4146 6408
1213 460 1399 528 ὛῙΤΑ
1442 461 1506 527 S.
1552 459 1979 528 ATHANASII
2021 464 2367 531 iNCERTO
2411 462 2801 532 AUCTORE.

3422 477 3711 533 CLXXXVII

304 616 397 663 τος
430 616 441 632 ·
476 590 555 655 ἔτι
610 593 715 674 γὰρ
774 594 966 661 αὐτους
1042 595 1319 671 ἀμυητους
1381 595 1515 650 εἶναι
1571 591 1865 673 προλαϐὼν
1926 597 1953 650 6

2082 596 2658 670 lantem,parentibus
2678 602 2999 675 tradit,quo
3041 600 3253 659 litteris
3310 602 3513 659 statim
3555 601 3715 659 addi-

306 688 469 766 λόγος
504 686 778 761 ἐδήλωσεν
816 707 827 719 ·
863 686 1017 742 αὐτὸν
1066 683 1122 741 δὲ
1170 688 1505 755 Ἀθανάσιον,
1538 688 1599 740 τὸ
1647 685 1821 760 γλυκὺ
1850 692 1952 755 τῆς

304 781 501 857 ἀρετῆς
556 776 734 847 ἄνθος,
790 778 851 831 τὸ
904 777 1128 852 τερπνὸν
1191 775 1399 846 ἐκείνης
1460 777 1620 853 φυτὸν
1658 821 1671 845 ,

300 869 535 946 ὡρίμοις
574 867 735 944 βρύον
786 873 1014 942 καρποῖς
1063 871 1159 921 τοῦ
1206 866 1511 939 πνεύματος
1560 866 1648 920 καὶ
1698 866 1803 939 πρὸ
1848 871 1949 933 τῆς

1726 773 1834 845 ἤδη
1892 796 1951 829 τε

2062 687 2293 743 scendis
2326 690 2489 744 daret
2521 707 2780 762 operam,
2813 697 2988 764 atque
3038 692 3276 750 adultus
3329 693 3440 748 sibi
3499 692 3711 747 iterum

2060 776 2479 844 oii‘erretur,vel
2511 779 2705 851 potius
2753 780 3019 837 Ecclesiae
3074 787 3249 852 atque
3308 782 3446 847 Deo,
3506 798 3714 853 quem-

2059 866 2399 932 admodum,
2432 866 2640 936 aiebat,
2671 870 2839 925 Anna
2869 870 3219 927 Samuelem.

302 958 447 1035 ὥρας
485 1003 499 1029 ,
559 952 899 1029 παραδίδωσι
954 961 1071 1017 τοῖς
1130 960 1412 1025 τεκοῦσιν,
1475 954 1613 1009 ὥστε
1669 956 1956 1029 γράμμασι
2010 953 2147 1014 τέως
2214 952 2371 1007 αὐτὸν
2442 952 2705 1026 ἐκπονεῖν,
2751 957 2826 1017 εἷς
2893 955 3111 1026 ἡλικίαν
3174 956 3231 1012 δέ
3270 957 3495 1028 ἥκοντα,
3537 955 3706 1012 πάλιν

300 1048 447 1120 αὐτῷ
502 1047 593 1102 τὸν
652 1043 820 1100 παῖδα
891 1051 1255 1121 προσαγαγεῖν
1292 1092 1306 1117 ,

304 1135 597 1211 Σαμουήλ.

376 1230 429 1284 3.
464 1226 616 1281 Οὕτω
687 1228 977 1299 τοιγαροῦν
1052 1225 1387 1295 Ἀθανάσιος,
1448 1229 1564 1285 τοῖς
1630 1223 1796 1284 θείοις
1854 1222 1950 1297 ἐμ-

308 1315 611 1391 μελετήσας
704 1314 983 1387 μαθήμασι
1076 1312 1166 1366 καὶ
1250 1333 1371 1367 τινα
1460 1317 1566 1367 τῶν
1646 1311 1947 1387 ἐγκυκλίων

302 1407 565 1475 ἀσκήσας,
596 1400 704 1473 ἤδη
758 1400 815 1457 δὲ
849 1402 939 1457 καὶ
970 1404 1067 1471 τὴν
1126 1400 1347 1470 ἠλικίαν
1398 1396 1679 1476 πρόσηϐος
1732 1399 1827 1472 ὢν,
1874 1405 1951 1472 τῷ

302 1496 551 1571 ἀρχιερεῖ
607 1490 771 1548 πάλιν
822 1492 897 1565 (a)
940 1492 1042 1546 ὑπὸ
1092 1496 1199 1546 τῶν
1258 1490 1519 1546 τεκόντων
1569 1492 1947 1567 προσάγεται.

296 1589 354 1638 Ὀ
408 1582 512 1657 δὲ,
572 1587 762 1637 τοῦτον
825 1581 1070 1653 ἀσμένως
1131 1578 1418 1653 δεξάμενος
1471 1576 1611 1653 (ᾔδει
1674 1583 1777 1655 γὰρ
1836 1582 1948 1633 οἷον

303 1667 450 1728 ἔσται
506 1675 628 1732 ταῖς
704 1667 1052 1737 Ἐκκλησίαις
1131 1669 1325 1743 ἀγαθὸν
1404 1670 1742 1739 Ἀθανάσιος)
1778 1713 1790 1737 ,
1850 1671 1948 1737 τήν

301 1762 581 1838 ἱερατικὴν
630 1758 777 1831 αὐτῷ
835 1744 1037 1827 στολὴν
1095 1757 1422 1832 περιτίθησι,
1481 1759 1570 1812 καὶ
1626 1764 1704 1830 τῷ
1755 1757 1951 1833 κλήρῳ

301 1847 737 1925 συγκαταλέγει,
796 1847 885 1900 τὸν
937 1844 1230 1922 σύμμαχον
1279 1852 1395 1908 τοῖς
1457 1847 1801 1922 ἀγωνισταῖς,
1860 1847 1949 1901 τὸν

302 1940 523 2017 ἀριστέα
578 1941 647 2011 τῇ
711 1935 1021 2039 παρατάξει.
1086 1933 1279 1989 Πολλὰ
1499 1936 1590 2039 οκῦν
1651 1936 2032 2039 ’λδθανασίῳΒ

297 2034 407 2084 τῶν
458 2027 676 2104 τρόπων
734 2024 1208 2097 πλεονεκτήματα,
1268 2023 1454 2079 πολλά
1512 2023 1569 2079 δὲ
1621 2026 1709 2080 καὶ
1767 2025 1949 2100 λόγων

298 2119 569 2193 θαυμάσαι
644 2114 765 2186 ἄξια
830 2115 1229 2190 κατορθώματα
1304 2116 1375 2168 ὧν
1437 2112 1590 2169 οὐδὲν
1662 2114 1805 2170 οὕτω
1861 2116 1951 2169 τὸν

302 2205 469 2284 ἄνδρα
518 2206 794 2282 γνωρίζει,
849 2205 925 2266 ὡς
970 2205 1021 2258 οἱ
1076 2205 1199 2277 περὶ
1260 2208 1367 2258 τῶν
1430 2204 1602 2281 ὀρθῶν
1664 2202 1951 2279 δογμάτων

308 2299 540 2372 ἀγῶνες,
598 2296 688 2351 καὶ
740 2296 807 2348 τὰ
863 2295 999 2348 κατά
1054 2301 1155 2362 τῆς
1224 2288 1468 2355 ἀσεϐείας
1523 2293 1881 2367 νεανιεύματα
1939 2312 1951 2325 ·

309 2387 445 2461 ἅπερ
497 2386 739 2459 ἀριθμεῖν
784 2384 958 2437 πάντα
1006 2382 1127 2453 ἑξῆς
1178 2381 1373 2452 ἐπίσης
1413 2382 1523 2437 ἐστὶ
1566 2382 1655 2437 καὶ
1698 2380 1955 2444 κοτύλαις

306 2472 458 2549 ὕδωρ
516 2471 789 2541 θαλάσσης
848 2474 1204 2547 ἆναμετρεῖν.
1266 2469 1419 2525 Ἀλλ’
1475 2475 1611 2543 ἡμῖν
1673 2493 1735 2547 γε
1794 2470 1959 2546 ὀλίγα

308 2565 529 2625 πάντως
586 2566 693 2615 τῶν
754 2560 957 2616 ἐκείνου
1024 2558 1369 2636 παραλητέον
1434 2579 1445 2592 ⁸
1507 2560 1686 2635 ὥσπερ
1739 2562 1842 2637 γὰρ
1898 2562 1960 2615 τὸ

308 2654 484 2709 πάντα
524 2649 752 2707 διελθεῖν
798 2648 1081 2719 ἀδύνατον,
1132 2646 1275 2704 οὕτω
1316 2648 1479 2704 πάλιν
1531 2651 1593 2703 τὸ
1640 2651 1813 2705 πάντα
1861 2671 1956 2704 κα-

306 2741 557 2797 ταλιπεῖν
610 2744 903 2818 προφανῶς
954 2737 1159 2812 ἄδικον,
1210 2738 1299 2792 καὶ
1349 2739 1690 2816 φθονούντων
1746 2736 1957 2812 μᾶλλον

309 2833 345 2901 ἢ
380 2830 685 2907 χαιρόντων
718 2835 833 2891 τοῖς
881 2829 1101 2903 ἀγαθοῖς
1150 2826 1311 2883 ἴδιον.
1345 2825 1579 2882 Ἐλύσσα
1614 2829 1706 2901 μέν
1742 2830 1959 2902 Ἀρειος

312 2922 341 2975 ὁ
373 2918 549 2982 πολὺς
576 2920 674 2989 τήν
731 2917 922 2991 μανίαν
968 2917 1060 2971 καὶ
1098 2918 1267 2971 πάσαν
1319 2914 1529 2971 ἐκλόνει
1576 2919 1675 2986 τήν
1726 2914 1957 2987 Ἐκκλη-

311 3009 455 3081 σίαν,
505 3006 614 3078 ἤδη
678 3006 735 3063 δὲ
795 3008 887 3062 καὶ
938 3008 1037 3075 τὴν
1098 3006 1422 3079 οἰκουμένην
1479 3005 1667 3079 αὐτὴν,
1726 3007 1815 3060 καὶ
1875 3003 1964 3060 διὰ

310 3100 526 3154 πάντων
586 3100 622 3166 ἡ
682 3096 845 3151 κακία
897 3094 1135 3172 ἐχώρει,
1194 3095 1282 3149 καὶ
1342 3094 1466 3168 ὅρον
1527 3095 1693 3164 αὐτῆς
1759 3094 1963 3155 ἐκεῖνος

312 3184 503 3243 οὐδένα
560 3184 687 3242 οὐδὲ
742 3185 928 3260 καιρὸν
989 3183 1223 3239 ἐποιεῖτο
1261 3203 1273 3214 ·
1326 3180 1471 3237 ἀλλὰ
1526 3185 1615 3238 καὶ
1672 3183 1962 3259 ὗπερορὶαν

309 3277 694 3352 κατακριθεὶς,
752 3273 841 3328 καὶ
896 3280 997 3342 τῆς
1055 3276 1151 3327 τοῦ
1226 3276 1460 3348 Χριστοῦ
1524 3269 1744 3349 μερίδος
1804 3271 1963 3341 ἐκκη-

2443 1047 2470 1056 ιν

1379 1052 1444 1113 τῆ
1519 1042 1821 1115 Ἐκκλησία
1879 1041 1935 1098 δὲ
1980 1039 2190 1116 μᾶλλον
2259 1042 2348 1096 καὶ
2404 1047 2483 1114 τῷ
2549 1048 2683 1115 Θεῷ,
2751 1046 2904 1114 καθά,
2974 1047 3129 1123 φησὶ,
3188 1048 3276 1101 καὶ
3316 1050 3350 1115 ἡ
3414 1052 3583 1101 ’Ἅννα
3618 1047 3710 1100 τὸν

2132 1224 2186 1277 3.
2217 1226 2409 1293 Atque
2436 1223 2521 1278 ita
2545 1224 2902 1281 Athanasius
2927 1225 2988 1281 in
3012 1226 3224 1282 divinis
3258 1226 3563 1282 institutus
3613 1226 3709 1281 lit-

2059 1311 2224 1380 teris,
2254 1311 2583 1368 liberalium
2616 1331 2848 1386 quoque
2878 1314 3322 1387 disciplinarum
3345 1315 3711 1401 aliquantum

2061 1401 2322 1468 edoctus,
2356 1417 2489 1456 cum
2523 1402 2865 1459 adolescens
2897 1405 3024 1475 jam
3072 1409 3245 1472 esset,
3279 1405 3712 1477 archiepiscopo

2062 1488 2277 1544 iterum
2310 1491 2621 1546 adducitur
2653 1509 2685 1547 a
2715 1493 3268 1563 parentibus.Quem
3313 1492 3410 1548 ille
3466 1493 3716 1549 libenter

2060 1582 2561 1650 exceptum(norat
2582 1581 2739 1636 enim
2759 1581 2929 1652 quale
2952 1586 3363 1653 quantumque
3379 1583 3599 1637 bonum
3615 1584 3717 1637 Ec-

2062 1666 2254 1722 clesiis
2277 1668 2422 1723 foret
2445 1669 2995 1742 Athanasius)sacra
3015 1671 3206 1726 induit
3228 1670 3581 1742 stola,atque
3602 1670 3713 1726 cle-

2061 1771 2125 1811 ro
2155 1760 2933 1831 annumerat,pugnantibus
2976 1759 3714 1831 scilicetcommilitionem,

2062 1844 2119 1899 in
2136 1846 2343 1901 castris
2385 1851 2691 1902 strenuum
2725 1848 3047 1904 hominem.
3080 1849 3262 1904 Multa
3298 1848 3498 1920 itaque
3537 1849 3715 1903 Atha-

2063 1933 2213 1988 nasii
2246 1942 2411 1989 erant
2441 1936 2587 1991 bene
2610 1937 2819 1992 morati
2877 1937 3134 1993 hominis
3157 1942 3309 1993 recte
3332 1942 3498 2010 gesta
3521 1955 3534 1993 :
3560 1937 3717 1993 mul-

2062 2027 2123 2078 ta
2152 2024 2902 2098 verborum,mirabiliaque
2931 2026 3561 2099 documentazquorum
3586 2025 3719 2083 nul-

2065 2112 2119 2168 lo
2151 2113 2234 2168 ita
2264 2114 2578 2185 praeclarus
2603 2114 2945 2187 efficitur,ut
2976 2116 3048 2171 iis
3082 2133 3211 2188 quae
3235 2134 3390 2172 sanis
3424 2133 3603 2171 causa
3622 2118 3720 2172 do-

2066 2199 2265 2255 ctrinae
2295 2202 2478 2257 subiit
2508 2204 3134 2275 certaminibus,atque
3167 2205 3367 2260 arduis
3398 2209 3599 2260 contra
3614 2205 3720 2260 im-

2068 2289 2345 2360 pietatem
2377 2292 2755 2362 pugnis.Quaa
2786 2293 2983 2347 omnia
3014 2292 3217 2348 ordine
3248 2311 3545 2350 recensere
3588 2311 3717 2366 per-

2069 2378 2203 2434 inde
2234 2379 2406 2435 fuerit
2438 2386 2610 2451 atque
2639 2382 2844 2453 cotylis
2876 2399 3090 2453 aquam
3123 2382 3303 2437 maris
3353 2383 3563 2438 metiri.
3606 2383 3716 2438 bed

2070 2469 2238 2523 nobis
2261 2473 2457 2524 tamen
2481 2487 2665 2541 pauca
2687 2475 2824 2525 sunt
2855 2472 3719 2537 enarranda.0uemadmodum

2069 2558 2225 2613 enim
2259 2559 2457 2613 omnia
2487 2560 2771 2615 recenseri
2805 2568 3120 2632 nequeunt,
3154 2560 3237 2615 sic
3261 2578 3495 2617 rursum
3522 2561 3722 2617 omnia

2069 2648 2509 2718 pratermittere
2539 2648 2711 2721 plane
2742 2654 2898 2705 esset
2926 2649 3221 2722 iniquum,
3272 2651 3724 2723 invidorumque

2071 2737 2261 2809 magis
2283 2754 2460 2808 quam
2494 2738 2662 2794 bonis
2685 2738 2891 2795 alienis
2914 2741 3576 2813 gaudentium.Furebat
3592 2746 3721 2797 tum

2070 2825 2247 2880 Arius
2277 2825 2533 2898 ingentis
2563 2828 2806 2882 insaniae
2855 2828 3052 2897 homo,
3088 2833 3393 2902 totamque
3441 2829 3720 2902 agitabat.

2070 2913 2536 2983 Ecclesiam,imo
2560 2932 2694 2971 vero
2726 2917 2921 2988 ipsum
2952 2918 3175 2990 orbem,
3199 2934 3265 2972 ac
3324 2919 3542 2991 ubique
3599 2935 3725 2973 ma-

2073 3002 2200 3058 litia
2225 3005 2696 3075 permeabat,nec
2727 3006 2885 3062 ullus
2917 3011 3042 3062 erat
3072 3008 3201 3078 ejus
3232 3008 3542 3077 terminus,
3577 3012 3723 3063 tem-

2074 3092 2231 3164 poris
2262 3092 2409 3147 ratio
2442 3092 2620 3149 nulla.
2655 3095 2765 3150 Sed
2820 3094 3023 3151 exsilio
3062 3096 3398 3162 damnatus,
3423 3099 3597 3167 atque
3644 3114 3726 3151 ex

2074 3181 2289 3238 Christi
2321 3183 2587 3254 partibus
2618 3184 3003 3255 proscriptus,
3040 3202 3106 3240 ac
3134 3201 3281 3256 pene
3302 3184 3724 3241 semimortuus

2074 3269 2173 3326 ille
2202 3271 2397 3339 draco,
2434 3272 2622 3326 cauda
2664 3272 3009 3344 palpitabat,
3060 3290 3127 3328 ac
3174 3277 3488 3330 sectatores
3547 3273 3725 3328 disci-

313 3345 555 3443 ρυχθεῖς,
587 3364 678 3418 καὶ
724 3361 915 3443 σχεδὸν
966 3362 1241 3443 ἡμιθανὴς
1276 3345 1427 3433 ν(ὺ)ὁ
1478 3345 1687 3443 δράκων
1737 3361 1962 3443 γενόμε-

2082 3357 2361 3431 pulosque
2390 3360 2737 3416 concitabat.
2770 3365 2990 3416 Horum
3031 3360 3212 3432 igitur
3260 3358 3442 3433 'opera
3487 3361 3718 3433 pietatis

310 3439 428 3516 νος,
468 3442 689 3520 ἕσπαιρε
733 3448 811 3514 τῷ
858 3441 1055 3518 ούρέῳ,
1103 3442 1193 3496 καὶ
1238 3446 1354 3503 τοῖς
1407 3441 1705 3519 ὁμόφροσιν
1740 3439 1961 3496 ἐσάλευε

319 3537 607 3610 μαθηταῖς.
643 3534 741 3588 Διὰ
766 3530 972 3587 τούτων
1024 3529 1114 3586 οὖν
1166 3531 1256 3585 καὶ
1303 3531 1392 3585 τὸν
1448 3532 1614 3607 μέγαν
1662 3532 1761 3601 τὴν
1814 3530 1961 3585 εὐσέ-

314 3620 464 3680 ϐειαν
515 3628 915 3677 Κωνσταντῖνον
967 3620 1028 3675 τὸ
1085 3619 1224 3695 μέγα
1270 3619 1529 3698 φρόνημα
1574 3620 1913 3696 συναρπάσας
1947 3636 1961 3651 ⁸

315 3711 470 3769 οὐδὲν
531 3712 634 3786 γὰρ
696 3708 870 3771 οὕτως
929 3709 1004 3770 ὡς
1064 3705 1319 3785 ἐλευθέρα
1394 3709 1546 3784 ψυχὴ
1608 3709 1745 3783 πρὸς
1803 3706 1963 3763 δόλον

316 3803 625 3858 ἀνύποπτον
660 3818 673 3833 ⁸
704 3800 795 3853 τὸν
833 3795 1059 3873 βασιλέα
1101 3802 1390 3873 τοιγαροῦν
1442 3797 1625 3875 ὅρκοις
1665 3798 1756 3853 καὶ
1787 3798 1966 3875 γράμ-

321 3912 455 3966 μασι
485 3887 629 3944 πολὺ
678 3887 742 3942 τῦ
796 3885 1080 3962 ἐπαγωγόν
1129 3907 1190 3941 τε
1231 3886 1322 3941 καὶ
1368 3888 1591 3943 πιθανὸν
1646 3882 1833 3964 ἔχουσι
1883 3884 1971 3941 διὰ

311 3984 427 4035 τῶν
460 3978 626 4034 αὐτοῦ
662 3978 940 4051 μαθητῶν,
973 3977 1008 4045 ἢ
1042 3973 1382 4032 διδασκάλων
1434 3975 1648 4050 μᾶλλον
1697 3984 1799 4047 τῆς
1850 3977 1968 4035 ἀσε-

315 4064 471 4130 ϐείας
530 4067 620 4123 καὶ
677 4067 984 4139 νομοθετῶν
1046 4066 1416 4144 ὑποφθείρας,
1472 4067 1562 4121 καὶ
1632 4067 1694 4121 τὸ
1771 4066 1971 4121 οἰκεῖον

318 4157 507 4233 δόγμα
560 4155 866 4229 ἐκθέμενος,
921 4154 1127 4230 ῥήμασι
1177 4155 1269 4227 μέν
1321 4152 1527 4228 ψιλοῖς,
1578 4155 1667 4209 καὶ
1717 4155 1862 4227 αὐτῷ
1898 4161 1976 4227 τῷ

320 4248 554 4302 ἀκοῦσαι
585 4244 797 4319 ὁμοίως
843 4240 986 4319 ἔχων
1040 4240 1196 4313 δῆθεν
1244 4248 1322 4315 τῶ
1369 4244 1645 4317 ἡμετέρῳ,
1695 4246 1978 4320 πράγμασι

321 4334 405 4403 δὲ,
461 4334 551 4389 καὶ
604 4333 801 4409 γνώμῃ
858 4332 948 4387 καὶ
1006 4337 1125 4393 ταῖς
1181 4330 1232 4387 έν
1294 4332 1443 4407 βάθει
1514 4329 1775 4394 διανοίαις
1836 4334 1980 4403 παρὰ

317 4423 470 4481 πολὺ
522 4419 784 4495 διεστώς,
828 4422 996 4493 ταύτῃ
1042 4421 1141 4489 τὴν
1190 4421 1294 4475 ἀπὸ
1345 4427 1448 4490 τῆς
1507 4421 1796 4497 ὑπερορίας
1851 4423 1982 4476 ἀνά-

318 4512 523 4583 κλησιν
554 4532 701 4587 πραγ
711 4509 1021 4584 ματεύεται.’

400 4607 451 4660 4.
488 4601 643 4656 Οὕτω
713 4598 770 4655 δὲ
816 4603 895 4671 τῷ
948 4603 1129 4675 μιαρῷ
1178 4598 1367 4671 ἐκείνῳ
1428 4600 1527 4668 τὴν
1586 4597 1983 4677 Ἀλεξανδρέων

2069 3447 2509 3520 prudentiaeque
2527 3449 2777 3522 insignis
2793 3450 2985 3504 virum
3003 3450 3442 3505 Constantinum
3460 3450 3570 3505 sibi
3589 3467 3721 3506 con-

2071 3536 2466 3593 ciliavit.Nihil
2487 3537 2644 3593 enim
2673 3555 2857 3610 teque,
2904 3557 2970 3595 ac
3012 3538 3270 3594 liberalis
3319 3539 3536 3610 anima,
3571 3538 3720 3595 dolis

2073 3628 2163 3681 est
2200 3626 2525 3681 incautum.
2584 3626 3019 3699 Imperatorem,
3074 3627 3336 3698 inquam,
3369 3627 3722 3698 juramentis

2074 3713 2401 3785 litterisque
2423 3715 2676 3771 multum
2708 3716 3136 3787 probabilitatis
3164 3716 3730 3772 verisimilitudinis-

2078 3819 2191 3875 que
2218 3803 2572 3860 habentibus
2601 3821 2705 3876 per
2735 3804 3058 3877 discipulos
3088 3809 3349 3876 suos,aut
3375 3805 3571 3877 potius
3610 3821 3732 3860 ma-

2080 3893 2411 3967 gistros,vel
2432 3893 2795 3966 legislatores
2827 3895 3208 3950 circumvenit
3240 3912 3251 3949 :
3288 3910 3512 3966 suaque
3560 3910 3734 3966 expo-

2082 3981 2194 4037 sita
2215 3983 2697 4051 doctrina,verbis
2730 3983 2930 4055 utique
2963 3983 3355 4055 simplicibus,
3381 4000 3507 4055 quae
3546 3982 3738 4054 primo

2086 4070 2324 4142 quidem
2357 4072 2563 4126 auditu
2597 4076 2809 4127 nostrae
2826 4071 3101 4129 doctrinae
3129 4072 3333 4127 affinis
3364 4077 3735 4144 apparerent,

2086 4176 2147 4214 re
2164 4164 2361 4215 tamen
2395 4165 2571 4231 atque
2591 4160 2806 4217 latente
2828 4161 3129 4217 intellectu
3154 4177 3220 4217 ac
3240 4159 3528 4217 sententia
3557 4172 3737 4232 qnam

2090 4248 2342 4303 maxime
2371 4249 2808 4319 diﬂ'errent,hac
2830 4249 2926 4305 ille
2944 4253 3065 4305 arte
3086 4249 3199 4306 sibi
3225 4249 3297 4305 ab
3318 4247 3521 4305 exsilio
3549 4265 3736 4305 rever-

2092 4336 2315 4393 sionem
2339 4341 2524 4409 parat.

2169 4606 2220 4659 4.
2255 4609 2398 4661 Cum
2431 4603 2706 4660 scelerato
2734 4604 2933 4676 itaque
2962 4604 3062 4661 illo
3092 4604 3153 4659 in
3204 4620 3485 4677 magnum
3548 4602 3741 4675 reipu-

324 4693 418 4748 ἐπὶ
474 4694 625 4762 κακῷ
679 4694 776 4744 τοῦ
830 4693 1014 4743 κοινοῦ
1071 4687 1161 4742 καὶ
1215 4694 1315 4757 τῆς
1374 4686 1697 4759 Ἐκκλησίας
1747 4687 1983 4745 καταλα-

2098 4693 2259 4749 διίοεθ
2292 4696 2348 4748 et
2376 4692 2643 4748 Ecclesiae
2678 4692 2901 4749 malum
2942 4693 3354 4750 Alexandriam
3412 4693 3745 4761 invadente,

323 4776 481 4838 ὅόντι
539 4781 567 4834 6
624 4778 845 4855 στερρὸς
923 4775 1161 4846 ὁπλίτης
1217 4782 1489 4853 Χριστοῦ,
1552 4780 1580 4832 ὁ
1639 4784 1747 4833 τῶν
1810 4779 1983 4853 ὀρθῶν

328 4869 625 4947 δογμάτων
656 4868 747 4922 καὶ
793 4873 896 4936 τῆς
948 4861 1220 4929 εὐσεϐείας
1275 4869 1675 4942 προασπιστής,
1735 4869 1763 4922 ὁ
1818 4869 1987 4943 μέγας

330 4960 489 5022 εὐθὺς
539 4953 916 5036 προσέϐαλλεν
971 4958 1314 5024 Ἀθανάσιος,
1355 4958 1446 5011 καὶ
1495 4956 1669 5019 πολὺς
1737 4959 1802 5027 ἦν
1858 4959 1991 5012 ὑπο-

327 5054 497 5107 κινῶν
542 5049 635 5105 τὸν
696 5047 957 5124 ἀρχιερέα
1011 5046 1101 5101 καὶ
1157 5047 1293 5121 πρὸς
1350 5047 1441 5101 τὸν
1502 5048 1617 5101 κατ’
1677 5047 1841 5102 αὐτοῦ
1889 5048 1989 5102 πό-

332 5137 507 5213 λεμον
560 5136 841 5212 διεγείρων
896 5136 1236 5209 στρατηγὸν,
1285 5136 1523 5210 καθάπερ
1570 5155 1653 5197 τις
1704 5137 1994 5210 ὑπερασπι-

336 5230 473 5298 στὴς
506 5230 578 5301 (ο)
618 5224 997 5301 γενναιότατος
1032 5243 1045 5256 ·
1077 5223 1282 5295 ἠξίωτο
1327 5224 1430 5299 γὰρ
1478 5222 1588 5295 ἤδη
1637 5225 1727 5279 καὶ
1758 5231 1854 5281 τοῦ
1884 5231 1992 5281 τῶν

335 5315 743 5396 ἀρχιδιακόνων
796 5315 1007 5391 βαθμοῦ
1054 5314 1144 5368 καὶ
1190 5319 1291 5383 τῆς
1339 5313 1540 5383 τάξεως
1576 5335 1588 5349 ο
1624 5313 1705 5393 ἐφ’
1753 5315 1835 5377 οἷς
1878 5315 1995 5371 ἐτα-

341 5407 567 5485 ράττετο
601 5405 697 5479 μὶν
736 5401 1041 5481 Αῗγυπτος,
1076 5401 1393 5478 ἐταράττετο
1445 5399 1502 5457 δὲ
1542 5408 1647 5457 πᾶν
1698 5401 1821 5459 ὅσον
1872 5405 1997 5482 περὶ

415 5587 497 5661 (a)
527 5586 623 5645 Sic
653 5585 884 5644 codices
916 5600 1122 5642 omnes
1151 5600 1295 5641 mss.
1321 5582 1470 5639 Editi
1500 5584 1836 5657 vero,male,
1860 5585 2002 5642 Ηαύ-

345 5656 497 5857 ληὲδ)
526 5730 668 5803 Reg.
702 5734 761 5786 et
788 5726 1044 5788 Golbert.
1077 5730 1131 5797 2,
1169 5725 1430 5799 ἡμιθνής.
1464 5727 1594 5785 Mox
1624 5730 1657 5783 3
1714 5746 1857 5789 mss.
1908 5728 2000 5784 ού-

345 5821 414 5857 βα
442 5823 512 5857 ω.

344 5821 512 5880 paup.

2098 4786 2376 4839 strenuus
2405 4781 2616 4837 Christi
2648 4782 2838 4853 miles,
2872 4800 3026 4838 sanae
3069 4782 3345 4839 doctrinm
3403 4799 3470 4839 ac
3518 4781 3750 4855 pietatis

2099 4873 2392 4938 defensor,
2429 4888 2680 4943 magnus
2710 4872 3062 4929 Athanasius
3093 4872 3294 4928 statim
3337 4870 3748 4944 congreditur:

2101 4961 2445 5033 multusque
2465 4965 2589 5015 erat
2622 4960 2681 5015 in
2713 4961 3060 5017 concitando
3093 4960 3627 5033 archiepiscopum,
3680 4959 3753 5014 ad

2103 5050 2300 5122 ipsum
2322 5050 2529 5104 ducem
2561 5050 2633 5104 ad
2667 5049 2886 5106 bellum
2916 5050 3287 5106 inferendum
3311 5050 3598 5113 movebat,
3650 5064 3753 5103 ceu

2105 5140 2344 5210 quidam
2378 5139 2871 5211 generosissimus
2918 5139 3362 5212 antesignanus.
3409 5139 3543 5193 Jam
3598 5137 3756 5192 enim

2108 5228 2504 5284 archidiaconi
2535 5228 2785 5299 gradum
2817 5232 2943 5285 erat
2973 5228 3024 5284 ei
3055 5228 3320 5283 ordinem
3379 5229 3755 5282 consecutus.

2107 5318 2186 5373 Iis
2218 5315 2674 5389 perturbabatur
2696 5315 3538 5389 Egyptusﬁumultuabantur
3585 5314 3761 5371 Euse-

2107 5406 2289 5477 biani,
2323 5404 2675 5461 contentiosi
2706 5422 3012 5478 pravaeun
3042 5406 3314 5461 doctrinae
3345 5403 3640 5469 homines,
3661 5402 3760 5473 qui

2182 5585 2251 5657 (ο)
2283 5584 2671 5657 Omnes_ms_s.
2725 5577 3002 5655 διεγείρων
3057 5581 3297 5657 καθάπερ
3349 5578 3765 5657 τις-,στατηγᾼὸν

2113 5650 2680 5729 ὗπᾲάπὲσξτήῆΡαυιο
2727 5650 3056 5729 paeanas.
3112 5652 3191 5729 ἐφ’
3244 5650 3763 5729 οἷς,Ε(1ἰῐὶ,ἐφ’ἧς,

2114 5727 2429 5785 malc.Mox
2460 5725 2598 5796 Reg.
2629 5721 2754 5801 περί
2788 5721 3073 5781 εὐσέοειαν,
