4146 6378
419 462 731 514 CLXXXVIII

1816 441 2432 509 PROLEGOMENA.

419 587 547 642 tum
569 581 940 656 imperatoris
953 581 1384 655 simplicitatem
1403 581 1614 637 litteris
1634 581 2066 638 circumvenere

2194 575 2438 636 Ξΰσὲϐιον
2488 581 2576 654 ἧν,
2630 579 2934 660 φιλόνεικόν
2975 601 3033 636 τε
3080 579 3169 637 καὶ
3221 576 3554 661 ὲτερόδοξον,
3593 576 3826 659 ἔγραφόν

422 672 929 731 suisAthanasius
960 689 1130 744 porro
1164 689 1276 727 non
1296 673 1412 727 otio
1442 672 1685 727 vacabat
1711 697 1724 737 ;
1746 673 1846 726 sed
1871 671 2073 742 lingua

425 777 721 834 manuque
752 766 986 818 strenue
1018 763 1309 831 utebatur,
1335 779 1400 816 ac
1431 779 1546 816 una
1567 778 1700 815 cum
1723 761 2070 825 Alexandro,

427 868 544 908 non
578 851 842 908 cessabat
872 851 1150 922 epistolas
1207 851 1279 906 ad
1339 851 1750 922 imperatorem
1820 851 2070 916 mittere,

429 941 646 1014 quibus
677 957 815 995 sane
840 941 1106 1010 asperius
1139 945 1408 1012 argueret
1465 941 1592 1009 ejus
1650 941 1706 994 in
1768 939 2075 994 audiendis

427 1029 622 1102 pravi's
652 1028 990 1085 hominibus
1020 1030 1453 1100 simplicitatem
1491 1031 1663 1100 :quod
1692 1030 1911 1084 scilicet
1940 1045 2073 1084 eum

427 1119 529 1190 qui
561 1117 738 1174 semel
769 1124 988 1173 rectam
1021 1119 1486 1174 Christianorum
1521 1122 1693 1174 tidem
1745 1119 2073 1190 abjecisset,

426 1223 492 1264 ac
521 1223 589 1263 ea
617 1208 688 1263 de
715 1224 891 1263 causa
922 1208 1092 1263 aDeo
1142 1215 1198 1263 et
1247 1227 1281 1262 a
1337 1210 1560 1264 cunctis
1609 1209 1872 1280 patribus
1944 1225 2077 1280 pro-

427 1297 682 1368 scriptus
711 1301 888 1363 esset,
912 1298 1040 1368 ejus
1102 1298 1399 1370 ﬁgmentis
1440 1298 1773 1370 fabulisque
1828 1297 2075 1352 circum-

425 1391 657 1452 ventus,
692 1385 1046 1455 admitteret,
1081 1393 1436 1459 patrumque
1467 1390 1766 1458 terminos,
1800 1387 1883 1442 uti
1935 1387 2076 1443 scri-

428 1479 597 1546 ptum
627 1480 716 1530 est
747 1475 1072 1542 ‘,immotos
1106 1476 1228 1547 ipse
1261 1483 1531 1532 moveret.
1557 1478 1732 1536 Tum~
1764 1477 2080 1548 imperator

428 1561 607 1619 talem
639 1563 1108 1636 objurgationem
1151 1582 1266 1620 non
1299 1566 1595 1621 moderate
1619 1567 1831 1632 ferens,
1873 1566 1973 1620 sed
2007 1565 2079 1620 ab

431 1652 686 1708 Eusebio
717 1658 775 1708 et
805 1653 980 1708 sociis
1007 1669 1306 1721 accensus,
1328 1671 1530 1726 aspere
1563 1656 1823 1726 dureque
1840 1671 2079 1726 respon-

433 1741 953 1811 det,comminatus
984 1743 1408 1814 depositionem
1441 1744 1554 1800 nisi
1585 1762 1786 1800 eorum
1804 1745 2082 1800 doctrinae

434 1831 890 1903 acquiescerent.
939 1831 1054 1887 Hac
1095 1838 1290 1888 autem
1324 1851 1438 1890 non
1497 1835 1706 1906 agebat
1759 1834 1874 1901 ille,
1927 1833 2082 1905 quod

2181 690 2238 725 τε
2269 671 2404 744 πρὸς
2462 670 2706 746 βασιλέα,
2752 673 2840 727 καὶ
2894 673 3252 728 ὑπεποιοῦντο
3297 670 3460 726 αὐτοῦ
3507 672 3607 738 τῆν
3652 667 3825 725 ἁπλό-

2179 780 2336 828 τητα.
2373 761 2670 834 Ἀθανασίῳ
2703 761 2759 816 δὲ
2788 762 2886 816 οὐκ
2910 763 2976 831 ἦν
3011 764 3256 838 ἠρεμεῖν,
3295 758 3440 816 ἀλλά
3467 761 3556 814 καὶ
3605 758 3832 834 γλῶσσα

2182 849 2248 917 ἦν
2284 849 2448 920 αὐτῷ,
2481 851 2570 904 καὶ
2621 851 2744 926 χεὶρ
2797 850 3013 926 ἐνεργός
3049 869 3061 881 ο
3095 851 3182 904 καὶ
3232 850 3322 904 σὺν
3373 846 3714 924 Ἀλεξάνδρῳ
3742 850 3834 904 καὶ

2185 938 2345 1000 αὐτος
2395 939 2492 994 οὐκ
2549 936 2717 1014 ἔληγε
2774 944 2850 1011 (α)
2906 945 2985 1011 τῷ
3037 936 3253 994 ϐασιλεῖ
3314 937 3688 1006 ἐπιστέλλων,
3743 939 3834 993 καὶ

2185 1029 2500 1104 γράμμασιι
2549 1029 2715 1083 αὐτοῦ
2764 1028 3021 1099 πλήττων
3085 1029 3502 1104 αὐστηροτέροις
3550 1029 3650 1097 τῆν
3709 1028 3835 1103 περὶ

2183 1117 2310 1178 τοὺς
2371 1117 2768 1194 πολιωτέρους
2819 1118 3175 1194 ἀκεραιότητα
3209 1135 3220 1148 ·
3269 1118 3351 1172 ὅτι
3394 1118 3486 1171 τὸν
3541 1116 3677 1186 ἅπαξ
3732 1118 3836 1185 τὴν

2191 1206 2366 1280 ὀρθῶς
2410 1204 2638 1282 ἔχουσαν
2689 1212 2796 1262 τῶν
2850 1212 3184 1283 Χριστιανῶν
3250 1207 3579 1276 ἀθετήσαντα
3632 1205 3835 1277 πίστιν,

2186 1296 2274 1350 καὶ
2309 1298 2396 1350 ὑπ’
2438 1297 2601 1352 αὐτοῦ
2658 1302 2791 1351 Θεοῦ
2849 1298 2938 1350 καὶ
2995 1298 3209 1350 πάντων
3271 1300 3378 1350 τῶν
3439 1295 3693 1371 Πατὲρων
3751 1293 3837 1349 ἐκ-

2185 1387 2545 1462 κηρυχθέντα,
2579 1384 2888 1459 πλάσμασιν
2938 1383 3086 1447 αὖθις
3134 1386 3224 1439 καὶ
3278 1384 3467 1458 μύθοις
3520 1384 3837 1455 ἀπατηθεὶς,

2187 1473 2575 1550 παραδέχοιτο,
2635 1475 2724 1529 καὶ
2782 1473 2905 1548 ὅρια
2961 1474 3212 1548 ῐῖατέρων
3261 1473 3438 1542 κινοίη
3484 1475 3620 1528 κατὰ
3653 1473 3716 1527 τὸ
3747 1493 3839 1548 γε-

2189 1566 2503 1640 γραμμένον
2547 1565 2775 1634 ἀκίνητα
2811 1585 2822 1598 ·
2857 1562 2944 1618 ὅτε
2976 1561 3041 1632 δὴ
3093 1564 3181 1617 καὶ
3234 1560 3511 1636 βασιλεὺς,
3545 1561 3644 1617 οὐκ
3690 1561 3840 1637 ἐνεγ-

2189 1654 2297 1708 κὼν
2365 1654 2598 1727 μετρίως
2654 1655 2753 1722 τὴν
2814 1652 3150 1725 ἐπιτίμησιν,
3210 1649 3336 1705 ἀλλ’
3390 1652 3492 1706 ὑπὸ
3549 1656 3657 1706 τῶν
3716 1653 3841 1728 περὶ

2191 1738 2448 1798 Εὐσέϐιον
2509 1742 2789 1820 ἐξαφθεὶς,
2851 1741 3121 1816 αὐπηράς
3181 1737 3372 1795 δίδωσι
3428 1741 3518 1794 καὶ
3582 1741 3844 1818 τραχείας

2190 1834 2287 1894 τάς
2342 1832 2676 1909 ἀποκρίσεις,
2728 1829 3028 1902 ἀπειλήσας
3091 1829 3272 1891 αὐτοῖς
3339 1829 3429 1885 καὶ
3486 1831 3796 1905 καθαίρεσιν
3829 1875 3844 1900 ,

431 1919 521 1976 ira
550 1925 878 1976 commotus
908 1926 1188 1989 esset,aut
1219 1923 1520 1995 quidpiam
1544 1925 1699 1980 circa
1729 1924 1902 1979 ﬁdem
1925 1925 2083 1978 inno-

2194 1922 2239 1976 εἰ
2303 1923 2376 1994 μή
2435 1927 2552 1983 τοῖς
2616 1921 2804 1993 ἐκείνῳ
2861 1922 2938 1992 (b)
2996 1915 3349 1994 δεδογμένοις
3407 1918 3844 1998 ἐφησυχάσειαν.

431 2013 613 2075 varet,
673 2014 730 2065 et
785 2010 1184 2067 Arianismum
1245 2013 1722 2085 amplecteretur;
1773 2015 1874 2069 sed
1960 2012 2082 2068 zelo

431 2099 864 2171 permotus,qui
896 2105 1091 2157 tamen
1150 2118 1265 2156 non
1323 2108 1449 2158 erat
1505 2103 1832 2159 secundum
1890 2102 2080 2159 scien-

429 2187 596 2244 tiam:
630 2191 811 2260 utque
840 2187 1137 2246 videretur
1189 2206 1426 2263 operam
1479 2192 1638 2260 dare,
1705 2209 1778 2248 ne
1831 2191 2087 2248 Ecclesia

431 2275 887 2334 discinderetur.

502 2456 559 2512 5.
591 2456 920 2513 Alexander
949 2474 1067 2513 una
1087 2475 1222 2514 cum
1279 2459 1620 2529 Athanasio,
1670 2461 1960 2532 ejusmodi
2015 2462 2087 2516 ab

433 2544 783 2617 imperatore
811 2547 1064 2620 acceptis
1097 2547 1490 2619 litteris,brevi
1521 2554 1654 2622 post
1681 2556 1944 2621 tempore
1988 2567 2086 2605 su-

435 2637 682 2708 perstes,
715 2636 936 2707 optimo
966 2636 1120 2693 exitu
1153 2638 1328 2693 vitam
1361 2639 1526 2694 obiit.
1551 2640 1700 2694 Tum
1734 2638 2088 2694 Athanasius

437 2728 504 2781 ut
531 2740 784 2793 morum,
818 2726 904 2781 sic
932 2727 1130 2782 statim
1155 2729 1282 2798 ejus
1314 2727 1510 2783 throni
1570 2743 1875 2784 successor
1928 2727 2041 2782 fuit
2073 2746 2086 2794 ;

434 2813 731 2885 totiusque
752 2813 950 2886 populi
970 2815 1192 2871 calculo
1213 2815 1584 2888 episcopatus
1601 2815 1684 2871 illi
1701 2817 2092 2884 concreditur,

439 2902 684 2974 dignum
707 2919 848 2959 sane
877 2903 1014 2959 talis
1045 2905 1329 2976 unguenti
1352 2904 1679 2974 vasculum,
1714 2921 1962 2977 eamque
2001 2922 2091 2961 se-

440 2993 720 3058 dem,non
750 2997 818 3048 ut
847 2991 1121 3049 humanae
1152 2993 1349 3065 gratim
1369 3011 1538 3066 opus,
1571 2996 1671 3050 sed
1733 2999 1796 3050 ut
1843 2995 2092 3066 Spiritus

440 3082 748 3147 donum,et
776 3081 1011 3138 virtutis
1041 3087 1336 3139 certamen
1388 3084 1614 3140 habuit.
1682 3085 1833 3140 Tum
1890 3101 2094 3156 graves

439 3171 762 3243 impietatis
787 3173 1038 3244 patroni,
1071 3172 1400 3245 occultique
1441 3173 1795 3230 zizaniorum
1846 3179 2089 3241 satores,

438 3260 828 3332 ardentesque
856 3261 1090 3317 malitiae
1121 3262 1643 3334 ministri.paulum
1675 3263 1913 3334 quidem
1943 3268 2088 3318 tem-

449 3348 610 3422 poris
639 3349 882 3421 latuere,
915 3350 1060 3406 nihil
1091 3355 1409 3423 moventes,
1441 3351 1585 3407 nihil
1643 3351 2090 3420 tumultuantes,

449 3440 549 3494 sed
581 3439 869 3512 impetum
910 3441 1324 3513 reprimebant,
1382 3440 1720 3513 bellumque
1772 3440 2092 3496 Athanasio

445 3527 702 3587 indicere
729 3532 1398 3588 cunctabantur.Deinde
1427 3530 1584 3586 velut
1605 3534 1840 3602 accepta
1870 3547 1903 3584 a
1933 3529 2095 3585 mali-

445 3635 560 3692 gno
583 3620 685 3691 qui
717 3637 818 3676 eor
844 3636 1044 3677 eorum
1074 3620 1481 3693 alloquebatur
1537 3624 1777 3689 tesera,
1806 3623 2094 3690 partuque

447 3707 660 3765 anima:
679 3725 798 3765 suae
828 3709 1468 3782 erumpente,latentem
1504 3714 1676 3764 antea
1704 3709 1928 3779 aperire
1977 3725 2093 3764 ma-

442 3796 907 3864 litiam,insidias
935 3797 1020 3853 illi
1074 3815 1278 3870 parare
1334 3797 1750 3869 gravissimas:
1785 3797 2093 3869 virumque

442 3885 529 3942 illi
561 3886 892 3942 ccelestibus
923 3887 1170 3960 dignum
1228 3885 1644 3953 tabernaculis,
1695 3903 1810 3941 non
1879 3887 2090 3942 throno

442 3979 695 4046 tantum,
729 3977 829 4032 sed
861 3977 1006 4031 urbe
1036 3975 1212 4031 etiam
1245 3977 1455 4048 pellere
1485 3982 1789 4031 conantur.
1826 3975 1926 4031 Ille
1973 3977 2088 4031 im-

441 4067 787 4136 perterritus
818 4081 953 4120 cum
985 4064 1198 4120 Davide
1231 4064 1514 4136 psallere:
1549 4065 1610 4120 Si
1632 4067 1931 4120 consistant
1990 4067 2087 4121 ad-

439 4169 659 4210 versum
688 4170 773 4209 me
799 4162 999 4225 castra,
1021 4170 1132 4210 non
1159 4155 1370 4210 timebit
1399 4170 1492 4209 cor
1535 4171 1718 4209 meum
1738 4156 1779 4210 ².
1816 4154 2088 4228 Princeps

441 4244 842 4315 ponendarum
873 4243 1224 4299 insidiarum
1256 4249 1400 4314 erat,
1421 4243 1518 4316 qui
1549 4244 1674 4300 solo
1708 4245 1943 4301 nomine
1973 4247 2088 4317 pie-

437 4336 557 4387 tate
587 4332 866 4404 praaditus
899 4334 1028 4404 fuit,
1062 4335 1232 4406 cujus
1265 4349 1405 4389 sane
1436 4350 1626 4389 mores
1671 4333 1770 4388 tali
1828 4333 2082 4406 appella-

435 4419 579 4476 tioni
606 4422 858 4494 oppositi
889 4426 1072 4488 erant,
1108 4423 1415 4493 Eusebius,
1449 4423 1712 4494 inquam,
1765 4423 2085 4495 impietatis

436 4509 919 4567 instrumentum.
958 4510 1060 4567 Ille
1092 4511 1246 4566 enim
1279 4529 1413 4567 cum
1448 4511 1688 4567 asseclis
1717 4517 1960 4583 captans
1980 4512 2084 4566 im-

433 4601 718 4671 peratoris
750 4599 1390 4672 simplicitatem,atque
1421 4605 1815 4673 opportunum
1847 4606 2084 4673 tempus

2190 2015 2365 2066 Ταῦτα
2391 2008 2447 2065 δὲ
2479 2011 2540 2071 οὐ
2571 2012 2728 2083 θυμῷ
2758 2007 3031 2064 δουλεύων
3085 2007 3280 2078 ἐποίει,
3331 2005 3456 2063 οὐδὲ
3503 2014 3845 2082 καινοτομῶν

2191 2122 2242 2154 τι
2289 2100 2413 2176 περὶ
2466 2101 2563 2169 τῆν
2605 2099 2808 2169 πίστιν,
2856 2099 2946 2153 καὶ
2989 2098 3081 2152 τὸν
3114 2097 3489 2173 Ἀρειανισμὸν
3539 2098 3844 2171 ἀσπαζόμε-

2192 2209 2303 2259 νος,
2338 2187 2483 2244 ἆλλὰ
2538 2187 2692 2261 ζήλῳ
2743 2187 3034 2264 χρώμενος
3088 2184 3326 2259 μᾶλλον,
3380 2183 3432 2241 εἷ’
3471 2186 3562 2240 καὶ
3615 2187 3691 2258 μὴ
3732 2192 3848 2241 κατ’

2194 2277 2511 2354 ἐπίγνωσιν,
2556 2279 2646 2333 καὶ
2695 2282 2774 2349 τῷ
2826 2275 3002 2332 δοκεῖν
3051 2275 3114 2331 τὸ
3167 2277 3242 2350 μὴ
3272 2276 3372 2345 τὴν
3403 2273 3729 2346 Ἐκκλησίαν
3765 2273 3845 2330 δι-

2195 2369 2450 2423 εσπᾶσθαι
2482 2366 3023 2442 πραγματευόμενος.

2265 2460 2318 2513 5.
2379 2463 2432 2510 ‘O
2491 2457 2582 2529 μὲν
2643 2454 2732 2510 οὖν
2795 2451 3150 2530 Ἀλέξανδρος
3185 2498 3198 2522 ,
3256 2457 3480 2508 τοιαῦτα
3536 2452 3628 2508 σὺν
3690 2455 3844 2512 Ἀθα-

2197 2545 2364 2617 νασίῳ
2415 2547 2560 2620 παρὰ
2605 2550 2700 2600 τοῦ
2751 2542 3020 2619 βασιλέως
3071 2540 3357 2616 δεξάμενος
3410 2544 3479 2616 (c)
3519 2545 3837 2618 γράμματα,

2199 2635 2398 2710 χρόνον
2449 2634 2638 2709 ὀλίγον
2690 2628 2935 2695 ἐπιϐιοὺς
2968 2680 2981 2703 ,
3035 2631 3195 2694 αὐτὸς
3249 2632 3342 2705 μὲν
3395 2631 3446 2686 ἐν
3494 2629 3640 2687 τέλει
3694 2630 3848 2704 καλῷ

2197 2721 2454 2778 καταλύει
2499 2724 2591 2778 τὸν
2644 2723 2761 2798 βίον
2799 2744 2810 2756 ο
2841 2724 2868 2776 ὁ
2915 2720 2972 2777 δὲ
3009 2725 3106 2776 τοῦ
3143 2719 3347 2797 τρόπου
3399 2717 3656 2798 διάδοχος
3689 2722 3850 2776 Ἀθαο

2198 2813 2381 2874 νάσιος
2415 2810 2567 2874 εὐθὺς
2616 2813 2706 2867 καὶ
2754 2815 2849 2866 τοῦ
2897 2812 3090 2886 θρόνου
3131 2809 3361 2884 γίνεται,
3411 2809 3501 2864 καὶ
3553 2811 3724 2887 ψήφῳ
3751 2813 3852 2866 τοῖ’)

2203 2899 2337 2956 λαοῦ
2384 2902 2583 2964 παντὸς
2630 2903 2728 2970 τήν
2776 2899 3074 2974 ἱερωσύνην
3134 2898 3461 2968 πιστεύεται,
3525 2898 3702 2973 μύρου
3731 2919 3847 2955 τοιο

2202 2989 2366 3044 θύτου
2398 2987 2612 3066 δοχεῖον
2666 2987 3008 3065 ἀποδειχθεὶς
3053 2987 3221 3059 ἄξιον,
3276 2987 3337 3043 οὐ
3370 2988 3599 3064 χάριτος
3641 2987 3852 3064 ἀνθρω-

2201 3079 2364 3150 πίνης
2425 3076 2605 3156 ἕργον,
2667 3077 2812 3134 ἀλλά
2869 3079 3179 3152 Πνεύματος
3239 3074 3453 3151 δῶρον,
3512 3076 3601 3131 καὶ
3654 3077 3850 3150 ἀρετῆς

2201 3167 2364 3224 ἆθλον
2391 3168 2592 3239 ταύτην
2624 3169 3019 3241 πεποιημένος.
3054 3168 3117 3221 Οἳ
3149 3164 3317 3221 δεινοὶ
3352 3167 3534 3239 μέντοι
3585 3172 3687 3235 τῆς
3729 3167 3848 3221 ἀσε-

2204 3253 2352 3320 ϐείας
2401 3259 2718 3335 προστάται,
2767 3259 2817 3311 οἱ
2859 3257 3089 3334 κρυπτοὶ
3136 3259 3242 3311 τῶν
3310 3255 3559 3326 ζιζανίων
3608 3261 3850 3332 σπορεῖς,

2206 3349 2256 3403 οἳ
2287 3349 2477 3424 θερμοὶ
2507 3355 2609 3418 τῆς
2637 3346 2829 3409 κακίας
2877 3344 3138 3416 διάκονοι,
3191 3343 3404 3419 ἔπεγον
3462 3343 3556 3418 μὲν
3605 3342 3735 3422 ἄχρι
3780 3365 3857 3398 τι-

2202 3439 2294 3500 νὸς
2324 3441 2744 3514 παρακινοῦντες
2775 3433 2926 3491 οὐδὲν
2959 3433 3107 3498 ὅλως
3155 3431 3281 3489 οὐδὲ
3319 3435 3692 3507 ταράττοντες,
3729 3432 3854 3489 ἀλλ’

2202 3527 2478 3602 ἡσύχαζον
2529 3526 2726 3594 αὐτοῖς
2773 3526 2828 3580 αἱ
2876 3524 3065 3599 ὁρμαὶ,
3111 3523 3200 3577 καὶ
3248 3522 3550 3595 Ἀθανασίῳ
3604 3521 3852 3596 πόλεμον

2203 3615 2519 3692 ἐπικηρύξαι
2577 3619 2820 3694 φανερῶς
2880 3608 3245 3668 ἀνεϐάλλοντο
3310 3635 3322 3646 ο
3383 3607 3603 3684 ἔπειτα,
3665 3611 3847 3688 ὥσπερ

2204 3706 2304 3762 ὑπὸ
2339 3710 2436 3760 τοῦ
2487 3703 2790 3767 λαλοῦντος
2835 3705 3018 3765 αὐτοῖς
3072 3703 3148 3764 εἷς
3187 3699 3409 3778 καρδίαν
3455 3705 3701 3774 πονηροῦ
3751 3699 3849 3757 λα-

2201 3791 2400 3857 ϐόντες.
2430 3795 2491 3848 τὸ
2525 3793 2773 3866 σύνθημα
2815 3793 2904 3848 καὶ
2952 3793 3051 3860 τὴν
3102 3789 3274 3847 ὠδῖνα
3326 3798 3424 3860 τῆς
3471 3794 3657 3867 ψυχῆς
3690 3790 3848 3867 ἀναῤ-

2201 3884 2480 3960 ῥῆξαντες,
2538 3884 2627 3938 καὶ
2674 3885 2773 3951 τήν
2833 3882 3215 3958 κρυπτομένην
3275 3881 3411 3941 τὲως
3463 3880 3846 3954 γυμνώσαντες

2198 3973 2486 4049 πονηρίαν,
2548 3967 2842 4032 ἐπιϐουλὰς
2893 3971 3038 4043 αὐτῷ
3093 3971 3352 4024 πάντοθεν
3417 3967 3623 4043 ἐπῆγον
3675 3965 3845 4044 χαλε-

2197 4065 2449 4127 πωτάτας
2485 4085 2496 4098 ο
2531 4061 2591 4116 οὐ
2641 4065 2737 4116 τοῦ
2785 4061 2976 4134 θρόνου
3031 4058 3216 4132 μόνσν,
3271 4056 3415 4112 ἀλλά
3463 4057 3552 4112 καὶ
3603 4063 3702 4128 τῆς
3743 4056 3849 4112 πό-

2198 4150 2340 4214 λεως
2370 4151 2538 4221 αὐτῆς
2573 4145 2818 4206 ἐκϐαλεῖν
2864 4150 2955 4204 τὸν
3012 4147 3155 4219 ἄξιον
3205 4142 3379 4209 ὅντως
3428 4152 3534 4201 τῶν
3582 4145 3848 4221 οὐρανίων

2197 4246 2410 4311 σκηνῶν
2470 4238 2907 4310 σπουδάζοντες.
2965 4235 3121 4294 Ἀλλ’
3202 4237 3407 4298 ἐκεῖνος
3480 4235 3723 4297 ἄσειστος
3778 4235 3847 4305 ἦν

2201 4333 2333 4404 μετὰ
2361 4335 2459 4386 τοῖ’)
2483 4327 2647 4385 Δαυλιδ
2678 4327 2928 4403 ψάλλωνο
2967 4353 2992 4377 ι(
3025 4328 3146 4382 Ἐὰν
3197 4325 3568 4400 παρατάξηταί
3618 4324 3700 4380 ἐπ’
3749 4322 3849 4396 ἐμὲ

2194 4415 2546 4497 παρεμϐολὴ,
2598 4419 2659 4474 οὗ
2709 4413 3076 4497 φοϐηθήσεται
3117 4419 3152 4485 ἡ
3206 4412 3403 4490 καρδία
3454 4436 3579 4488 μου.
3614 4438 3640 4467 ››
3671 4418 3849 4490 Ἥρχε

2195 4507 2252 4564 δὲ
2280 4517 2382 4578 τῆς
2420 4515 2666 4584 πονηρᾶς
2712 4507 2915 4578 ταύτης
2964 4501 3265 4574 ἐπιϐουλῆς
3317 4506 3343 4559 ὁ
3390 4503 3560 4577 μόνης
3613 4505 3689 4578 (d)
3729 4523 3847 4557 κοι-

2191 4604 2377 4654 νωνῶν
2431 4594 2672 4669 εὐσεϐείᾳ
2713 4605 2814 4666 τῆς
2863 4596 3134 4665 κλήσεως,
3186 4594 3262 4654 ὡς
3293 4591 3324 4647 δ
3351 4613 3414 4668 γε
3459 4592 3662 4667 τρόπος
3693 4590 3847 4646 ἐναν-

433 4703 497 4744 se
517 4692 755 4744 nactum
789 4705 918 4745 esse
941 4692 1328 4758 ratus,omnia
1354 4707 1602 4759 movere,
1626 4691 1826 4746 omnia
1883 4692 2083 4747 misce-

2194 4688 2307 4751 τίος
2353 4689 2596 4764 ἀτεχνῶς
2645 4691 2742 4742 τοῦ
2797 4684 3085 4756 ὀνόματος,
3135 4683 3198 4737 τὸ
3243 4688 3344 4751 τῆς
3395 4675 3638 4743 ἀσεϐείας
3680 4675 3846 4755 ὄργα-

433 4791 513 4847 re,
547 4793 663 4848 quo
693 4777 1074 4834 Athanasium
1111 4779 1323 4835 throno
1347 4784 1659 4835 amoveret.
1688 4781 1768 4835 Ea
1795 4780 1952 4836 enim
1997 4798 2083 4836 ra-

430 4865 593 4922 tione
619 4867 893 4938 sperabat
923 4885 984 4923 se
1015 4872 1073 4924 et
1118 4867 1232 4924 alia
1284 4869 1562 4939 consequi
1621 4886 1794 4940 posse
1849 4873 1906 4924 et
1960 4870 2081 4925 Arii

430 4955 666 5011 ﬁrmare
694 4959 1068 5013 sententiam.
1102 4958 1360 5013 Conﬂata
1388 4959 1588 5030 itaque
1621 4959 1902 5016 adversus
1945 4976 2077 5015 eum

428 5043 880 5116 conspiratione,
913 5045 1184 5112 insidias,
1235 5046 1457 5102 ratione
1480 5048 1549 5102 ad
1581 5048 2076 5119 persuadendum,

428 5136 495 5186 ut
520 5133 635 5188 sibi
661 5134 987 5204 videbatur,
1004 5135 1329 5206 aptissima,
1363 5153 1655 5208 paravere.
1690 5142 1769 5193 Ex
1814 5137 2078 5193 Meletia-

426 5219 517 5276 nis
553 5238 690 5278 vero
755 5222 1064 5289 haereticis,
1125 5225 1376 5280 Isionem
1437 5226 1763 5283 conduxere
1817 5229 2075 5299 itemque

427 5309 653 5366 malitia
683 5312 919 5368 divitem
965 5313 1402 5380 Eudaemonem,
1435 5319 1491 5371 et
1547 5315 1827 5388 pravitate
1871 5333 2075 5374 omnes

425 5405 799 5470 superantem
852 5401 1221 5459 Callinicum.
1283 5405 1698 5461 Accusationes
1757 5424 1929 5479 porro
2013 5409 2071 5463 in

495 5508 514 5544 ι
556 5507 718 5563 Prov.
751 5510 1002 5578 “11,28.
1034 5511 1056 5545 ¹
1085 5510 1236 5567 Psal.
1296 5529 1444 5579 xxvr,
1467 5513 1520 5568 3.

489 5649 697 5792 ἕαξείο
727 5651 989 5709 duomss.
1023 5659 1196 5739 recte.
1222 5657 1381 5740 'Editi
1409 5657 1580 5728 male,
1616 5653 1788 5733 ἔλεγε.

513 5721 688 5792 ὀ),1ια
710 5737 853 5779 mss.
878 5730 1050 5781 recte.
1083 5727 1260 5792 Editi,
1294 5727 1529 5785 ἐκείνων.

513 5723 544 5778 b
572 5721 688 5792 Elta
710 5737 853 5779 mss.
878 5730 1050 5781 recte.
1083 5727 1260 5795 Editi,
1294 5727 1529 5785 ἐκείνων.

513 5725 569 5869 εἰ
592 5794 810 5854 Omnes
840 5813 984 5856 mss.
1020 5795 1322 5869 δεξάμενοι.

487 5794 562 5869 (c)
592 5794 810 5854 Omnes
840 5813 984 5856 mss.
1020 5794 1322 5874 δεξάμενοι.

2193 4799 2304 4846 νον,
2335 4778 2498 4856 φημὶ,
2551 4777 2578 4830 ὁ
2621 4771 2898 4835 Εὐσέϐιος.
2951 4770 3221 4828 Ὑπελθὼν
3272 4771 3376 4847 γὰρ
3428 4767 3520 4824 σὺν
3569 4773 3686 4830 τοῖς
3718 4768 3843 4843 περὶ

2193 4866 2348 4922 αὐτὸν
2410 4867 2567 4926 οὗτος
2620 4865 2719 4932 τήν
2782 4860 3048 4938 βασιλέως
3084 4860 3463 4935 ἀκεραιότητα,
3512 4858 3603 4913 καὶ
3654 4859 3840 4932 καιρὸν

2191 4957 2390 5011 οἰκεῖον
2447 4952 2591 5029 ἔχειν
2645 4952 2896 5026 νομίσας,
2956 4952 3130 5006 πάντα
3183 4954 3345 5004 κινῶν
3412 4949 3501 5003 καὶ
3559 4949 3839 5024 ταράσσων

2189 5048 2280 5114 ῆν,
2340 5045 2477 5099 ὣστε
2532 5042 2622 5098 καὶ
2686 5042 2998 5097 Ἀθανάσιον
3049 5044 3147 5095 τοῦ
3209 5038 3403 5114 θρόνου
3465 5042 3841 5110 μετακινῆσαι.

2188 5135 2370 5210 Ταύτῃ
2426 5134 2528 5210 γὰρ
2580 5133 2670 5187 καὶ
2727 5137 2833 5186 τῶν
2894 5128 3080 5185 ἄλλων
3140 5129 3535 5204 περιγενέσθαι,
3595 5125 3684 5182 καὶ
3740 5127 3841 5195 τὴν

2183 5225 2397 5299 Ἀρείου
2479 5227 2737 5298 κρατῦναι
2823 5217 2978 5291 δόξαν
3067 5219 3326 5292 ἐνόμιζε.
3414 5217 3841 5285 Συσκευάζονται

2185 5319 2313 5388 γοῦν
2348 5313 2483 5368 κατὰ
2522 5315 2620 5367 τοῦ
2673 5307 2865 5384 ἀνδρὸς
2913 5307 3003 5364 καὶ
3051 5309 3150 5376 τὴν
3204 5300 3504 5376 ἐπιϐουλὴν
3557 5302 3839 5374 ἐναλήθως

2185 5402 2339 5476 ἄγαν,
2397 5401 2472 5463 ὡς
2532 5399 2716 5461 αὐτοῖς
2770 5395 2965 5465 ἐδόκει,
3024 5397 3113 5451 καὶ
3171 5397 3409 5458 πιθανῶς
3471 5390 3836 5451 διατίθενται.

2182 5492 2505 5548 Μισθοῦνται
2591 5486 2648 5544 δὲ
2725 5486 2813 5542 καὶ
2890 5492 2992 5556 τῆς
3076 5483 3343 5558 Μελετίου
3428 5485 3497 5557 (ε)
3576 5481 3836 5554 αἱρέσεως

2250 5655 2326 5727 (d)
2357 5653 2596 5727 Sicgduo
2630 5667 2771 5727 mss.
2802 5648 2977 5727 Editi,
3019 5648 3199 5721 μὸνος·

2250 5657 2305 5727 (d
2357 5657 2450 5709 Sic
2481 5657 2596 5709 duo
2630 5667 2771 5708 mss.
2802 5657 2946 5706 Editi

2247 5657 2326 5798 (ei
2351 5724 2510 5781 Colb.
2546 5726 2600 5794 2,
2635 5719 2946 5777 Μελιτίνου.
