4146 6378
1212 524 1215 525 ν
1268 448 1454 512 VITA
1502 448 1567 512 S.
1613 444 2043 512 ATHANASII
2086 444 2428 510 INGERTO
2471 448 2861 512 AUGTORE.

3507 459 3775 512 CLXXXIX

357 580 573 643 ’Ῐσίωνά
612 603 673 640 τι
725 580 818 639 καὶ
873 582 964 639 τὸν
1015 580 1276 639 πλούσιον
1332 581 1383 639 ἐν
1448 582 1734 658 πονηρίαις
1814 578 2047 650 Εύδαίκ

2143 582 2511 639 tthanasium
2542 581 2883 656 hujusmodi
2917 581 3076 640 fuere
3109 598 3121 637 :
3149 581 3533 656 qnodlineam
3554 587 3777 647 vestem

365 695 522 749 μονα,
552 674 643 729 καὶ
672 674 763 729 τὸν
798 672 848 729 έν
899 672 1059 745 κακίᾳ
1098 676 1331 728 νικῶντα
1370 670 1720 729 Καλλίνικον.
1770 670 2008 746 Ἐγκλή-

368 786 509 838 ματα
557 761 613 819 δὲ
666 764 985 819 Ἀθανασίου
1034 766 1111 837 (α)
1141 782 1151 793 ·
1202 763 1264 817 τὸ
1314 764 1405 837 μὲν
1459 760 1539 817 ὅτι
1596 760 1753 832 λινὴν
1818 762 2013 831 ἐσθῆτα

358 854 485 915 τοὺς
541 853 876 927 Αἰγυπτίους
930 856 999 926 τῇ
1054 850 1451 927 Ἀλεξανδρέων
1513 850 1777 922 ἐκκλησίᾳ
1835 850 2009 906 τελεῖν

363 943 681 1018 ἀναγκάσειε
740 959 753 973 '
806 942 868 996 τὸ
927 939 1030 1012 δὲ,
1091 942 1173 996 ὅτι
1237 943 1310 1014 μή
1371 942 1495 1016 περὶ
1548 942 1637 995 τὸν
1717 945 2014 1013 κρατοῦντα

372 1030 489 1108 ἔχει
539 1033 613 1104 (ὁ)
667 1030 947 1101 εὐνοϊκῶς,
982 1027 1128 1085 ἀλλὰ
1156 1031 1244 1084 καὶ
1281 1028 1587 1104 βασιλικοῖς
1612 1025 2015 1085 ἐπιϐουλεύσειε

365 1121 651 1195 γράμμασι
688 1140 699 1153 ·
732 1119 914 1195 τρίτον
947 1121 981 1187 ἡ
1035 1117 1479 1197 φιλοχρηματία,
1528 1118 1611 1173 ὅτι
1654 1122 1742 1173 καὶ
1775 1118 2017 1195 λάρνακα

364 1230 486 1263 τινα
541 1207 770 1284 χρυσίου
836 1209 1033 1281 μεστὴν
1093 1208 1229 1281 πρὸς
1284 1208 1406 1261 τινα
1462 1213 1569 1262 τῶν
1626 1207 1788 1262 αὐτοῦ
1839 1206 2013 1285 φίλων

368 1297 661 1372 ἐκπέμψειε
693 1345 707 1370 ,
757 1298 1009 1373 τέταρτον
1062 1296 1149 1352 ἐπὶ
1193 1295 1440 1365 τούτοις,
1494 1297 1521 1351 ὁ
1573 1296 1822 1373 Ἰσχύρας
1878 1319 2015 1373 παρ-

366 1390 555 1463 ήγετο,
610 1388 747 1463 ἀνὴρ
799 1384 1056 1462 αἶ’σχιστα
1107 1387 1200 1460 μὲν
1250 1386 1340 1441 καὶ
1392 1384 1669 1441 δεινότατα
1723 1387 2017 1462 εἷ’ργασμέ-

364 1497 481 1549 νος,
512 1476 603 1531 καὶ
634 1476 742 1551 οὐχ
772 1474 921 1537 ὅπως
951 1477 1391 1550 κατηγορεῖσθαι,
1425 1473 1551 1530 ἀλλ’
1592 1473 1717 1530 ούδέ
1757 1474 2020 1530 ἐλεεῖσθαι

366 1564 535 1637 ἄξιος’
568 1563 919 1641 πολύτροπος
969 1563 1025 1619 δὲ
1068 1564 1156 1619 καὶ
1208 1564 1463 1626 ποικίλος
1504 1565 1566 1619 τὸ
1613 1566 1767 1637 ἦθος,
1809 1566 1898 1619 καὶ
1930 1587 2021 1619 πε-

369 1646 617 1731 ριτρέψαι
670 1652 882 1727 μᾶλλον
928 1654 1022 1715 τὰς
1072 1653 1244 1715 αἰτίας
1292 1660 1410 1715 τοῖς
1460 1652 1751 1728 ἐκγαλοῦσι
1798 1655 2023 1727 θυνάμε-

365 1764 489 1807 νος.
545 1746 663 1812 Ὃς,
720 1742 1020 1820 ἱερωσύνην
1084 1745 1203 1797 τινα
1252 1740 1600 1815 πλασάμενος
1634 1790 1647 1814 ,
1705 1744 1795 1797 καὶ
1849 1738 2024 1817 ὄνομα

367 1826 737 1909 πρεσϐυτέρου
796 1834 865 1907 (ε)
924 1833 1097 1904 ἑαυτῷ
1154 1832 1393 1908 περιθεὶς
1436 1880 1450 1905 ,
1510 1833 1599 1887 καὶ
1664 1834 2023 1908 μυσταγωγὸς

2122 673 2424 745 Egyptios
2454 672 3141 728 AlexandrinzeEcclesiaa
3200 673 3495 745 pensitare
3552 672 3770 745 coegis-

2122 767 2212 818 set
2246 779 2260 817 :
2294 762 2449 833 quod
2483 779 2544 817 se
2576 764 2753 833 probe
2778 778 2915 833 erga
2944 762 3265 834 principem
3325 762 3598 817 aﬂ'ectum
3659 778 3773 817 non

2124 851 2438 907 exhiberet:
2476 852 2575 905 sed
2609 851 3005 923 imperatoriis
3028 850 3575 907 litterisinsidiatus
3598 854 3774 906 esset.

2124 940 2316 997 Tertio
2341 941 2593 995 avaritiae
2652 942 3053 1005 accusabatur,
3100 958 3309 1012 nempe
3367 942 3523 1012 quod
3579 957 3774 995 arcam

2126 1030 2251 1085 auri
2277 1029 2507 1101 plenam
2531 1031 2599 1084 ad
2634 1030 2945 1101 quemdam
2968 1030 3225 1086 misisset
3256 1030 3532 1084 amicum.
3563 1030 3777 1092 Quarto

2126 1120 2558 1190 producebatur
2593 1119 2977 1191 lschyras,vir
2995 1118 3357 1189 turpissimis
3391 1117 3779 1190 gravissimis-

2128 1225 2239 1280 que
2273 1209 2632 1263 facinoribus
2662 1208 2986 1263 obnoxius:
3018 1209 3117 1279 qui
3152 1225 3263 1262 non
3293 1209 3463 1262 modo
3498 1208 3777 1279 indignus

2128 1298 2227 1369 qui
2263 1302 2561 1352 accusaret
2593 1315 2606 1364 ;
2642 1298 2742 1352 sed
2778 1297 3054 1368 indignus
3086 1296 3485 1351 misericordia
3510 1296 3779 1352 erat.Va—

2131 1388 2214 1443 fer
2247 1392 2437 1442 autem
2469 1386 2988 1459 versutusque.qui
3018 1390 3213 1458 posset
3245 1403 3454 1440 causas
3496 1402 3778 1441 accusan-

2128 1477 2289 1532 tibus
2320 1482 2590 1531 evertere.
2625 1476 2727 1539 Qui
2764 1493 2895 1531 cum
2929 1475 3039 1530 sibi
3072 1475 3462 1530 sacerdotium
3488 1475 3782 1546 conﬁnge-

2132 1571 2237 1631 ret,
2300 1582 2631 1637 nomenque
2682 1564 3004 1637 presbyteri
3062 1568 3422 1635 usurparet;
3473 1562 3594 1635 qui,
3666 1580 3781 1618 non

2133 1656 2401 1710 initiatus
2424 1655 2577 1719 licet,
2614 1660 2991 1728 mystagogus
3024 1654 3083 1708 in
3118 1652 3447 1724 divinisque
3501 1651 3736 1724 sapiens
3768 1670 3781 1721 ;

2134 1744 2477 1816 imprudens
2512 1743 2648 1799 licet
2680 1748 2736 1798 et
2766 1742 3299 1814 insanus,prudens
3329 1741 3509 1796 videri
3533 1742 3782 1796 conaba-

2132 1838 2229 1888 tur
2261 1853 2273 1901 ;
2308 1838 2364 1889 et
2395 1850 2463 1888 ea
2494 1850 2620 1904 quae
2652 1832 2976 1888 sacerdotis
3007 1836 3146 1885 sunt
3177 1847 3345 1903 agere
3370 1830 3616 1897 volebat,
3653 1846 3788 1885 cum

371 1922 423 1993 ἐξ
456 1923 727 1996 ἀμυήτου,
776 1922 865 1976 καὶ
914 1922 1076 1999 σοφὸς
1120 1922 1188 1976 τὰ
1234 1923 1348 1975 θεῖα
1394 1921 1483 1976 καὶ
1534 1922 1749 1984 συνετὸς
1783 1922 1833 1993 ἐξ
1868 1923 2023 1977 ἀσυν-

2143 1939 2211 1978 ne
2233 1940 2335 1995 per
2365 1939 2639 1979 somnum
2665 1922 2900 1993 quidem
2931 1921 3202 1976 sacerdos
3226 1920 3533 1975 ordinatus
3560 1918 3785 1974 fuisset.

372 2010 493 2067 ἐτου
542 2010 633 2065 καὶ
678 2008 912 2088 ἄφρονος
966 2010 1158 2085 ἀθρόον
1208 2012 1513 2089 ἀναφανεὶς,
1571 2011 1670 2065 ὅσα
1716 2012 1805 2067 καὶ
1856 2011 2029 2085 ἱερεὺς

371 2098 624 2176 πράττειν
684 2099 841 2170 ἠξίου
906 2118 921 2132 ο
976 2100 1065 2154 καὶ
1122 2104 1294 2154 ταῦκα
1358 2098 1497 2173 μηδὲ
1566 2096 1694 2177 ὄναρ
1769 2100 2032 2175 ἱερωσύνῃ

369 2210 564 2263 τετιμη
578 2191 759 2263 μένος.
792 2188 961 2245 Πόθεν
990 2189 1018 2243 ὁ
1048 2190 1385 2244 παντάπασιν
1422 2190 1740 2253 ἀπεναντίας
1761 2189 2033 2264 τίερωσύνῃ

381 2270 667 2352 βεϐιωκώς
699 2294 713 2345 ;

449 2366 503 2422 6.
539 2364 739 2421 Μαθὼν
773 2361 830 2419 δὲ
880 2366 950 2419 τὰ
994 2365 1111 2420 κατ’
1162 2363 1319 2421 αὐτὸν
1360 2367 1698 2437 Ἀθανάσιος,
1751 2368 1867 2430 οἷος
1899 2367 2033 2424 έκεῖ-

378 2472 473 2515 νος
504 2447 735 2528 ἀκριϐὴς
765 2453 845 2508 ἀεὶ
890 2458 997 2508 τῶν
1044 2454 1308 2509 τοιούτων
1357 2455 1662 2527 ἐξεταστὴς,
1709 2454 1881 2512 Λυδία
1925 2479 2032 2521 τις,

375 2541 438 2595 τὸ
486 2546 583 2596 τοῦ
628 2539 819 2618 λόγου,
854 2540 1030 2613 λίθος,
1078 2543 1169 2598 τὸν
1216 2539 1580 2621 πρεσϐύτερον
1628 2548 1903 2622 Μακάριον
1957 2547 2033 2611 εἷς

377 2631 680 2707 Μαρεώτην
759 2630 1024 2706 ἐκπέμπει
1084 2630 1237 2707 (τῇδε
1303 2634 1406 2710 γὰρ
1465 2634 1712 2711 Ἰσχύρας
1774 2635 2037 2713 ἐτύγχανε

377 2716 717 2797 διατρίϐων),
774 2722 874 2791 τὴν
923 2725 1019 2776 τοῦ
1066 2724 1389 2797 πράγματος
1441 2719 1657 2800 ἔρευναν
1713 2724 1858 2797 αύτῷ
1918 2726 2033 2782 ἐπι-

376 2809 601 2885 τρέψας.
630 2811 777 2866 Ἐπεὶ
826 2808 884 2865 δὲ
932 2812 1201 2889 φωραθεὶς
1234 2811 1538 2889 ὁἸσχύρας
1590 2811 1751 2889 ἔγνω,
1800 2816 1889 2869 καὶ
1939 2815 2037 2870 οὐκ

384 2897 528 2973 εἶχεν
561 2896 593 2953 δ
634 2918 687 2953 τι
738 2899 828 2954 καὶ
875 2896 1137 2971 δράσειεν,
1174 2896 1414 2975 ἀποδρὰς
1463 2900 1683 2971 ἐκεῖθεν,
1730 2904 1827 2971 etv
1881 2911 2037 2960 Νικο-

386 2982 598 3060 μήδους
648 2982 1078 3061 καταλαμϐάνει,
1129 2988 1220 3043 καὶ
1264 2994 1382 3051 τοῖς
1412 2990 1537 3065 περί
1576 2988 1836 3047 Εὐσέϐιον
1866 2994 2035 3067 πρόσ-

386 3094 488 3129 εισι
518 3070 799 3131 καταϐοῶν
851 3075 1224 3152 ἀναισχύντως
1274 3078 1614 3148 Ἀθανασίου,
1669 3082 1759 3135 καὶ
1802 3083 1871 3135 τὰ
1900 3081 2035 3138 έκεί-

382 3180 477 3218 νου
525 3164 701 3219 πάντα
755 3164 1045 3239 διασύρων,
1092 3165 1182 3220 καὶ
1232 3171 1443 3244 πικρῶς
1494 3167 1638 3240 αὐτῷ
1679 3167 2038 3247 λοιδορούμε-

383 3271 495 3314 νος.
555 3257 813 3308 Τοιοῦτον
876 3254 979 3329 γὰρ
1038 3256 1072 3323 ἡ
1123 3254 1316 3325 κακία,
1368 3255 1726 3332 εὐπροσώπου
1782 3259 2037 3336 ἀφορμῆς

387 3340 727 3417 ἀπορήσασα,
762 3340 849 3397 ἐπὶ
904 3343 968 3397 τὸ
1008 3341 1204 3417 ψεῦδος
1250 3344 1418 3418 ὁμόσε
1448 3331 1643 3421 χωρεῖ,
1675 3348 1765 3401 καὶ
1797 3331 2041 3426 φανερῶς
2072 3331 2113 3397 C

380 3431 520 3485 κατά
562 3437 666 3501 τῆς
716 3432 975 3503 ἀληθείας
1031 3430 1333 3503 ὁπλίζεται.
1386 3436 1449 3488 Οἱ
1498 3432 1555 3490 δὲ
1600 3440 1833 3509 τιμῶσιν
1882 3436 2037 3493 αὐτὸν

384 3517 484 3574 ὅσα
507 3520 598 3574 καὶ
630 3521 797 3595 ἱερέα,
828 3520 919 3575 καὶ
968 3521 1211 3597 γνησίως
1266 3520 1397 3598 ἄγαν
1448 3524 1538 3579 τὸν
1592 3525 1899 3597 ἀποστάτην
1951 3529 2039 3583 καὶ

387 3610 521 3665 Θεοῦ
577 3610 667 3664 καὶ
717 3609 901 3684 νόμων
952 3610 1041 3665 καὶ
1099 3611 1338 3667 κανόνων
1410 3614 1568 3689 ἱερῶν
1631 3612 1991 3691 ὑποδέχονται
2028 3660 2040 3673 .

388 3696 555 3753 Φύσει
602 3699 707 3774 γὰρ
755 3695 1000 3772 ἡδόμεθα
1042 3705 1159 3762 τοῖς
1209 3701 1449 3774 ὁμοίοις,
1491 3700 1640 3765 ὅπως
1683 3703 1741 3757 ἂν
1773 3706 1932 3777 ἡμῶν
1967 3707 2042 3779 (d)

383 3781 609 3848 ἕκαστος
659 3787 695 3856 ἢ
757 3785 1103 3866 φαυλότητος
1160 3789 1196 3858 ἢ
1256 3790 1454 3867 ἀρετῆς
1515 3788 1751 3867 ἔχωμεν.
1813 3799 2042 3849 Ἐκεῖνοι

382 3874 588 3946 τοίνυν,
623 3879 692 3950 τῇ
722 3876 857 3953 πρὸς
900 3878 1219 3936 Ἀθανάσιον
1272 3876 1505 3958 διαφορᾷ
1548 3882 1645 3943 τὰς
1694 3882 1875 3958 ψυχὰς
1916 3883 2043 3961 φλε-

383 3963 757 4039 γμαίνοντες,
820 3966 956 4039 μετὰ
1029 3966 1205 4037 πόσης
1266 3967 1325 4022 Ξὶν
1386 3966 1559 4031 εἷ’ποις
1636 3971 1726 4024 τὸν
1792 3973 2038 4048 Ἰσχύραν

385 4050 526 4109 εἶδον
561 4054 940 4130 περιχαρείας,
969 4057 1059 4109 καὶ
1108 4058 1206 4125 τήν
1262 4060 1460 4130 μεστήν
1512 4057 1795 4123 αὐθαδείας
1830 4060 2038 4132 ἐκείνην

385 4140 475 4197 καί
508 4141 739 4218 θράσους
770 4146 955 4220 ψυχὴν
992 4145 1202 4220 ἀγαθῶν
1239 4145 1421 4202 ἐλπίσι
1464 4149 1796 4224 παρέθηγον,
1844 4149 1933 4205 καί
1963 4156 2042 4225 τῷ

388 4230 619 4307 μεγάλῳ
673 4239 776 4303 τῆς
850 4234 1153 4304 ἐπισκοπῆς
1232 4236 1499 4310 ἀξιώματι
1570 4240 1821 4310 τιμήσειν
1883 4239 2039 4295 αὐτὸν

385 4320 824 4397 ἐπηγγέλλοντο,
862 4324 1025 4398 μόνον
1061 4324 1106 4379 εἰ
1151 4326 1481 4400 κατηγορίαν
1529 4329 1667 4396 τινὰ,
1722 4330 1874 4407 φησὶ,
1908 4332 2043 4385 κατᾶ

382 4415 480 4465 τοῦ
514 4408 726 4467 δικαίου
773 4411 938 4489 ῥάψαι
987 4410 1210 4488 δυνήσῃ,
1260 4414 1524 4470 τοιούτων
1568 4411 1741 4493 ἔργων
1790 4418 2042 4483 τοιαύτας

386 4499 686 4565 ἀντιδόσεις
718 4503 1073 4580 παρέχοντες,
1123 4502 1212 4560 καί
1261 4506 1537 4561 τοσούτων
1584 4511 1775 4585 ψυχῶν
1807 4529 2041 4583 προστα-

386 4589 504 4646 σίαν
543 4592 730 4666 μισθὸν
778 4593 1137 4670 συκοφαντίας
1186 4594 1530 4669 ποιούμενοι.
1585 4598 1641 4650 Ὀ
1694 4594 1749 4652 δὲ
1798 4598 1909 4673 (καὶ
1938 4601 2042 4675 γὰρ

2140 2011 2303 2068 Unde
2332 2012 2417 2067 illi
2449 2012 2585 2067 talis
2616 2011 2823 2076 honor,
2848 2009 2944 2081 qui
2969 2010 3141 2065 modo
3174 2009 3472 2065 sacerdote
3502 2006 3788 2081 indignis-

2141 2102 2292 2157 simo
2314 2102 2492 2159 vitam
2520 2100 2735 2173 egisset
2764 2100 2791 2154 ?
3794 2114 3797 2117 ι

2213 2371 2352 2427 6.Ea
2364 2386 2496 2424 cum
2510 2368 2812 2425 didicisset
2835 2367 3397 2438 Athanasius,quam
3431 2366 3542 2421 fuit
3562 2381 3794 2438 semper

2144 2459 2447 2532 diligentia
2469 2459 2528 2513 in
2560 2454 2902 2530 hujusmodi
2931 2456 3104 2511 rebus
3126 2456 3519 2527 explorandis,
3576 2459 3632 2512 et
3688 2472 3791 2511 ceu

2147 2549 2385 2623 Lydius,
2422 2552 2487 2603 ut
2516 2548 2699 2615 aiunt,
2735 2546 2907 2618 lapis,
2950 2547 3353 2617 presbyterum
3385 2545 3701 2600 Macarium
3732 2544 3794 2600 in

2146 2643 2454 2695 Mareotem
2483 2638 2664 2693 mittit
2695 2636 2798 2709 (ibi
2829 2636 2985 2692 enim
3009 2635 3257 2708 degebat
3286 2634 3577 2707 Ischyras)
3626 2634 3797 2707 eique

2147 2729 2227 2785 rei
2260 2726 2738 2801 perquisitionem
2753 2725 3085 2781 committit.
3107 2725 3421 2796 Postquam
3445 2729 3641 2779 autem
3697 2741 3797 2780 no-

2145 2818 2229 2874 vit
2261 2817 2527 2889 Ischyras
2559 2833 2621 2872 se
2653 2815 3084 2888 deprehensum
3126 2830 3427 2880 esse,cum
3446 2812 3585 2884 quid
3602 2818 3799 2886 ageret

2148 2924 2263 2963 non
2295 2907 2533 2962 haberet
2563 2906 2702 2977 fuga
2732 2920 2794 2961 se
2826 2904 3175 2976 proripiens,
3207 2901 3608 2959 Nicomediam
3656 2902 3800 2975 petit

2146 2996 2343 3068 ibique
2376 2996 2623 3052 Eusebio
2646 3000 2701 3050 et
2722 2993 2897 3049 sociis
2922 3010 2986 3049 se
3043 2992 3216 3060 sistit,
3274 2992 3643 3063 impudenter
3674 2990 3801 3047 ‘cla-

2149 3103 2319 3141 mans
2345 3091 2547 3140 contra
2575 3082 3300 3153 Athanasium,omniaque
3323 3081 3517 3152 ipsum
3532 3084 3799 3151 spectan-

2147 3175 2228 3230 tia
2259 3174 2593 3240 traducens,
2628 3172 2951 3244 acerbeque
2999 3170 3224 3226 homini
3264 3169 3643 3243 maledicens.
3705 3168 3799 3225 Sic

2149 3263 2305 3320 enim
2338 3280 2399 3319 se
2431 3262 2606 3317 habet
2637 3260 3218 3331 malitia,opportuna
3243 3257 3533 3329 siquidem
3548 3257 3685 3312 data
3704 3273 3798 3312 oc-

2153 3352 2406 3420 casione,
2441 3351 2512 3407 ad
2545 3349 2917 3405 mendacium
2942 3350 3054 3404 cito
3085 3346 3368 3414 concedit,
3404 3350 3578 3417 atque
3603 3345 3799 3417 palam

2151 3446 2353 3497 contra
2384 3440 2684 3495 veritatem
2719 3456 2884 3495 arma
2914 3438 3115 3493 sumit.
3142 3435 3233 3490 Illi
3265 3452 3399 3491 eum
3432 3434 3601 3506 quasi
3620 3451 3803 3491 sacer-

2151 3533 2346 3587 dotem
2374 3530 2866 3600 honorant,atque
2897 3530 3221 3599 apostatam
3252 3524 3741 3597 transfugamque
3771 3542 3805 3581 a

2150 3621 2289 3688 Deo,
2324 3637 2357 3675 a
2382 3619 2610 3692 legibus
2632 3621 2689 3673 et
2720 3636 2753 3673 a
2782 3616 2963 3673 sacris
2994 3614 3339 3680 canonibus,
3364 3612 3805 3686 perhumaniter

2152 3709 2458 3781 recipiunt.
2490 3708 2712 3765 Natura
2740 3706 2897 3762 enim
2930 3704 3223 3761 similibus
3248 3702 3805 3773 delectamur,prout

2152 3799 2403 3871 quisque
2435 3802 2701 3853 nostrum
2734 3800 2836 3851 aut
2866 3794 3002 3851 vitio
3022 3798 3121 3849 aut
3146 3792 3360 3848 virtute
3391 3790 3670 3864 praeditus
3692 3794 3799 3846 est.

2104 3907 2109 3911 ·
2152 3887 2236 3943 Illi
2255 3889 2697 3961 igitursuacum
2716 3884 3029 3940 Athanasio
3043 3881 3334 3938 discordia
3347 3880 3543 3936 animo
3557 3885 3809 3937 aestuan-

2151 3982 2261 4044 tes,
2296 3980 2516 4048 quanta
2548 3980 2719 4048 putas
2750 3973 2951 4029 laetitia
2980 3972 3272 4043 Ischyram
3304 3970 3519 4036 videre,
3542 3973 3599 4024 et
3640 3967 3804 4024 illam

2151 4068 2483 4140 arrogantia
2499 4064 2859 4135 audaciaque
2882 4061 3113 4135 plenam
3140 4058 3803 4131 animam,premiorum

2153 4174 2256 4229 spe
2287 4154 2670 4211 concitarunt.
2705 4153 2917 4227 Magna
2939 4157 3131 4207 autem
3185 4150 3558 4223 episcopatus
3607 4147 3803 4221 digni—

2151 4250 2271 4302 tate
2301 4261 2436 4300 eum
2469 4261 2529 4300 se
2558 4243 2950 4299 honoraturos
2978 4238 3375 4313 promisere,si
3406 4238 3578 4293 modo
3602 4252 3804 4309 quam-

2153 4336 2292 4390 dam
2333 4334 2613 4389 adversus
2662 4334 2896 4404 justum
2956 4329 3389 4384 accusationem
3421 4326 3800 4398 conﬁngeret.

2154 4424 2322 4481 Talia
2354 4422 2633 4477 nimirum
2667 4420 2886 4475 talibus
2918 4418 3088 4473 factis
3119 4432 3366 4473 munera
3410 4413 3799 4470 destinarunt.

2152 4515 2231 4569 Ac
2262 4517 2347 4568 tot
2377 4513 2708 4567 animarum
2740 4525 2943 4565 curam
2976 4505 3302 4562 mercedem
3328 4506 3587 4559 fecerunt
3638 4519 3801 4575 syco-

2156 4602 2587 4674 phantim.Tum
2613 4598 2836 4669 ille,qui
2872 4614 2985 4652 non
3020 4595 3194 4650 modo
3226 4592 3457 4667 negotia
3477 4590 3675 4659 ordiri,
3707 4606 3801 4647 ve-

383 4679 453 4749 ἦν
474 4679 549 4736 ού
580 4680 834 4771 σκευάσαι
864 4684 939 4756 (e)
962 4681 1258 4771 πράγματα
1290 4685 1480 4759 μόνον,
1512 4683 1658 4741 ἀλλά
1696 4685 1784 4742 καί
1815 4689 2042 4765 συγχέαι

2154 4708 2285 4747 rum
2319 4690 2495 4745 etiam
2529 4689 2883 4745 confundere
2910 4701 2976 4741 ac
3006 4684 3343 4757 perturbare
3375 4682 3553 4754 probe
3612 4684 3800 4750 norat,

382 4772 557 4824 ταῦτα
606 4767 699 4825 καῖ
744 4772 1065 4847 περιτρέψαι
1128 4770 1455 4849 δεινότατος,
1516 4775 1591 4837 ὡς
1656 4776 1679 4831 5
1734 4774 1900 4851 λόγος
1930 4775 2039 4850 ἤδη

385 4857 588 4936 φθάσας
641 4856 944 4935 ἐδήλωσεν)
995 4862 1296 4937 Ἀθανασίῳ
1361 4862 1572 4935 μᾶλλον
1638 4864 1922 4941 ἀντεπάγει
1980 4868 2041 4922 τὸ

383 4941 690 5022 ἔγκλημα,
746 4949 821 5012 ὡς
882 4946 985 5024 ἄρα
1026 4952 1224 5027 γνώμῃ
1278 4956 1347 5026 τῇ
1407 4952 1612 5009 ἐκείνου
1673 4954 1952 5028 Μακάριος
2012 4958 2040 5013 ὁ

380 5032 769 5113 πρεσϐύτερος,
801 5039 939 5093 κατά
963 5046 1066 5110 τῆς
1099 5039 1394 5113 ἐκκλησίας
1435 5041 1743 5119 λῃστρικῶς
1774 5044 2037 5121 ἐπελθὼν,

379 5124 715 5183 καθάΑλοιτο
745 5130 825 5202 (f)
854 5129 946 5202 μὲν
979 5127 1098 5203 ὅλῳ
1145 5132 1301 5204 θυμῷ
1345 5136 1443 5186 τοῦ
1472 5134 1877 5209 θυσιαστηρίου,
1909 5136 2035 5211 τρά-

379 5220 546 5285 πεζαν
596 5215 655 5273 δὲ
695 5216 904 5288 ἐκείνην
956 5218 1249 5295 ἀνατρέψαι
1285 5221 1385 5289 τήν
1443 5222 1611 5299 ἱεράν,
1664 5224 1927 5300 ποτήριόν
1984 5244 2041 5281 τε

381 5306 666 5381 συντρίψαι
708 5308 779 5363 τὸ·
830 5308 1202 5381 μνστικόν,καί
1249 5310 1346 5371 τὰς
1378 5311 1524 5386 ἱερὰς
1557 5309 1615 5367 δὲ
1648 5307 1877 5387 βίϐλους
1908 5312 2039 5387 πυρί

378 5396 733 5455 κατακαύσαι.
784 5395 886 5454 Καὶ
929 5396 1157 5469 τοιαύτη
1215 5400 1308 5473 μὲν
1352 5404 1449 5455 τοῦ
1501 5398 1776 5478 δράματος
1823 5404 1856 5472 ἡ
1923 5400 2036 5459 δια-

451 5573 536 5642 (α)
564 5573 655 5630 Sic
677 5591 822 5634 mss.
859 5593 1086 5635 omnes.
1119 5578 1277 5637 Editi
1303 5595 1437 5638 vero
1458 5582 1789 5639 Ἀθανὰσιονο

479 5643 532 5727 b_)
548 5645 773 5727 anes
805 5651 1193 5727 mss._nostri,
1228 5643 1372 5727 ἔχοι.

474 5717 797 5803 I't‘amss.
826 5720 980 5803 Editi
1008 5736 1142 5803 vero
1165 5717 1560 5803 πρέᾶϐντέρων.

476 5789 538 5856 d)
562 5788 714 5848 Editi
746 5790 894 5856 όπως
928 5790 987 5847 ἂν
1023 5793 1134 5867 μέν.
1171 5788 1280 5854 sed
1318 5788 1611 5871 piv'deest
1639 5799 1700 5857 in
1751 5798 2033 5859 omnibus

2156 4780 2239 4835 uti
2264 4780 2389 4851 jam
2423 4778 2699 4850 superius
2722 4777 2945 4831 dictum
2980 4773 3245 4840 est,hanc
3280 4768 3800 4827 Athanasiodicam

2153 4869 2450 4942 impingit,
2485 4868 2639 4940 quod
2666 4866 3081 4936 scilicetjussu
3113 4862 3271 4918 illius
3322 4859 3613 4917 Macarius
3671 4875 3800 4931 pre-

2153 4959 2351 5031 sbyter
2371 4958 2430 5012 in
2456 4956 2763 5013 ecclesiam
2796 4955 3090 5011 latronum
3123 4969 3283 5008 more
3338 4949 3665 5020 irrupisset,
3719 4948 3802 5003 in-

2153 5066 2264 5121 que
2280 5048 2459 5104 altare
2473 5046 2736 5101 animose
2755 5044 3080 5115 insiliisset,
3106 5057 3335 5097 sacram
3355 5054 3622 5095 mensam
3641 5053 3798 5115 ever-

2149 5136 2701 5207 tissetzmysticum
2734 5133 2971 5189 calicem
3026 5129 3428 5202 confregisset,
3480 5143 3677 5183 sacros
3728 5124 3797 5180 li-

2150 5227 2288 5282 bros
2323 5222 2929 5280 combussisset.Talis
2964 5220 3208 5291 Ischyrm
3240 5220 3560 5290 apparatus
3585 5215 3656 5270 ad
3674 5230 3795 5271 sce-

2150 5332 2287 5370 nam
2321 5314 2448 5370 fuit.
2484 5317 2658 5368 Porro
2690 5312 2762 5366 ab
2791 5309 2922 5365 aliis
2952 5324 3184 5381 quoque
3215 5307 3441 5362 insidiae
3498 5305 3799 5359 instructae

2148 5420 2284 5459 cum
2315 5407 2532 5470 essent,
2565 5418 2633 5457 ea
2661 5399 2929 5457 deferunt
2999 5398 3075 5452 im
3086 5394 3335 5469 paraturi
3392 5391 3795 5464 Constantino,

2148 5600 2294 5640 H188.

2218 5654 2458 5727 (6)1163-
2491 5648 2805 5727 συσιξνᾷειαι

2218 5660 2268 5721 (θ
2320 5657 2458 5727 Reg.
2491 5657 2805 5708 συσκευάσαι

2216 5657 2289 5798 (fi
2315 5726 2405 5783 Sic
2435 5742 2580 5782 mss.
2602 5722 2751 5781 Editi
2786 5735 2938 5787 vero,
2964 5715 3248 5775 καθέλοιτο
