4146 6424
293 430 406 485 CXC

1687 417 2298 486 PROLEGOMENA.

292 555 704 629 coneitantque
735 554 900 612 illum
946 559 1122 630 atque
1152 555 1299 614 iram
1331 558 1459 630 ejus
1490 563 1858 615 commovent
1880 557 1930 612 in

2056 555 2216 623 σκευή
2249 557 2328 626 τῷ
2357 550 2597 630 Ἰσ-χύρᾳ.
2633 550 2773 626 ’Ήδη
2811 551 2867 611 δὲ
2895 553 2984 611 καὶ
3023 551 3112 612 διὰ
3139 557 3246 613 τῶν
3300 551 3486 613 ἄλλων
3515 553 3698 622 αὐτοῖς

290 646 699 702 Athanasium.
733 647 892 710 Quod
928 655 1122 703 autem
1157 649 1345 720 magis
1377 649 1729 704 accendebat
1769 646 1938 702 illum

292 735 491 807 (idque
524 735 756 791 malitias
789 737 1088 792 inventum
1123 738 1252 804 fuit,
1311 754 1525 810 gnaris,
1587 754 1764 809 quam
1825 737 1941 791 sint

291 823 561 879 homines
585 829 795 879 natura
817 842 924 880 sua
956 826 1195 880 honoris
1236 826 1476 897 cupidi),
1523 826 1758 880 aiebant
1805 823 1887 878 illi
1923 842 1934 877 :

287 913 370 968 Ne
425 914 637 968 vestris
694 915 930 985 quidem
988 914 1198 969 litteris
1248 915 1686 985 obtemperavit,
1749 929 1938 984 neque

286 1002 488 1058 Arium
521 1003 590 1057 ad
625 1003 1099 1058 communionem
1132 1003 1682 1068 admisit.Qua3cum
1711 1002 1938 1057 audiret

286 1091 726 1161 Constantinus,
762 1091 950 1163 primo
969 1092 1207 1163 quidem
1239 1092 1480 1162 paulum
1531 1092 1933 1159 conturbatus,

286 1196 408 1236 rem
433 1179 642 1236 deinde
669 1181 822 1252 apud
856 1198 916 1236 se
939 1181 1367 1246 considerabat,
1395 1197 1500 1235 nec
1536 1180 1758 1235 sciebat
1797 1181 1931 1252 quid

285 1269 512 1326 consilii
544 1275 802 1341 caperet,
835 1286 949 1342 quo
982 1286 1043 1324 se
1067 1275 1334 1334 verteret.
1365 1275 1465 1324 aut
1495 1270 1583 1324 cui
1628 1270 1777 1340 parti
1835 1287 1934 1323 ac-

283 1359 531 1414 cederet.
558 1359 846 1413 Virtutem
880 1358 1205 1428 Athanasii,
1238 1359 1398 1414 omni
1448 1359 1779 1430 suspicione
1837 1377 1930 1414 su-

281 1448 570 1519 periorem
592 1451 761 1502 norat
793 1463 806 1500 :
840 1463 1042 1501 eorum
1074 1452 1270 1502 tamen
1325 1446 1621 1503 calumnia
1678 1448 1930 1503 multum

281 1552 424 1592 sane
446 1535 879 1607 probabilitatis
909 1535 1163 1590 habebat
1194 1541 1368 1608 atque
1401 1537 1631 1592 coloris.
1664 1537 1810 1592 Cum
1853 1537 1933 1593 ita

280 1641 344 1681 se
373 1625 616 1680 haberet
648 1625 904 1679 mediam
938 1623 1112 1696 elegit
1137 1626 1519 1698 viam,neque
1545 1626 1929 1682 Athanasium

280 1715 592 1781 damnans,
627 1713 1278 1785 nequeinquisitionem
1310 1716 1432 1770 fieri
1468 1731 1745 1770 recusans
1781 1732 1794 1770 :
1829 1715 1929 1770 sed

279 1803 559 1876 quoniam
591 1818 657 1858 eo
688 1807 948 1874 tempore
979 1803 1247 1858 Enceenia
1274 1804 1654 1876 Jerosolymis
1684 1804 1932 1860 celebra-

280 1893 514 1962 bantur,
551 1907 736 1964 eoque
762 1892 1186 1948 conveniebant
1215 1895 1330 1949 fere
1371 1911 1575 1948 omnes
1624 1893 1879 1965 episcopi
1915 1912 1926 1950 :

271 1982 444 2054 jubet
475 1981 570 2038 ille
601 1986 665 2036 ut
694 1981 935 2053 paulum
969 1998 1002 2036 a
1022 1982 1122 2037 via‘
1143 1983 1686 2056 deﬂectentes,Tyri
1721 2000 1930 2054 eaquae

278 2070 669 2126 Athanasium
702 2087 982 2143 magnum
1015 2073 1357 2143 spectabant
1385 2073 1804 2138 examinarent,
1830 2089 1926 2128 ne-

280 2177 396 2232 que
426 2161 623 2217 minus
644 2160 716 2215 de
740 2160 863 2215 Arii
895 2161 1069 2216 rebus
1099 2162 1543 2216 constituerint:
1571 2165 1635 2216 ut
1651 2162 1931 2233 si,quem-

279 2249 599 2304 admodum
635 2248 992 2321 aiebatipse,
1017 2249 1076 2304 in
1102 2255 1259 2305 recta
1288 2250 1552 2305 doctrina
1600 2267 1733 2304 cum
1792 2268 1927 2306 con-

278 2337 641 2409 sisteret,per
660 2337 936 2392 invidiam
961 2339 1325 2410 proscriptus
1355 2339 1578 2404 fuisset,
1602 2356 1836 2394 rursum
1869 2339 1926 2393 in

277 2425 497 2482 clerum
513 2431 686 2498 atque
718 2427 777 2480 in
809 2428 1099 2498 synodum
1132 2428 1630 2494 admitteretur,et
1651 2428 1928 2500 jungere-

276 2519 374 2570 tur
403 2515 735 2570 membrum
769 2514 994 2587 reliquo
1015 2515 1261 2587 corpori.
1298 2517 1461 2582 Quod
1497 2517 1545 2572 si
1598 2515 1931 2588 eloquentia

279 2602 374 2658 ille
405 2607 668 2659 uteretur
697 2604 768 2658 ad
801 2604 1245 2676 subripiendam
1267 2605 1597 2672 veritatem,
1625 2607 1797 2676 juxta
1843 2623 1931 2661 sa-

277 2708 407 2747 cras
438 2691 597 2764 leges
621 2693 992 2762 judicaretur
1021 2710 1032 2747 :
1069 2699 1241 2765 atque
1267 2695 1506 2767 dignam
1531 2694 1930 2750 subversionis

279 2779 623 2853 dogmatum
658 2780 880 2835 subiret
918 2798 1170 2853 poenam.

2047 641 2275 705 τελείως
2331 650 2432 713 τῆς
2487 639 2788 714 ἐπιϐουλῆς
2832 647 3384 718 κατασκευασθείσης,
3443 649 3700 724 προσίασι

2048 737 2126 804 τῷ
2169 729 2385 806 βασιλεῖ
2432 733 2818 806 Κωνσταντίνῳ
2863 741 3031 791 ταῦτα
3073 736 3196 812 περί
3243 739 3562 798 Ἀθανασίου
3608 735 3698 793 λέ-

2048 842 2259 896 γοντες,
2290 819 2379 875 καί
2421 819 2570 884 ὅλως
2603 824 2677 884 εἷς
2727 825 2826 893 τὴν
2871 827 2986 880 κατ’
3017 826 3181 880 αὐτοῦ
3213 826 3408 902 ὀργήν,
3448 827 3576 889 τούς
3604 832 3700 882 τοῦ

2053 907 2321 982 βασιλέως
2373 909 2579 984 θυμοὺς
2629 910 2944 982 ἐξάπτοντες
2979 932 2991 945 ⁸
3023 917 3086 983 ἦν
3113 913 3171 969 δὲ
3198 916 3261 970 τὸ
3304 913 3540 988 μάλιστα
3569 937 3702 992 παρ-

2047 997 2230 1068 οξῦναν
2285 999 2444 1054 αὑτόν
2506 1002 2582 1072 (α)
2640 1003 2821 1073 (τοῦτο
2901 1003 3004 1078 γὰρ
3065 1001 3270 1080 ἐξεῦρεν
3330 1006 3364 1073 ἡ
3438 1005 3697 1079 πονηρία,

2046 1085 2399 1160 ἐπισταμένη,
2454 1087 2603 1150 ὅπως
2653 1089 2809 1166 φύσει
2854 1097 2973 1152 τοῖς
3024 1093 3331 1166 ἀνθρώποις
3377 1091 3487 1148 ἐστί
3517 1093 3578 1147 τὸ
3609 1115 3698 1171 φι-

2044 1172 2298 1248 λότιμον)
2339 1175 2442 1246 ὅτι,
2481 1175 2634 1246 Μηδὲ
2661 1180 2723 1233 τὸ
2757 1179 3036 1255 ὑμέτερον,
3071 1182 3219 1258 φασὶ,
3253 1183 3484 1258 γράμμα
3530 1203 3698 1258 προσ-

2043 1265 2234 1335 ήκατο,
2301 1263 2442 1338 μηδὲ
2493 1268 2592 1335 τήν
2644 1267 2859 1341 ’Δρείου
2917 1263 3202 1325 κοινωνίαν
3258 1269 3569 1347 ἀνάσχοιτο.
3632 1276 3696 1326 Ὦ

2044 1353 2344 1410 ἀκούσαντα
2394 1361 2824 1424 Κωνσταντῖνον,
2888 1363 3079 1432 πρῶτα
3135 1358 3228 1432 μὶν
3293 1361 3459 1436 μικρά
3519 1357 3696 1415 διατα-

2043 1445 2314 1518 ραχθῆναι
2348 1488 2362 1512 ,
2418 1439 2602 1499 ἔπειτα
2660 1442 2717 1499 δὲ
2765 1448 2880 1500 καθ’
2957 1447 3142 1502 ἑαυτὸν
3204 1448 3577 1518 ἀνασκοπῆσαι
3633 1449 3694 1504 τὸ

2041 1536 2291 1607 πρᾶγμα,
2341 1531 2430 1586 καὶ
2481 1532 2556 1595 είς
2598 1533 2908 1609 ἀμηχανίαν
2942 1537 3197 1590 πάντοθεν
3239 1545 3578 1613 περιστῆναι,
3616 1539 3690 1610 μὴ

2043 1618 2241 1696 ἔχοντα
2298 1622 2423 1676 ὅποι
2480 1622 2694 1696 νεύσει,
2750 1622 2840 1678 καί
2893 1620 3314 1700 προστεθήσεται
3372 1647 3383 1660 ·
3437 1634 3539 1696 τῆς
3598 1628 3692 1700 μὲν

2041 1709 2360 1765 Ἀθανασίου
2416 1712 2611 1785 ἀρετῆς
2657 1712 2966 1788 κρείττονος
3021 1712 3188 1785 οὔσης
3249 1715 3505 1777 ὑπονοίας
3564 1717 3696 1771 ἀπά-

2042 1805 2286 1868 σης,τῆς
2320 1798 2536 1854 ἐκείνων
2573 1797 2630 1854 δὲ
2677 1798 2841 1854 πάλιν
2894 1797 3160 1872 διαϐολῆς
3193 1801 3337 1858 πολὺ
3367 1804 3429 1859 τὸ
3470 1805 3691 1860 πιθανὸν

2039 1888 2129 1941 καὶ
2160 1887 2462 1963 παρόμοιον
2521 1894 2640 1950 ταῖς
2703 1887 2985 1958 ἀληθείαις
3045 1890 3304 1966 ἐχούσης.
3365 1892 3549 1954 Οὕτως
3601 1891 3692 1947 οὖν

2041 1975 2209 2052 ἔχων,
2253 1978 2354 2046 τὴν
2409 1977 2576 2050 μέσην
2637 1977 2857 2052 ἐχώρει,
2926 1980 3054 2051 μήτ’
3111 1980 3425 2036 Ἀθανασίου
3475 2002 3696 2058 καταγι-

2039 2067 2262 2119 νώσκων
2314 2068 2410 2139 (b),
2464 2069 2603 2138 μήτε
2651 2065 2815 2120 πάλιν
2869 2069 3260 2143 ἀπογινώσκων
3292 2071 3391 2138 τὴν
3425 2067 3639 2146 ἔρευναν
3676 2090 3688 2102 ’

2040 2151 2165 2209 ἄλλ’
2198 2153 2313 2209 ἐπεὶ
2342 2160 2638 2224 τηνικαῦτα
2684 2161 2803 2218 τοῖς
2852 2155 3258 2230 Ἱεροσολύμοις
3299 2160 3367 2213 τὰ
3415 2160 3694 2234 Ἐγκαίνια

2040 2241 2298 2313 ἐτελεῖτο,
2331 2243 2422 2298 καὶ
2453 2245 2530 2306 εἰς
2557 2244 2722 2300 ταύτὸ
2766 2243 2959 2322 σχεδὸν
3012 2245 3299 2303 ἐπίσκοποι
3345 2250 3541 2311 πάντες
3577 2271 3695 2304 συν-

2039 2331 2200 2406 ῄεσαν
2264 2355 2276 2367 ο
2332 2332 2594 2402 κελεύει,
2654 2335 2791 2389 κατά
2841 2336 2940 2404 τήν
3015 2334 3184 2410 Τύρον
3235 2334 3364 2392 ὁδοῦ
3420 2340 3689 2414 πάρεργον

2038 2423 2388 2496 γενομὲνους,
2448 2423 2536 2478 καί
2583 2425 2651 2477 τὰ
2716 2425 2852 2478 κατά
2890 2425 2981 2479 τὸν
3047 2426 3213 2501 μέγαν
3266 2427 3575 2484 Ἀθανάσιον
3610 2428 3690 2498 ἐξ-

2040 2512 2242 2583 ετάσαι,
2298 2510 2418 2566 ούὶὲ
2477 2509 2534 2567 δὲ
2585 2515 2746 2581 ἦττον
2810 2512 3095 2583 ἐπιστῆσαι
3154 2512 3243 2569 καί
3287 2515 3503 2590 ’Δρείου
3555 2514 3692 2586 ·⁶ίν’,

2040 2600 2084 2655 εί
2123 2601 2240 2673 μὶν,
2275 2600 2350 2663 ὡς
2383 2600 2544 2663 αὐτός
2574 2623 2759 2679 φησιν,
2785 2601 2836 2656 ἐν
2858 2601 3008 2676 ὅροις
3045 2603 3217 2675 μένων
3255 2605 3348 2678 (c),
3376 2609 3485 2659 τῶν
3519 2605 3691 2682 ὀρθῶν

2041 2686 2330 2763 δογμάτων
2371 2696 2472 2758 τῆς
2520 2687 2800 2760 ἀληθείας,
2836 2687 2924 2744 διὰ
2953 2691 3142 2768 φθόνον
3195 2691 3394 2763 ὑπέστη
3426 2695 3526 2762 τὴν
3561 2695 3692 2748 ἀπο-

2037 2778 2282 2849 κήρυξιν,
2316 2775 2636 2852 παραδεχθῇ
2666 2776 2832 2832 πάλιν
2858 2783 2938 2850 τῷ
2985 2776 3182 2852 κλήρῳ
3229 2778 3319 2834 καί
3347 2785 3416 2855 τῇ
3484 2779 3693 2855 συνόδῳ

275 2867 366 2921 καὶ
419 2869 658 2944 συναφθῇ
702 2868 762 2921 τὸ
816 2865 984 2940 μὲλος
1029 2873 1109 2940 τῷ
1157 2866 1338 2941 λοιπῷ
1387 2869 1621 2942 σώματι·
1658 2868 1702 2922 εἰ
1735 2865 1793 2923 δὲ
1821 2869 1882 2922 τὸ
1913 2865 2043 2921 ὅλον
2078 2865 2337 2942 ῥημάτων
2373 2865 2485 2921 ἐστί
2535 2867 2706 2921 πειθὼ
2753 2865 3062 2922 κλέπτουσα
3089 2869 3189 2937 τὴν
3246 2866 3526 2941 ἀλήθειαν,
3558 2873 3696 2925 κατὰ

277 2955 407 3018 τοὺς
441 2955 620 3029 ἱεροὺς
640 2955 881 3032 κρίνοιτο
910 2958 1131 3030 νόμους,
1163 2956 1253 3013 καί
1286 2956 1440 3027 δίκην
1476 2957 1622 3028 ἀξίαν
1657 2957 1890 3033 ὑπόσχοι
1918 2963 2019 3025 τῆς
2047 2961 2153 3010 τῶν
2189 2952 2479 3030 δογμάτων
2515 2953 2869 3034 διαστροφῆς.

345 3048 400 3102 7.
436 3047 796 3103 Tricesimus
816 3047 914 3104 ille
946 3065 1136 3104 annus
1186 3053 1310 3104 erat
1365 3048 1595 3120 imperii
1645 3049 1926 3104 Constan-

275 3135 386 3191 tini
422 3153 435 3191 :
469 3137 829 3208 aderantque
858 3153 925 3192 ex
953 3137 1131 3193 variis
1163 3137 1408 3193 urbibus
1438 3137 1713 3210 episcopi.
1751 3142 1928 3193 Duce-

2109 3047 2162 3098 7.
2195 3047 2520 3121 Τριακοστὸν
2559 3050 2720 3100 τοῦτο
2769 3052 2871 3115 τῆς
2922 3043 3208 3109 Βασιλείας
3241 3042 3360 3108 ἔτος
3395 3046 3693 3119 ἐνειστήκει

2037 3139 2118 3205 τῷ
2175 3133 2584 3207 Κωνσταντίνῳ,
2635 3133 2723 3188 καί
2774 3141 3020 3209 παρῆσαν
3066 3136 3159 3208 μὲν
3196 3134 3255 3190 ἐκ
3286 3135 3524 3214 ιαφόρων
3586 3136 3692 3192 πό·-

278 3224 457 3280 batur
485 3225 659 3280 etiam
692 3241 726 3280 a
757 3225 1044 3282 militibus
1066 3226 1354 3282 Macarius
1384 3227 1687 3299 presbyter
1720 3226 1930 3281 vinctis

2043 3219 2180 3276 λεων
2234 3224 2285 3276 οἱ
2336 3223 2669 3278 ἐπίσκοποι·
2703 3225 2982 3299 παρήγετο
3032 3221 3090 3278 δὲ
3135 3222 3225 3278 καὶ
3257 3226 3285 3279 6
3327 3221 3692 3303 πρεσϐύτερος

261 3314 572 3384 manibus.
597 3315 814 3370 Aderat
845 3316 1150 3386 prmfectus
1183 3316 1306 3387 ipse
1329 3333 1446 3370 una
1476 3332 1611 3371 cum
1637 3315 1927 3388 episcopis

272 3401 534 3474 judicem
557 3420 736 3477 agens
772 3428 786 3472 ;
814 3402 933 3458 imo
977 3404 1151 3459 etiam
1185 3405 1429 3476 quidam
1451 3421 1518 3460 ex
1538 3405 1885 3476 magistratu
1910 3422 1923 3462 :

277 3490 598 3549 intererant
627 3493 1019 3566 sycophantas.
1044 3493 1326 3549 Tribunal
1377 3494 1758 3563 judiciarium
1794 3510 1926 3565 ape-

278 3581 537 3637 riebatur
579 3599 591 3636 :
626 3583 1013 3637 accusabatur
1030 3582 1388 3638 Athanasius
1421 3599 1433 3638 :
1470 3600 1534 3637 ac
1575 3583 1766 3655 primo
1797 3584 1927 3654 qui-

280 3671 412 3726 dem
443 3669 541 3725 illa
575 3671 644 3726 de
674 3669 828 3726 linea
856 3678 1037 3739 veste,
1061 3675 1118 3727 et
1139 3672 1209 3726 de
1237 3672 1481 3727 avaritia
1513 3672 1812 3744 proposita
1839 3677 1930 3727 est

280 3757 470 3815 aliena
500 3758 838 3815 calumnia:
872 3761 972 3815 sed
1005 3761 1205 3815 statim
1238 3760 1504 3815 criminis
1534 3760 1747 3815 solutio
1787 3777 1928 3815 con-

275 3847 657 3920 sequebatur,
691 3849 1069 3904 manifestum
1093 3867 1230 3905 sane
1254 3849 1705 3905 inhumanitatis
1727 3865 1926 3904 eorum

276 3942 718 4009 argumentum.
751 3937 898 3992 Nam
929 3953 995 3992 ea
1015 3938 1145 4008 ipsa
1173 3937 1317 3993 hora
1341 3937 1545 3992 litterae
1569 3938 1641 3992 ab
1682 3937 1930 4009 impera-

273 4029 400 4080 tore
430 4025 500 4080 ad
520 4024 730 4094 judicii
763 4025 956 4081 locum
989 4027 1290 4094 advenere,
1327 4027 1543 4097 quibus
1576 4026 1930 4081 nonmedio-

275 4113 452 4169 eriter
483 4118 862 4186 carperentur
883 4119 1273 4180 accusatores,
1306 4115 1552 4169 crimine
1611 4114 1931 4170 solveretur

276 4201 1020 4269 Athanasius,accerseretu
1031 4220 1173 4276 rque
1187 4203 1629 4276 perhumaniter
1639 4205 1711 4258 ad
1733 4203 1860 4276 ipsu
1873 4221 1927 4258 m

276 4290 713 4362 imperatorem.
748 4292 1036 4356 Quoniam
1066 4292 1210 4364 Apis
1241 4297 1296 4348 et
1337 4291 1626 4347 Macarius
1682 4294 1820 4363 (non
1880 4294 1929 4347 is

276 4381 347 4436 de
381 4397 496 4451 quo
521 4382 766 4453 jamjam
799 4398 990 4437 sermo
1014 4381 1252 4437 habitus
1281 4386 1372 4437 est
1391 4397 1404 4436 :
1423 4381 1519 4436 ille
1549 4397 1805 4454 namque
1828 4399 1930 4453 pro

273 4485 376 4524 reo
399 4470 471 4524 ab
504 4470 846 4526 Eusebianis
879 4470 1238 4527 habebatur:
1275 4471 1374 4526 sed
1399 4469 1550 4526 alius
1580 4471 1693 4542 ipsi
1725 4487 1932 4543 cogno-

277 4559 496 4632 minis),
529 4561 701 4614 ambo
732 4559 1108 4616 Alexandrini
1156 4559 1476 4632 presbyteri
1532 4559 1930 4616 Nicomediam

2041 3313 2318 3388 Μακάριος
2365 3313 2466 3367 ὑπὸ
2520 3332 2865 3387 στρατιωτων
2908 3311 3066 3389 χερσί
3118 3311 3340 3386 δέσμιος
3377 3331 3389 3344 ·
3425 3321 3604 3390 παρῆν
3635 3313 3694 3370 δὲ

2035 3399 2125 3456 καί
2157 3400 2317 3463 αὐτὸς
2349 3403 2376 3456 ὁ
2409 3399 2594 3479 ἅρχων
2630 3399 2961 3457 συνδικάσων
2987 3407 3104 3464 τοῖς
3149 3402 3463 3466 ἐπισκόποις
3499 3422 3512 3438 ’
3548 3402 3695 3459 ἀλλὰ

2036 3489 2126 3544 καὶ
2157 3495 2263 3545 τῶν
2297 3489 2348 3544 ἐν
2394 3489 2543 3546 τέλει
2590 3491 2733 3554 τινές
2771 3510 2784 3523 ·
2815 3493 3240 3568 παρειστήκεσαν
3287 3489 3344 3547 δὲ
3392 3491 3481 3546 καὶ
3522 3494 3576 3546 οἱ
3605 3514 3693 3547 συ-

2036 3581 2318 3657 κοφάνται.
2363 3579 2462 3634 Καὶ
2508 3580 2570 3634 τὸ
2606 3580 2698 3652 μὲν
2747 3576 3052 3636 δικαστικὸν
3103 3579 3456 3635 ἀνεπτύσσετο
3492 3581 3648 3656 βῆμα
3681 3599 3694 3614 ⁸

2039 3666 2286 3724 ἐκαλεῖτο
2319 3666 2376 3723 δὲ
2409 3669 2744 3731 Ἀθανάσιος.
2777 3670 2878 3723 Καὶ
2920 3673 3136 3744 πρῶτον
3185 3671 3275 3742 (d)
3331 3670 3424 3742 μὲν
3475 3671 3542 3723 τὰ
3569 3671 3695 3744 περὶ

2036 3763 2137 3825 τῆς
2170 3754 2331 3825 λινῆς
2365 3754 2612 3824 ἐσθῆτος,
2645 3756 2734 3810 καὶ
2767 3758 2802 3825 ἡ
2827 3763 2930 3824 τῆς
2959 3753 3411 3832 φιλοχρηματίας
3459 3757 3690 3833 εἰσήχθη

2041 3843 2345 3906 ἀλλόκοτος
2379 3839 2636 3914 διαϐολή·
2670 3841 2798 3898 ἀλλ’
2839 3842 2993 3906 εὐθὺς
3021 3843 3112 3898 καὶ
3150 3848 3246 3898 τοῦ
3273 3841 3625 3918 ἐγκλήματος
3655 3849 3690 3914 ἡ

2039 3931 2197 3995 λύσις
2230 3930 2612 4003 ἐπηκολούθει,
2657 3933 2830 4010 σαφὴς
2877 3929 3112 4008 ἔλεγχος
3164 3932 3297 3986 οὖσα
3341 3939 3443 4001 τῆς
3475 3931 3690 3988 ἐκείνων

2040 4020 2456 4093 ἀπανθρωπίας.
2508 4022 2814 4096 Γράμματα
2855 4022 2958 4097 γὰρ
3006 4021 3065 4076 ἐκ
3109 4025 3205 4076 τοῦ
3258 4019 3528 4097 βασιλέως
3577 4023 3696 4077 κατ’

2040 4109 2213 4165 ἐκεῖνο
2241 4117 2340 4178 τῆς
2383 4109 2528 4186 ὥρας
2579 4109 2833 4188 ἐπιφοιτᾷ
2877 4115 2956 4182 τῷ
3004 4108 3362 4188 δικαστηρίῳ,
3417 4110 3693 4184 ἁπτόμενα

2044 4199 2161 4272 μὶν,
2213 4193 2336 4254 οὔτε
2386 4202 2458 4272 (e)
2521 4199 2791 4275 μετρίως,
2837 4204 2944 4254 τῶν
2995 4199 3319 4276 κατηγόρων
3349 4245 3362 4271 ,
3415 4199 3588 4263 αἰτίας
3640 4199 3698 4256 δὲ

2040 4289 2354 4344 ’Δθανάσιον
2409 4288 2676 4366 ἀφιέντα,
2725 4289 2815 4343 καὶ
2864 4289 3002 4365 πρὸς
3061 4289 3218 4344 αὐτὸν
3273 4289 3498 4366 ἠμὲρως
3557 4290 3697 4344 πάνυ

2039 4376 2128 4431 καὶ
2160 4376 2405 4452 γνησίως
2469 4375 2936 4450 μετακαλούμενα.
3001 4376 3221 4446 Ἐπειδὴ
3276 4379 3441 4440 "Am:
3494 4398 3554 4432 τε
3608 4378 3699 4433 καὶ

2040 4467 2319 4542 Μακάριος
2378 4466 2506 4542 (οὐχ
2562 4466 2620 4521 ’ὸν
2681 4464 2788 4538 ἤδη
2852 4468 3054 4546 φθάσας
3105 4468 3133 4521 ὁ
3185 4465 3358 4542 λόγος
3401 4465 3696 4538 ἐδήλωσεν·

2043 4554 2246 4617 ἐκεῖνος
2284 4556 2387 4630 γὰρ
2433 4555 2484 4611 ἐν
2538 4555 2843 4611 ὑπευθύνων
2894 4556 3060 4631 μοίρᾳ
3097 4561 3214 4619 τοῖς
3263 4556 3389 4631 περὶ
3437 4551 3700 4612 Εύσέϐιον

275 4665 391 4704 non
425 4648 495 4703 de
526 4648 838 4716 industria,
872 4649 972 4705 sed
1005 4649 1116 4704 alio
1139 4665 1276 4704 casu
1310 4649 1596 4714 adierant,
1618 4649 1930 4722 imperato-

2043 4643 2318 4717 ἐνομίζετο
2355 4663 2367 4675 ·
2397 4641 2523 4698 ἀλλ’
2552 4640 2736 4718 ἕτερος
2789 4643 3002 4718 μᾶλλον
3049 4644 3363 4719 ὁμωνύμως
3411 4644 3558 4717 αότῷ
3601 4665 3698 4700 κα-

281 4752 525 4808 remque
555 4738 988 4810 convenientes,
1022 4739 1221 4794 omnia
1251 4738 1337 4793 uti
1371 4754 1500 4793 vere
1529 4755 1592 4794 se
1639 4738 1934 4794 habebant

277 4826 980 4899 enarravere,falsamque
1011 4828 1291 4882 adversus
1323 4831 1595 4882 sanctum
1628 4827 1931 4883 hominem

277 4913 737 4986 accusationem,
770 4931 993 4970 necnon
1018 4915 1252 4986 iniquas
1285 4914 1415 4969 illas
1450 4913 1696 4970 insidias
1753 4917 1934 4971 resol-

277 5009 444 5060 vunt.
476 5003 703 5067 Quibus
733 5021 867 5060 cum
899 5005 1075 5060 ﬁdem
1108 5004 1349 5058 haberet
1385 5004 1724 5076 imperator,
1759 5011 1935 5077 atque

280 5109 625 5164 persuasus,
657 5093 777 5148 imo
808 5093 1004 5165 potius
1025 5092 1176 5148 veris
1201 5092 1567 5163 argumentis
1588 5093 1936 5162 pudefactus

278 5197 346 5236 ac
384 5183 708 5250 convictus,
743 5181 886 5236 nihil
919 5181 1215 5250 credibile,
1250 5180 1395 5235 nihil
1426 5196 1754 5252 congruens
1808 5200 1936 5238 esse

279 5286 414 5325 cum
445 5271 686 5326 veritate
713 5272 770 5326 in
804 5271 1104 5327 calumnia
1137 5270 1499 5340 hujusmodi,
1555 5271 1656 5324 sed
1707 5271 1935 5326 invidias

281 5359 466 5414 fetum
499 5359 661 5415 illam
693 5377 822 5416 esse
856 5377 867 5416 :
907 5359 1246 5431 hujusmodi
1289 5357 1384 5413 ille
1441 5357 1603 5413 dedit
1661 5357 1887 5415 litteras
1921 5376 1933 5414 :

283 5449 502 5519 quibus
529 5448 588 5503 in
623 5451 749 5521 ipsa
772 5448 1168 5506 accusationis
1184 5447 1566 5520 productione
1586 5448 1658 5503 ad
1681 5448 1937 5505 tribunal

378 5660 428 5733 b)
452 5660 547 5736 _Sic
570 5677 712 5736 mss.
735 5679 886 5719 vere.
920 5660 1259 5736 Ediﬁti'vero,
1294 5660 1466 5736 male,
1496 5661 1796 5736 γινώσκων.

367 5589 430 5663 ᾖα)
462 5590 558 5663 Sic
587 5607 730 5647 mss.
761 5591 912 5648 Editi
945 5608 1101 5663 vero,
1133 5588 1321 5646 αὐτοῦ.

367 5607 406 5645 a
462 5590 558 5646 Sic
587 5607 730 5647 mss.
761 5591 912 5648 Editi
945 5608 1101 5663 vero,
1133 5589 1321 5646 αὐτοῦ.

351 5589 430 5806 ibi
452 5660 547 5717 Sic
570 5677 712 5718 mss.
735 5679 886 5719 vere.
920 5663 1074 5720 Editi
1103 5679 1259 5734 vero,
1294 5679 1366 5718 ma

373 5738 423 5802 ε)
456 5733 542 5790 Ita
569 5733 682 5790 duo
717 5750 860 5791 mss.
885 5735 1038 5792 Editi
1068 5752 1223 5806 vero,
1252 5734 1366 5808 μὲν,

2045 4731 2353 4806 λούμενος),
2411 4738 2513 4801 τῆς
2587 4729 2983 4806 ’Δλεξανδρέων
3062 4730 3228 4811 ἄμφω
3293 4725 3651 4805 πρεσϐύτεροι
3686 4775 3700 4801 ,

2045 4819 2444 4895 Νικομηδεῦσιν
2507 4820 2606 4876 οὐκ
2658 4820 2716 4876 ἐκ
2760 4821 3052 4894 ποονοίας,
3101 4819 3228 4876 ἀλλ’
3287 4820 3431 4876 οὕτω
3489 4815 3699 4895 συμϐὰν

2046 4911 2377 4981 ἐπιστάντες,
2431 4909 2521 4964 καὶ
2574 4908 2788 4986 βασιλεῖ
2830 4910 3267 4986 συγγενόμενοι,
3315 4911 3490 4966 πάντα
3537 4929 3701 4965 κατα-

2044 4999 2268 5075 λέγουσι
2306 5000 2440 5072 μετὰ
2487 5005 2589 5069 τῆς
2621 4996 2906 5070 ἀληθείας,
2953 5000 3044 5055 καὶ
3094 4999 3156 5054 τὸ
3203 4996 3396 5074 ψευδὲς
3446 4997 3705 5075 ἔγκλημα

2042 5091 2180 5145 κατά
2224 5093 2321 5143 τοῦ
2380 5088 2562 5164 ἀγίου,
2608 5088 2699 5143 καὶ
2741 5090 2840 5158 τὴν
2892 5087 3077 5144 ἄδικον
3134 5089 3336 5159 ταύτην
3398 5083 3702 5158 ἐπιϐουλὴν

2046 5177 2378 5236 διαλύονται.
2442 5179 2534 5240 Οἷς
2583 5178 2673 5232 καὶ
2720 5180 2819 5248 τήν
2875 5175 3057 5235 ἄδικον
3118 5178 3321 5249 ταύτην
3399 5173 3702 5248 ἐπιϐουλὴν

2051 5266 2262 5342 μᾶλλον
2295 5265 2352 5323 δὲ
2380 5266 2506 5330 τοὺς
2542 5265 2602 5322 ἐκ
2627 5273 2730 5337 τῆς
2763 5265 3024 5337 ἀληθείας
3048 5266 3317 5346 ἐλέγχους
3339 5265 3702 5341 δυσωπηθεὶς,

2046 5355 2129 5415 δτι
2167 5355 2333 5431 μηδὲν
2369 5356 2487 5432 εἶχε
2514 5357 2728 5424 πιστὸν,
2764 5355 2906 5431 μηδὲ
2950 5363 3052 5427 τῆς
3096 5361 3193 5413 τοῦ
3216 5357 3542 5432 πράγματος
3571 5355 3702 5413 ἀκο-

2048 5447 2269 5510 λουθίας
2297 5443 2737 5523 ἐχόμενον,ἀλλά
2759 5447 2958 5526 φθόνου
2979 5447 3229 5523 γέννημα
3261 5445 3426 5520 μόνον
3460 5447 3706 5525 ἀτεχνῶς

2143 5591 2198 5662 d)
2227 5589 2449 5664 Omnes
2474 5605 2617 5646 mss.
2649 5589 2742 5644 καὶ
2771 5593 3006 5664 πρῶτον.

2143 5591 2198 5662 d)
2229 5591 2449 5646 Omnes
2474 5605 2617 5646 mss.
2649 5591 2742 5644 καὶ
2771 5593 3006 5664 πρῶτον.

2120 5591 2190 5734 is)
2223 5663 2307 5718 Ita
2337 5678 2543 5719 omnes
2574 5678 2716 5720 mss.
2753 5664 2962 5722 nostri.
2989 5662 3140 5720 Editi
3169 5678 3324 5720 vero.
3359 5657 3499 5720 οὔτι.
