4146 6400
1242 414 1433 482 νΙΤΑ
1478 416 1543 481 S.
1591 416 2022 482 ATHANASII
2066 417 2408 483 INCERTU
2450 418 2841 485 AUCTORE.

3616 434 3755 487 CXCI

346 547 380 621 ἠ
411 541 675 619 διαϐολὴ,
722 547 789 603 τά
836 551 1058 605 τοιαῦτα
1088 546 1289 620 ἐξέθετο
1321 551 1637 623 γράμματα·
1668 551 1741 603 ὧν
1777 549 1828 604 ἐν
1854 550 1988 625 αὐτῇ

2116 552 2291 622 lectis,
2326 570 2510 626 angor
2558 572 2689 610 mox
2718 558 2773 610 et
2802 553 3053 610 formido
3093 552 3453 611 Eusebianos
3492 553 3754 625 invasit;

345 644 412 714 τῇ
459 646 559 708 τῆς
616 639 949 714 κατηγορίας
1006 639 1280 713 εἰσαγωγῇ
1342 638 1427 692 ἐπὶ
1484 644 1579 692 τοῦ
1640 637 1989 714 δικαστηρίου

348 729 793 809 ἀναγνωσθέντων
830 775 844 799 ,
906 728 1108 801 ἀγωνία
1164 727 1289 789 τους
1346 730 1469 801 περί
1520 723 1775 783 Εύσέϐιον
1839 729 1989 790 εὐθὺς

345 818 433 871 xui
466 814 587 878 δέος
616 822 856 892 κατεῖχε,
906 818 993 870 καὶ
1042 816 1140 871 οὐκ
1189 816 1337 891 εἶχον
1391 816 1419 871 ὅ
1476 838 1528 871 τι
1576 818 1664 872 καὶ
1711 819 1989 892 γένωνται.

345 904 498 974 Πλὴν
533 903 657 959 ἀλλ’
687 902 800 959 οὐδ’
834 904 1056 959 ἐνταῦθα
1079 904 1298 960 τίσταντο
1327 912 1425 974 τῆς
1457 908 1669 978 μανίας,
1704 904 1827 961 οὐδὲ
1852 909 1989 981 ἠγά-

344 1016 459 1050 πων
494 994 630 1064 ἅπαξ
680 992 1046 1069 ἐληλεγμένοι
1087 1014 1097 1025 ·
1133 992 1277 1049 ἀλλὰ
1329 995 1418 1049 xui
1469 995 1611 1049 οὕτω
1659 997 1991 1071 κατηγορίας

345 1084 528 1144 αὐτοῖς
560 1086 637 1157 (α)
672 1084 747 1145 εἰς
787 1082 1097 1138 τούναντίον
1143 1084 1587 1160 περιτραπείσης,
1638 1085 1726 1139 xui
1782 1084 1994 1161 βασιλι-

346 1179 463 1235 κοῖς
499 1171 711 1246 μᾶλλον
744 1170 1059 1246 ἐγκλήμασι
1087 1172 1215 1234 τοὺς
1248 1174 1510 1243 ἀνοήτους
1545 1170 1990 1245 ὑποϐαλλούσης,

348 1262 539 1318 ἐκεῖνοι
582 1263 672 1316 καὶ
719 1262 854 1337 πρὸς
903 1263 998 1323 τὰς
1051 1260 1226 1323 ἄλλας
1277 1262 1564 1337 ἐτρέποντο
1610 1264 1699 1319 καὶ
1747 1266 1814 1317 τὰ
1860 1265 1996 1317 κατὰ

344 1355 435 1408 τὸν
490 1346 853 1426 πρεσϐύτερον
905 1352 1179 1428 Μακάριον
1234 1351 1494 1409 ἐκινεῖτο,
1556 1354 1655 1407 Καὶ
1715 1356 1993 1429 παρήγετο

343 1445 652 1518 κατήγορος
687 1442 782 1515 μὲν
815 1443 842 1496 ὁ
890 1441 1162 1517 Ἰσχύρας,
1218 1443 1483 1519 μάρτυρες
1534 1441 1589 1497 δὲ
1638 1445 1691 1497 oi
1741 1444 1864 1520 περὶ
1897 1443 1995 1499 Εὐ-

345 1528 523 1588 σέϐιον
560 1553 572 1564 ·
607 1530 698 1593 οὓς
731 1536 919 1607 πρῶτα
970 1531 1061 1603 μὲν
1110 1532 1419 1594 Ἀθανάσιος
1465 1533 1541 1594 ὡς
1591 1532 1828 1608 ἐχθροὺς·
1865 1553 1997 1607 παρ-

345 1621 629 1697 ιγράφετο,
662 1620 751 1673 καὶ
779 1619 973 1693 νόμοις
1021 1618 1227 1690 αὐτοῖς,
1261 1619 1349 1674 καὶ
1396 1626 1515 1683 ταῖς
1565 1620 1623 1675 ἐκ
1668 1626 1776 1677 τῶν
1810 1621 1992 1694 νόμων

343 1710 599 1784 ἀνάγκαις
659 1710 805 1783 εἶργε
853 1716 956 1777 τῆς
1011 1710 1127 1763 κατ’
1182 1708 1345 1763 αὐτοῦ
1407 1710 1701 1787 μαρτυρίας
1752 1733 1763 1745 ·
1815 1709 1998 1765 ἔπειτα

345 1797 518 1856 δὲκαὶ
566 1798 611 1854 εἰ
663 1800 739 1873 (b)
790 1800 817 1852 6
861 1800 1169 1873 κατήγορος
1221 1798 1471 1874 ’ἰσχύρας
1523 1800 1695 1873 ἱερεὺς
1746 1798 1827 1869 εἷή
1878 1806 1995 1861 ταῖς

2102 659 2206 697 nec
2238 660 2521 714 quorsum
2545 644 2851 699 evaderent
2872 644 3155 700 sciebant.
3181 650 3255 699 At
3277 662 3391 700 non
3422 645 3519 701 hic
3549 663 3751 702 eorum

2102 733 2263 787 furor
2310 732 2603 793 constitit;
2643 750 2746 787 nec
2798 732 2976 788 semel
3023 734 3269 789 convicti
3316 734 3605 807 quievere.
3647 737 3755 791 Sed

2102 823 2474 877 accusatione
2506 821 2589 876 sic
2618 821 2674 875 in
2708 823 3067 877 contrarium
3102 840 3400 890 conversa,
3431 828 3487 878 et
3518 825 3757 880 insanos

2102 911 2236 966 illos
2268 912 2658 982 imperatoriis
2681 912 3253 983 expostulationibus
3275 912 3655 983 subjiciente:
3683 915 3755 969 ad

2104 1001 2249 1055 alias
2282 1000 2364 1053 illi
2398 1000 2795 1055 accusationes
2827 1018 2953 1055 sese
2985 1006 3239 1056 vertunt.
3272 1004 3351 1056 Ac
3402 1007 3526 1056 tum
3558 1002 3758 1058 crimi-

2104 1090 2261 1145 natio
2295 1091 2573 1159 adversus
2605 1090 2921 1144 Macarium
2956 1091 3210 1144 affertur.
3246 1091 3315 1144 Et
3360 1092 3761 1147 adducebatur

2103 1183 2408 1235 accusator
2438 1180 2705 1250 Ischyras
2740 1195 2750 1231 :
2785 1184 2963 1233 testes
2993 1185 3187 1233 autem
3221 1180 3534 1234 Eusebiani
3567 1185 3756 1236 erant.

2104 1269 2259 1332 Quos
2278 1269 2533 1339 primum
2556 1272 2753 1339 utpote
2773 1268 3038 1322 inimicos
3062 1269 3755 1341 recusaratAthanasius,

2104 1357 2367 1429 ipsisque
2399 1356 2649 1429 legibus,
2682 1356 2997 1428 legumque
3046 1359 3411 1423 necessitate,
3460 1360 3695 1413 arcebat
3726 1376 3760 1414 a

2104 1445 2439 1502 testimonio
2461 1445 2770 1500 adversum
2796 1462 2855 1499 se
2879 1445 3146 1500 dicendo.
3170 1446 3508 1500 Postulabat
3527 1447 3757 1511 deinde,

2106 1540 2173 1589 ut
2202 1552 2274 1590 an
2303 1534 2574 1589 sacerdos
2607 1534 2872 1606 Ischyras
2904 1539 3060 1588 esset
3086 1551 3217 1589 vere
3248 1536 3757 1606 comprobaretur;

2104 1628 2351 1694 tumque
2384 1639 2451 1677 ea
2480 1621 2605 1694 lege
2656 1622 3040 1693 pollicebatur
3070 1639 3131 1678 se
3162 1639 3400 1678 causam
3439 1623 3758 1678 dicturum.

2109 1715 2236 1768 Hinc
2266 1712 2364 1767 ille
2396 1712 2625 1767 dicebat
2659 1730 2670 1767 :
2707 1712 3010 1783 atjudices
3038 1712 3094 1766 id
3124 1728 3239 1766 non
3271 1728 3626 1767 concessere.
3650 1714 3759 1768 Sed

2107 1806 2233 1857 tum
2267 1802 2325 1855 in
2358 1801 2617 1856 medium
2640 1801 2892 1856 adducta
2913 1805 3001 1855 est
3029 1800 3263 1855 Macarii
3298 1802 3764 1874 causa,jamque

346 1887 630 1958 ἀληθείαις
682 1885 983 1941 δείκνυσθαι
1035 1886 1191 1956 ἠξίου
1228 1906 1240 1917 ·
1274 1888 1363 1941 καὶ
1392 1887 1513 1942 τότε
1555 1887 1755 1963 λόγους
1792 1890 1993 1964 ὑφέξειν

348 1976 394 1994 )l‘
608 1977 622 1994 ἱ
700 1975 712 1994 ἳ
763 1976 775 1991 \
926 1980 951 1989 ὐ
1012 1973 1026 1994 ἳ
1109 1973 1128 1994 Ν
1166 1977 1179 1994 Ι
1429 1983 1467 1994 m
1505 1982 1531 1991 -ν
1647 1976 1661 1994 9
1733 1984 1754 1993 ιι
1942 1980 1958 1994 \

2116 1892 2179 1947 ad
2230 1890 2689 1945 concertationes
2739 1894 2795 1944 et
2846 1890 3220 1961 probationes
3269 1890 3625 1946 veniebant:
3660 1891 3763 1945 sed

346 1976 503 2051 ἔλεγε
534 1977 624 2030 καὶ
656 1975 816 2037 αὐτὸς
860 1980 957 2029 τοῦ
1009 1973 1382 2049 ἐγκλήματος.
1429 1982 1605 2031 Ταῦτα
1644 1976 1847 2040 ἐκεῖνος
1904 1980 1996 2051 μὲν

346 2064 531 2140 ἔλεγεν
567 2083 578 2095 ’
608 2066 659 2118 oi
689 2062 933 2118 δικασταὶ
966 2061 1023 2118 δὲ
1071 2063 1169 2118 οὐκ
1216 2064 1504 2139 ἠνείχοντο
1540 2085 1550 2095 ·
1587 2064 1711 2119 ἀλλ’
1752 2067 2000 2141 εἰσήγετο

354 2156 446 2228 μὲν
488 2157 523 2222 ἡ
573 2154 710 2207 κατά
754 2157 850 2206 τοῦ
902 2153 1182 2227 Μακαρίου
1236 2151 1360 2221 δίκη
1411 2155 1500 2208 xui
1562 2154 1854 2230 ἐκροτεῖτο,
1912 2157 2001 2211 καὶ

350 2245 486 2315 πρὸς
520 2243 730 2317 ἀγῶνας
779 2238 888 2311 ἤδη
935 2241 1025 2295 καὶ
1078 2238 1377 2311 ἀποδείξεις
1412 2242 1632 2318 ἐχώρει.
1677 2246 2002 2314 Ἀτονησάν-

348 2354 455 2387 των
490 2330 547 2387 δὲ
574 2336 681 2385 τῶν
719 2330 990 2407 ἐλέγχων,
1017 2326 1291 2399 ἀναϐολὴν
1320 2327 1621 2405 ἐλάμϐανεν
1656 2336 1690 2402 ἡ
1726 2334 2001 2410 ἀκρόασις’

353 2421 491 2476 ὥστε
540 2422 630 2475 καὶ
686 2427 787 2489 τῆς
846 2418 934 2474 ἐπὶ
990 2424 1087 2474 τοῦ
1137 2419 1308 2474 τόπου
1370 2418 1627 2491 δεηθῆναι
1689 2425 2003 2493 ζητήσεως.

357 2510 505 2565 Ἐπεὶ
538 2507 595 2564 δὲ
634 2508 725 2571 οὓς
777 2510 1090 2570 Ἀθανάσιος
1140 2510 1539 2587 παρεγράφετο,
1589 2510 1813 2574 τούτους
1864 2513 2007 2588 ἑώρα

354 2600 739 2671 πεμπομένους
785 2598 920 2671 πρὸς
970 2598 1069 2665 τὴν
1122 2596 1375 2667 ἐξέτασιν,
1435 2598 1558 2653 τότε
1616 2599 1741 2654 οὐδὲ
1798 2606 2004 2672 σιωπᾷν

355 2684 580 2761 ἔκρινεν,
613 2684 739 2741 οὐδὲ
768 2687 969 2765 φέρειν,
1016 2684 1159 2756 ἀλλ’,
1191 2682 1428 2757 Ἀπέσϐη
1462 2689 1524 2743 τὸ
1574 2686 1801 2763 δίκαιον,
1851 2686 2007 2745 ἐϐόα-

353 2778 658 2846 πεπάτηται
691 2778 761 2849 (c)
800 2778 835 2844 ἡ
884 2773 1134 2848 ἀλήθεια,
1186 2776 1370 2848 νόμων
1423 2773 1671 2851 ἀκρίϐεια
1716 2780 1805 2833 καὶ
1861 2777 2007 2834 δικα-

356 2871 490 2920 στῶν
525 2863 758 2941 οίχεται.
794 2868 917 2926 Πῶς
951 2865 1075 2940 γὰρ,
1114 2865 1295 2941 φησὶν,
1324 2865 1423 2919 οὐκ
1454 2865 1511 2920 ἂν
1542 2864 1623 2937 εἶή
1652 2872 1758 2922 τῶν
1792 2868 2005 2923 ἀτόπων

353 2956 444 3010 τὸν
492 2956 585 3028 μὲν
648 2953 1132 3028 ἀπολογησόμενον
1196 2954 1297 3009 ὑπὸ
1355 2951 1574 3028 δεσμοῖς
1627 2956 1884 3035 ἀσφαλῶς
1913 2980 2009 3027 τη-

357 3046 580 3119 ρεῖσθαι,
611 3044 702 3098 τὸν
734 3045 1187 3117 κατηγορήσοντα
1233 3040 1290 3098 δὲ
1339 3044 1588 3107 καὶτοὺς
1639 3045 1867 3121 ἐχθροὺς
1907 3049 2005 3115 τήν

356 3132 494 3203 ὅλην
522 3139 623 3202 τῆς
653 3129 813 3201 δίκης
844 3134 1226 3186 πεπιστεῦσθαι
1257 3135 1461 3210 ψῆφον
1498 3134 1559 3187 ού
1597 3136 1703 3207 μην
1737 3132 1882 3189 ἀλλά
1920 3138 2008 3190 καὶ

360 3224 635 3298 μάρτυρας
682 3220 828 3293 αὐτῷ
874 3218 1101 3282 τούτους
1149 3222 1285 3275 εἶναι
1335 3227 1441 3276 τῶν
1495 3222 1884 3298 ἐγκλημάτων,
1928 3224 2009 3302 ἐφ’

2111 1997 2245 2036 cum
2291 1980 2526 2033 inﬁrma
2573 1982 2769 2034 essent
2823 1982 3192 2050 argumenta,
3227 1978 3587 2035 intermissio
3638 1983 3763 2035 erat

2112 2068 2465 2133 actionis,ita
2485 2071 2549 2122 ut
2562 2067 2738 2122 etiam
2755 2068 2811 2121 in
2837 2067 2965 2138 ipso
2989 2066 3113 2122 loco
3130 2066 3473 2139 perquisitio
3499 2068 3764 2124 facienda

2112 2158 2443 2215 necessario
2490 2161 2664 2213 esset.
2700 2161 2773 2211 At
2801 2157 3005 2212 videns
3036 2156 3395 2212 Athanasius
3425 2174 3490 2213 eo
3522 2158 3594 2212 ad
3627 2174 3763 2230 per—

2115 2247 2493 2320 quisitionem
2550 2246 2702 2301 mitti
2733 2246 2887 2301 viros
2916 2263 2950 2300 a
2981 2262 3043 2300 se
3097 2250 3398 2300 recusatos
3428 2263 3441 2313 ;
3476 2250 3617 2300 tunc
3648 2263 3764 2301 non

2114 2336 2269 2392 ultra
2286 2336 2578 2392 silendum
2597 2352 2783 2406 neque
2800 2335 2941 2389 illud
2961 2334 3262 2389 ferendum
3282 2335 3768 2391 ratuszExstincta

2115 2430 2223 2491 est,
2256 2425 2616 2487 exclamavit,
2644 2422 2897 2493 justitia,
2925 2421 3380 2493 conculcataque
3408 2422 3657 2477 veritas:
3683 2421 3765 2478 le-

2117 2531 2256 2587 gum
2291 2519 2463 2584 atque
2484 2512 2753 2584 judicum
2777 2512 3020 2582 aequitas
3051 2510 3457 2576 abscedit.Qui
3489 2512 3645 2566 enim
3673 2512 3772 2566 ab-

2117 2603 2363 2659 surdum
2396 2619 2511 2657 non
2543 2602 2736 2669 fuerit,
2771 2618 2905 2656 eum
2951 2601 3047 2672 qui
3082 2617 3320 2655 causam
3354 2600 3613 2655 defendit
3640 2600 3769 2654 vin-

2117 2692 2267 2747 culis
2298 2692 2679 2747 constrictum
2704 2691 3318 2761 teneri,accusatorem
3340 2706 3471 2745 vero
3491 2693 3547 2745 et
3570 2689 3768 2744 inimi-

2117 2798 2236 2847 cos,
2270 2785 2457 2837 totum
2479 2781 2690 2853 judicii
2721 2780 3013 2836 calculum
3059 2797 3234 2852 penes
3267 2795 3327 2835 se
3358 2779 3574 2835 habere
3603 2795 3617 2834 :
3653 2780 3771 2834 imo

2118 2875 2297 2926 testes
2329 2888 2397 2926 ea
2430 2871 2687 2943 proferre
2737 2870 3005 2937 crimina,
3040 2870 3110 2925 de
3143 2868 3360 2941 quibus
3404 2867 3517 2941 ipsi
3539 2869 3774 2940 judices

2118 2960 2238 3018 sint
2258 2962 2284 3014 ‘I
2307 2961 2437 3015 Hec
2457 2976 2590 3014 cum
2617 2959 2808 3031 palam
2832 2959 3218 3015 exclamasset
3240 2957 3324 3012 vir
3346 2974 3619 3029 magnus,
3635 2974 3741 3013 con
3760 2988 3775 3000 -

2116 3054 2489 3120 testatusque
2517 3065 2709 3104 coram
2746 3049 3017 3103 universa
3059 3048 3305 3120 synodo,
3340 3064 3402 3101 se
3435 3046 3657 3101 nullam
3691 3046 3773 3100 ibi

2119 3139 2269 3210 sequi
2298 3138 2551 3209 bonique
2572 3137 2857 3193 rationem
2879 3152 3113 3191 cernere
3138 3161 3151 3202 ;
3178 3136 3248 3190 de
3272 3136 3531 3191 discessu
3554 3135 3773 3208 cogita-

2118 3228 2221 3293 vit,
2254 3233 2310 3282 et
2340 3228 2492 3283 clam
2525 3227 2934 3297 imperatorem
2958 3225 3117 3280 adiit.
3143 3224 3350 3280 Statim
3387 3230 3584 3279 autem
3607 3240 3775 3295 syno-

356 3297 444 3372 οἷς
468 3310 622 3365 αὐτοὶ
662 3306 875 3364 δικάσαι
906 3311 983 3383 (d)
1040 3307 1304 3382 μέλλουσι
1340 3329 1352 3379 ;
1387 3315 1571 3367 Ταῦτα
1616 3317 1711 3366 τοῦ
1764 3297 2007 3388 μεγάλου

2122 3316 2254 3382 dus,
2289 3320 2391 3370 aut
2424 3316 2621 3386 potius
2675 3314 2993 3369 sceleratus
3026 3313 3121 3368 ille
3172 3317 3376 3378 enatus,
3407 3312 3555 3383 fuga:
3604 3311 3772 3366 illum

356 3404 593 3477 φανερῶς
640 3393 997 3468 ἐπιϐοῶντος,
1049 3397 1206 3471 κοινῂ
1259 3396 1316 3452 δὲ
1363 3398 1451 3453 καὶ
1499 3404 1567 3473 τῇ
1614 3398 1819 3473 συνόδῳ
1869 3403 2012 3476 πάσῃ

358 3485 888 3564 διαμαρτυρομένου,
923 3489 998 3549 ὡς
1030 3485 1217 3541 οὐδένα
1265 3485 1429 3561 λόγον
1482 3488 1676 3551 αὐτοὺς
1724 3496 1821 3544 τοῦ
1847 3512 1903 3545 τε
1929 3489 2009 3545 δι-

355 3576 510 3632 καίου
540 3576 630 3631 καὶ
660 3581 766 3630 τῶν
800 3575 965 3631 αὐτοῦ
997 3574 1179 3651 λόγων
1221 3577 1585 3649 ποιουμένους
1635 3579 1780 3654 ἑώρα
1812 3598 1824 3609 ·
1859 3581 1886 3633 6
1921 3581 2012 3652 μὲν

357 3668 708 3742 ἀναχώρησιν
742 3664 933 3738 ἐννοεῖ,
974 3665 1064 3719 καὶ
1096 3666 1233 3740 πρὸς
1280 3665 1371 3719 τὸν
1429 3664 1654 3741 βασιλέα
1686 3670 1863 3722 λαθὼν
1917 3668 2011 3723 ἐπ-

356 3756 552 3810 άνεισιν
588 3775 601 3786 ·
634 3757 670 3824 ἡ
728 3751 953 3815 σύνοδος
1003 3751 1061 3809 δὲ
1106 3754 1317 3822 αὐτίκα,
1369 3755 1403 3823 ἢ
1454 3756 1515 3810 τὸ
1567 3758 1805 3832 πονηρὸν
1851 3759 2011 3835 φάναι

356 3843 651 3920 συνέδριον,
686 3843 901 3919 ἐρήμην
936 3842 1099 3898 αὐτοῦ
1148 3840 1485 3914 καταδιαιτᾷ.
1534 3846 1681 3900 Ἐπεὶ
1728 3844 1786 3901 δὲ
1816 3847 1905 3901 καὶ
1944 3849 2011 3902 τὰ

355 3932 406 3989 ἐν
438 3939 519 4006 τῷ
568 3933 837 4009 Μαρεώτῃ
884 3934 1245 4007 πεπραγμένα
1292 3934 1461 4009 πέρας
1522 3934 1659 4010 εἶχε,
1709 3936 1797 3990 xui
1837 3938 2011 3992 πάντα

352 4024 489 4078 κατά
535 4023 767 4099 γνώμην
815 4027 933 4089 τοῖς
985 4021 1205 4097 ἐχθροῖς
1258 4017 1451 4093 ἔκειτο,
1503 4025 1809 4101 καθαίρεσιν
1853 4028 2009 4081 Ἀθα-

353 4132 538 4167 νασιου
571 4110 809 4181 παντελῆ
844 4110 1196 4189 ψηφίζονται,
1249 4113 1301 4165 οἱ
1346 4111 1549 4183 ταύτης
1583 4112 1719 4184 ἄξιοι
1771 4113 2005 4188 μᾶλλον,

2122 3404 2450 3460 insimulat.
2484 3404 2625 3459 Cum
2660 3420 2752 3458 res
2783 3404 2840 3457 in
2875 3404 3125 3457 Mareote
3155 3405 3328 3473 gestae
3361 3401 3433 3455 ad
3465 3402 3641 3455 linem
3672 3401 3773 3455 de-

2120 3494 2307 3548 ductas
2336 3497 2551 3562 essent,
2585 3491 2901 3563 omniaque
2933 3490 3189 3545 inimicis
3233 3506 3301 3545 ex
3332 3488 3617 3544 sententia
3649 3505 3770 3544 ces-

2121 3584 2357 3649 sissent,
2392 3580 2943 3637 condemnationem
2984 3578 3287 3635 Athanasii
3320 3578 3554 3650 plenam
3582 3579 3778 3633 decer-

2121 3676 2291 3735 nunt,
2342 3671 2455 3743 ipsi
2504 3670 2723 3742 potius,
2754 3669 2995 3724 veritate
3033 3669 3254 3739 judice,
3287 3666 3776 3723 condemnatione

2121 3762 2499 3833 digni,quam
2520 3759 2617 3815 ille
2646 3759 2744 3831 qui
2772 3758 2995 3814 nullam
3030 3758 3089 3813 in
3110 3756 3548 3830 pulchritudine
3566 3755 3774 3812 animaa

2121 3868 2239 3906 suae
2272 3849 2561 3904 maculam
2595 3848 2941 3903 admittebat
2972 3864 2983 3900 :
3021 3846 3120 3918 qui
3151 3845 3647 3915 accusationibus,
3680 3846 3777 3900 ab-

2119 3939 2352 3994 dicandi
2384 3955 2561 3993 causa
2608 3938 2737 4003 viri,
2772 3935 3168 4002 contumeliis,
3200 3933 3597 3989 derisionibus
3638 3948 3773 3988 eum

2120 4044 2299 4100 supra
2329 4028 2571 4082 modum
2604 4026 2944 4090 afﬁcienles,
2976 4031 3234 4079 extremo
3268 4023 3356 4079 usi
3390 4026 3529 4078 sunt
3562 4022 3774 4077 furoris

2120 4118 2345 4189 impetu

357 4200 616 4271 ἀληθείας
645 4200 962 4277 κρινούσης,
996 4205 1093 4254 τοῦ
1128 4198 1336 4273 μηδένα
1370 4206 1562 4275 μῶμον
1600 4203 1649 4257 ἐν
1681 4209 1759 4276 τῷ
1788 4204 1984 4260 κάλλει
2013 4212 2116 4275 τῆς
2148 4206 2338 4259 ἑαυτοῦ
2369 4208 2553 4280 ψυχῆς
2588 4200 2835 4279 ἔχοντος,
2866 4202 3224 4277 κατηγορίαις
3273 4200 3324 4254 ἐν
3364 4204 3482 4261 τοῖς
3531 4201 3776 4273 καθαιρε-

352 4296 549 4361 τικοῖς,
582 4290 674 4345 καὶ
701 4286 887 4367 ὕϐρεσι
918 4290 1007 4344 καὶ
1039 4286 1361 4364 διασυρμοῐς
1392 4288 1807 4363 πλεονάσαντες,
1842 4295 1931 4349 καὶ
1962 4294 2319 4369 περιττότατα
2350 4297 2418 4367 τῇ
2448 4298 2729 4371 καταφορᾷ
2755 4293 3119 4368 χρησάμενοι.

425 4384 477 4438 8.
508 4379 725 4434 Τούτων
759 4378 902 4434 οὕτω
948 4377 1327 4449 τελεσθέντων,
1380 4379 1454 4440 ὡς
1502 4381 1674 4457 εἶχον,
1724 4382 1876 4444 εὐθὺς
1920 4383 2007 4438 ἐπὶ

352 4470 419 4523 τὰ
448 4466 806 4545 Ἱεροσόλυμα
861 4466 1083 4545 ἔτρεχον
1121 4486 1133 4498 ·
1166 4466 1292 4523 ἔνθα
1338 4468 1427 4522 xui
1477 4470 1567 4524 τὸν
1627 4473 1862 4544 θεομανῆ
1926 4470 2006 4527 δέ-

354 4577 549 4634 χονται
575 4559 815 4631 Ἀρειον,
850 4557 969 4612 ὅσοι
999 4555 1225 4633 γλώσσῃ
1278 4557 1438 4631 μόνον
1491 4554 1724 4614 εὐσεϐεῖν
1771 4559 2004 4633 ε’ίλοντο,

2188 4386 2242 4439 8.
2297 4384 2398 4439 His
2446 4384 2527 4438 ita
2570 4383 2899 4455 completis,
2947 4382 3147 4437 statim
3197 4395 3375 4450 quam
3426 4376 3773 4433 maturrime

2116 4473 2541 4546 Jerosolymam
2594 4476 2956 4527 accurrunt:
2992 4470 3089 4525 ubi
3123 4468 3299 4524 etiam
3348 4466 3517 4521 illum
3566 4470 3771 4521 contra

2118 4564 2302 4618 Deum
2336 4562 2623 4618 furiosum
2661 4560 2877 4627 Arium,
2904 4558 2974 4613 ad
3009 4556 3484 4613 communionem
3517 4554 3769 4610 admise-

353 4648 448 4703 κᾶν
480 4650 551 4722 τῇ
581 4650 720 4702 κατά
768 4647 990 4702 Νίκαιαν
1047 4644 1257 4719 συνόδῳ
1305 4652 1696 4723 προσποιητῶς
1744 4654 1823 4721 τῷ
1871 4652 2006 4723 ὁμο-

2118 4656 2273 4719 runt,
2291 4654 2578 4723 quotquot
2606 4648 2830 4703 scilicet
2858 4647 3059 4719 lingua
3088 4646 3282 4701 solum
3314 4645 3392 4716 pii
3415 4660 3542 4699 esse
3573 4643 3767 4698 decre-

356 4737 524 4811 ουσίῳ
559 4737 1017 4815 ὑπογεγράφασιν,
1072 4737 1136 4790 Οἱ
1180 4733 1238 4791 δὲ
1285 4743 1390 4806 τῆς
1422 4735 1588 4810 ὀρθῆς
1635 4738 1867 4801 πίστεως
1914 4740 2003 4795 xui

356 4826 490 4901 αὐτῇ
519 4824 719 4904 καρδίᾳ
768 4827 858 4880 xui
909 4824 1150 4902 χείλεσιν
1204 4827 1372 4900 ὑγιῶς
1420 4823 1659 4903 ἔχοντες,
1707 4827 2003 4906 ὁρίσαντες,

356 4915 442 4972 ἐπὶ
472 4922 574 4985 τῆς
617 4914 669 4970 ἐν
721 4912 1104 4991 Ἀλεξανδρείᾳ
1152 4913 1377 4971 συνόδου
1423 4918 1513 4971 τὸν
1564 4919 1779 4991 ’Ἄρειον
1834 4918 2005 4989 ἐξετά-

359 5008 553 5077 ζεσθαι,
584 5006 675 5059 xui
732 5010 850 5067 τοῖς
904 5024 962 5059 τε
1012 5004 1219 5080 ῥήμασι
1270 5004 1358 5059 xui
1416 5011 1533 5068 ταῖς
1576 5005 1837 5070 διανοίαις
1870 5029 2004 5081 προ-

356 5095 581 5171 σχόντες
638 5095 731 5150 τὸν
791 5098 915 5148 νοῦν
972 5094 1062 5149 καὶ
1118 5093 1338 5163 πολλὴν
1417 5095 1849 5171 εἷσενεγκάμενοι
1905 5100 2002 5167 τήν

356 5180 654 5262 ἀκρίϐειαν,
687 5188 874 5259 ωρῶσι
930 5183 1020 5239 τὸν
1056 5180 1217 5239 δόλον
1254 5183 1355 5238 ὑπὸ
1386 5182 1625 5248 πολλοῖς
1664 5192 1780 5249 τοῖς
1819 5207 2002 5264 παρα-

353 5275 680 5347 πετάσμασι,
709 5278 828 5335 τοῖς
860 5272 920 5329 ἐκ
945 5276 1052 5328 τῶν
1088 5271 1301 5327 ἐννοιῶν
1335 5293 1478 5349 φημι
1508 5274 1597 5328 καὶ
1626 5278 1734 5329 τῶν
1786 5273 2005 5348 λέξεων,

356 5360 747 5431 ὑποδεδυκότα,
775 5362 866 5417 καὶ
911 5362 1003 5417 τὸν
1052 5361 1246 5437 ἐχθρὸν
1297 5361 1508 5434 αἱροῦσι
1567 5370 1669 5433 τῆς
1723 5364 2004 5435 ἀληθείας,

354 5452 442 5509 καὶ
490 5450 789 5508 παλεύουσι
840 5453 913 5525 (e)
960 5452 1058 5520 τὴν
1109 5449 1387 5507 ἀλώπεκα.
1430 5451 1561 5507 Εἶτα
1590 5454 1890 5529 γράμματα
1917 5454 2007 5509 καὶ

425 5614 502 5687 (a)
531 5614 628 5687 Sic
657 5629 861 5670 omnes
892 5630 1037 5687 mss.
1070 5611 1222 5687 Editi
1252 5626 1406 5687 vero,
1442 5610 1614 5675 εύθῦς.

426 5683 508 5829 ξδ’)
535 5686 619 5743 Ita
648 5702 793 5743 mss.
818 5703 832 5755 ;
861 5684 907 5739 εἰ
940 5686 1104 5742 deest
1132 5685 1192 5740 in
1224 5683 1417 5739 editis.

446 5758 496 5829 c)
526 5757 621 5814 Sic
652 5774 795 5817 mss.
829 5756 1003 5827 Editi,
1036 5755 1369 5829 πεπάγηται.

446 5758 496 5831 c)
526 5757 621 5814 Sic
652 5774 795 5817 mss.
829 5757 1003 5827 Editi,
1036 5757 1369 5833 πεπάγηται.

2114 4744 2337 4802 verant,
2367 4744 2425 4795 et
2454 4740 2513 4794 in
2546 4738 2778 4794 Niczena
2811 4737 3032 4809 synodo
3064 4734 3336 4791 simulate
3366 4736 3597 4789 tantum
3631 4748 3768 4787 con-

2116 4828 2491 4885 substantiali
2523 4828 3014 4899 subscripserant.
3046 4825 3153 4889 Qui
3181 4832 3377 4879 autem
3430 4839 3575 4878 sana
3605 4825 3775 4877 erant

2116 4919 2249 4988 ﬁde,
2282 4922 2339 4973 et
2366 4924 2487 4973 tam
2519 4918 2692 4973 corde
2723 4933 2901 4988 quam
2932 4915 3105 4971 labiis
3139 4918 3291 4969 recte
3322 4911 3672 4978 sentiebant,
3706 4927 3771 4965 ac

2116 5009 2489 5065 decreverant
2517 5011 2582 5061 ut
2608 5006 2780 5061 Arius
2811 5005 2870 5059 in
2901 5003 3292 5059 Alexandrina
3312 5001 3533 5073 synodo
3554 4999 3772 5055 exami-

2118 5102 2355 5153 naretur
2387 5114 2399 5151 :
2438 5097 2535 5169 qui
2576 5096 2715 5151 item
2747 5112 2881 5150 cum
2932 5094 3123 5148 verbis
3151 5096 3277 5147 tum
3310 5088 3618 5146 sententiis
3650 5088 3770 5143 ani-

2118 5205 2280 5243 mum
2314 5186 2721 5252 adhibuerant,
2756 5184 3061 5253 multaque
3091 5179 3460 5236 accuratione
3490 5177 3775 5249 expende-

2117 5281 2271 5343 rant,
2302 5274 2815 5347 deprehenderunt
2843 5271 3043 5327 dolum
3077 5270 3278 5325 multis
3306 5272 3572 5340 opertum
3607 5266 3771 5321 invo-

2118 5364 2318 5432 lucris,
2337 5370 2459 5420 tam
2483 5362 2928 5431 sententiarum,
2945 5361 3210 5431 inquam,
3236 5375 3411 5431 quam
3435 5357 3770 5420 verborum,

2117 5455 2501 5527 veritatisque
2530 5452 2842 5507 inimicum
2873 5449 3115 5521 capiunt
3144 5465 3208 5503 ac
3240 5446 3478 5519 vulpem
3507 5460 3774 5517 compre-

2192 5614 2269 5686 (d)
2300 5614 2385 5686 ita
2416 5628 2621 5686 omnes
2652 5628 2795 5666 mss.
2833 5608 3007 5679 Editi,
3040 5604 3366 5675 δικάζεσθαι.
3401 5610 3529 5663 Mox
3568 5619 3774 5661 omnes

2121 5683 2265 5742 mss.
2301 5683 2704 5755 ἐπιοοωμένου.

2193 5760 2266 5832 (⁸)
2296 5762 2438 5831 Reg.
2468 5753 2783 5811 παλαίουσι.
2854 5782 2857 5785 ›
