4146 6390
317 442 476 505 CXCI!

1712 430 2324 501 PROLEGOMENA.

311 572 600 632 hendunt.
634 570 853 630 Exinde
878 570 1094 642 ﬁlitterze
1123 587 1361 630 rursum
1406 571 1795 646 imperatoriae
1828 586 1953 643 pro-

2074 568 2240 624 πάλιν
2298 565 2455 648 ἕτερα
2501 573 2597 627 τοῦ
2660 569 2931 649 βασιλέως
2990 569 3510 652 ἐπικαταλαμϐάνει,
3569 574 3729 633 Ἀθα-

313 664 512 730 dsunt,
529 663 746 735 quibus
768 664 1009 734 jussum
1031 666 1156 719 erat
1178 666 1240 717 ut
1255 662 1615 718 Athanasius
1637 660 1876 733 quidem
1903 675 1965 716 se

313 752 671 819 conveniret,
686 756 742 808 et
768 752 879 824 ipsi
902 768 1135 825 quoque
1154 769 1331 824 quam
1354 751 1653 809 celerrime
1676 751 1745 806 ad
1756 751 1961 805 forent.

311 842 628 898 Hinchaud
648 841 911 897 modicus
928 842 1105 898 timor
1116 842 1338 914 synodo
1356 842 1652 897 incussus.
1668 840 1962 895 Vereban-

312 936 410 988 tur
439 931 656 1004 quippe
688 947 760 986 ne
790 931 944 1002 apud
990 930 1185 1003 ipsum
1219 930 1395 986 etiam
1427 931 1839 1002 imperatorem
1871 929 1965 983 de-

311 1021 830 1093 prehenderentur,
852 1020 1063 1092 partim
1094 1020 1301 1092 gratia,
1334 1019 1545 1092 partim
1567 1018 1701 1074 odio
1730 1022 1964 1074 senten-

309 1109 453 1165 tiam
478 1110 706 1177 tulisse,
740 1110 966 1181 patroni
1000 1109 1224 1165 scilicet
1254 1108 1545 1164 mendacii
1578 1113 1635 1163 et
1668 1107 1960 1162 manifesti

307 1199 633 1273 proditores
661 1216 806 1255 versa
838 1199 991 1253 ﬁdei.
1010 1198 1402 1264 Quamobrem
1428 1196 1684 1252 maxima
1714 1213 1851 1267 pars
1873 1212 1962 1251 eo-

307 1306 438 1344 rum
464 1289 705 1344 domum
738 1286 1151 1359 remigrarunt.
1169 1291 1244 1340 At
1263 1285 1568 1353 Eusebius,
1590 1284 1882 1357 Theognis
1905 1287 1962 1338 et

304 1374 836 1445 cateri,verisimili
856 1375 1103 1430 conficta
1132 1374 1191 1430 iu
1215 1373 1287 1428 iis
1320 1373 1464 1429 locis
1492 1372 1834 1429 remanendi
1858 1387 1954 1427 oc-

303 1465 687 1536 casione,non
720 1480 955 1535 parvam
980 1463 1163 1518 fecere
1182 1468 1618 1533 moram,atque
1649 1477 1775 1516 sese
1801 1460 1955 1532 apud

302 1554 714 1627 imperatorem
747 1551 957 1607 litteris
987 1552 1114 1607 suis
1143 1555 1517 1607 excusarunt.
1547 1552 1794 1619 Interea,
1814 1553 1955 1605 dum

307 1643 425 1700 haec
442 1642 667 1712 ﬁerent,
682 1641 1020 1713 imperatori
1041 1658 1278 1696 rursum
1304 1639 1655 1696 Nicomediae
1676 1655 1870 1695 coram
1894 1654 1957 1693 se

300 1733 459 1790 sistit
491 1731 863 1802 Athanasius,
907 1734 1081 1802 atque
1136 1731 1571 1786 accusationem
1604 1729 1675 1783 de
1706 1728 1956 1800 pecunia

300 1822 650 1877 intentatam
665 1819 924 1892 legitime
934 1823 1250 1892 aperteque
1263 1819 1605 1875 diluit.Cum
1619 1821 1812 1873 autem
1834 1833 1957 1872 ma-

2077 660 2258 715 νάσιον
2292 662 2385 734 μὲν
2420 661 2496 724 ὡς
2528 660 2685 717 αὐτὸν
2718 662 2892 733 ἥκειν,
2925 666 3014 720 καὶ
3046 665 3243 729 αὐτοὺς
3270 666 3361 722 καὶ
3393 667 3469 730 ὡς
3498 656 3730 743 τάχιστα

2075 754 2323 824 παρεῖναι
2400 748 2781 808 διακελεύονται
2827 798 2839 810 .
2901 758 3077 810 Ταῦτα
3150 750 3318 834 φόϐον
3395 755 3456 810 οὐ
3536 756 3726 830 μικρὸν

2076 836 2313 893 ἐπέσεισε
2342 843 2410 913 τῇ
2442 838 2672 914 συνόδῳ,
2727 844 2951 915 μήποτε
2987 844 3076 898 καὶ
3127 846 3330 899 ἁλῶσιν
3373 843 3461 899 ἐπὶ
3503 849 3601 900 τοῦ
3637 846 3729 920 βα-

2075 925 2297 997 σιλέως,
2353 930 2421 983 τὰ
2482 930 2575 1001 μὲν
2636 931 2773 1004 πρὸς
2828 933 3013 1008 χάριν,
3072 934 3139 988 τά
3192 930 3250 988 δὲ
3303 934 3395 989 καὶ
3452 935 3589 1011 πρὸς
3650 936 3727 1009 (α)

2074 1016 2363 1092 ἀπέχθειαν
2413 1017 2706 1092 κρίναντες,
2761 1022 3057 1098 συνήγοροί
3106 1043 3165 1077 τε
3212 1026 3308 1077 τοῦ
3356 1020 3588 1097 ψεύδους
3638 1023 3728 1078 καὶ

2071 1103 2332 1179 προδόται
2387 1115 2489 1177 τῆς
2550 1107 2794 1178 ἀληθοῦς
2850 1110 3085 1173 πίστεως
3148 1113 3507 1187 γεγενημένοι
3561 1154 3572 1167 .
3634 1115 3729 1168 Ὧν

2071 1190 2243 1249 ἕνεκεν
2304 1197 2355 1249 οἱ
2411 1194 2639 1258 πλείους
2701 1198 2795 1271 μὲν
2848 1198 2937 1254 ἐπὶ
2985 1200 3052 1253 τά
3101 1197 3303 1254 ἑαυτῶν
3350 1198 3576 1263 ἕκαστος
3636 1202 3727 1255 ἆν-

2070 1285 2270 1359 εχώρει
2433 1286 2485 1339 οἱ
2516 1283 2574 1340 δὲ
2622 1288 2745 1360 περὶ
2792 1281 3053 1343 Εὐσέϐιον
3106 1288 3331 1364 Θέογνίν
3377 1309 3438 1344 τε
3477 1289 3726 1353 καὶτοὺς

2069 1370 2322 1443 λοιποὺς,
2371 1376 2597 1437 πιθανὰς
2645 1375 2963 1453 προφάσεις,
3017 1375 3158 1431 ὥστε
3211 1379 3345 1433 κατὰ
3393 1378 3581 1454 χώραν
3627 1379 3722 1453 μέ-

2066 1481 2192 1533 νειν,
2239 1460 2604 1536 πλασάμενοι,
2654 1463 2754 1519 οὐκ
2813 1462 3011 1539 ὀλίγην
3072 1470 3151 1537 τῷ
3195 1466 3384 1543 χρόνῳ
3436 1462 3720 1544 διατριϐὴν

2068 1549 2365 1621 ἐνεποίουν,
2415 1552 2505 1606 καὶ
2553 1550 2769 1629 βασιλέῖ
2818 1552 3013 1626 μεταξὺ
3075 1551 3164 1609 διὰ
3214 1556 3557 1631 γραμμάτων
3615 1555 3719 1611 ἀπ-

2066 1637 2379 1715 ελογοῦντο.
2411 1642 2495 1695 Ἐν
2531 1640 2577 1713 ᾧ
2607 1639 2665 1696 δὲ
2690 1646 2859 1696 ταῦτα
2911 1641 3200 1718 ἐπράττετο
3244 1645 3381 1699 κατὰ
3426 1644 3720 1721 πρόσωπον

2062 1731 2142 1799 τῷ
2178 1730 2411 1803 βασιλεῖ,
2445 1727 2611 1784 πάλιν
2646 1729 2698 1784 έν
2732 1734 2798 1804 ειῇ
2842 1730 3194 1805 Νικομήδους
3242 1734 3520 1809 παραστάς
3570 1736 3722 1792 Ἀθα-

2062 1817 2262 1889 νάσιος,
2309 1819 2399 1872 καὶ
2447 1818 2509 1873 τὸ
2562 1820 2687 1893 περὶ
2734 1823 2831 1873 τοῦ
2884 1820 3115 1896 χρυσίου
3164 1818 3423 1897 ἔγκλημα
3467 1821 3722 1896 νομίμως

299 1910 391 1985 gis
421 1911 729 1983 magisque
762 1909 1071 1965 Eusebiani
1103 1906 1704 1981 comperendinarent,
1737 1905 1950 1962 litteris

2063 1907 2151 1961 καὶ
2182 1911 2428 1984 φανερῶς
2458 1905 2770 1963 ἀποδύεται.
2817 1915 2906 1971 Ὡς
2935 1906 2991 1964 δὲ
3019 1910 3111 1965 καὶ
3154 1909 3232 1965 ἔτι
3266 1909 3479 1985 μᾶλλον
3513 1915 3566 1967 οἱ
3599 1913 3723 1989 περὶ

299 2000 427 2058 suis
456 1999 776 2071 imperator
802 1998 1195 2055 Athanasium
1238 1997 1485 2053 remittit
1512 1995 1952 2064 Alexandriam,

295 2090 821 2163 episcopatumque
840 2088 1018 2143 tradit
1035 2087 1171 2159 ipsi,
1186 2087 1528 2159 significans
1551 2085 1952 2141 accusationes

291 2178 426 2236 illas
455 2194 660 2234 omnes
690 2176 997 2233 sceleratas
1034 2175 1349 2245 futilesque
1374 2175 1557 2231 videri
1597 2173 1730 2231 sibi.
1767 2172 1950 2228 Atha-
1989 2187 1992 2191 ‘

296 2268 464 2325 nasio
479 2267 659 2341 igitur
678 2267 759 2323 ita
776 2282 1005 2322 reverso
1022 2262 1953 2336 Alexandriam,congregatisque

291 2356 549 2425 Arianis,
582 2372 801 2429 magna
828 2354 1092 2411 confusio
1132 2358 1308 2426 atque
1336 2353 1629 2409 tumultus
1662 2351 1947 2425 populum

292 2447 619 2518 occupavit,
639 2445 721 2501 ita
752 2449 819 2500 ut
842 2444 1011 2500 multi
1038 2444 1277 2516 indigne
1308 2443 1543 2515 ferrent,
1574 2458 1708 2498 cum
1728 2457 1796 2497 ea
1820 2457 1949 2513 quae

291 2553 326 2594 a
354 2540 441 2592 tot
468 2533 759 2608 episcopis
781 2534 909 2606 jam
942 2532 1276 2589 examinata
1304 2536 1521 2603 essent,
1546 2532 1761 2587 iterum
1790 2530 1947 2586 vide-

291 2628 422 2683 rent
462 2624 522 2679 in
562 2622 859 2695 judicium
907 2622 1122 2677 vocari.
1156 2622 1346 2677 Iratus
1398 2636 1537 2693 ergo
1566 2618 1945 2685 Athanasius,

291 2714 447 2787 quod
478 2729 594 2768 non
636 2711 810 2768 modo
861 2710 1295 2780 Alexandriam,
1328 2710 1430 2766 sed
1480 2712 1667 2765 totam
1715 2722 1947 2780 quoque

289 2802 601 2876 Egyptum
631 2800 1093 2856 tumultuantem
1114 2800 1356 2871 videret,
1381 2799 1580 2854 omnia
1597 2797 1945 2853 indicatim-

288 2889 561 2966 peratori,
593 2906 847 2961 eumque
873 2890 941 2945 ad
977 2906 1183 2961 poenas
1214 2889 1285 2945 de
1313 2888 1449 2944 Ario
1484 2887 1805 2943 sumendas
1849 2902 1944 2942 co-

292 2980 584 3050 hortatur,
606 2978 867 3051 aliquam
898 2979 1146 3050 cupiens
1168 2978 1416 3050 hujusce
1432 2977 1514 3033 rei
1544 2976 1744 3032 haberi
1768 2974 1945 3030 ultio-

290 3085 451 3127 nem.
490 3068 819 3140 Statimque
835 3066 1042 3124 littere:
1063 3066 1472 3123 Alexandriam
1494 3064 1945 3137 venerunt,qui-

290 3160 402 3217 bus
430 3157 607 3214 Arius
655 3158 1083 3225 arcessebatur,
1116 3157 1517 3212 immoderate:
1564 3154 1780 3227 linguae
1810 3168 1969 3210 ssn-r

286 3247 597 3322 tantisque
626 3264 743 3304 suae
774 3245 1131 3319 supplicium
1164 3245 1408 3302 subiret.

359 3517 415 3571 9.
447 3514 592 3572 Cum
622 3530 759 3589 ergo
784 3512 1136 3571 Alexandria
1157 3512 1229 3568 ad
1258 3513 1671 3586 imperatorem
1698 3512 1947 3569 adduce-

288 3608 451 3661 retur
482 3604 684 3670 Arius,
713 3608 1029 3659 Caesaream
1049 3603 1335 3675 pervenit,
1356 3604 1745 3675 convenitque
1766 3603 1945 3659 Euse-

289 3693 477 3763 bium,
504 3692 807 3767 Theognin
834 3696 892 3748 et
913 3691 1120 3748 Marin.
1146 3692 1251 3748 Hic
1274 3691 1439 3760 mihi,
1464 3709 1660 3764 quaeso
1682 3691 1946 3764 perspice

290 3782 617 3839 facinorum
639 3780 1076 3854 gravissimum,
1099 3784 1166 3836 ut
1185 3781 1483 3837 undenam
1507 3784 1674 3836 tanta
1696 3780 1947 3837 Athana.

288 3872 375 3929 sio
405 3871 800 3927 tentationum
831 3869 1088 3943 procella
1104 3873 1230 3926 orta
1258 3869 1614 3926 sit.Consors
1636 3868 1754 3926 illis
1775 3870 1947 3925 Arius

289 3959 599 4028 sermonis,
634 3976 877 4016 consors
929 3975 1203 4028 morum;
1250 3975 1451 4015 mense
1498 3959 1812 4032 particeps,
1846 3959 1949 4030 qui

290 4066 501 4123 pugnae
551 4052 754 4105 contra
806 4053 991 4104 Deum
1023 4048 1318 4121 particeps
1350 4048 1486 4104 item
1538 4052 1665 4104 erat
1698 4066 1711 4103 :
1749 4047 1950 4103 omnia

291 4141 557 4195 recenset
603 4154 731 4209 qua:
762 4138 960 4209 ipsum
1010 4137 1374 4210 spectabant,
1405 4141 1533 4192 tum
1585 4135 1833 4193 consilia
1859 4135 1950 4192 in-

291 4231 436 4284 eunt
464 4230 692 4294 mutua,
726 4232 793 4282 ut
840 4243 1030 4299 neque
1060 4226 1198 4297 Deo,
1230 4227 1377 4299 proh
1434 4225 1727 4283 furorem!
1763 4242 1952 4297 neque

296 4315 622 4372 Athanasio
652 4320 975 4387 parcerent.
1007 4314 1168 4371 Alias
1219 4316 1417 4388 itaque
1473 4315 1751 4372 adversus
1782 4312 1950 4371 illum

294 4407 591 4462 consuunt
610 4402 940 4460 calumnias
961 4423 973 4473 ;
991 4404 1263 4461 homines
1285 4404 1741 4477 qui,secundum
1766 4403 1951 4459 maxi-

294 4510 460 4549 mum
513 4493 748 4562 Isaiam,
781 4494 1121 4566 parturiunt
1169 4494 1429 4550 laborem
1468 4496 1525 4549 et
1574 4493 1813 4565 pariunt
1843 4492 1953 4547 ini-

294 4583 602 4655 quitatem,
629 4584 729 4655 qui
763 4588 1089 4655 posuerunt
1120 4584 1471 4639 mendacum
1496 4600 1661 4655 spem
1687 4599 1877 4650 suam,
1898 4586 1955 4638 et

2063 1991 2321 2051 Εὐσέϐιον
2372 1991 2764 2066 ἀνεϐάλλοντο,
2816 1999 3131 2073 γράμμασιν
3179 2001 3207 2054 ὁ
3261 1997 3519 2075 βασιλεὺς
3558 2002 3725 2057 Ἀθα-

2062 2085 2242 2140 νάσιον
2277 2084 2364 2139 ἐπὶ
2395 2087 2493 2155 τήν
2529 2083 2927 2163 Ἀλεξανδρέων
2960 2088 3300 2162 προπέμπει,
3331 2090 3421 2143 καὶ
3460 2091 3559 2159 τὴν
3598 2089 3725 2145 έπι-

2062 2175 2269 2243 σκοπὴν
2302 2174 2448 2247 αὖτῷ
2497 2173 2815 2252 ἐγχειρίζει,
2848 2177 3018 2251 σαθρὰ
3065 2184 3301 2255 φανῆναι
3352 2179 3601 2251 σημάνας
3646 2180 3715 2234 τὰ

2057 2267 2166 2319 τῶν
2195 2258 2469 2319 διαϐολῶν
2502 2264 2713 2319 ἅπαντα
2739 2265 2831 2319 καὶ
2884 2265 3172 2343 ἀνίσχυρα.
3214 2265 3401 2329 Οὕτως
3433 2264 3523 2321 οῦν
3558 2268 3717 2323 Ἀθα-

2057 2352 2245 2408 νασίου
2294 2355 2431 2409 κατά
2478 2354 2576 2423 τήν
2631 2351 3033 2429 Ἀλεξάνδρειαν
3088 2356 3405 2430 γενομένου,
3464 2356 3555 2411 καὶ
3606 2361 3716 2413 τῶν

2056 2442 2272 2518 Ἀρείου
2304 2442 2812 2518 συγκροτουμένων,
2854 2442 3042 2515 πολλή
3092 2451 3202 2505 τις“
3229 2444 3346 2521 εἶχε
3390 2446 3453 2500 τὸ
3502 2442 3715 2516 πλῆθος

2057 2530 2321 2608 σύγχυσίς
2350 2551 2411 2585 τε
2438 2533 2531 2587 καὶ
2572 2534 2789 2609 ταραχή
2821 2552 2833 2564 ·
2867 2534 2957 2587 οἶα
3010 2529 3151 2606 μηδὲ
3203 2533 3380 2611 φέρειν
3431 2539 3539 2589 τῶν
3575 2533 3714 2591 πολ-

2057 2617 2170 2675 λῶν
2203 2618 2511 2694 δυναμένων
2543 2622 2611 2677 τὰ
2642 2621 2745 2676 ὑπὸ
2792 2620 3077 2683 τοσούτοις
3109 2620 3427 2685 ἐπισκόποις
3473 2620 3583 2694 ἤδη
3622 2622 3711 2679 δο-

2055 2711 2378 2783 κιμασθέντα
2432 2707 2597 2764 πάλιν
2644 2711 2773 2785 ὁρᾷν
2837 2707 3267 2785 ἀναδικαζόμενα
3300 2755 3312 2768 .
3368 2712 3713 2787 Ἀγανακτῶν

2056 2796 2146 2853 οὗν
2200 2799 2538 2870 Ἀθανάσιος,
2589 2797 2673 2853 ὅτι
2723 2801 2798 2872 μὴ
2863 2799 3035 2873 μόνην
3093 2800 3195 2870 τήν
3254 2798 3660 2879 Ἀλεξάνδρειαν
3697 2848 3711 2876 ,

2055 2885 2203 2943 ἀλλὰ
2225 2888 2315 2943 καὶ
2347 2884 2542 2962 σχεδὸν
2594 2886 2870 2963 Αἴγυπτον
2921 2888 3091 2942 πὰσαν
3120 2886 3495 2963 κλονουμένην
3550 2891 3715 2965 ἑώρα,

2059 2975 2253 3048 μηνύει
2311 2978 2485 3031 πάντα
2539 2980 2620 3049 τῷ
2673 2974 2908 3051 βασιλεῖ,
2953 2978 3045 3031 καὶ
3094 2978 3234 3053 πρὸς
3285 2975 3491 3052 ἄμυναν
3555 2978 3712 3035 αὐτὸν

2052 3066 2151 3134 τὴν
2213 3063 2426 3141 Ἀρείου
2481 3062 2827 3142 παρακαλεῖ,
2887 3059 3073 3121 λαϐεῖν
3131 3087 3254 3121 τινα
3313 3074 3439 3141 παρ’
3505 3066 3714 3123 ἐκείνου

2052 3153 2322 3227 τιμωρίαν
2358 3151 2720 3230 βουλόμενος.
2754 3154 2854 3209 Καὶ
2906 3162 3217 3231 παραχῆμα
3262 3157 3562 3231 γράμματα
3607 3158 3707 3226 τὴν

2052 3241 2449 3320 Ἀλεξανδρέων
2526 3238 2936 3317 καταλαμϐάνει
2964 3289 2982 3312 ,
3044 3246 3428 3319 μετάπεμπτον
3490 3241 3711 3321 ἄγεσθαι

1974 3314 2018 3384 C
2054 3314 2487 3409 ’Άρειονίδίκην
2536 3314 2841 3389 ἀκολάστου
2890 3314 3153 3410 γλώσσης
3200 3314 3293 3390 xuii
3337 3314 3570 3411 γνώμη-ς
3618 3334 3715 3413 ὑφ-

2052 3422 2259 3494 έξοντα.

2121 3514 2176 3569 9.
2208 3513 2298 3574 Ὦς
2329 3508 2422 3567 οὖν
2454 3507 2623 3587 ἤγετο
2666 3513 2813 3585 παρὰ
2865 3508 3093 3587 βασιλέα
3138 3518 3240 3583 τῆς
3295 3509 3711 3586 Ἀλεξανδρείας

2053 3601 2294 3676 ’Ἀρειος,
2353 3600 2546 3676 γέγονέ
2591 3620 2650 3656 τε
2695 3601 2833 3656 κατᾶ
2882 3602 3236 3677 Καισάρειαν,
3281 3600 3373 3656 καὶ
3424 3606 3543 3665 τοῖς
3586 3601 3713 3673 περὶ

2052 3684 2333 3757 Εὗσέϐιον,
2356 3688 2574 3765 Θέογνίν
2608 3690 2680 3763 (c)
2724 3708 2783 3745 τε
2830 3689 2921 3744 καὶ
2971 3690 3145 3765 Μάριν
3197 3689 3548 3765 συγγέγονεν.
3598 3691 3719 3746 Ἐν-

2053 3779 2221 3832 ταῦθά
2254 3799 2346 3852 μοι
2378 3778 2569 3833 σκόπει
2594 3782 2703 3833 τῶν
2748 3770 3083 3853 προσϐολῶν
3126 3779 3227 3847 τὴν
3282 3776 3710 3854 χαλεπωτάτην,

2055 3866 2145 3922 καὶ
2193 3865 2309 3923 ὅθεν
2359 3872 2438 3939 τῷ
2484 3866 2752 3943 ,μεγίστῳ
2806 3867 3118 3939 ’Δθαναστῳ
3174 3864 3391 3922 κλύδων
3453 3867 3716 3939 ἐπανέστη

2056 3959 2161 4010 τῶν
2212 3959 2549 4031 πειρασμῶν.
2604 3955 2880 4019 Κοινωνὸς
2935 3955 3029 4029 μὶν
3087 3953 3270 4032 λόγων
3322 3955 3508 4020 αὐτοῖς
3539 3958 3568 4012 ὁ
3598 3979 3714 4013 κοι-

2057 4046 2231 4107 νωνὸς
2259 4044 2349 4099 καὶ
2389 4049 2496 4100 τῶν
2545 4044 2765 4122 τρόπων
2800 4065 2813 4081 ·
2861 4049 3116 4100 κοινωνεῖ
3158 4043 3217 4101 δὲ
3246 4045 3338 4101 καὶ
3383 4047 3658 4123 τραπέζης
3688 4048 3731 4102 ὁ·

2058 4134 2319 4196 κοινωνὸς
2350 4135 2441 4189 καὶ
2469 4141 2572 4204 τῆς
2622 4134 2761 4210 πρὸς
2791 4135 2920 4191 Θεὸν
2969 4135 3177 4211 μάχης.
3221 4136 3399 4191 Πάντα
3425 4155 3486 4191 τε
3516 4133 3724 4212 διηγεῖ-

2058 4244 2144 4278 ται
2176 4224 2243 4279 τά
2270 4224 2386 4278 κατ’
2417 4222 2601 4291 αὐτὸν,
2633 4223 2722 4278 καὶ
2764 4220 3115 4297 συμϐούλους
3168 4221 3455 4295 ἀλλήλους
3492 4228 3720 4280 παιοῦν-

2057 4334 2167 4383 ται,
2194 4317 2292 4368 τοῦ
2327 4314 2464 4386 μήτε
2495 4317 2651 4385 Θεοῦ,
2685 4316 2783 4388 φεῦ
2829 4320 2929 4382 τῆς
2987 4312 3181 4388 μανίας
3217 4314 3230 4369 ί
3269 4314 3397 4387 μήτ’
3436 4311 3527 4368 οὖν
3560 4315 3720 4371 Ἀθα-

2060 4400 2246 4458 νασίου
2301 4401 2616 4477 φείσασθαι.
2667 4402 2952 4457 Ῥάπτουσι
3010 4407 3299 4478 τοιγαροῦν
3362 4403 3547 4480 ἑτέρας
3603 4404 3720 4459 κατ’

2063 4491 2225 4547 αὐτοῦ
2270 4492 2361 4546 καὶ
2405 4489 2569 4545 πάλιν
2632 4490 2989 4570 συκοφαντίας
3045 4491 3263 4564 ἐκεῖνοι,
3311 4492 3384 4563 οἳ,
3437 4494 3575 4549 κατὰ
3627 4494 3718 4549 τὸν

2061 4580 2353 4656 παμμέγαν
2415 4579 2633 4635 Ἡσαΐαν
2695 4623 2709 4650 ,
2763 4581 2953 4637 κύουσι
3009 4581 3174 4637 πόνον
3212 4627 3226 4651 ,
3284 4582 3375 4637 καὶ
3445 4580 3718 4638 τίκτουσιν

294 4672 569 4729 dixerunt
601 4689 613 4726 :
648 4670 951 4728 Mendacio
971 4672 1318 4745 obtegemur
1344 4688 1356 4727 :
1382 4672 1949 4745 omnemqueverbo-

2063 4668 2311 4744 ἀνομίαν,
2345 4670 2398 4725 οἳ
2427 4667 2627 4744 ψεῦδος
2676 4666 2855 4726 ἔθεντο
2903 4671 3003 4741 τὴν
3056 4667 3275 4744 ἐλπίδα,
3322 4669 3435 4744 καὶ,
3474 4674 3564 4745 Τῷ
3592 4668 3723 4746 ψεύ-

295 4778 428 4817 rum
459 4761 658 4816 funem
683 4765 939 4832 movent,
963 4766 1030 4817 ut
1061 4761 1271 4817 throno
1297 4766 1569 4817 sanctum
1589 4762 1782 4817 virum
1807 4760 1950 4832 deji-

295 4851 472 4922 ciant,
506 4853 564 4906 et
592 4848 729 4906 belli
760 4854 964 4905 contra
993 4849 1359 4906 Christianos
1388 4850 1803 4906 Alexandriam
1833 4849 1951 4907 vel-

295 4941 381 4997 uti
410 4943 601 4995 tutam
635 4955 828 4995 arcem
858 4940 1260 5009 {constituanL
1296 4941 1710 5012 Imperatorem
1753 4940 1953 5012 itaque

295 5028 566 5085 adierunt
599 5046 612 5083 :
649 5027 823 5084 Arius
847 5028 1085 5100 quidem
1120 5045 1248 5085 sese
1268 5029 1639 5099 defensurus,
1666 5029 1954 5086 Eusebius

295 5122 489 5175 autem
505 5122 562 5173 et
574 5119 714 5173 socii
741 5117 1046 5172 mendacio
1068 5119 1955 5190 patrocinaturi,testimonium-

296 5224 409 5280 que
438 5212 642 5263 contra
658 5206 1048 5263 Athanasium
1068 5212 1125 5262 et
1155 5213 1360 5265 contra
1378 5208 1686 5264 veritatem
1712 5208 1951 5264 dicturi.

293 5298 613 5368 Postquam
628 5300 823 5351 autem
839 5297 1175 5368 imperatori
1191 5298 1550 5364 astantes,de
1564 5298 1737 5353 rebus
1752 5298 1808 5352 in
1825 5315 1956 5371 syn-

295 5387 406 5442 odo
437 5384 620 5458 gestis
650 5384 988 5458 interrogati
1020 5391 1234 5449 essent.
1270 5387 1469 5441 statim
1504 5386 1636 5441 aliis
1675 5387 1748 5441 de
1780 5388 1954 5443 rebus

292 5475 470 5530 verba
490 5472 770 5529 facientes
795 5491 808 5531 :
835 5480 962 5530 Non
984 5474 1085 5546 ita,
1115 5475 1305 5543 aiunt,
1327 5475 1669 5548 imperator,
1697 5491 1848 5547 aegre
1872 5476 1951 5532 fe-

394 5617 447 5690 α)
479 5612 625 5690 ῌρὸς
654 5615 816 5673 deest
842 5616 903 5672 in
935 5618 1212 5690 omnibus
1237 5635 1381 5690 mss.

394 5618 447 5760 ag
479 5618 625 5690 Πρός
654 5618 816 5673 deest
842 5618 903 5672 in
935 5618 1212 5674 omnibus
1237 5635 1381 5674 mss.

369 5618 890 5818 ggemgeegswpgss.
925 5691 1129 5761 nostri,
1161 5688 1492 5785 ἀνεχώρουν.
1545 5691 1676 5747 Mox
1722 5690 1861 5765 Reg.
1898 5699 1955 5749 et

299 5755 461 5824 C015.
496 5762 546 5829 1,
583 5755 854 5834 Θεόγνιον.

2063 4758 2163 4833 δει,
2225 4759 2394 4833 εἶπον,
2455 4760 2939 4833 σκεπασθησόμεθα
2969 4778 2981 4792 ·
3028 4759 3116 4815 καὶ
3174 4760 3349 4815 πάντα
3404 4756 3615 4834 κάλων,
3661 4760 3726 4816 τὸ

2059 4854 2156 4906 τοῦ
2189 4846 2382 4924 λόγου,
2413 4853 2678 4921 κινοῦσιν,
2711 4846 2849 4904 ὥστε
2875 4853 2974 4904 τοῦ
3019 4848 3215 4924 θρόνου
3258 4848 3349 4903 τὸν
3400 4849 3555 4924 ἅγιον
3589 4849 3719 4904 καθ-

2063 4938 2229 5011 ελεῖν,
2280 4937 2497 4993 καὶτοῦ
2543 4939 2681 4993 κατὰ
2729 4942 3064 5013 Χριστιανῶν
3115 4935 3374 5010 πολέμου
3425 4938 3526 5007 τὴν
3577 4934 3731 4995 Ἀλε-

2063 5025 2338 5104 ξάνδρειαν
2391 5026 2733 5105 ὁρμητήριον
2789 5025 3026 5104 ἀσφαλὲς
3084 5028 3418 5098 ποιήσασθαι
3451 5070 3464 5084 .
3528 5028 3724 5097 ᾝεσαν

2063 5115 2155 5173 οὗν
2211 5117 2358 5193 παρὰ
2418 5115 2682 5193 βασιλέα,
2743 5119 2962 5193 ’Ἄρειος
3026 5118 3120 5191 μὲν
3180 5114 3673 5192 ἀπολογησόμενος
3708 5161 3723 5187 ,

2062 5204 2322 5269 Εὐσέϐιος
2375 5203 2432 5262 δὲ
2475 5207 2566 5261 καὶ
2611 5208 2664 5263 οἱ
2715 5207 2847 5284 ἀμφ’
2878 5206 3035 5262 αότὸν
3067 5211 3147 5280 τῷ
3192 5203 3375 5281 ψεύδει
3412 5207 3725 5283 συνηγορή-

2064 5317 2268 5367 σοντες,
2327 5296 2646 5352 Ἀθανασίου
2708 5293 2765 5351 δὲ
2820 5296 2910 5351 καὶ
2970 5304 3072 5367 τῆς
3143 5294 3406 5366 ἀληθείας
3477 5299 3725 5375 φανερῶς

2061 5387 2660 5463 καταμαρτυρήσοντες.
2714 5386 2865 5441 Ἐπεὶ
2915 5383 2973 5441 δὲ
3019 5389 3099 5458 τῷ
3151 5385 3370 5463 βασιλεῖ
3416 5385 3725 5462 παραστάν-

2060 5496 2149 5539 τες
2214 5475 2283 5529 τα
2338 5473 2521 5529 εἰκότα
2574 5475 2699 5552 περὶ
2758 5478 2866 5530 τῶν
2920 5479 2991 5551 τῇ
3051 5472 3264 5549 συνόδῳ
3317 5475 3724 5552 πεπραγμένων

2133 5620 2206 5692 (c)
2236 5616 2893 5694 ΗθςηθεόγνιονηΡᾳιιίο
2927 5623 3079 5694 post,
3112 5620 3275 5694 editi,
3306 5618 3397 5694 xei
3428 5612 3546 5674 ὅθεν
3574 5638 3603 5674 ο
3622 5616 3727 5694 Δμέτ

2061 5689 2275 5822 via-rect
2318 5689 2627 5821 ’ἰέθανάσιος
2660 5689 2947 5747 κλύδωνα“
2985 5689 3269 5763 ἐπανέστηζ
3337 5689 3729 5766 Μαῐιιιεοῐνῖριὶ

2064 5781 2103 5821 u
2162 5781 2224 5822 1n
2278 5779 2347 5820 ex
2378 5780 2438 5820 ιι.
