4146 6376
1309 357 1495 419 VITA
1538 357 1602 418 s.
1647 353 2076 416 ATHANASII
2122 339 2463 416 INCERTO
2509 355 2902 420 AUCTORE.

3636 377 3707 425 CX
3717 373 3820 426 CIII

404 489 745 564 ἐρωτηθεῖεν,
780 487 971 545 αύτίκα
1000 489 1123 564 περί
1160 490 1252 563 μὲν
1286 493 1393 543 τῶν
1437 485 1645 560 ἄλλων,
1692 486 1809 562 Οὐχ
1857 486 2052 552 οὕτως,

2178 486 2383 557 rimus,
2417 490 2569 560 quod
2596 507 2825 546 sacram
2856 507 3124 547 mensam
3152 496 3438 563 everterit,
3461 497 3818 572 calicemque

404 574 628 657 ἔφησαν,
660 576 704 632 ὦ
741 577 984 653 βασιλεῦ,
1021 579 1314 651 ἀνιώμεθα,
1346 578 1408 632 τὸ
1462 577 1555 649 μὲν
1606 583 1708 645 τῆς
1749 576 1895 648 ἱερᾶς
1927 594 2052 649 τρα-

402 669 594 740 πέζης,
621 669 683 722 τὸ
709 665 767 723 δὲ
794 673 891 722 τοῦ
937 673 1195 740 μυστικοῦ
1243 665 1535 741 ποτηρίου,
1569 664 1717 726 ὅπως
1772 664 2058 739 ἀνέστρεψε

409 758 503 831 μὲν
537 756 769 832 ἐκείνην,
803 757 1021 828 κατέαξε
1053 755 1110 812 δὲ
1154 761 1338 825 τοῦτο,
1369 755 1459 809 καὶ
1511 754 1584 816 εἲς
1634 753 1805 808 λεπτὰ
1836 750 2053 819 διεῖλεν,

404 847 553 909 ὅπως
589 845 644 902 δὲ
672 847 763 902 καὶ
792 848 882 902 τὸν
917 847 975 902 ἐκ
1016 854 1117 915 τῆς
1167 843 1561 918 Ἀλεξανδρέων
1614 848 1681 916 τῇ
1739 841 1899 896 πόλει
1932 863 2056 896 συν-

404 939 556 1008 ήθως
581 936 991 1010 ἐκπεμπόμενον
1015 942 1160 990 σῖτον
1191 933 1544 990 διακωλύσειν
1597 930 2060 1002 ἡπείλησε·ταῦτα

406 1025 590 1098 λυπεῖ,
623 1031 790 1081 ταῦτα
820 1023 1000 1082 δάκνει
1035 1046 1047 1059 ·
1081 1029 1249 1080 ταῦτα
1296 1025 1443 1086 τίνος
1493 1022 1553 1077 ού
1595 1025 1781 1097 ψυχῆς
1813 1022 2055 1088 ἅπτεται,

407 1115 497 1171 καὶ
543 1112 954 1189 ἀδαμαντίνης;
985 1114 1198 1170 Τούτων
1254 1115 1520 1188 μάρτυρες
1565 1108 1958 1183 Ἀδαμάντινός
2001 1129 2060 1162 τε

407 1205 497 1260 καὶ
540 1200 838 1260 Ἀνουϐίων
875 1206 970 1278 (α),
1003 1199 1297 1279 ’Δρϐεθίων
1347 1224 1404 1258 τε
1450 1201 1540 1256 καὶ
1586 1203 1789 1272 Πέτρος
1841 1197 2057 1253 ἐπίσκο-

409 1314 550 1350 ποι·
584 1294 710 1370 παρ’
759 1294 831 1348 ὧν
874 1291 961 1348 ἐπὶ
1019 1297 1147 1347 πᾶσι
1203 1291 1418 1353 τούτοις
1479 1287 1840 1364 ἐξελεγχθεὶς,
1903 1285 2058 1356 δίκην

454 1385 470 1402 κ
583 1384 596 1400 1
682 1384 694 1402 ν
875 1383 890 1398 Ὀ
949 1379 998 1398 1"
1148 1378 1171 1398 ἢ
1240 1378 1263 1398 Ν
1320 1381 1329 1397 Ι
1509 1380 1522 1396 κ
1654 1379 1666 1398 \
1762 1380 1775 1394 \
1862 1379 1874 1397 7

415 1405 507 1458 μεν
538 1405 636 1453 την
671 1383 816 1454 αξίαν
867 1397 1093 1458 απεορα,
1144 1401 1423 1455 οιαοραναι
1477 1377 1534 1434 δε
1580 1400 1669 1433 και
1699 1399 1815 1448 1την
1851 1378 2062 1446 αποκή-

413 1472 556 1550 ρυξιν
589 1471 741 1546 ὅμως
775 1471 873 1528 οὐκ
902 1469 1172 1541 ἠδυνήθη,
1227 1467 1372 1524 ἀλλὰ
1419 1473 1616 1530 κοινῶς
1667 1468 1767 1522 ὑπὸ
1815 1473 1917 1535 τῆς
1950 1487 2066 1520 συν-

412 1559 538 1617 όδου
570 1562 771 1630 πάσης,
805 1561 881 1623 ὡς
909 1559 1171 1616 τοιούτων
1207 1559 1452 1632 ἀθέσμων
1484 1554 1654 1632 ἔργων
1705 1557 1796 1610 καὶ
1833 1554 2061 1610 ἀνοσίων

409 1649 698 1724 τολμητὴς
750 1649 1157 1726 ἐκκεκήρυκται.
1200 1646 1414 1702 Τούτων
1469 1644 1547 1702 ἔτι
1596 1646 1911 1721 λεγομένων
1965 1647 2062 1718 (1)),

413 1742 440 1796 ὁ
494 1737 748 1815 βασιλεὺς
806 1740 866 1794 τὸ
914 1743 1130 1814 πρῶτον
1181 1740 1365 1813 ἡσυχῆ
1413 1736 1501 1791 καὶ
1549 1737 1665 1791 καθ’
1713 1735 1897 1790 ἑαυτὸν
1942 1733 2065 1788 ἐτα-

415 1831 634 1907 ράττετο
670 1851 682 1862 ·
708 1827 798 1883 καὶ
828 1825 986 1890 τέλος
1035 1832 1142 1882 τῶν
1190 1822 1343 1881 ὤτων
1395 1827 1734 1900 ἀναρτηθεὶς,
1787 1823 1862 1886 εἷς
1894 1824 2062 1900 ὀργὴν

414 1917 681 1989 ἐκπίπτει,
715 1917 804 1972 καὶ
835 1919 932 1986 την
977 1915 1027 1970 ἐν
1075 1913 1338 1978 Γαλλίαις
1392 1914 1679 1990 ὑπερορίαν
1729 1917 1824 1968 τοῦ
1858 1910 2069 1967 δικαίου

412 2007 866 2085 καταψηφίζεται,
902 2005 1126 2061 ἐνταῦθα
1163 2004 1325 2079 μόνον
1378 2005 1468 2059 καὶ
1523 2005 1655 2073 ⁵ἦθος
1704 2003 1793 2058 καὶ
1839 2003 2066 2076 γνώμην

416 2097 748 2176 διαφθαρεὶς,
807 2095 896 2151 καὶ
939 2095 1248 2173 ἀμφοτέρας
1307 2098 1423 2156 τοῖς
1482 2094 1605 2169 περὶ
1665 2087 1922 2147 Εύσέϐιον
1972 2093 2068 2152 τὰς

418 2188 584 2249 ἀκοὰς
617 2185 856 2248 ὑπανείς.
891 2182 1195 2240 Κλέπτουσι
1229 2185 1334 2259 γάρ
1380 2187 1461 2254 τῷ
1509 2178 1642 2253 ὄντι,
1695 2181 1783 2236 καὶ
1835 2178 2068 2258 διαφθεί-

418 2297 599 2352 ρουσιν
632 2272 740 2345 ⁴ἤθη
771 2274 1008 2350 χρηστὰ,
1040 2275 1176 2328 κατά
1203 2272 1291 2327 τὸν
1350 2270 1570 2326 εἰπόντα
1614 2271 1799 2348 σοφὸν,
1852 2267 2069 2342 ὁμιλίαι

415 2366 596 2422 κακαίο
626 2363 873 2439 καίτοιγε
899 2364 998 2432 την
1030 2363 1210 2436 ἑτέραν
1270 2361 1519 2435 ἀκεραίαν
1575 2359 1655 2415 ἀεὶ
1703 2364 1782 2431 τῷ
1829 2379 2069 2434 κατηγο-

419 2455 670 2532 ρουμένῳ
702 2450 988 2533 φυλάττων
1029 2471 1040 2484 ·
1075 2451 1207 2526 ὅπερ
1259 2450 1427 2506 οἱονεί
1474 2453 1546 2524 (c)
1593 2471 1677 2512 τις
1729 2447 1874 2520 αύτῷ
1923 2447 2070 2524 ῥυτὶς

421 2544 631 2622 ἐγένετο
661 2543 752 2598 καὶ
787 2540 1004 2612 σπῖλος,
1049 2540 1287 2619 ἅρρυπον
1334 2541 1542 2611 ἑαυτὸν,
1593 2540 1659 2594 τά
1702 2559 1766 2612 γε
1809 2535 1952 2592 ἄλλα
1981 2536 2070 2591 καὶ

417 2633 647 2711 καθαρὸν
681 2633 1100 2707 συντηρήσαντι.
1130 2630 1251 2685 Εἷσί
1285 2627 1342 2684 δὲ
1391 2627 1442 2683 ο⁰ί
1480 2649 1659 2707 φασιν,
1695 2622 2069 2704 ἀκριϐέστερον

417 2723 508 2778 καὶ
535 2725 739 2778 σκοποῦ
767 2721 914 2796 τάγα
931 2720 1020 2774 καὶ
1052 2719 1284 2796 κρίσεως
1303 2717 1574 2793 λογισμὸν
1601 2713 1924 2792 ἔχοντες,ὡς
1950 2713 2075 2771 οὐδὲ

418 2812 754 2887 καταγνώσει
810 2809 917 2865 τινὶ
972 2813 1042 2882 τῇ
1092 2809 1228 2883 πρὸς
1279 2808 1590 2863 ’Δθανάσιον
1650 2805 1850 2874 ταύτην
1911 2804 2074 2859 αὐτοῦ

419 2902 697 2977 κατέκρινε
724 2901 823 2969 τὴν
859 2898 1170 2975 ὑπερορίαν,
1205 2895 1329 2952 ἀλλ’
1362 2897 1547 2951 ἓνώσει
1579 2901 1683 2950 τῶν
1730 2892 2072 2964 Ἐκκλησιῶν

426 2989 637 3066 μᾶλλον
688 2989 778 3044 καὶ
831 2987 1140 3066 συμφωνίᾳ,
1174 2985 1312 3041 ὥστε
1356 2982 1705 3040 καταστεῖλαι
1750 2987 1848 3054 τὴν
1903 2981 2071 3053 ζάλην

420 3081 630 3150 αὐταῖς,
660 3077 751 3134 καὶ
781 3077 1030 3151 κοιμίσαι
1053 3077 1143 3130 τὸν
1177 3070 1425 3152 θόρυϐον.
1465 3072 1682 3143 Ἐπειδή
1736 3075 1838 3149 γὰρ
1890 3075 2072 3134 στάσις

419 3169 530 3246 ούχ
557 3172 592 3239 ἡ
622 3172 866 3243 τυχοῦσα
911 3167 1012 3235 τὴν
1057 3187 1116 3220 τε
1165 3162 1584 3240 Ἀλεξανδρέων,
1636 3164 1808 3233 ὁπόση
1861 3163 1947 3231 ἦν,
1983 3162 2100 3216 καὶ.

2167 576 2526 630 confractum
2544 577 2599 631 in
2616 577 3046 635 munitissimas
3073 585 3269 652 partes
3290 585 3613 656 redegerit;
3638 605 3819 660 quam

2167 665 2325 735 quod
2364 666 2756 721 comminatus
2787 667 2886 732 sit,
2947 685 3008 722 se
3056 670 3330 726 frumenti
3400 683 3817 746 commeatum,

2167 753 2517 809 Alexandria
2540 755 2598 808 in
2620 757 2823 811 urbem
2839 758 3156 813 transmitti
3175 760 3410 816 solitum
3428 781 3489 818 se
3505 765 3820 836 impeditu-

2169 859 2298 896 rum
2335 861 2348 908 ;
2381 843 2500 897 haec
2520 844 2778 899 dolorem
2813 845 3178 908 faciunt,haec
3211 852 3630 920 mordent,haec
3653 858 3822 928 cujus

2169 932 2436 986 animum
2451 931 2993 988 veladamantinum
3011 953 3122 989 non
3155 941 3454 995 moveant?
3478 942 3694 998 Horum
3712 949 3822 1001 tes-

2169 1026 2256 1075 tes
2288 1025 2426 1075 sunt
2455 1023 2905 1085 Adamantinus,
2931 1025 3226 1091 Anubion,
3273 1029 3615 1094 Arbethion.
3639 1038 3697 1088 et
3716 1039 3822 1090 Pe-

2169 1112 2296 1162 trus
2337 1107 2621 1179 episcopi:
2659 1110 2915 1179 aquibus
2932 1111 3492 1171 horumceomnium
3515 1125 3821 1190 gestorum

2171 1197 2470 1252 convictus
2501 1197 2858 1269 supplicium
2883 1199 3117 1270 quidem
3138 1202 3362 1273 effugit,
3385 1206 3820 1266 abdicationem

2170 1291 2367 1340 tamen
2399 1287 2651 1358 eﬁ‘ugere
2676 1303 2790 1341 non
2822 1288 3019 1356 valuit;
3054 1290 3156 1344 sed
3187 1291 3258 1345 ab
3282 1293 3554 1349 universa
3576 1299 3820 1370 synodo,

2173 1379 2237 1429 ut
2257 1375 2641 1429 nefandorum
2673 1376 3175 1446 atqueimpiorum
3195 1381 3823 1449 ejusmodifacinorum

2173 1468 2375 1518 auctor
2406 1464 2711 1519 abdicatus
2741 1469 2798 1519 et
2830 1465 3130 1536 depositus
3161 1473 3268 1522 est.
3304 1469 3455 1526 Dum
3488 1472 3610 1529 haec
3638 1475 3822 1532 itadi-

2173 1553 2788 1624 cerentur,imperator
2819 1554 3076 1624 primum
3111 1556 3320 1614 silebat
3339 1561 3655 1635 animoque
3703 1571 3826 1622 tur-

2175 1642 2424 1698 babatur
2453 1660 2464 1697 :
2500 1659 2567 1697 ac
2592 1643 2831 1698 demum
2863 1643 2966 1698 tali
2994 1645 3199 1701 auditu
3232 1653 3646 1722 suspensus,in
3675 1654 3825 1711 iram

2175 1731 2740 1804 prorupit,justique
2758 1732 2866 1787 viri
2888 1734 3158 1790 exsilium
3189 1736 3248 1792 in
3280 1737 3498 1794 Gallias
3519 1742 3781 1800 decernit
3813 1766 3827 1815 ς

2176 1821 2233 1875 in
2269 1821 2378 1875 hoc
2409 1820 2600 1876 solum
2632 1825 2688 1874 et
2718 1821 2914 1876 animo
2939 1827 2995 1877 et
3039 1825 3328 1881 sententia
3381 1835 3712 1902 corruptus,
3764 1851 3829 1890 ac

2180 1914 2490 1982 utramque
2509 1910 2853 1966 Euscbianis
2871 1929 3073 1968 aurem
3093 1915 3659 1986 subjiciens.Revera
3673 1923 3829 1979 enim

2178 1999 2644 2055 circumveniunt
2664 2005 2721 2054 et
2751 2008 3136 2073 corrumpunt
3166 2004 3351 2061 bonos
3383 2024 3597 2075 mores,
3640 2016 3704 2066 ut
3751 2013 3832 2068 ait

2179 2089 2433 2160 sapiens,
2467 2088 2757 2161 colloquia
2797 2107 2994 2162 prava.
3038 2094 3187 2149 Sane
3219 2112 3452 2168 semper
3471 2104 3644 2155 antea
3689 2102 3831 2159 alte-

2181 2195 2304 2233 ram
2337 2195 2537 2233 aurem
2568 2177 2856 2251 integram
2889 2186 2944 2235 et
2973 2181 3372 2255 incorruptam
3424 2196 3700 2246 accusato
3749 2209 3833 2248 re-

2180 2272 2472 2322 servarat:
2507 2267 2577 2321 ad
2603 2272 2740 2322 tunc
2770 2267 2892 2324 haec
2923 2269 3035 2340 ipsi
3068 2271 3297 2327 macula
3319 2273 3552 2332 etlabes
3575 2278 3830 2347 inhaesit,

2182 2357 2281 2428 qui
2313 2373 2375 2413 se
2407 2361 2580 2412 antea
2609 2357 3011 2428 incorruptum
3047 2377 3378 2433 purumque
3437 2373 3828 2425 conservarat.

2182 2447 2332 2501 Sunt
2355 2445 2454 2517 qui
2485 2445 2702 2517 dicant,
2733 2450 2792 2502 et
2829 2448 2975 2503 forte
3024 2451 3357 2507 accuratius
3397 2445 3657 2526 scopum
3703 2458 3832 2528 ejus

2183 2539 2360 2605 atque
2385 2535 2678 2605 judicium
2709 2540 3074 2608 compertum
3099 2538 3544 2610 habentes,eum
3569 2562 3681 2601 non
3714 2563 3831 2618 pos-

2183 2642 2270 2698 naz
2301 2629 2356 2678 et
2388 2624 2784 2680 damnationis
2815 2641 2993 2681 causa
3024 2627 3225 2683 exsilio
3256 2629 3542 2688 multasse
3579 2635 3834 2693 Athana-

2185 2714 2338 2769 sium
2366 2732 2378 2782 ;
2414 2714 2515 2769 sed
2548 2718 2612 2768 ut
2643 2715 3033 2770 Ecclesiarum
3066 2717 3485 2790 tranquillitati
3507 2726 3565 2778 et
3593 2741 3836 2782 concor-

2185 2804 2292 2858 dize
2315 2803 3075 2875 provideret,tempestatem
3109 2808 3358 2878 sedaret,
3399 2827 3466 2865 ac
3514 2815 3834 2872 tumultum

2184 2893 2752 2965 compesceret.Quia
2773 2894 2929 2948 enim
2963 2895 3172 2951 seditio
3203 2913 3316 2952 non
3355 2915 3529 2970 parva
3591 2903 3831 2961 Alexan-

2183 2983 2372 3038 driam
2407 2986 2795 3054 totam,atque
2815 2983 3042 3056 {Egypti
3079 2985 3394 3042 maximam
3425 2994 3652 3060 partem
3673 2993 3836 3050 inva-

2184 3075 2357 3141 serat,
2412 3070 2895 3141 tranquillitatem
2929 3071 3026 3127 ille
3084 3075 3255 3130 rebus
3311 3076 3515 3134 atl‘erre
3569 3087 3834 3155 conatus,

2185 3160 2440 3217 decrevit
2471 3177 2573 3233 pro
2604 3177 2668 3215 eo
2699 3160 2921 3216 scilicet
2949 3166 3210 3234 tempore
3239 3165 3625 3224 Athanasium
3681 3171 3835 3229 able-

417 3267 518 3329 τῆς
551 3256 830 3334 Αἰγύπτου
891 3253 948 3311 δὲ
1002 3253 1321 3330 κατειλήφει
1378 3255 1446 3308 τὰ
1501 3251 1698 3322 πλείω,
1749 3253 2068 3306 κατάστασιν

2184 3267 2339 3323 gare.
2375 3255 2490 3304 Hac
2514 3249 2668 3304 enim
2703 3251 2946 3319 ratione,
2998 3268 3060 3306 se
3116 3253 3366 3309 aliorum
3425 3258 3834 3330 episcoporum

418 3349 620 3411 ἐκεῖνος
659 3352 776 3410 τοῖς
824 3347 1108 3421 πράγμασι
1162 3344 1588 3420 μηχανώμενος,
1637 3339 1877 3397 ἐκποδὼν
1933 3339 2072 3416 ἔγνω

415 3440 480 3495 τό
522 3459 585 3514 γε
637 3441 729 3492 νῦν
790 3433 918 3511 ἔχον
977 3435 1301 3504 ποιήσασθαι
1361 3433 1694 3490 Ἀθανάσιον·
1756 3431 1929 3505 Ταύτῃ
1968 3432 2070 3505 γάρ

416 3529 513 3590 τὰς
544 3531 652 3582 τῶν
712 3523 898 3580 ἄλλων
951 3524 1259 3578 ἐπισκόπων
1319 3524 1636 3596 θεραπεῦσαι
1685 3521 1930 3595 γνώμας,
1982 3519 2071 3574 καὶ

2183 3341 2411 3396 animas
2436 3339 2834 3394 emolliturum
2869 3340 3310 3414 putabat,atque
3340 3344 3397 3398 in
3430 3362 3607 3402 unam
3631 3365 3836 3406 omnes

2185 3429 2534 3485 sententiam
2567 3429 2994 3500 adacturum,si
3025 3430 3538 3500 palam-hominem
3562 3437 3704 3493 urbe
3722 3439 3837 3510 pel—

2185 3519 2330 3574 leret
2350 3519 2408 3572 in
2444 3517 2735 3573 exsilium.

423 3618 501 3680 είς
529 3616 692 3672 ταύτὸ
720 3619 1037 3690 συναγαγεῖν
1070 3615 1273 3674 πάντας
1303 3612 1583 3685 ἐσκέψατο,
1618 3611 1663 3665 εἷ
1694 3615 1933 3688 φανερῶς
1969 3607 2276 3686 ὑπερορίσει
2306 3608 2394 3660 τὸν
2431 3603 2595 3681 ἄνδρα
2623 3613 2724 3674 τῆς
2756 3604 2994 3668 πόλεως,

566 3749 577 3761 .
616 3703 772 3763 Ἀλλ’
805 3707 832 3759 ὁ
870 3704 963 3779 μὲν
999 3703 1050 3758 έν
1082 3703 1296 3764 τούτοις
1341 3700 1596 3757 καταλύει
1645 3703 1736 3756 τὸν
1773 3701 1889 3776 βξον
1929 3720 2077 3774 τρια-

420 3799 600 3868 κοστῷ
635 3795 728 3868 μὲν
758 3800 861 3863 τῆς
898 3791 1177 3870 βασιλείας
1226 3787 1351 3862 ἔτει,
1402 3791 1638 3864 πέμπτῳ
1671 3788 1726 3844 δὲ
1770 3789 1859 3844 καὶ
1891 3789 2076 3859 ἑξηκο-

424 3889 533 3958 στῷ
560 3891 662 3954 τῆς
692 3882 939 3954 ἡλικίας,
983 3879 1263 3958 διαδόχοις
1311 3889 1413 3950 τῆς
1466 3878 1742 3955 βασιλείας
1772 3885 1887 3940 τοῖς
1938 3880 2076 3933 υἱέσι

424 3975 796 4052 χρησάμενος,
829 3972 917 4027 καὶ
947 3972 1146 4042 ταύτην
1182 3971 1257 4033 εἰς
1290 3969 1484 4032 αὐτοὺς
1532 3967 1887 4024 καταδιελών.
1922 3975 2072 4022 Κων-

424 4063 688 4136 σταντίνῳ
723 4063 815 4136 μὲν
849 4062 951 4138 γάρ
980 4067 1060 4134 τῶ
1113 4059 1320 4135 μείζονι
1363 4064 1468 4113 τῶν
1521 4060 1650 4113 υἱῶν
1707 4057 1928 4132 μείζονα
1982 4057 2072 4112 καὶ

409 4155 507 4224 τήν
543 4154 722 4230 ἀρχὴν
753 4149 1069 4207 καταλείπει
1108 4169 1120 4182 '
1152 4153 1250 4219 τὴν
1302 4147 1359 4204 δέ
1404 4146 1665 4219 διαθήκην
1722 4142 2071 4222 πρεσϐυτέρῳ

405 4243 514 4298 τινὶ
557 4243 907 4319 παρατίθησι,
957 4241 1134 4318 κρύφα
1161 4241 1260 4309 τὴν
1314 4237 1526 4315 Ἀρείου
1556 4237 1712 4292 νόσον
1760 4236 1851 4291 καὶ
1884 4235 1934 4290 έν
1973 4259 2070 4310 μυ-

408 4336 498 4408 χῷ
537 4339 638 4401 τῆς
692 4334 880 4406 ψυχῆς
926 4334 1196 4396 νοσοῦντι,
1249 4326 1396 4389 ὅστις
1448 4325 1678 4403 ἔκρυπτε
1725 4326 1815 4380 καὶ
1865 4324 2064 4396 ταύτην

409 4422 544 4494 μετά
588 4427 690 4490 τῆς
742 4420 902 4475 νόσου
940 4437 951 4450 ·
982 4419 1071 4474 καὶ
1116 4419 1262 4494 παρὰ
1308 4416 1537 4472 πολλῶν
1588 4415 1970 4490 ἐρωτώμενος,
2021 4415 2065 4469 εἰ

406 4509 494 4566 ἐπὶ
555 4508 837 4580 διαθήκαις
897 4510 924 4563 ὁ
987 4505 1241 4584 βασιλεὺς
1298 4504 1693 4579 τελευτήσειεν,
1750 4505 1916 4559 εἰπεῖν
1978 4505 2066 4558 ἀν-

2265 3701 2348 3753 10.
2373 3699 2483 3753 Sed
2536 3699 2756 3752 interea
2784 3697 2880 3753 ille
2935 3699 3114 3754 vitam
3161 3700 3329 3766 obiit,
3390 3701 3620 3775 imperii
3679 3723 3833 3764 anno

2184 3789 2501 3855 tricesimo,
2534 3788 2719 3842 aetatis
2763 3789 3124 3860 sexagesimo
3183 3790 3433 3860 quinto:
3484 3792 3836 3868 imperiique

2186 3894 2556 3934 successores
2581 3876 2784 3930 habuit
2815 3877 3210 3949 ﬁlios,quibus
3235 3879 3377 3936 illud
3409 3880 3606 3953 ipsum
3630 3884 3837 3942 divise-

2185 3972 2476 4022 rat.Porro
2499 3965 2878 4021 Constantino
2910 3966 3164 4022 ﬁliorum
3199 3969 3426 4039 majori,
3453 3973 3646 4041 majus
3697 3972 3834 4028 reli-

2183 4058 2312 4129 quit
2339 4056 2651 4128 imperium
2669 4059 3040 4110 :testamentu
3053 4073 3227 4128 mque
3249 4059 3582 4131 presbytero
3601 4061 3832 4118 cuidam

2182 4145 2673 4210 committit,clam
2695 4149 2751 4200 et
2779 4145 2837 4198 in
2872 4145 3096 4201 occulto
3118 4147 3327 4202 animaa
3350 4165 3467 4203 suae
3486 4149 3603 4204 Arii
3629 4152 3834 4208 morbo

2179 4235 2598 4306 laboranti,qui
2633 4251 2751 4288 una
2777 4239 3194 4290 testamentum
3229 4243 3286 4291 et
3334 4239 3606 4294 morbum
3657 4257 3830 4296 suum

2179 4325 2448 4382 celabat:
2484 4342 2517 4379 a
2557 4323 2880 4395 multisque
2920 4325 3336 4397 interrogatus,
3389 4343 3462 4381 an
3514 4327 3833 4400 imperator

2176 4419 2388 4472 testato
2419 4415 2788 4480 decessisset,
2824 4429 3172 4484 responsum
3197 4415 3446 4483 distulit,
3500 4422 3677 4488 atque
3735 4435 3829 4474 oc-

2176 4505 2315 4560 culti
2347 4503 2561 4576 negotii
2593 4501 2894 4557 eunuchos
2938 4501 3275 4573 imperatori
3337 4503 3831 4562 familiarissimos

700 4566 709 4580 .
825 4566 836 4572 -
987 4566 997 4584 .
1230 4566 1239 4569 -
1515 4566 1524 4576 .
1679 4566 1692 4579 ,

405 4597 672 4655 εοάλλετο
705 4620 716 4633 ο
748 4597 1045 4660 κοινωνοὺς
1078 4596 1220 4652 οὕτω
1265 4596 1589 4671 πράγματος
1625 4593 1937 4670 ἀπορρήτου
1971 4594 2060 4648 καὶ

2178 4593 2435 4649 conscios
2467 4590 2674 4646 effecit.
2698 4595 2838 4644 Cum
2872 4595 3067 4645 autem
3116 4595 3490 4647 cunctaretur
3545 4593 3827 4651 Constan-

403 4689 530 4752 τοὺς
566 4689 932 4751 οἰκειοτάτους
960 4692 1067 4743 τῶν
1108 4683 1378 4762 βασιλέως
1422 4683 1697 4760 εὐνούχων
1752 4684 2058 4756 πεποιημέ-

403 4801 517 4841 νος.
552 4779 701 4835 Ἐπεὶ
735 4778 791 4834 δὲ
825 4776 1188 4856 βραδύναντος
1232 4773 1638 4831 Κωνσταντίνου
1660 4798 1661 4801 π
1683 4773 1807 4847 περὶ
1836 4775 1934 4843 τήν
1970 4771 2060 4828 ἄν-

407 4866 556 4938 οδον,
588 4870 615 4924 ὁ
642 4869 825 4943 τρίτος
864 4873 973 4923 τῶν
1025 4869 1154 4922 υἱῶν
1208 4866 1581 4926 Κωνστάντιος
1627 4868 1843 4939 πρῶτος
1893 4883 2062 4940 παρα-

406 4959 618 5034 γένοιτο
651 4957 703 5029 ἐξ
736 4957 1099 5033 Ἀντιοχείας,
1135 4955 1429 5032 ἐγχειρίζει
1464 4952 1740 5030 λαθραίως
1770 4952 1916 5025 αύτῷ
1961 4954 2060 5022 τήν

406 5053 501 5104 τοῦ
531 5049 733 5124 πατρὸς
781 5045 1069 5119 διαθήκην,
1101 5046 1190 5100 καὶ
1228 5044 1396 5118 μόνην
1442 5045 1567 5118 παρ’
1601 5043 1763 5097 αὐτοῦ
1811 5043 1900 5096 καὶ
1937 5042 2058 5115 μίαν

408 5138 546 5194 αἰτεῖ
573 5140 760 5216 χάριν,
803 5136 942 5192 ὥστε
988 5141 1105 5198 τοῖς
1155 5133 1366 5210 Ἀρείου
1416 5134 1659 5188 κάκεῖνον
1713 5134 2060 5208 συναπαχθῆ-

407 5248 508 5282 ναι·
541 5228 632 5282 καὶ
679 5227 881 5298 ταύτην
925 5220 1164 5298 ἀμοιϐὴν
1213 5231 1314 5293 τῆς
1369 5220 1646 5297 βασιλείας
1693 5226 1772 5299 τῷ
1818 5222 2062 5294 ἀθανάτῳ

413 5314 628 5391 βασιλεῖ
682 5321 898 5394 Χριστῷ
957 5312 1173 5384 δίδωσι,
1229 5314 1290 5369 τὸ
1356 5314 1430 5387 μή
1481 5312 1608 5368 Θεὸν
1651 5311 1833 5379 αὐτὸν,
1868 5309 1912 5365 ὣ
1959 5318 2060 5380 τῆς

408 5405 666 5470 ἀπονοίας
701 5409 712 5462 l
751 5403 892 5480 μηδὲ
919 5410 1016 5460 τοῦ
1062 5404 1260 5465 παντὸς
1315 5402 1446 5458 εἶναι
1480 5404 1556 5476 (d)
1599 5399 1884 5471 δεσπύτην.
1922 5407 2063 5454 Συν-

474 5571 550 5669 ςιξξ
583 5572 668 5669 ita
697 5586 840 5628 mss.
877 5570 1028 5669 Editi
1057 5583 1214 5641 vero,
1247 5565 1420 5669 male,
1444 5563 1728 5669 ἀνθρώπου
1765 5563 1916 5638 βίων.

639 5659 665 5669 ⁸
702 5660 824 5669 -Α-ι-
965 5643 1024 5669 ξιξ
1059 5656 1193 5669 ..ιιι-Α
1280 5659 1335 5669 ..ι
1389 5657 1524 5669 pun“
1564 5657 1666 5669 ιιι.ιιι

499 5635 550 5712 ὁ)
583 5643 672 5700 Ita
702 5660 846 5701 mss.
877 5643 1030 5700 Editi
1059 5635 1218 5708 vero,
1251 5635 1686 5712 ἐπιλεγομένων.

476 5572 531 5642 (a
585 5572 668 5627 Ita
697 5586 840 5628 mss.
878 5572 1028 5652 Εᾱξιῇ
1057 5583 1214 5641 vero,
1247 5572 1420 5634 male,
1444 5572 1728 5669 ἀνθρώπου
1765 5572 1916 5638 βίων.

499 5641 528 5699 b
583 5643 672 5700 Ita
702 5660 846 5701 mss.
877 5643 1030 5700 Editi
1059 5656 1218 5708 vero,
1251 5635 1686 5712 ἐπιλεγομένων.

476 5572 550 5795 lcl
577 5715 672 5774 Sic
702 5731 846 5775 mss.
873 5713 1028 5784 Editl
1056 5729 1214 5790 vero,
1275 5705 1604 5799 φυλάττοντι
1653 5708 1841 5770 οἱονεί.
1882 5707 2058 5781 Infra,

2174 4683 2335 4738 tinus
2365 4681 2638 4737 accedere
2671 4698 2684 4747 ;
2716 4679 2887 4735 tertio
2920 4679 3175 4735 ﬁliorum
3209 4680 3550 4738 Constantio
3582 4682 3682 4755 qui
3712 4685 3829 4740 An-

2170 4772 2386 4828 tiochia
2419 4771 2577 4842 prior
2607 4769 2858 4836 advenit,
2891 4773 3312 4825 testamentum
3345 4771 3606 4840 tradidit,
3651 4777 3829 4843 atque

2173 4879 2352 4916 unam
2386 4861 2458 4916 ab
2489 4859 2588 4914 illo
2620 4858 2881 4929 postulat
2911 4858 3252 4930 gratiam,ut
3273 4861 3339 4915 ad
3362 4861 3608 4917 Arianas
3622 4866 3679 4916 et
3705 4862 3829 4933 ipse

2173 4951 2450 5006 transiret
2482 4954 2674 5021 partes
2709 4967 2721 5002 :
2756 4953 2930 5020 atque
2959 4965 3087 5003 eam
3119 4948 3218 5004 ille
3265 4948 3586 5005 immortali
3640 4949 3827 5023 impe-

2173 5040 2350 5095 ratori
2384 5039 2636 5102 Christo,
2669 5037 2864 5094 collati
2893 5038 3118 5110 imperii
3165 5038 3414 5110 gratiam
3472 5038 3674 5094 retulit
3706 5058 3718 5107 ;
3763 5044 3830 5096 ut

2173 5130 2366 5202 ipsum
2393 5145 2496 5184 nec
2530 5129 2714 5183 Deum
2748 5145 2897 5192 esse,
2933 5145 2964 5182 ο
2997 5128 3315 5183 amentiam
3353 5126 3364 5181 ί
3401 5145 3590 5199 neque
3638 5130 3826 5184 domi-

2173 5237 2315 5275 num
2349 5222 2709 5290 agnosceret.
2739 5217 3059 5287 Sociusque
3090 5217 3205 5272 illis
3236 5218 3492 5272 audaciae
3517 5218 3830 5274 accedebat

2173 5327 2350 5381 supra
2383 5309 2575 5363 dictus
2607 5307 2913 5373 Eusebius,
2947 5310 3003 5362 et
3032 5307 3132 5377 qui
3161 5324 3296 5362 cum
3330 5324 3395 5362 oo
3429 5309 3733 5378 erant,rati
3765 5324 3828 5364 se

2172 5399 2452 5471 temporis
2483 5396 2980 5469 Opportunitatem
3012 5413 3141 5451 esse
3173 5401 3391 5452 nactos.
3455 5396 3585 5452 Haec
3628 5403 3826 5454 autem

2170 5559 2234 5631 ᾗν
2265 5560 2428 5631 deest
2452 5559 2510 5631 in
2544 5556 2732 5631 tribus
2765 5556 3206 5631 manuscriptis.

2245 5631 2316 5704 (ἀ)
2346 5630 2587 5689 Codices
2626 5630 2741 5686 duo
2775 5627 2930 5687 εἶναι.
2964 5625 3086 5684 Alii
3106 5645 3240 5688 cum
3278 5629 3469 5702 editis,
3512 5625 3727 5694 εἰδέναι.
