4146 6400
338 387 517 442 σχειν

1727 372 2312 443 PROLEGOMENA
2327 422 2343 438 .

336 529 455 569 una
486 512 606 568 illis
632 510 726 567 via
753 525 882 567 esse
911 510 1219 568 videbatur
1244 513 1365 567 Arii
1396 513 1867 581 conﬁrmandi,et
1887 529 1983 570 ve-

2099 514 2367 590 εφήπτετο
2399 510 2456 565 οὶ
2487 509 2670 572 αὐτοῖς
2699 512 2798 564 τοῦ
2826 506 3187 583 τολμήματος
3218 506 3309 562 καὶ
3342 508 3371 561 6
3413 501 3743 582 προρρηθεὶς

336 600 528 656 ritatis
557 600 952 671 evertendm,si
975 601 1278 657 Athanasii
1304 606 1360 658 et
1388 603 1512 674 ipse
1561 602 1833 658 exsilium
1882 603 1981 659 ob-

336 690 633 763 signasset
663 706 676 745 :
711 690 878 761 quasi
902 690 1079 761 probe
1106 696 1163 746 et
1185 692 1321 761 jure
1351 692 1651 747 decretum
1681 696 1859 747 esset.
1895 692 1982 746 Ad

332 794 510 851 quam
542 794 664 833 rem
696 794 906 833 manus
935 777 1052 833 illis
1093 779 1541 850 promptissima
1588 780 1984 835 exsecrandus

331 867 443 922 iste
463 866 731 922 sacerdos
754 866 880 933 fuit,
916 866 1017 938 qui
1050 884 1183 922 cum
1216 867 1349 924 aliis
1370 869 1583 924 domus
1647 868 1824 924 etiam
1876 868 1984 924 im-

332 956 631 1029 peratoriae
660 955 1036 1027 praepositum
1061 956 1161 1010 ubi
1193 956 1574 1029 corrupisset,
1596 973 1731 1013 eum
1755 962 1982 1029 partem

333 1045 555 1101 Arianae
581 1044 899 1117 impietatis
929 1061 1034 1100 nec
1052 1044 1361 1101 minimam
1381 1062 1511 1101 esse
1557 1050 1981 1101 commonstra-

331 1133 430 1190 vit.
464 1135 551 1190 Ab
582 1150 647 1190 eo
705 1150 961 1206 namque
1008 1134 1081 1190 ad
1121 1133 1380 1206 reliquos
1441 1134 1620 1191 etiam
1678 1135 1983 1191 eunuchos

331 1223 572 1280 morbus
595 1221 975 1295 pervasit,qui
1007 1221 1308 1295 perfaciles
1337 1227 1505 1279 erant
1533 1224 1603 1278 ad
1638 1223 1981 1296 improbita-

329 1314 449 1368 tem
478 1309 921 1381 admittendam,
952 1315 1011 1365 et
1041 1310 1159 1382 apti
1183 1310 1253 1365 ad
1284 1327 1413 1366 eam
1464 1310 1596 1367 aliis
1653 1311 1981 1367 communi-

331 1399 742 1456 candameo
800 1398 930 1470 ipsa
974 1397 1346 1470 imperatoris
1396 1416 1559 1467 uxor,
1619 1399 1983 1472 blasphemis

333 1487 612 1560 paulatim
646 1485 958 1560 colloquiis
982 1492 1275 1560 corrupta,
1307 1488 1510 1544 eadem
1578 1490 1707 1560 ipsa
1750 1505 1982 1561 quoque

329 1576 461 1632 labe
490 1576 703 1631 infecta
731 1579 838 1631 est.
871 1575 990 1632 Nec
1018 1575 1273 1633 multum
1304 1580 1505 1649 postea
1562 1578 1689 1649 ipse
1747 1594 1983 1649 quoque

328 1664 664 1737 imperator,
696 1663 810 1719 heu
841 1663 1009 1732 mihi,
1041 1681 1341 1721 servorum
1365 1665 1625 1721 facinora
1652 1670 1742 1721 est
1786 1666 1979 1722 imita-

330 1758 449 1820 tus,
478 1752 1077 1825 ubi,inquam,contra
1101 1753 1411 1810 dominum
1432 1772 1609 1811 suum
1641 1754 1976 1823 iasurrexit,

251 1901 259 1909 ,
330 1846 506 1914 atque
533 1841 797 1913 improbe
826 1842 1241 1913 imperatorem
1265 1859 1441 1898 suum
1463 1843 1652 1899 affecti
1686 1848 1983 1901 contume-

328 1930 409 1985 lia
441 1947 453 1984 :
489 1930 560 1986 ad
588 1929 706 1984 Arii
738 1929 877 1985 item
910 1930 1260 1986 sententiam
1292 1932 1681 2003 abreptus;ita
1700 1937 1763 1987 ut
1794 1933 1853 1988 in
1880 1933 1979 1989 illo

328 2017 832 2091 implereturillud
851 2018 1115 2074 Jeremiaa
1146 2037 1159 2075 :
1195 2022 1378 2075 Etiam
1406 2022 1515 2091 ipsi
1530 2029 1774 2092 pastores
1808 2023 1982 2094 impie

327 2116 555 2180 egerunt
578 2110 638 2164 in
665 2108 1001 2164 me‘.Jubet
1028 2107 1226 2181 itaque
1266 2109 1360 2165 ille
1418 2113 1483 2165 ut
1536 2112 1665 2181 ejus
1715 2111 1982 2168 doctrina

326 2199 444 2253 vim
474 2197 845 2264 oblineret,et
876 2200 939 2252 ut
970 2198 1138 2269 quasi
1171 2197 1331 2255 illius
1353 2199 1527 2270 jussu
1566 2200 1825 2272 episcopi
1868 2200 1978 2256 im-

326 2288 505 2360 probe
543 2287 910 2358 sentirent,et
930 2286 1289 2359 impietatem
1307 2288 1802 2360 amplecterentur
1825 2308 1837 2358 ;
1864 2308 1978 2347 non

327 2376 799 2448 obtemperantes
830 2375 1090 2448 quidem,
1114 2377 1215 2431 sed
1265 2376 1460 2448 potius
1509 2377 1977 2434 reformidantes.

328 2465 391 2521 In
411 2470 532 2520 tam
562 2465 723 2537 gravi
753 2469 1119 2537 tempestate,
1145 2470 1203 2521 et
1231 2470 1394 2520 tanta
1443 2465 1717 2537 procella,
1756 2469 1974 2541 guber-

330 2560 564 2611 natores
578 2553 968 2610 Ecclesiarum
984 2558 1166 2622 erant,
1177 2553 1467 2610 Maximus
1480 2554 1701 2611 Jerosol
1710 2573 1911 2629 ymoru
1922 2574 1978 2612 m

332 2643 693 2700 Athanasius
713 2641 1093 2713 Alexandriae,
1127 2642 1225 2713 qui
1257 2642 1493 2699 tametsi
1525 2644 1585 2698 in
1620 2644 1824 2700 exsilio
1881 2646 1978 2702 de-

332 2733 527 2807 gebat,
561 2730 958 2804 gubernacula
988 2748 1105 2786 non
1160 2731 1486 2801 dimiserat,
1540 2737 1598 2789 et
1653 2732 1982 2790 Alexander

331 2819 1034 2892 Constantinopolitanus.

2008 1888 2056 1953 B

2095 595 2374 672 Εὐσέϐιος,
2418 599 2509 654 καὶ
2559 600 2611 654 oi
2643 597 2732 653 σὺν
2788 598 2933 671 αὐτῷ
2981 594 3039 653 δὲ
3084 597 3304 667 πάντες,
3350 598 3544 671 καιροῦ
3588 613 3744 662 τηνι-

2080 694 2258 743 καῦτα
2312 684 2569 743 λάϐεσθαι
2621 686 2887 758 δόξαντες.
2938 687 3049 743 Μία
3098 684 3156 741 δὲ
3203 684 3386 747 αὐτοῖς
3435 682 3647 759 Ἀρείου
3688 703 3748 737 τι

2094 778 2368 846 σύστασις,
2397 776 2620 846 καὶτῆς
2667 774 2927 847 ἀληθείας
2978 773 3152 831 ἐδόκει
3205 771 3520 843 κατάλυσις,
3553 770 3599 826 εί
3644 772 3743 841 τὴν

2091 866 2410 921 ’Δθανασίου
2457 866 2548 921 καὶ
2597 886 2752 927 ουτος
2801 864 3089 942 ὑπερορίαν
3146 862 3615 940 ἐπισφραγίσαιτο,
3669 858 3747 920 ὡς

2091 954 2147 1011 εὗ
2199 953 2411 1029 μᾶλλον
2442 954 2532 1009 xui
2560 958 2641 1026 τῷ
2692 952 2887 1027 δικαίῳ
2938 954 3336 1030 γεγενημένην.
3385 950 3529 1026 Πρὸς
3561 949 3591 1003 ’ὁ
3621 947 3745 1025 χεὶρ

2089 1044 2276 1107 αὐτοῖς
2308 1045 2689 1117 ἀνυσιμωτάτη
2722 1043 2812 1099 καὶ
2852 1045 2880 1099 ὁ
2935 1043 3129 1119 μιαρὸς
3178 1042 3383 1103 ἐκεῖνος
3434 1038 3607 1114 ἱερεὺς
3653 1038 3747 1113 γέ-

2089 1152 2269 1207 γονεν,
2301 1131 2359 1194 ὃς
2400 1131 2534 1204 μετά
2559 1135 2675 1185 τῶν
2708 1126 2894 1185 ἄλλων
2928 1128 3019 1184 καὶ
3047 1130 3138 1184 τὸν
3191 1127 3242 1183 ἐν
3272 1132 3392 1190 τοῖς
3443 1122 3743 1203 βασιλείοις

2088 1220 2446 1297 πραιπόσιτον
2490 1219 2837 1297 ὑποφθείρας,
2874 1219 3039 1295 μέρος
3087 1216 3150 1273 οὐ
3196 1218 3260 1273 τὸ
3309 1213 3599 1293 ἐλάχιστον
3651 1213 3743 1269 καὶ

2088 1309 2247 1366 αὐτὸν
2277 1316 2381 1379 τῆς
2411 1309 2627 1385 ’Δρείου
2675 1305 2995 1378 κακοδοξίας
3045 1304 3318 1377 ἀπέδειξεν
3350 1306 3445 1380 (α).
3476 1305 3570 1359 Ἐκ
3613 1301 3741 1359 τού-

2087 1418 2184 1453 του
2224 1399 2327 1474 γὰρ
2360 1392 2597 1453 διέϐαινε
2625 1396 2717 1451 καὶ
2751 1396 2829 1459 εἰς
2855 1395 2983 1459 τοὺς
3016 1393 3247 1458 λοιποὺς
3271 1398 3378 1450 τῶν
3407 1392 3681 1469 εὐνούχων
3705 1392 3741 1462 ἡ

2087 1486 2267 1559 νόσος,
2301 1486 2546 1561 εὐχερεῖς
2596 1480 2755 1546 ὄντας
2809 1484 2964 1563 φύσει
3010 1484 3101 1540 καὶ
3155 1477 3477 1558 μεταλαϐεῖν
3526 1480 3743 1551 κακίας,

2086 1575 2177 1630 καὶ
2215 1572 2535 1649 μεταδοῦναι
2568 1572 2689 1628 λίαν
2732 1572 3094 1643 ἐπιτηδείους.
3129 1574 3227 1628 Καὶ
3259 1576 3294 1643 ὴ
3322 1576 3418 1626 τοῦ
3475 1568 3745 1647 βασιλέως

2090 1662 2148 1719 δὲ
2194 1665 2430 1739 γαμετὴ,
2470 1669 2589 1726 ταῖς
2645 1661 2998 1741 βλασφήμοις
3044 1663 3182 1718 κατά
3233 1662 3424 1736 μικρὸν
3486 1659 3743 1734 ὁμιλίαις

2090 1751 2458 1829 διαφθαρεῖσα,
2488 1759 2589 1821 τῆς
2624 1753 2820 1825 ὁμοίας
2850 1753 2941 1807 καὶ
2989 1751 3126 1822 αὐτὴ
3176 1749 3363 1824 λύμης
3404 1747 3740 1824 ἐμπίπλατο.

2088 1844 2216 1898 Μετ’
2247 1841 2308 1897 οὐ
2341 1839 2485 1896 πολύ
2518 1838 2693 1896 δὲκαὶ
2724 1842 2753 1896 6
2791 1838 3069 1915 βασιλεὺς,
3109 1837 3169 1895 οἷ’
3213 1861 3327 1914 μοι,
3375 1840 3443 1895 τὰ
3491 1843 3599 1894 τῶν
3649 1859 3749 1893 πο-

2088 1934 2271 2007 νήρων
2303 1928 2431 2005 ἔδρα
2461 1927 2697 2000 δούλων,
2746 1935 2844 1985 τοῦ
2897 1928 3037 1985 ἰδίου
3084 1927 3346 1985 δεσπότου
3376 1929 3523 2005 φημὶ
3560 1927 3746 1999 κατεξ-

2092 2021 2339 2090 αναστάς,
2379 2019 2469 2075 καὶ
2504 2020 2582 2082 είς
2610 2020 2702 2074 τὸν
2734 2019 2900 2075 αὐτοῦ
2930 2024 3112 2082 κακῶς
3162 2013 3441 2093 ἐξυϐρίσας
3495 2014 3742 2092 βασιλέα,

2087 2109 2179 2165 xui
2223 2115 2304 2183 τῷ
2353 2109 2567 2186 ’Δρείου
2618 2109 2982 2185 συναπαχθεὶς
3040 2110 3344 2183 σρονήματι
3380 2127 3392 2139 ·
3425 2108 3499 2169 ὡς
3540 2107 3630 2161 καὶ
3661 2105 3745 2161 ἐπ’

2092 2198 2237 2271 αὐτῷ
2265 2199 2328 2253 τὸ
2356 2202 2455 2253 τοῦ
2492 2197 2639 2252 θείου
2688 2195 3085 2274 πεπληρῶσθαι
3132 2196 3417 2274 Ἱερεμίου,
3466 2194 3549 2250 ὅτι
3581 2221 3609 2247 ‹‹
3643 2196 3741 2250 Καὶ

2090 2290 2141 2342 οἰ
2169 2288 2428 2361 ποιμένες
2454 2281 2685 2356 ἠσέϐουν
2742 2287 2819 2350 εἰς
2870 2286 2988 2359 ἐμὲ.
3024 2314 3051 2338 ››
3084 2284 3307 2348 Κελεύει
3356 2289 3646 2362 τοιγαροῦν
3676 2286 3745 2340 τὰ

2090 2375 2296 2432 ἐκείνου
2339 2382 2576 2450 κρατεῖν,
2623 2377 2713 2432 καὶ
2759 2374 2939 2451 ὥσπερ
2992 2374 3043 2446 ἐξ
3095 2374 3466 2451 ἐπιτάγματος
3515 2376 3593 2449 (b)
3615 2373 3745 2437 τούς

2090 2464 2416 2527 ἐπισκόπους
2476 2472 2743 2543 φρονῆσαι
2791 2470 2973 2528 κακῶς
3011 2509 3025 2535 ,
3082 2465 3172 2519 xui
3234 2466 3308 2539 μὴ
3385 2464 3694 2526 πεισθέντας
3728 2508 3742 2533 ,

2090 2552 2236 2609 ἀλλά
2265 2555 2569 2624 πτήξαντας
2624 2552 2859 2627 μᾶλλον,
2911 2554 3246 2609 ἀσπάσασθαι
3291 2554 3393 2623 τὴν
3456 2547 3741 2611 ἀσέϐειαν.

2089 2638 2427 2719 Κυϐερνῆται
2458 2639 2516 2697 δὲ
2543 2646 2651 2697 τῶν
2702 2640 3044 2713 Ἐκκλησιῶν
3097 2640 3149 2697 ἐν
3183 2642 3327 2697 οὕτω
3379 2647 3617 2717 χειμῶνι
3650 2664 3744 2717 με-

2089 2729 2249 2806 γάλῳ
2272 2732 2363 2786 καὶ
2394 2728 2636 2785 κλύδωνι
2686 2731 2931 2803 Μάξιμος
2985 2731 3077 2804 μὲν
3126 2728 3544 2804 Ἱεροσολύμων,
3589 2734 3745 2787 Ἀθα-

2090 2821 2274 2883 νάσιος
2307 2818 2364 2875 δὲ
2418 2816 2826 2893 Ἀλεξανδρείας
2874 2819 2940 2882 ὃς
2979 2820 3077 2874 κάν
3123 2823 3193 2893 τῇ
3247 2818 3508 2894 ὑπερορίᾳ
3556 2818 3630 2876 ὣν
3680 2821 3743 2876 οὐ

342 2908 554 2986 μεθίετο
582 2911 690 2963 τῶν
724 2907 946 2977 οἰάκων,
976 2908 1066 2962 καὶ
1094 2906 1447 2986 Ἀλέξανδρος
1479 2907 1537 2964 δὲ
1562 2917 1665 2979 τῆς
1697 2907 2324 2971 Κωνσταννινουπὸλεως
2354 2904 2505 2970 ὄντες
2537 2907 2858 2984 ἐτύγχανον.

407 3001 493 3057 11.
527 2998 814 3055 Eusebius
841 3015 1013 3070 porro
1037 3015 1139 3071 pro
1188 2999 1485 3073 impietate
1528 3003 1741 3057 ardens
1796 3001 1985 3057 auda-

333 3088 1249 3161 cissimusque,opportunitatem
1278 3095 1337 3145 et
1366 3088 1513 3159 loca,
1548 3094 1613 3145 ut
1656 3091 1714 3144 in
1768 3089 1983 3162 pugnis

332 3180 524 3237 solent
552 3178 756 3249 optimi
789 3178 1193 3250 imperatores,
1225 3179 1298 3234 ad
1331 3180 1592 3234 veritatis
1648 3179 1980 3235 subversio-

333 3284 465 3324 nem
517 3267 834 3322 observans
893 3282 905 3319 :
953 3265 1297 3336 hujusmodi
1360 3267 1665 3339 quidpiam
1741 3268 1976 3339 cogitat.

328 3357 531 3413 Arium
564 3354 882 3411 introducit
913 3354 1501 3428 Constantinopolim,
1534 3374 1669 3412 cum
1724 3357 1981 3413 maxime.

326 3461 563 3519 pompa,
594 3445 675 3499 ita
699 3448 763 3500 ut
801 3445 1046 3516 quaestio
1079 3444 1138 3500 in
1171 3444 1363 3501 aliena
1388 3446 1622 3517 regione
1643 3446 1981 3515 haberetur,

328 3552 464 3592 cum
505 3533 865 3590 Athanasius
896 3533 1137 3604 quidem
1159 3533 1218 3589 in
1250 3534 1453 3591 exsilio
1484 3540 1832 3607 versaretur,
1859 3535 1984 3592 nul-

327 3624 542 3696 lusqne
570 3623 822 3693 adesset,
846 3621 948 3694 qui
987 3639 1193 3678 sanam
1234 3624 1561 3679 doctrinam
1614 3624 1935 3681 vindicaret
1965 3642 1980 3693 ;

332 3715 451 3769 imo
483 3712 798 3784 imperator
826 3716 883 3766 et
912 3711 1295 3784 magistratus
1326 3729 1532 3769 omnes
1555 3714 1621 3768 ad
1656 3713 1829 3769 aliam
1846 3730 1985 3786 par-

332 3806 452 3858 tem
482 3799 854 3867 transissent,
886 3805 1125 3871 propter
1144 3800 1565 3874 oppugnatoris
1634 3802 1982 3859 absentiam.

336 3890 467 3948 Haec
496 3888 592 3945 ille
624 3905 823 3945 secum
864 3889 1190 3961 reputabat.
1218 3893 1289 3945 At
1318 3907 1608 3963 supernus
1637 3890 1734 3947 ille
1750 3891 1987 3963 sapiens

339 3994 680 4035 mconomus
726 3976 839 4033 alio
871 3977 1044 4032 modo
1077 3993 1199 4033 rem
1252 3978 1632 4050 dispensavit,
1694 3996 1988 4051 parvoque

342 4085 483 4124 casu
537 4065 931 4140 improbitatis
988 4066 1273 4138 impetum
1323 4068 1623 4139 repressit,
1682 4073 1739 4123 et
1767 4073 1987 4140 quanto

342 4158 532 4229 magis
560 4156 679 4212 Arii
711 4155 988 4211 adversus
1020 4153 1291 4227 pietatem
1323 4155 1526 4227 lingua
1554 4156 1803 4229 vigebat,
1826 4160 1988 4215 tanto

339 4246 474 4319 plus
498 4246 627 4318 ejus
658 4245 934 4300 intestina
972 4242 1146 4317 paulo
1169 4249 1373 4316 postea
1401 4245 1768 4301 difﬂuebant.
1787 4252 1866 4301 Ac
1888 4263 1985 4301 va-

339 4353 487 4392 cuus
510 4336 746 4409 quidem
770 4334 1081 4405 intestinis,
1116 4350 1333 4391 vacuus
1375 4334 1699 4392 visceribus
1740 4334 1991 4408 impuris

341 4425 484 4482 locis
514 4425 686 4481 Arius
718 4425 1016 4497 projectus
1047 4428 1191 4480 est.J
1199 4429 1330 4480 usta
1347 4441 1517 4496 poena
1545 4426 1823 4481 elfracnati
1851 4426 1987 4490 oris,

342 4532 408 4571 ac
439 4515 749 4588 putredine
774 4513 930 4587 pleni
962 4514 1242 4587 pravique
1300 4514 1453 4569 vasis
1475 4513 1653 4586 digna
1670 4516 1989 4571 evacuatio.

2167 3001 2252 3055 11.
2287 2991 2554 3058 Εὐσέϐιος
2587 2993 2664 3067 δὲ,
2716 2996 2913 3070 θερμόν
2963 3017 3014 3050 τι
3064 2998 3240 3052 πνέων
3292 2997 3382 3051 καὶ
3426 2995 3743 3070 πάντολμον

2094 3088 2225 3164 ὑπὲρ
2259 3081 2525 3159 ἀσεϐείας,
2557 3087 2647 3141 καὶ
2677 3084 2901 3161 καιρούς
2944 3085 3033 3141 καὶ
3063 3085 3289 3154 τόπους,
3323 3084 3502 3160 ὥσπερ
3536 3084 3587 3161 ἐν
3644 3086 3747 3159 μά-

2091 3177 2220 3239 χαις
2251 3176 2387 3231 κατά
2414 3175 2543 3237 τοὺς
2575 3174 2924 3251 εὐμηχάνους
2972 3178 3079 3229 τῶν
3131 3179 3449 3250 στρατηγῶν
3503 3174 3579 3238 εἷς
3635 3174 3748 3230 ἐπί·

2091 3268 2231 3321 θεσιν
2262 3273 2363 3335 τῆς
2396 3263 2675 3335 ἀληθείας,
2731 3263 3031 3338 ἐπιτηρῶν,
3077 3261 3289 3319 τοιόνδε
3333 3285 3387 3318 τι
3428 3263 3743 3319 ἐπινοεῖται.

2089 3356 2312 3431 Είσάγει
2340 3356 2431 3409 τὸν
2462 3356 2678 3430 ’Ἄρειον
2712 3354 2790 3416 εἷς
2820 3356 2919 3422 τὴν
2974 3353 3380 3408 Κωνσταντίνου
3428 3355 3562 3427 μετά
3606 3352 3747 3409 πολ-

2091 3444 2198 3514 λῆς
2228 3445 2366 3499 πάνυ
2396 3451 2498 3514 τῆς
2526 3442 2826 3515 αὐθεντίας,
2881 3440 3019 3497 ὥστε
3065 3444 3167 3512 τὴν
3216 3445 3440 3513 ζήτησιν
3492 3441 3545 3498 ἐν
3579 3441 3747 3497 ἀλλο-

2091 3534 2237 3609 δαπῇ
2270 3534 2537 3608 γενέσθαι,
2569 3527 2725 3594 ὄντος
2760 3531 2855 3605 μὲν
2911 3530 2999 3586 ἐπὶ
3046 3538 3149 3601 τῆς
3199 3530 3488 3606 ὑπερορίας
3528 3532 3749 3587 Ἀθανα-

2092 3623 2237 3691 σίου,
2272 3619 2505 3696 μηδενὸς
2545 3618 2603 3676 δὲ
2650 3620 2921 3696 παρόντος
2972 3624 3070 3674 τοῦ
3122 3619 3254 3695 ὑπὲρ
3304 3621 3378 3693 (c)
3410 3624 3518 3675 τῶν
3573 3619 3748 3697 ὀρθῶν

2094 3709 2383 3786 δογμάτων
2418 3709 2793 3782 ἀνθεξομένου,
2846 3705 2991 3762 ἀλλά
3039 3706 3129 3762 καὶ
3184 3705 3454 3782 βασιλέως
3486 3708 3632 3781 αὐτῷ
3658 3709 3749 3765 καὶ

2092 3805 2199 3854 τῶν
2234 3798 2286 3853 ἐν
2316 3796 2462 3854 τέλει
2493 3796 3016 3871 προστεθησομένων
3066 3795 3315 3850 ἁπάντων
3368 3792 3458 3851 διὰ
3502 3798 3602 3867 τὴν
3648 3801 3748 3853 τοῦ

2097 3887 2486 3948 ἀντιτείνοντος
2519 3885 2771 3961 ἐρημίαν.
2806 3888 2983 3939 Ταῦτα
3013 3884 3041 3939 6
3077 3884 3170 3957 μὲν
3224 3882 3440 3940 ἐσκόπει
3482 3888 3600 3941 καθ’
3630 3887 3750 3942 έαυ-

2094 3976 2185 4031 τόν
2217 3994 2229 4007 °
2265 3975 2463 4052 ἑτέρως
2495 3972 2553 4029 δὲ
2581 3971 2745 4028 πάλιν
2780 3974 2808 4028 ὁ
2840 3974 3004 4051 σοφὸς
3055 3970 3252 4028 ἄνωθεν
3298 3974 3591 4049 οἰκονόμος
3624 3997 3749 4049 μετ-

2099 4064 2349 4134 εσκεύαζε
2375 4065 2443 4119 τὰ
2471 4068 2715 4136 τοιαῦτα,
2753 4063 2946 4139 μικράν
2981 4064 3058 4136 (d)
3103 4083 3225 4118 τινα
3273 4063 3514 4139 ἐγκοπὴν
3563 4062 3748 4129 διδοὺς

2096 4159 2165 4228 τῇ
2197 4156 2370 4229 θερμῇ
2404 4158 2545 4232 φορᾷ
2572 4159 2676 4223 τῆς
2726 4152 2917 4214 κακίας
2952 4169 2965 4183 ·
2996 4152 3088 4207 καὶ
3135 4152 3248 4226 ὅσῳ
3296 4174 3398 4231 περ
3432 4156 3502 4227 (e)
3553 4154 3754 4229 ’Δρείῳ

2104 4241 2315 4318 μάλλον
2352 4241 2493 4320 ἕρῥει
2524 4243 2661 4297 κατὰ
2709 4248 2811 4312 τῆς
2861 4236 3133 4304 εὐσεϐείας
3165 4244 3199 4312 ἡ
3234 4241 3479 4318 γλῶσσα,
3509 4244 3755 4317 τοσούτῳ

2099 4331 2266 4389 πλέον
2301 4331 2435 4402 αὐτή
2467 4332 2655 4387 καὶτά
2706 4328 2857 4386 ἔνδον
2913 4332 3047 4405 μετά
3093 4331 3272 4408 βραχύ
3319 4332 3605 4410 συνερρύη.
3656 4332 3757 4389 Καὶ

2100 4423 2254 4485 κενὸς
2291 4423 2385 4497 μὲν
2418 4420 2682 4497 ἐγκάτων,
2709 4421 2863 4483 κενὸς
2909 4418 2967 4476 δὲ
3015 4419 3351 4498 σπλάγχνων
3400 4421 3450 4478 ἐν
3498 4418 3761 4498 βεϐήλοις

2099 4511 2291 4574 τόποις
2353 4513 2568 4589 Ἄρειος
2624 4506 2848 4587 ἕρῥιπτο
3063 4506 3186 4581 δίκη
3249 4508 3432 4565 δικαία
3490 4511 3761 4586 στόματος

343 4604 648 4677 lllaigitur
674 4603 757 4659 ita
778 4603 977 4665 anima
1010 4604 1093 4659 ita
1124 4620 1364 4677 corpore
1407 4604 1821 4661 miserabiliter
1874 4605 1983 4661 dis-

2103 4599 2428 4671 ἀκολάστου,
2486 4602 2577 4656 καὶ
2636 4600 2866 4675 σαπρίας
2927 4599 3197 4675 γέμοντος
3241 4605 3486 4675 πονηροῦ
3539 4601 3762 4664 σκεύους

344 4698 537 4766 rupto,
566 4692 854 4748 Eusebius
885 4699 1061 4764 atque
1090 4693 1233 4749 socii
1273 4709 1446 4749 omne
1495 4693 1695 4749 subire
1747 4693 1988 4761 bellum,

344 4798 548 4839 omnes
579 4783 926 4838 conturbare
946 4781 1062 4837 nisi
1084 4786 1243 4849 sunt,
1288 4785 1489 4854 utpote
1534 4783 1750 4854 quibus
1807 4784 1994 4840 instar

346 4888 629 4928 manuum
663 4872 719 4927 in
754 4871 915 4927 hisce
944 4871 1187 4944 agendis
1220 4876 1388 4926 erant
1436 4871 1857 4943 imperatorum
1887 4890 1989 4929 eur-

343 4961 521 5017 nuchi
556 4977 570 5018 :
604 4960 852 5017 scelesta
880 4959 1002 5031 illa,
1024 4959 1277 5016 violenta
1305 4976 1371 5015 ac
1404 4976 1598 5015 rerum
1660 4961 1993 5017 mutationi-

345 5053 457 5107 bus
483 5067 716 5123 semper
746 5066 812 5106 ac
833 5049 1158 5105 confusioni
1184 5049 1501 5121 gaudentia
1545 5050 1857 5121 mancipia.
1912 5057 1993 5106 Ac

346 5140 431 5196 illi
451 5139 687 5212 quidem
718 5140 899 5213 priori
931 5155 1038 5194 suo
1068 5154 1242 5209 scopo
1269 5138 1639 5204 insistebant,
1663 5144 1726 5195 ut
1774 5138 1996 5196 scilicet

347 5230 756 5298 Athanasium,
781 5228 992 5284 throno
1024 5224 1203 5283 simul
1243 5230 1301 5282 et
1328 5227 1586 5297 verbo,et
1615 5229 1882 5284 doctrina
1938 5233 1996 5284 et

353 5318 569 5376 ﬁducia
597 5318 1071 5377 intercluderent.
1124 5318 1195 5371 At
1241 5315 1470 5372 diversa
1521 5316 1695 5388 plane
1753 5318 1995 5392 sapiens

416 5445 433 5479 ¹
458 5448 666 5502 Jerem.
700 5462 759 5512 ιι,
782 5446 837 5500 8.

437 5569 497 5637 a)
528 5569 778 5637 Quidam
809 5586 954 5626 mss.
983 5563 1279 5635 ὐπέὸειζεν.

439 5587 474 5627 a
528 5569 778 5637 Quidam
809 5586 954 5626 mss.
983 5569 1279 5635 ὐπέὸειζεν.

439 5569 497 5716 ὑί
513 5642 618 5718 _Sic
648 5642 879 5718 codices
910 5657 1135 5718 omnes.
1166 5637 1329 5718 Editi
1346 5655 1503 5708 vero,
1551 5639 1645 5718 tu}
1665 5641 1991 5718 πάγματος.

437 5587 474 5627 a
528 5571 778 5637 Quidam
809 5586 954 5626 mss.
983 5571 1279 5635 ὑπέδειξεν.

439 5571 497 5716 ὑί
524 5642 618 5698 Sic
648 5642 879 5698 codices
910 5657 1135 5698 omnes.
1166 5637 1318 5696 Editi
1346 5655 1503 5708 vero,
1551 5639 1645 5694 ἐπὶ
1688 5641 1782 5718 τάγ

414 5571 487 5799 ἕο)
513 5713 598 5774 Ita
621 5712 863 5796 quidam
891 5712 1140 5773 codices.
1174 5710 1333 5770 Editi
1361 5728 1516 5787 vero,
1545 5715 1639 5772 τοῦ
1659 5711 1782 5777 ὑπό.

2104 4690 2225 4762 ἀξία
2272 4692 2524 4753 κένωσις.
2574 4688 2729 4744 Οὕτω
2773 4694 3063 4764 τοιγαροῦν
3116 4689 3280 4745 αὐτοῦ
3335 4691 3425 4745 καὶ
3471 4695 3632 4764 σῶμα
3669 4691 3761 4746 καὶ

2102 4782 2284 4857 ψυχὴν
2336 4779 2586 4841 ἐλεεινῶς
2642 4778 3073 4855 ἀπορῥήξαντος,
3134 4773 3394 4842 Εὐσέϐιός
3452 4801 3511 4835 τε
3563 4782 3655 4836 καὶ
3706 4782 3760 4836 οἱ

2101 4870 2226 4947 περὶ
2276 4869 2433 4924 αὐτὸν
2479 4870 2570 4923 τὸν
2620 4869 2795 4923 πάντα
2842 4865 3088 4941 πόλεμον
3142 4869 3459 4946 ὑπήρχοντο
3511 4869 3601 4925 καὶ
3656 4871 3756 4940 τὴν

2107 4960 2318 5036 μάχην,
2366 4958 2455 5013 xui
2506 4959 2787 5033 ταράττειν
2834 4957 3072 5020 ἅπαντας
3124 4956 3467 5035 ἐπεγείρουν,
3517 4958 3616 5014 ὅσα
3668 4959 3759 5014 xui

2103 5054 2293 5126 χεῖρας
2327 5046 2378 5103 ἐν
2407 5053 2525 5109 τοῖς
2554 5046 2827 5109 τοιούτοις
2856 5046 2984 5109 τοὺς
3014 5051 3122 5102 τῶν
3159 5045 3429 5123 βασιλέων
3464 5046 3761 5126 εὐνούχους

2105 5133 2345 5214 ἔχοντες,
2392 5138 2460 5191 τὰ
2512 5137 2769 5213 μοχθηρὰ
2817 5133 2883 5206 δὴ
2932 5141 3102 5192 ταῦτα
3146 5137 3237 5192 καὶ
3289 5138 3621 5213 θερμουργὰ,
3666 5137 3757 5194 καὶ

2103 5227 2441 5303 πραγμάτων
2495 5220 2826 5299 μεταϐολαῖς
2870 5224 2951 5280 ἀεὶ
3001 5225 3091 5280 καὶ
3138 5224 3431 5302 συγχύσεσι
3467 5227 3754 5303 χαίροντα.

2105 5316 2206 5372 Καὶ
2254 5317 2306 5370 οἱ
2361 5315 2455 5390 μὲν
2509 5311 2726 5391 εἴχοντο
2772 5321 2868 5370 τοῦ
2912 5313 3083 5371 πάλαι
3133 5319 3359 5386 σκοποῦ,
3408 5317 3498 5372 καὶ
3548 5316 3756 5393 θρόνων

2177 5569 2254 5642 (d)
2284 5566 2439 5642 Editi
2471 5570 2529 5624 et
2546 5567 2787 5642 quidam
2818 5584 2963 5642 mss,
3002 5567 3231 5642 μακρὰν,

2178 5636 2248 5713 (ο)
2280 5641 2366 5700 Ita
2393 5655 2538 5698 mss.
2563 5636 2835 5713 quidam.
2859 5636 3334 5713 Editivero,__§'qip
3361 5639 3510 5713 περί.

2178 5571 2233 5642 (d
2286 5571 2439 5624 Editi
2471 5571 2529 5624 et
2546 5571 2787 5640 quidam
2818 5584 2963 5624 mss.
3002 5571 3231 5642 μακρὰν.

2178 5647 2228 5711 (ο
2280 5641 2366 5700 Ita
2393 5655 2538 5698 mss.
2570 5640 2835 5713 quidam.
2859 5639 3013 5697 Editi
3032 5657 3188 5708 vero,
3221 5636 3334 5709 ὅσῳ
3361 5657 3437 5713 πει

2178 5571 2254 5793 (ff
2273 5712 2419 5772 Tres
2447 5713 2873 5788 manuscripti,
2913 5711 2943 5769 ὁ
2968 5707 3159 5776 ἄθλιος
3188 5707 3437 5794 ἕρριπτο.
