4146 6370
1279 367 1464 431 νΙΤΑ
1508 372 1575 431 S.
1622 369 2041 432 ATHANASII
2088 361 2430 433 INCERTO
2473 371 2868 436 AUCTORE.

3619 393 3773 442 CXCV

359 488 500 566 ὁμοῦ
555 491 644 548 καὶ
701 493 883 572 λόγων
919 544 931 568 ,
992 501 1080 554 καί
1138 499 1488 564 διδασκαλίας
1555 503 1644 556 καὶ
1701 502 2008 578 παρῥησίας

2122 505 2223 562 illa
2271 506 2628 577 providentia
2686 507 3024 578 apparabat,
3077 523 3204 580 quae
3262 505 3526 566 animum
3586 513 3768 568 movit

358 581 670 639 Ἀθανάσιον
726 585 1138 644 ἀποκεκλεῖσθαι
1177 592 1355 661 πάσης
1403 589 1729 660 ἐσπούδαζον
1783 610 1795 623 ·
1845 590 2000 667 ἕτερα

358 667 418 726 δὲ
446 671 609 727 πάλιν
654 676 688 742 ὴ
739 677 877 754 σοφή
930 677 1158 752 πρόνοια
1206 677 1571 735 ποικίλλουσα
1601 683 1689 752 ἦν,
1717 682 1806 736 καὶ
1853 683 2008 751 κινή-

357 781 494 815 σασα
538 763 637 832 τὴν
691 766 1094 822 Κωνσταντίνου
1142 770 1350 844 ψυχὴν,
1385 770 1444 832 ὃς
1474 775 1580 824 τῶν
1629 775 1726 824 τοῦ
1770 769 2011 845 μεγάλου

357 851 765 908 Κωνσταντίνου
811 857 941 910 υἱῶν
989 858 1079 912 καὶ
1127 855 1322 930 ἡλικίᾳ
1367 859 1457 913 καὶ
1495 858 1748 934 βασιλείᾳ
1793 865 2012 934 πρῶτος

357 938 626 1017 ἐτύγχανε
660 964 672 976 ο
720 944 943 1018 Ῥώμης
993 947 1096 1022 γὰρ
1148 953 1447 1016 τηνικαῦτα
1495 957 1596 1018 τῆς
1644 944 2010 1024 πρεσϐυτέρας

359 1029 478 1106 εἶχε
524 1030 586 1085 τὸ
633 1033 832 1108 κράτος
866 1053 877 1064 ·
917 1033 1074 1090 λῦσαι
1129 1037 1221 1110 μὲν
1275 1037 1421 1110 αὐτῷ
1469 1041 1862 1115 παρασκευάζει
1908 1040 2009 1108 τήν

359 1115 567 1194 ὖξορίαν
629 1139 641 1151 ·
704 1119 1003 1178 ἐπιστεῖλαι
1069 1121 1126 1179 δὲ
1190 1123 1619 1203 Ἀλεξανδρεῦσι,
1687 1128 1777 1183 καὶ
1844 1127 2000 1183 αὐτὸν

358 1204 572 1282 ἔχουσι·

631 1321 673 1369 Ν
683 1318 850 1400 ικητη
853 1339 876 1380 ς
898 1324 1310 1400 -ῐξωνσταντῖνος
1339 1320 1734 1400 ’ᾼλεξανδρέων

785 1393 854 1463 τῇ
883 1390 1182 1464 Ἐκκλησία
1204 1393 1294 1448 καὶ
1327 1399 1406 1466 τῷ
1438 1390 1577 1466 λαῷ.

431 1475 596 1550 Οἶμαι
631 1474 840 1550 μηδένα
898 1479 1048 1553 ὑμῶν
1109 1483 1322 1556 ἀγνοεῖν
1379 1485 1447 1537 τά
1503 1486 1639 1538 κατᾶ
1683 1485 1774 1540 τὸν
1840 1486 2006 1561 μέγαν

355 1566 568 1639 κήρυκα
621 1572 723 1636 τῆς
780 1564 1070 1643 εύςεϐείας,
1123 1571 1212 1625 καὶ
1261 1576 1359 1626 τοῦ
1415 1579 1794 1648 προπυνητοῦ
1837 1574 2010 1647 νόμου

358 1653 644 1731 ὑποφήτην
690 1657 998 1712 Ἀθανάσιον
1051 1661 1244 1736 πρώην
1297 1657 1720 1735 συμϐεϐηκότα,
1771 1662 1920 1726 ὅπως
1953 1686 2010 1719 τε

359 1744 476 1797 κατ’
509 1742 671 1798 αὐτοῦ
703 1751 901 1809 κοινῶς
954 1748 1054 1802 ὑπὸ
1095 1754 1202 1803 τῶν
1249 1757 1349 1820 τῆς
1381 1749 1638 1821 ἀληθείας
1680 1751 1887 1829 ἐχθρῶν
1923 1754 2008 1808 ἀν-

354 1833 608 1906 ηρέθιστο
660 1833 932 1909 πόλεμος,
982 1839 1072 1892 καὶ
1128 1837 1278 1901 ὅπως
1327 1839 1377 1894 ἐν
1435 1846 1553 1902 ταῖς
1602 1839 1864 1904 Γαλλίαις
1917 1843 2008 1898 σὺν

355 1920 481 1995 ἐμοὶ
512 1920 720 1999 διάγειν
775 1924 1120 2000 κεκέλευστο,
1152 1927 1290 1983 ὥστε
1323 1929 1515 2004 μετρίᾳ
1558 1935 1687 2005 γοῦν
1718 1931 1807 1986 τὸν
1843 1930 2009 2008 ἐπηρ-

349 2012 588 2085 τημένον
622 2013 758 2068 κατά
809 2022 911 2084 τῆς
959 2016 1124 2071 αὐτοῦ
1172 2015 1417 2096 κεφαλῆς
1457 2017 1698 2074 ἐκκλῖναι
1740 2018 2006 2078 κίνδυνον.

355 2100 427 2155 Ού
461 2103 567 2174 μὴν
601 2104 936 2159 παντάπασιν
1004 2107 1218 2181 ἀειυγίᾳ
1267 2109 1341 2181 (α)
1391 2106 1832 2181 καταδεδίκαστο,
1867 2109 2015 2166 ἀλλά

355 2191 445 2244 καὶ
495 2195 686 2247 τοῦτον
739 2190 797 2248 δὲ
826 2196 916 2249 τὸν
983 2195 1179 2268 μεταξὺ
1233 2197 1431 2272 χρόνον
1485 2196 1706 2269 πολλῆς
1735 2220 1882 2262 τινος
1915 2201 2014 2255 ἀπ-

359 2278 521 2336 έλαυε
548 2284 676 2357 παρ’
729 2282 866 2356 ἐμοῦ
914 2287 1199 2359 θεραπείας
1238 2329 1249 2340 .
1285 2286 1422 2341 ὥστε
1471 2286 1639 2361 μηδὲν
1673 2288 1818 2362 αὐτῷ
1863 2293 2012 2366 γενέ-

362 2371 479 2425 σθαι
501 2375 610 2426 τῶν
643 2367 988 2446 ἀϐουλήτων,
1025 2375 1068 2429 εἰ
1109 2376 1198 2430 καὶ
1225 2377 1562 2451 καρνερικὸς,
1600 2375 1748 2453 εἷ’περ
1778 2401 1863 2441 τις
1917 2377 2014 2434 ἅλ-

368 2458 487 2532 λος,
524 2461 656 2536 ὑπὲρ
685 2469 786 2532 τῆς
821 2461 1079 2534 ἀληθείας
1132 2465 1242 2520 ἐστὶ
1297 2467 1386 2521 καὶ
1435 2467 1752 2546 φερέπονος,
1805 2471 1894 2524 καὶ
1938 2475 2016 2543 τῷ

363 2551 500 2605 κατά
529 2551 656 2606 Θεὸν
688 2550 845 2626 ζήλῳ
874 2559 976 2608 πᾶν
1011 2556 1188 2609 ὁτιοῦν
1216 2552 1384 2631 ἄχθος
1417 2556 1542 2632 ῥᾷον
1576 2559 1754 2636 φέρειν
1789 2556 2014 2633 δυνάμε-

363 2661 477 2702 νος.
510 2641 610 2695 Καὶ
643 2642 670 2696 6
707 2643 1010 2719 μακαρίτης
1063 2642 1121 2699 δὲ
1167 2651 1568 2710 Κωνσταντῖνος
1601 2648 1628 2702 6
1661 2648 1791 2721 ἐμὸς
1835 2652 2014 2724 πατήρ

366 2731 801 2801 ἀποκαταστῆσαι
850 2738 1038 2788 τοῦτον
1094 2733 1216 2789 ὅσον
1270 2733 1484 2791 οὐδέπω
1532 2742 1610 2810 τῷ
1663 2735 1786 2811 ἰδίῳ
1838 2740 2015 2816 θρόνῳ

366 2814 624 2875 ἐϐούλετο
658 2840 669 2852 ·
704 2822 764 2884 ’ὸς
797 2822 885 2877 ἐπὶ
913 2821 1060 2878 τέλει
1103 2829 1200 2878 τοῦ
1252 2825 1372 2900 βίου
1422 2822 1516 2898 ὤν,
1567 2829 1656 2882 καὶ
1694 2830 1768 2900 μή
1813 2814 2013 2908 φθάσας

365 2906 719 2986 ἐκπληρῶσαι
761 2913 825 2966 τά
866 2917 962 2967 νοῦ
1011 2919 1234 2987 σκοποῦ,
1290 2913 1413 2988 ἐμοὶ
1462 2918 1598 2971 κατά
1647 2915 1912 2995 διαδοχὴν
1952 2921 2014 2974 τὸ

361 3005 590 3074 πρᾶγμα
618 2999 896 3072 κατέλιπε,
946 3000 1257 3066 τελευταίας
1304 3005 1428 3081 περὶ
1475 3011 1571 3060 τοῦ
1621 3003 1814 3082 ἀνδρὸς
1865 3009 2012 3063 ἐντο-

362 3085 462 3151 λάς
496 3087 821 3163 ἐπισκήψας.
857 3089 1158 3165 Κελεύομεν
1193 3091 1283 3147 οὖν
1337 3094 1462 3167 ὑμῖν
1509 3100 1601 3150 νῦν
1638 3097 1730 3169 μὲν
1780 3094 1928 3152 αἰδοῖ
1956 3119 2015 3152 τε

360 3176 519 3232 αὐτὸν
547 3181 616 3252 τῇ
648 3181 812 3254 πάσῃ,
846 3181 935 3234 καί
975 3179 1254 3257 λαμπραῖς
1308 3183 1633 3255 ὑπαντήσεσι
1681 3186 1772 3240 καὶ
1824 3193 2011 3260 τιμαῖς

2043 1891 2090 1955 Β

2108 595 2494 663 Constantini,
2548 599 2606 650 et
2661 602 2830 651 aetate
2899 601 2956 651 et
3013 597 3278 668 imperio,
3340 598 3492 654 inter
3556 601 3758 673 magni

2121 684 2498 739 Constantino
2539 684 2688 740 ﬁlios
2741 686 2977 740 maximi
3013 702 3026 739 :
3061 704 3194 741 nam
3251 688 3462 744 veteris
3511 693 3636 744 tum
3671 690 3769 746 ille

2123 773 2318 828 Romae
2380 773 2695 844 imperium
2746 775 3066 843 obtinebat,
3115 781 3178 830 ut
3230 792 3387 843 eum,
3437 779 3642 835 exsilio
3699 779 3769 835 li-

2120 861 2349 916 beraret
2382 878 2394 916 :
2431 863 2770 933 litterasque
2811 863 3216 919 Alexandrinis
3265 866 3539 936 mitteret,
3575 886 3641 924 ac
3687 869 3770 943 ip-

2123 967 2256 1005 sum
2290 949 2544 1005 mitteret
2570 952 2957 1008 Athanasium
2989 969 3124 1009 eum
3155 952 3368 1010 litteris
3398 955 3482 1012 sic
3509 957 3770 1015 babenti-

2120 1041 2254 1094 bus.

2071 1123 2129 1181 δὲ
2196 1126 2508 1181 ’Δθανάσιον
2581 1129 2946 1201 συνεκπέμψαι
3012 1135 3128 1192 τοῖς
3206 1132 3520 1204 γράμμασιν
3595 1133 3769 1199 οὕτως

2289 1326 2471 1380 Victor
2502 1324 2891 1380 Constantinus
2921 1327 3313 1452 Αιεῗαηάνίηἰε
3347 1331 3600 1387 Ecclesiae

2795 1408 2845 1453 et
2876 1415 3017 1453 noua
3046 1415 3095 1453 ο.

2795 1414 2845 1453 ει
2871 1414 3095 1469 populo.

2192 1484 2496 1540 Neminem
2521 1491 2779 1542 vestrum
2799 1487 3066 1558 ignorare
3098 1489 3370 1560 arbitror,
3395 1507 3522 1562 qua
3547 1493 3771 1564 pridem

2122 1573 2460 1629 acciderunt
2507 1592 2720 1647 magno
2767 1577 3001 1648 pietatis
3032 1579 3302 1649 praeconi,
3336 1585 3394 1635 et
3434 1584 3774 1638 venerandis

2119 1662 2266 1734 legis
2299 1662 2600 1735 interpreti
2631 1664 3263 1737 Athanasio,quomodo
3298 1669 3577 1726 adversus
3607 1671 3773 1729 illum

2119 1769 2150 1806 a
2180 1752 2444 1808 veritatis
2481 1753 2740 1809 inimicis
2770 1755 2990 1810 bellum
3036 1755 3112 1811 sit
3157 1757 3541 1830 concitatum,
3573 1765 3630 1816 et
3658 1777 3777 1834 qua

2120 1841 2340 1897 ratione
2371 1859 2601 1897 mecum
2647 1845 2706 1898 in
2740 1844 2940 1900 Galliis
2969 1846 3189 1900 versari
3225 1847 3436 1918 jussus
3468 1850 3565 1917 sit,
3601 1855 3665 1906 ut
3692 1851 3777 1907 ita

2123 1929 2441 1987 imminens
2471 1933 2646 2003 capiti
2691 1951 2798 1988 suo
2853 1934 3178 2003 periculum
3230 1936 3520 1993 declinare
3553 1945 3770 2010 posset.

2122 2021 2528 2092 Nequetamen
2545 2024 3014 2096 perpetuumipsi
3037 2025 3608 2084 exsilium'indictum
3635 2029 3774 2098 fuit;

2125 2111 2225 2165 sed
2271 2111 2444 2165 etiam
2496 2110 2594 2166 illo
2646 2113 2773 2185 ipso
2817 2113 3001 2168 exsilii
3054 2119 3335 2186 tempore,
3373 2116 3556 2172 multa
3604 2118 3774 2174 nobis

2125 2199 2253 2269 ejus
2274 2215 2413 2254 cura
2444 2199 2571 2270 fuit,
2593 2200 2674 2254 ita
2694 2206 2758 2256 ut
2787 2201 2932 2256 nihil
2963 2203 3012 2257 ei
3046 2209 3254 2273 praeter
3285 2203 3640 2261 voluntatem
3675 2223 3770 2262 ae-

2125 2287 2349 2343 ciderit.
2381 2290 2633 2344 Tametsi
2659 2307 3073 2357 aerumnarum,
3104 2293 3152 2346 si
3183 2293 3316 2363 quis
3341 2293 3512 2362 alius,
3536 2299 3594 2350 et
3616 2294 3772 2352 labo-

2127 2394 2256 2431 rum
2291 2377 2518 2448 patiens
2549 2395 2652 2450 pro
2678 2379 2917 2434 veritate
2937 2385 3026 2434 est
3058 2397 3070 2434 :
3105 2385 3282 2451 atque
3314 2397 3382 2436 ex
3411 2381 3531 2438 zelo
3565 2399 3768 2440 secun-

2127 2465 2267 2520 dum
2309 2470 2490 2520 Deum
2549 2466 2819 2537 quamvis
2866 2468 3199 2538 angustiam
3245 2469 3392 2524 ferre
3420 2469 3588 2526 valet.
3623 2473 3776 2530 Sane

2127 2555 2305 2610 beatae
2329 2558 2626 2611 memoriae
2646 2555 3065 2612 Constantinus
3087 2563 3250 2628 pater
3273 2575 3438 2615 meus
3457 2559 3613 2616 brevi
3638 2578 3771 2619 eum

2127 2643 2184 2697 in
2220 2645 2521 2716 proprium
2545 2645 2852 2701 restituere
2877 2645 3107 2702 volebat
3140 2664 3152 2702 :
3187 2649 3284 2718 qui
3317 2665 3450 2704 cum
3480 2649 3608 2705 vita:
3640 2651 3775 2708 ﬁnis

2124 2732 2478 2796 immineret,
2515 2751 2618 2790 nec
2646 2739 2843 2806 posset
2873 2752 3116 2806 scopum
3148 2736 3394 2808 implere
3415 2755 3616 2804 suum,
3648 2756 3772 2796 rem

2125 2821 2269 2876 mihi
2302 2822 2451 2877 hanc
2482 2824 2766 2893 agendam
2787 2841 2888 2896 per
2916 2825 3348 2881 successionem
3369 2826 3606 2900 reliquit
3639 2846 3652 2883 :
3676 2830 3774 2885 da-

2124 2911 2201 2966 tis
2232 2930 2334 2984 pro
2365 2913 2486 2968 viro
2517 2912 2616 2968 illo
2650 2930 2934 2984 supremae
2965 2914 3074 2970 hac
3105 2916 3176 2970 de
3208 2933 3268 2970 re
3297 2915 3618 2974 voluntatis
3642 2919 3773 2990 jus-

2125 3001 2412 3056 sionibus.
2439 3002 2790 3057 Mandamus
2823 3003 3001 3074 igitur
3030 3005 3213 3071 vobis,
3238 3007 3438 3075 utjam
3471 3023 3604 3061 eum
3638 3023 3771 3064 cum

2125 3090 2284 3145 omni
2315 3091 2655 3158 reverentia,
2682 3109 2815 3147 cum
2848 3092 3154 3164 splendido
3181 3111 3428 3149 occursu
3461 3099 3519 3150 et
3551 3095 3774 3152 honore

2123 3179 2422 3251 excipiatis
2457 3199 2469 3236 :
2505 3186 2559 3236 et
2583 3185 2782 3252 postea
2810 3182 2878 3236 ad
2900 3199 3006 3238 nos
3036 3199 3169 3238 eum
3191 3182 3404 3238 iterum
3431 3184 3770 3257 remittatis,

363 3264 712 3338 ὑποδέξασθαι
750 3291 762 3302 ·
801 3271 934 3343 μετά
957 3275 1126 3326 ταῦτα
1155 3269 1212 3327 δὲ
1241 3271 1405 3328 πάλιν
1452 3275 1588 3350 πρὸς
1638 3277 1787 3348 ἡμᾶς
1831 3297 2001 3352 παρα-

2120 3269 2216 3340 qui
2250 3274 2558 3342 postquam
2582 3271 2640 3324 in
2663 3276 3043 3342 conspectum
3065 3272 3288 3327 venerit
3308 3277 3601 3340 nostrum,
3631 3291 3766 3331 cum

357 3356 592 3432 πέμψαι,
648 3357 728 3429 ὃς,
789 3355 1003 3414 ἐπειδὰν
1056 3359 1131 3422 είς
1176 3356 1298 3435 ὄψιν
1347 3362 1436 3416 καὶ
1502 3360 1651 3424 αὖθις
1715 3366 1850 3436 ἡμῖν
1913 3385 2008 3419 κα-

355 3450 548 3521 ταστῇ,
590 3445 724 3516 ὅσης
777 3447 1013 3519 τεύξεται
1062 3457 1186 3523 παρ’
1234 3453 1396 3524 ἡμῶν
1444 3459 1544 3521 τῆς
1593 3453 1876 3527 θεραπείας
1918 3454 2008 3509 καὶ

354 3543 457 3605 τῆς
491 3534 697 3608 αἰδοῦς,
723 3537 813 3592 καὶ
848 3537 1004 3612 ὑμεῖς
1037 3536 1255 3596 εἷ’σεσθε.

431 3629 516 3682 12.
548 3625 770 3688 Τούτοις
824 3627 1035 3703 θαρρῶν
1092 3634 1210 3691 τοῖς
1269 3631 1584 3706 γράμμασιν
1647 3634 2005 3702 Ἀθανάσιος,

353 3715 453 3784 τήν
489 3712 886 3791 Ἀλεξανδρέων
935 3713 1341 3791 καταλαμϐάνει
1392 3721 1490 3793 (b),
1541 3721 1630 3775 καὶ
1680 3719 1876 3790 ἥδιστα
1911 3723 2004 3796 μὲν

355 3802 514 3858 αὐτὸν
565 3804 592 3859 6
641 3809 750 3859 τῶν
806 3801 1105 3878 όρθοδόξων
1159 3805 1485 3884 ὑποδέχεται
1535 3807 1712 3884 δῆμος
1745 3831 1758 3842 ·
1791 3810 1907 3866 ὅσοι
1951 3809 2008 3867 δὲ

353 3894 442 3947 καὶ
501 3892 897 3966 ἀρειανίζοντες
955 3895 1089 3965 ἦσαν
1149 3898 1265 3950 καθ’
1333 3898 1598 3972 ἑταιρείας
1673 3901 1956 3964 συστάντες
1990 3950 2003 3974 ,

351 3979 634 4056 πολέμους
664 3982 817 4045 αὖθις
847 3985 964 4038 κατ’
1013 3985 1176 4039 αὐτοῦ
1223 3987 1312 4041 καὶ
1343 3989 1586 4064 ταραχὰς
1637 3990 2002 4066 ἀνεῤῥίπιζον.

352 4073 452 4126 Καὶ
509 4079 626 4135 τοῖς
676 4073 799 4148 περὶ
846 4069 1103 4129 Εὐσέϐιον
1158 4072 1331 4138 ἄλλας
1379 4098 1438 4132 τε
1500 4080 1636 4134 κατά
1690 4084 1786 4134 τοῦ
1846 4081 2004 4156 ἁγίου

352 4167 616 4239 παρεῖχον
650 4157 924 4218 διαϐολῶν
977 4165 1248 4243 ἀφορμὰς,
1299 4167 1389 4221 καὶ
1421 4166 1526 4235 ὅτι,
1563 4170 1636 4241 μή
1689 4172 2001 4247 ψηφισαμέ-

352 4273 450 4322 νης
483 4252 630 4326 αύτῷ
658 4260 760 4322 τῆς
792 4251 1018 4308 συνόδου
1047 4256 1146 4324 την
1198 4255 1302 4310 ἀπὸ
1348 4263 1449 4326 τῆς
1507 4258 1795 4334 ὑπερορίας
1845 4259 2004 4316 ἐπάν-

353 4339 469 4397 εδον
511 4345 602 4416 (ιτ),
637 4340 844 4398 οἴκοθεν
896 4344 1070 4416 ἐαυτῷ
1117 4344 1316 4416 ταύτην
1365 4345 1644 4422 ἐπιτρέψαι
1682 4347 2004 4429 κατειλήφει

349 4433 445 4502 την
507 4429 836 4504 Ἐκκλησίαν
899 4450 912 4464 ⁶
975 4432 1158 4489 ἔπειτα
1217 4431 1274 4489 δὲ
1338 4437 1428 4490 καὶ
1485 4438 1673 4511 νεκράν
1733 4460 1853 4494 τινα
1906 4445 2002 4496 τοῦ

350 4521 508 4596 ἁγίου
552 4521 946 4596 κατεψεύσαντο
1002 4526 1080 4598 (d)
1131 4530 1322 4599 χεῖρα,
1380 4521 1852 4599 συλλαμϐάνεσθαι
1906 4531 2002 4607 φά-

349 4631 566 4674 σκοντες
599 4610 745 4684 αὖτῷ
791 4611 990 4682 ταύτην
1041 4608 1217 4667 ἕνεκεν
1270 4612 1359 4668 καὶ
1407 4615 1692 4687 θαυμάτων
1742 4618 1831 4671 καὶ
1863 4638 1999 4692 γοη-
2033 4635 2080 4698 D

346 4698 512 4772 τείας,
547 4701 599 4755 οἱ
653 4701 840 4778 μιαροὶ
887 4700 1082 4756 ἐκεῖνοι
1128 4702 1219 4756 καὶ
1267 4699 1670 4782 διεφθαρμένοι,
1712 4705 1801 4759 καὶ
1845 4728 1999 4784 φανε-

347 4794 457 4861 ρῶς
488 4790 708 4865 γόητες,
751 4797 858 4861 Τῆν
893 4788 950 4846 δὲ
998 4796 1162 4867 χεῖρα
1207 4791 1338 4847 εἶναι
1387 4815 1536 4856 τινος
1583 4795 1859 4870 ’Δρσενίου
1889 4803 1996 4851 τῶν

347 4875 742 4956 Ἀλεξανδρέων
804 4879 944 4950 ἐνὸς,
1000 4880 1059 4936 ἐκ
1131 4889 1390 4958 μηχανῆς
1452 4904 1632 4962 φασιν,
1697 4885 1998 4959 Ἀθανασίῳ

347 4965 774 5043 ἐκκεκομμένην.
799 4971 890 5032 Οἷς
923 4971 951 5024 6
987 4969 1263 5044 βασιλεὺς,
1314 4972 1380 5026 τὰ
1424 4970 1536 5027 ὦτα
1577 4972 1806 5037 κλαπεὶς
1858 4975 1998 5048 (ἐπεὶ

344 5058 432 5112 καὶ
461 5059 690 5138 πέφυκεν
726 5059 862 5129 ἀκοή
895 5064 1002 5114 τῶν
1048 5059 1369 5130 καινότητας
1422 5062 1676 5125 τοιαύτας
1731 5063 1995 5140 ἐχόντων,

343 5145 432 5200 καὶ
488 5148 766 5222 τερατείας
833 5151 1072 5211 πιθανῶς
1136 5148 1372 5223 μάλιστα
1429 5153 1754 5225 συγκειμένη
1815 5155 1995 5230 ψυχὰς

345 5234 601 5300 εὐκόλους
635 5237 968 5314 ἐπάγεσθαι),
1005 5238 1284 5317 ἀειφυγίαν
1341 5239 1434 5312 μὲν
1489 5238 1546 5293 ἐκ
1585 5241 1808 5314 πρώτης
1843 5241 1995 5305 εὐθὺς

345 5323 404 5379 οὐ
433 5327 741 5403 κατακρίνει
774 5328 1090 5386 Ἀθανασίου
1123 5330 1211 5401 (6)·
1245 5332 1406 5383 τοῦτο
1451 5329 1555 5404 γὰρ
1603 5335 1720 5393 τοῖς
1776 5330 1994 5407 ἐχθροῖς

345 5412 402 5470 lx
429 5419 630 5482 παντὸς
672 5416 1050 5489 ἐσπουδάζετο·
1085 5415 1212 5473 ἀλλ’
1259 5412 1417 5492 ὥστε,
1466 5418 1660 5492 νόμοις
1707 5426 1814 5475 τῶν
1856 5442 1992 5498 πρα-

411 5580 488 5652 (a)
521 5582 643 5639 Duo
693 5599 837 5640 mss.
889 5580 1163 5660 ἀειφυγία.
1196 5581 1334 5648 Alii,
1385 5598 1519 5638 cum
1568 5581 1756 5655 editis,
1809 5582 1992 5664 ἀειφυ-

340 5647 486 5806 γίῗό)
518 5726 603 5785 Ita
632 5743 779 5790 mss.
810 5743 1034 5788 omnes.
1066 5726 1222 5787 Editi
1249 5742 1402 5786 vero.
1437 5718 1722 5806 λαμϐάνει.

2121 3365 2342 3428 quanta
2389 3377 2422 3414 a
2468 3359 2634 3414 nobis
2682 3359 3059 3432 excipiendus
3109 3360 3185 3415 sit
3233 3362 3573 3429 reverentia,
3605 3363 3767 3420 vobis

2119 3455 2486 3519 compertum
2518 3451 2646 3504 erit.

2192 3628 2276 3680 t2.
2310 3627 2414 3682 His
2445 3627 2702 3683 conlisus
2723 3627 2934 3683 litteris
2954 3626 3333 3695 Athanasius,
3355 3627 3767 3686 Alexandriam

2119 3717 2281 3788 petit,
2300 3733 2366 3772 ac
2396 3716 2783 3773 libentissime
2804 3717 3042 3789 quidem
3072 3717 3238 3772 illum
3269 3717 3473 3789 recipit
3493 3717 3768 3775 orthodo-

2117 3823 2228 3861 xus
2255 3807 2525 3878 populus.
2547 3809 2840 3879 Quotquot
2862 3812 3058 3862 autem
3079 3806 3276 3862 Ariani
3301 3813 3466 3863 erant
3489 3825 3608 3863 una
3627 3825 3767 3864 con-

2115 3896 2594 3966 venientes,bella
2615 3913 2819 3952 rursus
2831 3901 2887 3952 et
2907 3897 3110 3952 turbas
3133 3897 3771 3964 movere,Eusebianis-

2118 4001 2231 4057 que
2262 3984 2406 4042 alias
2439 3985 2623 4040 sancti
2673 3985 3074 4041 calumniandi
3122 3987 3456 4042 occasiones
3489 3987 3768 4059 suppedi-

2115 4079 2258 4140 tare,
2296 4076 2448 4146 quod
2483 4075 2704 4130 scilicet
2735 4075 2895 4130 nullo
2928 4076 3134 4148 synodi
3165 4077 3395 4132 decreto
3428 4092 3766 4149 regressum

2117 4165 2187 4219 ab
2215 4165 2416 4219 exsilio
2440 4166 2810 4234 concedente,
2839 4165 2963 4235 ipse
2985 4182 3093 4220 sua
3121 4165 3413 4221 sententia
3435 4165 3765 4238 remigrans

2114 4259 2459 4326 occupasset
2489 4254 2828 4309 Ecclesiam.
2863 4255 3081 4309 Deinde
3113 4260 3407 4309 mortuam
3442 4255 3766 4326 quamdam

2116 4361 2357 4399 manum
2381 4345 2710 4411 afferentes,
2741 4343 3247 4413 falsojactitabant
3267 4344 3425 4399 illam
3449 4360 3584 4399 eum
3609 4360 3766 4400 rese-

2113 4435 2304 4489 cuisse
2328 4433 2684 4488 mirabilium
2701 4433 3118 4504 patrandorum
3135 4437 3310 4502 atque
3331 4431 3763 4503 praestigiarum

2113 4539 2309 4578 causa.
2344 4526 2494 4589 Haec,
2529 4521 2793 4593 inquam,
2831 4520 3066 4574 aiebant
3117 4519 3201 4573 illi
3251 4519 3610 4590 exsecrandi,
3638 4537 3765 4576 cor-

2112 4611 2290 4683 rupti,
2324 4627 2389 4666 ae
2439 4615 2634 4683 aperte
2662 4609 2901 4664 veneﬁci
2953 4607 3240 4664 homines.
3275 4608 3515 4664 Manum
3565 4613 3761 4666 autem

2111 4701 2381 4756 dicebant
2423 4717 2551 4756 esse
2585 4698 2805 4754 Arsenii
2857 4698 3166 4769 cujusdam
3207 4697 3607 4765 Alexandrini,
3641 4702 3764 4756 arte

2110 4790 2387 4861 quadam,
2413 4789 2484 4844 ab
2518 4788 2830 4844 Athanasio
2864 4787 3406 4851 resectam.0uibus
3436 4787 3628 4843 verbis
3652 4787 3761 4843 im-

2111 4885 2341 4951 perator
2371 4882 2576 4950 captus
2609 4877 2852 4934 auribus
2875 4879 3036 4949 (nam
3064 4876 3212 4932 solet
3241 4875 3480 4932 auditus
3509 4878 3582 4932 ad
3615 4877 3762 4932 tales

2109 4968 2394 5024 novitates
2427 4983 2634 5038 resque
2687 4965 3050 5038 portentosas
3081 4965 3402 5022 credendus
3433 4981 3762 5036 propensus

2109 5057 2408 5130 simplices
2443 5057 2670 5111 animas
2703 5073 2902 5111 secum
2927 5055 3203 5126 trahere),
3227 5071 3599 5125 nequaquam
3633 5071 3761 5126 per-

2108 5152 2282 5220 petuo
2331 5145 2533 5202 exsilio
2567 5145 2953 5200 Athanasium
3002 5146 3075 5200 ab
3117 5144 3229 5199 alio
3281 5142 3758 5214 exsiliojamjam

2108 5244 2404 5293 reversum
2459 5235 2747 5301 multavit,
2781 5235 2837 5289 id
2888 5233 3022 5289 licet
3052 5232 3273 5288 inimici
3326 5233 3587 5287 obtinere
3619 5231 3758 5290 totis

2103 5327 2328 5382 viribus
2378 5325 2740 5391 niterentur;
2775 5323 2874 5378 sed
2909 5323 3081 5395 jubet
3112 5326 3176 5376 ut
3222 5321 3548 5377 secundum
3594 5319 3756 5395 leges

2104 5417 2223 5473 haec
2273 5415 2506 5489 negotia
2557 5417 3006 5488 pertractentur,
3036 5417 3103 5468 ut
3143 5411 3226 5467 sic
3274 5409 3608 5484 legitimum
3654 5410 3755 5470 ille

2175 5581 2244 5652 (c)
2277 5579 2458 5652 Unus,
2492 5571 2769 5630 ἐπάνοδον.
2803 5575 2938 5652 Alii,
2968 5570 3215 5652 κά-θοδο-ν.

2195 5642 2250 5736 ά)
2282 5651 2377 5736 Sic
2407 5642 2786 5736 omnes‘mss.
2821 5643 3200 5736 rectenEd'iti,
3233 5642 3691 5736 κατεψηφίσαντο.

2195 5653 2228 5707 d
2282 5653 2377 5707 Sic
2407 5663 2613 5706 omnes
2644 5664 2786 5704 mss.
2821 5653 2990 5704 recte.
3026 5653 3200 5714 Editi,
3233 5666 3256 5700 κ

2171 5653 2250 5806 ξεί
2277 5725 2363 5782 Ita
2391 5737 2536 5780 mss.
2566 5719 2719 5779 Editi
2747 5735 2901 5793 vero,
2931 5717 3256 5781 Ἀθανάσιον,
