4146 6378
386 344 572 399 CXCVI

1783 323 2396 392 PROLEGOMENA.

381 468 591 526 subeat
617 464 993 545 supplicium,
1028 463 1077 521 si
1108 462 1167 519 in
1196 460 1415 519 talibus
1438 462 1910 534 deprehendatur
1938 462 2031 517 de-

2147 462 2368 535 γμάτων
2400 461 2489 517 καὶ
2537 458 2839 532 διαιτηταῖς
2883 460 3365 540 ἐγχειριζομένων,
3412 459 3649 535 νόμιμον
3698 456 3793 515 αὐ-

382 557 559 615 lictis.
597 556 946 613 Archelaum
978 553 1176 625 itaque
1206 550 1398 607 virum
1431 551 1543 607 sibi
1593 550 1946 607 familiarem
1978 555 2037 607 et

384 645 794 710 domesticum,
826 660 944 698 una
972 658 1106 698 cum
1141 641 1346 696 Nonno
1377 645 1503 694 tum
1535 639 1838 696 Phoenices
1889 657 2033 712 prae-

384 735 555 802 fecto,
588 733 661 789 ad
716 748 917 789 earum
950 728 1430 803 perquisitionem
1462 746 1659 784 rerum
1711 728 1910 785 mittit.
1945 727 2035 783 Illi

386 824 487 881 ubi
517 823 735 895 Tyrum
768 819 1139 879 advenissent
1165 836 1177 873 :
1205 819 1260 873 in
1294 818 1395 874 illa
1425 819 1641 890 quippe
1674 818 2032 873 Athanasius

384 912 755 987 probationes
787 910 857 964 de
886 908 1195 981 praestigiis
1227 906 1346 962 illis
1394 907 1754 978 expectabat,
1788 906 2032 978 paulum

383 1003 632 1060 dilatum
655 1004 743 1055 est
762 1015 1024 1062 examen,
1040 996 1249 1052 acideo
1272 995 1776 1068 quemadmodum
1797 995 2031 1050 videba-

381 1098 501 1160 tur,
523 1089 678 1163 quod
700 1092 1073 1144 accusatores
1093 1089 1573 1157 exspectarentur
1594 1084 1696 1155 qui
1724 1084 1870 1156 ipsis
1892 1101 2031 1140 ocu-

381 1182 454 1238 lis
465 1178 886 1238 exsecrandum
902 1176 1130 1233 facinus
1153 1173 1666 1247 perspexerant.Ut
1683 1178 1879 1229 autem
1902 1190 2033 1229 vere

379 1273 618 1328 eventus
648 1268 730 1323 rei
761 1266 978 1337 docuit,
1010 1265 1149 1337 quia
1179 1264 1334 1319 Deus
1383 1278 1635 1335 superne
1667 1278 1788 1317 rem
1822 1260 2032 1332 hujus-

380 1359 538 1415 modi
571 1354 979 1430 perspiciebat,
1014 1357 1191 1425 atque
1219 1352 1539 1408 clementer
1569 1367 1696 1406 eam
1731 1350 2032 1406 intermis-

381 1448 606 1505 sionem
640 1445 765 1501 ﬁeri
788 1443 1305 1516 dispensavit,quo
1338 1441 1464 1512 ipse
1491 1442 1730 1496 tandem
1752 1439 2032 1495 Arsenius

382 1538 633 1604 adesset,
664 1533 838 1604 cujus
868 1536 993 1587 erat
1022 1548 1235 1587 manus
1274 1531 1600 1591 demortua.
1636 1528 1857 1598 injuste
1887 1546 2030 1600 pra:-

384 1625 548 1691 cisio,
596 1621 852 1694 talisque
904 1620 1202 1693 tragoedia.
1242 1618 1522 1674 Arsenius
1572 1633 1829 1689 namque
1877 1634 2032 1672 unus

385 1718 510 1771 erat
534 1730 603 1769 ex
631 1711 816 1785 gradu
849 1709 1153 1779 lectorum,
1176 1708 1277 1780 qui
1306 1708 1379 1764 ob
1412 1711 1701 1763 secretum
1734 1706 2031 1778 quoddam

388 1802 619 1898 facinus
644 1800 799 1898 haud
831 1798 985 1898 leves
1025 1799 1273 1898 daturus
1304 1813 1527 1869 poenas,
1559 1795 1778 1898 fugam.
1790 1794 2029 1898 cogitat,
2063 1833 2109 1898 Β

387 1897 563 1965 atque
592 1888 911 1945 Athanasio
940 1892 997 1943 et
1026 1886 1292 1942 Ecclesiae
1324 1902 1386 1940 se
1418 1883 1681 1957 proripit.
1717 1883 1802 1938 Illi
1833 1882 2033 1955 itaque

385 1980 611 2038 malitia
655 1978 971 2051 sapientes,
1005 1974 1266 2048 maligna
1312 1972 1629 2029 adversarii
1677 1971 1888 2046 portio,
1922 1971 2031 2027 rati

385 2084 687 2142 nunquam
712 2084 856 2124 ausu
868 2082 997 2121 rum
1017 2064 1474 2129 Arsenium,non
1498 2062 1669 2118 modo
1683 2062 1754 2117 ad
1771 2061 2031 2117 medium

380 2159 670 2234 judicium
702 2156 1033 2230 procedere,
1068 2155 1170 2209 sed
1204 2170 1275 2208 ne
1305 2153 1492 2225 ipsam
1518 2151 1756 2223 quidem
1791 2150 2030 2206 domum

385 2248 635 2318 obtueri,
668 2247 740 2302 ob
772 2244 1059 2301 nefarium
1090 2241 1312 2298 scilicet
1343 2249 1398 2297 et
1445 2239 1855 2296 detestandum
1890 2238 2030 2294 illud

314 2398 319 2401 _
385 2337 673 2411 ﬂagitium
697 2335 855 2403 ;ideo
879 2331 1104 2389 scilicet
1117 2330 1444 2387 abscissam
1459 2346 1700 2385 manum
1722 2328 1837 2383 illis
1862 2328 2035 2383 ascri-

381 2427 619 2493 bebant,
648 2429 823 2496 atque
853 2423 910 2478 id
938 2420 1388 2490 contendebant,
1404 2425 1470 2475 ut
1491 2422 1663 2473 tanta;
1689 2416 2031 2490 impietatis,

382 2516 530 2573 tanti
561 2512 764 2589 ﬂagitii
794 2511 1012 2568 crimen
1044 2510 1169 2582 ipse
1201 2508 1444 2565 subiret.
1476 2507 1665 2571 Quare
1704 2506 2037 2579 frequenter

384 2621 597 2662 nomen
627 2600 859 2659 Arsenii
889 2599 1283 2672 proferebant.

2142 550 2233 604 τὸν
2264 550 2563 620 ὑποστῆναι
2608 550 2698 607 καί
2745 552 3039 629 τιμωρίαν,
3092 550 3180 608 ἐὰν
3234 549 3323 607 ἐπὶ
3375 550 3647 612 τοιούτοις
3679 546 3800 621 ἁλῷ

2145 639 2551 714 ἁμαρτήμασιν.
2609 637 2912 716 Ἀρχέλαον
2960 644 3249 716 τοιγαροῦν
3301 636 3468 715 ἄνδρα
3508 642 3619 695 τῶν
3651 636 3800 710 αὐτῷ

2145 726 2431 782 συνεστίων
2479 727 2569 782 καὶ
2623 728 2914 807 ὁμοφόρων
2953 774 2967 798 ,
3017 730 3132 803 ἅμα
3178 728 3269 784 καὶ
3312 728 3505 801 Νάννῳ
3553 730 3630 801 (α)
3675 725 3801 782 τότε

2144 814 2408 886 Φοινίκης
2470 814 2717 892 ἄρχοντι,
2766 817 2903 872 κατὰ
2956 819 3183 889 ζήτησιν
3231 821 3339 872 τῶν
3391 812 3657 873 τοιούτων
3712 814 3797 871 ἐκ·

2144 904 2371 976 πέμπει.
2407 905 2555 959 Ἐπεὶ
2588 902 2646 960 δέ
2695 906 2844 961 οὗτοι
2875 906 3011 982 πρὸς
3177 906 3337 981 Τύρῳ
3374 904 3658 981 γεγόνασιν
3695 924 3708 940 ·
3738 903 3795 959 ἐν

2141 992 2277 1067 αότῇ
2309 995 2411 1069 γὰρ
2464 995 2778 1058 ’Δθανάσιος
2807 994 2937 1058 τοὺς
2984 995 3109 1072 περὶ
3158 1001 3261 1065 τῆς
3304 994 3564 1071 γοητείας
3612 991 3794 1068 ἔμενεν

2146 1079 2415 1159 ἐλέγχους
2452 1102 2464 1114 ·
2499 1084 2838 1158 ὑπερετίθετο
2900 1084 3093 1161 μικρὸν
3152 1086 3187 1155 ἡ
3247 1082 3503 1157 ἐξέτασις,
3559 1087 3640 1157 τῷ
3696 1083 3793 1157 μὲι

2142 1167 2320 1227 δοκεῖν
2351 1170 2479 1235 τοὺς
2528 1172 2633 1227 ἀπὸ
2673 1179 2775 1243 τῆς
2825 1170 3237 1248 ’Δλεξανδρείας
3278 1173 3620 1249 κατηγόρους
3666 1170 3796 1235 τοίις

2145 1258 2333 1323 αὐτοῖς
2385 1257 2544 1329 δῆθεν
2581 1258 2889 1340 ὀφθαλμοῖς
2916 1262 2980 1317 τὸ
3014 1266 3184 1336 μῦσος
3233 1259 3447 1324 ἰδόντας
3497 1258 3795 1337 ἐκδεχομέ-

2139 1370 2229 1420 νη·
2264 1350 2340 1411 ὡς
2374 1346 2432 1405 δὲ
2460 1351 2521 1405 τὸ
2568 1348 2730 1413 τέλος
2780 1351 2885 1406 ἀπὸ
2913 1356 3015 1421 τῆς
3066 1350 3326 1422 ἀληθείας
3374 1348 3661 1422 δείκνυσιν,
3711 1349 3794 1406 ὅτι

2141 1439 2268 1499 Θεὸς
2303 1436 2501 1495 ἄνωθεν
2536 1439 2601 1508 ἧν
2637 1438 2846 1517 ἐφορῶν
2876 1440 2944 1495 τά
2971 1444 3214 1510 τοιαῦτα,
3245 1439 3335 1495 καὶ
3381 1442 3482 1510 τῆν
3517 1434 3793 1509 ἀναϐολὴν

2141 1525 2543 1606 φιλανθρώπως
2593 1528 3078 1604 οἷκονομοόμενος,
3112 1529 3252 1585 ὥστε
3278 1528 3369 1584 καὶ
3414 1527 3572 1584 αὐτὸν
3605 1528 3793 1603 ’Δρσέ-

2139 1636 2253 1671 νιον
2278 1614 2582 1691 ἐπιστῆναι,
2624 1617 2687 1672 οὗ
2717 1621 2751 1688 ἡ
2784 1618 2947 1692 νεκρὰ
2976 1617 3100 1696 χεὶρ
3130 1617 3222 1673 καὶ
3261 1619 3297 1688 ἡ
3330 1614 3516 1681 ἄδικος
3562 1616 3794 1691 ἐπιτομὴ,

2140 1706 2229 1759 καὶ
2260 1707 2296 1775 ἡ
2327 1704 2563 1778 τοσαύτη
2594 1703 2878 1783 τραγῳδία
2905 1710 3004 1763 τοῦ
3037 1704 3335 1782 δράματος.
3387 1705 3659 1783 Ἀρσένιος
3690 1707 3795 1781 γὰρ

2141 1793 2298 1857 οὗτος
2333 1796 2410 1857 εἷς
2446 1795 2541 1868 μὲν
2574 1794 2840 1871 ἐτύγχανε
2866 1800 2964 1850 τοῦ
3016 1796 3228 1870 βαθμοῦ
3269 1799 3377 1851 τῶν
3411 1796 3795 1871 ἀναγνωστῶν,

2142 1879 2232 1937 διά
2286 1902 2408 1937 τινα
2467 1879 2524 1938 δὲ
2579 1884 2771 1960 πρᾶξιν
2827 1888 2936 1939 τῶν
2994 1884 3318 1961 amissi,er
3385 1886 3461 1958 (b)
3520 1881 3674 1947 δίκας
3732 1882 3795 1940 οὐ

2147 1973 2397 2045 μεμπτὰς
2447 1973 2701 2028 ἀποτίσαι
2742 1970 2987 2047 μέλλων,
3022 1969 3259 2048 δρασμὸν
3318 1973 3509 2043 ἐννοεῖ,
3553 1973 3643 2029 καὶ
3696 1994 3794 2050 φυ-

2143 2062 2242 2135 γάς
2287 2061 2606 2117 ’Δθανασίου
2657 2061 2748 2117 καὶ
2803 2069 2905 2133 τῆς
2966 2060 3293 2134 Ἐκκλησίας
3348 2064 3679 2119 καθίσταται.
3730 2064 3795 2117 Οἱ

2143 2154 2271 2225 γοῦν
2306 2150 2464 2230 σοφοὶ
2494 2152 2593 2222 τήν
2623 2152 2812 2207 κακίαν
2847 2151 3063 2222 ἐκεῖνοι,
3096 2154 3132 2223 ἡ
3165 2153 3382 2227 πονηρὰ
3424 2156 3523 2209 τοῦ
3563 2152 3793 2220 ἀντικει-

2147 2240 2311 2313 μένου
2346 2240 2522 2317 μερὶς,
2562 2237 2838 2312 μηδέποτε
2863 2238 3142 2315 τολμῆσαι
3171 2242 3466 2318 Ἀρσένιον,
3501 2240 3609 2317 οὐχ
3645 2239 3796 2303 ὅπως

2144 2328 2219 2391 εἷς
2256 2329 2414 2403 μέσον
2464 2331 2525 2385 τὸ
2558 2326 2906 2407 δικαστήριον
2954 2328 3264 2408 παρελθεῖν,
3318 2329 3463 2386 ἀλλὰ
3517 2327 3657 2405 μηδὶ
3705 2329 3796 2386 αὖ·

2142 2423 2242 2487 τῆς
2274 2418 2550 2494 προκόψαι
2585 2420 2754 2496 μικρά
2797 2426 2899 2490 τῆς
2949 2419 3124 2484 οἰκίας
3175 2419 3443 2494 οἰόμενοι,
3475 2417 3566 2476 διὰ
3609 2420 3672 2475 τὸ
3695 2425 3797 2490 τῆς

2143 2506 2386 2583 πράξεως
2447 2508 2633 2584 ἐναγὲς
2707 2510 2797 2564 καὶ
2857 2509 3195 2565 ἀπόπτυστον
3228 2555 3246 2581 ,
3306 2507 3396 2564 διὰ
3448 2513 3609 2565 τοῦτο
3665 2512 3795 2586 γοῦν

2146 2595 2291 2669 αὐτῷ
2320 2617 2378 2653 τε
2404 2598 2503 2668 τὴν
2540 2603 2701 2674 χεῖρα
2749 2597 3075 2677 ἐπέγραφον,
3128 2598 3218 2654 καὶ
3264 2598 3327 2654 τὸ
3373 2603 3633 2655 τοσοῦτον
3675 2600 3797 2656 ἀσέ-

383 2690 560 2768 ϐημα,
618 2691 709 2746 καὶ
773 2690 835 2743 τὸ
898 2691 1087 2759 μῦσος,
1123 2684 1280 2740 αὐτὸν
1351 2685 1649 2752 ὑποστῆναι
1690 2679 2012 2737 διετείνοντο
2056 2684 2217 2758 μόνον
2256 2687 2382 2742 ’καὶ
2447 2689 2509 2741 τὸ
2571 2683 2747 2762 ὄνομα
2806 2692 3050 2765 συνεχῶς
3116 2686 3396 2763 Ἀρσενίου
3462 2689 3795 2766 προέτεινον.

460 2786 545 2841 13.
579 2783 759 2839 Fama
804 2795 941 2853 ergo
991 2778 1253 2849 undique
1298 2774 1544 2848 perlata,
1578 2773 1805 2830 Arsenii
1857 2791 2036 2833 causa

383 2871 771 2931 Athanasium
795 2870 866 2925 de
889 2863 1568 2937 veneﬁciojudicandum
1599 2862 2036 2936 iri,deindeque

384 2981 446 3020 re
470 2963 542 3020 ad
568 2963 764 3034 ipsum
782 2956 1091 3015 Arsenium
1112 2952 1500 3027 perveniente,
1524 2952 2034 3009 commiseratione

386 3056 583 3109 motus
611 3049 707 3106 ille
737 3063 875 3121 erga
902 3043 1314 3110 Athanasium,
1349 3058 1415 3097 ac
1444 3042 1746 3097 veritatem
1789 3041 2032 3097 misera-

2290 2818 2302 2831 .
2337 2782 2626 2853 Πανταχοῦ
2674 2777 2853 2832 τοίνυν
2902 2784 3003 2847 τῆς
3057 2778 3251 2851 φήμης
3302 2774 3670 2854 διαρῥυείσης,
3720 2778 3798 2840 ὡς

2146 2861 2247 2940 ἄρα
2281 2863 2501 2939 μέλλον
2556 2863 2626 2920 δι’
2667 2866 2942 2942 Ἀρσένιον
2990 2865 3305 2927 Ἀθανάσιος
3347 2864 3617 2940 κρίνεσθαι
3662 2868 3799 2942 γοή-

2143 2952 2290 3016 τείας
2324 2972 2335 2984 ·
2372 2951 2554 3008 ἔπειτα
2585 2951 2642 3009 δὲ
2669 2954 2759 3008 καί
2790 2953 2867 3016 ὡς
2899 2952 3057 3008 αὐτὸν
3106 2954 3381 3029 ’Δρσένιον
3430 2951 3538 3024 ἤδη
3589 2952 3796 3030 παρελ-

2145 3041 2369 3113 θούσης,
2418 3043 2596 3097 οἶκτον
2656 3042 2857 3105 ἐκεῖνος
2911 3041 3231 3098 ’Δθανασίου
3279 3035 3487 3113 λαϐὼν,
3550 3043 3640 3097 καὶ
3695 3043 3793 3112 τῆν

388 3102 580 3109 ..---_-
746 3102 760 3105 τ
802 3102 836 3121 υ
1302 3102 1311 3110 ,

384 3148 502 3209 tus,
528 3154 783 3212 namque
804 3137 932 3209 ipsa
949 3139 1083 3191 ante
1103 3148 1445 3207 generosam
1470 3131 1630 3187 illam
1657 3131 1915 3187 animam
1942 3129 2029 3187 in-

2147 3102 2403 3205 ἀλήθέιάν
2438 3129 2669 3204 ἐλεήσας
2703 3151 2715 3164 ·
2747 3102 2967 3208 καὶ-γάρ
3001 3128 3229 3205 ἔμελλεν
3264 3131 3397 3203 αὕτη
3439 3102 3794 3207 προαπόλλυ-

385 3232 632 3291 teritura
658 3233 800 3284 erat.
839 3226 944 3281 Per
971 3226 1190 3280 bonum
1217 3220 1370 3277 malo
1402 3222 1689 3285 medetur,
1721 3226 1778 3277 et
1798 3220 2032 3277 clande-

382 3323 599 3380 stinam
643 3319 840 3391 fugam
898 3318 1097 3387 aperta
1144 3310 1425 3385 loquendi
1472 3309 1741 3367 libertate
1773 3310 2030 3383 corrigit.

381 3392 705 3481 Omniaque
737 3422 846 3462 sua
869 3403 1036 3460 nihili
1064 3403 1304 3469 ducens,
1331 3400 1486 3456 brevi
1510 3401 1728 3473 Tyrum
1752 3399 2031 3472 pervenit,

380 3500 543 3558 solus
573 3497 682 3553 soli
715 3493 1039 3550 Athanasio
1071 3508 1133 3547 se
1163 3492 1341 3558 sistit,
1378 3495 1552 3561 atque
1594 3490 1866 3561 privatim
1898 3504 2032 3544 eum

380 3586 669 3646 convenit.
702 3584 811 3651 Qui
836 3581 1077 3638 Arsenio
1110 3580 1168 3634 id
1192 3580 1382 3635 solum
1414 3579 1515 3634 dat
1543 3578 1795 3643 consilii,
1816 3578 1871 3633 id
1896 3594 2033 3649 sug-

379 3677 549 3752 gerit,
581 3679 649 3730 ut
680 3691 752 3729 ne
772 3677 907 3727 ante
928 3669 1222 3742 judicium
1245 3672 1570 3740 appareret,
1588 3684 1776 3739 neque
1806 3683 1868 3721 se
1889 3683 2033 3738 quo—

382 3764 674 3837 rumpiam
708 3759 893 3817 oculis
924 3763 1122 3831 aperte
1144 3757 1411 3830 proderet
1447 3772 1459 3812 :
1492 3772 1565 3810 ne
1599 3753 1861 3812 fortassis
1893 3753 2034 3826 quid

384 3853 469 3910 illi
503 3851 642 3908 mali
675 3848 906 3906 scelesti
951 3847 1229 3901 inferrent
1264 3862 1276 3900 :
1312 3844 1414 3917 qui
1446 3846 1495 3900 si
1525 3844 1671 3899 nihil
1705 3842 1885 3911 aliud,
1919 3842 2034 3899 sal-

382 3948 502 3999 tem
527 3939 821 4013 judicium
853 3935 1232 3991 declinarent.
1252 3933 1536 3989 Arscnius
1559 3949 1694 4005 ergo
1720 3933 1801 3989 ita
1830 3950 1891 3987 se
1910 3948 2036 4004 ges-

388 4033 486 4103 sit,
520 4047 586 4087 ac
615 4029 675 4084 in
706 4024 1002 4084 tutissimo
1034 4023 1252 4078 latebat
1281 4022 1425 4078 loco.
1453 4022 1608 4076 Inter
1639 4022 1760 4077 haec
1791 4021 2037 4078 minime

386 4120 728 4194 quiescebat
752 4114 991 4179 invidia,
1014 4128 1199 4183 neque
1226 4110 1529 4166 Athanas1i
1550 4111 1722 4165 malis
1753 4109 2036 4166 exsatiata

386 4213 547 4277 erat;
582 4208 683 4263 sed
715 4205 787 4261 ad
817 4202 961 4257 alias
992 4199 1342 4274 procedebat
1369 4198 1636 4265 insidias,
1668 4216 1733 4255 ac
1781 4203 1931 4254 coetu
1962 4200 2036 4255 ad

386 4296 646 4355 tribunal
662 4296 875 4352 iterum
887 4296 1199 4349 convocato
1212 4288 1484 4345 adulterii
1507 4287 1725 4343 crimen
1750 4288 2039 4343 intentant

386 4388 583 4462 pravis
631 4383 937 4442 aﬂ‘ectibus
985 4379 1202 4436 carenti
1253 4377 1500 4434 homini.
1543 4378 1802 4451 ,Fuitque
1833 4378 2038 4433 drama

2145 3223 2262 3276 σθαι
2292 3221 2393 3292 τῆς
2424 3220 2674 3297 γενναίας
2714 3221 2903 3295 ψυχῆς
2937 3240 2949 3252 '
2984 3217 3140 3295 καλῷ
3185 3222 3247 3276 τὸ
3296 3221 3459 3277 κακὸν
3511 3221 3674 3290 ίᾶται,
3706 3221 3797 3277 καὶ

2142 3313 2241 3382 την
2293 3308 2552 3388 λαθραίαν
2605 3309 2814 3381 ἐκείνην
2868 3313 3044 3389 φυγήν
3096 3309 3375 3388 παρρησίᾳ
3410 3314 3614 3388 φανερᾷ
3642 3312 3797 3387 θερα-

2143 3400 2314 3459 πεύει.
2349 3401 2445 3456 Καὶ
2474 3402 2649 3457 πάντα
2694 3401 2810 3456 καθ’
2860 3400 3043 3456 ἐαυτὸν
3092 3400 3143 3455 ἐν
3194 3397 3372 3455 οὐδενὶ
3418 3400 3666 3473 θέμενος,
3695 3400 3797 3468 τὴν

2143 3489 2312 3566 Τύρον
2368 3489 2419 3545 ἐν
2474 3488 2653 3565 ὀλίγῳ
2701 3484 3132 3564 καταλαμϐάνει,
3191 3488 3283 3544 καὶ
3343 3487 3495 3562 μόνῳ
3551 3488 3800 3565 πρόσεισι

2149 3578 2314 3652 μόνος
2375 3579 2701 3652 Ἀθανασίῳ,
2753 3579 2845 3634 καὶ
2897 3580 3014 3634 κατ’
3071 3576 3209 3634 ἰδίαν
3271 3578 3419 3651 αὐτῷ
3467 3578 3799 3654 συγγίνεται.

2144 3669 2201 3722 Ὀ
2232 3665 2289 3722 δὲ
2316 3671 2477 3723 τοῦτο
2536 3667 2699 3742 μόνον
2758 3666 3022 3742 Ἀρσενίῳ
3070 3661 3460 3741 συμϐουλεύει,
3491 3666 3581 3722 καὶ
3613 3664 3799 3721 ὑποτί-

2144 3758 2323 3825 θησιν,
2357 3755 2495 3809 ὥστε
2545 3757 2621 3829 μὴ
2673 3756 2779 3830 πρὸ
2826 3760 2927 3824 τῆς
2982 3752 3140 3824 δίκης
3189 3751 3604 3832 ἐμφανισθῆναι,
3658 3752 3800 3829 μηδὲ

2147 3843 2317 3915 δῆλον
2368 3843 2554 3898 ἑαυτὸν
2607 3841 2916 3921 ὀφθαλμοῖς
2963 3862 3074 3896 τισι
3120 3842 3183 3896 τὸ
3235 3843 3487 3919 παράπαν
3520 3842 3746 3899 ἐνθεῖναι
3781 3863 3795 3877 ’

2146 3935 2296 3995 ὅπως
2328 3933 2403 4007 μὴ
2434 3953 2488 3986 τι
2516 3952 2607 3986 και
2655 3931 2819 3985 κακὸν
2855 3927 2987 3993 ἴσως
3017 3929 3176 3985 αὐτὸν
3217 3931 3269 3986 oi
3316 3933 3474 3987 κακοὶ
3522 3930 3792 4008 δράσειαν

2145 4021 2341 4097 ἤγουν,
2375 4022 2420 4076 εἰ
2457 4022 2532 4095 μὴ
2564 4024 2749 4090 τοῦτο,
2779 4016 2925 4073 ἀλλὰ
2946 4021 3045 4089 τὴν
3081 4016 3239 4090 δίκην
3268 4022 3408 4084 τέως
3457 4020 3802 4079 ἐκκλίνωσιν.

2146 4111 2422 4187 Ἀρσένιος
2477 4110 2568 4183 μὲν
2621 4106 2712 4164 οὖν
2747 4106 2921 4170 οὕτως
2971 4106 3165 4178 ἐποίει,
3195 4109 3286 4164 καὶ
3326 4108 3706 4189 ἀσφαλέστατα
3734 4112 3803 4183 ἦν

2144 4199 2543 4277 κρυπτόμενος.
2575 4200 2632 4252 ⁸0
2663 4197 2858 4276 φθόνος
2908 4195 2967 4253 δέ
3015 4197 3114 4253 οὐκ
3158 4200 3377 4276 ἠρέμει,
3407 4198 3533 4256 οὐδέ
3562 4221 3683 4257 τινα
3712 4202 3807 4258 κό-

2150 4311 2240 4367 ρον
2274 4286 2395 4365 ᾔδει
2425 4292 2532 4343 τῶν
2567 4287 2889 4343 Ἀθανασίου
2932 4292 3137 4358 κακῶν,
3190 4286 3337 4343 ἀλλὰ
3385 4290 3478 4345 καὶ
3524 4291 3662 4366 πρὸς
3695 4291 3809 4347 ἐτέ-

2150 4402 2247 4458 ρας
2277 4372 2529 4457 ἐχώρουν
2559 4373 2857 4441 ἐπιϐουλὰς
2886 4396 2897 4408 ·
2946 4378 3037 4433 καὶ
3066 4382 3165 4433 τοῦ
3294 4399 3463 4452 ματος
3496 4377 3646 4443 αὖθις
3677 4401 3808 4456 συγ-

387 4472 759 4550 hujusmodi:
781 4469 1086 4526 mulierem
1102 4468 1420 4540 quamdam
1444 4466 1827 4522 introducunt
1850 4466 2037 4538 impu-

2150 4469 2552 4547 κροτηθὲντος,
2607 4467 2858 4545 μοιχείας
2908 4465 3168 4544 ἔγκλημα
3217 4467 3421 4544 ἐπῆγον
3468 4473 3549 4541 τῷ
3597 4470 3809 4527 ἀπαθεῖ.

388 4566 547 4624 denti
578 4564 765 4630 vultu,
800 4558 1199 4617 abominanda
1246 4561 1461 4624 mente,
1509 4572 1637 4629 quae
1681 4555 1912 4629 egregie
1954 4572 2046 4612 ca-

387 4655 630 4713 lumniis
658 4654 1014 4710 assueverat.
1035 4647 1220 4721 Igitur
1236 4646 1338 4702 illa
1351 4645 1783 4715 calumniatrix,
1800 4645 2048 4718 pecunia

391 4748 589 4817 empta
620 4741 811 4798 aiebat
841 4756 904 4795 se
951 4738 1153 4793 domui
1200 4735 1498 4809 excepisse
1547 4734 1960 4803 Athanasium,
1993 4739 2051 4791 et

392 4832 624 4906 pietatis
655 4836 713 4886 et
740 4828 976 4884 virtutis
1027 4843 1223 4882 causa.
1260 4825 1406 4880 Cum
1438 4830 1636 4880 autem
1689 4825 1759 4879 ad
1794 4824 2048 4880 mediam

394 4922 625 4979 circiter
655 4923 882 4976 noctem
914 4922 1152 4972 ventum
1184 4920 1359 4981 esset,
1384 4914 1673 4970 contraria
1706 4913 1945 4970 omnino
1979 4914 2049 4968 iis

397 5030 522 5085 qua:
553 5009 965 5074 existimasset,
998 5005 1237 5072 vidisse,
1273 5019 1627 5076 passamque
1667 5006 1738 5058 ab
1771 5003 1869 5058 illo
1900 5020 2049 5059 esse.

398 5102 491 5159 Sis
523 5100 626 5156 illa
664 5101 999 5166 accusante,
1034 5094 1234 5149 aderat
1262 5091 1623 5148 Athanasius
1655 5091 1773 5147 haec
1806 5092 2053 5149 audiens

400 5207 535 5247 cum
566 5187 784 5259 illoque
815 5185 1091 5240 intererat
1116 5181 1461 5237 Timotheus
1481 5181 1952 5254 presbyter,foris
1984 5180 2055 5237 ad

388 5281 641 5354 januam
665 5279 891 5333 stantes
920 5291 933 5329 :
969 5273 1070 5346 qui
1093 5273 1373 5329 adversus
1402 5288 1533 5327 eam
1562 5270 1922 5327 calumniam
1944 5270 2055 5326 ali-

403 5368 544 5443 quid
577 5366 864 5438 excogitat
881 5364 1118 5436 sapiens
1140 5367 1198 5418 et
1218 5361 1384 5417 vaide
1406 5376 1775 5435 generosum.
1801 5360 2059 5433 Repente

404 5457 562 5516 enim
595 5470 730 5511 cum
764 5452 1085 5509 Athanasio
1116 5452 1442 5525 ingressus,
1474 5465 1729 5523 eumque
1759 5450 1938 5523 probs
1967 5465 2059 5507 re-

473 5668 560 5757 (α)
590 5667 810 5730 Omnes
841 5682 987 5727 mss.
1017 5664 1221 5745 Νόννῳ.
1251 5665 1426 5741 Editi,
1459 5661 1645 5743 Νόνῳ.

2154 4560 2253 4615 Καὶ
2309 4558 2371 4614 τὸ
2431 4555 2613 4635 δρᾶμα
2664 4560 2883 4612 τοιοῦτο
2917 4576 2929 4589 ·
2992 4558 3226 4612 Γυναῖκά
3280 4578 3401 4612 τινα
3450 4554 3810 4637 παράγουσιν,

2158 4645 2350 4718 ἀναιδῆ
2382 4649 2481 4717 τὴν
2512 4643 2659 4721 ὄψιν,
2696 4643 2960 4721 βδελυρὰν
3014 4647 3114 4715 τὴν
3169 4642 3430 4717 διανοιαν,
3474 4640 3715 4725 ἀκριϐῶς
3744 4648 3814 4703 τὰ

2159 4741 2506 4816 συκοφαντῶν
2563 4735 2925 4808 ἠσκημένην.
2990 4733 3139 4805 Αὐτὴ
3198 4732 3290 4790 οὖν
3350 4737 3385 4807 ἠ
3441 4738 3762 4816 συκοφάντις
3798 4781 3813 4808 ,

2158 4829 2463 4905 χρημάτων
2500 4821 2663 4881 ὤνιον
2694 4825 2986 4900 γενομένη,
3022 4820 3230 4900 ἔλεγεν,
3263 4826 3338 4892 ὡς
3373 4824 3683 4899 ὗπεδέξαιτο
3718 4827 3817 4902 μὶν

2157 4921 2228 4991 τῇ
2260 4914 2407 4987 οἰκίᾳ
2435 4915 2524 4970 τὸν
2560 4915 2873 4970 ’Δθανάσιον
2908 4908 3194 4977 εὐλαϐείας
3244 4916 3407 4993 χάριν
3437 4917 3528 4971 καὶ
3569 4917 3766 4995 ἀρετῆς
3799 4934 3815 4949 ³

2162 5005 2279 5061 ἐπεὶ
2312 5003 2369 5060 δέ
2398 5005 2521 5082 περὶ
2565 5005 2730 5078 μέσας
2780 5003 2991 5080 γένοιτο
3045 5002 3261 5073 νύκτας,
3308 5005 3564 5061 τάναντία
3611 5006 3815 5063 παντά-

2162 5116 2319 5150 πασιν
2355 5095 2427 5149 ὧν
2464 5091 2753 5172 ὑπείληφε,
2786 5092 2912 5170 παρ’
2963 5092 3127 5148 αὑτοῦ
3156 5094 3248 5149 καὶ
3299 5092 3429 5151 ἰδεῖν
3469 5095 3567 5151 καὶ
3605 5096 3815 5153 παθεῖν.

2162 5190 2338 5240 Ταῦτα
2367 5191 2466 5255 τῆς
2504 5183 2817 5261 κατηγόρου
2868 5180 3193 5253 διεξιούσης,
3241 5191 3421 5260 παρῆν
3468 5184 3678 5241 ἀκούων
3727 5188 3821 5240 καῖ

2164 5276 2502 5343 Ἀθανάσιος,
2552 5278 2840 5349 συμπαρῆν
2894 5268 2952 5327 δὲ
2998 5270 3149 5345 αὐτῷ
3195 5272 3285 5328 καὶ
3329 5274 3599 5348 Τιμόθεος
3630 5275 3658 5331 ὁ
3686 5293 3820 5351 πρε·

2167 5358 2429 5438 σϐύτερος
2462 5361 2586 5435 ἔξω,
2615 5362 2763 5436 παρὰ
2804 5365 2875 5437 τῇ
2928 5358 3077 5437 πύλῃ
3106 5361 3333 5427 ἑστῶτες
3367 5383 3379 5396 ·
3409 5362 3558 5428 ὅστις
3590 5362 3822 5423 ἐπινοεῖ-

2164 5452 2253 5510 ταί
2281 5473 2335 5509 τι
2366 5452 2502 5529 πρὸς
2533 5452 2631 5522 τὴν
2677 5445 2965 5522 διαϐολήν,
3009 5450 3224 5508 συνετόν
3257 5450 3390 5529 ἄγαν
3418 5453 3509 5510 καὶ
3550 5456 3820 5531 γενναῖον.

2246 5668 2321 5750 (b)
2348 5667 2491 5739 Tres
2523 5683 2667 5729 mss.
2701 5662 3038 5749 ἐπιρῥήτων.
