4146 6436
1205 474 1393 535 VITA
1439 475 1505 534 S.
1552 475 1984 536 ATHANASII
2031 476 2370 537 INCERTO
2413 476 2808 540 AUCTORE.

3507 495 3712 544 CXCVII

289 604 475 679 ’Ἄφνω
505 601 610 676 γὰρ
656 599 748 654 σὺν
799 601 1101 674 Ἀθανασίῳ
1134 602 1400 657 ἐπιπεσὼν
1437 606 1531 676 (τι),
1587 605 1834 657 κάκεῖνον
1889 604 1944 658 εὖ

2060 613 2422 678 prmsentans
2450 608 2827 664 Timotheus:
2859 610 3085 675 Mulier,
3118 611 3218 678 ait,
3251 627 3355 684 ego
3383 612 3490 667 tibi
3532 617 3708 670 noctu

293 689 438 764 μάλα
472 691 904 764 ὑποκρινάμενος
957 693 983 745 6
1032 692 1312 765 Τιμόθεος,
1365 692 1548 764 Γύναι,
1601 693 1790 769 φησὶν,
1834 693 1942 767 ἐγὼ

289 779 614 854 σοι’νύκτωρ
651 778 928 853 ἐπήγαγον
962 781 1060 848 τὴν
1101 780 1241 854 βίαν,
1279 781 1353 842 ὡς
1386 780 1519 849 αὐτὴ
1557 779 1758 855 λὲγεις,
1794 781 1941 856 ἐγώ;

287 869 351 924 Ἠ
396 865 453 922 δὲ
500 869 636 943 πρὸς
688 867 817 930 τοὺς
878 867 1150 942 δικαστὰς,
1199 870 1272 931 ὡς
1324 870 1467 945 εἶχεν
1533 870 1684 932 εὐθὺς
1737 871 1944 943 ἰταμῶς

289 956 418 1032 ἄγαν
453 957 542 1010 καὶ
576 956 948 1032 ἀναισχύντως
998 957 1399 1036 ἐπιστραυεῖσα,
1453 959 1620 1021 Οὗτός
1676 981 1797 1032 μου,
1835 981 1940 1036 φη-

290 1067 394 1115 σιν,
429 1045 688 1123 ὁφθορεύς
725 1068 737 1079 ο
772 1047 930 1108 οὗτος
964 1049 990 1101 6
1022 1053 1122 1116 τῆς
1155 1047 1371 1121 ἁγνείας
1408 1043 1734 1110 ἐπίϐουλος·
1761 1048 1940 1117 οὗτος,

290 1135 389 1190 οὐκ
409 1133 637 1204 ἅλλος,ὁ
656 1137 779 1210 παρ’
802 1135 1364 1209 ἐμοὶκαταλύσας,καὶ
1389 1135 1635 1199 ἀντιδοὺς
1674 1138 1772 1205 τὴν
1820 1137 1937 1212 βίαν

287 1232 388 1294 τῆς
420 1226 666 1301 χάριτος.
699 1231 808 1293 Τῆς
854 1223 1158 1279 ἀκολάστου
1190 1225 1370 1280 τοίνυν
1406 1224 1613 1295 ἐκείνης
1639 1226 1812 1287 οὕτως
1838 1227 1940 1279 ἀπὸ

288 1319 396 1368 τῶν
421 1315 614 1382 ἑαυτῆς
647 1313 907 1388 ῥημάτων
962 1312 1340 1390 ἐλεγχθείσης,
1373 1314 1463 1368 καὶ
1495 1311 1703 1368 οἷ’κοθεν
1738 1317 1765 1368 ὁ
1812 1315 1946 1388 μαρ-

286 1425 404 1473 τυς,
431 1403 494 1457 τὸ
521 1407 617 1457 τοῦ
650 1400 1130 1480 λόγόυρανείσης,
1165 1405 1276 1458 ἀνθ’
1334 1406 1406 1458 ὧν
1449 1401 1572 1458 οὐδέ
1610 1403 1783 1458 αὐτῶν
1825 1400 1944 1477 ᾔδει

284 1493 377 1547 τὸν
410 1493 494 1547 ὑπ’
547 1491 757 1562 ἐκείνης
805 1493 1310 1568 κατηγορούμενον,
1357 1493 1500 1555 ὅστις
1562 1494 1651 1563 ἦν,
1709 1494 1798 1547 καὶ
1848 1498 1944 1547 τοῦ

285 1580 610 1655 πλάσματος
643 1580 693 1636 ἐν
751 1587 964 1660 φανερῷ
995 1584 1397 1656 γυμνωθέντος,
1432 1584 1484 1637 οἱ
1535 1580 1777 1636 δικασταὶ
1809 1583 1942 1658 πρὸς

287 1671 319 1726 δ
347 1693 401 1726 τι
442 1667 533 1726 καὶ
582 1673 888 1748 χρήσονται
940 1669 1134 1725 λοιπὸν
1187 1672 1398 1733 ἑαυτοῖς
1429 1671 1526 1725 οὐκ
1556 1669 1779 1741 εἰδότες,
1812 1671 1944 1740 ἥσυ-

285 1761 389 1837 χόν
421 1781 471 1813 τι
503 1761 592 1813 καὶ
617 1757 857 1835 γαληνὸν
913 1758 1326 1832 ὑπομειδιῶσιν·
1382 1760 1512 1835 ὅπερ
1566 1758 1748 1814 εἶ’ωθεν
1803 1761 1944 1832 ἀμη-

285 1849 455 1927 χανία
483 1854 680 1918 ποιεῖν,
714 1848 978 1922 ἐντροπὴν
1013 1845 1190 1924 ὅψεως
1217 1849 1508 1924 ἐπικρῦψαι
1545 1850 1942 1926 μηχανωμένη.

285 1941 353 1992 Οἱ
383 1939 486 2014 γὰρ
519 1937 672 1992 αὐτοὶ
724 1938 899 1992 πάντα
927 1938 1061 2007 ἦσαν
1107 1937 1437 2010 Ἀθανασίῳ,
1486 1939 1574 1992 καὶ
1623 1939 1822 2013 κριταὶ,
1853 1938 1942 1992 καὶ

292 2029 583 2104 μάρτυρες,
635 2027 724 2080 καὶ
773 2029 1094 2103 κατήγοροι.
1131 2027 1223 2081 Διὸ
1253 2027 1342 2081 καὶ
1387 2029 1485 2096 τὴν
1537 2028 1673 2081 κατά
1704 2031 1811 2081 τῶν
1847 2049 1936 2080 συ-

286 2121 570 2196 κοφαντῶν
613 2116 878 2194 ἀπόφασιν
928 2122 1026 2171 τοῦ
1075 2116 1242 2190 νόμου
1288 2115 1711 2190 παραλιπόντες,
1746 2115 1831 2170 ἐπὶ
1881 2117 1942 2170 τὸ

283 2216 389 2276 τῆς
434 2206 691 2283 γοητείας
741 2201 999 2281 ἔγκλημα
1047 2207 1361 2280 τρέπονται,
1407 2212 1524 2268 τοῖς
1573 2204 1843 2279 δευτέροις
1891 2207 1941 2259 οἱ

288 2296 516 2367 ἀνόητοι
545 2294 885 2371 παραμύθιόν
917 2316 970 2349 τι
998 2302 1097 2364 τῆς
1149 2296 1417 2369 προτέρας
1466 2293 1733 2370 αἰσχύνης
1787 2293 1938 2372 ἐφευ-

288 2392 401 2463 ρεῖν
431 2382 839 2453 σπουδάζοντες.
870 2385 938 2438 Τὸ
971 2382 1028 2438 δὲ
1057 2386 1122 2454 ὴν
1158 2381 1390 2461 ἔλεγχος
1427 2384 1637 2458 μᾶλλον
1671 2388 1766 2438 τοῦ
1817 2383 1943 2456 ψεύ-

289 2475 416 2538 δους
450 2474 885 2554 ἐπιφανέστερος.
919 2475 1261 2549 Προσάγουσι
1300 2477 1380 2547 (b)
1419 2474 1598 2528 τοίνυν
1629 2474 1726 2542 τὴν
1759 2478 1940 2549 χεῖρα,

292 2569 463 2639 μῦσος
493 2564 832 2640 οἷκτίρμοσιν
889 2562 1216 2641 ὀφθαλμοῖς,
1252 2561 1376 2617 οὐδὲ
1403 2562 1582 2637 ψιλῶς
1621 2563 1781 2635 μόνον
1813 2559 1942 2615 ἰδεῖν

290 2654 508 2709 ἀνεκτόν
543 2698 556 2710 .

287 2744 525 2806 σείοντες
581 2747 661 2814 τῷ
709 2741 872 2817 ἁγίῳ.
920 2741 1064 2812 Αὕτη
1122 2764 1238 2815 σου,
1292 2743 1474 2820 φησὶν,
1526 2743 1823 2811 Ἀθανάσιε,
1855 2742 1942 2794 καὶ

289 2838 520 2909 σιγῶσα,
579 2838 878 2907 κατηγορεῖ
908 2853 918 2866 ’

289 2923 551 2999 στερέὧίῗ
582 2921 781 2991 ταύτην
815 2920 875 2975 οὗ
923 2920 1137 2996 λόγοις,
1195 2921 1254 2975 οὐ
1285 2923 1472 2996 τέχνη,
1525 2921 1623 2975 οὐκ
1663 2918 1810 2995 ἄλλῃ
1841 2919 1943 2974 τινὶ

616 2653 826 2722 Ταύτην
873 2652 1099 2722 ἀπηνῶς
1148 2652 1341 2707 ἐκεῖνοι
1394 2653 1483 2707 καὶ
1544 2649 1774 2713 ἀναιδῶς
1832 2650 1944 2705 ἐπι-

983 2830 1113 2901 αῧτη
1177 2853 1272 2886 σου
1333 2831 1582 2908 ἀφύκτως
1628 2826 1812 2906 ἔχεται
1854 2830 1943 2884 καὶ

294 3015 518 3088 μηχανῇ
575 3008 778 3084 δυνήσῃ
825 3007 1128 3087 διαφυγεῖν.
1179 3011 1346 3064 ’Ίσασι
1403 3011 1594 3072 πάντες
1643 3011 1942 3083 ’Δρσέ-θιοεθ,

289 3102 354 3156 οὗ
405 3100 488 3171 σὺ,
522 3097 672 3154 ἅδικε
719 3100 809 3154 καὶ
865 3099 1063 3170 ἀνόσιε,
1110 3101 1207 3169 τὴν
1259 3107 1420 3175 χεῖρα
1468 3099 1667 3169 ταύτην
1724 3096 1938 3172 ἔκοψας.

270 3192 487 3266 ’Λέγοις
522 3190 580 3244 ἂν
611 3187 718 3260 ἤδη
756 3187 970 3259 λοιπὸν,
1008 3187 1089 3266 ἐφ’
1119 3190 1164 3260 ᾦ
1197 3189 1464 3265 κέχρησαι
1501 3188 1783 3262 ταύτῃ,καὶ
1807 3189 1943 3260 πρὸς

285 3280 342 3334 τί
372 3278 473 3356 ἄρα
520 3280 620 3348 τὴν
673 3277 907 3346 ἐκκοπὴν
941 3281 1011 3352 (c)
1046 3275 1271 3351 ἔδρασας
1306 3296 1318 3346 ;
1352 3279 1407 3330 Ὁ
1439 3276 1495 3331 δὲ
1525 3277 1719 3353 πραείᾳ
1762 3281 1938 3354 φωνῇ,

1973 1985 2020 2049 Β

2052 697 2166 750 vim
2199 697 2390 766 intuli,
2417 703 2480 752 ut
2512 699 2640 770 ipsa
2671 698 2778 753 ais.
2805 700 2998 770 Egone
3019 700 3046 753 ?
3078 701 3228 755 Tum
3260 701 3360 756 illa
3383 702 3707 779 adjudices

2052 803 2328 840 conversa
2359 805 2535 857 quam
2569 789 2871 854 citissime,
2909 794 3170 844 proterve
3199 790 3364 846 valde
3397 809 3460 847 ac
3504 791 3704 864 impu-

2053 874 2292 929 denter:
2329 876 2450 943 I-Iic,
2488 878 2586 940 ait,
2621 883 2710 931 est
2743 884 3048 950 corruptor
3079 896 3267 944 meus,
3303 879 3398 935 hic
3418 881 3705 937 castitatis

2058 981 2195 1018 meae
2229 965 2555 1020 insidiator.
2577 967 2700 1035 llic,
2725 985 2838 1022 non
2871 967 3040 1033 alius,
3065 973 3154 1022 est
3184 968 3281 1039 qui
3309 969 3381 1023 ad
3407 986 3499 1024 me
3521 970 3706 1026 diver-

2056 1058 2241 1119 satus,
2274 1054 2388 1108 vim
2424 1072 2524 1125 pro
2556 1056 2742 1127 gratia
2771 1056 2988 1110 retulit.
3032 1056 3214 1127 Igitur
3243 1057 3705 1128 impudenteilla

2057 1141 2139 1196 sic
2163 1143 2286 1196 suis
2316 1142 2506 1213 ipsius
2537 1144 2726 1198 verbis
2761 1144 3040 1210 convicta,
3073 1151 3131 1199 et
3161 1145 3219 1200 in
3252 1145 3507 1217 seipsam
3532 1152 3698 1216 teste,

2057 1235 2122 1284 ut
2151 1231 2232 1286 ita
2281 1231 2492 1301 dicam,
2522 1239 2856 1304 apparente,
2891 1234 3106 1305 quippe
3136 1252 3262 1306 quas
3295 1235 3544 1291 nesciret
3573 1237 3702 1308 qui-

2055 1320 2186 1374 dem
2211 1337 2383 1391 quem
2431 1321 2665 1376 illorum
2700 1327 3034 1379 accusaret:
3069 1340 3244 1394 reque
3284 1324 3365 1378 ita
3392 1324 3585 1395 palam
3619 1325 3705 1380 fa-

2054 1413 2166 1476 cta,
2192 1409 2442 1478 judices,
2468 1412 2608 1481 quid
2629 1416 2822 1483 postea
2857 1413 3112 1467 facerent
3132 1413 3490 1484 ignorrntes,
3513 1413 3707 1485 quiete

2055 1501 2229 1568 atquc
2260 1499 2576 1571 tranquille
2608 1501 2922 1568 subrisere,
2959 1505 3023 1554 ut
3063 1500 3212 1556 solet
3242 1501 3368 1556 fieri
3399 1502 3499 1557 ubi
3545 1502 3707 1574 quis-

2055 1587 2210 1658 piam
2244 1591 2302 1643 in
2335 1589 2558 1644 consilii
2605 1590 2820 1661 inopia,
2879 1589 3077 1644 vultus
3131 1592 3404 1646 ruborem
3436 1591 3710 1664 obtegere

2055 1683 2316 1733 conatur.
2353 1678 2466 1750 Ipsi
2494 1696 2746 1750 namque
2768 1678 2967 1734 omnia
2996 1683 3159 1735 erant
3181 1680 3707 1752 Athanasio,judi-

2054 1785 2168 1834 ces,
2193 1772 2393 1832 testes,
2417 1773 2804 1823 accusatores.
2835 1769 3182 1842 Quarelegis
3204 1771 3558 1826 sententiam
3576 1787 3710 1826 con-

2053 1863 2144 1913 tra
2177 1856 2628 1912 calumniatores
2679 1858 3036 1925 omittentes,
3090 1860 3162 1913 ad
3196 1859 3454 1914 veneﬁcii
3485 1860 3708 1915 crimen

2053 1952 2488 2014 convertuntur,
2531 1946 2844 2017 insanique
2901 1947 2960 2001 in
3018 1949 3280 2003 secunda
3311 1950 3706 2020 accusatione,

2051 2035 2360 2107 requirunt
2399 2036 2629 2106 pristini
2680 2036 2923 2106 pudoris
2974 2036 3260 2102 levamen,
3307 2039 3463 2108 quod
3513 2038 3708 2110 potius

2053 2129 2175 2179 erat
2206 2125 2460 2196 apertior
2490 2125 2774 2180 mendacii
2812 2125 3211 2196 reprehensio.
3237 2126 3475 2181 Manum
3510 2126 3708 2198 itaque

2053 2214 2535 2286 producunt,rem
2558 2215 2974 2269 exsecrandam
3001 2214 3478 2270 misericordibus
3499 2215 3706 2283 oculis,

2053 2320 2241 2374 neque
2268 2303 2356 2357 vel
2389 2302 2510 2359 solo
2541 2302 2690 2357 visui
2724 2304 3041 2358 ferendam.
3076 2303 3232 2359 Hanc
3269 2304 3582 2360 crudeliter
3624 2303 3712 2361 illi

2053 2397 2110 2447 et
2139 2393 2512 2463 impudenter
2543 2395 2743 2446 sancto
2765 2392 2888 2446 viro
2907 2391 3197 2463 agitantes
3219 2411 3236 2446 :
3267 2392 3398 2446 Haec
3421 2397 3500 2460 te,
3519 2393 3706 2460 aiunt,

2053 2481 2352 2547 Athanasi,
2370 2480 2455 2535 vel
2491 2480 2671 2536 silens
2695 2485 2968 2536 accusat:
3004 2481 3121 2535 haec
3140 2486 3196 2536 te
3219 2480 3469 2536 ﬁrmiter
3493 2498 3558 2537 ac
3583 2481 3709 2537 sine

2054 2569 2264 2641 effugio
2298 2574 2503 2641 urget:
2539 2569 2690 2624 hanc
2746 2585 2852 2624 nec
2904 2568 3117 2634 verbis,
3153 2587 3258 2625 nec
3301 2569 3568 2640 artificio,
3602 2588 3708 2627 nec

2055 2658 2168 2714 alia
2197 2659 2402 2730 quavis
2436 2657 2708 2713 machina
2738 2657 3000 2730 effugies.
3049 2659 3275 2714 Norunt
3306 2673 3510 2714 omnes
3539 2662 3712 2716 Arse-

2054 2748 2242 2816 nium,
2274 2748 2366 2802 cui
2389 2751 2473 2813 tu,
2504 2747 2703 2818 inique
2727 2751 2783 2802 et
2812 2748 3217 2819 impurissime
3246 2747 3443 2817 homo,
3467 2765 3711 2804 manum

2055 2837 2205 2892 hanc
2237 2836 2574 2908 amputasti.
2609 2836 2710 2891 Dic
2741 2852 2876 2908 ergo
2895 2837 3044 2907 jam,
3071 2853 3247 2908 quam
3275 2838 3345 2892 ad
3370 2853 3494 2893 rem
3525 2836 3626 2892 illa
3651 2853 3714 2894 es

2055 2944 2219 2993 usus,
2255 2935 2307 2982 et
2340 2927 2410 2981 ad
2445 2942 2620 2997 quem
2652 2943 2828 2980 usum
2859 2925 3181 2982 abscideris
3210 2925 3396 2983 illam.
3429 2928 3580 2982 Tum
3612 2926 3712 2982 ille

2054 3016 2284 3088 placida
2305 3033 2458 3086 voce,
2485 3019 2549 3070 ut
2578 3016 2818 3070 decebat
2840 3018 3016 3070 talem
3049 3015 3329 3085 animam,
3364 3033 3492 3087 quas
3515 3016 3714 3071 omnia

2055 3106 2791 3175 studioseexsequebatur
2838 3104 3138 3159 Christum
3200 3106 3547 3176 spectantia,
3607 3104 3710 3176 qui

2055 3211 2188 3249 cum
2223 3193 2418 3264 inique
2450 3210 2483 3246 a
2511 3191 3129 3261 Judaisjudicaretur,
3155 3208 3271 3246 non
3294 3191 3705 3258 contendebat,

2055 3301 2245 3354 neque
2277 3282 2587 3347 clamabat,
2623 3281 2721 3335 sed
2755 3287 3036 3351 tanquam
3070 3279 3193 3336 ovis
3240 3281 3313 3335 ad
3358 3281 3572 3336 caedem
3601 3280 3708 3334 du-

285 3369 379 3425 καὶ
410 3369 484 3430 ὡς
517 3367 576 3423 ἂν
613 3366 755 3422 εἷ’ποι
802 3369 954 3444 ψυχὴ
1005 3367 1348 3438 τοιαύτη,καὶ
1396 3369 1463 3420 τὰ
1499 3371 1731 3442 Χριστοῦ
1773 3367 1945 3419 πάντα

2059 3374 2313 3438 cebatur,
2350 3369 2561 3442 partim
2610 3369 2848 3424 omnino
2903 3368 3105 3434 silens,
3160 3369 3373 3441 partim
3406 3372 3710 3424 mansuete

290 3456 495 3529 ζηλοῦν
525 3455 848 3525 σπεύδουσα,
879 3456 1186 3529 ’ὀςβινόμως
1221 3456 1322 3510 ὑπὸ
1368 3453 1642 3509 Ἰουδαίων
1688 3456 1942 3528 κρινόμε-

284 3570 378 3610 νος
413 3547 512 3602 οὐκ
543 3545 733 3623 ἐρίζων
765 3547 831 3614 ἦν
865 3543 989 3600 οὐδὲ
1021 3546 1362 3621 κραυγάζων,
1399 3543 1522 3598 ἀλλ’
1557 3545 1630 3606 ὡς
1677 3539 1946 3620 πρόϐατον

289 3637 380 3692 ἐπὶ
413 3638 624 3715 σφαγὴν
652 3633 915 3710 ἤγετο,τά
943 3635 1033 3707 μὲν
1069 3632 1214 3696 ὅλως
1248 3634 1508 3708 σιγῶν,τά
1530 3630 1586 3687 δὲ
1606 3633 1716 3706 πρά
1738 3655 1794 3694 ος
1822 3633 1950 3686 ἀπο-

285 3728 630 3802 κρινόμενος·
662 3725 753 3786 Τίς
806 3721 896 3778 οὖν
950 3723 1000 3794 ἐξ
1034 3724 1208 3797 ὑμῶν,
1243 3723 1427 3800 φησὶν,
1465 3723 1734 3798 Ἀρσὲνιον
1779 3721 1943 3796 ἐγνω-

287 3817 497 3886 κώς;ἢ
529 3814 612 3877 τίς
646 3815 673 3868 ὁ
702 3813 902 3883 ταύτην
954 3813 1116 3867 αὖτοῦ
1167 3813 1266 3882 τὴν
1311 3810 1482 3882 δεξιὰν
1533 3807 1771 3884 ἀκριϐῶς
1814 3811 1947 3865 εἶναι

290 3903 452 3967 εἰδώς
481 3924 494 3974 ;
531 3904 640 3958 Οὐκ
672 3901 877 3978 ὀλίγων
905 3900 962 3956 δὲ
990 3903 1126 3976 πρὸς
1155 3906 1321 3956 ταῦτα
1340 3909 1438 3971 τῆς
1471 3899 1729 3977 καθέδρας
1765 3898 1946 3954 διανα-

291 3997 556 4063 στάντων,
579 3993 668 4048 καὶ
700 3991 974 4068 ’Δρσένιον
1007 3991 1185 4062 αὐτὸν,
1218 3992 1305 4045 καὶ
1334 3992 1432 4060 τὴν
1461 3996 1640 4067 χεῖρα,
1668 3990 1757 4044 καὶ
1778 3992 1950 4044 πάντα

293 4082 492 4139 εἰδέναι
552 4085 737 4160 σαφῶς
817 4080 1269 4153 διατεινομένων,
1329 4078 1495 4142 λύσας
1557 4079 1746 4135 αὐτίκα
1782 4124 1795 4150 ,
1853 4080 1950 4148 τὴν

294 4174 497 4243 σκηνὴν
547 4171 882 4241 Ἀθανάσιος,
913 4168 1124 4224 κελεύει
1173 4167 1457 4243 παρελθεῖν
1492 4170 1567 4232 εἰς
1605 4169 1798 4242 μέσους
1833 4170 1952 4245 ’Δρ-

294 4263 489 4319 σὲνιον.
534 4260 680 4316 Ἐπεὶ
743 4257 800 4314 δῖε
858 4260 1012 4321 οὗτος
1075 4259 1306 4329 εἰσήχθη
1366 4263 1468 4327 ζῶν
1522 4280 1582 4313 τε
1640 4259 1728 4313 καὶ
1791 4260 1948 4334 ὑγιὴς

293 4350 463 4430 ἄμφω
491 4351 558 4404 τά
587 4355 762 4427 χεῖρε,
796 4349 1055 4426 προσχὼν
1106 4354 1223 4410 τοῖς
1253 4369 1311 4402 τε
1352 4347 1681 4422 κατηγόροις
1713 4349 1801 4402 καὶ
1833 4353 1949 4408 τοῖς

291 4445 506 4519 κριταῖς
541 4441 568 4494 ὁ
605 4440 894 4515 μακάριος,
927 4438 1016 4492 καὶ
1041 4435 1364 4513 δριμύτερον
1419 4433 1695 4510 ἐμϐλέψας
1745 4437 1950 4499 αὐτοῖς.

294 4531 416 4607 Οὐχ
445 4531 628 4599 οὗτος,
680 4524 806 4607 ἔφη,
855 4529 1129 4604 Ἀρσένιος
1166 4547 1178 4596 ;
1214 4526 1320 4601 οὐχ
1373 4527 1527 4580 οὗτος
1572 4529 1599 4580 6
1648 4533 1771 4602 παρ’
1826 4527 1950 4599 ὑμῖν

293 4622 487 4695 νεκρὸς
539 4620 629 4674 καὶ
659 4621 758 4688 τὴν
810 4629 971 4695 χεῖρα
1008 4619 1122 4671 καθ’
1173 4617 1312 4685 ὑμᾶς
1366 4611 1765 4685 ἀποϐεϐληκώς
1800 4635 1812 4684 ;
1849 4615 1955 4690 οὐχ

2058 3461 2446 3532 respondens:
2509 3457 2649 3524 Quis
2704 3463 2985 3524 vestrum,
3062 3456 3161 3526 ait,
3222 3457 3536 3513 Arsenium
3605 3473 3708 3513 no-

2054 3549 2177 3604 vit?
2209 3553 2310 3603 aut
2342 3548 2472 3618 quis
2497 3552 2765 3602 accurate
2797 3547 2924 3617 scit,
2946 3547 3099 3601 hanc
3122 3546 3250 3617 ejus
3273 3562 3400 3600 esse
3424 3543 3711 3601 manum?

2057 3640 2143 3693 Ad
2177 3639 2297 3692 haec
2331 3642 2524 3691 autem
2557 3653 2670 3690 non
2706 3637 2908 3707 paucis
2929 3635 3205 3689 cathedra
3225 3635 3626 3707 surgentibus,
3649 3639 3713 3690 et

2056 3727 2365 3784 Arsenium
2397 3727 2592 3798 ipsum
2627 3727 2874 3796 ejusque
2931 3741 3174 3780 manum
3208 3740 3270 3779 se
3327 3725 3506 3795 probe
3539 3740 3715 3780 nosse

2059 3816 2567 3878 contendentibus,
2601 3814 2831 3868 solvens
2858 3814 3056 3869 statim
3075 3830 3311 3868 scenam
3333 3813 3712 3882 Athanasius,

2050 3908 2220 3978 jubet
2252 3907 2307 3960 in
2342 3905 2602 3960 medium
2663 3903 2892 3974 prodire
2947 3903 3279 3957 Arsenium.
3333 3901 3476 3958 Cum
3517 3906 3714 3958 autem

2060 3996 2153 4051 ille
2168 3996 2330 4051 vivus
2344 3994 2750 4063 ambabusque
2764 3993 3039 4047 manibus
3053 4009 3234 4047 sanus
3248 3993 3525 4048 inductus
3538 3995 3713 4063 esset,

2061 4091 2184 4140 tum
2218 4085 2422 4139 beatus
2451 4082 2548 4138 ille
2581 4083 2668 4136 vir
2699 4086 3066 4137 accusatores
3096 4085 3154 4136 et
3174 4082 3408 4153 judices
3440 4081 3715 4150 intuitus,

2061 4179 2337 4245 torvoque
2389 4172 2660 4227 homines
2710 4169 3040 4243 aspiciens:
3101 4171 3326 4239 Nonne,
3369 4170 3468 4238 ait,
3502 4169 3597 4224 hic
3626 4173 3718 4226 est

2062 4262 2380 4320 Arsenius‘?
2413 4278 2604 4316 nonne
2635 4259 2729 4314 hic
2761 4264 2868 4326 est,
2913 4259 3013 4330 qui
3066 4260 3392 4314 secundum
3421 4276 3525 4315 vos
3557 4275 3718 4314 mor-

2060 4357 2200 4408 tuus
2241 4356 2347 4417 est,
2401 4356 2457 4405 et
2489 4366 2729 4403 manum
2765 4348 3004 4404 amisit?
3063 4365 3256 4403 nonne
3313 4347 3410 4402 hic
3441 4347 3718 4403 omnibus

2064 4440 2479 4496 Alexandrinis
2510 4443 2598 4494 est
2620 4442 2793 4493 notus
2815 4437 2842 4491 ‘?
2887 4442 2942 4491 et
2991 4437 3169 4492 simul
3220 4437 3290 4516 ad
3325 4436 3584 4492 medium
3618 4435 3721 4490 tri-

2063 4530 2242 4586 bunal
2283 4529 2583 4584 adducens
2612 4526 2801 4595 illum,
2839 4531 2903 4580 ut
2951 4525 3217 4580 omnium
3267 4529 3488 4597 pateret
3510 4523 3720 4592 oculis,

2067 4619 2255 4693 primo
2296 4619 2593 4673 dexteram
2625 4615 2855 4671 educit:
2889 4613 3026 4668 hinc
3059 4613 3232 4685 jubet
3259 4613 3428 4668 illum
3456 4611 3724 4668 attollere

297 4710 457 4772 οὗτος
489 4710 517 4762 ὁ
547 4704 1149 4782 πᾶσινἊλεξανδρεῦσι
1191 4706 1471 4782 γνώριμος
1508 4724 1520 4774 ;
1556 4705 1654 4759 Καὶ
1689 4707 1801 4779 ἅμα
1818 4706 1951 4780 πρὸς

2068 4709 2390 4770 sinistram,
2425 4712 2598 4778 atque
2643 4721 2858 4776 magna
2889 4702 3122 4774 altaque
3168 4719 3306 4758 voce
3363 4701 3723 4772 exclamans,

2066 4799 2235 4870 quasi
2281 4814 2379 4852 eos
2430 4796 2531 4867 qui
2589 4794 2759 4865 longe
2817 4797 2983 4849 erant
3025 4809 3058 4848 a
3111 4792 3351 4847 veritate
3404 4796 3724 4847 revocaret.

2069 4887 2191 4951 Hic,
2228 4904 2259 4941 ο
2309 4885 2438 4952 viri,
2509 4883 2722 4954 inquit,
2772 4881 3096 4937 Arsenius:
3157 4881 3242 4936 has
3303 4897 3520 4936 manus
3568 4879 3730 4936 illius

2071 4980 2228 5043 sunt,
2265 4971 2685 5046 amputationis
2710 4970 2919 5026 nesciae
2949 4970 3040 5042 (ε).
3066 4971 3216 5025 Tum
3245 4969 3488 5025 Arsenio
3507 4968 3727 5036 relicto,

2073 5067 2140 5122 ad
2179 5069 2550 5119 accusatores
2583 5077 2934 5116 conversus:
2970 5063 3014 5115 Ο
3046 5059 3371 5126 mirabiles,
3399 5056 3614 5130 inquit,
3637 5057 3733 5128 ju-

306 5157 627 5230 ἀνακράξας,
665 5156 752 5210 οἷα
779 5153 904 5217 τοὺς
943 5155 1146 5229 μακρὰν
1193 5160 1291 5221 τῆς
1344 5151 1602 5222 ἀληθείας
1649 5149 1804 5215 ὄντας
1837 5153 1962 5206 ἀνα-

2075 5155 2255 5219 dices,
2291 5169 2451 5224 rogo,
2487 5151 2760 5224 quisnam
2796 5149 2847 5204 is
2880 5149 2956 5204 sit
2991 5149 3299 5215 ostendite,
3334 5151 3390 5204 et
3420 5147 3732 5216 cuiusnam

305 5244 673 5319 καλούμενος,
726 5244 898 5306 Οὗτος
954 5244 1070 5317 μὲν,
1123 5240 1168 5296 ὦ
1217 5239 1424 5317 ἄνδρες,
1476 5243 1785 5316 Ἀρσένιος,
1840 5241 1962 5320 ἔφη·

2076 5244 2197 5298 haac
2224 5243 2484 5298 abscissa
2497 5257 2733 5305 manus,
2749 5256 2875 5309 qua:
2893 5255 2997 5293 nos
3015 5235 3436 5308 amputationis
3457 5234 3734 5292 accusat?

308 5338 465 5392 αὗται
522 5333 579 5390 δὲ
627 5340 810 5411 χεῖρες
863 5333 1090 5401 ἐκείνου,
1147 5333 1245 5400 τὴν
1303 5331 1537 5400 ἐκκοπὴν
1586 5332 1919 5406 ἀγνοήσασαι
1954 5333 2084 5386 ,Τὸν
2114 5329 2171 5385 δὲ
2202 5337 2323 5406 παρ’
2368 5329 2551 5388 αὐτοῖς
2603 5327 2898 5400 Ἀρσένιον,
2952 5323 3156 5378 ἀπιδὼν
3206 5324 3343 5398 πρὸς
3385 5321 3511 5385 τοὺς
3560 5343 3734 5394 κατη-

1894 5421 2002 5477 ἐστι
2046 5419 2232 5492 δεῖξαι,
2283 5418 2372 5474 καὶ
2420 5418 2562 5479 τίνος
2618 5419 2652 5484 ἡ
2704 5415 3030 5488 ἐκτμηθεῖσα
3079 5413 3201 5488 χεὶρ
3252 5411 3408 5483 αὕτη,
3457 5411 3547 5467 καὶ
3595 5415 3732 5486 ἡμῖν

294 4800 361 4855 τὸ
397 4798 714 4873 μεσαίτατον
747 4797 905 4851 αὐτὸν
955 4795 1387 4868 ἐπισπασάμενος
1436 4800 1538 4849 τοῦ
1579 4792 1952 4870 δικαστηρίου,

299 4890 380 4951 ὡς
412 4888 470 4942 ἂν
502 4888 591 4942 καὶ
624 4885 797 4957 δῆλος
833 4886 1141 4962 ὀφθαλμοῖς
1191 4883 1272 4955 εἶή
1315 4890 1432 4947 τοῖς
1463 4891 1645 4959 πᾶσιν,
1683 4880 1954 4939 ὑπεκϐαλ-

303 4978 392 5035 λει
422 4983 616 5052 πρῶτα
661 4978 760 5046 τὴν
791 4974 962 5047 δεξιάν
1002 4997 1013 5010 ο
1048 4975 1161 5030 εἶτα
1211 4973 1420 5029 κελεύει
1470 4976 1606 5050 πρὸς
1656 4975 1791 5049 ὕψος
1841 4975 1961 5029 ἀνα-

301 5074 473 5124 τεῖναι
522 5067 612 5122 καὶ
665 5068 764 5136 τὴν
812 5064 992 5135 λαιὰν,
1043 5065 1132 5119 καὶ
1189 5065 1328 5138 μέγα
1369 5086 1422 5119 τι
1470 5065 1558 5118 καὶ
1615 5065 1854 5140 γεγωνὸν
1886 5066 1960 5138 (d)

307 5425 531 5503 γόρους,
564 5430 628 5479 Ὠ
657 5425 968 5498 θαυμάσιοι,
1002 5423 1157 5500 φησὶ,
1191 5418 1454 5492 δικασταὶ,
1490 5420 1621 5491 ἀξιῶ
1649 5420 1732 5482 τίς
1783 5422 1840 5476 τέ

309 5515 388 5578 ὡς
417 5536 517 5586 την
567 5513 804 5589 ἐκτομὴν
839 5513 1228 5591 ἐργασαμένοις
1259 5510 1461 5582 ταύτης
1497 5510 1872 5588 ἐγκαλουμένη
1905 5533 1917 5583 ;

2159 5692 2238 5764 (d)
2267 5691 2365 5772 S_i_c
2381 5689 2630 5772 quidam
2661 5685 2892 5743 codices
2949 5684 3123 5740 recte.
3154 5681 3266 5739 Alii
3323 5699 3458 5743 vero
3487 5678 3738 5761 γεγονός,

2089 5763 2226 5821 cum
2255 5763 2450 5818 editis.

2161 5836 2232 5912 (θ)
2255 5835 2424 5894 Forte
2451 5830 2665 5890 vitiosa
2688 5828 2883 5891 lectio.

387 5694 464 5766 (ιι)
497 5695 641 5750 Tres
675 5711 818 5749 mss.
855 5690 1204 5766 ἐπεισπεσὼν.

415 5763 467 5840 ὁ)
498 5766 749 5840 Quidam
782 5781 926 5840 mss.
960 5763 1285 5840 προάγουσι.

415 5771 467 5834 b)
498 5771 749 5830 Quidam
782 5781 894 5822 mss

390 5771 463 5916 lc)
484 5837 602 5895 Alii
634 5834 894 5910 ἔκτομήν.

607 5967 874 6032 ΡΑτιοι..
921 5965 1036 6031 Gn.
1079 5963 1272 6034 XXV.

3408 5970 3468 6019 m
