4146 6434
433 472 702 518 CXCXVUI

507 590 592 643 14.
627 590 789 643 Tunc
820 604 934 642 non
961 585 1428 655 ultrajudicibus
1460 584 1778 641 tolerabilis
1800 586 2075 642 cathedra
2103 590 2159 654 Α

434 679 563 745 fuit,
600 678 700 732 sed
734 694 848 731 una
872 693 1003 730 cum
1028 674 1398 739 satellitibus,
1423 692 1487 730 ea
1514 674 1733 742 relicta,
1759 676 1956 730 tristes
1980 676 2081 730 ad-

434 768 673 822 modum
707 782 771 821 ae
793 765 1049 819 demissa
1080 764 1222 818 facie
1253 764 1540 819 evidentia
1570 764 1812 835 pudoris
1831 764 1999 836 signa
2024 766 2079 818 in

431 856 598 911 vultu
626 856 894 921 ferentes,
913 854 1267 909 abscessere.
1296 855 1497 924 Itaque
1517 852 1768 925 populus
1791 870 1922 907 cum
1946 852 2082 909 illos

435 945 518 1000 sic
550 943 917 1016 perturbatos
947 946 1227 1007 cerneret,
1252 958 1317 997 ac
1347 958 1482 997 eum
1506 942 1727 1013 pudore
1758 946 1815 997 et
1844 941 2082 997 tristitia

432 1051 468 1089 a
498 1031 777 1089 tribunali
818 1031 1104 1097 recedere,
1158 1030 1327 1102 quasi
1360 1046 1562 1086 eorum
1615 1034 1671 1085 et
1701 1047 1820 1085 suae
1863 1029 2083 1102 pariter

429 1120 747 1194 impietatis
777 1119 972 1175 studio
1017 1118 1432 1190 etferveseeret,
1458 1120 1584 1190 jam
1633 1119 1790 1175 enim
1839 1118 1956 1173 Arii
1986 1118 2081 1175 lue

429 1227 573 1283 pene
602 1209 861 1281 repletus
892 1213 1051 1263 erat:
1085 1212 1143 1263 et
1174 1207 1455 1279 alioquin,
1501 1211 1564 1262 ut
1592 1211 1648 1262 et
1677 1207 1971 1279 episcOpis
2021 1212 2079 1263 et

426 1297 765 1372 imperatori
782 1302 1016 1371 gratum
1043 1297 1271 1362 faceret,
1294 1295 1679 1352 Athanasium
1710 1295 1917 1351 laedere
1950 1303 2079 1350 ten-

428 1389 652 1456 tabant,
702 1403 768 1442 ac
826 1384 1086 1455 undique
1132 1384 1321 1440 virum
1363 1384 1829 1451 circumsistunt,
1887 1384 2081 1440 verbis

427 1477 908 1551 perstringentes,
942 1491 1154 1529 manus
1186 1473 1537 1528 inferentes:
1577 1470 1879 1539 Garrulus,
1912 1489 2080 1528 vene-

429 1569 597 1633 llcus,
628 1565 730 1637 qui
772 1563 923 1618 male
972 1571 1190 1634 pereat,
1252 1561 1494 1633 aientes,
1530 1563 1831 1633 multaque
1862 1562 1978 1617 alia
2007 1561 2079 1617 iis

435 1656 655 1728 pejora,
688 1669 816 1725 quae
847 1650 988 1707 nihil
1018 1668 1157 1707 sane
1190 1651 1259 1706 ad
1293 1650 1459 1705 illum
1492 1651 1839 1719 attinebant,
1872 1651 1972 1705 sed
2005 1651 2077 1705 ad

436 1760 535 1800 eos
582 1742 682 1814 qui
734 1743 853 1796 hac
913 1740 1254 1811 proferrent,
1308 1757 1436 1811 quae
1468 1740 1644 1797 etiam
1703 1740 2080 1796 clementiora

428 1836 595 1889 erant
625 1832 697 1887 iis
728 1849 854 1903 quae
887 1830 998 1902 ipsi
1030 1829 1231 1885 audire
1264 1830 1676 1884 merebantur:
1708 1833 1833 1884 tum
1859 1829 2074 1900 judici-

427 1923 540 1978 bus
553 1920 1087 1991 conviciabantur,q
1100 1919 1208 1974 uod
1227 1936 1338 1973 non
1358 1918 1543 1989 poenis
1559 1923 1732 1990 atque
1746 1918 2073 1991 suppliciis,

427 2013 623 2085 potius
654 2026 832 2082 quam
865 2009 1143 2079 legitimis
1174 2012 1558 2081 argumentis,
1595 2008 1943 2064 sententiam
1987 2013 2075 2064 tu-

425 2100 652 2157 lissent.
682 2117 747 2156 ac
774 2104 1021 2154 mortem
1053 2098 1188 2169 ipsi,
1211 2102 1417 2169 suopte
1439 2102 1609 2163 nutu,
1633 2097 1797 2167 justo
1827 2097 2073 2152 commi-

427 2191 739 2246 nabantur.
773 2188 916 2244 Cum
948 2191 1110 2242 tanta
1136 2190 1328 2241 tamen
1348 2186 1554 2240 seditio
1577 2186 1826 2241 excitata
1846 2187 2071 2253 fuisset,

424 2285 482 2336 et
511 2284 712 2335 tantus
735 2276 1025 2333 tumultus
1041 2276 1097 2331 in
1120 2273 1335 2347 populo
1357 2279 1609 2342 coortus,
1632 2275 1775 2330 nihil
1798 2292 1923 2331 eam
1949 2293 2070 2331 rem

429 2369 615 2426 Gallio
647 2368 888 2435 curavit,
922 2366 1021 2438 qui
1046 2370 1169 2420 tum
1202 2366 1507 2436 praefectus
1538 2370 1663 2419 erat
1686 2365 2075 2431 civitatis;ita

426 2458 648 2515 malum
663 2456 909 2513 ulterius
932 2470 1314 2527 pervasurum
1337 2453 1589 2515 fecisset,
1615 2453 1728 2508 nisi
1753 2452 2073 2509 Archelaus

426 2547 808 2616 descendens,
842 2544 1151 2601 verborum
1184 2543 1460 2599 suasione
1490 2548 1547 2598 et
1577 2541 1811 2599 lenitate
1845 2542 2072 2615 plebem

427 2637 712 2704 sedasset,
732 2635 1237 2704 Athanasiumque
1268 2633 1338 2687 ab
1370 2631 1443 2687 iis
1468 2648 1600 2687 mox
1640 2631 2070 2700 dilaniandum,

427 2743 496 2781 ex
518 2725 726 2781 mediis
750 2723 947 2795 populi
973 2722 1248 2778 manibus
1269 2721 1600 2793 eripuisset,
1634 2720 1903 2792 elomque
1931 2721 2075 2777 urbe

429 2813 971 2871 subduxissetErat
982 2828 1152 2883 porro
1166 2810 1485 2866 Archelaus
1507 2809 1821 2866 tribunalis
1836 2809 2074 2881 quidem

428 2905 734 2978 praefectus
756 2921 768 2958 :
793 2903 993 2973 virque
1015 2901 1159 2957 alias
1182 2900 1698 2972 prudentissimus,
1721 2900 2074 2957 mansuetis-

427 2995 637 3062 simus,
662 3010 727 3048 ac
752 2992 979 3047 dicendi
1006 2990 1423 3063 peritissimus,
1449 2995 1803 3062 paratusque
1825 2990 1898 3045 ad
1923 3007 2075 3046 mor-

424 3084 501 3140 tis
534 3081 858 3155 periculum
886 3081 1245 3143 adeundum,
1270 3080 1319 3135 si
1343 3080 1399 3134 id
1430 3096 1579 3152 epus
1602 3079 1828 3135 fuisset.
1854 3080 1956 3134 Hic
1982 3096 2077 3150 po—

429 3174 564 3247 pulo
580 3174 791 3227 furenti
816 3170 1060 3225 minime
1081 3170 1526 3231 cedens,suadet
1550 3168 1868 3224 Athanasio
1892 3173 1956 3224 ut
1978 3185 2080 3241 per

430 3267 680 3321 secretos
713 3260 876 3315 urbis
907 3259 1096 3315 exitus
1116 3258 1339 3313 evadat.
1376 3260 1518 3314 Cum
1551 3259 1749 3329 itaque
1782 3257 1878 3313 ille
1908 3275 1976 3313 ea
2006 3258 2078 3313 de

2104 1963 2151 2028 B

1820 455 2427 517 PROLEGOMENA.

2266 588 2350 642 14.
2384 586 2515 642 Τότε
2544 586 2643 643 οὐκ
2673 584 2751 642 ἔτι
2791 587 2915 643 οὐδὲ
2962 586 3096 657 αὐτὴ
3137 593 3255 650 τοῖς
3305 585 3579 651 δικασταῖς
3628 590 3836 654 ἀνεκτὸς

2193 677 2267 748 (α)
2298 678 2332 744 ἡ
2366 676 2619 751 καθέδρα,
2652 674 2798 731 ἀλλά
2825 677 2915 731 καὶ
2960 676 3160 746 ταύτην
3212 678 3345 750 μετά
3388 682 3495 731 τῶν
3528 675 3839 758 δορυφόρων

2192 763 2570 837 ἀπολιπόντες,
2612 765 2922 842 σκυθρωποὶ
2974 764 3095 821 λίαν
3139 765 3230 820 καὶ
3276 772 3560 846 κατηφεῖς,
3602 775 3745 847 σαφῆ
3777 771 3841 825 τά

2190 847 2445 925 σύμϐολα
2473 860 2574 922 τῆς
2623 853 2893 929 αἰσχύνης
2927 853 3015 908 ἐπὶ
3061 859 3166 909 τῶν
3209 849 3385 928 ὄψεων
3432 856 3686 933 φέροντες
3734 858 3841 913 ἀνε-

2191 941 2429 1017 χώρουν.
2479 942 2549 996 Τὸ
2597 948 2726 1017 γοῦν
2774 940 3013 1012 πλῆθος,
3062 942 3235 1006 οὕτως
3275 942 3469 1006 αύτούς
3523 942 3729 1007 ἰδόντες
3765 965 3841 1001 τε·

2188 1030 2585 1103 ταραγμένους,
2628 1030 2718 1085 καὶ
2766 1030 2857 1085 σὺν
2909 1029 3139 1107 αἰσχύνῃ
3185 1031 3275 1086 καὶ
3326 1031 3529 1107 ἀθυμία
3568 1037 3666 1089 τοῦ
3696 1030 3839 1090 δικα-

2190 1118 2417 1195 στηρίου
2476 1120 2904 1197 ἀποφοιτῶντας,
2936 1121 3026 1176 καὶ
3071 1119 3252 1197 ὥσπερ
3305 1120 3437 1195 ὑπὲρ
3489 1120 3704 1178 ἐκείνων
3750 1123 3837 1179 καὶ

2187 1214 2289 1276 τῆς
2319 1215 2511 1277 κοινῆς
2541 1202 2785 1271 ἀσεϐείας
2822 1208 3187 1279 ζηλώσαντες,
3211 1207 3340 1283 (ἤδη
3365 1210 3469 1287 γὰρ
3499 1217 3600 1281 τῆς
3623 1212 3837 1288 ’Δρείου

2190 1293 2375 1369 λύμης
2426 1297 2622 1360 ἱκανῶς
2669 1296 3103 1368 ύποπέπληστο,
3148 1295 3338 1361 ἄλλως
3382 1319 3443 1355 τε
3487 1296 3545 1355 δέ
3591 1299 3682 1355 καὶ
3724 1306 3839 1365 τοῖς

2189 1383 2506 1449 ἐπισκόποις
2536 1386 2624 1441 καὶ
2678 1384 2894 1462 βασιλεῖ
2934 1387 3339 1464 χαριζόμενοι,)
3395 1387 3653 1464 βλάπτειν
3679 1393 3835 1447 Ἀθα-

2187 1475 2369 1529 νάσιον
2420 1474 2759 1551 ἐπεχείρουν,
2804 1477 2893 1531 καὶ
2942 1476 3311 1550 περιίστανται
3353 1478 3612 1534 πάντοθεν
3656 1479 3836 1552 αὐτὸν,

2191 1562 2257 1638 ῥη
2270 1584 2398 1636 μασι
2425 1562 2746 1639 βάλλοντες,
2769 1570 2960 1641 χεῖρας
2983 1563 3296 1641 ἐπάγοντες,
3331 1567 3359 1621 ὁ
3391 1564 3587 1640 λῆρος,
3615 1569 3645 1623 ὁ
3675 1569 3835 1645 γόης,

2189 1651 2216 1705 ὁ
2244 1655 2426 1713 κακῶς
2459 1650 2859 1727 ἀπολούμενος,
2890 1654 2981 1709 καὶ
3028 1653 3217 1710 πολλά
3260 1651 3418 1730 ἕτερα
3445 1657 3619 1733 χείρω
3646 1663 3835 1715 τοῦτον

2188 1738 2609 1804 ἀποκαλοῦντες
2647 1741 2679 1797 ἃ
2707 1744 2844 1819 πρὸς
2895 1744 2987 1817 μὲν
3041 1743 3238 1800 ἐκεῖνον
3287 1742 3440 1801 οὐδὲν
3481 1743 3629 1809 ὅλως
3657 1749 3834 1805 κοινὸν

2187 1829 2357 1906 εἶχον·
2390 1831 2525 1903 πρὸς
2557 1830 2751 1894 αὐτοὺς
2784 1829 2841 1887 δέ
2871 1833 2999 1896 τοῦς
3048 1832 3330 1909 λέγοντας,
3377 1835 3467 1890 καὶ
3514 1834 3715 1911 πολλῷ
3741 1841 3837 1894 τοῦ

2185 1915 2399 1981 δέοντος
2431 1920 2567 1989 ἦσαν
2602 1918 3108 1999 φιλανθρωπότερα,
3139 1923 3229 1979 καὶ
3276 1925 3350 1978 ὧν
3380 1924 3533 1980 αὐτοὶ
3585 1926 3835 2004 ὑπῆρχον

2185 2006 2395 2061 ἀκούειν
2426 2004 2585 2078 ἄξιοι·
2619 2007 2774 2063 αὐτοὶ
2820 2030 2881 2064 τε
2921 2015 3039 2073 τοῖς
3071 2007 3346 2074 δικασταῖς
3389 2009 3838 2089 διαλοιδορούμε-

2181 2117 2286 2167 νοι,
2320 2095 2404 2151 ὅτι
2438 2097 2514 2169 μὴ
2543 2103 2759 2159 ποιναῖς
2809 2096 3021 2171 μᾶλλον
3054 2099 3145 2153 καὶ
3192 2100 3509 2176 τιμωρίαις,
3545 2100 3690 2157 ἀλλά
3716 2110 3833 2168 τοῖς

2182 2186 2243 2241 ἐκ
2270 2191 2383 2265 τῶν.
2419 2186 2604 2259 νόμων
2651 2185 2908 2263 ἐλέγχοις
2937 2190 3036 2258 τὴν
3066 2192 3247 2267 ψῆφον
3282 2189 3596 2266 ἐπέτρεψαν,
3626 2191 3716 2248 καὶ
3746 2194 3836 2249 θά-

2180 2296 2335 2330 νατον
2381 2273 2589 2330 οἷ’κοθεν
2639 2275 2792 2331 αὐτοὶ
2841 2276 3006 2332 πάλιν
3058 2277 3441 2353 ἀπειλούμενοι
3488 2284 3568 2355 τῷ
3615 2278 3832 2357 δικαίῳ.

2179 2364 2454 2434 Τοσαύτης
2509 2361 2567 2420 δὲ
2615 2364 2770 2438 ὅμως
2801 2367 3035 2430 στάσεως
3080 2367 3574 2445 ἀναρριπισθείσης,
3615 2371 3705 2427 καὶ
3730 2392 3833 2444 τη-

2182 2452 2445 2525 λικαύτης
2479 2454 2693 2526 ἀταξίας
2724 2454 2960 2532 ἐχούσης
2990 2458 3080 2512 τὸν
3116 2454 3181 2528 δῆ
3194 2479 3317 2532 μον,
3349 2456 3507 2515 οὐδὲν
3537 2458 3685 2525 ὅλως
3716 2460 3837 2536 ἐμέ-

2182 2541 2321 2614 λησε
2348 2548 2426 2615 τῷ
2470 2542 2767 2615 Γαλλίωνι,
2808 2544 2869 2607 ’ὸς
2899 2546 3045 2623 ἦρχε
3089 2546 3213 2602 τότε
3256 2555 3360 2617 τῆς
3406 2547 3647 2613 πόλεως’
3699 2546 3836 2607 ὥστε

2181 2632 2276 2688 κᾶν
2332 2628 2541 2717 προέϐη
2588 2634 2651 2689 τὸ
2680 2634 2841 2689 κακὸν
2893 2636 3217 2711 περαιτέρω,
3270 2637 3316 2691 εἰ
3379 2640 3453 2711 μή
3504 2637 3830 2717 Ἀρχέλαος,

2182 2716 2441 2794 καταϐὰς,
2487 2724 2667 2778 πειθοῖ
2708 2744 2769 2779 τε
2821 2721 3003 2798 λόγων
3053 2725 3143 2779 καὶ
3187 2725 3491 2802 ἡμερότητι
3544 2716 3743 2783 λεαίνει
3772 2728 3837 2783 τὸ

2184 2809 2418 2883 πλῆθος,
2449 2811 2540 2866 καὶ
2589 2809 2863 2885 μέλλοντα
2909 2813 3227 2868 διασπᾶσθαι
3267 2815 3358 2870 τὸν
3407 2808 3745 2891 ἰΔθωνάςιτιον,
3778 2816 3839 2873 ἐκ

2188 2901 2364 2973 μέσων
2396 2905 2500 2956 τῶν
2531 2905 2629 2956 τοῦ
2661 2898 2841 2974 δήμου
2890 2906 3115 2977 χειρῶν,
3159 2901 3317 2958 αὐτὸν
3369 2903 3693 2983 ἀφαρπάζει,
3743 2905 3837 2961 καὶ

2186 2987 2460 3067 λαθραίως
2518 2990 2768 3065 ὑπεξάγει
2813 2997 2914 3059 τῆς
2963 2988 3200 3055 πόλεως.
3261 2997 3356 3048 Ἤν
3418 2990 3476 3048 δὲ
3531 2993 3835 3069 Ἀρχέλαος

2186 3079 2342 3141 οὗτος
2372 3083 2470 3133 τοῦ
2498 3078 2786 3155 κριτηρίου
2825 3079 2918 3152 μὲν
2945 3081 3245 3154 προεστώς·
3279 3078 3459 3136 τᾶλλα
3502 3078 3561 3136 δὲ
3601 3082 3692 3137 καὶ
3723 3103 3835 3139 σω-

2186 3169 2543 3247 φρονέστατος
2559 3167 2648 3222 καὶ
2689 3166 3105 3241 ἐπιεικέστατος,
3136 3169 3227 3224 καὶ
3276 3169 3443 3224 εἰπεῖν
3477 3170 3834 3243 ἱκανώτατος,

2187 3255 2322 3313 εἰδὲ
2349 3279 2454 3312 που
2502 3257 2591 3312 καὶ
2625 3258 2852 3312 θανάτου
2903 3254 3015 3312 δέοι
3062 3264 3409 3337 καταφρονεῖν
3458 3258 3833 3333 ἑτοιμότατος.

429 3351 763 3408 causaurbe
780 3347 1332 3418 excessisset,coacti
1347 3346 1728 3417 injustissimi
1743 3345 1824 3401 illi
1839 3347 2072 3419 judices

2189 3348 2352 3410 Οὗτος
2410 3345 2501 3402 οὖν
2562 3344 2703 3417 εἷ’ξας
2764 3346 3078 3421 μαινομένῳ
3131 3334 3222 3420 τῷ⁷
3265 3344 3450 3421 δήμῳ,
3508 3347 3681 3404 πείθει
3738 3350 3832 3405 τὸν

432 3441 755 3497 deliberant
802 3442 1006 3493 contra
1061 3440 1353 3503 sanctum,
1420 3453 1703 3509 reumquc
1763 3436 2075 3492 allatorum

431 3529 746 3585 criminum
778 3525 1182 3599 pronuntiant.
1227 3525 1503 3580 Seribunt
1523 3531 1671 3593 acta,
1707 3542 1834 3597 quae
1860 3525 2077 3598 ubique

430 3618 771 3690 divulgant:
806 3615 1205 3672 intercludunt
1232 3631 1367 3670 eum
1398 3615 1559 3670 aditu
1592 3615 1858 3671 omnium
1890 3616 2075 3688 regio-

431 3724 597 3777 num,
632 3706 889 3771 urbium,
922 3703 1300 3760 ecclesiarum
1328 3720 1340 3760 :
1403 3704 1682 3777 omnique
1731 3703 1954 3760 ratione
1984 3723 2075 3761 os-

430 3797 681 3853 tendunt
709 3795 1083 3851 tenebrarum
1117 3793 1239 3859 filii,
1302 3810 1363 3849 se
1391 3793 1561 3866 longe
1614 3795 1818 3850 abesse
1860 3792 2004 3849 velle
2043 3811 2078 3849 ιι

430 3883 853 3941 tantaluce.Ira
872 3883 1010 3938 item
1033 3881 1349 3937 incendunt
1367 3882 1772 3938 Constantium
1796 3883 2077 3939 adversus

431 3975 600 4030 illum
626 3992 639 4041 ;
670 3974 752 4027 ita
780 3980 842 4027 ut
871 3971 1049 4027 etiam
1080 3971 1357 4043 pecunias
1386 3975 1444 4026 et
1467 3975 1711 4027 honores
1741 3972 2083 4028 decerneret

430 4064 503 4120 iis
533 4063 633 4135 qui
677 4067 779 4117 aut
825 4061 1022 4119 vivum
1075 4062 1419 4131 indicarent,
1472 4066 1573 4116 aut
1628 4061 1845 4117 mortui
1901 4066 2078 4134 caput

431 4155 724 4210 afferrent.
756 4151 855 4207 Ille
877 4167 1011 4207 vero
1041 4167 1102 4206 ac
1122 4151 1170 4206 si
1196 4168 1308 4207 non
1339 4151 1493 4205 intra
1520 4150 1765 4206 Romani
1798 4151 1943 4207 fines
1966 4152 2076 4206 im-

431 4242 598 4316 perii,
631 4242 730 4298 sed
777 4241 951 4297 etiam
992 4244 1152 4296 extra
1200 4242 1400 4296 orbem
1461 4241 1726 4296 exsulare
1758 4242 1968 4312 jussus
2020 4244 2078 4296 et

431 4334 766 4399 damnatus,
800 4329 1142 4385 sexennium
1191 4328 1251 4383 in
1312 4327 1442 4400 lacu
1502 4328 1655 4383 sicco
1686 4333 1743 4382 et
1791 4328 2075 4398 inaquoso

429 4422 616 4477 latens
646 4420 889 4491 peregit.
936 4419 1079 4474 Cum
1141 4422 1335 4473 autern
1379 4418 1428 4472 ei
1479 4434 1550 4472 ne
1582 4417 1661 4471 ita
1716 4417 1954 4488 quidem
2002 4418 2073 4472 ad

431 4511 606 4565 finem
640 4525 826 4580 usque
879 4506 1061 4563 latere
1108 4506 1328 4573 liceret,
1387 4506 1489 4562 sed
1531 4507 1797 4561 futurum
1827 4510 1983 4561 esset
2012 4510 2078 4560 ut

429 4599 773 4670 insequente
820 4597 913 4652 die
968 4600 1292 4669 caperetur,
1353 4595 1570 4667 ubique
1609 4595 1766 4651 enim
1807 4598 2076 4650 accurate

426 4688 893 4761 perquirebatur,
962 4690 1019 4741 et
1046 4685 1529 4758 investigabatur,
1589 4684 1788 4739 divina
1819 4684 2074 4756 quadam
2107 4708 2154 4773 Β

428 4777 787 4851 providentia
800 4782 856 4832 et
878 4776 1095 4832 visione
1119 4774 1247 4830 lacu
1278 4790 1573 4845 egressus,
1596 4773 1778 4828 alium
1802 4776 1860 4829 in
1881 4773 2076 4829 locum

422 4866 704 4940 procedit.
742 4866 876 4922 Post
906 4869 1171 4921 metuens
1202 4880 1274 4919 ne
1296 4862 1413 4918 illic
1443 4879 1678 4935 quoque
1695 4862 2078 4935 comprehen-

423 4974 528 5013 sus
575 4955 900 5029 periculum
951 4953 1022 5009 iis
1066 4956 1287 5008 crearet
1342 4969 1442 5024 qui
1494 4969 1557 5008 se
1586 4952 1963 5025 recepissent,
2009 4968 2079 5008 ex

423 5040 809 5103 orientalibus
860 5042 1169 5099 discedens
1220 5041 1509 5113 partibus,
1568 5041 1639 5097 ad
1691 5040 2079 5098 occidentales

423 5135 707 5192 concedit.

496 5404 580 5459 15.
614 5403 949 5476 Imperabat
978 5406 1105 5458 tum
1137 5400 1197 5456 in
1253 5401 1563 5457 Occidente
1602 5400 1892 5457 Constans
1922 5400 2068 5457 Con~

422 5492 662 5549 stantini
697 5494 888 5561 frater,
919 5491 1019 5564 qui
1043 5508 1231 5563 nuper
1248 5490 1420 5546 .fratri
1444 5490 1825 5548 Constantino
1843 5506 2071 5547 succes-

490 5725 566 5799 (ᾳ)
597 5724 761 5799 [Γτεε.
798 5722 1213 5799 ωεξηᾷν-εκτόν.

488 5790 565 5873 (b)
597 5795 685 5854 Ita
713 5811 857 5853 mss.
891 5796 1043 5853 Editi
1072 5813 1206 5853 vero
1238 5790 1591 5869 δικαιότατοι,
1623 5795 1863 5855 ironice.

2187 3438 2499 3493 ’Λθανάσιον
2551 3436 2602 3491 ἐν
2652 3441 2917 3512 κρυπταῖς
2966 3443 3070 3506 τῆς
3117 3434 3336 3500 πόλεως
3368 3434 3573 3508 ἐξόδοις
3624 3436 3845 3510 ὑπεξελ-

2184 3529 2310 3582 θεῖν.
2366 3531 2470 3582 Τοῦ
2515 3523 2572 3581 δὲ
2620 3523 2709 3581 διὰ
2754 3530 2921 3582 ταῦτα
2964 3527 3063 3596 τὴν
3123 3524 3285 3581 πόλιν
3346 3524 3739 3598 ἀπολιπόντος,
3788 3528 3845 3583 οἱ

2186 3614 2510 3671 ἀδικώτατοι
2564 3617 2639 3689 (b)
2697 3613 2982 3683 δικασταὶ,
3042 3614 3389 3678 συνελθόντες
3412 3662 3427 3686 ,
3488 3614 3844 3691 βουλεύονται

2183 3706 2320 3761 κατὰ
2347 3710 2449 3760 τοῦ
2496 3705 2677 3779 ἁγίου,
2708 3705 3063 3782 ψηφίζονται,
3106 3704 3519 3783 ἀποφαίνονται,
3554 3705 3848 3762 ὑπεύθυνον

2183 3801 2301 3857 τοῖς
2336 3793 2760 3869 ἐγκεκλημένοις
2810 3797 3091 3847 ποιοῦνται
3116 3812 3131 3826 ⁸
3177 3789 3473 3871 γράφουσιν
3509 3795 3727 3868 ὑπομνή
3740 3815 3846 3869 μα-

2184 3906 2270 3953 τα,
2303 3887 2585 3959 πανταχοῦ
2635 3880 3051 3954 διαπέμπουσιν,
3101 3878 3436 3939 ἐκκλείουσιν
3467 3882 3627 3939 αὐτὸν
3664 3881 3849 3956 πάσης

2186 3974 2397 4049 χώρας,
2429 3968 2671 4040 πόλεως,
2717 3967 3034 4039 ἐκκλησίας,
3080 3969 3239 4025 παντὶ
3280 3971 3469 4045 τρόπῳ
3513 3971 3848 4029 δεικνύουσιν

2186 4062 2239 4116 οἱ
2268 4066 2365 4115 τοῦ
2395 4060 2622 4121 σκότους
2654 4058 2765 4113 υἱοὶ
2802 4058 3007 4134 μακρὰν
3056 4058 3191 4113 εἶναι
3251 4050 3541 4135 βούλεσθαι
3591 4060 3849 4118 τοιούτου

2186 4149 2385 4226 φωτός.
2423 4146 2793 4225 Ἐξοργίζουσι
2841 4144 2898 4201 δὲ
2944 4145 3034 4201 καὶ
3081 4146 3449 4204 Κωνστάντιον
3479 4152 3552 4225 (σ)
3598 4152 3715 4206 κατ’
3745 4150 3846 4206 αὐ-

2183 4242 2301 4308 τοῦ,
2332 4241 2615 4305 τοσοῦτον,
2648 4235 2787 4292 ὥστε
2831 4236 2922 4291 καὶ
2969 4238 3235 4313 χρήματα
3280 4236 3371 4292 καὶ
3416 4241 3583 4313 τιμὰς
3628 4239 3847 4296 ὑποτεί-

2183 4347 2293 4381 νειν
2340 4332 2458 4390 τοῖς
2488 4327 2523 4395 ἢ
2562 4330 2737 4395 ζῶντα
2780 4325 2869 4379 τὸν
2923 4322 3090 4401 ἄνδρα
3143 4324 3495 4400 μηνύσουσιν,
3546 4328 3583 4397 ἢ
3632 4328 3849 4404 ἀναιρε-

2185 4417 2365 4479 θέντος
2414 4417 2515 4485 τὴν
2566 4412 2809 4493 κεφαλήν
2861 4413 3118 4472 οἷ’σουσιν.
3175 4416 3232 4468 Ὀ
3280 4412 3339 4470 δὲ
3383 4414 3621 4494 καθάπερ
3660 4416 3761 4473 ούκ
3790 4416 3849 4474 ἐν

2186 4504 2337 4581 ὅροις
2367 4512 2468 4576 τῆς
2500 4503 2785 4578 Ῥωμαίων
2837 4504 3038 4580 ἀρχῆς,
3081 4500 3207 4558 ἀλλ’
3239 4500 3341 4576 ἔξω
3387 4505 3479 4560 καὶ
3528 4505 3698 4577 αὐτῆς
3739 4514 3850 4578 τῆς

2186 4595 2515 4669 οἰκουμένης
2570 4596 2669 4663 τήν
2730 4590 3022 4672 φυγαδείαν
3080 4592 3424 4665 ωακριθείς
3455 4639 3473 4668 ,
3525 4592 3680 4652 τέκτον
3745 4596 3848 4671 μὲν

2186 4682 2305 4747 ἔτος
2338 4684 2388 4740 ἐν
2424 4682 2611 4756 λάκκῳ
2640 4683 2748 4738 τινὶ
2788 4682 2936 4758 ξηρῷ
2983 4680 3289 4738 παντάπασι
3326 4683 3417 4738 καὶ
3467 4682 3680 4762 ἀνύδρῳ
3712 4682 3850 4741 λαν-

2189 4772 2360 4829 θάνων
2392 4772 2706 4850 ἐκρύπτετο·
2754 4770 2870 4825 ἐπεὶ
2916 4768 2974 4825 δὲ
3030 4768 3171 4844 μηδέ
3224 4771 3367 4827 οὕτω
3409 4770 3590 4829 λαθεῖν
3635 4773 3702 4843 ἦν
3755 4772 3854 4830 διὰ

2185 4861 2407 4929 τέλους,
2438 4859 2564 4916 ἀλλ’
2596 4855 2801 4933 ἔμελλε
2827 4867 2929 4929 τῆς
2962 4858 3223 4929 ἐπιούσης
3273 4858 3607 4918 ἁλίσκεσθαι·
3640 4883 3851 4920 παντα-

2188 4955 2294 5028 χοῦ
2326 4952 2428 5026 γάρ
2480 4944 2717 5024 ἀκριϐῶς
2773 4946 3007 5022 ἐξῃτεῖτο
3053 4945 3145 5003 καί
3191 4948 3529 5026 ἀνιχνεύετω
3579 4950 3699 5024 θείᾳ
3733 4950 3853 5009 τινί

2186 5037 2557 5117 προνοίᾳ¹καὶ
2615 5033 2735 5111 ὄψει
2782 5041 2879 5092 τοῦ
2938 5035 3142 5093 λάκκου
3200 5036 3528 5111 ὑπεξελθὼν,
3586 5038 3851 5120 ἀλλαχοῦ

2190 5123 2520 5203 μεταϐαίνει.
2573 5130 2799 5183 Ἔπειτα
2834 5174 2848 5197 ,
2905 5124 3082 5190 δείσας
3147 5128 3222 5199 μὴ
3280 5126 3371 5183 καὶ
3443 5127 3616 5186 ἐκεῖσε
3669 5129 3847 5188 πάλιν

2185 5216 2352 5282 ἁλοὺς
2410 5215 2662 5274 κινδύνου
2700 5222 2816 5280 τοῖς
2874 5215 3295 5291 ὑποδεξαμένοις
3341 5215 3517 5282 αἶ’τιος
3574 5224 3848 5297 καταστῇ,

2182 5310 2317 5384 πρὸς
2345 5309 2444 5378 τήν
2479 5307 2703 5382 ἑσπέραν
2733 5307 2839 5362 ἀπὸ
2876 5312 2977 5376 τῆς
3006 5306 3145 5379 ἑῴας
3180 5306 3490 5386 μετεφοίτα.

2255 5401 2341 5457 15,
2372 5404 2548 5473 Ἢρχε
2595 5394 2653 5451 δὲ
2710 5395 2880 5467 αὐτῆς
2937 5399 3238 5466 τηνικαῦτα
3292 5397 3541 5460 Κώνστας
3598 5398 3629 5453 ὁ
3685 5403 3854 5456 Κων-

2180 5486 2459 5544 σταντίνου
2510 5484 2765 5565 ἀδελφὸς,
2825 5484 2946 5559 ἄρτι
2998 5485 3089 5539 τὸν
3150 5481 3383 5564 ἀδελφὸν
3441 5491 3855 5547 Κωνσταντῖνυν

2247 5720 2316 5793 (c)
2345 5720 2433 5777 Ita
2454 5736 2604 5798 imas.
2635 5719 2789 5798 Editi
2817 5736 2968 5790 vers,
3002 5717 3206 5795 μακρὸν
3234 5717 3374 5776 εἶναι
3400 5717 3848 5798 βουλεύεσθαι...

2174 5791 2586 5869 Κώνσταντῖνον,
2610 5791 2784 5852 male.
