  <div class='ocr_page' id='page_1' title='image "/cluster/home/n/w/nwhite01/storage/ocr_20150623/25:no.1/coo.31924054873066/212.png"; bbox 0 0 4146 6386; ppageno 0'>
   <div class='ocr_carea' id='block_1_1' title="bbox 1283 405 2864 471">
    <p class='ocr_par' dir='ltr' id='par_1_1' title="bbox 1283 405 2864 471">
     <span class='ocr_line' id='line_1_1' title="bbox 1283 405 2864 471; baseline 0.001 -5"><span class='ocrx_word' id='word_1_1' title='bbox 1283 405 1465 467; x_wconf 73' lang='grc' dir='ltr'>νΙΤΑ</span> <span class='ocrx_word' id='word_1_2' title='bbox 1508 405 1572 466; x_wconf 90' lang='lat' dir='ltr'>S.</span> <span class='ocrx_word' id='word_1_3' title='bbox 1619 405 2045 468; x_wconf 81' lang='lat' dir='ltr'>ATHANASII</span> <span class='ocrx_word' id='word_1_4' title='bbox 2088 406 2430 470; x_wconf 82' lang='lat' dir='ltr'>INCEBTO</span> <span class='ocrx_word' id='word_1_5' title='bbox 2473 410 2864 471; x_wconf 85' lang='lat' dir='ltr'>AUCTORE.</span> 
     </span>
    </p>
   </div>
   <div class='ocr_carea' id='block_1_2' title="bbox 3586 430 3769 476">
    <p class='ocr_par' dir='ltr' id='par_1_2' title="bbox 3586 430 3769 476">
     <span class='ocr_line' id='line_1_2' title="bbox 3586 430 3769 476; baseline 0.005 -1"><span class='ocrx_word' id='word_1_6' title='bbox 3586 430 3769 476; x_wconf 81' lang='lat' dir='ltr'><strong>CXCIX</strong></span> 
     </span>
    </p>
   </div>
   <div class='ocr_carea' id='block_1_3' title="bbox 358 531 2029 615">
    <p class='ocr_par' dir='ltr' id='par_1_3' title="bbox 358 531 2008 612">
     <span class='ocr_line' id='line_1_3' title="bbox 358 531 2008 612; baseline -0.001 -22"><span class='ocrx_word' id='word_1_7' title='bbox 358 531 760 608; x_wconf 68' lang='grc' dir='ltr'>διαδεξάμενος,</span> <span class='ocrx_word' id='word_1_8' title='bbox 791 534 873 603; x_wconf 79' lang='grc' dir='ltr'>ὃς,</span> <span class='ocrx_word' id='word_1_9' title='bbox 930 532 1074 589; x_wconf 74' lang='grc' dir='ltr'>οὕτω</span> <span class='ocrx_word' id='word_1_10' title='bbox 1101 536 1200 604; x_wconf 75' lang='grc' dir='ltr'>τήν</span> <span class='ocrx_word' id='word_1_11' title='bbox 1240 537 1418 611; x_wconf 75' lang='grc' dir='ltr'>ἀρχὴν</span> <span class='ocrx_word' id='word_1_12' title='bbox 1453 533 1673 605; x_wconf 64' lang='grc' dir='ltr'>διαθείς,</span> <span class='ocrx_word' id='word_1_13' title='bbox 1708 535 1888 612; x_wconf 86' lang='grc' dir='ltr'>ὥσπερ</span> <span class='ocrx_word' id='word_1_14' title='bbox 1919 534 2008 591; x_wconf 74' lang='grc' dir='ltr'>καί</span> 
     </span>
    </p>
   </div>
   <div class='ocr_carea' id='block_1_4' title="bbox 2125 531 3766 615">
    <p class='ocr_par' dir='ltr' id='par_1_4' title="bbox 2125 541 3766 615">
     <span class='ocr_line' id='line_1_4' title="bbox 2125 541 3766 615; baseline 0.004 -21"><span class='ocrx_word' id='word_1_15' title='bbox 2125 544 2296 602; x_wconf 87' lang='lat' dir='ltr'>serat,</span> <span class='ocrx_word' id='word_1_16' title='bbox 2332 541 2428 611; x_wconf 85' lang='lat' dir='ltr'>qui</span> <span class='ocrx_word' id='word_1_17' title='bbox 2463 559 2592 596; x_wconf 92' lang='lat' dir='ltr'>cum</span> <span class='ocrx_word' id='word_1_18' title='bbox 2627 542 2708 596; x_wconf 89' lang='lat' dir='ltr'>ita</span> <span class='ocrx_word' id='word_1_19' title='bbox 2729 543 2798 597; x_wconf 88' lang='lat' dir='ltr'>de</span> <span class='ocrx_word' id='word_1_20' title='bbox 2825 541 3070 612; x_wconf 91' lang='lat' dir='ltr'>imperio</span> <span class='ocrx_word' id='word_1_21' title='bbox 3089 543 3412 610; x_wconf 84' lang='lat' dir='ltr'>statuisset,</span> <span class='ocrx_word' id='word_1_22' title='bbox 3437 549 3502 600; x_wconf 93' lang='lat' dir='ltr'>ut</span> <span class='ocrx_word' id='word_1_23' title='bbox 3530 545 3766 615; x_wconf 91' lang='lat' dir='ltr'>dicitur,</span> 
     </span>
    </p>
   </div>
   <div class='ocr_carea' id='block_1_5' title="bbox 359 621 2013 702">
    <p class='ocr_par' dir='ltr' id='par_1_5' title="bbox 359 621 2013 702">
     <span class='ocr_line' id='line_1_5' title="bbox 359 621 2013 702; baseline -0.001 -22"><span class='ocrx_word' id='word_1_24' title='bbox 359 623 595 700; x_wconf 85' lang='grc' dir='ltr'>λέγεται,</span> <span class='ocrx_word' id='word_1_25' title='bbox 630 621 848 700; x_wconf 83' lang='grc' dir='ltr'>δέχεται</span> <span class='ocrx_word' id='word_1_26' title='bbox 876 624 1011 700; x_wconf 83' lang='grc' dir='ltr'>πρὸς</span> <span class='ocrx_word' id='word_1_27' title='bbox 1058 628 1125 696; x_wconf 82' lang='grc' dir='ltr'>τῇ</span> <span class='ocrx_word' id='word_1_28' title='bbox 1171 623 1435 699; x_wconf 74' lang='grc' dir='ltr'>Ἀκυληίᾳ</span> <span class='ocrx_word' id='word_1_29' title='bbox 1482 627 1627 702; x_wconf 75' lang='grc' dir='ltr'>παρὰ</span> <span class='ocrx_word' id='word_1_30' title='bbox 1673 631 1750 697; x_wconf 77' lang='grc' dir='ltr'>τῷ</span> <span class='ocrx_word' id='word_1_31' title='bbox 1781 630 2013 698; x_wconf 76' lang='grc' dir='ltr'>ποταμῷ</span> 
     </span>
    </p>
   </div>
   <div class='ocr_carea' id='block_1_6' title="bbox 359 709 2010 787">
    <p class='ocr_par' dir='ltr' id='par_1_6' title="bbox 359 709 2010 787">
     <span class='ocr_line' id='line_1_6' title="bbox 359 709 2010 787; baseline -0.001 -20"><span class='ocrx_word' id='word_1_32' title='bbox 359 710 548 783; x_wconf 79' lang='grc' dir='ltr'>Ἀλσῳ</span> <span class='ocrx_word' id='word_1_33' title='bbox 573 713 672 780; x_wconf 74' lang='grc' dir='ltr'>τὴν</span> <span class='ocrx_word' id='word_1_34' title='bbox 700 709 961 779; x_wconf 74' lang='grc' dir='ltr'>τελευτὴν</span> <span class='ocrx_word' id='word_1_35' title='bbox 997 710 1225 766; x_wconf 87' lang='grc' dir='ltr'>ἐπιθέσει</span> <span class='ocrx_word' id='word_1_36' title='bbox 1278 720 1377 781; x_wconf 79' lang='grc' dir='ltr'>τῆς</span> <span class='ocrx_word' id='word_1_37' title='bbox 1411 719 1681 784; x_wconf 76' lang='grc' dir='ltr'>στρατιᾶς.</span> <span class='ocrx_word' id='word_1_38' title='bbox 1714 719 1788 787; x_wconf 76' lang='grc' dir='ltr'>Τῇ</span> <span class='ocrx_word' id='word_1_39' title='bbox 1826 714 2010 787; x_wconf 74' lang='grc' dir='ltr'>Εὐρώ-</span> 
     </span>
    </p>
   </div>
   <div class='ocr_carea' id='block_1_7' title="bbox 355 799 2010 878">
    <p class='ocr_par' dir='ltr' id='par_1_7' title="bbox 355 799 2010 878">
     <span class='ocr_line' id='line_1_7' title="bbox 355 799 2010 878; baseline 0.001 -23"><span class='ocrx_word' id='word_1_40' title='bbox 355 823 431 875; x_wconf 81' lang='grc' dir='ltr'>πῃ</span> <span class='ocrx_word' id='word_1_41' title='bbox 474 805 766 878; x_wconf 78' lang='grc' dir='ltr'>τοιγαροῦν</span> <span class='ocrx_word' id='word_1_42' title='bbox 818 799 1132 862; x_wconf 74' lang='grc' dir='ltr'>Ἀθανασιος</span> <span class='ocrx_word' id='word_1_43' title='bbox 1184 800 1423 872; x_wconf 76' lang='grc' dir='ltr'>ἐπιστὰς,</span> <span class='ocrx_word' id='word_1_44' title='bbox 1451 801 1670 874; x_wconf 85' lang='grc' dir='ltr'>Ἰουλίῳ</span> <span class='ocrx_word' id='word_1_45' title='bbox 1707 824 1764 856; x_wconf 86' lang='grc' dir='ltr'>τε</span> <span class='ocrx_word' id='word_1_46' title='bbox 1795 804 2010 875; x_wconf 84' lang='grc' dir='ltr'>Ῥώμης</span> 
     </span>
    </p>
   </div>
   <div class='ocr_carea' id='block_1_8' title="bbox 357 887 2013 966">
    <p class='ocr_par' dir='ltr' id='par_1_8' title="bbox 357 887 2013 966">
     <span class='ocr_line' id='line_1_8' title="bbox 357 887 2013 966; baseline -0.001 -21"><span class='ocrx_word' id='word_1_47' title='bbox 357 890 685 962; x_wconf 85' lang='grc' dir='ltr'>ἐπισκόπῳ,</span> <span class='ocrx_word' id='word_1_48' title='bbox 744 911 883 965; x_wconf 89' lang='grc' dir='ltr'>προς</span> <span class='ocrx_word' id='word_1_49' title='bbox 961 887 1018 944; x_wconf 74' lang='grc' dir='ltr'>δὲ</span> <span class='ocrx_word' id='word_1_50' title='bbox 1073 889 1161 944; x_wconf 73' lang='grc' dir='ltr'>καί</span> <span class='ocrx_word' id='word_1_51' title='bbox 1221 891 1366 962; x_wconf 76' lang='grc' dir='ltr'>αύτῴ</span> <span class='ocrx_word' id='word_1_52' title='bbox 1437 890 1652 966; x_wconf 79' lang='grc' dir='ltr'>βασιλεῖ</span> <span class='ocrx_word' id='word_1_53' title='bbox 1709 893 2013 946; x_wconf 85' lang='grc' dir='ltr'>Κώνσταντι</span> 
     </span>
    </p>
   </div>
   <div class='ocr_carea' id='block_1_9' title="bbox 353 975 2014 1055">
    <p class='ocr_par' dir='ltr' id='par_1_9' title="bbox 353 975 2014 1055">
     <span class='ocr_line' id='line_1_9' title="bbox 353 975 2014 1055; baseline 0.001 -21"><span class='ocrx_word' id='word_1_54' title='bbox 353 975 688 1055; x_wconf 74' lang='grc' dir='ltr'>παραϐαλὼν</span> <span class='ocrx_word' id='word_1_55' title='bbox 752 981 820 1033; x_wconf 82' lang='grc' dir='ltr'>τά</span> <span class='ocrx_word' id='word_1_56' title='bbox 895 981 1010 1034; x_wconf 86' lang='grc' dir='ltr'>κατ’</span> <span class='ocrx_word' id='word_1_57' title='bbox 1087 978 1242 1034; x_wconf 80' lang='grc' dir='ltr'>αὐτὸν</span> <span class='ocrx_word' id='word_1_58' title='bbox 1322 977 1636 1055; x_wconf 83' lang='grc' dir='ltr'>διηγεῖται.</span> <span class='ocrx_word' id='word_1_59' title='bbox 1699 983 1892 1035; x_wconf 80' lang='grc' dir='ltr'>Μαθὼν</span> <span class='ocrx_word' id='word_1_60' title='bbox 1957 979 2014 1036; x_wconf 71' lang='grc' dir='ltr'>δῖε</span> 
     </span>
    </p>
   </div>
   <div class='ocr_carea' id='block_1_10' title="bbox 352 1067 2014 1147">
    <p class='ocr_par' dir='ltr' id='par_1_10' title="bbox 352 1067 2014 1147">
     <span class='ocr_line' id='line_1_10' title="bbox 352 1067 2014 1147; baseline 0.001 -25"><span class='ocrx_word' id='word_1_61' title='bbox 352 1071 452 1139; x_wconf 77' lang='grc' dir='ltr'>τήν</span> <span class='ocrx_word' id='word_1_62' title='bbox 523 1067 611 1123; x_wconf 68' lang='grc' dir='ltr'>ἐπὶ</span> <span class='ocrx_word' id='word_1_63' title='bbox 674 1071 1020 1145; x_wconf 75' lang='grc' dir='ltr'>καταστροφῇ</span> <span class='ocrx_word' id='word_1_64' title='bbox 1094 1069 1185 1140; x_wconf 74' lang='grc' dir='ltr'>μὲν</span> <span class='ocrx_word' id='word_1_65' title='bbox 1261 1070 1461 1123; x_wconf 74' lang='grc' dir='ltr'>ἑαυτῶν</span> <span class='ocrx_word' id='word_1_66' title='bbox 1497 1113 1510 1136; x_wconf 94' lang='grc'>,</span> <span class='ocrx_word' id='word_1_67' title='bbox 1583 1067 1882 1147; x_wconf 79' lang='grc' dir='ltr'>διαστροφῇ</span> <span class='ocrx_word' id='word_1_68' title='bbox 1957 1067 2014 1124; x_wconf 77' lang='grc' dir='ltr'>δὲ</span> 
     </span>
    </p>
   </div>
   <div class='ocr_carea' id='block_1_11' title="bbox 351 1154 2012 1233">
    <p class='ocr_par' dir='ltr' id='par_1_11' title="bbox 351 1154 2012 1233">
     <span class='ocr_line' id='line_1_11' title="bbox 351 1154 2012 1233; baseline 0.001 -22"><span class='ocrx_word' id='word_1_69' title='bbox 351 1165 456 1226; x_wconf 82' lang='grc' dir='ltr'>τῆς</span> <span class='ocrx_word' id='word_1_70' title='bbox 516 1154 804 1233; x_wconf 83' lang='grc' dir='ltr'>όρθοδόξοτ</span> <span class='ocrx_word' id='word_1_71' title='bbox 855 1155 1091 1218; x_wconf 85' lang='grc' dir='ltr'>πίστεως</span> <span class='ocrx_word' id='word_1_72' title='bbox 1150 1155 1200 1210; x_wconf 89' lang='grc' dir='ltr'>ἐν</span> <span class='ocrx_word' id='word_1_73' title='bbox 1263 1157 1577 1232; x_wconf 76' lang='grc' dir='ltr'>Ἀντιοχείᾳ</span> <span class='ocrx_word' id='word_1_74' title='bbox 1626 1159 2012 1231; x_wconf 81' lang='grc' dir='ltr'>συγκροτηθεῖ-</span> 
     </span>
    </p>
   </div>
   <div class='ocr_carea' id='block_1_12' title="bbox 353 1242 2011 1323">
    <p class='ocr_par' dir='ltr' id='par_1_12' title="bbox 353 1242 2011 1323">
     <span class='ocr_line' id='line_1_12' title="bbox 353 1242 2011 1323; baseline 0 -23"><span class='ocrx_word' id='word_1_75' title='bbox 353 1267 470 1314; x_wconf 87' lang='grc' dir='ltr'>σαν,</span> <span class='ocrx_word' id='word_1_76' title='bbox 504 1245 577 1308; x_wconf 87' lang='grc' dir='ltr'>ὡς</span> <span class='ocrx_word' id='word_1_77' title='bbox 617 1247 691 1319; x_wconf 76' lang='grc' dir='ltr'>μή</span> <span class='ocrx_word' id='word_1_78' title='bbox 727 1242 927 1323; x_wconf 77' lang='grc' dir='ltr'>ὤφελε,</span> <span class='ocrx_word' id='word_1_79' title='bbox 985 1243 1228 1312; x_wconf 90' lang='grc' dir='ltr'>σύνοδον,</span> <span class='ocrx_word' id='word_1_80' title='bbox 1286 1245 1375 1300; x_wconf 76' lang='grc' dir='ltr'>καί</span> <span class='ocrx_word' id='word_1_81' title='bbox 1435 1246 1517 1300; x_wconf 84' lang='grc' dir='ltr'>ὅτι</span> <span class='ocrx_word' id='word_1_82' title='bbox 1575 1247 1847 1322; x_wconf 89' lang='grc' dir='ltr'>Γεώργιός</span> <span class='ocrx_word' id='word_1_83' title='bbox 1906 1269 2011 1317; x_wconf 91' lang='grc' dir='ltr'>τις,</span> 
     </span>
    </p>
   </div>
   <div class='ocr_carea' id='block_1_13' title="bbox 350 1335 2012 1411">
    <p class='ocr_par' dir='ltr' id='par_1_13' title="bbox 350 1335 2012 1411">
     <span class='ocr_line' id='line_1_13' title="bbox 350 1335 2012 1411; baseline 0 -21"><span class='ocrx_word' id='word_1_84' title='bbox 350 1336 591 1408; x_wconf 86' lang='grc' dir='ltr'>πονηρὸν</span> <span class='ocrx_word' id='word_1_85' title='bbox 648 1339 746 1390; x_wconf 75' lang='grc' dir='ltr'>τοῖ’)</span> <span class='ocrx_word' id='word_1_86' title='bbox 795 1335 1165 1408; x_wconf 69' lang='grc' dir='ltr'>ἀντικειμένου</span> <span class='ocrx_word' id='word_1_87' title='bbox 1217 1337 1507 1411; x_wconf 88' lang='grc' dir='ltr'>γεώργιον,</span> <span class='ocrx_word' id='word_1_88' title='bbox 1557 1336 1634 1398; x_wconf 82' lang='grc' dir='ltr'>εἰς</span> <span class='ocrx_word' id='word_1_89' title='bbox 1697 1335 1786 1390; x_wconf 77' lang='grc' dir='ltr'>τὺν</span> <span class='ocrx_word' id='word_1_90' title='bbox 1849 1336 2012 1390; x_wconf 78' lang='grc' dir='ltr'>αύτοῦ</span> 
     </span>
    </p>
   </div>
   <div class='ocr_carea' id='block_1_14' title="bbox 349 1421 2008 1502">
    <p class='ocr_par' dir='ltr' id='par_1_14' title="bbox 349 1421 2008 1502">
     <span class='ocr_line' id='line_1_14' title="bbox 349 1421 2008 1502; baseline 0 -24"><span class='ocrx_word' id='word_1_91' title='bbox 349 1424 538 1499; x_wconf 81' lang='grc' dir='ltr'>θρόνον</span> <span class='ocrx_word' id='word_1_92' title='bbox 591 1423 704 1496; x_wconf 79' lang='grc' dir='ltr'>ὅσῳ</span> <span class='ocrx_word' id='word_1_93' title='bbox 759 1421 974 1478; x_wconf 81' lang='grc' dir='ltr'>οὐδέπω</span> <span class='ocrx_word' id='word_1_94' title='bbox 1029 1421 1222 1496; x_wconf 88' lang='grc' dir='ltr'>μέλλει</span> <span class='ocrx_word' id='word_1_95' title='bbox 1281 1424 1773 1494; x_wconf 72' lang='grc' dir='ltr'>ἀντικαθίστασθαι,</span> <span class='ocrx_word' id='word_1_96' title='bbox 1829 1426 2008 1502; x_wconf 77' lang='grc' dir='ltr'>φέρειν</span> 
     </span>
    </p>
   </div>
   <div class='ocr_carea' id='block_1_15' title="bbox 351 1509 2009 1590">
    <p class='ocr_par' dir='ltr' id='par_1_15' title="bbox 351 1509 2009 1590">
     <span class='ocr_line' id='line_1_15' title="bbox 351 1509 2009 1590; baseline 0 -22"><span class='ocrx_word' id='word_1_97' title='bbox 351 1514 450 1569; x_wconf 76' lang='grc' dir='ltr'>οὐκ</span> <span class='ocrx_word' id='word_1_98' title='bbox 479 1513 648 1590; x_wconf 78' lang='grc' dir='ltr'>εἶχεν,</span> <span class='ocrx_word' id='word_1_99' title='bbox 708 1511 833 1569; x_wconf 82' lang='grc' dir='ltr'>ἀλλ’</span> <span class='ocrx_word' id='word_1_100' title='bbox 889 1509 1114 1590; x_wconf 78' lang='grc' dir='ltr'>ἔγραφεν</span> <span class='ocrx_word' id='word_1_101' title='bbox 1178 1515 1495 1589; x_wconf 82' lang='grc' dir='ltr'>ἁπανταχοῦ</span> <span class='ocrx_word' id='word_1_102' title='bbox 1552 1521 1653 1583; x_wconf 79' lang='grc' dir='ltr'>τῆς</span> <span class='ocrx_word' id='word_1_103' title='bbox 1709 1513 2009 1588; x_wconf 82' lang='grc' dir='ltr'>Αἰγύπτου,</span> 
     </span>
    </p>
   </div>
   <div class='ocr_carea' id='block_1_16' title="bbox 346 1599 2011 1679">
    <p class='ocr_par' dir='ltr' id='par_1_16' title="bbox 346 1599 2011 1679">
     <span class='ocr_line' id='line_1_16' title="bbox 346 1599 2011 1679; baseline -0.002 -20"><span class='ocrx_word' id='word_1_104' title='bbox 346 1607 428 1674; x_wconf 81' lang='grc' dir='ltr'>τῷ</span> <span class='ocrx_word' id='word_1_105' title='bbox 479 1601 698 1679; x_wconf 74' lang='grc' dir='ltr'>κλήρῳ,</span> <span class='ocrx_word' id='word_1_106' title='bbox 754 1607 870 1664; x_wconf 83' lang='grc' dir='ltr'>τοῖς</span> <span class='ocrx_word' id='word_1_107' title='bbox 932 1601 982 1656; x_wconf 85' lang='grc' dir='ltr'>ἐν</span> <span class='ocrx_word' id='word_1_108' title='bbox 1040 1599 1209 1669; x_wconf 83' lang='grc' dir='ltr'>τέλει,</span> <span class='ocrx_word' id='word_1_109' title='bbox 1267 1607 1348 1673; x_wconf 76' lang='grc' dir='ltr'>τῷ</span> <span class='ocrx_word' id='word_1_110' title='bbox 1407 1599 1594 1674; x_wconf 70' lang='grc' dir='ltr'>δήμῳ,</span> <span class='ocrx_word' id='word_1_111' title='bbox 1657 1600 2011 1678; x_wconf 76' lang='grc' dir='ltr'>παρακαλῶν,</span> 
     </span>
    </p>
   </div>
   <div class='ocr_carea' id='block_1_17' title="bbox 351 1688 2008 1760">
    <p class='ocr_par' dir='ltr' id='par_1_17' title="bbox 351 1688 2008 1760">
     <span class='ocr_line' id='line_1_17' title="bbox 351 1688 2008 1760; baseline -0.001 -14"><span class='ocrx_word' id='word_1_112' title='bbox 351 1690 613 1758; x_wconf 82' lang='grc' dir='ltr'>ἀπειλῶν,</span> <span class='ocrx_word' id='word_1_113' title='bbox 677 1693 984 1760; x_wconf 80' lang='grc' dir='ltr'>νουθετῶν,</span> <span class='ocrx_word' id='word_1_114' title='bbox 1043 1688 1390 1752; x_wconf 70' lang='grc' dir='ltr'>παντοδαπὰς</span> <span class='ocrx_word' id='word_1_115' title='bbox 1451 1688 1676 1746; x_wconf 76' lang='grc' dir='ltr'>ἑλίττων</span> <span class='ocrx_word' id='word_1_116' title='bbox 1740 1689 1897 1753; x_wconf 75' lang='grc' dir='ltr'>ὁδους</span> <span class='ocrx_word' id='word_1_117' title='bbox 1959 1691 2008 1746; x_wconf 82' lang='grc' dir='ltr'>ἐν</span> 
     </span>
    </p>
   </div>
   <div class='ocr_carea' id='block_1_18' title="bbox 348 1777 2012 1856">
    <p class='ocr_par' dir='ltr' id='par_1_18' title="bbox 348 1777 2012 1856">
     <span class='ocr_line' id='line_1_18' title="bbox 348 1777 2012 1856; baseline -0.001 -20"><span class='ocrx_word' id='word_1_118' title='bbox 348 1787 466 1843; x_wconf 83' lang='grc' dir='ltr'>τοῖς</span> <span class='ocrx_word' id='word_1_119' title='bbox 513 1779 829 1856; x_wconf 78' lang='grc' dir='ltr'>γράμμασιν</span> <span class='ocrx_word' id='word_1_120' title='bbox 859 1825 872 1851; x_wconf 95' lang='grc'>,</span> <span class='ocrx_word' id='word_1_121' title='bbox 923 1779 1061 1835; x_wconf 85' lang='grc' dir='ltr'>ὥστε</span> <span class='ocrx_word' id='word_1_122' title='bbox 1110 1777 1516 1856; x_wconf 87' lang='grc' dir='ltr'>ἀπαραδέκτους</span> <span class='ocrx_word' id='word_1_123' title='bbox 1580 1786 1757 1852; x_wconf 79' lang='grc' dir='ltr'>μεῖναι</span> <span class='ocrx_word' id='word_1_124' title='bbox 1815 1778 2012 1834; x_wconf 75' lang='grc' dir='ltr'>παντα-</span> 
     </span>
    </p>
   </div>
   <div class='ocr_carea' id='block_1_19' title="bbox 351 1868 2010 1946">
    <p class='ocr_par' dir='ltr' id='par_1_19' title="bbox 351 1868 2010 1946">
     <span class='ocr_line' id='line_1_19' title="bbox 351 1868 2010 1946; baseline -0.002 -20"><span class='ocrx_word' id='word_1_125' title='bbox 351 1892 483 1926; x_wconf 86' lang='grc' dir='ltr'>πασι</span> <span class='ocrx_word' id='word_1_126' title='bbox 533 1875 641 1925; x_wconf 92' lang='grc' dir='ltr'>τῶν</span> <span class='ocrx_word' id='word_1_127' title='bbox 689 1870 905 1946; x_wconf 75' lang='grc' dir='ltr'>Ἀρείου</span> <span class='ocrx_word' id='word_1_128' title='bbox 949 1869 1196 1939; x_wconf 83' lang='grc' dir='ltr'>ζιζανίων</span> <span class='ocrx_word' id='word_1_129' title='bbox 1229 1914 1242 1939; x_wconf 94' lang='grc'>,</span> <span class='ocrx_word' id='word_1_130' title='bbox 1288 1869 1379 1923; x_wconf 72' lang='grc' dir='ltr'>καί</span> <span class='ocrx_word' id='word_1_131' title='bbox 1432 1868 1610 1940; x_wconf 71' lang='grc' dir='ltr'>πάσης</span> <span class='ocrx_word' id='word_1_132' title='bbox 1655 1871 1828 1944; x_wconf 79' lang='grc' dir='ltr'>ἀμιγῆ</span> <span class='ocrx_word' id='word_1_133' title='bbox 1881 1868 2010 1943; x_wconf 79' lang='grc' dir='ltr'>βλα-</span> 
     </span>
    </p>
   </div>
   <div class='ocr_carea' id='block_1_20' title="bbox 354 1957 2007 2038">
    <p class='ocr_par' dir='ltr' id='par_1_20' title="bbox 354 1957 2007 2038">
     <span class='ocr_line' id='line_1_20' title="bbox 354 1957 2007 2038; baseline 0.001 -23"><span class='ocrx_word' id='word_1_134' title='bbox 354 1960 600 2038; x_wconf 87' lang='grc' dir='ltr'>σφημίας</span> <span class='ocrx_word' id='word_1_135' title='bbox 654 1959 800 2031; x_wconf 81' lang='grc' dir='ltr'>αὐτῷ</span> <span class='ocrx_word' id='word_1_136' title='bbox 823 1966 924 2028; x_wconf 81' lang='grc' dir='ltr'>τῆς</span> <span class='ocrx_word' id='word_1_137' title='bbox 960 1957 1276 2030; x_wconf 80' lang='grc' dir='ltr'>όρθοδοξίας</span> <span class='ocrx_word' id='word_1_138' title='bbox 1322 1965 1558 2034; x_wconf 80' lang='grc' dir='ltr'>τηρῆσαι</span> <span class='ocrx_word' id='word_1_139' title='bbox 1613 1960 1680 2012; x_wconf 75' lang='grc' dir='ltr'>τὰ</span> <span class='ocrx_word' id='word_1_140' title='bbox 1707 1960 2007 2035; x_wconf 84' lang='grc' dir='ltr'>σπέρματα.</span> 
     </span>
    </p>
   </div>
   <div class='ocr_carea' id='block_1_21' title="bbox 354 2043 2008 2123">
    <p class='ocr_par' dir='ltr' id='par_1_21' title="bbox 354 2043 2008 2123">
     <span class='ocr_line' id='line_1_21' title="bbox 354 2043 2008 2123; baseline -0.002 -19"><span class='ocrx_word' id='word_1_141' title='bbox 354 2051 417 2104; x_wconf 80' lang='grc' dir='ltr'><strong>Οἱ</strong></span> <span class='ocrx_word' id='word_1_142' title='bbox 478 2047 538 2104; x_wconf 77' lang='grc' dir='ltr'>δὲ</span> <span class='ocrx_word' id='word_1_143' title='bbox 594 2047 717 2123; x_wconf 81' lang='grc' dir='ltr'>περί</span> <span class='ocrx_word' id='word_1_144' title='bbox 773 2043 1032 2103; x_wconf 76' lang='grc' dir='ltr'>Εὐσέϐιον</span> <span class='ocrx_word' id='word_1_145' title='bbox 1065 2093 1079 2119; x_wconf 86' lang='grc'>,</span> <span class='ocrx_word' id='word_1_146' title='bbox 1141 2046 1307 2103; x_wconf 71' lang='grc' dir='ltr'>δεινοί</span> <span class='ocrx_word' id='word_1_147' title='bbox 1356 2047 1445 2103; x_wconf 72' lang='grc' dir='ltr'>καί</span> <span class='ocrx_word' id='word_1_148' title='bbox 1504 2049 1808 2122; x_wconf 80' lang='grc' dir='ltr'>παρασῦραί</span> <span class='ocrx_word' id='word_1_149' title='bbox 1868 2070 2008 2120; x_wconf 83' lang='grc' dir='ltr'>τινα,</span> 
     </span>
    </p>
   </div>
   <div class='ocr_carea' id='block_1_22' title="bbox 351 2134 2010 2212">
    <p class='ocr_par' dir='ltr' id='par_1_22' title="bbox 351 2134 2010 2212">
     <span class='ocr_line' id='line_1_22' title="bbox 351 2134 2010 2212; baseline -0.003 -17"><span class='ocrx_word' id='word_1_150' title='bbox 351 2138 441 2196; x_wconf 68' lang='grc' dir='ltr'>καὶ</span> <span class='ocrx_word' id='word_1_151' title='bbox 476 2139 910 2209; x_wconf 80' lang='grc' dir='ltr'>ὑποποιήσασθαι</span> <span class='ocrx_word' id='word_1_152' title='bbox 961 2134 1134 2209; x_wconf 78' lang='grc' dir='ltr'>ὅντες,</span> <span class='ocrx_word' id='word_1_153' title='bbox 1189 2138 1265 2199; x_wconf 87' lang='grc' dir='ltr'>ὡς</span> <span class='ocrx_word' id='word_1_154' title='bbox 1302 2135 1404 2207; x_wconf 69' lang='grc' dir='ltr'>ἤδη</span> <span class='ocrx_word' id='word_1_155' title='bbox 1448 2135 1665 2206; x_wconf 73' lang='grc' dir='ltr'>πολλὴν</span> <span class='ocrx_word' id='word_1_156' title='bbox 1701 2138 1885 2212; x_wconf 75' lang='grc' dir='ltr'>ἑώρων</span> <span class='ocrx_word' id='word_1_157' title='bbox 1913 2141 2010 2192; x_wconf 72' lang='grc' dir='ltr'>τοῦ</span> 
     </span>
    </p>
   </div>
   <div class='ocr_carea' id='block_1_23' title="bbox 356 2224 2006 2304">
    <p class='ocr_par' dir='ltr' id='par_1_23' title="bbox 356 2224 2006 2304">
     <span class='ocr_line' id='line_1_23' title="bbox 356 2224 2006 2304; baseline -0.002 -20"><span class='ocrx_word' id='word_1_158' title='bbox 356 2227 854 2304; x_wconf 71' lang='grc' dir='ltr'>ἀπολογησομένου</span> <span class='ocrx_word' id='word_1_159' title='bbox 900 2229 1000 2297; x_wconf 82' lang='grc' dir='ltr'>τήν</span> <span class='ocrx_word' id='word_1_160' title='bbox 1048 2226 1302 2304; x_wconf 87' lang='grc' dir='ltr'>ἐρημίαν,</span> <span class='ocrx_word' id='word_1_161' title='bbox 1357 2226 1460 2300; x_wconf 77' lang='grc' dir='ltr'>ὅλῃ</span> <span class='ocrx_word' id='word_1_162' title='bbox 1498 2224 1722 2301; x_wconf 75' lang='grc' dir='ltr'>γλώσσῃ</span> <span class='ocrx_word' id='word_1_163' title='bbox 1751 2227 1885 2300; x_wconf 78' lang='grc' dir='ltr'>πρὸς</span> <span class='ocrx_word' id='word_1_164' title='bbox 1916 2227 2006 2281; x_wconf 86' lang='grc' dir='ltr'>τὸν</span> 
     </span>
    </p>
   </div>
   <div class='ocr_carea' id='block_1_24' title="bbox 358 2311 2007 2396">
    <p class='ocr_par' dir='ltr' id='par_1_24' title="bbox 358 2311 2007 2396">
     <span class='ocr_line' id='line_1_24' title="bbox 358 2311 2007 2396; baseline -0.004 -22"><span class='ocrx_word' id='word_1_165' title='bbox 358 2317 588 2396; x_wconf 82' lang='grc' dir='ltr'>βασιλέα</span> <span class='ocrx_word' id='word_1_166' title='bbox 643 2315 989 2378; x_wconf 83' lang='grc' dir='ltr'>κατειπόντες</span> <span class='ocrx_word' id='word_1_167' title='bbox 1047 2316 1367 2371; x_wconf 84' lang='grc' dir='ltr'>Ἀθανασίου</span> <span class='ocrx_word' id='word_1_168' title='bbox 1402 2361 1415 2387; x_wconf 95' lang='grc'>,</span> <span class='ocrx_word' id='word_1_169' title='bbox 1475 2316 1565 2370; x_wconf 82' lang='grc' dir='ltr'>καὶ</span> <span class='ocrx_word' id='word_1_170' title='bbox 1636 2315 1726 2369; x_wconf 88' lang='grc' dir='ltr'>τύν</span> <span class='ocrx_word' id='word_1_171' title='bbox 1785 2311 2007 2369; x_wconf 65' lang='grc' dir='ltr'>εὔκολον</span> 
     </span>
    </p>
   </div>
   <div class='ocr_carea' id='block_1_25' title="bbox 357 2403 2007 2484">
    <p class='ocr_par' dir='ltr' id='par_1_25' title="bbox 357 2403 2007 2484">
     <span class='ocr_line' id='line_1_25' title="bbox 357 2403 2007 2484; baseline -0.005 -19"><span class='ocrx_word' id='word_1_172' title='bbox 357 2408 557 2465; x_wconf 80' lang='grc' dir='ltr'>ἐκεῖνον</span> <span class='ocrx_word' id='word_1_173' title='bbox 603 2405 694 2463; x_wconf 78' lang='grc' dir='ltr'>καί</span> <span class='ocrx_word' id='word_1_174' title='bbox 743 2404 918 2484; x_wconf 82' lang='grc' dir='ltr'>ἀφελῆ</span> <span class='ocrx_word' id='word_1_175' title='bbox 971 2404 1337 2460; x_wconf 80' lang='grc' dir='ltr'>Κωνσταντιον</span> <span class='ocrx_word' id='word_1_176' title='bbox 1377 2403 1505 2460; x_wconf 81' lang='grc' dir='ltr'>ὅλον</span> <span class='ocrx_word' id='word_1_177' title='bbox 1557 2403 2007 2478; x_wconf 71' lang='grc' dir='ltr'>ἐπισπασάμενοι,</span> 
     </span>
    </p>
   </div>
   <div class='ocr_carea' id='block_1_26' title="bbox 353 2494 2007 2572">
    <p class='ocr_par' dir='ltr' id='par_1_26' title="bbox 353 2494 2007 2572">
     <span class='ocr_line' id='line_1_26' title="bbox 353 2494 2007 2572; baseline -0.004 -18"><span class='ocrx_word' id='word_1_178' title='bbox 353 2496 445 2554; x_wconf 75' lang='grc' dir='ltr'>καί</span> <span class='ocrx_word' id='word_1_179' title='bbox 510 2497 802 2572; x_wconf 77' lang='grc' dir='ltr'>ὁμόψηφον</span> <span class='ocrx_word' id='word_1_180' title='bbox 863 2498 941 2569; x_wconf 83' lang='grc' dir='ltr'>(α)</span> <span class='ocrx_word' id='word_1_181' title='bbox 999 2495 1183 2557; x_wconf 76' lang='grc' dir='ltr'>αὐτοῖς</span> <span class='ocrx_word' id='word_1_182' title='bbox 1233 2496 1480 2568; x_wconf 89' lang='grc' dir='ltr'>θέμενοι,</span> <span class='ocrx_word' id='word_1_183' title='bbox 1537 2494 1852 2548; x_wconf 85' lang='grc' dir='ltr'>Ἀθανασίου</span> <span class='ocrx_word' id='word_1_184' title='bbox 1916 2494 2007 2566; x_wconf 71' lang='grc' dir='ltr'>μὲν</span> 
     </span>
    </p>
   </div>
   <div class='ocr_carea' id='block_1_27' title="bbox 356 2583 2012 2663">
    <p class='ocr_par' dir='ltr' id='par_1_27' title="bbox 356 2583 2012 2663">
     <span class='ocr_line' id='line_1_27' title="bbox 356 2583 2012 2663; baseline -0.004 -20"><span class='ocrx_word' id='word_1_185' title='bbox 356 2586 662 2663; x_wconf 83' lang='grc' dir='ltr'>καθαίρεσιν</span> <span class='ocrx_word' id='word_1_186' title='bbox 719 2584 807 2640; x_wconf 78' lang='grc' dir='ltr'>καί</span> <span class='ocrx_word' id='word_1_187' title='bbox 871 2586 946 2658; x_wconf 79' lang='grc' dir='ltr'>μή</span> <span class='ocrx_word' id='word_1_188' title='bbox 1002 2584 1264 2660; x_wconf 82' lang='grc' dir='ltr'>παρόντος</span> <span class='ocrx_word' id='word_1_189' title='bbox 1323 2583 1808 2660; x_wconf 79' lang='grc' dir='ltr'>καταψηφίζονται·</span> <span class='ocrx_word' id='word_1_190' title='bbox 1873 2589 2012 2658; x_wconf 90' lang='grc' dir='ltr'>Γρη-</span> 
     </span>
    </p>
   </div>
   <div class='ocr_carea' id='block_1_28' title="bbox 357 2670 2012 2752">
    <p class='ocr_par' dir='ltr' id='par_1_28' title="bbox 357 2670 2012 2752">
     <span class='ocr_line' id='line_1_28' title="bbox 357 2670 2012 2752; baseline -0.004 -20"><span class='ocrx_word' id='word_1_191' title='bbox 357 2677 544 2752; x_wconf 87' lang='grc' dir='ltr'>γόριον</span> <span class='ocrx_word' id='word_1_192' title='bbox 596 2673 654 2730; x_wconf 78' lang='grc' dir='ltr'>δὲ</span> <span class='ocrx_word' id='word_1_193' title='bbox 681 2696 801 2730; x_wconf 89' lang='grc' dir='ltr'>τινα</span> <span class='ocrx_word' id='word_1_194' title='bbox 850 2678 920 2748; x_wconf 78' lang='grc' dir='ltr'>τῇ</span> <span class='ocrx_word' id='word_1_195' title='bbox 980 2671 1402 2750; x_wconf 76' lang='grc' dir='ltr'>Ἀλεξανδρέων,</span> <span class='ocrx_word' id='word_1_196' title='bbox 1459 2671 1663 2742; x_wconf 82' lang='grc' dir='ltr'>λύσσης</span> <span class='ocrx_word' id='word_1_197' title='bbox 1696 2670 2012 2743; x_wconf 89' lang='grc' dir='ltr'>ἀναπεπλη-</span> 
     </span>
    </p>
   </div>
   <div class='ocr_carea' id='block_1_29' title="bbox 361 2759 2012 2842">
    <p class='ocr_par' dir='ltr' id='par_1_29' title="bbox 361 2759 2012 2842">
     <span class='ocr_line' id='line_1_29' title="bbox 361 2759 2012 2842; baseline -0.004 -22"><span class='ocrx_word' id='word_1_198' title='bbox 361 2766 554 2839; x_wconf 86' lang='grc' dir='ltr'>σμένον</span> <span class='ocrx_word' id='word_1_199' title='bbox 609 2766 972 2842; x_wconf 83' lang='grc' dir='ltr'>Ἀρειανικῆς,</span> <span class='ocrx_word' id='word_1_200' title='bbox 1027 2762 1448 2837; x_wconf 80' lang='grc' dir='ltr'>ἀντεισαγουσιν.</span> <span class='ocrx_word' id='word_1_201' title='bbox 1486 2761 1638 2816; x_wconf 79' lang='grc' dir='ltr'>Οὕτω</span> <span class='ocrx_word' id='word_1_202' title='bbox 1683 2759 1739 2816; x_wconf 71' lang='grc' dir='ltr'>δὲ</span> <span class='ocrx_word' id='word_1_203' title='bbox 1786 2763 1921 2835; x_wconf 84' lang='grc' dir='ltr'>πρὸς</span> <span class='ocrx_word' id='word_1_204' title='bbox 1951 2761 2012 2815; x_wconf 85' lang='grc' dir='ltr'>τὸ</span> 
     </span>
    </p>
   </div>
   <div class='ocr_carea' id='block_1_30' title="bbox 361 2849 2008 2926">
    <p class='ocr_par' dir='ltr' id='par_1_30' title="bbox 361 2849 2008 2926">
     <span class='ocr_line' id='line_1_30' title="bbox 361 2849 2008 2926; baseline -0.004 -16"><span class='ocrx_word' id='word_1_205' title='bbox 361 2853 551 2910; x_wconf 70' lang='grc' dir='ltr'>δοκοῦν</span> <span class='ocrx_word' id='word_1_206' title='bbox 611 2859 779 2910; x_wconf 76' lang='grc' dir='ltr'>ταῦτα</span> <span class='ocrx_word' id='word_1_207' title='bbox 835 2850 1269 2926; x_wconf 73' lang='grc' dir='ltr'>διοικησάμενοι,</span> <span class='ocrx_word' id='word_1_208' title='bbox 1317 2853 1454 2906; x_wconf 82' lang='grc' dir='ltr'>κατά</span> <span class='ocrx_word' id='word_1_209' title='bbox 1501 2849 1719 2920; x_wconf 70' lang='grc' dir='ltr'>πολλὴν</span> <span class='ocrx_word' id='word_1_210' title='bbox 1770 2849 1876 2921; x_wconf 70' lang='grc' dir='ltr'>ἤδη</span> <span class='ocrx_word' id='word_1_211' title='bbox 1912 2852 2008 2920; x_wconf 71' lang='grc' dir='ltr'>την</span> 
     </span>
    </p>
   </div>
   <div class='ocr_carea' id='block_1_31' title="bbox 362 2938 2008 3018">
    <p class='ocr_par' dir='ltr' id='par_1_31' title="bbox 362 2938 2008 3018">
     <span class='ocr_line' id='line_1_31' title="bbox 362 2938 2008 3018; baseline -0.003 -19"><span class='ocrx_word' id='word_1_212' title='bbox 362 2943 600 3015; x_wconf 75' lang='grc' dir='ltr'>ἐξουσίαν</span> <span class='ocrx_word' id='word_1_213' title='bbox 649 2941 738 2999; x_wconf 74' lang='grc' dir='ltr'>καί</span> <span class='ocrx_word' id='word_1_214' title='bbox 771 2941 954 3017; x_wconf 80' lang='grc' dir='ltr'>δόγμα</span> <span class='ocrx_word' id='word_1_215' title='bbox 986 2942 1186 2996; x_wconf 87' lang='grc' dir='ltr'>οἰκεῖον</span> <span class='ocrx_word' id='word_1_216' title='bbox 1237 2941 1560 3018; x_wconf 76' lang='grc' dir='ltr'>εἰσφέρουσι.</span> <span class='ocrx_word' id='word_1_217' title='bbox 1595 2941 1900 3016; x_wconf 79' lang='grc' dir='ltr'>Γρηγόριος</span> <span class='ocrx_word' id='word_1_218' title='bbox 1931 2938 2008 3008; x_wconf 71' lang='grc' dir='ltr'>δὲ,</span> 
     </span>
    </p>
   </div>
   <div class='ocr_carea' id='block_1_32' title="bbox 365 3026 2011 3108">
    <p class='ocr_par' dir='ltr' id='par_1_32' title="bbox 365 3026 2011 3108">
     <span class='ocr_line' id='line_1_32' title="bbox 365 3026 2011 3108; baseline -0.004 -19"><span class='ocrx_word' id='word_1_219' title='bbox 365 3037 533 3108; x_wconf 84' lang='grc' dir='ltr'>μήπω</span> <span class='ocrx_word' id='word_1_220' title='bbox 561 3040 660 3103; x_wconf 82' lang='grc' dir='ltr'>τῆς</span> <span class='ocrx_word' id='word_1_221' title='bbox 692 3029 1089 3108; x_wconf 80' lang='grc' dir='ltr'>Ἀλεξανδρέων</span> <span class='ocrx_word' id='word_1_222' title='bbox 1126 3026 1338 3101; x_wconf 70' lang='grc' dir='ltr'>ἐπιϐὰς,</span> <span class='ocrx_word' id='word_1_223' title='bbox 1372 3031 1446 3092; x_wconf 85' lang='grc' dir='ltr'>ὡς</span> <span class='ocrx_word' id='word_1_224' title='bbox 1494 3029 1603 3100; x_wconf 63' lang='grc' dir='ltr'>’ἤδη</span> <span class='ocrx_word' id='word_1_225' title='bbox 1636 3038 1734 3100; x_wconf 74' lang='grc' dir='ltr'>τῆς</span> <span class='ocrx_word' id='word_1_226' title='bbox 1772 3028 2011 3100; x_wconf 87' lang='grc' dir='ltr'>Ἐκκλη-</span> 
     </span>
    </p>
   </div>
   <div class='ocr_carea' id='block_1_33' title="bbox 359 3115 2011 3199">
    <p class='ocr_par' dir='ltr' id='par_1_33' title="bbox 359 3115 2011 3199">
     <span class='ocr_line' id='line_1_33' title="bbox 359 3115 2011 3199; baseline -0.004 -22"><span class='ocrx_word' id='word_1_227' title='bbox 359 3122 476 3186; x_wconf 87' lang='grc' dir='ltr'>σίας</span> <span class='ocrx_word' id='word_1_228' title='bbox 507 3123 807 3199; x_wconf 86' lang='grc' dir='ltr'>προεστὼς,</span> <span class='ocrx_word' id='word_1_229' title='bbox 867 3119 956 3176; x_wconf 80' lang='grc' dir='ltr'>καί</span> <span class='ocrx_word' id='word_1_230' title='bbox 1013 3125 1108 3174; x_wconf 78' lang='grc' dir='ltr'>τοῦ</span> <span class='ocrx_word' id='word_1_231' title='bbox 1159 3119 1351 3194; x_wconf 83' lang='grc' dir='ltr'>θρόνου</span> <span class='ocrx_word' id='word_1_232' title='bbox 1402 3118 1875 3192; x_wconf 69' lang='grc' dir='ltr'>ἀντιποιούμενος,</span> <span class='ocrx_word' id='word_1_233' title='bbox 1922 3115 2011 3171; x_wconf 77' lang='grc' dir='ltr'>καί</span> 
     </span>
    </p>
   </div>
   <div class='ocr_carea' id='block_1_34' title="bbox 358 3204 2013 3288">
    <p class='ocr_par' dir='ltr' id='par_1_34' title="bbox 358 3204 2013 3288">
     <span class='ocr_line' id='line_1_34' title="bbox 358 3204 2013 3288; baseline -0.005 -21"><span class='ocrx_word' id='word_1_234' title='bbox 358 3211 582 3288; x_wconf 86' lang='grc' dir='ltr'>ὥσππερ</span> <span class='ocrx_word' id='word_1_235' title='bbox 654 3208 802 3287; x_wconf 77' lang='grc' dir='ltr'>ἔχειν</span> <span class='ocrx_word' id='word_1_236' title='bbox 860 3211 986 3286; x_wconf 86' lang='grc' dir='ltr'>παρ’</span> <span class='ocrx_word' id='word_1_237' title='bbox 1046 3209 1220 3280; x_wconf 80' lang='grc' dir='ltr'>ἐαυτῷ</span> <span class='ocrx_word' id='word_1_238' title='bbox 1279 3205 1597 3282; x_wconf 87' lang='grc' dir='ltr'>προσδοκῶν</span> <span class='ocrx_word' id='word_1_239' title='bbox 1634 3252 1648 3278; x_wconf 94' lang='grc'>,</span> <span class='ocrx_word' id='word_1_240' title='bbox 1709 3207 1841 3282; x_wconf 81' lang='grc' dir='ltr'>ὅπερ</span> <span class='ocrx_word' id='word_1_241' title='bbox 1902 3204 2013 3260; x_wconf 75' lang='grc' dir='ltr'>οὐδ’</span> 
     </span>
    </p>
   </div>
   <div class='ocr_carea' id='block_1_35' title="bbox 358 3297 1635 3378">
    <p class='ocr_par' dir='ltr' id='par_1_35' title="bbox 358 3297 1635 3378">
     <span class='ocr_line' id='line_1_35' title="bbox 358 3297 1635 3378; baseline -0.005 -22"><span class='ocrx_word' id='word_1_242' title='bbox 358 3298 488 3378; x_wconf 81' lang='grc' dir='ltr'>ὄναρ</span> <span class='ocrx_word' id='word_1_243' title='bbox 542 3299 677 3372; x_wconf 71' lang='grc' dir='ltr'>ἕξειν</span> <span class='ocrx_word' id='word_1_244' title='bbox 738 3298 1053 3370; x_wconf 84' lang='grc' dir='ltr'>ἠλπίζετο,</span> <span class='ocrx_word' id='word_1_245' title='bbox 1110 3297 1397 3373; x_wconf 73' lang='grc' dir='ltr'>γράμμασι</span> <span class='ocrx_word' id='word_1_246' title='bbox 1449 3298 1635 3372; x_wconf 82' lang='grc' dir='ltr'>χειρὸς</span> 
     </span>
    </p>
   </div>
   <div class='ocr_carea' id='block_1_36' title="bbox 356 3382 2016 3462">
    <p class='ocr_par' dir='ltr' id='par_1_36' title="bbox 356 3382 2016 3462">
     <span class='ocr_line' id='line_1_36' title="bbox 356 3382 2016 3462; baseline -0.006 -15"><span class='ocrx_word' id='word_1_247' title='bbox 356 3391 518 3454; x_wconf 78' lang='grc' dir='ltr'>αὐτὸς</span> <span class='ocrx_word' id='word_1_248' title='bbox 551 3391 837 3446; x_wconf 82' lang='grc' dir='ltr'>ἐπιστοῦτο</span> <span class='ocrx_word' id='word_1_249' title='bbox 883 3391 968 3444; x_wconf 74' lang='grc' dir='ltr'>τά’</span> <span class='ocrx_word' id='word_1_250' title='bbox 1000 3385 1320 3462; x_wconf 86' lang='grc' dir='ltr'>δεδογμένα.</span> <span class='ocrx_word' id='word_1_251' title='bbox 1354 3391 1607 3441; x_wconf 73' lang='grc' dir='ltr'>Τοιοῦτον</span> <span class='ocrx_word' id='word_1_252' title='bbox 1640 3387 1742 3461; x_wconf 75' lang='grc' dir='ltr'>γὰρ</span> <span class='ocrx_word' id='word_1_253' title='bbox 1777 3382 2016 3439; x_wconf 79' lang='grc' dir='ltr'>ἀναίδεια</span> 
     </span>
    </p>
   </div>
   <div class='ocr_carea' id='block_1_37' title="bbox 357 3472 2016 3559">
    <p class='ocr_par' dir='ltr' id='par_1_37' title="bbox 357 3472 2016 3559">
     <span class='ocr_line' id='line_1_37' title="bbox 357 3472 2016 3559; baseline -0.007 -22"><span class='ocrx_word' id='word_1_254' title='bbox 357 3480 448 3537; x_wconf 71' lang='grc' dir='ltr'>καί</span> <span class='ocrx_word' id='word_1_255' title='bbox 510 3480 786 3559; x_wconf 82' lang='grc' dir='ltr'>κουφότης</span> <span class='ocrx_word' id='word_1_256' title='bbox 871 3478 922 3533; x_wconf 86' lang='grc' dir='ltr'>ἐν</span> <span class='ocrx_word' id='word_1_257' title='bbox 1002 3475 1188 3554; x_wconf 71' lang='grc' dir='ltr'>χερσίν</span> <span class='ocrx_word' id='word_1_258' title='bbox 1287 3474 1431 3531; x_wconf 59' lang='grc' dir='ltr'>ἔχειν</span> <span class='ocrx_word' id='word_1_259' title='bbox 1511 3473 1592 3528; x_wconf 68' lang='grc' dir='ltr'>ἀεὶ</span> <span class='ocrx_word' id='word_1_260' title='bbox 1667 3472 1882 3529; x_wconf 70' lang='grc' dir='ltr'>δοκοῦσι</span> <span class='ocrx_word' id='word_1_261' title='bbox 1949 3475 2016 3527; x_wconf 78' lang='grc' dir='ltr'>τα</span> 
     </span>
    </p>
   </div>
   <div class='ocr_carea' id='block_1_38' title="bbox 357 3562 2012 3648">
    <p class='ocr_par' dir='ltr' id='par_1_38' title="bbox 357 3562 2012 3648">
     <span class='ocr_line' id='line_1_38' title="bbox 357 3562 2012 3648; baseline -0.001 -22"><span class='ocrx_word' id='word_1_262' title='bbox 357 3571 811 3648; x_wconf 82' lang='grc' dir='ltr'>προσδοκώμενα.</span> <span class='ocrx_word' id='word_1_263' title='bbox 881 3566 1140 3629; x_wconf 71' lang='grc' dir='ltr'>Εὐσέϐιος</span> <span class='ocrx_word' id='word_1_264' title='bbox 1212 3567 1415 3639; x_wconf 88' lang='grc' dir='ltr'>μέντοι,</span> <span class='ocrx_word' id='word_1_265' title='bbox 1485 3564 1542 3626; x_wconf 75' lang='grc' dir='ltr'>ὃς</span> <span class='ocrx_word' id='word_1_266' title='bbox 1583 3562 1670 3618; x_wconf 70' lang='grc' dir='ltr'>καῖ</span> <span class='ocrx_word' id='word_1_267' title='bbox 1713 3562 2012 3637; x_wconf 72' lang='grc' dir='ltr'>ἀξιόμαχος</span> 
     </span>
    </p>
   </div>
   <div class='ocr_carea' id='block_1_39' title="bbox 359 3653 2011 3731">
    <p class='ocr_par' dir='ltr' id='par_1_39' title="bbox 359 3653 2011 3731">
     <span class='ocr_line' id='line_1_39' title="bbox 359 3653 2011 3731; baseline -0.007 -15"><span class='ocrx_word' id='word_1_268' title='bbox 359 3663 427 3731; x_wconf 79' lang='grc' dir='ltr'>ἦν</span> <span class='ocrx_word' id='word_1_269' title='bbox 460 3667 561 3730; x_wconf 83' lang='grc' dir='ltr'>τῆς</span> <span class='ocrx_word' id='word_1_270' title='bbox 631 3653 877 3719; x_wconf 75' lang='grc' dir='ltr'>ἀσεϐείας</span> <span class='ocrx_word' id='word_1_271' title='bbox 936 3657 1334 3730; x_wconf 80' lang='grc' dir='ltr'>προασπιστής,</span> <span class='ocrx_word' id='word_1_272' title='bbox 1403 3653 1517 3709; x_wconf 69' lang='grc' dir='ltr'>ἐπεὶ</span> <span class='ocrx_word' id='word_1_273' title='bbox 1583 3654 1717 3708; x_wconf 83' lang='grc' dir='ltr'>κατά</span> <span class='ocrx_word' id='word_1_274' title='bbox 1784 3653 2011 3726; x_wconf 85' lang='grc' dir='ltr'>γνώμην</span> 
     </span>
    </p>
   </div>
   <div class='ocr_carea' id='block_1_40' title="bbox 361 3739 2012 3822">
    <p class='ocr_par' dir='ltr' id='par_1_40' title="bbox 361 3739 2012 3822">
     <span class='ocr_line' id='line_1_40' title="bbox 361 3739 2012 3822; baseline -0.007 -17"><span class='ocrx_word' id='word_1_275' title='bbox 361 3749 510 3822; x_wconf 82' lang='grc' dir='ltr'>αὐτῷ</span> <span class='ocrx_word' id='word_1_276' title='bbox 544 3750 612 3804; x_wconf 72' lang='grc' dir='ltr'>τὰ</span> <span class='ocrx_word' id='word_1_277' title='bbox 651 3747 893 3822; x_wconf 88' lang='grc' dir='ltr'>παρόντα</span> <span class='ocrx_word' id='word_1_278' title='bbox 933 3743 1164 3814; x_wconf 89' lang='grc' dir='ltr'>διέθετο,</span> <span class='ocrx_word' id='word_1_279' title='bbox 1197 3739 1544 3819; x_wconf 74' lang='grc' dir='ltr'>πρεσϐεύεται</span> <span class='ocrx_word' id='word_1_280' title='bbox 1585 3743 1721 3818; x_wconf 83' lang='grc' dir='ltr'>πρὸς</span> <span class='ocrx_word' id='word_1_281' title='bbox 1762 3739 2012 3810; x_wconf 82' lang='grc' dir='ltr'>Ἰούλιον,</span> 
     </span>
    </p>
   </div>
   <div class='ocr_carea' id='block_1_41' title="bbox 361 3830 2014 3911">
    <p class='ocr_par' dir='ltr' id='par_1_41' title="bbox 361 3830 2014 3911">
     <span class='ocr_line' id='line_1_41' title="bbox 361 3830 2014 3911; baseline -0.007 -16"><span class='ocrx_word' id='word_1_282' title='bbox 361 3838 583 3909; x_wconf 67' lang='grc' dir='ltr'>πολλὴν</span> <span class='ocrx_word' id='word_1_283' title='bbox 623 3839 716 3911; x_wconf 76' lang='grc' dir='ltr'>μὲν</span> <span class='ocrx_word' id='word_1_284' title='bbox 747 3834 1065 3892; x_wconf 84' lang='grc' dir='ltr'>Ἀθανασίου</span> <span class='ocrx_word' id='word_1_285' title='bbox 1085 3831 1436 3908; x_wconf 72' lang='grc' dir='ltr'>καταδρομὴν</span> <span class='ocrx_word' id='word_1_286' title='bbox 1467 3832 1517 3887; x_wconf 83' lang='grc' dir='ltr'>ἐν</span> <span class='ocrx_word' id='word_1_287' title='bbox 1551 3839 1667 3894; x_wconf 82' lang='grc' dir='ltr'>ταῖς</span> <span class='ocrx_word' id='word_1_288' title='bbox 1702 3830 2014 3891; x_wconf 76' lang='grc' dir='ltr'>ἐπιστολαῖς</span> 
     </span>
    </p>
   </div>
   <div class='ocr_carea' id='block_1_42' title="bbox 357 3918 2016 4002">
    <p class='ocr_par' dir='ltr' id='par_1_42' title="bbox 357 3918 2016 4002">
     <span class='ocr_line' id='line_1_42' title="bbox 357 3918 2016 4002; baseline -0.007 -17"><span class='ocrx_word' id='word_1_289' title='bbox 357 3927 731 4002; x_wconf 78' lang='grc' dir='ltr'>ποιησάμενος</span> <span class='ocrx_word' id='word_1_290' title='bbox 767 3947 780 3960; x_wconf 87' lang='grc'><strong>·</strong></span> <span class='ocrx_word' id='word_1_291' title='bbox 811 3927 1032 3998; x_wconf 77' lang='grc' dir='ltr'>πέμψας</span> <span class='ocrx_word' id='word_1_292' title='bbox 1087 3921 1144 3978; x_wconf 74' lang='grc' dir='ltr'>δὲ</span> <span class='ocrx_word' id='word_1_293' title='bbox 1199 3921 1288 3978; x_wconf 84' lang='grc' dir='ltr'><strong>καί</strong></span> <span class='ocrx_word' id='word_1_294' title='bbox 1346 3922 1407 3984; x_wconf 75' lang='grc' dir='ltr'>ἃς</span> <span class='ocrx_word' id='word_1_295' title='bbox 1459 3918 1656 3998; x_wconf 71' lang='grc' dir='ltr'>ἔῤῥαψε</span> <span class='ocrx_word' id='word_1_296' title='bbox 1703 3922 1818 3976; x_wconf 80' lang='grc' dir='ltr'>κατ’</span> <span class='ocrx_word' id='word_1_297' title='bbox 1852 3919 2016 3974; x_wconf 83' lang='grc' dir='ltr'>αύτοῦ</span> 
     </span>
    </p>
   </div>
   <div class='ocr_carea' id='block_1_43' title="bbox 357 4009 2013 4092">
    <p class='ocr_par' dir='ltr' id='par_1_43' title="bbox 357 4009 2013 4092">
     <span class='ocr_line' id='line_1_43' title="bbox 357 4009 2013 4092; baseline -0.007 -18"><span class='ocrx_word' id='word_1_298' title='bbox 357 4013 660 4078; x_wconf 74' lang='grc' dir='ltr'>ἐπιϐουλὰς</span> <span class='ocrx_word' id='word_1_299' title='bbox 702 4014 791 4070; x_wconf 81' lang='grc' dir='ltr'><strong>καί</strong></span> <span class='ocrx_word' id='word_1_300' title='bbox 850 4013 1231 4092; x_wconf 72' lang='grc' dir='ltr'>συκοφαντίας,</span> <span class='ocrx_word' id='word_1_301' title='bbox 1290 4011 1379 4067; x_wconf 77' lang='grc' dir='ltr'>καί</span> <span class='ocrx_word' id='word_1_302' title='bbox 1423 4009 1676 4080; x_wconf 71' lang='grc' dir='ltr'>δικαστὴν</span> <span class='ocrx_word' id='word_1_303' title='bbox 1739 4012 1850 4083; x_wconf 77' lang='grc' dir='ltr'>ἅμα</span> <span class='ocrx_word' id='word_1_304' title='bbox 1887 4011 2013 4063; x_wconf 88' lang='grc' dir='ltr'>καθ-</span> 
     </span>
    </p>
   </div>
   <div class='ocr_carea' id='block_1_44' title="bbox 359 4096 2017 4179">
    <p class='ocr_par' dir='ltr' id='par_1_44' title="bbox 359 4096 2017 4179">
     <span class='ocr_line' id='line_1_44' title="bbox 359 4096 2017 4179; baseline -0.006 -17"><span class='ocrx_word' id='word_1_305' title='bbox 359 4109 488 4178; x_wconf 80' lang='grc' dir='ltr'>ίζων</span> <span class='ocrx_word' id='word_1_306' title='bbox 547 4111 644 4161; x_wconf 79' lang='grc' dir='ltr'>τοῦ</span> <span class='ocrx_word' id='word_1_307' title='bbox 701 4102 894 4179; x_wconf 88' lang='grc' dir='ltr'>ἀνδρὸς</span> <span class='ocrx_word' id='word_1_308' title='bbox 932 4102 1022 4158; x_wconf 77' lang='grc' dir='ltr'>καί</span> <span class='ocrx_word' id='word_1_309' title='bbox 1063 4103 1394 4174; x_wconf 70' lang='grc' dir='ltr'>ἐπιτιμητὴν</span> <span class='ocrx_word' id='word_1_310' title='bbox 1434 4102 1525 4155; x_wconf 90' lang='grc' dir='ltr'>τὸν</span> <span class='ocrx_word' id='word_1_311' title='bbox 1570 4099 1822 4156; x_wconf 87' lang='grc' dir='ltr'>Ἰούλιον.</span> <span class='ocrx_word' id='word_1_312' title='bbox 1863 4100 1919 4151; x_wconf 83' lang='grc' dir='ltr'>Ὁ</span> <span class='ocrx_word' id='word_1_313' title='bbox 1961 4096 2017 4152; x_wconf 70' lang='grc' dir='ltr'>δὲ</span> 
     </span>
    </p>
   </div>
   <div class='ocr_carea' id='block_1_45' title="bbox 350 4188 2016 4272">
    <p class='ocr_par' dir='ltr' id='par_1_45' title="bbox 350 4188 2016 4272">
     <span class='ocr_line' id='line_1_45' title="bbox 350 4188 2016 4272; baseline -0.005 -21"><span class='ocrx_word' id='word_1_314' title='bbox 350 4198 446 4271; x_wconf 79' lang='grc' dir='ltr'>(ἦν</span> <span class='ocrx_word' id='word_1_315' title='bbox 478 4199 584 4272; x_wconf 80' lang='grc' dir='ltr'>γὰρ</span> <span class='ocrx_word' id='word_1_316' title='bbox 617 4193 726 4270; x_wconf 80' lang='grc' dir='ltr'>οὐχ</span> <span class='ocrx_word' id='word_1_317' title='bbox 755 4195 870 4255; x_wconf 85' lang='grc' dir='ltr'>οἷος</span> <span class='ocrx_word' id='word_1_318' title='bbox 912 4191 1194 4264; x_wconf 81' lang='grc' dir='ltr'>πλάσμασι</span> <span class='ocrx_word' id='word_1_319' title='bbox 1235 4189 1322 4245; x_wconf 65' lang='grc' dir='ltr'>καῖ</span> <span class='ocrx_word' id='word_1_320' title='bbox 1367 4188 1555 4252; x_wconf 85' lang='grc' dir='ltr'>δόλοις</span> <span class='ocrx_word' id='word_1_321' title='bbox 1598 4188 1839 4251; x_wconf 75' lang='grc' dir='ltr'>εὐκόλως</span> <span class='ocrx_word' id='word_1_322' title='bbox 1884 4189 2016 4242; x_wconf 80' lang='grc' dir='ltr'>ὑπο-</span> 
     </span>
    </p>
   </div>
   <div class='ocr_carea' id='block_1_46' title="bbox 356 4275 2017 4361">
    <p class='ocr_par' dir='ltr' id='par_1_46' title="bbox 356 4275 2017 4361">
     <span class='ocr_line' id='line_1_46' title="bbox 356 4275 2017 4361; baseline -0.007 -19"><span class='ocrx_word' id='word_1_323' title='bbox 356 4293 613 4361; x_wconf 80' lang='grc' dir='ltr'>συρῆναι,</span> <span class='ocrx_word' id='word_1_324' title='bbox 656 4281 802 4339; x_wconf 85' lang='grc' dir='ltr'>ἀλλά</span> <span class='ocrx_word' id='word_1_325' title='bbox 829 4281 917 4337; x_wconf 69' lang='grc' dir='ltr'>καὶ</span> <span class='ocrx_word' id='word_1_326' title='bbox 951 4287 1196 4360; x_wconf 79' lang='grc' dir='ltr'>φωρᾶσαι</span> <span class='ocrx_word' id='word_1_327' title='bbox 1227 4279 1503 4335; x_wconf 70' lang='grc' dir='ltr'>ταῦτακαὶ</span> <span class='ocrx_word' id='word_1_328' title='bbox 1536 4285 1770 4333; x_wconf 87' lang='grc' dir='ltr'>συνεῖναι</span> <span class='ocrx_word' id='word_1_329' title='bbox 1806 4275 2017 4350; x_wconf 78' lang='grc' dir='ltr'>μᾶλλον</span> 
     </span>
    </p>
   </div>
   <div class='ocr_carea' id='block_1_47' title="bbox 351 4365 2017 4447">
    <p class='ocr_par' dir='ltr' id='par_1_47' title="bbox 351 4365 2017 4447">
     <span class='ocr_line' id='line_1_47' title="bbox 351 4365 2017 4447; baseline -0.007 -16"><span class='ocrx_word' id='word_1_330' title='bbox 351 4375 636 4447; x_wconf 79' lang='grc' dir='ltr'>ὀξύτατος)</span> <span class='ocrx_word' id='word_1_331' title='bbox 669 4419 683 4445; x_wconf 94' lang='grc'>,</span> <span class='ocrx_word' id='word_1_332' title='bbox 723 4373 790 4427; x_wconf 75' lang='grc' dir='ltr'>τὰ</span> <span class='ocrx_word' id='word_1_333' title='bbox 827 4366 1090 4427; x_wconf 78' lang='grc' dir='ltr'>Εὖσεϐίου</span> <span class='ocrx_word' id='word_1_334' title='bbox 1149 4371 1449 4446; x_wconf 74' lang='grc' dir='ltr'>γράμματα</span> <span class='ocrx_word' id='word_1_335' title='bbox 1499 4373 1889 4440; x_wconf 72' lang='grc' dir='ltr'>κομισάμενος,</span> <span class='ocrx_word' id='word_1_336' title='bbox 1928 4365 2017 4421; x_wconf 75' lang='grc' dir='ltr'>καί</span> 
     </span>
    </p>
   </div>
   <div class='ocr_carea' id='block_1_48' title="bbox 356 4454 2017 4538">
    <p class='ocr_par' dir='ltr' id='par_1_48' title="bbox 356 4454 2017 4538">
     <span class='ocr_line' id='line_1_48' title="bbox 356 4454 2017 4538; baseline -0.007 -17"><span class='ocrx_word' id='word_1_337' title='bbox 356 4461 670 4525; x_wconf 88' lang='grc' dir='ltr'>σπουδαίως</span> <span class='ocrx_word' id='word_1_338' title='bbox 716 4459 849 4538; x_wconf 79' lang='grc' dir='ltr'>ἄγαν</span> <span class='ocrx_word' id='word_1_339' title='bbox 889 4459 978 4516; x_wconf 80' lang='grc' dir='ltr'>καί</span> <span class='ocrx_word' id='word_1_340' title='bbox 1018 4459 1401 4537; x_wconf 84' lang='grc' dir='ltr'>προσεχόντως</span> <span class='ocrx_word' id='word_1_341' title='bbox 1447 4457 1581 4512; x_wconf 80' lang='grc' dir='ltr'>αὐτά</span> <span class='ocrx_word' id='word_1_342' title='bbox 1630 4455 1880 4529; x_wconf 84' lang='grc' dir='ltr'>διελθὼν,</span> <span class='ocrx_word' id='word_1_343' title='bbox 1928 4454 2017 4510; x_wconf 69' lang='grc' dir='ltr'>καὶ</span> 
     </span>
    </p>
   </div>
   <div class='ocr_carea' id='block_1_49' title="bbox 360 4545 2017 4633">
    <p class='ocr_par' dir='ltr' id='par_1_49' title="bbox 360 4545 2017 4633">
     <span class='ocr_line' id='line_1_49' title="bbox 360 4545 2017 4633; baseline -0.007 -22"><span class='ocrx_word' id='word_1_344' title='bbox 360 4562 505 4633; x_wconf 83' lang='grc' dir='ltr'>σαφῆ</span> <span class='ocrx_word' id='word_1_345' title='bbox 562 4551 828 4632; x_wconf 78' lang='grc' dir='ltr'>φλυαρίαν</span> <span class='ocrx_word' id='word_1_346' title='bbox 888 4547 1017 4606; x_wconf 69' lang='grc' dir='ltr'>ὅντα</span> <span class='ocrx_word' id='word_1_347' title='bbox 1080 4551 1442 4618; x_wconf 76' lang='grc' dir='ltr'>κατανοήσας,</span> <span class='ocrx_word' id='word_1_348' title='bbox 1484 4546 1794 4602; x_wconf 85' lang='grc' dir='ltr'>τούναντίον</span> <span class='ocrx_word' id='word_1_349' title='bbox 1857 4545 2017 4608; x_wconf 84' lang='grc' dir='ltr'>αὐτὸς</span> 
     </span>
    </p>
   </div>
   <div class='ocr_carea' id='block_1_50' title="bbox 1727 3285 2087 3357">
    <p class='ocr_par' dir='ltr' id='par_1_50' title="bbox 1727 3285 2087 3357">
     <span class='ocr_line' id='line_1_50' title="bbox 1727 3285 2087 3357; baseline 0.006 -8"><span class='ocrx_word' id='word_1_350' title='bbox 1727 3295 1864 3357; x_wconf 84' lang='grc' dir='ltr'>ἰδίας</span> <span class='ocrx_word' id='word_1_351' title='bbox 1924 3294 2012 3349; x_wconf 74' lang='grc' dir='ltr'>καί</span> <span class='ocrx_word' id='word_1_352' title='bbox 2045 3285 2087 3351; x_wconf 80' lang='lat' dir='ltr'>C</span> 
     </span>
    </p>
   </div>
   <div class='ocr_carea' id='block_1_51' title="bbox 2126 631 3768 708">
    <p class='ocr_par' dir='ltr' id='par_1_51' title="bbox 2126 631 3768 708">
     <span class='ocr_line' id='line_1_51' title="bbox 2126 631 3768 708; baseline 0.005 -26"><span class='ocrx_word' id='word_1_353' title='bbox 2126 631 2409 684; x_wconf 77' lang='lat' dir='ltr'>exercitus</span> <span class='ocrx_word' id='word_1_354' title='bbox 2433 631 2522 684; x_wconf 89' lang='lat' dir='ltr'>sui</span> <span class='ocrx_word' id='word_1_355' title='bbox 2555 631 2842 686; x_wconf 79' lang='lat' dir='ltr'>seditione</span> <span class='ocrx_word' id='word_1_356' title='bbox 2876 633 2944 685; x_wconf 86' lang='lat' dir='ltr'>ad</span> <span class='ocrx_word' id='word_1_357' title='bbox 2982 633 3309 704; x_wconf 83' lang='lat' dir='ltr'>Aquileiam</span> <span class='ocrx_word' id='word_1_358' title='bbox 3355 651 3532 708; x_wconf 90' lang='lat' dir='ltr'>prope</span> <span class='ocrx_word' id='word_1_359' title='bbox 3559 635 3768 691; x_wconf 87' lang='lat' dir='ltr'>Alsum</span> 
     </span>
    </p>
   </div>
   <div class='ocr_carea' id='block_1_52' title="bbox 2123 717 3774 793">
    <p class='ocr_par' dir='ltr' id='par_1_52' title="bbox 2123 717 3774 793">
     <span class='ocr_line' id='line_1_52' title="bbox 2123 717 3774 793; baseline 0.006 -23"><span class='ocrx_word' id='word_1_360' title='bbox 2123 717 2362 772; x_wconf 78' lang='lat' dir='ltr'>fluvium</span> <span class='ocrx_word' id='word_1_361' title='bbox 2397 721 2570 773; x_wconf 79' lang='lat' dir='ltr'>finem</span> <span class='ocrx_word' id='word_1_362' title='bbox 2596 721 2722 773; x_wconf 68' lang='lat' dir='ltr'>vitae</span> <span class='ocrx_word' id='word_1_363' title='bbox 2769 721 3016 790; x_wconf 87' lang='lat' dir='ltr'>accepit.</span> <span class='ocrx_word' id='word_1_364' title='bbox 3068 723 3130 775; x_wconf 90' lang='lat' dir='ltr'>In</span> <span class='ocrx_word' id='word_1_365' title='bbox 3164 723 3455 793; x_wconf 83' lang='lat' dir='ltr'>Europam</span> <span class='ocrx_word' id='word_1_366' title='bbox 3489 741 3623 779; x_wconf 92' lang='lat' dir='ltr'>cum</span> <span class='ocrx_word' id='word_1_367' title='bbox 3663 726 3774 780; x_wconf 84' lang='lat' dir='ltr'>ad-</span> 
     </span>
    </p>
   </div>
   <div class='ocr_carea' id='block_1_53' title="bbox 2121 807 3770 884">
    <p class='ocr_par' dir='ltr' id='par_1_53' title="bbox 2121 807 3770 884">
     <span class='ocr_line' id='line_1_53' title="bbox 2121 807 3770 884; baseline 0.005 -23"><span class='ocrx_word' id='word_1_368' title='bbox 2121 807 2767 877; x_wconf 80' lang='lat' dir='ltr'>venissetAthanasius,</span> <span class='ocrx_word' id='word_1_369' title='bbox 2789 809 3012 864; x_wconf 89' lang='lat' dir='ltr'>Julium</span> <span class='ocrx_word' id='word_1_370' title='bbox 3041 811 3184 864; x_wconf 89' lang='lat' dir='ltr'>adiit</span> <span class='ocrx_word' id='word_1_371' title='bbox 3207 812 3400 866; x_wconf 66' lang='lat' dir='ltr'>Roma:</span> <span class='ocrx_word' id='word_1_372' title='bbox 3429 814 3770 884; x_wconf 86' lang='lat' dir='ltr'>episcopum</span> 
     </span>
    </p>
   </div>
   <div class='ocr_carea' id='block_1_54' title="bbox 2123 896 3765 971">
    <p class='ocr_par' dir='ltr' id='par_1_54' title="bbox 2123 896 3765 971">
     <span class='ocr_line' id='line_1_54' title="bbox 2123 896 3765 971; baseline 0.005 -21"><span class='ocrx_word' id='word_1_373' title='bbox 2123 896 2380 967; x_wconf 78' lang='lat' dir='ltr'>itemque</span> <span class='ocrx_word' id='word_1_374' title='bbox 2411 898 2786 952; x_wconf 81' lang='lat' dir='ltr'>Constantem</span> <span class='ocrx_word' id='word_1_375' title='bbox 2811 899 3243 969; x_wconf 81' lang='lat' dir='ltr'>imperatorem,</span> <span class='ocrx_word' id='word_1_376' title='bbox 3270 901 3486 971; x_wconf 89' lang='lat' dir='ltr'>quibus</span> <span class='ocrx_word' id='word_1_377' title='bbox 3509 919 3647 957; x_wconf 89' lang='lat' dir='ltr'>suas</span> <span class='ocrx_word' id='word_1_378' title='bbox 3671 919 3765 958; x_wconf 88' lang='lat' dir='ltr'>res</span> 
     </span>
    </p>
   </div>
   <div class='ocr_carea' id='block_1_55' title="bbox 2125 988 3771 1062">
    <p class='ocr_par' dir='ltr' id='par_1_55' title="bbox 2125 988 3771 1062">
     <span class='ocr_line' id='line_1_55' title="bbox 2125 988 3771 1062; baseline 0.005 -23"><span class='ocrx_word' id='word_1_379' title='bbox 2125 992 2563 1041; x_wconf 83' lang='lat' dir='ltr'>commemorat.</span> <span class='ocrx_word' id='word_1_380' title='bbox 2615 988 2757 1042; x_wconf 86' lang='lat' dir='ltr'>Cum</span> <span class='ocrx_word' id='word_1_381' title='bbox 2822 989 3081 1042; x_wconf 83' lang='lat' dir='ltr'>audisset</span> <span class='ocrx_word' id='word_1_382' title='bbox 3142 993 3336 1044; x_wconf 89' lang='lat' dir='ltr'>autem</span> <span class='ocrx_word' id='word_1_383' title='bbox 3396 991 3466 1045; x_wconf 91' lang='lat' dir='ltr'>de</span> <span class='ocrx_word' id='word_1_384' title='bbox 3526 992 3771 1062; x_wconf 79' lang='lat' dir='ltr'>synodo,</span> 
     </span>
    </p>
   </div>
   <div class='ocr_carea' id='block_1_56' title="bbox 2125 1076 3772 1147">
    <p class='ocr_par' dir='ltr' id='par_1_56' title="bbox 2125 1076 3772 1147">
     <span class='ocr_line' id='line_1_56' title="bbox 2125 1076 3772 1147; baseline 0.004 -19"><span class='ocrx_word' id='word_1_385' title='bbox 2125 1091 2300 1145; x_wconf 90' lang='lat' dir='ltr'>quam</span> <span class='ocrx_word' id='word_1_386' title='bbox 2327 1076 2397 1130; x_wconf 90' lang='lat' dir='ltr'>ad</span> <span class='ocrx_word' id='word_1_387' title='bbox 2423 1093 2588 1130; x_wconf 89' lang='lat' dir='ltr'>suam</span> <span class='ocrx_word' id='word_1_388' title='bbox 2628 1077 2887 1147; x_wconf 88' lang='lat' dir='ltr'>ipsorum</span> <span class='ocrx_word' id='word_1_389' title='bbox 2942 1077 3278 1147; x_wconf 84' lang='lat' dir='ltr'>perniciem,</span> <span class='ocrx_word' id='word_1_390' title='bbox 3330 1081 3386 1134; x_wconf 91' lang='lat' dir='ltr'>et</span> <span class='ocrx_word' id='word_1_391' title='bbox 3415 1079 3486 1134; x_wconf 93' lang='lat' dir='ltr'>ad</span> <span class='ocrx_word' id='word_1_392' title='bbox 3522 1079 3656 1134; x_wconf 80' lang='lat' dir='ltr'>ﬁdei</span> <span class='ocrx_word' id='word_1_393' title='bbox 3685 1097 3772 1135; x_wconf 91' lang='lat' dir='ltr'>or-</span> 
     </span>
    </p>
   </div>
   <div class='ocr_carea' id='block_1_57' title="bbox 2123 1165 3767 1238">
    <p class='ocr_par' dir='ltr' id='par_1_57' title="bbox 2123 1165 3767 1238">
     <span class='ocr_line' id='line_1_57' title="bbox 2123 1165 3767 1238; baseline 0.004 -21"><span class='ocrx_word' id='word_1_394' title='bbox 2123 1165 2384 1218; x_wconf 70' lang='lat' dir='ltr'>thodoxzc</span> <span class='ocrx_word' id='word_1_395' title='bbox 2419 1165 2674 1230; x_wconf 89' lang='lat' dir='ltr'>ruinam,</span> <span class='ocrx_word' id='word_1_396' title='bbox 2703 1166 3021 1220; x_wconf 70' lang='lat' dir='ltr'>Antiochia:</span> <span class='ocrx_word' id='word_1_397' title='bbox 3055 1165 3368 1236; x_wconf 88' lang='lat' dir='ltr'>nullojure</span> <span class='ocrx_word' id='word_1_398' title='bbox 3423 1172 3767 1238; x_wconf 82' lang='lat' dir='ltr'>coegerant;</span> 
     </span>
    </p>
   </div>
   <div class='ocr_carea' id='block_1_58' title="bbox 2123 1253 3770 1326">
    <p class='ocr_par' dir='ltr' id='par_1_58' title="bbox 2123 1253 3770 1326">
     <span class='ocr_line' id='line_1_58' title="bbox 2123 1253 3770 1326; baseline 0.004 -20"><span class='ocrx_word' id='word_1_399' title='bbox 2123 1257 2179 1306; x_wconf 89' lang='lat' dir='ltr'>et</span> <span class='ocrx_word' id='word_1_400' title='bbox 2209 1253 2362 1323; x_wconf 86' lang='lat' dir='ltr'>quod</span> <span class='ocrx_word' id='word_1_401' title='bbox 2397 1253 2678 1324; x_wconf 86' lang='lat' dir='ltr'>Georgius</span> <span class='ocrx_word' id='word_1_402' title='bbox 2711 1254 2973 1324; x_wconf 86' lang='lat' dir='ltr'>quidam,</span> <span class='ocrx_word' id='word_1_403' title='bbox 3007 1272 3249 1326; x_wconf 90' lang='lat' dir='ltr'>pravum</span> <span class='ocrx_word' id='word_1_404' title='bbox 3295 1255 3632 1321; x_wconf 87' lang='lat' dir='ltr'>adversarii,</span> <span class='ocrx_word' id='word_1_405' title='bbox 3667 1272 3770 1312; x_wconf 92' lang='lat' dir='ltr'>seu</span> 
     </span>
    </p>
   </div>
   <div class='ocr_carea' id='block_1_59' title="bbox 2124 1341 3770 1415">
    <p class='ocr_par' dir='ltr' id='par_1_59' title="bbox 2124 1341 3770 1415">
     <span class='ocr_line' id='line_1_59' title="bbox 2124 1341 3770 1415; baseline 0.002 -20"><span class='ocrx_word' id='word_1_406' title='bbox 2124 1341 2358 1407; x_wconf 76' lang='lat' dir='ltr'>diaboli,</span> <span class='ocrx_word' id='word_1_407' title='bbox 2393 1341 2680 1414; x_wconf 76' lang='grc' dir='ltr'>γεώργιον,</span> <span class='ocrx_word' id='word_1_408' title='bbox 2725 1343 2779 1396; x_wconf 93' lang='lat' dir='ltr'>id</span> <span class='ocrx_word' id='word_1_409' title='bbox 2817 1348 2905 1397; x_wconf 85' lang='lat' dir='ltr'>est</span> <span class='ocrx_word' id='word_1_410' title='bbox 2959 1343 3335 1415; x_wconf 85' lang='lat' dir='ltr'>agricultura,</span> <span class='ocrx_word' id='word_1_411' title='bbox 3378 1344 3437 1398; x_wconf 90' lang='lat' dir='ltr'>in</span> <span class='ocrx_word' id='word_1_412' title='bbox 3489 1343 3770 1399; x_wconf 86' lang='lat' dir='ltr'>thronum</span> 
     </span>
    </p>
   </div>
   <div class='ocr_carea' id='block_1_60' title="bbox 2123 1431 3763 1502">
    <p class='ocr_par' dir='ltr' id='par_1_60' title="bbox 2123 1431 3763 1502">
     <span class='ocr_line' id='line_1_60' title="bbox 2123 1431 3763 1502; baseline 0.002 -17"><span class='ocrx_word' id='word_1_413' title='bbox 2123 1447 2299 1485; x_wconf 87' lang='lat' dir='ltr'>suum</span> <span class='ocrx_word' id='word_1_414' title='bbox 2334 1431 2488 1485; x_wconf 88' lang='lat' dir='ltr'>brevi</span> <span class='ocrx_word' id='word_1_415' title='bbox 2524 1432 2968 1487; x_wconf 87' lang='lat' dir='ltr'>constituendus</span> <span class='ocrx_word' id='word_1_416' title='bbox 2986 1437 3159 1502; x_wconf 88' lang='lat' dir='ltr'>esset,</span> <span class='ocrx_word' id='word_1_417' title='bbox 3185 1449 3308 1487; x_wconf 88' lang='lat' dir='ltr'>rem</span> <span class='ocrx_word' id='word_1_418' title='bbox 3330 1450 3442 1487; x_wconf 90' lang='lat' dir='ltr'>non</span> <span class='ocrx_word' id='word_1_419' title='bbox 3475 1431 3606 1487; x_wconf 89' lang='lat' dir='ltr'>tulit</span> <span class='ocrx_word' id='word_1_420' title='bbox 3633 1433 3763 1500; x_wconf 88' lang='lat' dir='ltr'>;sed</span> 
     </span>
    </p>
   </div>
   <div class='ocr_carea' id='block_1_61' title="bbox 2124 1520 3775 1595">
    <p class='ocr_par' dir='ltr' id='par_1_61' title="bbox 2124 1520 3775 1595">
     <span class='ocr_line' id='line_1_61' title="bbox 2124 1520 3775 1595; baseline 0.001 -21"><span class='ocrx_word' id='word_1_421' title='bbox 2124 1521 2342 1590; x_wconf 87' lang='lat' dir='ltr'>ubique</span> <span class='ocrx_word' id='word_1_422' title='bbox 2386 1537 2486 1590; x_wconf 92' lang='lat' dir='ltr'>per</span> <span class='ocrx_word' id='word_1_423' title='bbox 2542 1525 2852 1592; x_wconf 68' lang='lat' dir='ltr'>Aigyptum</span> <span class='ocrx_word' id='word_1_424' title='bbox 2896 1521 3122 1576; x_wconf 84' lang='lat' dir='ltr'>litteras</span> <span class='ocrx_word' id='word_1_425' title='bbox 3172 1521 3350 1588; x_wconf 87' lang='lat' dir='ltr'>misit,</span> <span class='ocrx_word' id='word_1_426' title='bbox 3385 1520 3559 1590; x_wconf 89' lang='lat' dir='ltr'>clero,</span> <span class='ocrx_word' id='word_1_427' title='bbox 3594 1521 3775 1595; x_wconf 89' lang='lat' dir='ltr'>magi-</span> 
     </span>
    </p>
   </div>
   <div class='ocr_carea' id='block_1_62' title="bbox 2123 1609 3764 1681">
    <p class='ocr_par' dir='ltr' id='par_1_62' title="bbox 2123 1609 3764 1681">
     <span class='ocr_line' id='line_1_62' title="bbox 2123 1609 3764 1681; baseline 0.001 -17"><span class='ocrx_word' id='word_1_428' title='bbox 2123 1609 2424 1678; x_wconf 88' lang='lat' dir='ltr'>stratibus,</span> <span class='ocrx_word' id='word_1_429' title='bbox 2461 1609 2698 1681; x_wconf 84' lang='lat' dir='ltr'>populo,</span> <span class='ocrx_word' id='word_1_430' title='bbox 2730 1627 2964 1681; x_wconf 87' lang='lat' dir='ltr'>rogans,</span> <span class='ocrx_word' id='word_1_431' title='bbox 3001 1611 3390 1678; x_wconf 84' lang='lat' dir='ltr'>comminans,</span> <span class='ocrx_word' id='word_1_432' title='bbox 3417 1611 3764 1679; x_wconf 90' lang='lat' dir='ltr'>admonens,</span> 
     </span>
    </p>
   </div>
   <div class='ocr_carea' id='block_1_63' title="bbox 2122 1699 3773 1768">
    <p class='ocr_par' dir='ltr' id='par_1_63' title="bbox 2122 1699 3773 1768">
     <span class='ocr_line' id='line_1_63' title="bbox 2122 1699 3773 1768; baseline 0.002 -15"><span class='ocrx_word' id='word_1_433' title='bbox 2122 1715 2326 1754; x_wconf 90' lang='lat' dir='ltr'>omnes</span> <span class='ocrx_word' id='word_1_434' title='bbox 2356 1700 2476 1754; x_wconf 83' lang='lat' dir='ltr'>vias</span> <span class='ocrx_word' id='word_1_435' title='bbox 2511 1699 2720 1755; x_wconf 84' lang='lat' dir='ltr'>litteris</span> <span class='ocrx_word' id='word_1_436' title='bbox 2747 1704 2940 1754; x_wconf 90' lang='lat' dir='ltr'>terens</span> <span class='ocrx_word' id='word_1_437' title='bbox 2963 1701 3088 1756; x_wconf 89' lang='lat' dir='ltr'>suis</span> <span class='ocrx_word' id='word_1_438' title='bbox 3115 1719 3126 1768; x_wconf 91' lang='lat'>;</span> <span class='ocrx_word' id='word_1_439' title='bbox 3153 1705 3217 1754; x_wconf 91' lang='lat' dir='ltr'>ut</span> <span class='ocrx_word' id='word_1_440' title='bbox 3249 1699 3588 1756; x_wconf 89' lang='lat' dir='ltr'>nullatenus</span> <span class='ocrx_word' id='word_1_441' title='bbox 3608 1701 3773 1757; x_wconf 86' lang='lat' dir='ltr'>Aria-</span> 
     </span>
    </p>
   </div>
   <div class='ocr_carea' id='block_1_64' title="bbox 2121 1788 3772 1861">
    <p class='ocr_par' dir='ltr' id='par_1_64' title="bbox 2121 1788 3772 1861">
     <span class='ocr_line' id='line_1_64' title="bbox 2121 1788 3772 1861; baseline 0.002 -19"><span class='ocrx_word' id='word_1_442' title='bbox 2121 1788 2254 1842; x_wconf 89' lang='lat' dir='ltr'>nica</span> <span class='ocrx_word' id='word_1_443' title='bbox 2283 1788 2504 1843; x_wconf 87' lang='lat' dir='ltr'>zizania</span> <span class='ocrx_word' id='word_1_444' title='bbox 2534 1789 2874 1860; x_wconf 87' lang='lat' dir='ltr'>reciperent,</span> <span class='ocrx_word' id='word_1_445' title='bbox 2919 1789 3262 1861; x_wconf 89' lang='lat' dir='ltr'>seminaque</span> <span class='ocrx_word' id='word_1_446' title='bbox 3292 1793 3459 1844; x_wconf 68' lang='lat' dir='ltr'>rectae</span> <span class='ocrx_word' id='word_1_447' title='bbox 3491 1789 3772 1845; x_wconf 71' lang='lat' dir='ltr'>doctrinae</span> 
     </span>
    </p>
   </div>
   <div class='ocr_carea' id='block_1_65' title="bbox 2122 1877 3774 1948">
    <p class='ocr_par' dir='ltr' id='par_1_65' title="bbox 2122 1877 3774 1948">
     <span class='ocr_line' id='line_1_65' title="bbox 2122 1877 3774 1948; baseline 0.002 -18"><span class='ocrx_word' id='word_1_448' title='bbox 2122 1877 2503 1948; x_wconf 80' lang='lat' dir='ltr'>blasphcmiis</span> <span class='ocrx_word' id='word_1_449' title='bbox 2534 1878 2694 1932; x_wconf 91' lang='lat' dir='ltr'>nullo</span> <span class='ocrx_word' id='word_1_450' title='bbox 2737 1879 2909 1933; x_wconf 89' lang='lat' dir='ltr'>modo</span> <span class='ocrx_word' id='word_1_451' title='bbox 2959 1878 3426 1934; x_wconf 86' lang='lat' dir='ltr'>commiscerent.</span> <span class='ocrx_word' id='word_1_452' title='bbox 3463 1879 3774 1935; x_wconf 86' lang='lat' dir='ltr'>Eusebiani</span> 
     </span>
    </p>
   </div>
   <div class='ocr_carea' id='block_1_66' title="bbox 2123 1968 3771 2039">
    <p class='ocr_par' dir='ltr' id='par_1_66' title="bbox 2123 1968 3771 2039">
     <span class='ocr_line' id='line_1_66' title="bbox 2123 1968 3771 2039; baseline 0.004 -21"><span class='ocrx_word' id='word_1_453' title='bbox 2123 1982 2292 2037; x_wconf 93' lang='lat' dir='ltr'>porro</span> <span class='ocrx_word' id='word_1_454' title='bbox 2323 1983 2524 2036; x_wconf 83' lang='lat' dir='ltr'>graves</span> <span class='ocrx_word' id='word_1_455' title='bbox 2549 1968 2618 2021; x_wconf 87' lang='lat' dir='ltr'>ad</span> <span class='ocrx_word' id='word_1_456' title='bbox 2654 1968 3150 2039; x_wconf 87' lang='lat' dir='ltr'>persuadendum,</span> <span class='ocrx_word' id='word_1_457' title='bbox 3175 1972 3232 2024; x_wconf 89' lang='lat' dir='ltr'>et</span> <span class='ocrx_word' id='word_1_458' title='bbox 3249 1969 3320 2023; x_wconf 90' lang='lat' dir='ltr'>ad</span> <span class='ocrx_word' id='word_1_459' title='bbox 3345 1968 3771 2038; x_wconf 88' lang='lat' dir='ltr'>simulandum,</span> 
     </span>
    </p>
   </div>
   <div class='ocr_carea' id='block_1_67' title="bbox 2122 2055 3772 2128">
    <p class='ocr_par' dir='ltr' id='par_1_67' title="bbox 2122 2055 3772 2128">
     <span class='ocr_line' id='line_1_67' title="bbox 2122 2055 3772 2128; baseline 0.004 -20"><span class='ocrx_word' id='word_1_460' title='bbox 2122 2055 2221 2109; x_wconf 91' lang='lat' dir='ltr'>ubi</span> <span class='ocrx_word' id='word_1_461' title='bbox 2253 2055 2521 2110; x_wconf 90' lang='lat' dir='ltr'>viderunt</span> <span class='ocrx_word' id='word_1_462' title='bbox 2553 2057 2753 2128; x_wconf 90' lang='lat' dir='ltr'>procul</span> <span class='ocrx_word' id='word_1_463' title='bbox 2786 2057 2989 2112; x_wconf 88' lang='lat' dir='ltr'>abesse</span> <span class='ocrx_word' id='word_1_464' title='bbox 3019 2058 3117 2128; x_wconf 90' lang='lat' dir='ltr'>qui</span> <span class='ocrx_word' id='word_1_465' title='bbox 3143 2075 3383 2113; x_wconf 87' lang='lat' dir='ltr'>causam</span> <span class='ocrx_word' id='word_1_466' title='bbox 3416 2058 3772 2128; x_wconf 82' lang='lat' dir='ltr'>defenderet,</span> 
     </span>
    </p>
   </div>
   <div class='ocr_carea' id='block_1_68' title="bbox 2121 2143 3771 2217">
    <p class='ocr_par' dir='ltr' id='par_1_68' title="bbox 2121 2143 3771 2217">
     <span class='ocr_line' id='line_1_68' title="bbox 2121 2143 3771 2217; baseline 0.003 -20"><span class='ocrx_word' id='word_1_467' title='bbox 2121 2145 2399 2198; x_wconf 79' lang='lat' dir='ltr'>ell‘renata</span> <span class='ocrx_word' id='word_1_468' title='bbox 2457 2143 2659 2217; x_wconf 84' lang='lat' dir='ltr'>lingua</span> <span class='ocrx_word' id='word_1_469' title='bbox 2706 2147 2861 2216; x_wconf 90' lang='lat' dir='ltr'>apud</span> <span class='ocrx_word' id='word_1_470' title='bbox 2923 2146 3332 2217; x_wconf 84' lang='lat' dir='ltr'>imperatorem</span> <span class='ocrx_word' id='word_1_471' title='bbox 3384 2147 3771 2202; x_wconf 88' lang='lat' dir='ltr'>criminantes</span> 
     </span>
    </p>
   </div>
   <div class='ocr_carea' id='block_1_69' title="bbox 2120 2233 3771 2307">
    <p class='ocr_par' dir='ltr' id='par_1_69' title="bbox 2120 2233 3771 2307">
     <span class='ocr_line' id='line_1_69' title="bbox 2120 2233 3771 2307; baseline 0.003 -20"><span class='ocrx_word' id='word_1_472' title='bbox 2120 2233 2528 2303; x_wconf 85' lang='lat' dir='ltr'>Athanasium,</span> <span class='ocrx_word' id='word_1_473' title='bbox 2585 2240 2757 2305; x_wconf 87' lang='lat' dir='ltr'>atque</span> <span class='ocrx_word' id='word_1_474' title='bbox 2790 2235 3123 2306; x_wconf 80' lang='lat' dir='ltr'>perfacilem</span> <span class='ocrx_word' id='word_1_475' title='bbox 3158 2235 3321 2289; x_wconf 90' lang='lat' dir='ltr'>illum</span> <span class='ocrx_word' id='word_1_476' title='bbox 3354 2240 3410 2290; x_wconf 92' lang='lat' dir='ltr'>et</span> <span class='ocrx_word' id='word_1_477' title='bbox 3440 2234 3771 2307; x_wconf 88' lang='lat' dir='ltr'>simplicem</span> 
     </span>
    </p>
   </div>
   <div class='ocr_carea' id='block_1_70' title="bbox 2121 2322 3772 2395">
    <p class='ocr_par' dir='ltr' id='par_1_70' title="bbox 2121 2322 3772 2395">
     <span class='ocr_line' id='line_1_70' title="bbox 2121 2322 3772 2395; baseline 0.002 -19"><span class='ocrx_word' id='word_1_478' title='bbox 2121 2322 2528 2377; x_wconf 85' lang='lat' dir='ltr'>Constantium</span> <span class='ocrx_word' id='word_1_479' title='bbox 2563 2325 2974 2391; x_wconf 89' lang='lat' dir='ltr'>subornantes,</span> <span class='ocrx_word' id='word_1_480' title='bbox 3007 2324 3077 2379; x_wconf 93' lang='lat' dir='ltr'>ad</span> <span class='ocrx_word' id='word_1_481' title='bbox 3110 2325 3580 2395; x_wconf 86' lang='lat' dir='ltr'>sententiamque</span> <span class='ocrx_word' id='word_1_482' title='bbox 3601 2341 3772 2380; x_wconf 89' lang='lat' dir='ltr'>suam</span> 
     </span>
    </p>
   </div>
   <div class='ocr_carea' id='block_1_71' title="bbox 2123 2411 3772 2484">
    <p class='ocr_par' dir='ltr' id='par_1_71' title="bbox 2123 2411 3772 2484">
     <span class='ocr_line' id='line_1_71' title="bbox 2123 2411 3772 2484; baseline 0.002 -19"><span class='ocrx_word' id='word_1_483' title='bbox 2123 2411 2545 2482; x_wconf 84' lang='lat' dir='ltr'>pertrahentes,</span> <span class='ocrx_word' id='word_1_484' title='bbox 2580 2413 2876 2466; x_wconf 84' lang='lat' dir='ltr'>Athanasii</span> <span class='ocrx_word' id='word_1_485' title='bbox 2900 2412 3034 2468; x_wconf 89' lang='lat' dir='ltr'>licet</span> <span class='ocrx_word' id='word_1_486' title='bbox 3056 2412 3315 2468; x_wconf 87' lang='lat' dir='ltr'>absentis</span> <span class='ocrx_word' id='word_1_487' title='bbox 3347 2413 3772 2484; x_wconf 88' lang='lat' dir='ltr'>depositionem</span> 
     </span>
    </p>
   </div>
   <div class='ocr_carea' id='block_1_72' title="bbox 2121 2501 3773 2573">
    <p class='ocr_par' dir='ltr' id='par_1_72' title="bbox 2121 2501 3773 2573">
     <span class='ocr_line' id='line_1_72' title="bbox 2121 2501 3773 2573; baseline 0.002 -18"><span class='ocrx_word' id='word_1_488' title='bbox 2121 2502 2475 2555; x_wconf 76' lang='lat' dir='ltr'>decernunt:</span> <span class='ocrx_word' id='word_1_489' title='bbox 2532 2501 2874 2573; x_wconf 84' lang='lat' dir='ltr'>Gregorium</span> <span class='ocrx_word' id='word_1_490' title='bbox 2933 2519 3066 2556; x_wconf 85' lang='lat' dir='ltr'>vero</span> <span class='ocrx_word' id='word_1_491' title='bbox 3117 2503 3454 2572; x_wconf 85' lang='lat' dir='ltr'>quemdam,</span> <span class='ocrx_word' id='word_1_492' title='bbox 3503 2503 3773 2558; x_wconf 89' lang='lat' dir='ltr'>Arianico</span> 
     </span>
    </p>
   </div>
   <div class='ocr_carea' id='block_1_73' title="bbox 2121 2589 3775 2661">
    <p class='ocr_par' dir='ltr' id='par_1_73' title="bbox 2121 2589 3775 2661">
     <span class='ocr_line' id='line_1_73' title="bbox 2121 2589 3775 2661; baseline 0.002 -18"><span class='ocrx_word' id='word_1_493' title='bbox 2121 2589 2361 2661; x_wconf 85' lang='lat' dir='ltr'>plenum</span> <span class='ocrx_word' id='word_1_494' title='bbox 2397 2592 2608 2655; x_wconf 78' lang='lat' dir='ltr'>furore,</span> <span class='ocrx_word' id='word_1_495' title='bbox 2660 2589 3068 2645; x_wconf 83' lang='lat' dir='ltr'>Alexandriam</span> <span class='ocrx_word' id='word_1_496' title='bbox 3119 2589 3431 2645; x_wconf 90' lang='lat' dir='ltr'>intrudunt</span> <span class='ocrx_word' id='word_1_497' title='bbox 3487 2589 3547 2645; x_wconf 89' lang='lat' dir='ltr'>in</span> <span class='ocrx_word' id='word_1_498' title='bbox 3588 2590 3775 2646; x_wconf 84' lang='lat' dir='ltr'>Atha-</span> 
     </span>
    </p>
   </div>
   <div class='ocr_carea' id='block_1_74' title="bbox 2123 2677 3774 2740">
    <p class='ocr_par' dir='ltr' id='par_1_74' title="bbox 2123 2677 3774 2740">
     <span class='ocr_line' id='line_1_74' title="bbox 2123 2677 3774 2740; baseline 0.001 -8"><span class='ocrx_word' id='word_1_499' title='bbox 2123 2679 2268 2733; x_wconf 90' lang='lat' dir='ltr'>nasii</span> <span class='ocrx_word' id='word_1_500' title='bbox 2297 2677 2509 2733; x_wconf 91' lang='lat' dir='ltr'>locum.</span> <span class='ocrx_word' id='word_1_501' title='bbox 2558 2679 2629 2734; x_wconf 91' lang='lat' dir='ltr'>Ut</span> <span class='ocrx_word' id='word_1_502' title='bbox 2670 2686 2863 2740; x_wconf 87' lang='lat' dir='ltr'>autem</span> <span class='ocrx_word' id='word_1_503' title='bbox 2896 2679 3177 2734; x_wconf 88' lang='lat' dir='ltr'>arbitratu</span> <span class='ocrx_word' id='word_1_504' title='bbox 3233 2696 3339 2734; x_wconf 92' lang='lat' dir='ltr'>suo</span> <span class='ocrx_word' id='word_1_505' title='bbox 3386 2680 3506 2735; x_wconf 76' lang='lat' dir='ltr'>hzec</span> <span class='ocrx_word' id='word_1_506' title='bbox 3537 2679 3620 2734; x_wconf 89' lang='lat' dir='ltr'>ita</span> <span class='ocrx_word' id='word_1_507' title='bbox 3653 2679 3774 2734; x_wconf 89' lang='lat' dir='ltr'>dis-</span> 
     </span>
    </p>
   </div>
   <div class='ocr_carea' id='block_1_75' title="bbox 2123 2769 3842 2839">
    <p class='ocr_par' dir='ltr' id='par_1_75' title="bbox 2123 2769 3842 2839">
     <span class='ocr_line' id='line_1_75' title="bbox 2123 2769 3842 2839; baseline 0.001 -18"><span class='ocrx_word' id='word_1_508' title='bbox 2123 2772 2466 2839; x_wconf 89' lang='lat' dir='ltr'>pensarunt,</span> <span class='ocrx_word' id='word_1_509' title='bbox 2552 2784 2766 2838; x_wconf 82' lang='lat' dir='ltr'>magna</span> <span class='ocrx_word' id='word_1_510' title='bbox 2836 2769 2962 2838; x_wconf 91' lang='lat' dir='ltr'>jam</span> <span class='ocrx_word' id='word_1_511' title='bbox 3044 2785 3178 2822; x_wconf 91' lang='lat' dir='ltr'>cum</span> <span class='ocrx_word' id='word_1_512' title='bbox 3258 2772 3543 2838; x_wconf 88' lang='lat' dir='ltr'>potestate</span> <span class='ocrx_word' id='word_1_513' title='bbox 3602 2785 3773 2823; x_wconf 87' lang='lat' dir='ltr'>suam</span> <span class='ocrx_word' id='word_1_514' title='bbox 3835 2783 3842 2788; x_wconf 92' lang='lat'>&#39;</span> 
     </span>
    </p>
   </div>
   <div class='ocr_carea' id='block_1_76' title="bbox 2124 2857 3771 2929">
    <p class='ocr_par' dir='ltr' id='par_1_76' title="bbox 2124 2857 3771 2929">
     <span class='ocr_line' id='line_1_76' title="bbox 2124 2857 3771 2929; baseline 0.001 -19"><span class='ocrx_word' id='word_1_515' title='bbox 2124 2857 2380 2911; x_wconf 75' lang='lat' dir='ltr'>inferunt</span> <span class='ocrx_word' id='word_1_516' title='bbox 2434 2857 2784 2912; x_wconf 89' lang='lat' dir='ltr'>doctrinam.</span> <span class='ocrx_word' id='word_1_517' title='bbox 2836 2857 3151 2929; x_wconf 88' lang='lat' dir='ltr'>Gregorius</span> <span class='ocrx_word' id='word_1_518' title='bbox 3211 2861 3426 2927; x_wconf 87' lang='lat' dir='ltr'>autem,</span> <span class='ocrx_word' id='word_1_519' title='bbox 3507 2858 3771 2912; x_wconf 91' lang='lat' dir='ltr'>nondum</span> 
     </span>
    </p>
   </div>
   <div class='ocr_carea' id='block_1_77' title="bbox 2120 2944 3772 3018">
    <p class='ocr_par' dir='ltr' id='par_1_77' title="bbox 2120 2944 3772 3018">
     <span class='ocr_line' id='line_1_77' title="bbox 2120 2944 3772 3018; baseline 0.001 -18"><span class='ocrx_word' id='word_1_520' title='bbox 2120 2945 2528 3000; x_wconf 79' lang='lat' dir='ltr'>Alexandriam</span> <span class='ocrx_word' id='word_1_521' title='bbox 2555 2947 2878 3016; x_wconf 88' lang='lat' dir='ltr'>ingressus,</span> <span class='ocrx_word' id='word_1_522' title='bbox 2912 2946 3226 3017; x_wconf 88' lang='lat' dir='ltr'>quasijam</span> <span class='ocrx_word' id='word_1_523' title='bbox 3259 2945 3525 3002; x_wconf 62' lang='lat' dir='ltr'>Ecclesia</span> <span class='ocrx_word' id='word_1_524' title='bbox 3557 2944 3772 3018; x_wconf 66' lang='lat' dir='ltr'>praesul</span> 
     </span>
    </p>
   </div>
   <div class='ocr_carea' id='block_1_78' title="bbox 2123 3033 3775 3106">
    <p class='ocr_par' dir='ltr' id='par_1_78' title="bbox 2123 3033 3775 3106">
     <span class='ocr_line' id='line_1_78' title="bbox 2123 3033 3775 3106; baseline 0 -16"><span class='ocrx_word' id='word_1_525' title='bbox 2123 3040 2296 3099; x_wconf 86' lang='lat' dir='ltr'>esset,</span> <span class='ocrx_word' id='word_1_526' title='bbox 2329 3039 2384 3089; x_wconf 91' lang='lat' dir='ltr'>et</span> <span class='ocrx_word' id='word_1_527' title='bbox 2416 3035 2690 3090; x_wconf 90' lang='lat' dir='ltr'>thronum</span> <span class='ocrx_word' id='word_1_528' title='bbox 2724 3039 3104 3105; x_wconf 85' lang='lat' dir='ltr'>occupasset;</span> <span class='ocrx_word' id='word_1_529' title='bbox 3138 3040 3193 3090; x_wconf 86' lang='lat' dir='ltr'>et</span> <span class='ocrx_word' id='word_1_530' title='bbox 3222 3035 3389 3106; x_wconf 88' lang='lat' dir='ltr'>quasi</span> <span class='ocrx_word' id='word_1_531' title='bbox 3421 3037 3547 3105; x_wconf 87' lang='lat' dir='ltr'>jam</span> <span class='ocrx_word' id='word_1_532' title='bbox 3571 3033 3681 3091; x_wconf 89' lang='lat' dir='ltr'>sibi</span> <span class='ocrx_word' id='word_1_533' title='bbox 3708 3051 3775 3090; x_wconf 86' lang='lat' dir='ltr'>ea</span> 
     </span>
    </p>
   </div>
   <div class='ocr_carea' id='block_1_79' title="bbox 2123 3123 3772 3196">
    <p class='ocr_par' dir='ltr' id='par_1_79' title="bbox 2123 3123 3772 3196">
     <span class='ocr_line' id='line_1_79' title="bbox 2123 3123 3772 3196; baseline -0.001 -17"><span class='ocrx_word' id='word_1_534' title='bbox 2123 3124 2394 3179; x_wconf 91' lang='lat' dir='ltr'>obvenire</span> <span class='ocrx_word' id='word_1_535' title='bbox 2436 3128 2712 3190; x_wconf 89' lang='lat' dir='ltr'>cerneret,</span> <span class='ocrx_word' id='word_1_536' title='bbox 2765 3141 2892 3195; x_wconf 68' lang='lat' dir='ltr'>quae</span> <span class='ocrx_word' id='word_1_537' title='bbox 2935 3141 3006 3178; x_wconf 89' lang='lat' dir='ltr'>ne</span> <span class='ocrx_word' id='word_1_538' title='bbox 3053 3141 3155 3196; x_wconf 91' lang='lat' dir='ltr'>per</span> <span class='ocrx_word' id='word_1_539' title='bbox 3203 3140 3481 3179; x_wconf 89' lang='lat' dir='ltr'>somnum</span> <span class='ocrx_word' id='word_1_540' title='bbox 3535 3123 3772 3195; x_wconf 90' lang='lat' dir='ltr'>quidem</span> 
     </span>
    </p>
   </div>
   <div class='ocr_carea' id='block_1_80' title="bbox 2124 3212 3778 3284">
    <p class='ocr_par' dir='ltr' id='par_1_80' title="bbox 2124 3212 3778 3284">
     <span class='ocr_line' id='line_1_80' title="bbox 2124 3212 3778 3284; baseline -0.001 -16"><span class='ocrx_word' id='word_1_541' title='bbox 2124 3216 2436 3284; x_wconf 88' lang='lat' dir='ltr'>sperasset,</span> <span class='ocrx_word' id='word_1_542' title='bbox 2470 3212 2678 3267; x_wconf 87' lang='lat' dir='ltr'>litteris</span> <span class='ocrx_word' id='word_1_543' title='bbox 2710 3213 2946 3284; x_wconf 89' lang='lat' dir='ltr'>propria</span> <span class='ocrx_word' id='word_1_544' title='bbox 2978 3229 3156 3267; x_wconf 89' lang='lat' dir='ltr'>manu</span> <span class='ocrx_word' id='word_1_545' title='bbox 3177 3212 3525 3284; x_wconf 90' lang='lat' dir='ltr'>conscriptis</span> <span class='ocrx_word' id='word_1_546' title='bbox 3546 3213 3778 3268; x_wconf 87' lang='lat' dir='ltr'>decreta</span> 
     </span>
    </p>
   </div>
   <div class='ocr_carea' id='block_1_81' title="bbox 2125 3299 3777 3373">
    <p class='ocr_par' dir='ltr' id='par_1_81' title="bbox 2125 3299 3777 3373">
     <span class='ocr_line' id='line_1_81' title="bbox 2125 3299 3777 3373; baseline 0 -17"><span class='ocrx_word' id='word_1_547' title='bbox 2125 3301 2251 3372; x_wconf 92' lang='lat' dir='ltr'>ipse</span> <span class='ocrx_word' id='word_1_548' title='bbox 2273 3301 2675 3356; x_wconf 83' lang='lat' dir='ltr'>confirmabat.</span> <span class='ocrx_word' id='word_1_549' title='bbox 2709 3301 2865 3356; x_wconf 88' lang='lat' dir='ltr'>Talis</span> <span class='ocrx_word' id='word_1_550' title='bbox 2895 3301 3050 3356; x_wconf 90' lang='lat' dir='ltr'>enim</span> <span class='ocrx_word' id='word_1_551' title='bbox 3097 3305 3185 3356; x_wconf 86' lang='lat' dir='ltr'>est</span> <span class='ocrx_word' id='word_1_552' title='bbox 3209 3301 3576 3373; x_wconf 89' lang='lat' dir='ltr'>impudentia</span> <span class='ocrx_word' id='word_1_553' title='bbox 3605 3304 3662 3356; x_wconf 90' lang='lat' dir='ltr'>et</span> <span class='ocrx_word' id='word_1_554' title='bbox 3699 3299 3777 3356; x_wconf 89' lang='lat' dir='ltr'>le-</span> 
     </span>
    </p>
   </div>
   <div class='ocr_carea' id='block_1_82' title="bbox 2125 3389 3774 3461">
    <p class='ocr_par' dir='ltr' id='par_1_82' title="bbox 2125 3389 3774 3461">
     <span class='ocr_line' id='line_1_82' title="bbox 2125 3389 3774 3461; baseline 0 -17"><span class='ocrx_word' id='word_1_555' title='bbox 2125 3391 2293 3455; x_wconf 84' lang='lat' dir='ltr'>vitas,</span> <span class='ocrx_word' id='word_1_556' title='bbox 2330 3389 2385 3442; x_wconf 93' lang='lat' dir='ltr'>in</span> <span class='ocrx_word' id='word_1_557' title='bbox 2420 3406 2597 3443; x_wconf 89' lang='lat' dir='ltr'>manu</span> <span class='ocrx_word' id='word_1_558' title='bbox 2658 3406 2890 3460; x_wconf 89' lang='lat' dir='ltr'>semper</span> <span class='ocrx_word' id='word_1_559' title='bbox 2945 3390 3045 3444; x_wconf 93' lang='lat' dir='ltr'>illa</span> <span class='ocrx_word' id='word_1_560' title='bbox 3101 3389 3317 3445; x_wconf 90' lang='lat' dir='ltr'>habere</span> <span class='ocrx_word' id='word_1_561' title='bbox 3362 3406 3423 3444; x_wconf 91' lang='lat' dir='ltr'>se</span> <span class='ocrx_word' id='word_1_562' title='bbox 3454 3393 3620 3460; x_wconf 90' lang='lat' dir='ltr'>putat</span> <span class='ocrx_word' id='word_1_563' title='bbox 3646 3406 3774 3461; x_wconf 73' lang='lat' dir='ltr'>quae</span> 
     </span>
    </p>
   </div>
   <div class='ocr_carea' id='block_1_83' title="bbox 2125 3478 3778 3550">
    <p class='ocr_par' dir='ltr' id='par_1_83' title="bbox 2125 3478 3778 3550">
     <span class='ocr_line' id='line_1_83' title="bbox 2125 3478 3778 3550; baseline 0 -16"><span class='ocrx_word' id='word_1_564' title='bbox 2125 3483 2554 3548; x_wconf 83' lang='lat' dir='ltr'>exspectantur.</span> <span class='ocrx_word' id='word_1_565' title='bbox 2589 3479 2876 3534; x_wconf 89' lang='lat' dir='ltr'>Eusebius</span> <span class='ocrx_word' id='word_1_566' title='bbox 2908 3483 3128 3548; x_wconf 87' lang='lat' dir='ltr'>autem,</span> <span class='ocrx_word' id='word_1_567' title='bbox 3158 3479 3374 3550; x_wconf 89' lang='lat' dir='ltr'>dignus</span> <span class='ocrx_word' id='word_1_568' title='bbox 3406 3495 3547 3533; x_wconf 90' lang='lat' dir='ltr'>sane</span> <span class='ocrx_word' id='word_1_569' title='bbox 3575 3478 3778 3550; x_wconf 91' lang='lat' dir='ltr'>impie-</span> 
     </span>
    </p>
   </div>
   <div class='ocr_carea' id='block_1_84' title="bbox 2126 3567 3778 3639">
    <p class='ocr_par' dir='ltr' id='par_1_84' title="bbox 2126 3567 3778 3639">
     <span class='ocr_line' id='line_1_84' title="bbox 2126 3567 3778 3639; baseline -0.002 -16"><span class='ocrx_word' id='word_1_570' title='bbox 2126 3567 2265 3623; x_wconf 84' lang='lat' dir='ltr'>tatis</span> <span class='ocrx_word' id='word_1_571' title='bbox 2319 3567 2762 3639; x_wconf 76' lang='lat' dir='ltr'>antesignanus,</span> <span class='ocrx_word' id='word_1_572' title='bbox 2796 3568 2893 3622; x_wconf 90' lang='lat' dir='ltr'>ubi</span> <span class='ocrx_word' id='word_1_573' title='bbox 2918 3584 2986 3622; x_wconf 85' lang='lat' dir='ltr'>ex</span> <span class='ocrx_word' id='word_1_574' title='bbox 3007 3567 3299 3623; x_wconf 90' lang='lat' dir='ltr'>sententia</span> <span class='ocrx_word' id='word_1_575' title='bbox 3319 3584 3427 3622; x_wconf 92' lang='lat' dir='ltr'>sua</span> <span class='ocrx_word' id='word_1_576' title='bbox 3451 3583 3543 3622; x_wconf 91' lang='lat' dir='ltr'>res</span> <span class='ocrx_word' id='word_1_577' title='bbox 3567 3567 3778 3622; x_wconf 84' lang='lat' dir='ltr'>consti-</span> 
     </span>
    </p>
   </div>
   <div class='ocr_carea' id='block_1_85' title="bbox 2127 3655 3769 3727">
    <p class='ocr_par' dir='ltr' id='par_1_85' title="bbox 2127 3655 3769 3727">
     <span class='ocr_line' id='line_1_85' title="bbox 2127 3655 3769 3727; baseline 0 -17"><span class='ocrx_word' id='word_1_578' title='bbox 2127 3662 2263 3711; x_wconf 71' lang='lat' dir='ltr'>tuta:</span> <span class='ocrx_word' id='word_1_579' title='bbox 2298 3657 2476 3722; x_wconf 84' lang='lat' dir='ltr'>fuere,</span> <span class='ocrx_word' id='word_1_580' title='bbox 2530 3657 2752 3727; x_wconf 84' lang='lat' dir='ltr'>iegatos</span> <span class='ocrx_word' id='word_1_581' title='bbox 2786 3657 2967 3711; x_wconf 88' lang='lat' dir='ltr'>mittit</span> <span class='ocrx_word' id='word_1_582' title='bbox 2995 3657 3067 3710; x_wconf 90' lang='lat' dir='ltr'>ad</span> <span class='ocrx_word' id='word_1_583' title='bbox 3097 3655 3346 3722; x_wconf 90' lang='lat' dir='ltr'>Julium,</span> <span class='ocrx_word' id='word_1_584' title='bbox 3379 3655 3769 3711; x_wconf 77' lang='lat' dir='ltr'>Athanasium</span> 
     </span>
    </p>
   </div>
   <div class='ocr_carea' id='block_1_86' title="bbox 2128 3744 3775 3816">
    <p class='ocr_par' dir='ltr' id='par_1_86' title="bbox 2128 3744 3775 3816">
     <span class='ocr_line' id='line_1_86' title="bbox 2128 3744 3775 3816; baseline 0.001 -17"><span class='ocrx_word' id='word_1_585' title='bbox 2128 3747 2186 3800; x_wconf 90' lang='lat' dir='ltr'>in</span> <span class='ocrx_word' id='word_1_586' title='bbox 2215 3745 2474 3816; x_wconf 89' lang='lat' dir='ltr'>epistolis</span> <span class='ocrx_word' id='word_1_587' title='bbox 2509 3745 2633 3799; x_wconf 89' lang='lat' dir='ltr'>suis</span> <span class='ocrx_word' id='word_1_588' title='bbox 2664 3745 3037 3800; x_wconf 89' lang='lat' dir='ltr'>vehementer</span> <span class='ocrx_word' id='word_1_589' title='bbox 3066 3762 3388 3812; x_wconf 87' lang='lat' dir='ltr'>accusans;</span> <span class='ocrx_word' id='word_1_590' title='bbox 3423 3744 3588 3799; x_wconf 89' lang='lat' dir='ltr'>misit</span> <span class='ocrx_word' id='word_1_591' title='bbox 3635 3745 3775 3800; x_wconf 89' lang='lat' dir='ltr'>item</span> 
     </span>
    </p>
   </div>
   <div class='ocr_carea' id='block_1_87' title="bbox 2128 3833 3777 3906">
    <p class='ocr_par' dir='ltr' id='par_1_87' title="bbox 2128 3833 3777 3906">
     <span class='ocr_line' id='line_1_87' title="bbox 2128 3833 3777 3906; baseline -0.001 -16"><span class='ocrx_word' id='word_1_592' title='bbox 2128 3852 2226 3890; x_wconf 91' lang='lat' dir='ltr'>eas</span> <span class='ocrx_word' id='word_1_593' title='bbox 2258 3851 2405 3905; x_wconf 87' lang='lat' dir='ltr'>quas</span> <span class='ocrx_word' id='word_1_594' title='bbox 2437 3839 2638 3888; x_wconf 90' lang='lat' dir='ltr'>contra</span> <span class='ocrx_word' id='word_1_595' title='bbox 2659 3835 2848 3889; x_wconf 85' lang='lat' dir='ltr'>virum</span> <span class='ocrx_word' id='word_1_596' title='bbox 2882 3838 3141 3890; x_wconf 80' lang='lat' dir='ltr'>stuxerat</span> <span class='ocrx_word' id='word_1_597' title='bbox 3172 3833 3498 3889; x_wconf 81' lang='lat' dir='ltr'>calumnias</span> <span class='ocrx_word' id='word_1_598' title='bbox 3530 3840 3587 3889; x_wconf 91' lang='lat' dir='ltr'>et</span> <span class='ocrx_word' id='word_1_599' title='bbox 3618 3850 3777 3906; x_wconf 77' lang='lat' dir='ltr'>syco-</span> 
     </span>
    </p>
   </div>
   <div class='ocr_carea' id='block_1_88' title="bbox 2129 3923 3775 3997">
    <p class='ocr_par' dir='ltr' id='par_1_88' title="bbox 2129 3923 3775 3997">
     <span class='ocr_line' id='line_1_88' title="bbox 2129 3923 3775 3997; baseline 0.001 -19"><span class='ocrx_word' id='word_1_600' title='bbox 2129 3924 2418 3997; x_wconf 80' lang='lat' dir='ltr'>phantias,</span> <span class='ocrx_word' id='word_1_601' title='bbox 2440 3923 2700 3994; x_wconf 84' lang='lat' dir='ltr'>judicem</span> <span class='ocrx_word' id='word_1_602' title='bbox 2724 3923 2901 3978; x_wconf 90' lang='lat' dir='ltr'>simul</span> <span class='ocrx_word' id='word_1_603' title='bbox 2926 3929 2981 3978; x_wconf 90' lang='lat' dir='ltr'>et</span> <span class='ocrx_word' id='word_1_604' title='bbox 3001 3928 3388 3995; x_wconf 90' lang='lat' dir='ltr'>correptorem</span> <span class='ocrx_word' id='word_1_605' title='bbox 3411 3924 3775 3979; x_wconf 87' lang='lat' dir='ltr'>constituens</span> 
     </span>
    </p>
   </div>
   <div class='ocr_carea' id='block_1_89' title="bbox 2126 4011 3778 4084">
    <p class='ocr_par' dir='ltr' id='par_1_89' title="bbox 2126 4011 3778 4084">
     <span class='ocr_line' id='line_1_89' title="bbox 2126 4011 3778 4084; baseline 0.001 -17"><span class='ocrx_word' id='word_1_606' title='bbox 2126 4013 2370 4068; x_wconf 87' lang='lat' dir='ltr'>Julium.</span> <span class='ocrx_word' id='word_1_607' title='bbox 2421 4016 2494 4066; x_wconf 86' lang='lat' dir='ltr'>At</span> <span class='ocrx_word' id='word_1_608' title='bbox 2551 4011 2645 4066; x_wconf 90' lang='lat' dir='ltr'>ille</span> <span class='ocrx_word' id='word_1_609' title='bbox 2678 4015 2886 4084; x_wconf 87' lang='lat' dir='ltr'>(neque</span> <span class='ocrx_word' id='word_1_610' title='bbox 2941 4013 3098 4068; x_wconf 91' lang='lat' dir='ltr'>enim</span> <span class='ocrx_word' id='word_1_611' title='bbox 3130 4012 3265 4068; x_wconf 87' lang='lat' dir='ltr'>talis</span> <span class='ocrx_word' id='word_1_612' title='bbox 3313 4017 3437 4068; x_wconf 89' lang='lat' dir='ltr'>erat</span> <span class='ocrx_word' id='word_1_613' title='bbox 3469 4012 3570 4084; x_wconf 88' lang='lat' dir='ltr'>qui</span> <span class='ocrx_word' id='word_1_614' title='bbox 3623 4016 3778 4068; x_wconf 87' lang='lat' dir='ltr'>com-</span> 
     </span>
    </p>
   </div>
   <div class='ocr_carea' id='block_1_90' title="bbox 2129 4101 3789 4173">
    <p class='ocr_par' dir='ltr' id='par_1_90' title="bbox 2129 4101 3789 4173">
     <span class='ocr_line' id='line_1_90' title="bbox 2129 4101 3789 4173; baseline -0.002 -13"><span class='ocrx_word' id='word_1_615' title='bbox 2129 4104 2342 4160; x_wconf 90' lang='lat' dir='ltr'>mentis</span> <span class='ocrx_word' id='word_1_616' title='bbox 2373 4106 2429 4156; x_wconf 92' lang='lat' dir='ltr'>et</span> <span class='ocrx_word' id='word_1_617' title='bbox 2459 4102 2607 4156; x_wconf 89' lang='lat' dir='ltr'>dolis</span> <span class='ocrx_word' id='word_1_618' title='bbox 2634 4102 2800 4157; x_wconf 79' lang='lat' dir='ltr'>facile</span> <span class='ocrx_word' id='word_1_619' title='bbox 2834 4102 3408 4170; x_wconf 89' lang='lat' dir='ltr'>circumveniretur;</span> <span class='ocrx_word' id='word_1_620' title='bbox 3443 4102 3560 4157; x_wconf 91' lang='lat' dir='ltr'>imo</span> <span class='ocrx_word' id='word_1_621' title='bbox 3591 4101 3789 4173; x_wconf 88' lang='lat' dir='ltr'>potius</span> 
     </span>
    </p>
   </div>
   <div class='ocr_carea' id='block_1_91' title="bbox 2128 4190 3786 4264">
    <p class='ocr_par' dir='ltr' id='par_1_91' title="bbox 2128 4190 3786 4264">
     <span class='ocr_line' id='line_1_91' title="bbox 2128 4190 3786 4264; baseline -0.001 -16"><span class='ocrx_word' id='word_1_622' title='bbox 2128 4192 2671 4264; x_wconf 82' lang='lat' dir='ltr'>perspicacissimus</span> <span class='ocrx_word' id='word_1_623' title='bbox 2731 4192 2802 4246; x_wconf 86' lang='lat' dir='ltr'>ad</span> <span class='ocrx_word' id='word_1_624' title='bbox 2856 4191 3196 4262; x_wconf 88' lang='lat' dir='ltr'>hujusmodi</span> <span class='ocrx_word' id='word_1_625' title='bbox 3233 4207 3326 4246; x_wconf 88' lang='lat' dir='ltr'>res</span> <span class='ocrx_word' id='word_1_626' title='bbox 3375 4190 3786 4263; x_wconf 89' lang='lat' dir='ltr'>intelligendas</span> 
     </span>
    </p>
   </div>
   <div class='ocr_carea' id='block_1_92' title="bbox 2129 4277 3785 4352">
    <p class='ocr_par' dir='ltr' id='par_1_92' title="bbox 2129 4277 3785 4352">
     <span class='ocr_line' id='line_1_92' title="bbox 2129 4277 3785 4352; baseline -0.001 -16"><span class='ocrx_word' id='word_1_627' title='bbox 2129 4298 2194 4336; x_wconf 90' lang='lat' dir='ltr'>ac</span> <span class='ocrx_word' id='word_1_628' title='bbox 2226 4281 2792 4352; x_wconf 75' lang='lat' dir='ltr'>deprehendendas),</span> <span class='ocrx_word' id='word_1_629' title='bbox 2842 4297 2974 4334; x_wconf 92' lang='lat' dir='ltr'>cum</span> <span class='ocrx_word' id='word_1_630' title='bbox 3008 4279 3241 4335; x_wconf 91' lang='lat' dir='ltr'>Eusebii</span> <span class='ocrx_word' id='word_1_631' title='bbox 3275 4278 3497 4334; x_wconf 89' lang='lat' dir='ltr'>litteras</span> <span class='ocrx_word' id='word_1_632' title='bbox 3530 4277 3785 4351; x_wconf 85' lang='lat' dir='ltr'>accepis-</span> 
     </span>
    </p>
   </div>
   <div class='ocr_carea' id='block_1_93' title="bbox 2131 4366 3784 4441">
    <p class='ocr_par' dir='ltr' id='par_1_93' title="bbox 2131 4366 3784 4441">
     <span class='ocr_line' id='line_1_93' title="bbox 2131 4366 3784 4441; baseline -0.004 -15"><span class='ocrx_word' id='word_1_633' title='bbox 2131 4375 2236 4439; x_wconf 89' lang='lat' dir='ltr'>set,</span> <span class='ocrx_word' id='word_1_634' title='bbox 2274 4387 2339 4424; x_wconf 92' lang='lat' dir='ltr'>ac</span> <span class='ocrx_word' id='word_1_635' title='bbox 2371 4370 2678 4441; x_wconf 77' lang='lat' dir='ltr'>diligenter</span> <span class='ocrx_word' id='word_1_636' title='bbox 2716 4374 2772 4424; x_wconf 89' lang='lat' dir='ltr'>et</span> <span class='ocrx_word' id='word_1_637' title='bbox 2826 4373 3043 4423; x_wconf 88' lang='lat' dir='ltr'>attente</span> <span class='ocrx_word' id='word_1_638' title='bbox 3093 4367 3454 4440; x_wconf 89' lang='lat' dir='ltr'>perlegisset,</span> <span class='ocrx_word' id='word_1_639' title='bbox 3490 4366 3784 4422; x_wconf 86' lang='lat' dir='ltr'>intellecta</span> 
     </span>
    </p>
   </div>
   <div class='ocr_carea' id='block_1_94' title="bbox 2129 4455 3788 4527">
    <p class='ocr_par' dir='ltr' id='par_1_94' title="bbox 2129 4455 3788 4527">
     <span class='ocr_line' id='line_1_94' title="bbox 2129 4455 3788 4527; baseline -0.002 -13"><span class='ocrx_word' id='word_1_640' title='bbox 2129 4476 2330 4515; x_wconf 91' lang='lat' dir='ltr'>earum</span> <span class='ocrx_word' id='word_1_641' title='bbox 2363 4458 2661 4526; x_wconf 77' lang='lat' dir='ltr'>futilitate,</span> <span class='ocrx_word' id='word_1_642' title='bbox 2696 4457 3048 4512; x_wconf 86' lang='lat' dir='ltr'>contrariam</span> <span class='ocrx_word' id='word_1_643' title='bbox 3086 4457 3208 4527; x_wconf 90' lang='lat' dir='ltr'>ipse</span> <span class='ocrx_word' id='word_1_644' title='bbox 3238 4455 3376 4510; x_wconf 88' lang='lat' dir='ltr'>tulit</span> <span class='ocrx_word' id='word_1_645' title='bbox 3407 4456 3788 4522; x_wconf 86' lang='lat' dir='ltr'>sententiam,</span> 
     </span>
    </p>
   </div>
   <div class='ocr_carea' id='block_1_95' title="bbox 2130 4543 3786 4602">
    <p class='ocr_par' dir='ltr' id='par_1_95' title="bbox 2130 4543 3786 4602">
     <span class='ocr_line' id='line_1_95' title="bbox 2130 4543 3786 4602; baseline -0.001 -2"><span class='ocrx_word' id='word_1_646' title='bbox 2130 4547 2519 4602; x_wconf 87' lang='lat' dir='ltr'>Athanasium</span> <span class='ocrx_word' id='word_1_647' title='bbox 2554 4546 2763 4601; x_wconf 88' lang='lat' dir='ltr'>litteris</span> <span class='ocrx_word' id='word_1_648' title='bbox 2797 4545 3090 4600; x_wconf 90' lang='lat' dir='ltr'>munitum</span> <span class='ocrx_word' id='word_1_649' title='bbox 3119 4544 3244 4600; x_wconf 90' lang='lat' dir='ltr'>suis</span> <span class='ocrx_word' id='word_1_650' title='bbox 3276 4544 3517 4600; x_wconf 89' lang='lat' dir='ltr'>remittit</span> <span class='ocrx_word' id='word_1_651' title='bbox 3537 4543 3786 4598; x_wconf 84' lang='lat' dir='ltr'>Alexan-</span> 
     </span>
    </p>
   </div>
   <div class='ocr_carea' id='block_1_96' title="bbox 359 4631 2029 4722">
    <p class='ocr_par' dir='ltr' id='par_1_96' title="bbox 359 4631 2020 4722">
     <span class='ocr_line' id='line_1_96' title="bbox 359 4631 2020 4722; baseline -0.007 -22"><span class='ocrx_word' id='word_1_652' title='bbox 359 4631 874 4722; x_wconf 76' lang='grc' dir='ltr'>ἀποψηφισάμενος,</span> <span class='ocrx_word' id='word_1_653' title='bbox 932 4638 1023 4696; x_wconf 78' lang='grc' dir='ltr'>καί</span> <span class='ocrx_word' id='word_1_654' title='bbox 1081 4637 1394 4716; x_wconf 77' lang='grc' dir='ltr'>γράμμασιν</span> <span class='ocrx_word' id='word_1_655' title='bbox 1447 4634 1758 4694; x_wconf 76' lang='grc' dir='ltr'>Ἀθανάσιον</span> <span class='ocrx_word' id='word_1_656' title='bbox 1805 4634 2020 4711; x_wconf 78' lang='grc' dir='ltr'>ὀχυρώ-</span> 
     </span>
    </p>
   </div>
   <div class='ocr_carea' id='block_1_97' title="bbox 2125 4631 3794 4722">
    <p class='ocr_par' dir='ltr' id='par_1_97' title="bbox 2132 4631 3794 4708">
     <span class='ocr_line' id='line_1_97' title="bbox 2132 4631 3794 4708; baseline -0.002 -16"><span class='ocrx_word' id='word_1_657' title='bbox 2132 4637 2342 4706; x_wconf 89' lang='lat' dir='ltr'>driam,</span> <span class='ocrx_word' id='word_1_658' title='bbox 2379 4652 2482 4692; x_wconf 88' lang='lat' dir='ltr'>nec</span> <span class='ocrx_word' id='word_1_659' title='bbox 2513 4652 2722 4708; x_wconf 89' lang='lat' dir='ltr'>parum</span> <span class='ocrx_word' id='word_1_660' title='bbox 2781 4633 3124 4706; x_wconf 87' lang='lat' dir='ltr'>perstrinxit</span> <span class='ocrx_word' id='word_1_661' title='bbox 3181 4650 3280 4689; x_wconf 90' lang='lat' dir='ltr'>eos</span> <span class='ocrx_word' id='word_1_662' title='bbox 3331 4632 3429 4704; x_wconf 92' lang='lat' dir='ltr'>qui</span> <span class='ocrx_word' id='word_1_663' title='bbox 3489 4631 3794 4705; x_wconf 85' lang='lat' dir='ltr'>deposuis-</span> 
     </span>
    </p>
   </div>
   <div class='ocr_carea' id='block_1_98' title="bbox 357 4723 2011 4807">
    <p class='ocr_par' dir='ltr' id='par_1_98' title="bbox 357 4723 2011 4807">
     <span class='ocr_line' id='line_1_98' title="bbox 357 4723 2011 4807; baseline -0.008 -17"><span class='ocrx_word' id='word_1_664' title='bbox 357 4755 482 4804; x_wconf 87' lang='grc' dir='ltr'>σας,</span> <span class='ocrx_word' id='word_1_665' title='bbox 537 4733 802 4805; x_wconf 82' lang='grc' dir='ltr'>ἐκπέμπει</span> <span class='ocrx_word' id='word_1_666' title='bbox 862 4730 998 4807; x_wconf 88' lang='grc' dir='ltr'>πρὸς</span> <span class='ocrx_word' id='word_1_667' title='bbox 1070 4725 1499 4800; x_wconf 82' lang='grc' dir='ltr'>Ἀλεξανδρείαν,</span> <span class='ocrx_word' id='word_1_668' title='bbox 1561 4725 1660 4780; x_wconf 79' lang='grc' dir='ltr'>οὐκ</span> <span class='ocrx_word' id='word_1_669' title='bbox 1720 4723 1886 4800; x_wconf 83' lang='grc' dir='ltr'>ὀλίγα</span> <span class='ocrx_word' id='word_1_670' title='bbox 1922 4723 2011 4778; x_wconf 82' lang='grc' dir='ltr'>καί</span> 
     </span>
    </p>
   </div>
   <div class='ocr_carea' id='block_1_99' title="bbox 355 4813 1718 4898">
    <p class='ocr_par' dir='ltr' id='par_1_99' title="bbox 355 4813 1718 4898">
     <span class='ocr_line' id='line_1_99' title="bbox 355 4813 1718 4898; baseline -0.007 -19"><span class='ocrx_word' id='word_1_671' title='bbox 355 4828 471 4879; x_wconf 86' lang='grc' dir='ltr'>τῶν</span> <span class='ocrx_word' id='word_1_672' title='bbox 508 4825 796 4898; x_wconf 89' lang='grc' dir='ltr'>προπετῶς</span> <span class='ocrx_word' id='word_1_673' title='bbox 838 4818 996 4875; x_wconf 74' lang='grc' dir='ltr'>αὐτὸν</span> <span class='ocrx_word' id='word_1_674' title='bbox 1037 4814 1378 4872; x_wconf 86' lang='grc' dir='ltr'>καθελόντων</span> <span class='ocrx_word' id='word_1_675' title='bbox 1422 4813 1718 4890; x_wconf 74' lang='grc' dir='ltr'>ἁψάμενος.</span> 
     </span>
    </p>
   </div>
   <div class='ocr_carea' id='block_1_100' title="bbox 435 4902 2012 4987">
    <p class='ocr_par' dir='ltr' id='par_1_100' title="bbox 435 4902 2012 4987">
     <span class='ocr_line' id='line_1_100' title="bbox 435 4902 2012 4987; baseline -0.008 -18"><span class='ocrx_word' id='word_1_676' title='bbox 435 4915 523 4970; x_wconf 87' lang='grc'>16.</span> <span class='ocrx_word' id='word_1_677' title='bbox 558 4915 663 4967; x_wconf 79' lang='grc' dir='ltr'>Τοῖ’)</span> <span class='ocrx_word' id='word_1_678' title='bbox 705 4908 762 4966; x_wconf 75' lang='grc' dir='ltr'>δὲ</span> <span class='ocrx_word' id='word_1_679' title='bbox 798 4910 936 4987; x_wconf 88' lang='grc' dir='ltr'>πρὸς</span> <span class='ocrx_word' id='word_1_680' title='bbox 974 4909 1074 4978; x_wconf 78' lang='grc' dir='ltr'>τήν</span> <span class='ocrx_word' id='word_1_681' title='bbox 1118 4906 1317 4962; x_wconf 78' lang='grc' dir='ltr'>οἰκείαν</span> <span class='ocrx_word' id='word_1_682' title='bbox 1358 4906 1756 4980; x_wconf 84' lang='grc' dir='ltr'>καταγομένου,</span> <span class='ocrx_word' id='word_1_683' title='bbox 1789 4902 1917 4965; x_wconf 78' lang='grc' dir='ltr'>τοὺς</span> <span class='ocrx_word' id='word_1_684' title='bbox 1962 4902 2012 4958; x_wconf 81' lang='grc' dir='ltr'>ἐν</span> 
     </span>
    </p>
   </div>
   <div class='ocr_carea' id='block_1_101' title="bbox 359 4990 2015 5078">
    <p class='ocr_par' dir='ltr' id='par_1_101' title="bbox 359 4990 2015 5078">
     <span class='ocr_line' id='line_1_101' title="bbox 359 4990 2015 5078; baseline -0.008 -17"><span class='ocrx_word' id='word_1_685' title='bbox 359 5001 676 5078; x_wconf 80' lang='grc' dir='ltr'>Ἀντιοχείᾳ</span> <span class='ocrx_word' id='word_1_686' title='bbox 741 4997 1199 5073; x_wconf 82' lang='grc' dir='ltr'>συνειλεγμένους</span> <span class='ocrx_word' id='word_1_687' title='bbox 1257 4990 1488 5072; x_wconf 77' lang='grc' dir='ltr'>θόρυϐος</span> <span class='ocrx_word' id='word_1_688' title='bbox 1537 4994 1598 5048; x_wconf 83' lang='grc' dir='ltr'>ού</span> <span class='ocrx_word' id='word_1_689' title='bbox 1646 4993 1837 5069; x_wconf 85' lang='grc' dir='ltr'>μικρὸς</span> <span class='ocrx_word' id='word_1_690' title='bbox 1899 4992 2015 5068; x_wconf 78' lang='grc' dir='ltr'>εἶχε</span> 
     </span>
    </p>
   </div>
   <div class='ocr_carea' id='block_1_102' title="bbox 355 5079 2010 5164">
    <p class='ocr_par' dir='ltr' id='par_1_102' title="bbox 355 5079 2010 5164">
     <span class='ocr_line' id='line_1_102' title="bbox 355 5079 2010 5164; baseline -0.009 -15"><span class='ocrx_word' id='word_1_691' title='bbox 355 5092 450 5151; x_wconf 80' lang='grc' dir='ltr'>καί</span> <span class='ocrx_word' id='word_1_692' title='bbox 492 5090 634 5161; x_wconf 85' lang='grc' dir='ltr'>δέος,</span> <span class='ocrx_word' id='word_1_693' title='bbox 680 5091 779 5164; x_wconf 83' lang='grc' dir='ltr'>μή,</span> <span class='ocrx_word' id='word_1_694' title='bbox 843 5085 1258 5164; x_wconf 80' lang='grc' dir='ltr'>προληφθείσης</span> <span class='ocrx_word' id='word_1_695' title='bbox 1316 5083 1615 5154; x_wconf 84' lang='grc' dir='ltr'>Ἀθανασίῳ</span> <span class='ocrx_word' id='word_1_696' title='bbox 1671 5090 1770 5151; x_wconf 74' lang='grc' dir='ltr'>τῆς</span> <span class='ocrx_word' id='word_1_697' title='bbox 1813 5079 2010 5152; x_wconf 81' lang='grc' dir='ltr'>ἐκκλη-</span> 
     </span>
    </p>
   </div>
   <div class='ocr_carea' id='block_1_103' title="bbox 358 5167 2009 5256">
    <p class='ocr_par' dir='ltr' id='par_1_103' title="bbox 358 5167 2009 5256">
     <span class='ocr_line' id='line_1_103' title="bbox 358 5167 2009 5256; baseline -0.009 -18"><span class='ocrx_word' id='word_1_698' title='bbox 358 5184 504 5250; x_wconf 87' lang='grc' dir='ltr'>σίας,</span> <span class='ocrx_word' id='word_1_699' title='bbox 533 5180 891 5256; x_wconf 76' lang='grc' dir='ltr'>ἀποτειχισθῇ</span> <span class='ocrx_word' id='word_1_700' title='bbox 924 5175 1117 5232; x_wconf 84' lang='grc' dir='ltr'>λοιπὸν</span> <span class='ocrx_word' id='word_1_701' title='bbox 1152 5175 1332 5236; x_wconf 79' lang='grc' dir='ltr'>αὐτοῖς</span> <span class='ocrx_word' id='word_1_702' title='bbox 1364 5176 1399 5242; x_wconf 81' lang='grc' dir='ltr'>ἡ</span> <span class='ocrx_word' id='word_1_703' title='bbox 1434 5173 1570 5248; x_wconf 84' lang='grc' dir='ltr'>πρὸς</span> <span class='ocrx_word' id='word_1_704' title='bbox 1605 5167 2009 5246; x_wconf 78' lang='grc' dir='ltr'>Ἀλεξάνδρειαν</span> 
     </span>
    </p>
   </div>
   <div class='ocr_carea' id='block_1_104' title="bbox 355 5257 2013 5348">
    <p class='ocr_par' dir='ltr' id='par_1_104' title="bbox 355 5257 2013 5348">
     <span class='ocr_line' id='line_1_104' title="bbox 355 5257 2013 5348; baseline -0.01 -19"><span class='ocrx_word' id='word_1_705' title='bbox 355 5269 622 5348; x_wconf 85' lang='grc' dir='ltr'>πάροδος.</span> <span class='ocrx_word' id='word_1_706' title='bbox 679 5269 855 5324; x_wconf 74' lang='grc' dir='ltr'>Ταῦτά</span> <span class='ocrx_word' id='word_1_707' title='bbox 894 5288 981 5323; x_wconf 90' lang='grc' dir='ltr'>τοι</span> <span class='ocrx_word' id='word_1_708' title='bbox 1035 5264 1125 5321; x_wconf 73' lang='grc' dir='ltr'>καί</span> <span class='ocrx_word' id='word_1_709' title='bbox 1178 5265 1269 5319; x_wconf 85' lang='grc' dir='ltr'>τὸν</span> <span class='ocrx_word' id='word_1_710' title='bbox 1339 5264 1430 5336; x_wconf 71' lang='grc' dir='ltr'>μὲν</span> <span class='ocrx_word' id='word_1_711' title='bbox 1493 5259 1634 5316; x_wconf 69' lang='grc' dir='ltr'>ἑλεῖν</span> <span class='ocrx_word' id='word_1_712' title='bbox 1677 5258 1911 5334; x_wconf 69' lang='grc' dir='ltr'>(μᾶλλον</span> <span class='ocrx_word' id='word_1_713' title='bbox 1956 5257 2013 5313; x_wconf 77' lang='grc' dir='ltr'>δὲ</span> 
     </span>
    </p>
   </div>
   <div class='ocr_carea' id='block_1_105' title="bbox 354 5349 2011 5435">
    <p class='ocr_par' dir='ltr' id='par_1_105' title="bbox 354 5349 2011 5435">
     <span class='ocr_line' id='line_1_105' title="bbox 354 5349 2011 5435; baseline -0.012 -15"><span class='ocrx_word' id='word_1_714' title='bbox 354 5361 614 5435; x_wconf 79' lang='grc' dir='ltr'>ἀνελεῖν),</span> <span class='ocrx_word' id='word_1_715' title='bbox 646 5355 996 5427; x_wconf 78' lang='grc' dir='ltr'>ἐσπούδαζον,</span> <span class='ocrx_word' id='word_1_716' title='bbox 1029 5360 1107 5428; x_wconf 77' lang='grc' dir='ltr'>τῷ</span> <span class='ocrx_word' id='word_1_717' title='bbox 1132 5353 1310 5432; x_wconf 84' lang='grc' dir='ltr'>θρόνῳ</span> <span class='ocrx_word' id='word_1_718' title='bbox 1351 5349 1407 5406; x_wconf 74' lang='grc' dir='ltr'>δὲ</span> <span class='ocrx_word' id='word_1_719' title='bbox 1451 5349 1748 5426; x_wconf 83' lang='grc' dir='ltr'>Γρηγόριον</span> <span class='ocrx_word' id='word_1_720' title='bbox 1803 5350 2011 5403; x_wconf 89' lang='grc' dir='ltr'>ἀντεισ-</span> 
     </span>
    </p>
   </div>
   <div class='ocr_carea' id='block_1_106' title="bbox 355 5438 2009 5530">
    <p class='ocr_par' dir='ltr' id='par_1_106' title="bbox 355 5438 2009 5530">
     <span class='ocr_line' id='line_1_106' title="bbox 355 5438 2009 5530; baseline -0.011 -21"><span class='ocrx_word' id='word_1_721' title='bbox 355 5459 602 5530; x_wconf 84' lang='grc' dir='ltr'>αγαγεῖν.</span> <span class='ocrx_word' id='word_1_722' title='bbox 648 5450 741 5505; x_wconf 89' lang='grc' dir='ltr'>Διὸ</span> <span class='ocrx_word' id='word_1_723' title='bbox 775 5446 840 5518; x_wconf 73' lang='grc' dir='ltr'>δὴ</span> <span class='ocrx_word' id='word_1_724' title='bbox 871 5446 961 5502; x_wconf 77' lang='grc' dir='ltr'>καί</span> <span class='ocrx_word' id='word_1_725' title='bbox 1007 5447 1106 5516; x_wconf 68' lang='grc' dir='ltr'>τὴν</span> <span class='ocrx_word' id='word_1_726' title='bbox 1153 5442 1417 5519; x_wconf 79' lang='grc' dir='ltr'>ταχίστην</span> <span class='ocrx_word' id='word_1_727' title='bbox 1464 5440 1620 5495; x_wconf 79' lang='grc' dir='ltr'>αὐτὸν</span> <span class='ocrx_word' id='word_1_728' title='bbox 1653 5445 1890 5514; x_wconf 74' lang='grc' dir='ltr'>κατῆγον</span> <span class='ocrx_word' id='word_1_729' title='bbox 1935 5438 2009 5500; x_wconf 83' lang='grc' dir='ltr'>εἰς</span> 
     </span>
    </p>
   </div>
   <div class='ocr_carea' id='block_1_107' title="bbox 357 5525 2006 5617">
    <p class='ocr_par' dir='ltr' id='par_1_107' title="bbox 357 5525 2006 5617">
     <span class='ocr_line' id='line_1_107' title="bbox 357 5525 2006 5617; baseline -0.012 -18"><span class='ocrx_word' id='word_1_730' title='bbox 357 5525 790 5617; x_wconf 63' lang='grc' dir='ltr'>’Ᾰ-λεξάνδρειαν.</span> <span class='ocrx_word' id='word_1_731' title='bbox 836 5536 1175 5610; x_wconf 85' lang='grc' dir='ltr'>Συνέπραττε</span> <span class='ocrx_word' id='word_1_732' title='bbox 1213 5530 1272 5587; x_wconf 72' lang='grc' dir='ltr'>δὲ</span> <span class='ocrx_word' id='word_1_733' title='bbox 1311 5529 1602 5606; x_wconf 83' lang='grc' dir='ltr'>Γρηγορίῳ</span> <span class='ocrx_word' id='word_1_734' title='bbox 1642 5529 1740 5597; x_wconf 75' lang='grc' dir='ltr'>τὴν</span> <span class='ocrx_word' id='word_1_735' title='bbox 1781 5525 2006 5582; x_wconf 81' lang='grc' dir='ltr'>κάθοδον</span> 
     </span>
    </p>
   </div>
   <div class='ocr_carea' id='block_1_108' title="bbox 2133 4730 2281 4782">
    <p class='ocr_par' dir='ltr' id='par_1_108' title="bbox 2133 4730 2281 4782">
     <span class='ocr_line' id='line_1_108' title="bbox 2133 4730 2281 4782; baseline -0.014 0"><span class='ocrx_word' id='word_1_736' title='bbox 2133 4730 2281 4782; x_wconf 89' lang='lat' dir='ltr'>sent.</span> 
     </span>
    </p>
   </div>
   <div class='ocr_carea' id='block_1_109' title="bbox 2199 4900 3780 4973">
    <p class='ocr_par' dir='ltr' id='par_1_109' title="bbox 2199 4900 3780 4973">
     <span class='ocr_line' id='line_1_109' title="bbox 2199 4900 3780 4973; baseline -0.003 -13"><span class='ocrx_word' id='word_1_737' title='bbox 2199 4907 2284 4960; x_wconf 83' lang='lat'>16.</span> <span class='ocrx_word' id='word_1_738' title='bbox 2343 4907 2488 4960; x_wconf 90' lang='lat' dir='ltr'>Cum</span> <span class='ocrx_word' id='word_1_739' title='bbox 2540 4907 2736 4958; x_wconf 90' lang='lat' dir='ltr'>autem</span> <span class='ocrx_word' id='word_1_740' title='bbox 2799 4901 2897 4956; x_wconf 91' lang='lat' dir='ltr'>ille</span> <span class='ocrx_word' id='word_1_741' title='bbox 2952 4901 3364 4957; x_wconf 84' lang='lat' dir='ltr'>Alexandriam</span> <span class='ocrx_word' id='word_1_742' title='bbox 3399 4900 3780 4973; x_wconf 85' lang='lat' dir='ltr'>pervenisset,</span> 
     </span>
    </p>
   </div>
   <div class='ocr_carea' id='block_1_110' title="bbox 2125 4989 3781 5060">
    <p class='ocr_par' dir='ltr' id='par_1_110' title="bbox 2125 4989 3781 5060">
     <span class='ocr_line' id='line_1_110' title="bbox 2125 4989 3781 5060; baseline -0.004 -10"><span class='ocrx_word' id='word_1_743' title='bbox 2125 4995 2282 5050; x_wconf 87' lang='lat' dir='ltr'>haud</span> <span class='ocrx_word' id='word_1_744' title='bbox 2315 4992 2581 5047; x_wconf 88' lang='lat' dir='ltr'>modicus</span> <span class='ocrx_word' id='word_1_745' title='bbox 2625 4990 2915 5046; x_wconf 86' lang='lat' dir='ltr'>tumultus</span> <span class='ocrx_word' id='word_1_746' title='bbox 2949 5007 3014 5045; x_wconf 90' lang='lat' dir='ltr'>ac</span> <span class='ocrx_word' id='word_1_747' title='bbox 3054 4995 3273 5046; x_wconf 89' lang='lat' dir='ltr'>tremor</span> <span class='ocrx_word' id='word_1_748' title='bbox 3301 4989 3519 5044; x_wconf 88' lang='lat' dir='ltr'>invasit</span> <span class='ocrx_word' id='word_1_749' title='bbox 3548 5006 3646 5045; x_wconf 91' lang='lat' dir='ltr'>eos</span> <span class='ocrx_word' id='word_1_750' title='bbox 3677 4989 3781 5060; x_wconf 90' lang='lat' dir='ltr'>qui</span> 
     </span>
    </p>
   </div>
   <div class='ocr_carea' id='block_1_111' title="bbox 2123 5066 3867 5151">
    <p class='ocr_par' dir='ltr' id='par_1_111' title="bbox 2123 5066 3867 5151">
     <span class='ocr_line' id='line_1_111' title="bbox 2123 5066 3867 5151; baseline -0.005 -13"><span class='ocrx_word' id='word_1_751' title='bbox 2123 5082 2441 5138; x_wconf 64' lang='lat' dir='ltr'>Antiochia:</span> <span class='ocrx_word' id='word_1_752' title='bbox 2473 5080 2804 5151; x_wconf 87' lang='lat' dir='ltr'>congregati</span> <span class='ocrx_word' id='word_1_753' title='bbox 2851 5083 3044 5146; x_wconf 88' lang='lat' dir='ltr'>erant;</span> <span class='ocrx_word' id='word_1_754' title='bbox 3104 5079 3338 5145; x_wconf 87' lang='lat' dir='ltr'>veritos,</span> <span class='ocrx_word' id='word_1_755' title='bbox 3410 5093 3482 5133; x_wconf 89' lang='lat' dir='ltr'>ne</span> <span class='ocrx_word' id='word_1_756' title='bbox 3530 5077 3579 5132; x_wconf 91' lang='lat' dir='ltr'>si</span> <span class='ocrx_word' id='word_1_757' title='bbox 3610 5075 3781 5132; x_wconf 85' lang='lat' dir='ltr'>Atha-</span> <span class='ocrx_word' id='word_1_758' title='bbox 3861 5066 3867 5070; x_wconf 64' lang='grc'><em>’</em></span> 
     </span>
    </p>
   </div>
   <div class='ocr_carea' id='block_1_112' title="bbox 2124 5165 3777 5239">
    <p class='ocr_par' dir='ltr' id='par_1_112' title="bbox 2124 5165 3777 5239">
     <span class='ocr_line' id='line_1_112' title="bbox 2124 5165 3777 5239; baseline -0.005 -11"><span class='ocrx_word' id='word_1_759' title='bbox 2124 5174 2326 5228; x_wconf 88' lang='lat' dir='ltr'>nasius</span> <span class='ocrx_word' id='word_1_760' title='bbox 2375 5170 2694 5225; x_wconf 86' lang='lat' dir='ltr'>Ecclesiam</span> <span class='ocrx_word' id='word_1_761' title='bbox 2752 5171 3080 5239; x_wconf 90' lang='lat' dir='ltr'>occuparet,</span> <span class='ocrx_word' id='word_1_762' title='bbox 3132 5166 3326 5222; x_wconf 89' lang='lat' dir='ltr'>aditus</span> <span class='ocrx_word' id='word_1_763' title='bbox 3370 5165 3482 5222; x_wconf 92' lang='lat' dir='ltr'>sibi</span> <span class='ocrx_word' id='word_1_764' title='bbox 3529 5165 3777 5220; x_wconf 82' lang='lat' dir='ltr'>Alexan-</span> 
     </span>
    </p>
   </div>
   <div class='ocr_carea' id='block_1_113' title="bbox 2123 5255 3777 5326">
    <p class='ocr_par' dir='ltr' id='par_1_113' title="bbox 2123 5255 3777 5326">
     <span class='ocr_line' id='line_1_113' title="bbox 2123 5255 3777 5326; baseline -0.004 -9"><span class='ocrx_word' id='word_1_765' title='bbox 2123 5264 2311 5317; x_wconf 90' lang='lat' dir='ltr'>driam</span> <span class='ocrx_word' id='word_1_766' title='bbox 2341 5259 2847 5314; x_wconf 84' lang='lat' dir='ltr'>intercluderetur.</span> <span class='ocrx_word' id='word_1_767' title='bbox 2881 5256 3271 5321; x_wconf 83' lang='lat' dir='ltr'>Quamobrem</span> <span class='ocrx_word' id='word_1_768' title='bbox 3312 5255 3508 5326; x_wconf 89' lang='lat' dir='ltr'>ipsum</span> <span class='ocrx_word' id='word_1_769' title='bbox 3571 5270 3777 5326; x_wconf 86' lang='lat' dir='ltr'>capere</span> 
     </span>
    </p>
   </div>
   <div class='ocr_carea' id='block_1_114' title="bbox 2121 5344 3779 5422">
    <p class='ocr_par' dir='ltr' id='par_1_114' title="bbox 2121 5344 3779 5422">
     <span class='ocr_line' id='line_1_114' title="bbox 2121 5344 3779 5422; baseline -0.004 -16"><span class='ocrx_word' id='word_1_770' title='bbox 2121 5352 2262 5418; x_wconf 89' lang='lat' dir='ltr'>(imo</span> <span class='ocrx_word' id='word_1_771' title='bbox 2322 5350 2517 5421; x_wconf 92' lang='lat' dir='ltr'>potius</span> <span class='ocrx_word' id='word_1_772' title='bbox 2575 5347 2854 5416; x_wconf 86' lang='lat' dir='ltr'>occidere)</span> <span class='ocrx_word' id='word_1_773' title='bbox 2926 5344 3361 5422; x_wconf 74' lang='lat' dir='ltr'>quzeritabant,_</span> <span class='ocrx_word' id='word_1_774' title='bbox 3398 5344 3457 5398; x_wconf 92' lang='lat' dir='ltr'>in</span> <span class='ocrx_word' id='word_1_775' title='bbox 3530 5345 3779 5415; x_wconf 89' lang='lat' dir='ltr'>ejusque</span> 
     </span>
    </p>
   </div>
   <div class='ocr_carea' id='block_1_115' title="bbox 2119 5431 3779 5508">
    <p class='ocr_par' dir='ltr' id='par_1_115' title="bbox 2119 5431 3779 5508">
     <span class='ocr_line' id='line_1_115' title="bbox 2119 5431 3779 5508; baseline -0.005 -12"><span class='ocrx_word' id='word_1_776' title='bbox 2119 5440 2313 5495; x_wconf 89' lang='lat' dir='ltr'>locum</span> <span class='ocrx_word' id='word_1_777' title='bbox 2341 5436 2683 5508; x_wconf 75' lang='lat' dir='ltr'>Gregorium</span> <span class='ocrx_word' id='word_1_778' title='bbox 2717 5435 3036 5488; x_wconf 89' lang='lat' dir='ltr'>intrudere.</span> <span class='ocrx_word' id='word_1_779' title='bbox 3066 5433 3253 5495; x_wconf 89' lang='lat' dir='ltr'>Quare</span> <span class='ocrx_word' id='word_1_780' title='bbox 3279 5450 3457 5504; x_wconf 90' lang='lat' dir='ltr'>quam</span> <span class='ocrx_word' id='word_1_781' title='bbox 3478 5431 3779 5489; x_wconf 88' lang='lat' dir='ltr'>celerrime</span> 
     </span>
    </p>
   </div>
   <div class='ocr_carea' id='block_1_116' title="bbox 2120 5521 3777 5602">
    <p class='ocr_par' dir='ltr' id='par_1_116' title="bbox 2120 5521 3777 5602">
     <span class='ocr_line' id='line_1_116' title="bbox 2120 5521 3777 5602; baseline -0.005 -16"><span class='ocrx_word' id='word_1_782' title='bbox 2120 5530 2317 5602; x_wconf 88' lang='lat' dir='ltr'>ipsum</span> <span class='ocrx_word' id='word_1_783' title='bbox 2363 5525 2777 5583; x_wconf 86' lang='lat' dir='ltr'>Alexandriam</span> <span class='ocrx_word' id='word_1_784' title='bbox 2827 5523 3215 5578; x_wconf 82' lang='lat' dir='ltr'>deduxerunt.</span> <span class='ocrx_word' id='word_1_785' title='bbox 3260 5521 3607 5595; x_wconf 88' lang='lat' dir='ltr'>Gregorium</span> <span class='ocrx_word' id='word_1_786' title='bbox 3643 5537 3777 5579; x_wconf 88' lang='lat' dir='ltr'>vero</span> 
     </span>
    </p>
   </div>
   <div class='ocr_carea' id='block_1_117' title="bbox 432 5747 2136 5845">
    <p class='ocr_par' dir='ltr' id='par_1_117' title="bbox 432 5747 2136 5845">
     <span class='ocr_line' id='line_1_117' title="bbox 432 5747 2136 5845; baseline -0.012 -16"><span class='ocrx_word' id='word_1_787' title='bbox 432 5768 521 5845; x_wconf 79' lang='grc' dir='ltr'>(α)</span> <span class='ocrx_word' id='word_1_788' title='bbox 550 5765 822 5826; x_wconf 77' lang='lat' dir='ltr'>Sic-mss.</span> <span class='ocrx_word' id='word_1_789' title='bbox 851 5759 1006 5820; x_wconf 77' lang='lat' dir='ltr'>Editi</span> <span class='ocrx_word' id='word_1_790' title='bbox 1032 5775 1190 5822; x_wconf 85' lang='lat' dir='ltr'>vero.</span> <span class='ocrx_word' id='word_1_791' title='bbox 1215 5753 1661 5833; x_wconf 77' lang='grc' dir='ltr'>ἐπισπασάμενοι,</span> <span class='ocrx_word' id='word_1_792' title='bbox 1691 5751 1786 5809; x_wconf 79' lang='grc' dir='ltr'>καὶ</span> <span class='ocrx_word' id='word_1_793' title='bbox 1833 5747 2136 5832; x_wconf 79' lang='grc' dir='ltr'>ὁμόψυγον.</span> 
     </span>
    </p>
   </div>
  </div>
