4146 6422
400 448 469 493 cc
1796 418 2386 483 PltOLEGOMENA
2402 466 2416 481 .

397 563 787 620 comitabatur
816 560 1098 633 Syrianus
1125 559 1262 622 dux,
1322 574 1455 612 cum
1488 573 1597 612 sua
1627 554 1881 610 militum
1916 572 2023 609 ma-

2156 552 2245 606 καὶ
2278 553 2539 626 Συριανὸς
2573 553 2600 605 ὁ
2633 554 2956 628 στρατηγὸς,
2994 554 3128 626 μετά
3153 559 3257 623 τῆς
3304 553 3391 609 ὑπ’
3433 553 3591 610 αὐτὸν
3625 557 3818 632 χειρὸς

399 671 501 720 nu,
534 652 617 707 ita
650 651 896 721 jubente
931 649 1300 720 imperatore,
1351 650 1416 701 ut
1456 644 1774 700 Athanasio
1820 660 2043 709 necem,

396 740 672 814 Gregorio
703 740 1102 810 episcopatum
1134 737 1438 791 conferret.
1471 736 1595 799 Qua
1640 750 1809 805 porro
1836 733 1930 787 via
1978 748 2048 787 ex

394 831 589 886 media
616 845 818 885 eorum
840 843 1057 898 sagena
1076 825 1328 896 eil‘ugere
1378 823 1633 896 potuerit
1664 821 2039 889 Athanasius,

394 935 531 975 mox
560 918 843 974 dicemus.
876 919 1019 970 Cum
1041 915 1166 985 jam
1210 912 1297 969 sol
1347 913 1419 967 ad
1451 928 1725 967 occasum
1757 914 2040 983 vergeret,

394 1009 535 1064 urbs
557 1012 679 1063 tota
707 1007 922 1061 festum
952 1002 1283 1059 celebrabat
1312 1017 1378 1057 ac
1409 999 1780 1074 pervigilium
1812 999 2040 1071 agebat.

394 1097 543 1155 Tum
576 1095 744 1167 quasi
774 1094 831 1150 in
862 1110 1061 1167 pugna
1079 1091 1252 1147 irruit
1281 1091 1419 1159 dux,
1469 1090 1873 1160 instructaque
1918 1088 2041 1142 acie

391 1186 570 1241 cinxit
598 1184 924 1241 ecclesiam.
959 1182 1090 1237 Haec
1120 1181 1219 1235 ubi
1247 1184 1438 1235 castra
1460 1178 1760 1251 conspexit
1786 1177 2040 1232 Athana-

386 1274 535 1345 sius,
565 1274 724 1330 curis
769 1272 999 1344 plenus,
1060 1286 1176 1325 non
1209 1285 1325 1340 quo
1354 1268 1480 1340 ipse
1538 1284 1655 1323 non
1709 1270 2034 1337 caperetur,

384 1365 486 1421 sed
517 1361 812 1436 quomodo
835 1359 1029 1433 potius
1050 1357 1278 1413 nullum
1310 1356 1400 1412 sui
1431 1372 1607 1412 causa
1629 1352 1841 1426 populo
1871 1353 2038 1407 dam-

388 1469 534 1508 num
560 1451 896 1519 inferretur,
930 1446 1194 1519 praecipit
1224 1446 1471 1500 diacono
1508 1447 1572 1498 ut
1601 1443 1921 1499 orationem
1953 1441 2039 1496 in-

385 1541 587 1613 cipiat.
638 1537 976 1594 Orationem
1025 1551 1197 1607 porro
1260 1532 1555 1589 canticum
1612 1531 1795 1587 totius
1836 1528 2038 1602 populi

385 1629 683 1701 quoddam
715 1626 960 1697 excepit.
1001 1625 1146 1685 Hinc
1177 1627 1372 1679 exorto
1404 1637 1618 1692 magno
1649 1620 1901 1675 clamore
1948 1623 2034 1673 at-

389 1734 504 1785 que
533 1720 839 1783 concentu,
873 1713 957 1769 uti
1016 1713 1140 1768 ﬁeri
1172 1709 1340 1778 solet,
1375 1728 1409 1765 a
1448 1725 1661 1782 magno
1711 1707 1833 1763 viro
1876 1707 2032 1778 jussi

385 1811 528 1862 sunt
556 1822 659 1878 per
679 1805 944 1860 eamdem
971 1818 1173 1859 omnes
1195 1800 1350 1856 exire
1367 1800 1633 1870 januam.
1663 1796 1801 1853 Duci
1823 1813 1956 1852 vero
1979 1800 2036 1851 et

2154 641 2625 714 προηγούμενος,
2703 641 2840 695 εῧτω
2910 640 3264 705 κελεύσαντος
3348 641 3617 717 βασιλέως
3652 691 3665 718 ,
3739 644 3819 701 ’ἶν’

2152 728 2456 802 Ἀθανασὶῳ
2518 730 2612 802 μὲν
2666 722 2893 784 θάνατον
2932 776 2945 801 ,
2997 730 3186 804 ἐκείνῳ
3238 728 3295 786 δὲ
3351 734 3450 801 τήν
3508 732 3814 805 ἐπισκοπὴν

2152 817 2671 892 πραγματεύηται.
2727 821 2912 880 Ὅπως
2957 816 3014 873 δὲ
3059 820 3150 874 καὶ
3201 817 3480 899 διαφυγεῖν
3537 821 3596 878 ἐκ
3643 825 3813 897 μέσης

2118 905 2347 968 Ιιύτοῦς
2403 913 2504 975 τῆς
2564 908 2809 981 σαγήνης
2872 909 3184 971 Ἀθανάσιος
3245 906 3497 986 ἴσχυσεν,
3557 913 3586 967 6
3643 910 3811 990 λόγος

2152 991 2414 1063 δηλώσει.
2469 993 2609 1065 Ἤδη
2645 998 2769 1071 περὶ
2800 993 2948 1050 δύσιν
3002 993 3157 1061 ὄντος
3187 996 3378 1070 ἡλίου,
3410 1001 3445 1069 ἡ
3501 1000 3594 1074 μὲν
3645 1002 3812 1067 πόλις

2150 1084 2496 1159 ἑορτάζοντες
2554 1105 2612 1139 τε
2666 1085 2757 1139 καὶ
2823 1086 3248 1162 παννυχίζοντες
3322 1088 3458 1157 ἦσαν
3495 1133 3509 1159 ,
3569 1089 3691 1160 ἥκει
3753 1089 3813 1149 δὲ

2149 1171 2330 1248 ὥσπερ
2385 1172 2437 1227 ἐν
2494 1174 2756 1249 μάχαιςὸ
2788 1177 3115 1250 στρατηγὸς,
3165 1178 3264 1245 τὴν
3317 1179 3566 1252 στρατιὰν
3620 1177 3808 1236 διατά-

2147 1261 2355 1333 ξας,καὶ
2384 1259 2574 1333 κύκλῳ
2618 1264 2716 1331 τὴν
2760 1260 3052 1332 ἐκκλησίαν
3108 1259 3408 1321 διαλαϐών.
3459 1266 3669 1339 Ταύτην
3714 1267 3805 1325 οὖν

2144 1352 2244 1420 τὴν
2305 1345 2666 1424 παρεμϐολὴν
2729 1352 2873 1427 ὁρῶν
2928 1354 3284 1428 Ἀθανάσιος,
3341 1355 3435 1409 καὶ
3503 1355 3807 1433 φροντίδων

2143 1437 2555 1515 πληρούμενος,
2584 1440 2691 1517 οὐχ
2722 1440 2872 1503 ὅπως
2906 1442 2965 1495 ἂν
3016 1442 3178 1505 αὐτὸς
3221 1445 3296 1516 μή
3332 1441 3471 1516 ἁλῷ,
3501 1442 3629 1500 ἀλλ’
3655 1445 3809 1513 ὅπως

2144 1530 2203 1583 ἂν
2243 1526 2455 1602 μᾶλλον
2486 1533 2566 1602 τῷ
2598 1526 2715 1602 λαῷ
2752 1528 2996 1603 μηδεμία
3027 1528 3094 1586 δι’
3147 1532 3303 1587 αὐτὸν
3345 1534 3560 1608 γένοιτο
3595 1532 3805 1611 βλάϐη,

2144 1615 2400 1690 σημαίνει
2452 1618 2543 1690 μὲν
2597 1618 2767 1694 εὐχήν
2817 1620 3045 1694 κηρῦξαι
3093 1624 3172 1693 τῷ
3222 1619 3584 1695 διακόνῳ·τὴν
3630 1624 3799 1701 εὐχὴν

2143 1703 2201 1761 δὲ
2230 1704 2344 1778 ᾠδή
2378 1727 2483 1769 τις.
2514 1711 2611 1761 τοῦ
2656 1706 2903 1779 πλήθους
2952 1713 3110 1784 κοινῇ
3162 1707 3457 1788 διεδέχετο.
3494 1713 3627 1769 Εἶτα
3664 1717 3802 1790 βοῆς

2137 1814 2199 1849 τε
2236 1792 2457 1863 πολλῆς
2505 1796 2596 1849 καὶ
2642 1798 3064 1874 σομφωνίας,ὡς
3115 1798 3279 1869 εἰκὸς,
3335 1802 3654 1877 γινομένης,
3715 1801 3805 1859 διὰ

386 1894 676 1951 militibus
723 1892 985 1949 studium
1043 1896 1167 1946 erat
1196 1888 1415 1962 populi,
1451 1903 1642 1959 neque
1683 1886 1786 1941 ulli
1820 1903 2023 1941 manus

2138 1891 2239 1953 τῆς
2279 1882 2446 1953 αὐτῆς
2498 1884 2735 1947 ἅπαντας
2785 1885 2976 1957 ἐξιέναι
3031 1885 3217 1959 πύλης
3269 1889 3372 1944 ὑπὸ
3413 1894 3511 1945 τοῦ
3560 1891 3804 1967 μεγάλου

2198 1993 2206 1994 κ
2325 1973 2334 1994 Γ
2559 1978 2631 1994 nv-
2717 1975 2733 1994 \
2854 1974 2882 1994 τ
3220 1982 3247 1992 ~
3381 1978 3394 1994 ἱ
3492 1985 3518 1994 .-
3597 1982 3610 1994 ο
3668 1983 3679 1994 ι
3755 1982 3769 1994 ι

388 1982 901 2056 conjecerunt.Sed
915 1985 1083 2037 erant
1104 1979 1371 2035 omnium
1387 1976 1540 2033 oculi
1565 1976 1623 2030 in
1640 1975 2033 2031 Athanasium

384 2073 612 2141 intenti,
638 2076 702 2127 ut
721 2086 1076 2143 quocunque
1122 2085 1257 2124 eum
1291 2067 1350 2122 in
1392 2067 1516 2123 loco
1546 2066 1811 2120 viderent
1839 2063 2034 2120 interi-

384 2166 630 2217 merent.
661 2162 733 2215 At
762 2160 858 2215 ille
884 2159 945 2214 in
974 2157 1148 2214 turba
1177 2154 1400 2228 populi,
1429 2153 1597 2227 quasi
1619 2170 1821 2209 eorum
1852 2170 2029 2223 unus,

380 2268 484 2324 per
514 2250 777 2306 medium
808 2246 1133 2303 tumultum
1156 2251 1214 2301 et
1235 2243 1462 2316 plebem
1483 2242 1754 2312 evadens,
1780 2242 1863 2297 sic
1885 2240 2033 2296 mili-

379 2346 507 2396 tum
541 2338 742 2396 oculos
772 2337 961 2393 latens
991 2335 1217 2408 eli'ugit.
1268 2334 1336 2388 Et.
1372 2332 1457 2388 sic
1517 2332 1746 2403 fugiens
1785 2331 2030 2386 Romam

379 2429 735 2502 remigravit.
770 2426 1087 2499 Gregorius
1126 2440 1260 2478 vero
1292 2426 1574 2493 occupata
1596 2421 1720 2491 jam
1753 2418 2027 2487 Ecclesia,

380 2520 663 2576 adversus
686 2533 893 2572 sanam
912 2514 1090 2569 ﬁdem
1112 2528 1277 2567 arma
1291 2511 1571 2566 audacter
1590 2508 2028 2581 arripuit.Quod

380 2625 515 2664 cum
549 2624 665 2662 non
710 2605 886 2661 ferret
930 2600 1354 2659 Alexandrinus
1413 2596 1687 2671 populus,
1754 2612 2030 2669 magnam

388 2695 699 2754 concitavit
719 2692 1087 2760 seditionem,
1121 2706 1187 2745 ac
1200 2687 1485 2761 templum
1516 2686 1777 2760 Dionysii
1807 2686 2029 2742 dictum

381 2784 664 2841 incendit.
683 2777 1308 2854 Hujusmoditumultu
1341 2782 1579 2849 propter
1609 2776 1907 2832 Christum
1940 2775 2032 2831 la:-

382 2891 487 2932 sus
512 2872 622 2929 fuit
633 2871 809 2928 etiam
823 2866 1187 2942 magnus,vir
1200 2865 1482 2921 S.Paulus
1503 2865 1883 2921 Constantino
1889 2864 2033 2937 poli-

383 2967 533 3018 tanae
564 2959 830 3017 Ecclesiae
860 2963 985 3013 tum
1020 2954 1253 3029 praesul,
1287 2954 1615 3025 thronoque
1644 2958 1885 3009 exactus
1908 2953 2033 3026 ipse

386 3068 639 3125 quoque,
676 3050 1041 3120 Romamque
1063 3045 1313 3118 fugiens,
1344 3043 1649 3099 Athanasii
1700 3043 1892 3098 socius
1923 3044 2033 3101 fuit

383 3143 617 3218 pietatis
646 3139 862 3214 pariter
889 3154 957 3192 ac
995 3134 1410 3209 periculorum.
1443 3132 1818 3188 Constantem
1852 3132 2032 3205 igitur

382 3235 466 3292 ibi
497 3237 671 3303 atque
699 3226 925 3285 Julium
952 3223 1383 3290 convenientes,
1415 3226 1543 3277 tum
1575 3238 1703 3292 quae
1734 3222 1891 3293 passi
1936 3239 2026 3278 es-

2142 1973 2528 2047 προστέτακτο.
2559 1978 2644 2046 Τῷ
2678 1975 2771 2047 μὲν
2822 1974 2913 2031 οῦν
2968 1982 3260 2053 στρατηγῷ
3305 1978 3546 2043 καὶτοῖς
3591 1982 3679 2036 ὑπ’
3710 1982 3804 2038 αὐ-

2139 2063 2229 2117 τὸν
2264 2059 2401 2140 φίλα
2427 2065 2500 2136 (ιι)
2530 2083 2589 2117 τε
2618 2063 2684 2132 ἦν
2717 2064 2851 2138 πρὸς
2882 2065 2943 2119 τὸ
2991 2063 3323 2137 πλῆθος,καὶ
3374 2065 3549 2124 οὐδενὶ
3587 2069 3798 2126 τούτων

2139 2156 2331 2227 χεῖρας
2368 2149 2592 2226 ἐπῆγον·
2626 2150 2772 2206 ἀλλά
2800 2154 2938 2229 πρὸς
2975 2154 3136 2227 μόνον
3169 2160 3275 2218 πᾶς
3320 2155 3600 2235 ὀφθαλμὸς
3653 2159 3799 2236 ἑώρα

2137 2241 2228 2294 τὸν
2257 2240 2595 2312 Ἀθανάσιον,
2628 2239 2764 2296 ὅπου
2795 2262 2895 2315 περ
2950 2243 3009 2297 ἂν
3059 2244 3218 2299 αὐτὸν
3276 2242 3480 2309 ἰδόντες
3530 2244 3795 2308 ἀνέλοιεν.

2139 2330 2195 2382 '0
2228 2325 2305 2397 δὲ,
2337 2333 2434 2383 τοῦ
2465 2326 2602 2383 λαοῦ
2636 2331 2801 2404 μέρος
2831 2332 3148 2407 γενόμενος,
3178 2334 3269 2388 καὶ
3315 2336 3402 2389 οἷα
3429 2340 3537 2391 τῶν
3568 2334 3798 2395 πολλῶν

2141 2419 2239 2488 εἷς,
2274 2415 2363 2472 διὰ
2398 2418 2562 2491 μέσου
2592 2424 2690 2474 τοῦ
2725 2416 2961 2496 θορύϐου
2989 2423 3079 2477 καὶ
3108 2427 3206 2478 τοῦ
3257 2421 3504 2496 πλήθους
3545 2423 3797 2503 διελθὼν,

2137 2506 2426 2581 καὶταύτῃ
2465 2514 2809 2583 στρατιωτῶν
2855 2506 3080 2584 ὄμματα
3129 2510 3334 2585 λαθὼν,
3382 2512 3580 2592 ᾤχετο.
3627 2523 3797 2573 Ἐκεῖ-

2137 2618 2229 2659 νος
2267 2597 2360 2670 μὲν
2394 2595 2483 2651 οῦν
2519 2598 2596 2659 εἷς
2626 2600 2725 2668 την
2776 2601 2995 2673 Ῥώμην
3049 2602 3191 2657 οὕτω
3234 2601 3509 2682 διαφυγὼν
3542 2604 3797 2677 ἐπανῆκε.

2140 2686 2443 2761 Γρηγόριος
2488 2684 2573 2759 δὲ,
2628 2695 2728 2757 τῆς
2777 2688 3106 2760 Ἐκκλησίας
3155 2689 3262 2762 ἤδη
3315 2696 3613 2769 κρατήσας,
3663 2696 3801 2751 κατὰ

2137 2783 2237 2844 τῆς
2278 2776 2444 2851 ὀρθῆς
2487 2776 2723 2840 πίστεως
2775 2775 2946 2841 ἀδεῶς
2995 2778 3288 2851 ὡπλίζετο,
3338 2780 3373 2835 ’ἀ
3427 2780 3568 2855 μηδὲ
3618 2785 3797 2861 φέρειν

2140 2864 2256 2926 οἷός
2286 2886 2345 2919 τε
2377 2861 2448 2918 ὣν
2481 2866 2509 2919 ὁ
2540 2870 2645 2920 τῶν
2680 2864 3077 2942 Ἀλεξανδρέων
3122 2865 3323 2942 δῆμος,
3374 2872 3554 2926 στάσιν
3603 2894 3663 2928 τε
3696 2894 3799 2950 χα-

2141 2951 2313 3023 λεπήν
2355 2953 2586 3027 ἀνῆψαν,
2640 2956 2729 3009 καὶ
2778 2956 2867 3011 τὸν
2926 2955 3270 3030 καλούμενον
3332 2959 3614 3015 Διονυσίου
3664 2963 3792 3017 ναὸν

2140 3043 2455 3119 ἐνέπρησαν.
2510 3042 2901 3119 Παραπέλαυσε
2950 3042 3007 3100 δὲ
3056 3053 3158 3116 τῆς
3217 3046 3536 3122 συγχύσεως
3584 3049 3792 3120 ταύτης

2139 3129 2229 3186 διὰ
2259 3132 2485 3205 Χριστὸν
2516 3133 2606 3187 καὶ
2640 3134 2668 3187 6
2704 3134 2872 3208 μέγας
2904 3133 2955 3188 ἐν
2986 3133 3161 3208 ἁγίοις
3195 3133 3411 3197 Παῦλος
3445 3137 3473 3191 6
3504 3143 3605 3206 τῆς
3637 3143 3789 3193 Κων-

2140 3221 2417 3277 σταντίνου
2466 3226 2763 3292 τηνικαῦτα
2809 3223 3088 3297 προεστὼς
3278 3225 3638 3297 Ἐκκηησίας,
3694 3230 3792 3282 τοῦ

383 3328 517 3382 sent
546 3299 682 3395 ipsi,
733 3322 857 3373 tum
907 3329 1269 3387 quaecunque
1313 3311 1430 3367 alia
1476 3314 1679 3365 contra
1727 3310 2023 3368 veritatem

2141 3310 2333 3385 θρόνου
2390 3310 2479 3366 καὶ
2539 3310 2695 3373 αὐτὸς
2744 3311 3097 3386 καθαιρεθεὶς,
3148 3313 3238 3383 καί
3282 3314 3359 3375 εἷς
3406 3314 3622 3388 Ῥώμην
3672 3337 3791 3394 φοι-

381 3408 693 3470 Eusebiani
750 3406 1180 3476 designassent,
1233 3403 1600 3456 enarrarunt.
1634 3400 1842 3476 Statim
1889 3417 2025 3473 ergo

379 3504 699 3574 imperator
729 3475 1016 3552 Constans
1037 3490 1199 3547 fratri
1232 3506 1410 3562 super
1428 3489 1535 3545 hac
1569 3506 1627 3545 re
1646 3475 1870 3545 litteras
1894 3490 2024 3545 mit-

376 3594 466 3648 tit.
519 3591 664 3645 Cum
714 3590 910 3641 autem
959 3580 1103 3636 nihil
1137 3580 1463 3653 proficeret,
1496 3579 1785 3651 synodum
1843 3578 2017 3635 aliam

374 3680 717 3737 universum
767 3671 1123 3729 Athanasius
1165 3672 1339 3740 atque
1380 3667 1595 3723 Paulus
1627 3668 2017 3739 postularunt.

374 3766 808 3841 Depositionem
867 3760 1086 3832 quippe
1141 3773 1331 3828 suam,
1379 3774 1494 3812 non
1553 3756 1670 3812 alia
1711 3759 1782 3812 de
1843 3773 2021 3814 causa

372 3860 585 3915 factam
617 3854 869 3919 aiebant,
931 3864 1108 3920 quam
1141 3852 1205 3902 ut
1251 3863 1451 3903 secum
1512 3863 1630 3901 una
1676 3863 1820 3902 sana
1875 3848 2020 3903 ﬁdes

373 3947 772 4003 damnaretur.

2135 3403 2302 3471 τήσας
2337 3447 2352 3474 ,
2410 3400 2501 3454 καὶ
2559 3400 2822 3463 κοινωνὸς
2864 3401 3166 3474 Ἀθανασίῳ
3198 3409 3314 3471 ’τῆς
3372 3398 3644 3466 εὐσεϐείας
3699 3404 3789 3459 καὶ

2128 3495 2236 3544 τῶν
2269 3486 2531 3544 κινδύνων
2581 3488 2874 3564 γενόμενος
2908 3534 2921 3546 .
2957 3490 3261 3545 Κώνσταντι
3308 3491 3489 3547 τοίνυν
3542 3492 3653 3547 ἐκεῖ
3698 3494 3789 3549 καὶ

2132 3576 2348 3650 Ἰουλίῳ
2382 3579 2806 3653 συνενεχθέντες,
2859 3577 2958 3634 ὅσα
3005 3599 3064 3635 τε
3095 3578 3247 3635 αὐτοὶ
3298 3580 3541 3655 πάθοιεν,
3567 3581 3657 3636 καὶ
3688 3579 3788 3637 ὅσα

2128 3668 2245 3722 κατ’
2276 3666 2451 3721 αὐτῶν
2482 3666 2704 3735 καὶτῆς
2757 3665 3017 3737 ἀληθείας
3066 3669 3118 3722 οἱ
3174 3670 3295 3744 περὶ
3345 3664 3604 3725 Εὐσέϐιον
3656 3667 3784 3745 δρά-

2130 3778 2296 3826 σειαν,
2329 3757 2537 3810 ἅπαντα
2588 3752 2923 3831 διηγοῦνται.
2978 3755 3203 3829 Ἀμέλει
3254 3758 3345 3812 καὶ
3398 3756 3653 3834 βασιλεὺς
3690 3760 3783 3834 μὲν

2128 3847 2381 3907 Κώνστας
2414 3844 2537 3919 περὶ
2584 3842 2792 3898 τούτων
2843 3841 2997 3905 εὐθὺς
3049 3849 3129 3916 τῷ
3182 3843 3402 3921 ἀδελφῷ
3452 3846 3781 3904 ἐπιστέλλειο

2129 3933 2244 3989 ἐπεὶ
2276 3932 2333 3989 δὲ
2359 3931 2511 3988 οὐδὲν
2544 3930 2711 3985 πλέον
2745 3930 2960 4005 ἠνύετο,
3006 3930 3227 3988 σύνοδον
3281 3935 3464 4011 ἑτέραν
3509 3940 3698 4007 κοινὴν
3731 3940 3785 3994 οἱ

371 4033 495 4109 περὶ
524 4033 615 4087 τὸν
648 4030 957 4088 Ἀθανάσιον
988 4025 1078 4080 καὶ
1112 4022 1323 4080 Παῦλον
1357 4023 1597 4098 γενέσθαι
1640 4023 1845 4092 ἠξίουψ
1880 4024 1982 4085 Τὰς
2015 4025 2117 4099 γὰρ
2148 4023 2482 4099 καθαιρέσεις
2514 4020 2689 4075 αὐτῶν
2729 4021 2803 4093 μή
2840 4017 2907 4074 δι’
2939 4019 3082 4076 ἄλλο
3108 4022 3162 4077 τί
3196 4044 3351 4101 φασιν
3385 4024 3780 4102 ἐπινενοῆσθαι,

371 4126 407 4193 ἢ
437 4122 575 4177 ὥστε
603 4119 691 4175 καὶ
720 4119 786 4172 τὰ
812 4124 913 4186 τῆς
947 4116 1130 4191 ὑγιοῦς
1157 4113 1390 4175 πίστεως
1416 4113 1599 4174 αὐτοῖς
1632 4114 2135 4188 συγκαθαιρεθῆναι.

443 4214 531 4269 17.
565 4206 889 4267 Amborum
914 4207 1095 4280 igitur
1115 4207 1291 4278 jussu
1322 4204 1764 4276 imperatorum,
1789 4204 2015 4259 univer-

369 4302 512 4360 salis
535 4315 771 4357 rursum
801 4302 859 4352 et
888 4294 1247 4351 oecumenica
1292 4292 1550 4366 synodus
1579 4292 1826 4347 Serdicae
1876 4309 2012 4347 con-

366 4394 662 4466 gregatur.
696 4383 1095 4443 Occidentales
1124 4388 1345 4449 autem,
1380 4385 1443 4437 ut
1473 4381 1597 4453 ipse
1629 4381 1804 4436 refert
1846 4380 2015 4436 Atha-

366 4481 591 4546 nasius,
624 4476 807 4533 coacti
839 4479 981 4532 sunt
1008 4472 1263 4546 episcopi
1324 4470 1458 4544 plus
1507 4486 1685 4541 quam
1728 4468 2010 4525 trecenti:

363 4567 684 4626 Orientales
712 4582 867 4633 vero,
891 4568 957 4620 ut
988 4562 1070 4619 ait
1097 4561 1369 4628 Sabinus,
1399 4557 1590 4615 solum
1614 4559 2008 4631 septuaginta.

359 4659 513 4714 inter
543 4672 690 4729 quos
726 4653 990 4726 Ischyras
1049 4649 1399 4706 Mareoticus
1446 4648 1877 4703 recensebatur.
1902 4647 2007 4711 Qui

356 4746 541 4820 igitur
569 4761 637 4800 ex
656 4742 792 4798 Asia
808 4741 1247 4807 conﬂuxere,ne
1279 4738 1349 4792 ad
1372 4740 1751 4809 conspectum
1769 4735 2005 4808 quidem

2199 4205 2281 4257 17.
2319 4201 2518 4274 Γνώμη
2566 4202 2856 4276 τοιγαροῦν
2888 4203 2995 4254 τῶν
3055 4200 3322 4275 βασιλέων
3376 4204 3578 4282 ἀμφοῖν
3622 4206 3778 4277 κοινή

2120 4311 2177 4344 τε
2224 4290 2336 4364 ἅμα
2389 4289 2480 4344 καὶ
2540 4288 2892 4362 οἷκουμενική
2954 4291 3090 4344 κατά
3144 4292 3243 4360 τήν
3306 4289 3578 4369 Σαρδικήν
3630 4292 3783 4358 αὖθις

2123 4379 2425 4454 ἀθροίζεται
2459 4375 2702 4440 σύνοδος.
2738 4379 2836 4433 Καὶ
2883 4383 2991 4433 τῶν
3045 4379 3142 4452 μὲν
3191 4380 3478 4457 ἑσπερίων,
3510 4384 3646 4438 καθά
3676 4405 3782 4462 φη-

2121 4489 2171 4521 σι
2204 4468 2292 4524 καὶ
2325 4467 2482 4530 αὐτὸς
2514 4468 2858 4538 Ἀθανάσιος,
2888 4468 3208 4545 συνέτρεχον
3242 4469 3782 4536 ἑπίσκοποιπλείους

2117 4557 2152 4627 ἦ
2186 4557 2508 4631 τριακόσιοι·
2542 4564 2643 4626 τῆς
2675 4557 2813 4629 ἑῴας
2845 4554 2902 4612 δὲ
2953 4556 3131 4631 μόνοι,
3186 4553 3418 4622 Σαϐἶνός
3466 4581 3651 4639 φησιν,
3695 4555 3784 4616 ἒϐ-

2119 4643 2452 4719 δομήκοντα,
2488 4647 2570 4708 οἷς
2616 4645 2709 4699 καὶ
2757 4644 2917 4707 αὐτὸς
2966 4645 3216 4722 Ἰσχύρας
3261 4648 3289 4702 ὁ
3336 4652 3432 4711 τοῦ
3480 4650 3780 4723 Μαρεώτου

2116 4732 2414 4807 ἠρίθμητο.
2479 4734 2542 4787 Οἱ
2606 4733 2699 4806 μὲν
2757 4733 2847 4787 οὖν
2902 4732 3143 4788 Ἀσίαθεν
3196 4735 3621 4813 συνερρυηκότες
3651 4737 3779 4796 οὐδὲ

357 4831 822 4891 Occidentalium
853 4847 914 4885 se
940 4829 1147 4884 sistere
1177 4826 1305 4882 ausi
1337 4828 1511 4881 sunt:
1549 4824 2007 4889 aflirmantes,se

2133 4823 2191 4885 ;ἰς
2223 4820 2365 4913 ὄψιν,
2395 4820 2798 4913 τῷν-ἑσπερίων
2852 4820 3025 4877 ἐλθεῖν
3080 4822 3368 4897 ὑπέμενον,
3420 4825 3777 4904 ἰσχυριζόμε-

354 4940 660 4996 nunquam
694 4918 1051 4990 colloquium
1083 4916 1477 4981 instituturos,
1528 4912 1641 4968 nisi
1676 4912 1920 4969 Paulum
1950 4920 2007 4969 et

352 5011 744 5068 Athanasium
783 5024 849 5064 ex
879 5004 1122 5063 concilio
1153 5002 1453 5076 pellerent.
1513 5006 1653 5057 Cum
1687 5006 1883 5057 autem
1916 5002 2000 5057 illi

352 5118 425 5157 ne
455 5100 657 5156 audire
689 5096 925 5169 quidem
957 5109 1081 5149 rem
1112 5089 1402 5162 ejusmodi
1431 5087 1666 5157 vellent,
1699 5105 1876 5161 quam
1907 5106 1997 5145 ce-

351 5191 588 5247 lerrime
618 5184 928 5243 Eusebiani
961 5180 1208 5254 regressi
1241 5182 1398 5246 sunt,
1454 5182 1510 5234 et
1539 5194 1673 5233 cum
1708 5177 1998 5251 Philippo-

348 5278 531 5352 polim
564 5275 968 5350 pervenissent
988 5272 1046 5325 in
1076 5268 1344 5335 Thracia,
1363 5268 1588 5323 utinam
1612 5267 1671 5321 in
1699 5267 1993 5324 infernum

346 5367 564 5441 potius,
596 5365 675 5421 ibi
705 5365 942 5420 demum
976 5359 1329 5433 peculiarem
1359 5357 1567 5412 ineunt
1595 5361 1946 5412 conventum
1975 5374 1989 5414 :

346 5461 523 5528 atque
552 5449 1116 5509 consubstantialem
1167 5449 1314 5520 (qua?
1374 5450 1471 5502 tua
1520 5445 1633 5500 fuit
1687 5446 1989 5517 patientia,

343 5548 464 5602 Rex
483 5541 707 5599 Christe
723 5539 962 5615 l)aperte
977 5538 1347 5595 anathemate
1364 5535 1778 5592 condemnant:
1794 5537 1852 5591 in
1875 5536 1994 5608 epi-

410 5758 488 5841 (a)
511 5758 606 5818 Sic
636 5773 780 5816 mss.
800 5755 957 5815 Editi
982 5771 1139 5825 vero,
1172 5748 1319 5831 φὺλα
1340 5770 1425 5835 γε,
1452 5750 1750 5814 mendose.

2111 4934 2195 4966 νοι
2233 4915 2306 4986 μή
2344 4912 2402 4967 ἃν
2438 4908 2627 4973 ἄλλως
2676 4909 2856 4973 αὐτοῖς
2908 4912 2984 4973 εἰς
3034 4909 3216 4988 λόγων
3248 4913 3536 4971 κοινωνίαν
3573 4915 3772 4989 ἐλθεῖν,

2112 5001 2157 5057 εἰ
2206 5003 2281 5074 μή
2332 5000 2461 5063 τοὺς
2509 5001 2632 5075 περὶ
2678 4998 2894 5055 Παῦλον
2947 5001 3039 5056 καὶ
3087 5003 3405 5059 Ἀθανάσιον
3456 5000 3774 5062 ἐκϐάλλωσι

2110 5090 2372 5166 πρότερον
2432 5093 2529 5143 τοῦ
2583 5086 2882 5163 συλλόγου.
2933 5094 3049 5145 Τῶν
3098 5089 3157 5146 δὲ
3210 5089 3341 5165 μηδ’
3398 5091 3546 5158 ὅλως
3606 5092 3772 5172 ἄχρις

2106 5178 2277 5259 ἀκοῆς
2310 5179 2501 5255 ῥυῆναι
2532 5179 2622 5234 τὸν
2656 5177 2822 5254 λόγον
2872 5180 3282 5256 ἀνασχομένων,
3338 5180 3531 5238 ἐκεῖνοι
3583 5184 3659 5247 ὡς
3692 5185 3768 5240 εἶ-

2104 5288 2205 5345 χον
2241 5267 2394 5330 εὐθὺς
2426 5268 2769 5347 ἀνέστρεφον,
2802 5269 2892 5323 καὶ
2949 5270 3244 5347 φθάσαντες
3295 5270 3371 5333 είς
3422 5269 3586 5328 πόλιν
3632 5271 3773 5329 Φιλ-

2106 5361 2273 5415 ίππου
2323 5364 2423 5426 τῆς
2473 5356 2711 5432 Θρᾴκης,
2748 5358 2824 5420 ὡς
2856 5352 3054 5436 ὄφελον
3089 5358 3141 5413 ἐν
3175 5356 3305 5429 ᾇδου
3336 5359 3623 5439 πρότερον,
3659 5361 3775 5419 ἐκεῖ

2101 5444 2297 5502 λοιπὸν
2333 5443 2536 5515 ἰδιάζον
2564 5450 2849 5501 ποιοῦνται
2879 5444 3178 5521 συνέδριον.
3213 5446 3312 5503 Καὶ
3339 5450 3402 5504 τὸ
3439 5451 3534 5525 μὲν
3567 5451 3773 5525 ὁμοσύ-

2100 5556 2214 5590 σιον
2246 5535 2299 5590 οἱ
2328 5532 2603 5609 πρόδηλοι
2634 5536 2733 5604 τήν
2770 5530 3016 5590 ἀσέϐειαν
3051 5538 3175 5610 (τῆς
3198 5543 3299 5607 σῆς
3332 5539 3775 5617 ἀνοχῆς,Χριστὶ

2169 5751 2243 5831 (b)
2276 5750 2363 5809 Ita
2392 5765 2537 5813 mss.
2588 5749 2742 5809 Editi
2770 5767 2907 5811 vero
2932 5755 3246 5822 ,τηνικαῦτα
3295 5751 3387 5810 καί
3443 5750 3606 5821 αύτὸς
3658 5775 3760 5837 πρ.
