4146 6400
421 478 552 530 οοιι

1831 456 2447 525 PROLEGOMENA.

420 602 623 657 carent
650 595 1167 670 Constantinopoli.
1200 596 1539 653 Constantio
1570 599 1764 651 autem
1797 600 1923 652 tum
1956 596 2059 651 mi-

2180 594 2293 648 Τοῦ
2325 589 2382 645 δὲ
2415 589 2541 667 ῥᾷον
2583 586 2961 652 ἐπινεύσαντος
3125 586 3361 660 αἰτήσει,
3408 584 3560 661 λύπη
3608 588 3854 669 κατέσχε

420 688 695 746 rabiliore
726 688 1037 761 prudentia
1056 686 1410 741 Athanasius
1432 702 1560 740 esse
1587 685 1911 741 videbatur.
1940 686 2078 739 Fer-

419 782 637 851 turque
663 777 879 833 dixisse
911 777 1316 847 imperatorem
1349 780 1588 846 stupore
1621 774 1859 845 plenum
1916 774 2073 828 haud

423 869 643 925 frustra
672 867 773 937 qui
802 865 1028 920 Arianae
1062 869 1201 920 sunt
1242 864 1500 931 haeresis,
1547 864 1827 919 adversus
1885 863 2073 918 virum

424 955 766 1027 hujusmodi
788 971 993 1009 omnes
1020 969 1250 1008 movere
1275 952 1599 1017 machinas,
1635 952 1729 1007 Sic
1763 951 1919 1007 illius
1942 970 2076 1023 pru-

423 1043 684 1101 dentiam
716 1043 1061 1109 admiratus,
1097 1042 1495 1097 reductionem
1532 1040 1614 1095 illi
1676 1040 2073 1112 gratissimam

422 1134 689 1198 adornat,
719 1131 1044 1203 scribitque
1076 1131 1473 1186 Alexandrino
1498 1129 1731 1201 populo,
1757 1134 1932 1201 atque
1952 1130 2071 1201 epi-

419 1222 613 1295 scopis
635 1226 693 1277 et
720 1220 1164 1293 magistratibus
1187 1236 1290 1291 per
1307 1220 1641 1291 Egyptum.
1668 1220 1926 1290 Itemque
1959 1219 2073 1274 Ne-

418 1312 598 1368 storio
629 1309 995 1383 Augustalio,
1023 1325 1089 1364 ac
1120 1308 1433 1364 Thebaidis
1464 1311 1523 1362 et
1554 1308 1742 1379 Libyae
1767 1309 2071 1379 praefectis,

416 1406 484 1457 ut
512 1416 649 1457 eum
678 1415 889 1471 magno
907 1398 1127 1453 honore
1149 1402 1206 1453 et
1230 1397 1548 1452 reverentia
1577 1397 1907 1467 exciperent
1931 1414 1942 1452 :
2007 1414 2071 1452 ac

414 1506 529 1546 non
564 1493 757 1544 solum
789 1486 906 1559 ipsi
936 1486 1210 1553 thronus,
1253 1487 1353 1540 sed
1413 1485 1586 1540 etiam
1639 1485 1915 1540 omnibus
1971 1486 2070 1557 qui

414 1595 549 1634 cum
580 1593 646 1633 eo
682 1576 1187 1632 communicarent
1214 1574 1484 1646 proprius
1515 1574 1733 1646 gradus
1779 1580 1835 1629 et
1895 1575 2069 1629 Πιἱηὶ-

416 1665 662 1723 sterium
694 1664 1121 1721 restitueretur.
1158 1664 1259 1719 His
1288 1663 1384 1718 ille
1416 1663 1679 1718 munitus
1708 1661 1989 1734 epistolis,
2015 1667 2071 1717 et

416 1754 587 1827 quasi
616 1758 920 1825 resumpta
948 1753 1182 1820 fiducia,
1218 1769 1319 1825 per
1348 1753 1573 1825 Syriam
1615 1756 1672 1807 et
1699 1750 2069 1808 Palaestinam

413 1845 529 1900 iter
556 1844 781 1900 habens
796 1842 1219 1915 Jerosolymam
1250 1842 1530 1913 pervenit,
1549 1846 1722 1912 atque
1746 1841 2067 1901 Maximum

2184 679 2310 741 τοὺς
2346 679 2621 742 ἐναντίους
2670 679 2731 734 οὐ
2791 680 3031 756 φορητή,
3081 676 3163 733 ὅτι
3214 677 3304 733 καὶ
3357 679 3565 755 βάσιμα
3604 678 3753 743 ὅλως
3781 681 3849 736 τὰ

2187 766 2841 823 Κωνσταντινουπολιτῶν
2888 767 3192 841 Ἀθανασίῳ
3240 769 3331 822 καὶ
3378 774 3495 831 τοῖς
3538 768 3702 824 αὐτοῦ
3732 790 3846 824 κοι-

2182 863 2398 919 νωνοῖς.
2435 857 2791 929 Κωνσταντίῳ
2823 855 2880 913 δὲ
2908 859 2997 912 καὶ
3030 855 3108 912 ἔτι
3137 856 3446 931 θαυμαστὰς
3483 856 3696 932 μᾶλλον
3741 861 3841 930 τὴν

2184 945 2389 1001 σύνεσιν
2448 948 2779 1008 Ἀθανάσιος.
2856 947 2954 1001 Καὶ
3032 944 3250 1021 λέγεταί
3301 968 3435 1002 ποτε
3498 949 3845 1020 θαυμάσαντα

2184 1036 2344 1113 φάναι
2374 1036 2465 1089 τὸν
2503 1033 2732 1111 βασιλέα
2766 1042 2877 1108 μετ’
2925 1033 3262 1106 ἐκπλήξεως.
3294 1034 3367 1090 Οὐ
3427 1037 3601 1110 μάτην
3652 1039 3705 1093 οἱ
3740 1044 3843 1109 τῆς

2185 1124 2398 1199 Ἀρείου
2453 1126 2711 1198 αἱρέσεως
2770 1124 2980 1187 ἁπάσας
3026 1128 3343 1195 κεκινήκασι
3395 1128 3649 1202 μηχανὰς
3704 1126 3843 1203 πρὸς

2184 1211 2351 1288 ἄνδρα
2396 1218 2644 1269 τοιοῦτον
2699 1209 2939 1290 ἔχοντες.
2996 1213 3179 1277 Οὕτως
3230 1212 3322 1269 οὖν
3368 1213 3530 1270 αὐτόν
3563 1215 3843 1291 ἀγάμενος

2180 1309 2276 1358 τοῦ
2325 1306 2709 1381 φρονήματος,
2766 1308 3106 1379 προπομπήν
3156 1324 3216 1358 τε
3272 1304 3420 1376 αὖτῷ
3475 1307 3839 1381 χαριεστάτην

2180 1398 2437 1461 ποιεῖται,
2468 1393 2663 1469 γράφει
2692 1412 2751 1446 τε
2777 1396 2857 1464 τῷ
2902 1389 3067 1465 δήμῳ
3113 1390 3552 1467 Ἀλεξανδρείας,
3600 1394 3691 1449 καὶ
3720 1400 3841 1459 τοῖς

2180 1481 2294 1534 κατ’
2330 1478 2607 1556 Αἴγυπτον
2642 1480 2960 1542 ἐπισκόποις
3006 1480 3096 1536 καὶ
3151 1478 3406 1558 ἄρχουσι·
3455 1483 3594 1559 πρὸς
3645 1479 3703 1539 δὲ
3749 1486 3841 1540 καὶ

2180 1569 2458 1645 Νεστορίῳ
2505 1567 2930 1644 Αὐγουσταλίῳ,
2972 1570 3062 1624 καὶ
3106 1575 3224 1631 τοῖς
3277 1573 3413 1625 κατὰ
3459 1565 3710 1641 Θηϐαίδα
3748 1574 3839 1628 καὶ

2182 1655 2389 1728 Αιϐύην
2424 1658 2683 1733 ἡγεμόσι,
2721 1660 2855 1733 μετὰ
2898 1657 3162 1730 πλείστης
3211 1659 3370 1715 αὐτὸν
3419 1668 3522 1731 τῆς
3553 1663 3839 1730 θεραπείας

2178 1749 2267 1802 καὶ
2324 1754 2424 1817 τῆς
2486 1745 2670 1810 αἰδοῦς
2749 1746 3102 1819 ὑποδέξασθαι
3137 1767 3149 1780 ·
3206 1749 3299 1803 καὶ
3350 1753 3448 1805 τοῦ
3530 1752 3606 1824 μὴ
3672 1750 3835 1824 μόνον

2180 1836 2327 1907 αὖτῷ
2367 1837 2457 1891 τὸν
2511 1836 2711 1893 οἰκεῖον
2766 1837 2975 1911 θρόνον,
3036 1835 3183 1892 ἀλλὰ
3234 1838 3324 1893 καὶ
3383 1844 3513 1894 πᾶσι
3540 1845 3658 1903 τοῖς
3690 1841 3838 1915 αὒτῷ

416 1933 759 2005 episcopum
835 1937 892 1987 et
947 1931 1337 1987 confessorem
1397 1930 1684 1997 convenit,
1745 1930 2059 2001 didicitque

2176 1926 2599 1996 κεκοινωνηκόσι
2647 1928 2746 1995 τὴν
2807 1924 2944 1981 ἰδίαν
2996 1926 3203 2000 ἑκάστῳ
3231 1927 3403 2007 τάξιν³
3449 1929 3539 1984 καὶ
3585 1926 3835 2006 λειτουρ-

2224 2014 2235 2032 ,
2345 2016 2358 2031 ς
2448 2012 2471 2031 κ
2510 2018 2573 2032 η-
2720 2022 2759 2032 ...
2811 2016 2823 2032 ,
2986 2015 2999 2032 τ
3072 2022 3093 2032 -
3245 2016 3259 2032 ς
3429 2019 3454 2032 ..
3490 2018 3503 2032 .
3635 2024 3657 2032 _
3721 2019 3736 2032 .

418 2026 639 2095 quanta
665 2025 723 2077 et
755 2020 877 2093 ipse
903 2036 1007 2093 pro
1044 2020 1274 2075 Christo
1322 2036 1532 2091 passus
1592 2024 1765 2073 esset.
1824 2019 2070 2074 Enarrat

414 2108 557 2166 item
588 2109 846 2165 vicissim
876 2108 1231 2164 Athanasius
1264 2125 1389 2180 quae
1421 2113 1622 2163 contra
1653 2124 1715 2164 se
1753 2112 1906 2179 ante,
1940 2125 2067 2180 qua:

414 2215 519 2272 pro
551 2216 612 2255 se
637 2215 823 2270 nuper
852 2203 983 2254 acta
1012 2199 1361 2269 decretaque
1387 2202 1583 2253 essent
1612 2214 1747 2253 cum
1780 2215 1814 2252 a
1845 2196 2067 2270 synodo

410 2291 538 2343 tum
571 2288 642 2343 ab
674 2290 1045 2359 imperatore.
1081 2288 1303 2353 Quibus
1336 2287 1553 2342 auditis
1582 2286 1895 2355 Maximus,
1918 2285 2064 2341 nihil

410 2378 739 2444 cunctatus,
773 2376 1017 2432 accersit
1057 2392 1261 2432 omnes
1313 2376 1568 2431 Orientis
1625 2375 1949 2447 episcopos,
2009 2384 2067 2431 et

405 2480 526 2523 una
554 2482 759 2522 omnes
788 2465 1110 2521 Athanasio
1132 2465 1607 2521 communionem
1638 2470 1695 2521 et
1718 2464 2064 2537 dignitatem

405 2554 805 2611 reddiderunt.

2177 2014 2299 2090 γίαν
2335 2012 2689 2084 ἀποδοθῆναι.
2720 2016 2947 2078 Ταύταις
2982 2015 3186 2079 ἐκεῖνος
3236 2016 3537 2093 ὀχυρωθεὶς
3566 2024 3686 2082 ταῖς
3717 2019 3832 2075 ἐπι-

2174 2102 2511 2176 στολαῖς,καὶ
2562 2102 2743 2179 ὥσπερ
2791 2106 3182 2179 ἀναθαρσήσας,
3235 2103 3325 2160 διά
3374 2126 3433 2161 τε
3489 2106 3689 2182 Συρίας
3734 2109 3825 2163 καὶ

2175 2193 2541 2263 Παλαιστίνης
2576 2189 2816 2269 ἔρχεται,
2846 2196 2946 2262 τὴν
2999 2192 3396 2270 Ἱεροσολύμων
3441 2217 3499 2251 τε
3539 2194 3823 2271 καταλαμ-

2176 2278 2347 2351 ϐάνει,
2378 2283 2467 2337 καὶ
2500 2283 2733 2356 Μαξίμῳ
2761 2287 2841 2355 τῷ
2872 2281 3151 2356 ἐπισκόπῳ
3180 2284 3270 2339 καὶ
3320 2282 3651 2361 ὁμολογητῇ
3696 2307 3825 2362 συγ-

2174 2372 2402 2447 γίνεται,
2455 2371 2636 2427 ἀκοῦει
2686 2393 2765 2442 τε,
2817 2371 2915 2427 ὅσα
2962 2372 3211 2436 κάκεῖνος
3258 2374 3519 2429 πεπόνθοι
3568 2370 3658 2430 διὰ
3704 2381 3830 2453 Χρι-

2175 2466 2322 2532 στοῦ,
2372 2461 2462 2515 καὶ
2512 2457 2783 2537 διηγεῖται
2825 2461 2990 2517 πάλιν
3043 2462 3238 2530 αὐτὸς,
3279 2463 3349 2517 τά
3394 2485 3454 2519 τε
3498 2470 3615 2519 κατ’
3664 2464 3829 2521 αὐτοῦ

2172 2550 2457 2625 πρότερον,
2487 2551 2556 2605 τά
2582 2571 2641 2604 τε
2688 2551 2819 2623 ὑπὲρ
2867 2550 3031 2606 αὐτοῦ
3083 2555 3174 2606 νῦν
3223 2552 3534 2627 πραχθέντα
3581 2555 3671 2609 καὶ
3719 2557 3827 2628 ψη-

407 2641 681 2719 φισθέντα,
734 2642 825 2695 καὶ
872 2641 1007 2715 αὐτῇ
1056 2640 1266 2715 συνόδῳ
1314 2644 1621 2715 κυρωθέντα
1668 2642 1757 2696 καὶ
1810 2639 2042 2717 βασιλεῖ.
2094 2645 2187 2694 Ὠν
2222 2636 2408 2708 ἐπειδὴ
2462 2638 2707 2694 ἀκούσειε
2754 2639 3023 2713 Μάξιμος,
3083 2637 3252 2712 μηδὲν
3300 2641 3492 2697 αὐτίκα
3543 2640 3828 2716 μελλήσας

414 2729 824 2803 μεταπέμπεται
853 2731 1058 2793 πάντας
1080 2731 1208 2793 τοὺς
1236 2738 1337 2801 τῆς
1365 2729 1635 2801 ἀνατολῆς
1685 2730 2033 2803 ἐπισκόπους,
2082 2728 2172 2784 καὶ
2221 2731 2380 2802 κοινῇ
2430 2728 2625 2791 πάντες
2677 2728 2979 2801 ’Δθανασίῳ
3028 2729 3128 2799 τήν
3171 2750 3231 2785 τε
3267 2730 3555 2785 κοινωνίαν
3606 2730 3698 2786 καὶ
3726 2732 3827 2801 τὴν

412 2816 560 2888 ἀξίαν
595 2815 882 2875 ἀπέδοσαν.

491 2910 578 2965 19.
613 2908 716 2965 1110
747 2909 950 2982 itaque
974 2927 1105 2966 cum
1137 2911 1238 2967 tali
1270 2912 1489 2968 honore
1505 2917 1563 2967 et
1593 2910 2061 2984 celebritatejam

411 2998 654 3055 tertium
684 2999 887 3054 urbem
922 3017 1089 3055 suam
1121 3002 1513 3073 recuperanti,
1544 3006 1716 3072 atque
1763 3003 1835 3056 ab
1889 3003 2061 3056 innu-

410 3087 589 3144 meris
612 3104 757 3160 pene
779 3088 898 3144 illis
920 3088 1220 3145 laboribus
1241 3094 1297 3145 et
1330 3090 1763 3147 calamitatibus
1820 3090 2062 3162 paulum

405 3176 738 3247 respiranti,
763 3176 1070 3232 videbatur
1097 3176 1387 3250 reliquum
1411 3179 1537 3233 vitae
1568 3194 1698 3233 cum
1733 3179 2061 3251 tranquilli-

402 3268 521 3320 tate
555 3268 611 3321 et
640 3265 833 3336 quiete
865 3268 1313 3337 transigendum
1347 3268 1501 3323 fore:
1554 3272 1611 3322 at
1667 3284 1861 3323 revera
1924 3274 2063 3325 tunc

402 3353 727 3409 maximum
748 3354 829 3410 illi
853 3354 1258 3411 calamitatum
1283 3374 1441 3411 mare
1464 3356 2061 3414 intumescebat.Cum

2247 2910 2329 2963 19.
2365 2905 2549 2968 Οὕτως
2582 2903 2677 2960 οὖν
2706 2906 2766 2960 τὸ
2794 2906 2977 2982 τρίτον
3009 2906 3157 2980 αὐτῷ
3184 2908 3274 2963 καὶ
3300 2909 3433 2983 μετὰ
3460 2908 3721 2981 τοιαύτης
3742 2931 3824 2965 τι-

2176 3002 2285 3068 μῆς
2304 3015 2363 3049 τε
2392 2995 2481 3050 καὶ
2507 2994 2870 3072 πανηγύρεως
2899 2997 2999 3065 τήν
3041 2996 3231 3051 ἑαυτοῦ
3278 2995 3439 3052 πόλιν
3483 2993 3822 3053 καταλαϐόν-

2169 3105 2221 3138 τι
2253 3085 2481 3139 καὶτῶν
2539 3084 2745 3159 μυρίων
2797 3084 2978 3161 ὥσπερ
3023 3084 3235 3140 ἐκείνων
3283 3086 3538 3159 καμάτων
3587 3087 3677 3141 καὶ
3723 3085 3823 3141 πό-

2169 3194 2275 3227 νων
2335 3173 2526 3249 μικρὸν
2574 3174 3026 3243 ἀναπεπνευκότι,
3073 3178 3153 3247 τῷ
3203 3173 3297 3247 μὲν
3344 3171 3517 3229 δοκεῖν
3569 3173 3823 3249 γαλήνης

2171 3262 2318 3334 αὐτῷ
2364 3264 2433 3317 τὰ
2482 3262 2606 3333 ἑξῆς
2653 3267 2750 3317 τοῦ
2803 3262 2924 3338 βίου
2973 3263 3061 3318 καὶ
3107 3263 3336 3326 ἀνέσεως
3379 3261 3608 3340 ἤρχετο·
3663 3264 3727 3318 τὸ
3768 3262 3831 3320 δὲ

2172 3348 2394 3423 ἀληθὲς,
2430 3354 2465 3422 ἡ
2503 3351 2763 3426 μεγίσστη
2795 3356 2901 3405 τῶν
2935 3356 3229 3430 συμφορῶν
3281 3351 3427 3424 αὐτῷ
3453 3352 3576 3407 τότε
3609 3351 3825 3426 μᾶλλον

402 3441 559 3498 enim
583 3442 869 3499 Constans
893 3461 1081 3515 nuper
1101 3461 1134 3499 a
1155 3446 1485 3516 Magnentio
1520 3447 1757 3502 factioso
1816 3464 2054 3518 Oppres-

2174 3439 2496 3514 ἐπεκύμαινε
2525 3438 2786 3497 θάλασσα,
2839 3440 3146 3495 Κώνσταντι
3177 3443 3280 3516 γὰρ
3330 3440 3451 3516 ἄρτι
3489 3442 3826 3518 Μαγνεντίου

401 3546 505 3585 sus
534 3534 591 3584 et
619 3531 852 3586 occisus
884 3532 1111 3599 fuisset,
1140 3549 1312 3605 grave
1345 3539 1468 3589 tum
1504 3535 1576 3589 ab
1610 3536 1839 3590 Arianis
1862 3536 2058 3591 incen-

401 3616 650 3673 debatur
678 3619 920 3675 bellum.
949 3621 1206 3677 Rursum
1243 3621 1554 3678 Athanasio
1576 3622 1823 3689 insidiae,
1844 3625 1913 3679 ad
1948 3626 2056 3678 im-

399 3711 726 3778 peratorem
758 3697 1064 3764 calumniae
1097 3711 1462 3765 deferuntur.
1504 3713 1573 3766 Et
1619 3730 1902 3783 magnum
1962 3730 2056 3767 ve-

399 3796 616 3866 tusque
645 3793 731 3849 illi
762 3796 982 3853 malum
1016 3798 1217 3853 aderat
1250 3799 1642 3855 Constantius.
1668 3801 1924 3855 Rursum
1958 3802 2056 3855 de-

402 3887 579 3952 creta,
614 3901 850 3940 rursum
887 3885 1080 3952 minis,
1114 3887 1283 3958 fugae,
1313 3888 1675 3955 formidines,
1712 3890 2056 3962 perquisitio

400 3987 507 4044 per
529 3976 722 4027 totum
755 3990 914 4029 mare
945 3991 1163 4046 perque
1195 3978 1526 4033 universam
1557 3982 1796 4033 terram.
1840 3979 2054 4034 Iterum

401 4064 563 4116 sator
590 4060 689 4116 ille
718 4062 1076 4118 zizaniorum
1112 4064 1394 4135 Georgius
1424 4065 1831 4122 Alexandriam
1880 4085 2057 4123 occu—

400 4164 572 4222 pans,
598 4150 963 4208 Palwstinam
988 4153 1351 4225 depmdans,
1386 4155 1644 4211 tumultu
1695 4161 1884 4212 totum
1943 4159 2052 4212 im-

400 4235 568 4319 plcns
599 4238 914 4309 Orientem,
939 4259 1128 4314 neque
1150 4243 1221 4298 ob
1256 4244 1544 4300 insaniam
1577 4245 2056 4317 impietatemque

398 4324 762 4397 tolerandus,
798 4347 1035 4386 rursum
1069 4337 1338 4400 Acacxus,
1373 4333 1595 4389 malitia
1631 4333 1963 4406 praeclarus,
1998 4341 2056 4391 et

396 4417 774 4489 Patrophilus
803 4419 940 4475 Ario
973 4421 1291 4493 impietatis
1324 4423 1470 4493 patri
1498 4423 1761 4491 amicus;
1820 4424 2055 4479 Jeroso-

395 4502 615 4577 lymam
646 4508 1053 4577 concedentes,
1098 4510 1386 4581 pulsoque
1445 4502 1715 4579 Maximo,
1775 4512 2052 4584 Cyrillum

394 4596 780 4664 constituunt,
804 4598 998 4653 virum
1021 4598 1120 4670 qui
1144 4604 1305 4654 tanto
1330 4600 1675 4671 impietatis,
1699 4607 1919 4672 quanto
1938 4620 2054 4658 ma-

395 4696 549 4753 gnus
578 4682 676 4739 ille
705 4684 792 4740 vir
823 4686 1056 4757 pietatis
1079 4688 1275 4743 studio
1323 4690 1649 4745 tenebatur.
1712 4691 1907 4762 Ecqua
1961 4708 2051 4746 ra-

395 4771 696 4843 tionejam
728 4774 861 4845 quis
890 4775 1068 4847 digne
1099 4776 1427 4848 deploraret
1458 4777 1558 4833 illa
1589 4780 1787 4835 omnia
1816 4798 1941 4852 quae
1984 4798 2051 4837 eo

396 4861 661 4931 tempore
682 4878 716 4916 a
733 4861 978 4933 Georgio
999 4862 1362 4919 Alexandriae
1385 4870 1545 4936 gesta
1569 4867 1755 4922 sunt?
1793 4867 1906 4923 nisi
1938 4884 2055 4940 qua

394 4944 523 5019 ipse
551 4948 639 5003 vir
666 4949 875 5006 beatus
906 4951 965 5006 in
996 4952 1264 5024 Apologia
1291 4953 1355 5008 de
1370 4955 1508 5023 fuga
1542 4972 1644 5010 sua
1703 4973 1825 5011 rem
1880 4973 2052 5011 enar-

395 5036 563 5093 ravit.
584 5040 857 5111 Haecjam
881 5040 1050 5097 nobis
1075 5043 1467 5109 memoranda,
1497 5060 1696 5099 verum
1720 5045 1915 5116 potius
1938 5046 2050 5118 ipsi

398 5125 760 5183 dulcissimae
789 5128 896 5183 viri
922 5128 1138 5202 lingua:
1158 5131 1597 5203 committenda,
1632 5150 1756 5205 quae
1779 5133 1880 5189 illa
1928 5153 2050 5190 mo-

393 5213 556 5271 deste
586 5217 1031 5289 moderateque,
1093 5224 1158 5274 ut
1190 5235 1316 5274 mos
1347 5225 1471 5276 erat
1498 5222 1633 5293 ipsi,
1668 5223 1976 5279 recensuit.

2170 3529 2563 3593 ἐπαναστάντος
2588 3575 2602 3599 ,
2654 3531 2743 3585 καὶ
2791 3527 3049 3600 τελευτήν
3103 3529 3248 3602 αὐτῷ
3300 3535 3398 3585 τοῦ
3451 3532 3571 3605 βιου
3622 3529 3823 3606 ἐπαγα-

2168 3619 2384 3693 γόντος,
2428 3617 2616 3682 δεινῶς
2669 3620 2771 3674 ὑπὸ
2818 3624 2927 3674 τῶν
2967 3620 3348 3696 Ἀρειανιστῶν
3390 3618 3540 3682 αὖθις
3590 3620 3822 3691 ἀνήπτε-

2163 3729 2226 3762 το
2258 3712 2334 3782 (α)
2367 3707 2635 3782 πόλεμοςο
2668 3709 2759 3763 καὶ
2807 3706 2972 3763 πάλιν
3026 3707 3325 3782 Ἀθανασίῳ
3377 3703 3689 3780 ἐπιϐουλαὶ,
3733 3708 3824 3764 καί

2165 3798 2300 3871 πρὸς
2337 3795 2564 3873 βασιλέα
2613 3792 2890 3853 διαϐολαί·
2923 3799 3012 3852 καὶ
3058 3799 3120 3853 τὸ
3155 3798 3295 3873 μέγα
3321 3798 3412 3853 καὶ
3455 3796 3688 3854 παλαιὸν
3722 3798 3825 3854 αὗ·-

2163 3891 2243 3958 τῷ
2288 3887 2475 3953 κακὸν,
2529 3888 2556 3941 6
2614 3887 2986 3949 Κωνοτάντιος
3017 3931 3029 3944 .
3076 3886 3248 3942 Πάλιν
3303 3885 3394 3942 οὖν
3444 3885 3819 3964 διατάγματα,

2163 3972 2329 4030 πάλιν
2363 3973 2603 4047 ἀπειλαὶ,
2638 3977 2824 4052 φυγαὶ,
2874 3973 3059 4054 φόϐοι,
3088 3974 3179 4032 καί
3203 3979 3238 4045 ἡ
3273 3973 3361 4031 διὰ
3406 3977 3587 4047 πάσης
3616 3975 3823 4032 θαλάσ-

2165 4085 2266 4134 σης
2297 4065 2387 4119 καὶ
2416 4072 2522 4139 γῆς
2576 4066 2925 4136 ἀναζήτησις’
2960 4067 2988 4120 6
3017 4071 3123 4121 τῶν
3177 4064 3426 4135 ζιζανίων
3475 4063 3639 4121 πάλιν
3690 4085 3821 4120 σπο-

2164 4152 2288 4228 ρεὺς
2321 4154 2590 4230 Γεώργιος
2650 4151 3058 4228 Ἀλεξάνδρειαν
3121 4147 3582 4226 καταλαμϐάνων,
3651 4151 3820 4230 Δί’γυ-

2163 4262 2295 4297 πτον
2328 4243 2668 4319 κατασύρων,
2697 4244 2763 4296 τὰ
2787 4243 3156 4297 Παλαιπινῶν
3192 4240 3550 4316 ληϊζόμενος,
3570 4249 3821 4319 ταραχῆς

2162 4336 2335 4385 πᾶσαν
2382 4332 2483 4401 την
2537 4332 2671 4404 ἑῴαν
2724 4329 3070 4398 ἀναπιπλῶν,
3122 4332 3213 4387 καὶ
3265 4329 3525 4404 μηδαμοῦ
3556 4332 3820 4406 χωρητὸς

2165 4417 2236 4474 ὢν
2288 4422 2387 4491 τὴν
2444 4421 2632 4495 μανίαν
2682 4422 2773 4477 καὶ
2818 4422 2917 4491 τὴν
2963 4416 3229 4477 ἀσέϐειαν·
3277 4419 3443 4476 πάλιν
3495 4422 3751 4484 Ἀκάκιος
3791 4422 3821 4476 6

2162 4507 2340 4572 πολὺς
2368 4512 2467 4580 την
2499 4511 2712 4582 κακίαν,
2734 4510 2824 4566 καὶ
2856 4509 3201 4589 Πατρόφιλος
3233 4512 3263 4565 6
3291 4514 3389 4565 τοῦ
3426 4517 3529 4580 τῆς
3573 4505 3822 4575 ἀσεϐείας

2162 4600 2365 4674 πατρὸς
2419 4600 2633 4677 Ἀρείου
2681 4603 2756 4673 (b)
2808 4598 2990 4678 φίλος,
3041 4597 3447 4674 Ἱεροσολύμοις
3493 4598 3819 4680 ἐπιφοιτῶν-

2159 4709 2267 4760 τες,
2323 4689 2412 4744 καὶ
2467 4690 2710 4763 Μάξιμον
2772 4689 3090 4759 ἐξωθοῦντες
3126 4734 3139 4759 ,
3194 4690 3284 4744 καὶ
3344 4690 3821 4753 ἀντικαθιστῶντες

2161 4775 2459 4852 Κιόριλλον,
2494 4776 2661 4853 ἄνδρα
2689 4778 2811 4833 ὅσον
2845 4799 2908 4852 γε
2941 4779 2968 4833 6
3006 4779 3175 4853 μέγας
3208 4776 3258 4833 ἐν
3293 4773 3554 4850 εὐσεϐείᾳ,
3584 4783 3822 4835 τοσαῦτα

2162 4871 2241 4939 τῷ
2269 4873 2372 4935 τῆς
2404 4862 2650 4929 ἀσεϐείας
2685 4865 2840 4939 ζήλῳ
2873 4865 3163 4923 ἀντίθετον.
3214 4866 3276 4921 Τί
3310 4865 3369 4922 ἄν
3418 4888 3504 4931 τις
3543 4865 3819 4942 ἐιτραγῳ-

2163 4953 2286 5025 δοίη
2318 4956 2491 5010 πάντα
2521 4956 2643 5027 ἑξῆς
2681 4956 2748 5010 τὰ
2797 4955 3057 5032 Γεωργίῳ
3109 4957 3245 5011 κατὰ
3291 4958 3389 5025 τὴν
3419 4953 3821 5029 Ἀλεξανδρέων

2164 5044 2267 5099 ὑπὸ
2315 5045 2406 5098 τὸν
2456 5044 2612 5100 αὐτὸν
2665 5044 2864 5123 χρόνον
2915 5047 3252 5121 γεγενημένα
3285 5064 3300 5115 ;
3334 5043 3489 5115 Πλὴν
3541 5044 3640 5102 ὅσα
3667 5046 3756 5101 καὶ
3788 5046 3821 5101 6

2166 5135 2430 5210 μακάριος
2487 5135 2609 5211 περὶ
2666 5142 2769 5205 τῆς
2842 5136 3031 5190 ἑαυτοῦ
3106 5142 3286 5213 φυγῆς
3362 5132 3819 5210 ἀπολογούμενος

2162 5222 2431 5294 διεξῆλθε,
2463 5225 2670 5279 τούτων
2704 5224 2793 5281 καὶ
2842 5227 2977 5298 ἡμῖν
3030 5223 3151 5300 ἄρτι
3207 5225 3632 5298 μνημονευτέον,
3677 5224 3817 5299 μᾶλ-

389 5297 485 5357 λον
519 5299 577 5358 δὲ
607 5303 741 5379 αὐτῇ
776 5300 949 5380 ἐκείνῃ
978 5310 1044 5380 τῇ
1091 5301 1263 5369 ὄντως
1311 5306 1539 5383 γλυκείᾳ
1574 5308 1799 5384 γλώσσῃ
1845 5316 1940 5366 τοῦ
1973 5308 2165 5385 ἀνδρὸς
2194 5314 2654 5390 παραχῶρητέον,
2709 5297 3014 5392 ὑφειμένως
3067 5297 3215 5368 ἀῦτὰί
3250 5309 3308 5368 δὲ
3358 5313 3497 5387 [καὶ]
3551 5297 3814 5391 μετρίως,

391 5390 579 5445 ὁποῖον
612 5391 758 5466 αὐτῷ
785 5394 848 5448 τὸ
878 5395 1033 5465 ἦθος,
1067 5393 1116 5450 ἐν
1152 5402 1281 5450 πᾶσι
1316 5394 1675 5472 διηγουμένη.

457 5482 550 5537 20.
575 5483 844 5552 Quidam,
889 5485 1099 5558 inquit,
1158 5486 1566 5545 Alexandriam
1620 5508 1828 5547 rursus
1884 5492 2043 5548 inva-

392 5569 561 5641 dunt,
585 5589 809 5645 nosque
829 5574 901 5630 ad
924 5591 1125 5631 necem
1151 5575 1522 5649 perquirunt,
1581 5579 1850 5653 factaque
1908 5586 2047 5637 sunt

462 5714 540 5861 id;
569 5719 708 5799 Tres
748 5733 890 5774 mss.
921 5715 1205 5790 ὶξῄπτετο.

487 5787 517 5842 b
570 5788 665 5845 Sic
692 5804 832 5845 mss.
866 5790 1015 5846 Editi
1045 5789 1204 5861 πρὸς⁸

2223 5493 2314 5547 20.
2346 5490 2445 5545 Καὶ
2476 5490 2578 5567 γὰρ
2640 5490 2717 5553 εἰς
2770 5493 2871 5561 τήν
2918 5487 3327 5568 ’Δλεξάνδρειαν
3376 5488 3565 5563 πάλιν,
3623 5512 3815 5571 φησιν,

2156 5578 2460 5658 ἐπεφόησάν
2518 5599 2664 5642 τινσς
2722 5584 3009 5650 ζητοῦντες
3066 5582 3217 5655 ἡμᾶς
3275 5580 3592 5635 ἀποκτεῖναι
3652 5599 3669 5614 ⁸
3717 5582 3816 5641 καὶ

570 5787 665 5845 Sic
692 5804 832 5845 mss.
866 5787 1015 5846 Editi
1045 5788 1421 5866 πρὸςἈρείου.
1451 5795 1655 5852 Errore
1675 5811 1744 5851 ex
1772 5796 2207 5854 abbreviatione
2233 5799 2377 5854 orto.
2410 5794 2647 5853 Similes
2673 5811 2828 5869 saepe
2844 5796 3093 5853 mendas
3120 5795 3553 5855 annotavith
