4146 6388
1224 401 1411 466 VITA
1457 402 1522 467 S.
1569 403 2000 468 ATHANASII
2042 403 2382 468 INGERTO
2426 406 2816 469 AUGTORE.

3589 422 3734 469 CCIII

309 528 504 611 γέγονε
530 532 600 589 τά
628 536 731 590 νῦν
755 529 986 610 χείρονα
1030 537 1139 591 τῶν
1189 537 1442 610 πρώτων.
1480 542 1817 614 Στρατιῶται
1865 539 1966 612 γὰρ

2085 542 2392 612 przescntia
2423 542 2619 612 pejora
2649 541 2960 613 prioribus.
3021 542 3234 599 Milites
3293 543 3508 616 quippe
3569 542 3732 599 dere-

309 621 564 702 ἐξαίφνης
593 624 692 693 τήν
747 622 1039 693 ἐκκλησίαν
1092 623 1425 694 ἐκύκλωσαν,
1465 628 1554 681 καὶ
1601 629 1668 681 τὰ
1715 633 1821 682 τῶν
1865 649 1965 682 πο-

311 711 518 787 λεμίων
551 713 668 767 ἀντέ
720 712 898 789 εὐχῶν
949 712 1175 788 ἐγίνετο.
1229 715 1360 769 Εἶτα
1414 713 1668 770 εἰσελθὼν
1717 720 1785 789 τῇ
1843 715 1970 791 ἁγίᾳ

311 806 717 879 Τεσσαρακοστῇ
768 804 795 857 6
854 804 1000 878 παρὰ
1058 801 1393 859 Μακεδονίου
1451 805 1539 858 καὶ
1597 810 1704 859 τῶν
1760 812 1968 882 Ἀρεια-

313 892 571 962 νιζόντων
650 891 978 954 ἀποσταλεὶς
1057 892 1116 948 ἐκ
1192 891 1574 956 Καππαδοκίας
1646 895 1921 970 Γεώργιος
1954 942 1966 965 ,

313 979 579 1054 ηὔξησεν,
638 981 670 1035 ἃ
726 1003 834 1058 παρ
913 982 1088 1037 αὐτῶν
1170 985 1478 1057 μεμαθήκοι
1552 985 1687 1038 κατά
1745 1029 1758 1042 .
1820 985 1971 1040 Μετὰ

315 1071 421 1147 γὰρ
479 1073 556 1144 (a)
613 1074 710 1125 τοῦ
786 1072 980 1146 Πάσχα
1032 1072 1286 1148 παρθένοι
1349 1073 1424 1135 εἰς
1498 1074 1565 1127 τὰ
1622 1071 1972 1150 δεσμωτήρια

321 1154 704 1233 ἐνεϐάλλοντο,
757 1159 1042 1216 ἐπίσκοποι
1095 1162 1196 1216 ὑπὸ
1245 1167 1588 1235 στρατιωτῶν
1637 1161 1840 1238 ἤγοντο
1890 1161 1970 1218 δε-

316 1247 558 1323 δεμένοι,
607 1249 857 1328 ὀρφανῶν
908 1252 997 1304 καὶ
1044 1255 1236 1328 χηρῶν
1291 1253 1600 1327 ἡρπάζοντο
1652 1252 1840 1322 οἰκίαι,
1880 1255 1969 1307 καὶ

311 1337 489 1414 ἄρτοι,
524 1337 735 1418 έφόδιοι
763 1341 899 1394 κατᾶ
926 1345 1034 1394 τῶν
1069 1341 1284 1395 οἰκείων
1339 1340 1602 1416 ἐγίνοντο,
1652 1343 1741 1397 καὶ
1779 1343 1971 1404 νυκτὸς

310 1430 366 1484 οἱ
413 1429 724 1504 Χριστιανοὶ
772 1429 1128 1508 κατεφέροντο
1184 1452 1196 1464 ’
1231 1429 1728 1507 έπεσφραγίσθησαν
1781 1432 1969 1501 οἰκίαι,

305 1519 400 1573 καὶ
459 1515 687 1596 ἀδελφοὶ
745 1516 1026 1596 κληρικῶν
1085 1519 1215 1595 ὑπὲρ
1278 1517 1526 1597 ἀδελφῶν
1585 1518 1918 1575 ἐκινδύνευον
1957 1562 1967 1574 .

309 1607 412 1664 Καὶ
471 1605 620 1662 δεινά
669 1607 763 1681 μὲν
813 1612 1000 1680 ταῦτα,
1056 1605 1329 1684 δεινότερα
1379 1607 1436 1664 δὲ
1489 1610 1556 1664 τὰ
1618 1611 1752 1683 μετὰ
1805 1616 1972 1665 ταῦτα

306 1695 596 1772 γενόμενα.
643 1700 720 1770 Τῇ
774 1698 878 1774 γὰρ
925 1692 1187 1770 ὲϐδομάδι
1249 1699 1382 1771 μετὰ
1427 1700 1525 1768 τὴν
1574 1698 1727 1774 ἁγίαν
1763 1706 1971 1770 Πεντη-

306 1787 511 1856 κοστήν
555 1787 584 1840 6
633 1783 766 1848 λαὸς
816 1785 1132 1856 νηστεύσας,
1185 1785 1377 1858 ἐξῆλθε
1422 1787 1546 1864 περὶ
1592 1789 1654 1843 τὸ
1703 1792 1964 1863 κοιμητήο

311 1895 456 1952 ριον,
490 1870 732 1944 εὔξασθαι
779 1879 877 1929 τοῦ
928 1875 1086 1950 ἁγίου
1138 1877 1344 1951 Πέτρου
1391 1882 1488 1930 τοῦ
1538 1875 1833 1932 ἐπισκόπου
1881 1878 1969 1932 καὶ
2001 1916 2049 1980 Β

381 1965 392 1980 ι
711 1961 734 1980 ε.
772 1965 786 1980 κ
889 1965 903 1980 ε
1029 1966 1039 1980 ,
1243 1967 1255 1980 ,
1414 1967 1424 1980 ,
1539 1968 1562 1980 ,η
1722 1968 1735 1980 .
1918 1967 1930 1980 κ

320 1965 596 2041 μάρτυρος
629 2012 644 2037 ,
707 1961 796 2019 διὰ
849 1965 913 2019 τὸ
971 1966 1172 2028 πάντας
1233 1967 1622 2041 ἀποτρέπεσθαι
1678 1968 1775 2036 τήν
1835 1967 1971 2042 πρὸς

315 2053 595 2129 Κεώργιον
640 2054 925 2109 κοινωνίαν
964 2076 976 2089 ·
1012 2052 1158 2110 ἀλλὰ
1203 2059 1364 2110 τοῦτο
1401 2056 1581 2128 μαθὼν
1616 2056 1643 2110 6
1675 2055 1969 2128 παμπόνη-

319 2162 416 2218 ρος
449 2142 630 2211 οὗτος,
682 2142 969 2218 παροξύνει
1017 2144 1108 2198 τὸν
1158 2142 1536 2220 στρατηλάτην
1590 2139 1968 2216 Σεϐαστιανὸν,

317 2238 624 2308 Μανιχαῖον
677 2227 824 2303 ὄντα,
877 2231 936 2294 ὃς
975 2234 1108 2306 μετὰ
1153 2231 1401 2303 πλήθους
1450 2239 1792 2306 στρατιωτῶν
1827 2232 1972 2288 ὅπλα

312 2321 406 2376 καὶ
440 2321 564 2400 ξίφη
597 2322 794 2397 γυμνὰ,
821 2323 911 2376 καὶ
957 2322 1085 2392 τόξα
1131 2323 1220 2377 καὶ
1273 2322 1408 2397 βέλη
1457 2322 1750 2400 φερόντων,
1783 2322 1973 2397 ὥρμη-

315 2431 402 2465 σεν
435 2409 486 2465 ἐν
516 2410 662 2483 αὐτῷ
689 2415 768 2484 τῷ
799 2416 1050 2486 Κύριαικῷ
1079 2413 1215 2466 κατὰ
1260 2416 1356 2466 τοῦ
1406 2409 1558 2468 λαοῦ.
1597 2413 1695 2467 Καὶ
1744 2412 1969 2488 ὀλίγους

314 2500 489 2577 εὑρὼν
548 2500 904 2576 εὐχομένους·
960 2502 1013 2556 οἱ
1071 2502 1173 2576 γὰρ
1230 2499 1454 2563 πλείους
1513 2500 1686 2557 πάλαι
1741 2499 1829 2556 διὰ
1868 2504 1968 2572 τὴν

313 2586 460 2663 ὥραν
523 2590 980 2666 ἀναχωρήσαντες
1035 2593 1166 2659 ἦσαν
1232 2610 1244 2621 ⁸
1303 2591 1371 2644 τὰ
1424 2591 1639 2646 πάντων
1696 2589 1973 2646 δεινότατα

309 2678 680 2755 κατεπράξατο
715 2722 730 2737 .
788 2679 1063 2754 Πυρκαϊὰν
1122 2679 1225 2756 γὰρ
1286 2680 1490 2753 ἀνάψας
1533 2724 1547 2749 ,
1605 2681 1698 2735 καὶ
1771 2683 1972 2752 στήσας

309 2769 606 2844 παρθένους
638 2769 785 2844 παρᾶ
812 2769 874 2823 τὸ
901 2773 1028 2845 πῦρ,
1079 2770 1352 2843 ἠνάγκαζε
1404 2767 1584 2844 λέγειν
1633 2770 1824 2832 ἑαυτὰς
1869 2777 1970 2839 τῆς

309 2855 532 2932 Ἀρείου
557 2856 793 2920 πίστεως
845 2857 1000 2913 εἶναι.
1033 2859 1121 2920 Ὡς
1179 2855 1236 2912 δὲ
1265 2859 1494 2920 νικώσας
1548 2858 1710 2921 αὐτὰς
1753 2853 1968 2929 ἔϐλεπε,

311 2945 406 3002 καὶ
467 2943 598 3020 μηδ’
657 2944 804 3009 ὅλως
843 2951 941 3002 τοῦ
987 2947 1157 3021 πυρὸς
1219 2946 1626 3024 φροντιζούσας,
1680 2949 1973 3022 γυμνώσας

313 3033 481 3096 αὐτὰς
517 3078 532 3103 ,
592 3033 765 3098 οὕτως
819 3035 996 3090 αὐτῶν
1073 3037 1141 3090 τά
1196 3037 1464 3112 πρόσωπα
1535 3039 1800 3111 κατέκοψε
1854 3043 1971 3098 ταῖς

312 3121 584 3198 πληγαῖς,
620 3123 759 3180 ὥστε
792 3126 924 3199 μετὰ
954 3123 1238 3200 παρολκήν
1291 3131 1500 3203 μακροῦ
1551 3126 1755 3203 χρόνου
1809 3125 1972 3200 μόλις

311 3215 465 3290 παρὰ
490 3218 599 3269 τῶν
633 3213 847 3269 οἰκείων
899 3213 1366 3290 ἐπιγινώσκεσθαι.
1419 3214 1654 3292 ’Ἅνδρας
1702 3237 1760 3271 τε
1808 3237 1970 3270 κατα-

2079 637 2250 703 pente
2299 631 2602 687 ecclesiam
2672 633 2970 702 obsedere,
3029 634 3389 704 bellicusque
3441 633 3734 690 tumultus

2077 722 2200 776 vice
2231 739 2468 793 precum
2501 725 2733 777 exortus
2766 729 2873 777 est.
2909 723 3052 778 Hinc
3093 725 3151 779 in
3213 730 3416 780 sancta
3472 725 3730 790 Quadra-

2079 812 2306 883 gesima
2333 811 2654 883 ingressus,
2692 815 2788 883 qui
2826 830 2858 867 a
2890 813 3226 868 Macedonio
3281 817 3338 868 et
3392 814 3623 868 Arianis
3664 829 3733 867 ex

2081 901 2446 973 Cappadocia
2475 900 2694 956 missus
2729 902 2917 956 fuerat
2947 902 3248 973 Georgius,
3275 902 3431 956 mala
3469 919 3595 972 qua:
3657 902 3728 956 ab

2081 991 2198 1046 illis
2220 992 2460 1046 edoctus
2482 992 2668 1046 fuerat
2688 991 2944 1046 adauxit.
2978 992 3203 1047 Etenim
3237 996 3369 1063 post
3408 991 3728 1046 hebdoma-

2083 1081 2217 1136 dam
2246 1081 2566 1146 Paschalis,
2600 1081 2846 1136 vidisses
2877 1082 3130 1152 virgines
3162 1082 3218 1135 in
3252 1098 3541 1136 carcerem
3592 1097 3727 1136 con-

2072 1169 2199 1240 jici,
2227 1171 2529 1241 episcopos
2563 1187 2596 1224 a
2626 1170 2915 1225 militibus
2942 1170 3166 1225 vinctos
3184 1170 3415 1237 abduci,
3447 1169 3734 1241 orphano-

2081 1276 2212 1314 rum
2245 1258 2673 1329 viduarumque
2701 1259 2906 1314 domos
2938 1263 2993 1313 et
3024 1276 3202 1330 panes
3233 1259 3426 1331 diripi,
3453 1257 3732 1330 irruptio-

2082 1365 2186 1404 nes
2208 1348 2266 1402 in
2290 1349 2496 1403 domos
2519 1349 2664 1409 fieri,
2690 1354 2863 1402 noctu
2900 1348 3257 1402 Christianos
3280 1347 3467 1418 dejici,
3525 1347 3732 1402 domos

2082 1437 2398 1510 obsignari,
2434 1438 2638 1492 fratres
2670 1437 3012 1492 clericorum
3048 1455 3150 1509 pro
3184 1437 3460 1492 fratribus
3502 1436 3730 1508 pericli-

2083 1527 2213 1582 tari.
2247 1528 2377 1582 Hrec
2407 1527 2645 1598 quidem
2666 1527 2902 1596 atrocia,
2929 1528 3028 1581 sed
3054 1527 3338 1581 atrociora
3359 1526 3566 1581 deinde
3597 1542 3732 1580 con-

2082 1620 2282 1672 secuta
2322 1620 2460 1671 sunt
2491 1616 2766 1671 facinora.
2802 1618 3027 1670 Etenim
3052 1615 3416 1670 hebdomade
3447 1619 3580 1687 post
3602 1631 3733 1669 san-

2083 1711 2232 1760 ctam
2261 1705 2660 1773 Pentecosten,
2693 1721 2827 1758 cum
2860 1704 3133 1775 populus,
3158 1705 3382 1775 expleto
3404 1704 3730 1774 jejunio,ad

2082 1795 2476 1850 cmmeterium
2497 1793 2692 1850 Sancti
2713 1794 2862 1848 Petri
2882 1794 3135 1865 episcopi
3161 1798 3215 1848 et
3230 1795 3504 1865 martyris
3527 1793 3731 1848 orandi

2082 1901 2260 1940 causa
2289 1900 2559 1956 egressus
2591 1889 2766 1948 esset,
2815 1901 2880 1938 eo
2939 1885 3091 1954 quod
3154 1901 3358 1938 omnes
3412 1901 3445 1937 a
3501 1883 3732 1953 Georgii

2083 1973 2496 2030 communione
2526 1973 2925 2039 abhorrerent,
2963 1991 3021 2028 re
3053 1978 3349 2044 comperta
3406 1973 3734 2028 sceleratis-

2083 2065 2271 2119 simus
2301 2063 2398 2119 ille
2430 2063 2839 2118 Sebastianum
2874 2063 3081 2116 ducem
3112 2062 3492 2116 Manichaeurn
3543 2061 3733 2116 horni-

2083 2170 2217 2208 nem
2249 2153 2535 2208 concitat:
2565 2152 2662 2223 qui
2692 2169 2824 2207 mox
2856 2168 2988 2206 cum
3021 2157 3218 2206 turma
3247 2151 3523 2215 militum,
3548 2167 3732 2214 arma,

2082 2242 2314 2298 strictos
2346 2240 2593 2313 gladios,
2629 2258 2801 2296 arcus
2834 2246 2890 2295 et
2911 2241 3028 2295 tela
3085 2241 3415 2304 ferentium,
3450 2240 3505 2293 in
3537 2239 3730 2308 ipsum

2082 2331 2452 2388 Dominicum
2484 2331 2769 2402 impetum
2804 2331 2936 2385 fecit
2965 2331 3244 2384 adversus
3301 2328 3602 2400 populum.
3666 2329 3734 2383 Et

2081 2439 2215 2478 cum
2248 2437 2464 2494 paucos
2497 2420 2815 2475 invenisset
2869 2423 3122 2485 orantes,
3184 2418 3423 2489 plurimi
3477 2433 3733 2488 namque

2082 2510 2422 2566 adveniente
2451 2509 2595 2564 hora
2627 2512 3005 2575 recesserant,
3041 2508 3304 2562 omnium
3359 2507 3731 2562 atrocissima

2083 2599 2378 2656 commisit
2432 2599 2708 2653 facinora.
2763 2599 2908 2652 Nam
2978 2613 3217 2651 accenso
3277 2613 3414 2667 rogo
3475 2596 3729 2668 virgines

2081 2689 2200 2760 igni
2232 2688 2500 2742 admotas
2532 2687 2802 2758 adigebat
2831 2692 2894 2741 ut
2923 2686 3182 2741 dicerent
3230 2703 3291 2741 se
3340 2685 3564 2740 Arianae
3601 2703 3730 2740 esse

2083 2777 2256 2832 ﬁdei:
2291 2781 2354 2831 ut
2384 2780 2579 2831 autem
2612 2793 2710 2830 eas
2744 2777 2860 2830 vim
2895 2792 3189 2846 superare,
3220 2775 3534 2846 ignemque
3586 2773 3731 2829 nihil

2083 2883 2286 2922 curare
2317 2865 2742 2928 animadvertit,
2776 2866 3027 2920 nudatae
3056 2863 3269 2918 iterum
3302 2864 3383 2918 ita
3411 2863 3467 2917 in
3527 2864 3732 2918 faciem

2084 2955 2272 3022 cedit,
2305 2959 2368 3009 ut
2389 2960 2519 3024 post
2553 2954 2803 3008 multum
2837 2953 3118 3024 temporis
3138 2953 3233 3007 vix
3259 2969 3293 3007 a
3322 2952 3446 3007 suis
3470 2952 3733 3023 dignosci

2085 3050 2344 3116 possent.
2376 3043 2544 3098 Viros
2574 3048 2768 3098 autem
2831 3043 3224 3114 quadraginta
3281 3041 3734 3112 comprehensos

2086 3133 2461 3189 insolentiore
2495 3132 2664 3186 modo
2693 3132 3046 3185 verberavit:
3084 3147 3219 3184 nam
3278 3129 3455 3201 virgis
3515 3129 3733 3201 palma-

2087 3239 2213 3278 rum
2247 3238 2450 3277 recens
2481 3221 2799 3292 amputatis
2832 3220 3046 3290 quibus
3078 3219 3269 3273 adhuc
3299 3219 3484 3273 aculei
3555 3218 3732 3273 haere-

312 3304 466 3380 σχὼν
541 3303 631 3359 τὸν
714 3304 941 3378 ἀριθμὸν
1012 3305 1409 3382 τεσσαράκοντα
1481 3306 1780 3382 καινοτέρῳ
1852 3305 1971 3382 τρό-

2085 3312 2246 3378 bant,
2275 3311 2575 3366 siccorum
2601 3315 2764 3380 terga
2793 3308 3083 3373 laceravit,
3115 3312 3176 3362 ut
3199 3307 3460 3362 nonnulli
3518 3308 3590 3361 ob
3643 3307 3732 3361 in-

308 3413 404 3465 πῳ
449 3393 714 3468 κατέκοψε
763 3411 776 3424 °
829 3387 1058 3469 ῥάϐδους
1104 3394 1208 3468 γὰρ
1256 3395 1350 3455 τὰς
1403 3394 1508 3448 ἀπὸ
1553 3399 1661 3448 τῶν
1712 3393 1969 3472 φοινίκων

306 3481 506 3537 αὐτίκα
527 3482 734 3556 τεμὼν,
769 3479 819 3536 ἐν
865 3481 1052 3544 αὐταῖς
1102 3479 1177 3537 ἔτι
1225 3481 1454 3558 ἐχούσας
1501 3482 1630 3545 τοὺς
1674 3481 1970 3552 σκόλοπας,

303 3573 380 3626 τὰ
406 3575 550 3626 νῶτα
577 3570 786 3626 τούτων
832 3570 1006 3634 οὕτως
1058 3568 1338 3648 ἐξέδειρεν,
1381 3570 1455 3633 ὥς
1501 3591 1652 3633 τινας
1705 3572 1797 3645 μὲν
1831 3570 1969 3627 πολ-

306 3659 473 3722 λάκις
513 3662 982 3737 χειρουργηθῆναι
1025 3658 1115 3715 διὰ
1156 3660 1284 3723 τοὺς
1342 3661 1714 3736 ἀποπαγέντας
1770 3661 1820 3716 έν
1878 3661 1972 3716 αύ-

302 3755 430 3812 τοῖς
480 3747 756 3812 σκόλοπας
809 3771 822 3784 ο
880 3751 1032 3812 τινὰς
1089 3747 1145 3804 δὲ
1191 3750 1281 3804 καὶ
1344 3751 1418 3823 μὴ
1480 3751 1739 3828 φέροντας
1799 3749 1971 3813 οὕτως

306 3839 658 3896 ἐναποθανεῖν
715 3843 838 3902 ταῖς
893 3836 1142 3914 πληγαῖς
1174 3883 1187 3895 .
1250 3841 1460 3902 Πάντας
1540 3840 1632 3913 μὲν
1694 3839 1784 3894 οὖν
1846 3839 1973 3901 τοὺς

302 3926 773 4006 πειὸληφθέντας,
822 3929 960 4004 πρὸς
1010 3925 1068 3983 δὲ
1109 3928 1200 3983 καὶ
1247 3929 1343 3991 τὰς
1394 3928 1646 4005 ῥηθείσας
1676 3931 1972 4004 παρθένους

307 4017 638 4096 ὑπερορίους
671 4017 796 4094 περὶ
825 4019 925 4086 τήν
963 4015 1211 4092 μεγάλην
1263 4019 1450 4072 Ὄασιν
1502 4016 1850 4076 ἀποστέλλει.
1900 4020 1975 4073 Τὰ

306 4106 374 4164 δέ
414 4107 642 4180 σώματα
690 4111 796 4162 τῶν
852 4105 1211 4177 τεθνηκότων,
1260 4104 1384 4161 οὐδὲ
1435 4113 1552 4170 τοῖς
1611 4111 1972 4182 προσήκουσι,

303 4197 452 4254 κατὰ
525 4199 626 4265 τὴν
701 4196 881 4273 ἀρχὴν
929 4243 944 4269 ,
995 4194 1329 4266 ἀπολοθῆναι
1405 4199 1700 4268 πεποίηκεν
1775 4220 1787 4232 ’
1847 4193 1976 4252 ἀλλ’

305 4282 572 4363 ἔκρυψαν,
635 4287 711 4349 ὡς
762 4283 1038 4356 ἠθέλησαν
1089 4285 1264 4354 αὐτοὶ,
1315 4283 1508 4365 ἄταφα,
1561 4287 1693 4361 ὑπὲρ
1741 4291 1838 4342 τοῦ
1881 4285 1970 4342 δο-

300 4381 424 4432 κεῖν
451 4375 641 4437 αὐτοῖς
674 4372 950 4430 λάνθάνειν
1004 4377 1103 4444 τὴν
1150 4374 1418 4446 τοσαύτην
1471 4375 1753 4448 ὠμότητα.
1803 4377 1974 4452 Πράτ-

297 4463 464 4522 τουσί
512 4485 572 4519 τε
620 4468 789 4519 ταῦτα
835 4462 1252 4537 πεπλανημένοι
1295 4468 1364 4538 τῇ
1418 4460 1647 4535 διανοίᾳ,
1697 4465 1974 4542 παράφρο-

298 4575 395 4619 νες
453 4549 604 4616 ὄντες
639 4574 651 4588 ·
711 4557 820 4608 τῶν
879 4555 983 4627 γὰρ
1060 4553 1274 4608 οἰκείων
1329 4558 1434 4607 τῶν
1503 4551 1968 4624 τετελευτηκότων

2084 3401 2228 3456 ﬁxos
2259 3399 2491 3454 aculeos
2524 3397 2730 3452 medici
2764 3414 2937 3468 opera
2985 3397 3198 3468 saepius
3254 3397 3557 3467 eguerint;
3617 3396 3734 3450 imo

2083 3490 2322 3561 quidam
2349 3488 2460 3542 vim
2492 3488 2797 3559 plagarum
2833 3505 2946 3541 non
2991 3486 3241 3540 ferentes
3289 3485 3530 3540 exstinci
3590 3485 3730 3540 sint.

2085 3584 2260 3635 Porro
2291 3595 2495 3633 omnes
2527 3581 2811 3648 quotquot
2860 3575 3368 3647 apprehenderant
3423 3591 3543 3629 una
3598 3591 3733 3629 cum

2081 3667 2410 3741 virginibus
2432 3668 2489 3721 in
2511 3683 2781 3736 magnam
2806 3667 2980 3720 Oasin
3003 3664 3353 3736 relegarunt.
3386 3664 3584 3734 Neque
3624 3663 3735 3718 ini-

2081 3757 2164 3812 tio
2196 3759 2690 3812 concesseruntul
2727 3755 3134 3810 defunctorum
3180 3769 3422 3823 corpora
3469 3752 3735 3823 cognatis

2083 3847 2453 3901 traderentur
2482 3843 2626 3911 suis,
2651 3844 2750 3898 sed
2775 3845 2902 3913 ipsa
2933 3841 3215 3897 arbitratu
3237 3859 3342 3896 suo
3366 3841 3736 3896 occultarunt

2084 3935 2537 4005 abjeceruntque
2567 3931 2881 4002 insepulta,
2907 3931 3015 3985 rati
3047 3931 3131 3985 sic
3154 3948 3325 3986 suam
3357 3931 3532 3985 latere
3565 3947 3736 4001 posse

2084 4023 2506 4078 crudelitatem.
2540 4024 2665 4087 Qua
2694 4020 2753 4074 in
2787 4037 2846 4075 re
2878 4021 3149 4074 vecordes
3176 4018 3259 4073 illi
3284 4036 3495 4091 magno
3517 4019 3733 4075 mentis

2083 4128 2276 4168 errore
2305 4111 2674 4166 tenebantur.
2703 4113 2847 4163 Nam
2881 4126 3016 4163 cum
3049 4110 3457 4163 defunctorum
3503 4108 3733 4179 cognati

2083 4202 2154 4258 de
2174 4217 2414 4257 suorum
2441 4200 2677 4270 quidem
2703 4198 3065 4254 confessione
3087 4199 3428 4269 gauderent,
3449 4197 3738 4269 lugerent-

2083 4307 2196 4362 que
2228 4295 2424 4344 tamen
2455 4289 2527 4344 ob
2560 4289 2852 4343 subducta
2879 4305 3142 4358 corpora,
3185 4287 3305 4341 haec
3359 4303 3500 4341 sane
3559 4303 3737 4341 causa

2082 4379 2194 4434 fuit
2216 4384 2281 4433 ut
2310 4379 2499 4450 magis
2522 4378 2828 4450 magisque
2850 4377 3226 4446 vulgarentur
3249 4392 3449 4430 eorum
3475 4375 3736 4446 impieta-

2081 4469 2160 4524 tis
2187 4468 2671 4536 crudelitatisque
2702 4469 3068 4536 argumenta.
3093 4464 3308 4518 Verum
3341 4462 3425 4516 illi
3475 4480 3609 4518 mox
3665 4480 3734 4518 ex

2081 4562 2325 4630 Egypto
2356 4560 2412 4611 et
2440 4573 2508 4610 ex
2539 4555 2733 4626 Libyis
2757 4555 2814 4607 in
2846 4553 3116 4609 exsilium
3173 4553 3458 4606 miserunt
3507 4551 3731 4622 episco-

301 4643 616 4722 χαιρόντων
669 4643 764 4717 μὲν
810 4640 899 4698 διὰ
925 4644 1026 4712 τήν
1059 4641 1388 4718 ὁμολογίαν,
1421 4643 1764 4717 θρηνούντων
1797 4640 1854 4698 δὲ
1885 4641 1972 4699 διὰ

2082 4665 2206 4720 pos,
2242 4645 2643 4711 Ammonium,
2670 4645 2846 4708 Moin,
2872 4643 3103 4706 Gaium,
3135 4641 3460 4710 Philonem,
3480 4645 3730 4695 Hermen

299 4733 654 4806 τὰσώματα,
708 4731 907 4805 μείζων
959 4731 1210 4809 έξηχεῖτο
1259 4734 1375 4787 κατ’
1415 4731 1588 4788 αὐτῶν
1639 4733 1666 4787 6
1697 4739 1798 4801 τῆς
1850 4733 1967 4787 ἀσε-

305 4817 465 4884 ϐείας
493 4821 585 4876 καὶ
610 4820 900 4896 ὠμότητος
936 4819 1190 4898 ἔλεγχος.
1227 4821 1326 4876 Καὶ
1375 4822 1478 4897 γὰρ
1521 4820 1673 4884 εὐθὺς
1719 4821 1822 4876 ἀπὸ
1868 4829 1970 4890 τῆς

302 4911 596 4987 Αἰγύπτου
624 4911 716 4966 καὶ
753 4914 864 4966 τῶν
914 4906 1131 4966 Λιϐύων
1184 4909 1439 4988 ἐξώρισαν
1497 4911 1590 4984 μὲν
1642 4910 1968 4973 ἐπισκόπους

301 5001 656 5074 Ἀμμώνιον,
688 5004 865 5073 Μῶϊν,
899 5002 1080 5068 Γάϊον,
1115 4998 1362 5074 Φίλωνα,
1394 5002 1625 5076 Ἑρμῆν,
1677 4998 1967 5074 Παυλῖνον,

303 5089 632 5165 Ψηνόσιριν,
683 5087 988 5163 Νιλάμωνα
1036 5091 1134 5164 (ὁ),
1185 5091 1486 5164 ’Δγάθωνα,
1539 5091 1827 5168 Ἀγαμφον
1877 5092 1967 5163 (c),

299 5181 554 5254 Μάρκον,
603 5176 787 5254 ἓτερον
831 5179 1151 5252 Ἀμμώνιον
1201 5178 1291 5233 καὶ
1331 5179 1572 5252 Μάρκον,
1623 5179 1967 5251 Δρακόντιον,

296 5267 594 5348 Ἀδέλφιον
622 5313 638 5339 ,
684 5265 1066 5346 Ἀθηνόδωρον
1094 5311 1108 5338 ,
1168 5267 1258 5322 καὶ
1311 5262 1707 5344 πρεσϐυτέρους
1765 5267 1970 5344 Ἱέρακα

294 5359 396 5418 καὶ
445 5357 737 5432 Διόσκορον
775 5374 788 5388 ⁸
821 5362 916 5413 καῖ
958 5357 1104 5412 οὕτω
1154 5361 1370 5432 πικρῶς
1417 5353 1650 5429 ἤλασαν,
1697 5355 1773 5419 ὥς
1820 5377 1969 5418 τινας

302 5449 407 5528 μὲν
439 5447 615 5504 αὐτῶν
673 5446 726 5502 ἐν
768 5452 890 5510 ταῖς
945 5445 1119 5517 ὁδοῖς,
1175 5448 1326 5508 τινὰς
1386 5443 1445 5501 δὲ
1490 5445 1579 5501 καὶ
1631 5445 1682 5501 έν
1734 5445 1871 5520 αὐτῇ
1899 5451 1970 5519 τῇ

299 5536 585 5616 ὑπερορίῳ
630 5537 938 5594 ἀποθανεῖν.
991 5535 1281 5616 ’Δειφυγίᾳ
1330 5532 1389 5591 δὲ
1439 5533 1790 5592 κατεδίκασαν
1851 5536 1970 5591 ἐπι-

381 5683 460 5758 (ᾳ)
599 5697 815 5758 omnes
837 5697 980 5739 mss.
1008 5680 1161 5758 Editi
1179 5697 1348 5758 vero,
1364 5682 1464 5758 τήν
1489 5675 1788 5758 ἑϐδομάδα.

384 5749 452 5829 (θ’
491 5754 661 5825 Mil,
693 5752 1000 5829 Αινᾶμωνα.
1025 5755 1184 5813 Infra.
1211 5753 1372 5828 editi,
1405 5749 1874 5830 ’Ἀγαθηνὸδωρον.

2085 4735 2416 4804 Paulinum,
2450 4733 2803 4799 Psenosirin,
2839 4732 3288 4796 Nilammonem,
3346 4731 3730 4802 Agathonem,

2081 4825 2560 4898 Anagamphum,
2602 4824 2886 4891 Marcum,
2944 4820 3189 4876 alterum
3241 4819 3618 4874 Ammonium
3677 4823 3734 4875 et

2081 4916 2365 4980 Marcum,
2406 4913 2802 4979 Dracontium,
2857 4910 3228 4981 Adelphium,
3271 4909 3728 4977 Athenodorum,

2081 5022 2147 5060 ac
2180 5005 2550 5075 presbyteros
2580 5003 2878 5057 Hieracem
2911 5006 2965 5056 et
2996 5001 3361 5056 Dioscorum.
3394 5002 3548 5063 Quos
3571 5002 3734 5053 tanta

2083 5094 2393 5150 acerbitate
2425 5092 2795 5164 expulerunt,
2831 5096 2894 5145 ut
2927 5090 3162 5145 illorum
3222 5089 3461 5160 quidam
3519 5088 3576 5141 in
3639 5087 3733 5141 iti-

2082 5199 2241 5253 nere,
2266 5183 2508 5254 quidam
2539 5181 2598 5236 in
2627 5180 2815 5236 exsilii
2846 5180 2970 5235 loco
3033 5177 3356 5233 interirent.
3420 5176 3734 5248 Epismpos

2080 5289 2214 5328 vero
2244 5272 2377 5345 plus
2407 5272 2649 5342 triginta
2676 5271 2745 5325 ad
2773 5272 3117 5341 perpetuum
3146 5265 3417 5322 exsilium
3450 5267 3732 5321 condem-

2080 5367 2334 5418 narunt:
2364 5379 2432 5417 ea
2455 5360 2612 5416 enim
2647 5359 2764 5413 illis
2785 5357 3282 5430 quemadmodum
3310 5356 3545 5410 Achabo
3593 5371 3735 5410 cura

2080 5451 2211 5519 fuit,
2245 5455 2310 5506 ut
2339 5451 2390 5506 si
2423 5451 2594 5505 modo
2623 5447 2745 5503 ﬁeri
2770 5450 2984 5518 posset,
3038 5445 3337 5499 veritatem
3400 5445 3472 5500 de
3540 5445 3731 5500 medio

2080 5539 2371 5596 tollerent.

2152 5681 2302 5739 Εᾶὶιί
2329 5698 2486 5749 vero,
2515 5673 2910 5750 Ἀθηνόδωρον.

2149 5754 2218 5827 (c)
2251 5753 2509 5827 Legu’Av
2519 5754 2787 5828 ἆγαμφον.
