4146 6388
383 405 519 473 'cctv

385 540 601 597 σκόπων
640 535 868 604 πλείους
907 559 1015 596 των
1052 538 1345 617 τριάκοντα
1385 557 1398 571 ·

385 637 490 708 γῆς
518 631 620 700 τὴν
655 627 930 700 ἀλήθειαν.

456 723 547 777 21.
572 722 701 776 Haec
732 736 947 792 magna
976 720 1076 775 illa
1105 720 1374 775 Ecclesiae
1414 721 1578 786 tuba,
1634 719 1846 773 ardens
1893 716 2039 772 veri-
2070 717 2126 783 Α

382 810 524 866 tatis
555 814 838 882 patronus
869 810 938 863 de
968 808 1140 864 malis
1168 808 1531 864 Alexandriae
1570 808 1868 876 admissis,
1904 824 2041 878 pro-

385 899 517 973 pria
544 914 683 954 voce
713 902 994 953 recenset.
1028 898 1207 952 Nobis
1239 914 1370 953 vero
1430 897 1657 969 reliqua
1716 898 1929 951 addere
1983 895 2041 950 in

385 988 582 1044 animo
594 992 701 1043 est.
725 986 1249 1059 Constantiusergo
1277 991 1505 1041 mortuo
1530 987 1705 1041 fratre
1728 987 2044 1057 imperator

385 1076 737 1143 declaratus,
752 1091 888 1132 cum
907 1075 1069 1132 solus
1091 1080 1374 1148 potestate
1396 1076 1705 1144 frueretur,
1724 1075 2042 1146 nullusque

387 1169 725 1239 superesset
754 1166 854 1238 qui
888 1165 1191 1220 sententiae
1221 1182 1288 1220 ac
1317 1164 1599 1219 voluntati
1632 1182 1749 1220 suae
1800 1165 2045 1235 impedi-

386 1259 581 1311 mento
624 1259 799 1321 esset,
859 1270 975 1309 non
1036 1252 1191 1308 ultra
1250 1253 1679 1325 malignitatem
1733 1253 2043 1309 occultavit

387 1344 699 1412 suam,sed
734 1358 945 1413 magna
976 1358 1110 1397 cum
1142 1342 1483 1397 auctoritate
1503 1342 1561 1396 in
1596 1343 1855 1397 medium
1880 1341 2042 1397 illam

386 1431 753 1505 protulit;et
780 1448 915 1486 cum
948 1430 1244 1486 Orientem
1290 1435 1478 1487 totum
1524 1431 1871 1503 gravissima
1932 1432 2041 1486 im-

387 1520 603 1595 pietate
623 1519 981 1591 replevisset,
1008 1520 1307 1591 quiescere
1334 1536 1436 1575 nec
1467 1520 1687 1575 sciebat
1730 1538 1833 1575 nec
1889 1524 2044 1575 vole-

384 1610 512 1677 bat,
549 1609 663 1665 nisi
706 1626 825 1664 una
871 1608 1241 1664 Occidentem
1294 1614 1733 1681 corrumperet;
1782 1610 2044 1681 alioquin

394 1702 665 1772 putasset
693 1698 967 1770 exiguum
1001 1699 1112 1753 sibi
1146 1716 1273 1753 esse
1299 1700 1633 1770 imperium,
1668 1704 1723 1754 et
1753 1699 1809 1753 id
1834 1699 1889 1754 in
1915 1716 2046 1754 con-

388 1788 702 1845 tumeliam
736 1788 856 1843 fore
887 1786 1083 1860 gloriae
1106 1805 1224 1843 suae
1252 1789 1554 1859 :quocirca
1575 1788 1749 1843 etiam
1774 1789 2047 1843 Occiden-

386 1876 534 1934 tales
563 1876 865 1949 episcopos
888 1877 960 1932 ad
984 1878 1457 1933 communionem
1481 1894 1613 1933 cum
1639 1879 1751 1933 Arii
1783 1879 2047 1933 doctrina

390 1966 702 2039 diligenter
722 1966 1026 2035 invitabat,
1062 1954 1452 2038 monebatque
1478 1983 1654 2022 unam
1680 1968 1790 2023 sibi
1829 1968 2046 2022 securi-

1785 401 2397 469 PROLEGOMENA.

1444 535 1651 608 σπουδὴ
1694 538 1797 615 γάρ
1857 538 1923 606 ἦν
1984 536 2169 599 αὐτοῖς
2229 536 2365 591 κατὰ
2422 534 2512 590 τὸν
2573 528 2806 612 Ἀχαὰϐ,
2849 533 2895 592 εἷ
2937 530 3182 605 δυνατὸν,
3248 532 3431 613 ἐξᾶραι
3487 532 3667 607 πάσης
3704 541 3807 606 τῆς

2225 718 2315 771 ‘31.
2348 719 2522 769 Ταῦτα
2569 716 2603 783 ἡ
2660 712 2874 789 μεγάλη
2933 712 3166 789 σάλπιγξ
3223 721 3325 784 τῆς
3383 714 3733 785 Ἐκκλησίας,
3784 715 3814 770 ὁ

2152 805 2353 877 θερμὸς
2382 811 2482 873 τῆς
2533 802 2791 873 ἀληθείας
2843 806 3176 879 προστάτης,
3222 804 3347 879 περὶ
3395 808 3504 858 τῶν
3548 803 3599 858 ἐν
3632 802 3818 875 Ἀλεξ-

2153 891 2373 967 ανδρείᾳ
2427 898 2604 948 κακῶν
2668 899 2873 971 φωναῖς
2935 893 3163 956 οἰκείαις
3219 891 3481 964 διέξεισιν.
3539 899 3698 966 Ἡμῖν
3759 892 3817 949 δὲ

2158 981 2410 1058 βούλεται
2458 988 2577 1044 τοῖς
2625 982 2940 1058 εἰρημένοις
2974 984 3002 1038 ὁ
3043 981 3210 1057 λόγος
3259 984 3568 1057 προσθεῖναι
3613 983 3703 1037 καὶ
3749 985 3818 1038 τά

2155 1070 2472 1145 λειπόμενα.
2528 1070 2898 1134 Κωνστάντιος
2947 1073 3152 1141 τοίνυν,
3201 1076 3298 1126 τοῦ
3349 1069 3589 1150 ἀδελφοῦ
3626 1070 3812 1128 τελευ-

2149 1164 2419 1231 τήσαντος
2461 1209 2476 1234 ,
2538 1160 2890 1238 αὐτοκράτωρ
2974 1159 3315 1236 ἀναδειχθεὶς
3392 1161 3483 1216 καὶ
3565 1164 3816 1239 καθαρῶς

2154 1248 2466 1313 ἀπολαύσας
2518 1259 2621 1321 τῆς
2656 1250 2923 1321 ἐξουσίας,
2954 1250 3068 1306 ἐπεὶ
3100 1248 3307 1324 μηδένα
3355 1250 3472 1326 εἶχε
3518 1250 3609 1305 τὸν
3644 1250 3814 1325 ἐμπο-

2155 1337 2259 1394 δὼν
2296 1339 2458 1393 αύτοῦ
2502 1344 2569 1414 τῇ
2602 1342 2798 1415 γνώμῃ
2845 1340 2935 1394 καὶ
2982 1345 3100 1402 τοῖς
3153 1337 3455 1413 θελήμασιν
3506 1335 3657 1410 ὄντα,
3687 1339 3815 1395 ούκ-

2154 1430 2232 1483 έτι
2265 1430 2359 1497 τήν
2416 1428 2607 1483 κακίαν
2656 1429 2911 1503 κρύπτειν
2959 1430 3245 1504 ἠνέσχετο,
3306 1426 3452 1483 ἀλλὰ
3500 1430 3638 1484 κατά
3682 1428 3820 1486 πολ-

2154 1516 2257 1587 λήν
2294 1518 2461 1588 αύτήν
2514 1518 2591 1581 είς
2645 1520 2804 1591 μέσον
2860 1525 3075 1594 προῆγε
3116 1520 3215 1587 τὴν
3268 1516 3561 1573 αὐθεντίαν·
3607 1518 3697 1573 καὶ
3748 1521 3817 1574 τά

2153 1609 2291 1680 πρὸς
2341 1607 2416 1661 ἕω
2482 1609 2656 1662 πάντα
2727 1603 3037 1670 δυσσεϐείας
3110 1607 3426 1678 ἀναπλήσας
3486 1606 3815 1684 χαλεπωτά-

2153 1718 2277 1767 της,
2310 1698 2534 1771 ἠρεμεῖν
2591 1696 2690 1752 ούκ
2738 1694 2994 1772 ἔγνωκεν,
3045 1693 3158 1752 οὐδ’
3207 1698 3417 1772 ἠγάπα,
3467 1695 3592 1752 ἀλλ’
3641 1697 3686 1751 εί
3739 1700 3816 1771 μή

2154 1786 2243 1840 καὶ
2292 1788 2392 1855 τήν
2444 1787 2669 1863 ἑσπέραν
2731 1785 3167 1863 συνδιαφθείροι,
3230 1787 3425 1862 μικρὰν
3481 1786 3628 1859 αὑτῷ
3683 1787 3820 1843 εἶναι

2155 1874 2254 1941 τήν
2294 1871 2597 1940 Βασιλείαν,
2628 1874 2719 1928 καὶ
2750 1869 2903 1950 ὕϐριν
2935 1878 3097 1928 τοῦτο
3126 1881 3227 1942 τῆς
3259 1874 3450 1928 ἑαυτοῦ
3499 1872 3660 1945 δόξης
3706 1876 3820 1931 ἑνό-

2162 1967 2302 2035 μιζε.
2334 1962 2507 2036 Ταύτῃ
2554 1984 2639 2017 τοι
2683 1965 2772 2017 καὶ
2818 1962 2947 2025 τοὺς
3001 1964 3138 2017 κατά
3189 1960 3336 2018 δύσιν
3373 1962 3700 2028 ἐπισκόπους
3732 1964 3820 2021 ἐπὶ

388 2056 531 2112 tatis
561 2055 715 2111 viam
749 2071 899 2123 esse,
924 2055 972 2110 si
1006 2072 1216 2127 nempe
1244 2056 1638 2111 Athanasium
1695 2057 2045 2111 condemna-

2156 2052 2418 2122 κοινωνία
2465 2056 2573 2105 τῶν
2626 2051 2843 2128 Ἀρείου
2892 2050 3181 2128 δογμάτων
3234 2049 3542 2115 σπουδαίως
3591 2074 3815 2127 μετεκα-

2159 2139 2178 2156 κ
2225 2147 2246 2156 -
2430 2141 2441 2156 ι
2554 2141 2565 2156 ι
2722 2141 2736 2156 ,
2815 2141 2826 2156 .
3001 2142 3014 2156 .
3115 2139 3152 2156 ,ς
3361 2142 3382 2156 ς
3551 2143 3563 2156 .
3655 2144 3743 2156 ..-

390 2150 540 2201 rent.
571 2146 697 2210 Qua
725 2145 796 2201 de
826 2162 1004 2200 causa
1044 2146 1335 2218 synodum
1395 2146 1584 2217 coegit
1631 2145 2043 2217 Mediolanum,

394 2233 572 2290 Italiae
603 2234 846 2290 urbem:
882 2251 947 2289 ac
978 2234 1217 2302 multos,
1240 2233 1335 2290 hei
1368 2235 1510 2290 mihi
1539 2236 1549 2289 l
1575 2236 1753 2291 etiam
1788 2236 1961 2291 fortes
1983 2252 2048 2292 ac

401 2339 718 2397 generosos
746 2324 922 2391 viros,
955 2324 1101 2380 alios
1125 2328 1307 2395 metu,
1341 2323 1487 2381 alios
1545 2324 1900 2393 adulatione,
1951 2342 2048 2380 ne-

399 2412 671 2470 cessitate
695 2412 1186 2479 alios,nonnullos
1206 2414 1409 2469 fraude
1422 2414 1774 2483 subornans,
1790 2415 1861 2470 ad
1880 2431 2049 2470 suam

397 2502 652 2574 trajecit,
685 2503 803 2558 imo
841 2502 1040 2575 potius
1069 2504 1282 2575 dejecit
1327 2502 1708 2571 voluntatem,
1767 2508 1823 2559 et
1870 2521 2049 2575 quam

397 2591 526 2664 ipse
553 2591 780 2647 foveam
801 2592 1151 2647 miserorum
1175 2593 1486 2648 animabus
1514 2594 1734 2659 effodit,
1778 2610 1903 2648 eam
1964 2594 2050 2664 ip-

403 2695 531 2735 sam
561 2679 871 2749 Eusebius,
904 2680 1235 2753 Dionysius,
1269 2682 1612 2751 Rhodanus,
1663 2681 1945 2737 Paulinus
1994 2686 2053 2737 et

402 2766 655 2833 Lucifer,
708 2767 933 2840 placide
997 2768 1382 2825 declinarunt.
1435 2770 1735 2825 Athanasii
1796 2788 2053 2843 namque

399 2856 969 2925 condemnationem,
1003 2864 1171 2913 rectae
1195 2859 1325 2914 ﬁdei
1360 2861 1931 2927 condemnationem,
1989 2864 2054 2915 ut

398 2960 532 3001 vere
556 2949 701 3011 erat,
729 2945 1013 3016 arbitrati,
1041 2963 1160 3002 una
1190 2948 1453 3003 fraudem
1486 2965 1664 3019 quam
1724 2948 1896 3003 citius
1956 2966 2052 3021 po-

398 3035 931 3107 tueruntetl'ugere,
965 3052 1032 3090 ac
1080 3038 1216 3107 jure
1275 3052 1374 3091 eos
1430 3037 1895 3091 condemnarunt
1950 3037 2049 3108 qui

395 3125 875 3180 condemnarent.
909 3124 1019 3180 Sed
1043 3124 1174 3181 illos
1196 3125 1434 3197 quidem
1461 3125 1719 3181 Arimino
1777 3128 2051 3182 excedere

388 3216 546 3269 vetat
586 3213 988 3270 Constantius.
1022 3214 1379 3270 Athanasius
1435 3232 1570 3270 vero
1624 3232 1844 3286 gnarus
1898 3214 2050 3271 dolis

391 3302 852 3359 circumventum
881 3302 1317 3375 imperatorem,
1346 3304 1699 3375 judicesque
1741 3311 2048 3377 corruptos

384 3392 796 3464 esse,jamque
820 3393 1037 3448 instare
1073 3392 1372 3464 praefectos
1411 3393 1513 3464 qui
1565 3410 1625 3449 se
1664 3394 2041 3465 comprehen-

2159 2139 2330 2213 λεῖτο,
2357 2141 2445 2195 καὶ
2499 2141 2668 2214 μόνην
2718 2141 2935 2197 ἐκείνων
2990 2139 3282 2220 ἀσφάλειαν
3335 2142 3464 2196 εἶναι
3505 2143 3603 2212 τὴν
3655 2144 3814 2198 Ἀθα-

2158 2230 2339 2284 νασίου
2388 2230 2692 2305 καθαίρεσιν
2750 2231 3006 2287 ὑπετίθει.
3057 2232 3172 2309 Ἐφ’
3220 2232 3265 2303 ᾦ
3296 2230 3385 2286 καὶ
3436 2229 3657 2287 σύνοδον
3688 2254 3813 2287 συν-

2160 2320 2367 2394 εκρότει
2413 2322 2549 2375 κατά
2606 2317 2947 2389 Μεδιόλανα,
3007 2318 3169 2374 πόλιν
3229 2328 3331 2390 τῆς
3387 2319 3664 2395 Ἰταλίας,
3722 2322 3815 2377 καὶ

2160 2407 2427 2480 πολλοὺς,
2460 2407 2648 2482 οἷ’μοιέ
2680 2409 2769 2463 καὶ
2800 2415 2908 2464 τῶν
2954 2410 3215 2484 γενναίων
3265 2409 3355 2465 καὶ
3397 2409 3657 2487 περῥῶν,
3688 2412 3815 2474 τοὺς

2165 2500 2257 2572 μὲν
2287 2494 2462 2577 φόϐῳ,
2494 2498 2621 2561 τοὺς
2656 2496 2713 2553 δὲ
2760 2496 3041 2569 κολακείᾳ,
3092 2498 3219 2561 τοὺς
3270 2497 3327 2554 δὲ
3374 2500 3555 2575 χρείᾳ,
3588 2499 3716 2564 τοὺς
3759 2498 3818 2556 δὲ

2162 2589 2357 2661 ἀπάτῃ,
2405 2588 2494 2641 καὶ
2544 2586 2713 2643 ἄλλον
2762 2586 2949 2649 ἄλλως
2998 2590 3330 2664 παραγαγὼν
3366 2636 3381 2662 ,
3435 2590 3574 2666 πρὸς
3617 2590 3681 2645 τὸ
3733 2590 3814 2645 οἱ·

2159 2684 2302 2732 κεῖον
2340 2680 2653 2752 μετήνεγκε,
2691 2675 2901 2751 μᾶλλον
2937 2675 2993 2732 δὲ
3041 2680 3354 2753 κατήνεγκε,
3412 2678 3693 2754 βούλημα,
3725 2679 3815 2735 καὶ

2160 2767 2216 2821 ὃν
2270 2765 2472 2828 ἐκεῖνος
2521 2761 2691 2842 ὤρυξε
2744 2766 2934 2842 βόθρον
2985 2772 3102 2828 ταῖς
3148 2771 3255 2820 τῶν
3308 2764 3510 2823 ἀθλίων
3561 2771 3766 2845 ψυχαῖς
3802 2812 3816 2838 ,

2158 2854 2357 2925 ταύτην
2418 2857 2518 2924 την
2576 2851 2894 2931 προσϐολήν
2941 2851 3200 2918 Εὑσέϐιός
3256 2876 3315 2911 τε
3361 2856 3452 2912 καὶ
3512 2858 3813 2930 Διονύσιος,

2160 2945 2248 2999 καὶ
2306 2941 2555 3006 Ῥοδανὸς
2596 2988 2610 3013 ,
2670 2942 2940 3007 Παυλῖνός
2995 2965 3055 2998 τε
3111 2944 3201 2999 καὶ
3260 2944 3575 3023 Μούκιφερ,
3635 2943 3817 3015 ἡδέως

2162 3031 2454 3104 ἐξέκλιναν.
2503 3035 2608 3102 Τἠν
2660 3036 2764 3109 γάρ
2805 3034 3122 3089 Ἀθανασίου
3174 3033 3512 3110 καθαίρεσιν,
3564 3034 3814 3109 καθαίρε-

2161 3143 2264 3194 σιν,
2298 3122 2479 3199 ὥσπερ
2511 3124 2601 3193 ἦν,
2634 3130 2735 3192 τῆς
2783 3120 2951 3196 ὀρθῆς
2996 3121 3315 3197 νομίσαντες
3360 3122 3616 3196 πίστεως,
3670 3124 3815 3197 ὁμοῦ

2157 3232 2215 3266 τε
2242 3213 2340 3280 τήν
2376 3213 2607 3281 ἀπάτην,
2642 3215 2679 3281 ἦ
2708 3210 2889 3267 ποδῶν
2924 3212 3096 3289 εἶχον,
3147 3211 3364 3290 ἔφυγον,
3415 3212 3505 3267 καὶ
3554 3211 3645 3267 συν
3693 3210 3818 3287 δίκῃ

2157 3306 2265 3355 τῶν
2326 3302 2722 3381 ψηφισαμένων
2782 3301 3220 3380 κατεψηφίσαντο
3269 3346 3281 3358 .
3345 3300 3521 3357 Ἀλλά
3588 3301 3817 3365 τούτους

2164 3390 2257 3464 μὲν
2313 3390 2363 3445 έν
2427 3391 2699 3466 Ἀριμίνῳ
2757 3391 3057 3467 περιορίζει
3114 3393 3486 3453 Κωνστάντιος
3522 3409 3535 3422 '
3591 3392 3815 3446 ’Δθανά-

383 3481 607 3552 der-ent,
639 3463 717 3536 exi
738 3480 936 3536 divina
964 3480 1178 3537 iterum
1208 3481 1458 3547 visione,
1493 3482 1684 3537 media
1716 3488 1882 3538 nocte
1913 3483 2034 3556 epi-

2156 3501 2263 3543 σιος
2316 3478 2391 3551 δὲ,
2445 3481 2536 3535 τὸν
2604 3477 2832 3555 βασιλέα
2892 3482 3075 3554 μαθὼν
3134 3480 3276 3535 οὕτω
3335 3481 3816 3555 συσκευαζόμενον,

383 3569 603 3643 scopali
633 3570 807 3626 domo
836 3586 1107 3642 egressus
1154 3571 1223 3626 ad
1280 3570 1656 3641 juvenculam
1717 3574 2035 3642 quamdam

383 3659 673 3732 virginem
706 3675 767 3714 se
798 3659 1062 3731 proripit,
1097 3676 1224 3731 qua:
1259 3660 1599 3715 vicesimum
1632 3661 1863 3715 circiter
1911 3656 2039 3733 age-

385 3748 491 3804 bat
521 3748 1060 3820 annum.Speciosa
1090 3764 1261 3820 porro
1292 3765 1359 3803 ac
1385 3749 1653 3820 jucunda
1699 3754 1823 3805 erat
1877 3750 2037 3823 virgo

382 3828 511 3902 illa,
534 3836 629 3892 cui
659 3835 939 3892 domicilii
974 3853 1109 3891 cum
1142 3836 1281 3893 viris
1311 3839 1558 3894 societas
1590 3855 1893 3911 nunquam
1951 3856 2042 3893 ex-

390 3942 526 4000 pers
550 3924 1064 3997 foretsuspicione.
1099 3930 1229 3981 Haec
1260 3930 1380 3982 tam
1399 3926 1792 3999 inexspectata
1822 3945 1880 3984 re
1925 3933 2043 3983 stu-

389 4014 637 4088 pefacta,
660 4014 790 4086 ejus
835 4030 1074 4069 causam
1134 4014 1564 4083 sciscitabatur,
1624 4016 1718 4071 cui
1771 4016 1864 4071 ille
1918 4034 2040 4072 rem

387 4107 573 4161 totam
599 4102 913 4159 enarravit.
946 4102 1114 4170 Cum,
1143 4103 1243 4175 ait,
1279 4104 1521 4160 multam
1573 4105 1791 4177 ubique
1824 4106 1894 4161 de
1952 4123 2042 4161 me

388 4191 877 4266 perquisitionem
904 4192 1117 4247 faciant
1173 4193 1274 4264 qui
1323 4194 1550 4249 Arianae
1610 4194 2043 4250 communionis

389 4285 552 4352 sunt,
587 4285 855 4337 metuens
881 4297 987 4352 ego
1012 4298 1083 4336 ne
1111 4288 1319 4355 captus
1349 4288 1406 4338 et
1430 4284 1658 4339 occisus
1688 4284 1760 4339 ab
1794 4284 1898 4347 eis,
1932 4284 2042 4339 im-

390 4369 658 4427 mortalis
686 4370 957 4443 supplicii
989 4387 1167 4427 causa
1194 4372 1341 4443 ipsis
1373 4388 1584 4443 essem,
1622 4372 1819 4444 fugam
1852 4374 2044 4446 cogito

392 4476 459 4517 ac
483 4464 598 4516 Deo
620 4458 727 4516 soli
761 4460 993 4533 negotia
1018 4477 1147 4516 mea
1177 4462 1545 4527 commendo,
1588 4461 1688 4533 qui
1740 4462 1885 4517 mihi
1937 4463 2045 4518 hac

390 4553 560 4606 nocte
589 4547 860 4605 revelavit
892 4551 1046 4621 quod
1080 4550 1232 4622 apud
1266 4555 1320 4605 te
1344 4550 1528 4605 solam
1582 4551 2044 4607 incolumitatem

389 4642 730 4711 reperturus
752 4639 887 4694 sim.
913 4638 1043 4694 Haec
1061 4639 1160 4694 ubi
1184 4639 1409 4694 audivit
1429 4638 1613 4711 virgo,
1638 4640 1798 4695 omni
1826 4646 2047 4695 remota

391 4727 572 4785 animi
606 4726 959 4798 suspicione,
1018 4728 1232 4799 gaudio
1292 4727 1463 4800 plena
1523 4733 1676 4785 totas
1734 4729 2044 4787 Athanasio

2152 3566 2436 3647 διειρθορός
2495 3591 2553 3624 τε
2597 3571 2660 3625 τὸ
2714 3567 3100 3646 δικαστήριον,
3151 3569 3403 3633 ἐπιόντας
3453 3568 3511 3626 δὲ
3556 3568 3667 3640 ἤδη
3725 3570 3816 3625 καὶ

2149 3658 2279 3721 τοὺς
2308 3658 2665 3735 ἐπαρχικοὺς,
2719 3658 2856 3714 ὥστε
2907 3654 3199 3714 συλλαϐεῖν
3253 3659 3434 3730 αὑτὸν,
3482 3661 3617 3715 κατά
3671 3659 3814 3715 θείαν

2147 3748 2236 3802 καὶ
2284 3746 2451 3802 πάλιν
2502 3745 2648 3822 ὄψιν,
2704 3750 2868 3822 μέσας
2925 3748 3120 3811 νύκτας
3168 3753 3265 3804 τοῦ
3315 3748 3665 3805 ἐπισκοπείου
3720 3750 3818 3805 ὑπ-

2151 3837 2395 3907 εξελθὼν,
2433 3836 2520 3891 ἐπί
2549 3859 2670 3892 τινα
2698 3839 2819 3893 νέαν
2870 3839 3195 3914 κατσφεύγει
3237 3839 3522 3914 παρθένον,
3575 3839 3815 3894 εἰκοστόν

2150 3947 2255 3980 που
2286 3924 2395 3996 ἤδη
2449 3934 2551 3996 τῆς
2600 3924 2826 3995 ἡλικίας
2882 3927 3116 4003 ἄγουσαν
3162 3926 3301 3990 ἔτος.
3349 3929 3561 4004 Ὡραῖον
3609 3925 3666 3983 δὲ
3715 3926 3820 4003 ἄρα

2151 4022 2349 4090 χρῆμα
2396 4015 2486 4071 καὶ
2535 4016 2762 4089 τερπνὸν
2812 4019 2846 4085 ἠ
2904 4018 3211 4091 παρθένος,
3261 4016 3350 4071 καὶ
3401 4017 3633 4091 καθαρὰν
3688 4018 3819 4072 ὑπο-

2150 4104 2302 4166 νοίας
2329 4106 2429 4174 τὴν
2478 4106 2614 4159 κατά
2657 4109 2764 4160 τῶν
2795 4106 3033 4181 ἀρῥένων
3078 4104 3388 4175 συνοίκησιν
3438 4106 3699 4181 παρέχειν
3751 4105 3816 4161 οὑ

2153 4190 2449 4267 δυναμένη.
2484 4197 2663 4261 ”Ητις,
2691 4200 2769 4267 τῷ
2804 4192 3059 4269 ἀδοκήτῳ
3108 4200 3205 4250 τοῦ
3252 4196 3578 4272 πράγματος
3612 4192 3817 4249 ἐκπλα-

2154 4288 2327 4358 γεῖσα,
2372 4285 2470 4352 τὴν
2523 4283 2695 4337 αἰτίαν
2744 4283 2944 4354 ἐζήτει.
3006 4285 3283 4355 Κάκεῖνος,
3345 4279 3675 4353 ὑπολαϐὼν,
3738 4282 3820 4339 δι-

2154 4377 2365 4446 ηγεῖτο,
2414 4372 2491 4433 ὡς
2541 4370 2807 4442 Ἐπειδὴ,
2861 4374 2993 4451 φησὶ
3026 4418 3044 4446 ,
3090 4371 3310 4442 πολλὴν
3360 4377 3643 4449 πανταχοῦ
3689 4372 3818 4449 περὶ

2157 4460 2291 4533 ἐμοῦ
2321 4464 2419 4531 την
2454 4460 2666 4538 ἔρευναν
2719 4463 2770 4516 οἱ
2812 4469 2912 4531 τῆς
2960 4462 3174 4537 Ἀρείου
3222 4462 3510 4525 κοινωνίας
3550 4462 3819 4532 πεποίην-

2154 4571 2262 4619 ται,
2296 4548 2474 4613 δείσας
2509 4550 2617 4625 έγὼ
2650 4553 2724 4624 μή
2761 4550 3092 4629 συλληφθεὶς
3144 4552 3231 4607 ὑπ’
3258 4551 3431 4606 αὐτῶν
3464 4551 3555 4607 καὶ
3601 4553 3818 4628 ἀναιρε-

2154 4641 2286 4706 θεὶς,
2321 4636 2503 4695 ἔπειτα
2531 4641 2805 4716 τιμωρίας
2847 4641 3033 4703 αὐτοῖς
3084 4642 3347 4695 ἀθανάτου
3395 4641 3640 4716 γένωμαι
3680 4640 3821 4718 πρό-

2156 4731 2320 4802 ξενος,
2356 4731 2531 4808 φυγὴν
2584 4729 2775 4801 ἐννοῶ,
2822 4731 2910 4785 καὶ
2962 4735 3078 4803 Θεῷ
3132 4731 3283 4804 μόνῳ
3332 4731 3400 4785 τά
3428 4737 3544 4786 κατ’
3586 4729 3821 4804 ἐμαυτὸν

390 4820 593 4891 portas
632 4817 881 4888 aperuit,
914 4833 1015 4873 seu
1049 4818 1243 4889 potius
1265 4818 1457 4872 cordis
1466 4818 1713 4889 januam
1744 4820 2041 4891 reseravit,

2156 4819 2459 4893 ἐπιτρέπω.
2510 4826 2618 4889 Τῆς
2665 4820 2855 4881 νυκτὸς
2910 4817 2967 4874 δὲ
3020 4841 3111 4893 μοι
3164 4819 3368 4891 ταύτης
3420 4819 3625 4882 ἐκεῖνος
3670 4822 3821 4893 παρά

389 4922 457 4963 ac
483 4905 712 4978 supinis
732 4921 889 4976 eum,
908 4909 974 4961 ut
1004 4906 1188 4974 aiunt,
1214 4907 1487 4961 manibus
1517 4909 1758 4979 excepit.
1780 4909 2044 4980 Eumque

387 4994 491 5051 illa
514 5010 627 5069 per
648 5011 748 5051 sex
778 5011 987 5066 annos,
1023 4999 1166 5066 quot
1197 4995 1420 5051 scilicet
1441 4996 1821 5053 Constantius
1861 4999 2040 5053 vitam

389 5083 686 5159 produxit,
714 5084 773 5139 in
812 5084 1141 5140 recessibus
1164 5085 1376 5141 domus
1406 5084 1735 5154 occultavit,
1788 5105 2046 5143 commu-

388 5190 495 5230 nes
526 5173 787 5245 quotidie
808 5172 961 5229 sales
993 5191 1315 5245 apponens,
1345 5174 1647 5246 librosque
1676 5175 1913 5232 aliunde
1945 5195 2042 5233 ac—

392 5262 735 5335 ceptos,ipsi
766 5264 835 5318 ad
861 5263 1201 5319 exercitium
1225 5268 1279 5319 et
1303 5264 1741 5319 meditationem
1774 5266 2040 5323 atterens.

393 5354 584 5422 Atque
612 5350 694 5407 ita
723 5351 882 5408 illius
914 5352 1139 5423 corpori
1166 5356 1220 5407 et
1244 5354 1453 5407 anima:
1486 5354 1746 5409 convivia
1786 5356 1876 5426 pie
1938 5374 2043 5428 pa-

394 5439 773 5495 rabatzhanc
803 5442 1174 5497 sermonibus
1230 5459 1377 5514 quos
1434 5459 1642 5512 panem
1701 5445 2042 5514 angelorum

392 5544 522 5583 esse
552 5529 867 5598 credimus,
900 5529 1045 5585 illud
1077 5547 1210 5586 vero
1241 5531 1585 5603 quotidiana
1617 5548 1819 5588 mensa
1871 5538 2043 5605 atque

395 5616 678 5684 convivio,
712 5634 936 5675 necnon
970 5620 1423 5692 quibuscumque
1454 5619 1583 5676 aliis
1639 5622 1901 5678 ofﬁciosa
1946 5623 2047 5678 illa

394 5722 609 5764 manus
653 5706 941 5778 hospitem
986 5710 1246 5780 excipere
1292 5710 1542 5767 valebat.
1604 5711 1860 5783 Propriis
1903 5711 2041 5769 item

2155 4910 2237 4964 σοὶ
2283 4909 2421 4982 μόνη
2500 4910 2599 4978 τήν
2679 4908 2952 4984 σωτηρίαν
3001 4910 3173 4984 εὑρεῖν
3234 4909 3568 4985 ἀπορῥήτως
3619 4910 3819 4964 ἀνακα-

2153 4996 2367 5057 λύπτει.
2401 4997 2626 5056 Τούτων
2661 4999 2735 5060 ὡς
2766 4995 2994 5068 ἤκουσεν
3029 5001 3062 5067 ἡ
3096 4999 3383 5075 παρθένος,
3433 5004 3605 5053 πᾶσαν
3661 4997 3819 5062 εὐθὺς

2154 5089 2258 5143 ἀπὸ
2289 5095 2389 5157 τῆς
2416 5091 2601 5164 ψυχῆς
2637 5087 2891 5143 ὑπόνοιαν
2927 5084 3251 5157 ἐκϐαλοῦσα,
3307 5090 3473 5161 μεστή
3517 5107 3577 5142 τε
3606 5084 3817 5157 ἡδονῆς

2152 5178 2445 5253 γενομένη,
2504 5179 2593 5233 καὶ
2652 5175 2784 5239 ὅλας
2837 5178 3137 5250 Ἀθανασίῳ
3194 5176 3373 5240 πύλας
3420 5178 3817 5248 ἀναπετάσασα,

2151 5266 2185 5335 ἢ
2216 5267 2304 5321 καὶ
2351 5268 2447 5329 τὰς
2494 5274 2596 5336 τῆς
2649 5263 2875 5341 καρδίας
2928 5265 3140 5340 μάλλον
3188 5267 3389 5338 εἰπεῖν,
3449 5266 3664 5329 ὑπτίαις
3722 5266 3818 5321 αύ-

2151 5356 2264 5423 τὸν,
2299 5356 2327 5409 ὃ
2361 5353 2426 5425 δή
2460 5353 2700 5431 λέγεται,
2761 5353 2977 5432 δέχεται
3035 5362 3153 5418 ταῖς
3216 5355 3427 5432 χερσίν.
3482 5358 3702 5411 ’Ὀντινα
3746 5353 3815 5425 δὴ

2151 5444 2241 5498 καὶ
2288 5444 2365 5506 εἷς
2411 5442 2563 5500 ἕκτον
2618 5445 2668 5515 ἐξ
2720 5444 2925 5500 ἐκείνου
2974 5445 3197 5521 χρόνον,
3247 5444 3328 5523 ἐφ’
3380 5444 3504 5500 ὅσον
3557 5443 3821 5515 δηλονότι

2152 5534 2241 5587 καὶ
2277 5534 2629 5605 Κωνσταντίῳ
2679 5536 2745 5588 τὰ
2792 5541 2892 5605 τῆς
2954 5540 3099 5604 ζωῆς
3149 5534 3513 5610 παρετείνετο,
3566 5533 3616 5590 ἐν
3663 5532 3821 5591 οἴκου

2158 5628 2359 5697 μυχοῖς
2416 5623 2481 5692 ἦν
2539 5622 2989 5698 κατακρύπτουσα
3023 5668 3036 5693 ,
3094 5624 3312 5686 κοινοὺς
3390 5625 3507 5679 καθ’
3585 5624 3819 5695 ἑκάστην

2156 5708 2293 5773 ἅλας
2346 5715 2695 5788 παρα-τιθεῖσα
2730 5758 2743 5785 ,
2800 5709 3031 5787 βίϐλους
3086 5735 3145 5768 τε
3203 5711 3510 5789 ἀλλαχόθεν
3564 5713 3821 5790 ἀναιρου-
