4146 6372
1298 409 1485 474 νιΤΑ
1532 409 1599 473 S.
1643 406 2067 472 ATHANASII
2115 408 2452 472 INCERTO
2494 406 2887 471 AUCTORE.

3695 415 3807 466 CCV

402 534 529 616 μένη
558 586 572 614 ,
632 538 724 597 καὶ
783 539 930 615 αὑτῷ
983 541 1120 620 πρὸς
1179 539 1402 614 ἄσκησιν
1460 543 1549 598 καὶ
1615 541 1844 616 μελέτην
1904 562 2040 616 παρ-

2167 544 2432 599 manibus
2463 544 2590 614 ejus
2622 543 2799 614 pedes
2830 539 3104 598 abluebat
3136 538 3274 609 ;imo
3307 537 3522 612 potius,
3553 535 3681 610 ipso
3704 553 3807 610 pe-

398 630 630 706 ἔχουσα⁸
692 631 783 686 καὶ
833 631 1006 694 οὕτως
1062 632 1225 688 αὑτοῦ
1277 631 1545 711 φιλοθέως
1604 633 1692 688 καὶ
1743 637 1903 706 σῶμα
1957 632 2045 686 καὶ

395 721 576 795 ψυχὴν
623 720 872 791 ἑστιῶσα,
923 724 1020 792 τήν
1078 724 1170 796 μὲν
1218 721 1430 798 λόγοις,
1483 723 1573 786 οὒς
1631 721 1694 793 δή
1746 723 1834 777 καὶ
1886 721 2044 796 ἄρτον

393 807 640 884 ἀγγέλων
703 811 834 864 εἶναι
891 812 1237 885 πιστεύομεν,
1297 813 1356 867 τὸ
1413 811 1469 867 δὲ
1524 816 1865 889 καθημερινῇ
1916 831 2046 885 τρα-

391 899 522 972 πέζῃ
578 900 666 953 καὶ
727 900 991 972 ἑστιάσει,
1051 903 1140 956 καὶ
1203 901 1349 965 ὅσοις
1411 901 1605 964 ἄλλοις
1659 906 1693 972 ἡ
1752 899 2045 980 φιλότιμος

393 985 566 1058 ἐκείνη
627 988 754 1064 χεὶρ
815 987 1114 1059 δεξιοῦσθαι
1171 992 1262 1045 τὸν
1323 992 1466 1061 ξένον
1505 989 1741 1061 ἠδύνατο
1775 1009 1786 1021 ·

2159 637 2299 690 dum
2331 636 2458 706 ejus
2491 640 2760 690 contactu
2795 649 3007 687 manus
3067 629 3474 687 sanctiﬁcabat
3530 645 3690 698 suas,
3751 631 3806 682 et

2159 724 2442 796 quidquid
2469 724 2581 796 ipsi
2615 741 2761 796 opus
2792 727 2916 778 erat
2945 721 3254 792 diligenter
3285 735 3350 774 ac
3373 717 3634 772 studiose
3666 716 3806 770 sub-

2158 814 2524 878 ministrans,
2561 814 2727 886 quasi
2761 812 2872 883 ipsi
2909 810 3104 882 potius
3135 825 3310 880 quam
3339 806 3451 862 sibi
3480 813 3538 862 et
3561 805 3806 861 facultas

2158 907 2216 957 et
2241 903 2450 958 domus
2482 903 2726 974 propriae
2759 905 2974 957 essent.

1832 990 2093 1044 νίπτουσά
2129 1010 2187 1044 τε
2225 989 2408 1065 χερσὶν
2452 989 2676 1052 οίκείαις
2715 989 2840 1051 τοὺς
2883 985 3074 1054 πόδας,
3121 983 3330 1059 μᾶλλον
3375 981 3432 1038 δὲ
3478 985 3574 1044 τὰς
3615 986 3807 1057 χεῖρας

392 1075 526 1150 αὐτῇ
563 1080 631 1149 τῇ
672 1078 1008 1152 προσψαύσει
1071 1083 1177 1134 τῶν
1250 1080 1454 1135 ἐκείνου
1520 1078 1700 1136 ποδῶν
1773 1081 2091 1154 ἀγιάζουσα,
2160 1077 2466 1142 σπουδαίως
2534 1101 2593 1134 τε
2646 1078 2734 1134 καὶ
2776 1082 2990 1153 θερμῶς
3029 1077 3202 1136 πάσας
3243 1073 3386 1144 αύτῷ
3449 1073 3544 1133 τὰς
3612 1070 3806 1146 χρείας

393 1161 734 1237 διακονοῦσα,
779 1167 1029 1222 κάκείνου
1075 1168 1285 1242 μᾶλλον
1323 1170 1358 1238 ἢ
1403 1171 1597 1240 ἑαυτῆς
1636 1172 1702 1225 τά
1730 1191 1787 1224 τε
1815 1165 1943 1222 ὅντα
1971 1168 2061 1221 καὶ
2089 1169 2188 1236 τὴν
2223 1169 2395 1223 οἰκίαν
2439 1169 2572 1224 εἶναι
2610 1169 3104 1245 παρασκευάζουσα.

462 1259 554 1311 22.
583 1260 666 1310 Ἐν
727 1255 974 1329 τοσούτῳ
1028 1257 1086 1312 δὲ
1125 1257 1521 1335 Ἀλεξανδρέων
1660 1282 1716 1314 τε
1764 1258 1928 1321 πόλις
1961 1259 2049 1312 καὶ

393 1344 420 1397 6
490 1340 667 1416 δῆμος
720 1346 857 1400 κατᾶ
935 1349 1159 1416 ζήτησιν
1231 1349 1546 1404 Ἀθανασίου
1619 1355 1900 1426 πανταχοῦ
1959 1370 2052 1403 πε-

393 1432 637 1507 ριῄεσαν,
674 1433 816 1488 οὕτω
846 1456 896 1488 τι
949 1433 1068 1490 λίαν
1124 1435 1423 1509 ἐπιμελῶς,
1476 1438 1614 1492 ὥστε
1642 1439 1730 1492 καὶ
1772 1443 1957 1514 ψυχῆς
1991 1438 2048 1492 ἂν

393 1520 562 1590 αὐτῆς
591 1519 814 1585 ἕκαστος
845 1525 944 1592 τὴν
976 1529 1072 1579 τοῦ
1124 1523 1317 1602 ἀνδρὸς
1359 1527 1560 1601 εὕρεσιν
1607 1525 1785 1596 ἡδέως
1837 1527 2052 1602 ἐπρίαν-

386 1629 471 1665 το.
507 1607 665 1663 Ἀλλ’
695 1611 760 1678 ἧν
797 1609 1020 1681 ἄπολις,
1077 1612 1292 1684 ἄοικος,
1340 1613 1616 1690 ἄγνωστος
1670 1619 1767 1690 (α),
1800 1621 1867 1691 τῇ
1912 1639 2049 1691 παρ-

387 1699 525 1771 θένῳ
577 1696 635 1753 δὲ
688 1699 825 1774 μόνῃ
870 1700 960 1754 καὶ
1011 1706 1126 1774 Θεῷ
1176 1705 1458 1780 γνώριμος
1496 1724 1508 1737 ·
1544 1703 1681 1760 ὥστε
1726 1707 1815 1760 καὶ
1862 1704 2048 1775 πολλή

385 1789 503 1842 κατ’
567 1787 740 1843 ἐκεῖνο
791 1795 985 1866 καιροῦ
1060 1793 1159 1860 τήν
1237 1790 1560 1864 Ἐκκλησίαν
1638 1800 1860 1870 κατεῖχε
1923 1816 2051 1849 κατ-

2229 1262 2319 1314 22.
2357 1233 2906 1331 Tantopercautem
2936 1233 3484 1311 —Alexandrinorum
3517 1253 3720 1309 civitas
3751 1233 3812 1306 et

2161 1348 2512 1421 populus,ad
2547 1347 3004 1420 perquirendum
3034 1343 3416 1399 Athanasium
3439 1346 3563 1396 tum
3590 1341 3808 1410 ubique

2161 1439 2680 1502 circumcursabat,
2716 1443 2889 1508 atque
2922 1452 3057 1491 cum
3081 1438 3243 1490 tanta
3273 1449 3435 1497 cura,
3460 1436 3525 1486 ut
3557 1431 3807 1502 quisque

2159 1527 2246 1584 vel
2277 1528 2486 1583 animzs
2519 1545 2636 1582 suae
2686 1527 2868 1598 pretio
2907 1526 3100 1580 virum
3147 1523 3399 1594 reperire
3450 1523 3803 1593 peroptaret.

2160 1619 2270 1673 Sed
2303 1621 2423 1672 erat
2451 1616 2548 1671 ille
2579 1615 2704 1671 sine
2734 1615 2990 1682 civitate,
3024 1614 3150 1669 sine
3199 1613 3392 1677 domo,
3451 1611 3807 1682 ignotusque

2161 1707 2275 1763 nisi
2309 1706 2416 1762 soli
2449 1705 2660 1778 virgini
2693 1710 2866 1779 atque
2887 1703 3114 1770 Deo,ita
3136 1702 3430 1773 utingens
3460 1717 3526 1755 co
3549 1704 3809 1768 tempore

2159 1797 2402 1852 tristitia
2434 1795 2747 1850 Ecclesiam
2780 1798 3110 1865 occuparet,
3142 1792 3453 1862 Videreque
3483 1793 3606 1844 erat
3635 1788 3808 1843 deco-

383 1878 574 1955 ἡφεια,
623 1878 714 1932 καὶ
764 1879 920 1947 ἦντὸ
969 1877 1180 1943 κάλλος
1238 1879 1372 1935 ἰδεῖν
1422 1889 1524 1951 τῆς
1575 1884 1838 1959 θυγατρὸς
1907 1885 2048 1938 Σιὼν

2167 1903 2284 1943 rem
2320 1885 2448 1940 ﬁliae
2472 1886 2609 1940 Sion
2636 1885 3071 1939 ﬂaccescentem
3105 1882 3162 1935 in
3191 1881 3314 1935 dies
3340 1883 3396 1933 et
3418 1893 3812 1933 emarcescen-

388 1967 655 2021 ἀπανθοῦν
698 1968 906 2043 ἀθρόως
957 1969 1048 2023 καὶ
1103 1971 1514 2045 μαραινόμενον.
1572 1971 1724 2042 Πλὴν
1776 1975 1879 2049 γὰρ
1933 1972 2050 2027 ὀλί-

387 2077 502 2132 γων
563 2053 719 2130 ἄγαν,
780 2059 832 2112 οἱ
895 2059 987 2131 μὲν
1048 2058 1137 2113 καὶ
1193 2060 1477 2134 πράγματι
1536 2063 1626 2114 καὶ
1688 2061 1915 2135 ὀνόματι
1963 2065 2053 2116 οἷα

389 2146 481 2200 καὶ
541 2147 616 2219 (ὁ)
680 2147 940 2220 μετῄεσαν
1013 2149 1112 2216 τήν
1174 2144 1416 2203 ἀσέϐειαν
1485 2171 1497 2183 ·
1560 2150 1612 2203 οἱ
1685 2148 1742 2204 δὲ
1826 2149 2052 2223 ὀνόματι

399 2234 567 2309 μόνον
617 2236 708 2289 τὸν
757 2237 1176 2311 Χριστιανισμὸν
1225 2241 1574 2310 τιμήσαντες,
1627 2237 1772 2314 ἔργῳ
1822 2237 1879 2294 δὲ
1925 2242 2053 2302 τοὺς

391 2325 647 2401 πρώτους
673 2322 819 2379 πολὺ
855 2323 1068 2398 μᾶλλον
1105 2327 1181 2389 είς
1212 2327 1400 2382 κακίαν
1435 2329 1776 2398 νικήσαντες,
1808 2328 1929 2383 ὅσον
1992 2329 2052 2382 οὐ

402 2418 667 2490 φανερῶς,
731 2414 824 2477 οὓς
883 2414 1006 2485 ἐνῆν
1059 2415 1158 2470 ὅσα
1204 2417 1294 2471 καὶ
1351 2414 1655 2489 πολεμίους
1701 2415 2054 2496 φυλάξασθαι,

404 2501 529 2558 ἀλλ’
591 2503 808 2581 ἀφανῶς
882 2503 932 2558 ἐν
1009 2508 1368 2580 προσχήματι
1452 2512 1923 2580 Χριστιανισμοῦ,
1994 2509 2056 2562 τὸ

405 2589 730 2670 βλάσφημον
814 2593 1027 2667 ’Δρείου
1098 2592 1279 2670 δόγμα
1332 2595 1608 2671 κρατύνειν
1680 2595 2004 2666 ἐσπούδαζον
2042 2639 2056 2652 .

401 2682 578 2754 Μέρος
640 2684 824 2756 μέντοι
854 2691 953 2752 τῆς
1002 2684 1260 2756 τοιαύτης
1310 2679 1555 2748 ἀσεϐείας
1617 2686 1715 2740 οὑκ
1764 2684 2056 2763 ἐλάχιστον

401 2771 428 2826 6
460 2773 852 2841 Κωνστάντιος,
898 2771 1010 2846 ὅσῳ
1062 2775 1151 2828 καὶ
1199 2776 1298 2843 τὴν
1352 2774 1590 2845 ἐξουσίαν
1643 2776 1787 2852 εἶχεν
1824 2777 1927 2830 ἀπὸ
1956 2783 2057 2845 τῆς

405 2858 684 2934 βασιλείας
735 2864 1153 2937 συναιρομένην,
1202 2864 1292 2918 καὶ
1343 2865 1543 2927 πάντας
1598 2863 1839 2928 εἷ’κοντας
1893 2867 2057 2936 ὀξέως

401 2948 566 3004 αὐτοῦ
594 2951 684 3004 καὶ
728 2951 880 3025 μόνῳ
925 2957 1004 3023 τῷ
1050 2952 1297 3027 νεύματι.
1349 2952 1746 3030 Παρεκελεύετο
1797 2954 1886 3010 οὖν
1920 2957 2058 3032 πρός

398 3040 458 3094 τέ
485 3039 613 3102 τοὺς
642 3043 778 3095 κατά
804 3043 904 3111 την
962 3041 1195 3098 Ἰταλίαν
1249 3042 1598 3114 ἐπισκόπους,
1631 3043 1721 3100 καὶ
1766 3048 1902 3120 πρὸς
1932 3045 2059 3108 τοὺς

401 3129 716 3205 ἁπανταχοῦ
768 3137 875 3205 γῆς
927 3126 1214 3186 διαϐαίνειν
1271 3135 1368 3202 τὴν
1418 3133 1596 3188 νόσον’
1630 3135 1664 3203 ἢ
1711 3136 1785 3207 μή
1823 3135 2060 3211 ὑπογρά-

402 3238 516 3295 φειν
573 3223 653 3290 τῷ
714 3220 1006 3293 ἐτερουσίῳ
1064 3223 1487 3295 προῃρημένους
1522 3268 1534 3292 ,
1593 3223 1897 3293 ἐξωθεῖσθαι
1963 3225 2055 3297 μὲν

403 3306 597 3370 αὐτοὺς
627 3313 736 3362 τῶν
769 3307 1133 3380 Ἐκκλησιῶν,
1183 3311 1398 3385 ἐτέρους
1449 3309 1507 3366 δὲ
1548 3317 1664 3374 τοῖς
1715 3312 1924 3387 θρόνοις
1968 3314 2055 3367 ἀν-

399 3397 800 3453 τικαθίστασθαι
837 3418 850 3432 ο
885 3398 973 3454 ὅτε
1001 3399 1090 3454 καὶ
1123 3401 1151 3454 6
1196 3398 1372 3462 πολὺς
1423 3400 1474 3454 ἐν
1526 3400 1697 3463 ὁσίοις
1745 3403 1834 3456 καὶ
1889 3403 2058 3477 μέγας

402 3481 679 3563 Λιϐέριος,
717 3489 851 3560 μετά
883 3485 1110 3542 Ἰούλιον
1141 3488 1232 3543 τὸν
1282 3493 1378 3543 τοῦ
1413 3488 1678 3564 μακαρίου
1723 3485 2057 3566 Σιλϐέστρου

405 3571 662 3652 διάδοχον
693 3575 1047 3653 κληρονόμος
1094 3582 1191 3632 τοῦ
1235 3579 1369 3632 κατὰ
1417 3579 1636 3651 Ῥώμην
1687 3581 1879 3653 θρόνου
1910 3579 2060 3655 γενό-

407 3685 583 3738 μενος,
645 3665 932 3741 ὑπερορίαν
990 3664 1422 3736 καταδικάζεται.
1481 3665 1660 3738 Φῆλιξ
1839 3666 1896 3723 δὲ
1951 3691 2057 3737 τις,

404 3752 511 3807 ἀντ’
567 3753 732 3808 αὐτοῦ
788 3755 935 3831 παρά
989 3759 1093 3809 τῶν
1149 3756 1432 3830 αἱρετικῶν
1492 3755 1744 3824 αἱρεθεὶς,
1807 3754 2058 3829 θεηλάτῳ

401 3849 746 3919 παραχρῆμα
799 3847 965 3919 ποινῇ
1009 3845 1108 3913 τὴν
1161 3841 1318 3915 δίκην
1365 3841 1601 3898 δίδωσι·
1653 3849 1739 3898 νῦν
1796 3845 1889 3917 μὲν
1949 3851 2056 3900 τῶν

403 3926 577 4007 ὄψεων
631 3929 881 3996 ἐλεεινῶς
931 3934 1341 4010 ἀποστερηθεὶς,
1393 3938 1483 3988 νῦν
1525 3933 1582 3988 δὲ
1632 3931 1864 4008 λοιμικῇ
1914 3934 2059 4008 νόσῳ

401 4021 600 4099 χρόνον
635 4021 723 4076 ἐπὶ
775 4022 940 4098 συχὸν
994 4019 1326 4100 διαφθαρεὶς,
1358 4023 1447 4077 καὶ
1497 4023 1661 4085 κακὸς
1696 4021 1827 4098 ἄγαν
1877 4027 2058 4085 κακῶς

405 4109 810 4183 ἀπολλύμενος,
859 4118 962 4181 τῆς
1020 4110 1167 4173 θείας
1227 4110 1370 4166 οὕτω
1429 4109 1586 4183 δίκης
1633 4111 1759 4174 τοὺς
1805 4107 2056 4186 ὑϐριστὰς

408 4199 718 4274 μετιούσης.
774 4201 1047 4277 Γεώργιος
1101 4197 1181 4270 δὲ,
1228 4202 1264 4270 ἡ
1315 4205 1422 4255 τῶν
1472 4199 1870 4277 Ἀλεξαδδρέων
1921 4201 2059 4278 ἐριν-

400 4288 515 4360 νύς,
550 4290 693 4344 εἶπεν
745 4287 804 4344 ἄν
855 4311 960 4359 τις,
991 4291 1057 4344 τὰ
1105 4292 1306 4360 συνήθη
1355 4287 1518 4344 πάλιν
1571 4291 1693 4366 περὶ
1745 4293 1845 4360 τήν
1894 4290 2055 4346 πόλιν

403 4378 598 4449 ἐποίει,
646 4380 971 4455 θερμότερος
1022 4378 1182 4441 αὐτὸς
1231 4379 1422 4433 ἑαυτοῦ
1473 4380 1678 4458 φανεὶς,
1723 4381 1813 4434 καὶ
1842 4378 2058 4436 πλείονι

400 4473 469 4544 τῇ
501 4470 639 4524 κατὰ
664 4476 766 4538 τῆς
816 4466 1130 4543 όρθοδοξίας
1179 4469 1326 4542 ὁρμῇ
1381 4469 1470 4523 καὶ
1509 4474 1588 4541 τῷ
1636 4471 1791 4543 θ’)μῷ
1835 4471 2058 4546 χρώμε-

401 4580 514 4621 νος.
547 4559 635 4613 Ἐν
681 4558 860 4631 τούτῳ
921 4558 978 4613 δὲ
1033 4558 1122 4613 καὶ
1175 4556 1436 4620 Μελέτιος
1486 4559 1514 4612 ὁ
1568 4565 1669 4628 τῆς
1728 4561 2055 4635 Ἀντιοχέων

1452 2512 1875 2580 Χριστιανισμοῦ

2160 1979 2299 2032 tem.
2334 1973 2713 2030 Paucissimis
2744 1973 2900 2029 enim
2932 1971 3206 2038 exceptis,
3243 1969 3341 2024 alii
3391 1968 3630 2039 quidem
3662 1970 3718 2020 et
3750 1981 3810 2019 re

2161 2070 2218 2121 et
2249 2066 2483 2120 nomine
2516 2063 2875 2136 impietatem
2908 2061 3086 2116 veluti
3120 2065 3302 2115 artem
3340 2056 3766 2129 proﬁtebantur
3797 2073 3808 2109 :

2165 2153 2263 2208 alii
2293 2170 2426 2208 vero
2457 2153 2578 2209 solo
2610 2153 2849 2208 nomine
2879 2149 3394 2206 Christianismum
3427 2143 3811 2210 colentes,sed

2163 2243 2357 2314 reipsa
2381 2243 2470 2298 vel
2502 2241 2729 2297 malitia
2777 2238 3296 2313 praestantissimos
3344 2235 3514 2306 longe
3572 2249 3812 2304 supera-

2164 2333 2326 2398 bant,
2360 2332 2609 2387 latenter
2637 2331 2792 2396 licet,
2827 2346 2937 2384 non
2975 2332 3041 2383 ut
3070 2328 3111 2382 ii
3154 2326 3253 2398 qui
3306 2329 3505 2396 utpote
3565 2321 3810 2386 inimici,

2165 2422 2354 2477 caveri
2381 2420 2547 2477 facile
2578 2421 2848 2493 pot'erant
2879 2437 2892 2486 ;
2927 2418 3026 2473 sed
3071 2415 3296 2471 occulte
3347 2431 3413 2468 ac
3464 2410 3813 2468 Christiani-

2167 2511 2282 2568 smi
2313 2511 2424 2566 sub
2447 2511 2654 2582 specie,
2673 2509 3077 2581 blasphemam
3101 2505 3218 2560 Arii
3246 2502 3571 2559 doctrinam
3603 2501 3812 2556 conﬁr-

2169 2617 2328 2655 mare
2361 2599 2858 2672 satagebant.Non
2891 2597 3137 2651 minima
3168 2609 3307 2649 sane
3336 2590 3674 2661 hujusmodi
3701 2589 3813 2643 im—

2169 2689 2403 2760 pietatis
2435 2688 2620 2760 portio
2655 2685 3035 2743 Constantius
3067 2688 3190 2738 erat
3225 2699 3236 2737 :
3274 2683 3428 2754 quod
3480 2681 3701 2735 inesset
3730 2677 3816 2732 illi

2169 2779 2548 2851 imperatoria
2578 2781 2855 2850 potestas,
2882 2775 3159 2848 quodque
3199 2771 3370 2827 nutui
3419 2769 3580 2824 illius
3611 2784 3815 2824 omnes

2170 2868 2371 2924 statim
2404 2865 2886 2923 cederent.Jussit
2917 2881 3052 2936 ergo
3075 2868 3142 2918 ut
3173 2863 3243 2917 ad
3276 2876 3480 2916 omnes
3501 2857 3680 2914 Italiae
3702 2858 3820 2929 epi-

2170 2975 2380 3029 scopos
2411 2961 2467 3012 et
2497 2958 2564 3012 ad
2598 2973 2802 3011 omnes
2830 2954 2974 3009 alios
3005 2953 3224 3024 ubique
3253 2956 3540 3005 terrarum
3574 2947 3817 3002 morbus

2170 3047 2268 3103 ille
2295 3047 2657 3119 pervaderet,
2691 3048 2746 3100 et
2777 3045 2827 3100 si
2858 3044 2958 3115 qui
2989 3046 3068 3113 τῷ
3121 3037 3434 3115 έτερουσίῳ,
3467 3038 3524 3092 id
3557 3041 3644 3093 est
3672 3036 3816 3091 alte-

2169 3137 2293 3192 rius
2342 3135 2642 3191 sbstantizs
2689 3133 3060 3188 subscribere
3127 3131 3482 3197 recusarent,
3540 3126 3579 3179 ii
3630 3124 3819 3195 exige-

2171 3229 2376 3281 rentur
2404 3223 2674 3279 Ecclesiis
2706 3221 3076 3292 suis,aliique
3107 3234 3310 3273 eorum
3333 3216 3458 3271 loco
3485 3214 3542 3270 in
3577 3215 3820 3268 thronos

2172 3312 2691 3368 constituerentur.
2723 3309 2963 3374 Quando
3023 3307 3199 3362 etiam
3248 3303 3498 3359 eximius
3541 3301 3638 3356 ille
3668 3302 3823 3355 inter

2169 3406 2425 3470 sanctos,
2459 3406 2633 3472 atque
2664 3399 2916 3471 magnus
2949 3395 3232 3459 Liberius,
3268 3393 3368 3465 qui
3426 3396 3560 3464 post
3596 3388 3817 3446 Julium

2169 3491 2318 3547 beati
2354 3489 2629 3562 Sylvestri
2666 3502 3089 3550 successorem,
3147 3485 3476 3539 Romanum
3518 3479 3824 3551 occupavit

2168 3580 2471 3646 thronum,
2503 3577 2706 3634 exsilio
2738 3578 3054 3633 damnatus
3087 3573 3214 3629 fuit.
3247 3569 3403 3627 Felix
3455 3573 3650 3625 autem
3685 3567 3821 3639 qui-

2169 3671 2306 3725 dam
2340 3670 2396 3724 in
2429 3669 2557 3739 ejus
2582 3667 2778 3723 locum
2811 3666 2881 3720 ab
2923 3663 3207 3720 haereticis
3255 3663 3580 3732 cooptatus,
3625 3657 3821 3712 divina

2171 3759 2367 3816 statim
2401 3757 2622 3813 ultione
2655 3773 2857 3828 poenas
2881 3755 3192 3821 dedit,tum
3211 3748 3394 3806 oculis
3410 3743 3824 3803 miserabiliter

2170 3849 2588 3922 privatus,tum
2623 3844 2917 3918 pestilenti
2951 3842 3153 3898 morbo
3185 3839 3358 3912 longo
3389 3843 3650 3908 tempore
3685 3851 3818 3890 con-

2171 3936 2913 4009 sumptus,admodumque
2935 3930 3128 3987 malus
3145 3928 3298 3984 male
3320 3925 3603 4000 periit,sic
3625 3924 3821 3979 divina

2167 4027 2425 4083 vindicta
2448 4025 2904 4080 contumeliosos
2926 4016 3600 4092 insequente.‘Georgius
3622 4016 3818 4069 autem

2129 4118 2135 4119 “
2169 4115 2701 4173 Alexandrinorum
2736 4113 2906 4177 furia,
2944 4117 3008 4166 ut
3034 4110 3167 4181 quis
3199 4106 3426 4174 dixerit,
3461 4107 3531 4160 de
3562 4118 3724 4159 more
3757 4102 3817 4156 in

2171 4223 2299 4264 sese
2330 4203 2786 4278 gerebat,seipso
2819 4199 3218 4258 vehementior
3247 4197 3580 4264 effectus,ac
3606 4207 3818 4263 magno

2169 4301 2375 4353 contra
2405 4309 2608 4349 sanam
2625 4291 2950 4347 doctrinam
2975 4290 3196 4359 impetu
3217 4291 3393 4357 atque
3413 4284 3607 4338 animo
3625 4286 3815 4336 utens.

2170 4386 2386 4442 Eodem
2420 4399 2652 4455 quoque
2677 4387 2934 4452 tempore
2967 4375 3232 4432 Meletius
3261 4371 3680 4428 Antiochemus
3702 4369 3820 4440 epi-

2171 4491 2406 4546 scopus,
2439 4467 3002 4528 consubstantialem
3038 4468 3236 4536 aperte
3260 4457 3816 4522 defendens,throno

2171 4545 2465 4636 dejicitur,
2501 4565 2559 4617 et
2589 4559 2791 4615 exsilio
2824 4555 3164 4618 mulctatur,
3198 4566 3373 4622 quem
3409 4547 3594 4601 multa
3626 4545 3818 4600 ortho-

405 4647 727 4716 ἐπίσκοπος,
767 4652 850 4721 τῷ
907 4647 1188 4723 ὁμοουσίῳ
1243 4644 1544 4724 διαρρήδην
1595 4634 1934 4724 συνηγορῶν,
1965 4653 2062 4704 τοῦ

2173 4634 2454 4710 (Teiorum
2486 4651 2660 4705 turba
2707 4651 2908 4703 secuta
2967 4647 3074 4713 est,
3135 4641 3290 4713 quod
3349 4634 3816 4693 adversariorum

401 4737 595 4814 θρόνου
653 4738 1030 4814 καθαιρεῖται,
1087 4738 1177 4792 καὶ
1240 4737 1529 4813 ὑπερορίαν
1586 4739 2055 4817 καταψηφίζεται,

401 4829 447 4900 ᾦ
475 4825 622 4884 πολύ
649 4847 700 4882 τι
749 4824 962 4897 πλῆθος
1011 4832 1117 4883 τῶν
1172 4824 1472 4904 όρθοδόξων
1525 4827 1788 4900 ἑπόμενον
1836 4829 1925 4898 ἦν,
1956 4830 2055 4897 τήν

399 4920 506 4971 τῶν
569 4915 825 4972 ἐναντίων
882 4916 1164 4972 κοινωνίαν
1223 4915 1320 4972 οὐκ
1370 4917 1762 4994 ἀνασχόμενοι.
1813 4917 2057 4987 Εὐζώϊος

404 5003 481 5076 δὲ,
534 5008 562 5061 ὁ
612 5011 733 5068 ταῖς
793 5004 1074 5076 ἀληθείαις
1129 5002 1408 5077 κακόϐιος,
1469 5007 1547 5069 εἰς
1605 5010 1704 5078 τὴν
1736 5008 2055 5084 Ἀντιοχέων

403 5095 734 5154 καθίσταται.
799 5095 1010 5168 Ταύτης
1059 5097 1163 5172 γὰρ
1219 5099 1571 5172 προειστήκει
1628 5095 1910 5160 Μελέτιος.
1964 5097 2061 5152 E6-

405 5181 582 5256 δόξιός
637 5206 697 5240 τε
757 5187 784 5240 6
835 5183 957 5239 λίαν
1029 5184 1256 5255 κακόξος
1308 5192 1409 5254 τῆς
1467 5184 2057 5242 Κωνσταντινουπολι-

400 5278 507 5328 τῶν
569 5271 866 5330 ἐπιϐαίνει.
924 5272 1109 5336 Οὕτως
1168 5276 1202 5343 ἡ
1255 5274 1436 5346 κακία,
1499 5274 1670 5338 οὕτως
1730 5279 1758 5330 6
1815 5275 2010 5353 φθόνος
2044 5322 2057 5347 ,

402 5365 660 5420 πάντοθεν
734 5365 801 5419 τὰ
872 5369 974 5433 τῆς
1036 5361 1364 5434 Ἐκκλησίας
1445 5365 1768 5441 συνταράξας
1839 5387 1898 5420 τε
1971 5365 2060 5420 καὶ

401 5455 662 5530 συγχέας,
697 5453 786 5511 καὶ
845 5453 982 5528 πρὸς
1012 5454 1080 5508 τὰ
1127 5451 1392 5508 πολιτικὰ
1437 5458 1637 5530 χωρεῶ
1683 5453 1929 5532 ἄρχεται,
1970 5455 2061 5510 καὶ

2170 4741 2648 4799 communionem
2684 4739 2830 4792 ferre
2865 4751 2980 4789 non
3045 4733 3304 4804 possent.
3365 4724 3612 4782 Euzoius
3659 4740 3816 4789 vero,

2167 4831 2447 4903 improbae
2481 4845 2621 4884 sane
2651 4827 2778 4882 vitae
2808 4825 3003 4893 homo,
3039 4821 3097 4875 in
3149 4816 3576 4872 Antiochenam
3617 4813 3816 4868 sedem

2169 4901 2474 4977 ordinatus
2506 4915 2849 4985 intruditur,
2883 4913 3054 4983 cujus
3085 4907 3296 4982 praesul
3355 4910 3478 4961 erat
3526 4901 3815 4958 Meletius.

2169 5009 2466 5066 Eudoxius
2493 5023 2626 5061 vero
2658 5021 2845 5077 pravae
2877 5000 3148 5057 doctrina)
3178 4995 3375 5061 homo,
3408 4989 3811 5047 Constantino-

2170 5099 2489 5172 politanam
2525 5095 2749 5150 invadit
2779 5090 3114 5147 Ecclesiam.
3151 5087 3237 5140 Ita
3260 5077 3820 5154 improbitas,itain-

2168 5168 2344 5260 vidia,
2380 5186 2597 5257 ubique
2630 5181 2946 5239 Ecclesiam
2982 5177 3298 5250 pertubans
3339 5177 3396 5227 et
3425 5168 3814 5233 confundens,

2171 5255 2348 5333 etiam
2380 5277 2450 5332 ad
2484 5255 2608 5330 rem
2641 5271 2866 5328 civilem
2901 5267 3209 5340 procedere
3241 5259 3480 5332 incepit,
3519 5272 3586 5313 ac
3633 5255 3818 5312 Julia-

2172 5383 2316 5422 num
2344 5366 2403 5421 in
2434 5363 2638 5420 Galliis
2671 5363 2955 5416 Caesarem
2988 5354 3244 5410 declarat
3275 5351 3347 5406 ab
3378 5349 3505 5423 ipso
3528 5349 3811 5405 Constan-

2171 5455 2251 5510 tio
2283 5459 2638 5527 promotum.

401 5541 700 5601 Ἰουλιανὸν
734 5540 1066 5598 ἀναδείκνυσι
1097 5541 1337 5616 Καίσαρα
1368 5541 1418 5597 ἐν
1450 5539 1732 5619 Γαλλίαις,
1764 5547 1849 5601 ὑπ’
1879 5543 2042 5600 αὐτοῦ
2063 5541 2439 5598 Κωνσταντίου
2469 5537 2939 5617 προχειρισθέντα.

474 5686 551 5833 ξαζ
581 5687 668 5745 Ita
695 5703 840 5744 mss.
874 5687 939 5744 In
970 5686 1144 5745 editis
1167 5703 1306 5770 vero
1349 5686 1622 5762 ἄγνωστος
1653 5690 1837 5747 deest.

501 5759 530 5814 b
585 5761 670 5818 Ita
691 5775 836 5818 mss.
870 5763 1043 5818 recte.
1077 5758 1252 5816 Editi.
1283 5757 1502 5833 τέχνην.

501 5757 551 5832 b)
585 5761 670 5818 Ita
691 5775 836 5818 mss.
870 5763 1043 5818 recte.
1077 5758 1252 5816 Editi.
1283 5757 1502 5834 τέχνην.

2168 5687 2236 5760 (c)
2268 5687 2393 5744 Duo
2427 5701 2569 5742 mss.
2605 5678 2805 5751 Φίληξ.
2839 5679 3001 5738 Unus
3033 5667 3217 5746 Φίλιξ.
