4146 6390
284 376 420 446 cm

1679 379 2298 448 PROLEGOMENA.

354 512 447 570 23.
475 512 851 571 Constantius
881 530 1017 588 ergo
1056 530 1191 572 cum
1231 513 1798 588 Constantinopolim
1830 532 1929 588 pe-

2115 516 2205 571 23.
2275 513 2391 582 Τήν
2488 508 2890 568 Κωνσταντίνου
2981 507 3163 566 τοίνυν
3252 500 3581 564 καταλαϐὼν
3674 502 3705 562 6

284 602 501 673 tiisset,
532 604 855 660 Eudoxium
887 606 992 668 uti,
1029 606 1192 677 prius
1221 605 1443 661 dictum
1485 611 1595 675 est,
1628 606 1935 662 constituit

286 692 627 766 episcopum
662 712 765 750 :ac
797 694 998 767 templi
1034 695 1261 767 Sophim
1308 693 1469 761 dicti,
1503 711 1537 750 a
1583 712 1762 766 seque
1792 700 1935 751 tunc

285 784 545 841 renovati
578 782 827 839 celebrat
856 783 1139 849 Encamia,
1166 782 1393 838 decimo
1441 782 1672 855 imperii
1702 785 1791 839 sui
1825 802 1934 839 an-

288 871 626 938 no,Juliano
659 873 897 927 tertium
915 872 1172 939 consule,
1189 872 1417 928 decima
1436 873 1648 943 quinta
1677 874 1933 930 Februa-

287 960 383 1015 rii.
418 959 519 1015 Ille
546 977 679 1016 vero
712 960 1069 1033 pravissimae
1098 977 1238 1017 sane
1296 962 1569 1017 doctrinas
1620 962 1796 1017 homo
1829 967 1935 1016 Eu-

290 1048 519 1118 doxius,
543 1049 669 1120 jam
708 1050 1011 1122 completis
1054 1050 1334 1107 Encamiis
1366 1052 1424 1106 in
1480 1051 1756 1107 thronum
1797 1068 1933 1108 cou-

286 1139 591 1204 scendens,
626 1138 777 1194 hanc
810 1140 1057 1211 primam
1089 1140 1287 1195 emisit
1314 1141 1767 1205 vocem,utinam
1799 1157 1934 1196 cum

284 1244 424 1283 voce
454 1226 711 1283 animam
747 1246 759 1284 :
794 1233 964 1284 Pater
993 1246 1108 1285 non
1159 1229 1313 1301 pius,
1349 1229 1531 1285 Filius
1588 1230 1739 1302 pius.
1792 1234 1935 1285 Cum

286 1316 466 1389 igitur
487 1332 556 1372 ea
576 1317 647 1373 de
669 1333 849 1374 causa
872 1318 1167 1375 tumultus
1188 1323 1364 1390 atque
1392 1320 1597 1375 seditio
1619 1319 1937 1375 Ecclesiam

289 1410 654 1477 occupasset,
689 1423 996 1463 resumens
1027 1407 1144 1473 ille,
1177 1409 1344 1479 quasi
1375 1409 1574 1464 volens
1606 1409 1810 1464 sedare
1841 1413 1934 1464 tu-

286 1492 541 1549 multum
579 1512 591 1550 :
625 1494 819 1561 Nulla,
840 1495 1058 1567 inquit,
1087 1513 1189 1551 vos
1220 1497 1294 1551 ob
1321 1496 1437 1552 tale
1460 1498 1681 1552 dictum
1716 1502 1937 1569 pertur-

285 1582 443 1638 batio
476 1583 885 1640 invadat.Nam
920 1581 1093 1641 Pater
1115 1585 1352 1657 quidem
1377 1602 1494 1641 non
1510 1586 1641 1658 pius
1655 1591 1763 1650 est,
1780 1585 1937 1657 quod

289 1671 586 1727 neminem
616 1660 709 1744 pie
739 1672 890 1729 colat
923 1692 936 1741 ;
967 1672 1148 1730 Filius
1176 1691 1312 1730 vero
1338 1675 1471 1747 pius
1524 1679 1629 1736 est.
1658 1674 1797 1746 quia
1828 1674 1935 1730 Pa-

285 1764 437 1816 trem
465 1760 558 1832 pie
588 1760 746 1817 colit.
784 1762 923 1818 Inde
953 1762 1108 1818 risus
1138 1763 1508 1819 auditoribus
1537 1769 1725 1829 ortus,
1757 1762 1842 1818 ita
1874 1766 1939 1817 ut

289 1847 463 1903 multi
484 1850 613 1921 ejus
645 1850 1043 1923 improbantes
1087 1851 1339 1924 ineptias
1388 1852 1633 1909 ecclesia
1676 1868 1933 1909 excesse-

289 1937 845 2010 rint.Futurumque
867 1946 991 1995 erat
1022 1947 1085 1995 ut
1113 1942 1493 1997 Constantius
1525 1941 1674 1997 male
1703 1942 1933 2013 excipe—

286 2029 450 2082 retur
478 2031 535 2083 et
561 2027 733 2083 illatae
746 2028 803 2083 in
820 2028 1000 2085 Deum
1017 2030 1401 2086 comtumeliae
1413 2031 1731 2103 condignas
1753 2031 1940 2087 lueret

286 2131 507 2186 pmnas.
542 2116 760 2173 Deinde
791 2135 1048 2190 namque
1079 2119 1299 2191 impius
1320 2120 1595 2177 Julianus
1617 2121 1937 2192 cupiditate

286 2204 517 2276 imperii
547 2206 729 2262 totius
761 2209 1107 2281 occupandi,
1170 2227 1451 2281 magnum
1502 2211 1822 2266 exercitum
1876 2209 1936 2265 in

287 2292 475 2350 Gallia
506 2297 904 2364 conscribens,
937 2315 1261 2370 purpuram
1295 2299 1507 2367 induit,
1541 2306 1599 2355 et
1634 2303 1937 2371 Augustus

291 2381 366 2438 ab
397 2386 651 2440 exercitu
684 2384 1623 2458 proclamatur.Constantiustum
1656 2387 1808 2446 bello
1838 2388 1934 2443 de—

288 2471 589 2529 tinebatur
617 2472 864 2532 Persico.
897 2476 1013 2532 Nec
1044 2478 1342 2534 modicum
1392 2479 1462 2534 ad
1498 2480 1713 2534 tamam
1745 2481 1934 2550 gesto-

291 2576 425 2617 rum
491 2560 704 2618 Juliani
773 2570 1123 2634 commotus,
1193 2567 1552 2639 insuperque
1616 2568 1690 2623 ab
1755 2566 1937 2639 impio

290 2649 506 2706 Euzoio
563 2651 635 2706 ad
690 2652 910 2710 bellum
970 2655 1084 2726 ipsi
1142 2656 1511 2712 inferendum
1568 2655 1936 2721 concinatus,

248 2739 606 2799 .exereitum
665 2741 945 2798 adversus
1006 2744 1326 2816 patruelem
1386 2751 1709 2818 comparat,
1740 2751 1938 2817 aperte

288 2827 639 2884 intestinum
672 2830 924 2887 concitat
955 2832 1346 2890 bellum.Cum
1369 2841 1565 2891 autem
1598 2835 1939 2907 Mopsucre-

289 2917 385 2972 nis
415 2916 568 2972 inter
595 2917 1021 2992 Cappadociam
1050 2928 1106 2989 et
1135 2923 1395 2980 Ciliciam
1412 2929 1761 2991 versaretur,
1797 2940 1940 2996 apo-

295 3005 487 3078 plexia
515 3015 839 3081 correptus,
869 3011 1049 3067 vitam
1082 3012 1255 3069 isthic
1275 3030 1409 3069 cum
1442 3014 1687 3086 imperio
1718 3014 1937 3081 amisit,

293 3109 429 3150 cum
461 3112 645 3153 annos
673 3098 912 3156 vixisset
941 3102 1330 3174 quadraginta
1367 3102 1651 3176 quinque,
1684 3108 1817 3176 post
1846 3119 1943 3176 pa-

293 3186 442 3239 trem
475 3191 673 3242 autem
698 3188 903 3261 viginti
933 3190 1215 3262 quinque.

2044 600 2434 675 Κωνστσὶντιος,
2487 599 2741 673 Εὐδόξιόν
2789 622 2868 673 τε,
2918 600 2994 663 ὡς
3046 596 3156 669 ἤδη
3210 600 3504 678 φθάσαντες
3551 593 3707 652 εἷ’πο-

2049 713 2166 764 μεν,
2199 697 2524 769 χειροτονεῖ,
2553 692 2642 746 καὶ
2683 696 2762 763 τῷ
2806 697 2908 760 τῆς
2958 688 3150 769 σοφίας
3184 688 3460 762 ἐπωνύμῳ
3490 690 3600 758 ναῷ
3626 690 3711 758 τῷ

2043 783 2171 855 παρ’
2220 781 2385 836 αὐτοῦ
2433 781 2556 836 τότε
2601 781 3046 856 καινουργηθέντι
3094 778 3246 834 τελεῖ
3290 779 3357 833 τὰ
3424 774 3709 852 Ἐγκαίνια

2045 867 2253 943 δεκάτῳ
2291 870 2384 944 μὲν
2415 878 2516 940 τῆς
2567 869 2729 925 αὐτοῦ
2781 869 3064 947 βασιλείας
3114 862 3242 937 ἔτει,
3290 865 3462 939 τρίτῳ
3511 861 3570 920 δὲ
3597 870 3700 933 τῆς

2043 958 2344 1016 Ἰουλιανοῦ
2402 958 2677 1031 ὑπατείας,
2728 958 2950 1033 πέμπτῃ
3000 957 3090 1013 καὶ
3145 954 3339 1031 δεκάτῃ
3391 949 3703 1029 Φευϐρουα-

2045 1049 2185 1127 ρίου.
2220 1054 2274 1104 ‘O
2310 1050 2494 1123 μέντοι
2521 1047 2943 1120 κακοδοξότατος
2996 1047 3202 1110 ἐκεῖνος
3245 1051 3366 1108 ταῖς
3415 1042 3701 1115 ἀληθείαις

2047 1136 2322 1210 Εὐδόξίος,
2368 1142 2464 1193 τοῦ
2512 1138 2736 1213 θρόνου,
2783 1136 3130 1211 τελουμένων
3179 1132 3287 1206 ἠδη
3333 1138 3442 1189 τῶν
3485 1134 3699 1207 Ἐγκαι-

2045 1227 2198 1300 νίων,
2233 1223 2447 1300 έπιϐἀς,
2476 1228 2700 1305 πρώτην
2732 1227 2932 1298 ταύτην
2968 1228 3143 1304 ἀφῆκε
3186 1225 3396 1304 φωνὴν,
3446 1222 3525 1285 ὡς
3571 1216 3699 1300 ὄφε-

2047 1316 2141 1373 λον
2176 1316 2278 1394 ἄρα
2324 1316 2416 1372 σὺν
2465 1316 2640 1391 ἐκείνῃ
2686 1315 2777 1372 καί
2824 1318 2924 1385 τήν
2974 1317 3182 1391 ψυχήν·
3235 1319 3291 1368 Ὁ
3347 1313 3536 1386 Πατήρ
3581 1312 3704 1366 ἀσε-

2046 1402 2173 1479 ϐὴς,
2206 1409 2235 1462 6
2271 1407 2397 1469 Υἱὸς
2447 1401 2695 1477 εὐσεϐής.
2728 1400 2978 1479 Θυρύϐου
3028 1403 3235 1473 τοίνυν,
3284 1403 3359 1466 ὡς
3405 1401 3572 1469 εἰκὸς,
3620 1399 3707 1455 ἐπὶ

2043 1501 2205 1551 τοῦτο
2261 1493 2352 1551 καί
2428 1494 2664 1557 στάσεως
2741 1494 3127 1570 κατασχούσης
3183 1494 3284 1562 τὴν
3353 1488 3706 1562 Ἐκκλησίαν,

2048 1583 2197 1648 αὖθις
2258 1583 2462 1646 ἐκεῖνος
2520 1578 2808 1639 ἀναλαϐὼν
2839 1582 2999 1653 ,καὶ
3058 1582 3240 1658 ὥσπερ
3290 1587 3559 1654 κοιμῆσαι
3611 1578 3706 1634 τὸν

2048 1672 2217 1729 σάλον
2274 1671 2635 1749 βουλόμενος,
2686 1669 2915 1743 Μηδεῖς,
2963 1672 3148 1750 φησὶν,
3210 1671 3374 1744 ὑμᾶς,
3424 1667 3471 1723 ὦ
3530 1669 3706 1739 οὗτοι,

2046 1764 2183 1837 πρὸς
2209 1763 2271 1818 τὸ
2303 1760 2496 1838 λεχθέν
2528 1762 2770 1839 τάραχος
2815 1762 3102 1837 κατάσχοι.
3137 1765 3191 1813 '0
3243 1761 3338 1834 μὲν
3378 1761 3484 1835 γὰρ
3515 1758 3706 1832 Πατὴρ

2048 1847 2272 1922 ἀσεϐὴς,
2321 1851 2403 1907 ὅτι
2454 1848 2661 1925 μηδένα
2712 1846 2883 1906 σέϐειο
2938 1851 2966 1905 6
3018 1847 3076 1905 δὲ
3123 1849 3247 1912 Υἱὸς
3300 1842 3566 1919 εὐσεϐὴς,
3616 1847 3701 1903 ὅτι

2048 1936 2193 1996 σέϐει
2235 1939 2420 2002 καλῶς
2460 1941 2551 1995 τὸν
2603 1940 2834 2015 Πατέρα,
2888 1940 3029 2015 Πρὸς
3079 1943 3250 1994 ταῦτα
3295 1935 3477 2013 γέλως
3523 1933 3699 2009 ἐλάμ-

2047 2026 2175 2086 ϐανε
2230 2030 2358 2093 τοὺς
2414 2029 2685 2106 παρόντας
2719 2048 2733 2061 ·
2765 2028 2904 2084 ὥστε
2940 2027 3032 2083 καί
3093 2026 3263 2103 λῆρον
3323 2026 3490 2082 αὐτοῦ
3550 2032 3691 2102 σαφῆ

2045 2118 2173 2182 τοὺς
2202 2116 2450 2180 πολλοὺς
2492 2118 2877 2192 καταγνόντας,
2931 2118 3294 2193 ὑποχωρῆσαι
3334 2123 3437 2184 τῆς
3465 2111 3694 2182 Ἐκκλη-

2048 2207 2187 2270 σίας.
2220 2205 2462 2281 Ἔμελλε
2511 2205 2569 2262 δὲ
2617 2205 2719 2284 άρα
2764 2207 2855 2262 καὶ
2900 2204 3258 2278 Κωνσταντίῳ
3306 2203 3551 2280 γενέσθαι
3598 2222 3695 2257 κα-

2044 2302 2190 2370 κῶς,
2230 2295 2319 2352 καί
2371 2294 2522 2360 δίκας
2572 2296 2731 2351 αὐτὸν
2777 2296 2924 2367 ἀξίας
2972 2302 3073 2366 τῆς
3125 2294 3202 2358 εἷς
3250 2294 3313 2350 τὸ
3359 2298 3513 2349 Θεῖον
3565 2292 3699 2348 ὑποο

2046 2392 2197 2463 σχεῖν
2228 2381 2459 2460 ὕϐρεως.
2491 2387 2674 2441 Ἔνθεν
2720 2406 2810 2441 τοι
2857 2386 2947 2441 καὶ
2994 2387 3020 2441 6
3068 2378 3333 2453 δυσσεϐὴς
3378 2379 3700 2452 Ἰουλιανὸς,

2047 2475 2306 2549 ἐπιθυμίᾳ
2351 2482 2454 2545 τῆς
2501 2480 2599 2531 τοῦ
2646 2476 2847 2538 παντὸς
2896 2473 3135 2545 ἐξουσίας
3185 2479 3348 2549 χεῖρα
3392 2473 3600 2547 συχνὴν
3648 2469 3699 2526 ἐν

2046 2563 2311 2628 Γαλλίαις
2386 2565 2797 2642 ἑταιρισάμενος
2837 2612 2854 2638 ,
2920 2562 3257 2641 περιτίθησιν
3343 2562 3520 2633 ἑαυτῷ
3599 2562 3700 2629 τήν

2048 2652 2352 2729 ἀλουργίδα
2385 2699 2399 2724 ,
2466 2652 2557 2709 καί
2625 2652 2938 2729 Αὔγουστος
3003 2653 3107 2709 ὑπὸ
3176 2656 3274 2707 τοῦ
3336 2647 3705 2724 στρατοπέδου

2048 2743 2454 2821 ἀναγορεύεται.
2506 2742 2878 2800 Κωνστάντιον
2927 2740 2985 2798 δὶ
3031 2746 3256 2818 κατεῖχε
3304 2740 3396 2814 μὶν
3448 2740 3478 2795 6
3509 2745 3703 2814 Περσι-

2054 2834 2159 2897 κὸς
2192 2832 2270 2889 ἕτι
2296 2831 2565 2907 πόλεμος
2598 2851 2611 2864 ·
2650 2832 2961 2908 οὖμετρίως
3010 2829 3069 2887 δὲ
3116 2831 3208 2887 καὶ
3253 2830 3389 2907 πρὸς
3432 2830 3528 2892 τὰς
3569 2831 3703 2885 ’Ῑουο

2049 2921 2239 2978 λιανοῦ
2292 2925 2482 3001 φήμας
2532 2919 2901 2995 διακείμενος,
2953 2918 3142 2983 ἄλλως
3188 2941 3250 2975 τε
3292 2920 3383 2974 καὶ
3428 2918 3532 2974 ὑπὸ
3586 2919 3702 2973 θεο-

2053 3014 2235 3088 μάχου
2284 3010 2532 3081 Εὐζωῗου
2576 3011 2713 3085 πρὸς
2744 3012 2844 3080 τήν
2893 3012 3009 3066 κατ’
3040 3009 3205 3081 αὐτοῦ
3240 3010 3424 3085 μάχην
3458 3005 3698 3083 ἐρεθιζό-

2053 3122 2234 3174 μενος,
2282 3103 2589 3176 στράτευμα
2635 3101 2772 3156 κατά
2826 3105 2923 3155 τοῦ
2982 3101 3203 3174 ἀνεψιοῦ
3257 3101 3541 3175 συγκροτεῖ
3596 3098 3696 3169 (a),

2046 3192 2136 3246 καὶ
2195 3195 2377 3269 σαφῶς
2438 3187 2705 3269 ἐμφύλιον
2775 3188 3029 3265 ἐξεγείρει
3105 3190 3312 3265 μὲχην.
3375 3186 3586 3256 Μεταξὺ
3644 3182 3703 3241 δὲ

292 3271 667 3358 ξαππαδοκῶν
725 3297 785 3331 τε
840 3278 930 3332 καὶ
971 3276 1211 3334 Κιλίκων
1270 3280 1321 3335 ἐν
1382 3280 1574 3355 Μόψου
1624 3300 1852 3356 κρηναις
1889 3285 1969 3354 τῷ
2023 3280 2221 3358 χωρίῳ
2277 3281 2592 3357 γενόμενος,
2633 3276 2893 3334 καταλύει
2935 3281 3070 3353 μετὰ
3121 3284 3223 3348 τῆς
3261 3277 3441 3353 ἀρχῆς
3480 3274 3572 3331 καὶ
3609 3275 3703 3330 τὸν

289 3354 432 3431 ϐίον,
472 3362 628 3419 νόσον
697 3366 994 3440 ὑπομείνας
1052 3367 1420 3442 ἀποπληξίαν,
1478 3354 1790 3444 πέντεήμὲν
1849 3370 1939 3425 καὶ
1994 3354 2545 3446 τεσσαράκονταγτῆς
2584 3366 2809 3438 ἡλικίας
2868 3363 2960 3438 ἔτη
3026 3366 3202 3442 βιοὺς,
3241 3366 3401 3422 πέντε
3440 3361 3501 3420 δὲ
3536 3361 3711 3420 πάλιν

292 3446 380 3504 ἐπὶ
408 3456 525 3514 τοῖς
558 3450 727 3508 εἷόιοσι
764 3456 900 3529 μετά
927 3457 1018 3512 τὸν
1050 3459 1257 3527 πατέρα
1287 3453 1554 3522 ἐπιϐιούς.

357 3540 457 3597 24.
488 3542 599 3598 Sed
634 3543 791 3601 hunc
821 3547 1061 3619 quidem
1113 3549 1195 3604 ita
1252 3549 1449 3605 divina
1496 3550 1639 3607 ultio
1669 3550 1934 3606 abstulit.

2119 3550 2209 3606 24.
2241 3545 2422 3603 Ἀλλά
2448 3552 2637 3603 τοῦτον
2676 3547 2770 3621 μὶν
2804 3544 2978 3608 οὕτως
3008 3548 3043 3614 ἡ
3073 3542 3198 3614 δίκη
3237 3541 3524 3618 μετῆλθεν
3554 3538 3705 3603 ὅπως

290 3630 594 3694 Quomodo
624 3637 819 3691 autem
851 3636 1345 3694 contumeliosum
1377 3638 1690 3711 Georgium
1711 3640 1939 3696 invase-

287 3716 385 3786 rit,
420 3735 485 3773 ac
529 3719 802 3793 impium,
856 3724 967 3781 sibi
1008 3726 1323 3795 similibus,
1375 3732 1440 3783 ut
1487 3729 1775 3801 scriptum
1823 3733 1935 3797 est,

288 3807 565 3865 manibus
578 3810 1659 3888 abstulerit,nequaquampractereum
1673 3818 1814 3874 dum
1828 3822 1936 3873 est.

288 3895 431 3952 Erat
462 3897 706 3969 quidam
738 3901 1093 3960 Alexandriae
1123 3904 1307 3973 locus,
1359 3906 1586 3962 Mithrte
1618 3906 1758 3962 olim
1784 3907 1939 3963 Grae-

290 4000 494 4041 corum
542 3988 679 4061 deo,
737 3992 983 4063 ejusque
1037 3993 1342 4050 sacriﬁciis
1400 3999 1458 4050 et
1507 3994 1941 4052 initiationibus

291 4073 643 4146 destinatus,
678 4082 804 4134 tum
833 4096 967 4135 vero
1006 4081 1310 4153 temporis,
1371 4082 1508 4138 ﬁmo
1550 4088 1606 4139 et
1635 4082 1944 4155 putredine

294 4162 530 4236 plenus,
562 4182 750 4238 neque
775 4168 843 4223 ad
896 4168 1077 4225 ullam
1126 4187 1250 4226 rem
1310 4172 1529 4228 civitati
1576 4177 1679 4229 aut
1727 4172 1942 4246 populo

297 4250 483 4308 utilis.
529 4253 695 4312 Hunc
752 4256 935 4329 igitur
988 4260 1385 4329 Constantius,
1446 4265 1644 4333 utpote
1701 4262 1942 4318 omnino

293 4357 545 4398 vacuum
576 4348 634 4399 et
662 4345 983 4420 desertum,
1034 4348 1301 4405 Ecclesiae
1350 4350 1606 4407 attibuit.
1659 4352 1942 4424 Georgius

296 4447 468 4502 porro
499 4449 631 4489 cum
665 4435 951 4509 templum
982 4438 1157 4494 isthic
1195 4440 1445 4497 excitare
1506 4441 1696 4509 vellet,
1735 4443 1938 4497 fimum

296 4524 353 4576 et
382 4523 585 4578 sordes
614 4527 901 4596 asportari
924 4527 1112 4597 jubet.
1158 4529 1493 4604 Expurgato
1533 4531 1680 4604 loco,
1727 4531 1944 4603 reperi-

291 4613 391 4666 tur
419 4612 659 4685 adytum
682 4616 977 4687 quoddam
1011 4617 1072 4673 in
1102 4620 1432 4677 recessibus
1464 4621 1756 4693 terrea,ubi
1787 4620 1950 4677 Grae-

294 4718 497 4759 corum
529 4705 808 4776 mysteria
843 4707 1311 4765 occultabantur.
1363 4710 1493 4766 Haec
1549 4716 1749 4766 autem
1779 4714 1947 4766 erant

294 4792 555 4849 calvariae
588 4795 863 4851 carnibus
894 4798 1150 4862 nudatae,
1180 4799 1442 4855 virorum
1510 4804 1567 4856 et
1604 4816 1944 4873 puerorum,

294 4897 442 4953 quos
474 4882 633 4939 fama
660 4889 786 4940 erat
815 4884 1039 4941 Mithrae
1070 4886 1407 4944 immolatos
1450 4888 1652 4955 fuisse,
1708 4889 1944 4961 quando

297 4970 476 5027 Graeci
510 4972 973 5031 divinationibus
1003 4976 1076 5031 ab
1105 4978 1274 5043 extis,
1306 4978 1688 5043 sectionibus,
1721 4977 1946 5033 anima-
1983 4954 2023 5018 θ

297 5078 551 5134 rumque
580 5064 894 5137 praestigiis
929 5066 1262 5121 utebantur.
1299 5067 1361 5122 In
1392 5067 1516 5122 haec
1560 5067 1757 5139 itaque
1810 5083 1947 5122 cum

296 5150 615 5209 Christiani
648 5153 890 5225 quidam
922 5154 1289 5221 incidissent,
1324 5156 1517 5229 palam
1558 5174 1626 5212 ea
1658 5161 1722 5211 ut
1759 5155 1946 5211 risum

296 5241 515 5313 populo
573 5247 874 5299 moverent
928 5250 1327 5315 exposuerunt
1380 5261 1393 5301 :
1450 5250 1624 5317 atque
1678 5246 1947 5301 omnium

296 5328 483 5384 oculis
506 5329 1003 5402 triumphantium
1028 5349 1187 5390 more
1208 5333 1739 5399 obtulerunt.Quod
1763 5333 1950 5390 Graeci

296 5432 413 5472 non
440 5417 713 5490 ferentes,
746 5427 921 5493 atque
958 5422 1140 5493 impio
1185 5440 1289 5496 pro
1336 5423 1451 5479 diis
1502 5429 1560 5479 et
1587 5425 1773 5481 sacris
1821 5423 1947 5479 suis

293 5505 491 5563 studio
518 5509 817 5576 commoti,
849 5510 910 5565 in
938 5510 1302 5570 Christianos
1332 5513 1618 5587 irrupere,
1648 5512 1708 5569 hi
1735 5512 1948 5587 gladiis

2049 3634 2107 3692 δὲ
2135 3637 2225 3692 καὶ
2253 3637 2346 3692 τὸν
2388 3632 2646 3712 ὑϐριστὴν
2693 3635 2881 3711 μετῄει
2921 3635 3193 3710 Γεώργιον
3236 3632 3329 3688 καὶ
3367 3633 3461 3688 τὸν
3512 3624 3703 3701 ἀσεϐῆ,

2045 3728 2183 3782 κατὰ
2210 3727 2272 3781 τὸ
2302 3728 2685 3803 γεγραμμένον
2728 3723 2818 3781 διὰ
2866 3728 3070 3801 χειρῶν
3122 3721 3353 3796 ὁμοίων,
3409 3721 3510 3778 οὐκ
3559 3718 3702 3790 ἄξιον

2048 3813 2353 3891 παρελθεῖν.
2401 3817 2499 3870 Ἦν
2548 3837 2632 3878 τις
2693 3814 2744 3870 ἐν
2800 3818 2870 3888 τῇ
2918 3817 3026 3869 τῶν
3075 3808 3472 3886 Ἀλεξανδρέων
3511 3808 3705 3879 τόπος,

2048 3902 2220 3960 πάλαι
2271 3905 2364 3978 μὲν
2415 3904 2594 3981 Μίθρᾳ
2639 3908 2719 3977 τῷ
2764 3907 2870 3959 τῶν
2920 3899 3202 3973 Ἑλλήνων
3253 3902 3380 3973 θεῷ,
3436 3899 3527 3955 καὶ
3583 3903 3703 3960 ταῖς

2050 3992 2257 4048 ἐκείνου
2303 3992 2511 4055 θυσίαις
2561 3993 2651 4048 καὶ
2696 3991 2945 4055 τελεταῖς
2992 3991 3275 4064 ἀνειμένος
3316 4008 3329 4022 ⁸
3363 3992 3456 4044 νῦν
3503 3985 3562 4045 δὲ
3609 3986 3706 4043 κό-

2050 4104 2194 4160 πρου
2241 4081 2333 4137 καὶ
2383 4081 2614 4159 σαπρίας
2653 4079 2998 4154 κατάπλεως,
3042 4080 3133 4135 καὶ
3178 4079 3315 4155 πρὸς
3366 4075 3481 4134 οὐδ’
3522 4079 3703 4133 ὁτιοῦν

2048 4175 2118 4246 τῇ
2149 4193 2208 4227 τε
2236 4168 2396 4226 πόλει
2423 4172 2512 4226 καὶ
2556 4176 2635 4243 τῷ
2671 4175 2839 4243 κοινῷ
2883 4172 3187 4246 χρήσιμος.
3236 4172 3435 4225 Τοῦτον
3481 4187 3708 4243 τοιγαρ-

2052 4266 2143 4317 οῦν
2205 4263 2233 4317 6
2292 4262 2662 4323 Κωνστάντιος
2692 4308 2706 4334 ,
2766 4261 2841 4324 ὡς
2901 4261 3086 4337 ἀργῶς
3146 4256 3346 4335 ἔχοντα
3399 4257 3704 4314 παντάπασι

2049 4350 2139 4406 καὶ
2170 4350 2489 4428 ἀχρήστως,
2524 4351 2784 4424 ἀπονέμει
2830 4353 2898 4424 τῇ
2948 4346 3265 4420 Ἐκκλησία·
3320 4347 3593 4423 Γεώργιος
3626 4343 3705 4419 δὲ,

2051 4441 2175 4495 ναὸν
2234 4439 2286 4495 ἐν
2338 4440 2485 4513 αὐτῷ
2538 4437 2823 4513 δείμασθαι
2884 4435 3198 4515 βουληθεὶς,
3254 4437 3356 4506 τὴν
3402 4456 3463 4491 τε
3506 4435 3710 4512 κόπρον

2055 4529 2261 4600 ἐκείνην
2305 4531 2396 4585 καὶ
2441 4530 2533 4584 τὸν
2582 4527 2757 4584 πολὺν
2808 4527 3066 4607 συρφετὸν
3122 4526 3490 4605 έκφορηθῆναι
3538 4545 3708 4600 προσ-

2051 4620 2254 4678 τάττει.
2312 4616 2456 4688 ’Ἤδη
2521 4616 2579 4674 δὲ
2636 4617 3132 4694 ἀνακαθαιρομένου
3182 4620 3281 4671 τοῦ
3356 4614 3569 4684 τόπου,
3623 4614 3710 4670 εὗ-

2056 4706 2294 4785 ρίσκεταί
2338 4728 2391 4762 τι
2438 4711 2547 4762 τῶν
2580 4705 2787 4763 ἀδύτων
2839 4706 2914 4769 εἰς
2971 4706 3123 4783 μυχὰ
3169 4712 3298 4781 γῆς,
3331 4703 3383 4761 έν
3432 4702 3575 4779 ᾦτά
3598 4708 3706 4760 τῶν

2054 4794 2336 4867 Ἐλλήνων
2388 4797 2662 4871 μυστήρια
2703 4795 2992 4870 κέκρυπτο.
3041 4795 3118 4849 Τὰ
3155 4792 3214 4850 δὲ
3259 4795 3327 4864 ἦν
3378 4790 3483 4871 ἄρα
3516 4792 3711 4866 κρανία

2053 4886 2238 4961 γυμνὰ
2289 4889 2396 4939 τῶν
2457 4889 2692 4961 σαρκῶν,
2734 4886 2801 4939 τὰ
2862 4885 2955 4960 μὲν
3001 4882 3234 4960 ἀνδρῶν,
3282 4884 3351 4940 τὰ
3387 4880 3447 4940 δὶ
3473 4880 3710 4948 παίδων.

2055 4973 2148 5037 οὓς
2181 4976 2351 5047 μῦθος
2380 4972 2499 5049 εἶχε
2548 4976 2627 5046 τῷ
2682 4973 2860 5049 Μίθρᾳ
2915 4971 3273 5045 διπεθῦσθαι,
3307 4972 3398 5029 ὅτε
3450 4976 3571 5034 ταῖς
3620 4969 3712 5028 διὰ

2057 5059 2390 5139 σπλάγχνων
2427 5060 2702 5137 μαντείαις
2734 5061 2963 5127 ἐκείναις
2992 5061 3266 5134 ’Έλληνες
3304 5062 3395 5119 καὶ
3424 5066 3546 5125 ταῖς
3578 5062 3711 5117 ἀνα-

2053 5158 2276 5228 τομαῖς,
2322 5152 2414 5208 καὶ
2458 5157 2577 5217 ταῖς
2607 5154 2746 5209 κατά
2790 5157 2986 5232 ψυχῶν
3041 5152 3396 5229 μαγγανείαις
3441 5150 3709 5229 ἐκέχρην-

2053 5263 2137 5297 το.
2186 5241 2409 5306 Τούτοις
2467 5241 2558 5298 οὖν
2611 5263 2756 5306 τινες
2809 5248 2918 5299 τῶν
2978 5246 3313 5321 Χριστιανῶν
3369 5240 3713 5319 ἰντυχόντες,

2055 5329 2274 5408 γέλωτα
2300 5336 2378 5404 τῷ
2408 5330 2575 5407 δήμῳ
2620 5336 2791 5388 ταῦτα
2837 5332 3067 5412 φανερὸν
3115 5330 3419 5406 ἐποιοῦντο,
3468 5330 3563 5388 καὶ
3610 5331 3717 5388 ὑπὸ

2054 5426 2170 5485 τοῖς
2204 5422 2454 5477 ἀπάντων
2481 5420 2787 5500 ὀφθαλμοῖς
2822 5417 3205 5500 έθριάμϐευον.
3230 5422 3399 5499 Ὅπερ
3427 5419 3713 5491 Ἐλλήνων

2055 5508 2244 5574 παῖδες
2274 5508 2373 5566 οὐκ
2401 5508 2731 5587 ἐνεγκόντες,
2777 5510 2904 5569 ἀλλ’
2954 5513 3095 5591 ὑπέρ-
3138 5532 3201 5569 τε
3245 5513 3383 5569 θεῶν
3428 5510 3525 5569 καὶ
3552 5512 3712 5587 ιερῶν

360 5723 438 5802 (α)
468 5723 595 5781 Duo
625 5723 874 5801 codices,
905 5732 1174 5806 συγκινιῖ,
1206 5729 1392 5801 Unus,
1441 5746 1728 5807 συγκροτει
1777 5732 1930 5789 recte

2052 5728 2141 5800 iti,
2166 5723 2460 5806 συγκρίνει.
