  <div class='ocr_page' id='page_1' title='image "/cluster/home/n/w/nwhite01/storage/ocr_20150623/25:no.1/coo.31924054873066/220.png"; bbox 0 0 4146 6370; ppageno 0'>
   <div class='ocr_carea' id='block_1_1' title="bbox 1307 411 2900 478">
    <p class='ocr_par' dir='ltr' id='par_1_1' title="bbox 1307 411 2900 478">
     <span class='ocr_line' id='line_1_1' title="bbox 1307 411 2900 478; baseline 0.001 -4"><span class='ocrx_word' id='word_1_1' title='bbox 1307 411 1494 476; x_wconf 77' lang='grc' dir='ltr'>νιτΑ</span> <span class='ocrx_word' id='word_1_2' title='bbox 1536 413 1605 475; x_wconf 92' lang='lat' dir='ltr'>S.</span> <span class='ocrx_word' id='word_1_3' title='bbox 1650 411 2080 476; x_wconf 68' lang='lat' dir='ltr'>ATHANASII‘</span> <span class='ocrx_word' id='word_1_4' title='bbox 2117 411 2462 476; x_wconf 75' lang='lat' dir='ltr'>INCERTO</span> <span class='ocrx_word' id='word_1_5' title='bbox 2504 413 2900 478; x_wconf 84' lang='lat' dir='ltr'>AUGTORE.</span> 
     </span>
    </p>
   </div>
   <div class='ocr_carea' id='block_1_2' title="bbox 3651 427 3793 480">
    <p class='ocr_par' dir='ltr' id='par_1_2' title="bbox 3651 427 3793 480">
     <span class='ocr_line' id='line_1_2' title="bbox 3651 427 3793 480; baseline 0 0"><span class='ocrx_word' id='word_1_6' title='bbox 3651 427 3793 480; x_wconf 69' lang='grc' dir='ltr'>σενι*</span> 
     </span>
    </p>
   </div>
   <div class='ocr_carea' id='block_1_3' title="bbox 386 540 2058 621">
    <p class='ocr_par' dir='ltr' id='par_1_3' title="bbox 386 540 2040 621">
     <span class='ocr_line' id='line_1_3' title="bbox 386 540 2040 621; baseline 0.001 -23"><span class='ocrx_word' id='word_1_7' title='bbox 386 540 489 598; x_wconf 80' lang='grc' dir='ltr'>τῶν</span> <span class='ocrx_word' id='word_1_8' title='bbox 524 541 796 621; x_wconf 73' lang='grc' dir='ltr'>σφετέρων</span> <span class='ocrx_word' id='word_1_9' title='bbox 829 540 1034 607; x_wconf 84' lang='grc' dir='ltr'>ἀθλίως</span> <span class='ocrx_word' id='word_1_10' title='bbox 1084 541 1448 615; x_wconf 83' lang='grc' dir='ltr'>ζηλώσαντες,</span> <span class='ocrx_word' id='word_1_11' title='bbox 1501 543 1644 600; x_wconf 77' lang='grc' dir='ltr'>ἔθεον</span> <span class='ocrx_word' id='word_1_12' title='bbox 1700 544 1782 602; x_wconf 85' lang='grc' dir='ltr'>ἐπ’</span> <span class='ocrx_word' id='word_1_13' title='bbox 1826 545 2040 616; x_wconf 67' lang='grc' dir='ltr'>αὐτοὺς,</span> 
     </span>
    </p>
   </div>
   <div class='ocr_carea' id='block_1_4' title="bbox 2151 540 3805 621">
    <p class='ocr_par' dir='ltr' id='par_1_4' title="bbox 2157 545 3805 620">
     <span class='ocr_line' id='line_1_4' title="bbox 2157 545 3805 620; baseline 0.004 -19"><span class='ocrx_word' id='word_1_14' title='bbox 2157 545 2453 620; x_wconf 86' lang='lat' dir='ltr'>lapidibus</span> <span class='ocrx_word' id='word_1_15' title='bbox 2512 547 2594 602; x_wconf 88' lang='lat' dir='ltr'>illi</span> <span class='ocrx_word' id='word_1_16' title='bbox 2653 549 3048 620; x_wconf 87' lang='lat' dir='ltr'>impetentes;</span> <span class='ocrx_word' id='word_1_17' title='bbox 3081 549 3163 606; x_wconf 88' lang='lat' dir='ltr'>ita</span> <span class='ocrx_word' id='word_1_18' title='bbox 3221 553 3287 606; x_wconf 85' lang='lat' dir='ltr'>ut</span> <span class='ocrx_word' id='word_1_19' title='bbox 3341 549 3805 608; x_wconf 88' lang='lat' dir='ltr'>Christianorum</span> 
     </span>
    </p>
   </div>
   <div class='ocr_carea' id='block_1_5' title="bbox 387 631 2039 710">
    <p class='ocr_par' dir='ltr' id='par_1_5' title="bbox 387 631 2039 710">
     <span class='ocr_line' id='line_1_5' title="bbox 387 631 2039 710; baseline 0.001 -24"><span class='ocrx_word' id='word_1_20' title='bbox 387 631 439 687; x_wconf 77' lang='grc' dir='ltr'>οἱ</span> <span class='ocrx_word' id='word_1_21' title='bbox 472 631 564 705; x_wconf 74' lang='grc' dir='ltr'>μὲν</span> <span class='ocrx_word' id='word_1_22' title='bbox 599 632 737 710; x_wconf 71' lang='grc' dir='ltr'>ξίφει</span> <span class='ocrx_word' id='word_1_23' title='bbox 767 632 1037 704; x_wconf 86' lang='grc' dir='ltr'>παίοντες,</span> <span class='ocrx_word' id='word_1_24' title='bbox 1069 635 1120 688; x_wconf 77' lang='grc' dir='ltr'>οἱ</span> <span class='ocrx_word' id='word_1_25' title='bbox 1152 633 1208 689; x_wconf 72' lang='grc' dir='ltr'>δέ</span> <span class='ocrx_word' id='word_1_26' title='bbox 1239 632 1414 698; x_wconf 93' lang='grc' dir='ltr'>λίθοις</span> <span class='ocrx_word' id='word_1_27' title='bbox 1451 659 1461 669; x_wconf 93' lang='grc'>·</span> <span class='ocrx_word' id='word_1_28' title='bbox 1499 635 1635 690; x_wconf 83' lang='grc' dir='ltr'>ὥστε</span> <span class='ocrx_word' id='word_1_29' title='bbox 1664 635 1754 690; x_wconf 84' lang='grc' dir='ltr'>καὶ</span> <span class='ocrx_word' id='word_1_30' title='bbox 1794 633 2039 697; x_wconf 68' lang='grc' dir='ltr'>πολλοὺς</span> 
     </span>
    </p>
   </div>
   <div class='ocr_carea' id='block_1_6' title="bbox 389 722 2042 798">
    <p class='ocr_par' dir='ltr' id='par_1_6' title="bbox 389 722 2042 798">
     <span class='ocr_line' id='line_1_6' title="bbox 389 722 2042 798; baseline 0.001 -22"><span class='ocrx_word' id='word_1_31' title='bbox 389 722 727 797; x_wconf 80' lang='grc' dir='ltr'>ἀναιρεθῆναι</span> <span class='ocrx_word' id='word_1_32' title='bbox 775 728 882 777; x_wconf 89' lang='grc' dir='ltr'>τῶν</span> <span class='ocrx_word' id='word_1_33' title='bbox 935 729 1266 798; x_wconf 79' lang='grc' dir='ltr'>Χριστιανῶν</span> <span class='ocrx_word' id='word_1_34' title='bbox 1298 770 1311 794; x_wconf 89' lang='grc'>,</span> <span class='ocrx_word' id='word_1_35' title='bbox 1359 724 1486 787; x_wconf 76' lang='grc' dir='ltr'>τοὺς</span> <span class='ocrx_word' id='word_1_36' title='bbox 1537 723 1593 780; x_wconf 78' lang='grc' dir='ltr'>δέ</span> <span class='ocrx_word' id='word_1_37' title='bbox 1649 727 1738 780; x_wconf 82' lang='grc' dir='ltr'>καὶ</span> <span class='ocrx_word' id='word_1_38' title='bbox 1791 727 2042 780; x_wconf 82' lang='grc' dir='ltr'>ἀνασταυ-</span> 
     </span>
    </p>
   </div>
   <div class='ocr_carea' id='block_1_7' title="bbox 388 809 2040 891">
    <p class='ocr_par' dir='ltr' id='par_1_7' title="bbox 388 809 2040 891">
     <span class='ocr_line' id='line_1_7' title="bbox 388 809 2040 891; baseline 0.003 -27"><span class='ocrx_word' id='word_1_39' title='bbox 388 812 623 885; x_wconf 81' lang='grc' dir='ltr'>ρωθῆναι</span> <span class='ocrx_word' id='word_1_40' title='bbox 677 811 835 874; x_wconf 79' lang='grc' dir='ltr'>ὅσους</span> <span class='ocrx_word' id='word_1_41' title='bbox 895 809 970 867; x_wconf 76' lang='grc' dir='ltr'>ἔτι</span> <span class='ocrx_word' id='word_1_42' title='bbox 1029 818 1229 882; x_wconf 88' lang='grc' dir='ltr'>ζῶντας</span> <span class='ocrx_word' id='word_1_43' title='bbox 1288 820 1576 891; x_wconf 72' lang='grc' dir='ltr'>κατασχεῖν</span> <span class='ocrx_word' id='word_1_44' title='bbox 1652 812 2040 885; x_wconf 76' lang='grc' dir='ltr'>ἠδυνήθησαν,</span> 
     </span>
    </p>
   </div>
   <div class='ocr_carea' id='block_1_8' title="bbox 382 899 2042 981">
    <p class='ocr_par' dir='ltr' id='par_1_8' title="bbox 382 899 2042 981">
     <span class='ocr_line' id='line_1_8' title="bbox 382 899 2042 981; baseline 0.002 -27"><span class='ocrx_word' id='word_1_45' title='bbox 382 901 469 955; x_wconf 77' lang='grc' dir='ltr'>καὶ</span> <span class='ocrx_word' id='word_1_46' title='bbox 532 899 738 962; x_wconf 75' lang='grc' dir='ltr'>ἄλλους</span> <span class='ocrx_word' id='word_1_47' title='bbox 798 899 991 964; x_wconf 73' lang='grc' dir='ltr'>ἄλλοις</span> <span class='ocrx_word' id='word_1_48' title='bbox 1061 901 1345 972; x_wconf 78' lang='grc' dir='ltr'>ἐκδοθῆναι</span> <span class='ocrx_word' id='word_1_49' title='bbox 1394 906 1617 959; x_wconf 85' lang='grc' dir='ltr'>θανάτου</span> <span class='ocrx_word' id='word_1_50' title='bbox 1667 905 1896 981; x_wconf 89' lang='grc' dir='ltr'>τρόποις</span> <span class='ocrx_word' id='word_1_51' title='bbox 1952 904 2042 958; x_wconf 80' lang='grc' dir='ltr'>καὶ</span> 
     </span>
    </p>
   </div>
   <div class='ocr_carea' id='block_1_9' title="bbox 381 987 2038 1066">
    <p class='ocr_par' dir='ltr' id='par_1_9' title="bbox 381 987 2038 1066">
     <span class='ocr_line' id='line_1_9' title="bbox 381 987 2038 1066; baseline 0.001 -22"><span class='ocrx_word' id='word_1_52' title='bbox 381 987 659 1052; x_wconf 74' lang='grc' dir='ltr'>ποικίλαις</span> <span class='ocrx_word' id='word_1_53' title='bbox 739 987 906 1052; x_wconf 81' lang='grc' dir='ltr'>ἰδέαις</span> <span class='ocrx_word' id='word_1_54' title='bbox 973 989 1252 1047; x_wconf 73' lang='grc' dir='ltr'>κολάσεων</span> <span class='ocrx_word' id='word_1_55' title='bbox 1292 1038 1302 1050; x_wconf 96' lang='grc'>.</span> <span class='ocrx_word' id='word_1_56' title='bbox 1363 994 1460 1048; x_wconf 90' lang='grc' dir='ltr'>Τὸν</span> <span class='ocrx_word' id='word_1_57' title='bbox 1547 994 1730 1066; x_wconf 86' lang='grc' dir='ltr'>μέντοι</span> <span class='ocrx_word' id='word_1_58' title='bbox 1808 988 2038 1061; x_wconf 80' lang='grc' dir='ltr'>δυσσεϐῆ</span> 
     </span>
    </p>
   </div>
   <div class='ocr_carea' id='block_1_10' title="bbox 382 1077 2041 1157">
    <p class='ocr_par' dir='ltr' id='par_1_10' title="bbox 382 1077 2041 1157">
     <span class='ocr_line' id='line_1_10' title="bbox 382 1077 2041 1157; baseline -0.013 -2"><span class='ocrx_word' id='word_1_59' title='bbox 382 1079 654 1153; x_wconf 76' lang='grc' dir='ltr'>Γεώργιον</span> <span class='ocrx_word' id='word_1_60' title='bbox 700 1085 803 1148; x_wconf 64' lang='grc' dir='ltr'>τῆξ</span> <span class='ocrx_word' id='word_1_61' title='bbox 852 1077 1144 1150; x_wconf 76' lang='grc' dir='ltr'>ἐκκλησίας</span> <span class='ocrx_word' id='word_1_62' title='bbox 1200 1081 1274 1144; x_wconf 78' lang='grc' dir='ltr'>ὡς</span> <span class='ocrx_word' id='word_1_63' title='bbox 1326 1081 1477 1157; x_wconf 72' lang='grc' dir='ltr'>εἶχον</span> <span class='ocrx_word' id='word_1_64' title='bbox 1529 1081 1903 1157; x_wconf 81' lang='grc' dir='ltr'>ἐξαγαγόντες,</span> <span class='ocrx_word' id='word_1_65' title='bbox 1952 1080 2041 1135; x_wconf 90' lang='grc' dir='ltr'>καί</span> 
     </span>
    </p>
   </div>
   <div class='ocr_carea' id='block_1_11' title="bbox 375 1165 2040 1249">
    <p class='ocr_par' dir='ltr' id='par_1_11' title="bbox 375 1165 2040 1249">
     <span class='ocr_line' id='line_1_11' title="bbox 375 1165 2040 1249; baseline 0 -27"><span class='ocrx_word' id='word_1_66' title='bbox 375 1188 524 1229; x_wconf 91' lang='grc' dir='ltr'>τινος</span> <span class='ocrx_word' id='word_1_67' title='bbox 572 1167 832 1239; x_wconf 84' lang='grc' dir='ltr'>καμήλου</span> <span class='ocrx_word' id='word_1_68' title='bbox 883 1165 1225 1242; x_wconf 74' lang='grc' dir='ltr'>ἐκδήσαντες,</span> <span class='ocrx_word' id='word_1_69' title='bbox 1279 1168 1466 1239; x_wconf 80' lang='grc' dir='ltr'>ἐπειδὴ</span> <span class='ocrx_word' id='word_1_70' title='bbox 1518 1169 1768 1249; x_wconf 67' lang='grc' dir='ltr'>σφοδρῶς</span> <span class='ocrx_word' id='word_1_71' title='bbox 1819 1169 2040 1237; x_wconf 75' lang='grc' dir='ltr'>αύτὸνή</span> 
     </span>
    </p>
   </div>
   <div class='ocr_carea' id='block_1_12' title="bbox 374 1252 2045 1332">
    <p class='ocr_par' dir='ltr' id='par_1_12' title="bbox 374 1252 2045 1332">
     <span class='ocr_line' id='line_1_12' title="bbox 374 1252 2045 1332; baseline 0.002 -22"><span class='ocrx_word' id='word_1_72' title='bbox 374 1254 631 1328; x_wconf 78' lang='grc' dir='ltr'>κάμηλος</span> <span class='ocrx_word' id='word_1_73' title='bbox 683 1258 968 1332; x_wconf 84' lang='grc' dir='ltr'>σπαράξειέ</span> <span class='ocrx_word' id='word_1_74' title='bbox 1013 1261 1090 1331; x_wconf 91' lang='grc' dir='ltr'>(α)</span> <span class='ocrx_word' id='word_1_75' title='bbox 1124 1279 1182 1313; x_wconf 90' lang='grc' dir='ltr'>τε</span> <span class='ocrx_word' id='word_1_76' title='bbox 1228 1260 1318 1314; x_wconf 85' lang='grc' dir='ltr'>καὶ</span> <span class='ocrx_word' id='word_1_77' title='bbox 1370 1257 1744 1331; x_wconf 88' lang='grc' dir='ltr'>διασπάσαιτο,</span> <span class='ocrx_word' id='word_1_78' title='bbox 1791 1260 1904 1315; x_wconf 73' lang='grc' dir='ltr'>εἶτα</span> <span class='ocrx_word' id='word_1_79' title='bbox 1949 1252 2045 1313; x_wconf 64' lang='grc' dir='ltr'>καί</span> 
     </span>
    </p>
   </div>
   <div class='ocr_carea' id='block_1_13' title="bbox 376 1343 2043 1425">
    <p class='ocr_par' dir='ltr' id='par_1_13' title="bbox 376 1343 2043 1425">
     <span class='ocr_line' id='line_1_13' title="bbox 376 1343 2043 1425; baseline 0.004 -27"><span class='ocrx_word' id='word_1_80' title='bbox 376 1343 517 1414; x_wconf 78' lang='grc' dir='ltr'>ὕλην</span> <span class='ocrx_word' id='word_1_81' title='bbox 570 1347 761 1416; x_wconf 71' lang='grc' dir='ltr'>ἱκανὴν</span> <span class='ocrx_word' id='word_1_82' title='bbox 812 1350 1276 1425; x_wconf 75' lang='grc' dir='ltr'>συμφορήσαντες,</span> <span class='ocrx_word' id='word_1_83' title='bbox 1329 1348 1417 1404; x_wconf 70' lang='grc' dir='ltr'>καί</span> <span class='ocrx_word' id='word_1_84' title='bbox 1471 1355 1576 1422; x_wconf 92' lang='grc' dir='ltr'>πῦρ</span> <span class='ocrx_word' id='word_1_85' title='bbox 1629 1350 1680 1404; x_wconf 86' lang='grc' dir='ltr'>ἐν</span> <span class='ocrx_word' id='word_1_86' title='bbox 1732 1354 1888 1424; x_wconf 78' lang='grc' dir='ltr'>κοινῇ</span> <span class='ocrx_word' id='word_1_87' title='bbox 1949 1350 2043 1421; x_wconf 80' lang='grc' dir='ltr'>θέᾳ</span> 
     </span>
    </p>
   </div>
   <div class='ocr_carea' id='block_1_14' title="bbox 371 1433 2038 1512">
    <p class='ocr_par' dir='ltr' id='par_1_14' title="bbox 371 1433 2038 1512">
     <span class='ocr_line' id='line_1_14' title="bbox 371 1433 2038 1512; baseline 0.003 -23"><span class='ocrx_word' id='word_1_88' title='bbox 371 1433 676 1512; x_wconf 79' lang='grc' dir='ltr'>ὑφάψαντες</span> <span class='ocrx_word' id='word_1_89' title='bbox 744 1435 879 1509; x_wconf 75' lang='grc' dir='ltr'>αὐτῇ</span> <span class='ocrx_word' id='word_1_90' title='bbox 939 1434 1202 1510; x_wconf 88' lang='grc' dir='ltr'>καμήλῳ,</span> <span class='ocrx_word' id='word_1_91' title='bbox 1261 1442 1454 1492; x_wconf 89' lang='grc' dir='ltr'>τοῦτον</span> <span class='ocrx_word' id='word_1_92' title='bbox 1514 1439 1874 1493; x_wconf 73' lang='grc' dir='ltr'>κατέκαυσαν.</span> <span class='ocrx_word' id='word_1_93' title='bbox 1937 1439 2038 1493; x_wconf 74' lang='grc' dir='ltr'>Οὕ-</span> 
     </span>
    </p>
   </div>
   <div class='ocr_carea' id='block_1_15' title="bbox 375 1522 2040 1603">
    <p class='ocr_par' dir='ltr' id='par_1_15' title="bbox 375 1522 2040 1603">
     <span class='ocr_line' id='line_1_15' title="bbox 375 1522 2040 1603; baseline 0.002 -26"><span class='ocrx_word' id='word_1_94' title='bbox 375 1544 486 1584; x_wconf 87' lang='grc' dir='ltr'>τως</span> <span class='ocrx_word' id='word_1_95' title='bbox 521 1524 606 1602; x_wconf 78' lang='grc' dir='ltr'>ὑφ’</span> <span class='ocrx_word' id='word_1_96' title='bbox 639 1523 716 1578; x_wconf 74' lang='grc' dir='ltr'>ἐνὶ</span> <span class='ocrx_word' id='word_1_97' title='bbox 752 1525 846 1597; x_wconf 77' lang='grc' dir='ltr'>μὲν</span> <span class='ocrx_word' id='word_1_98' title='bbox 879 1529 958 1596; x_wconf 76' lang='grc' dir='ltr'>τῷ</span> <span class='ocrx_word' id='word_1_99' title='bbox 987 1525 1198 1599; x_wconf 81' lang='grc' dir='ltr'>τρόπῳ,</span> <span class='ocrx_word' id='word_1_100' title='bbox 1233 1522 1515 1603; x_wconf 74' lang='grc' dir='ltr'>διαφόροις</span> <span class='ocrx_word' id='word_1_101' title='bbox 1562 1523 1619 1580; x_wconf 74' lang='grc' dir='ltr'>δὲ</span> <span class='ocrx_word' id='word_1_102' title='bbox 1665 1532 1783 1588; x_wconf 88' lang='grc' dir='ltr'>ταῖς</span> <span class='ocrx_word' id='word_1_103' title='bbox 1820 1525 2040 1593; x_wconf 74' lang='grc' dir='ltr'>αἰτίαις,</span> 
     </span>
    </p>
   </div>
   <div class='ocr_carea' id='block_1_16' title="bbox 371 1612 2040 1686">
    <p class='ocr_par' dir='ltr' id='par_1_16' title="bbox 371 1612 2040 1686">
     <span class='ocr_line' id='line_1_16' title="bbox 371 1612 2040 1686; baseline 0.001 -18"><span class='ocrx_word' id='word_1_104' title='bbox 371 1613 424 1668; x_wconf 79' lang='lat' dir='ltr'><strong>0i</strong></span> <span class='ocrx_word' id='word_1_105' title='bbox 458 1613 552 1685; x_wconf 75' lang='grc' dir='ltr'>μέν</span> <span class='ocrx_word' id='word_1_106' title='bbox 616 1615 871 1686; x_wconf 77' lang='grc' dir='ltr'>μακάριοι</span> <span class='ocrx_word' id='word_1_107' title='bbox 910 1619 1008 1669; x_wconf 91' lang='grc' dir='ltr'>τοῦ</span> <span class='ocrx_word' id='word_1_108' title='bbox 1055 1612 1272 1685; x_wconf 83' lang='grc' dir='ltr'>τέλους,</span> <span class='ocrx_word' id='word_1_109' title='bbox 1305 1615 1333 1669; x_wconf 98' lang='lat'>6</span> <span class='ocrx_word' id='word_1_110' title='bbox 1365 1613 1422 1669; x_wconf 79' lang='grc' dir='ltr'>δὲ</span> <span class='ocrx_word' id='word_1_111' title='bbox 1454 1613 1639 1678; x_wconf 78' lang='grc' dir='ltr'>ἅθλιος</span> <span class='ocrx_word' id='word_1_112' title='bbox 1670 1620 1766 1670; x_wconf 86' lang='grc' dir='ltr'>τοῦ</span> <span class='ocrx_word' id='word_1_113' title='bbox 1811 1618 2040 1671; x_wconf 85' lang='grc' dir='ltr'>θανάτου</span> 
     </span>
    </p>
   </div>
   <div class='ocr_carea' id='block_1_17' title="bbox 371 1701 2038 1778">
    <p class='ocr_par' dir='ltr' id='par_1_17' title="bbox 371 1701 2038 1778">
     <span class='ocr_line' id='line_1_17' title="bbox 371 1701 2038 1778; baseline 0.002 -22"><span class='ocrx_word' id='word_1_114' title='bbox 371 1702 464 1758; x_wconf 81' lang='grc' dir='ltr'>τὸν</span> <span class='ocrx_word' id='word_1_115' title='bbox 532 1702 651 1778; x_wconf 87' lang='grc' dir='ltr'>βίον</span> <span class='ocrx_word' id='word_1_116' title='bbox 717 1701 1086 1777; x_wconf 78' lang='grc' dir='ltr'>μετήλλαξαν.</span> <span class='ocrx_word' id='word_1_117' title='bbox 1140 1703 1240 1758; x_wconf 81' lang='grc' dir='ltr'>Καὶ</span> <span class='ocrx_word' id='word_1_118' title='bbox 1287 1706 1355 1758; x_wconf 75' lang='grc' dir='ltr'>τὰ</span> <span class='ocrx_word' id='word_1_119' title='bbox 1402 1705 1494 1778; x_wconf 72' lang='grc' dir='ltr'>μὲν</span> <span class='ocrx_word' id='word_1_120' title='bbox 1546 1706 1663 1760; x_wconf 89' lang='grc' dir='ltr'>κατ’</span> <span class='ocrx_word' id='word_1_121' title='bbox 1709 1704 1903 1767; x_wconf 73' lang='grc' dir='ltr'>αὐτοὺς</span> <span class='ocrx_word' id='word_1_122' title='bbox 1963 1706 2038 1767; x_wconf 83' lang='grc' dir='ltr'>εἰς</span> 
     </span>
    </p>
   </div>
   <div class='ocr_carea' id='block_1_18' title="bbox 375 1791 792 1868">
    <p class='ocr_par' dir='ltr' id='par_1_18' title="bbox 375 1791 792 1868">
     <span class='ocr_line' id='line_1_18' title="bbox 375 1791 792 1868; baseline 0.007 -22"><span class='ocrx_word' id='word_1_123' title='bbox 375 1796 539 1846; x_wconf 84' lang='grc' dir='ltr'>τοῦτο</span> <span class='ocrx_word' id='word_1_124' title='bbox 572 1791 792 1868; x_wconf 81' lang='grc' dir='ltr'>ἐχώρει.</span> 
     </span>
    </p>
   </div>
   <div class='ocr_carea' id='block_1_19' title="bbox 2154 637 3808 710">
    <p class='ocr_par' dir='ltr' id='par_1_19' title="bbox 2154 637 3808 710">
     <span class='ocr_line' id='line_1_19' title="bbox 2154 637 3808 710; baseline 0.004 -18"><span class='ocrx_word' id='word_1_125' title='bbox 2154 637 2324 692; x_wconf 88' lang='lat' dir='ltr'>multi</span> <span class='ocrx_word' id='word_1_126' title='bbox 2358 637 2510 702; x_wconf 64' lang='lat' dir='ltr'>cmsi,</span> <span class='ocrx_word' id='word_1_127' title='bbox 2557 638 2654 693; x_wconf 82' lang='lat' dir='ltr'>alii</span> <span class='ocrx_word' id='word_1_128' title='bbox 2713 639 2970 694; x_wconf 83' lang='lat' dir='ltr'>cruciﬁxi</span> <span class='ocrx_word' id='word_1_129' title='bbox 3021 657 3168 710; x_wconf 91' lang='lat' dir='ltr'>quos</span> <span class='ocrx_word' id='word_1_130' title='bbox 3213 639 3434 696; x_wconf 84' lang='lat' dir='ltr'>scilicet</span> <span class='ocrx_word' id='word_1_131' title='bbox 3489 642 3646 697; x_wconf 88' lang='lat' dir='ltr'>vivos</span> <span class='ocrx_word' id='word_1_132' title='bbox 3677 658 3808 698; x_wconf 88' lang='lat' dir='ltr'>con-</span> 
     </span>
    </p>
   </div>
   <div class='ocr_carea' id='block_1_20' title="bbox 2154 727 3803 803">
    <p class='ocr_par' dir='ltr' id='par_1_20' title="bbox 2154 727 3803 803">
     <span class='ocr_line' id='line_1_20' title="bbox 2154 727 3803 803; baseline 0.004 -23"><span class='ocrx_word' id='word_1_133' title='bbox 2154 727 2514 798; x_wconf 82' lang='lat' dir='ltr'>prehendere</span> <span class='ocrx_word' id='word_1_134' title='bbox 2549 729 3136 798; x_wconf 79' lang='lat' dir='ltr'>p01uerunt,aliialiis</span> <span class='ocrx_word' id='word_1_135' title='bbox 3169 730 3476 801; x_wconf 89' lang='lat' dir='ltr'>suppliciis</span> <span class='ocrx_word' id='word_1_136' title='bbox 3507 732 3803 803; x_wconf 84' lang='lat' dir='ltr'>variisque</span> 
     </span>
    </p>
   </div>
   <div class='ocr_carea' id='block_1_21' title="bbox 2153 816 3807 892">
    <p class='ocr_par' dir='ltr' id='par_1_21' title="bbox 2153 816 3807 892">
     <span class='ocr_line' id='line_1_21' title="bbox 2153 816 3807 892; baseline 0.004 -22"><span class='ocrx_word' id='word_1_137' title='bbox 2153 816 2518 871; x_wconf 90' lang='lat' dir='ltr'>cruciatuum</span> <span class='ocrx_word' id='word_1_138' title='bbox 2552 818 2862 887; x_wconf 79' lang='lat' dir='ltr'>generibus</span> <span class='ocrx_word' id='word_1_139' title='bbox 2895 819 3082 873; x_wconf 82' lang='lat' dir='ltr'>necati</span> <span class='ocrx_word' id='word_1_140' title='bbox 3117 818 3349 874; x_wconf 78' lang='lat' dir='ltr'>fuerint.</span> <span class='ocrx_word' id='word_1_141' title='bbox 3384 819 3634 892; x_wconf 91' lang='lat' dir='ltr'>Impium</span> <span class='ocrx_word' id='word_1_142' title='bbox 3667 838 3807 877; x_wconf 83' lang='lat' dir='ltr'>sane</span> 
     </span>
    </p>
   </div>
   <div class='ocr_carea' id='block_1_22' title="bbox 2152 905 3804 977">
    <p class='ocr_par' dir='ltr' id='par_1_22' title="bbox 2152 905 3804 977">
     <span class='ocr_line' id='line_1_22' title="bbox 2152 905 3804 977; baseline 0.004 -19"><span class='ocrx_word' id='word_1_143' title='bbox 2152 905 2463 976; x_wconf 84' lang='lat' dir='ltr'>Georgium</span> <span class='ocrx_word' id='word_1_144' title='bbox 2497 905 2785 977; x_wconf 81' lang='lat' dir='ltr'>extemplo</span> <span class='ocrx_word' id='word_1_145' title='bbox 2834 907 3080 962; x_wconf 85' lang='lat' dir='ltr'>ecclesia</span> <span class='ocrx_word' id='word_1_146' title='bbox 3123 912 3468 975; x_wconf 86' lang='lat' dir='ltr'>extractum,</span> <span class='ocrx_word' id='word_1_147' title='bbox 3529 926 3660 965; x_wconf 83' lang='lat' dir='ltr'>cum</span> <span class='ocrx_word' id='word_1_148' title='bbox 3710 927 3804 966; x_wconf 86' lang='lat' dir='ltr'>ca-</span> 
     </span>
    </p>
   </div>
   <div class='ocr_carea' id='block_1_23' title="bbox 2154 993 3803 1066">
    <p class='ocr_par' dir='ltr' id='par_1_23' title="bbox 2154 993 3803 1066">
     <span class='ocr_line' id='line_1_23' title="bbox 2154 993 3803 1066; baseline 0.004 -18"><span class='ocrx_word' id='word_1_149' title='bbox 2154 993 2304 1048; x_wconf 88' lang='lat' dir='ltr'>melo</span> <span class='ocrx_word' id='word_1_150' title='bbox 2337 995 2569 1048; x_wconf 89' lang='lat' dir='ltr'>cuidam</span> <span class='ocrx_word' id='word_1_151' title='bbox 2603 994 2962 1066; x_wconf 87' lang='lat' dir='ltr'>alligassent,</span> <span class='ocrx_word' id='word_1_152' title='bbox 3007 1001 3064 1050; x_wconf 89' lang='lat' dir='ltr'>et</span> <span class='ocrx_word' id='word_1_153' title='bbox 3119 995 3380 1052; x_wconf 84' lang='lat' dir='ltr'>camelus</span> <span class='ocrx_word' id='word_1_154' title='bbox 3414 997 3580 1053; x_wconf 89' lang='lat' dir='ltr'>illum</span> <span class='ocrx_word' id='word_1_155' title='bbox 3636 999 3803 1054; x_wconf 88' lang='lat' dir='ltr'><strong>vehe-</strong></span> 
     </span>
    </p>
   </div>
   <div class='ocr_carea' id='block_1_24' title="bbox 2154 1083 3804 1157">
    <p class='ocr_par' dir='ltr' id='par_1_24' title="bbox 2154 1083 3804 1157">
     <span class='ocr_line' id='line_1_24' title="bbox 2154 1083 3804 1157; baseline 0.004 -21"><span class='ocrx_word' id='word_1_156' title='bbox 2154 1088 2380 1138; x_wconf 86' lang='lat' dir='ltr'>menter</span> <span class='ocrx_word' id='word_1_157' title='bbox 2411 1083 2753 1139; x_wconf 89' lang='lat' dir='ltr'>dilaniasset</span> <span class='ocrx_word' id='word_1_158' title='bbox 2777 1090 2833 1139; x_wconf 92' lang='lat' dir='ltr'>et</span> <span class='ocrx_word' id='word_1_159' title='bbox 2881 1085 3269 1152; x_wconf 79' lang='lat' dir='ltr'>distraxisset,</span> <span class='ocrx_word' id='word_1_160' title='bbox 3322 1087 3704 1157; x_wconf 86' lang='lat' dir='ltr'>comportatis</span> <span class='ocrx_word' id='word_1_161' title='bbox 3733 1088 3804 1142; x_wconf 91' lang='lat' dir='ltr'>li-</span> 
     </span>
    </p>
   </div>
   <div class='ocr_carea' id='block_1_25' title="bbox 2153 1171 3804 1245">
    <p class='ocr_par' dir='ltr' id='par_1_25' title="bbox 2153 1171 3804 1245">
     <span class='ocr_line' id='line_1_25' title="bbox 2153 1171 3804 1245; baseline 0.004 -21"><span class='ocrx_word' id='word_1_162' title='bbox 2153 1171 2283 1241; x_wconf 90' lang='lat' dir='ltr'>gnis</span> <span class='ocrx_word' id='word_1_163' title='bbox 2314 1171 2536 1237; x_wconf 91' lang='lat' dir='ltr'>multis,</span> <span class='ocrx_word' id='word_1_164' title='bbox 2571 1173 2952 1244; x_wconf 88' lang='lat' dir='ltr'>omniumque</span> <span class='ocrx_word' id='word_1_165' title='bbox 2999 1174 3110 1228; x_wconf 85' lang='lat' dir='ltr'>sub</span> <span class='ocrx_word' id='word_1_166' title='bbox 3153 1179 3468 1245; x_wconf 89' lang='lat' dir='ltr'>conspectu</span> <span class='ocrx_word' id='word_1_167' title='bbox 3521 1192 3804 1231; x_wconf 89' lang='lat' dir='ltr'>succenso</span> 
     </span>
    </p>
   </div>
   <div class='ocr_carea' id='block_1_26' title="bbox 2152 1261 3806 1335">
    <p class='ocr_par' dir='ltr' id='par_1_26' title="bbox 2152 1261 3806 1335">
     <span class='ocr_line' id='line_1_26' title="bbox 2152 1261 3806 1335; baseline 0.003 -21"><span class='ocrx_word' id='word_1_168' title='bbox 2152 1261 2286 1333; x_wconf 87' lang='lat' dir='ltr'>igne</span> <span class='ocrx_word' id='word_1_169' title='bbox 2317 1277 2450 1315; x_wconf 92' lang='lat' dir='ltr'>eum</span> <span class='ocrx_word' id='word_1_170' title='bbox 2486 1279 2602 1316; x_wconf 90' lang='lat' dir='ltr'>una</span> <span class='ocrx_word' id='word_1_171' title='bbox 2633 1279 2765 1317; x_wconf 91' lang='lat' dir='ltr'>cum</span> <span class='ocrx_word' id='word_1_172' title='bbox 2798 1261 3020 1317; x_wconf 87' lang='lat' dir='ltr'>camelo</span> <span class='ocrx_word' id='word_1_173' title='bbox 3073 1263 3466 1318; x_wconf 89' lang='lat' dir='ltr'>combussere.</span> <span class='ocrx_word' id='word_1_174' title='bbox 3507 1266 3694 1335; x_wconf 85' lang='lat' dir='ltr'>Atque</span> <span class='ocrx_word' id='word_1_175' title='bbox 3726 1265 3806 1320; x_wconf 90' lang='lat' dir='ltr'>ita</span> 
     </span>
    </p>
   </div>
   <div class='ocr_carea' id='block_1_27' title="bbox 2153 1350 3803 1421">
    <p class='ocr_par' dir='ltr' id='par_1_27' title="bbox 2153 1350 3803 1421">
     <span class='ocr_line' id='line_1_27' title="bbox 2153 1350 3803 1421; baseline 0.002 -17"><span class='ocrx_word' id='word_1_176' title='bbox 2153 1367 2270 1404; x_wconf 92' lang='lat' dir='ltr'>uno</span> <span class='ocrx_word' id='word_1_177' title='bbox 2301 1350 2502 1421; x_wconf 89' lang='lat' dir='ltr'>utique</span> <span class='ocrx_word' id='word_1_178' title='bbox 2536 1351 2730 1417; x_wconf 90' lang='lat' dir='ltr'>modo,</span> <span class='ocrx_word' id='word_1_179' title='bbox 2773 1351 2950 1406; x_wconf 88' lang='lat' dir='ltr'>variis</span> <span class='ocrx_word' id='word_1_180' title='bbox 3001 1356 3196 1405; x_wconf 89' lang='lat' dir='ltr'>tamen</span> <span class='ocrx_word' id='word_1_181' title='bbox 3254 1351 3325 1404; x_wconf 91' lang='lat' dir='ltr'>de</span> <span class='ocrx_word' id='word_1_182' title='bbox 3383 1351 3599 1421; x_wconf 86' lang='lat' dir='ltr'>causis,</span> <span class='ocrx_word' id='word_1_183' title='bbox 3646 1353 3803 1408; x_wconf 83' lang='lat' dir='ltr'>beati</span> 
     </span>
    </p>
   </div>
   <div class='ocr_carea' id='block_1_28' title="bbox 2153 1437 3801 1510">
    <p class='ocr_par' dir='ltr' id='par_1_28' title="bbox 2153 1437 3801 1510">
     <span class='ocr_line' id='line_1_28' title="bbox 2153 1437 3801 1510; baseline 0.002 -18"><span class='ocrx_word' id='word_1_184' title='bbox 2153 1438 2390 1510; x_wconf 89' lang='lat' dir='ltr'>quidem</span> <span class='ocrx_word' id='word_1_185' title='bbox 2424 1437 2507 1492; x_wconf 91' lang='lat' dir='ltr'>illi</span> <span class='ocrx_word' id='word_1_186' title='bbox 2544 1438 2692 1493; x_wconf 73' lang='lat' dir='ltr'>felici</span> <span class='ocrx_word' id='word_1_187' title='bbox 2725 1439 2900 1503; x_wconf 83' lang='lat' dir='ltr'>exitu,</span> <span class='ocrx_word' id='word_1_188' title='bbox 2939 1439 3030 1493; x_wconf 89' lang='lat' dir='ltr'>hic</span> <span class='ocrx_word' id='word_1_189' title='bbox 3065 1457 3197 1494; x_wconf 89' lang='lat' dir='ltr'>vero</span> <span class='ocrx_word' id='word_1_190' title='bbox 3230 1440 3408 1495; x_wconf 90' lang='lat' dir='ltr'>miser</span> <span class='ocrx_word' id='word_1_191' title='bbox 3447 1439 3686 1506; x_wconf 84' lang='lat' dir='ltr'>infelici,</span> <span class='ocrx_word' id='word_1_192' title='bbox 3718 1441 3801 1496; x_wconf 89' lang='lat' dir='ltr'>vi-</span> 
     </span>
    </p>
   </div>
   <div class='ocr_carea' id='block_1_29' title="bbox 2152 1529 3802 1601">
    <p class='ocr_par' dir='ltr' id='par_1_29' title="bbox 2152 1529 3802 1601">
     <span class='ocr_line' id='line_1_29' title="bbox 2152 1529 3802 1601; baseline 0.002 -19"><span class='ocrx_word' id='word_1_193' title='bbox 2152 1531 2273 1582; x_wconf 89' lang='lat' dir='ltr'>tam</span> <span class='ocrx_word' id='word_1_194' title='bbox 2307 1545 2439 1582; x_wconf 89' lang='lat' dir='ltr'>cum</span> <span class='ocrx_word' id='word_1_195' title='bbox 2474 1534 2658 1583; x_wconf 88' lang='lat' dir='ltr'>morte</span> <span class='ocrx_word' id='word_1_196' title='bbox 2689 1533 3148 1590; x_wconf 88' lang='lat' dir='ltr'>commutarunt.</span> <span class='ocrx_word' id='word_1_197' title='bbox 3184 1530 3251 1584; x_wconf 87' lang='lat' dir='ltr'>Et</span> <span class='ocrx_word' id='word_1_198' title='bbox 3266 1529 3388 1584; x_wconf 83' lang='lat' dir='ltr'>haec</span> <span class='ocrx_word' id='word_1_199' title='bbox 3418 1529 3655 1601; x_wconf 88' lang='lat' dir='ltr'>quidem</span> <span class='ocrx_word' id='word_1_200' title='bbox 3687 1529 3802 1586; x_wconf 90' lang='lat' dir='ltr'>illis</span> 
     </span>
    </p>
   </div>
   <div class='ocr_carea' id='block_1_30' title="bbox 2153 1616 2432 1672">
    <p class='ocr_par' dir='ltr' id='par_1_30' title="bbox 2153 1616 2432 1672">
     <span class='ocr_line' id='line_1_30' title="bbox 2153 1616 2432 1672; baseline 0 0"><span class='ocrx_word' id='word_1_201' title='bbox 2153 1616 2432 1672; x_wconf 88' lang='lat' dir='ltr'>accidere.</span> 
     </span>
    </p>
   </div>
   <div class='ocr_carea' id='block_1_31' title="bbox 449 1878 2058 1988">
    <p class='ocr_par' dir='ltr' id='par_1_31' title="bbox 449 1878 2039 1988">
     <span class='ocr_line' id='line_1_31' title="bbox 449 1878 2039 1955; baseline 0.004 -21"><span class='ocrx_word' id='word_1_202' title='bbox 449 1884 542 1936; x_wconf 89' lang='grc'>25.</span> <span class='ocrx_word' id='word_1_203' title='bbox 578 1879 874 1944; x_wconf 84' lang='grc' dir='ltr'>Ἰουλιανὸς</span> <span class='ocrx_word' id='word_1_204' title='bbox 925 1878 982 1936; x_wconf 76' lang='grc' dir='ltr'>δὲ</span> <span class='ocrx_word' id='word_1_205' title='bbox 1029 1886 1125 1937; x_wconf 88' lang='grc' dir='ltr'>τοῦ</span> <span class='ocrx_word' id='word_1_206' title='bbox 1173 1883 1374 1944; x_wconf 85' lang='grc' dir='ltr'>παντὸς</span> <span class='ocrx_word' id='word_1_207' title='bbox 1423 1881 1566 1938; x_wconf 71' lang='grc' dir='ltr'>οὕτω</span> <span class='ocrx_word' id='word_1_208' title='bbox 1625 1883 1820 1955; x_wconf 84' lang='grc' dir='ltr'>Κύριος</span> <span class='ocrx_word' id='word_1_209' title='bbox 1880 1905 2039 1940; x_wconf 85' lang='grc' dir='ltr'>κατα-</span> 
     </span>
     <span class='ocr_line' id='line_1_32' title="bbox 460 1971 1974 1988; baseline 0 0"><span class='ocrx_word' id='word_1_210' title='bbox 460 1971 474 1988; x_wconf 58' lang='grc' dir='ltr'><strong>κ</strong></span> <span class='ocrx_word' id='word_1_211' title='bbox 657 1971 670 1988; x_wconf 66' lang='grc' dir='ltr'>ι</span> <span class='ocrx_word' id='word_1_212' title='bbox 734 1973 748 1988; x_wconf 64' lang='grc' dir='ltr'><strong>ν</strong></span> <span class='ocrx_word' id='word_1_213' title='bbox 898 1971 908 1988; x_wconf 86' lang='grc'>.</span> <span class='ocrx_word' id='word_1_214' title='bbox 1137 1973 1150 1988; x_wconf 58' lang='grc' dir='ltr'><strong>ε</strong></span> <span class='ocrx_word' id='word_1_215' title='bbox 1238 1978 1275 1988; x_wconf 59' lang='grc' dir='ltr'>,ν</span> <span class='ocrx_word' id='word_1_216' title='bbox 1535 1971 1546 1988; x_wconf 74' lang='grc' dir='ltr'>ι</span> <span class='ocrx_word' id='word_1_217' title='bbox 1764 1974 1805 1988; x_wconf 74' lang='grc' dir='ltr'>η.</span> <span class='ocrx_word' id='word_1_218' title='bbox 1951 1971 1974 1988; x_wconf 72' lang='grc' dir='ltr'>,ο</span> 
     </span>
    </p>
   </div>
   <div class='ocr_carea' id='block_1_32' title="bbox 2151 1878 3800 1988">
    <p class='ocr_par' dir='ltr' id='par_1_32' title="bbox 2220 1885 3800 1960">
     <span class='ocr_line' id='line_1_33' title="bbox 2220 1885 3800 1960; baseline 0.004 -22"><span class='ocrx_word' id='word_1_219' title='bbox 2220 1885 2307 1940; x_wconf 82' lang='grc'>25.</span> <span class='ocrx_word' id='word_1_220' title='bbox 2341 1885 2612 1941; x_wconf 89' lang='lat' dir='ltr'>Julianus</span> <span class='ocrx_word' id='word_1_221' title='bbox 2644 1903 2816 1958; x_wconf 88' lang='lat' dir='ltr'>porro</span> <span class='ocrx_word' id='word_1_222' title='bbox 2871 1887 3138 1942; x_wconf 89' lang='lat' dir='ltr'>omnium</span> <span class='ocrx_word' id='word_1_223' title='bbox 3199 1887 3477 1944; x_wconf 90' lang='lat' dir='ltr'>dominus</span> <span class='ocrx_word' id='word_1_224' title='bbox 3534 1905 3600 1944; x_wconf 93' lang='lat' dir='ltr'>eo</span> <span class='ocrx_word' id='word_1_225' title='bbox 3631 1893 3800 1960; x_wconf 80' lang='lat' dir='ltr'>pacto</span> 
     </span>
    </p>
   </div>
   <div class='ocr_carea' id='block_1_33' title="bbox 386 1971 2036 2050">
    <p class='ocr_par' dir='ltr' id='par_1_33' title="bbox 386 1971 2036 2050">
     <span class='ocr_line' id='line_1_34' title="bbox 386 1971 2036 2050; baseline 0.002 -26"><span class='ocrx_word' id='word_1_226' title='bbox 386 1971 536 2040; x_wconf 72' lang='grc' dir='ltr'>στὰς,</span> <span class='ocrx_word' id='word_1_227' title='bbox 583 1971 672 2025; x_wconf 87' lang='grc' dir='ltr'>καὶ</span> <span class='ocrx_word' id='word_1_228' title='bbox 723 1971 1035 2045; x_wconf 72' lang='grc' dir='ltr'>ἀνατρέπειν</span> <span class='ocrx_word' id='word_1_229' title='bbox 1093 1973 1190 2034; x_wconf 76' lang='grc' dir='ltr'>τὰς</span> <span class='ocrx_word' id='word_1_230' title='bbox 1238 1971 1613 2027; x_wconf 83' lang='grc' dir='ltr'>Κωνσταντίου</span> <span class='ocrx_word' id='word_1_231' title='bbox 1669 1974 1888 2050; x_wconf 82' lang='grc' dir='ltr'>πράξεις</span> <span class='ocrx_word' id='word_1_232' title='bbox 1950 1971 2036 2050; x_wconf 78' lang='grc' dir='ltr'>ἔρ-</span> 
     </span>
    </p>
   </div>
   <div class='ocr_carea' id='block_1_34' title="bbox 393 2056 2043 2139">
    <p class='ocr_par' dir='ltr' id='par_1_34' title="bbox 393 2056 2043 2139">
     <span class='ocr_line' id='line_1_35' title="bbox 393 2056 2043 2139; baseline 0.003 -26"><span class='ocrx_word' id='word_1_233' title='bbox 393 2080 490 2134; x_wconf 93' lang='grc' dir='ltr'>γον</span> <span class='ocrx_word' id='word_1_234' title='bbox 539 2059 891 2134; x_wconf 76' lang='grc' dir='ltr'>ποιούμενος,</span> <span class='ocrx_word' id='word_1_235' title='bbox 948 2056 1088 2135; x_wconf 81' lang='grc' dir='ltr'>ἔγνω</span> <span class='ocrx_word' id='word_1_236' title='bbox 1135 2061 1224 2116; x_wconf 79' lang='grc' dir='ltr'>καὶ</span> <span class='ocrx_word' id='word_1_237' title='bbox 1274 2061 1402 2124; x_wconf 77' lang='grc' dir='ltr'>τοὺς</span> <span class='ocrx_word' id='word_1_238' title='bbox 1453 2061 1503 2116; x_wconf 88' lang='grc' dir='ltr'>ἐν</span> <span class='ocrx_word' id='word_1_239' title='bbox 1553 2063 1865 2139; x_wconf 82' lang='grc' dir='ltr'>ὑπερορίαις</span> <span class='ocrx_word' id='word_1_240' title='bbox 1918 2065 2043 2118; x_wconf 84' lang='grc' dir='ltr'>ἀνα-</span> 
     </span>
    </p>
   </div>
   <div class='ocr_carea' id='block_1_35' title="bbox 389 2147 2042 2226">
    <p class='ocr_par' dir='ltr' id='par_1_35' title="bbox 389 2147 2042 2226">
     <span class='ocr_line' id='line_1_36' title="bbox 389 2147 2042 2226; baseline 0.002 -23"><span class='ocrx_word' id='word_1_241' title='bbox 389 2147 693 2207; x_wconf 87' lang='grc' dir='ltr'>καλεῖσθαι.</span> <span class='ocrx_word' id='word_1_242' title='bbox 743 2152 911 2226; x_wconf 90' lang='grc' dir='ltr'>Ὅπερ</span> <span class='ocrx_word' id='word_1_243' title='bbox 962 2148 1050 2205; x_wconf 79' lang='grc' dir='ltr'>οῦν</span> <span class='ocrx_word' id='word_1_244' title='bbox 1107 2152 1287 2224; x_wconf 86' lang='grc' dir='ltr'>μαθὼν</span> <span class='ocrx_word' id='word_1_245' title='bbox 1339 2153 1674 2223; x_wconf 76' lang='grc' dir='ltr'>’Δθανάσιος,</span> <span class='ocrx_word' id='word_1_246' title='bbox 1725 2151 1814 2206; x_wconf 78' lang='grc' dir='ltr'>καί</span> <span class='ocrx_word' id='word_1_247' title='bbox 1865 2150 2042 2215; x_wconf 86' lang='grc' dir='ltr'>δείσας</span> 
     </span>
    </p>
   </div>
   <div class='ocr_carea' id='block_1_36' title="bbox 396 2236 2044 2319">
    <p class='ocr_par' dir='ltr' id='par_1_36' title="bbox 396 2236 2044 2319">
     <span class='ocr_line' id='line_1_37' title="bbox 396 2236 2044 2319; baseline 0.003 -27"><span class='ocrx_word' id='word_1_248' title='bbox 396 2240 471 2312; x_wconf 75' lang='grc' dir='ltr'>μή</span> <span class='ocrx_word' id='word_1_249' title='bbox 519 2237 611 2293; x_wconf 71' lang='grc' dir='ltr'>καί</span> <span class='ocrx_word' id='word_1_250' title='bbox 658 2236 952 2296; x_wconf 84' lang='grc' dir='ltr'>Ἰουλιανὸν</span> <span class='ocrx_word' id='word_1_251' title='bbox 1006 2239 1058 2293; x_wconf 77' lang='lat' dir='ltr'>o&#39;i</span> <span class='ocrx_word' id='word_1_252' title='bbox 1095 2247 1197 2310; x_wconf 78' lang='grc' dir='ltr'>τῆς</span> <span class='ocrx_word' id='word_1_253' title='bbox 1247 2241 1457 2316; x_wconf 78' lang='grc' dir='ltr'>Ἀρείου</span> <span class='ocrx_word' id='word_1_254' title='bbox 1507 2240 1701 2318; x_wconf 82' lang='grc' dir='ltr'>μοίρας</span> <span class='ocrx_word' id='word_1_255' title='bbox 1753 2240 2044 2319; x_wconf 75' lang='grc' dir='ltr'>φθάσαντες</span> 
     </span>
    </p>
   </div>
   <div class='ocr_carea' id='block_1_37' title="bbox 391 2325 2042 2404">
    <p class='ocr_par' dir='ltr' id='par_1_37' title="bbox 391 2325 2042 2404">
     <span class='ocr_line' id='line_1_38' title="bbox 391 2325 2042 2404; baseline 0.001 -20"><span class='ocrx_word' id='word_1_256' title='bbox 391 2326 773 2403; x_wconf 68' lang='grc' dir='ltr'>ἐπαγάγωνται</span> <span class='ocrx_word' id='word_1_257' title='bbox 821 2349 834 2364; x_wconf 92' lang='grc'><strong>·</strong></span> <span class='ocrx_word' id='word_1_258' title='bbox 883 2330 1159 2404; x_wconf 80' lang='grc' dir='ltr'>(ἠγνοεῖτο</span> <span class='ocrx_word' id='word_1_259' title='bbox 1217 2330 1320 2404; x_wconf 85' lang='grc' dir='ltr'>γὰρ</span> <span class='ocrx_word' id='word_1_260' title='bbox 1380 2328 1456 2385; x_wconf 80' lang='grc' dir='ltr'>ἔτι</span> <span class='ocrx_word' id='word_1_261' title='bbox 1513 2330 1576 2384; x_wconf 90' lang='grc' dir='ltr'>τὸ</span> <span class='ocrx_word' id='word_1_262' title='bbox 1635 2325 1886 2392; x_wconf 76' lang='grc' dir='ltr'>δυσσεϐὲς</span> <span class='ocrx_word' id='word_1_263' title='bbox 1941 2337 2042 2400; x_wconf 79' lang='grc' dir='ltr'>τῆς</span> 
     </span>
    </p>
   </div>
   <div class='ocr_carea' id='block_1_38' title="bbox 390 2416 2045 2498">
    <p class='ocr_par' dir='ltr' id='par_1_38' title="bbox 390 2416 2045 2498">
     <span class='ocr_line' id='line_1_39' title="bbox 390 2416 2045 2498; baseline 0.001 -25"><span class='ocrx_word' id='word_1_264' title='bbox 390 2417 595 2474; x_wconf 88' lang='grc' dir='ltr'>ἐκείνου</span> <span class='ocrx_word' id='word_1_265' title='bbox 622 2421 806 2494; x_wconf 70' lang='grc' dir='ltr'>ψυχῆς</span> <span class='ocrx_word' id='word_1_266' title='bbox 841 2416 1062 2473; x_wconf 77' lang='grc' dir='ltr'>ἄπιστόν</span> <span class='ocrx_word' id='word_1_267' title='bbox 1091 2440 1148 2473; x_wconf 90' lang='grc' dir='ltr'>τε</span> <span class='ocrx_word' id='word_1_268' title='bbox 1176 2419 1266 2473; x_wconf 84' lang='grc' dir='ltr'>καὶ</span> <span class='ocrx_word' id='word_1_269' title='bbox 1298 2418 1718 2498; x_wconf 76' lang='grc' dir='ltr'>φιλομόχθηρον</span> <span class='ocrx_word' id='word_1_270' title='bbox 1827 2420 1929 2475; x_wconf 81' lang='grc' dir='ltr'>ὑπὸ</span> <span class='ocrx_word' id='word_1_271' title='bbox 1957 2421 2045 2475; x_wconf 84' lang='grc' dir='ltr'>νύ-</span> 
     </span>
    </p>
   </div>
   <div class='ocr_carea' id='block_1_39' title="bbox 386 2507 2041 2588">
    <p class='ocr_par' dir='ltr' id='par_1_39' title="bbox 386 2507 2041 2588">
     <span class='ocr_line' id='line_1_40' title="bbox 386 2507 2041 2588; baseline 0.001 -25"><span class='ocrx_word' id='word_1_272' title='bbox 386 2529 488 2563; x_wconf 92' lang='grc' dir='ltr'>κτα</span> <span class='ocrx_word' id='word_1_273' title='bbox 515 2512 612 2564; x_wconf 90' lang='grc' dir='ltr'>τοῦ</span> <span class='ocrx_word' id='word_1_274' title='bbox 662 2509 813 2564; x_wconf 85' lang='grc' dir='ltr'>οἷ’κου</span> <span class='ocrx_word' id='word_1_275' title='bbox 864 2510 1075 2583; x_wconf 85' lang='grc' dir='ltr'>βαθεῖαν</span> <span class='ocrx_word' id='word_1_276' title='bbox 1113 2509 1342 2586; x_wconf 84' lang='grc' dir='ltr'>ἀπάρας,</span> <span class='ocrx_word' id='word_1_277' title='bbox 1396 2510 1483 2588; x_wconf 77' lang='grc' dir='ltr'>ἀφ’</span> <span class='ocrx_word' id='word_1_278' title='bbox 1528 2509 1589 2564; x_wconf 79' lang='grc' dir='ltr'>οὗ</span> <span class='ocrx_word' id='word_1_279' title='bbox 1637 2507 2041 2588; x_wconf 72' lang='grc' dir='ltr'>πεφυγάδευτο,</span> 
     </span>
    </p>
   </div>
   <div class='ocr_carea' id='block_1_40' title="bbox 391 2595 2041 2676">
    <p class='ocr_par' dir='ltr' id='par_1_40' title="bbox 391 2595 2041 2676">
     <span class='ocr_line' id='line_1_41' title="bbox 391 2595 2041 2676; baseline 0.002 -24"><span class='ocrx_word' id='word_1_280' title='bbox 391 2596 442 2652; x_wconf 90' lang='grc' dir='ltr'>ἐν</span> <span class='ocrx_word' id='word_1_281' title='bbox 488 2595 754 2669; x_wconf 78' lang='grc' dir='ltr'>ἐκκλησίᾳ</span> <span class='ocrx_word' id='word_1_282' title='bbox 814 2599 948 2672; x_wconf 84' lang='grc' dir='ltr'>μέσῃ</span> <span class='ocrx_word' id='word_1_283' title='bbox 996 2602 1064 2673; x_wconf 81' lang='grc' dir='ltr'>τῇ</span> <span class='ocrx_word' id='word_1_284' title='bbox 1113 2603 1220 2653; x_wconf 91' lang='grc' dir='ltr'>τῶν</span> <span class='ocrx_word' id='word_1_285' title='bbox 1273 2596 1669 2674; x_wconf 82' lang='grc' dir='ltr'>’Δλεξανδρέων</span> <span class='ocrx_word' id='word_1_286' title='bbox 1721 2599 2041 2676; x_wconf 80' lang='grc' dir='ltr'>εὑρίσκεται.</span> 
     </span>
    </p>
   </div>
   <div class='ocr_carea' id='block_1_41' title="bbox 387 2685 2043 2762">
    <p class='ocr_par' dir='ltr' id='par_1_41' title="bbox 387 2685 2043 2762">
     <span class='ocr_line' id='line_1_42' title="bbox 387 2685 2043 2762; baseline 0.002 -21"><span class='ocrx_word' id='word_1_287' title='bbox 387 2687 448 2741; x_wconf 86' lang='grc' dir='ltr'>Τί</span> <span class='ocrx_word' id='word_1_288' title='bbox 481 2685 539 2742; x_wconf 74' lang='grc' dir='ltr'>ἄν</span> <span class='ocrx_word' id='word_1_289' title='bbox 569 2709 654 2749; x_wconf 94' lang='grc' dir='ltr'>τις</span> <span class='ocrx_word' id='word_1_290' title='bbox 704 2685 892 2758; x_wconf 80' lang='grc' dir='ltr'>διεξίοι</span> <span class='ocrx_word' id='word_1_291' title='bbox 940 2689 1006 2742; x_wconf 72' lang='grc' dir='ltr'>τὰ</span> <span class='ocrx_word' id='word_1_292' title='bbox 1066 2686 1151 2743; x_wconf 72' lang='grc' dir='ltr'>ἐπὶ</span> <span class='ocrx_word' id='word_1_293' title='bbox 1197 2688 1413 2750; x_wconf 76' lang='grc' dir='ltr'>τούτοις</span> <span class='ocrx_word' id='word_1_294' title='bbox 1464 2688 1662 2758; x_wconf 81' lang='grc' dir='ltr'>;ὅπως</span> <span class='ocrx_word' id='word_1_295' title='bbox 1721 2689 1814 2762; x_wconf 76' lang='grc' dir='ltr'>μὲν</span> <span class='ocrx_word' id='word_1_296' title='bbox 1865 2687 2043 2759; x_wconf 76' lang='grc' dir='ltr'>ἡδέως</span> 
     </span>
    </p>
   </div>
   <div class='ocr_carea' id='block_1_42' title="bbox 391 2775 2045 2848">
    <p class='ocr_par' dir='ltr' id='par_1_42' title="bbox 391 2775 2045 2848">
     <span class='ocr_line' id='line_1_43' title="bbox 391 2775 2045 2848; baseline 0.001 -16"><span class='ocrx_word' id='word_1_297' title='bbox 391 2776 548 2832; x_wconf 79' lang='grc' dir='ltr'>αὐτὸν</span> <span class='ocrx_word' id='word_1_298' title='bbox 612 2777 914 2848; x_wconf 81' lang='grc' dir='ltr'>ἐθεάσαντο,</span> <span class='ocrx_word' id='word_1_299' title='bbox 973 2776 1124 2840; x_wconf 77' lang='grc' dir='ltr'>ὅπως</span> <span class='ocrx_word' id='word_1_300' title='bbox 1185 2775 1242 2832; x_wconf 71' lang='grc' dir='ltr'>δὲ</span> <span class='ocrx_word' id='word_1_301' title='bbox 1295 2781 1431 2833; x_wconf 76' lang='grc' dir='ltr'>κατὰ</span> <span class='ocrx_word' id='word_1_302' title='bbox 1483 2779 1604 2834; x_wconf 87' lang='grc' dir='ltr'>θέαν</span> <span class='ocrx_word' id='word_1_303' title='bbox 1660 2777 1865 2833; x_wconf 89' lang='grc' dir='ltr'>ἐκείνου</span> <span class='ocrx_word' id='word_1_304' title='bbox 1914 2800 2045 2834; x_wconf 90' lang='grc' dir='ltr'>παν-</span> 
     </span>
    </p>
   </div>
   <div class='ocr_carea' id='block_1_43' title="bbox 388 2865 2044 2944">
    <p class='ocr_par' dir='ltr' id='par_1_43' title="bbox 388 2865 2044 2944">
     <span class='ocr_line' id='line_1_44' title="bbox 388 2865 2044 2944; baseline 0.001 -24"><span class='ocrx_word' id='word_1_305' title='bbox 388 2865 618 2941; x_wconf 88' lang='grc' dir='ltr'>ταχόθεν</span> <span class='ocrx_word' id='word_1_306' title='bbox 665 2867 1009 2942; x_wconf 80' lang='grc' dir='ltr'>ἠθροίζοντο,</span> <span class='ocrx_word' id='word_1_307' title='bbox 1057 2868 1084 2922; x_wconf 89' lang='grc' dir='ltr'>ὁ</span> <span class='ocrx_word' id='word_1_308' title='bbox 1137 2865 1369 2944; x_wconf 82' lang='grc' dir='ltr'>κλῆρος,</span> <span class='ocrx_word' id='word_1_309' title='bbox 1403 2871 1437 2937; x_wconf 77' lang='grc' dir='ltr'><strong>ἡ</strong></span> <span class='ocrx_word' id='word_1_310' title='bbox 1478 2866 1663 2938; x_wconf 85' lang='grc' dir='ltr'>πόλις,</span> <span class='ocrx_word' id='word_1_311' title='bbox 1699 2869 1726 2922; x_wconf 91' lang='lat'>6</span> <span class='ocrx_word' id='word_1_312' title='bbox 1759 2866 1957 2942; x_wconf 79' lang='grc' dir='ltr'>δῆμος,</span> <span class='ocrx_word' id='word_1_313' title='bbox 1994 2869 2044 2921; x_wconf 71' lang='grc' dir='ltr'>οἱ</span> 
     </span>
    </p>
   </div>
   <div class='ocr_carea' id='block_1_44' title="bbox 395 2955 2042 3032">
    <p class='ocr_par' dir='ltr' id='par_1_44' title="bbox 395 2955 2042 3032">
     <span class='ocr_line' id='line_1_45' title="bbox 395 2955 2042 3032; baseline 0.002 -24"><span class='ocrx_word' id='word_1_314' title='bbox 395 2956 488 3029; x_wconf 71' lang='grc' dir='ltr'>μὲν</span> <span class='ocrx_word' id='word_1_315' title='bbox 520 2957 735 3032; x_wconf 81' lang='grc' dir='ltr'>θερμῶς</span> <span class='ocrx_word' id='word_1_316' title='bbox 769 2956 1214 3032; x_wconf 77' lang='grc' dir='ltr'>εὐχαριστοῦντες</span> <span class='ocrx_word' id='word_1_317' title='bbox 1261 2963 1362 3026; x_wconf 78' lang='grc' dir='ltr'>τῆς</span> <span class='ocrx_word' id='word_1_318' title='bbox 1413 2955 1698 3029; x_wconf 85' lang='grc' dir='ltr'>ἐπανόδου,</span> <span class='ocrx_word' id='word_1_319' title='bbox 1751 2959 1804 3011; x_wconf 76' lang='grc' dir='ltr'>οἱ</span> <span class='ocrx_word' id='word_1_320' title='bbox 1854 2955 1911 3012; x_wconf 75' lang='grc' dir='ltr'>δὲ</span> <span class='ocrx_word' id='word_1_321' title='bbox 1951 2957 2042 3012; x_wconf 86' lang='grc' dir='ltr'>τὸν</span> 
     </span>
    </p>
   </div>
   <div class='ocr_carea' id='block_1_45' title="bbox 393 3043 2042 3120">
    <p class='ocr_par' dir='ltr' id='par_1_45' title="bbox 393 3043 2042 3120">
     <span class='ocr_line' id='line_1_46' title="bbox 393 3043 2042 3120; baseline 0.002 -23"><span class='ocrx_word' id='word_1_322' title='bbox 393 3043 588 3118; x_wconf 70' lang='grc' dir='ltr'>μεταξὺ</span> <span class='ocrx_word' id='word_1_323' title='bbox 639 3044 840 3120; x_wconf 86' lang='grc' dir='ltr'>χρόνον</span> <span class='ocrx_word' id='word_1_324' title='bbox 897 3043 1332 3120; x_wconf 88' lang='grc' dir='ltr'>διεγκαλοῦντες,</span> <span class='ocrx_word' id='word_1_325' title='bbox 1390 3047 1480 3101; x_wconf 82' lang='grc' dir='ltr'>καὶ</span> <span class='ocrx_word' id='word_1_326' title='bbox 1525 3049 1626 3116; x_wconf 80' lang='grc' dir='ltr'>τὴν</span> <span class='ocrx_word' id='word_1_327' title='bbox 1690 3047 1888 3120; x_wconf 81' lang='grc' dir='ltr'>ζημίαν</span> <span class='ocrx_word' id='word_1_328' title='bbox 1948 3047 2042 3101; x_wconf 82' lang='grc' dir='ltr'>αύ-</span> 
     </span>
    </p>
   </div>
   <div class='ocr_carea' id='block_1_46' title="bbox 387 3133 2043 3214">
    <p class='ocr_par' dir='ltr' id='par_1_46' title="bbox 387 3133 2043 3214">
     <span class='ocr_line' id='line_1_47' title="bbox 387 3133 2043 3214; baseline 0.002 -26"><span class='ocrx_word' id='word_1_329' title='bbox 387 3137 467 3206; x_wconf 80' lang='grc' dir='ltr'>τῷ</span> <span class='ocrx_word' id='word_1_330' title='bbox 525 3133 615 3188; x_wconf 85' lang='grc' dir='ltr'>καὶ</span> <span class='ocrx_word' id='word_1_331' title='bbox 654 3135 754 3204; x_wconf 72' lang='grc' dir='ltr'>τὴν</span> <span class='ocrx_word' id='word_1_332' title='bbox 807 3135 1057 3212; x_wconf 86' lang='grc' dir='ltr'>στέρησιν</span> <span class='ocrx_word' id='word_1_333' title='bbox 1111 3133 1486 3205; x_wconf 84' lang='grc' dir='ltr'>ὀνειδίζοντες.</span> <span class='ocrx_word' id='word_1_334' title='bbox 1541 3136 1673 3191; x_wconf 75' lang='grc' dir='ltr'>Εἶτα</span> <span class='ocrx_word' id='word_1_335' title='bbox 1712 3137 1893 3214; x_wconf 86' lang='grc' dir='ltr'>ὥσπερ</span> <span class='ocrx_word' id='word_1_336' title='bbox 1925 3138 2043 3191; x_wconf 78' lang='grc' dir='ltr'>ἱκα-</span> 
     </span>
    </p>
   </div>
   <div class='ocr_carea' id='block_1_47' title="bbox 387 3223 2042 3301">
    <p class='ocr_par' dir='ltr' id='par_1_47' title="bbox 387 3223 2042 3301">
     <span class='ocr_line' id='line_1_48' title="bbox 387 3223 2042 3301; baseline 0 -22"><span class='ocrx_word' id='word_1_337' title='bbox 387 3225 485 3294; x_wconf 89' lang='grc' dir='ltr'>νήν</span> <span class='ocrx_word' id='word_1_338' title='bbox 512 3244 632 3278; x_wconf 91' lang='grc' dir='ltr'>τινα</span> <span class='ocrx_word' id='word_1_339' title='bbox 661 3224 839 3278; x_wconf 88' lang='grc' dir='ltr'>πίστιν</span> <span class='ocrx_word' id='word_1_340' title='bbox 891 3231 993 3294; x_wconf 82' lang='grc' dir='ltr'>τῆς</span> <span class='ocrx_word' id='word_1_341' title='bbox 1037 3225 1172 3301; x_wconf 88' lang='grc' dir='ltr'>πρὸς</span> <span class='ocrx_word' id='word_1_342' title='bbox 1224 3224 1380 3279; x_wconf 83' lang='grc' dir='ltr'>αὐτὸν</span> <span class='ocrx_word' id='word_1_343' title='bbox 1431 3223 1642 3287; x_wconf 82' lang='grc' dir='ltr'>εὐνοίας</span> <span class='ocrx_word' id='word_1_344' title='bbox 1686 3225 2042 3301; x_wconf 84' lang='grc' dir='ltr'>παρέχοντες,</span> 
     </span>
    </p>
   </div>
   <div class='ocr_carea' id='block_1_48' title="bbox 389 3285 2117 3387">
    <p class='ocr_par' dir='ltr' id='par_1_48' title="bbox 389 3285 2117 3387">
     <span class='ocr_line' id='line_1_49' title="bbox 389 3285 2117 3387; baseline 0.001 -21"><span class='ocrx_word' id='word_1_345' title='bbox 389 3309 578 3375; x_wconf 83' lang='grc' dir='ltr'>ἄλλως</span> <span class='ocrx_word' id='word_1_346' title='bbox 607 3332 666 3367; x_wconf 88' lang='grc' dir='ltr'>τε</span> <span class='ocrx_word' id='word_1_347' title='bbox 693 3310 752 3368; x_wconf 73' lang='grc' dir='ltr'>δὲ</span> <span class='ocrx_word' id='word_1_348' title='bbox 797 3313 887 3367; x_wconf 82' lang='grc' dir='ltr'>καὶ</span> <span class='ocrx_word' id='word_1_349' title='bbox 934 3313 1036 3368; x_wconf 86' lang='grc' dir='ltr'>ἀπὸ</span> <span class='ocrx_word' id='word_1_350' title='bbox 1088 3313 1260 3386; x_wconf 88' lang='grc' dir='ltr'>μόνης</span> <span class='ocrx_word' id='word_1_351' title='bbox 1293 3319 1395 3383; x_wconf 81' lang='grc' dir='ltr'>τῆς</span> <span class='ocrx_word' id='word_1_352' title='bbox 1431 3317 1528 3368; x_wconf 87' lang='grc' dir='ltr'>τοῦ</span> <span class='ocrx_word' id='word_1_353' title='bbox 1557 3311 1728 3368; x_wconf 83' lang='grc' dir='ltr'>καλοῦ</span> <span class='ocrx_word' id='word_1_354' title='bbox 1781 3313 2044 3387; x_wconf 82' lang='grc' dir='ltr'>ποιμένος</span> <span class='ocrx_word' id='word_1_355' title='bbox 2075 3285 2117 3353; x_wconf 78' lang='lat' dir='ltr'>C</span> 
     </span>
    </p>
   </div>
   <div class='ocr_carea' id='block_1_49' title="bbox 389 3399 2042 3479">
    <p class='ocr_par' dir='ltr' id='par_1_49' title="bbox 389 3399 2042 3479">
     <span class='ocr_line' id='line_1_50' title="bbox 389 3399 2042 3479; baseline 0.001 -23"><span class='ocrx_word' id='word_1_356' title='bbox 389 3399 596 3457; x_wconf 87' lang='grc' dir='ltr'>ἐκείνου</span> <span class='ocrx_word' id='word_1_357' title='bbox 643 3401 942 3478; x_wconf 87' lang='grc' dir='ltr'>παρουσίας</span> <span class='ocrx_word' id='word_1_358' title='bbox 994 3403 1222 3479; x_wconf 86' lang='grc' dir='ltr'>θάρσους</span> <span class='ocrx_word' id='word_1_359' title='bbox 1270 3399 1523 3474; x_wconf 79' lang='grc' dir='ltr'>ἔμπλεοι,</span> <span class='ocrx_word' id='word_1_360' title='bbox 1575 3403 1673 3466; x_wconf 72' lang='grc' dir='ltr'>τὰς</span> <span class='ocrx_word' id='word_1_361' title='bbox 1721 3404 1903 3478; x_wconf 77' lang='grc' dir='ltr'>ψυχὰς</span> <span class='ocrx_word' id='word_1_362' title='bbox 1949 3425 2042 3458; x_wconf 89' lang='grc' dir='ltr'>κα-</span> 
     </span>
    </p>
   </div>
   <div class='ocr_carea' id='block_1_50' title="bbox 384 3489 2041 3566">
    <p class='ocr_par' dir='ltr' id='par_1_50' title="bbox 384 3489 2041 3566">
     <span class='ocr_line' id='line_1_51' title="bbox 384 3489 2041 3566; baseline 0 -19"><span class='ocrx_word' id='word_1_363' title='bbox 384 3491 672 3554; x_wconf 86' lang='grc' dir='ltr'>ταστάντες</span> <span class='ocrx_word' id='word_1_364' title='bbox 707 3490 989 3562; x_wconf 89' lang='grc' dir='ltr'>ἐξωθοῦσιν</span> <span class='ocrx_word' id='word_1_365' title='bbox 1044 3491 1235 3547; x_wconf 81' lang='grc' dir='ltr'>αὐτίκα</span> <span class='ocrx_word' id='word_1_366' title='bbox 1286 3489 1434 3566; x_wconf 84' lang='grc' dir='ltr'>μάλα</span> <span class='ocrx_word' id='word_1_367' title='bbox 1478 3490 1606 3554; x_wconf 77' lang='grc' dir='ltr'>τοὺς</span> <span class='ocrx_word' id='word_1_368' title='bbox 1653 3493 2041 3563; x_wconf 80' lang='grc' dir='ltr'>’Δρειανιστάς,</span> 
     </span>
    </p>
   </div>
   <div class='ocr_carea' id='block_1_51' title="bbox 386 3579 2040 3657">
    <p class='ocr_par' dir='ltr' id='par_1_51' title="bbox 386 3579 2040 3657">
     <span class='ocr_line' id='line_1_52' title="bbox 386 3579 2040 3657; baseline 0.002 -21"><span class='ocrx_word' id='word_1_369' title='bbox 386 3579 477 3636; x_wconf 78' lang='grc' dir='ltr'>καὶ</span> <span class='ocrx_word' id='word_1_370' title='bbox 507 3583 608 3651; x_wconf 83' lang='grc' dir='ltr'>τήν</span> <span class='ocrx_word' id='word_1_371' title='bbox 639 3579 803 3636; x_wconf 87' lang='grc' dir='ltr'>πόλιν</span> <span class='ocrx_word' id='word_1_372' title='bbox 833 3581 1157 3655; x_wconf 88' lang='grc' dir='ltr'>Ἀθανασίῳ,</span> <span class='ocrx_word' id='word_1_373' title='bbox 1206 3580 1296 3636; x_wconf 84' lang='grc' dir='ltr'>καί</span> <span class='ocrx_word' id='word_1_374' title='bbox 1345 3579 1567 3643; x_wconf 68' lang='grc' dir='ltr'>ἑαυτοὺς</span> <span class='ocrx_word' id='word_1_375' title='bbox 1620 3579 2040 3657; x_wconf 83' lang='grc' dir='ltr'>ἐγχειρίζουσιν.</span> 
     </span>
    </p>
   </div>
   <div class='ocr_carea' id='block_1_52' title="bbox 388 3667 2041 3748">
    <p class='ocr_par' dir='ltr' id='par_1_52' title="bbox 388 3667 2041 3748">
     <span class='ocr_line' id='line_1_53' title="bbox 388 3667 2041 3748; baseline 0.002 -25"><span class='ocrx_word' id='word_1_376' title='bbox 388 3670 452 3723; x_wconf 80' lang='lat' dir='ltr'>0i</span> <span class='ocrx_word' id='word_1_377' title='bbox 483 3667 561 3744; x_wconf 71' lang='grc' dir='ltr'>δὲ,</span> <span class='ocrx_word' id='word_1_378' title='bbox 592 3670 682 3724; x_wconf 82' lang='grc' dir='ltr'>καὶ</span> <span class='ocrx_word' id='word_1_379' title='bbox 734 3669 907 3733; x_wconf 72' lang='grc' dir='ltr'>οὕτως</span> <span class='ocrx_word' id='word_1_380' title='bbox 941 3670 1185 3748; x_wconf 70' lang='grc' dir='ltr'>αἰσχρῶς</span> <span class='ocrx_word' id='word_1_381' title='bbox 1233 3667 1612 3744; x_wconf 85' lang='grc' dir='ltr'>ἐλαυνόμενοι,</span> <span class='ocrx_word' id='word_1_382' title='bbox 1660 3670 1750 3725; x_wconf 85' lang='grc' dir='ltr'>καὶ</span> <span class='ocrx_word' id='word_1_383' title='bbox 1783 3671 1860 3733; x_wconf 83' lang='grc' dir='ltr'>εἷς</span> <span class='ocrx_word' id='word_1_384' title='bbox 1914 3670 2041 3748; x_wconf 88' lang='grc' dir='ltr'>ἐρή-</span> 
     </span>
    </p>
   </div>
   <div class='ocr_carea' id='block_1_53' title="bbox 391 3759 2041 3835">
    <p class='ocr_par' dir='ltr' id='par_1_53' title="bbox 391 3759 2041 3835">
     <span class='ocr_line' id='line_1_54' title="bbox 391 3759 2041 3835; baseline 0 -21"><span class='ocrx_word' id='word_1_385' title='bbox 391 3780 526 3832; x_wconf 86' lang='grc' dir='ltr'>μους</span> <span class='ocrx_word' id='word_1_386' title='bbox 583 3759 786 3822; x_wconf 87' lang='grc' dir='ltr'>τόπους</span> <span class='ocrx_word' id='word_1_387' title='bbox 842 3761 993 3822; x_wconf 79' lang='grc' dir='ltr'>τινάς</span> <span class='ocrx_word' id='word_1_388' title='bbox 1054 3760 1448 3834; x_wconf 80' lang='grc' dir='ltr'>καὶ.ἀσήμους</span> <span class='ocrx_word' id='word_1_389' title='bbox 1505 3759 2041 3835; x_wconf 86' lang='grc' dir='ltr'>κατακρυπτόμενοι,</span> 
     </span>
    </p>
   </div>
   <div class='ocr_carea' id='block_1_54' title="bbox 387 3845 2047 3922">
    <p class='ocr_par' dir='ltr' id='par_1_54' title="bbox 387 3845 2047 3922">
     <span class='ocr_line' id='line_1_55' title="bbox 387 3845 2047 3922; baseline 0.002 -20"><span class='ocrx_word' id='word_1_390' title='bbox 387 3845 513 3904; x_wconf 77' lang='grc' dir='ltr'>οὐδὲ</span> <span class='ocrx_word' id='word_1_391' title='bbox 544 3847 687 3903; x_wconf 67' lang='grc' dir='ltr'>οὕτω</span> <span class='ocrx_word' id='word_1_392' title='bbox 733 3855 836 3918; x_wconf 80' lang='grc' dir='ltr'>τῆς</span> <span class='ocrx_word' id='word_1_393' title='bbox 889 3848 1082 3922; x_wconf 85' lang='grc' dir='ltr'>μανίας</span> <span class='ocrx_word' id='word_1_394' title='bbox 1129 3847 1341 3920; x_wconf 86' lang='grc' dir='ltr'>ἐκείνης</span> <span class='ocrx_word' id='word_1_395' title='bbox 1384 3847 1474 3904; x_wconf 72' lang='grc' dir='ltr'>καί</span> <span class='ocrx_word' id='word_1_396' title='bbox 1518 3856 1620 3918; x_wconf 84' lang='grc' dir='ltr'>τῆς</span> <span class='ocrx_word' id='word_1_397' title='bbox 1671 3847 1874 3919; x_wconf 86' lang='grc' dir='ltr'>λύττης</span> <span class='ocrx_word' id='word_1_398' title='bbox 1921 3851 2047 3905; x_wconf 83' lang='grc' dir='ltr'>ἀπέ-</span> 
     </span>
    </p>
   </div>
   <div class='ocr_carea' id='block_1_55' title="bbox 388 3935 2044 4018">
    <p class='ocr_par' dir='ltr' id='par_1_55' title="bbox 388 3935 2044 4018">
     <span class='ocr_line' id='line_1_56' title="bbox 388 3935 2044 4018; baseline 0.001 -26"><span class='ocrx_word' id='word_1_399' title='bbox 388 3937 586 4014; x_wconf 85' lang='grc' dir='ltr'>ληγον,</span> <span class='ocrx_word' id='word_1_400' title='bbox 620 3935 766 3993; x_wconf 79' lang='grc' dir='ltr'>ἀλλὰ</span> <span class='ocrx_word' id='word_1_401' title='bbox 794 3938 884 3993; x_wconf 82' lang='grc' dir='ltr'>καὶ</span> <span class='ocrx_word' id='word_1_402' title='bbox 939 3938 1217 4013; x_wconf 88' lang='grc' dir='ltr'>Γεωργίου</span> <span class='ocrx_word' id='word_1_403' title='bbox 1269 3937 1444 4007; x_wconf 81' lang='grc' dir='ltr'>δίκας,</span> <span class='ocrx_word' id='word_1_404' title='bbox 1494 3939 1569 4001; x_wconf 87' lang='grc' dir='ltr'>ὡς</span> <span class='ocrx_word' id='word_1_405' title='bbox 1600 3936 1708 4009; x_wconf 66' lang='grc' dir='ltr'>ἤδη</span> <span class='ocrx_word' id='word_1_406' title='bbox 1752 3941 2044 4018; x_wconf 74' lang='grc' dir='ltr'>φθάσαντες</span> 
     </span>
    </p>
   </div>
   <div class='ocr_carea' id='block_1_56' title="bbox 389 4023 2043 4104">
    <p class='ocr_par' dir='ltr' id='par_1_56' title="bbox 389 4023 2043 4104">
     <span class='ocr_line' id='line_1_57' title="bbox 389 4023 2043 4104; baseline 0.001 -22"><span class='ocrx_word' id='word_1_407' title='bbox 389 4023 636 4101; x_wconf 65' lang='grc' dir='ltr'>εἴπομεν,</span> <span class='ocrx_word' id='word_1_408' title='bbox 672 4026 1012 4104; x_wconf 83' lang='grc' dir='ltr'>ὑποσχόντος</span> <span class='ocrx_word' id='word_1_409' title='bbox 1042 4027 1213 4098; x_wconf 80' lang='grc' dir='ltr'>ἀξίας,</span> <span class='ocrx_word' id='word_1_410' title='bbox 1252 4027 1482 4082; x_wconf 77' lang='grc' dir='ltr'>Λούκιον</span> <span class='ocrx_word' id='word_1_411' title='bbox 1534 4028 1744 4090; x_wconf 74' lang='grc' dir='ltr'>ἑαυτοῖς</span> <span class='ocrx_word' id='word_1_412' title='bbox 1798 4030 2043 4084; x_wconf 86' lang='grc' dir='ltr'>ἀντικαθ-</span> 
     </span>
    </p>
   </div>
   <div class='ocr_carea' id='block_1_57' title="bbox 393 4115 2045 4194">
    <p class='ocr_par' dir='ltr' id='par_1_57' title="bbox 393 4115 2045 4194">
     <span class='ocr_line' id='line_1_58' title="bbox 393 4115 2045 4194; baseline 0.002 -24"><span class='ocrx_word' id='word_1_413' title='bbox 393 4121 611 4185; x_wconf 86' lang='grc' dir='ltr'>ιστῶσι,</span> <span class='ocrx_word' id='word_1_414' title='bbox 663 4117 755 4171; x_wconf 82' lang='grc' dir='ltr'>καὶ</span> <span class='ocrx_word' id='word_1_415' title='bbox 807 4123 978 4171; x_wconf 81' lang='grc' dir='ltr'>πᾶσαν</span> <span class='ocrx_word' id='word_1_416' title='bbox 1041 4117 1129 4171; x_wconf 85' lang='grc' dir='ltr'>ὑπ’</span> <span class='ocrx_word' id='word_1_417' title='bbox 1184 4115 1330 4189; x_wconf 82' lang='grc' dir='ltr'>αύτῷ</span> <span class='ocrx_word' id='word_1_418' title='bbox 1388 4115 1553 4172; x_wconf 87' lang='grc' dir='ltr'>πάλιν</span> <span class='ocrx_word' id='word_1_419' title='bbox 1610 4119 1709 4188; x_wconf 78' lang='grc' dir='ltr'>τὴν</span> <span class='ocrx_word' id='word_1_420' title='bbox 1768 4118 1892 4194; x_wconf 84' lang='grc' dir='ltr'>περὶ</span> <span class='ocrx_word' id='word_1_421' title='bbox 1948 4119 2045 4180; x_wconf 74' lang='grc' dir='ltr'>τὰς</span> 
     </span>
    </p>
   </div>
   <div class='ocr_carea' id='block_1_58' title="bbox 385 4203 2044 4282">
    <p class='ocr_par' dir='ltr' id='par_1_58' title="bbox 385 4203 2044 4282">
     <span class='ocr_line' id='line_1_59' title="bbox 385 4203 2044 4282; baseline 0.001 -22"><span class='ocrx_word' id='word_1_422' title='bbox 385 4207 619 4282; x_wconf 74' lang='grc' dir='ltr'>αἱρέσεις</span> <span class='ocrx_word' id='word_1_423' title='bbox 669 4203 910 4275; x_wconf 78' lang='grc' dir='ltr'>σπουδὴν</span> <span class='ocrx_word' id='word_1_424' title='bbox 971 4205 1332 4280; x_wconf 83' lang='grc' dir='ltr'>ἐπανάγουσι,</span> <span class='ocrx_word' id='word_1_425' title='bbox 1382 4205 1634 4260; x_wconf 89' lang='grc' dir='ltr'>τοιούτου</span> <span class='ocrx_word' id='word_1_426' title='bbox 1679 4206 1864 4269; x_wconf 81' lang='grc' dir='ltr'>αὐτοῖς</span> <span class='ocrx_word' id='word_1_427' title='bbox 1909 4227 2044 4282; x_wconf 89' lang='grc' dir='ltr'>προ-</span> 
     </span>
    </p>
   </div>
   <div class='ocr_carea' id='block_1_59' title="bbox 386 4289 2044 4371">
    <p class='ocr_par' dir='ltr' id='par_1_59' title="bbox 386 4289 2044 4371">
     <span class='ocr_line' id='line_1_60' title="bbox 386 4289 2044 4371; baseline 0 -21"><span class='ocrx_word' id='word_1_428' title='bbox 386 4299 616 4358; x_wconf 77' lang='grc' dir='ltr'>εστῶτος</span> <span class='ocrx_word' id='word_1_429' title='bbox 651 4293 947 4350; x_wconf 83' lang='grc' dir='ltr'>ἐπισκόπου</span> <span class='ocrx_word' id='word_1_430' title='bbox 998 4295 1096 4368; x_wconf 87' lang='lat' dir='ltr'>(b),</span> <span class='ocrx_word' id='word_1_431' title='bbox 1138 4297 1208 4368; x_wconf 78' lang='grc' dir='ltr'>τῇ</span> <span class='ocrx_word' id='word_1_432' title='bbox 1261 4289 1477 4366; x_wconf 83' lang='grc' dir='ltr'>ἀσεϐείᾳ</span> <span class='ocrx_word' id='word_1_433' title='bbox 1506 4296 1596 4349; x_wconf 81' lang='grc' dir='ltr'>καὶ</span> <span class='ocrx_word' id='word_1_434' title='bbox 1637 4294 1887 4368; x_wconf 85' lang='grc' dir='ltr'>ὠμότητι</span> <span class='ocrx_word' id='word_1_435' title='bbox 1918 4297 2044 4371; x_wconf 88' lang='grc' dir='ltr'>παρ’</span> 
     </span>
    </p>
   </div>
   <div class='ocr_carea' id='block_1_60' title="bbox 386 4381 2044 4458">
    <p class='ocr_par' dir='ltr' id='par_1_60' title="bbox 386 4381 2044 4458">
     <span class='ocr_line' id='line_1_61' title="bbox 386 4381 2044 4458; baseline -0.001 -19"><span class='ocrx_word' id='word_1_436' title='bbox 386 4381 592 4440; x_wconf 83' lang='grc' dir='ltr'>ἐκείνου</span> <span class='ocrx_word' id='word_1_437' title='bbox 644 4381 916 4458; x_wconf 85' lang='grc' dir='ltr'>μηδαμῶς</span> <span class='ocrx_word' id='word_1_438' title='bbox 965 4383 1313 4453; x_wconf 81' lang='grc' dir='ltr'>ἡττηθέντος.</span> <span class='ocrx_word' id='word_1_439' title='bbox 1370 4388 1475 4437; x_wconf 84' lang='grc' dir='ltr'>Νῦν</span> <span class='ocrx_word' id='word_1_440' title='bbox 1542 4384 1638 4457; x_wconf 71' lang='grc' dir='ltr'>μὲν</span> <span class='ocrx_word' id='word_1_441' title='bbox 1700 4384 1791 4438; x_wconf 79' lang='grc' dir='ltr'>οὖν</span> <span class='ocrx_word' id='word_1_442' title='bbox 1840 4385 1908 4440; x_wconf 74' lang='grc' dir='ltr'>τὰ</span> <span class='ocrx_word' id='word_1_443' title='bbox 1948 4390 2044 4440; x_wconf 87' lang='grc' dir='ltr'>τοῦ</span> 
     </span>
    </p>
   </div>
   <div class='ocr_carea' id='block_1_61' title="bbox 386 4468 2042 4550">
    <p class='ocr_par' dir='ltr' id='par_1_61' title="bbox 386 4468 2042 4550">
     <span class='ocr_line' id='line_1_62' title="bbox 386 4468 2042 4550; baseline 0 -22"><span class='ocrx_word' id='word_1_444' title='bbox 386 4469 612 4538; x_wconf 87' lang='grc' dir='ltr'>ἀσεϐοῦς</span> <span class='ocrx_word' id='word_1_445' title='bbox 663 4471 966 4530; x_wconf 90' lang='grc' dir='ltr'>Ἰουλιανοῦ</span> <span class='ocrx_word' id='word_1_446' title='bbox 1007 4475 1166 4545; x_wconf 78' lang='grc' dir='ltr'>κακὰ,</span> <span class='ocrx_word' id='word_1_447' title='bbox 1219 4473 1310 4528; x_wconf 81' lang='grc' dir='ltr'>καὶ</span> <span class='ocrx_word' id='word_1_448' title='bbox 1356 4474 1455 4542; x_wconf 75' lang='grc' dir='ltr'>τὴν</span> <span class='ocrx_word' id='word_1_449' title='bbox 1513 4468 1756 4529; x_wconf 88' lang='grc' dir='ltr'>ἀσέϐειαν</span> <span class='ocrx_word' id='word_1_450' title='bbox 1812 4473 1862 4528; x_wconf 85' lang='grc' dir='ltr'>ἐν</span> <span class='ocrx_word' id='word_1_451' title='bbox 1904 4495 2042 4550; x_wconf 87' lang='grc' dir='ltr'>παρ-</span> 
     </span>
    </p>
   </div>
   <div class='ocr_carea' id='block_1_62' title="bbox 385 4560 2043 4640">
    <p class='ocr_par' dir='ltr' id='par_1_62' title="bbox 385 4560 2043 4640">
     <span class='ocr_line' id='line_1_63' title="bbox 385 4560 2043 4640; baseline 0 -22"><span class='ocrx_word' id='word_1_452' title='bbox 385 4560 496 4638; x_wconf 86' lang='grc' dir='ltr'>όδῳ</span> <span class='ocrx_word' id='word_1_453' title='bbox 537 4565 565 4618; x_wconf 90' lang='lat'>6</span> <span class='ocrx_word' id='word_1_454' title='bbox 596 4561 767 4640; x_wconf 88' lang='grc' dir='ltr'>λόγος</span> <span class='ocrx_word' id='word_1_455' title='bbox 817 4561 1080 4634; x_wconf 74' lang='grc' dir='ltr'>δηλώσει,</span> <span class='ocrx_word' id='word_1_456' title='bbox 1132 4563 1386 4636; x_wconf 82' lang='grc' dir='ltr'>προσθεὶς</span> <span class='ocrx_word' id='word_1_457' title='bbox 1435 4562 1526 4616; x_wconf 83' lang='grc' dir='ltr'>καὶ</span> <span class='ocrx_word' id='word_1_458' title='bbox 1573 4563 1642 4618; x_wconf 76' lang='grc' dir='ltr'>τὰ</span> <span class='ocrx_word' id='word_1_459' title='bbox 1668 4567 1764 4617; x_wconf 91' lang='grc' dir='ltr'>τοῦ</span> <span class='ocrx_word' id='word_1_460' title='bbox 1800 4561 2043 4638; x_wconf 89' lang='grc' dir='ltr'>μεγάλου</span> 
     </span>
    </p>
   </div>
   <div class='ocr_carea' id='block_1_63' title="bbox 2155 1975 3805 2041">
    <p class='ocr_par' dir='ltr' id='par_1_63' title="bbox 2155 1975 3805 2041">
     <span class='ocr_line' id='line_1_64' title="bbox 2155 1975 3805 2041; baseline 0.003 -12"><span class='ocrx_word' id='word_1_461' title='bbox 2155 1975 2532 2041; x_wconf 86' lang='lat' dir='ltr'>constitutus,</span> <span class='ocrx_word' id='word_1_462' title='bbox 2567 1993 2699 2031; x_wconf 91' lang='lat' dir='ltr'>cum</span> <span class='ocrx_word' id='word_1_463' title='bbox 2734 1977 3038 2032; x_wconf 86' lang='lat' dir='ltr'>statuisset</span> <span class='ocrx_word' id='word_1_464' title='bbox 3069 1978 3266 2032; x_wconf 88' lang='lat' dir='ltr'>omnia</span> <span class='ocrx_word' id='word_1_465' title='bbox 3310 1978 3630 2034; x_wconf 89' lang='lat' dir='ltr'>Constantii</span> <span class='ocrx_word' id='word_1_466' title='bbox 3667 1979 3805 2034; x_wconf 89' lang='lat' dir='ltr'>abo-</span> 
     </span>
    </p>
   </div>
   <div class='ocr_carea' id='block_1_64' title="bbox 2153 2055 3804 2138">
    <p class='ocr_par' dir='ltr' id='par_1_64' title="bbox 2153 2055 3804 2138">
     <span class='ocr_line' id='line_1_65' title="bbox 2153 2055 3804 2138; baseline 0.004 -22"><span class='ocrx_word' id='word_1_467' title='bbox 2153 2061 2270 2118; x_wconf 92' lang='lat' dir='ltr'>lere</span> <span class='ocrx_word' id='word_1_468' title='bbox 2301 2069 2448 2130; x_wconf 89' lang='lat' dir='ltr'>acta,</span> <span class='ocrx_word' id='word_1_469' title='bbox 2483 2065 2735 2120; x_wconf 85' lang='lat' dir='ltr'>decrevit</span> <span class='ocrx_word' id='word_1_470' title='bbox 2766 2071 2830 2120; x_wconf 90' lang='lat' dir='ltr'>ut</span> <span class='ocrx_word' id='word_1_471' title='bbox 2860 2066 2897 2120; x_wconf 89' lang='lat' dir='ltr'>ii</span> <span class='ocrx_word' id='word_1_472' title='bbox 2931 2066 3028 2138; x_wconf 92' lang='lat' dir='ltr'>qui</span> <span class='ocrx_word' id='word_1_473' title='bbox 3092 2055 3424 2122; x_wconf 88' lang='lat' dir='ltr'>exsularent</span> <span class='ocrx_word' id='word_1_474' title='bbox 3473 2069 3546 2122; x_wconf 90' lang='lat' dir='ltr'>ab</span> <span class='ocrx_word' id='word_1_475' title='bbox 3600 2067 3804 2123; x_wconf 84' lang='lat' dir='ltr'>exsilio</span> 
     </span>
    </p>
   </div>
   <div class='ocr_carea' id='block_1_65' title="bbox 2155 2155 3806 2221">
    <p class='ocr_par' dir='ltr' id='par_1_65' title="bbox 2155 2155 3806 2221">
     <span class='ocr_line' id='line_1_66' title="bbox 2155 2155 3806 2221; baseline 0.004 -15"><span class='ocrx_word' id='word_1_476' title='bbox 2155 2159 2584 2210; x_wconf 88' lang='lat' dir='ltr'>revocarentur.</span> <span class='ocrx_word' id='word_1_477' title='bbox 2617 2155 2780 2218; x_wconf 89' lang='lat' dir='ltr'>Quod</span> <span class='ocrx_word' id='word_1_478' title='bbox 2809 2171 2942 2209; x_wconf 90' lang='lat' dir='ltr'>cum</span> <span class='ocrx_word' id='word_1_479' title='bbox 2974 2155 3280 2211; x_wconf 89' lang='lat' dir='ltr'>didicisset</span> <span class='ocrx_word' id='word_1_480' title='bbox 3308 2156 3680 2221; x_wconf 84' lang='lat' dir='ltr'>Athanasius,</span> <span class='ocrx_word' id='word_1_481' title='bbox 3714 2173 3806 2212; x_wconf 82' lang='lat' dir='ltr'>ve-</span> 
     </span>
    </p>
   </div>
   <div class='ocr_carea' id='block_1_66' title="bbox 2154 2242 3808 2317">
    <p class='ocr_par' dir='ltr' id='par_1_66' title="bbox 2154 2242 3808 2317">
     <span class='ocr_line' id='line_1_67' title="bbox 2154 2242 3808 2317; baseline 0.002 -21"><span class='ocrx_word' id='word_1_482' title='bbox 2154 2242 2304 2297; x_wconf 89' lang='lat' dir='ltr'>ritus</span> <span class='ocrx_word' id='word_1_483' title='bbox 2326 2259 2397 2297; x_wconf 89' lang='lat' dir='ltr'>ne</span> <span class='ocrx_word' id='word_1_484' title='bbox 2428 2243 2602 2298; x_wconf 87' lang='lat' dir='ltr'>etiam</span> <span class='ocrx_word' id='word_1_485' title='bbox 2631 2243 2933 2299; x_wconf 84' lang='lat' dir='ltr'>Julianum</span> <span class='ocrx_word' id='word_1_486' title='bbox 2965 2243 3162 2300; x_wconf 91' lang='lat' dir='ltr'>Ariani</span> <span class='ocrx_word' id='word_1_487' title='bbox 3194 2244 3526 2314; x_wconf 88' lang='lat' dir='ltr'>abriperent</span> <span class='ocrx_word' id='word_1_488' title='bbox 3556 2247 3808 2317; x_wconf 90' lang='lat' dir='ltr'>(ignora-</span> 
     </span>
    </p>
   </div>
   <div class='ocr_carea' id='block_1_67' title="bbox 2153 2331 3803 2405">
    <p class='ocr_par' dir='ltr' id='par_1_67' title="bbox 2153 2331 3803 2405">
     <span class='ocr_line' id='line_1_68' title="bbox 2153 2331 3803 2405; baseline 0.002 -20"><span class='ocrx_word' id='word_1_489' title='bbox 2153 2331 2255 2386; x_wconf 86' lang='lat' dir='ltr'>bat</span> <span class='ocrx_word' id='word_1_490' title='bbox 2283 2333 2440 2387; x_wconf 90' lang='lat' dir='ltr'>enim</span> <span class='ocrx_word' id='word_1_491' title='bbox 2469 2333 2659 2388; x_wconf 85' lang='lat' dir='ltr'>adhuc</span> <span class='ocrx_word' id='word_1_492' title='bbox 2691 2333 2899 2388; x_wconf 84' lang='lat' dir='ltr'>animae</span> <span class='ocrx_word' id='word_1_493' title='bbox 2927 2332 3085 2388; x_wconf 92' lang='lat' dir='ltr'>illius</span> <span class='ocrx_word' id='word_1_494' title='bbox 3134 2333 3516 2405; x_wconf 88' lang='lat' dir='ltr'>impietatem,</span> <span class='ocrx_word' id='word_1_495' title='bbox 3551 2332 3803 2388; x_wconf 86' lang='lat' dir='ltr'>inﬁdeli-</span> 
     </span>
    </p>
   </div>
   <div class='ocr_carea' id='block_1_68' title="bbox 2153 2421 3797 2494">
    <p class='ocr_par' dir='ltr' id='par_1_68' title="bbox 2153 2421 3797 2494">
     <span class='ocr_line' id='line_1_69' title="bbox 2153 2421 3797 2494; baseline 0.002 -19"><span class='ocrx_word' id='word_1_496' title='bbox 2153 2425 2355 2491; x_wconf 90' lang='lat' dir='ltr'>tatem,</span> <span class='ocrx_word' id='word_1_497' title='bbox 2389 2421 2718 2493; x_wconf 88' lang='lat' dir='ltr'>malitiam),</span> <span class='ocrx_word' id='word_1_498' title='bbox 2754 2423 3003 2478; x_wconf 89' lang='lat' dir='ltr'>obscura</span> <span class='ocrx_word' id='word_1_499' title='bbox 3043 2430 3211 2478; x_wconf 90' lang='lat' dir='ltr'>nocte</span> <span class='ocrx_word' id='word_1_500' title='bbox 3268 2423 3562 2494; x_wconf 85' lang='lat' dir='ltr'>profectus</span> <span class='ocrx_word' id='word_1_501' title='bbox 3621 2423 3797 2478; x_wconf 89' lang='lat' dir='ltr'>domo</span> 
     </span>
    </p>
   </div>
   <div class='ocr_carea' id='block_1_69' title="bbox 2154 2510 3804 2583">
    <p class='ocr_par' dir='ltr' id='par_1_69' title="bbox 2154 2510 3804 2583">
     <span class='ocr_line' id='line_1_70' title="bbox 2154 2510 3804 2583; baseline 0 -17"><span class='ocrx_word' id='word_1_502' title='bbox 2154 2510 2226 2566; x_wconf 87' lang='lat' dir='ltr'>ad</span> <span class='ocrx_word' id='word_1_503' title='bbox 2261 2527 2436 2582; x_wconf 91' lang='lat' dir='ltr'>quam</span> <span class='ocrx_word' id='word_1_504' title='bbox 2485 2512 2850 2583; x_wconf 85' lang='lat' dir='ltr'>cunfugerat,</span> <span class='ocrx_word' id='word_1_505' title='bbox 2909 2511 2968 2566; x_wconf 91' lang='lat' dir='ltr'>in</span> <span class='ocrx_word' id='word_1_506' title='bbox 3030 2512 3222 2567; x_wconf 89' lang='lat' dir='ltr'>media</span> <span class='ocrx_word' id='word_1_507' title='bbox 3278 2511 3804 2568; x_wconf 84' lang='lat' dir='ltr'>Alexandrinorum</span> 
     </span>
    </p>
   </div>
   <div class='ocr_carea' id='block_1_70' title="bbox 2154 2601 3800 2674">
    <p class='ocr_par' dir='ltr' id='par_1_70' title="bbox 2154 2601 3800 2674">
     <span class='ocr_line' id='line_1_71' title="bbox 2154 2601 3800 2674; baseline -0.001 -18"><span class='ocrx_word' id='word_1_508' title='bbox 2154 2601 2402 2656; x_wconf 86' lang='lat' dir='ltr'>ecclesia</span> <span class='ocrx_word' id='word_1_509' title='bbox 2461 2601 2768 2674; x_wconf 88' lang='lat' dir='ltr'>reperitur,</span> <span class='ocrx_word' id='word_1_510' title='bbox 2830 2601 2972 2667; x_wconf 87' lang='lat' dir='ltr'>Quis</span> <span class='ocrx_word' id='word_1_511' title='bbox 3029 2618 3202 2672; x_wconf 88' lang='lat' dir='ltr'>porro</span> <span class='ocrx_word' id='word_1_512' title='bbox 3261 2601 3617 2656; x_wconf 91' lang='lat' dir='ltr'>enarraverit</span> <span class='ocrx_word' id='word_1_513' title='bbox 3672 2617 3800 2672; x_wconf 72' lang='lat' dir='ltr'>quae</span> 
     </span>
    </p>
   </div>
   <div class='ocr_carea' id='block_1_71' title="bbox 2154 2689 3802 2763">
    <p class='ocr_par' dir='ltr' id='par_1_71' title="bbox 2154 2689 3802 2763">
     <span class='ocr_line' id='line_1_72' title="bbox 2154 2689 3802 2763; baseline 0.001 -18"><span class='ocrx_word' id='word_1_514' title='bbox 2154 2697 2281 2746; x_wconf 92' lang='lat' dir='ltr'>tum</span> <span class='ocrx_word' id='word_1_515' title='bbox 2315 2697 2480 2763; x_wconf 88' lang='lat' dir='ltr'>gesta</span> <span class='ocrx_word' id='word_1_516' title='bbox 2511 2696 2651 2746; x_wconf 91' lang='lat' dir='ltr'>sunt</span> <span class='ocrx_word' id='word_1_517' title='bbox 2680 2694 2705 2744; x_wconf 76' lang='lat'>.9</span> <span class='ocrx_word' id='word_1_518' title='bbox 2735 2707 2911 2762; x_wconf 89' lang='lat' dir='ltr'>quam</span> <span class='ocrx_word' id='word_1_519' title='bbox 2945 2690 3192 2746; x_wconf 86' lang='lat' dir='ltr'>libenter</span> <span class='ocrx_word' id='word_1_520' title='bbox 3238 2689 3459 2746; x_wconf 88' lang='lat' dir='ltr'>scilicet</span> <span class='ocrx_word' id='word_1_521' title='bbox 3501 2707 3635 2746; x_wconf 91' lang='lat' dir='ltr'>eum</span> <span class='ocrx_word' id='word_1_522' title='bbox 3667 2707 3802 2746; x_wconf 87' lang='lat' dir='ltr'>con-</span> 
     </span>
    </p>
   </div>
   <div class='ocr_carea' id='block_1_72' title="bbox 2155 2779 3806 2852">
    <p class='ocr_par' dir='ltr' id='par_1_72' title="bbox 2155 2779 3806 2852">
     <span class='ocr_line' id='line_1_73' title="bbox 2155 2779 3806 2852; baseline 0 -16"><span class='ocrx_word' id='word_1_523' title='bbox 2155 2779 2450 2852; x_wconf 85' lang='lat' dir='ltr'>spexerint</span> <span class='ocrx_word' id='word_1_524' title='bbox 2482 2797 2494 2848; x_wconf 95' lang='lat'>;</span> <span class='ocrx_word' id='word_1_525' title='bbox 2529 2781 2822 2852; x_wconf 91' lang='lat' dir='ltr'>quomodo</span> <span class='ocrx_word' id='word_1_526' title='bbox 2853 2781 2922 2835; x_wconf 88' lang='lat' dir='ltr'>ad</span> <span class='ocrx_word' id='word_1_527' title='bbox 2958 2785 3335 2852; x_wconf 89' lang='lat' dir='ltr'>conspectum</span> <span class='ocrx_word' id='word_1_528' title='bbox 3390 2781 3516 2850; x_wconf 89' lang='lat' dir='ltr'>ejus</span> <span class='ocrx_word' id='word_1_529' title='bbox 3547 2779 3806 2850; x_wconf 88' lang='lat' dir='ltr'>undique</span> 
     </span>
    </p>
   </div>
   <div class='ocr_carea' id='block_1_73' title="bbox 2155 2868 3806 2940">
    <p class='ocr_par' dir='ltr' id='par_1_73' title="bbox 2155 2868 3806 2940">
     <span class='ocr_line' id='line_1_74' title="bbox 2155 2868 3806 2940; baseline 0 -16"><span class='ocrx_word' id='word_1_530' title='bbox 2155 2869 2338 2924; x_wconf 87' lang='lat' dir='ltr'>coacti</span> <span class='ocrx_word' id='word_1_531' title='bbox 2370 2869 2510 2935; x_wconf 87' lang='lat' dir='ltr'>sint,</span> <span class='ocrx_word' id='word_1_532' title='bbox 2543 2868 2755 2940; x_wconf 84' lang='lat' dir='ltr'>clerus,</span> <span class='ocrx_word' id='word_1_533' title='bbox 2789 2869 3013 2935; x_wconf 86' lang='lat' dir='ltr'>civitas,</span> <span class='ocrx_word' id='word_1_534' title='bbox 3048 2869 3300 2940; x_wconf 89' lang='lat' dir='ltr'>p0pulus</span> <span class='ocrx_word' id='word_1_535' title='bbox 3333 2887 3345 2925; x_wconf 90' lang='lat'>:</span> <span class='ocrx_word' id='word_1_536' title='bbox 3381 2869 3478 2924; x_wconf 90' lang='lat' dir='ltr'>alii</span> <span class='ocrx_word' id='word_1_537' title='bbox 3510 2886 3576 2924; x_wconf 89' lang='lat' dir='ltr'>ex</span> <span class='ocrx_word' id='word_1_538' title='bbox 3608 2869 3806 2924; x_wconf 89' lang='lat' dir='ltr'>animo</span> 
     </span>
    </p>
   </div>
   <div class='ocr_carea' id='block_1_74' title="bbox 2153 2959 3798 3032">
    <p class='ocr_par' dir='ltr' id='par_1_74' title="bbox 2153 2959 3798 3032">
     <span class='ocr_line' id='line_1_75' title="bbox 2153 2959 3798 3032; baseline 0.001 -20"><span class='ocrx_word' id='word_1_539' title='bbox 2153 2959 2376 3032; x_wconf 88' lang='lat' dir='ltr'>gratias</span> <span class='ocrx_word' id='word_1_540' title='bbox 2407 2964 2645 3031; x_wconf 89' lang='lat' dir='ltr'>agentes</span> <span class='ocrx_word' id='word_1_541' title='bbox 2671 2959 2741 3013; x_wconf 89' lang='lat' dir='ltr'>de</span> <span class='ocrx_word' id='word_1_542' title='bbox 2768 2959 2960 3015; x_wconf 92' lang='lat' dir='ltr'>reditu</span> <span class='ocrx_word' id='word_1_543' title='bbox 2991 2978 3004 3028; x_wconf 90' lang='lat'><strong>;</strong></span> <span class='ocrx_word' id='word_1_544' title='bbox 3035 2959 3133 3013; x_wconf 92' lang='lat' dir='ltr'>alii</span> <span class='ocrx_word' id='word_1_545' title='bbox 3164 2960 3235 3014; x_wconf 91' lang='lat' dir='ltr'>de</span> <span class='ocrx_word' id='word_1_546' title='bbox 3292 2965 3455 3014; x_wconf 88' lang='lat' dir='ltr'>tanta</span> <span class='ocrx_word' id='word_1_547' title='bbox 3512 2975 3678 3014; x_wconf 87' lang='lat' dir='ltr'>mora</span> <span class='ocrx_word' id='word_1_548' title='bbox 3707 2975 3798 3013; x_wconf 91' lang='lat' dir='ltr'>ar-</span> 
     </span>
    </p>
   </div>
   <div class='ocr_carea' id='block_1_75' title="bbox 2154 3049 3802 3120">
    <p class='ocr_par' dir='ltr' id='par_1_75' title="bbox 2154 3049 3802 3120">
     <span class='ocr_line' id='line_1_76' title="bbox 2154 3049 3802 3120; baseline -0.001 -17"><span class='ocrx_word' id='word_1_549' title='bbox 2154 3052 2422 3120; x_wconf 85' lang='lat' dir='ltr'>guentes,</span> <span class='ocrx_word' id='word_1_550' title='bbox 2456 3064 2521 3102; x_wconf 92' lang='lat' dir='ltr'>ac</span> <span class='ocrx_word' id='word_1_551' title='bbox 2555 3049 2839 3103; x_wconf 89' lang='lat' dir='ltr'>damnum</span> <span class='ocrx_word' id='word_1_552' title='bbox 2889 3065 2960 3103; x_wconf 84' lang='lat' dir='ltr'>ex</span> <span class='ocrx_word' id='word_1_553' title='bbox 3000 3049 3128 3120; x_wconf 88' lang='lat' dir='ltr'>ejus</span> <span class='ocrx_word' id='word_1_554' title='bbox 3174 3049 3442 3103; x_wconf 89' lang='lat' dir='ltr'>absentia</span> <span class='ocrx_word' id='word_1_555' title='bbox 3490 3049 3802 3103; x_wconf 90' lang='lat' dir='ltr'>subortum</span> 
     </span>
    </p>
   </div>
   <div class='ocr_carea' id='block_1_76' title="bbox 2096 3131 3796 3210">
    <p class='ocr_par' dir='ltr' id='par_1_76' title="bbox 2096 3131 3796 3210">
     <span class='ocr_line' id='line_1_77' title="bbox 2096 3131 3796 3210; baseline -0.001 -17"><span class='ocrx_word' id='word_1_556' title='bbox 2096 3131 2100 3134; x_wconf 66' lang='grc'><em>’</em></span> <span class='ocrx_word' id='word_1_557' title='bbox 2154 3137 2817 3209; x_wconf 85' lang='lat' dir='ltr'>exprobrantes.Deinde</span> <span class='ocrx_word' id='word_1_558' title='bbox 2849 3138 3017 3208; x_wconf 88' lang='lat' dir='ltr'>quasi</span> <span class='ocrx_word' id='word_1_559' title='bbox 3049 3154 3318 3210; x_wconf 69' lang='lat' dir='ltr'>suaeerga</span> <span class='ocrx_word' id='word_1_560' title='bbox 3349 3137 3516 3192; x_wconf 92' lang='lat' dir='ltr'>illum</span> <span class='ocrx_word' id='word_1_561' title='bbox 3548 3137 3796 3193; x_wconf 89' lang='lat' dir='ltr'>benevo-</span> 
     </span>
    </p>
   </div>
   <div class='ocr_carea' id='block_1_77' title="bbox 2155 3224 3805 3298">
    <p class='ocr_par' dir='ltr' id='par_1_77' title="bbox 2155 3224 3805 3298">
     <span class='ocr_line' id='line_1_78' title="bbox 2155 3224 3805 3298; baseline -0.001 -18"><span class='ocrx_word' id='word_1_562' title='bbox 2155 3225 2346 3281; x_wconf 80' lang='lat' dir='ltr'>lentiae</span> <span class='ocrx_word' id='word_1_563' title='bbox 2383 3227 2528 3281; x_wconf 90' lang='lat' dir='ltr'>satis</span> <span class='ocrx_word' id='word_1_564' title='bbox 2561 3227 2733 3281; x_wconf 84' lang='lat' dir='ltr'>ﬁdem</span> <span class='ocrx_word' id='word_1_565' title='bbox 2768 3227 3060 3291; x_wconf 85' lang='lat' dir='ltr'>fecissent,</span> <span class='ocrx_word' id='word_1_566' title='bbox 3107 3226 3370 3298; x_wconf 86' lang='lat' dir='ltr'>aliasque</span> <span class='ocrx_word' id='word_1_567' title='bbox 3401 3243 3482 3291; x_wconf 85' lang='lat' dir='ltr'>ex_</span> <span class='ocrx_word' id='word_1_568' title='bbox 3515 3226 3640 3282; x_wconf 91' lang='lat' dir='ltr'>sola</span> <span class='ocrx_word' id='word_1_569' title='bbox 3666 3224 3805 3280; x_wconf 90' lang='lat' dir='ltr'>boni</span> 
     </span>
    </p>
   </div>
   <div class='ocr_carea' id='block_1_78' title="bbox 2155 3314 3802 3387">
    <p class='ocr_par' dir='ltr' id='par_1_78' title="bbox 2155 3314 3802 3387">
     <span class='ocr_line' id='line_1_79' title="bbox 2155 3314 3802 3387; baseline 0.001 -19"><span class='ocrx_word' id='word_1_570' title='bbox 2155 3315 2315 3370; x_wconf 91' lang='lat' dir='ltr'>illius</span> <span class='ocrx_word' id='word_1_571' title='bbox 2346 3315 2598 3386; x_wconf 90' lang='lat' dir='ltr'>pastoris</span> <span class='ocrx_word' id='word_1_572' title='bbox 2629 3316 2938 3386; x_wconf 76' lang='lat' dir='ltr'>praesentia</span> <span class='ocrx_word' id='word_1_573' title='bbox 2967 3315 3181 3370; x_wconf 82' lang='lat' dir='ltr'>ﬁducia</span> <span class='ocrx_word' id='word_1_574' title='bbox 3211 3314 3802 3387; x_wconf 82' lang='lat' dir='ltr'>repleti,confirmatis</span> 
     </span>
    </p>
   </div>
   <div class='ocr_carea' id='block_1_79' title="bbox 2154 3403 3808 3476">
    <p class='ocr_par' dir='ltr' id='par_1_79' title="bbox 2154 3403 3808 3476">
     <span class='ocr_line' id='line_1_80' title="bbox 2154 3403 3808 3476; baseline -0.002 -16"><span class='ocrx_word' id='word_1_575' title='bbox 2154 3405 2366 3460; x_wconf 90' lang='lat' dir='ltr'>animis</span> <span class='ocrx_word' id='word_1_576' title='bbox 2402 3404 2846 3476; x_wconf 89' lang='lat' dir='ltr'>quamprimum</span> <span class='ocrx_word' id='word_1_577' title='bbox 2872 3405 3116 3459; x_wconf 87' lang='lat' dir='ltr'>Arianos</span> <span class='ocrx_word' id='word_1_578' title='bbox 3140 3405 3282 3460; x_wconf 92' lang='lat' dir='ltr'>urbe</span> <span class='ocrx_word' id='word_1_579' title='bbox 3303 3403 3808 3475; x_wconf 83' lang='lat' dir='ltr'>pellunt,Athana-</span> 
     </span>
    </p>
   </div>
   <div class='ocr_carea' id='block_1_80' title="bbox 2154 3492 3802 3566">
    <p class='ocr_par' dir='ltr' id='par_1_80' title="bbox 2154 3492 3802 3566">
     <span class='ocr_line' id='line_1_81' title="bbox 2154 3492 3802 3566; baseline -0.001 -17"><span class='ocrx_word' id='word_1_580' title='bbox 2154 3493 2356 3566; x_wconf 91' lang='lat' dir='ltr'>sioque</span> <span class='ocrx_word' id='word_1_581' title='bbox 2387 3493 2682 3548; x_wconf 87' lang='lat' dir='ltr'>civitatem</span> <span class='ocrx_word' id='word_1_582' title='bbox 2713 3510 2778 3548; x_wconf 91' lang='lat' dir='ltr'>ac</span> <span class='ocrx_word' id='word_1_583' title='bbox 2810 3493 3036 3565; x_wconf 85' lang='lat' dir='ltr'>seipsos</span> <span class='ocrx_word' id='word_1_584' title='bbox 3064 3494 3325 3548; x_wconf 88' lang='lat' dir='ltr'>tradunt.</span> <span class='ocrx_word' id='word_1_585' title='bbox 3386 3492 3474 3546; x_wconf 91' lang='lat' dir='ltr'>llli</span> <span class='ocrx_word' id='word_1_586' title='bbox 3505 3508 3658 3558; x_wconf 91' lang='lat' dir='ltr'>vero,</span> <span class='ocrx_word' id='word_1_587' title='bbox 3689 3492 3802 3547; x_wconf 86' lang='lat' dir='ltr'>etsi</span> 
     </span>
    </p>
   </div>
   <div class='ocr_carea' id='block_1_81' title="bbox 2151 3581 3806 3654">
    <p class='ocr_par' dir='ltr' id='par_1_81' title="bbox 2151 3581 3806 3654">
     <span class='ocr_line' id='line_1_82' title="bbox 2151 3581 3806 3654; baseline -0.002 -16"><span class='ocrx_word' id='word_1_588' title='bbox 2151 3583 2234 3638; x_wconf 88' lang='lat' dir='ltr'>ita</span> <span class='ocrx_word' id='word_1_589' title='bbox 2264 3582 2513 3654; x_wconf 89' lang='lat' dir='ltr'>turpiter</span> <span class='ocrx_word' id='word_1_590' title='bbox 2542 3583 2748 3652; x_wconf 89' lang='lat' dir='ltr'>exacti,</span> <span class='ocrx_word' id='word_1_591' title='bbox 2782 3587 2839 3638; x_wconf 93' lang='lat' dir='ltr'>et</span> <span class='ocrx_word' id='word_1_592' title='bbox 2889 3583 2960 3637; x_wconf 89' lang='lat' dir='ltr'>ad</span> <span class='ocrx_word' id='word_1_593' title='bbox 3003 3583 3234 3637; x_wconf 89' lang='lat' dir='ltr'>deserta</span> <span class='ocrx_word' id='word_1_594' title='bbox 3275 3582 3542 3653; x_wconf 71' lang='lat' dir='ltr'>quaedam</span> <span class='ocrx_word' id='word_1_595' title='bbox 3603 3581 3806 3635; x_wconf 91' lang='lat' dir='ltr'>obscu-</span> 
     </span>
    </p>
   </div>
   <div class='ocr_carea' id='block_1_82' title="bbox 2154 3669 3801 3743">
    <p class='ocr_par' dir='ltr' id='par_1_82' title="bbox 2154 3669 3801 3743">
     <span class='ocr_line' id='line_1_83' title="bbox 2154 3669 3801 3743; baseline -0.002 -16"><span class='ocrx_word' id='word_1_596' title='bbox 2154 3687 2335 3742; x_wconf 89' lang='lat' dir='ltr'>raque</span> <span class='ocrx_word' id='word_1_597' title='bbox 2364 3670 2491 3726; x_wconf 91' lang='lat' dir='ltr'>loca</span> <span class='ocrx_word' id='word_1_598' title='bbox 2515 3671 3194 3743; x_wconf 89' lang='lat' dir='ltr'>occultati,nequaquam</span> <span class='ocrx_word' id='word_1_599' title='bbox 3216 3675 3412 3726; x_wconf 90' lang='lat' dir='ltr'>tamen</span> <span class='ocrx_word' id='word_1_600' title='bbox 3444 3669 3801 3725; x_wconf 87' lang='lat' dir='ltr'>destiterunt</span> 
     </span>
    </p>
   </div>
   <div class='ocr_carea' id='block_1_83' title="bbox 2155 3757 3805 3832">
    <p class='ocr_par' dir='ltr' id='par_1_83' title="bbox 2155 3757 3805 3832">
     <span class='ocr_line' id='line_1_84' title="bbox 2155 3757 3805 3832; baseline -0.001 -16"><span class='ocrx_word' id='word_1_601' title='bbox 2155 3777 2189 3816; x_wconf 88' lang='lat' dir='ltr'>a</span> <span class='ocrx_word' id='word_1_602' title='bbox 2219 3760 2413 3815; x_wconf 87' lang='lat' dir='ltr'>furore</span> <span class='ocrx_word' id='word_1_603' title='bbox 2447 3759 2549 3815; x_wconf 90' lang='lat' dir='ltr'>illo</span> <span class='ocrx_word' id='word_1_604' title='bbox 2584 3765 2760 3832; x_wconf 89' lang='lat' dir='ltr'>atque</span> <span class='ocrx_word' id='word_1_605' title='bbox 2791 3760 3043 3826; x_wconf 90' lang='lat' dir='ltr'>insania,</span> <span class='ocrx_word' id='word_1_606' title='bbox 3078 3761 3178 3815; x_wconf 91' lang='lat' dir='ltr'>sed</span> <span class='ocrx_word' id='word_1_607' title='bbox 3239 3758 3449 3814; x_wconf 90' lang='lat' dir='ltr'>etamsi</span> <span class='ocrx_word' id='word_1_608' title='bbox 3499 3757 3805 3830; x_wconf 87' lang='lat' dir='ltr'>Georgius,</span> 
     </span>
    </p>
   </div>
   <div class='ocr_carea' id='block_1_84' title="bbox 2153 3847 3802 3922">
    <p class='ocr_par' dir='ltr' id='par_1_84' title="bbox 2153 3847 3802 3922">
     <span class='ocr_line' id='line_1_85' title="bbox 2153 3847 3802 3922; baseline -0.002 -17"><span class='ocrx_word' id='word_1_609' title='bbox 2153 3849 2239 3906; x_wconf 89' lang='lat' dir='ltr'>uti</span> <span class='ocrx_word' id='word_1_610' title='bbox 2263 3867 2442 3922; x_wconf 90' lang='lat' dir='ltr'>supra</span> <span class='ocrx_word' id='word_1_611' title='bbox 2465 3849 3074 3922; x_wconf 84' lang='lat' dir='ltr'>diximus,condignas</span> <span class='ocrx_word' id='word_1_612' title='bbox 3097 3848 3302 3904; x_wconf 88' lang='lat' dir='ltr'>luisset</span> <span class='ocrx_word' id='word_1_613' title='bbox 3324 3847 3802 3920; x_wconf 84' lang='lat' dir='ltr'>pcenas,Lucium</span> 
     </span>
    </p>
   </div>
   <div class='ocr_carea' id='block_1_85' title="bbox 2155 3935 3803 4009">
    <p class='ocr_par' dir='ltr' id='par_1_85' title="bbox 2155 3935 3803 4009">
     <span class='ocr_line' id='line_1_86' title="bbox 2155 3935 3803 4009; baseline -0.002 -15"><span class='ocrx_word' id='word_1_614' title='bbox 2155 3937 2270 3994; x_wconf 86' lang='lat' dir='ltr'>sibi</span> <span class='ocrx_word' id='word_1_615' title='bbox 2299 3937 2569 4009; x_wconf 86' lang='lat' dir='ltr'>ejusloco</span> <span class='ocrx_word' id='word_1_616' title='bbox 2596 3939 3048 4005; x_wconf 88' lang='lat' dir='ltr'>constituunt,et</span> <span class='ocrx_word' id='word_1_617' title='bbox 3080 3955 3286 3993; x_wconf 89' lang='lat' dir='ltr'>rursus</span> <span class='ocrx_word' id='word_1_618' title='bbox 3306 3938 3414 3992; x_wconf 92' lang='lat' dir='ltr'>sub</span> <span class='ocrx_word' id='word_1_619' title='bbox 3445 3935 3547 3992; x_wconf 89' lang='lat' dir='ltr'>illo</span> <span class='ocrx_word' id='word_1_620' title='bbox 3569 3952 3803 3992; x_wconf 89' lang='lat' dir='ltr'>omnem</span> 
     </span>
    </p>
   </div>
   <div class='ocr_carea' id='block_1_86' title="bbox 2155 4024 3806 4100">
    <p class='ocr_par' dir='ltr' id='par_1_86' title="bbox 2155 4024 3806 4100">
     <span class='ocr_line' id='line_1_87' title="bbox 2155 4024 3806 4100; baseline -0.003 -16"><span class='ocrx_word' id='word_1_621' title='bbox 2155 4044 2390 4100; x_wconf 90' lang='lat' dir='ltr'>operam</span> <span class='ocrx_word' id='word_1_622' title='bbox 2424 4027 2632 4082; x_wconf 70' lang='lat' dir='ltr'>haeresi</span> <span class='ocrx_word' id='word_1_623' title='bbox 2663 4032 2896 4096; x_wconf 85' lang='lat' dir='ltr'>navant,</span> <span class='ocrx_word' id='word_1_624' title='bbox 2930 4027 3105 4083; x_wconf 86' lang='lat' dir='ltr'>talem</span> <span class='ocrx_word' id='word_1_625' title='bbox 3137 4027 3294 4082; x_wconf 89' lang='lat' dir='ltr'>nacti</span> <span class='ocrx_word' id='word_1_626' title='bbox 3335 4024 3666 4098; x_wconf 68' lang='lat' dir='ltr'>praesulem,</span> <span class='ocrx_word' id='word_1_627' title='bbox 3699 4041 3806 4080; x_wconf 89' lang='lat' dir='ltr'>nec</span> 
     </span>
    </p>
   </div>
   <div class='ocr_carea' id='block_1_87' title="bbox 2156 4112 3805 4187">
    <p class='ocr_par' dir='ltr' id='par_1_87' title="bbox 2156 4112 3805 4187">
     <span class='ocr_line' id='line_1_88' title="bbox 2156 4112 3805 4187; baseline -0.003 -15"><span class='ocrx_word' id='word_1_628' title='bbox 2156 4116 2381 4172; x_wconf 89' lang='lat' dir='ltr'>malitia</span> <span class='ocrx_word' id='word_1_629' title='bbox 2410 4133 2516 4171; x_wconf 90' lang='lat' dir='ltr'>nec</span> <span class='ocrx_word' id='word_1_630' title='bbox 2547 4115 2848 4187; x_wconf 87' lang='lat' dir='ltr'>impietate</span> <span class='ocrx_word' id='word_1_631' title='bbox 2877 4115 2958 4170; x_wconf 92' lang='lat' dir='ltr'>illi</span> <span class='ocrx_word' id='word_1_632' title='bbox 2993 4115 3482 4171; x_wconf 74' lang='lat' dir='ltr'>inferioremJam</span> <span class='ocrx_word' id='word_1_633' title='bbox 3518 4113 3681 4186; x_wconf 91' lang='lat' dir='ltr'>impii</span> <span class='ocrx_word' id='word_1_634' title='bbox 3703 4112 3805 4168; x_wconf 88' lang='lat' dir='ltr'>Ju-</span> 
     </span>
    </p>
   </div>
   <div class='ocr_carea' id='block_1_88' title="bbox 2153 4204 3809 4277">
    <p class='ocr_par' dir='ltr' id='par_1_88' title="bbox 2153 4204 3809 4277">
     <span class='ocr_line' id='line_1_89' title="bbox 2153 4204 3809 4277; baseline -0.004 -15"><span class='ocrx_word' id='word_1_635' title='bbox 2153 4206 2294 4262; x_wconf 90' lang='lat' dir='ltr'>liani</span> <span class='ocrx_word' id='word_1_636' title='bbox 2333 4205 2491 4260; x_wconf 87' lang='lat' dir='ltr'>mala</span> <span class='ocrx_word' id='word_1_637' title='bbox 2536 4206 2722 4261; x_wconf 90' lang='lat' dir='ltr'>obiter</span> <span class='ocrx_word' id='word_1_638' title='bbox 2779 4206 3160 4277; x_wconf 88' lang='lat' dir='ltr'>attingamus,</span> <span class='ocrx_word' id='word_1_639' title='bbox 3217 4204 3684 4275; x_wconf 84' lang='lat' dir='ltr'>adjiciamusque</span> <span class='ocrx_word' id='word_1_640' title='bbox 3740 4218 3809 4256; x_wconf 90' lang='lat' dir='ltr'>ea</span> 
     </span>
    </p>
   </div>
   <div class='ocr_carea' id='block_1_89' title="bbox 2155 4289 3809 4368">
    <p class='ocr_par' dir='ltr' id='par_1_89' title="bbox 2155 4289 3809 4368">
     <span class='ocr_line' id='line_1_90' title="bbox 2155 4289 3809 4368; baseline -0.004 -18"><span class='ocrx_word' id='word_1_641' title='bbox 2155 4296 2374 4368; x_wconf 89' lang='lat' dir='ltr'>quibus</span> <span class='ocrx_word' id='word_1_642' title='bbox 2404 4293 2492 4349; x_wconf 89' lang='lat' dir='ltr'>vir</span> <span class='ocrx_word' id='word_1_643' title='bbox 2521 4294 2616 4350; x_wconf 91' lang='lat' dir='ltr'>ille</span> <span class='ocrx_word' id='word_1_644' title='bbox 2645 4312 2895 4366; x_wconf 90' lang='lat' dir='ltr'>magnus</span> <span class='ocrx_word' id='word_1_645' title='bbox 2941 4294 3192 4349; x_wconf 79' lang='lat' dir='ltr'>afﬂictus</span> <span class='ocrx_word' id='word_1_646' title='bbox 3243 4298 3353 4359; x_wconf 90' lang='lat' dir='ltr'>est,</span> <span class='ocrx_word' id='word_1_647' title='bbox 3386 4293 3554 4363; x_wconf 86' lang='lat' dir='ltr'>cujus</span> <span class='ocrx_word' id='word_1_648' title='bbox 3587 4289 3809 4347; x_wconf 91' lang='lat' dir='ltr'>scilicet</span> 
     </span>
    </p>
   </div>
   <div class='ocr_carea' id='block_1_90' title="bbox 2153 4381 3807 4455">
    <p class='ocr_par' dir='ltr' id='par_1_90' title="bbox 2153 4381 3807 4455">
     <span class='ocr_line' id='line_1_91' title="bbox 2153 4381 3807 4455; baseline -0.003 -17"><span class='ocrx_word' id='word_1_649' title='bbox 2153 4384 2274 4440; x_wconf 90' lang='lat' dir='ltr'>vita</span> <span class='ocrx_word' id='word_1_650' title='bbox 2305 4400 2609 4455; x_wconf 90' lang='lat' dir='ltr'>nunquam</span> <span class='ocrx_word' id='word_1_651' title='bbox 2632 4382 2718 4438; x_wconf 81' lang='lat' dir='ltr'>vel</span> <span class='ocrx_word' id='word_1_652' title='bbox 2751 4382 3046 4438; x_wconf 87' lang='lat' dir='ltr'>tantillum</span> <span class='ocrx_word' id='word_1_653' title='bbox 3081 4381 3357 4453; x_wconf 91' lang='lat' dir='ltr'>periculis</span> <span class='ocrx_word' id='word_1_654' title='bbox 3387 4381 3807 4450; x_wconf 87' lang='lat' dir='ltr'>laboribusque</span> 
     </span>
    </p>
   </div>
   <div class='ocr_carea' id='block_1_91' title="bbox 2153 4469 3804 4542">
    <p class='ocr_par' dir='ltr' id='par_1_91' title="bbox 2153 4469 3804 4542">
     <span class='ocr_line' id='line_1_92' title="bbox 2153 4469 3804 4542; baseline -0.004 -13"><span class='ocrx_word' id='word_1_655' title='bbox 2153 4491 2340 4529; x_wconf 89' lang='lat' dir='ltr'>vacua</span> <span class='ocrx_word' id='word_1_656' title='bbox 2371 4473 2500 4529; x_wconf 85' lang='lat' dir='ltr'>fuit.</span> <span class='ocrx_word' id='word_1_657' title='bbox 2536 4478 2677 4528; x_wconf 90' lang='lat' dir='ltr'>Cum</span> <span class='ocrx_word' id='word_1_658' title='bbox 2710 4472 2866 4527; x_wconf 90' lang='lat' dir='ltr'>enim</span> <span class='ocrx_word' id='word_1_659' title='bbox 2902 4471 3121 4542; x_wconf 89' lang='lat' dir='ltr'>impius</span> <span class='ocrx_word' id='word_1_660' title='bbox 3150 4469 3427 4525; x_wconf 89' lang='lat' dir='ltr'>Julianus</span> <span class='ocrx_word' id='word_1_661' title='bbox 3488 4469 3804 4539; x_wconf 90' lang='lat' dir='ltr'>imperium</span> 
     </span>
    </p>
   </div>
   <div class='ocr_carea' id='block_1_92' title="bbox 2155 4557 3803 4635">
    <p class='ocr_par' dir='ltr' id='par_1_92' title="bbox 2155 4557 3803 4635">
     <span class='ocr_line' id='line_1_93' title="bbox 2155 4557 3803 4635; baseline -0.004 -16"><span class='ocrx_word' id='word_1_662' title='bbox 2155 4567 2502 4635; x_wconf 84' lang='lat' dir='ltr'>occupasset</span> <span class='ocrx_word' id='word_1_663' title='bbox 2531 4580 2597 4617; x_wconf 89' lang='lat' dir='ltr'>ac</span> <span class='ocrx_word' id='word_1_664' title='bbox 2631 4561 2997 4616; x_wconf 62' lang='lat' dir='ltr'>damonibus</span> <span class='ocrx_word' id='word_1_665' title='bbox 3028 4559 3220 4631; x_wconf 91' lang='lat' dir='ltr'>qualis</span> <span class='ocrx_word' id='word_1_666' title='bbox 3251 4559 3376 4629; x_wconf 90' lang='lat' dir='ltr'>ipse</span> <span class='ocrx_word' id='word_1_667' title='bbox 3405 4563 3546 4622; x_wconf 91' lang='lat' dir='ltr'>erat,</span> <span class='ocrx_word' id='word_1_668' title='bbox 3582 4557 3803 4628; x_wconf 88' lang='lat' dir='ltr'>potius-</span> 
     </span>
    </p>
   </div>
   <div class='ocr_carea' id='block_1_93' title="bbox 385 4645 2058 4728">
    <p class='ocr_par' dir='ltr' id='par_1_93' title="bbox 385 4649 2040 4728">
     <span class='ocr_line' id='line_1_94' title="bbox 385 4649 2040 4728; baseline -0.001 -20"><span class='ocrx_word' id='word_1_669' title='bbox 385 4651 614 4723; x_wconf 84' lang='grc' dir='ltr'>ἐκείνου,</span> <span class='ocrx_word' id='word_1_670' title='bbox 643 4656 761 4716; x_wconf 92' lang='grc' dir='ltr'>πῶς</span> <span class='ocrx_word' id='word_1_671' title='bbox 807 4673 867 4708; x_wconf 90' lang='grc' dir='ltr'>τε</span> <span class='ocrx_word' id='word_1_672' title='bbox 915 4651 1080 4708; x_wconf 83' lang='grc' dir='ltr'>αὐτοῦ</span> <span class='ocrx_word' id='word_1_673' title='bbox 1128 4649 1282 4707; x_wconf 75' lang='grc' dir='ltr'>οὐδὲν</span> <span class='ocrx_word' id='word_1_674' title='bbox 1335 4651 1499 4728; x_wconf 88' lang='grc' dir='ltr'>μέρος</span> <span class='ocrx_word' id='word_1_675' title='bbox 1547 4655 1642 4706; x_wconf 89' lang='grc' dir='ltr'>τοῦ</span> <span class='ocrx_word' id='word_1_676' title='bbox 1696 4650 1817 4728; x_wconf 83' lang='grc' dir='ltr'>βίου</span> <span class='ocrx_word' id='word_1_677' title='bbox 1859 4650 2040 4707; x_wconf 86' lang='grc' dir='ltr'>κινδύ-</span> 
     </span>
    </p>
   </div>
   <div class='ocr_carea' id='block_1_94' title="bbox 2151 4645 3806 4728">
    <p class='ocr_par' dir='ltr' id='par_1_94' title="bbox 2151 4645 3806 4725">
     <span class='ocr_line' id='line_1_95' title="bbox 2151 4645 3806 4725; baseline -0.004 -17"><span class='ocrx_word' id='word_1_678' title='bbox 2151 4669 2265 4725; x_wconf 91' lang='lat' dir='ltr'>que</span> <span class='ocrx_word' id='word_1_679' title='bbox 2296 4654 2538 4708; x_wconf 92' lang='lat' dir='ltr'>deorum</span> <span class='ocrx_word' id='word_1_680' title='bbox 2562 4649 2902 4706; x_wconf 90' lang='lat' dir='ltr'>nominibus</span> <span class='ocrx_word' id='word_1_681' title='bbox 2935 4665 3112 4719; x_wconf 88' lang='lat' dir='ltr'>quam</span> <span class='ocrx_word' id='word_1_682' title='bbox 3143 4648 3258 4703; x_wconf 91' lang='lat' dir='ltr'>diis</span> <span class='ocrx_word' id='word_1_683' title='bbox 3306 4645 3657 4712; x_wconf 90' lang='lat' dir='ltr'>immolaret,</span> <span class='ocrx_word' id='word_1_684' title='bbox 3684 4650 3806 4701; x_wconf 87' lang='lat' dir='ltr'>tota</span> 
     </span>
    </p>
   </div>
   <div class='ocr_carea' id='block_1_95' title="bbox 384 4735 2041 4818">
    <p class='ocr_par' dir='ltr' id='par_1_95' title="bbox 384 4735 2041 4818">
     <span class='ocr_line' id='line_1_96' title="bbox 384 4735 2041 4818; baseline -0.001 -21"><span class='ocrx_word' id='word_1_685' title='bbox 384 4763 488 4797; x_wconf 91' lang='grc' dir='ltr'>νων</span> <span class='ocrx_word' id='word_1_686' title='bbox 548 4741 639 4797; x_wconf 85' lang='grc' dir='ltr'>καὶ</span> <span class='ocrx_word' id='word_1_687' title='bbox 699 4743 925 4818; x_wconf 81' lang='grc' dir='ltr'>ἀγώνων</span> <span class='ocrx_word' id='word_1_688' title='bbox 988 4739 1088 4813; x_wconf 78' lang='grc' dir='ltr'>ἔξω</span> <span class='ocrx_word' id='word_1_689' title='bbox 1149 4742 1368 4817; x_wconf 83' lang='grc' dir='ltr'>ὑπῆρχε</span> <span class='ocrx_word' id='word_1_690' title='bbox 1424 4759 1437 4772; x_wconf 84' lang='lat'><strong><em>°</em></strong></span> <span class='ocrx_word' id='word_1_691' title='bbox 1488 4745 1584 4796; x_wconf 86' lang='grc' dir='ltr'>τοῦ</span> <span class='ocrx_word' id='word_1_692' title='bbox 1652 4742 1756 4816; x_wconf 76' lang='grc' dir='ltr'>γὰρ</span> <span class='ocrx_word' id='word_1_693' title='bbox 1815 4735 2041 4804; x_wconf 85' lang='grc' dir='ltr'>ἀσεϐοῦς</span> 
     </span>
    </p>
   </div>
   <div class='ocr_carea' id='block_1_96' title="bbox 384 4828 2041 4910">
    <p class='ocr_par' dir='ltr' id='par_1_96' title="bbox 384 4828 2041 4910">
     <span class='ocr_line' id='line_1_97' title="bbox 384 4828 2041 4910; baseline -0.004 -20"><span class='ocrx_word' id='word_1_694' title='bbox 384 4829 685 4890; x_wconf 76' lang='grc' dir='ltr'>Ἰουλιανοῦ</span> <span class='ocrx_word' id='word_1_695' title='bbox 745 4831 832 4887; x_wconf 86' lang='grc' dir='ltr'>ἐπὶ</span> <span class='ocrx_word' id='word_1_696' title='bbox 890 4832 990 4901; x_wconf 79' lang='grc' dir='ltr'>τήν</span> <span class='ocrx_word' id='word_1_697' title='bbox 1053 4828 1331 4906; x_wconf 88' lang='grc' dir='ltr'>βασιλείαν</span> <span class='ocrx_word' id='word_1_698' title='bbox 1395 4831 1717 4910; x_wconf 81' lang='grc' dir='ltr'>φθάσαντος,</span> <span class='ocrx_word' id='word_1_699' title='bbox 1774 4831 1866 4886; x_wconf 87' lang='grc' dir='ltr'>καὶ</span> <span class='ocrx_word' id='word_1_700' title='bbox 1922 4835 2041 4894; x_wconf 88' lang='grc' dir='ltr'>τοῖς</span> 
     </span>
    </p>
   </div>
   <div class='ocr_carea' id='block_1_97' title="bbox 385 4919 2041 4996">
    <p class='ocr_par' dir='ltr' id='par_1_97' title="bbox 385 4919 2041 4996">
     <span class='ocr_line' id='line_1_98' title="bbox 385 4919 2041 4996; baseline -0.001 -20"><span class='ocrx_word' id='word_1_701' title='bbox 385 4919 628 4996; x_wconf 86' lang='grc' dir='ltr'>δαίμοσι,</span> <span class='ocrx_word' id='word_1_702' title='bbox 680 4920 797 4983; x_wconf 80' lang='grc' dir='ltr'>οἶος</span> <span class='ocrx_word' id='word_1_703' title='bbox 831 4920 899 4990; x_wconf 76' lang='grc' dir='ltr'>ἦν</span> <span class='ocrx_word' id='word_1_704' title='bbox 945 4920 1036 4976; x_wconf 82' lang='grc' dir='ltr'>καὶ</span> <span class='ocrx_word' id='word_1_705' title='bbox 1085 4919 1268 4992; x_wconf 81' lang='grc' dir='ltr'>αὐτὸς,</span> <span class='ocrx_word' id='word_1_706' title='bbox 1319 4919 1409 4974; x_wconf 85' lang='grc' dir='ltr'>καὶ</span> <span class='ocrx_word' id='word_1_707' title='bbox 1455 4923 1564 4974; x_wconf 89' lang='grc' dir='ltr'>τῶν</span> <span class='ocrx_word' id='word_1_708' title='bbox 1617 4921 1748 4974; x_wconf 92' lang='grc' dir='ltr'>θεῶν</span> <span class='ocrx_word' id='word_1_709' title='bbox 1808 4919 2041 4994; x_wconf 85' lang='grc' dir='ltr'>ὀνόμασι</span> 
     </span>
    </p>
   </div>
   <div class='ocr_carea' id='block_1_98' title="bbox 387 5009 2039 5084">
    <p class='ocr_par' dir='ltr' id='par_1_98' title="bbox 387 5009 2039 5084">
     <span class='ocr_line' id='line_1_99' title="bbox 387 5009 2039 5084; baseline -0.001 -18"><span class='ocrx_word' id='word_1_710' title='bbox 387 5009 600 5084; x_wconf 64' lang='grc' dir='ltr'>μῃλλον</span> <span class='ocrx_word' id='word_1_711' title='bbox 631 5011 667 5082; x_wconf 76' lang='grc' dir='ltr'><strong>ἢ</strong></span> <span class='ocrx_word' id='word_1_712' title='bbox 699 5015 818 5073; x_wconf 91' lang='grc' dir='ltr'>τοῖς</span> <span class='ocrx_word' id='word_1_713' title='bbox 853 5012 996 5072; x_wconf 86' lang='grc' dir='ltr'>θεοῖς</span> <span class='ocrx_word' id='word_1_714' title='bbox 1045 5010 1287 5078; x_wconf 88' lang='grc' dir='ltr'>θύοντος,</span> <span class='ocrx_word' id='word_1_715' title='bbox 1332 5011 1477 5064; x_wconf 78' lang='grc' dir='ltr'>πᾶσα</span> <span class='ocrx_word' id='word_1_716' title='bbox 1511 5010 1603 5082; x_wconf 74' lang='grc' dir='ltr'>μὲν</span> <span class='ocrx_word' id='word_1_717' title='bbox 1642 5013 1750 5064; x_wconf 90' lang='grc' dir='ltr'>τῶν</span> <span class='ocrx_word' id='word_1_718' title='bbox 1785 5014 2039 5082; x_wconf 82' lang='grc' dir='ltr'>Χριστια-</span> 
     </span>
    </p>
   </div>
   <div class='ocr_carea' id='block_1_99' title="bbox 380 5095 2038 5176">
    <p class='ocr_par' dir='ltr' id='par_1_99' title="bbox 380 5095 2038 5176">
     <span class='ocr_line' id='line_1_100' title="bbox 380 5095 2038 5176; baseline -0.001 -23"><span class='ocrx_word' id='word_1_719' title='bbox 380 5104 487 5155; x_wconf 90' lang='grc' dir='ltr'>νῶν</span> <span class='ocrx_word' id='word_1_720' title='bbox 511 5097 814 5170; x_wconf 82' lang='grc' dir='ltr'>Ἐκκλησία</span> <span class='ocrx_word' id='word_1_721' title='bbox 845 5098 1162 5176; x_wconf 87' lang='grc' dir='ltr'>ἐταράττετο</span> <span class='ocrx_word' id='word_1_722' title='bbox 1197 5118 1209 5131; x_wconf 90' lang='grc'><strong>·</strong></span> <span class='ocrx_word' id='word_1_723' title='bbox 1244 5099 1296 5152; x_wconf 75' lang='grc' dir='ltr'>οἱ</span> <span class='ocrx_word' id='word_1_724' title='bbox 1345 5095 1403 5153; x_wconf 74' lang='grc' dir='ltr'>δὲ</span> <span class='ocrx_word' id='word_1_725' title='bbox 1431 5101 1537 5152; x_wconf 89' lang='grc' dir='ltr'>τῶν</span> <span class='ocrx_word' id='word_1_726' title='bbox 1580 5096 1865 5168; x_wconf 85' lang='grc' dir='ltr'>Ἑλλήνῶν</span> <span class='ocrx_word' id='word_1_727' title='bbox 1897 5098 2038 5164; x_wconf 79' lang='grc' dir='ltr'>ναοὶ,</span> 
     </span>
    </p>
   </div>
   <div class='ocr_carea' id='block_1_100' title="bbox 381 5185 2039 5264">
    <p class='ocr_par' dir='ltr' id='par_1_100' title="bbox 381 5185 2039 5264">
     <span class='ocr_line' id='line_1_101' title="bbox 381 5185 2039 5264; baseline -0.002 -19"><span class='ocrx_word' id='word_1_728' title='bbox 381 5189 435 5245; x_wconf 80' lang='lat' dir='ltr'>oi</span> <span class='ocrx_word' id='word_1_729' title='bbox 469 5190 563 5264; x_wconf 75' lang='grc' dir='ltr'>μὶν</span> <span class='ocrx_word' id='word_1_730' title='bbox 596 5190 942 5264; x_wconf 76' lang='grc' dir='ltr'>ἆνεῴγεισαν,</span> <span class='ocrx_word' id='word_1_731' title='bbox 995 5189 1048 5243; x_wconf 77' lang='lat' dir='ltr'>oi</span> <span class='ocrx_word' id='word_1_732' title='bbox 1100 5185 1159 5242; x_wconf 75' lang='grc' dir='ltr'>δὲ</span> <span class='ocrx_word' id='word_1_733' title='bbox 1208 5189 1518 5243; x_wconf 86' lang='grc' dir='ltr'>ἀνενεοῦντο</span> <span class='ocrx_word' id='word_1_734' title='bbox 1555 5205 1566 5218; x_wconf 84' lang='grc'><em>’</em></span> <span class='ocrx_word' id='word_1_735' title='bbox 1602 5185 1749 5242; x_wconf 85' lang='grc' dir='ltr'>ἀλλὰ</span> <span class='ocrx_word' id='word_1_736' title='bbox 1805 5188 1912 5261; x_wconf 77' lang='grc' dir='ltr'>μὴν</span> <span class='ocrx_word' id='word_1_737' title='bbox 1950 5188 2039 5242; x_wconf 87' lang='grc' dir='ltr'>καὶ</span> 
     </span>
    </p>
   </div>
   <div class='ocr_carea' id='block_1_101' title="bbox 378 5267 2038 5352">
    <p class='ocr_par' dir='ltr' id='par_1_101' title="bbox 378 5275 2038 5352">
     <span class='ocr_line' id='line_1_102' title="bbox 378 5275 2038 5352; baseline -0.004 -17"><span class='ocrx_word' id='word_1_738' title='bbox 378 5280 490 5334; x_wconf 88' lang='grc' dir='ltr'>νέοι</span> <span class='ocrx_word' id='word_1_739' title='bbox 523 5275 936 5352; x_wconf 71' lang='grc' dir='ltr'>ᾠκοδομοῦντο,</span> <span class='ocrx_word' id='word_1_740' title='bbox 967 5277 1059 5332; x_wconf 86' lang='grc' dir='ltr'>καὶ</span> <span class='ocrx_word' id='word_1_741' title='bbox 1089 5275 1285 5331; x_wconf 86' lang='grc' dir='ltr'>πνάλιν</span> <span class='ocrx_word' id='word_1_742' title='bbox 1334 5275 1526 5331; x_wconf 87' lang='grc' dir='ltr'>κνίσσα</span> <span class='ocrx_word' id='word_1_743' title='bbox 1547 5277 1637 5330; x_wconf 78' lang='grc' dir='ltr'>καὶ</span> <span class='ocrx_word' id='word_1_744' title='bbox 1667 5276 1870 5339; x_wconf 84' lang='grc' dir='ltr'>καπνὸς</span> <span class='ocrx_word' id='word_1_745' title='bbox 1902 5297 2038 5330; x_wconf 89' lang='grc' dir='ltr'>παν-</span> 
     </span>
    </p>
   </div>
   <div class='ocr_carea' id='block_1_102' title="bbox 375 5364 2038 5444">
    <p class='ocr_par' dir='ltr' id='par_1_102' title="bbox 375 5364 2038 5444">
     <span class='ocr_line' id='line_1_103' title="bbox 375 5364 2038 5444; baseline -0.002 -21"><span class='ocrx_word' id='word_1_746' title='bbox 375 5371 574 5444; x_wconf 82' lang='grc' dir='ltr'>ταχοῦ,</span> <span class='ocrx_word' id='word_1_747' title='bbox 601 5366 694 5422; x_wconf 63' lang='lat' dir='ltr'>xui</span> <span class='ocrx_word' id='word_1_748' title='bbox 725 5365 928 5439; x_wconf 79' lang='grc' dir='ltr'>θυσίαι,</span> <span class='ocrx_word' id='word_1_749' title='bbox 973 5365 1064 5421; x_wconf 83' lang='grc' dir='ltr'>καὶ</span> <span class='ocrx_word' id='word_1_750' title='bbox 1109 5365 1276 5440; x_wconf 85' lang='grc' dir='ltr'>τομαὶ</span> <span class='ocrx_word' id='word_1_751' title='bbox 1330 5370 1508 5435; x_wconf 87' lang='grc' dir='ltr'>ζώων,</span> <span class='ocrx_word' id='word_1_752' title='bbox 1536 5365 1627 5420; x_wconf 83' lang='grc' dir='ltr'>καὶ</span> <span class='ocrx_word' id='word_1_753' title='bbox 1675 5366 1831 5438; x_wconf 81' lang='grc' dir='ltr'>αἷμα,</span> <span class='ocrx_word' id='word_1_754' title='bbox 1863 5365 1954 5420; x_wconf 87' lang='grc' dir='ltr'>καὶ</span> <span class='ocrx_word' id='word_1_755' title='bbox 1986 5364 2038 5420; x_wconf 91' lang='grc' dir='ltr'>ἐν</span> 
     </span>
    </p>
   </div>
   <div class='ocr_carea' id='block_1_103' title="bbox 2154 4735 3797 4815">
    <p class='ocr_par' dir='ltr' id='par_1_103' title="bbox 2154 4735 3797 4815">
     <span class='ocr_line' id='line_1_104' title="bbox 2154 4735 3797 4815; baseline -0.004 -18"><span class='ocrx_word' id='word_1_756' title='bbox 2154 4742 2392 4815; x_wconf 90' lang='lat' dir='ltr'>quidem</span> <span class='ocrx_word' id='word_1_757' title='bbox 2425 4740 2682 4796; x_wconf 89' lang='lat' dir='ltr'>Ecclesia</span> <span class='ocrx_word' id='word_1_758' title='bbox 2712 4737 3178 4794; x_wconf 86' lang='lat' dir='ltr'>Christianorum</span> <span class='ocrx_word' id='word_1_759' title='bbox 3239 4736 3580 4808; x_wconf 85' lang='lat' dir='ltr'>perturbata</span> <span class='ocrx_word' id='word_1_760' title='bbox 3638 4735 3749 4790; x_wconf 88' lang='lat' dir='ltr'>fuit</span> <span class='ocrx_word' id='word_1_761' title='bbox 3782 4759 3797 4801; x_wconf 85' lang='lat'><strong>;</strong></span> 
     </span>
    </p>
   </div>
   <div class='ocr_carea' id='block_1_104' title="bbox 2150 4823 3802 4898">
    <p class='ocr_par' dir='ltr' id='par_1_104' title="bbox 2150 4823 3802 4898">
     <span class='ocr_line' id='line_1_105' title="bbox 2150 4823 3802 4898; baseline -0.006 -11"><span class='ocrx_word' id='word_1_762' title='bbox 2150 4830 2484 4887; x_wconf 50' lang='lat' dir='ltr'>Graecorum</span> <span class='ocrx_word' id='word_1_763' title='bbox 2515 4845 2648 4883; x_wconf 90' lang='lat' dir='ltr'>vero</span> <span class='ocrx_word' id='word_1_764' title='bbox 2679 4826 2918 4898; x_wconf 87' lang='lat' dir='ltr'>templa,</span> <span class='ocrx_word' id='word_1_765' title='bbox 2954 4824 3074 4880; x_wconf 90' lang='lat' dir='ltr'>alia</span> <span class='ocrx_word' id='word_1_766' title='bbox 3104 4823 3446 4897; x_wconf 88' lang='lat' dir='ltr'>aperta,alia</span> <span class='ocrx_word' id='word_1_767' title='bbox 3476 4824 3802 4879; x_wconf 85' lang='lat' dir='ltr'>instaurata</span> 
     </span>
    </p>
   </div>
   <div class='ocr_carea' id='block_1_105' title="bbox 2151 4912 3798 4987">
    <p class='ocr_par' dir='ltr' id='par_1_105' title="bbox 2151 4912 3798 4987">
     <span class='ocr_line' id='line_1_106' title="bbox 2151 4912 3798 4987; baseline -0.007 -11"><span class='ocrx_word' id='word_1_768' title='bbox 2151 4925 2310 4987; x_wconf 91' lang='lat' dir='ltr'>sunt,</span> <span class='ocrx_word' id='word_1_769' title='bbox 2345 4921 2463 4974; x_wconf 89' lang='lat' dir='ltr'>imo</span> <span class='ocrx_word' id='word_1_770' title='bbox 2497 4935 2644 4973; x_wconf 89' lang='lat' dir='ltr'>nova</span> <span class='ocrx_word' id='word_1_771' title='bbox 2669 4921 2977 4972; x_wconf 84' lang='lat' dir='ltr'>exstructa.</span> <span class='ocrx_word' id='word_1_772' title='bbox 3018 4920 3092 4971; x_wconf 84' lang='lat' dir='ltr'>Ac</span> <span class='ocrx_word' id='word_1_773' title='bbox 3123 4931 3361 4970; x_wconf 90' lang='lat' dir='ltr'>rursum</span> <span class='ocrx_word' id='word_1_774' title='bbox 3387 4913 3557 4968; x_wconf 89' lang='lat' dir='ltr'>nidor</span> <span class='ocrx_word' id='word_1_775' title='bbox 3581 4912 3798 4984; x_wconf 90' lang='lat' dir='ltr'>ubique</span> 
     </span>
    </p>
   </div>
   <div class='ocr_carea' id='block_1_106' title="bbox 2149 5000 3798 5073">
    <p class='ocr_par' dir='ltr' id='par_1_106' title="bbox 2149 5000 3798 5073">
     <span class='ocr_line' id='line_1_107' title="bbox 2149 5000 3798 5073; baseline -0.005 -8"><span class='ocrx_word' id='word_1_776' title='bbox 2149 5013 2208 5066; x_wconf 87' lang='lat' dir='ltr'>et</span> <span class='ocrx_word' id='word_1_777' title='bbox 2237 5009 2458 5073; x_wconf 89' lang='lat' dir='ltr'>fumus,</span> <span class='ocrx_word' id='word_1_778' title='bbox 2519 5006 2825 5071; x_wconf 84' lang='lat' dir='ltr'>sacriﬁcia,</span> <span class='ocrx_word' id='word_1_779' title='bbox 2883 5003 3174 5060; x_wconf 88' lang='lat' dir='ltr'>sectiones</span> <span class='ocrx_word' id='word_1_780' title='bbox 3232 5002 3624 5058; x_wconf 90' lang='lat' dir='ltr'>animalium:</span> <span class='ocrx_word' id='word_1_781' title='bbox 3662 5000 3798 5057; x_wconf 91' lang='lat' dir='ltr'>etin</span> 
     </span>
    </p>
   </div>
   <div class='ocr_carea' id='block_1_107' title="bbox 2149 5092 3802 5171">
    <p class='ocr_par' dir='ltr' id='par_1_107' title="bbox 2149 5092 3802 5171">
     <span class='ocr_line' id='line_1_108' title="bbox 2149 5092 3802 5171; baseline -0.004 -19"><span class='ocrx_word' id='word_1_782' title='bbox 2149 5098 2297 5171; x_wconf 86' lang='lat' dir='ltr'>ipsa,</span> <span class='ocrx_word' id='word_1_783' title='bbox 2339 5097 2434 5151; x_wconf 91' lang='lat' dir='ltr'>hei</span> <span class='ocrx_word' id='word_1_784' title='bbox 2469 5095 2613 5151; x_wconf 87' lang='lat' dir='ltr'>mihi</span> <span class='ocrx_word' id='word_1_785' title='bbox 2652 5096 2663 5150; x_wconf 91' lang='lat' dir='ltr'>l</span> <span class='ocrx_word' id='word_1_786' title='bbox 2700 5093 3066 5151; x_wconf 87' lang='lat' dir='ltr'>Constantini</span> <span class='ocrx_word' id='word_1_787' title='bbox 3099 5093 3261 5157; x_wconf 89' lang='lat' dir='ltr'>urbe,</span> <span class='ocrx_word' id='word_1_788' title='bbox 3308 5092 3575 5146; x_wconf 75' lang='lat' dir='ltr'>Fortunae</span> <span class='ocrx_word' id='word_1_789' title='bbox 3607 5095 3802 5146; x_wconf 88' lang='lat' dir='ltr'>statua</span> 
     </span>
    </p>
   </div>
   <div class='ocr_carea' id='block_1_108' title="bbox 2148 5178 3794 5257">
    <p class='ocr_par' dir='ltr' id='par_1_108' title="bbox 2148 5178 3794 5257">
     <span class='ocr_line' id='line_1_109' title="bbox 2148 5178 3794 5257; baseline -0.006 -15"><span class='ocrx_word' id='word_1_790' title='bbox 2148 5186 2535 5243; x_wconf 85' lang='lat' dir='ltr'>etlibationes</span> <span class='ocrx_word' id='word_1_791' title='bbox 2569 5183 2818 5257; x_wconf 91' lang='lat' dir='ltr'>publice,</span> <span class='ocrx_word' id='word_1_792' title='bbox 2879 5181 3080 5237; x_wconf 67' lang='lat' dir='ltr'>hostiae</span> <span class='ocrx_word' id='word_1_793' title='bbox 3142 5187 3200 5235; x_wconf 90' lang='lat' dir='ltr'>et</span> <span class='ocrx_word' id='word_1_794' title='bbox 3256 5179 3372 5234; x_wconf 87' lang='lat' dir='ltr'>alia</span> <span class='ocrx_word' id='word_1_795' title='bbox 3431 5178 3794 5248; x_wconf 81' lang='lat' dir='ltr'>hujusmodi,</span> 
     </span>
    </p>
   </div>
   <div class='ocr_carea' id='block_1_109' title="bbox 2149 5268 3793 5348">
    <p class='ocr_par' dir='ltr' id='par_1_109' title="bbox 2149 5268 3793 5348">
     <span class='ocr_line' id='line_1_110' title="bbox 2149 5268 3793 5348; baseline -0.006 -17"><span class='ocrx_word' id='word_1_796' title='bbox 2149 5276 2501 5348; x_wconf 86' lang='lat' dir='ltr'>imperatore</span> <span class='ocrx_word' id='word_1_797' title='bbox 2531 5289 2728 5329; x_wconf 88' lang='lat' dir='ltr'>curam</span> <span class='ocrx_word' id='word_1_798' title='bbox 2763 5287 2998 5328; x_wconf 90' lang='lat' dir='ltr'>omnem</span> <span class='ocrx_word' id='word_1_799' title='bbox 3033 5268 3380 5341; x_wconf 91' lang='lat' dir='ltr'>imperiique</span> <span class='ocrx_word' id='word_1_800' title='bbox 3447 5270 3793 5338; x_wconf 87' lang='lat' dir='ltr'>potestatem</span> 
     </span>
    </p>
   </div>
   <div class='ocr_carea' id='block_1_110' title="bbox 2149 5361 3020 5437">
    <p class='ocr_par' dir='ltr' id='par_1_110' title="bbox 2149 5361 3020 5437">
     <span class='ocr_line' id='line_1_111' title="bbox 2149 5361 3020 5437; baseline -0.011 -15"><span class='ocrx_word' id='word_1_801' title='bbox 2149 5370 2351 5423; x_wconf 88' lang='lat' dir='ltr'>contra</span> <span class='ocrx_word' id='word_1_802' title='bbox 2380 5364 2655 5437; x_wconf 89' lang='lat' dir='ltr'>pietatem</span> <span class='ocrx_word' id='word_1_803' title='bbox 2688 5361 3020 5416; x_wconf 83' lang='lat' dir='ltr'>adhibente.</span> 
     </span>
    </p>
   </div>
   <div class='ocr_carea' id='block_1_111' title="bbox 378 5441 3800 5534">
    <p class='ocr_par' dir='ltr' id='par_1_111' title="bbox 378 5441 3800 5534">
     <span class='ocr_line' id='line_1_112' title="bbox 378 5441 3800 5534; baseline -0.005 -22"><span class='ocrx_word' id='word_1_804' title='bbox 378 5449 540 5534; x_wconf 72' lang='grc' dir='ltr'>αύτῇ,</span> <span class='ocrx_word' id='word_1_805' title='bbox 597 5453 753 5531; x_wconf 80' lang='grc' dir='ltr'>οἷ’μοι</span> <span class='ocrx_word' id='word_1_806' title='bbox 805 5457 818 5514; x_wconf 76' lang='grc' dir='ltr'>ί</span> <span class='ocrx_word' id='word_1_807' title='bbox 867 5458 964 5512; x_wconf 90' lang='grc' dir='ltr'>τοῦ</span> <span class='ocrx_word' id='word_1_808' title='bbox 1020 5453 1426 5511; x_wconf 83' lang='grc' dir='ltr'>Κωνσταντίνου</span> <span class='ocrx_word' id='word_1_809' title='bbox 1494 5453 1678 5512; x_wconf 87' lang='grc' dir='ltr'>πόλει.</span> <span class='ocrx_word' id='word_1_810' title='bbox 1727 5454 1915 5532; x_wconf 84' lang='grc' dir='ltr'>Τύχης</span> <span class='ocrx_word' id='word_1_811' title='bbox 1971 5456 2035 5512; x_wconf 86' lang='grc' dir='ltr'>τὸ</span> <span class='ocrx_word' id='word_1_812' title='bbox 2103 5451 2348 5530; x_wconf 79' lang='grc' dir='ltr'>ἄγαλμα,</span> <span class='ocrx_word' id='word_1_813' title='bbox 2415 5451 2506 5506; x_wconf 86' lang='grc' dir='ltr'>καὶ</span> <span class='ocrx_word' id='word_1_814' title='bbox 2574 5445 2800 5504; x_wconf 87' lang='grc' dir='ltr'>σπονδαὶ</span> <span class='ocrx_word' id='word_1_815' title='bbox 2863 5444 3123 5520; x_wconf 76' lang='grc' dir='ltr'>δημοσίᾳ,</span> <span class='ocrx_word' id='word_1_816' title='bbox 3188 5444 3277 5498; x_wconf 71' lang='grc' dir='ltr'>καῖ</span> <span class='ocrx_word' id='word_1_817' title='bbox 3344 5441 3576 5518; x_wconf 83' lang='grc' dir='ltr'>θύματα,</span> <span class='ocrx_word' id='word_1_818' title='bbox 3615 5443 3683 5497; x_wconf 86' lang='grc' dir='ltr'>τά</span> <span class='ocrx_word' id='word_1_819' title='bbox 3741 5462 3800 5496; x_wconf 90' lang='grc' dir='ltr'>τε</span> 
     </span>
    </p>
   </div>
   <div class='ocr_carea' id='block_1_112' title="bbox 449 5689 1980 5836">
    <p class='ocr_par' dir='ltr' id='par_1_112' title="bbox 449 5689 1980 5836">
     <span class='ocr_line' id='line_1_113' title="bbox 449 5689 1980 5836; baseline -0.003 -88"><span class='ocrx_word' id='word_1_820' title='bbox 449 5690 536 5836; x_wconf 58' lang='grc' dir='ltr'>ξω)</span> <span class='ocrx_word' id='word_1_821' title='bbox 559 5691 700 5749; x_wconf 67' lang='lat' dir='ltr'>Mss.</span> <span class='ocrx_word' id='word_1_822' title='bbox 724 5703 962 5776; x_wconf 71' lang='lat' dir='ltr'>omnes,</span> <span class='ocrx_word' id='word_1_823' title='bbox 992 5689 1298 5776; x_wconf 64' lang='grc' dir='ltr'>σπαράξειε.</span> <span class='ocrx_word' id='word_1_824' title='bbox 1332 5771 1338 5774; x_wconf 82' lang='lat'>_</span> <span class='ocrx_word' id='word_1_825' title='bbox 1431 5761 1445 5776; x_wconf 38' lang='lat' dir='ltr'><strong>O</strong></span> <span class='ocrx_word' id='word_1_826' title='bbox 1933 5773 1936 5776; x_wconf 20' lang='grc' dir='ltr'><strong><em>π</em></strong></span> <span class='ocrx_word' id='word_1_827' title='bbox 1967 5760 1980 5773; x_wconf 76' lang='lat'><em>_</em></span> 
     </span>
     <span class='ocr_line' id='line_1_114' title="bbox 475 5761 1980 5835; baseline -0.001 -16"><span class='ocrx_word' id='word_1_828' title='bbox 475 5764 529 5835; x_wconf 65' lang='grc' dir='ltr'>ἃ)</span> <span class='ocrx_word' id='word_1_829' title='bbox 558 5764 648 5820; x_wconf 83' lang='lat' dir='ltr'>Ab</span> <span class='ocrx_word' id='word_1_830' title='bbox 677 5764 844 5824; x_wconf 68' lang='lat' dir='ltr'>hinc</span> <span class='ocrx_word' id='word_1_831' title='bbox 868 5763 1064 5824; x_wconf 76' lang='lat' dir='ltr'>verbis</span> <span class='ocrx_word' id='word_1_832' title='bbox 1096 5765 1402 5823; x_wconf 60' lang='lat' dir='ltr'>contextus</span> <span class='ocrx_word' id='word_1_833' title='bbox 1428 5779 1489 5820; x_wconf 72' lang='lat' dir='ltr'>in</span> <span class='ocrx_word' id='word_1_834' title='bbox 1546 5761 1695 5820; x_wconf 75' lang='lat' dir='ltr'>soil).</span> <span class='ocrx_word' id='word_1_835' title='bbox 1730 5763 1782 5834; x_wconf 89' lang='grc'>1,</span> <span class='ocrx_word' id='word_1_836' title='bbox 1812 5763 1935 5832; x_wconf 71' lang='grc' dir='ltr'>2,ει</span> <span class='ocrx_word' id='word_1_837' title='bbox 1964 5777 1980 5817; x_wconf 82' lang='grc' dir='ltr'>ι</span> 
     </span>
    </p>
   </div>
   <div class='ocr_carea' id='block_1_113' title="bbox 475 5761 2025 5835">
    <p class='ocr_par' dir='ltr' id='par_1_113' title="bbox 475 5761 2025 5835">
     <span class='ocr_line' id='line_1_115' title="bbox 475 5761 2025 5835; baseline -0.001 -16"><span class='ocrx_word' id='word_1_838' title='bbox 475 5761 529 5835; x_wconf 64' lang='grc' dir='ltr'>ω</span> <span class='ocrx_word' id='word_1_839' title='bbox 558 5764 648 5820; x_wconf 82' lang='lat' dir='ltr'>Ab</span> <span class='ocrx_word' id='word_1_840' title='bbox 677 5764 844 5824; x_wconf 68' lang='lat' dir='ltr'>hinc“</span> <span class='ocrx_word' id='word_1_841' title='bbox 868 5763 1064 5824; x_wconf 75' lang='lat' dir='ltr'>verbis</span> <span class='ocrx_word' id='word_1_842' title='bbox 1096 5761 1402 5823; x_wconf 56' lang='lat' dir='ltr'>contextus</span> <span class='ocrx_word' id='word_1_843' title='bbox 1428 5761 1489 5820; x_wconf 84' lang='lat' dir='ltr'>in</span> <span class='ocrx_word' id='word_1_844' title='bbox 1546 5761 1695 5820; x_wconf 74' lang='lat' dir='ltr'>soil).</span> <span class='ocrx_word' id='word_1_845' title='bbox 1730 5763 1782 5834; x_wconf 89' lang='grc'>1,</span> <span class='ocrx_word' id='word_1_846' title='bbox 1812 5763 1936 5832; x_wconf 56' lang='lat'>2,“</span> <span class='ocrx_word' id='word_1_847' title='bbox 1964 5761 2025 5817; x_wconf 85' lang='lat' dir='ltr'>in</span> 
     </span>
    </p>
   </div>
   <div class='ocr_carea' id='block_1_114' title="bbox 2143 5675 3801 5762">
    <p class='ocr_par' dir='ltr' id='par_1_114' title="bbox 2143 5675 3801 5762">
     <span class='ocr_line' id='line_1_116' title="bbox 2143 5675 3801 5762; baseline -0.007 -17"><span class='ocrx_word' id='word_1_848' title='bbox 2143 5687 2283 5762; x_wconf 74' lang='lat' dir='ltr'>Reg.</span> <span class='ocrx_word' id='word_1_849' title='bbox 2317 5687 2400 5743; x_wconf 89' lang='lat' dir='ltr'>ita</span> <span class='ocrx_word' id='word_1_850' title='bbox 2429 5685 2728 5762; x_wconf 70' lang='lat' dir='ltr'>diserepet</span> <span class='ocrx_word' id='word_1_851' title='bbox 2757 5683 2830 5740; x_wconf 85' lang='lat' dir='ltr'>ab</span> <span class='ocrx_word' id='word_1_852' title='bbox 2861 5679 3058 5749; x_wconf 89' lang='lat' dir='ltr'>editis,</span> <span class='ocrx_word' id='word_1_853' title='bbox 3117 5678 3211 5734; x_wconf 85' lang='lat' dir='ltr'>vix</span> <span class='ocrx_word' id='word_1_854' title='bbox 3266 5681 3332 5734; x_wconf 87' lang='lat' dir='ltr'>ut</span> <span class='ocrx_word' id='word_1_855' title='bbox 3361 5694 3479 5734; x_wconf 90' lang='lat' dir='ltr'>una</span> <span class='ocrx_word' id='word_1_856' title='bbox 3507 5675 3801 5734; x_wconf 83' lang='lat' dir='ltr'>sententia</span> 
     </span>
    </p>
   </div>
   <div class='ocr_carea' id='block_1_115' title="bbox 2135 5757 2718 5830">
    <p class='ocr_par' dir='ltr' id='par_1_115' title="bbox 2135 5757 2718 5830">
     <span class='ocr_line' id='line_1_117' title="bbox 2135 5757 2718 5830; baseline -0.014 -13"><span class='ocrx_word' id='word_1_857' title='bbox 2135 5757 2291 5820; x_wconf 67' lang='lat' dir='ltr'>intSr</span> <span class='ocrx_word' id='word_1_858' title='bbox 2318 5775 2381 5818; x_wconf 81' lang='lat' dir='ltr'>se</span> <span class='ocrx_word' id='word_1_859' title='bbox 2408 5757 2718 5830; x_wconf 72' lang='lat' dir='ltr'>quadrent.</span> 
     </span>
    </p>
   </div>
  </div>
