4146 6400
328 421 491 475 εγω

1716 420 2330 487 PROLEGOMENA.

313 555 460 618 ἄλλα
495 569 738 636 τοιαῦτα,
778 571 875 622 τοῦ
918 566 1185 643 βασιλέως
1224 576 1394 627 πᾶσαν
1438 570 1678 643 σπουδὴν
1747 574 1837 628 καὶ
1903 580 2004 644 τῆς
2077 572 2353 650 βασιλείας
2419 575 2480 630 τὸ
2549 574 2747 652 κράτος
2810 572 2947 629 κατά
3010 577 3113 643 τῆς
3180 565 3453 635 εὐσεϐείας
3516 568 3721 629 ἐπιτεί-

313 671 521 716 νοντος.

386 762 477 817 26.
510 765 657 820 Tum
688 767 863 823 etiam
898 769 1094 841 Maris,
1128 770 1508 827 Chalcedonis
1559 771 1616 827 in
1677 771 1961 845 Bythynia

2143 773 2230 827 26.
2263 769 2394 825 Τότε
2452 767 2517 839 δὴ
2565 771 2655 825 καὶ
2708 771 2904 844 Μάρις,
2958 770 3113 839 ὁτῆς
3162 767 3212 824 ἐν
3260 767 3477 839 Βιθυνίᾳ
3503 766 3723 840 Χαλκη-

316 849 1059 927 episcopus,imperatorem
1086 860 1253 915 adien
1268 861 1500 932 spalam
1521 862 1962 916 conviciabatur

315 937 423 1010 illi,
456 942 724 1014 impium,
758 952 1105 1017 apostatam,
1139 950 1375 1005 atheum
1409 956 1465 1006 et
1520 950 1737 1005 similia
1768 950 1960 1020 profe-

266 1079 276 1088 .
316 1044 472 1084 rens.
507 1032 640 1087 Erat
670 1050 839 1103 porro
870 1036 1045 1092 Maris
1078 1056 1192 1109 prae
1224 1044 1522 1094 senectute
1555 1039 1827 1094 laborans
1849 1055 1959 1093 ca:—

317 1118 507 1175 citate.
538 1120 809 1179 Julianus
841 1142 975 1180 vero
1006 1129 1391 1184 contumelias
1430 1130 1591 1199 juste
1640 1127 1834 1182 illatas
1864 1127 1957 1180 in-

307 1207 469 1277 juste
502 1210 848 1283 depellebat,
882 1216 1187 1286 garrulum
1218 1234 1353 1272 eum
1388 1224 1444 1271 et
1475 1233 1691 1272 czecum
1727 1216 1958 1279 vocans,

316 1312 489 1367 quem
524 1316 710 1371 neque
742 1302 897 1359 Deus
926 1304 1296 1361 Galilaeorum
1330 1310 1618 1361 sanasset.
1663 1304 1761 1360 Ille
1791 1304 1959 1375 quasi

316 1387 531 1444 simulo
559 1391 905 1460 concitatus,
941 1411 1072 1448 cum
1107 1396 1322 1450 fiducia
1352 1396 1685 1467 imperatori
1720 1410 1960 1465 respou-

315 1476 401 1531 dit
434 1493 446 1531 :
482 1477 712 1535 Gratias
742 1497 872 1553 ago,
907 1483 1364 1555 inquit,Deo,qui
1400 1502 1491 1540 me
1550 1485 1619 1539 ad
1650 1483 1960 1538 utilitatem

316 1582 508 1621 meam
541 1572 865 1636 excecavit,
921 1590 991 1627 ne
1046 1573 1445 1646 impudentem
1503 1573 1731 1629 vultum
1790 1578 1961 1626 tuum

316 1656 738 1728 conspicerem,
776 1661 875 1731 qui
908 1666 1027 1716 tam
1060 1667 1323 1733 proterve
1371 1663 1429 1718 in
1464 1663 1826 1734 impietatem
1858 1662 1963 1715 de-

315 1742 520 1817 lapsus
551 1763 636 1802 es.
669 1751 859 1819 Hujus
889 1749 1175 1807 libertatis
1205 1752 1468 1824 exemplo
1500 1753 1776 1807 commoti
1806 1750 1961 1804 Jovi-

318 1834 536 1889 nianus
564 1840 621 1892 et
647 1836 1133 1908 Valentiniamus,
1182 1840 1373 1897 soluta
1429 1842 1663 1913 cingula
1715 1845 1963 1913 tyranno

320 1924 711 1995 projecerunt.
744 1928 881 1995 Nos,
914 1929 1210 2002 inquiunt,
1246 1936 1455 2002 praesto
1486 1948 1695 1986 sumus
1729 1933 1965 2002 propter

318 2014 612 2070 Christum
645 2016 821 2072 vitam
856 2018 1044 2090 ipsam
1077 2021 1324 2076 tradere.
1387 2022 1711 2092 Imperator
1739 2020 1960 2091 itaque,

2070 856 2226 922 δόνος
2259 858 2573 932 ἐπίσκοπος,
2605 857 2792 914 πολλὰ
2824 859 2909 913 τὸν
2972 855 3199 935 βασιλέα
3242 856 3559 934 προσελθὼν
3590 879 3725 936 προ-

2069 954 2249 1026 φανῶς
2298 945 2630 1023 περιύϐρισε,
2688 949 2777 1002 τὸν
2840 942 3033 1017 ἀσεϐῆ,
3089 947 3180 1002 καὶ
3241 947 3573 1021 ἀποστάτην,
3633 948 3724 1003 καὶ

2070 1036 2243 1106 ἄθεον,
2292 1038 2381 1092 καὶ
2429 1039 2497 1093 τα
2543 1036 2710 1111 δμοια
2764 1035 2972 1092 καλῶν.
3031 1042 3127 1091 Ἠν
3191 1033 3249 1091 δὲ
3292 1038 3321 1092 6
3374 1037 3550 1113 Μάρις
3589 1037 3725 1109 πρὸς

2066 1130 2146 1198 τῷ
2176 1129 2323 1201 γήρᾳ
2367 1127 2628 1202 ὑπόχυσιν
2681 1124 2979 1203 ὀφθαλμῶν
3032 1125 3349 1198 ὑπομείνας.
3398 1130 3453 1179 Ὁ
3485 1122 3543 1179 δὲ
3591 1126 3725 1181 Ἰου-

2069 1213 2253 1277 λιανὸς
2298 1216 2395 1277 τὰς
2445 1213 2655 1276 δικαίας
2704 1209 2885 1288 ὕϐρεις
2930 1210 3448 1286 ἀδίκωςήμείϐετο,
3482 1233 3729 1290 σπερμο-

2070 1302 2235 1378 λόγον
2268 1303 2357 1358 καί
2386 1302 2588 1381 τυφλὸν
2644 1301 2898 1375 καλέσας,
2933 1303 2992 1357 ’όν
3043 1300 3166 1357 οὐδὲ
3197 1303 3224 1357 ὁ
3263 1306 3371 1357 τῶν
3415 1300 3726 1357 Γαλιλαίων

2070 1393 2198 1455 Θεὸς
2254 1392 2616 1467 θεραπεύσειε.
2679 1394 2735 1445 Ὁ
2795 1390 2890 1464 δὲ,
2951 1392 3131 1467 ὥσπερ
3191 1389 3393 1466 οἷ’στρῳ
3444 1390 3552 1446 τινὶ
3610 1391 3728 1447 ἐπι-

2069 1480 2319 1559 ληφθεὶς,
2378 1482 2469 1536 καὶ
2522 1481 2982 1557 παῤῥησιέστερον
3031 1485 3111 1552 τῷ
3164 1478 3381 1555 βασιλεῖ
3438 1480 3728 1555 ἀποκρινό-

2075 1592 2257 1645 μενος,
2302 1570 2649 1648 Εύχαριστῶ,
2709 1570 2881 1648 φησὶ,¹
2922 1575 3001 1641 τῷ
3059 1574 3195 1641 Θεῷ,
3252 1573 3332 1641 τῷ
3377 1566 3731 1645 τυφλώσαντὶ

2076 1683 2142 1734 με
2172 1659 2495 1727 λυσιτελῶς,
2539 1658 2633 1715 ’ἱνα
2667 1662 2741 1732 μὴ
2794 1658 2895 1714 ἴδω
2942 1660 3003 1714 τὸ
3035 1656 3246 1722 ἀναιδές
3285 1657 3577 1733 πρόσωπόν
3610 1680 3728 1730 σου,

2069 1751 2132 1804 τὸ
2188 1750 2362 1812 οὕτως
2420 1750 2630 1822 ἰταμῶς
2686 1749 2824 1825 πρὸς
2877 1750 2977 1817 τὴν
3036 1742 3279 1803 ἀσέϐειαν
3340 1746 3727 1810 ἐκπεπτωκός.

2073 1839 2208 1894 Ἀπὸ
2264 1837 2464 1908 ταύτης
2524 1845 2626 1906 τῆς
2674 1837 2982 1914 παρρησίας
3036 1836 3354 1909 κινούμενοι
3413 1832 3729 1899 Ἰοϐινιανὸς

2069 1930 2160 1983 καὶ
2218 1925 2659 1988 Ούαλεντινιανὸς
2718 1924 2976 1988 λύσαντες
3031 1927 3126 1988 τάς
3179 1926 3373 1994 ζώνας,
3431 1924 3728 2002 προσέρρι-

2073 2021 2175 2091 ψαν
2229 2022 2308 2089 τῷ
2361 2014 2625 2093 τυράννῳ.
2687 2020 2898 2089 Ἡμεῖς,
2958 2016 3137 2092 φασὶν,
3188 2011 3402 2086 ἓτοιμοὶ
3453 2014 3609 2088 ἐσμεν
3641 2010 3731 2067 διά

318 2104 487 2176 etqui
508 2122 639 2160 cum
663 2123 730 2161 eo
748 2107 1095 2177 sentiebant,
1119 2109 1398 2165 adversus
1432 2110 1586 2181 piam
1621 2108 1961 2181 religionem

2074 2106 2302 2182 Χριστὸν
2333 2106 2423 2160 καὶ
2462 2108 2561 2174 τὴν
2597 2106 2743 2174 ζωὴν
2793 2101 3147 2180 παραδοῦναι.
3204 2105 3260 2157 Ὀ
3289 2107 3420 2178 γοῦν
3476 2100 3728 2177 βασιλεὺς

315 2197 442 2249 tum
476 2196 890 2266 conspirabant
925 2202 982 2253 et
1021 2199 1315 2269 sapientes
1371 2198 1609 2271 quidam
1671 2199 1772 2270 qui
1831 2215 1963 2253 cum

316 2282 419 2339 illo
448 2284 855 2352 versabantur,
893 2303 1120 2357 magos,
1151 2289 1460 2355 veneficos,
1494 2294 1551 2344 et
1607 2288 1967 2362 divinatores

320 2378 654 2445 coegerunt,
714 2381 1117 2447 rogaruntque
1169 2377 1544 2443 sententiam,
1621 2394 1737 2449 quo
1797 2380 1966 2449 pacto

317 2460 681 2519 Christianos
712 2464 783 2519 de
809 2465 1003 2520 medio
1032 2465 1323 2521 tollerent.
1358 2466 1635 2523 Omnium
1683 2483 1801 2522 una
1832 2482 1967 2521 scn-

317 2551 500 2606 tentia
556 2552 668 2607 fuit
724 2557 791 2608 ut
843 2553 1200 2610 Athanasius
1277 2555 1659 2610 occideretur.
1724 2554 1967 2611 Sublato

320 2656 574 2712 namque
606 2642 989 2699 fundamento
1020 2643 1186 2700 facile
1219 2644 1338 2700 fore
1381 2643 1639 2716 reliquas
1665 2644 1795 2698 fidei
1831 2662 1965 2715 par-

317 2732 406 2784 tes
437 2728 774 2786 dissolvere.
811 2732 1067 2788 Rursum
1097 2733 1294 2805 itaque
1352 2733 1581 2805 judicia
1610 2750 1849 2789 rursum
1877 2735 1969 2805 ju-

321 2817 482 2873 dices
514 2819 612 2890 qui
645 2820 1367 2892 condemnarent,rursum
1401 2823 1622 2879 missus
1653 2822 1960 2879 exercitus:

319 2907 595 2962 turbatur
626 2908 899 2980 populus,
927 2908 1277 2966 Alexandria
1315 2912 1785 2978 circumsidetur,
1819 2910 1966 2967 cclc-

321 2996 412 3050 sia
441 2996 829 3067 deprtedatur,
865 2998 1184 3055 Athanasio
1228 3001 1299 3055 ad
1359 3016 1559 3057 necem
1617 3000 1966 3073 perquisito.

320 3085 431 3141 Sed
465 3101 597 3140 cum
631 3085 805 3141 etiam
838 3090 978 3143 tunc
1009 3087 1105 3142 ille
1134 3106 1238 3161 per
1266 3089 1526 3145 medium
1572 3089 1805 3145 illorum
1838 3106 1968 3145 eva-
2022 3122 2023 3125 η

321 3171 502 3237 deret,
534 3172 737 3229 nullus
768 3190 901 3229 cum
931 3176 1217 3247 cognovit:
1252 3176 1370 3233 imo
1384 3178 1485 3250 qui
1511 3178 1781 3234 videbant
1811 3178 1971 3250 igno-

324 3261 535 3316 rabant
563 3278 700 3318 eum
731 3279 881 3330 esse,
914 3265 1087 3337 cujus
1117 3266 1644 3337 pausaecclesiam,
1678 3267 1770 3322 hei
1794 3266 1961 3322 mihi!

317 3353 483 3405 tanta
514 3350 770 3407 militum
803 3369 1017 3409 manus
1050 3353 1378 3421 obsederat,
1410 3356 1581 3427 cujus
1622 3358 1759 3412 item
1792 3373 1972 3412 causa

315 3438 440 3494 vias
470 3456 675 3496 omnes
708 3442 890 3497 armis
923 3442 1388 3500 intercluserant.
1411 3445 1506 3500 Sic
1536 3445 1733 3518 igitur,
1768 3461 1969 3518 super-

2073 2196 2164 2250 καὶ
2216 2196 2267 2250 οἱ
2316 2194 2623 2272 ὁμόφρονες
2677 2193 2842 2248 αὐτοῦ
2894 2192 3225 2247 συνετίθεντο
3273 2192 3397 2268 περὶ
3446 2199 3547 2261 τῆς
3580 2191 3727 2245 εὐσε-

2078 2280 2229 2347 ϐείας
2266 2285 2395 2338 ’καὶ
2441 2288 2551 2338 τῶν
2606 2288 2787 2362 σοφῶν
2836 2302 2980 2345 τινες
3030 2282 3155 2337 τότε
3202 2280 3293 2336 σὺν
3348 2280 3495 2353 αὐτῷ
3528 2280 3736 2356 μάγους

2075 2374 2165 2429 καὶ
2197 2374 2516 2449 φαρμάκους
2565 2371 2654 2426 καὶ
2709 2372 2926 2445 μάντεις
2980 2378 3238 2445 συνῆγον,
3296 2370 3388 2425 καὶ
3436 2374 3557 2433 πῶς
3604 2369 3735 2431 τοὺς

2078 2461 2431 2538 Χριστιανοὺς
2488 2459 2814 2535 περιέλωσιν
2874 2461 3104 2535 γνώμην
3180 2479 3288 2534 παρ
3360 2459 3537 2514 αὐτῶν
3596 2456 3735 2534 ᾔτη-

2078 2573 2191 2608 σαν.
2226 2548 2434 2606 Ἐδόκει
2467 2547 2523 2604 δὲ
2551 2556 2682 2604 πᾶσι
2730 2549 2948 2611 τούτοις
2996 2551 3031 2618 ἡ
3080 2553 3177 2603 τοῦ
3226 2547 3545 2605 Ἀθανασίου
3591 2547 3739 2603 ἀναί-

2079 2663 2243 2718 ρεσις.
2302 2645 2407 2694 Τοῦ
2455 2640 2559 2715 γάρ
2606 2636 2864 2712 θεμελίου
2916 2638 3315 2716 ἀφαιρεθέντος,
3368 2634 3569 2713 ῥᾳδίως
3603 2638 3740 2692 εἶναι

2075 2730 2260 2785 καὶτὰ
2313 2727 2483 2783 λοιπά
2544 2728 2679 2804 μέρη
2741 2734 2842 2796 τῆς
2898 2726 3133 2789 πίστεως
3188 2724 3499 2784 καταλύειν.
3560 2724 3734 2782 Πάλιν

2083 2819 2176 2892 μὶν
2228 2814 2318 2872 οὖν
2363 2820 2641 2891 κριτήρια,
2692 2816 2783 2871 καὶ
2832 2813 3077 2870 δικασταὶ
3125 2813 3596 2885 καταδικάζοντες,
3646 2815 3736 2870 καὶ

2079 2907 2305 2983 στρατὸς
2353 2905 2812 2978 ἀποπεμπόμενος
2851 2923 2864 2935 ·
2892 2904 2982 2958 καὶ
3013 2903 3041 2957 6
3077 2903 3171 2977 μὲν
3214 2900 3346 2965 λαὸς
3394 2904 3731 2977 ταράττεται,

2078 2999 2112 3065 ἡ
2191 2992 2248 3050 δὲ
2320 2992 2701 3069 ’ΔΛεξάνδρεια
2776 2994 3138 3069 περιέχεται,
3197 2991 3288 3047 καὶ
3361 2994 3396 3061 ἡ
3472 2989 3737 3061 ἐκκλησία

2079 3083 2349 3156 λη’ίζεται,
2394 3088 2492 3139 τοῦ
2537 3082 2855 3138 Ἀθανασίου
2903 3084 3039 3158 πρὸς
3094 3082 3319 3137 θάνατον
3376 3080 3733 3153 ζητουμένου.

2076 3171 2255 3229 Ἀλλά
2298 3171 2490 3235 ςούτου
2540 3173 2633 3246 μὶν
2682 3172 2772 3227 καὶ
2820 3176 2910 3227 νῦν
2961 3168 3051 3226 διά
3102 3172 3277 3245 μέσων
3332 3170 3503 3227 αὐτῶν
3553 3164 3739 3225 ἐκϐάν-

2076 3283 2193 3334 τος,
2255 3259 2474 3324 οὐδενὸς
2528 3258 2585 3316 δὲ
2638 3261 2794 3316 αὐτὸν
2857 3260 3314 3336 ἐπιγινώσκοντος
3377 3278 3388 3291 ·
3443 3257 3589 3314 ἀλλά
3643 3258 3738 3314 καὶ

2082 3349 2287 3414 ἰδόντες
2339 3351 2572 3426 ἠγνόουν
2624 3351 2781 3406 αὐτὸν
2844 3350 3001 3424 εἶναι,
3052 3349 3114 3403 οὗ
3162 3345 3337 3405 ἕνεκεν
3394 3350 3494 3418 τὴν
3544 3347 3741 3420 ἐκκλη-

2081 3441 2222 3510 σίαν,
2273 3439 2425 3515 οἷ’μοι
2460 3443 2472 3498 l
2503 3462 2603 3496 τοσ
2656 3440 2788 3512 αύτη
2838 3440 2962 3515 χεὶρ
3019 3437 3486 3515 περιεκύκλωσαν,
3543 3438 3633 3494 καὶ
3688 3435 3741 3494 δι

317 3544 395 3583 na
424 3529 693 3585 munitus
714 3546 892 3586 manu
913 3531 1674 3600 Athanasius,inimicorum
1693 3535 1965 3590 manibus

2081 3531 2138 3586 ὃν
2170 3507 2343 3592 πάσας
2396 3531 2492 3593 τὰς
2544 3527 2759 3601 ἐξόδους
2804 3507 3002 3592 ’ὅπλοις
3032 3527 3362 3585 συνέκλειον.
3405 3528 3590 3591 Οὕτως
3623 3526 3738 3599 οὗν,

319 3616 579 3689 elapsus,
614 3619 707 3673 vix
737 3619 855 3675 ullo
888 3620 1256 3692 prohibente,
1291 3623 1451 3679 omni
1474 3639 1609 3678 cum
1642 3624 1970 3693 fiducia,se-

319 3705 499 3762 cessit
518 3706 853 3763 urbe.Tunc
884 3708 1098 3765 iterum
1122 3710 1293 3766 ﬂetus
1325 3711 1699 3783 gemitusque
1729 3728 1972 3783 occupa-

316 3793 402 3848 vit
428 3793 858 3852 Alexandriam.
898 3796 999 3852 llle
1032 3804 1208 3854 noctu
1242 3800 1311 3854 ad
1347 3799 1545 3855 Nilum
1598 3816 1969 3872 progressus,

320 3898 650 3939 conscensa
679 3884 1041 3950 navicula,in
1068 3886 1423 3944 Thebaidem
1458 3905 1694 3944 rursum
1725 3890 1969 3946 adverso

320 3970 565 4027 ﬂumine
596 3974 1241 4032 concedebatJnstabat
1258 3983 1452 4033 autem
1484 3978 1725 4049 quidam
1756 3982 1968 4049 atcrgo

321 4063 610 4132 satrapes,
648 4078 682 4117 a
710 4065 961 4134 tyranno
983 4064 1192 4134 jussus
1225 4082 1358 4121 eum
1393 4083 1601 4122 necare
1633 4067 1968 4139 ubicunque

319 4146 487 4203 illum
524 4150 1061 4220 comprehenderet.
1095 4153 1240 4209 Cum
1287 4159 1483 4211 autem
1512 4160 1811 4211 vectorum
1839 4157 1968 4228 qui-

322 4237 458 4293 dam
491 4238 592 4309 qui
624 4254 758 4294 cum
787 4241 1107 4297 Athanasio
1138 4247 1261 4298 erat
1294 4243 1494 4315 procul
1522 4244 1795 4316 novisset,
1825 4262 1967 4302 con-

324 4326 731 4399 spexissetque
761 4328 1191 4400 insequentem,
1218 4332 1469 4406 remiges
1515 4335 1778 4407 urgebat.
1814 4336 1966 4390 Tum

320 4415 682 4472 Athanasius
713 4418 812 4472 ubi
848 4419 1087 4490 paulum
1128 4422 1512 4495 substitisset,
1546 4441 1747 4479 secum
1779 4424 1967 4480 oculis

317 4502 569 4561 interius
599 4506 838 4579 quidam
888 4510 1271 4582 prospiciens,
1334 4512 1433 4567 ubi
1493 4512 1733 4583 solebat,
1784 4515 1958 4586 jubet

320 4593 575 4666 remiges
604 4611 843 4651 cursum
875 4603 1116 4665 vertere,
1149 4605 1206 4655 et
1248 4601 1682 4673 navigationem
1714 4602 1965 4658 Alexan-

321 4680 509 4737 driam
542 4699 745 4740 versus
774 4684 1043 4759 dirigere.
1066 4686 1186 4744 Illis
1210 4690 1587 4762 perturbatis,
1604 4696 1668 4745 ut
1691 4707 1797 4763 par
1819 4695 1965 4760 erat,

318 4771 637 4845 veritisque
668 4790 739 4829 ne
775 4774 1101 4833 inciderent
1128 4777 1189 4832 in
1248 4783 1565 4851 satrapam,
1609 4778 1967 4837 Athanasius

2076 3620 2225 3695 παρά
2251 3626 2353 3688 τῆς
2385 3618 2585 3674 ἄνωθεν
2618 3619 2806 3694 χειρὸς
2858 3617 3161 3695 όχυρωθεὶς
3201 3618 3542 3685 Ἀθανάσιος,
3574 3618 3739 3691 ἀκρά-

2075 3730 2243 3779 τητος
2272 3709 2338 3778 ἦν
2369 3714 2489 3771 ταῖς
2519 3712 2627 3763 τῶν
2661 3706 2870 3784 ἐχθρῶν
2924 3707 3108 3783 χερσὶ,
3160 3707 3249 3761 καὶ
3291 3703 3485 3783 σχεδὸν
3520 3704 3740 3769 οὐδενὸς

2076 3795 2390 3859 κωλύοντος
2448 3798 2623 3852 πάντα
2670 3798 2965 3873 θαρσήσας,
3016 3803 3118 3865 τῆς
3170 3792 3391 3858 πόλεως
3446 3795 3735 3872 ἀνεχώρει.

2075 3886 2207 3942 Τότε
2234 3884 2401 3941 πάλιν
2453 3884 2733 3955 κλαυθμὸς
2782 3886 2872 3939 καὶ
2926 3885 3149 3959 οἰμωγή
3182 3886 3282 3954 τὴν
3334 3882 3733 3959 Ἀλεξανδρέων

2075 3970 2392 4032 κατέλαϐεν.
2446 3976 2684 4036 Ἐκεῖνος
2735 3971 2812 4043 δὲ,
2871 3972 3084 4047 νύκτωρ
3138 3978 3218 4045 τῷ
3274 3970 3459 4045 Νείλῳ
3506 3992 3736 4050 προσερ-

2076 4064 2338 4142 χόμενος,
2387 4060 2580 4127 ἐπιϐὰς
2625 4060 2860 4125 ὁλκάδος
2912 4062 2989 4126 εἷς
3046 4056 3295 4132 Θηϐαίδα
3341 4059 3506 4116 πάλιν
3542 4061 3733 4140 ἐπιφό-

2079 4175 2189 4231 ρως
2250 4154 2502 4229 ἀνήγετο.
2553 4153 2837 4226 Ἠπείγετο
2895 4150 2953 4207 δέ
3006 4173 3092 4214 τις
3148 4146 3363 4206 ὄπισθεν
3424 4150 3588 4207 αὐτοῦ
3644 4149 3735 4206 καί

2078 4244 2357 4317 σατράπης
2401 4242 2632 4313 ἀνελεῖν,
2686 4241 2823 4297 ὅπου
2877 4241 2967 4297 καὶ
3023 4235 3328 4296 καταλάϐοι
3378 4244 3569 4296 τοῦτον
3630 4241 3735 4296 ἀπὸ

2074 4336 2171 4386 τοῦ
2201 4332 2465 4409 τυράννου
2496 4330 2986 4408 προστεταγμένος.
3023 4328 3170 4385 Ἐπεί
3216 4326 3273 4384 δὲ
3314 4350 3397 4392 τις
3434 4333 3544 4384 τῶν
3577 4329 3736 4385 Ἀθα-

2074 4419 2242 4493 νασίῳ
2274 4417 2663 4494 συμπλεόντων
2716 4414 2856 4493 ἔγνω
2902 4417 3205 4494 πόρρωθεν,
3266 4413 3393 4472 ἰδὼν
3451 4416 3544 4471 τὸν
3604 4414 3738 4471 διώ-

2075 4529 2259 4580 κοντα,
2291 4508 2538 4572 καὶτοὺς
2586 4507 2894 4582 ἐρέττοντας
2948 4504 3244 4582 ἐπετάχυνε
3278 4524 3291 4537 ⁸
3328 4505 3519 4582 μικρὸν
3577 4507 3737 4561 Ἀθα-

2074 4601 2258 4661 νάσιος
2310 4598 2573 4677 ἐπισχὼν,
2634 4597 2723 4653 καί
2769 4619 2820 4652 τι
2862 4597 3262 4673 κεκρυμμένον,
3313 4596 3389 4657 ὡς
3422 4590 3587 4665 ἔοικε,
3617 4600 3736 4657 τοῖς

2076 4686 2225 4751 ἐντὸς
2260 4686 2388 4743 ἰδὼν
2448 4685 2779 4765 ὀφθαλμοῖς,
2840 4686 3180 4762 ἀναστρέφειν
3232 4682 3447 4740 ἐκέλευε
3477 4689 3595 4747 τοῖς
3627 4683 3739 4758 ἐρέ-

2074 4798 2213 4850 ταις,
2244 4777 2335 4832 καὶ
2391 4777 2483 4831 τὸν
2535 4774 2707 4831 πλοῦν
2763 4773 2915 4837 αὖθις
2974 4774 3241 4829 ποιεῖσθαι
3291 4773 3429 4850 πρὸς
3476 4770 3731 4844 Ἀλεξάν-

317 4860 491 4932 jubet
522 4862 835 4931 confidere,
860 4868 917 4919 et
946 4866 1211 4922 divinum
1244 4867 1302 4922 id
1334 4885 1481 4940 opus
1510 4884 1639 4924 esse
1668 4869 1964 4938 inquiens,

2074 4866 2274 4943 δρειαν.
2333 4871 2447 4921 Τῶν
2505 4863 2562 4921 δὲ
2612 4858 3044 4942 θορυϐηθέντων,
3099 4864 3189 4918 οἷα
3239 4862 3403 4934 εἰκὸς,
3446 4862 3537 4918 καὶ
3578 4861 3729 4924 ὅπως

319 4950 635 5023 ΡειιειιτιείῐΔ
670 4952 819 5007 Tum
853 4969 1132 5011 conversa
1184 4973 1356 5028 prora
1410 4962 1467 5013 et
1521 4974 1666 5014 nave
1724 4958 1967 5015 adversa

321 5039 531 5105 fronte,
564 5044 721 5096 recta
749 5039 1159 5098 Alexandriam
1209 5044 1576 5117 navigarunt,
1609 5062 1964 5119 persequen-

317 5131 406 5184 tes
433 5145 551 5199 eos,
582 5146 676 5185 res
706 5130 857 5187 mira
888 5131 900 5186 ι
943 5132 1043 5204 qui
1066 5136 1738 5205 persequebantur.Cum
1769 5140 1964 5194 autem

312 5218 439 5290 jam
472 5235 650 5291 prope
683 5225 979 5293 satrapam
999 5223 1385 5278 accessissent
1416 5224 1647 5280 barbari
1682 5225 1851 5297 quasi
1874 5241 1963 5282 ca-

318 5306 501 5379 ligine
531 5309 785 5380 quadam
820 5326 1023 5365 eorum
1055 5310 1241 5367 oculis
1272 5313 1478 5379 offusa,
1512 5329 1576 5368 ac
1608 5312 1657 5369 si
1688 5312 1835 5368 nihil
1866 5331 1960 5370 eo-

318 5412 451 5451 rum
483 5413 610 5468 quae
641 5399 749 5454 sub
782 5398 968 5455 oculis
999 5405 1166 5455 erant
1203 5401 1961 5476 vidissent,praaternaviga-

318 5485 481 5540 bant.
537 5485 912 5544 Percontatur
957 5489 1340 5561 Athanasius,
1392 5496 1457 5547 ut
1503 5491 1643 5547 olim
1696 5492 1959 5561 Elisreus,

316 5590 493 5647 quem
525 5574 847 5647 imquirant
877 5594 890 5633 :
925 5578 1336 5648 Athanasium,
1399 5581 1754 5653 respondent
1786 5600 1799 5649 ;
1832 5586 1960 5638 tum

314 5661 687 5720 illezPaulum
718 5682 819 5722 vos
836 5667 1305 5740 praecedit,quasi
1322 5668 1648 5743 navigando
1670 5672 1960 5745 quosdam

311 5768 374 5810 se
397 5752 775 5828 insequentes
803 5755 1012 5829 fugiat.
1047 5758 1134 5816 Ita
1164 5760 1393 5833 decepti
1414 5759 1501 5816 illi
1533 5761 1750 5821 animis
1780 5779 1960 5821 exca-

2079 4959 2153 5032 μὴ
2186 4961 2267 5030 τῷ
2310 4957 2555 5033 σατράπῃ
2601 4955 2934 5032 περιπέσωσι
2985 4950 3262 5022 δεδιότων,
3324 4949 3513 5008 πολλά
3557 4971 3729 5026 παρα-

2072 5046 2335 5124 θαρρύνας
2372 5045 2595 5114 ἐκεῖνος,
2641 5044 2731 5099 καὶ
2761 5043 2903 5099 θεῖόν
2948 5063 3001 5097 τι
3048 5043 3111 5099 τὸ
3141 5042 3511 5117 πραττόμενον
3559 5041 3725 5097 εἰπὼν

2074 5132 2301 5194 ἔπεισεν.
2336 5135 2467 5191 Εἶτα
2497 5135 2885 5210 συστρέψαντες
2914 5133 3015 5202 τήν
3041 5131 3284 5206 κεραίαν,
3315 5132 3406 5186 καὶ
3454 5132 3554 5201 τὴν
3597 5135 3724 5185 ναῦν

2073 5226 2149 5288 εἰς
2204 5226 2272 5280 τά
2326 5224 2515 5302 πρόσω
2575 5223 3085 5298 ἀνακρουσάμενοι,
3144 5216 3338 5275 ἔπλεον
3412 5219 3566 5283 εὐθὺς
3623 5227 3727 5290 τῆς

2071 5311 2464 5390 Ἀλεξανδρέων
2501 5358 2515 5384 ,
2581 5310 3008 5388 μεταδιώκοντες
3060 5309 3190 5374 τοὺς
3266 5307 3562 5373 διώκοντας
3596 5357 3612 5383 ,
3663 5311 3728 5366 τὸ

2069 5402 2404 5460 καινότατον.
2443 5410 2527 5466 Ὡς
2570 5400 2627 5457 δὲ
2682 5400 2919 5472 πλησίον
2977 5398 3087 5471 ἤδη
3141 5400 3231 5455 καὶ
3286 5400 3433 5475 παρά
3485 5398 3578 5455 τὼ
3636 5419 3732 5455 σα-

2068 5493 2280 5568 τράπην
2340 5490 2605 5567 ἐγίνοντο,
2638 5493 2690 5546 οἱ
2748 5486 3011 5567 βάρϐαροι
3072 5489 3165 5564 μὶν
3227 5487 3408 5565 ὥσπερ
3455 5487 3604 5551 τινός
3634 5488 3730 5544 αὔ-

2067 5586 2175 5637 τῶν
2212 5579 2427 5658 ἀχλύος
2459 5579 2809 5658 ἐπιχυθείσης
2837 5584 2955 5643 τοῖς
3005 5577 3334 5658 ὀφθαλμοῖς,
3386 5577 3475 5632 οἷα
3517 5574 3727 5652 μηδένα

2066 5674 2174 5727 τῶν
2209 5671 2504 5749 ὁρωμένων
2537 5671 2793 5749 ὁρῶντες,
2814 5667 3144 5743 παρέπλεον,
3171 5668 3489 5730 ’Δθανάσιος
3522 5664 3582 5723 δὶ
3602 5665 3726 5724 τίνα

2072 5765 2305 5836 ζητοῖεν,
2365 5761 2600 5835 καθάπερ
2662 5758 2750 5817 ἐπὶ
2807 5755 3139 5831 Ἐλισσαίου,
3197 5757 3551 5817 πυνθάνεται.
3607 5759 3723 5812 τῶν
