4146 6424
1249 426 1441 515 ViTA
1485 427 1552 487 S.
1599 424 2031 486 ATHANASII
2077 427 2418 492 INCEBTU
2460 433 2851 496 AUCTORE.

3614 460 3754 507 CCIX

346 556 400 616 δέ
445 558 758 618 Ἀθανάσιον
798 557 1260 632 ἀποκριναμένων.
1311 556 1488 630 Μικρά
1535 556 1764 629 προάγει
1818 553 2026 626 ὑμῶνμ

2123 558 2215 612 :ati
2247 559 2535 630 homines,
2570 565 3034 637 insequebantur
3060 587 3193 626 eum
3229 588 3402 644 quem
3435 591 3496 630 se
3536 576 3594 631 in
3628 594 3751 633 ma-

345 646 464 728 ἕφη,
508 649 644 702 κατά
689 646 782 702 τόν
829 646 1020 720 πλοῦν,
1073 646 1238 701 οἱονεί
1283 667 1430 707 τινας
1481 644 1635 698 αύτὸν
1699 641 1993 704 διώκοντας

344 738 621 819 φεύγοντα.
652 736 838 799 Οὕτως
889 737 1244 806 ἀπατηθέντες
1296 737 1346 789 οἱ
1394 735 1489 796 τὰς
1536 735 1725 811 φρένας
1773 731 1993 807 τυφλοὶ,

347 825 695 902 μετεδίωκον,
745 826 802 880 ὃν
854 824 904 880 ἐν
952 826 1136 901 χερσὶν
1192 821 1406 900 ἔχοντες
1459 823 1556 878 οὐκ
1592 823 1906 896 ᾐσθάνοντο.
1940 823 1996 874 Ὁ

344 915 419 986 δὲ,
453 918 517 971 τὸ
556 917 728 990 τάγος
776 915 850 976 εἷς
910 911 1314 986 ’Δλεξάνδρειαν
1355 912 1667 987 καταχθεὶς,
1717 914 1785 984 τῇ
1835 909 1994 964 πόλει

339 993 397 1061 τε
426 1004 619 1080 ἀθρόον
667 1002 1036 1078 ἐπιδημήσας,
1088 1001 1294 1072 ἡδονῆς
1339 1001 1472 1071 ὅσης
1506 1001 1670 1070 αύτῆν
1716 998 1997 1074 ἐμπίπλη-

341 1117 428 1150 σι.
480 1098 736 1149 Τοιοῦτον
792 1094 896 1169 γὰρ
944 1093 1253 1166 ποθουμένη
1298 1087 1422 1165 ὄψις
1470 1088 1754 1160 ἀδοκήτως
1805 1089 1995 1167 ἐπιφα-

339 1191 508 1241 νεῖσα.
544 1185 771 1239 Ἔπειτα
820 1181 1029 1258 ἡσυχίᾳ
1082 1180 1208 1244 δοὺς
1258 1182 1462 1248 ἑαυτὸν,
1496 1179 1621 1242 ὅσος
1673 1179 1795 1250 έξῆς
1837 1180 1864 1233 ὁ
1901 1200 1992 1253 με-

336 1275 462 1345 ταξὺ
492 1273 693 1350 χρόνος
717 1279 816 1342 τῆς
851 1271 1144 1328 Ἰουλιανοῦ
1178 1269 1458 1346 βασιλείας
1490 1269 1801 1345 ἐκρύπτετο.

405 1428 494 1482 27.
530 1425 678 1480 Μετά
735 1422 792 1478 δὲ
846 1427 1016 1478 ταῦτα
1073 1420 1370 1485 Ἰουλιανὸς
1442 1422 1566 1494 μὲν,
1630 1418 1995 1493 ὀνομαστότα-

334 1537 429 1578 τος
460 1519 567 1570 τῶν
620 1514 726 1590 πρὸ
777 1513 941 1568 αὐτοῦ
990 1512 1282 1588 γενόμενος
1329 1511 1406 1573 εἷς
1454 1505 1721 1577 ἀσέϐειαν,
1767 1510 1856 1563 καὶ
1914 1530 1997 1581 μι-

333 1604 502 1679 κροὺς
545 1603 733 1658 κακίαν
773 1603 972 1664 πάντας
1022 1600 1215 1662 αὐτοὺς
1265 1599 1582 1670 ἀποδείξας,
1644 1600 1776 1673 μετά
1838 1597 1996 1674 μυρί-

335 1715 433 1755 ους
485 1691 612 1754 τοὺς
660 1692 796 1746 κατά
843 1696 951 1746 τῶν
1004 1686 1237 1744 εὐσεϐῶν
1298 1688 1581 1762 πολέμους
1633 1688 1865 1765 εὑρίσκει
1907 1688 1997 1742 καὶ

330 1781 498 1844 τέλος
555 1785 664 1836 τῶν
719 1785 975 1856 πονηρῶν
1035 1777 1520 1852 ἐπιτηδευμάτων,
1582 1773 1821 1854 ἀκριϐῶς
1903 1778 1995 1850 μὲν

333 1872 440 1927 οὐκ
471 1868 636 1942 ἄξιον,
670 1872 746 1933 ὡς
797 1875 912 1932 τοῖς
967 1869 1161 1924 ἐκεῖθεν
1212 1867 1624 1943 δικαιωτηρίοις
1675 1867 2000 1940 ταμιευόμε-

329 1983 453 2031 νος,
486 1959 633 2030 πλην
669 1957 793 2014 οὐδὲ
820 1960 897 2021 εἷς
953 1959 1089 2014 ἅπαν
1138 1956 1327 2036 τρίϐον
1375 1955 1720 2034 ἁμαρτωλῶν
1765 1955 2000 2010 δεικνῦον

331 2050 721 2122 εὐθυνομένην.
784 2049 1070 2118 Γοητείαις
1112 2049 1215 2123 γάρ
1269 2069 1379 2102 τισι
1420 2047 1508 2101 καὶ
1556 2045 1854 2120 τερατείαις
1913 2045 2001 2099 καὶ

338 2141 538 2214 μάγων
599 2140 821 2214 τέχναις
873 2136 1058 2192 ἑαυτὸν
1113 2136 1426 2210 ἐπιτρέψας,
1484 2137 1573 2190 καὶ
1618 2138 1716 2204 τὴν
1751 2133 2001 2204 Ἀλεξάν-

333 2228 477 2305 δρου
533 2230 829 2298 κτήσασθαι
887 2225 1190 2282 δυναστείαν
1249 2226 1585 2296 ἀπατηθεὶς,
1645 2227 1757 2279 οἷον
1815 2223 2003 2297 ἐκείνῳ

337 2319 411 2374 τὸ
441 2319 575 2388 ἦθος
603 2319 683 2372 ἀεὶ
715 2315 878 2388 δόξης
931 2313 1091 2390 ἔρωτι
1147 2313 1396 2392 σφοδρῶς
1445 2315 1834 2390 κατεχόμενον,
1887 2315 2005 2368 έαυ-

336 2404 532 2463 τὸνδέ
565 2407 696 2461 εἶναι
753 2404 965 2479 μάλλον
1010 2404 1059 2460 ἐν
1112 2405 1279 2479 ἑτέρῳ
1328 2405 1539 2479 σώματι
1587 2404 1676 2458 τὸν
1728 2401 2008 2458 Μακεδόνα

337 2497 661 2564 πιστεύσας,
717 2496 807 2550 καὶ
859 2495 1088 2570 Πέρσαις
1148 2493 1597 2570 ἐπιστρατεύσας,
1659 2494 1891 2564 ἀνθήσας
1948 2514 2008 2547 τε

337 2593 469 2650 ταῖς
500 2586 742 2662 πρώταις
806 2584 1041 2656 ἐλπίσιν,
1096 2583 1258 2654 ἡνίκα
1308 2605 1361 2638 τι
1423 2584 1560 2658 μέγα
1610 2582 1698 2636 καὶ
1753 2580 2003 2655 λαμπρὸν

339 2678 644 2750 κατορθοῦν
679 2673 916 2748 ἐνόμιζε,
944 2674 1066 2728 τότε
1114 2673 1204 2728 καὶ
1252 2672 1317 2742 ἥν
1363 2673 1506 2747 εἶχεν
1552 2673 1727 2747 ἀρχήν
1764 2672 2007 2747 αἰσχρῶς

341 2760 614 2830 ἀπέϐαλε,
664 2763 753 2818 καὶ
801 2763 892 2817 σὺν
941 2762 1076 2837 αὐτῇ
1124 2764 1223 2832 τὴν
1277 2764 1444 2832 ζωήν.
1497 2762 1655 2833 ΔόΛῳ
1705 2762 1808 2836 γὰρ
1860 2782 2008 2822 τινος

341 2851 692 2928 αὐτομόλου,
724 2854 790 2907 τά
817 2873 877 2907 τε
907 2856 1234 2927 σιτηγοῦντα
1285 2848 1373 2905 διὰ
1400 2851 1489 2905 τὸν
1540 2851 1783 2923 ποταμὸν
1815 2847 2008 2918 πλοῖα,

343 2944 446 3000 καὶ
500 2943 646 3005 ὅσοις
694 2939 889 3004 ἄλλοις
919 2948 986 3011 τῆ
1021 2946 1243 3018 στρατιᾷ
1270 2941 1336 2994 τά
1364 2938 1551 2995 πολλά
1576 2945 1682 2994 τῶν
1717 2937 2010 3012 ἀναλωμά-

342 3055 462 3089 των
506 3032 914 3106 μετεκομίζετο,
972 3028 1165 3085 ἔκδοτα
1210 3034 1289 3102 τῷ
1336 3033 1568 3102 ποταμῷ
1615 3030 2007 3101 ποιησάμενος,

347 3129 462 3198 γῆς
491 3143 550 3176 τε
581 3121 747 3195 ξηρᾶς
781 3116 971 3182 ἐπιϐὰς
1004 3120 1093 3174 καὶ
1139 3116 1371 3196 ἀνύδρου
1414 3119 1503 3173 καὶ
1556 3116 2006 3190 διακεκαυμένης,

349 3210 513 3283 λιμῷ
555 3231 615 3265 τε
653 3209 742 3264 καὶ
807 3207 952 3284 δίψει
1009 3209 1197 3272 πιέσας
1256 3207 1383 3271 τοὺς
1444 3209 1530 3262 ὑπ’
1581 3207 1759 3276 αὐτὸν,
1811 3207 1900 3262 καὶ
1949 3209 2010 3262 τὸ

2106 648 2276 702 nibus
2310 650 2523 707 habere
2555 670 2668 708 non
2702 657 3262 718 animadvertebant.
3304 663 3401 718 Ille
3422 683 3553 720 vero
3583 667 3753 722 celer-

2105 737 2250 792 rime
2267 738 2675 798 Alexandriam
2701 745 2949 819 delatus,
2971 751 3289 822 statimque
3311 755 3516 810 urbem
3535 756 3758 826 ingres-

2106 841 2228 892 sus,
2255 827 2474 897 ingenti
2511 830 2666 886 illam
2701 834 2994 905 voluptate
3023 839 3299 909 replevit:
3337 843 3418 896 uti
3453 844 3599 900 solet
3630 847 3753 901 ﬁeri

2105 930 2237 968 cum
2271 915 2567 988 insperato
2600 922 2961 993 conSpicitur
2990 929 3140 997 quod
3185 929 3572 988 desideratur.
3607 935 3754 991 Hino

2107 1003 2288 1074 quieti
2313 1023 2439 1062 sese
2462 1009 2720 1077 tradens,
2746 1015 2864 1067 toto
2889 1013 3231 1086 imperantis
3247 1019 3468 1076 Juliani
3493 1027 3753 1095 tempore
3817 1065 3822 1070 η

2105 1091 2264 1164 degit
2297 1095 2579 1153 occultus.

2175 1423 2266 1476 27.
2299 1427 2506 1478 Postea
2533 1425 2805 1483 Julianus
2837 1429 3208 1486 decessorum
3242 1435 3504 1491 omnium
3547 1438 3752 1510 impie-

2105 1516 2226 1566 tate
2249 1511 2683 1582 celeberrimus,
2709 1533 2856 1587 quos
2877 1536 3080 1575 omnes
3112 1525 3368 1578 ostendit
3393 1527 3618 1583 malitia
3643 1529 3756 1584 sibi

2106 1600 2275 1672 longe
2298 1601 2622 1668 inferiores,
2658 1610 2789 1675 post
2819 1613 3089 1664 sexcenta
3111 1611 3387 1668 adversus
3411 1615 3538 1685 pios
3570 1622 3754 1673 certa-

2109 1690 2287 1756 mina,
2312 1691 2714 1762 improborum
2766 1712 3006 1766 operum
3050 1699 3269 1755 invenit
3299 1704 3496 1773 finem,
3533 1723 3637 1762 nec
3664 1712 3757 1764 ta-

2109 1797 2242 1834 men
2275 1781 2656 1852 condignum,
2679 1785 2846 1854 quasi
2871 1786 2930 1840 in
2955 1787 3054 1842 illo
3081 1789 3355 1846 tribunali
3393 1795 3503 1849 sibi
3528 1796 3674 1852 iram
3701 1803 3759 1854 et

2111 1869 2465 1940 supplicium
2527 1874 2883 1928 reconderet.
2947 1876 3231 1933 Caeterum
3289 1882 3605 1940 declaravit
3662 1887 3760 1944 ille

2112 1964 2478 2030 peccatorum
2513 1961 2665 2016 viam
2695 1979 2810 2017 non
2842 1981 2969 2020 esse
3001 1972 3171 2038 plane
3219 1969 3443 2028 felicem
3471 1993 3482 2041 ;
3535 1977 3760 2046 prwsti-

2112 2048 2224 2119 giis
2248 2048 2425 2118 enim,
2454 2051 2735 2120 portentis
2757 2057 2813 2107 et
2833 2055 3078 2127 magicis
3105 2058 3603 2121 incantationibus
3625 2084 3760 2123 cum

2113 2153 2240 2191 sese
2259 2137 2535 2204 dedisset,
2563 2143 2736 2211 atque
2758 2142 3033 2214 deceptus
3055 2164 3157 2218 spe
3177 2149 3322 2220 ejus,
3348 2154 3502 2223 quod
3519 2153 3762 2212 Alexan-

2081 2225 2203 2279 dri
2236 2225 2442 2280 fuisset
2503 2227 2638 2282 olim
2695 2231 2923 2302 imperii
2979 2234 3270 2305 potiundi,
3330 2246 3396 2296 ut
3439 2248 3562 2298 erat
3599 2261 3760 2302 sem-

2115 2331 2216 2386 per
2245 2314 2570 2370 vehementi
2600 2316 2794 2388 gloriae
2827 2321 3098 2392 cupidine
3143 2331 3368 2399 captus,
3421 2330 3539 2387 imo
3597 2340 3762 2391 ratus

2116 2420 2177 2458 se
2210 2404 2267 2457 in
2301 2405 2412 2459 alio
2462 2421 2698 2476 corpore
2731 2408 3103 2467 Macedonem
3153 2431 3300 2483 esse,
3358 2418 3518 2476 illato
3567 2426 3760 2481 Persis

2113 2491 2289 2564 bello,
2313 2509 2445 2548 cum
2482 2511 2584 2566 spe
2605 2495 2771 2552 initio
2795 2499 3107 2569 ﬂoruisset,
3133 2521 3199 2559 ac
3222 2511 3453 2577 putaret
3475 2527 3535 2566 se
3562 2514 3764 2586 magni

2116 2582 2420 2654 quidpiam
2444 2601 2508 2639 ac
2541 2585 2797 2656 praeclari
2821 2589 3136 2659 editurum,
3166 2597 3291 2649 tum
3327 2597 3383 2651 id
3413 2601 3569 2669 quod
3600 2582 3759 2659 tene-

2117 2671 2216 2726 bat
2247 2672 2562 2743 imperium
2593 2677 2839 2746 turpiter
2885 2679 3103 2750 amisit,
3153 2688 3208 2737 et
3239 2697 3356 2739 una
3389 2687 3582 2745 vitam.
3617 2691 3762 2748 Dolo

2119 2777 2372 2831 namque
2393 2763 2708 2834 transfugae
2732 2765 3063 2835 cujusdam,
3088 2775 3356 2829 oneraria
3375 2775 3763 2849 importandis

2118 2867 2222 2921 per
2252 2850 2491 2906 fluvium
2527 2852 2838 2909 frumentis
2870 2859 3119 2930 navigia,
3162 2867 3218 2916 et
3248 2863 3503 2936 reliquos
3534 2885 3637 2940 pro
3669 2887 3762 2927 ca-

2119 2943 2375 2994 strorum
2408 2957 2518 2995 usu
2550 2949 2933 3016 commeatus,
2989 2947 3048 3002 in
3082 2949 3324 3007 ﬂuvium
3381 2957 3666 3028 conjecit;
3703 2961 3763 3016 in

2119 3028 2462 3100 aridamque
2491 3034 2550 3084 et
2596 3038 2860 3087 exustam
2901 3039 3116 3092 terram
3176 3056 3448 3111 egressus
3502 3052 3610 3112 est,
3667 3049 3765 3105 ubi

2120 3120 2315 3172 deerat
2345 3135 2532 3189 aqua:
2567 3124 2690 3174 tum
2726 3121 2876 3176 fame
2909 3123 3122 3196 sitique
3146 3130 3234 3182 sui
3266 3131 3464 3187 afflicti
3496 3141 3652 3207 sunt,
3686 3138 3769 3195 ita

2120 3211 2186 3261 ut
2215 3207 2470 3262 maxima
2520 3225 2654 3279 pars
2685 3211 2972 3266 exercitus
3017 3214 3299 3272 interiret.
3362 3223 3576 3279 Deinde
3630 3243 3764 3283 cum

347 3299 502 3356 πολὺ
542 3297 736 3376 σχεδὸν
787 3297 1161 3360 ἀπολωλεκὼς
1217 3302 1314 3351 τοῦ
1373 3296 1794 3373 στρατεύματος,
1825 3294 2009 3366 ἐπειδὴ

2127 3313 2246 3350 rem
2280 3312 2484 3350 omnes
2514 3297 2753 3369 indigne
2786 3300 3022 3368 ferrent,
3048 3307 3103 3357 et
3125 3305 3448 3365 maledictis
3480 3313 3680 3369 multis
3703 3332 3770 3371 ac

347 3390 572 3446 πάντων
630 3387 1068 3464 ἀγανακτούντων
1102 3434 1114 3458 ,
1161 3387 1250 3441 καὶ
1308 3383 1495 3459 πολλῇ
1557 3384 1881 3464 βλασφημίᾳ
1925 3386 2015 3440 καὶ

349 3476 584 3553 γλώσσῃ
616 3476 859 3553 λοιδόρῳ
907 3479 1023 3532 κατ’
1072 3479 1235 3531 αὐτοῦ
1281 3476 1660 3552 κεχρημένων,
1712 3482 1888 3549 παρῆν
1920 3475 2015 3529 αὐ-

349 3567 452 3629 τὸς
508 3567 744 3638 ἱππότης
781 3612 793 3624 .
824 3566 956 3621 Τότε
1008 3564 1319 3639 ἀδημονοῦν
1370 3563 1880 3639 παραμυθούμενος,
1925 3566 2015 3619 καὶ

349 3658 422 3711 τὸ
477 3657 679 3730 κάμνον
732 3664 833 3726 τῆς
882 3662 1133 3731 στρατιᾶς
1184 3655 1563 3727 ἀνακτώμενος
1598 3673 1610 3684 ·
1647 3654 1758 3708 οἷόν
1813 3675 1907 3709 σου
1955 3655 2016 3709 τὸ

355 3744 543 3820 ἔργον,
595 3743 639 3799 ὦ
694 3743 818 3814 δίκη
856 3747 867 3801 l
905 3745 1169 3817 ἀκόντιον,
1221 3743 1319 3798 οὐκ
1365 3741 1463 3797 οἷδ’
1513 3742 1652 3810 ὅθεν,
1703 3741 1791 3797 διὰ
1852 3747 2015 3816 μέσου

356 3832 568 3908 δραμὸν
600 3839 698 3889 τοῦ
733 3834 1052 3910 βραχίονος,
1087 3833 1161 3896 εἷς
1209 3834 1308 3902 τὴν
1362 3831 1531 3903 δεξιὰν
1585 3832 1790 3887 ἐκείνου
1832 3833 2016 3888 πίπτει

356 3921 619 3998 πλευράν.
684 3924 782 3977 Καὶ
841 3925 868 3977 ὁ
922 3924 1015 3996 μὲν
1074 3920 1261 3985 ἄθλιος
1313 3918 1506 3989 ἔκειτο,
1569 3920 1674 3977 έίτε
1729 3924 1875 3998 παρά
1920 3927 2016 3976 τοῦ

359 4012 684 4084 αὐτομόλου
744 4010 989 4086 βληθεὶς,
1043 4009 1148 4066 εἴτε
1190 4012 1337 4072 τινὸς
1385 4012 1474 4066 καὶ
1529 4015 1634 4065 τῶν
1691 4012 1792 4066 ὑπὸ
1834 4017 2013 4086 χεῖρα’

361 4102 590 4178 ἑκάτερα
619 4103 722 4178 γὰρ
762 4102 886 4176 περὶ
939 4102 1101 4156 αὐτοῦ
1149 4098 1558 4176 παραδέδοται·
1605 4099 1710 4156 εἷ’τε
1759 4101 1849 4155 καὶ
1899 4104 2020 4172 θεη-

361 4189 518 4264 λάτῳ
550 4189 768 4266 πληγῇ,
801 4191 830 4245 ’ὁ
862 4188 927 4260 δὴ
977 4191 1066 4245 καὶ
1119 4189 1328 4263 μᾶλλον
1380 4189 1508 4252 τοὺς
1556 4188 1814 4253 πλείονας
1853 4187 1970 4267 ἔχει
2002 4209 2014 4222 ·

358 4279 564 4351 ταύτην
599 4278 656 4335 δὲ
687 4279 841 4354 ὅμως
872 4285 968 4334 τοῦ
1021 4279 1143 4355 βίου
1186 4277 1445 4348 τελευτὴν
1494 4281 1627 4353 μετά
1657 4279 1893 4335 ἐνιαυτὸν
1927 4277 2021 4336 ἕνα

359 4375 466 4438 τῆς
520 4367 799 4444 βασιλείας
848 4369 936 4424 καὶ
991 4376 1164 4443 μῆνας
1223 4368 1365 4422 ὀκτὼ
1416 4367 1702 4442 δεξάμενος
1737 4414 1748 4426 .
1800 4371 2021 4426 Ἔπειτα

363 4461 536 4536 ψήφῳ
592 4463 689 4513 τοῦ
744 4463 972 4534 στρατοῦ
1031 4479 1228 4521 παντος
1283 4453 1540 4520 Ἰοϐιανὸς
1592 4459 1691 4527 τὴν
1749 4457 2022 4533 βασιλείαν

362 4547 691 4604 πιστεύεται.
727 4550 782 4602 Ὀ
817 4555 988 4622 μῆνας
1033 4548 1166 4602 έπτὰ
1215 4547 1408 4620 μόνους
1459 4544 1638 4622 ἄρξας,
1697 4552 1794 4601 τοῦ
1855 4546 2020 4623 όγδου

2128 3385 2402 3440 conviciis
2461 3403 2595 3440 eum
2655 3387 3102 3458 insectarentur,
3162 3411 3339 3466 eques
3392 3399 3516 3470 ipse
3545 3404 3766 3474 aderat,

2126 3479 2193 3528 ut
2222 3475 2626 3530 cohortaretur
2649 3493 2747 3530 eos
2780 3478 2879 3547 qui
2904 3479 3336 3551 desponderent
3367 3489 3653 3559 animum,
3679 3494 3775 3548 de-

2128 3563 2430 3634 fessosque
2454 3570 2756 3619 recrearet.
2788 3567 2966 3631 Quale
2997 3574 3164 3625 tuum
3197 3589 3366 3645 opus,
3391 3593 3422 3632 ο
3455 3577 3635 3634 ultiol
3669 3582 3774 3637 Sa-

2126 3651 2289 3723 gitta,
2320 3650 2515 3706 nescio
2548 3652 2723 3718 unde,
2756 3670 2858 3724 per
2890 3655 3147 3713 medium
3195 3661 3396 3717 volans
3440 3664 3773 3736 brachium,

2127 3741 2186 3794 in
2219 3741 2487 3795 dextrum
2521 3741 2676 3795 cadit
2706 3740 2879 3797 latus.
2931 3745 3084 3800 Tum
3117 3753 3444 3818 prostratus
3475 3759 3563 3809 est
3596 3756 3776 3812 miser

2127 3830 2242 3898 ille,
2277 3830 2394 3884 sive
2425 3847 2458 3884 a
2489 3831 2793 3902 transfuga
2820 3831 2916 3886 illo
2947 3835 3275 3905 confossus,
3318 3841 3436 3897 sive
3468 3860 3500 3897 a
3530 3861 3774 3903 suorum

2129 3919 2366 3992 aliquo;
2403 3925 2718 3990 utrumque
2749 3919 2902 3974 enim
2936 3921 3007 3976 de
3039 3923 3136 3978 illo
3181 3928 3460 3984 traditum
3494 3938 3618 3988 est:
3655 3937 3776 3992 sive

2129 4011 2326 4071 etiam,
2360 4009 2513 4080 quod
2549 4008 2807 4078 plurium
2842 4011 2951 4064 fert
2994 4015 3302 4087 sententia,
3352 4019 3634 4078 divinitus
3681 4024 3775 4080 in-

2130 4099 2284 4153 ﬂicto
2315 4097 2572 4152 vulnere.
2605 4101 2771 4152 Hunc
2822 4100 3042 4155 exitum
3073 4103 3201 4158 vitae
3233 4105 3455 4164 invenit
3511 4117 3774 4182 postan-

2130 4205 2272 4242 num
2303 4186 2535 4258 imperii
2567 4203 2752 4240 unum
2785 4203 3134 4261 mensesque
3165 4200 3312 4249 octo.
3348 4196 3566 4255 Deinde
3597 4203 3779 4260 totius

2130 4276 2418 4333 exercitus
2451 4275 2694 4342 calculo,
2727 4277 2970 4333 Joviano
3005 4279 3314 4352 imperium
3343 4288 3612 4344 traditur.
3663 4294 3772 4356 Qui

2129 4384 2264 4424 cum
2298 4382 2530 4420 menses
2589 4365 2872 4420 duntaxat
2929 4372 3155 4439 septem
3212 4372 3578 4444 imperasset,
3640 4397 3776 4438 cum

2130 4465 2330 4516 octavo
2378 4457 2436 4511 in
2468 4455 2681 4511 Galitia
2712 4457 2963 4527 degeret,
2998 4458 3306 4531 derepente
3335 4465 3511 4520 vitam
3545 4467 3777 4541 clausit,

2132 4564 2337 4605 somno
2370 4547 2622 4601 miscens
2656 4550 2923 4599 mortem.
2972 4545 3107 4601 Post
3165 4549 3332 4605 illum
3393 4554 3781 4628 inauguratur

365 4636 659 4712 γενόμενος
715 4638 852 4692 κατά
907 4639 1006 4706 τήν
1062 4635 1325 4691 Γαλατίαν
1372 4680 1385 4705 ,
1443 4632 1593 4714 ἄφιω
1650 4633 1875 4708 τελευτᾷ
1927 4638 2017 4692 τὸν

2132 4636 2597 4701 Valentinianus,
2631 4633 2732 4705 qui
2759 4650 2892 4687 cum
2926 4634 3102 4690 fratre
3151 4636 3388 4696 Valente
3438 4646 3778 4705 societatem

370 4725 512 4801 βίον,
560 4724 709 4799 ὕπνῳ
760 4727 987 4801 κεράσας
1037 4727 1288 4782 θάνατον.
1335 4723 1776 4787 Οὐαλεντινιανὸς
1835 4726 2016 4799 μέντοι

372 4817 506 4889 μετά
533 4821 715 4870 τοῦτοκ
755 4815 1157 4892 ἀναγορεύεται,
1204 4816 1264 4878 ὃς
1312 4815 1402 4870 τὸν
1456 4812 1686 4894 ἀδελφὸν
1744 4815 2019 4874 Οὐάλεντα

2132 4727 2264 4781 iniit
2289 4723 2541 4796 imperii,
2574 4723 2922 4793 Orienteque
2955 4722 3068 4793 ipsi
3102 4727 3337 4795 tradito,
3389 4731 3448 4787 in
3498 4734 3778 4793 Occiden-

2129 4825 2245 4874 tem
2270 4816 2394 4887 ipse
2412 4819 2543 4886 post
2562 4813 2806 4898 triginta
2825 4813 2968 4898 dies,
2996 4813 3054 4869 in
3072 4815 3404 4892 Galliasque
3426 4829 3778 4898 properavit.

365 4905 627 4959 κοινωνὸν
686 4909 920 4959 ποιεῖται
977 4911 1077 4974 τῆς
1137 4903 1413 4978 βασιλείας
1448 4946 1462 4973 ,
1509 4904 1599 4958 καὶ
1648 4905 1714 4959 τὰ
1778 4906 1914 4982 πρὸς
1971 4906 2130 4977 ἥλιον
2192 4903 2482 4978 ἀνίσχοντα
2526 4897 2800 4975 παραδούς
2853 4896 2996 4977 ἔχειν
3056 4901 3265 4977 ἐκείνῳ,
3324 4907 3484 4973 αὐτὸς
3535 4911 3622 4967 ἐπὶ
3675 4918 3775 4986 τήν

369 4993 593 5068 ἑσπέραν
628 4994 741 5064 μεθ’
774 4993 983 5069 ἡμέρας
1009 4993 1318 5067 τριάκοντα,
1351 4991 1440 5046 καὶ
1469 4993 1564 5055 τὰς
1597 4990 1834 5056 Γαλλίας
1869 4994 2166 5073 ἀπέδραμε.

439 5147 530 5201 28.
565 5140 905 5220 Παραλαϐὼν
965 5143 1054 5199 οὖν
1116 5142 1335 5215 Οὐάλης
1387 5145 1486 5213 τήν
1551 5141 1868 5220 βασιλείαν,
1927 5146 2027 5202 ούκ

371 5233 649 5312 ἐφρόντισε
679 5236 986 5312 θησαυρῶν,
1035 5234 1134 5289 οὐκ
1184 5231 1496 5307 ἐπεμελήθη
1549 5234 1877 5309 χρημάτων,
1913 5234 2028 5291 οὐδ’

371 5323 521 5386 ὅπως
581 5323 640 5379 ἂν
693 5325 858 5402 σχοίη
923 5324 1068 5397 αὐτῷ
1123 5321 1308 5385 καλῶς
1365 5323 1434 5377 τά
1475 5328 1578 5390 τῆς
1632 5332 2026 5396 στρατιωτικῆς

367 5414 568 5484 τάξεώς
599 5435 658 5469 τε
691 5415 780 5469 καὶ
809 5413 1095 5490 ἁρμονίας.
1131 5411 1255 5467 ἀλλ’
1304 5410 1451 5472 ὅπως
1505 5409 1562 5464 ἂν
1593 5411 1659 5464 τά
1688 5411 1782 5484 μὲν
1814 5414 2056 5490 ’Δρεια--

372 5507 566 5556 τιστῶν
612 5502 874 5574 αὐξήσοι,
943 5504 1010 5557 τὰ
1063 5501 1120 5557 δὲ
1165 5506 1270 5556 τῶν
1322 5497 1622 5575 ὀρθοδόξων
1676 5500 1752 5563 εἷς
1806 5497 2026 5558 ἔλαττον

375 5592 516 5660 θείη,
566 5591 656 5646 καὶ
699 5593 888 5669 τρόπῳ
937 5597 1016 5665 τῷ
1063 5591 1223 5647 παντὶ
1272 5587 1515 5663 καθέλοι,
1547 5592 1582 5658 ἡ
1615 5595 1758 5645 πᾶσα
1786 5593 1854 5661 ἦν
1888 5593 2032 5666 αύτῷ

374 5686 474 5748 τῆς
512 5679 788 5754 βασιλείας
818 5681 1057 5760 φροντίς.
1111 5680 1210 5735 Καὶ
1259 5683 1419 5734 τοῦτο
1475 5677 1636 5752 μόνον
1675 5678 1751 5741 εἰς
1783 5677 2032 5756 λαμπρό-

376 5788 515 5839 τητα
542 5769 633 5825 καὶ
683 5766 836 5846 δόξαν
888 5772 1083 5851 ἀρκοῦν
1135 5768 1339 5849 ἔκρινεν
1387 5767 1541 5826 εἶναι.
1596 5766 1771 5847 Ταύτῃ
1814 5791 1900 5828 τοι
1942 5771 2034 5830 καὶ

2205 5149 2294 5203 28.
2328 5149 2576 5218 Accepto
2600 5132 2780 5218 igitur
2798 5145 3014 5203 Valens
3041 5149 3305 5223 imperio,
3336 5171 3448 5209 non
3472 5155 3782 5216 thesauros

2135 5239 2376 5307 curavit,
2397 5253 2512 5290 non
2536 5236 2607 5290 de
2631 5234 2894 5306 pecuniis
2917 5237 3204 5295 sollicitus
3227 5241 3370 5311 fuit,
3399 5261 3514 5300 non
3539 5248 3609 5301 de
3626 5265 3784 5304 exer-

2136 5329 2288 5383 citus
2311 5325 2512 5381 ordine
2536 5322 2983 5396 disciplinaque,
3010 5328 3109 5382 sed
3133 5331 3326 5386 omnis
3371 5332 3454 5388 illi
3500 5351 3642 5391 cura
3671 5338 3783 5396 fuit

2138 5434 2252 5488 quo
2285 5418 2454 5487 pacto
2477 5413 2829 5467 Arianorum
2855 5431 2972 5469 rem
2997 5423 3253 5488 augeret,
3287 5423 3784 5484 orthodoxorum-

2138 5523 2252 5578 quc
2309 5502 2706 5567 imminueret,
2755 5517 2820 5555 ac
2879 5503 3185 5572 quibusvis
3242 5511 3433 5568 modis
3495 5516 3782 5585 perderet.

2140 5594 2302 5660 Quod
2335 5593 2528 5662 ipsum
2564 5589 2676 5646 sibi
2709 5590 2854 5646 satis
2884 5609 3010 5647 esse
3043 5595 3370 5655 aestimabat
3416 5604 3486 5658 ad
3537 5604 3785 5677 gloriam

2141 5700 2207 5739 ac
2238 5681 2629 5754 splendorem.
2659 5679 2847 5742 Quare
2877 5679 3056 5749 brevi,
3080 5683 3406 5758 episOOpos,
3431 5695 3787 5763 sacerdotes,

2141 5772 2436 5843 diaconos,
2489 5783 2708 5842 eosque
2738 5768 2841 5841 qui
2897 5771 3282 5832 monasticam
3312 5785 3552 5854 agerent
3602 5781 3786 5848 vitam
