4146 6378
337 429 452 476 CCX

1730 394 2348 463 PROLEGOMENA.

336 544 615 602 extremis
644 541 839 600 affecit
868 539 1061 597 malis.
1096 539 1246 595 Tum
1295 535 1587 593 Meletium
1632 535 1846 607 pietate
1896 533 1987 588 in-

2115 533 2303 606 μικροῦ
2332 528 2534 591 πάντας
2564 533 2842 606 αρχιερεῖς
2868 548 2929 584 τε
2954 526 3044 583 καὶ
3090 528 3255 602 ἱερεῖς
3305 524 3753 603 διακονουμένους

338 632 793 706 comparabilem
814 631 1136 696 hominem,
1155 626 1511 682 Antiocheno
1530 626 1739 696 dejecit
1755 624 1986 688 throno,

338 722 728 780 Athanasium
785 720 927 776 item
985 734 1263 790 magnum
1327 717 1479 770 inter
1517 714 1764 769 athletas
1795 713 1987 767 virum

338 810 831 885 comprehendere
888 808 1210 879 satagebat.
1271 804 1540 860 Meletius
1598 820 1768 873 porro
1799 800 1988 856 exsilii

340 903 658 958 damnatus
687 904 793 965 est,
828 903 885 952 et
907 913 1025 952 una
1048 913 1182 950 cum
1206 911 1273 950 eo
1298 893 1506 966 pulsus
1532 897 1687 947 totus
1719 890 1990 947 Ecclesiae

341 990 570 1046 clerus:
632 1003 854 1043 necnon
911 984 1083 1040 multi
1145 984 1242 1039 alii
1300 981 1599 1054 praesules,
1633 997 1750 1035 uno
1793 979 1988 1048 verbo,

341 1083 627 1151 quotquot
642 1093 776 1132 cum
797 1075 920 1130 Arii
943 1072 1277 1145 corruptela
1293 1069 1730 1127 communicare
1747 1067 1991 1132 nollent,

340 1166 599 1224 ecclesiis
645 1165 852 1234 exacti,
895 1164 1088 1236 patria
1119 1161 1271 1234 pulsi
1302 1166 1462 1226 sunt,
1515 1158 1904 1214 familiaribus
1935 1159 1994 1210 et

341 1255 603 1329 cognatis
628 1254 858 1326 privati,
897 1251 1333 1308 calamitatibus
1360 1248 1501 1304 item
1531 1252 1590 1303 et
1635 1245 1993 1301 cruciatibus

338 1343 707 1419 gravissimis
727 1341 948 1397 traditi.
967 1340 1113 1395 Cum
1140 1345 1334 1395 autem
1358 1338 1566 1410 ingens
1589 1336 1732 1392 illud
1751 1334 1995 1391 Alexan-

340 1434 529 1490 driam
561 1432 791 1488 illatum
823 1429 1044 1486 bellum
1086 1428 1219 1497 fuit,
1255 1427 1775 1498 praefectorumque
1797 1424 1992 1493 jussa,

341 1525 585 1579 curante
608 1520 888 1585 Eudoxio,
911 1518 1132 1589 ubique
1158 1517 1341 1572 missa
1360 1518 1521 1581 sunt,
1548 1519 1676 1570 tum
1700 1512 1996 1568 maximus

342 1611 442 1668 ille
467 1610 688 1666 athleta
716 1607 1075 1664 Athanasius
1109 1605 1574 1679 persecutionem
1621 1620 1833 1675 passus
1881 1605 1991 1670 est,

345 1716 596 1771 moxque
612 1697 932 1770 capiendus
961 1700 1103 1762 erat,
1128 1711 1263 1750 cum
1289 1693 1440 1749 clam
1461 1708 1736 1764 egressus
1768 1690 1911 1746 urbe
1933 1690 1993 1745 in

344 1795 773 1863 paternumque
831 1786 1131 1858 ingressus
1194 1782 1552 1855 sepulcrum,
1612 1784 1868 1853 quatuor
1917 1778 1996 1834 ibi

346 1895 580 1935 menses
610 1877 916 1949 transegit,
938 1879 1117 1946 atque
1140 1872 1221 1928 ita
1250 1873 1490 1927 brutum
1513 1870 1802 1942 impetum
1825 1873 1882 1925 et
1910 1868 1998 1923 fu-

346 1983 541 2024 rorem
577 1965 796 2021 vitavit.
829 1964 1072 2020 Tatiano
1102 1968 1228 2018 tum
1257 1960 1486 2033 Egypti
1544 1958 1812 2032 praeside,
1861 1956 1999 2012 hor-

347 2057 513 2113 rendi
553 2055 915 2113 Christianos
963 2067 1169 2108 omnes
1216 2055 1273 2108 et
1325 2048 1659 2123 gravissimi
1708 2046 2000 2103 cruciatus

346 2150 731 2218 exceperunt:
756 2160 823 2199 ac
845 2159 947 2216 per
965 2158 1099 2198 eum
1124 2140 1295 2196 multi
1318 2138 1578 2211 martyrii
1604 2138 1778 2192 finem
1803 2134 1999 2208 adepti

349 2239 508 2291 sunt.
541 2241 617 2289 At
644 2233 967 2304 condignas
992 2230 1192 2287 statim
1225 2227 1321 2283 ille
1352 2244 1553 2300 poenas
1584 2226 1715 2296 luit,
1749 2224 1999 2281 fortunis

347 2341 467 2381 una
525 2327 584 2378 et
607 2321 898 2394 dignitate
954 2319 1238 2391 privatus,
1294 2321 1351 2372 et
1406 2315 1478 2371 ad
1510 2315 1651 2382 hac,
1693 2314 1998 2370 oculorum

347 2412 552 2471 morbo
608 2415 950 2475 excmcatus,
1008 2406 1293 2477 valdeque
1333 2402 1748 2460 miserabiliter
1805 2401 2000 2475 palam

351 2501 715 2567 mendicans,
762 2498 882 2553 vita
910 2497 995 2553 sic
1045 2497 1281 2550 functus
1335 2498 1460 2549 est:
1521 2509 1712 2563 neque
1769 2498 2001 2548 mortuo

354 2589 648 2664 quispiam
680 2586 1205 2643 Alexandrinorum
1255 2582 1492 2650 libavit;
1541 2582 1661 2637 imo
1712 2582 1889 2637 etiam
1942 2580 2002 2635 in

354 2682 485 2751 ejus
507 2681 761 2733 statuam
784 2674 1170 2747 etimaginem
1195 2671 1536 2728 debacchati
1559 2674 1717 2741 sunt,
1743 2675 1808 2725 ut
1827 2670 2003 2725 etiam

356 2766 601 2839 fuligine
634 2765 840 2820 faciem
872 2766 999 2833 ejus
1032 2763 1399 2834 inungerent,
1450 2777 1568 2832 qua
1598 2759 1721 2815 sola
1752 2759 1848 2815 ille
1876 2775 2007 2815 vere

358 2858 575 2929 dignus
604 2858 747 2910 erat.
781 2853 891 2909 Sed
924 2852 1044 2908 haec
1085 2852 1323 2924 quidem
1379 2853 1545 2923 gesta
1592 2853 1751 2917 sunt,
1805 2849 2008 2905 traude

347 2947 480 3018 jam
514 2946 909 2999 marcescente
933 2947 988 2998 et
1017 2940 1434 2996 eﬂlorescente.

2095 618 2270 673 τεκαὶ
2302 617 2419 673 ὅσοι
2450 622 2547 673 τοῦ
2609 616 2899 691 μοναδικοῦ
2959 617 3256 694 ἐτύγχανον
3311 616 3454 692 βίου,
3499 615 3754 694 ἐσχάτοις

2097 713 2287 770 κακοῖς
2345 702 2639 783 περιέϐαλε
2673 749 2685 762 .
2742 708 2842 762 Καὶ
2894 712 3057 763 τοῦτο
3117 708 3211 780 μὲν
3270 704 3532 762 Μελέτιον
3590 704 3755 784 ἄνδρα

2096 799 2195 866 τὴν
2230 798 2425 873 ἀρετήν
2469 795 2879 875 ἀπαράμιλλον,
2926 802 3023 852 τοῦ
3067 797 3257 873 θρόνου
3286 803 3388 866 τῆς
3423 797 3752 873 Ἀντιοχέων

2098 885 2345 961 καθῄρει,
2393 892 2554 942 τοῦτο
2608 884 2665 942 δὲ
2716 886 2806 941 καὶ
2852 887 2943 941 τὸν
2976 886 3143 962 μέγαν
3177 890 3367 941 τοῦτον
3403 885 3454 941 ἐν
3488 885 3755 956 ἀθληταῖς

2100 975 2416 1030 Ἀθανάσιον
2499 971 2684 1032 λαϐεῖν
2764 974 3013 1047 ἐπεζήτει
3058 1019 3072 1033 .
3136 974 3233 1031 Καὶ
3310 973 3573 1039 Μελέτιος
3658 977 3752 1049 μὲν

2103 1063 2395 1138 ὑπερορίαν
2445 1063 2845 1135 κατεδικάζετο·
2881 1066 2909 1120 6
2943 1062 3001 1120 δὲ
3046 1064 3138 1120 σὺν
3180 1064 3327 1137 αὐτῷ
3372 1061 3583 1138 κλῆρος
3615 1064 3755 1130 ἅπας

2098 1160 2200 1223 τῆς
2231 1151 2560 1224 Ἐκκλησίας
2606 1153 2895 1225 ἠλαύνετο·
2928 1154 3020 1209 καὶ
3067 1151 3273 1209 πολλοὶ
3323 1151 3381 1209 δὲ
3406 1158 3515 1209 τῶν
3565 1154 3757 1231 ἀρχιε-

2103 1242 2237 1317 ρέων
2295 1237 2494 1317 ἕτεροι,
2553 1244 2645 1298 καί
2700 1245 2895 1306 πάντες
2955 1241 3170 1314 ἁπλῶς,
3227 1241 3344 1298 ὅσοι
3404 1262 3469 1318 γε
3527 1243 3603 1317 μὴ
3652 1249 3758 1313 τῆς

2102 1331 2318 1406 ’Δρείου
2368 1329 2554 1405 λύμης
2600 1331 2890 1409 ἠνείχοντο
2937 1337 3239 1404 κοινωνεῖν,
3301 1331 3598 1404 ἐξωθοῦντο
3660 1333 3756 1406 μὶν

2100 1425 2207 1476 τῶν
2263 1418 2624 1492 Ἐκκλησιῶν,
2672 1420 2975 1492 ἠλαύνοντο
3033 1419 3091 1477 δὲ
3145 1418 3459 1498 πατρίδων,
3513 1420 3651 1497 πρὸς
3700 1420 3759 1478 δὲ

2102 1510 2194 1566 καὶ
2221 1509 2433 1564 οἷκείων
2479 1510 2569 1565 καὶ
2617 1516 2914 1586 συγγενῶν,
2968 1510 3191 1585 ζημίαις
3237 1531 3297 1565 τε
3337 1511 3427 1566 καὶ
3463 1512 3760 1585 τιμωρίαις

2105 1596 2525 1676 χαλεπωτάταις
2574 1598 2890 1671 ἐξεδίδοντο.
2944 1601 3034 1663 Ὠς
3084 1598 3175 1655 οὖν
3208 1602 3236 1656 6
3271 1601 3440 1675 μέγας
3480 1601 3639 1664 οὗτος
3668 1600 3760 1657 καὶ

2106 1688 2183 1751 εἰς
2241 1685 2645 1764 Ἀλεξάνδρειαν
2701 1692 2801 1759 ἧκε
2854 1686 3101 1763 πόλεμος
3136 1736 3151 1762 ,
3209 1690 3299 1744 καὶ
3364 1690 3764 1766 προστάγματα

2102 1780 2210 1832 τῶν
2273 1775 2530 1853 ἐπάρχων
2583 1775 2793 1853 σπουδῇ
2840 1782 2909 1853 τῇ
2957 1776 3217 1850 Εὑδοξίου
3264 1783 3543 1856 πανταχοῦ
3599 1799 3761 1835 κατερ

2104 1866 2371 1940 πέμπετο,
2406 1866 2660 1923 ἐδιώκετο
2706 1864 2765 1923 δὲ
2806 1866 2970 1924 πάλιν
3023 1869 3051 1923 6
3104 1868 3274 1943 μέγας
3305 1868 3462 1931 οὗτος
3517 1888 3762 1947 τρισαρι-

2108 1955 2259 2019 στεὺς
2300 1956 2638 2020 Ἀθανάσιοςο
2688 1955 2798 2028 ἤδη
2856 1956 2915 2013 δὲ
2962 1956 3053 2014 καὶ
3103 1958 3228 2014 ὅσον
3272 1954 3428 2014 οὔπω
3478 1956 3762 2034 ἁλώσιμος

2107 2045 2198 2115 ἦν,
2235 2045 2467 2117 ὑπέξεισι
2518 2047 2612 2120 μὲν
2671 2047 2842 2123 λάθρα
2886 2049 2986 2118 τήν
3036 2045 3220 2121 πόλιν,
3273 2044 3349 2111 εἴς
3392 2068 3513 2103 τινα
3558 2045 3616 2104 δὲ
3662 2068 3763 2105 πα-

2107 2139 2285 2212 τρῷον
2337 2133 2572 2199 καταδὺς
2624 2138 2818 2215 τάφον,
2870 2137 2960 2193 καὶ
3016 2144 3164 2210 μῆνα
3217 2138 3470 2214 τέταρτον
3529 2136 3658 2193 ὅλον
3708 2136 3761 2193 έν

2110 2224 2256 2297 αὐτῷ
2304 2221 2624 2298 διαμείνας,
2676 2225 2845 2301 ταύτῃ
2890 2227 2990 2296 τήν
3041 2224 3244 2302 ἄλογον
3294 2228 3476 2303 ὁρμὴν
3518 2226 3609 2285 καὶ
3661 2247 3764 2302 μα-

2109 2312 2223 2368 νίαν
2283 2311 2521 2384 ἐξέκλινε
2551 2355 2563 2368 .
2615 2318 2872 2369 Τατιανοῦ
2939 2316 3044 2392 γὰρ
3103 2320 3400 2385 τηνικαῦτα
3442 2322 3546 2386 τῆς
3600 2315 3767 2393 Δῖγῦ-

2109 2423 2246 2458 πτου
2303 2402 2738 2477 ἡγεμονεύοντος
2772 2449 2785 2475 ,
2848 2400 3013 2459 δειναί
3072 2403 3422 2479 Χριστιανοὺς
3482 2407 3768 2478 ἅπαντας,

2112 2488 2277 2546 δειναὶ
2329 2491 2419 2546 καὶ
2473 2492 2683 2567 βαρεῖαι
2733 2489 2985 2556 κολάσεις
3035 2488 3374 2567 ἐλάμϐανον,
3422 2495 3514 2551 καὶ
3560 2494 3767 2552 πολλοὶ

2114 2577 2183 2634 δι’
2209 2578 2374 2634 αὐτοῦ
2402 2580 2465 2634 τὸ
2509 2584 2609 2635 τοῦ
2664 2581 2963 2657 μαρτυρίου
3008 2581 3171 2646 τέλος
3220 2580 3498 2659 ἐδέχοντο.
3551 2582 3767 2642 ’Δλλ’ὁ

2119 2668 2213 2743 μὶν
2242 2670 2342 2738 τὴν
2367 2667 2515 2739 ἀξίαν
2565 2668 2719 2732 εὐθὺς
2772 2667 2911 2725 ἔτισε
2955 2668 3135 2742 δίκην.
3183 2677 3291 2743 Τῆς
3341 2694 3401 2729 τε
3447 2674 3551 2749 γὰρ
3583 2675 3767 2739 οὐσίας

2116 2758 2230 2832 ἅμα
2283 2757 2374 2812 καὶ
2428 2764 2530 2827 τῆς
2588 2758 2738 2829 ἀξίας
2792 2759 3120 2838 ἀφαιρεθεὶς,
3180 2763 3317 2838 πρὸς
3374 2760 3432 2819 δὲ
3485 2763 3576 2819 καὶ
3626 2764 3770 2839 νόσῳ

2114 2846 2243 2909 τούς
2290 2844 2607 2924 ὀφθαλμοὺς
2658 2846 3092 2927 ἀποτυφλωθεὶς,
3123 2851 3214 2906 καὶ
3263 2849 3514 2909 ἐλεεινῶς
3565 2852 3771 2933 σφόδρα

2118 2933 2358 3010 δημοσίᾳ
2386 2941 2712 3013 προσαιτῶν,
2757 2939 3109 3018 καταστρέφει
3160 2941 3251 2997 τὸν
3311 2942 3447 3018 βίον,
3504 2942 3646 3018 μηδὲ
3683 2965 3767 3001 νε-

356 3036 474 3108 κρῷ
506 3029 876 3103 σπεισαμένων
937 3028 1083 3100 αὐτῷ
1134 3031 1243 3082 τῶν
1271 3022 1688 3102 ᾋλεξανδρέων,
1748 3022 1893 3079 ἀλλά
1945 3025 2036 3080 καὶ
2091 3023 2280 3080 πολλά
2332 3026 2470 3080 κατὰ
2523 3032 2624 3096 τῆς
2684 3025 2847 3082 αὐτοῦ
2906 3027 3115 3092 εἷ’κόνος
3169 3030 3260 3086 καὶ
3315 3036 3413 3088 τοῦ
3466 3032 3636 3089 τύπου
3664 3040 3769 3105 τῆς

363 3128 581 3200 μορφῆς
634 3117 1129 3194 πεπαρῳνηκότων,
1188 3117 1278 3171 καὶ
1334 3116 1430 3178 τὰς
1484 3110 1637 3188 ὄψεις
1698 3109 1920 3187 ἀσϐόλῳ
1978 3112 2407 3191 διαχρισάντων,
2461 3117 2528 3185 ἧς
2594 3114 2767 3189 μόνης
2827 3116 3030 3181 ἐκεῖνος
3090 3117 3312 3191 ἀληθῶς
3370 3118 3535 3193 ἄξιος.
3594 3120 3775 3181 Ἀλλᾶ

353 3214 525 3266 ταῦτα
554 3209 673 3283 μὲν,
708 3205 814 3278 ἤθη
850 3214 951 3277 τῆς
983 3207 1196 3275 ἀπάτης
1231 3204 1634 3280 μαραινομένης
1665 3203 1755 3258 καὶ
1789 3202 2149 3275 ἀπανθούσης.

427 3336 519 3391 29.
551 3335 686 3400 Quae
738 3350 873 3390 vero
922 3331 1422 3404 Constantinopoli
1481 3331 1763 3387 adversus
1815 3330 2005 3387 ortho-

2191 3330 2282 3384 29.
2314 3330 2384 3385 "A
2413 3326 2471 3383 δὲ
2500 3328 2590 3384 καὶ
2619 3330 2757 3385 κατὰ
2803 3333 2910 3384 τῶν
2968 3328 3272 3406 όρθοδόξων
3332 3333 3423 3390 ἐπὶ
3479 3342 3582 3406 τῆς
3633 3343 3781 3393 Κων-

358 3427 539 3483 doxos
571 3425 868 3480 Eudoxius
912 3421 1254 3496 designarit,
1308 3438 1435 3493 quas
1485 3420 1687 3493 lingua
1716 3436 2008 3487 enarrare,

358 3518 460 3570 aut
490 3512 681 3570 solum
716 3527 1040 3567 memorare
1092 3509 1490 3566 sustinuerit?
1543 3509 1687 3564 Cum
1717 3513 1804 3564 tot
1832 3508 2012 3581 igitur

357 3606 638 3675 tantaque
662 3600 818 3656 maia
839 3600 1028 3673 primo
1066 3597 1462 3654 Valentiniani
1494 3602 1551 3653 et
1578 3596 1838 3653 Valentis
1868 3614 2011 3653 con-

360 3695 558 3747 sulatu
588 3694 776 3745 totum
800 3689 998 3744 orbem
1023 3691 1397 3759 occuparent,
1414 3687 1548 3757 jure
1578 3686 1787 3742 merito
1819 3686 2012 3741 homi—

363 3795 469 3835 nes
499 3777 771 3849 supernis
802 3776 978 3832 etiam
1029 3775 1471 3848 castigabantur
1513 3773 1723 3846 plagis.
1788 3775 2013 3833 Tantus

362 3867 521 3924 enim
552 3866 664 3921 fuit
691 3870 858 3920 terra:
903 3869 1120 3929 motus,
1153 3869 1412 3936 quantus
1460 3880 1764 3933 nunquam
1814 3864 2013 3931 fuerit,

361 3968 492 4018 nec,
524 3957 589 4008 ut
617 3951 866 4017 videtur,
903 3952 1135 4006 t’uturus
1178 3951 1275 4006 sit.
1326 3951 1449 4014 Quo
1498 3967 1630 4005 cum
1682 3952 1859 4008 urbes
1887 3951 2013 4007 alia:

362 4042 605 4110 dirutae;
638 4045 766 4096 tum
797 4040 854 4094 in
898 4045 1065 4095 Creta
1095 4039 1228 4111 plus
1278 4044 1514 4095 centum
1563 4039 1785 4113 ingenti
1843 4042 2016 4097 ruina

361 4147 573 4188 eversa:
603 4134 758 4185 sunt.
794 4132 950 4185 Mare
1004 4128 1143 4183 item
1195 4128 1319 4184 suis
1367 4145 1672 4201 egressum
1723 4129 2016 4187 limitibus

362 4220 632 4292 quaadam
665 4216 790 4273 loca
820 4219 903 4273 ita
951 4217 1278 4286 inundavit,
1313 4220 1377 4272 ut
1425 4217 1638 4274 fundos
1691 4219 2015 4291 permultos

362 4309 527 4381 prius
548 4306 820 4377 arabiles,
847 4313 975 4362 tum
998 4306 1355 4379 navigabiles
1386 4307 1661 4373 efﬁceret,
1695 4325 1818 4363 rem
1851 4309 2015 4365 inso-

359 4397 702 4454 litissimam
733 4414 747 4452 :
783 4396 915 4453 aliis
940 4397 1000 4450 in
1031 4394 1175 4452 locis
1207 4399 1436 4452 tantum
1471 4396 1762 4466 discessit,
1797 4403 1863 4453 ut
1892 4414 2014 4455 me-

362 4487 459 4543 dio
488 4503 667 4543 cursu
693 4485 1037 4559 navigantes
1058 4486 1117 4540 in
1142 4484 1295 4541 sicco
1328 4484 1453 4542 solo
1487 4487 1697 4557 reperti
1729 4486 1870 4543 sint.
1903 4486 2014 4543 Sed

363 4591 438 4631 ne
464 4575 546 4631 ita
565 4575 801 4647 quidem
823 4574 1076 4646 improbi
1099 4573 1393 4642 homines,
1416 4575 1836 4632 communibus
1858 4576 2017 4633 orbis

363 4664 1372 4736 calamitatibus,elementorumque
1386 4664 1815 4720 mutationibus
1826 4680 2019 4721 emen-
2049 4706 2096 4772 D

366 4755 695 4821 dabantur;
740 4753 860 4809 imo
909 4753 1106 4825 potius
1157 4753 1229 4807 ad
1288 4752 1576 4809 malitiam
1637 4752 2016 4810 ferventiores

365 4845 567 4915 postea
596 4845 781 4909 erant,
833 4840 1358 4912 vehementiusque
1405 4840 1616 4895 deinde
1654 4845 1712 4897 et
1761 4839 2016 4898 atrocius

261 4996 269 5003 ,
365 4932 426 4987 in
457 4929 820 4987 Christianos
870 4929 1275 4985 concitabatur
1322 4926 1564 4984 bellum.
1615 4929 1759 4985 Cum
1819 4934 2014 4986 autem

365 5018 675 5076 Athanasii
697 5017 1011 5085 desiderio,
1039 5017 1319 5073 adversus
1359 5016 1740 5087 imperatores
1768 5017 2019 5075 Alexan-

366 5109 575 5168 drinus
606 5109 863 5183 populus
894 5113 1355 5183 exasperaretur,
1389 5112 1446 5164 et
1465 5109 1593 5180 jam
1642 5108 1715 5163 ad
1758 5125 1925 5165 arma
1953 5125 2020 5165 ac

368 5199 715 5256 seditionem
771 5203 1116 5264 verteretur,
1174 5215 1236 5255 re
1292 5197 1496 5254 audita
1548 5196 1782 5265 Valens,
1816 5214 2020 5255 eorum

366 5288 589 5345 veritus
612 5287 933 5345 tumultum
958 5293 1016 5345 et
1045 5287 1376 5354 audaciam,
1399 5288 1744 5343 necessitate
1763 5288 2024 5361 compul-

371 5393 476 5433 sus
496 5381 585 5432 est
603 5376 984 5434 ecclesiarum
1007 5378 1265 5450 regimen
1290 5391 1527 5432 rursum
1567 5374 1880 5432 Athanasio
1901 5382 2020 5433 tra-

371 5466 527 5522 dere.
562 5467 721 5532 Quod
754 5466 850 5523 ille
873 5484 986 5522 non
1019 5466 1180 5523 illius
1210 5464 1398 5540 gratia
1426 5465 1677 5538 agebat;
1712 5466 1813 5520 sed
1863 5468 2020 5538 quod

370 5553 571 5613 nullus
589 5570 658 5609 ex
676 5556 930 5612 subditis
950 5562 1124 5624 esset,
1158 5561 1223 5611 ut
1252 5571 1357 5628 par
1376 5559 1519 5619 erat,
1544 5553 1645 5625 qui
1666 5552 1781 5610 sibi
1803 5555 2023 5612 obtem-

372 5646 619 5718 peraret.
644 5643 766 5709 Quo
788 5643 1011 5700 factum
1029 5649 1141 5715 est,
1164 5647 1230 5701 ut
1275 5642 1349 5700 ab
1379 5642 1640 5700 assiduis
1669 5640 1789 5699 illis
1818 5660 2022 5717 perse-

369 5729 709 5797 outionibus
737 5735 797 5792 et
824 5730 996 5791 bellis
1025 5733 1353 5809 quiesceret
1378 5729 1764 5795 Athanasius.
1817 5734 2021 5796 Gravis

2119 3415 2638 3473 σταντινουπολιτῶν
2710 3416 2967 3489 Εὑδόξιος
3044 3419 3393 3479 ἐπεδείκνυτο
3428 3471 3442 3496 ,
3503 3425 3639 3482 ποία
3691 3446 3778 3490 τις

2121 3507 2180 3562 ἃν
2206 3506 2297 3561 καὶ
2357 3504 2718 3581 διηγήσασθαι
2771 3506 2997 3583 γλῶσσα
3045 3510 3136 3566 καὶ
3192 3518 3565 3591 μνημονεῦσαι
3617 3515 3777 3590 μόνον

2122 3596 2416 3671 ἀνάσχοιτο
2449 3614 2463 3665 ;
2493 3596 2772 3652 Τοσούτων
2823 3595 2916 3652 οὖν
2965 3599 3102 3654 κατὰ
3150 3605 3323 3656 πᾶσαν
3370 3602 3458 3658 ἐπὶ
3488 3610 3589 3674 τῆς
3621 3606 3777 3679 πρώ-

2119 3705 2222 3756 της
2275 3683 2724 3740 Οὐαλεντινιανοῦ
2780 3686 2869 3741 καὶ
2946 3687 3246 3753 Οὐάλεντος
3321 3691 3576 3755 ὑπατείας
3609 3739 3623 3765 ,
3682 3694 3774 3751 καὶ

2119 3771 2464 3843 τηλικούτων
2514 3774 2822 3849 γενομένων
2871 3781 3073 3850 κακῶν,
3125 3779 3348 3844 εἰκότως
3381 3779 3653 3856 ἅνθρωποι
3682 3784 3774 3841 καὶ

2119 3868 2240 3924 ταῖς
2298 3859 2497 3917 ἄνωθεν
2556 3862 2802 3939 πληγαῖς
2861 3863 3227 3926 ἐπαιδεύοντο,
3285 3874 3455 3926 Τοῦτο
3517 3872 3610 3945 μὲν
3670 3874 3775 3950 γὰρ

2123 3951 2344 4024 σεισμὸς
2403 3951 2729 4038 ἐπισκήψας,
2788 3955 2902 4009 οἷον
2965 3952 3088 4010 οὔτε
3152 3958 3179 4012 6
3236 3958 3520 4032 παρελθὼν
3579 3958 3780 4038 ἤνεγκε

2123 4040 2346 4116 χρόνος,
2399 4035 2522 4096 οὔτε
2554 4042 2581 4095 6
2618 4040 2839 4114 μέλλων
2896 4040 3060 4099 οἷ’σειν
3120 4044 3409 4117 ἠλπίζετο,
3462 4035 3781 4114 πολλάς-τε

2125 4128 2300 4192 ἄλλας
2346 4129 2605 4207 ἀνέτρεψε
2650 4136 2757 4186 τῶν
2810 4131 3049 4204 πόλεων,
3099 4136 3188 4190 καὶ
3238 4138 3272 4206 ἡ
3319 4140 3505 4212 Κρήτη
3549 4137 3779 4205 πλείους

2121 4223 2229 4273 τῶν
2260 4219 2457 4290 ἑαυτῆς
2486 4220 2522 4289 ἢ
2555 4220 2741 4275 ἑκατὸν
2774 4220 3018 4297 χαλεπὸν
3054 4221 3164 4279 εἶδε
3191 4230 3396 4299 πτῶμα
3436 4231 3779 4306 κατενεχθεί-

2124 4327 2241 4395 σαςέ
2289 4313 2449 4363 τοῦτο
2500 4306 2558 4365 δὲ
2613 4310 2705 4365 καὶ
2762 4314 2798 4380 ἡ
2857 4309 3120 4383 θάλασσα,
3177 4313 3307 4378 τοὺς
3338 4316 3572 4381 οῗκείους
3617 4318 3780 4395 ὅρους

2125 4394 2473 4479 ἀπολιποῦσα
2504 4442 2519 4469 ,
2577 4400 2725 4462 τινὰς
2787 4402 2880 4473 μὲν
2947 4400 3151 4466 τόπους
3208 4403 3382 4468 οὕτως
3441 4406 3731 4465 ἐπέκλυσεν
3762 4452 3779 4480 ,

2126 4485 2265 4543 ὥστε
2312 4485 2561 4552 πολλοὺς
2619 4490 2709 4545 καὶ
2756 4495 2864 4545 τῶν
2909 4493 3103 4567 πρώην
3157 4494 3436 4570 ἆροσίμων
3484 4495 3782 4572 πλωΐμους

2125 4578 2315 4648 θεῖναι,
2374 4582 2604 4653 πρᾶγμα
2675 4579 2991 4636 καινότατον
3055 4601 3068 4615 ⁸
3129 4583 3350 4660 ἑτέρωθι
3412 4583 3470 4643 δὲ
3522 4592 3781 4644 τοσοῦτον

2128 4665 2330 4736 ἀπέστη
2383 4665 2569 4737 πάλιν,
2632 4668 2708 4731 ὡς
2765 4668 2857 4725 καὶ
2915 4670 3052 4726 κατὰ
3110 4672 3273 4745 μέσον
3323 4675 3415 4729 τὸν
3468 4673 3643 4732 πλοῦν
3694 4675 3785 4732 ἐπὶ

2126 4754 2311 4828 ξηροῦ¹
2340 4759 2437 4811 τοῦ
2485 4752 2714 4835 ἐδάφους
2776 4758 3056 4831 εὑρεθῆναι
3100 4760 3229 4824 τοὺς
3281 4760 3573 4828 πλέοντας.
3625 4762 3785 4821 Ἀλλ’

2127 4841 2252 4900 οὐδὲ
2282 4842 2455 4907 οὕτως
2506 4845 2559 4899 oi
2597 4847 2759 4932 κακοὶ
2805 4853 2927 4911 ταῖς
2973 4855 3184 4913 κοιναῖς
3236 4852 3448 4926 μάστιξι
3494 4861 3598 4925 τῆς
3652 4861 3782 4932 γῆς,

2125 4932 2216 5021 καὶ
2271 4937 2391 4995 ταῖς
2446 4928 2777 5007 μεταϐολαῖς
2821 4941 2927 4994 τῶν
2950 4937 3241 5015 στοιχείων
3301 4928 3783 5021 ἐσωφρονίζοντοέ

2129 5019 2275 5077 ἀλλὰ
2330 5022 2420 5077 καὶ
2481 5024 2802 5101 θερμότεροι
2863 5026 3075 5101 μᾶλλον
3130 5031 3231 5099 τὴν
3289 5019 3480 5088 κακίαν
3513 5031 3782 5109 ἐγίνοντο,

2127 5111 2218 5166 καὶ
2248 5109 2607 5199 σφοδρότερος
2634 5109 2710 5170 ἔτι
2739 5116 2830 5171 καὶ
2862 5115 3253 5194 χαλεπώτερος
3286 5120 3314 5175 6
3345 5123 3483 5176 κατὰ
3531 5128 3784 5199 Χριστια-

2128 5204 2232 5256 νῶν
2265 5197 2429 5278 ᾔρετο
2473 5201 2743 5278 πόλεμος.
2779 5204 2999 5277 Ἐπειδή
3054 5205 3113 5263 δὲ
3156 5208 3313 5283 πόθῳ
3336 5214 3415 5283 τῷ
3443 5197 3587 5285 πρὸς
3625 5212 3787 5268 Ἀθα-

2127 5290 2307 5346 νάσιον
2354 5291 2492 5355 ἅπας
2545 5294 2574 5348 6
2619 5299 2725 5349 τῶν
2768 5294 3167 5374 ’Δλεξανδρέων
3229 5296 3408 5373 δῆμος
3459 5299 3787 5377 ἐτραχύνετό

2127 5400 2187 5434 τε
2215 5380 2351 5454 πρὸς
2381 5380 2509 5444 τοὺς
2565 5389 2916 5460 κρατοῦντας,
2975 5388 3066 5443 καὶ
3123 5384 3232 5459 ἤδη
3296 5389 3433 5463 πρὸς
3492 5387 3639 5445 ὅπλα
3694 5390 3787 5447 καὶ

2130 5469 2311 5523 στάσιν
2345 5470 2486 5544 ὁρῶν
2520 5468 2691 5541 δῆλος
2721 5475 2814 5544 ἧν,
2848 5478 3031 5549 μαθὼν
3065 5479 3093 5533 6
3129 5475 3382 5553 βασιλεὺς
3413 5477 3656 5549 Οὐάλης,
3695 5480 3790 5536 καὶ

2131 5555 2310 5621 δείσας
2348 5560 2446 5629 τήν
2502 5560 2761 5640 ἀναρχίαν
2812 5567 2987 5623 αὐτῶν
3034 5568 3126 5623 καὶ
3172 5567 3235 5622 τὸ
3275 5568 3494 5645 θράσος,
3543 5570 3788 5646 ἠναγκά-

2130 5649 2230 5720 σθη
2269 5648 2360 5704 καὶ
2407 5646 2560 5713 αὖθις
2614 5654 2915 5730 ’Δθανασίῳ
2968 5658 3038 5713 τὰ
3090 5660 3200 5714 τῶν
3260 5654 3601 5727 Ἐκκλησιῶν
3662 5657 3791 5715 ἐπι-

2126 5738 2343 5822 τρέψαι.
2370 5742 2539 5799 Τοῦτο
2588 5738 2648 5801 δὶ
2692 5744 2756 5803 οὐ
2800 5745 3111 5828 θεραπεύων
3161 5745 3366 5806 ἐκεῖνον
3409 5744 3607 5827 ὶποίει,
3654 5745 3788 5811 ἀλλ’
