4146 6392
1441 453 1505 512 S.
1551 452 1980 515 A'l‘HANASlI
2023 452 2212 514 ‘VITA
2255 452 2361 514 EX
2405 454 2719 516 PHOTIO.

3653 476 3794 522 CCXI

378 580 457 636 ὅτι
513 576 728 656 μηδένα
778 581 947 658 εἶχεν,
1007 581 1105 636 ὅσα
1161 578 1296 650 δέοι,
1362 579 1576 656 βασιλεῖ
1630 585 2030 660 πειθαρχοῦντα

2149 585 2360 657 quippe
2408 585 2712 641 calamitas
2761 589 2952 642 totum
3001 589 3321 660 occupabat
3372 590 3690 658 Orientem,
3730 596 3788 649 et

373 677 477 726 τῶν
508 670 787 741 ὑπηκόων.
828 674 994 746 Ὅπερ
1052 671 1140 726 οὗν
1199 671 1520 726 ἀναπνεῦσαι
1576 672 1705 734 τοὺς
1756 673 1878 746 περὶ
1934 673 2025 727 τὸν

379 762 690 816 Ἀθανάσιον
721 760 858 822 τέως
916 765 1020 814 τῶν
1077 764 1319 835 συνεχῶν
1376 758 1636 836 διωγμῶν
1689 761 1904 816 ἐκείνων
1939 760 2027 815 καί

373 855 478 906 τῶν
537 848 799 922 πολέμων
860 847 1155 920 πεποίηκεν
1190 893 1202 905 .
1265 850 1509 924 Ἐκράτει
1585 852 1688 926 γαρ
1747 855 2028 926 πανταχοῦ

372 947 471 1008 τῆς
506 938 779 1008 ἀνατολῆς
807 940 875 993 τὰ
906 936 1072 1009 δεινὰ,
1105 939 1194 993 καὶ
1218 938 1525 1018 ὁμοφύλοις
1557 939 1746 1014 α’ίμασι
1777 946 2028 1014 Χριστια-

374 1031 457 1084 νοὶ
503 1027 928 1105 κατεχραίνοντο
963 1072 975 1084 .
1030 1026 1332 1090 Οὐάλεντος
1384 1026 1440 1083 δὲ
1489 1029 1626 1105 πρὸς
1673 1031 1770 1098 τήν
1829 1030 2032 1083 Ἀντιο-

375 1119 520 1194 χέων
554 1117 932 1192 ἐπειγομένου,
972 1115 1329 1190 μεταλλάττει
1376 1119 1469 1191 μὲν
1504 1115 1760 1187 Εὐδόξιος
1787 1119 1878 1172 τὸν
1912 1119 2026 1192 βίον

377 1209 536 1262 ὁτῶν
589 1206 802 1282 Ἀρείου
853 1203 1144 1280 δογμάτων
1207 1205 1486 1276 ζηλωτὴς,
1544 1207 1634 1261 καὶ
1699 1202 2028 1283 βεϐαιωτὴς,

374 1297 465 1351 καὶ
494 1297 828 1372 προστάτης,
863 1293 1072 1350 ἔννατον
1108 1295 1194 1350 ἐπὶ
1246 1293 1454 1367 δεκάτῳ
1502 1300 1598 1349 τοῦ
1631 1293 1882 1370 διωγμοῦ
1927 1301 2029 1365 τῆς

377 1375 690 1460 ὃρθοδοξίας
749 1382 895 1460 ἄγων
955 1383 1674 1439 ἐνιαυτόνοάντικαθιστῶσι
1735 1383 1792 1439 δὲ
1847 1385 1899 1438 οἱ
1936 1385 2029 1457 μὲν

372 1481 476 1544 τῆς
507 1473 761 1550 χαλεπῆς
796 1473 1010 1545 ’Δρείου
1039 1473 1323 1535 κοινωνίας
1357 1471 1702 1551 Δημόφιλον,
1735 1475 1787 1528 oi
1846 1470 1902 1527 δὲ
1931 1480 2030 1542 τῆς

377 1564 565 1639 ὑγιοῦς
615 1563 705 1618 καὶ
768 1559 1058 1635 ὀρθοδόξου
1120 1561 1314 1636 μοίρας
1381 1562 1673 1639 Εὐάγριον,
1733 1560 1899 1636 ἄνδρα
1941 1561 2031 1616 καὶ

380 1653 522 1730 βίον,
552 1651 643 1706 καὶ
673 1649 862 1725 λόγον,
913 1650 1002 1706 καὶ
1050 1650 1287 1725 τρόπους
1339 1651 1628 1724 ἐπίσημον.
1683 1656 1879 1706 Τοῦτον
1937 1651 2030 1724 μὲν

375 1742 469 1797 οὗν
529 1743 584 1795 αἱ
643 1741 781 1818 ἱεραὶ
834 1745 1019 1817 χεῖρες
1078 1737 1395 1794 ἐτελείωσαν
1448 1739 1784 1811 Εὐσταθίου,
1841 1737 2033 1816 ἀνδρὸς

377 1832 692 1910 ἐπιφανοῦς,
741 1829 831 1884 καὶ
878 1827 1051 1884 πάλαι
1086 1829 1178 1902 μὶν
1213 1829 1288 1891 εἷς
1318 1829 1408 1883 τὸν
1460 1828 1511 1884 ἐν
1569 1829 1880 1906 Ἀντιοχείᾳ
1908 1828 2032 1906 θρό-

371 1943 464 1977 νον
496 1921 841 1998 ἀναχθέντος,
905 1919 1192 1996 ὑπερορίαν
1253 1917 1310 1974 at
1369 1920 1501 1992 μετά
1552 1925 1719 1974 ταῦτα
1773 1941 2028 1997 κατακρι-

376 2012 582 2081 θέντος,
618 2011 720 2065 ὑπὸ
770 2005 1034 2067 Ἰοϐιανοῦ
1071 2029 1130 2063 τε
1175 2005 1326 2070 αὖθις
1370 2007 1774 2080 ἀναλληθέντος
1821 2011 1917 2064 κάν
1961 2013 2030 2084 τῇ

377 2096 948 2155 Κωνσταντινουπόλει
1006 2101 1304 2168 τηνικαῦτα
1358 2103 1476 2159 τοῖς
1542 2095 1851 2172 ὁρθοδόιοις
1913 2097 2031 2153 ἐπι-

380 2187 712 2264 δημοῦντος,
770 2189 828 2243 ’ὃν
889 2185 1017 2243 οὐδὲ
1073 2185 1253 2241 λαθεῖν
1312 2187 1378 2256 ἧν
1409 2189 1509 2258 την
1561 2185 1779 2256 πολλὴν
1825 2187 2029 2257 ἐκεῖνην

381 2277 684 2340 Οὐάλεντος
740 2277 876 2332 κατά
935 2281 1042 2330 τῶν
1102 2273 1403 2351 ὀρθοδόξων
1481 2277 1739 2346 ἀπήνειαν
1786 2321 1798 2334 .
1861 2274 2035 2333 Ἀλλά

379 2368 507 2445 χεὶρ
538 2366 695 2422 αὐτὸν
739 2366 839 2421 οὐκ
871 2365 1036 2440 ὀλίγη
1099 2369 1409 2442 σρατιωτῶν
1465 2367 1598 2439 μετά
1660 2365 1866 2442 βραχύν
1915 2387 2036 2420 τινα

377 2458 582 2535 χρόνον
639 2462 741 2526 τῆς
794 2454 1066 2532 Εὐαγρίου
1123 2454 1461 2531 χειροτονίας
1527 2455 1810 2531 ὑπερόριον
1867 2453 2032 2510 πάλιν

411 2547 424 2568 Ὶ
599 2545 612 2565 Ι
841 2543 852 2564 Ι
994 2563 1006 2577 ⁸
1091 2541 1165 2564 ’ἢκ
1260 2543 1273 2562 \
1411 2543 1423 2562 ν
1453 2544 1463 2560 ν
1715 2541 1738 2560 ἢ
1779 2543 1788 2564 Ι
1916 2544 1929 2563 9

380 2568 458 2609 εις
489 2550 687 2615 Βιζυην
730 2547 956 2614 καθιστη
1051 2561 1176 2598 ουοε
1220 2564 1311 2598 τον
1355 2549 1624 2620 Ευαγριον
1676 2545 1855 2607 ἀοειας
1906 2565 2036 2598 απο-

382 2631 569 2690 λαϐεἷν
621 2635 835 2713 ἀφεῖσα,
895 2631 1020 2687 ἀλλ’
1069 2633 1298 2708 ἑτέρωσε
1353 2632 1598 2688 κάκεῖνον
1660 2634 2034 2708 ἀπαγαγοῢσα,

383 2724 468 2780 ἐπ’
522 2721 614 2798 ἴση
673 2724 1015 2801 ἀμφοτέρους
1084 2725 1154 2796 τῇ
1232 2721 1511 2798 παρρησίᾳ
1581 2729 1683 2792 τῆς
1751 2723 2032 2785 πίστεως.

382 2813 608 2883 Οὐάλης
641 2809 717 2884 δὲ,
746 2814 846 2882 τήν
874 2810 1164 2887 Ἀντιόχου
1196 2807 1543 2882 καταλαϐὼν,
1573 2811 1701 2874 τοὺς
1734 2816 1830 2867 τοῦ
1863 2814 2036 2885 ὁμου-

383 2904 502 2958 σίου
552 2896 882 2976 πρεσϐευτὰς
931 2897 1123 2970 ἀνέδην
1158 2898 1469 2977 ἐπολιόρκει
1498 2921 1557 2954 τε
1583 2901 1672 2955 καὶ
1704 2899 2037 2972 ἀπήλαυνεν,

387 2990 488 3046 οὐκ
535 2987 839 3059 ἐκκλησιῶν
894 2987 1079 3061 μόνον,
1132 2985 1257 3043 οὐδὲ
1306 2988 1569 3058 συνάξεως
1603 3035 1616 3057 ,
1667 2986 1792 3043 οὐδὲ
1846 3011 2038 3044 κοινω-

381 3078 524 3147 νίας,
558 3076 702 3133 ἀλλά
730 3077 821 3132 καὶ
865 3077 1085 3151 βαθμῶν
1135 3077 1224 3131 καὶ
1279 3078 1487 3147 οἰκιῶν,
1520 3078 1608 3132 καὶ
1639 3077 1857 3140 πόλεως
1911 3080 2040 3133 ἀπά-

388 3189 489 3237 σης
520 3163 736 3242 σχεδὸν,
769 3163 878 3236 ἤδη
915 3163 973 3220 δὲ
1000 3167 1090 3220 καὶ
1119 3173 1218 3236 τῆς
1252 3167 1390 3239 ἑῴας
1440 3167 1626 3237 αὐτῆς.
1669 3168 1810 3244 Πρὸς
1866 3164 1922 3222 δὲ
1950 3169 2040 3222 καὶ

387 3253 617 3336 σφοδραὶ
673 3253 930 3318 κολάσεις
1003 3257 1343 3329 ἓπήρτηντο,
1419 3257 1508 3312 καὶ
1561 3256 1786 3319 θάνατος
1845 3256 2038 3319 αὐτοὺς

2060 1964 2109 2028 Β

2139 674 2450 730 Christiani
2482 681 2686 730 mutuo
2710 692 2837 730 sese
2861 678 3146 747 sanguine
3169 678 3525 748 polluebant.
3546 681 3788 738 Valente

2139 780 2310 834 porro
2334 764 2700 819 Antiochiam
2727 765 3004 834 profecto,
3039 765 3215 820 vitam
3249 766 3460 821 clausit
3489 769 3784 826 Eudoxius

2138 853 2351 906 ardens
2406 853 2525 906 Arii
2586 853 2861 908 doctrinae
2912 861 3168 908 assertor
3196 859 3253 909 et
3284 862 3596 927 patronus,
3652 877 3786 915 cum

2138 958 2360 995 annum
2412 942 2834 1012 persecutionis
2884 959 3038 996 sanie
3088 942 3364 998 doctrinae
3406 952 3603 1017 ageret
3633 948 3788 1004 deci-

2140 1047 2303 1084 mum
2328 1046 2571 1084 nonum.
2624 1031 2804 1101 Cujus
2834 1030 2959 1086 loco
2983 1031 3350 1086 substituunt
3371 1035 3595 1089 Arianae
3623 1041 3791 1092 secta

2138 1118 2408 1174 homines
2432 1119 2843 1190 Demophilum
2868 1139 2880 1187 ;
2913 1120 3012 1190 qui
3042 1137 3175 1174 vero
3198 1138 3353 1176 sanae
3381 1127 3436 1177 et
3457 1124 3790 1181 orthodoxae

2140 1207 2323 1280 partis
2355 1214 2548 1275 erant,
2602 1209 2939 1280 Evagrium,
2991 1209 3178 1263 virum
3230 1209 3375 1277 vita,
3433 1228 3702 1270 sermone
3733 1219 3790 1270 et

2141 1297 2405 1351 moribus
2459 1297 2780 1369 insignem,
2835 1314 3008 1368 quem
3051 1297 3352 1354 initiarant
3380 1316 3556 1356 sacrae
3589 1302 3794 1359 Eusta-

2139 1385 2249 1441 thii
2283 1403 2512 1454 manus,
2537 1386 2795 1458 praeclari
2826 1387 2954 1452 viri,
2979 1388 3079 1458 qui
3109 1387 3250 1442 olim
3281 1388 3340 1442 in
3357 1389 3788 1448 Antiochenum

2142 1475 2497 1529 constitutus
2529 1475 2828 1543 thronum,
2864 1480 3065 1547 postea
3093 1475 3295 1531 exsilio
3326 1479 3515 1533 fuerat
3543 1480 3788 1536 damna-

2140 1567 2277 1631 tus;
2329 1580 2396 1618 ac
2427 1580 2664 1618 rursum
2709 1566 2834 1635 (per
2864 1564 3234 1620 Jovinianum
3286 1568 3612 1640 revocatus)
3659 1574 3789 1626 tum

2140 1653 2424 1724 temporis
2453 1653 2954 1725 Constantinopoli
2985 1654 3232 1725 degebat
3262 1671 3396 1710 cum
3428 1657 3788 1725 orthodoxis,

2142 1758 2250 1797 nec
2278 1742 2389 1814 ipsi
2424 1741 2638 1797 latebat
2668 1743 2874 1813 ingens
2906 1743 3005 1797 illa
3035 1742 3297 1798 Valentis
3344 1745 3683 1803 immanitas
3730 1749 3790 1803 in

2142 1831 2512 1886 orthodoxos.
2563 1832 2672 1885 Sed
2705 1849 2917 1886 manus
2947 1831 3116 1886 illum
3149 1845 3262 1888 non
3295 1850 3472 1904 parva
3499 1835 3789 1904 militum,

2143 1920 2298 1975 brevi
2324 1927 2455 1992 post
2476 1921 2704 1992 Evagrii
2728 1921 3154 1976 ordinationem
3179 1922 3437 1978 exsulem
3467 1925 3673 1998 Bizyen
3699 1927 3793 1982 de-

2142 2009 2328 2064 duxit.
2363 2010 2561 2080 Neque
2593 2010 2904 2082 Evagrium
2939 2010 3133 2082 quiete
3164 2011 3275 2066 frui
3309 2029 3482 2083 passa
3520 2019 3638 2084 est,
3689 2016 3790 2071 sed

2143 2096 2324 2152 alium
2359 2098 2599 2153 adduxit
2630 2099 2687 2154 in
2719 2100 2848 2170 ejus
2880 2099 3102 2170 locum,
3151 2101 3224 2156 ob
3255 2117 3451 2172 parem
3487 2104 3796 2176 utriusque

2146 2187 2278 2242 ﬁdei
2310 2189 2650 2242 enarrandas
2701 2187 3048 2244 libertatem.
3092 2189 3304 2244 Valens
3363 2207 3534 2261 porro
3589 2195 3794 2248 Antio-

2144 2276 2337 2331 chiam
2398 2275 2496 2331 ubi
2555 2277 2837 2348 venisset,
2897 2277 3418 2333 consubstantialis
3476 2285 3796 2337 assertores

2145 2365 2524 2437 oppugnabat
2557 2365 2946 2437 pellebatque,
2978 2383 3093 2422 non
3125 2367 3386 2422 ecclesiis
3419 2372 3672 2435 tantum,
3704 2369 3796 2425 vel

2145 2453 2526 2510 conventibus
2558 2459 2614 2509 et
2643 2456 3092 2523 communione;
3137 2456 3237 2510 sed
3271 2456 3447 2512 etiam
3480 2459 3792 2529 gradibus,

2145 2544 2440 2614 domibus,
2467 2545 2610 2598 urbe
2642 2545 2821 2598 ferme
2843 2550 2962 2599 tota
2988 2545 3272 2617 exigebat,
3297 2544 3416 2600 imo
3443 2551 3561 2601 toto
3593 2547 3795 2603 Orien-

2145 2638 2221 2688 te.
2239 2633 2322 2687 Ad
2341 2633 2460 2687 haec
2478 2632 2810 2705 gravissimi
2830 2634 3122 2689 cruciatus
3141 2634 3799 2709 ingruebant,atroxque

2149 2739 2306 2776 mors
2337 2721 2674 2793 excipiebat.
2725 2721 2884 2777 Vidit
2915 2722 3115 2777 isthaac
3146 2722 3391 2778 Orontes
3441 2724 3686 2792 ﬂuvius,
3734 2731 3791 2781 et

2148 2811 2467 2866 Antiochiae
2514 2811 2655 2874 vici,
2685 2811 2836 2877 fora,
2871 2811 3006 2876 vita,
3040 2812 3363 2867 suburbia:
3397 2813 3495 2868 ille
3525 2816 3794 2871 sacerdo-

2147 2907 2274 2956 tum
2299 2901 2584 2972 sanguine
2610 2900 2788 2955 tincto
2810 2899 2989 2969 alveo,
3014 2901 3136 2955 hac
3161 2901 3539 2957 cadaveribus
3563 2903 3798 2974 repleta.

2147 2994 2212 3044 1n
2230 2994 2393 3044 tanta
2410 2989 2586 3060 igitur
2605 2993 2715 3044 tem
2726 2995 3093 3060 pestate,tam
3112 2991 3293 3061 gravi,
3310 2997 3428 3046 tam
3446 2992 3797 3062 vehementi,

2149 3078 2463 3151 praeclarus
2494 3078 2589 3133 ille
2615 3083 2672 3133 et
2693 3096 2943 3150 magnus
2975 3079 3102 3134 vitae
3133 3081 3460 3135 secundum
3493 3081 3677 3136 Deum
3708 3083 3797 3137 in-

2151 3170 2354 3224 stituto
2387 3171 2443 3222 et
2471 3167 2682 3223 virtute
2711 3167 3096 3235 Athanasius,
3148 3173 3282 3240 post
3318 3177 3440 3224 tam
3489 3164 3818 3225 diuturnos‘

2150 3256 2282 3312 illos
2307 3262 2540 3328 propter
2559 3256 2858 3312 Christum
2880 3257 3146 3321 sudores,
3180 3261 3314 3328 post
3342 3257 3442 3313 illa
3466 3275 3570 3329 pro
3601 3258 3800 3314 ortho-

390 3344 637 3423 χαλεπὸς
698 3342 1007 3420 ἐξεδέχετο.
1063 3342 1189 3399 Εἶδε
1237 3345 1484 3419 ποταμὸς
1547 3344 1803 3421 Ὀρόντης
1851 3351 2035 3418 ταῦτα,

2152 3346 2301 3400 doxa
2336 3346 2447 3400 ﬁde
2478 3345 2819 3414 certamina,
2853 3349 2986 3417 post
3014 3345 3272 3401 celebres
3296 3347 3464 3418 fugas
3485 3352 3541 3401 et
3570 3347 3799 3415 exsilia,

389 3436 480 3491 καὶ
531 3435 797 3490 στενωποί
841 3441 941 3503 τῆς
996 3434 1306 3510 Ἀντιόχου,
1355 3435 1444 3488 καὶ
1496 3434 1712 3511 ἀγοραὶ,
1761 3435 1850 3490 καὶ
1905 3433 2043 3507 ὁδοὶ,

391 3525 483 3580 καὶ
527 3525 840 3601 προάστεια·
877 3525 906 3579 6
942 3524 1034 3597 μὲν
1089 3521 1308 3598 α’ίμασιν
1363 3524 1547 3598 ἱερέων
1608 3525 1782 3600 βάψας
1829 3524 1890 3578 τὸ
1936 3524 2046 3601 ῥεῖ-

388 3613 538 3690 θρον,
569 3614 638 3669 τά
669 3612 726 3669 δὲ
761 3614 928 3687 μεστά
969 3614 1237 3686 σωμάτων
1291 3617 1494 3688 νεκρῶν
1546 3613 1906 3688 γεγενημένα.
1959 3615 2045 3669 Ἑν

380 3703 630 3776 τοσούτῳ
658 3703 837 3758 τοίνυν
871 3707 1130 3778 χειμῶνι,
1162 3703 1253 3758 καὶ
1304 3702 1448 3757 οὕτω
1498 3703 1738 3778 μεγίστῳ
1785 3704 1875 3758 καὶ
1918 3725 2047 3782 σφο-

379 3789 648 3868 δροτάτῳ,
677 3792 769 3847 καὶ
811 3793 838 3846 ὁ
897 3790 1152 3868 λαμπρὸς
1203 3792 1363 3854 οὗτος
1416 3792 1507 3846 καὶ
1559 3793 1727 3868 μέγας
1779 3795 1878 3862 τήν
1913 3795 2048 3848 κατά

373 3883 504 3938 Θεὸν
536 3879 818 3936 πολιτείαν
850 3881 941 3937 καὶ
987 3883 1085 3951 τήν
1140 3882 1334 3958 ἀρετὴν
1370 3883 1709 3949 ’Δθανάσιος,
1755 3883 1890 3950 μετά
1917 3882 2046 3945 τοὺς

380 3971 621 4049 μακροὺς
652 3970 887 4033 ἐκείνους
921 3967 1010 4025 διὰ
1041 3973 1269 4047 Χριστὸν
1310 3969 1568 4048 ἱδρῶτας,
1614 3972 1704 4026 καὶ
1748 3973 1874 4033 τοὺς
1912 3972 2043 4052 ὑπὲρ

374 4068 478 4130 τῆς
527 4058 839 4135 όρθοδοξίας
881 4057 1106 4128 ἄθλους,
1154 4061 1244 4115 καὶ
1286 4062 1381 4123 τὰς
1433 4058 1721 4134 ἀοιδίμους
1766 4053 1940 4138 φυγάς
1985 4082 2045 4115 τε

377 4150 470 4204 καὶ
521 4148 752 4224 ἐξορίας,
813 4149 905 4204 καὶ
957 4149 1026 4204 τὰ
1083 4157 1350 4227 περιφανῆ
1411 4149 1647 4226 τρόπαια
1701 4147 1908 4220 πολλὰ,
1965 4154 2044 4222 τῷ

376 4242 476 4293 τοῦ
506 4239 700 4316 θρόνου
733 4239 926 4314 Πέτρῳ
959 4235 1205 4314 διαδόχῳ
1235 4239 1513 4315 προειπὼν
1545 4243 1652 4293 τῶν
1703 4235 2042 4312 μελλόντων,

375 4324 520 4401 ἕκτῳ
567 4329 658 4383 καὶ
705 4331 1121 4404 τεσσαρακοστῷ
1167 4333 1270 4397 τῆς
1331 4326 1630 4404 ἱερωσύνης
1695 4322 1822 4398 ἔτει,
1874 4325 2042 4403 ὀγδόῃ

381 4415 471 4471 ἐπὶ
504 4413 630 4472 δέκα
681 4416 853 4490 μηνὸς
910 4416 1266 4492 Ἰανουαρίου,
1319 4415 1407 4470 ἐπὶ
1453 4423 1555 4484 τῆς
1607 4420 1901 4492 Γρατιανοῦ
1950 4417 2042 4471 καὶ

2156 3440 2212 3490 et
2241 3434 2498 3506 insignia
2527 3440 2744 3506 tropaa
2775 3433 3086 3506 permulta,
3122 3451 3256 3489 cum
3289 3435 3614 3491 successori
3636 3441 3802 3492 l'etro

2158 3525 2354 3579 futura
2399 3524 2880 3596 przenuntiasset,
2938 3529 3098 3579 sexto
3139 3529 3195 3578 et
3225 3525 3676 3598 quadragesimo
3709 3542 3804 3581 sa-

2155 3612 2397 3667 cerdotii
2428 3629 2612 3677 anno,
2645 3612 2870 3667 decimo
2902 3618 3100 3668 octavo
3133 3613 3225 3668 die
3256 3615 3476 3669 mensis
3505 3613 3804 3682 Januarii,

2154 3701 2426 3757 Gratiano
2480 3707 2538 3757 et
2587 3701 2771 3757 Probo
2821 3703 3147 3758 secundum
3191 3701 3565 3771 consulibus,
3624 3703 3804 3758 vitam

2153 3791 2384 3856 clausit,
2411 3795 2608 3862 utpote
2630 3790 2875 3862 quijam
2908 3795 2997 3846 sat
3019 3790 3286 3847 laborum
3319 3796 3374 3848 et
3404 3809 3804 3848 aerumnarum

2156 3882 2540 3953 percepisset,
2592 3880 2840 3951 ideoque
2869 3879 3152 3934 athletam
3185 3881 3540 3951 agonotheta
3570 3897 3808 3936 sursum

2153 3970 2225 4025 ad
2255 3987 2315 4025 se
2336 3971 2610 4035 vocabat;
2645 3975 2710 4024 ut
2729 3985 2865 4023 eum
2888 3968 2986 4024 ille
3018 3968 3432 4038 splendoribus
3464 3975 3522 4025 et
3551 3971 3804 4037 coronis,

2154 4075 2622 4130 arcanorumque
2655 4059 2940 4114 bonorum
2974 4059 3357 4114 retributione
3401 4060 3686 4132 condigne
3718 4075 3807 4114 re-

2154 4153 2508 4203 muneraret.
2533 4148 2666 4210 Quae
2694 4147 2831 4200 faxit
2853 4146 3007 4201 Deus
3031 4150 3096 4201 ut
3117 4151 3174 4202 et
3195 4165 3302 4203 nos
3333 4163 3806 4220 consequamur;

2152 4237 2212 4293 in
2235 4238 2468 4293 Christo
2489 4237 2633 4292 Jesu
2666 4235 2912 4291 Domino
2939 4243 3160 4304 nostro,
3196 4236 3288 4292 cui
3319 4236 3502 4309 gloria
3532 4243 3590 4293 et
3620 4237 3810 4308 impe-

2152 4327 2307 4383 rium
2356 4343 2513 4382 nunc
2560 4329 2618 4382 et
2665 4341 2898 4398 semper
2947 4330 3004 4380 et
3051 4326 3111 4380 in
3161 4325 3377 4382 saecula
3435 4325 3807 4382 saeculorum.

2149 4419 2356 4472 Amen.

378 4500 598 4580 Πρόὸου
658 4503 914 4568 ὑπατείας
968 4505 1032 4559 τὸ
1093 4502 1364 4580 δεύτερον,
1421 4503 1678 4560 καταλύει
1716 4505 1806 4560 τὸν
1871 4504 2012 4580 βίον,
2067 4507 2303 4581 καθάπερ
2359 4504 2558 4564 ἱκανῶς
2616 4501 2765 4572 αὐτῷ
2819 4505 2928 4555 τῶν
2989 4500 3171 4555 πόνων
3239 4500 3329 4555 καὶ
3382 4504 3490 4554 τῶν
3547 4502 3804 4574 καμάτων

380 4594 641 4671 ἐχόντων,
702 4595 794 4650 καὶ
836 4592 926 4650 διὰ
962 4599 1123 4649 τοῦτο
1163 4595 1302 4669 πρὸς
1341 4595 1528 4650 ἑαυτὸν
1562 4593 1762 4650 ἄνωθεν
1822 4599 1920 4649 τοῦ
1979 4595 2318 4672 ἀγωνοθέτου
2364 4589 2871 4667 μετακαλεσαμένου
2908 4590 3001 4644 τὸν
3046 4588 3289 4661 ἀθλητήν
3329 4609 3340 4621 ·
3369 4587 3463 4644 ’ίνα
3498 4595 3618 4652 ταῖς
3677 4591 3808 4664 παρ’

380 4685 571 4740 ἑαυτοῦ
608 4682 777 4740 πάλιν
820 4682 1024 4746 ἐκεῖνος
1065 4681 1420 4760 λαμπρότησι
1458 4683 1548 4738 καὶ
1585 4688 1712 4739 τοῖσ·
1751 4684 2056 4762 στεφάνοις,
2097 4685 2189 4740 καὶ
2253 4688 2375 4744 ταῖς
2438 4686 2547 4736 τῶν
2609 4679 2938 4756 ἀπορρήτων
2982 4680 3194 4754 ἀγαθῶν
3265 4677 3587 4750 ἀντιδόσεσι,
3643 4679 3808 4750 ἀξίως

381 4773 542 4830 αὐτὸν
597 4772 900 4849 ἀμείψηται
961 4774 1034 4828 ῶν
1067 4773 1282 4848 γένοιτο
1311 4773 1402 4828 καὶ
1431 4775 1582 4848 ἡμᾶς
1631 4773 1909 4849 ἐπιτυχεῖν
1943 4773 1995 4828 ἓν
2027 4777 2242 4851 Χρισνῷ
2280 4773 2460 4842 Ἰησοῦ
2491 4775 2572 4842 τῷ
2617 4769 2799 4843 Κυρίῳ
2831 4771 3016 4843 ἡμῶν,
3049 4769 3095 4841 ᾧ
3125 4771 3160 4839 ἡ
3194 4767 3320 4839 δόξα
3366 4769 3456 4822 καὶ
3503 4768 3565 4822 τὸ
3591 4769 3789 4843 κράτος

379 4866 470 4920 νῦν
498 4883 588 4919 και
618 4861 723 4932 ἀεὶ,
754 4863 846 4918 καὶ
876 4861 954 4925 εἷς
981 4861 1110 4924 τοὺς
1135 4862 1336 4926 αἰῶνας
1366 4867 1472 4918 τῶν
1506 4862 1744 4919 αἰώνων.
1778 4865 1978 4936 Ἀμήν.

1186 5170 1480 5264 VITA
1539 5169 2224 5265 ATHANASII
2293 5171 2463 5263 EX
2527 5168 3028 5264 PHOTIO.

391 5485 729 5562 ’Δνεγνώσθη
788 5482 847 5539 ἐκ
904 5486 1022 5562 τοῦῌ
1074 5479 1245 5562 λόγου
1283 5481 1374 5562 ,ὃς
1428 5480 1784 5562 ἐπιγράφεται
1822 5501 1860 5562 μ’
1917 5481 2041 5562 Bias

459 5552 619 5630 4:6on
643 5552 877 5630 ἄθλησις
931 5558 1042 5630 τοῖ’)Δ
1086 5552 1169 5608 ἐν’
1197 5552 1381 5630 ἀγίοις
1442 5552 1653 5630 Πατρὸέ
1706 5557 1914 5630 ,ἡμῶνμ
1946 5558 2044 5609 τοῦ

467 5623 709 5705 μεγάλου
740 5623 1110 5705 ςἈθαναισίου
1193 5623 1489 5705 ἐπισκόπου
1560 5623 1980 5701 ’Ἄλεξανδρείας
2031 5670 2044 5695 ,

463 5695 559 5757 τὸν
587 5697 702 5756 ἴσον
736 5695 1167 5772 διατυπούμενος
1197 5695 1421 5772 τρόπον.

456 5794 524 5850 ’1.
555 5791 615 5847 εο
661 5796 766 5863 τῆς
794 5788 1010 5866 «ἑορτῆς
1048 5785 1247 5868 -καιρὸς
1283 5791 1384 5843 τοῦ
1423 5785 1741 5866 ,ἀρχιερέως
1772 5790 1918 5844 Θεοῦ
1958 5785 2050 5843 καὶ

2074 5492 2122 5556 1)
2158 5485 2351 5540 Lectus
2405 5491 2482 5540 est
2536 5484 2674 5539 liber
2730 5483 2821 5537 cui
2877 5481 3070 5556 titatus
3111 5497 3129 5556 :_

3181 5479 3300 5535 Vita
3358 5493 3453 5534 seu
3504 5480 3808 5534 certamina

2227 5557 2406 5612 sancti
2461 5558 2653 5611 Patris
2709 5555 2888 5610 nostri
2946 5553 3131 5624 Magni
3218 5550 3504 5606 Athanasii
3567 5565 3808 5624 episcopi

2227 5627 2624 5695 Alexandrini,
2677 5627 2810 5695 pari
2856 5623 3009 5679 modo
3057 5624 3413 5694 conscriptus.

2221 5787 2284 5844 -1,
2317 5787 2536 5845 Aderat
2563 5785 2782 5845 festum
2812 5783 3132 5844 sacerdotis
3161 5781 3264 5841 Dei
3305 5779 3669 5856 etmartyris
3694 5783 3808 5839 Pe-
