4146 6378
324 426 488 473 CCXII

1722 397 2148 461 PROLEGOM
2158 399 2310 459 ENA
2325 441 2342 458 .

323 543 420 612 tri,
454 542 624 615 cujus
654 539 999 596 memoriam
1029 536 1416 593 venerabatur
1444 532 1797 589 Alexandria
1827 536 1967 587 tota.

2089 530 2359 606 μάρτυρος
2408 529 2705 601 ἐνειστήκει
2754 528 2980 605 Πέτρου,
3025 526 3115 583 καὶ
3167 524 3549 604 ’Δλεξάνδρεια
3597 532 3744 583 πᾶσα

324 636 399 689 At
429 648 734 689 successor
763 629 920 685 illius
951 632 1190 685 sanctus
1238 624 1563 679 Alexander
1612 626 1742 695 post
1781 620 1977 676 divina

328 721 626 795 mysteria,
651 718 1003 791 insigniores
1032 732 1062 771 e
1094 715 1244 769 clero
1271 712 1534 768 convivio
1566 711 1807 783 excepit.
1827 714 1975 764 Dum

327 815 672 884 pararentur
692 807 911 871 omnia,
943 803 1125 859 cernit
1144 819 1213 858 ex
1232 803 1489 873 quodam
1520 800 1820 871 inaspecto
1852 798 1976 853 loco

326 902 397 955 ad
430 916 593 955 oram
625 896 802 952 maris
852 910 1062 966 pueros
1115 889 1370 962 simplici
1424 888 1619 944 animo
1675 887 1974 951 ludentes,

324 1004 576 1060 quorum
617 986 789 1057 jocus
829 986 955 1039 erat
982 979 1230 1035 imitatio
1261 995 1563 1034 sacrorum
1594 975 1974 1032 terribilium-

325 1095 436 1150 que
468 1074 879 1149 mysteriorum
907 1088 919 1127 :
954 1087 1068 1126 non
1102 1068 1256 1142 quod
1301 1068 1371 1123 ad
1404 1065 1821 1123 contumeliam
1853 1064 1977 1119 haec

326 1167 552 1232 ﬁerent,
584 1163 685 1219 sed
717 1162 840 1218 solo
871 1158 1191 1232 spectaculi
1222 1156 1540 1224 desiderio,
1579 1154 1708 1211 ausi
1740 1158 1879 1210 sunt
1908 1169 1978 1209 ea

326 1274 450 1329 quae
473 1254 689 1312 audere
709 1270 828 1309 non
859 1250 1139 1324 Oportuit.
1168 1249 1319 1303 Tum
1350 1248 1553 1303 eadem
1586 1246 1808 1300 rituum
1840 1242 1976 1298 imi-

325 1345 541 1401 tatione
557 1343 939 1400 Athanasium
960 1339 1300 1411 episcopum
1325 1336 1700 1401 constituere,
1719 1333 1975 1405 reliquos

325 1439 523 1491 autem
573 1434 633 1488 in
673 1430 1154 1497 catechumenos,
1209 1426 1555 1498 baptizatos,
1607 1423 1975 1496 presbyteros

323 1525 464 1580 item
496 1527 553 1579 et
583 1522 859 1577 diaconos
889 1519 1265 1590 deputarunt.
1300 1514 1669 1585 Stupefactus
1694 1512 1854 1567 hisce
1876 1527 1973 1583 ge-

323 1614 433 1671 stis
464 1611 816 1676 Alexander,
868 1623 1079 1679 pueros
1119 1606 1190 1661 ad
1223 1621 1284 1661 se
1314 1605 1447 1659 duci
1469 1603 1670 1674 jubet,
1721 1616 1975 1672 cumque

325 1702 736 1775 comperisset,
800 1716 918 1753 non
976 1697 1131 1752 risus
1175 1699 1233 1750 et
1280 1693 1404 1749 ludi
1453 1708 1625 1748 csusa
1671 1690 1792 1745 haec
1846 1694 1974 1744 acta

325 1794 540 1860 fuisse;
592 1790 690 1846 sed
710 1831 723 1857 ,
757 1793 822 1843 ut
850 1804 918 1843 ex
948 1783 1445 1856 subsequentibus
1475 1781 1833 1846 aestimatur,
1885 1780 1970 1833 af-

322 1882 464 1938 ﬂatu
496 1880 781 1952 quodam,
816 1882 990 1946 atque
1020 1871 1393 1944 simplicitate
1424 1869 1669 1936 mentis,
1720 1868 1778 1923 in
1810 1884 1969 1922 amo-
2001 1912 2049 1977 Β

326 1987 445 2027 rem
484 1969 580 2025 Dei
607 1967 861 2024 excitatae
885 1991 898 2033 ;
921 1967 1210 2036 quotquot
1231 1962 1409 2034 igitur
1431 1959 1664 2015 illorum
1694 1957 1972 2029 baptizati

325 2062 579 2124 fuerant,
605 2074 703 2113 eos
726 2055 913 2124 unxit,
937 2059 1111 2124 atque
1136 2049 1348 2106 Christi
1370 2047 1672 2122 signaculo
1699 2046 1969 2101 initiavit.

321 2147 706 2206 Athanasium
725 2149 920 2201 autem
941 2141 1279 2214 parentibus
1298 2135 1973 2206 commendat,mandata

323 2238 560 2293 tradens
591 2240 656 2291 ut
683 2250 815 2290 eum
858 2229 1190 2302 disciplinis
1231 2226 1556 2296 erudirent,
1603 2230 1662 2281 et
1713 2240 1845 2279 cum
1899 2222 1970 2278 ad

324 2324 775 2382 adolescentiam
798 2319 1144 2394 perveniret,
1178 2316 1310 2384 sibi,
1332 2316 1452 2372 imo
1475 2315 1671 2387 potius
1702 2312 1971 2368 Ecclesiae

325 2416 656 2481 traderent,
688 2410 859 2484 quasi
891 2407 1113 2464 scilicet
1142 2405 1391 2461 alterum
1421 2421 1456 2459 a
1485 2420 1547 2459 se
1576 2402 1839 2458 oblatum
1867 2402 1971 2455 Sa-

323 2503 598 2560 muelem.
624 2502 907 2557 Praestant
931 2498 1111 2570 igitur
1136 2499 1403 2568 parentes
1426 2494 1836 2565 quodjussum
1861 2489 1973 2546 sibi

324 2594 514 2649 fuerat
544 2591 616 2646 ab
646 2590 938 2662 episcopo,
973 2603 1039 2642 ac
1071 2590 1333 2656 tempore
1365 2583 1421 2638 id
1454 2581 1789 2655 postulante
1830 2596 1970 2652 pue-

322 2699 453 2737 rum
486 2680 756 2735 oﬂ‘erunt.
808 2679 993 2743 Quam
1043 2674 1254 2744 accipit
1286 2671 1383 2728 ille
1412 2671 1592 2739 domi,
1642 2668 1971 2741 habuitque

324 2771 495 2825 illum
549 2766 930 2824 consiliorum
984 2762 1323 2837 participem
1371 2777 1437 2817 ac
1470 2758 1700 2832 pietatis
1730 2774 1965 2814 consor‘

323 2864 464 2916 tem.

393 2965 449 3018 2.
482 2966 625 3017 Cum
658 2977 830 3033 porro
861 2958 978 3015 Arii
1010 2958 1203 3014 rabies
1241 2957 1441 3013 orbem
1493 2956 1609 3011 fere
1658 2955 1969 3012 labefacta-

321 3058 439 3123 ret,
493 3052 604 3107 sub
649 3050 885 3105 initium
932 3048 1031 3103 ille
1077 3064 1210 3102 cum
1253 3047 1448 3101 divino
1493 3045 1849 3113 Alexandro,
1904 3061 1970 3099 ac

320 3147 683 3214 postremum
711 3156 814 3212 per
834 3156 895 3194 se
919 3139 1041 3210 ipse
1070 3154 1171 3209 pro
1192 3136 1431 3192 veritate
1454 3134 1785 3191 decertavit.
1821 3134 1967 3188 Nam

319 3230 639 3287 cumArius
655 3233 789 3302 post
810 3227 1233 3299 depositionem
1258 3231 1313 3279 et
1337 3225 1666 3293 anathema,
1690 3223 1968 3295 pietatem

2082 620 2182 688 τὴν
2220 621 2444 692 μνήμην
2478 618 2742 693 ἐγέραιρε,
2793 618 2884 673 καὶ
2940 618 2968 672 6
2997 616 3193 672 τούτου
3244 614 3504 694 διάδοχος
3536 618 3565 672 6
3596 618 3742 695 ἱερὸς

2087 705 2443 784 Ἀλέξανδρος
2509 709 2642 781 μετὰ
2696 708 2791 769 τὰς
2863 706 3007 768 θείας
3064 704 3287 768 τελετὰς
3344 708 3435 762 xui
3504 709 3742 784 τραπέζῃ

2083 795 2211 858 τοὺς
2242 796 2294 851 ἐν
2322 802 2400 869 τῷ
2426 794 2623 873 κλήρῳ
2664 794 2902 872 λογάδας
2945 794 3233 867 ἐδεξιοῦτο.
3267 797 3353 851 Ἐν
3403 798 3449 870 ᾦ
3489 795 3547 852 δὲ
3573 802 3741 852 ταῦτα

2085 885 2463 956 ηὖτρεπίζετο,
2514 889 2614 960 ὁρᾷ
2654 907 2802 948 τινος
2850 885 2901 956 ἐξ
2954 885 3199 940 ἀπόπτου
3244 888 3389 960 παρὰ
3432 887 3530 949 τὰς
3569 882 3738 963 ὄχθας

2082 982 2184 1045 τῆς
2215 973 2489 1046 θαλάσσης
2518 972 2714 1038 παῖδας
2763 975 3024 1048 ἀπλάστῳ
3068 976 3264 1050 γνώμῃ
3312 975 3605 1045 παίζοντας
3648 976 3763 1031 xui'

2082 1064 2144 1117 τὸ
2197 1063 2447 1139 παίγνιον
2501 1064 2736 1138 μίμησις
2785 1065 2854 1133 ἦν
2905 1065 3189 1140 ἱερατικῶν
3236 1064 3327 1119 xui
3360 1069 3599 1144 φρικτῶν
3636 1087 3737 1139 μυ-

2084 1152 2345 1229 στηρίων,
2378 1152 2476 1208 οὐκ
2506 1153 2580 1215 εὶς
2632 1148 2784 1228 ὕϐριν
2835 1152 2969 1208 αὐτᾶ
3012 1154 3429 1230 περιτρέπουσα,
3457 1158 3537 1227 τῷ
3583 1155 3739 1228 πόθῳ

2085 1238 2143 1296 δὲ
2187 1246 2284 1296 τοῦ
2329 1242 2595 1315 θεάματος
2625 1247 2891 1316 τολμῶσα
2938 1242 3029 1297 xui
3076 1244 3144 1297 τά
3188 1241 3498 1316 ἀτόλμητα.
3560 1242 3740 1299 Ἀλλὰ

2083 1331 2186 1405 γὰρ
2210 1332 2301 1385 τὸν
2337 1331 2431 1404 μὲν
2484 1332 2799 1386 Ἀθανάσιον
2852 1331 3147 1387 ἐπίσκοπον
3203 1331 3375 1387 ἐποίει
3404 1336 3440 1403 ἡ
3479 1331 3735 1407 μίμησις·

2081 1418 2144 1473 τὸ
2176 1416 2232 1473 δὲ
2263 1416 2453 1474 λοιπὸν
2488 1417 2564 1482 εἴς
2603 1441 2664 1475 τε
2690 1421 3144 1496 κατηχουμένους
3174 1420 3264 1475 καὶ
3309 1422 3738 1497 βαπτιζομένους

2082 1507 2173 1562 καὶ
2204 1505 2269 1577 δὴ
2308 1508 2385 1571 εἰς
2431 1504 2828 1585 πρεσϐυτέρους
2875 1510 2965 1564 καὶ
3011 1508 3294 1572 διακόνους
3344 1509 3738 1587 ἐσχημάτιζεν.

2083 1594 2413 1672 Ἐκπλαγεὶς
2462 1594 2553 1652 οὖν
2602 1603 2721 1661 τοῖς
2762 1596 3117 1672 τελουμένοις
3149 1601 3177 1654 6
3210 1597 3585 1673 ’Δλέξανδρος,
3618 1599 3738 1676 ἄγει

2081 1686 2219 1762 πρὸς
2253 1686 2437 1741 ἑαυτὸν
2465 1686 2591 1750 τοὺς
2618 1685 2836 1760 παῖδας,
2889 1689 2979 1743 καὶ
3036 1688 3199 1764 γνοὺς
3246 1689 3307 1744 οὐ
3355 1686 3532 1765 χλεύῃ
3572 1695 3741 1745 ταῦτα

2081 1776 2357 1851 γινόμενα,
2390 1773 2538 1849 ἀλλ’,
2590 1777 2663 1839 ὡς
2718 1775 2777 1831 ἄν
2828 1798 2910 1840 τις
2944 1776 3003 1832 ἐκ
3030 1782 3135 1834 τῶν
3169 1773 3547 1849 ἐκϐεϐηκότων
3579 1780 3737 1858 φαίη,

2083 1864 2338 1937 ἐπιπνοίᾳ
2364 1866 2470 1920 τινὶ
2500 1866 2590 1920 καὶ
2616 1870 2801 1943 ψυχῆς
2835 1864 3107 1938 ἁπλότητι
3140 1868 3215 1930 εἷς
3256 1866 3432 1946 ἔρωτα
3476 1867 3738 1946 προδιαν-

2086 1955 2375 2027 ισταμένης
2423 1959 2520 2009 τοῦ
2560 1953 2867 2028 κρείττονος
2899 1975 2911 1986 ·
2956 1955 3071 2010 ὅσοι
3124 1957 3216 2029 μὲν
3288 1956 3463 2012 αὐτῶν
3514 1953 3738 2014 ἐϐαπτί-

2081 2065 2260 2114 σαντο,
2292 2042 2518 2107 τούτους
2552 2043 2839 2120 ἐπιχρίσας
2888 2041 2976 2099 διὰ
3004 2051 3104 2114 τῆς
3148 2046 3199 2101 ἐν
3249 2052 3464 2121 Χριστῷ
3501 2052 3736 2126 σφραγῖ-

2083 2129 2176 2195 δος
2226 2132 2533 2189 ἐτελείωσεν
2571 2155 2583 2168 ·
2626 2134 2938 2188 ’Δθανάσιον
3002 2132 3059 2189 δὲ
3116 2140 3333 2191 τοκεῦσι
3380 2136 3736 2213 παρατίθησιν

2083 2218 2306 2284 ἐντολὰς
2339 2219 2590 2285 δεδωκὼς
2622 2220 2895 2277 παιδεύειν
2933 2223 3026 2295 μὶν
3053 2228 3171 2279 τοῖς
3199 2226 3533 2298 μαθήμασιν,
3556 2220 3738 2295 ἡϐῶν-

2079 2331 2145 2365 τα
2175 2308 2232 2365 δέ
2260 2308 2554 2365 ἀποδοῦναι
2588 2311 2753 2383 αὐτῷ,
2793 2310 3007 2384 μᾶλλον
3064 2310 3122 2368 δὲ
3168 2317 3237 2387 τῇ
3289 2313 3609 2387 Ἐκκλησία,
3661 2315 3737 2379 ὡς

2081 2397 2251 2455 ἄλλον
2281 2401 2403 2455 τινὰ
2435 2399 2703 2474 Σαμουὴλ
2751 2408 2877 2477 παρ’
2921 2402 3096 2457 αὐτῶν
3148 2408 3264 2475 Θεῷ
3303 2404 3737 2479 προσαγόμενον.

2081 2490 2412 2565 Πράττουσιν
2442 2487 2532 2545 οὖν
2584 2490 2637 2544 οἱ
2688 2496 2868 2565 γονεῖς
2924 2491 3000 2553 ὡς
3032 2491 3217 2555 αὐτοῖς
3260 2492 3323 2547 τὸ
3355 2493 3736 2569 ἀρχιερατικὸν

2081 2578 2295 2634 ἐκέλευε
2339 2579 2666 2655 πρόσταγμα
2697 2597 2709 2611 ο
2751 2579 2842 2634 καὶ
2891 2585 2989 2635 τοῦ
3033 2586 3225 2658 καιροῦ
3272 2581 3594 2657 καλοῦντος,
3644 2585 3735 2639 τὸν

2079 2668 2247 2723 παῖδα
2276 2670 2659 2746 προσφέρουσι.
2711 2670 2766 2722 Ὀ
2815 2666 2873 2724 δὲ
2922 2666 3137 2745 δέχεται
3178 2670 3269 2726 καὶ
3300 2671 3630 2749 ὁμοῤῥόσιον
3666 2672 3738 2728 εἴ-

2080 2777 2167 2833 χε,
2211 2758 2301 2812 καὶ
2347 2759 2606 2813 κοινωνὸν
2657 2756 2865 2833 βουλῆς
2918 2759 3007 2813 καὶ
3054 2765 3157 2829 τῆς
3202 2755 3473 2824 εὐσεϐείας
3525 2760 3737 2834 συλλή-

2078 2867 2271 2921 πτορα.

2147 2958 2202 3009 2.
2233 2959 2343 3022 Τῆς
2388 2951 2445 3007 δὲ
2498 2953 2709 3027 Ἀρείου
2761 2953 2965 3023 λύσσης
3020 2959 3218 3031 μικροῦ
3268 2957 3367 3026 τήν
3407 2956 3731 3031 οἰκουμένην

2079 3041 2509 3116 λυμαινομένης,
2559 3040 2808 3105 πολλοὺς
2858 3042 3069 3119 ἀγῶνας
3120 3044 3440 3121 ἀρχομένης
3498 3047 3592 3119 μὲν
3636 3046 3729 3102 σὺν

2076 3129 2418 3207 Ἀλεξάνδρῳ
2443 3136 2522 3203 τῷ
2551 3132 2815 3204 θεσπεσίῳ
2864 3132 3083 3209 ὕστερον
3135 3132 3193 3189 δὲ
3244 3135 3334 3190 καὶ
3381 3137 3495 3190 καθ’
3545 3136 3730 3192 ἑαυτὸν

2080 3221 2211 3295 ὑπὲρ
2257 3228 2361 3290 τῆς
2401 3218 2672 3283 εὐσεϐείας
2703 3219 2990 3293 διήθλησε.
3026 3223 3124 3277 Καὶ
3173 3224 3277 3299 γάρ
3326 3227 3545 3301 ’Ἄρειον
3600 3226 3734 3299 μετά

316 3286 623 3377 simularet
642 3286 904 3388 quidem,
922 3316 1021 3371 sed
1051 3314 1152 3369 illa
1176 3314 1244 3369 ad
1270 3315 1439 3369 breve
1459 3286 1967 3384 tempussimula-

2080 3312 2175 3380 τήν
2208 3310 2512 3387 καθαίρεσιν
2538 3311 2629 3365 καὶ
2672 3311 2735 3365 τὸ
2783 3311 3017 3385 ἀνάθεμα
3067 3286 3491 3389 ὑποκρινόμενον
3540 3316 3607 3370 τὰ
3634 3322 3736 3386 τῆς

314 3411 472 3466 tione
531 3407 795 3464 stabilire
853 3404 1158 3461 moliretur
1208 3403 1606 3474 impietatem;
1651 3401 1711 3456 id
1761 3401 1964 3472 depre-

314 3498 520 3554 hendit
551 3497 787 3569 sapiens
816 3492 1204 3557 Athanasius,
1254 3491 1579 3561 Ariumque
1611 3490 1861 3545 missum
1893 3489 1965 3543 ad

314 3586 669 3643 Alexandriae
683 3584 1025 3657 episcopum
1039 3580 1430 3636 Alexandrum
1450 3597 1485 3634 a
1506 3580 1597 3651 pio
1617 3580 1967 3649 imperatore

314 3674 694 3731 Constantino
712 3671 881 3745 (solet
899 3670 1056 3727 enim
1079 3686 1231 3740 saepe
1248 3667 1418 3724 dolus
1438 3672 1494 3723 et
1514 3667 1771 3723 vafrities
1789 3667 1965 3721 etiam

314 3765 610 3837 sapientes
638 3760 1112 3831 circumvenire),
1158 3774 1229 3814 ne
1259 3758 1614 3829 reciperetur
1643 3758 1962 3813 contendit.

314 3854 565 3920 Deinde,
598 3853 872 3907 defuncto
904 3850 1074 3905 beato
1104 3846 1466 3913 Alexandro,
1508 3847 1632 3918 ipse
1662 3863 1967 3902 successor

315 3943 658 4014 designatus
716 3939 789 3995 ad
846 3939 1072 4008 majora
1126 3952 1254 3991 sese
1290 3934 1567 3991 instruxit
1623 3935 1961 3991 certamina.

314 4031 703 4097 Quamobrem
738 4032 895 4084 totus
933 4025 1339 4081 haareticorum
1382 4027 1571 4079 costus
1618 4040 1753 4079 eum
1795 4025 1962 4096 quasi

314 4136 558 4191 scopum
610 4116 808 4189 posuit
854 4113 1228 4185 loquacitatis
1258 4117 1317 4167 et
1345 4111 1775 4169 calumniarum
1828 4130 1963 4170 sua-

313 4225 467 4264 rum.
517 4212 655 4262 Sese
702 4207 899 4277 itaque
945 4203 1225 4258 adversus
1270 4200 1437 4257 illum
1479 4204 1764 4259 adornant
1793 4203 1965 4259 Euse-

311 4296 447 4354 bius
481 4295 943 4352 Nicomediensis
972 4295 1032 4348 et
1059 4291 1231 4363 socii,
1263 4291 1687 4363 conductisque
1718 4292 1963 4356 quibus-

313 4386 450 4442 dam
508 4383 832 4441 Meletianis
890 4381 1197 4447 haereticis,
1231 4397 1434 4436 eorum
1480 4381 1805 4438 ministerio
1851 4383 1961 4438 cri-

314 4474 477 4537 mina
503 4475 866 4546 confingunt.
919 4475 1180 4539 Quorum
1212 4471 1471 4543 primum
1521 4471 1670 4525 fuit:
1704 4473 1859 4543 quod
1894 4489 1963 4528 ex

311 4564 615 4621 Athanasii
641 4562 884 4619 avaritia
913 4560 1128 4615 lineam
1157 4566 1379 4615 vestem
1410 4559 1659 4631 [Egyptii
1693 4559 1960 4617 Ecclesia

2076 3394 2347 3453 εὐσεϐείας
2385 3444 2398 3467 ,
2457 3398 2735 3473 κρατύνειν
2787 3397 2844 3454 δὲ
2890 3404 2959 3474 τῇ
3013 3402 3148 3477 πρὸς
3203 3401 3393 3479 ὀλίγον
3452 3404 3734 3481 ὑποκρίσει

2080 3488 2477 3564 μηχανώμενον
2508 3488 2576 3542 τὰ
2620 3495 2719 3558 τῆς
2775 3484 3044 3559 ἀσεϐείας,
3098 3490 3342 3569 ἐφώρασέ
3385 3514 3445 3548 τε
3489 3495 3517 3548 6
3569 3495 3734 3573 σοφὸς

2077 3578 2391 3639 Ἀθανάσιος
2419 3621 2432 3645 ,
2486 3577 2576 3632 xui
2630 3576 3003 3634 ἀποσταλέντα
3049 3580 3186 3655 πρὸς
3235 3580 3590 3658 Ἀλέξανδρον
3639 3584 3730 3639 τὸν

2075 3664 2484 3741 Ἀλεξανδρείας
2515 3667 2661 3743 παρά
2688 3672 2786 3721 τοῦ
2825 3663 3077 3731 εὐσεϐοῦς
3133 3669 3402 3743 βασιλέως
3453 3678 3733 3728 Κωνσταν-

2072 3755 2219 3809 τίνου
2269 3752 2405 3829 (οἶδε
2447 3756 2551 3832 γάρ
2598 3753 2872 3819 πολλάκις
2932 3760 3402 3834 μεμηχανημένος
3434 3759 3601 3825 δόλος
3640 3762 3731 3817 καὶ

2072 3843 2200 3906 τούς
2260 3844 2515 3906 συνετοὺς
2575 3842 2941 3920 ἐκκλέπτειν),
3007 3848 3082 3921 μή
3160 3847 3553 3925 παραδέξασθαι
3606 3873 3731 3906 συν-

2074 3931 2401 4007 ηγωνίσατο.
2434 3933 2567 3987 Εἶτα
2593 3938 2689 3988 τοῦ
2721 3932 2771 3988 ἐν
2807 3936 2984 4009 ἁγίοις
3014 3934 3438 4009 τελευτήσαντος
3472 3940 3729 4015 Ἀμεξάν-

2074 4017 2225 4095 δρου,
2272 4021 2431 4083 αὐτὸς
2473 4022 2739 4083 καταστάς
2773 4019 3031 4100 διάδοχος
3076 4027 3215 4099 πρὸς
3262 4026 3461 4101 πολλῷ
3512 4028 3729 4102 μείζους

2073 4110 2289 4185 ἀγῶνας
2339 4107 2679 4168 ἐναπεδύετο.
2731 4112 2824 4166 Διὸ
2876 4114 2966 4168 καὶ
3018 4115 3156 4169 ἅπαν
3204 4117 3267 4171 τὸ
3299 4118 3567 4191 αἱρετικὸν
3607 4118 3728 4174 σόν-

2070 4220 2256 4274 ταγμα
2285 4200 2483 4254 σκοπὸν
2537 4199 2695 4254 αὐτὸν
2742 4208 2846 4270 τῆς
2895 4201 3097 4266 οἰκείας
3150 4204 3503 4280 προύτίθεσκν
3550 4205 3732 4283 γλωσ-

2074 4287 2305 4364 σαλγίας
2350 4310 2409 4344 τε
2449 4288 2540 4344 καὶ
2592 4291 2971 4368 συκοφαντίας.
3021 4295 3469 4372 Συμφράττονται
3513 4294 3579 4366 δή
3630 4298 3732 4370 μά-

2074 4376 2234 4433 λιστα
2260 4380 2375 4433 κατ’
2426 4378 2591 4434 αὐτοῦ
2628 4380 2681 4433 o't
2728 4380 2853 4456 περὶ
2900 4376 3159 4437 Εὐσέϐιον
3206 4384 3297 4438 τὸν
3341 4383 3732 4459 Νικομηδείας,

2071 4468 2160 4522 xui
2197 4468 2508 4541 μισθοῦνταί
2558 4489 2709 4532 τινας
2757 4477 2859 4539 τῆς
2907 4468 3173 4527 Μελετίου
3220 4472 3478 4549 αἱρέσεως
3525 4473 3616 4529 καὶ
3665 4472 3737 4528 δι’

2069 4555 2244 4612 αὐτῶν
2285 4557 2619 4633 κατηγορίας
2670 4557 3086 4635 συρῥάπτουσιν.
3143 4566 3235 4616 Ὧν
3281 4564 3316 4632 ἡ
3374 4563 3733 4641 μὶνετιρώτη,

312 4653 716 4709 Alexandrinae
748 4651 1129 4724 pensitarent.
1161 4648 1491 4704 Secundum
1522 4665 1534 4703 :
1590 4649 1745 4720 quod
1778 4650 1963 4721 impe-

2080 4642 2230 4716 λινῆν
2291 4645 2488 4717 ἐσθῆτα
2538 4647 2667 4709 τοὺς
2746 4647 3080 4723 Αἰγυπτίους
3134 4648 3312 4706 τελεῖν
3366 4656 3434 4727 τῇ
3485 4651 3734 4723 Ἀλεξαν-

313 4743 490 4800 ratori
521 4742 856 4809 insidiatus,
891 4739 1238 4794 Philumena
1268 4738 1526 4805 cuidam,
1571 4737 1670 4809 qui
1701 4740 1966 4810 tyranni-

313 4832 447 4887 dem
478 4830 782 4886 affectasse
811 4828 1134 4895 ferebatur,
1168 4843 1297 4883 sese
1323 4826 1720 4898 adjunxisset,
1764 4827 1968 4899 illique

314 4936 656 4977 crumenam
702 4918 964 4975 misisset
994 4916 1120 4972 auri
1153 4915 1407 4988 plenam.
1436 4915 1696 4971 Tertium
1724 4933 1736 4973 :
1772 4916 1965 4989 lsehy-

311 5028 437 5066 ram
463 5009 788 5082 spectabat,
810 5023 1033 5063 necnon
1064 5021 1331 5061 mensam
1356 5004 1723 5073 subversam,
1750 5011 1807 5062 et
1826 5023 1962 5063 con-

313 5099 562 5155 fractum
594 5096 834 5154 calicem
875 5096 1218 5169 mysticum,
1281 5095 1593 5150 Mareotem
1647 5096 1854 5163 etiam,
1909 5099 1968 5152 et

312 5186 631 5243 Macarium
665 5186 1102 5257 presbyterum,
1157 5184 1405 5254 ejusque
1443 5182 1756 5239 violentam
1788 5184 1964 5240 latro-

314 5292 456 5331 num
480 5276 667 5330 instar
691 5273 1101 5346 irruptionem,
1129 5288 1256 5343 qua:
1278 5272 1478 5327 omnia
1499 5272 1669 5344 quasi
1695 5273 1755 5327 in
1789 5289 1967 5330 scena

314 5364 903 5436 reprcesentabantur.

385 5560 439 5616 3.
472 5559 605 5615 Haec
646 5562 704 5615 et
744 5558 964 5615 similia
1005 5558 1272 5614 dramata
1319 5555 1634 5612 commenti
1678 5558 1965 5615 Eusebius

315 5652 374 5707 et
403 5648 576 5718 socii,
627 5649 700 5704 ad
746 5664 918 5704 aures
964 5663 1033 5703 ea
1079 5647 1353 5702 deferunt
1395 5644 1837 5719 imperatorias,
1892 5649 1966 5705 ad

310 5755 557 5815 tamque
575 5737 947 5799 concitarunt
965 5735 1407 5812 imperatorem,
1420 5751 1595 5797 aecus
1612 5740 1780 5797 antes
1790 5738 1967 5798 Atha-

2077 4731 2246 4811 ’ὁρέων
2302 4735 2361 4790 ἐκ
2403 4743 2505 4806 τῆς
2562 4736 2878 4791 ἈθανΛσίου
2926 4739 3237 4810 πλεονεξίας
3273 4786 3286 4811 ,
3337 4740 3691 4797 συνέπλαττεν
3720 4785 3735 4814 ,

2075 4827 2110 4893 ἡ
2145 4821 2366 4900 δευτέρα
2395 4822 2475 4895 δὲ,
2527 4826 2604 4886 ὡς
2631 4831 2749 4887 τοῖς
2803 4824 3074 4902 βασιλέως
3118 4826 3379 4907 ἐνεδρεύει
3425 4831 3733 4907 πράγμασι,

2076 4912 2408 4999 φιλουμένῳ
2438 4915 2542 4991 γάρ
2581 4935 2709 4985 τινι,
2761 4914 3031 4971 ἐπιθέσθαι
3076 4917 3347 4995 τυραννίδι
3396 4923 3591 4999 φήμην
3639 4919 3738 4975 λα-

2075 4997 2243 5071 ϐόντι,
2301 5003 2532 5080 χρυσίου
2601 5003 2814 5081 πλῆρες
2876 5004 3251 5077 ἐξαποστεῖλαι
3308 4997 3733 5084 γλώσσόκομον,

2076 5093 2370 5148 ὑπετίθετο·
2405 5093 2493 5147 καὶ
2547 5098 2582 5164 ἡ
2614 5094 2770 5168 τρίτη
2826 5095 3070 5172 ’ἰσχύραν
3127 5098 3217 5152 καὶ
3265 5100 3364 5168 τὴν
3419 5099 3740 5177 ἀνατραπεῖ-

2073 5203 2165 5237 σαν
2209 5184 2498 5260 τράπεζαν,
2546 5183 2638 5238 καὶ
2686 5184 2749 5239 τὸ
2806 5186 3067 5260 κατεαγὸς
3131 5187 3387 5261 μυστικὸν
3442 5190 3736 5265 ποτήριον,

2072 5271 2163 5326 καὶ
2218 5272 2309 5326 τὸν
2366 5272 2686 5348 Μαρεώτην,
2725 5273 2815 5328 καὶ
2869 5276 3144 5350 Μακάριον
3198 5271 3588 5355 πρεσϐύτερον,
3644 5276 3738 5332 καὶ

2072 5362 2171 5430 τὴν
2200 5360 2495 5435 λῃστρικὴν
2546 5360 2710 5417 αὐτοῦ
2762 5360 2971 5441 ἔφοδον,
3022 5365 3113 5419 καὶ
3161 5365 3225 5420 τὸ
3274 5366 3373 5421 ἀνὰ
3424 5373 3588 5422 πᾶσαν
3638 5367 3740 5436 τὴν

2075 5450 2400 5523 οἰκουμένην
2428 5452 2732 5525 θεατρισθὶν
2766 5448 2949 5527 δρᾶμα
2978 5460 3317 5525 σκηνοποιεῖ.

2145 5560 2196 5614 3.
2229 5561 2404 5611 Ταῦτα
2447 5556 2538 5611 καὶ
2593 5560 2798 5613 τοιαῦθ’
2848 5556 3009 5637 ἕτερα
3064 5562 3273 5640 οἱπερὶ
3304 5557 3564 5619 Εὖσέϐιον
3617 5559 3746 5639 δρα-

2079 5647 2569 5724 ματουργήσαντες,
2624 5646 2702 5710 εἷς
2747 5647 2916 5713 ἀκοὰς
2966 5650 3231 5730 ἐνηχοῦσι
3280 5654 3378 5715 τὰς
3428 5649 3741 5730 βασιλικὰς,

2072 5737 2163 5795 καὶ
2188 5739 2426 5795 κινοῦσιν
2457 5735 2535 5802 εἶς
2581 5735 2773 5818 ὀργήν
2805 5738 3183 5821 αἰτιασάμενοι
3212 5786 3228 5818 ,
3263 5739 3348 5800 ὅτι
3396 5738 3489 5800 καὶ
3521 5744 3741 5824 ’Ἀρειον
