4146 6416
1301 437 1367 497 S.
1414 437 1845 498 ATHANASII
1890 437 2076 500 VITA
2124 440 2227 499 EX
2267 440 2583 500 PHOTIO.

3487 456 3677 502 CCXIII

281 563 563 642 βασιλικοῖς
602 564 692 619 καὶ
743 566 1031 642 γράμμασι
1079 587 1168 621 και
1213 568 1595 644 προστάγμασι
1648 568 1905 624 πεποιθό-

2030 571 2276 641 nasium,
2311 572 2467 644 quod
2498 571 2699 626 Arium
2722 570 3348 644 imperatoriislitteris
3378 575 3435 628 et
3456 573 3681 643 jussio-

277 676 351 729 τα,
396 653 563 709 καίτοι
610 655 680 709 τὰ
735 655 869 731 ὀρθὰ
917 660 1250 734 φρονοῦντα,
1302 656 1403 711 οὐκ
1447 659 1711 733 ἠνέσχετο
1762 655 1906 728 δέξα-

279 746 395 800 σθαι.
428 744 549 798 Κατ’
576 743 742 799 ἐκεῖνο
794 742 851 799 δὲ
892 750 1084 823 καιροῦ
1132 744 1222 801 καὶ
1278 744 1365 800 ἐπὶ
1413 747 1481 801 τὰ
1527 753 1637 802 τῶν
1676 753 1907 821 Ἰεροσο-

279 831 447 907 λύμων
493 832 731 909 ἐγκαίνια
781 831 977 910 σχεδὸν
1043 836 1239 898 πάντες
1285 836 1541 910 συνῄεσαν
1591 837 1643 891 οἱ
1692 836 1908 892 ἐπίσκο-

273 943 356 978 ποι
389 940 400 954 ⁸
454 923 542 977 καὶ
585 924 781 1001 γράφει
832 930 1232 987 Κωνσταντῖνος
1285 926 1313 979 6
1360 922 1590 996 εὐσεϐὴς
1653 925 1906 1000 βασιλεὺς

271 1011 419 1067 πάλιν
448 1009 779 1087 συλλεγῆναι
825 1010 1045 1068 σύνοδον
1095 1014 1440 1089 ἐποψομένην
1484 1014 1516 1069 ἃ
1563 1010 1822 1071 διέϐαλλέ
1849 1036 1910 1070 τε

272 1101 560 1157 Ἀθανάσιον
611 1102 701 1156 καὶ
760 1102 793 1156 ἃ
855 1104 1072 1175 συνίστη
1126 1104 1218 1158 τὸν
1276 1106 1515 1180 νΑρειον.
1570 1105 1669 1159 Καὶ
1723 1104 1768 1159 εἰ
1815 1105 1909 1178 μὲν

271 1189 449 1268 φθόνος
479 1188 864 1262 ὀοθοδοξοῦντα
909 1192 999 1247 τὸν
1052 1194 1269 1268 Ἀρειον
1321 1200 1425 1263 τῆς
1470 1192 1801 1263 Ἐκαλησίας
1834 1192 1910 1248 δι-

269 1278 495 1350 έστησεν,
527 1277 603 1343 ε’ίς
637 1280 857 1356 εἰρήνην
908 1276 1240 1355 συμϐιϐάσαι
1271 1283 1372 1351 τῆν
1417 1279 1689 1337 διάστασιν
1723 1302 1736 1316 ·
1772 1283 1817 1337 εἰ
1853 1281 1911 1338 δὲ

270 1367 417 1431 αὐτὸς
446 1367 621 1444 ἀπάτῃ
664 1370 957 1446 κέχρηται,
988 1370 1066 1433 εἰς
1110 1368 1521 1448 ’Δλεξάνδρειάν
1566 1393 1625 1426 τε
1675 1369 1908 1446 διαπεμ-

266 1459 494 1535 φθῆναι,
552 1458 710 1514 κάκεῖ
765 1458 856 1514 σὺν
919 1454 1167 1537 ἀκριϐείᾳ
1226 1461 1313 1515 ὑπ’
1375 1460 1607 1531 ἐξέτασιν
1666 1460 1906 1536 ἄγεσθαι.

264 1550 361 1617 Τήν
405 1544 461 1603 δὲ
516 1545 796 1624 διάσκεψιν
843 1550 945 1619 τῆν
995 1549 1120 1627 περὶ
1172 1550 1483 1606 Ἀθανάσιον
1548 1549 1639 1604 καὶ
1688 1552 1907 1627 ’Δρειον

262 1637 657 1712 πορευομένους
707 1637 795 1693 ἐπὶ
840 1639 911 1693 ’ιᾶ
955 1636 1311 1715 Ἱεροσόλυμα
1360 1636 1490 1694 ὁδοῦ
1537 1640 1810 1715 πάρεργον
1859 1639 1911 1695 ἐν

261 1724 408 1800 Τύρῳ
461 1728 790 1797 ποιήσασθαι
825 1771 838 1787 .
878 1728 1203 1801 Τριακοστὸν
1251 1725 1309 1782 δὲ
1360 1727 1484 1782 τότε
1534 1727 1729 1797 ἠνύετο
1791 1727 1908 1792 ἔτος

260 1819 355 1882 τῆς
402 1815 803 1871 Κωνσταντίνου
858 1815 1136 1891 βασιλείας
1173 1861 1186 1874 .
1239 1816 1533 1888 Ἑξήκοντα
1581 1815 1638 1872 δὲ
1693 1817 1909 1873 ἐπίσκο-

259 1924 345 1958 ποι
374 1905 472 1975 τήν
504 1904 560 1960 ἐν
593 1904 751 1982 Τύρῳ
782 1904 1003 1961 σύνοδον
1037 1905 1633 1981 ἐπλήρουν,Διονυσίου
1649 1912 1747 1963 τοῦ
1773 1909 1907 1963 ὑπα-

256 1998 402 2047 τικοῦ
432 1996 766 2071 συνάγοντος
794 1994 1012 2069 αὐτοὺς,
1066 1996 1179 2069 μεθ’
1212 1997 1274 2051 οὗ
1316 1998 1406 2052 καὶ
1437 1998 1464 2051 ὁ
1503 2004 1604 2066 τῆς
1638 1996 1908 2074 ἐπαρχίας

260 2079 436 2158 ἄρχων
466 2084 563 2139 καί
612 2105 755 2148 τινες
800 2089 905 2139 τῶν
937 2084 988 2141 ἐν
1022 2084 1171 2141 τέλει
1215 2089 1283 2160 τῇ
1333 2084 1540 2159 συνόδῳ
1571 2084 1907 2162 συνέδρευον·

259 2179 427 2248 παρῆν
457 2171 515 2229 δὲ
561 2174 651 2228 καὶ
683 2175 1019 2245 Ἀθανάσιος,
1050 2173 1198 2229 ἀλλά
1242 2174 1333 2230 καὶ
1382 2176 1661 2252 Μακάριος
1713 2178 1740 2231 ὁ
1784 2196 1912 2250 πρε-

261 2254 556 2337 σϐύτερος,
607 2269 1002 2339 στρατιωτικῆς
1081 2262 1268 2338 χειρὸς
1328 2263 1432 2317 ἀπὸ
1495 2260 1913 2339 Ἀλεξανδρείας

260 2346 676 2426 σιδηροδέσμιον
726 2351 883 2407 αὐτὸν
931 2350 1205 2428 ἀγούσης.
1258 2353 1490 2428 Πρώτην
1540 2351 1630 2406 οὖν
1672 2373 1913 2429 κατηγο-

260 2439 368 2513 ρίαν
400 2442 452 2495 οἱ
484 2444 820 2520 συκοφάνται
847 2443 948 2512 τὴν
995 2443 1119 2519 περὶ
1166 2448 1267 2512 τῆς
1316 2442 1475 2512 λινῆς
1519 2441 1742 2512 ἐσθῆτος
1776 2464 1912 2519 προ-

260 2522 557 2587 ϐάλλονται
593 2550 606 2563 ·
640 2530 788 2586 ἀλλὰ
832 2531 1032 2603 ταύτην
1085 2532 1186 2602 τήν
1235 2526 1501 2602 διαϐολήν
1536 2531 1635 2587 ούκ
1678 2530 1729 2586 ἐν
1758 2531 1914 2607 Τύρῳ

262 2617 416 2690 μόνον
453 2621 800 2690 κινηθεῖσαν,
832 2619 979 2675 ἀλλά
1024 2620 1114 2675 καὶ
1157 2620 1419 2697 πρότερον
1473 2620 1525 2676 ἐν
1576 2618 1918 2695 Νικομηδείᾳ

256 2713 367 2770 ταῖς
407 2714 506 2764 τοῦ
568 2707 839 2785 βασιλέως
888 2709 1192 2786 ἐνεχθεῖσαν
1244 2710 1453 2779 ἀκοαῖς,
1508 2711 1671 2773 Ἀπις
1718 2732 1777 2765 τε
1825 2711 1915 2765 καὶ

258 2799 528 2874 Μακάριος
586 2799 639 2853 οἱ
690 2805 793 2869 τῆς
838 2796 1247 2877 Ἀλεξανδρείας
1296 2794 1653 2877 πρεσϐύτεροι
1682 2846 1694 2870 ,
1746 2800 1917 2855 ἐκεῖσε

257 2888 685 2966 παρατυχόντες,
721 2884 923 2965 ῥᾳδίως
977 2876 1291 2964 διήλεγξαν.
1324 2876 1417 2943 Διὸ
1466 2876 1577 2943 τῶν
1628 2890 1721 2963 μὲν
1755 2910 1914 2944 συκο-

259 2979 461 3052 φαντῶν
513 2978 546 3033 6
604 2975 859 3051 βασιλεὺς
900 2979 1183 3052 καθήψατο
1242 2980 1553 3055 γράμμασι,
1603 2979 1912 3035 Ἀθανάσιον

260 3060 313 3119 δὲ
349 3065 486 3141 πρὸς
519 3064 711 3121 ἑαυτὸν
746 3065 922 3122 ἐλθεῖν
954 3067 1345 3142 προετρέψατο.
1402 3068 1501 3122 Καὶ
1547 3069 1615 3123 τὰ
1654 3069 1915 3144 γράμμα-

256 3173 319 3208 τα
344 3156 442 3225 ἧκε
470 3155 619 3233 πρὸς
648 3157 748 3226 τήν
801 3154 853 3211 ἐν
900 3154 1059 3231 Τύρῳ
1108 3154 1328 3212 σύνοδον
1374 3157 1464 3212 καὶ
1511 3157 1588 3221 εἷς
1618 3160 1912 3235 κατήφειαν

255 3244 350 3313 τὴν
382 3245 505 3322 περί
539 3247 633 3299 τὸν
668 3240 926 3302 Εύσέϐιον
958 3245 1182 3325 φατρίαν
1232 3246 1599 3318 συνέστελλεν,
1634 3244 1742 3317 ἤδη
1772 3245 1913 3301 π)λ-

2016 661 2192 717 nibus
2224 662 2543 728 munitum,
2600 660 2735 715 licet
2778 664 2933 716 recte
2993 660 3365 731 sentientem,
3421 662 3680 734 recipere

2014 750 2326 806 noluisset.
2368 750 2583 805 Eodem
2638 766 2808 822 porro
2855 752 3119 822 tempore
3165 750 3236 805 ad
3287 750 3681 824 Jerosolymo-

2016 857 2147 896 rum
2197 839 2466 895 Enceenia
2522 838 2784 911 episcopi
2832 856 3012 911 prope
3070 856 3275 895 omnes
3334 856 3679 897 convenere.

2017 928 2267 1001 Scripsit
2316 928 2693 984 Constantius
2752 928 2886 1000 pius
2942 928 3282 999 imperator,
3348 932 3414 983 ut
3470 929 3683 985 iterum

2017 1019 2280 1091 synodus
2311 1018 2721 1084 celebraretur,
2774 1018 2833 1071 in
2877 1034 2995 1088 qua
3039 1017 3520 1073 examinarentur
3551 1035 3681 1091 qua

2017 1109 2089 1163 ad
2123 1107 2428 1163 Athanasii
2480 1106 2912 1162 accusationem
2955 1110 3011 1161 et
3041 1106 3111 1161 ad
3161 1106 3282 1161 Arii
3314 1107 3688 1163 commenda-

2016 1197 2236 1252 tionem
2266 1196 2419 1252 dicta
2451 1201 2669 1252 essent.
2702 1196 2867 1261 Quod
2899 1196 2948 1251 si
2982 1195 3180 1250 Arium
3214 1195 3435 1250 invidia
3466 1196 3539 1250 ab
3579 1196 3687 1252 Ec-

2018 1286 2198 1342 clesia
2226 1285 2632 1356 disjunxisset,
2683 1286 2754 1339 ad
2806 1301 3010 1356 pacem
3061 1284 3228 1339 illum
3262 1284 3682 1347 admitterent;

2019 1374 2112 1430 sin
2143 1374 2276 1430 dolo
2310 1375 2435 1446 ipse
2466 1392 2611 1430 usus
2659 1378 2835 1445 esset,
2886 1373 3295 1429 Alexandriam
3325 1373 3681 1442 mitteretur,

2020 1468 2195 1537 atque
2225 1463 2343 1519 illic
2373 1467 2645 1519 accurate
2701 1463 3133 1535 disquireretur
3162 1463 3233 1519 de
3274 1462 3395 1518 illo.
3431 1467 3687 1519 Examen

2020 1558 2219 1609 autem
2254 1553 2621 1625 negotiorum
2662 1552 2959 1609 Athanasii
2988 1556 3044 1608 et
3074 1551 3220 1619 Arii,
3246 1551 3450 1623 jussit,
3486 1556 3552 1607 ut
3593 1552 3686 1609 Je-

2021 1641 2376 1715 rosolymam
2409 1641 2653 1714 profecti
2704 1641 2985 1713 episcopi,
3036 1640 3280 1712 paulum
3328 1657 3362 1696 a
3390 1640 3484 1697 via
3514 1640 3687 1696 deﬂe-

2021 1736 2244 1787 ctentes
2272 1731 2408 1804 Tyri
2440 1731 2808 1804 perﬁcerent.
2861 1730 3224 1786 Tricesimus
3257 1734 3390 1785 tum
3422 1729 3688 1786 absolve-

2021 1821 2197 1877 batur
2224 1820 2456 1892 imperii
2489 1819 2859 1877 Constantini
2891 1837 3105 1875 annus.
3145 1818 3461 1893 Sexaginta
3490 1825 3688 1876 autem

2022 1909 2279 1982 epiSCOpi
2330 1908 2463 1982 Tyri
2494 1910 2756 1977 aderant,
2791 1913 3031 1981 cogente
3068 1908 3199 1964 illos
3250 1909 3525 1982 Dionysio
3558 1926 3690 1965 con-

2023 1996 2227 2065 sulari,
2263 2014 2516 2069 quocum
2576 2002 2633 2053 et
2686 1997 2995 2070 provinciae
3029 1997 3359 2069 praefectus,
3411 2003 3468 2053 et
3505 1998 3689 2070 aliqui

2025 2086 2438 2159 magistratum
2468 2087 2528 2141 in
2560 2088 2806 2142 concilio
2837 2087 3136 2143 sedebant.
3183 2087 3394 2142 Aderat
3425 2091 3481 2142 et
3508 2088 3688 2144 Atha-

2026 2177 2252 2244 nasius,
2285 2176 2651 2248 atqueetiam
2698 2176 2990 2231 Macarius
3012 2176 3313 2248 presbyter
3328 2174 3684 2232 Alexandria

2023 2266 2255 2321 vinctus
2284 2266 2507 2321 catenis
2556 2264 2757 2320 ferreis
2789 2282 2823 2319 a
2869 2264 3109 2320 militari
3157 2282 3335 2320 manu
3369 2264 3683 2322 abductus.

2025 2356 2289 2411 Primum
2322 2355 2520 2427 itaque
2546 2354 2918 2427 sycophanta:
2952 2353 3037 2409 illi
3068 2355 3504 2410 accusationem
3552 2372 3686 2427 pro-

2026 2446 2221 2500 ferunt
2254 2446 2326 2500 de
2354 2445 2512 2500 linea
2540 2450 2719 2512 veste,
2752 2445 2853 2500 sed
2887 2443 3049 2500 illam
3092 2444 3522 2500 accusationem
3559 2446 3687 2515 jam

2027 2538 2160 2590 ante
2190 2534 2536 2590 Nicomediae
2559 2533 2953 2607 imperatoriis
2984 2534 3227 2589 auribus
3258 2532 3515 2602 allatam,
3550 2534 3689 2606 Apis

2027 2628 2083 2679 et
2115 2623 2408 2679 Macarius
2437 2622 2817 2679 Alexandrini
2848 2623 3192 2695 presbyteri,
3254 2622 3357 2695 qui
3386 2627 3515 2678 tum
3548 2623 3688 2679 illuc

2028 2728 2167 2768 casu
2202 2713 2557 2769 advenerant
2586 2712 2753 2768 facile
2792 2712 3260 2767 confutaverunt.
3295 2714 3419 2778 Qua
3451 2717 3689 2785 propter

2028 2801 2419 2874 sycophantas
2478 2802 2797 2873 imperator
2863 2800 3072 2857 litteris
3139 2802 3264 2858 suis
3323 2801 3682 2873 perstrinxit,

2026 2891 2536 2963 Athanasiumque
2566 2895 2632 2945 ut
2681 2907 2742 2946 se
2773 2891 2961 2946 adiret
2999 2891 3269 2947 hortatus
3314 2895 3420 2946 est.
3458 2892 3685 2947 Litterae

2028 2996 2198 3052 porro
2230 2981 2301 3035 ad
2326 2981 2615 3053 synodum
2645 2984 2933 3036 venerunt
2959 2980 3211 3052 Tyriam,
3243 2996 3308 3035 ac
3340 2978 3539 3035 dolore
3568 2981 3684 3036 Eu-

2028 3068 2257 3124 sebium
2290 3073 2347 3124 et
2376 3068 2563 3124 socios
2616 3068 2874 3137 atl‘ecere,
2907 3068 3007 3139 qui
3030 3070 3157 3139 jam
3200 3069 3260 3124 in
3294 3086 3477 3125 unum
3510 3068 3683 3124 multi

2027 3157 2427 3212 conﬂuxerant
2447 3157 2728 3212 adversus
2747 3157 3134 3212 Athanasium
3154 3173 3166 3212 :
3184 3158 3341 3230 quod
3366 3158 3684 3229 imperator

2026 3244 2159 3301 illos
2191 3245 2445 3319 graviter
2473 3244 2755 3317 culparet,
2807 3251 2865 3301 et
2904 3246 3060 3318 quod
3092 3246 3393 3302 calumnia
3423 3247 3493 3302 de
3524 3246 3682 3303 linea

258 3331 356 3403 λήν
398 3334 629 3412 ῥέουσαν
674 3342 789 3390 κατ’
838 3336 1160 3391 Ἀθανασίου
1193 3352 1206 3367 ⁸
1246 3335 1329 3392 ὅτι
1384 3357 1445 3391 τε
1500 3334 1697 3398 αὐτοὺς
1744 3338 1773 3391 6
1828 3338 1917 3413 βα-

2030 3338 2189 3390 veste
2220 3335 2679 3390 confutationem
2710 3334 2857 3406 ipsis
2888 3334 3202 3392 attulisset.

232 3422 433 3488 σιλεὺς
462 3425 754 3501 ᾐτιάσατο,
786 3424 876 3481 καὶ
908 3423 992 3480 ὅτι
1020 3427 1056 3495 ἡ
1089 3426 1226 3481 κατὰ
1270 3426 1369 3495 τῆν
1404 3423 1561 3495 λινῆν
1600 3425 1797 3495 ἐσθῆτα
1823 3447 1914 3481 συ-

253 3513 515 3592 κοφαντία
545 3513 856 3593 προέφθασε
884 3510 1069 3571 δοῦναι
1099 3514 1191 3569 τὸν
1227 3512 1478 3590 ἔλεγχον.

360 3648 372 3661 .
404 3608 518 3674 Τῆς
582 3600 641 3658 δὲ
689 3598 957 3674 διαϐολῆς
1001 3602 1205 3675 ταύτης
1256 3603 1570 3667 ἐκπεσόντες
1604 3648 1619 3673 ,
1677 3606 1744 3659 τὰ
1794 3604 1919 3680 περῖ

254 3690 498 3768 Ἰσχύραν
562 3693 656 3748 καὶ
696 3694 972 3766 Μακάριον
1022 3693 1114 3749 τὸν
1162 3688 1523 3769 πρεσϐύτερον
1584 3694 1901 3769 προτείνου-

253 3800 354 3838 σιν.
396 3783 453 3836 Ὁ
517 3780 580 3837 δὲ
623 3783 788 3861 σοφὸς
834 3783 1151 3845 Ἀθανάσιος
1203 3784 1579 3862 παρεγράφετο
1634 3784 1727 3858 μὲν
1784 3784 1920 3838 κατὰ

255 3867 454 3943 νόμους
516 3872 768 3948 πράττων
816 3872 946 3935 τοὺς
995 3878 1292 3951 προφανεῖς
1343 3871 1596 3949 ἐχθροὺς,
1660 3867 1915 3927 Εύσέϐιόν

257 3977 399 4032 φημι
431 3958 529 4014 καὶ
559 3958 690 4022 τοὺς
734 3958 1042 4039 ὁμόφρονας
1078 3983 1089 3995 ·
1124 3960 1281 4033 ἠξίου
1334 3958 1392 4016 δὲ
1438 3962 1544 4034 πρὸ
1574 3962 1787 4017 πάντων
1818 3962 1917 4018 Ἰσ-

257 4046 428 4122 χύραν
458 4044 862 4125 ἀποδειχθῆναι
912 4044 1272 4127 πρεσϐύτερον
1306 4096 1320 4122 ,
1373 4052 1435 4107 οὗ
1470 4050 1921 4128 λειτουργοῦντος

255 4134 594 4194 ἐπεισπεσεῖν
650 4136 911 4195 ἔπλαττεν
988 4142 1023 4209 ἠ
1101 4140 1408 4217 κατηγορία
1475 4142 1565 4195 τὸν
1646 4142 1921 4217 Μακάριον

254 4229 390 4282 κατὰ
420 4226 723 4305 λῃστρικὴν
758 4225 951 4307 ἔφοδον
998 4229 1050 4299 ἐξ
1095 4228 1408 4300 ἀποστολῆς
1459 4229 1798 4300 Ἀθανασίου,
1831 4229 1921 4285 καὶ

256 4315 555 4394 ἀνατρέψαι
602 4318 704 4389 τὴν
750 4317 897 4395 ἱερᾶν
943 4318 1229 4393 τράπεζαν,
1275 4319 1365 4375 καὶ
1408 4319 1471 4374 τὸ
1524 4320 1779 4393 μυστικὸν
1830 4340 1924 4374 κα-

254 4405 433 4477 τεάξαι
466 4408 759 4482 ποτήριον,
792 4407 881 4463 καὶ
929 4408 997 4463 τὰ
1043 4414 1145 4478 τῆς
1193 4408 1336 4469 θείας
1388 4414 1605 4485 Γραφῆς
1652 4409 1809 4484 ἡμῶν
1849 4409 1928 4485 βι-

256 4487 389 4550 ϐλία
418 4495 555 4573 πυρὶ
604 4494 965 4571 παραδοῦναι.
999 4494 1157 4552 Ἀλλ’
1198 4498 1226 4551 6
1262 4497 1357 4571 μὲν
1402 4498 1470 4552 τὰ
1501 4494 1595 4552 δύο
1635 4501 1803 4552 ταῦτα
1833 4496 1922 4552 νό-

261 4605 349 4657 μῳ
374 4590 550 4658 κοινῷ
595 4585 991 4663 ἀντιπαρετίθει
1037 4588 1128 4641 καὶ
1178 4579 1683 4663 ἀντιπρούϐάλλετο
1718 4605 1730 4617 ·
1784 4587 1836 4640 οἱ
1869 4583 1926 4641 δὲ

255 4674 440 4750 κριταὶ
473 4674 605 4751 ούχὶ
634 4675 855 4750 κρίνειν,
890 4675 969 4738 εἷς
1002 4673 1060 4731 δὲ
1087 4675 1150 4731 τὸ
1197 4674 1474 4749 κρατύνειν
1523 4677 1623 4746 τήν
1665 4696 1926 4755 συκοφαν-
1959 4696 2005 4761 D

254 4761 375 4818 τίαν
410 4762 544 4829 ὅλον
574 4762 774 4821 ἔτεινον
800 4766 893 4821 τὸν
929 4764 1199 4840 λογισμόν
1230 4786 1241 4799 ο
1277 4762 1361 4820 διὸ
1389 4763 1554 4839 λόγον
1593 4766 1686 4840 μὲν
1716 4769 1824 4820 τῶν
1853 4763 1930 4822 δι-

255 4851 432 4916 καίως
484 4851 800 4930 λεγομένων
849 4852 1041 4910 ούδὲνα
1088 4854 1263 4931 εἶχον.
1316 4854 1603 4929 Εἷσάγεται
1652 4852 1709 4909 δέ
1738 4857 1772 4924 ἡ
1805 4855 1928 4931 περὶ

253 4942 349 4996 τὸν
411 4944 692 5019 Μακάριον
740 4943 832 4999 καί
891 4943 1142 5021 Ἰσχύραν
1191 4943 1519 5020 κατηγορία,
1578 4945 1667 4999 καὶ
1720 4946 1783 4999 τὸ
1833 4945 1926 5018 μὲν

255 5030 547 5106 πρόθυμον
597 5033 664 5102 ἦν
710 5037 819 5088 τῶν
863 5036 1210 5111 συκοφαντῶν
1265 5032 1560 5111 ἀφόρητον,
1617 5035 1680 5088 τὸ
1730 5030 1787 5088 δὲ
1830 5040 1929 5104 τῆς

256 5118 593 5191 ἀποδείξεως
643 5119 847 5197 ἄπορον
896 5123 998 5191 τὴν
1045 5123 1326 5197 προθυμαν
1381 5119 1587 5176 ἐδείκνυ
1619 5116 1930 5185 δυσσεϐείας

254 5209 349 5264 καὶ
412 5209 614 5290 φθόνου
670 5209 1036 5287 κακούργημα
1068 5255 1080 5267 .
1137 5210 1441 5287 Ὑπερθέσει
1498 5208 1557 5264 δὲ
1628 5211 1719 5264 καὶ
1767 5211 1933 5286 τέχνῃ

253 5301 359 5370 τῆν
405 5305 509 5369 τῆς
562 5300 867 5377 ἀποτυχίας
917 5299 1186 5375 αἰσχύνην
1239 5299 1607 5373 ςκευάζοντες,
1658 5299 1797 5375 πρὸς
1843 5300 1934 5355 τὸν

256 5389 570 5467 Μαρεώτην
627 5396 729 5461 τῆς
811 5387 989 5445 αὐτῶν
1067 5386 1383 5463 συμμορίας
1449 5385 1879 5443 ἀποστέλλουσιν
1919 5432 1936 5459 ,

258 5470 445 5533 ἐκεῖσε
471 5480 569 5549 τὴν
603 5475 799 5549 ἔτασιν,
850 5477 904 5533 ἐν
936 5479 982 5552 ᾧ
1011 5480 1046 5549 ἡ
1102 5477 1296 5555 πρᾶξις
1327 5476 1594 5553 προῆλθε,
1647 5474 1764 5533 δεον
1794 5478 1937 5554 γενέ-

259 5569 388 5623 σθαι
439 5570 927 5648 προφασισάμενοι.
980 5569 1068 5631 Ὡς
1118 5565 1166 5621 δ’
1212 5564 1349 5621 εἶδεν
1396 5566 1425 5620 6
1476 5567 1792 5629 Ἀθανάσιος
1842 5566 1936 5630 οὓς

255 5662 658 5735 παρεγραψατο
706 5657 896 5729 κριτὰς
927 5655 1351 5730 στελλομένους,
1404 5653 1691 5732 Θεογόνιος
1730 5657 1834 5731 γὰρ
1866 5656 1933 5727 ἦν

256 5746 357 5806 καὶ
394 5751 612 5824 Μαρης,
642 5747 732 5802 καὶ
786 5743 1091 5824 Θεόδωρος,
1137 5746 1226 5801 καὶ
1284 5740 1618 5809 Μακεδόνιος
1668 5744 1757 5800 καὶ
1799 5743 1937 5825 Οὐρ-

563 5878 831 5942 ΡΑτιιοι..
884 5875 996 5937 Gn.
1046 5873 1236 5939 XXV.

2102 3603 2153 3657 4.
2186 3603 2331 3659 Cum
2381 3618 2553 3674 porro
2604 3602 2676 3657 ab
2709 3602 3055 3673 hujusmodi
3106 3603 3490 3675 sycophantia
3533 3602 3684 3676 lapsi

2028 3694 2244 3758 essent,
2276 3707 2402 3763 quae
2455 3691 2752 3762 Ischyram
2803 3694 2860 3746 et
2904 3691 3224 3747 Macarium
3255 3693 3598 3763 spectabant
3624 3693 3685 3749 in

2029 3780 2290 3836 medium
2322 3779 2593 3835 afferunt.
2628 3780 2877 3852 Sapiens
2905 3784 3099 3836 autem
3121 3781 3689 3853 Athanasius,juxta

2030 3868 2187 3942 leges
2218 3885 2419 3942 agens,
2468 3873 2699 3941 apertos
2744 3869 3055 3925 recusabat
3099 3869 3318 3937 hostes,
3365 3871 3687 3927 Eusebium

2031 3957 2248 4015 scilicet
2303 3962 2361 4013 et
2388 3962 2707 4013 sectatores
2758 3957 2960 4014 illius:
3024 3958 3084 4013 in
3117 3958 3324 4030 primis
3358 3964 3555 4016 autem
3587 3961 3688 4016 de-

2031 4047 2348 4104 monstrari
2376 4045 2605 4103 volebat
2633 4064 2706 4102 an
2756 4046 3023 4121 Ischyras
3073 4064 3201 4104 vere
3255 4050 3557 4122 presbyter
3598 4066 3690 4106 es-

2032 4140 2157 4203 set;
2194 4152 2311 4207 quo
2342 4135 2567 4192 scilicet
2603 4135 2905 4209 liturgiam
2938 4136 3286 4208 celebrante,
3322 4138 3466 4195 falso
3520 4156 3689 4196 accu-

2034 4226 2245 4281 sabant
2275 4225 2519 4281 irruisse
2551 4225 2893 4297 Macarium,
2944 4227 3016 4282 ab
3065 4228 3381 4284 Athanasio
3414 4229 3692 4301 missum,

2034 4331 2167 4371 cum
2200 4314 2423 4387 impetu
2456 4314 2749 4371 latronum
2770 4315 2958 4371 instar
2977 4315 3248 4385 violento,
3275 4322 3451 4389 atque
3465 4335 3693 4375 sacram

2035 4403 2310 4459 evertisse
2363 4419 2653 4471 mensam,
2714 4403 2993 4475 poculum
3046 4422 3279 4460 sacrum
3314 4406 3692 4479 confregisse,

2036 4498 2270 4550 nostros
2299 4493 2508 4548 divinae
2560 4493 2873 4565 Scripturae
2922 4492 3104 4549 libros
3153 4494 3212 4548 in
3253 4494 3448 4567 ignem
3498 4498 3694 4566 conje-

2037 4581 2207 4638 cisse.
2243 4581 2376 4637 Haec
2406 4583 2518 4638 duo
2550 4598 2617 4638 ex
2648 4581 2947 4636 communi
2992 4582 3115 4651 lege
3147 4583 3481 4654 opponebat
3509 4583 3607 4640 ille
3636 4589 3696 4640 et

2037 4670 2367 4742 objiciebat.
2403 4669 2734 4741 Atjudices
2782 4687 2897 4725 non
2929 4670 3001 4724 ad
3044 4670 3435 4741 judicandum
3481 4673 3552 4729 de
3600 4689 3696 4729 ca-

2038 4759 2287 4824 lumnia,
2323 4760 2426 4816 sed
2450 4761 2519 4816 ad
2554 4760 2902 4815 ﬁrmandam
2937 4775 3064 4814 eam
3097 4763 3217 4815 toto
3244 4760 3440 4816 animo
3463 4768 3698 4819 conten-

2039 4850 2280 4911 debant,
2312 4850 2699 4921 quamobrem
2723 4865 2925 4904 eorum
2960 4865 3086 4921 qua:
3109 4850 3271 4919 juste
3290 4850 3442 4905 dicta
3473 4852 3702 4908 fuerant

2040 4939 2326 4994 rationem
2359 4938 2617 4993 habuere
2642 4937 3220 5012 nullam..lnducitur
3239 4954 3375 5011 ergo
3403 4941 3700 4996 accusatio

2041 5029 2112 5083 de
2142 5026 2394 5084 Macario
2425 5032 2481 5082 et
2505 5027 2761 5099 Ischyra,
2796 5031 3036 5099 eratque
3058 5028 3549 5101 sycophantarum
3583 5029 3705 5085 ani-

2042 5116 2290 5173 mositas
2320 5116 2736 5185 intolerabilis,
2766 5133 2872 5172 nec
2904 5117 3297 5189 suppetebant
3334 5122 3701 5189 argumenta,

2044 5207 2202 5278 quod
2236 5222 2377 5262 sane
2410 5206 2695 5261 indicium
2720 5211 2846 5262 erat
2875 5205 3194 5278 impietatis
3215 5205 3561 5278 invidiaeque
3582 5206 3705 5262 illo-

2044 5312 2197 5350 rum.
2231 5295 2305 5351 Ut
2330 5302 2527 5351 autem
2561 5312 2725 5351 mora
2755 5300 2811 5350 et
2840 5300 2962 5350 arte
3011 5296 3267 5367 quadam
3300 5296 3584 5367 pudorem
3616 5312 3706 5353 re-

2043 5384 2226 5457 pulsze
2259 5389 2541 5458 tegerent,
2599 5384 2821 5457 legatos
2873 5401 2991 5440 sum
3043 5374 3309 5439 factionis
3358 5385 3601 5441 mittunt
3642 5385 3703 5441 in

2045 5474 2364 5541 Mareoten,
2414 5490 2481 5530 eo
2540 5474 2765 5529 scilicet
2813 5475 3076 5539 obtentu,
3136 5474 3292 5545 quod
3326 5473 3403 5527 ibi
3460 5490 3703 5531 examen

2047 5560 2166 5619 fore
2196 5568 2507 5636 oporteret,
2560 5564 2658 5618 ubi
2710 5563 2933 5619 facinus
2981 5562 3308 5618 admissum
3369 5563 3595 5619 fuisset.
3631 5563 3706 5620 Ut

2046 5658 2239 5708 autem
2272 5652 2416 5707 vidit
2445 5652 2805 5707 Athanasius
2836 5668 2934 5707 eos
2963 5650 3114 5705 mitti
3150 5651 3391 5723 legatos,
3434 5670 3581 5725 quos
3610 5669 3705 5708 re-

2049 5750 2313 5800 cusasset
2344 5742 2490 5815 ipse,
2526 5740 2930 5815 Theogonium
2985 5738 3225 5811 scilicet,
3279 5742 3487 5814 Marin,
3520 5742 3704 5799 Theo-

3390 5886 3427 5929 η
