4146 6398
1429 424 1497 482 S.
1543 421 1964 482 ATHANASII
2013 419 2198 482 VlTA
2241 419 2346 481 EX
2396 419 2708 482 PHOTIU.

3635 439 3788 488 CCXV

372 560 470 612 τῶν
515 554 754 622 ἐνταῦθα,
808 551 954 628 ἄγων
1008 553 1112 608 ἀπὸ
1153 553 1416 628 γενέσεως
1466 554 1713 626 πέμπτον
1765 553 1855 606 καὶ
1901 550 2021 622 ἐξη-

2144 552 2440 608 nativitate
2462 554 2826 625 sexagesimo
2859 555 3084 627 quinto.
3117 555 3558 614 Testamentum
3590 564 3786 616 autem

373 644 551 701 κοστόν
589 689 601 701 .
658 641 986 698 Καταλείπει
1041 641 1099 698 δὲ
1169 644 1268 711 νήν
1346 639 1609 712 διαθήκην
1667 635 2019 716 πρεσϐυτέρῳ

369 735 466 789 τινὶ
530 736 628 803 τήν
689 731 910 807 Ἀρείου
969 731 1166 786 λύσσαν
1227 736 1516 802 νοσοῦντι,
1574 730 1873 805 προστάξας
1944 733 2022 801 τῷ

370 822 643 898 ὁμωνύμῳ
695 821 899 892 ταύτην
954 820 1255 897 ἐγχειρίσαι
1317 820 1732 892 Κιυνσταντίνῳ.
1794 821 1872 874 Δι’
1931 817 2022 873 αύ-

366 920 459 982 τῆς
491 914 593 988 γὰρ
641 911 788 982 αύτῷ
835 911 925 965 καὶ
979 913 1014 979 ἡ
1044 914 1142 964 τοῦ
1181 910 1387 984 πατρὸς
1442 907 1717 984 βασίλειος
1769 908 1914 984 ἀρχὴ
1945 907 2020 970 εἰς

366 1001 565 1075 κλῆρον
591 1002 706 1055 ἀντὶ
737 1007 837 1069 τῆς
864 998 1150 1075 Ἐσπερίας
1175 998 1498 1076 ἀφωρίζετο.
1517 996 1671 1052 Ἀλλ’
1695 999 1722 1052 ὁ
1756 995 2018 1070 δείλαιος,

367 1088 585 1145 πολλῶν
623 1089 1038 1161 πυνθανομένων
1075 1087 1121 1142 εἷ
1176 1085 1445 1162 βασιλέως
1497 1085 1726 1158 διαθήκη
1778 1085 2019 1162 προελή-

370 1180 508 1249 λυθε,
562 1181 637 1252 μή
691 1178 938 1252 γενέσθαι
996 1175 1320 1248 διετείνετο,
1372 1176 1661 1252 συνεργοὺς
1724 1172 1866 1250 ἔχων
1924 1179 2019 1229 τοῦ

367 1267 590 1344 ψεύδους
621 1267 752 1330 τοὺς
788 1263 1150 1341 ἀνδρογύνους
1204 1265 1517 1340 εὐνούχους.
1568 1266 1694 1320 Μετ’
1739 1263 1928 1340 ὀλίγον
1963 1261 2020 1319 δὲ

367 1359 466 1433 πρὸ
493 1361 602 1412 τῶν
658 1353 844 1411 ἄλλων
896 1354 1298 1430 παραγεγονότι
1347 1354 1706 1426 Κωνσταντίῳ
1763 1356 1862 1423 τήν
1923 1357 2018 1408 τοῦ

370 1445 637 1524 βασιλέως
689 1445 986 1521 ἐγχειρίζει
1037 1443 1300 1515 διαθήκην
1354 1443 1544 1518 λάθρα’
1587 1443 1677 1498 καὶ
1707 1443 1868 1519 χάριν
1904 1442 2018 1497 ἀντὶ

361 1543 458 1606 τῆς
487 1533 788 1614 προδοσίας
847 1534 985 1589 αἰτεῖ
1034 1541 1136 1604 τῆς
1179 1541 1449 1606 πατρικῆς
1489 1532 1653 1587 αὐτοῦ
1710 1533 1800 1587 καὶ
1853 1531 2020 1608 ὀρθῆς

361 1625 591 1688 πίστεως
621 1626 723 1693 τὴν
777 1621 1094 1700 προδοσίαν.
1127 1625 1190 1676 Οἱ
1241 1620 1297 1678 δὲ
1329 1622 1451 1698 περὶ
1482 1617 1764 1691 Εὐσέϐιον,
1797 1620 2018 1696 παρείσ-

361 1713 504 1769 δυσιν
541 1712 634 1768 διὰ
662 1717 760 1768 τοῦ
783 1707 1150 1788 πρεσϐυτέρου
1171 1713 1307 1788 πρὸς
1341 1712 1708 1766 Κωνστάντιον
1741 1706 2019 1781 λαϐόντες,

359 1799 617 1858 Εύσέϐιόν
651 1823 710 1858 τε
739 1804 829 1857 τὸν
858 1800 1333 1876 πραιπόσιτον,καὶ
1358 1798 1426 1855 δι’
1457 1801 1621 1856 αὑτοῦ
1650 1799 1777 1863 τοὺς
1814 1798 2020 1860 ἄλλους

2132 641 2428 696 commisit
2450 642 2684 698 cuidam
2717 644 3074 716 presbytero,
3099 645 3198 717 qui
3227 647 3441 703 Ariano
3473 647 3667 704 furore
3698 649 3784 704 la-

2132 734 2398 796 borabat,
2422 735 2639 804 jubens
2671 740 2736 790 ut
2764 735 3097 806 cognomini
3121 736 3234 791 sibi
3265 737 3646 795 Constantino
3674 743 3790 796 tra-

2132 821 2313 876 deret.
2345 823 2467 886 Quo
2519 823 2631 894 ipsi
2681 823 2864 895 patris
2893 825 3206 897 imperium
3241 825 3366 882 loco
3398 827 3788 886 Occidentalis

2135 910 2367 982 imperii
2410 912 2770 968 tradebatur.
2829 914 2902 968 At
2949 914 3130 970 miser
3184 913 3285 971 ille
3343 915 3786 975 sciscitantibus

2131 999 2428 1071 plurimis,
2454 1019 2527 1056 an
2560 1001 2880 1073 imperator
2905 1007 3324 1059 testamentum
3357 1005 3611 1075 fecisset,
3668 1024 3785 1063 non

2130 1090 2338 1144 fecisse
2371 1091 2722 1161 affirmabat,
2756 1097 2964 1148 nactus
2995 1093 3282 1149 mendacii
3336 1095 3636 1165 adjutores
3679 1114 3786 1152 an-

2130 1179 2422 1252 drogynos
2452 1181 2774 1236 eunuchos.
2824 1180 3003 1238 Paulo
3042 1185 3176 1254 post
3223 1186 3420 1239 autem
3451 1184 3784 1242 advenienti

2130 1273 2264 1324 ante
2297 1267 2444 1324 alios
2491 1270 2832 1325 Constantio
2881 1270 3033 1326 clam
3081 1276 3504 1328 testamentum
3536 1273 3785 1331 tradidit

2130 1357 2520 1429 imperatoris,
2555 1375 2620 1414 ac
2653 1359 2710 1414 in
2744 1359 3092 1432 proditionis
3122 1377 3240 1416 sum
3269 1362 3618 1430 mercedem,
3653 1379 3784 1436 gra-

2128 1447 2270 1502 tiam
2303 1448 2582 1518 postulat,
2617 1453 2870 1520 paterna:
2903 1449 3126 1505 scilicet
3173 1466 3448 1522 sanieque
3478 1450 3612 1508 ﬁdei
3657 1469 3788 1524 pro-

2130 1536 2432 1592 ditionem.
2465 1537 2774 1593 Eusebiani
2806 1554 2976 1609 porro
3008 1539 3336 1612 presbyteri
3378 1557 3556 1613 opera
3585 1543 3778 1614 perfu-

2130 1625 2293 1697 gium
2344 1627 2500 1698 apud
2539 1625 2946 1682 Constantium
3006 1628 3223 1700 adepti,
3274 1629 3596 1686 Eusebium
3641 1648 3787 1704 pree-

2131 1715 2410 1786 positum,
2445 1732 2511 1770 ac
2565 1733 2665 1787 per
2695 1732 2830 1772 eum
2889 1714 3034 1772 alios
3065 1717 3388 1787 eunuchos,
3448 1717 3567 1776 imo
3599 1719 3790 1792 ipsam

2129 1802 2562 1875 imperatricem
2609 1806 2681 1860 ad
2713 1804 3001 1861 haereseos
3045 1805 3292 1862 trahunt
3323 1822 3582 1864 amorem
3614 1816 3790 1881 atque

357 1892 776 1968 εὐνούχους,καὶ
808 1889 874 1961 δὴ
908 1892 997 1946 καὶ
1026 1892 1125 1961 τὴν
1165 1888 1547 1966 βασιλίδα,τῆς
1579 1891 1838 1964 αἱρέσεως
1853 1909 2022 1964 παρα-

2144 1893 2547 1965 patrocinium.
2577 1894 2727 1949 Tum
2748 1893 2978 1951 Arianae
3010 1910 3101 1952 res
3125 1895 3466 1953 ﬁrmitatem
3494 1913 3790 1971 accepere,

356 1984 707 2052 σκευάζουσιν
742 1981 987 2055 ἐραστάς.
1016 1980 1114 2034 Καὶ
1144 1981 1212 2035 τὰ
1233 1979 1448 2056 Ἀρείου
1479 1977 1644 2034 πάλιν
1680 1978 2019 2054 ἐκρατύνετο.

426 2075 479 2128 6.
513 2075 637 2126 Τῶν
690 2073 1087 2147 ἀρχιερατικῶν
1147 2069 1352 2143 θρόνων
1427 2071 1542 2124 κατ’
1603 2068 1775 2124 ἐκεῖνο
1831 2072 2026 2144 καιροῦ

359 2161 613 2235 Μάξιμος
666 2161 760 2234 μὲν
809 2164 918 2214 τῶν
975 2157 1370 2236 Ἱεροσολύμων
1422 2158 1539 2233 εἶχε
1594 2159 1691 2226 τὴν
1753 2156 2025 2236 ἐφορείαν,

361 2247 726 2324 Ἀλέξανδρος
761 2246 818 2304 δὲ
845 2256 947 2318 τῆς
983 2246 1288 2324 βασιλίδος,
1319 2248 1634 2309 Ἀθανάσιος
1669 2243 1713 2300 δ’
1745 2247 1810 2315 ἦν
1872 2247 2030 2321 ὑπερ-

363 2341 547 2414 ὁριος.
612 2341 831 2414 Ἀρειος
891 2335 968 2410 δὲ,
1036 2337 1425 2414 παραγεγονὼς
1487 2336 1538 2390 ἐν
1595 2342 2029 2390 Κωνσταντινου-

364 2427 548 2501 πόλει,
602 2429 702 2498 τὴν
752 2432 848 2482 τοῦ
875 2432 1010 2483 Θεοῦ
1059 2424 1382 2504 διαφθείρειν
1431 2425 1753 2504 ἐφρυάττετο
1803 2423 2032 2495 Ἐκκλη-

365 2518 503 2576 σίαν.
541 2515 762 2587 Ἀλλ’-ἦ
824 2517 1208 2595 φιλάνθρωπος
1258 2515 1356 2571 ούκ
1403 2514 1823 2590 ἐμακροθύμησε
1881 2512 2028 2585 δίκη·

364 2613 482 2670 ταῖς
515 2605 580 2662 δὲ
610 2610 706 2660 τοῦ
758 2607 908 2682 ἱεροῦ
956 2602 1313 2679 Ἀλεξάνδρου
1363 2603 1750 2680 παροξυνθεῖσα
1799 2623 2029 2678 προσευ-

366 2703 514 2773 χαῖς,
585 2695 721 2769 αύτῇ
780 2695 981 2770 αἱρέσει
1042 2693 1290 2748 ἐκκόπτει
1345 2694 1436 2748 τὸν
1491 2695 1732 2764 Ἄρειον,
1785 2692 1875 2746 καὶ
1922 2693 2030 2746 τῶν

367 2784 710 2861 σπλάγχνων
762 2783 925 2839 αὐτοῦ
965 2782 1158 2860 ἀθρόον
1210 2780 1572 2838 διαπεσόντων
1622 2782 1881 2850 κάτωθεν,
1931 2787 2032 2850 τῆς

371 2881 518 2946 ζωῆς
556 2872 933 2929 ἀπελαύνεται.
971 2872 1176 2948 Μικρὸν
1230 2869 1288 2927 δὲ
1332 2876 1438 2927 τῶν
1492 2871 1543 2942 ἐξ
1593 2870 1803 2946 Ἀρείου
1837 2870 2034 2948 ἐφησυ-

367 2966 676 3041 γασάντων,
711 2960 862 3025 αὖθις
912 2961 1119 3017 ἅπαντα
1149 2966 1380 3033 κινοῦσι,
1429 2962 1490 3015 τὸ
1541 2960 1823 3036 ὑπερόριον
1873 2960 2033 3016 Ἀθα-

368 3055 557 3109 νασίου
613 3053 754 3128 μέγα
807 3049 979 3106 ὅπλον
1040 3050 1225 3113 αὐτοῖς
1282 3051 1358 3112 εἷς
1415 3051 1478 3105 τὸ
1525 3051 1958 3126 καταπράξασθαι
2000 3048 2034 3103 ἃ

370 3140 701 3211 διενοοῦντο,
730 3140 1068 3214 νομίζοντες.
1104 3137 1261 3195 Ἀλλ’
1291 3142 1326 3209 ἡ
1367 3139 1484 3194 θεία
1530 3139 1760 3214 πρόνοια
1804 3141 1903 3208 τήν
1936 3138 2030 3192 αύ-

368 3237 474 3288 τῶν
531 3228 775 3300 σπουδὴν
815 3231 1217 3307 προφθάνουσα,
1264 3230 1576 3284 Ἀθανάσιον
1629 3227 1881 3303 ἐπανάγει
1931 3234 2033 3296 τῆς

373 3319 669 3398 ὑπερορίας
721 3320 1037 3394 γράμμασιν
1092 3317 1462 3394 ὠχυρωμένον
1526 3315 1832 3392 βασιλικοῖς
1884 3337 1896 3351 ·

373 3411 534 3466 αὐτὸν
571 3411 599 3464 ὁ
627 3415 730 3479 τῆς
760 3406 964 3470 δύσεως
1010 3405 1152 3484 ἔχων
1203 3407 1264 3461 τὸ
1311 3414 1584 3480 σκῆπτρον
1626 3406 1877 3467 Κώνστας
1910 3405 2033 3482 ἐφο-

375 3495 576 3567 διάζων
641 3496 719 3557 εἷς
773 3491 1178 3570 Ἀλεξάνδρειαν
1241 3491 1579 3564 ἐξαπέστειλε
1613 3536 1626 3549 .
1685 3493 1784 3548 Καὶ
1841 3491 2037 3562 ἥδιστα

379 3588 472 3661 μὲν
503 3586 598 3641 τὸν
632 3585 871 3658 ποιμένα
901 3583 1017 3639 ὅσοι
1046 3591 1148 3654 τῆς
1205 3581 1518 3659 ὀρθοδοξίας
1567 3583 1702 3650 ἦσαν
1756 3580 2030 3658 ἐδέχοντο*

372 3677 434 3732 τὸ
486 3673 809 3750 δἀῖρετίζον
860 3674 1071 3736 στάσεις
1121 3672 1370 3742 ἀνεκίνει,
1418 3673 1508 3727 καὶ
1560 3679 1676 3734 τοῖς
1714 3673 1838 3748 περὶ
1870 3673 2034 3727 Εὐσέ-

375 3761 491 3820 ϐιον
527 3765 782 3842 ἀφορμὰς
832 3768 1096 3839 παρεῖχον
1132 3756 1508 3816 ἐνδιαϐάλλειν
1554 3759 1719 3816 πάλιν
1752 3762 1842 3815 τὸν
1877 3762 2034 3816 Ἀθα-

373 3856 561 3909 νάσιον
612 3854 748 3930 πρὸς
802 3853 1192 3923 Κωνστάντιον,
1238 3848 1326 3905 καί
1373 3856 1630 3905 τοσοῦτον
1679 3856 1799 3912 ταῖς
1850 3845 2036 3904 διαϐο-

374 3941 501 4006 λαῖς
534 3941 611 4004 εἷς
645 3941 817 4017 ὀργὴν
849 3941 940 3995 τὸν
995 3938 1301 4016 εύρίπιστον
1360 3938 1729 4016 ἆνερῥίπισαν,
1779 3939 1853 4000 ὡς
1885 3938 2036 3993 αύτί-

304 4090 306 4094 ,
350 4039 443 4088 ’κα
467 4030 638 4087 πάλιν
675 4029 962 4106 ὑπερορίαν
1013 4030 1150 4084 κατὰ
1190 4033 1286 4083 τοῦ
1337 4028 1494 4102 ἁγίου
1546 4027 1900 4106 ψηφίσασθαι.
1935 4027 2035 4081 Οὗ-

372 4143 485 4193 τοι,
546 4121 637 4176 καὶ
690 4124 883 4196 νεκροῦ
938 4139 1086 4180 τινος
1146 4123 1309 4194 χεῖρα
1356 4118 1434 4180 εἰς
1478 4115 1648 4172 ὅπλον
1681 4116 2039 4196 συκοφαντίας

375 4211 518 4266 κατά
543 4213 640 4265 τοῦ
673 4208 824 4264 ὁσίου
878 4207 1224 4280 ἐκκόψαντες,
1274 4204 1710 4278 καθωπλίσαντο,
1763 4207 2039 4280 Ἀρσενίου

379 4298 439 4355 δὲ
497 4297 700 4368 ταύτην
752 4296 1043 4376 ἐφήμιζον,
1088 4295 1179 4350 καὶ
1224 4295 1329 4349 ἀπὸ
1380 4295 1696 4352 Ἀθανασίου
1751 4297 1843 4368 μὲν
1891 4295 2041 4351 ἐκκό-

380 4391 509 4468 φθαι
542 4390 641 4462 (α),
660 4386 793 4442 εἶναι
817 4384 874 4441 δὲ
895 4386 1040 4458 αὐτῷ
1059 4384 1260 4454 ταύτην
1291 4391 1528 4459 μαγικῆς
1558 4385 1759 4461 τέχνης
1786 4381 2038 4460 ὄργανον.

381 4479 483 4532 Καὶ
514 4479 549 4546 ἡ
589 4478 683 4550 μὲν
714 4484 815 4546 τῆς
847 4473 1137 4551 ὑπερορίας
1179 4477 1360 4551 ψῆφος
1395 4473 1456 4528 ού
1506 4471 1711 4528 λύεται·
1764 4472 2036 4547 συνέδριον

381 4566 441 4622 δὲ
473 4566 526 4622 ἐν
568 4565 745 4642 Τύρῳ,
803 4563 1070 4639 βασιλέως
1119 4563 1570 4636 προστάττοντος,
1617 4563 2035 4640 συναθροίζεται·

1950 3295 2030 3378 οἷς
2063 3295 2105 3360 C

2208 2078 2260 2126 ιι.
2296 2072 2838 2146 Archiepiscopales
2870 2079 3066 2131 autem
3105 2075 3348 2131 thronos
3378 2080 3505 2131 tum
3533 2076 3594 2132 hi
3620 2093 3793 2133 occu-

2139 2161 2377 2233 pabant,
2411 2161 2702 2218 Maximus
2731 2162 3310 2236 Jerosolymitanum,
3330 2163 3654 2221 Alexander
3681 2166 3795 2222 im-

2140 2251 2440 2322 peratoriae
2472 2251 2656 2320 urbis,
2687 2251 3044 2307 Athanasius
3073 2269 3208 2307 vero
3240 2253 3405 2308 exsul
3434 2258 3577 2309 erat.
3615 2255 3791 2311 Arius

2139 2357 2271 2396 vero
2302 2356 2434 2395 cum
2470 2340 3035 2413 Constantinopolim
3066 2341 3339 2409 venisset,
3383 2342 3672 2400 desiderio
3701 2344 3794 2400 in-

2141 2429 2429 2485 lremebat
2480 2427 2895 2484 labefactanda:
2942 2429 3044 2485 Dei
3104 2429 3562 2507 Ecclesiae.»Sed
3595 2431 3792 2489 divina

2142 2517 2287 2573 ultio
2320 2535 2442 2573 rem
2476 2535 2592 2574 non
2627 2518 2780 2574 ultra
2821 2517 3122 2574 toleravit:
3186 2519 3577 2593 precibusque
3607 2508 3795 2577 sancti

2140 2605 2450 2662 Alexandri
2481 2610 2794 2673 commota,
2853 2606 3099 2663 haeresin
3131 2609 3269 2664 Ario
3320 2610 3528 2680 privat,
3580 2608 3680 2681 qui
3708 2609 3796 2664 vi-

2142 2696 2408 2752 sceribus
2430 2696 2634 2752 elfusis
2656 2695 2980 2752 exstinctus
3006 2700 3111 2752 est.
3127 2697 3273 2752 Cum
3295 2701 3492 2754 autem
3518 2702 3648 2769 post
3675 2698 3798 2755 haec

2143 2801 2349 2856 parum
2382 2784 2859 2856 conquievissent
2906 2785 3127 2854 Ariani,
3183 2786 3382 2841 omnia
3409 2787 3603 2842 denuo
3633 2804 3799 2844 com-

2144 2879 2473 2942 moverunt,
2505 2873 2613 2928 rati
2645 2890 2858 2946 magno
2890 2873 3002 2928 sibi
3033 2874 3155 2930 fore
3175 2873 3289 2931 telo
3321 2874 3626 2933 Athanasii
3647 2876 3798 2933 exsi-

2144 2963 2290 3018 lium
2331 2965 2403 3018 ad
2435 2964 2634 3019 omnia
2665 2980 2769 3035 pro
2801 2962 3044 3019 libidine
3075 2965 3425 3036 peragenda.
3460 2965 3674 3022 Verum
3711 2965 3800 3022 di-

2141 3053 2280 3108 vina
2326 3051 2691 3122 providentia
2748 3058 3021 3108 conatum
3084 3054 3506 3125 praeoccupavit
3571 3070 3797 3122 eorum,

2142 3141 2654 3212 Athanasiumque
2675 3141 2746 3195 ab
2771 3140 2971 3196 exsilio
2989 3141 3238 3207 reduxit,
3261 3141 3470 3197 litteris
3501 3143 3798 3199 munitum

2142 3229 2578 3301 imperatoriis:
2613 3228 2831 3300 quibus
2861 3245 2995 3284 eum
3019 3231 3304 3285 Constans
3334 3229 3794 3290 Occidentalium

2144 3319 2399 3392 partium
2434 3319 2768 3390 imperator,
2785 3333 2888 3373 ceu
2908 3318 3113 3373 viatico
3139 3321 3390 3390 quodam
3414 3320 3791 3390 instructum,

2145 3407 2371 3464 remisit
2403 3406 2836 3462 Alexandriam.
2888 3407 3038 3462 Tum
3087 3413 3380 3479 pastorem
3426 3425 3600 3465 suum
3633 3413 3802 3482 quot-

2145 3501 2287 3570 quot
2316 3513 2472 3552 sanaa
2504 3495 2637 3550 fidei
2669 3500 2854 3563 erant,
2880 3495 3268 3553 libentissime
3297 3503 3661 3570 receperunt,
3681 3498 3798 3554 hee-

2146 3585 2308 3641 retici
2343 3589 2537 3640 autem
2569 3585 2887 3640 seditiones
2936 3584 3282 3651 excitarunt,
3333 3603 3397 3642 ac
3428 3587 3680 3643 Eusebio
3710 3603 3802 3643 oc-

2146 3674 2441 3730 casionem
2476 3673 2784 3744 dederunt,
2846 3677 2909 3727 ut
2962 3674 3350 3730 Athanasium
3398 3693 3604 3732 rursus
3644 3677 3800 3749 apud

2146 3763 2551 3818 Constantium
2583 3761 3087 3834 caluminiaretur,
3121 3767 3296 3835 atque
3328 3763 3644 3820 calumniis
3676 3765 3802 3822 suis

2147 3853 2510 3908 levissimum
2543 3851 2843 3906 hominem
2897 3851 2980 3907 ita
3009 3852 3069 3907 in
3118 3851 3267 3908 iram
3316 3855 3705 3920 concitarunt,
3737 3858 3803 3910 ut

2148 3947 2418 3997 sanctum
2442 3942 2652 3996 iterum
2675 3941 2878 3997 exsilio
2909 3941 3236 3997 damnaret.
3272 3941 3339 3997 Hi
3365 3943 3580 3999 mortui
3601 3943 3804 4015 cujus-

2149 4031 2285 4086 dam
2336 4047 2511 4086 manu
2555 4030 2838 4098 abscissa,
2891 4046 3022 4085 eam
3072 4031 3241 4102 quasi
3286 4030 3472 4088 telum
3523 4033 3804 4089 adversus

2149 4124 2420 4176 sanctum
2443 4119 2632 4174 virum
2652 4118 2723 4173 ad
2756 4117 3111 4176 calumniam
3135 4120 3447 4192 protulere,
3481 4136 3659 4194 quam
3678 4138 3802 4177 ma-

2151 4225 2293 4265 num
2328 4209 2602 4264 dicebant
2633 4207 2858 4264 Arsenii
2891 4225 3040 4278 esse,
3073 4212 3131 4266 et
3159 4210 3231 4266 ab
3268 4210 3587 4266 Athanasio
3618 4211 3805 4266 abcis-

2151 4315 2300 4365 sam,
2336 4297 2573 4353 aiebant
2600 4313 2730 4352 esse
2753 4297 2992 4369 magicis
3023 4299 3166 4353 artis
3188 4298 3673 4355 instrumentum.
3705 4298 3806 4356 De-

2151 4393 2376 4443 cretum
2399 4403 2571 4458 porro
2602 4385 2792 4440 exsilii
2823 4403 3194 4459 nequaquam
3226 4387 3486 4443 solutum
3518 4389 3666 4444 fuit:
3699 4389 3801 4444 sed

2143 4478 2320 4548 jussu
2350 4475 2725 4546 imperatoris
2756 4473 3067 4530 concilium
3097 4475 3229 4547 Tyri
3253 4475 3516 4548 cogitur:
3553 4477 3802 4532 manda-

2150 4570 2399 4636 tumque
2428 4562 2871 4635 imperatorium
2905 4563 3176 4632 traditur,
3211 4568 3276 4618 ut
3322 4565 3661 4635 Archelaus,
3703 4567 3803 4635 qui

380 4658 473 4712 καὶ
503 4655 912 4732 προχειρίζεται
958 4653 1021 4708 τὸ
1076 4652 1354 4727 βασιλικὸν
1408 4649 1667 4726 βούλημα
1715 4649 1882 4729 ἄνδρα
1922 4674 2031 4708 συν-

2154 4647 2358 4710 eade'm
2391 4653 2450 4707 in
2482 4652 2656 4707 domo
2686 4650 3010 4716 habitabat,
3043 4668 3110 4706 ac
3151 4668 3284 4708 cum
3316 4653 3462 4724 ipsis
3492 4653 3802 4726 sentiebat,

382 4747 559 4801 έστιον
613 4744 704 4798 καὶ
754 4743 1036 4822 ὁμόφρονα
1083 4738 1388 4818 Ἀρχέλαον
1431 4735 1626 4814 ὄνομα,
1652 4741 1741 4796 καὶ
1774 4741 1864 4795 σὺν
1896 4742 2042 4815 αὐτῷ

380 4835 474 4889 τὸν
509 4833 775 4904 Φοινίκης
825 4831 1066 4909 ἄρχοντα
1115 4828 1456 4907 συνεδριάσαι
1502 4851 1560 4885 τε
1603 4836 1722 4893 τοῖς
1770 4831 1894 4907 περὶ
1941 4831 2044 4886 Εὑ-

383 4918 588 4995 σέϐιον,
641 4922 730 4977 καὶ
780 4918 1262 4995 συνδιασκέψασθαι
1305 4919 1338 4974 ἆ
1392 4921 1529 4975 κατά
1583 4924 1679 4974 τοῦ
1728 4921 2044 4975 Ἀθανασίου

387 5012 792 5067 συνεσκεύαστο.
825 5009 1142 5087 Ἐχρόνιζον
1194 5007 1286 5064 οῦν
1330 5010 1383 5062 οἱ
1428 5009 1478 5065 ἐν
1529 5008 1705 5084 Τύρῳ,
1749 5009 1825 5071 ὡς
1870 5010 1962 5082 μὲν
1993 5011 2044 5064 οἱ

388 5096 667 5162 δυσσεϐεῖς
726 5097 1078 5169 ἐπλάττοντο,
1121 5097 1250 5160 τοὺς
1303 5098 1407 5152 ἀπὸ
1456 5095 1862 5172 Ἀλεξανδρείας
1915 5119 2041 5154 κατ-

387 5191 630 5266 ηγόρους
676 5189 1056 5262 ἀναμένοντες,
1096 5187 1188 5250 οὓς
1217 5186 1308 5241 καὶ
1356 5190 1452 5240 τοῦ
1508 5185 1710 5258 μύσους
1755 5186 2042 5260 αὐτόπτας,

388 5278 481 5334 καὶ
524 5279 616 5333 τὸν
669 5279 940 5349 Ἀρσένιον
990 5274 1174 5338 καλῶς
1229 5275 1603 5350 ἐπιγινώσκειν
1659 5271 1994 5350 διήγγελλον
2030 5299 2042 5311 ·

390 5367 469 5430 ὡς
499 5365 556 5422 δὲ
584 5367 646 5422 τὸ
687 5361 984 5438 ἐκϐεϐηκὸς
1033 5362 1218 5438 ἔδειξε,
1249 5364 1385 5418 κατὰ
1426 5361 1568 5418 θείαν
1617 5363 1896 5439 πρόνοιαν.
1947 5370 2044 5420 Ἠν

394 5455 490 5529 μὶν
521 5456 626 5531 γὰρ
667 5457 695 5510 ὁ
745 5455 1023 5529 Ἀρσένιος
1069 5460 1170 5523 τῆς
1219 5452 1270 5506 ἐν
1327 5449 1709 5527 Ἀλεξανδρείᾳ
1754 5451 2046 5524 ἐκκλησίας

392 5544 766 5621 ἀναγνώστης,
806 5545 896 5599 καί
926 5564 1060 5598 ποτε
1107 5541 1263 5614 δίκην
1315 5540 1544 5618 αἰσχρᾶς
1595 5542 1768 5606 αἰτίας
1823 5542 2044 5618 μέλλων

393 5633 636 5712 ὑπέχειν,
691 5633 1039 5711 ἐξαρπάζεται
1083 5633 1176 5706 μὲν
1241 5631 1342 5686 ὑπὸ
1403 5630 1757 5708 Ἀθανασίου,
1820 5631 2047 5712 δρασμῷ

434 5744 541 5842 ’(α)
563 5761 678 5838 Sic,
712 5778 815 5838 pro
843 5757 1181 5838 ὶκκεκόφθαι.
1219 5758 1372 5818 Εσιτ.
1417 5761 1657 5817 Parnm.

2153 4761 2270 4800 una
2301 4757 2435 4797 cum
2468 4740 2764 4796 Phaenices
2797 4739 3066 4811 praefecto
3091 4741 3433 4798 Eusebianis
3456 4741 3803 4811 assiderent,

2153 4837 2210 4889 et
2238 4848 2358 4887 una
2387 4829 2788 4886 examinarent
2821 4845 2890 4884 ea
2921 4847 3047 4902 quae
3093 4831 3372 4889 adversus
3417 4831 3806 4888 Athanasium

2154 4921 2402 4976 conﬁcta
2435 4919 2687 4973 fuerant.
2712 4918 2933 4974 Moram
2968 4917 3165 4992 itaque
3194 4920 3508 4977 trahebant
3537 4921 3638 4993 qui
3669 4920 3805 4994 Tyri

2154 5009 2458 5075 sedebant,
2492 5007 2662 5078 quasi
2711 5006 3064 5064 Alexandria
3111 5014 3386 5066 venturos
3438 5001 3808 5067 accusatores

2154 5101 2574 5172 exspectarent,
2608 5113 2758 5168 quos
2787 5095 3049 5153 oculatos
3078 5113 3206 5154 esse
3233 5097 3469 5154 sceleris
3497 5102 3696 5165 testes,
3727 5104 3812 5155 at-

2156 5207 2268 5264 que
2289 5185 2602 5243 Arsenium
2628 5184 2806 5256 probe
2828 5203 3000 5241 nosse
3013 5188 3367 5243 nuntiabant
3389 5205 3401 5242 :
3425 5192 3493 5242 ut
3522 5191 3718 5243 autem
3741 5203 3810 5243 ex

2154 5282 2363 5336 eventu
2417 5274 2609 5346 palam
2645 5273 2772 5341 fuit,
2808 5274 3008 5330 divina
3065 5276 3429 5348 providentia
3457 5276 3538 5332 ita
3569 5276 3807 5348 dispen-

2156 5371 2344 5424 sante.
2397 5365 2533 5419 Erat
2561 5363 2718 5418 enim
2763 5365 3048 5420 Arsenius
3097 5364 3499 5422 Alexandrinis
3528 5364 3802 5422 Ecclesia:

2155 5457 2355 5522 lector,
2389 5452 2489 5524 qui
2521 5467 2653 5507 cum
2677 5452 2866 5523 turpis
2888 5452 3124 5509 sceleris
3146 5471 3348 5526 pinnas
3364 5454 3611 5510 daturus
3627 5459 3803 5522 esset,

2157 5547 2230 5602 ab
2261 5539 2578 5599 Athanasio
2609 5545 2844 5612 ereptus
2876 5541 3063 5597 fuerat
3085 5548 3143 5598 et
3173 5544 3312 5615 fuga
3335 5543 3644 5615 quaesierat
3689 5542 3803 5599 sibi

2156 5632 2431 5693 salutem.
2463 5631 2728 5714 Cumque
2758 5631 3000 5704 perfuga
3030 5629 3126 5688 ille
3166 5631 3389 5708 lateret,
3423 5632 3560 5691 hinc
3589 5632 3808 5700 calum-
