4146 6370
306 360 486 406 CCXVI

1700 339 2309 406 PROLEGOMENA.

302 475 504 533 niandi
526 474 771 531 audacia
799 475 1000 548 impiis
1023 473 1286 530 accessit.
1313 474 1422 530 Sed
1444 471 1940 529 commiseratione

2067 467 2124 526 δὲ
2151 473 2251 541 τὴν
2305 470 2577 548 σωτηρίαν
2622 476 2942 546 καρποῦται.
2995 474 3094 529 Καὶ
3134 475 3197 529 τὸ
3249 475 3439 553 ἀφανὲς
3486 479 3584 531 τοῦ
3630 497 3730 555 φυ-

303 566 516 622 ductus
563 565 848 620 Arsenius
905 580 1042 637 erga
1099 563 1471 638 liberatorem
1504 579 1679 619 suum
1713 562 1796 632 (in
1853 561 1953 616 illa

295 654 454 710 enim
487 653 716 710 concilii
745 654 1111 709 cunctatione
1143 652 1534 725 sycophantiae
1560 653 1716 707 fama
1736 651 1954 723 ubique

292 747 612 816 pervagata
640 744 768 816 est),
804 744 1024 816 Tyrum
1075 742 1375 810 concedit;
1418 746 1581 798 ratus
1613 741 1722 796 sibi
1757 741 1951 814 potius

293 833 668 889 moriendum
695 849 842 900 esse,
880 847 1058 904 quam
1091 831 1181 887 sui
1220 848 1398 887 causa
1422 831 1577 887 circa
1602 835 1835 886 tantum
1873 829 1954 884 vi-

293 937 427 977 rum
455 925 646 977 totum
677 922 879 977 orbem
931 921 1320 977 scandalizari
1356 939 1370 989 ;
1403 919 1724 976 Athanasio
1756 923 1952 975 autem

294 1015 516 1067 secreto
547 1027 609 1066 se
638 1010 816 1077 sistit,
848 1027 914 1066 ac
943 1010 1256 1066 consilium
1287 1010 1360 1066 ab
1390 1026 1456 1066 eo
1496 1009 1707 1082 accipit
1739 1013 1951 1064 utante

285 1099 578 1172 judicium
611 1098 887 1155 omnibus
905 1099 1128 1168 lateret,
1164 1099 1392 1172 nequid
1411 1099 1537 1171 ipse
1567 1097 1707 1154 mali
1730 1115 1764 1152 a
1793 1113 1950 1170 syco-

291 1188 530 1262 phantis
559 1192 939 1262 pateretur,et
959 1193 1020 1244 ut
1031 1193 1344 1260 conspecta
1366 1186 1674 1244 calumniae
1690 1188 1948 1244 confictae

291 1278 603 1334 manifesta
661 1278 1082 1350 confutatione,
1145 1277 1580 1335 accusationem
1629 1276 1948 1334 adversarii

289 1367 646 1425 desererent.

355 1636 411 1691 7.
445 1635 770 1692 Convocato
803 1635 1003 1707 itaque
1032 1633 1300 1698 concilio,
1327 1634 1578 1708 primam
1606 1632 1690 1688 illi
1721 1633 1945 1702 calum-

285 1725 447 1781 niam
470 1725 764 1780 intentant
782 1724 1046 1780 mulieris
1059 1725 1130 1780 de
1152 1729 1355 1796 stupro
1376 1724 1569 1780 oblato
1590 1723 1943 1780 accusantis.

285 1815 590 1870 Clamabat
609 1831 781 1887 porro
804 1813 1120 1886 impudens
1149 1812 1516 1881 muliercula,
1536 1812 1645 1868 sibi
1667 1817 1839 1868 noctu
1873 1813 1943 1868 ab

286 1905 654 1976 irrumpente
675 1903 993 1960 Athanasio
1023 1903 1230 1958 vitium
1263 1901 1526 1958 oblatum
1559 1902 1759 1958 fuisse.
1791 1902 1944 1956 Ade-

285 1998 378 2050 rat
408 2009 580 2066 porro
609 1993 696 2049 illi
724 1992 1078 2066 virginitatis
1097 1991 1342 2048 amatori
1372 1996 1430 2047 et
1449 1991 1794 2048 Timotheus
1815 1991 1944 2062 ejus

285 2084 608 2156 presbyter,
624 2099 860 2155 unaque
871 2081 1182 2138 consilium
1195 2081 1944 2153 ineuntsapientissimum,

285 2172 405 2228 imo
437 2189 471 2227 a
499 2173 615 2229 Deo
671 2172 801 2244 ipso
832 2172 1206 2245 inspiratum,
1244 2188 1358 2243 quo
1401 2171 1570 2226 malae
1625 2170 1941 2242 impiorum

285 2265 462 2331 artes,
497 2260 665 2318 facile
681 2262 990 2318 confutatis
1013 2261 1218 2317 forent.
1236 2261 1380 2316 Cum
1403 2260 1561 2316 enim
1593 2276 1789 2315 coram
1818 2275 1944 2315 mu-

283 2350 422 2407 liere
453 2351 690 2407 adducti
738 2354 956 2419 essent,
1006 2349 1107 2422 qui
1139 2354 1450 2406 accusatus
1509 2349 1698 2404 fuerat
1746 2347 1942 2421 quiete

281 2443 469 2496 Deum
498 2440 866 2512 precabatur.
915 2437 1256 2494 Timotheus
1309 2441 1529 2505 autem,
1580 2435 1802 2491 furiosa
1841 2434 1943 2491 illa

282 2529 531 2585 muliere
568 2527 946 2600 impudenter
994 2531 1219 2599 agente,
1282 2530 1338 2582 et
1385 2524 1795 2596 Athanasium,
1854 2524 1940 2580 uti

282 2618 488 2674 edocta
518 2618 724 2685 fuerat,
755 2620 1157 2688 corruptorem
1188 2620 1470 2683 vocante;
1521 2613 1637 2682 ille,
1671 2615 1937 2686 inquam,

282 2707 604 2780 presbyter,
639 2706 808 2778 quasi
839 2704 1198 2761 Athanasius
1229 2705 1354 2777 ipse
1384 2704 1611 2769 fuisset,
1645 2703 1746 2759 Dic
1771 2703 1936 2775 mihi,

284 2796 502 2869 inquit,
517 2795 750 2865 mulier,
768 2810 952 2867 egone
972 2795 1125 2868 apud
1139 2800 1194 2850 te
1208 2793 1441 2850 mansi?
1459 2799 1560 2849 aut
1575 2798 1636 2848 tu
1666 2809 1759 2849 me
1780 2793 1939 2849 domi

287 2886 587 2958 excepisti,
622 2903 694 2941 an
729 2888 901 2941 noctu
934 2889 990 2941 te
1018 2884 1226 2940 violavi
1255 2884 1284 2939 ?
1343 2882 1468 2951 Illa,
1504 2888 1707 2956 utpote
1738 2900 1806 2940 ex
1837 2901 1940 2957 pu-

285 2975 438 3032 blico
467 2974 734 3048 lupanari
759 2974 990 3045 mulier,
1020 2973 1360 3046 impudente
1398 2975 1585 3040 vultu,
1635 2972 1939 3046 oculisque

287 3067 360 3121 ad
390 3065 764 3121 Timotheum
797 3063 1078 3120 intentis:
1113 3064 1199 3118 Tu
1231 3079 1313 3134 es,
1347 3061 1652 3130 exclamat,
1688 3062 1788 3135 qui
1819 3063 1937 3118 vim

287 3155 433 3212 mihi
463 3154 733 3222 intulisti,
765 3169 977 3227 meque
1006 3156 1181 3209 noctu
1212 3152 1545 3225 corrupisti.
1578 3153 1647 3207 Et
1679 3153 1748 3207 ad
1774 3153 1937 3225 judi-

2063 557 2230 634 γάδος
2261 559 2475 637 θάρῥεῖν
2507 566 2586 634 τῷ
2616 559 2896 636 πλάσματι
2927 562 3055 626 τοὺς
3104 558 3382 627 δυσσεϐεῖς
3424 564 3722 623 ὑπετίθετο.

2063 647 2219 703 Ἀλλ’
2247 649 2426 717 οἶκτον
2458 645 2641 705 λαϐὼν
2686 656 2782 706 τοῦ
2831 658 3077 726 σωτῆρος
3129 652 3157 706 6
3190 652 3468 728 Ἀρσένιος
3513 653 3586 728 (ἐν
3619 655 3726 732 γὰρ

2058 743 2138 810 τῷ
2174 736 2454 814 βραδύνειν
2489 739 2550 793 τὸ
2599 737 2873 816 συνέδριον
2923 741 2958 809 ἡ
3003 747 3106 810 τῆς
3152 742 3511 820 συκοφαντίας
3563 745 3725 822 φήμη

2061 832 2340 904 πανταχοῦ
2392 826 2691 904 διέδραμε),
2743 829 2880 904 πρὸς
2931 830 3032 899 τήν
3093 829 3263 907 Τύρον
3321 830 3725 908 παραγίνεται,

2058 922 2302 991 κρεῖσσον
2364 916 2725 993 λογιζόμενος
2775 918 2821 973 εί
2872 915 2985 974 δέοι
3031 918 3190 974 αὐτὸν
3236 920 3327 974 καὶ
3376 923 3642 994 τεθνάναι,
3687 923 3724 993 ἢ

2060 1003 2128 1059 δι’
2161 1006 2316 1061 αὐτὸν
2347 1008 2446 1076 τήν
2481 1007 2807 1080 οἶκουμένην
2833 1008 2955 1083 περὶ
2977 1005 3312 1078 τηλικούτου
3337 1007 3531 1084 ἀνδρὸς
3562 1031 3722 1066 σκαν-

2059 1092 2390 1165 δαλίζεσθαι.
2426 1096 2803 1174 Ἐμφανίζεται
2827 1094 2894 1166 δὴ
2927 1097 3062 1152 κατά
3089 1100 3353 1171 μυστικὴν
3387 1097 3612 1173 ὁμιλίαν
3642 1105 3724 1174 τῷ

2059 1179 2342 1259 σεϐασμίῳ
2396 1184 2720 1259 ’Δθανασίῳ,
2772 1185 2862 1240 καὶ
2912 1183 3129 1263 δέχεται
3185 1184 3391 1261 βουλὴν
3439 1185 3720 1245 λανθάνειν

2057 1276 2261 1336 πάντας
2307 1275 2412 1350 πρὸ
2441 1281 2543 1344 τῆς
2585 1271 2766 1345 δίκηςο
2793 1273 2888 1330 ἵνα
2934 1278 3006 1349 μή
3056 1297 3110 1332 τι
3155 1277 3317 1332 κακὸν
3367 1277 3527 1340 αὐτὸς
3574 1281 3724 1356 παρά

2053 1367 2162 1418 τῶν
2205 1368 2551 1442 συκοφαντῶν
2605 1365 2788 1437 πάθοι,
2837 1365 2872 1434 ἢ
2921 1365 3013 1420 τὸν
3065 1362 3298 1443 ἔλεγχον
3350 1364 3584 1446 ἄφυκτον
3623 1372 3723 1423 τοῦ

2057 1449 2334 1528 δράματος
2365 1450 2670 1516 συνιδόντες
2723 1452 2799 1516 εἷς
2850 1454 3130 1531 ὑπέρθεσιν
3178 1456 3240 1510 τὸ
3297 1451 3563 1533 ἔχκλημα
3606 1454 3722 1512 δια-

2035 1539 2317 1605 ⁴λύσωσιν.

2125 1634 2180 1690 7.
2214 1630 2585 1701 ’Δθροίζουσιν
2660 1629 2752 1686 οὖν
2821 1633 2884 1687 τὸ
2951 1629 3228 1710 συνέδριον
3292 1651 3309 1669 ο
3363 1635 3455 1690 καὶ
3523 1637 3718 1712 πρώτη

2055 1720 2421 1798 συκοφαντία,
2473 1719 2690 1796 γύναιον
2750 1720 2897 1794 αὐτῷ
2952 1720 3210 1800 ἐπαφιᾶσι
3274 1722 3527 1800 μοιχείαν
3589 1725 3718 1780 ἀνα-

2052 1807 2420 1884 καλούμενον,
2454 1805 2617 1865 Ἐϐόα
2671 1807 2728 1865 δὲ
2755 1811 2817 1865 τὸ
2867 1809 3075 1874 ἀναιδὲς
3110 1811 3283 1867 ἐκεῖνο
3313 1813 3402 1868 καὶ
3439 1814 3718 1887 μεμισθω-

2059 1899 2217 1972 μένον
2293 1898 2510 1975 γύναιον
2580 1897 2792 1976 νύκτωρ
2870 1897 3073 1956 ἄκουσα
3147 1902 3345 1980 φθορὰν
3417 1902 3718 1974 ὑποστῆναι

2057 1987 2405 2050 ἐπιπεσόντος
2457 1987 2593 2062 αὐτῇ
2645 1988 2983 2048 ’Δθανασίου.
3040 1995 3212 2061 Συνῆν
3262 1995 3341 2063 τῷ
3386 1997 3486 2062 τῆς
3517 1995 3716 2068 παρθε-

2053 2077 2169 2140 νίας
2224 2078 2422 2153 ἐραστῇ
2470 2079 2560 2133 καὶ
2610 2078 2870 2152 Τιμόθεος
2922 2080 2950 2134 6
3001 2078 3164 2134 αὐτοῦ
3212 2075 3576 2159 πρεσϐύτερος
3625 2083 3716 2139 καὶ

2057 2165 2260 2243 βουλὴν
2297 2167 2508 2246 σοφίας,
2545 2165 2758 2241 μᾶλλον
2788 2166 2846 2223 δὲ
2894 2169 3040 2231 θείας
3091 2167 3374 2233 ἐπιπνοίας
3422 2165 3715 2228 ϐουλεύον-

2049 2277 2157 2326 ται,
2211 2255 2280 2311 δι’
2327 2259 2394 2326 ἧς
2441 2259 2503 2312 τὸ
2558 2260 2952 2334 κακομήχανον
3007 2262 3116 2315 τῶν
3175 2255 3450 2316 δυσσεϐῶν
3513 2259 3716 2338 ῥᾳδίως

2052 2343 2280 2420 ἔμελλεν
2315 2347 2650 2402 ἀπαιτεῖσθαι
2682 2347 2771 2402 τὸν
2825 2345 3078 2425 ἔλεγχον.
3103 2347 3255 2404 Ἐπεὶ
3295 2350 3397 2425 γὰρ
3441 2350 3518 2414 εἷς
3547 2350 3715 2426 πρόσ-

2051 2458 2198 2491 ωπον
2247 2434 2499 2513 ἤχθησαν
2544 2442 2642 2492 τοῦ
2691 2436 2936 2512 γυναίου,
2989 2439 3017 2494 6
3067 2439 3160 2512 μὲν
3208 2438 3714 2514 κατηγορούμενος,

2050 2528 2234 2601 ἡσυχῆ
2295 2527 2423 2581 Θεὸν
2484 2523 2787 2581 ἐδυσώπει·
2836 2526 3100 2600 Τιμόθεος
3158 2523 3222 2600 δ’,
3287 2525 3714 2603 ἀναιδευομένης

2047 2622 2148 2684 τῆς
2184 2613 2466 2690 μαινάδος,
2497 2615 2586 2670 καὶ
2618 2616 2709 2670 τὸν
2739 2617 3168 2685 ’Δθανάσιον,ὡς
3195 2613 3481 2694 ἐδιδάχθη,
3511 2620 3712 2698 φθορέα

2047 2703 2346 2778 καλούσης,
2380 2706 2408 2760 6
2439 2699 2824 2781 πρεσϐύτερος,
2871 2705 2945 2767 ὡς
2996 2702 3152 2775 δῆθεν
3203 2707 3540 2778 Ἀθανάσιος,
3571 2708 3708 2764 Εἰπέ

2053 2816 2168 2868 μοι,
2202 2792 2246 2848 ὦ
2277 2793 2457 2870 γύναι,
2491 2792 2675 2872 φησίν,
2729 2791 2838 2869 ἐγὼ
2883 2796 3030 2868 παρὰ
3079 2793 3163 2851 cci
3213 2791 3418 2870 ἔμεινα,
3464 2797 3501 2866 ἢ
3543 2796 3607 2852 σὺ
3641 2818 3706 2872 με

2050 2883 2100 2939 ἐν
2150 2880 2286 2956 οἷ’κῳ
2332 2887 2411 2955 τῷ
2462 2887 2539 2956 σῷ
2596 2879 2852 2954 ὑπεδέξω,
2898 2883 2935 2953 ἢ
2983 2882 3194 2961 νύκτωρ
3240 2885 3296 2940 σὲ
3346 2879 3701 2960 ἐϐιασάμην;

2047 2975 2109 3028 Ἠ
2135 2970 2214 3044 δὲ,
2247 2973 2335 3026 οἶα
2365 2970 2582 3046 γύναιον
2617 2970 2675 3026 ἐκ
2724 2968 2995 3045 δημοσίου
3041 2972 3256 3048 τέγους,
3291 2971 3498 3029 ἀναιδεῖ
3535 2995 3702 3051 προσ-

2048 3062 2186 3135 ώπῳ
2216 3061 2306 3116 καὶ
2339 3061 2570 3116 ἀτενέσιν
2605 3059 2910 3139 ὀφθαλμοῖς
2955 3062 3093 3139 πρὸς
3143 3063 3235 3118 τὸν
3266 3063 3524 3138 Τιμόθεον
3558 3065 3698 3120 ἀποο

2047 3148 2313 3226 ϐλέψασα,
2348 3151 2423 3206 Σὺ
2473 3151 2519 3206 εἶ
2567 3152 2595 3206 ὁ
2645 3151 2744 3220 τὴν
2799 3150 2917 3226 βίαν
2968 3171 3062 3225 μοι
3113 3150 3434 3228 ἐπενεγκὼν,
3478 3151 3568 3208 καὶ
3597 3154 3698 3224 τὴν

285 3260 381 3300 ces
411 3260 710 3312 conversa,
732 3242 1047 3300 calumniis
1078 3243 1205 3297 suis
1226 3241 1518 3298 horrenda
1542 3240 1756 3312 adjecit
1775 3243 1938 3313 jura-

2051 3222 2248 3320 φθορὰν
2280 3222 2512 3316 νύκτωρ,
2545 3235 2741 3296 ἀνεϐόα
2765 3259 2777 3272 ·
2800 3222 2891 3295 καὶ
2922 3222 3056 3316 πρὸς
3087 3241 3214 3304 τοὺς
3239 3222 3427 3317 κριτὰς
3451 3222 3701 3318 ἐπιστρα-

285 3337 501 3398 menta,
535 3332 1024 3405 Timotheumque
1055 3332 1238 3405 digito
1267 3333 1604 3399 ostendens,
1650 3331 1936 3404 illumque

282 3422 522 3478 trahens
573 3422 833 3479 dicebat:
897 3423 949 3478 Is
979 3426 1089 3489 est,
1148 3426 1206 3476 et
1252 3439 1366 3477 non
1418 3421 1589 3488 alius,
1633 3426 1939 3494 corruptor

284 3527 469 3566 meus.
501 3511 740 3568 Judices
772 3528 940 3583 porrc
969 3527 1100 3566 cum
1134 3510 1486 3566 satellitibus
1516 3510 1725 3578 ridere,
1756 3509 1936 3566 Atha-

281 3600 549 3673 nasiique
577 3600 949 3672 prudentiam
980 3600 1201 3668 mirari,
1226 3601 1380 3671 quod
1410 3599 1497 3654 vel
1531 3599 1731 3668 silens,
1765 3617 1936 3655 accu-

282 3689 570 3746 sationem
603 3693 806 3744 contra
847 3706 909 3746 se
941 3689 1289 3744 intentatam
1320 3689 1382 3744 in
1413 3694 1780 3746 accusatores
1809 3706 1938 3745 ver-

283 3783 434 3850 tens,
466 3777 1015 3851 impudentissimos
1044 3793 1172 3834 esse
1211 3777 1602 3851 sycophantas
1633 3778 1826 3851 palam
1857 3779 1938 3834 fe-

283 3867 478 3924 cisset.
511 3867 584 3921 At
610 3866 694 3922 illi
754 3883 1128 3939 nequaquam
1176 3867 1472 3938 resipuere
1521 3883 1627 3923 nec
1656 3867 1938 3939 majorem

286 3957 439 4029 aequi
471 3957 728 4028 bonique
757 3957 1014 4012 habuere
1061 3972 1284 4012 curam.
1329 3959 1711 4012 Accusatores
1740 3956 1936 4029 igitur,

289 4062 440 4117 quos
488 4045 786 4118 ingemere
835 4045 1157 4118 oportebat,
1189 4050 1246 4101 et
1282 4045 1484 4118 gratia:
1529 4045 1656 4101 loco
1705 4045 1940 4112 habere,

285 4137 442 4209 quod
467 4134 860 4208 sycophantiis
891 4151 1093 4207 poenas
1107 4134 1761 4207 nonluerent,linguam
1778 4136 1943 4192 ador-

284 4228 433 4281 nant
461 4240 630 4281 suam
645 4225 716 4280 ad
749 4221 1105 4280 calumniam
1129 4224 1202 4281 de
1227 4223 1456 4279 Arsenii
1474 4241 1674 4291 manu,
1691 4225 1940 4282 crimen-

286 4329 404 4386 que
436 4313 610 4369 cadis
658 4317 716 4370 et
739 4312 1003 4370 veneﬁcii
1049 4313 1171 4370 viro
1215 4313 1518 4370 ascribunt
1547 4314 1780 4388 pietatis
1809 4332 1942 4388 pro-

285 4402 626 4477 pugnatori.
656 4401 756 4459 Ille
777 4418 912 4459 voce
944 4418 1010 4458 ac
1037 4408 1231 4459 mente
1259 4402 1721 4476 imperterritus:
1781 4403 1920 4469 Quis

282 4494 498 4566 inquit,
532 4509 598 4549 ex
629 4492 792 4549 vobis
823 4493 1136 4550 Arsenium
1156 4493 1316 4551 novit
1345 4493 1434 4551 vel
1466 4496 1762 4551 dexteram
1790 4485 1947 4571 ejus}

2046 3337 2202 3410 φεῖσα
2231 3329 2360 3394 τοὺς
2409 3331 2791 3408 σρικτοτάτους
2841 3328 3037 3405 ὅρκους
3084 3335 3205 3394 ταῖς
3245 3325 3532 3394 διαϐολαῖς
3584 3352 3706 3387 συν-

2044 3429 2236 3492 ἧπτεν,
2271 3421 2345 3483 ὡς
2405 3421 2587 3491 οὗτος,
2634 3420 2726 3476 τὸν
2784 3419 3044 3493 Τιμόθεον
3104 3417 3270 3475 πάλιν
3332 3417 3702 3476 δακτυλοδει-

2045 3516 2245 3566 κτοῦσα
2299 3510 2389 3566 καὶ
2437 3507 2674 3565 ἕλκουσα
2706 3527 2719 3540 °
2759 3508 2928 3571 Οὗτός
2973 3507 3084 3564 ἐστι
3121 3554 3134 3579 ,
3183 3510 3272 3565 καὶ
3321 3509 3420 3565 ούκ
3464 3508 3637 3574 ἄλλος
3675 3511 3703 3566 6

2048 3601 2179 3675 ἐμὸς
2213 3600 2462 3678 φθορεύς.
2497 3600 2560 3652 Οἱ
2597 3597 2654 3654 δὲ
2695 3597 2878 3676 κριταῖ
2931 3598 3020 3653 σὺν
3069 3604 3187 3662 τοῖς
3229 3596 3554 3678 δορυφόροις
3600 3606 3701 3670 τῆς

2051 3688 2337 3766 μαχλάδος
2373 3690 2468 3763 μὲν
2500 3685 2833 3764 κατεγέλων,
2863 3689 3172 3745 Ἀθανάσιον
3207 3686 3264 3743 δὲ
3292 3696 3394 3758 τῆς
3440 3689 3704 3752 συνέσεως

2049 3779 2372 3853 ἐθαύμαζον,
2424 3777 2574 3841 ὅπως
2615 3782 2781 3853 σιγῶν
2831 3778 2893 3832 τὸ
2941 3779 3057 3832 κατ’
3107 3776 3270 3833 αὐτοῦ
3319 3775 3576 3854 ἔγκλημα
3624 3778 3701 3842 είς

2047 3869 2175 3933 τοὺς
2206 3867 2548 3943 κατηγόρους
2580 3867 2928 3943 περιτρέψας,
2980 3863 3390 3931 ἀναιδεστάτους
3442 3868 3704 3946 συκοφάν-

2049 3980 2144 4022 τας
2177 3956 2473 4028 ἀπέδειξεν.
2511 3954 2676 4014 Αύτοί
2709 3953 2767 4011 δὲ
2796 3957 2996 4011 ἑαυτῶν
3042 3953 3196 4012 οὐδὲν
3247 3956 3503 4030 ἀμείνους
3533 3955 3608 4020 είς
3637 3955 3701 4012 τὸ

2051 4045 2332 4126 φροντίσαι
2378 4049 2474 4100 τοῦ
2536 4042 2747 4099 δικαίου
2794 4045 3108 4120 γεγόνασιν.
3160 4046 3224 4099 Οἱ
3274 4042 3331 4100 δὲ
3374 4046 3697 4121 κατήγοροι,

2053 4136 2170 4193 δέον
2221 4137 2417 4191 στένειν
2475 4133 2566 4189 καί
2623 4135 2783 4210 χάριν
2843 4133 3061 4208 εἰδέναι,
3121 4132 3175 4190 εἷ’
3223 4155 3309 4198 τις
3365 4134 3559 4197 αὐτοὺς
3622 4135 3698 4208 μὴ

2051 4226 2309 4296 ἀπαιτοίη
2342 4225 2442 4295 τὴν
2490 4231 2592 4295 τῆς
2643 4225 2998 4303 συκοφαντίας
3047 4221 3225 4295 δίκην,
3276 4225 3328 4280 οἱ
3359 4221 3417 4279 δὲ
3445 4224 3535 4280 καὶ
3565 4223 3724 4297 πρὸς.

2049 4319 2150 4388 τὴν
2204 4315 2481 4391 Ἀρσενίου
2536 4311 2706 4385 δεξιάν
2761 4315 2860 4385 τὴν
2923 4311 3175 4389 γλῶσσαν
3230 4311 3518 4384 ὁπλίζουσι
3549 4329 3563 4344 ⁶
3612 4312 3704 4368 καὶ

2055 4407 2215 4488 φόνον
2249 4408 2362 4479 ἅμα
2398 4402 2489 4460 καί
2535 4403 2789 4480 γοητείαν
2840 4423 2920 4476 τῳ
2965 4409 3066 4474 τῆς
3113 4397 3383 4466 εὐσεϐείας
3427 4403 3702 4479 ἀγωνιστῇ

2054 4497 2461 4572 περιάπτουσιν.
2495 4490 2651 4551 Ἀλλ’
2700 4491 2902 4555 ἐκεῖνος
2953 4492 3005 4547 ἐν
3053 4496 3133 4564 τῷ
3180 4492 3442 4568 ἀταράχῳ
3480 4491 3702 4560 καὶτῆς

283 4583 797 4656 Respondentibus
844 4601 911 4639 ex
941 4599 1221 4640 consessu
1265 4601 1381 4640 non
1412 4585 1616 4656 paucis
1643 4584 1742 4658 qui
1769 4592 1936 4644 erant

2051 4592 2239 4666 φωνῆς
2288 4585 2512 4654 καὶτῆς
2552 4585 2803 4659 γνώμης,
2836 4582 2936 4636 Καὶ
2978 4581 3063 4645 τίς
3112 4583 3216 4658 γὰρ
3266 4581 3399 4652 ἐστι,
3432 4581 3617 4660 φησὶν,
3652 4579 3705 4652 ἐξ

281 4691 418 4730 cum
449 4672 989 4743 accusatoribus,se
1019 4675 1199 4746 probe
1231 4691 1404 4731 nosse
1431 4676 1770 4743 Arsenium;
1805 4681 1932 4733 tum

279 4763 678 4819 Athanasius:
711 4763 1217 4834 Quandoquidem,
1250 4765 1353 4830 ait,
1385 4780 1447 4819 se
1477 4765 1654 4836 probe
1685 4770 1740 4820 et
1771 4782 1934 4822 accu-

281 4856 404 4909 rate
435 4867 608 4908 nosse
638 4852 948 4908 Arsenium
979 4853 1362 4919 confitentur;
1396 4853 1562 4909 adest
1591 4853 1708 4923 ille,
1740 4854 1932 4928 ingre-

283 4943 495 4999 diatur.
524 4943 646 5007 Quo
667 4942 952 5014 ingresso,
982 4958 1219 4998 rursum
1240 4941 1640 5016 interrogavit,
1663 4961 1736 5000 an
1763 4944 1932 5001 illum

285 5031 708 5101 introductum,
723 5035 966 5087 nossent
980 5048 1108 5088 esse
1122 5032 1453 5088 Arsenium.
1470 5034 1614 5088 Cum
1637 5033 1696 5088 id
1723 5049 1932 5107 negare

283 5138 398 5178 non
430 5126 669 5194 possent
695 5121 801 5192 illi,
853 5121 1137 5194 pertrahit
1168 5120 1334 5178 illum
1367 5122 1607 5196 propius
1639 5123 1708 5178 ad
1741 5124 1934 5179 tribu-

283 5211 400 5280 nal,
432 5211 710 5284 iubetque
742 5209 998 5282 primum
1032 5215 1096 5266 ut
1126 5211 1420 5267 dexteram
1453 5211 1636 5284 erigat
1665 5228 1931 5284 manum,

283 5299 611 5371 deindeque
669 5300 990 5356 sinistram.
1052 5299 1118 5354 Et
1173 5299 1546 5356 exclamavit:
1597 5300 1740 5356 Ecce
1768 5302 1934 5357 Arse-

283 5388 470 5460 nium,
500 5389 606 5444 viri
639 5389 812 5457 cives,
841 5406 974 5446 ecce
1006 5389 1210 5445 ambas
1240 5389 1368 5460 ejus
1407 5405 1640 5460 manus,
1677 5406 1708 5444 ο
1739 5389 1933 5445 admi-

282 5478 726 5549 randijudices.
761 5479 970 5536 Dicant
999 5495 1134 5552 ergo
1184 5483 1574 5548 accusatores,
1624 5480 1795 5550 cujus
1843 5482 1934 5534 est

281 5583 495 5627 manus
527 5567 750 5635 isthaec,
781 5572 838 5625 et
866 5585 901 5625 a
930 5585 1044 5641 quo
1074 5568 1238 5625 illam
1270 5568 1656 5626 resecuerint:
1683 5585 1797 5641 quo
1828 5585 1931 5626 au-

278 5663 397 5719 tem
426 5655 624 5718 animo
653 5672 721 5718 ea
750 5657 868 5717 sint
893 5658 1007 5732 usi,
1041 5658 1262 5718 nemini
1282 5658 1933 5736 ambiguum,resecue-

2045 4677 2221 4752 ὑμῶν,
2256 4675 2283 4728 6
2315 4675 2598 4749 γινώσκων
2625 4671 2716 4726 τὸν
2773 4672 3047 4748 Ἀρσένιον
3080 4672 3115 4740 ἢ
3144 4672 3246 4740 τὴν
3284 4669 3448 4727 αὐτοῦ
3480 4667 3651 4742 δεξιάν
3687 4687 3702 4739 ;

2043 4765 2308 4840 Φαμένων
2363 4760 2409 4816 δ’
2458 4761 2561 4818 οὐκ
2609 4760 2815 4836 ὀλίγων
2868 4760 2960 4822 οὓς
3013 4760 3128 4836 εἶχε
3175 4761 3237 4814 τὸ
3280 4757 3557 4838 συνέδριον
3606 4760 3700 4814 σὺν

2039 4861 2158 4917 τοῖς
2214 4851 2571 4926 κατηγόροις,
2623 4849 2700 4912 ὡς
2750 4853 2932 4926 σαφῶς
2995 4847 3182 4904 εἰδεῖεν
3237 4849 3327 4904 τὸν
3376 4850 3650 4925 Ἀρσένιον
3688 4868 3701 4880 ·

2041 4945 2142 4999 Καὶ
2175 4941 2290 4998 ἐπεὶ
2329 4935 2562 5016 βεϐαίως
2610 4939 2700 4993 καί
2749 4933 3015 5014 ἀκριϐῶς,
3064 4939 3092 4992 6
3143 4939 3460 5003 Ἀθανάσιος
3511 4933 3702 5017 ἔφησε,

2041 5033 2322 5108 γινώσκειν
2379 5029 2530 5084 οὗτοι
2574 5026 3040 5102 συνωμολόγησαν
3084 5027 3177 5082 τὸν
3237 5027 3534 5106 ’Δρσένιον,
3585 5029 3613 5082 6
3642 5024 3700 5083 δὲ

2039 5123 2316 5196 πάρεστιν,
2352 5118 2554 5176 εἰσίτω.
2605 5114 2961 5180 Εἰσελθόντος
3011 5113 3088 5190 δὲ,
3139 5113 3303 5172 πάλιν
3356 5115 3614 5190 ἐπηρώτα
3651 5114 3699 5171 εἰ

2039 5211 2129 5265 τὸν
2164 5209 2478 5286 εἶσαχθέντα
2507 5205 2702 5278 ἴσασιν,
2754 5207 2828 5269 ὡς
2876 5203 2958 5276 εἷή
3015 5206 3309 5280 ’Δρσένιος.
3341 5209 3458 5260 Τῶν
3514 5202 3572 5260 δὲ
3601 5203 3702 5261 ούκ

2044 5297 2281 5376 ἐχόντων
2318 5299 2668 5376 ἀρνήσασθαι,
2718 5293 2868 5352 ἕλκει
2916 5317 2975 5351 τε
3023 5295 3180 5350 αὐτὸν
3227 5291 3441 5370 μᾶλλον
3472 5298 3570 5351 τοῦ
3605 5296 3704 5370 βή-

2047 5408 2213 5462 ματος
2263 5387 2551 5464 ἐγγύτερον
2588 5405 2599 5418 ·
2642 5387 2732 5441 καὶ
2781 5385 3007 5462 πρώτην
3061 5387 3159 5456 τήν
3215 5383 3386 5456 δεξιὰν
3431 5385 3698 5448 ἀνατεῖναι

2041 5475 2300 5541 κελεύσας
2350 5483 2530 5554 χεῖρα,
2582 5475 2695 5532 εἶτα
2734 5475 2823 5531 καὶ
2867 5476 2967 5545 τήν
3013 5474 3330 5550 ἀριστερὰν,
3382 5474 3695 5550 ἀνέκραγεν·

2042 5563 2182 5624 Ἰδοὺ
2232 5567 2530 5642 Ἀρσένιος,
2580 5563 2768 5639 ἄνδρες
2816 5562 3088 5622 πολῖται·
3127 5562 3246 5620 ἰδού
3272 5563 3364 5621 καὶ
3416 5563 3474 5620 αἵ
3499 5561 3698 5621 τούτου

2045 5653 2142 5717 δύο
2171 5660 2379 5743 γεῖρες,
2413 5653 2459 5716 ὦ
2508 5655 2811 5738 θαυμάσιοι
2841 5651 3109 5717 δικασταί.
3141 5653 3466 5716 Εἶπάτωσαν
3519 5650 3612 5742 οὖν
3642 5654 3700 5716 οἱ
