4146 6392
1514 514 1580 577 S.
1625 514 2056 578 ATHANASII
2099 514 2290 578 VITA
2330 514 2438 578 EX
2481 507 2800 579 ΡΗΟΤῙΟ.

3659 519 3860 573 CCXVII

430 639 732 722 κατήγοροι
762 637 913 708 τίνος
948 641 1089 701 ἐστὶν
1117 645 1151 716 ἢ
1183 644 1307 724 χεὶρ
1356 644 1446 702 καὶ
1494 646 1643 710 τίνος
1695 646 1863 717 αὐτην
1917 646 2092 718 ἐξέκο-

2207 653 2343 705 runt
2371 649 2527 705 enim
2550 649 2621 704 ab
2653 648 2914 716 homine,
2939 650 3007 704 ut
3042 663 3150 705 nos
3178 642 3594 703 interficerent.
3629 643 3723 702 Sic
3779 643 3858 699 ite

432 736 534 807 ψαν
569 753 583 804 ;
619 731 701 810 ἐφ’
733 734 778 806 ᾧ
804 734 907 808 γὰρ
939 733 1106 810 ταύτῃ
1137 734 1460 813 ἐχρήσαντο,
1494 735 1593 792 οὐκ
1641 734 1718 792 ἔτι
1769 735 1960 792 λοιπὸν
1996 735 2087 791 οὐ·

433 819 1005 903 δωὶάμφισϐήτησιψ
1055 824 1486 902 ἐχειροκόπησαν
1535 827 1639 903 γὰρ
1691 823 1969 901 ἄνθρωπον
2011 825 2087 887 ὡς

432 913 492 969 ἃν
546 916 698 987 ἡμᾶς
755 915 1158 971 θανατώσωσιν.
1217 913 1376 971 Ἀλλ’
1433 916 1461 971 6
1524 916 1617 985 μὲν
1660 915 1808 970 οὕτω
1857 916 1925 970 τὰ
1977 918 2086 969 τῶν

431 1000 744 1058 ἀντιπάλων
776 1004 948 1058 πάντα
999 1000 1179 1059 διέλυε
1231 1007 1626 1080 μηχανήματα·
1681 1006 1732 1058 οἱ
1783 1002 1840 1059 δὲ
1882 1005 2083 1078 κριταὶ,

427 1089 626 1171 τυφλοὶ
655 1091 745 1147 καὶ
778 1092 954 1172 κωφοὶ
986 1090 1047 1147 ἔκ
1073 1113 1132 1147 τε
1175 1098 1273 1148 τοῦ
1308 1099 1484 1164 ζητεῖν
1529 1094 1769 1168 ἀρέσκειν
1801 1100 2082 1150 Κωνσταν-

425 1180 528 1254 τίῳ
557 1179 861 1257 γεγονότες,
892 1182 984 1236 καὶ
1015 1181 1066 1253 ἐξ
1096 1183 1168 1238 ὧν
1204 1182 1492 1238 ἀπέκλινον
1537 1189 1655 1246 τοῖς
1700 1182 2080 1259 αἰρετίζουσιν⁵

427 1267 691 1326 ἀπέλιπόν
730 1291 791 1326 τε
817 1272 879 1326 τὸ
915 1273 1091 1346 βῆμα,
1122 1271 1212 1327 καὶ
1246 1275 1375 1347 σιγῇ
1409 1269 1704 1328 διδόναιτά
1735 1271 2084 1347 ἐληλεγμένα

427 1358 777 1436 έτεχνάζοντο
811 1403 825 1418 .
875 1361 1384 1438 ’Υποχωρησάντων
1444 1359 1502 1417 δέ
1555 1361 1762 1417 τούτων
1795 1405 1808 1431 ,
1867 1361 2081 1432 κίνησις

427 1448 527 1505 ούκ
554 1445 633 1505 ἔτι
660 1454 1053 1527 συκοφαντιῶν,
1077 1449 1204 1506 ἀλλ’
1237 1448 1472 1515 ἀναιδῶς
1503 1453 1580 1526 (α)
1615 1450 1927 1529 μιαιφονίας
1949 1452 2085 1506 κατὰ

424 1543 522 1595 τοῦ
551 1540 937 1614 τρισαριστέως
985 1539 1406 1616 ἀναῤῥήγνυται.
1467 1542 1565 1596 Καὶ
1615 1542 1668 1596 οἱ
1720 1541 1814 1614 μὲν
1867 1538 2080 1616 λόγοις⁷

382 1618 383 1621 Ἴ
425 1629 479 1683 οἱ
510 1625 567 1684 δὲ
594 1629 685 1683 καὶ
714 1629 873 1706 χερσί
901 1629 992 1684 τὸν
1023 1631 1252 1700 νικητήν
1284 1629 1735 1704 προύπηλάκιζον
1770 1648 1782 1661 ·
1817 1631 1869 1684 οἱ
1901 1627 1958 1684 δὲ
1994 1631 2083 1684 καὶ

423 1716 515 1772 τὸν
549 1715 609 1773 ἐκ
648 1722 745 1772 τοῦ
800 1716 1068 1794 βασιλέως
1119 1717 1356 1775 έπέσειον
1399 1721 1640 1775 θάνατον.
1690 1724 1744 1773 Ὀ
1791 1716 1848 1774 δέ
1886 1719 2086 1795 Ἀρχέ-

425 1804 559 1870 λαος
595 1805 869 1881 μέλλοντα
897 1805 1221 1863 διασπᾶσθαι
1266 1809 1356 1863 τὸν
1408 1806 1555 1864 ὅσιον
1609 1809 1710 1864 ὑπὸ
1756 1812 1863 1863 τῶν
1898 1806 2083 1863 δυσσε-

425 1890 558 1969 ϐῶν,
595 1895 758 1969 μόλις
789 1902 891 1966 τῆς
944 1895 1122 1960 οἰκίας
1167 1891 1405 1960 καταϐὰς
1436 1897 1500 1972 (εἰ
1545 1899 1649 1974 γὰρ
1698 1897 1788 1952 καὶ
1817 1898 1954 1973 πρὸς
1984 1899 2084 1966 τήν

419 1983 595 2061 κρίσιν
628 1984 737 2061 οὐχ
765 1985 932 2061 ἑώρα,
967 1982 1094 2039 ἀλλ’
1129 1983 1219 2040 οὖν
1251 1985 1367 2063 εἶχέ
1394 2006 1515 2040 τινα
1541 1991 1641 2056 τῆς
1670 1985 1880 2061 φύσεως
1903 1983 2083 2057 αἰδῶ),

423 2073 561 2147 μετᾶ
617 2075 709 2129 καὶ
767 2079 878 2130 τῶν
939 2071 1257 2154 δορυφόρων
1318 2075 1640 2152 ἐξαρπάζει,
1700 2076 1791 2130 καὶ
1849 2073 2086 2149 δρασμὸν

429 2161 656 2242 κρύφιον
711 2159 859 2236 αὐτῷ
906 2160 1322 2238 παρασκευάζει,
1383 2163 1474 2219 καὶ
1536 2163 1892 2220 ὑποτίθεται·
1924 2165 1986 2218 τὸ
2035 2162 2094 2219 δὲ

2129 2037 2178 2102 Β

2197 756 2331 794 rum
2362 738 2458 794 ille
2485 738 2979 812 sycophantarum
3012 737 3322 794 machinas
3369 735 3576 793 evertit
3625 751 3852 792 omnes.

2196 829 2269 883 At
2290 828 2547 900 judices,
2579 829 2713 884 caeci
2746 834 2918 900 atque
2950 828 3136 894 surdi,
3170 832 3297 883 tum
3337 827 3532 883 studio
3590 823 3859 898 placendi

2196 918 2560 985 Constantio,
2587 922 2717 973 tum
2749 934 2817 973 ex
2849 918 3045 974 animo
3070 919 3142 972 ad
3178 916 3485 972 hareticos
3543 931 3857 988 propenso,

2194 1007 2486 1063 tribunale
2508 1007 2730 1073 relicto,
2769 1024 2892 1063 rem
2924 1011 3150 1080 gestam
3185 1005 3417 1062 silentio
3449 1020 3713 1076 premere
3735 1020 3860 1059 mo-

2193 1096 2280 1152 liti
2316 1100 2475 1152 sunt.
2509 1097 2958 1152 Discedentibus
2989 1096 3249 1166 illis,non
3274 1097 3402 1166 jam
3435 1092 3736 1148 inimiciin
3760 1109 3860 1148 ca-

2193 1185 2584 1252 lumnias,sed
2609 1186 2669 1240 in
2701 1185 2918 1240 cadem
2942 1184 3340 1240 strenuissimi
3369 1182 3479 1238 viri
3512 1183 3855 1253 erumpunt.

2192 1277 2262 1331 Et
2291 1275 2388 1331 alii
2420 1275 2616 1331 verbis
2646 1274 3008 1330 aliivocibus
3067 1273 3308 1347 pulsant
3361 1273 3641 1327 victorem
3678 1287 3691 1338 ;
3755 1268 3834 1325 ali

2192 1368 2442 1420 mortem
2498 1365 2570 1420 ab
2621 1364 2971 1436 imperatore
3019 1362 3252 1418 illatum
3282 1361 3352 1417 iri
3401 1360 3860 1417 comminantur.

2194 1452 2519 1510 Archelaus
2549 1470 2720 1525 porro
2755 1459 3026 1510 sanctum
3058 1452 3249 1507 virum
3274 1452 3524 1524 jamjam
3556 1451 3627 1505 ab
3655 1449 3857 1521 impiis

2194 1543 2811 1616 discerpendum,cum
2840 1543 2935 1597 vix
2967 1543 3140 1598 domo
3172 1541 3570 1597 descendisset
3603 1537 3860 1609 (tametsi

2194 1631 2355 1688 enim
2382 1633 2454 1688 ad
2478 1633 2713 1704 justum
2737 1631 3034 1703 judicium
3058 1648 3174 1687 non
3211 1630 3548 1703 respiceret,
3604 1627 3859 1684 naturali

2195 1725 2394 1778 tamen
2422 1721 2774 1777 verecundia
2804 1721 3155 1792 tenebatur),
3189 1736 3326 1775 cum
3357 1717 3709 1775 satellitibus
3749 1717 3859 1774 eri-

2196 1811 2325 1883 puit
2353 1809 2546 1879 illum,
2568 1811 2975 1883 occultamque
3001 1814 3065 1866 ut
3088 1811 3291 1882 fugam
3318 1809 3532 1865 faceret
3554 1807 3784 1864 monuit
3808 1811 3864 1862 et

2197 1899 2440 1956 curavit.
2478 1899 2647 1972 Impii
2681 1904 2878 1955 autem
2905 1917 3038 1955 cum
3071 1917 3281 1956 rursus
3301 1914 3645 1955 consessum
3675 1897 3864 1953 venis-

2208 1993 2356 2058 sent,
2392 1989 2615 2045 nefaria
2634 1989 2884 2044 crimina
2905 2005 3013 2045 aee
3037 1988 3521 2044 conﬁctainsonti
3538 1986 3861 2054 ascribunt,

2207 2093 2464 2150 cumque
2494 2078 2554 2132 in
2585 2077 2764 2133 variis
2795 2077 3010 2134 libellis
3039 2078 3348 2134 mendacia
3371 2094 3479 2132 sua
3500 2079 3860 2145 exarassent,

2204 2166 2552 2224 Constantio
2586 2171 2760 2239 atque
2792 2167 3066 2223 universo
3086 2167 3504 2224 transmittunt
3541 2165 3688 2221 orbi.

434 2248 686 2316 δυσσεϐὲς
736 2249 1176 2330 συνεδριάσοιντες
1234 2252 1386 2316 αὖθις
1439 2252 1708 2335 γράφουσί
1765 2275 1824 2310 τε
1879 2254 1969 2309 τὸν
2032 2253 2268 2310 ἀναίτιον
2327 2254 2526 2318 αἰτίαις
2581 2254 2827 2326 ἀτόποις,
2888 2254 2949 2318 ἃς
2993 2254 3147 2310 αὐτοὶ
3206 2251 3563 2322 συνέπλασαν,
3625 2250 3860 2308 ἁλῶναι·

421 2341 521 2398 καὶ
586 2339 870 2422 διαφόροις
919 2338 1216 2420 βιϐλιδίοις
1276 2343 1695 2420 ὲγκαταθέμενοι
1749 2345 1817 2399 τὰ
1867 2348 1964 2399 τοῦ
2021 2342 2274 2419 ψεύδους,
2332 2349 2411 2418 τῷ
2464 2367 2523 2400 τε
2576 2345 2935 2418 Κωνσταντίῳ
2987 2343 3077 2400 καί
3135 2345 3278 2419 πάσῃ
3332 2341 3730 2417 διαπέμπονται
3788 2344 3859 2416 τῇ

436 2431 732 2506 οἰκουμένῃ
743 2474 756 2488 .

503 2523 555 2578 8.
590 2519 689 2576 Καὶ
741 2519 944 2596 γίνεται
1009 2525 1088 2594 τῷ
1163 2518 1466 2595 πολυᾶθλῳ
1521 2527 1666 2578 πᾶσα
1729 2522 1890 2598 χώρα
1948 2524 2094 2600 φυγὴ

436 2606 642 2687 σφόδρα
675 2610 1017 2683 ζητουμένῳ.
1062 2609 1160 2665 Καὶ
1209 2613 1244 2680 ἡ
1281 2613 1509 2682 ζήτησις
1538 2616 1656 2674 τοῖς
1693 2611 1786 2684 μὲν
1830 2608 2094 2666 συνειδόσι

434 2697 523 2753 καὶ
573 2700 648 2773 μὴ
694 2699 1103 2773 καταμηνύουσι
1157 2704 1305 2770 ζωῆς
1357 2700 1632 2778 ἀφαίρεσιν
1683 2696 1956 2756 ἐπέϐαλλε
1994 2701 2094 2770 την

438 2788 675 2861 ζημίαν·
730 2793 849 2852 τοῖς
907 2788 966 2844 δὲ
1009 2787 1329 2863 κομίζουσιν
1378 2789 1414 2859 ἢ
1477 2794 1648 2860 ζῶντα
1702 2791 1738 2860 ἢ
1782 2791 1882 2860 την
1932 2788 2096 2845 αὐτοῦ

433 2873 676 2950 κεφαλὴν
711 2873 908 2951 δωρεαὶ
955 2877 1340 2954 προύτείνοντο
1391 2876 1649 2955 μεγάλαι.
1682 2883 1749 2936 Ἃ
1807 2879 2034 2934 συνιδὼν
2067 2880 2096 2934 6

433 2973 534 3037 τῆς
565 2966 851 3040 ὑπομονῆς
881 2963 1117 3040 ἀδάμας,
1153 2968 1203 3023 ἐν
1257 2965 1447 3042 λάκκῳ
1497 2966 1643 3045 ὕδωρ
1681 2971 1755 3044 μὴ
1792 2964 1977 3045 ἔχοντι
2007 2968 2096 3024 έπὶ

432 3053 488 3128 ἓξ
515 3050 662 3112 ἔτεσι
691 3052 874 3111 λαθὼν
907 3055 1200 3132 ἐκαρτέρει.
1231 3062 1316 3120 Ὡς
1352 3054 1410 3112 δὲ
1452 3059 1540 3113 καὶ
1588 3058 1649 3112 τὸ
1680 3059 1888 3134 χωρίον
1923 3058 2094 3114 έκεῖνο

432 3142 787 3220 προδίδοσθαι
820 3140 1043 3221 ἔμελλε,
1102 3145 1248 3210 θείας
1301 3142 1478 3222 ὅψεως
1525 3149 1624 3217 τὴν
1675 3145 1968 3224 προδοσίαν
2016 3153 2096 3221 τῷ

435 3232 722 3310 θεράποντι
793 3235 900 3310 πρὸ
962 3240 1088 3308 μιᾶς
1149 3235 1362 3313 ἡμέρας
1424 3233 1744 3309 μηνυσάσης
1776 3282 1790 3307 ,
1850 3238 2092 3291 κάκεῖθεν

435 3320 840 3402 ἀποδιδράσκει,
873 3323 962 3379 καὶ
991 3325 1130 3399 πρὸς
1170 3325 1270 3394 τὴν
1328 3324 1484 3380 Δύσιν
1535 3324 1785 3401 ἀπαίρει·
1817 3331 1913 3380 τοῦ
1944 3326 2093 3379 Κών-

433 3384 656 3476 σταντος
703 3410 813 3484 ἤδη
864 3414 963 3483 τὴν
997 3415 1175 3490 ἀρχὴν
1208 3411 1459 3492 ἔχοντος,
1488 3413 1549 3469 ού
1580 3384 1682 3484 τήν
1714 3415 1925 3487 ἑαυτοῦ,
1952 3413 2098 3469 ἀλλὰ
2126 3384 2169 3450 C

509 3504 524 3524 ς
782 3507 809 3519 .,
878 3505 888 3521 ,
1073 3507 1100 3518 η.
1723 3503 1736 3521 ε
1832 3505 1846 3522 ς
1983 3503 1996 3522 ,
2046 3503 2059 3522 ς

433 3522 527 3558 κηι
569 3504 668 3573 τὴν
715 3523 813 3558 του
862 3500 1104 3582 αδελφου
1163 3502 1589 3561 Κωνσταντίνου.
1641 3510 1740 3560 Και
1785 3524 1888 3579 γαρ
1940 3525 2097 3559 αυτον

434 3593 496 3648 τὸ
545 3592 951 3670 στρατιωτικὸν,
999 3591 1274 3668 τυραννίδι
1332 3593 1641 3668 ἐπιθέμενοι
1695 3595 1791 3669 (b),
1843 3591 2094 3652 ἀνεῖλον.

439 3679 686 3738 Διδάσκει
734 3685 1028 3758 τοιγαροῦν
1079 3679 1170 3737 διὰ
1218 3680 1533 3760 συνδρομῆς
1564 3680 1798 3738 Ἰουλίου
1841 3687 1937 3737 τοῦ
1967 3683 2099 3738 Ῥώ-

443 3793 550 3846 μης
609 3771 702 3829 τὸν
766 3768 994 3850 βασιλέα
1039 3772 1356 3828 Κώνσταντα
1401 3774 1499 3835 τὰς
1557 3772 1812 3834 συσκευάς
1872 3771 1936 3834 ἃς
1996 3771 2098 3826 ὑπὸ

435 3865 545 3917 τῶν
589 3862 874 3936 Ἀρειανῶν
928 3861 1153 3935 ὑπέστη,
1199 3862 1291 3916 καὶ
1343 3863 1442 3932 τήν
1494 3857 1716 3916 σύνοδον
1759 3862 1858 3930 τήν
1893 3859 1944 3916 έν
1977 3866 2098 3915 Ἀν-

436 3949 652 4027 τιοχείᾳ
681 3949 769 4005 ἐπὶ
820 3946 1120 4030 διαστροφῇ
1149 3957 1252 4020 τῆς
1303 3951 1541 4013 πίστεως
1589 3951 2046 4027 συγκροτηθεῖσαν
2083 3995 2096 4008 .

438 4037 527 4094 καὶ
558 4038 634 4101 ὡς
665 4040 940 4115 Γεώργιον
977 4038 1054 4101 εἷς
1082 4039 1174 4094 τὸν
1224 4038 1387 4096 αύτοῦ
1435 4038 1622 4115 θρόνον
1667 4038 1942 4114 έκθέσμως
1974 4059 2099 4115 χει-

439 4129 833 4204 ροτονήσαντες
895 4124 1280 4204 έγκαθίδρυσαν
1317 4148 1331 4162 °
1363 4128 1454 4185 καὶ
1503 4129 1602 4185 οὐκ
1657 4127 1858 4184 ἐκεῖνον
1910 4128 2097 4204 μόνον,
2154 4138 2155 4141 “

441 4214 584 4273 ἀλλά
631 4217 722 4273 καὶ
772 4217 880 4292 πρὸ
923 4215 1128 4274 ἐκείνου
1188 4218 1513 4296 Γρηγόριον.
1565 4213 1824 4282 Εὐσέϐιος
1890 4219 2095 4292 μέντοι,

442 4304 873 4383 διαπραξάμενος
945 4306 982 4363 ἃ
1044 4305 1340 4379 ἐσπούδαζε
1373 4351 1389 4379 ,
1449 4304 1889 4385 διαπρεσϐεύεται
1962 4310 2099 4384 πρὸς

438 4397 530 4454 τὸν
561 4396 710 4454 ὅσιον
763 4396 1019 4474 Ἰούλιον,
1081 4399 1336 4455 κοινωνὸν
1395 4394 1583 4455 λαϐεῖν
1625 4406 1725 4470 τῆς
1784 4397 2098 4454 ’Δθανασίου

440 4488 810 4566 κατακρίσεως
864 4489 1288 4567 μηχανώμενος.
1336 4490 1393 4543 Ὁ
1425 4485 1482 4545 δὲ
1513 4487 1564 4560 ἐξ
1603 4490 1676 4544 ῶν
1707 4488 1908 4552 ἐκεῖνος
1939 4486 2100 4565 ἔγρα-

445 4598 554 4658 φεν,
603 4577 663 4634 ού
711 4575 1049 4654 κατάκρισιν,
1101 4579 1345 4635 ἀθώωσιν
1400 4575 1457 4634 δὲ
1509 4576 1721 4653 μᾶλλον
1781 4577 2098 4634 Ἀθανασίου

446 4671 708 4743 συνορῶν,
757 4665 1044 4743 γράμμασι
1098 4669 1189 4724 τὸν
1243 4666 1577 4742 ἠδικημένον
1639 4666 1967 4747 ἐπιρρώσας,
2023 4667 2097 4731 εἷς

447 4754 853 4832 ’Δλεξοὶνδρειαν
913 4755 1242 4815 ἀποστέλλει
1284 4777 1298 4794 ο

445 4843 774 4910 καθελόντας
827 4843 1010 4903 δικαία
1037 4848 1128 4903 καὶ
1179 4846 1242 4902 οὗ
1295 4848 1464 4926 μικρά
1515 4849 1722 4923 μέμψις
1770 4849 2100 4923 μετήρχετο.

449 4932 608 4992 Ἀλλ’
640 4936 693 4990 οἱ
719 4942 820 5007 τῆς
853 4936 1068 5012 ’Δρείου
1099 4935 1331 5009 λύσσης,
1363 4937 1779 5015 ὑποφθείραντες
1817 4935 1904 4992 ἐπὶ
1935 4934 2104 4992 πλέον

445 5025 536 5080 τὸν
586 5023 958 5082 Κωνστάντιον
993 5073 1009 5100 ,
1067 5026 1126 5082 ὃν
1191 5026 1342 5082 αὐτοὶ
1401 5029 1886 5105 κεχειροτονήκασι
1960 5032 2104 5101 Γρη-

447 5113 635 5192 γόριον
671 5159 686 5186 ,
748 5114 836 5171 ἐπὶ
894 5117 994 5185 τήν
1054 5113 1459 5190 Ἀλεξάνδρειαν
1522 5119 1884 5191 στρατιωτικῇ
1959 5115 2107 5191 χειρὶ

450 5201 826 5283 ἐκπεμφθῆναι
882 5202 1348 5282 καταπράττονται
1407 5206 1694 5283 (Συριανὸς
1750 5206 1816 5274 ἦν
1873 5224 2107 5278 στρατη-

449 5291 548 5370 γὸς
594 5280 696 5365 τῆς
745 5294 1008 5366 τοιαύτης
1061 5280 1453 5370 παρατάξεως),
1509 5280 1600 5352 καὶ
1659 5297 1687 5351 6
1747 5292 1974 5372 στρατὸς
2033 5293 2108 5356 εἷς

449 5383 610 5440 πέντε
639 5381 903 5462 χιλιάδας
953 5384 1300 5460 ἀπηρτίζετο.
1357 5385 1643 5464 Διαφεύγει
1675 5382 1722 5440 δ’
1751 5382 1842 5439 οὖν
1886 5384 1914 5440 6
1945 5381 2109 5461 σοφὸς

3827 2344 3855 2356 η

2278 2527 2331 2582 8.
2357 2527 2626 2600 Tumque
2651 2527 2722 2583 de
2753 2525 2866 2583 alia
2893 2525 2954 2581 in
2969 2525 3148 2581 aliam
3165 2525 3461 2599 regionem
3490 2522 3751 2597 fugiebat
3774 2521 3864 2578 vir

2206 2620 2469 2684 sanctus,
2502 2616 2781 2672 aerumnis
2813 2615 3130 2682 confectus,
3179 2614 3389 2670 acriter
3444 2610 3808 2685 perquisitus
3839 2630 3856 2674 ς

2206 2705 2351 2762 adeo
2382 2709 2449 2760 ut
2475 2705 2575 2778 qui
2606 2705 2781 2761 sciret
2801 2705 3042 2761 ubinam
3070 2708 3242 2772 esset,
3276 2720 3381 2759 nec
3410 2702 3717 2769 indicaret,
3769 2718 3860 2757 ca-

2205 2793 2370 2868 pitali
2401 2794 2753 2866 plecteretur
2783 2811 2998 2867 poena:
3046 2793 3119 2850 iis
3173 2810 3309 2853 vero
3374 2792 3477 2866 qui
3533 2791 3862 2848 indicarent

2207 2883 2307 2939 ubi
2338 2884 2685 2955 degeret,vel
2717 2889 2895 2957 caput
2922 2885 3049 2955 ejus
3081 2885 3340 2954 afferent,
3384 2899 3600 2956 magna
3655 2897 3862 2954 propo-

2207 2978 2487 3029 nerentur
2516 2973 2771 3044 praemia.
2811 2976 3068 3042 Quorum
3095 2990 3318 3046 gnarus
3365 2970 3658 3044 patientiae
3705 2971 3860 3026 Ada-

2207 3063 2424 3132 mas,in
2456 3062 2620 3117 fovea
2652 3079 2806 3135 aqua
2829 3066 3064 3117 carente
3094 3066 3248 3118 totos
3279 3077 3378 3116 sex
3409 3075 3595 3115 annos
3635 3060 3862 3132 patien-

2204 3154 2293 3206 ter
2322 3151 2514 3206 latuit.
2543 3151 2735 3207 Pridie
2756 3168 2889 3206 vero
2919 3152 3047 3221 ejus
3070 3151 3184 3206 diei
3207 3167 3322 3222 qua
3344 3149 3678 3220 prodendus
3701 3148 3864 3204 locus

2206 3245 2349 3311 erat,
2375 3240 2572 3295 divina
2601 3240 2856 3312 quadam
2886 3240 3112 3295 visione
3135 3239 3474 3294 admonitus
3504 3255 3706 3294 servus
3742 3237 3863 3305 Dei,

2206 3329 2341 3384 inde
2368 3329 2800 3402 aufugit,inque
2831 3329 3203 3385 Occidentem
3235 3328 3562 3384 contendit:
3595 3327 3862 3396 cumjam

2212 3421 2500 3474 Constans
2532 3418 2996 3490 imperium,non
3028 3418 3201 3473 modo
3234 3416 3541 3483 suum,sed
3556 3415 3731 3471 etiam
3757 3415 3866 3470 fra-

2207 3507 2314 3563 tris
2341 3507 2708 3563 Constantini
2741 3508 3060 3571 obtineret;
3099 3523 3235 3562 nam
3269 3505 3437 3561 illum
3460 3504 3747 3561 exercitus
3777 3509 3864 3578 ty-

2209 3596 2517 3652 rannidem
2575 3598 2941 3652 aﬁ’ectantem
2990 3596 3378 3652 interfecerat.
3438 3595 3616 3651 Docet
3662 3593 3864 3666 igitur,

2208 3683 2700 3758 OpitulanteJulio
2723 3685 3448 3757 Romano,imperatorem,
3476 3701 3623 3757 quas
3645 3700 3861 3756 passus

2210 3778 2366 3830 esset
2396 3774 2860 3847 conspirationes
2891 3776 2961 3830 ab
2990 3773 3243 3840 Arianis,
3295 3791 3518 3830 necnon
3570 3773 3863 3846 synodum

2209 3863 2532 3921 Antiochiae
2565 3865 2636 3920 ad
2662 3865 3023 3920 eversionem
3067 3863 3199 3920 ﬁdei
3249 3867 3630 3920 convocatam
3689 3878 3858 3919 esse:

2209 3970 2328 4026 qua
2347 3955 2572 4009 ratione
2595 3954 2734 4009 item
2765 3953 3077 4026 Georgium
3109 3953 3417 4026 illegitime
3476 3953 3536 4009 in
3594 3952 3865 4032 eamdem

2209 4044 2408 4099 sedem
2424 4044 2762 4100 ordinatum
2777 4043 3246 4100 constituissent:
3265 4060 3369 4099 nec
3386 4042 3556 4098 illum
3578 4043 3867 4098 duntaxat

2208 4133 2310 4188 sed
2342 4132 2507 4204 prius
2537 4132 2710 4188 etiam
2744 4133 3108 4206 Gregorium.
3160 4131 3449 4189 Eusebius
3501 4148 3672 4205 porro
3730 4148 3867 4187 cum

2209 4238 2336 4295 quas
2367 4221 2426 4277 in
2460 4221 2658 4278 animo
2676 4226 2844 4278 erant
2866 4221 3305 4295 perfecisset,ad
3338 4225 3609 4277 sanctum
3640 4218 3867 4276 Julium

2204 4310 2557 4384 legationem
2589 4311 2788 4382 mittit,
2812 4310 2919 4367 hoc
2941 4311 3600 4384 ageusutAthanasium
3629 4309 3872 4382 illezuna

2210 4400 2650 4457 damnaret.llle
2679 4417 2812 4457 vero
2840 4417 2908 4456 ex
2938 4401 3172 4457 Eusebii
3206 4400 3436 4468 litteris,
3482 4399 3867 4456 Athanasium

2209 4507 2327 4548 non
2359 4489 2893 4556 damnandum,sed
2915 4488 3111 4562 potius
3126 4487 3862 4560 absolvendumjudicavit;

2209 4579 2539 4651 litterisque
2554 4579 2849 4635 munitum
2863 4578 2990 4633 suis
3004 4576 3863 4643 mittitAlexandriam.Quibus

2212 4669 2427 4726 litteris
2458 4685 2556 4725 eos
2589 4667 2689 4741 qui
2723 4668 3108 4723 damnassent
3127 4668 3264 4740 jure
3295 4665 3502 4723 merito
3535 4665 3866 4737 acriterque

1360 4757 1412 4814 έν
1473 4759 1554 4821 οἷς
1611 4758 1702 4813 καὶ
1757 4757 1883 4820 τοὺς
1944 4756 2094 4813 αὐτὸν

2212 4757 2622 4831 culpabat.Sed
2653 4756 2850 4813 Ariani
2882 4749 3162 4826 furentes,
3195 4772 3329 4812 cum
3345 4756 3534 4829 magis
3557 4755 3866 4828 magisque

2215 4847 2620 4904 Constantium
2653 4846 3079 4919 corrupissent,
3122 4845 3458 4901 ordinatum
3492 4863 3526 4900 a
3557 4861 3619 4900 se
3649 4844 3866 4917 Grego-

2215 4935 2370 4992 rium
2400 4935 2809 4992 Alexandriam
2841 4951 2976 4992 cum
3017 4934 3256 4991 militari
3316 4928 3497 4990 manu
3543 4931 3869 4990 transmitti

2215 5029 2426 5084 Curant
2454 5025 2761 5098 (Syrianus
2788 5025 3091 5098 copiarum
3122 5025 3241 5080 dux
3266 5025 3410 5096 erat)
3441 5026 3682 5094 eratque
3701 5038 3867 5078 exer-

2218 5116 2373 5172 citus
2404 5115 2664 5187 quinque
2694 5114 2947 5170 millium
2967 5109 3871 5186 hominum.Fugitergosapiens

2216 5203 2573 5262 Athanasius
2604 5205 2812 5259 ducem
2843 5207 3017 5275 atque
3039 5203 3276 5271 milites,
3296 5202 3406 5259 sibi
3426 5218 3628 5258 necem
3657 5200 3874 5256 inferre

2219 5296 2614 5368 peroptantes,
2648 5293 2979 5365 iterumque
3012 5293 3258 5349 Romam
3303 5290 3587 5349 concedit.
3646 5288 3872 5362 Impius

2222 5399 2393 5456 porro
2416 5381 2731 5454 Gregorius
2743 5382 3152 5438 Alexandriam
3167 5380 3873 5454 occupavit.Populusque

449 5471 772 5538 ’Δθανάσιος
825 5473 919 5530 τόν
972 5494 1032 5530 τε
1087 5472 1389 5552 στρατηγὸν
1448 5474 1539 5530 καὶ
1594 5474 1721 5538 τοὺς
1779 5473 2094 5550 στρατιῶται

2220 5489 2342 5529 rem
2375 5488 2494 5528 non
2515 5470 2816 5528 ferendam
2846 5476 3032 5537 ratus,
3064 5470 3372 5528 ecclesiam
3424 5469 3687 5527 incendit
3731 5467 3872 5524 Dio-

461 5563 732 5628 ’πνέοντας
770 5563 890 5620 κατ’
932 5562 1098 5622 αὐτοῦ
1143 5562 1236 5621 τὸν
1284 5562 1445 5644 φόνον
1479 5581 1493 5596 °
1523 5562 1614 5620 καί
1658 5563 1721 5622 τὸ
1777 5562 1990 5641 εύτερον
2023 5560 2111 5618 ἐπὶ

536 5731 590 5799 'a
642 5741 812 5800 Forte
832 5731 1108 5807 ἀναιδοῦς.
1140 5745 1301 5802 Enrr.
1328 5742 1571 5800 Punon.

525 5742 612 5888 ibi
629 5815 730 5873 Sic
760 5831 942 5888 supra
968 5817 1184 5888 legitur
1206 5815 1269 5871 16
1326 5811 1571 5879 δυσσεοὶς

2222 5561 2374 5636 nysii
2395 5563 2814 5634 nuncapatam.
2843 5560 3038 5618 Romae
3061 5561 3238 5634 igitur
3259 5577 3378 5618 una
3433 5565 3602 5619 erant
3645 5557 3874 5617 exsules

629 5815 730 5873 Sic
760 5831 942 5892 supra
968 5803 1184 5893 legitur
1206 5815 1269 5871 16
1326 5811 1577 5879 δοσσεοὶς
1623 5813 1952 5889 (collective
2009 5829 2094 5888 pri

2235 5803 2531 5884 δυσσεϐεῖς)
2561 5805 3011 5886 συνεδριάσαντες.
3051 5813 3136 5869 ID.
