4146 6378
298 473 529 529 CCXVIII

1695 453 2314 521 PROLEGOMENA.

291 594 665 654 venerandus
686 593 1043 653 Athanasius
1058 598 1115 651 et
1131 591 1373 662 Paulus,
1404 590 1731 666 aequalibus
1774 609 1944 649 orna-

2065 590 2157 659 τὴν
2214 588 2432 662 Ῥώμην
2490 584 2798 663 ἀνατρέχει.
2859 584 2915 640 '0
2969 580 3027 641 δὶ
3084 577 3351 653 δυσσεϐὴς
3408 578 3715 658 Γρηγόριος

292 686 340 743 ti
370 685 792 742 certaminibus
818 690 875 741 et
904 683 1153 758 palmis;

2054 685 2157 748 τῆς
2204 673 2602 753 ’Δλεξανδρέων
2659 674 2960 752 ἐκράτησε’
3011 673 3101 730 καὶ
3151 675 3187 743 ἡ
3240 670 3405 735 πόλις
3433 718 3447 744 ,
3495 671 3559 727 τὸ
3589 692 3712 727 συν-

296 774 510 851 ενεχθὲν
544 773 643 829 οὐκ
697 771 748 828 ἐν
809 777 888 844 τῷ
945 773 1149 844 ἀνεκτῷ
1205 771 1401 844 θεμένη
1461 771 1560 838 τὴν
1618 768 1966 843 καλουμένην
2030 766 2310 823 Διονυσίου
2369 764 2661 836 ἐκκλησίαν
2722 764 3041 838 ἐνέπρησαν.
3094 768 3341 832 Συνῆσαν
3388 758 3479 817 οὖν
3530 758 3710 832 ἀλλή-

296 859 419 926 λοις
449 860 684 940 φυγάδες
715 856 865 923 ὄντες
894 859 924 915 6'
950 881 1009 914 τε
1039 854 1336 931 σεϐάσμιος
1366 860 1685 922 Ἀθανάσιος
1716 859 1805 913 καὶ
1838 856 2075 929 Παῦλος,
2108 862 2225 918 τοῖς
2259 852 2397 918 ί¹σοις
2430 853 2721 927 ἀριστείοις
2742 852 3129 927 κοσμούμενοι.

365 955 419 1009 9.
450 952 697 1027 Scripsit
716 955 912 1008 autem
952 951 1262 1017 Constans,
1292 951 1573 1007 incitante
1605 950 1761 1006 Julio
1801 966 1945 1021 pon-

294 1042 642 1111 tiﬁce,fratri
671 1058 779 1098 suo
807 1040 1427 1109 Constantio,monens
1468 1044 1534 1095 ut
1580 1039 1681 1112 qui
1731 1039 1949 1110 injuste

294 1132 416 1190 laasi
445 1139 640 1189 essent
659 1131 788 1188 suis
833 1129 1270 1203 episcopatibus
1301 1129 1770 1184 restituerentur.
1801 1128 1948 1184 Cum

295 1226 491 1278 autem
521 1220 669 1277 nihil
698 1220 1093 1293 impetrasset,
1125 1222 1333 1289 rogant
1352 1235 1486 1273 eum
1516 1217 1873 1273 Athanasius
1894 1219 1953 1272 et

295 1310 456 1382 socii,
488 1314 554 1366 ut
580 1310 642 1366 in
672 1308 1033 1366 (ecumenica
1060 1307 1446 1380 synodo,cum
1469 1307 1540 1363 de
1579 1307 1754 1362 rebus
1801 1304 1947 1374 suis,

291 1405 421 1457 tum
453 1401 524 1456 de
554 1398 693 1455 laesa
714 1398 827 1455 ﬁde
847 1397 1235 1469 judicaretur.
1270 1397 1568 1453 Consensu
1601 1396 1799 1468 itaque
1830 1412 1953 1451 am-

299 1489 512 1546 borum
541 1487 966 1561 imperatorum
995 1486 1248 1542 Serdicae
1280 1485 1562 1541 indicitur
1591 1484 1951 1540 meumenica

295 1578 579 1651 synodus,
612 1576 926 1633 undecimo
957 1591 1110 1631 anno
1136 1591 1172 1631 a
1200 1580 1387 1630 morte
1418 1573 1788 1630 Constantini
1837 1573 1949 1629 im-

295 1670 631 1742 peratorum
688 1665 892 1739 patris.
944 1666 1025 1721 Ex
1077 1664 1386 1720 Occidente
1431 1667 1624 1720 autem
1692 1662 1949 1735 episcopi

294 1770 615 1814 convenere
644 1754 777 1827 plus
807 1752 1083 1810 trecentis
1113 1769 1124 1808 :
1160 1769 1229 1808 ex
1257 1752 1489 1809 Oriente
1504 1756 1735 1807 tantum
1764 1767 1865 1808 sex
1896 1755 1953 1807 et

295 1845 690 1919 septuaginta,
736 1843 953 1917 quibus
1010 1841 1515 1898 annumerabatur
1574 1841 1839 1915 Ischyras
1888 1844 1954 1896 ut

295 1934 627 2006 episcopus.
659 1932 805 1989 Cum
835 1931 1017 2005 igitur
1036 1930 1287 1986 Serdicae
1300 1929 1707 1986 convenissent
1723 1946 1948 2000 omnes,

2126 949 2180 1002 9.
2242 946 2438 1023 Γράφει
2497 941 2555 999 δὲ
2610 944 2884 1014 Κώνστας,
2941 946 3021 1015 τῷ
3086 938 3306 1019 ἀδελφῷ
3357 937 3712 1011 Κωνσταντίῳ

2058 1038 2565 1111 συμπαρορμῶντος
2615 1032 2773 1088 αὐτὸν
2824 1032 2915 1088 καὶ
2961 1035 3058 1087 τοῦ
3108 1029 3410 1107 ἀρχιερέως
3454 1026 3713 1099 Ἰουλίου,

2059 1122 2198 1179 ὥστε
2245 1124 2341 1186 τὰς
2393 1120 2531 1185 ἰδίας
2578 1121 2876 1184 ἐπισκοπὰς
2924 1115 3214 1176 ἀναλαϐεῖν
3261 1118 3387 1182 τοὺς
3438 1117 3712 1192 ἠδικημέ-

2056 1233 2220 1276 νους.
2269 1219 2356 1275 Ὡς
2404 1210 2463 1268 δέ
2510 1209 2662 1267 οὐδὲν
2721 1208 2905 1281 ἤνυεν,
2965 1210 3201 1282 ἀξιοῦσιν
3260 1208 3418 1263 αὐτὸν
3478 1209 3531 1263 οἱ
3587 1207 3714 1284 περὶ

2058 1303 2371 1360 Ἀθανάσιον
2417 1301 2771 1375 οἶκουμενικῇ
2832 1296 3042 1373 συνόδῳ
3098 1301 3165 1354 τὰ
3221 1298 3347 1374 περὶ
3405 1296 3601 1360 αύτούς
3654 1317 3716 1352 τε

2058 1392 2278 1461 καὶτῆς
2318 1390 2862 1465 συνεπηρεαζομένης
2916 1388 3149 1451 πίστεως
3206 1386 3546 1461 ἐπικριθῆναι
3581 1405 3595 1418 ·
3623 1386 3716 1441 καὶ

2056 1481 2382 1555 κηρύσσεται
2430 1480 2626 1555 γνώμῃ
2654 1484 2762 1535 τῶν
2817 1476 2911 1535 δύο
2967 1477 3233 1554 βασιλέων
3273 1477 3409 1532 κατᾶ
3443 1473 3713 1552 Σαρδικήν

2061 1571 2414 1645 οἶκουμενική
2467 1567 2714 1631 σύνοδος.
2749 1566 3063 1624 Ἐνδὲκατον
3117 1564 3163 1622 δ’
3211 1567 3278 1637 ἦν
3331 1561 3449 1628 ἔτος
3481 1566 3586 1621 ἀπὸ
3613 1571 3716 1634 τῆς

2056 1657 2320 1727 τελευτῆς
2369 1657 2773 1713 Κωνσταντίνου
2831 1662 2928 1712 τοῦ
2985 1657 3191 1733 πατρὸς
3244 1659 3350 1710 τῶν
3397 1654 3663 1730 βασιλέων
3702 1696 3714 1709 .

2060 1750 2152 1805 Ἐκ
2181 1748 2275 1822 μὲν
2309 1746 2374 1816 δὴ
2406 1755 2506 1816 τῆς
2537 1746 2821 1823 Ἑσπερίας
2876 1746 3007 1820 ὑπὲρ
3055 1744 3182 1807 τοὺς
3211 1744 3557 1820 τριακοσίους
3594 1765 3717 1799 συν-

2059 1836 2229 1908 ῆλθον
2263 1836 2571 1905 ἐπίσκοποι,
2623 1834 2682 1890 ἐκ
2730 1833 2787 1889 δὲ
2832 1842 2933 1904 τῆς
2982 1831 3284 1903 Ἀνατολῆς
3330 1830 3387 1905 ἓξ
3434 1832 3590 1907 μόνοι
3628 1833 3719 1888 καὶ

2061 1921 2461 1999 ἑϐδομήκοντα,
2498 1925 2548 1980 ἐν
2602 1925 2682 1987 οἷς
2736 1925 2827 1979 καὶ
2882 1925 2913 1978 6
2964 1928 3062 1979 τοῦ
3120 1922 3414 1999 Μαρεώτου
3466 1921 3719 1999 Ἰσχύρας

298 2023 623 2081 Orientales
638 2022 698 2077 in
729 2025 1109 2094 conspectum
1141 2019 1339 2075 venire
1376 2017 1837 2075 Occidentalium
1869 2035 1954 2075 re-

2065 2016 2349 2090 ἠριθμεῖτο
2402 2015 2479 2077 ὡς
2529 2013 2845 2076 ἐπίσκοπος.
2879 2014 2968 2075 Ὡς
2999 2010 3089 2067 οὖν
3145 2011 3196 2068 έν
3227 2015 3296 2085 τῇ
3330 2008 3571 2085 Σαρδικῇ
3603 2032 3722 2066 συν-

292 2113 598 2179 cusabant,
632 2110 747 2167 nisi
806 2110 971 2183 prius
1025 2107 1415 2165 Athanasium
1472 2114 1529 2163 et
1584 2106 1834 2163 Paulum
1884 2123 1954 2162 ex

294 2200 541 2260 concilio
574 2199 1036 2273 pellerent.Dum
1066 2200 1412 2271 protegenes
1435 2195 1687 2252 Sardicaa
1737 2195 1955 2267 episco-

294 2306 428 2365 pus,
459 2289 675 2347 Hosius
704 2287 989 2344 Corduba
1018 2290 1075 2343 et
1104 2284 1314 2356 reliqui
1336 2283 1620 2356 episcOpi,
1652 2299 1724 2338 ne
1752 2282 1956 2339 audire

291 2379 535 2453 quidem
559 2377 846 2449 injustam
861 2392 1068 2434 eorum
1084 2373 1541 2447 postulationem
1554 2372 1956 2439 voluerunt,ut

303 2466 528 2525 scilicet
555 2467 709 2522 viros
736 2482 839 2539 pro
882 2465 1103 2537 quibus
1149 2462 1494 2535 judicandis
1545 2469 1954 2528 convenerant,

296 2556 522 2628 absque
548 2553 761 2627 prmvio
785 2554 1012 2625 judicio
1027 2553 1488 2609 condemnarent
1503 2555 1561 2606 et
1580 2550 1952 2622 expellerent.

289 2645 440 2701 Hinc
467 2643 792 2701 Orientales
822 2660 951 2699 sese
997 2659 1031 2697 a
1059 2641 1513 2698 Sardicensibus
1557 2645 1952 2713 segregantes,

292 2731 687 2805 Philippopoli
719 2735 1189 2804 congregantur:
1223 2729 1423 2802 ibique
1441 2729 1957 2785 consubstantiali-

293 2825 500 2893 tatem,
532 2837 649 2877 non
665 2821 792 2892 jam
822 2819 1188 2877 clandestina
1204 2818 1629 2886 sententia,sed
1653 2808 1956 2891 propalam

294 2910 505 2968 audaci
537 2909 743 2983 lingua
771 2909 1264 2974 condemnarunt,
1293 2907 1959 2980 dissimilitudinemque

296 2998 651 3057 substantiae
682 2996 1075 3054 declararunt.
1119 2997 1269 3053 Tum
1325 2995 1509 3069 impia
1557 3013 1669 3051 sua
1725 2996 1959 3052 decreta

296 3087 762 3146 transmiserunt
793 3085 1034 3158 ubique.
1071 3086 1450 3142 Sardicenses
1480 3090 1678 3141 autem
1695 3086 1956 3157 primum

297 3178 539 3251 quidem
570 3192 671 3233 eos
701 3175 802 3248 qui
835 3175 1260 3232 abscessissent
1289 3175 1528 3231 deserta:
1574 3191 1764 3231 causae
1824 3191 1958 3231 con-

297 3267 697 3324 damnarunt:
757 3265 969 3323 deinde
1022 3273 1391 3322 accusatores
1440 3263 1746 3320 Athanasii
1800 3280 1960 3337 syco-

298 3356 554 3430 phantas
582 3371 714 3413 esse
742 3370 878 3411 cum
905 3352 1455 3426 deprehendissent,
1498 3353 1787 3425 dignitate
1844 3369 1954 3409 sua

298 3443 650 3519 spoliarunt,
664 3460 731 3500 ac
745 3444 983 3500 tertium
999 3444 1126 3516 jam
1146 3442 1389 3499 Nicaanaa
1422 3442 1627 3514 synodi
1653 3442 1951 3498 decretum

298 3533 671 3604 conﬁrmant,
700 3530 1378 3588 consubstantialitatem
1410 3530 1807 3604 promulgant,
1832 3531 1955 3586 dis-

297 3621 748 3680 similitudinem
780 3621 1127 3678 suhstantiaa
1158 3621 1492 3691 reprobant.
1524 3619 1675 3675 Tum
1734 3618 1959 3677 litteras

296 3713 369 3769 ad
400 3711 705 3767 universas
743 3711 901 3767 orbis
953 3707 1243 3765 Ecclesiae
1305 3708 1571 3763 mittunt.
1629 3708 1958 3781 Compertis

294 3817 430 3858 vero
459 3799 792 3856 Occidentis
812 3799 1131 3872 imperator
1159 3800 1336 3853 rebus
1366 3796 1619 3853 Serdica:
1648 3798 1853 3869 gestis,
1888 3798 1961 3853 de

295 3890 370 3946 iis
399 3889 598 3947 statim
620 3889 856 3945 fratrem
878 3887 1183 3943 certiorem
1200 3885 1359 3953 facit,
1383 3884 1736 3957 restituique
1757 3885 1956 3954 Paulo,

295 3977 621 4034 Athanasio
651 3981 709 4033 et
739 3975 870 4032 aliis
886 3976 1128 4032 thronos
1144 3992 1285 4031 suos
1299 3974 1512 4048 partim
1529 3974 1801 4030 hortatur
1826 3993 1955 4048 par-

296 4067 406 4125 tim
430 4067 600 4137 jubet
632 4091 647 4134 ;
679 4081 933 4137 cumque
958 4063 1315 4120 Athanasius
1329 4079 1565 4120 rursum
1608 4064 1957 4119 Arianorum

297 4155 534 4213 insidiis
565 4156 879 4227 peteretur,
922 4169 988 4210 ac
1043 4153 1237 4209 Roma
1296 4152 1549 4224 degeret,
1629 4152 1959 4209 Occidentis

301 4242 620 4316 imperator
648 4258 886 4298 rursum
920 4241 1085 4298 fratri
1117 4241 1327 4298 litteris
1356 4241 1726 4313 signiﬁcavit,
1789 4257 1851 4298 se
1909 4241 1958 4296 si

300 4329 429 4407 ipse
456 4332 611 4389 bono
642 4332 842 4388 animo
872 4330 1265 4387 Athanasium
1294 4331 1549 4403 recipere
1578 4330 1771 4397 vellet,
1812 4330 1946 4403 ipsi-

302 4438 417 4495 que
446 4420 836 4494 episcopalem
867 4420 1148 4477 thronum
1166 4419 1495 4488 restituere,
1530 4424 1805 4491 paratum
1827 4436 1958 4476 esse

302 4511 375 4569 ad
404 4510 792 4567 Athanasium
823 4526 890 4566 eo
921 4510 1316 4576 mittendum;
1368 4509 1417 4565 si
1476 4507 1681 4575 nollet,
1738 4525 1801 4565 se
1850 4524 1959 4564 suo

301 4605 490 4657 marte
513 4600 666 4673 juris
696 4599 1026 4670 acjustitiae
1055 4599 1344 4655 vindicem
1376 4599 1518 4655 fore.

2062 2104 2224 2179 ᾔεσαν
2262 2105 2513 2168 ἅπαντες,
2545 2104 2598 2158 ol
2626 2110 2728 2172 τῆς
2774 2100 3078 2173 ’Δνατολῆς
3128 2100 3205 2164 εἷς
3237 2096 3359 2175 ὄψιν
3390 2106 3496 2156 τῶν
3532 2106 3719 2156 Ἑσπε-

2066 2192 2197 2269 ρίων
2251 2190 2425 2248 ἐλθεῖν
2477 2193 2873 2268 ἀπηρέσκοντο,
2924 2191 2969 2246 εἰ
3023 2191 3098 2265 μὴ
3148 2190 3410 2265 πρότερον
3436 2189 3565 2253 τοὺς
3596 2192 3721 2267 περὶ

2062 2282 2376 2339 Ἀθανάσιον
2430 2281 2522 2337 καὶ
2582 2279 2798 2336 Παῦλον
2856 2284 2954 2335 τοῦ
3014 2276 3291 2354 συλλόγου
3360 2277 3673 2334 ἀπελάσωσι
3706 2323 3719 2336 .

2063 2371 2423 2446 Πρωτογένης
2474 2368 2533 2424 δὲ
2583 2370 2611 2424 6
2667 2366 2943 2442 Σαρδικῆς
3005 2368 3301 2430 ἐπίσκοπος
3374 2369 3465 2423 καὶ
3540 2373 3727 2432 ”Οσιος

2063 2455 2439 2537 Κουδρούϐης,
2482 2459 2573 2514 καὶ
2604 2460 2657 2513 οἱ
2707 2456 2896 2513 λοιποὶ
2945 2457 3203 2531 ἑπόμενοι
3251 2454 3365 2513 οὐδ’
3419 2457 3495 2521 είς
3550 2457 3722 2527 ἀκοὴν

2062 2550 2162 2619 τήν
2219 2546 2479 2623 ἔκθεσμον
2531 2547 2705 2603 αὐτῶν
2759 2547 2977 2619 ἀξίωσιν
3022 2544 3418 2623 παρεδέξαντο,
3478 2543 3673 2621 ἄνδρας
3707 2591 3724 2618 ,

2064 2638 2158 2701 οὓς
2220 2636 2485 2707 συνῆλθον
2538 2643 2740 2714 κρῖναι,
2795 2635 3031 2713 ἀκρίτως
3078 2642 3396 2711 κατακρῖναι
3449 2637 3540 2691 καὶ
3594 2637 3723 2693 άπε-

2065 2726 2249 2785 λάσαι.
2281 2727 2363 2797 Ἐξ
2395 2728 2467 2781 ὧν
2519 2728 2573 2781 οἱ
2627 2727 2720 2800 μὲν
2766 2733 2867 2795 τῆς
2916 2724 3242 2797 Ἀνατολῆς,
3274 2726 3584 2802 σχισθέντες
3614 2730 3722 2781 τῶν

2067 2815 2119 2872 έν
2172 2813 2437 2891 Σαρδικῆ,
2493 2814 2548 2873 ἐν
2603 2819 2673 2889 τῇ
2733 2814 3017 2870 Φιλίππου
3067 2812 3228 2870 πόλει
3283 2815 3727 2892 συναθροίζονται

2064 2904 2155 2961 καί
2184 2906 2246 2960 τὸ
2277 2904 2571 2979 ὁμοούσιον
2622 2903 2721 2960 οὐκ
2767 2902 2844 2959 ἔτι
2876 2903 3073 2979 γνώμῃ
3123 2901 3338 2982 ὑφάλῳ,
3390 2902 3517 2959 ἀλλ’
3549 2903 3725 2983 ἐμφα-

2064 2992 2289 3067 νεστάτῃ
2337 2990 2427 3047 καί
2474 2990 2735 3068 γλώσσης
2779 2992 3073 3067 θρασύτητι
3125 2992 3595 3067 ἀναθεματίζουσι,
3634 2990 3724 3047 καί

2064 3084 2127 3138 τὸ
2159 3083 2418 3156 ἀνόμοιον
2451 3079 2847 3158 δογματίζουσι
2890 3081 2980 3137 καὶ
3026 3082 3095 3136 τὰ
3125 3076 3357 3151 δυσσεϐῆ
3401 3079 3727 3159 ψηφίσματα

2065 3176 2349 3248 πανταχοῦ
2399 3169 2799 3245 διαπέμπονται
2835 3193 2848 3206 ·
2883 3172 2936 3226 οἱ
2994 3168 3052 3226 δὲ
3100 3169 3151 3227 ἐν
3211 3168 3454 3245 Σαρδικῇ
3506 3174 3725 3246 πρῶτον

2070 3262 2165 3335 μὶν
2210 3265 2317 3316 τῶν
2369 3259 2786 3336 ἀποσχισάντων
2830 3258 3045 3337 ἐρήμην
3096 3259 3533 3338 κατεψηφίσαντο
3568 3278 3581 3292 ·
3616 3259 3732 3315 εἶτα

2061 3349 2191 3413 τοὺς
2252 3349 2574 3406 Ἀθανασίου
2622 3348 2995 3426 κατηγόρους,
3055 3349 3411 3427 συκοφαντίας
3472 3347 3730 3427 ἁλόντας⁹

2065 3442 2381 3516 καθαιροῦσι
2412 3443 2510 3494 τοῦ
2543 3439 2852 3513 ἀξιώματος
2888 3458 2901 3470 ·
2932 3437 3023 3493 καὶ
3067 3437 3249 3513 τρίτον
3297 3445 3401 3509 τῆς
3448 3437 3501 3494 ἐν
3534 3438 3731 3510 Νικαίᾳ

2067 3525 2292 3584 συνόδου
2337 3529 2429 3583 τὸν
2481 3527 2606 3603 ὅρον
2652 3526 3009 3605 κρατύνουσι,
3055 3526 3147 3583 καί
3193 3526 3626 3600 ἀνακηρύττουσι
3667 3528 3730 3584 τὸ

2067 3617 2359 3692 ὁμοούσιον
2414 3616 2502 3672 ἐπὶ
2550 3623 2703 3691 πᾶσι,
2747 3617 2811 3672 τὸ
2860 3616 3117 3691 ἀνόμοιον
3166 3614 3224 3672 δὲ
3265 3615 3727 3693 άποκηρύττουσι.

2067 3707 2167 3763 Καὶ
2214 3708 2516 3782 γράμματα
2576 3706 2713 3783 πρὸς
2760 3703 2934 3767 πάσας
2981 3706 3078 3769 τὰς
3118 3705 3447 3779 οἰκουμένης
3498 3703 3729 3776 Ἐκκλη-

2068 3795 2185 3857 σίας
2219 3792 2639 3868 διαπέμπονται.
2672 3793 2839 3857 Γνοὺς
2872 3791 2916 3849 δ’
2947 3794 2973 3849 6
3001 3799 3109 3850 τῶν
3138 3793 3435 3869 Ἑσπερίων
3472 3793 3728 3870 βασιλεὺς

2065 3885 2134 3940 τὰ
2190 3885 2328 3940 κατὰ
2377 3885 2477 3952 τὴν
2531 3881 2802 3953 Σαρδικὴν
2855 3884 3277 3959 συνενεχθέντα,
3328 3880 3568 3939 διδάσκει
3631 3883 3725 3956 μὶν

2066 3973 2373 4048 παραυτίκα
2419 3973 2511 4027 τὸν
2566 3971 2825 4051 ἀδελφὸν,
2879 3970 3210 4042 ἀποδοθῆναι
3259 3969 3317 4027 δὲ
3376 3970 3583 4045 Παύλῳ
3639 3970 3729 4027 καί

2069 4061 2373 4135 Ἀθανασίῳ
2421 4060 2512 4116 καὶ
2561 4066 2679 4123 τοῖς
2726 4061 2851 4137 περὶ
2900 4060 3096 4124 αὐτοὺς
3140 4061 3268 4124 τοὺς
3318 4060 3553 4123 οἰκείους
3602 4060 3727 4136 θρό-

2065 4172 2193 4213 νους
2237 4152 2352 4224 ἅμα
2414 4151 2508 4224 μὶν
2565 4150 2819 4226 παρῄνει,
2880 4151 2992 4223 ἅμα
3050 4147 3108 4205 δὲ
3162 4150 3253 4205 καὶ
3301 4149 3729 4225 παρεκελεύετο.

2068 4240 2168 4295 Καὶ
2227 4239 2543 4302 Ἀθανάσιος
2607 4240 2701 4313 μὲν
2764 4237 3125 4295 ὑπεστέλλετο
3197 4240 3294 4302 τὰς
3357 4244 3465 4295 τῶν
3523 4245 3733 4315 ’Δρεια-

2067 4333 2172 4383 νῶν
2208 4323 2527 4397 ἐπιϐουλὰς,
2557 4329 2648 4383 καὶ
2675 4332 2745 4403 τῇ
2795 4330 2979 4402 Ῥώμῃ
3026 4325 3402 4405 προσέδρευεν·
3455 4331 3483 4384 6
3528 4326 3587 4385 δὲ
3630 4336 3731 4398 τῆς

2069 4416 2281 4480 Δύσεως
2318 4417 2574 4494 βασιλεὺς
2619 4415 2784 4472 πάλιν
2835 4418 3032 4495 γράφει
3079 4414 3354 4497 τάδελφῷ,
3407 4418 3505 4493 ὡς,
3557 4418 3733 4493 εἰμὲν

2066 4506 2365 4583 προθύμως
2396 4504 2763 4583 προσδέχοιτο
2794 4506 2886 4561 τὸν
2941 4502 3127 4581 ἄνδρα,
3160 4508 3249 4561 καὶ
3291 4507 3383 4562 τὸν
3417 4507 3733 4585 ἀρχιερατι-

2065 4597 2159 4652 κὸν
2214 4593 2518 4652 ἀποδίδωσι
2568 4596 2782 4672 θρόνον,
2826 4592 3055 4670 ἕτοιμός
3106 4594 3247 4652 ἐστιν
3298 4595 3592 4671 ἐκπέμπειν
3638 4597 3733 4652 τὸν

302 4687 618 4744 ’Δθανάσιον
655 4709 668 4723 ·
703 4685 750 4742 εἰ
782 4684 841 4741 δὲ
872 4687 947 4760 μή
985 4685 1264 4761 βούλοιτο,
1298 4684 1458 4748 αὐτὸς
1491 4683 1559 4740 δι’
1587 4685 1777 4741 ἑαυτοῦ
1806 4689 1904 4740 τοῦ
1936 4682 2146 4740 δικαίου
2178 4688 2465 4761 γενήσοιτο
2495 4686 2761 4761 τιμωρός.

374 4778 461 4833 10.
494 4776 759 4833 Metuens
778 4777 977 4849 itaque
1005 4776 1406 4843 Constantius,
1436 4775 1651 4833 litteris
1671 4775 1796 4832 suis
1837 4793 1952 4832 non

2138 4778 2226 4832 40.
2262 4774 2585 4830 Καθίσταται
2636 4771 2702 4844 δη
2756 4776 2784 4829 6
2834 4776 3211 4837 Κωνστάντιος
3242 4774 3318 4837 είς
3371 4771 3491 4837 δέος
3522 4772 3735 4831 καὶδιᾶ

301 4866 506 4933 semel,
539 4882 729 4938 neque
758 4867 849 4922 bis
879 4870 1137 4934 tantum,
1171 4866 1271 4921 sed
1306 4881 1495 4936 usque
1526 4864 1717 4931 tertio,
1752 4864 1960 4937 perhu-

300 4956 555 5013 maniter
584 4960 765 5028 atque
797 4955 1009 5011 blande
1030 4954 1102 5010 ad
1138 4972 1199 5011 se
1258 4960 1424 5010 vocat
1475 4954 1953 5010 strenuissimum

303 5043 914 5108 Athanasiquuem
945 5042 1617 5116 Occidentisimperator
1644 5043 1781 5100 cum
1811 5043 1960 5099 mul-

299 5132 378 5191 tis
407 5133 762 5190 satellitibus
793 5132 996 5189 mittit.
1039 5132 1233 5190 Julius
1273 5133 1415 5189 item
1471 5133 1731 5205 pontifex
1782 5133 1959 5189 variis

300 5239 440 5280 eum
469 5221 732 5296 epistolis
764 5222 933 5294 quasi
961 5221 1174 5279 viatico
1205 5221 1608 5278 communivit.
1631 5222 1957 5278 Advenien-

298 5315 419 5369 tem
453 5328 626 5384 porro
654 5312 1036 5369 Constantius
1064 5312 1122 5368 in
1144 5311 1448 5384 proprium
1496 5311 1753 5368 restituit
1798 5311 1958 5368 thro-

305 5398 735 5467 num,comiter
762 5399 929 5471 prius
972 5400 1336 5474 increpatum
1375 5418 1388 5457 :
1447 5401 1592 5456 Cum
1654 5400 1957 5474 aufugisti,

304 5490 406 5555 ait,
439 5504 715 5562 magnam
747 5488 888 5544 mihi
912 5488 1187 5563 irrogasti
1243 5490 1683 5558 contumeliam,
1720 5488 1960 5546 tametsi

302 5583 362 5637 te
409 5577 748 5634 humaniter
801 5581 1050 5636 tractare
1106 5582 1446 5654 cogitarem.
1506 5579 1720 5636 Verum
1779 5595 1959 5636 unam

297 5669 425 5741 jam
460 5666 607 5723 mihi
636 5665 896 5723 conferto
926 5669 1197 5741 gratiam.
1235 5669 1336 5726 Ille
1365 5686 1428 5729 se
1448 5669 1593 5726 dixit
1613 5685 1717 5740 pro
1736 5667 1960 5726 viribus

306 5753 645 5831 imperatori
673 5755 966 5813 facturum
1001 5759 1319 5817 satis.Tum
1351 5757 1730 5818 Constantius
1756 5761 1958 5831 postu-

2066 4864 2411 4940 γραμμάτων
2440 4863 2547 4940 οὐχ
2578 4864 2737 4935 ἅπαξ,
2790 4861 2936 4918 ἆλλά
2981 4864 3070 4919 καὶ
3105 4861 3188 4926 δὶς
3233 4865 3323 4918 καὶ
3360 4864 3479 4940 τρὶς
3512 4862 3734 4920 σταλέν-

2065 4974 2197 5025 των,
2246 4951 2548 5027 ἐπαγωγῶν
2597 4973 2656 5007 τε
2702 4952 2792 5007 καὶ
2840 4951 3202 5028 θελκτηρίων,
3242 4950 3403 5008 καλεῖ
3446 4955 3584 5028 πρὸς
3615 4954 3735 5009 ἐαυ-

2066 5042 2157 5096 τὸν
2205 5042 2296 5096 τὸν
2353 5038 2669 5096 πολύαθλον
2728 5041 3040 5096 ’Δθανάσιον
3098 5061 3111 5074 ·
3165 5042 3256 5097 καὶ
3318 5042 3452 5115 μετὰ
3507 5039 3733 5112 πολλῆς

2070 5127 2403 5209 δορυφορίας
2436 5128 2767 5186 ἀποστέλλει
2809 5135 3000 5186 τοῦτον
3050 5132 3079 5186 6
3107 5137 3210 5201 τῆς
3262 5132 3525 5209 Ἑσπέρας
3580 5133 3734 5208 βασι-

2068 5217 2341 5287 λεὺς,καὶ
2396 5218 2631 5276 Ἰουλίου
2686 5224 2784 5274 τοῦ
2840 5219 3145 5298 ἀρχιερέως
3202 5221 3519 5297 γράμμασιν
3572 5221 3732 5277 αὐτὸν

2069 5305 2351 5387 διαφόροις
2404 5305 2808 5387 ἐφοδιάζοντος’
2867 5311 3241 5373 Κωνστάντιος
3303 5308 3361 5365 δὲ
3415 5331 3737 5387 παραγεγο-

2066 5396 2196 5452 νότα
2227 5397 2304 5460 εἰς
2333 5395 2424 5453 τὸν
2475 5397 2675 5452 οἰκεῖον
2724 5396 2913 5474 θρόνον
2962 5398 3409 5472 ἀποκαθίστησιν,
3456 5398 3736 5477 ὀφειμένῳ

2068 5486 2330 5562 πρότερον
2383 5482 2675 5559 ὀνειδισμῷ
2739 5482 3139 5542 καθυποϐαλών
3176 5507 3189 5521 ⁸
3250 5484 3523 5561 Ἀποδράς
3579 5488 3683 5563 γὰρ
3715 5535 3730 5559 ,

2070 5571 2245 5651 ἔλεγε,
2284 5574 2531 5651 μεγάλην
2592 5573 2727 5649 ἐμοῦ
2776 5572 3057 5653 λοιδορίαν
3107 5575 3393 5651 κατέχεας,
3443 5575 3621 5631 καίτοι
3667 5597 3733 5652 γε

2067 5667 2194 5743 περὶ
2224 5669 2320 5720 σοῦ
2369 5662 2729 5743 φιλάνθρωπα
2776 5662 3149 5738 μελετῶντος.,
3183 5662 3339 5735 Πλὴν
3373 5662 3520 5720 ἀλλά
3547 5684 3612 5742 γε
3640 5670 3734 5721 νῦν

2072 5754 2196 5829 μίαν
2235 5775 2329 5829 μοι
2361 5751 2515 5812 δίδου
2546 5755 2729 5832 χάριν.
2766 5755 2822 5809 '0
2853 5750 2912 5812 δὲ
2937 5756 3037 5826 τήν
3064 5757 3200 5811 κατὰ
3231 5750 3461 5830 δύναμιν
3502 5750 3731 5831 ἕτοιμος
