4146 6394
1429 403 1494 467 S.
1540 403 1967 468 ATHANASII
2009 402 2198 467 VITA
2240 403 2344 467 EX
2383 403 2700 470 PHOTIO.

3597 417 3782 466 CCXIX

348 527 484 586 εἶναι
517 521 862 608 διωμολόγει
887 529 1221 611 χαρίζεσθαι.
1268 531 1369 591 Kui
1399 535 1427 590 6
1457 536 1822 598 Κωνστάντιος
1879 534 2002 609 μίαν

2119 539 2202 594 lat
2258 556 2437 595 unam
2485 557 2555 596 ex
2610 536 3018 596 Alexandrinis
3071 535 3345 596 Ecclesiis
3399 535 3599 594 Ariani
3673 553 3778 610 pro

350 618 642 692 ἐκκλησίαν
674 626 782 677 τῶν
817 621 869 678 ἐν
917 621 1294 698 Ἀλεξανδρείᾳ
1343 624 1589 696 ἐπιζητεῖ
1635 631 1751 688 τοῖς
1801 626 2009 701 Ἀρεια-

349 717 461 773 νοῖς
493 708 719 781 δοθῆναι
750 715 1124 788 συνακτήριον.
1155 716 1212 768 Ὀ
1243 712 1300 769 δέ
1331 713 1429 770 οὐκ
1472 715 1715 785 ἀπεῖπεν,
1759 716 2010 769 συνάπτει

352 798 410 856 δὲ
443 807 509 870 τῆ
560 802 838 856 καταθέσει
895 803 939 858 εἰ
995 805 1084 858 καὶ
1143 806 1515 866 Κωνστάντιος
1570 803 1620 859 ἐν
1679 811 2010 859 Κωνσταντι-

348 890 608 947 νουπόλει
643 890 767 964 μίαν
795 897 916 954 τοῖς
948 890 1234 966 ὁμοδόξοις
1267 896 1332 964 ἣν
1385 891 1538 949 οῦπω
1585 895 1734 970 εἶχον
1768 893 2008 970 ἐγχειρί-

351 1000 505 1037 σειε.
557 983 926 1044 Κωνστάντιος
980 980 1037 1037 δὲ
1084 983 1382 1059 προθύμως
1425 1005 1484 1038 τε
1550 984 1640 1038 καὶ
1689 983 1779 1038 σὺν
1835 981 2008 1057 ἡδονῇ

349 1068 744 1145 ἐπηγγείλατο.
779 1071 988 1146 Ἠγνόει
1035 1070 1092 1127 δὲ
1141 1070 1243 1148 ἄρα
1284 1070 1471 1128 λυπῶν
1516 1073 1584 1128 τὰ
1617 1073 1844 1147 μέγιστα
1881 1072 2007 1135 τοὺς

349 1159 684 1235 ὁμόφρονας.
746 1159 901 1230 Πλὴν
962 1160 1333 1238 καταπλαγεὶς
1388 1165 1488 1232 τὴν
1536 1167 1633 1217 τοῦ
1691 1162 2010 1217 Ἀθανασίου

349 1249 561 1304 σύνεσίν
592 1270 650 1305 τε
680 1250 771 1304 καὶ
800 1249 1106 1326 ἀγχίνοιαν,
1157 1252 1232 1314 ὡς
1280 1252 1625 1328 προείρηται,
1670 1253 1802 1325 μετὰ
1830 1253 2007 1322 πάσης

349 1336 512 1409 δόξης
571 1339 662 1394 καὶ
717 1347 889 1414 τιμῆς
947 1341 1233 1414 ἐκπέμπει,
1295 1344 1517 1420 γράφων
1577 1342 1666 1396 καὶ
1724 1342 1861 1417 πρὸς
1917 1343 2006 1396 τὸν

348 1426 760 1502 Δύγουστάλιον
818 1430 886 1484 τά
940 1451 999 1484 τε
1057 1428 1200 1485 ἄλλα
1253 1428 1342 1486 διὰ
1390 1427 1820 1506 σεϐασμιότητος
1859 1429 2005 1506 ἄγειν

347 1517 529 1586 αὐτὸν,
561 1519 652 1572 καὶ
684 1519 858 1573 πάντα
889 1521 972 1580 οἷς
1022 1518 1180 1574 αὐτὸν
1233 1519 1393 1582 αὐτός
1439 1542 1498 1574 τε
1525 1521 1613 1575 καὶ
1643 1522 1693 1576 οἳ
1739 1520 1830 1575 σύν
1863 1521 2008 1593 αὐτῷ

347 1607 815 1686 κατεψηφίσαντο,
875 1609 937 1662 τὸ
993 1606 1188 1683 ἄκυρον
1248 1609 1339 1663 καὶ
1400 1610 1751 1685 ἀνενέργητον
1811 1609 1955 1686 ἔχειν
1993 1632 2004 1645 ι

350 1692 498 1749 ἀλλά
531 1717 593 1771 γε
630 1694 696 1765 δὴ
746 1697 836 1751 καὶ
866 1696 955 1751 τὸν
1007 1698 1094 1752 ὑπ’
1145 1697 1290 1769 αύτῷ
1337 1697 1545 1774 κλῆρον
1594 1701 1693 1768 τὴν
1740 1700 2003 1776 προτέραν

345 1786 516 1858 τιμὴν
548 1786 638 1840 καὶ
679 1786 859 1857 πάσης
909 1784 1181 1860 δημοσίου
1223 1787 1516 1863 ὑπηρεσίας
1566 1784 1854 1843 ἀναλαϐεῖν
1905 1791 2003 1858 τὴν

349 1871 678 1951 ἐλευθερίαν.
716 1871 1047 1931 Καταλαϐὼν
1103 1874 1193 1931 οὖν
1246 1877 1274 1931 6
1321 1878 1638 1939 Ἀθανάσιος
1677 1879 1744 1932 τὰ
1783 1877 2005 1953 Ἱεροσό-
2035 1909 2084 1974 Β

347 1961 530 2038 λυμα,
551 1965 642 2019 καὶ
675 1964 913 2038 Μαξίμῳ
941 1970 1021 2038 τῷ
1066 1966 1312 2042 ἀρχιερεῖ
1355 1970 1452 2021 τοῦ
1499 1971 1632 2022 Θεοῦ
1675 1968 1764 2022 καὶ
1797 1965 2004 2040 ὁμολο-

345 2057 494 2128 γητῇ
555 2054 823 2109 συνελθὼν
883 2053 960 2117 εἷς
1010 2049 1133 2128 ὅψιν
1181 2076 1240 2110 τε
1289 2055 1378 2110 καὶ
1429 2053 1675 2130 ὁμιλίαν,
1735 2058 1802 2111 τά
1847 2077 1906 2110 τε
1951 2055 2002 2111 έν

347 2140 591 2218 Σαρδικῇ
625 2141 1088 2219 διαπεπραγμένα,
1120 2144 1210 2199 καὶ
1243 2145 1318 2207 ὡς
1349 2145 1487 2220 πρὸς
1519 2145 1675 2199 αὐτὸν
1719 2147 2005 2200 Κωνστάν-

343 2253 462 2295 τιος
523 2229 731 2304 διετέθη
794 2229 1277 2307 ἀναδιδαξάμενος,
1329 2231 1551 2288 σὺνοδον
1612 2235 1855 2308 ἀθροῖσαι
1910 2235 2001 2289 τὸν

346 2318 709 2398 ὁμολογητὴν
751 2323 1200 2398 καταπράττεται.
1259 2324 1358 2376 Καὶ
1415 2325 1450 2392 ἡ
1501 2320 1725 2385 σύνοδος
1772 2327 1850 2395 τῷ
1878 2325 2002 2378 θαυ-

349 2411 868 2485 μαστῷἈθανασίῳ
895 2411 986 2466 καὶ
1033 2414 1132 2482 τὴν
1183 2411 1468 2467 κοινωνίαν
1518 2412 1607 2467 καὶ
1637 2413 1698 2466 τὸ
1750 2412 2006 2489 ἀρχιερα-

341 2501 493 2555 τικὸν
553 2499 769 2574 ἀξίωμα
835 2499 1210 2579 έπικηφίζεται
1247 2544 1260 2558 .
1320 2502 1419 2556 Καὶ
1491 2503 1686 2579 γράφει
1751 2507 1867 2564 τοῖς
1949 2501 2000 2556 ἐν

343 2586 728 2664 ’Δλεξανδρείᾳ
774 2590 864 2644 καὶ
911 2590 1054 2664 πάσῃ
1099 2594 1166 2664 τῇ
1219 2609 1277 2645 τε
1323 2589 1586 2665 Αἰγύπτῳ
1634 2591 1723 2645 καὶ
1767 2585 1942 2665 Λιϐύῃ
1971 2591 2003 2644 ἃ

343 2679 469 2753 περὶ
522 2676 841 2734 Ἀθανασίου
913 2675 1049 2754 ἔγνω
1122 2700 1181 2733 τε
1254 2681 1345 2734 καὶ
1405 2677 1722 2754 διεπράξατο
1757 2723 1770 2735 .
1830 2681 1886 2733 Ὁ
1945 2677 2003 2735 δὲ

341 2772 584 2843 γενναῖος
645 2767 803 2829 οὗτος
867 2765 1133 2838 ἀθλητὴς,
1183 2772 1251 2842 τῇ
1303 2765 1680 2844 Ἀλεξανδρείᾳ
1737 2767 1954 2832 ἐπιστὰς
1985 2812 1999 2837 ,

339 2856 547 2926 καθίζει
575 2857 666 2912 καὶ
707 2856 865 2920 αὐτὸς
916 2857 1215 2934 ἀρχιερέων
1267 2857 1318 2928 ἐξ
1369 2857 1649 2932 Αἰγύπτου
1695 2879 1754 2912 τε
1779 2857 1869 2912 καὶ
1906 2866 2000 2912 Λι-

341 2941 483 3017 ϐύης
513 2944 811 3021 σύΑλογον’
861 2946 952 3000 καὶ
999 2946 1133 3016 αὐτὴ
1169 2948 1246 3020 (α)
1276 2947 1372 3008 τὰς
1403 2945 1600 3020 ὁμοίας
1635 2946 1723 3001 καὶ
1755 2944 1998 3023 ἀπαραλ-

340 3033 575 3097 λάκτους
635 3037 854 3114 ψήφους
891 3041 1010 3098 ταῖς
1062 3035 1114 3091 ἐν
1168 3033 1409 3112 Σαρδικῇ
1458 3035 1548 3090 καὶ
1591 3033 1994 3110 Ἱεροσολύμοις

341 3122 584 3188 συνόδοις
629 3125 943 3204 ψηφίζεται.
974 3122 1154 3181 Ἀλλὰ
1183 3127 1287 3202 γὰρ
1341 3125 1671 3201 Μαγνεντίου
1718 3124 1994 3199 τυραννίδι

341 3213 682 3288 ἐπιθεμένου,
709 3214 799 3269 καὶ
837 3215 928 3270 τὸν
983 3212 1338 3291 βασιλεύοντα
1382 3221 1482 3285 τῆς
1517 3214 1729 3277 Δύσεως
1761 3212 1995 3293 διαφθεί-

2122 630 2507 686 conventibus
2541 629 2903 686 celebrandis
2934 629 3107 686 tradi.
3137 631 3250 686 Nec
3283 628 3489 687 abnuit
3525 627 3779 684 Athana-

2121 719 2268 787 sius,
2301 719 2650 791 adjecitque,
2677 720 2996 775 dummodo
3018 737 3196 775 unam
3219 718 3600 776 Constantius
3636 719 3776 773 Cun-

2121 809 2520 881 etantinopoli,
2553 810 2626 864 iis
2659 811 2757 882 qui
2780 826 2979 865 secum
3003 810 3292 865 sentirent
3311 808 3633 864 Ecclesiam
3658 810 3773 862 tra-

2121 900 2303 965 deret,
2364 899 2462 954 ubi
2516 898 2679 954 nulla
2727 900 3118 971 potiebantur.
3179 899 3342 963 Quod
3392 897 3773 955 Constantius

2119 988 2371 1043 libenter
2400 1005 2464 1044 ac
2500 993 2766 1060 prompte
2814 987 3083 1060 promisit
3127 989 3366 1060 ignarus
3416 1004 3479 1043 se
3523 1004 3622 1042 eos
3671 985 3772 1058 qui

2120 1094 2320 1134 secum
2351 1077 2634 1132 sentirent
2665 1094 2898 1133 summo
2939 1077 3171 1134 afﬁcere
3221 1077 3440 1132 dolore.
3483 1080 3768 1131 Ceterum

2119 1183 2413 1222 summam
2449 1166 2758 1222 Athanasii
2796 1166 3191 1238 prudentiam,
3243 1165 3578 1236 ingeniique
3623 1163 3771 1220 acri-

2120 1255 2378 1311 moniam
2405 1256 2652 1311 miratus
2674 1255 2924 1322 eum,uti
2950 1255 3475 1322 diximus,summa
3496 1252 3768 1325 cumglo-

2118 1343 2272 1400 riaet
2289 1345 2504 1400 honore
2527 1344 2768 1399 dimisit.
2781 1344 3014 1399 Litteris
3031 1343 3374 1416 Augustalio
3389 1343 3769 1415 jubens,eum

2119 1449 2252 1489 cum
2283 1433 2656 1489 veneratione
2687 1434 3127 1505 tractari,atque
3147 1433 3346 1488 omnia
3375 1450 3504 1505 quae
3524 1431 3613 1487 vel
3644 1431 3770 1502 ipse

2119 1522 2514 1588 Constantius,
2543 1521 2632 1578 vel
2663 1523 2753 1577 sui
2786 1523 3067 1578 adversus
3098 1539 3234 1578 eum
3292 1521 3770 1595 promulgassent

2117 1611 2282 1667 irrita
2312 1613 2522 1677 forent,
2552 1628 2617 1666 ac
2648 1611 2868 1667 clerum
2903 1612 3060 1668 illius
3095 1611 3343 1684 pristino
3383 1611 3609 1668 restitui
3673 1609 3770 1665 ho-

2118 1701 2264 1768 nori,
2289 1701 2626 1774 publicique
2657 1701 2970 1757 ministerii
3003 1702 3442 1758 immunitatem
3487 1701 3765 1772 recipere.

2117 1790 2260 1846 Cum
2291 1790 2488 1862 itaque
2508 1790 2870 1846 Athanasius
2909 1790 3334 1864 Jerosolymam
3378 1790 3761 1862 pervenisset,

2117 1880 2552 1951 Maximumque
2583 1879 2682 1934 Dei
2717 1879 3052 1951 pontiﬁcem
3085 1883 3142 1935 et
3163 1879 3556 1936 confessorem
3589 1878 3766 1934 adiis-

2116 1972 2221 2041 set,
2256 1967 2581 2024 collocutus
2610 1986 2743 2024 cum
2775 1985 2841 2024 eo
2864 1973 2953 2025 est
2983 1970 3053 2024 de
3084 1970 3259 2024 rebus
3288 1969 3539 2025 Serdicae
3562 1967 3762 2040 gestis,

2115 2057 2303 2129 deque
2315 2057 2794 2129 Constantiierga
2807 2074 2868 2113 se
2881 2057 3185 2124 aﬂ‘ectu,ac
3217 2056 3534 2113 confessori
3564 2061 3768 2112 auctor

2115 2147 2227 2202 fuit
2265 2147 2534 2218 cogendae
2567 2147 2934 2218 synodi.Qu.'e
2966 2148 3224 2218 synodus
3256 2146 3603 2201 admirando
3645 2146 3765 2200 viro

2116 2236 2428 2292 Athanasio
2460 2241 2515 2291 et
2545 2236 3019 2291 communionem
3046 2240 3102 2291 et
3131 2235 3523 2308 pontiﬁcalem
3574 2235 3768 2306 digni-

2113 2330 2296 2382 tatem
2327 2325 2554 2381 restitui
2581 2325 2850 2380 decrevit.
2885 2325 3132 2396 Scripsit
3173 2324 3311 2379 item
3357 2323 3766 2381 Alexandrinis

2115 2415 2394 2470 omnibus
2409 2430 2627 2486 perque
2638 2415 2950 2486 Egyptum
2965 2419 3020 2468 et
3033 2413 3271 2485 Lybiam
3287 2429 3379 2468 res
3393 2430 3425 2467 a
3438 2429 3499 2467 se
3510 2411 3617 2466 Ath
3627 2428 3766 2466 ana-

2114 2505 2186 2562 sii
2217 2521 2396 2560 causa
2424 2507 2618 2576 gestas
2640 2507 2696 2558 et
2716 2507 2987 2558 statutas.
3009 2503 3338 2558 Generosus
3360 2505 3555 2557 autem
3579 2500 3766 2556 athle-

2113 2599 2193 2661 ta,
2225 2593 2634 2650 Alexandriam
2668 2608 2803 2647 cum
2851 2591 3126 2658 venisset,
3180 2591 3472 2663 synodum
3523 2594 3580 2645 et
3638 2591 3767 2662 ipse

2113 2687 2389 2738 convocat
2419 2682 2826 2754 episcoporum
2857 2680 3090 2753 Egypti
3121 2685 3177 2737 et
3203 2680 3552 2753 LibyaQua:
3598 2679 3766 2734 simi-

2112 2771 2192 2828 lia
2221 2772 2460 2828 omnino
2493 2772 2722 2827 decreta
2751 2770 2887 2826 tulit
2915 2770 2988 2825 iis
3015 2787 3141 2842 quae
3172 2769 3420 2826 Serdicae
3447 2773 3504 2824 et
3532 2768 3762 2824 Jeroso-

2108 2861 2283 2935 lymis
2313 2864 2532 2916 statuta
2564 2860 2811 2914 fuerant.
2843 2859 3062 2914 Verum
3094 2876 3228 2914 cum
3258 2857 3626 2930 Magnentius
3675 2860 3764 2930 ty-

2107 2950 2415 3006 rannidem
2447 2952 2758 3020 occuparet
2810 2965 2877 3004 ac
2916 2949 3304 3004 Interfecisset
3347 2948 3758 3019 imperatorem

2105 3039 2454 3107 Occidentis,
2489 3055 2724 3094 rursum
2744 3038 2946 3093 Ariani
2978 3037 3278 3109 pulverem
3312 3039 3567 3105 movent,
3609 3039 3757 3091 Con-

2106 3129 2393 3186 stantium
2424 3127 2664 3195 scilicet,
2699 3127 2977 3182 adversus
2998 3142 3348 3199 generosum
3371 3124 3758 3180 Athanasium

2107 3217 2421 3275 concitant.
2480 3217 2627 3270 Hinc
2679 3233 2913 3271 rursum
2968 3215 3154 3287 impia
3210 3216 3461 3278 decreta,
3521 3231 3758 3269 rursum

340 3283 556 3380 puvtovc,
590 3304 643 3359 oi
759 3283 992 3378 Ἀρείου·
1021 3302 1185 3360 πάλιν
1234 3305 1325 3359 τὸν
1380 3283 1659 3379 κονιορτόν
1713 3283 1992 3359 Κωνστάν-

2116 3309 2267 3380 fuga,
2301 3308 2516 3362 iterum
2573 3304 2921 3377 perquisitio
2983 3283 3470 3374 etinvestigatio.
3533 3304 3763 3358 Interea

336 3414 454 3449 τιον
509 3395 646 3448 κατά
699 3397 798 3449 τοῦ
846 3390 1163 3448 πολυάθλου
1214 3392 1641 3470 ἀναρριπίζουσα
1698 3392 1787 3447 καὶ
1830 3391 1995 3447 πάλιν

337 3484 408 3538 τὰ
459 3488 560 3553 τῆς
621 3476 866 3545 ἀσεϐείας
926 3481 1281 3558 ψηφίσματα,
1336 3483 1426 3538 xui
1481 3481 1646 3537 πάλιν
1707 3483 1852 3558 φυγὴ
1909 3483 1999 3536 xui

341 3569 508 3626 πάλιν
568 3565 795 3647 ἔρευνα,
854 3572 945 3626 καὶ
999 3571 1166 3626 πάλιν
1222 3572 1572 3642 ἀναζήτησις.
1629 3570 1730 3626 Nui
1784 3568 1848 3641 δὴ
1909 3571 1998 3626 καὶ

271 3730 276 3732 _
331 3662 613 3738 Γεώργιος
673 3661 700 3716 ὁ
752 3667 855 3730 τῆς
901 3659 1296 3736 Ἀλεξανδρέων
1357 3657 1574 3722 πόλεως
1626 3661 1869 3735 ἁρπάσας
1905 3660 1995 3714 τὸν

325 3747 514 3824 θρόνον
562 3749 676 3822 ἅμα
713 3753 832 3811 τοῖς
881 3749 1008 3824 περὶ
1065 3750 1316 3804 Ἀκάκιον
1376 3748 1467 3804 καὶ
1519 3746 1886 3826 Πατρόφιλον,
1946 3749 1998 3802 οἱ

324 3844 432 3907 τῆς
476 3837 694 3914 Ἃρείου
747 3837 996 3916 φατρίας,
1050 3837 1414 3909 ἐξωθήσαντες
1466 3835 1865 3912 Ἱεροσολύμων
1905 3838 1994 3892 τὸν

331 3926 694 4002 ὀμολογητὴν
739 3927 1002 4001 Μάξιμον,
1066 3928 1451 4003 ἀντεισάγουσι
1500 3924 1797 3999 Κύριλλον.
1833 3929 1891 3980 Ὁ
1943 3925 2001 3981 δὲ

331 4011 601 4086 δυσσεϐὴς
650 4018 949 4092 Γεώργιος,
995 4016 1271 4072 τοσούτων
1316 4018 1417 4086 τήν
1466 4014 1863 4093 Ἀλεξανδρέων
1915 4015 1998 4071 έν-

330 4105 544 4175 έπλησε
569 4109 773 4173 κακῶν,
802 4106 875 4168 ὡς
905 4107 973 4161 τὰ
987 4109 1104 4168 τοῖς
1137 4103 1377 4175 Ἕλλησι
1396 4105 1534 4160 κατὰ
1558 4110 1892 4181 Χριστιανῶν
1911 4126 2001 4160 το-

332 4192 614 4267 λμηθέντα
671 4193 1075 4273 φιλανθρωπίαν
1134 4194 1470 4267 νομίζεσθαι.
1526 4194 1786 4268 Αἷκισμοί
1835 4196 1999 4270 τεγὰρ

331 4285 603 4356 σωμάτων
636 4289 846 4346 καιναῖς
871 4283 1136 4346 ἐπινοίαις
1170 4283 1479 4362 ἀφορήτους
1508 4285 1759 4361 φέροντες
1784 4285 1881 4346 τὰς
1905 4283 2001 4338 ἀλ-

2109 3396 2392 3469 Georgius
2406 3396 2683 3450 thronum
2702 3393 2986 3448 invadens
3003 3391 3609 3461 Alexandrinum,una
3629 3407 3765 3447 cum

2111 3485 2314 3541 Acacio
2345 3489 2401 3540 et
2433 3482 2761 3554 Patrophilo
2793 3481 3021 3537 Arianis
3053 3480 3415 3549 hominibus,
3476 3480 3767 3553 Jerosoly-

2110 3573 2226 3630 mis
2247 3573 2427 3651 pulso
2449 3573 2782 3628 confessore
2813 3570 3084 3639 Maximo,
3107 3569 3167 3624 in
3192 3570 3320 3640 ejus
3340 3569 3537 3624 locum
3595 3569 3774 3642 Cyril-

2107 3663 2232 3720 lum
2258 3662 2646 3718 constituunt.
2669 3660 2891 3732 Impius
2916 3676 3048 3716 vero
3072 3658 3354 3730 Georgius
3375 3662 3462 3714 tot
3475 3659 3773 3731 tantisque

2107 3751 2521 3808 Alexandriam
2560 3749 2802 3822 replevit
2831 3748 3024 3817 malis,
3051 3752 3116 3803 ut
3146 3748 3462 3804 commissa
3483 3765 3515 3803 a
3536 3747 3772 3820 gentili-

2109 3843 2221 3898 bus
2248 3841 2308 3896 in
2340 3839 2705 3896 Christianos
2739 3837 3290 3906 facinora,humana
3317 3837 3652 3893 viderentur
3699 3837 3773 3893 iis

2108 3933 2464 4002 comparata.
2511 3929 2680 3983 Novae
2739 3928 2896 3982 enim
2940 3927 3123 3999 plagae
3178 3942 3382 3982 recens
3435 3925 3771 3998 excogitatae

2109 4017 2843 4092 corporibusinﬂiguntur,
2876 4015 3453 4088 quaeintelorandum
3481 4015 3774 4070 afferrent

2112 4108 2393 4164 dolorem.
2427 4106 2584 4179 Ignis
2615 4106 2792 4160 nudis
2812 4104 3144 4177 virginibus
3161 4105 3618 4160 admotus.Mors
3637 4121 3771 4161 vero

2112 4197 2330 4254 multos
2349 4196 2478 4252 vita
2501 4199 2558 4252 et
2589 4194 2898 4267 suppliciis
2911 4193 3378 4266 eripuit.Tumin
3394 4193 3594 4249 exsilio
3617 4193 3775 4265 pulsi

2113 4291 2251 4343 sunt
2281 4285 2614 4341 sacerdotes
2645 4290 2702 4339 et
2731 4283 2990 4355 episcopi
3023 4283 3081 4337 in
3104 4283 3348 4354 [Egypto
3372 4282 3615 4354 triginta
3633 4284 3776 4355 duo.

336 4369 580 4449 γηδόνας
601 4373 837 4444 κατέξαικ
849 4394 927 4444 ον,
951 4373 1040 4428 καὶ
1057 4377 1164 4447 πῦρ
1188 4378 1425 4447 γυμναῖς
1443 4378 1563 4434 ταῖς
1584 4374 1870 4450 παρθένοις
1900 4375 2284 4452 προσεφέρετο·
2311 4373 2400 4428 καὶ
2425 4373 2648 4433 θάνατος
2680 4370 2929 4432 πολλοὺς
2951 4367 3158 4431 ἄλλους
3178 4369 3268 4424 καὶ
3287 4374 3384 4423 τοῦ
3416 4373 3512 4442 ζῇν
3535 4369 3624 4424 καὶ
3668 4377 3736 4438 τῆ
3753 4392 3778 4432 ς
3836 4376 3838 4378 ’

332 4462 610 4538 τιμωρίας
634 4461 922 4539 ἐξήρπαξε.
953 4461 1214 4538 Γεγόνασι
1238 4461 1328 4516 καὶ
1359 4460 1638 4538 ὑπερορίαι
1668 4467 1774 4517 τῶν
1807 4464 1943 4517 κατὰ
1971 4465 2071 4533 τήν
2106 4460 2383 4538 Αἴγυπτον
2417 4462 2604 4538 ἱερέων
2647 4481 2707 4514 τε
2743 4460 2834 4514 καὶ
2878 4459 3176 4534 ἀρχιερέων
3212 4455 3307 4512 δύο
3338 4458 3428 4512 καὶ
3457 4459 3769 4532 τριάκοντα·

418 4553 504 4607 11.
537 4551 596 4604 Ὀ
626 4547 685 4606 δὲ
723 4551 1114 4621 Κωνστάντιος,
1161 4548 1494 4625 προσλαϐὼν
1542 4551 1633 4605 καὶ
1669 4553 1768 4620 τήν
1808 4550 2003 4606 τάδελ-
2044 4557 2086 4620 D

337 4643 445 4720 φοῦ
487 4639 789 4717 ἀρχὴν,καὶ
817 4640 946 4703 τοὺς
998 4639 1312 4716 Ἑσπερίους
1355 4639 1684 4703 ἐπισκόπους
1731 4639 2000 4697 υεθέλκειν

336 4726 421 4792 εἴς
457 4750 518 4785 τε
563 4731 662 4798 τὴν
711 4729 1030 4785 Ἀθανασίου
1076 4730 1412 4807 κατάκρισιν,
1455 4731 1547 4784 καὶ
1596 4730 1672 4793 εἷς
1714 4733 1812 4799 τήν
1863 4728 2000 4786 ἰδίαν

337 4816 666 4888 ἐσπούδαζεν
718 4816 943 4896 α’ίρεσιν.
997 4819 1088 4874 Διὸ
1135 4820 1226 4874 xui
1275 4817 1497 4875 σύνοδον
1521 4817 1610 4874 διὰ
1655 4824 1824 4874 ταῦτα
1869 4821 2004 4874 κατὰ

338 4904 681 4965 Μεδιόλανον
722 4906 886 4964 πόλιν
938 4915 1041 4978 τῆς
1091 4907 1328 4972 Ἰταλίας
1372 4909 1609 4985 ἀθροίζει
1645 4953 1659 4978 ,
1708 4911 1799 4964 καὶ
1853 4911 2001 4971 τινας

347 4998 444 5072 μὶν
492 4998 631 5074 πρὸς
678 4998 880 5054 οἰκεῖον
932 4997 1238 5075 διαστρέφει
1289 4997 1567 5073 βούλημα*
1619 4997 1896 5060 Διονύσιος
1948 4995 2005 5052 δὲ

340 5086 434 5143 καὶ
482 5081 744 5149 Εὐσέϐιος
791 5088 881 5143 καὶ
926 5085 1200 5158 Ῥοδανὸς,
1252 5084 1522 5149 Παυλῖνός
1569 5107 1628 5141 τε
1672 5087 1763 5142 καὶ
1809 5087 2003 5142 Λουκί-

341 5195 464 5256 φερ,
491 5176 556 5231 τὸ
587 5176 788 5232 οἰκεῖον
829 5175 922 5232 καὶ
973 5183 1076 5246 τῆς
1127 5170 1398 5237 εὐσεϐείας
1459 5177 1534 5249 μή
1587 5171 2003 5250 καθυϐρίσαντες

341 5263 602 5344 φρόνημα
632 5311 648 5337 ,
707 5266 797 5322 καὶ
847 5262 961 5322 οὐδ’
1005 5264 1328 5321 Ἀθανασίου
1371 5269 1709 5340 καταγνῶναι
1768 5265 2003 5340 ἀνασχό-

344 5374 499 5428 μενοι
555 5350 795 5428 (ᾔδεισαν
855 5356 959 5431 γὰρ
1014 5356 1115 5424 τὴν
1167 5353 1484 5409 Ἀθανασίου
1536 5355 1849 5428 κατάκρισιν
1902 5356 2002 5422 τὴν

337 5449 443 5513 τῆς
499 5443 738 5508 πίστεως
795 5445 1247 5521 προοιμιάζεσθαι
1306 5443 1685 5518 καθαίρεσιν),
1746 5442 1796 5498 ἐν
1855 5448 2004 5519 Ἀρι-

345 5533 506 5607 μήνῳ
547 5532 992 5612 ὑπερορίζονται.
1045 5531 1212 5596 Γνοὺς
1264 5529 1321 5587 δὲ
1361 5534 1389 5587 6
1433 5538 1528 5588 τοῦ
1578 5537 1712 5589 Θεοῦ
1759 5533 2006 5608 θεράπων

343 5621 690 5695 ’Δθανάσιος,
738 5624 816 5688 ὡς
861 5621 1028 5680 πάλιν
1073 5624 1190 5679 κατ’
1241 5621 1404 5678 αὐτοῦ
1452 5622 1879 5702 πικρότερόνλτε
1917 5621 2008 5677 καὶ

2193 4536 2278 4609 il.
2312 4536 2692 4609 Constantius
2737 4566 2872 4606 vero
2933 4553 3203 4620 suscepto
3255 4546 3452 4602 fratris
3510 4536 3778 4618 imperio,

2121 4641 2545 4708 Occidentales,
2581 4656 2716 4694 cum
2751 4639 2822 4694 ad
2851 4637 3158 4692 Athanasii
3205 4637 3778 4703 condemnationem,

2112 4736 2245 4787 tum
2277 4732 2348 4787 ad
2382 4746 2552 4786 suam
2586 4727 2835 4783 hmresin
2869 4724 3205 4798 pertrahere
3234 4725 3557 4797 satagebat.
3591 4727 3781 4790 Quare

2117 4822 2410 4893 synodum
2442 4820 2503 4873 in
2534 4816 2714 4874 Italiae
2744 4815 2973 4871 civitate
3003 4813 3329 4870 Mediolano
3361 4819 3694 4888 congregat,
3713 4832 3780 4872 ac

2115 4911 2406 4984 quosdam
2442 4908 2520 4962 ibi
2554 4908 2625 4963 ad
2657 4922 2827 4962 suam
2858 4903 3100 4961 abduxit
3127 4903 3508 4959 voluntatem.
3571 4904 3781 4976 Diony-

2116 4999 2242 5056 sius
2271 4991 3394 5064 vero,Eusebius,Rhodanus,Paulinus
3426 4996 3483 5046 et
3523 4992 3774 5065 Lucifer,

2115 5090 2215 5161 qui
2246 5105 2415 5144 suam
2448 5086 2725 5159 piamque
2747 5083 3088 5157 religionem
3147 5097 3520 5154 nequaquam
3578 5085 3777 5137 contu-

2116 5177 2296 5234 melia
2327 5176 2590 5242 effecere,
2626 5189 2816 5246 neque
2849 5171 3240 5229 Athanasium
3272 5171 3661 5226 condemnare
3681 5187 3777 5227 vo-

2114 5267 2352 5323 luerunt
2382 5264 2670 5337 (sciebant
2701 5263 2857 5318 enim
2888 5260 3193 5317 Athanasii
3225 5259 3776 5316 condemnationem

2116 5372 2244 5412 esse
2276 5354 2412 5410 ﬁdei
2443 5350 2950 5409 condemnationis
2983 5349 3152 5422 quasi
3195 5347 3594 5421 procemium),
3653 5349 3778 5404 Ari-

2118 5447 2349 5501 minum
2383 5445 2702 5498 mittuntur
2725 5441 2783 5495 in
2819 5439 3111 5495 exsilium.
3146 5439 3291 5493 Cum
3345 5441 3546 5493 nosset
3599 5454 3774 5510 porro

2121 5534 2220 5590 Dei
2252 5549 2459 5589 servus
2491 5529 2872 5598 Athanasius,
2907 5528 3237 5584 haereticam
3269 5531 3525 5582 turmam
3558 5526 3773 5583 iterum

2123 5622 2436 5678 adversum
2494 5636 2557 5676 se
2613 5619 2882 5675 acerbius
2939 5632 3005 5673 ac
3054 5615 3350 5673 crudelius
3399 5615 3772 5684 commoveri,

415 5741 498 5814 (α)
533 5741 673 5817 Leg.
703 5740 891 5816 αὒτὸς,
914 5742 1165 5802 refertur
1191 5740 1350 5802 enim
1379 5743 1453 5801 ad
1513 5738 1813 5818 σύλλογος.
1857 5745 2004 5799 Ευιτη

2116 5754 2302 5798 ﬂ‘ROL.
