4146 6416
365 428 522 481 (δοκι

1753 415 2388 481 οΡιιοιιΕοοΜΕΝΑ.

365 551 517 608 clam
549 550 824 610 omnibus
856 551 955 624 qui
978 550 1038 607 in
1070 550 1212 608 urbe
1229 555 1395 607 erant
1415 550 1488 608 ad
1502 551 1787 625 virginem
1811 569 2022 625 quam-

2139 551 2498 628 φονικώτερον
2544 549 2606 606 τὸ
2654 549 2920 625 αἱρετικὸν
2969 547 3319 627 παροξύνεται
3363 553 3567 620 στῖσος,
3610 545 3761 608 λαθὼ

364 643 502 697 dam
533 641 700 714 fugit,
736 645 801 696 ut
830 643 901 697 ad
935 641 1127 697 locum
1157 640 1494 697 nullatenus
1526 647 1870 714 suspectum
1903 660 2018 699 non

366 731 823 805 perquireretur.
857 733 996 787 Erat
1026 731 1184 786 enim
1217 731 1651 802 speciosissima
1681 730 1898 804 puella,
1957 737 2022 788 ut

367 836 572 877 omnes
604 825 825 876 certum
859 821 1134 892 putarent
1162 821 1352 876 virum
1387 820 1638 888 nullum,
1673 823 1890 878 nedum
1923 839 2019 877 ar-

367 909 806 982 chiepiscopum
830 911 984 981 apud
1020 909 1181 964 illam
1212 910 1572 966 diversatum
1614 912 1706 966 iri.
1769 913 2021 984 Eratque

368 1015 553 1055 annos
585 1004 722 1054 nata
751 999 974 1072 viginti.
1010 1001 1447 1056 Commemorat
1479 1006 1676 1056 autem
1711 1002 1825 1072 ipsi
1873 1001 2020 1058 veri-

365 1089 504 1143 tatis
533 1087 630 1144 ille
655 1089 936 1162 magister
955 1093 1012 1144 et
1041 1094 1241 1146 custos
1271 1106 1398 1161 quae
1423 1105 1485 1145 se
1506 1092 2018 1164 spectarent,quod

365 1177 587 1233 scilicet
617 1179 687 1233 ad
721 1177 811 1234 sui
834 1179 1052 1234 caedem
1086 1195 1213 1234 sese
1243 1179 1603 1235 instruerent
1633 1179 1910 1235 haeretici.
1953 1185 2024 1236 Et

366 1268 522 1340 quod
555 1269 755 1323 omnia
777 1285 903 1341 quae
922 1273 1083 1323 extra
1113 1270 1317 1324 urbem
1336 1274 1534 1325 essent
1555 1269 1984 1344 vestigarentur
2009 1289 2021 1327 :

368 1357 642 1428 quodque
663 1373 730 1412 ex
761 1357 1245 1430 revelationegDei
1277 1357 1453 1414 saluti
1489 1376 1607 1414 suae
1663 1359 2025 1416 consulentis

366 1447 439 1502 ad
473 1445 664 1518 ipsam
695 1448 967 1503 venisset.
1002 1447 1106 1502 llla
1137 1465 1269 1503 cum
1293 1447 1573 1504 ineﬂ’abili
1597 1449 1810 1522 gaudio
1831 1449 2023 1505 virum

369 1535 576 1607 recipit
603 1540 660 1591 et
691 1554 793 1609 per
823 1551 924 1592 sex
955 1553 1140 1592 annos
1172 1537 1447 1607 occultat,
1481 1539 1664 1593 donec
1695 1539 2022 1596 Constantii

371 1639 533 1680 mors
554 1625 731 1680 ﬁnem
775 1625 1006 1681 afferret
1057 1625 1318 1681 latebris.
1383 1629 1444 1682 In
1499 1628 1778 1684 omnibus
1829 1635 2022 1685 autem

374 1713 644 1770 alacriter
663 1715 844 1788 virgo,
877 1719 933 1771 et
963 1732 1097 1770 cum
1130 1716 1452 1772 reverentia
1491 1722 1692 1773 sancto
1735 1718 1858 1774 viro
1916 1719 2026 1773 mi-

373 1802 688 1871 nistrabat,
720 1804 873 1876 quod
907 1803 966 1859 in
998 1804 1228 1860 civitate
1260 1805 1419 1876 parvi
1468 1811 1524 1861 et
1572 1807 1792 1878 magni,
1852 1807 2029 1863 amici

375 1896 434 1947 et
492 1898 896 1965 persecutores
944 1895 1122 1966 juxta
1178 1894 1551 1966 ignorabant.
1615 1896 1801 1950 Jussit
1859 1912 2029 1968 porro

380 1981 759 2037 Constantius
790 1986 857 2036 ut
887 1987 1130 2054 quotqot
1175 1981 1234 2036 in
1293 1983 1464 2038 Italia
1509 1983 1767 2056 episcopi
1810 1982 2032 2040 nollent

380 2070 607 2126 Arianae
639 2070 843 2126 haeresi
875 2071 1265 2140 subscribere,
1300 2072 1423 2128 suis
1450 2073 1820 2144 exigerentur
1839 2073 2031 2128 Eccle-

383 2159 508 2226 siis,
531 2176 851 2231 eorumque
881 2161 1008 2217 loco
1047 2161 1460 2217 ordinarentur
1515 2162 1681 2234 impii
1738 2162 2032 2230 homines,

381 2248 678 2306 Exsulavit
710 2254 851 2305 tunc
881 2250 1055 2305 etiam
1089 2249 1479 2322 Liberius,qui
1510 2255 1641 2322 post
1669 2250 1894 2307 Julium
1927 2252 2032 2306 Ro-

380 2356 624 2395 manum
656 2339 980 2410 occupabat
1010 2338 1315 2404 thronum,
1349 2340 1518 2410 cujus
1555 2339 1682 2396 loco
1726 2340 2032 2396 ordinatur

377 2428 553 2493 Felix,
587 2428 688 2500 qui
745 2428 1054 2484 confestim
1113 2429 1398 2484 divinitus
1450 2428 1720 2485 immissa
1776 2429 2030 2485 caecitate

376 2535 579 2590 poenas
608 2517 736 2585 luit,
781 2535 844 2573 ac
868 2519 1140 2590 deinceps
1176 2517 1471 2590 pestilenti
1501 2519 1705 2574 morbo
1762 2519 2031 2575 sublatus

374 2613 480 2663 est.
514 2609 595 2662 Ea
624 2607 754 2680 ipsa
781 2607 1045 2663 Meletius
1075 2607 1394 2663 Antiochia:
1426 2607 1739 2680 episcopus
1787 2609 2026 2680 patitur,

374 2695 622 2766 ejusque
650 2693 777 2750 loco
801 2693 1042 2750 haeresis
1077 2695 1350 2750 Euzoium
1386 2695 1710 2756 constituit.
1745 2699 2030 2753 Constan-

373 2781 621 2854 tinopoli
650 2799 784 2837 vero
817 2783 1163 2850 Eudoxium,
1204 2783 1359 2840 viros
1400 2785 1614 2857 impios
1672 2785 2030 2858 dignamque

373 2870 580 2926 heresi
612 2888 720 2926 sua
749 2871 925 2926 vitam
958 2877 1216 2944 agentes.

375 2957 404 3011 6
445 2957 790 3034 ’Δντιοχείας
834 2958 1136 3036 ὑφίσταται,
1203 2960 1292 3014 καὶ
1345 2959 1692 3033 ἀντικαθ;στᾷ
1730 2965 1764 3032 ἡ
1824 2961 2029 3036 α’ίρεσις

374 3044 570 3123 ἄνδρας
595 3042 871 3110 δυσσεϐεῖς
909 3048 1000 3102 καὶ
1037 3047 1128 3103 τόν
1175 3048 1293 3125 βίον
1336 3048 1584 3120 ἐπαξίους
1624 3058 1726 3121 τῆς
1768 3053 2048 3126 αἱρέσεως.

447 3139 533 3194 12.
569 3139 783 3194 Eodem
817 3143 1079 3212 tempore
1098 3139 1401 3196 Julianum
1434 3141 1814 3200 Constantius
1843 3146 2030 3199 Cresa-

373 3243 496 3284 rem
528 3226 866 3298 proclamat,
895 3232 954 3283 et
982 3227 1041 3282 in
1065 3228 1285 3284 Gallias
1318 3230 1519 3286 mittit.
1552 3231 1772 3286 Novam
1831 3236 2026 3288 autem

371 3316 676 3373 ecclesiam
711 3334 745 3372 a
775 3334 838 3372 se
879 3317 1380 3391 Constantinopoli
1433 3325 1856 3387 constructam,
1915 3321 2026 3393 ipsi

2135 641 2372 702 ἅπαντας
2402 639 2530 702 τοὺς
2576 639 2627 696 ἐν
2676 632 2764 716 τῆλ’
2796 638 2979 710 πόλει,
3020 641 3272 718 παρθένῳ
3317 638 3424 696 τινὶ
3472 639 3797 720 καταφεύγει

2125 734 2206 801 τῷ
2254 729 2543 802 ἀνυπόπτῳ
2587 736 2688 799 τῆς
2737 729 2909 806 κόρης
2955 729 3206 785 κλέπτων
3260 731 3361 798 τήν
3411 729 3615 806 εὕρεσιν
3661 748 3673 761 ·
3725 732 3791 800 ἦν

2129 820 2231 894 γὰρ
2265 821 2298 887 ἡ
2330 820 2504 881 νεανις
2532 819 2623 874 καὶ
2651 820 2750 890 τήν
2804 815 2926 894 ὄψιν
2969 819 3166 893 ὡραία,
3205 819 3294 874 καὶ
3343 824 3605 874 συνοικεῖν
3657 819 3793 894 αὐτῇ

2133 905 2274 981 μηδὲ
2302 906 2394 962 τὸν
2427 908 2667 984 τυχόντα
2696 906 2879 982 ἄνδρα,
2917 910 3117 983 μήτιγε
3150 909 3428 984 ἀρχιερέα,
3461 905 3683 978 πολλὴν
3705 909 3794 963 καὶ

2135 992 2352 1072 βεϐαίαν
2403 999 2501 1066 τὴν
2553 995 2936 1076 πληροφορίαν
2991 997 3333 1074 παρέχουσα.
3383 998 3544 1060 Ἔτος
3597 995 3654 1052 δὲ
3694 1004 3797 1068 τῆς

2131 1084 2354 1156 ἡλικίας
2390 1086 2629 1142 εἰκοστὸν
2676 1086 2871 1157 ἠνύετο
2921 1086 3057 1161 αὐτῇ
3111 1087 3215 1141 ἀπὸ
3262 1086 3548 1161 γενέσεως.
3582 1086 3796 1142 ’Δνατί-

2131 1177 2285 1245 θησιν
2333 1172 2424 1230 οῦν
2477 1175 2613 1249 αὐτῇ
2647 1177 2675 1231 6
2715 1182 2818 1244 τῆς
2863 1176 3150 1250 παρθενίας
3189 1175 3282 1230 καὶ
3331 1171 3665 1238 διδάσκαλος
3708 1174 3800 1230 καὶ

2133 1261 2305 1340 φύλαξ
2354 1267 2421 1319 τὰ
2470 1267 2586 1320 καθ’
2636 1263 2822 1321 ἑαυτὸν
2857 1312 2871 1337 ,
2927 1264 3011 1320 ὅτι
3055 1265 3196 1341 πρὸς
3262 1263 3574 1344 μιαιφονίαν
3637 1264 3802 1320 αὐτοῦ

2133 1351 2477 1423 ἐξοπλίζοιτο
2521 1356 2584 1410 τὸ
2627 1354 2895 1430 αἱρετικόν
2931 1373 2944 1388 ·
2973 1355 3062 1410 καὶ
3107 1355 3184 1417 ὡς
3230 1355 3404 1410 πάντα
3445 1356 3514 1409 τὰ
3566 1352 3668 1425 ἔξω
3695 1362 3801 1425 τῆς

2131 1440 2347 1505 πόλεως
2405 1443 2872 1521 προκατείληπται
2925 1443 3166 1518 ἐρεύναις
3203 1463 3217 1476 ⁶
3248 1444 3339 1498 καὶ
3389 1443 3488 1512 ὡς,
3543 1443 3604 1499 ἐκ
3651 1443 3801 1506 θείας

2134 1527 2313 1605 ὄψεως
2342 1534 2442 1602 τήν
2493 1534 2766 1608 σωτηρίαν
2820 1533 2965 1606 αύτῷ
3007 1532 3467 1607 πρυτανευούσης,
3517 1533 3654 1608 πρὸς
3705 1533 3801 1588 αύ-

2132 1621 2232 1689 τήν
2263 1620 2411 1689 ἥκοι.
2447 1623 2508 1678 Ἡ
2539 1619 2596 1677 δὲ
2631 1623 2765 1695 μετὰ
2808 1623 2984 1698 χαρὰς
3034 1619 3408 1692 ἀνεκλαλήτου
3457 1621 3548 1676 καὶ
3601 1618 3798 1678 ὑποδέ-

2135 1728 2291 1784 χεται
2322 1709 2412 1764 καὶ
2467 1710 2555 1765 ἐπὶ
2601 1711 2656 1782 ’ἐξ
2704 1706 2796 1780 ἔτη
2844 1709 3254 1786 κατακρύπτει·
3287 1711 3378 1765 καὶ
3427 1713 3462 1780 ἡ
3514 1717 3798 1766 Κωνσταν-

2135 1797 2255 1852 τίου
2284 1797 2510 1869 τελευτὴ
2546 1797 2700 1862 λύσις
2739 1800 2945 1876 γίνεται
2990 1806 3092 1870 τῆς
3145 1794 3484 1876 ἀποκρυϐἧς.
3528 1801 3616 1854 Ἐν
3665 1807 3798 1855 πᾶσι

2139 1885 2197 1943 δὲ
2234 1890 2531 1963 προθύμως
2582 1890 2671 1944 καὶ
2720 1884 3031 1962 σεϐασμίως
3077 1891 3112 1958 ἡ
3162 1890 3428 1964 παρθένος
3483 1887 3802 1966 ἐξυπηρὲτει

2139 1977 2229 2032 τὸν
2262 1976 2431 2045 δσινν,
2483 1980 2683 2041 πάντας
2727 1978 2855 2042 τοὺς
2907 1977 2960 2034 ἐν
3006 1982 3076 2052 τῇ
3130 1976 3293 2034 πόλει
3349 1978 3579 2055 μικρούς
3624 2000 3684 2035 τε
3707 1979 3800 2034 καὶ

2146 2065 2443 2140 μεγάλους,
2474 2067 2562 2122 καὶ
2595 2066 2722 2130 τοὺς
2762 2065 3056 2146 φιλοῦντας
3099 2068 3190 2122 καὶ
3236 2066 3366 2130 τοὺς
3415 2065 3648 2132 διώκτας
3682 2066 3800 2124 δια-

2143 2153 2495 2213 λανθάνουσα.
2548 2157 2874 2233 ΙΙροστάττει
2923 2154 2969 2212 δ’
3018 2155 3109 2212 οῦν
3162 2158 3190 2212 6
3247 2158 3616 2220 Κωνστάντιος
3664 2157 3801 2220 τοὺς

2145 2247 2220 2318 μὴ
2259 2243 2626 2320 βουλομένους
2653 2250 2762 2301 τῶν
2812 2247 2949 2302 κατὰ
2990 2248 3088 2316 τήν
3125 2243 3355 2302 Ἰταλίαν
3398 2247 3702 2324 ἀρχιερέων
3728 2251 3800 2321 τῇ

2141 2335 2352 2408 Ἀρείου
2403 2336 2837 2414 καθυπογράφειν
2889 2335 3194 2406 ἐξωθεῖσθαι
3249 2339 3356 2391 τῶν
3417 2335 3755 2406 Ἐκκλησιῶν
3783 2383 3798 2409 ,

2141 2425 2252 2479 ἀντ’
2312 2423 2528 2480 ἐκείνων
2582 2425 2710 2487 τοὺς
2766 2420 3042 2488 δυσσεϐεῖς
3093 2423 3502 2500 ἐγκαθίστασθαι
3536 2470 3549 2482 .
3611 2427 3800 2501 Ὑπερ-

2141 2513 2367 2589 ωρίζετο
2415 2515 2505 2568 καὶ
2549 2509 2805 2589 Λιϐἐριος
2851 2514 2975 2569 τότε
3025 2515 3160 2587 μετὰ
3205 2512 3438 2570 Ἰούλιον
3484 2515 3576 2570 τὸν
3605 2515 3798 2591 θρόνον

2138 2603 2356 2674 Ῥώμης
2391 2603 2583 2658 ἰθύνων
2631 2625 2643 2636 ·
2675 2603 2766 2658 καὶ
2810 2604 3322 2679 ἀντιχειροτονεῖται
3370 2601 3556 2674 Φίλιξ,
3607 2604 3668 2666 ὃς
3697 2625 3802 2658 πα-

2141 2699 2407 2768 ραχρῆμα
2439 2693 2532 2766 μὶν
2566 2697 2729 2767 ποινῇ
2778 2693 3032 2765 θεηΑάτῳ
3078 2697 3147 2766 τῇ
3191 2698 3300 2748 τῶν
3349 2690 3648 2771 ὀφθαλμῶν
3689 2714 3800 2763 πη-

2139 2783 2303 2857 ρώσει
2362 2777 2776 2855 ὑποϐάλλεται,
2828 2779 3046 2857 ὕστερον
3104 2779 3162 2837 δέ
3213 2781 3304 2836 καὶ
3361 2780 3594 2856 λοιμικῇ
3653 2781 3802 2855 νόσῳ

2137 2872 2487 2947 κατασχεθεὶς
2541 2869 2927 2950 διαφθείρεται.
2977 2871 3053 2924 Τὰ
3100 2869 3234 2926 αὐτὰ
3280 2867 3338 2926 δὶ
3393 2869 3483 2926 καὶ
3535 2868 3801 2933 Μελέτιος

2080 2959 2172 3016 τὸν
2232 2960 2494 3032 Εύζώϊον,
2541 2959 2592 3016 ἐν
2634 2957 3202 3016 Κωνσταντινουπόλει
3257 2957 3316 3016 δὲ
3369 2960 3460 3016 τὸν
3518 2957 3798 3031 Εόδόξιον,

2215 3142 2303 3197 12.
2338 3140 2464 3195 Κατ’
2496 3137 2668 3194 ἐκεῖνο
2699 3141 2892 3213 καιροῦ
2920 3137 3011 3192 καὶ
3043 3133 3339 3193 Ἰουλιανὸν
3371 3137 3400 3192 6
3429 3137 3802 3200 Κωνστάντιος

2143 3228 2455 3304 ἀναγορεύει
2486 3227 2750 3305 Καίσαρα,
2781 3228 2872 3282 καὶ
2902 3227 3040 3301 πρὸς
3059 3227 3156 3289 τὰς
3203 3224 3477 3289 Γαλλίους
3509 3225 3800 3300 ἐκπέμπει.

2139 3318 2464 3395 Ἐγκαινίζει
2496 3316 2552 3373 δὲ
2581 3318 2672 3372 καὶ
2691 3318 2790 3386 τὴν
2813 3316 2864 3372 ἐν
2888 3323 3291 3372 Κωνσταντινου
3312 3313 3473 3370 πόλει
3493 3317 3620 3389 παρ’
3637 3314 3803 3371 αὐτοῦ

371 3405 472 3461 Dei
504 3406 814 3478 Sapientiae
837 3407 1244 3479 cognominem
1277 3408 1586 3464 dedicavit.
1617 3410 1767 3465 Tum
1807 3410 2026 3483 impius

2138 3411 2550 3484 νεουργηθεῖσαν
2602 3405 2895 3478 ἐκκλησίαν
2923 3428 2936 3441 ’
2969 3405 3256 3478 ἐπώνυμον
3305 3404 3442 3480 αὐτῇ
3471 3408 3507 3474 ἡ
3539 3408 3638 3461 τοῦ
3668 3409 3803 3461 Θεοῦ

370 3493 667 3550 Eudoxius
691 3495 751 3550 in
785 3495 930 3550 festo
958 3496 1362 3553 Encaeniorum
1393 3497 1452 3552 in
1480 3497 1692 3554 throno
1740 3499 2029 3556 constitu-

371 3588 488 3648 tus,
522 3583 773 3654 primam
799 3583 962 3639 illam
995 3586 1275 3641 audacem
1308 3586 1844 3659 stultissimamque
1897 3605 2030 3660 pro-

379 3671 515 3727 tulit
571 3687 812 3727 vocem:
864 3675 1030 3728 Pater
1076 3676 1301 3744 impius,
1353 3677 1526 3731 Filius
1552 3679 1700 3748 pius.
1746 3678 2028 3733 Tumultu

374 3763 570 3816 autem
593 3759 728 3830 jure
757 3760 892 3816 inde
916 3761 1303 3829 oborto,malo
1345 3764 1568 3820 malum
1612 3766 1816 3822 sedare
1864 3783 2032 3823 cona-

373 3851 471 3902 tus
503 3851 625 3902 est:
659 3842 815 3902 Nihil
848 3848 906 3903 id
941 3866 1062 3918 vos,
1096 3851 1308 3923 inquit.
1341 3854 1670 3925 conturbet,
1704 3871 1840 3910 nam
1863 3856 2032 3912 Pater

374 3934 616 4007 impius,
641 3936 783 4008 quia
813 3938 1109 3994 neminem
1133 3939 1228 4010 pie
1260 3940 1436 4009 colit;
1471 3941 1652 3998 Filius
1681 3960 1814 4000 vero
1872 3945 2028 4018 pius,

377 4025 518 4096 quia
545 4029 776 4082 Patrem
809 4026 1074 4098 piecolit.
1099 4032 1219 4084 Hoc
1267 4029 1486 4086 furiose
1537 4030 1761 4088 dictum
1816 4034 1878 4089 in
1937 4051 2030 4091 ca-

377 4113 626 4170 chinnos
657 4117 712 4169 et
741 4114 898 4171 risus
929 4117 1252 4172 tumultum
1283 4119 1477 4187 vertit,
1514 4119 1596 4175 ita
1626 4125 1691 4177 ut
1736 4122 1906 4178 multi
1958 4125 2031 4179 ab

375 4201 622 4265 ecclesia
679 4203 1063 4261 discederent.
1120 4211 1296 4262 Porro
1360 4209 1635 4266 Julianus
1703 4211 1762 4266 in
1848 4211 2033 4269 Gallis

375 4291 842 4364 agens,victoriis
870 4299 1074 4351 contra
1105 4297 1384 4353 barbaros
1413 4300 1745 4372 reportatis,
1782 4319 1815 4356 a
1875 4301 2030 4356 mili-

375 4380 535 4437 tibus
565 4381 883 4454 imperator
913 4383 1262 4441 declaratur.
1297 4387 1610 4462 Comperta
1652 4391 2032 4446 Constantius

375 4471 504 4543 ejus
533 4470 1005 4545 inaugura’tione,
1033 4473 1364 4547 baptizatur
1392 4477 1576 4550 impia
1598 4479 1795 4534 Euzoii
1827 4495 2032 4546 manu,

377 4564 758 4633 armaturque
786 4569 988 4618 contra
1019 4565 1437 4621 adversarium.
1481 4567 1746 4639 Cumque
1796 4567 2032 4640 Mopsu-

377 4665 608 4705 crenem
641 4651 1234 4721 pervenisset,Eilicia3
1259 4655 1628 4728 oppidulum,
1675 4655 1811 4712 belli
1879 4657 2034 4713 solli-

377 4736 739 4794 citudinibus
768 4739 1178 4810 italaboravit,
1223 4749 1285 4798 ut
1340 4744 1682 4816 appoplexia
1732 4753 2032 4818 correptus

377 4826 584 4898 obiret,
617 4844 838 4884 annum
870 4847 1049 4902 agens
1079 4849 1111 4885 ει
1144 4831 1450 4889 nativitate
1510 4834 2029 4908 quadragesimum

377 4914 672 4988 quintum,
705 4916 935 4989 imperii
967 4937 1001 4975 a
1031 4925 1218 4976 morte
1248 4922 1431 4994 patris
1463 4921 1808 4980 vicesimum
1857 4925 2033 4996 quin-

375 5008 525 5062 tum.
555 5007 838 5080 Georgius
868 5011 1064 5065 autem
1097 5009 1455 5066 Alexandriae
1486 5011 1774 5084 templum
1805 5013 2031 5070 Graaco-

374 5111 506 5150 rum
539 5095 802 5152 dirutum
828 5097 887 5152 in
921 5114 1035 5169 quo
1068 5096 1208 5154 olim
1250 5100 1430 5156 Graeci
1491 5101 1716 5157 Mithrae
1758 5104 2032 5175 mysteria

373 5185 644 5256 agebant,
675 5186 830 5241 viros
863 5187 1282 5260 sacrificantes,
1309 5207 1521 5262 pueros
1553 5190 1693 5248 item
1725 5197 1783 5247 et
1821 5191 2030 5248 mulie-

373 5288 468 5328 res
498 5278 563 5329 ut
591 5290 794 5330 eorum
825 5275 972 5331 extis
1005 5277 1353 5348 divinarent,
1384 5281 1509 5347 hoc,
1561 5281 1825 5352 inquam,
1881 5286 2028 5338 tem-

374 5355 539 5433 plum
571 5365 889 5420 emundare
916 5381 1231 5438 aggressus
1263 5374 1371 5437 est,
1416 5374 1480 5425 ut
1531 5369 1649 5425 illic
1706 5370 2027 5427 oratorium

374 5451 669 5507 excitaret.
729 5453 879 5508 Dum
929 5461 1370 5528 expurgaretur,
1403 5458 1619 5525 {multae
1659 5461 2030 5532 reperiuntur

375 5538 640 5595 calvariae
670 5543 1189 5617 occisorum,quas
1226 5547 1541 5604 Christiani
1600 5548 1720 5605 zelo
1779 5551 2026 5621 permoti

375 5628 799 5694 eduxerunt,ut
819 5631 1148 5690 Graecorum
1167 5639 1444 5710 mysteria
1464 5638 1839 5695 traducerent
1866 5643 1924 5694 et
1943 5639 2026 5694 ri-

374 5734 508 5777 s'um
538 5719 739 5792 populi
773 5727 1089 5780 moverent.
1115 5725 1272 5784 Hanc
1316 5727 1563 5800 gentiles
1622 5744 1742 5787 non
1773 5730 2023 5790 terentes

2140 3497 2334 3576 Σοφία.
2397 3497 2494 3553 Καὶ
2545 3498 2573 3552 6
2628 3491 2894 3564 δυσσεϐὴς
2954 3492 3211 3566 Εύδόξιος
3260 3495 3398 3549 κατὰ
3448 3495 3518 3549 τὰ
3562 3492 3805 3568 ἐγκαίνια

2139 3585 2493 3662 ἐνθρονισθεὶς
2527 3633 2540 3658 ,
2598 3587 2823 3660 πρώτην
2905 3583 3113 3654 ἐκείνην
3192 3585 3291 3653 τήν
3365 3580 3654 3658 τολμηρὰν
3713 3583 3804 3637 καὶ

2141 3674 2542 3754 ἀφρονεστάτην
2597 3677 2774 3754 ἀφῆκε
2825 3676 3034 3753 φωνήν·
3089 3697 3116 3724 ‹‹
3166 3674 3222 3727 Ὀ
3269 3673 3458 3748 Πατὴρ
3509 3668 3732 3745 ἀσεϐὴς,
3778 3672 3808 3727 6

2139 3767 2263 3828 Υἱὸς
2295 3761 2541 3836 εὐσεϐής.
2577 3789 2605 3817 ›)
2639 3761 2888 3841 Θορύϐου
2937 3761 2995 3820 δὲ
3040 3760 3251 3818 δικαίου
3296 3762 3359 3816 τὸ
3407 3760 3622 3830 πλῆθος
3661 3779 3810 3833 περι-

2140 3850 2426 3924 λαϐόντος,
2469 3860 2622 3928 κακῷ
2665 3855 2728 3910 τὸ
2779 3853 2942 3909 κακὸν
2995 3851 3202 3908 ἐπενόει
3260 3847 3638 3918 κατευνάζεινο
3687 3847 3804 3918 καὶ,

2140 3941 2346 4014 Μηδὲν,
2379 3943 2535 4022 φησὶ,
2583 3943 2912 4020 ταραττέτω·
2962 3943 2990 3997 6
3043 3941 3137 4015 μὲν
3188 3940 3292 4016 γὰρ
3337 3933 3536 4007 ἀσεϐὴς
3591 3938 3804 4022 ﬂavit),

2141 4031 2226 4087 ὅτι
2283 4020 2475 4088 οὐδένα
2533 4026 2717 4087 σέϐει·
2754 4028 2812 4086 δὲ
2871 4030 2995 4092 Υίὸς
3051 4024 3321 4098 εὐσεϐὴς.
3379 4026 3463 4083 ὅτι
3519 4020 3664 4082 σέϐει
3716 4025 3809 4080 τὸν

2141 4122 2373 4197 Πατέρα.
2423 4127 2600 4176 Ταῦτα
2642 4124 2740 4176 τοῦ
2789 4115 3083 4182 δυσσεϐοῦς
3127 4117 3296 4173 εἰπεῖν
3342 4115 3722 4190 ἐπιμανέντος,
3773 4114 3804 4170 6

2139 4207 2372 4287 θόρυϐος
2420 4211 2498 4272 εἷς
2544 4208 2756 4287 χλεύην
2803 4209 2894 4265 καὶ
2943 4207 3318 4282 μυκτηρισμὺν
3369 4203 3637 4276 ἐκλυθεῖς,
3677 4203 3808 4267 τοὺς

2139 4298 2388 4363 πολλούς
2433 4305 2541 4355 τῶν
2592 4297 3020 4375 συνειλεγμένων
3081 4293 3390 4352 διεσκέδασε
3446 4302 3548 4366 τῆς
3603 4291 3806 4364 ἐκκλη-

2141 4389 2280 4452 σίας.
2314 4392 2371 4443 '0
2419 4390 2666 4465 μέντοιγε
2707 4387 3004 4451 Ἰουλιανὸς
3048 4387 3186 4442 κατᾶ
3226 4387 3322 4449 τὰς
3367 4381 3644 4446 Γαλλίους
3689 4381 3806 4439 δια-

2137 4475 2341 4555 τρίϐων
2377 4525 2390 4551 ,
2439 4481 2529 4534 καὶ
2580 4480 2734 4542 νίκας
2803 4475 3208 4552 ἀναδησάμενος
3264 4475 3402 4530 κατὰ
3459 4468 3750 4550 βαρϐάρων
3784 4515 3807 4543 ,

2142 4570 2244 4624 ὑπὸ
2289 4573 2397 4624 τῶν
2452 4573 2796 4647 στρατιωτῶν
2855 4565 3277 4643 ἆνακηρύττεται
3337 4560 3596 4638 βασιλεὺς
3628 4605 3642 4619 .
3700 4560 3805 4618 Καὶ

2142 4657 2508 4723 Κωνστάντιος
2545 4704 2559 4730 ,
2634 4659 2816 4733 μαθὼν
2904 4659 3004 4726 τήν
3072 4653 3368 4732 ἀνάῤῥησιν
3401 4697 3420 4726 ,
3492 4650 3808 4727 βαπτίζεται

2063 4787 2108 4853 D
2143 4750 2238 4820 μὲν
2269 4753 2338 4822 τῇ
2369 4748 2633 4825 θεομάχῳ
2664 4749 2811 4824 χειρὶ
2861 4744 3133 4816 Εὐζωίου,
3157 4739 3524 4853 δέξοπλίζεῖαι
3570 4737 3628 4795 δὲ
3667 4740 3808 4853 κατὰ

2138 4842 2236 4892 τοῦ
2303 4835 2720 4900 ἐπαναστάντος.
2790 4836 3086 4910 Γενόμενος
3153 4831 3211 4889 δὲ
3275 4831 3325 4887 ἐν
3393 4829 3586 4904 Μόψου
3634 4829 3808 4904 κρήνῃ

2141 4925 2456 5002 (πολίχνιον
2500 4924 2558 4982 δὲ
2604 4931 2764 4982 τοῦτο
2820 4934 2921 4997 τῆς
2976 4923 3276 4995 Κιλικίας),
3337 4919 3440 4976 ὁπό
3499 4915 3803 4998 φροντίδων

2142 5018 2227 5079 αἷς
2266 5016 2423 5071 αὐτὸν
2467 5017 2494 5070 6
2554 5015 2800 5089 πόλεμος
2860 5021 3106 5092 συνεῖχεν
3168 5007 3492 5080 ἀποπληξίᾳ
3547 5005 3804 5087 ληφθεὶς,

2138 5105 2384 5176 τελευτᾷ,
2426 5103 2543 5168 ἔτος
2589 5106 2683 5179 μὲν
2727 5103 2875 5181 ἄγων
2915 5105 3021 5160 ἀπὸ
3078 5103 3342 5180 γενέσεως
3407 5099 3657 5172 πέμπτον
3711 5097 3802 5152 καὶ

2137 5197 2581 5273 τεσσαρακοστὸν,
2641 5192 2965 5271 βασιλεύσας
3020 5191 3078 5250 δὲ
3138 5193 3273 5268 μετᾶ
3308 5190 3409 5259 τὴν
3461 5187 3801 5273 τοῦπατρὸς

2137 5272 2396 5355 τελευτὴν
2466 5281 2556 5357 ἔτη
2618 5286 2777 5340 πέντε
2839 5285 2929 5340 καὶ
2993 5282 3184 5341 εἰκοσι.
3227 5281 3503 5356 Γεώργιος
3563 5272 3622 5333 δὲ
3678 5276 3706 5332 6
3748 5275 3799 5332 ἐν

2138 5373 2517 5450 Ἀλεξανδρείᾳ
2579 5375 2705 5429 ναὸν
2767 5371 3093 5444 Ἑλληνικὸν
3161 5369 3229 5440 δὴ
3313 5362 3800 5441 κατηρειπωμένον

2136 5464 2212 5538 (ἐν
2252 5463 2298 5536 ᾧ
2334 5466 2396 5519 τὸ
2435 5462 2668 5519 παλαιὸν
2741 5464 2795 5519 οἱ
2849 5461 3122 5534 ’Έλληνες
3171 5458 3396 5522 τελετὰς
3439 5451 3657 5513 ἐτέλουν
3719 5459 3802 5528 τῷ

2136 5553 2315 5629 Μίθρᾳ
2360 5548 2579 5616 θύοντές
2623 5573 2683 5608 τε
2722 5550 2943 5630 ἄνδρας,
2981 5550 3070 5607 καὶ
3127 5546 3347 5622 παῖδας,
3387 5546 3479 5603 καὶ
3518 5546 3798 5621 γυναῖκας,

2135 5643 2378 5706 καὶτοῖς
2442 5640 2784 5718 σπλάγχνοις
2849 5641 3023 5698 αὐτῶν
3098 5637 3536 5715 μαντευόμενοι),
3601 5636 3799 5689 τοῦτον

2137 5731 2506 5810 ἀνακαθαίρειν
2574 5731 2895 5807 ἐπεμελεῖτο
2950 5731 3038 5790 ἐστὶ
3093 5728 3156 5788 τὰ
3213 5723 3648 5801 ἀνοικοδομῆσαι
3704 5720 3800 5782 ὠ-
