4146 6372
1440 431 1508 498 S.
1554 430 1991 498 ATHANASII
2018 432 2222 498 νῐἸἋ
2260 432 2362 497 EX
2402 432 2721 498 PHDTIO.
3618 438 3804 497 CC!!!

380 559 621 636 κτήριον.
676 559 1207 640 Ἀνακαθαιρομὲνυυ
1256 560 1336 633 δὶ,
1387 564 1606 640 εὕρηται
1663 562 1851 620 πολλὰ
1903 584 2035 640 κρα-

2153 564 2589 637 contumeliam,
2641 563 2827 638 impia
2882 562 3131 622 ducente
3187 562 3275 621 ira
3326 562 3387 621 in
3441 562 3803 622 Christianos

308 708 313 709 ,
380 648 466 705 νία
519 654 627 706 τῶν
686 650 1078 728 ἀνῃρημένων·
1140 653 1229 709 καὶ
1284 658 1391 709 τῶν
1446 660 1777 732 Χριστιανῶν
1833 655 1885 709 οἱ
1941 659 2037 725 ζη-

2153 655 2487 727 irrumpunt
2509 671 2523 709 ε
2542 658 2599 711 et
2629 653 2777 710 alios
2806 652 3195 727 gladiis,alios
3215 653 3802 727 fustibus,quosdam

383 738 553 794 λωταὶ
614 739 1052 814 έκπομπεύοντες
1115 744 1181 797 τὰ
1253 747 1360 798 τῶν
1420 742 1703 815 Ἑλλήνων
1769 746 2040 820 μυστήρια

2153 745 2466 818 lapidibus,
2498 761 2566 800 ac
2606 744 2811 816 quovis
2868 743 3092 816 passim
3150 748 3491 799 occurrente
3539 742 3800 799 trucida-

380 829 455 891 εἰς
506 828 724 904 γέλωτα
770 835 848 903 τῷ
898 828 1063 905 δήμῳ
1112 832 1203 887 καὶ
1257 832 1465 909 χλεύην
1533 836 1601 889 τὰ
1654 833 1847 910 κρανία
1899 855 2036 907 προ-

2153 833 2634 905 runt,nonnullos
2666 833 2844 889 etiam
2875 832 3230 889 crucifixere.
3255 832 3570 905 Georgium
3603 838 3799 891 autem

378 919 591 993 ἄγουσι.
625 919 694 973 Τὸ
727 916 785 975 δὲ
815 916 1163 991 Ἑλληνικὸν,
1214 923 1313 991 τὴν
1365 918 1517 996 ὕϐριν
1568 922 1667 978 οὐκ
1707 922 2037 999 ἐνεγκόντες,

2153 922 2393 980 ecclesia
2422 926 2767 993 extractum,
2820 920 3160 992 cameloque
3207 918 3522 993 illigatum,
3555 938 3689 978 cun:
3732 938 3799 977 eo

379 1007 553 1082 ὀργῆς
583 1007 957 1071 αὐτοῖς-ἀθέου
1004 1010 1439 1086 στρατηγούσης,
1492 1013 1703 1087 ὁρμῶσι
1748 1014 1883 1068 κατά
1928 1017 2036 1067 τῶν

2153 1017 2317 1085 pacto
2347 1012 2821 1085 discerpsissent,
2854 1012 3229 1082 conjecerunt
3256 1011 3318 1065 in
3347 1010 3565 1083 ignem.

377 1101 713 1172 Χριστιανῶν
749 1119 762 1131 ·
794 1096 884 1153 καὶ
941 1097 1068 1161 τοὺς
1123 1100 1216 1172 μὲν
1268 1098 1461 1178 ξίφεσι,
1510 1100 1639 1164 τοὺς
1679 1099 1735 1157 δὲ
1798 1099 2084 1178 ῥοπάλοις,
2142 1101 2293 1162 τινας
2352 1098 2409 1155 δὲ
2469 1098 2667 1172 λίθοις,
2726 1097 2934 1161 ἄλλους
2974 1096 3031 1154 δὲ
3066 1103 3182 1160 τοῖς
3223 1102 3627 1175 παρατυχοῦσιν
3666 1098 3797 1153 ἀπέ-

378 1205 614 1254 κτειναν,
666 1184 841 1248 ένίους
900 1184 958 1241 δὲ
1011 1186 1189 1243 αὐτῶν
1250 1188 1338 1243 καὶ
1398 1189 1843 1267 ἀνεσταύρωσαν·
1875 1191 1965 1245 τὸν
2029 1188 2087 1244 δὲ
2143 1190 2443 1266 Γεώργιον,
2498 1196 2597 1259 τῆς
2658 1185 2949 1259 ἐκκλησίας
3005 1185 3404 1259 ἐξελκύσαντες,
3462 1185 3705 1261 καμήλῳ
3741 1208 3801 1245 τε

379 1272 744 1348 προσέδησαν,
784 1274 875 1330 καὶ
916 1272 1389 1354 διασπαραχθέντα
1418 1279 1509 1333 σύν
1538 1279 1676 1354 αὐτῇ
1708 1281 1838 1356 πυρὶ
1862 1277 2186 1356 παρέδοσαν.

452 1366 535 1420 13.
596 1362 889 1428 Ἰουλιανός
947 1387 1011 1440 γε
1073 1368 1178 1439 μὴν
1236 1368 1299 1422 τὸ
1345 1376 1447 1438 τῆς
1509 1367 1792 1445 βασιλείας
1840 1368 2038 1447 κράτος

2220 1372 2306 1427 13.
2338 1370 2611 1427 Julianus
2643 1374 2839 1426 autem
2888 1372 3125 1441 accepto
3171 1368 3440 1441 imperio,
3485 1366 3799 1440 gentilium

380 1447 592 1525 λαϐὼν,
649 1454 717 1508 τὰ
776 1455 869 1528 μὲν
931 1453 1213 1528 Ἑλλήνων
1270 1455 1641 1529 ἐσπούδαζεν·
1678 1458 1712 1513 ἃ
1771 1456 1829 1514 δὲ
1886 1466 2035 1515 Κων-

2153 1460 2385 1532 quidem
2417 1459 2761 1531 religionem
2794 1458 3175 1531 coluit;quas
3192 1460 3388 1514 autem
3419 1455 3800 1513 Constantius

368 1541 609 1615 σταντίῳ
664 1545 802 1597 κατὰ
855 1548 963 1599 τῶν
1022 1549 1118 1600 τοῦ
1176 1550 1311 1601 Θεοῦ
1378 1547 1681 1624 ἀρχιερέων
1758 1549 2037 1624 πεπαρῴ-

2153 1549 2249 1605 Dei
2270 1548 2649 1621 pontificibus
2671 1548 3039 1605 calamitates
3057 1547 3359 1619 intulerat,
3375 1545 3566 1602 noluit
3589 1562 3800 1619 appro-

367 1652 527 1703 νητο,
560 1632 800 1707 στέργειν
831 1632 893 1689 οὐ
934 1640 1247 1709 προῃρεῖτο.
1302 1636 1394 1690 Διὸ
1440 1636 1567 1699 τοὺς
1613 1636 1666 1692 έν
1724 1638 2038 1714 ὑπερορίαις

2153 1639 2307 1694 bare.
2342 1639 2531 1703 Quare
2562 1641 2848 1711 quotquot
2877 1637 2939 1693 in
2969 1637 3173 1694 exsilio
3204 1635 3800 1710 degebant,humani-

368 1717 577 1781 πάντας
633 1726 837 1798 φωναῖς
895 1720 1303 1798 φιλανθρώποις
1364 1722 1761 1781 ἀνεκαλέσατο.
1824 1725 1909 1795 Ἐξ
1977 1724 2038 1778 οὗ

2153 1731 2237 1783 ter
2265 1727 2569 1799 revocavit,
2602 1744 2718 1799 quo
2776 1727 2996 1783 factum
3029 1731 3094 1782 ut
3147 1726 3525 1792 Athanasius,
3566 1728 3804 1797 accepta

367 1808 467 1864 καὶ
525 1810 841 1872 Ἀθανάσιος
899 1810 1172 1887 θαρῥήσας
1228 1807 1383 1883 ἔξεισι
1442 1814 1536 1886 μὲν
1594 1821 1696 1883 τῆς
1754 1814 1926 1877 οἰκίας
1985 1813 2037 1869 έν

2153 1816 2367 1873 ﬁducia
2394 1818 2569 1872 domo
2599 1817 2973 1888 egrederetur
3001 1816 3247 1889 virginis
3294 1816 3354 1871 in
3385 1832 3505 1887 qua
3532 1815 3800 1888 degebat.

367 1899 415 1970 ᾔ
442 1898 839 1972 κατεκρύπτετο
882 1906 984 1970 τῆς
1036 1901 1323 1975 παρθένου·
1373 1904 1509 1958 κατὰ
1564 1902 1729 1958 νύκτα
1778 1901 1837 1959 δὲ
1893 1900 2042 1959 ἔνδον

2153 1906 2335 1962 Noctu
2369 1910 2566 1963 autem
2598 1906 2656 1961 in
2688 1906 2934 1963 ecclesia
2962 1906 3309 1978 comparuit,
3343 1904 3801 1961 Alexandrinus-

371 1983 535 2083 (ξ’)φθη
595 1995 717 2083 τῆς.
755 1986 1053 2083 έκκλησίας
1106 2008 1117 2021 ·
1169 1991 1260 2046 καὶ
1311 1992 1339 2045 6
1404 1989 1800 2067 Ἀλεξανδρέων
1863 1991 2042 2066 δῆμος

2153 2010 2265 2067 que
2294 1993 2547 2066 populus
2576 1994 2825 2051 libenter
2854 1993 3223 2067 illum,quasi
3243 1994 3531 2049 viventem
3554 2008 3624 2047 ex
3653 2007 3806 2047 mor-

370 2078 628 2150 ἀσμένως
662 2076 840 2149 αὐτὸν,
892 2076 981 2133 καί
1031 2079 1106 2141 ὡς
1156 2079 1216 2134 ἐκ
1261 2085 1460 2157 νεκρῶν
1519 2086 1711 2154 ζῶντα,
1756 2083 1892 2137 κατά
1920 2082 2042 2159 ὲορ-

2153 2083 2275 2140 tuis
2308 2085 2522 2140 festum
2555 2100 2733 2156 agens
2761 2084 3002 2156 excepit.
3035 2087 3334 2156 Quotquot
3365 2087 3561 2138 autem
3600 2079 3802 2137 Ariani

367 2172 477 2235 τῆς
554 2163 892 2244 φαιδρότητα
951 2165 1273 2239 ὑπεδέξαντο
1307 2213 1319 2227 .
1378 2172 1536 2225 ’Όσον
1596 2168 1654 2225 δὲ
1709 2170 2040 2246 Ἀρειανίζον

2153 2172 2213 2229 in
2246 2173 2389 2229 urbe
2418 2172 2636 2229 residui
2694 2175 2883 2240 erant,
2936 2173 3000 2229 in
3044 2172 3273 2245 Georgii
3322 2169 3518 2227 locum
3557 2169 3801 2227 Lucium

371 2254 430 2311 ἐν
488 2259 557 2330 τῇ
609 2254 773 2311 πόλει
845 2254 1168 2313 ὑπελείπετο
1248 2257 1323 2321 εἷς
1381 2258 1472 2313 τὸν
1541 2260 1817 2335 Γεωργίου
1872 2260 2040 2315 τόπον

2154 2261 2889 2319 constituerunt.Julianus
2909 2278 3045 2319 vero
3077 2262 3295 2335 ubique
3322 2260 3585 2317 locorum
3617 2260 3805 2333 genti-

368 2344 606 2400 Κούκιον
688 2345 1156 2422 προχειρίζονται.
1247 2345 1547 2412 Ἰουλιανὸς
1633 2346 1691 2404 δὲ
1760 2355 2042 2427 πανταχοῦ

2153 2351 2299 2409 lium
2330 2351 2609 2425 mysteria
2638 2351 2903 2409 colebat:
2953 2349 3577 2422 Constantinopolique
3607 2347 3803 2421 palam

372 2429 531 2490 ἔσεϐε
586 2436 656 2489 τά
715 2432 997 2507 Ἑλλήνων
1034 2456 1047 2472 ·
1082 2433 1211 2492 ἔθυε
1267 2434 1325 2492 δέ
1372 2438 1508 2493 κατά
1560 2439 1661 2508 τήν
1712 2446 2045 2495 Κωνσταντι-

367 2521 641 2579 νούπολιν
705 2521 950 2598 δημοσίᾳ
1004 2530 1084 2597 τῷ
1135 2530 1237 2600 τῇς
1284 2526 1473 2603 Τύχης
1520 2526 1847 2604 ἀγάλματι·
1880 2529 2045 2599 ἡνίκα

370 2612 469 2668 καὶ
528 2614 701 2689 Μάρις
753 2615 782 2670 6
827 2612 1180 2685 Χαλκηδόνος
1224 2616 1741 2693 χειραγωγούμενος
1799 2619 1887 2690 (ἦν
1937 2620 2041 2695 γὰρ

376 2701 485 2758 ὑπὸ
512 2707 609 2758 τοῦ
659 2704 847 2779 γήρως
900 2703 1165 2780 ὑπόχυσιν
1214 2701 1358 2782 ἔχων
1405 2704 1458 2762 έν
1505 2712 1620 2769 τοῖς
1671 2706 2040 2785 ὀφθαλμοῖς),

370 2789 568 2847 πολλά
620 2792 713 2847 τὸν
770 2791 1075 2864 ἀποστάτην
1140 2793 1420 2865 ἐκάκιζεν.
1474 2797 1531 2850 Ὀ
1589 2794 1647 2852 δὲ
1698 2795 1904 2875 τυφλὸν
1952 2797 2043 2853 καὶ

371 2881 619 2958 πονηρὸν
667 2879 1142 2959 ἀντελοιδορεῖτο,
1188 2883 1279 2939 καὶ
1329 2885 1407 2948 ὡς
1456 2886 1484 2940 6
1535 2883 1831 2950 Γαλιλαῖος
1877 2886 2044 2943 αὐτοῦ

374 2970 509 3033 Θεὸς
568 2970 629 3025 ού
689 2970 1061 3045 θεραπεύσειεν
1119 2972 1276 3029 αὐτὸν
1312 3017 1327 3044 ,
1382 2973 1759 3045 κατωνείδιζεν
1798 3021 1810 3035 .
1871 2977 1927 3031 Ὀ
1988 2974 2046 3032 δὲ

378 3057 560 3133 Μάρις
594 3078 607 3092 ·
658 3060 829 3116 Τοῦτό
891 3082 958 3134 με
1012 3063 1150 3135 πρὸς
1208 3064 1309 3133 τήν
1373 3063 1633 3139 μεγίστην
1697 3063 2044 3142 εὐχαριστίαν

373 3154 521 3205 κινεῖ
557 3153 656 3205 τοῦ
716 3153 871 3222 Θεοῦ,
932 3149 1017 3206 ὅτι
1079 3173 1148 3225 με
1199 3150 1405 3231 τυφλὸν
1461 3152 1630 3225 ἔθετο,
1686 3153 1779 3211 ’ίνα
1832 3155 1894 3210 τὸ
1952 3156 2042 3211 σὸν

378 3235 591 3302 ἀναιδὲς
646 3237 790 3296 οὕτω
845 3237 915 3295 δι’
962 3236 1209 3305 ἀσεϐείας
1264 3243 1583 3318 ἀμαυρωθὲν
1639 3245 1713 3317 μή
1766 3245 2045 3319 θεάσωμαι

372 3327 695 3405 πρόσωπον.
738 3328 869 3385 Τότε
917 3326 983 3400 δὴ
1033 3329 1159 3385 τόοε
1205 3332 1296 3387 καὶ
1343 3328 1622 3395 Ἰωϐιανὸς
1668 3333 1759 3389 καὶ
1808 3331 2045 3390 Οὐαλεν-

372 3418 611 3481 τινιανὸς
672 3418 726 3473 οἱ
778 3419 916 3491 μετά
964 3424 1134 3475 ταῦτα
1183 3420 1321 3477 κατά
1374 3418 1637 3498 διαδοχὴν
1696 3421 2043 3498 βασιλεύσαν-

374 3527 490 3577 τες,
542 3504 799 3571 λύσαντες
840 3507 1014 3565 αὐτῶν
1060 3510 1156 3572 τὰς
1207 3511 1401 3580 ζώνας,
1448 3515 1529 3583 τῷ
1576 3512 1826 3587 τυράννῳ
1873 3532 2044 3589 προσ-

378 3595 628 3673 έρριψαν,
686 3621 715 3650 ‹‹
759 3599 914 3675 Ἔχε,
966 3595 1242 3674 λέγοντες,
1291 3598 1382 3656 καί
1429 3600 1527 3663 τὰς
1573 3601 1746 3670 ζώνας
1802 3601 1891 3657 καὶ
1947 3602 2043 3664 τὰς

371 3687 575 3760 τιμάς·
631 3710 659 3738 ››
711 3686 757 3742 εἰ
810 3684 999 3764 βούλει
1044 3686 1108 3745 δὲ
1150 3689 1240 3745 καὶ
1288 3686 1568 3761 κολάζειν,
1610 3690 1909 3767 προθύμως
1958 3712 2042 3747 σοι

371 3776 691 3852 παρέχομεν
723 3776 814 3833 καὶ
843 3778 909 3832 τὰ
956 3778 1204 3852 σώματα.
1237 3780 1294 3833 '0
1345 3779 1531 3852 μέντοι
1577 3780 1918 3852 Ἀποστάτης
1950 3781 2041 3836 σὺν

368 3869 490 3927 τοῖς
522 3864 793 3944 ὁμόφροσι
836 3864 1053 3941 βουλὴν
1104 3866 1463 3945 βουλεύονται
1513 3870 1825 3925 Ἀθανάσιον
1877 3868 2044 3925 ἐκπο-

374 3949 485 4008 δὼν
514 3961 764 4026 ποιῆσαι,
812 3954 1191 4030 ἐννοούμενος,
1240 3958 1339 4030 ὡς,
1397 3957 1547 4035 εἴπερ
1596 3961 1631 4028 ἠ
1683 3956 2043 4037 Ἀλεξάνδρου

373 4040 543 4105 πόλις
594 4042 809 4100 ἐκείνου
862 4042 1214 4121 ἀπαλλαγείη
1252 4089 1267 4116 ,
1331 4045 1536 4124 ῥᾳδίως
1605 4047 1735 4112 τούς
1793 4048 1845 4105 έν
1905 4048 2042 4123 αὐτῇ

375 4131 735 4209 Χριστιανοὺς
785 4132 862 4198 εἰς
919 4134 983 4190 τὸ
1039 4134 1237 4192 οἰκεῖον
1303 4135 1618 4211 μεθελκύσει
1678 4132 1994 4212 δυσσέϐημα
2025 4182 2040 4198 .

375 4222 471 4277 Διὸ
526 4220 693 4278 πάλιν
756 4224 1133 4302 συκοφάνται,
1191 4224 1283 4280 καὶ
1340 4224 1507 4281 πάλιν
1568 4227 1897 4302 στρατηγὸς,
1952 4227 2043 4284 καὶ

373 4308 543 4367 πάλιν
588 4312 846 4387 στρατὸς,
893 4312 984 4368 καὶ
1031 4311 1198 4369 πάλιν
1249 4315 1571 4379 Ἄθανάσιος
1620 4315 2039 4391 ἐκζητούμενος,

371 4398 467 4455 καὶ
497 4398 665 4456 πάλιν
697 4402 867 4480 φυγή,
896 4400 995 4457 Καὶ
1040 4408 1143 4472 τῆς
1194 4400 1488 4473 ἐκκλησίας
1538 4401 1765 4479 διαδρὰς
1807 4403 2041 4469 ὁλκάδος

375 4484 644 4545 ἐπιϐαίνει
678 4534 695 4563 ,
750 4490 842 4546 καὶ
899 4489 989 4547 ἐπὶ
1044 4492 1146 4561 τὴν
1202 4486 1453 4562 Θηϐαΐδα
1516 4492 1750 4550 ἰθύνεται
1783 4538 1796 4551 .
1855 4495 1955 4550 Καὶ
2012 4496 2043 4551 6

328 4576 661 4653 ,σατράπης
717 4574 935 4636 ὄπισθεν
990 4578 1349 4639 καταδιώκει·
1413 4584 1503 4638 καὶ
1565 4583 1827 4657 μηνύεται
1880 4588 2043 4640 τοῦτο

374 4668 405 4723 6
465 4666 803 4743 διωκόμενος
837 4690 851 4705 ·
898 4669 995 4726 καὶ
1053 4668 1178 4745 ὄψις
1234 4670 1392 4728 αὐτὸν
1451 4672 1568 4729 θεία
1620 4671 2041 4749 παρακελεύεται

2154 2442 2397 2498 fortuna
2456 2440 2612 2497 idolo
2687 2440 3070 2498 sacriﬁcavit:
3133 2457 3249 2513 quo
3304 2443 3568 2513 tempore
3624 2437 3804 2494 Maris

2152 2529 2537 2589 Chalcedonis
2593 2531 2902 2603 episcopus
2971 2547 3150 2587 manu
3208 2531 3422 2586 ductus
3478 2527 3806 2601 (laborabat

2152 2619 2311 2677 enim
2342 2636 2460 2692 prae
2492 2623 2791 2675 senectute
2823 2617 3125 2675 oculorum
3167 2615 3565 2684 hebetudine),
3597 2612 3804 2671 multis

2154 2713 2481 2781 apostatam
2511 2708 2789 2764 conviciis
2817 2706 3131 2764 lacessivit.
3161 2706 3274 2763 Illa;
3320 2720 3539 2761 caecum
3578 2704 3803 2776 impro-

2154 2799 2415 2872 bumque
2472 2802 2676 2854 contra
2734 2798 3134 2871 nuncupabat,
3164 2795 3589 2869 exprobratqus
3644 2793 3805 2865 quod

2154 2888 2430 2945 Galilaeus
2459 2893 2611 2944 Deus
2644 2904 2759 2943 non
2808 2888 3005 2959 ipsum
3066 2890 3317 2943 curaret.
3348 2884 3451 2941 Cui
3485 2882 3702 2940 Maris:
3734 2883 3805 2939 Et

2154 2979 2283 3035 ideo
2314 2978 2599 3035 maximas
2632 2994 2739 3051 ago
2771 2977 2888 3033 Deo
2945 2977 3185 3050 gratias,
3231 2974 3332 3048 qui
3376 2990 3471 3031 me
3500 2972 3806 3030 excecavit

2155 3084 2229 3124 ne
2258 3067 2661 3141 impudentem
2718 3072 2890 3124 tuum
2947 3072 3005 3122 et
3062 3064 3365 3139 impietate
3420 3064 3801 3120 obscuratum

2153 3156 2387 3214 vultum
2418 3156 2835 3229 conspicerem.
2870 3157 3021 3213 Tum
3050 3172 3184 3212 vero
3211 3152 3496 3226 temporis
3522 3152 3803 3209 Jovianus

2154 3252 2214 3304 et
2241 3246 2707 3311 Valentinianus,
2768 3246 2870 3318 qui
2928 3249 3129 3318 postea
3185 3244 3569 3317 imperarunt,
3613 3241 3808 3298 soluta

2155 3335 2393 3409 cingula
2422 3353 2532 3393 sua
2560 3339 2806 3409 tyranno
2840 3336 3230 3407 projecerunt,
3259 3332 3491 3416 .habeto
3540 3330 3671 3399 tibi,
3723 3331 3807 3386 di-

2154 3429 2373 3497 centes,
2388 3424 2624 3497 cingula
2653 3430 2709 3481 et
2738 3424 2991 3480 honores
3017 3441 3029 3492 ;
3056 3423 3211 3496 quod
3243 3422 3293 3478 si
3324 3420 3467 3476 velis
3498 3437 3702 3493 pcenas
3733 3421 3807 3477 de

2155 3514 2331 3571 nobis
2363 3530 2619 3581 sumere,
2645 3513 2899 3569 libenter
2926 3512 3056 3580 tibi,
3087 3512 3293 3581 (aiunt,
3324 3508 3562 3567 Juliano
3592 3524 3804 3581 appro-

2154 3603 2553 3676 pinquantes),
2614 3619 2857 3676 corpora
2908 3607 3106 3658 nostra
3160 3600 3482 3657 oﬂ'erimus.
3521 3600 3807 3672 Apostata

2152 3710 2287 3750 vero
2319 3709 2454 3749 cum
2484 3691 2625 3749 viris
2657 3708 2858 3747 secum
2889 3689 3281 3747 sentientibus
3312 3687 3595 3745 deliberat
3620 3686 3803 3744 Atha-

2156 3782 2394 3839 nasium
2426 3782 2498 3838 de
2526 3781 2720 3837 medio
2750 3778 2972 3850 tollere,
3004 3783 3192 3847 ratus,
3224 3778 3273 3834 si
3302 3776 3697 3833 Alexandrina
3723 3775 3807 3832 ci-

2152 3873 2303 3929 vitas
2331 3870 2433 3927 illo
2470 3870 2834 3939 liberaretur,
2895 3868 3063 3926 facile
3115 3868 3478 3926 Christianos
3534 3866 3689 3922 cives
3742 3865 3804 3921 in

2153 3977 2325 4018 suam
2344 3959 2767 4032 pertrahendos
2783 3956 3567 4032 impietatem.Quamobrem
3588 3955 3803 4011 iterum

2154 4050 2548 4125 sycophantae,
2583 4049 2793 4106 iterum
2827 4049 2966 4115 dux,
2999 4049 3212 4104 iterum
3244 4046 3554 4112 exercitus,
3586 4044 3804 4101 iterum

2150 4138 2510 4196 Athanasius
2530 4138 2815 4210 quaeritur
2834 4142 2892 4193 et
2916 4136 3324 4210 fugit.Furtim
3346 4136 3544 4207 itaque
3563 4151 3635 4191 ex
3659 4134 3806 4190 urbe

2152 4228 2384 4301 fugiens
2412 4227 2755 4284 conscendit
2785 4228 2845 4284 in
2877 4225 3229 4298 naviculam,
3252 4230 3312 4282 et
3341 4226 3414 4282 ad
3444 4223 3804 4281 Thebaidem

2153 4335 2391 4375 cursum
2423 4317 2727 4373 convertit.
2756 4317 3030 4390 Satrapes
3058 4315 3229 4371 illum
3284 4332 3318 4369 a
3361 4319 3525 4386 tergo
3564 4316 3803 4369 secutus

2152 4407 2427 4479 est,quod
2451 4405 2550 4462 ille
2579 4422 2713 4462 cum
2745 4405 3045 4462 didicisset
3073 4403 3272 4460 divina
3299 4402 3520 4458 visione
3558 4401 3807 4473 jubetur

2152 4512 2395 4553 cursum
2428 4500 2763 4552 convertere
2817 4498 2877 4550 et
2933 4498 3089 4550 retro
3146 4492 3438 4565 navigare.
3471 4490 3633 4556 Quod
3663 4504 3801 4545 cum

2154 4585 2533 4659 prohiberent
2561 4583 2663 4656 qui
2696 4599 2830 4639 cum
2862 4581 2961 4638 illo
2986 4585 3177 4647 erant,
3218 4596 3336 4636 non
3382 4579 3552 4634 modo
3584 4577 3800 4645 verbis,

2154 4676 2257 4732 sed
2289 4675 2467 4731 etiam
2525 4673 2799 4746 lacrymis
2858 4674 3183 4739 monentes,
3244 4684 3317 4725 ne
3361 4684 3425 4724 se
3456 4682 3714 4738 suosque
3741 4664 3802 4721 in

375 4758 721 4835 ἀντιστρέψαι
781 4759 844 4815 τὸ
892 4756 1095 4816 πλοῖον
1127 4805 1146 4834 ,
1195 4759 1287 4816 καὶ
1341 4761 1441 4830 τὴν
1501 4758 1738 4816 ἐναντίαν
1796 4758 2043 4831 πλωίζε-

2153 4767 2424 4837 apertum
2457 4762 2773 4833 conjiceret
2800 4760 3123 4817 interitum.
3147 4758 3447 4815 Confidere
3479 4754 3665 4829 jussit
3692 4754 3803 4811 ho-

373 4847 517 4906 σθαι.
550 4851 666 4917 Τῶν
718 4845 777 4904 δὲ
828 4847 1097 4904 συνόντων
1146 4846 1473 4906 κωλυόντων
1526 4849 1587 4907 ού
1619 4848 1811 4926 λόγοις
1856 4850 2043 4925 μόνον,

376 4932 524 4992 ἀλλὰ
569 4934 661 4993 καῖ
711 4933 961 5015 δάκρυσι,
1006 4935 1145 5012 μηδ’
1196 4939 1275 5003 εἰς
1325 4935 1547 5015 ὄλεθρον
1603 4939 1746 4997 οὕτω
1792 4948 2042 5021 προφανῆ

374 5024 564 5082 ἑαυτόν
622 5047 686 5083 τε
740 5026 1025 5091 κάκείνους
1083 5025 1349 5100 ἐκδοῦναι,
1412 5028 1668 5107 ἑθάῤῥυνέ
1720 5050 1779 5088 τε
1830 5032 1906 5103 μὴ
1958 5028 2043 5087 δε-

374 5111 565 5187 διέναι,
594 5116 689 5174 καὶ
720 5113 1085 5186 ἀνεδίδασκεν,
1131 5117 1209 5181 ὡς
1253 5118 1317 5176 τὸ
1362 5124 1519 5176 Θεῖον
1563 5118 1753 5182 αὐτοῖς
1787 5116 1871 5190 εἷή
1903 5118 2044 5195 σύμ-

379 5224 587 5291 μαχον,
631 5206 718 5279 Ἐξ
760 5206 1115 5286 ὑποστροφῆς
1164 5205 1257 5265 οὖν
1305 5209 1444 5284 πρὸς
1486 5210 1585 5280 τὴν
1636 5206 2041 5285 Ἀλεξάνδρειαν

375 5294 737 5371 ἀναγομένοις
795 5300 1116 5352 συναντῶσιν
1178 5296 1231 5352 οἰ
1289 5294 1579 5361 διώκοντες
1607 5343 1625 5371 ,
1682 5298 1772 5354 καὶ
1837 5296 2043 5374 ἐπερω-

370 5388 559 5455 τῶσιν,
618 5382 677 5443 εἷ’
718 5406 835 5443 που
892 5383 1059 5468 ἴδοιεν
1122 5386 1436 5445 Ἀθανάσιον
1494 5386 1761 5468 φεύγοντα
1791 5431 1807 5449 .
1865 5389 1929 5442 Ol
1984 5385 2046 5445 δὲ

373 5468 681 5547 ἠμείϐοντο
709 5475 802 5532 καὶ
843 5466 975 5532 ἰδεῖν
1023 5474 1204 5551 αὐτὸν,
1252 5476 1347 5532 καὶ
1396 5466 1518 5547 ὡς,
1544 5476 1594 5533 εἴ
1639 5476 2043 5554 ἐπιταχύνειαν,

369 5566 564 5619 τοῦτον
622 5562 1085 5640 καταλήψεσθαι.
1138 5564 1240 5629 Καὶ
1294 5565 1525 5630 τούτους
1585 5567 1680 5641 μὲν
1748 5568 2047 5642 πλανωμέ-

370 5654 501 5715 νους
553 5651 900 5728 ἀπέπεμπον·
954 5652 1107 5711 αύτοῖ
1167 5650 1227 5710 δὶ
1272 5654 1466 5711 θᾶττον
1515 5655 1595 5719 εἷς
1646 5657 1746 5726 τὴν
1796 5654 2046 5727 Ἀλεξάν-

375 5736 511 5816 δρου
542 5742 918 5822 κατήχθησαν.
969 5743 1071 5800 Καὶ
1125 5742 1337 5822 βραχὺν
1388 5742 1586 5823 χρόνον
1638 5741 1967 5825 ἀποκρυϐεὶς
2014 5747 2043 5802 6

2155 4854 2366 4920 mines,
2401 4867 2507 4909 nec
2538 4851 2939 4917 reformidare,
2970 4850 3284 4920 docuitque
3314 4847 3500 4904 Deum
3530 4845 3644 4903 sibi
3673 4844 3804 4917 opi-

2154 4941 2350 5000 tulari.
2385 4941 2832 4999 Revertentibus
2860 4939 3275 4997 Alexandriam
3319 4938 3634 4993 occurrunt
3673 4950 3805 5007 per-

2156 5036 2476 5100 secutores,
2489 5036 2701 5105 rogant
2720 5047 2863 5088 num
2891 5030 3210 5104 fugientem
3224 5024 3610 5084 Athanasium
3623 5023 3806 5080 vidis~

2156 5126 2308 5179 sent.
2343 5121 2719 5194 Respondent
2750 5120 2833 5177 illi
2862 5124 2919 5177 et
2950 5136 3013 5176 se
3028 5118 3327 5189 vidisse,et
3358 5115 3409 5173 si
3438 5117 3808 5171 maturarent

2155 5210 2270 5267 cito
2300 5210 2717 5283 comprehendi
2749 5226 2941 5280 posse.
3000 5208 3097 5266 Sic
3151 5207 3348 5279 itaque
3378 5207 3643 5262 errantes
3671 5200 3805 5259 illos

2155 5300 2533 5357 dimiserunt.
2564 5299 2654 5357 Illi
2684 5303 2883 5355 autem
2922 5297 3038 5354 cito
3095 5294 3505 5353 Alexandriam
3563 5288 3807 5365 appuls-

2154 5392 2314 5447 runt.
2346 5392 2427 5446 Ac
2455 5406 2591 5447 cum
2622 5388 2784 5446 brevi
2812 5394 3074 5460 tempore
3105 5384 3397 5443 latitasset
3421 5380 3804 5448 Athanasius,

2153 5483 2468 5553 postquam
2495 5477 2770 5536 Julianus
2802 5479 3084 5549 Apostata
3140 5474 3297 5549 apud
3357 5473 3562 5529 Persas
3603 5484 3808 5545 pinnas

2153 5568 2435 5638 dedisset,
2464 5571 2595 5624 tum
2654 5566 2753 5623 ille
2815 5564 2997 5622 libere
3049 5581 3115 5621 ac
3170 5562 3534 5620 conﬁdenter
3568 5560 3707 5633 egit,
3737 5574 3808 5617 ac

2154 5656 2473 5717 Salvatoris
2506 5656 2601 5712 sui
2629 5655 2807 5712 fidem
2838 5651 3036 5715 docuit
3065 5657 3122 5709 et
3151 5649 3502 5726 praadicavit.
3532 5647 3808 5707 Julianus

2153 5762 2326 5821 porro
2358 5745 2420 5805 in
2450 5744 2689 5804 Perside
2746 5744 3089 5803 interiectus
3143 5746 3275 5813 est;
3334 5735 3804 5801 alifanum-ad
