4146 6396
302 447 511 498 CCXXII

1710 437 2135 504 PROLEGOM
2145 438 2299 502 ENA
2313 483 2330 502 .

303 568 674 644 transfugam
709 570 945 628 Persam
977 572 1381 641 referentibus,
1413 572 1545 630 aliis
1575 573 1648 630 ad
1696 573 1952 647 aliquem

2079 573 2366 646 lmémoc,
2427 570 2724 630 Ἰουλιανοῦ
2778 577 2876 629 τοῦ
2933 571 3270 629 ’Δποστάτου
3327 572 3428 642 τήν
3475 568 3630 643 δίκην
3674 568 3724 630 ἐν

304 674 375 715 ex
405 657 714 716 militibus.
746 663 884 728 Quae
911 679 1042 719 vero
1088 662 1476 736 plurimorum
1525 669 1635 732 est,
1668 670 1725 720 et
1755 664 1955 721 verisi-

307 747 504 804 milior
524 749 915 822 opinio,docet
946 769 1079 808 eum
1104 753 1387 808 divinitus
1411 753 1574 810 illata
1605 770 1743 810 nece
1765 753 1955 809 subla-

307 841 437 892 tum
471 839 670 895 fuisse.
705 839 896 896 Vitam
930 841 1108 913 igitur
1137 843 1281 898 obiit
1311 860 1445 899 cum
1479 861 1664 899 annos
1721 843 1960 899 vixisset

306 926 551 999 triginta
584 931 640 983 et
697 946 902 996 unum,
960 931 1234 988 vicesimo
1291 931 1424 988 initi
1473 933 1703 1006 imperii
1736 949 1958 999 mense,

310 1015 756 1089 Romanumque
802 1017 1118 1092 imperium
1177 1021 1358 1078 totius
1416 1023 1705 1078 exercitus
1736 1021 1959 1077 calculo

308 1105 521 1177 excipit
547 1106 848 1170 Jovianus,
879 1110 1047 1180 cuius
1071 1110 1246 1181 paulo
1269 1117 1403 1167 ante
1435 1111 1958 1167 meminimus.Sed

307 1194 405 1251 ille
435 1212 568 1251 cum
601 1201 730 1252 octo
761 1202 994 1254 tantum
1048 1217 1279 1256 menses
1324 1201 1638 1273 imperium
1672 1201 1961 1257 tenuisset

305 1283 366 1340 in
397 1283 662 1358 Bithynia
695 1286 860 1342 obiit.
893 1288 1031 1344 Post
1059 1288 1226 1345 illum
1258 1297 1458 1346 autem
1487 1290 1956 1362 Valentinianus,

305 1375 412 1441 vir,
445 1378 511 1429 ut
540 1375 813 1432 decessor
841 1375 1022 1444 illius,
1055 1379 1324 1436 veritatis
1384 1386 1806 1453 propugnator,
1845 1381 1955 1435 Ro-

309 1462 589 1535 manique
608 1465 823 1536 sceptri
846 1471 1174 1523 consortem
1200 1470 1380 1540 (quod
1407 1470 1632 1525 utinam
1656 1486 1960 1542 nunquam

309 1554 555 1625 factum)
587 1555 848 1610 admittit
877 1555 1181 1614 Valentem
1214 1558 1472 1614 fratrem.
1508 1563 1767 1632 Cumque
1803 1576 1963 1614 men-

310 1659 436 1699 sem
471 1660 653 1698 unum
686 1645 1188 1718 Constantinopoli
1218 1648 1493 1720 degisset,
1516 1649 1737 1704 Valenti
1762 1648 1962 1704 Orien-

312 1736 450 1798 tem,
487 1731 716 1803 sibique
747 1733 1075 1791 Occidentis
1107 1735 1422 1807 imperium
1454 1737 1791 1793 reservavit.

2067 663 2298 738 Πέρσαις
2357 663 2766 736 ἀπαιτηθέντος,
2829 661 3261 740 έπαρῥῃσιάσατό
3316 683 3415 736 τε,
3478 663 3568 718 καὶ
3624 665 3724 732 τήν

2064 756 2161 808 τοῦ
2218 753 2514 816 σεσωκότος
2574 751 2752 807 πίστιν
2807 749 3133 827 ἐδογμάτιζε
3187 752 3278 806 καὶ
3329 752 3681 825 ἀνεκήρυττεν
3711 795 3724 809 .

2069 839 2244 898 Ἀλλά
2285 844 2388 917 γὰρ
2443 840 2738 904 Ἰουλιανὸς
2789 844 2881 914 μὲν
2936 841 2987 897 έν
3052 839 3271 918 Περσίδι
3316 841 3568 917 ἀνῃρέθη,
3617 847 3724 895 τῶν

2071 932 2164 1004 μὶν
2213 931 2289 992 εἰς
2340 931 2550 1005 Πέρσην
2596 933 2714 985 τινα
2762 936 2870 986 τῶν
2930 928 3256 1004 αὐτομόλων
3303 932 3403 1000 τήν
3456 929 3725 1006 ἀναίρεσιν

2069 1020 2460 1098 ἀναφερόντων,
2491 1025 2598 1075 τῶν
2633 1017 2690 1075 δὲ
2721 1020 2796 1082 εἷς
2826 1021 2948 1075 τινὰ
2988 1024 3098 1075 τῶν
3150 1017 3428 1076 ὑποτελῶν
3461 1040 3729 1095 στρατιω-

2066 1115 2196 1167 τῶν.
2230 1112 2285 1163 Ὀ
2337 1108 2394 1164 δὲ
2442 1109 2618 1172 πολὺς
2649 1111 2739 1164 καὶ
2769 1117 2871 1179 τῆς
2921 1107 3180 1180 ἀληθείας
3212 1107 3504 1184 ἐγγύτερος
3536 1106 3728 1183 λόγος,

2068 1196 2332 1269 θεήλατον
2381 1197 2540 1253 αὐτὸν
2599 1198 2894 1267 ὑποστῆναι
2942 1199 3042 1266 τήν
3094 1198 3341 1275 σφαγὴν,
3403 1194 3728 1252 ἐκδιδάσκει.

2068 1287 2428 1365 Καταστρέφει
2487 1291 2616 1362 γοῦν
2671 1287 2762 1341 τὸν
2827 1286 2944 1362 βίον
3000 1286 3056 1341 ἓν
3111 1285 3201 1341 καὶ
3246 1287 3567 1362 τριακοστὸν
3617 1283 3732 1340 δια-

2069 1372 2221 1438 ϐιοὺς
2283 1375 2424 1442 ἔτος,
2480 1377 2532 1431 ἐν
2584 1374 2642 1432 δὲ
2693 1381 2763 1449 τῇ
2827 1375 3079 1450 βασιλείᾳ
3141 1383 3317 1449 μῆνας
3380 1372 3570 1433 εἷόιοσι.
3629 1375 3731 1429 Καὶ

2069 1463 2377 1543 διαδέχεται
2406 1468 2504 1534 τήν
2546 1467 2858 1539 Ῥωμαϊκήν
2916 1463 3193 1541 βασιλείαν
3244 1466 3413 1542 ψήφῳ
3459 1469 3556 1518 τοῦ
3599 1485 3731 1518 παν-

2065 1557 2157 1618 τὸς
2208 1555 2608 1632 στρατεύματος
2657 1550 2957 1627 Ἰωϐιανὸς,
3012 1555 3074 1608 οὗ
3104 1554 3192 1608 καὶ
3243 1555 3467 1627 μνήμην
3501 1556 3528 1608 6
3561 1553 3730 1628 λόγος

2069 1639 2223 1720 ἔσχεν
2273 1643 2593 1720 ἔμπροσθεν.
2648 1643 2804 1699 Ἀλλ’
2863 1642 3043 1711 οὗτος,
3107 1643 3251 1698 ὀκτὼ
3315 1649 3488 1715 μῆνας
3535 1643 3731 1715 μόνους

2070 1734 2120 1789 ἐν
2171 1739 2239 1808 τῇ
2297 1732 2546 1808 βασιλείᾳ
2595 1731 2900 1804 διαρκέσας,
2947 1734 3083 1787 κατά
3141 1731 3381 1787 Βιθυνίαν
3442 1730 3734 1787 ἀπολείπει

310 1819 379 1874 τά
431 1820 893 1894 ἀνθρώπινα.Μετ’
952 1821 1151 1878 ἐκεῖνον
1212 1821 1268 1879 δὲ
1324 1823 1787 1892 Οὐαλεντινιανὸς,
1848 1825 2006 1900 ἀνὴρ,
2067 1822 2247 1897 ὥσπερ
2308 1825 2335 1878 6
2395 1823 2500 1899 πρὸ
2557 1822 2743 1891 αὐτοῦ,
2794 1829 2896 1890 τῆς
2939 1816 3211 1883 εὐσεϐείας
3255 1821 3598 1896 ὑπέρμαχος·
3640 1821 3734 1875 καὶ

315 1903 583 1981 λαμϐάνει
651 1911 910 1965 κοινωνὸν
979 1913 1077 1986 (ὡς
1118 1911 1224 1968 εἷ’θε
1295 1916 1368 1986 μή
1439 1911 1686 1992 ὤφελεί)
1723 1919 1829 1970 τῶν
1895 1915 2215 1985 Ῥωμαϊκῶν
2288 1914 2579 1988 σκήπτρων
2645 1908 2916 1966 Οὐάλεντα
2966 1912 3056 1966 τὸν
3118 1907 3372 1987 ἀδελφόν.
3417 1909 3514 1964 Καὶ
3583 1917 3731 1982 μῆνα

313 1996 535 2070 ἡμερῶν
578 1995 630 2052 ἐν
673 1999 1232 2057 Κωνσταντινουπόλει
1271 1999 1578 2080 διατρίψας,
1621 2003 1864 2082 ἀφορίζει
1911 2001 2006 2075 μὶν
2048 1999 2310 2055 Οὐάλεντι
2347 2002 2445 2069 τήν
2487 1996 2811 2070 Ἀνατολὴν,
2852 1998 2998 2070 αὑτῷ
3037 1995 3095 2053 δὲ
3135 1996 3312 2052 λείπει
3359 2003 3460 2067 τῆς
3521 1997 3733 2059 Δύσεως

314 2085 412 2154 τήν
445 2086 590 2163 ἀρχή
599 2110 648 2144 ν.

387 2178 472 2232 14.
507 2177 651 2234 Cum
684 2178 742 2235 in
775 2179 1147 2238 Occidentem
1180 2185 1476 2256 profectus
1501 2189 1677 2255 esset,
1718 2184 1817 2257 qui
1850 2183 1965 2239 fra-

2148 2181 2231 2237 14.
2267 2177 2415 2233 Ἐπεὶ
2465 2173 2523 2231 δὲ
2567 2175 2723 2238 οὗτος
2775 2175 2849 2238 εἷς
2893 2173 3049 2231 Δύσιν
3110 2175 3352 2246 ἀπῆρεν,
3411 2176 3440 2230 6
3501 2170 3734 2248 ὀδελφὸς

313 2269 404 2322 ter
431 2267 560 2337 ejus
591 2271 716 2324 erat
747 2269 1039 2339 uterinus,
1071 2272 1172 2327 sed
1208 2273 1451 2329 minime
1483 2274 1677 2344 frater,
1711 2272 1829 2328 imo
1870 2273 1967 2328 ad-

311 2355 626 2426 versarius,
661 2357 837 2414 ﬁdem
868 2359 1023 2430 quod
1073 2362 1393 2433 spectabat,
1426 2361 1647 2419 bellum
1686 2361 1965 2434 implaca-

314 2443 429 2500 bile
461 2445 743 2503 adversus
774 2447 1111 2518 Ecclesiam,
1138 2467 1242 2507 seu
1272 2452 1552 2508 adversus
1579 2451 1965 2508 orthodoxam

315 2533 491 2590 fidem
522 2534 851 2591 concitavit.
883 2542 963 2594 Ac
1013 2539 1202 2610 primo
1261 2541 1503 2613 quidem
1551 2541 1965 2597 admirandum

319 2621 618 2678 Meletium
649 2640 684 2679 a
712 2624 944 2682 Juliano
975 2633 1331 2696 revocatum,
1363 2647 1431 2686 ac
1470 2629 1705 2702 proprio
1756 2629 1966 2685 throno

318 2710 685 2778 restitutum,
721 2713 779 2770 in
812 2714 1086 2772 exsilium
1117 2719 1406 2791 ablegavit
1437 2736 1570 2775 cum
1600 2719 1803 2775 multis
1833 2718 1968 2776 aliis

319 2799 612 2873 episcopis
642 2805 699 2856 et
722 2817 791 2857 ex
815 2802 968 2860 clero
993 2807 1322 2878 praecipuis.
1343 2807 1563 2864 Deinde
1592 2808 1766 2864 etiam
1797 2809 1968 2881 Egy-

320 2892 488 2960 ptum
521 2891 846 2963 perturbat,
880 2909 946 2948 ac
972 2894 1290 2951 seditiones
1320 2897 1732 2970 tumultusque
1761 2913 1968 2970 prace-

321 2977 600 3035 dentibus
625 2980 920 3052 graviores
973 2982 1382 3041 Alexandriam
1437 2985 1798 3043 invaserunt.
1851 2987 1968 3042 Me-

320 3071 496 3124 tuens
526 3084 698 3140 porro
727 3069 814 3125 vir
843 3070 965 3141 Dei,
990 3089 1062 3128 ne
1091 3073 1151 3129 in
1182 3090 1361 3131 causa
1387 3074 1512 3148 ipse
1541 3080 1697 3132 esset
1725 3075 1968 3148 popula-

321 3156 404 3213 ris
432 3157 745 3228 tumultus,
779 3163 931 3217 totos
962 3166 1216 3233 quatuor
1246 3180 1478 3222 menses
1509 3165 1567 3220 in
1600 3171 1841 3238 paterno
1870 3166 1969 3221 de-

321 3244 485 3302 lituit
514 3246 803 3319 sepulcro.
838 3249 1121 3307 Tatianus
1155 3256 1353 3310 autem
1380 3254 1708 3326 praefectus,
1735 3254 1835 3327 qui
1867 3271 1971 3310 caa-

320 3333 496 3391 dibus
525 3335 836 3410 Egyptum
869 3338 1465 3409 afflixerat,divinitus
1496 3344 1742 3400 caedium
1772 3349 1830 3400 et
1859 3344 1968 3400 im-

321 3423 558 3496 pietatis
579 3442 782 3498 pmnas
802 3428 979 3484 dedit.
995 3430 1142 3486 Nam
1168 3431 1458 3504 dignitate
1483 3434 1656 3505 juxta
1684 3437 1741 3488 et
1769 3433 1972 3490 multis

317 3511 898 3622 divitiis‘exciditﬁta.
913 3523 978 3574 ut
996 3519 1212 3620 stipem
1243 3520 1369 3589 ipse
1398 3529 1646 3595 cogeret,
1688 3527 1747 3578 et
1787 3521 1968 3578 amis-
2001 3555 2044 3622 C

322 3601 405 3658 sis
434 3602 639 3675 oculis,
671 3605 791 3661 vita
821 3605 1149 3664 miserrime
1200 3614 1259 3666 et
1303 3611 1553 3683 turpiter
1590 3612 1828 3668 functus
1859 3615 1965 3667 est.

323 3693 467 3747 Cum
499 3696 696 3748 autem
727 3695 908 3750 tantis
930 3697 1187 3755 motibus
1209 3699 1409 3755 omnia
1429 3699 1970 3771 fluctuarent,terraa

327 3784 526 3837 motus
556 3783 893 3853 supervenit
922 3786 1186 3842 omnium
1220 3788 1321 3860 qui
1353 3793 1506 3844 retro
1537 3789 1770 3845 fuerant
1801 3789 1974 3861 longe

325 3867 747 3941 maximus,qui
773 3873 989 3930 multas
1011 3876 1215 3932 evertit
1239 3877 1449 3933 urbes:
1481 3882 1755 3951 totasque
1772 3879 1972 3934 decem

325 3958 387 4013 in
418 3958 588 4015 Creta
617 3961 791 4017 urbes
824 3961 948 4018 solo
988 3965 1258 4036 aequavit.
1313 3971 1458 4022 Tum
1518 3984 1677 4024 mare
1708 3968 1975 4040 proprios

327 4048 612 4105 excedens
641 4050 945 4122 terminos,
987 4053 1233 4110 multam
1290 4056 1685 4113 continentem
1726 4057 1980 4113 reddidit

328 4153 544 4194 novum
578 4155 758 4206 mare,
791 4141 1040 4197 multam
1072 4142 1210 4199 item
1242 4149 1458 4201 terram
1489 4151 1623 4202 ante
1653 4163 1808 4219 aqua
1845 4163 1976 4202 coo-

330 4231 559 4299 pertam
590 4232 782 4286 aratro
814 4231 1082 4304 subjecit.
1120 4234 1230 4289 Sed
1264 4234 1408 4290 nihil
1439 4251 1642 4292 eorum
1674 4235 1978 4292 Valentem

333 4317 405 4373 ad
438 4317 652 4374 bonam
685 4319 913 4392 frugem
945 4322 1192 4379 reduxit.
1226 4329 1370 4380 Cum
1419 4341 1591 4398 porro
1647 4325 1982 4381 Alexandri-

333 4423 446 4463 nus
476 4407 752 4480 populus,
785 4410 1076 4468 desiderio
1131 4414 1385 4486 pastoris
1443 4415 1536 4470 sui
1587 4414 1979 4470 tumultuare-

333 4499 450 4569 tur,
483 4514 546 4554 se
576 4499 798 4557 scilicet
828 4518 1003 4558 naves
1032 4501 1294 4560 vehendo
1325 4503 1621 4560 frumento
1651 4506 1979 4576 deputatas,

335 4585 571 4658 publica
599 4587 738 4644 item
797 4589 1006 4647 horrea
1064 4593 1499 4661 combusturos,
1533 4594 1646 4650 nisi
1687 4594 1981 4650 doctorem

335 4675 658 4749 reciperent
685 4695 884 4736 suum.
918 4680 1021 4737 His
1053 4683 1270 4739 auditis
1313 4683 1532 4756 impius
1562 4682 1798 4746 Valens,
1829 4682 1983 4739 litte-

335 4763 418 4820 ris
448 4765 574 4822 suis
604 4767 920 4826 Athanasio
949 4769 1236 4844 integram
1267 4772 1370 4828 dat
1400 4771 1750 4840 libertatem,
1785 4776 1850 4828 ut
1878 4773 1984 4828 Ec-

336 4851 546 4910 clesiae
578 4855 1038 4915 administraret.
1061 4859 1206 4916 Cum
1238 4865 1435 4917 autem
1466 4862 1834 4918 Antiochiam
1859 4879 1985 4934 per-

2079 2267 2173 2340 μὶν
2228 2271 2346 2328 ταῖς
2392 2270 2693 2341 μητρικαῖς-
2742 2261 2953 2334 ὠδῖσιν,
3008 2263 3107 2318 οὐκ
3162 2259 3397 2341 ἀδελφὸς
3452 2259 3530 2330 δὲ,
3591 2259 3738 2316 ἀλλά

2073 2357 2163 2412 καὶ
2223 2353 2515 2417 ἀντίπαλος
2562 2357 2662 2423 τὴν
2712 2353 2916 2420 πίστιν,
2974 2351 3221 2426 πόλεμον
3277 2349 3544 2408 ἄσπονδον
3599 2352 3737 2406 κατά

2073 2452 2175 2516 τῆς
2236 2442 2584 2516 Ἐκκλησίας,
2643 2440 2816 2518 ἤγουν
2861 2449 2963 2512 τῆς
3027 2439 3366 2517 ὀρθοδοξίας,
3419 2446 3574 2496 κινεῖ.
3635 2439 3735 2494 Καὶ

2073 2538 2288 2608 πρῶτον
2344 2535 2438 2607 μὲν
2476 2533 2566 2589 τὸν
2613 2533 2918 2606 θαυμαστὸν
2966 2531 3228 2588 Μελέτιον
3279 2531 3380 2587 ὑπὸ
3430 2528 3736 2586 Ἰουλιανοϋ

2076 2621 2477 2694 ἀνακληθέντα,
2535 2621 2624 2677 καὶ
2682 2622 2772 2676 τὸν
2831 2621 3031 2676 οἷ’κεῖον
3089 2618 3435 2698 ἀπειληφότα
3490 2619 3679 2692 θρόνον
3718 2663 3737 2686 ,

2078 2712 2387 2789 ὑπερορίζει
2449 2714 2584 2786 μετά
2637 2709 2729 2766 καί
2786 2708 3013 2766 πολλῶν
3074 2709 3260 2766 ἄλλων
3318 2709 3620 2786 ἀρχιερέων
3677 2728 3738 2763 τε

2074 2801 2167 2858 καὶ
2195 2806 2302 2857 τῶν
2336 2801 2387 2856 ἐν
2438 2799 2635 2875 κλήρῳ
2684 2797 2958 2875 λογάδων.
3011 2797 3196 2855 ἔπειτα
3249 2797 3306 2854 δὲ
3354 2799 3444 2853 καὶ
3491 2800 3590 2867 τὴν
3638 2795 3738 2853 Αἴ-

2076 2912 2280 2967 γυπτον
2341 2889 2687 2967 έκταράσσει,
2744 2889 2834 2944 καὶ
2886 2887 3094 2952 στάσεις
3143 2889 3235 2944 καὶ
3285 2882 3509 2961 θόρυϐοι
3569 2884 3742 2962 χαλε-

2075 2983 2311 3054 πώτεροι
2363 2984 2472 3034 τῶν
2544 2979 2853 3058 φθασάντων
2903 2975 3126 3034 διέσειον
3179 2979 3278 3048 τήν
3336 2973 3733 3051 Ἀλεξανδρέων

2076 3069 2262 3128 πόλιν.
2324 3067 2526 3131 Δεδιὼς
2585 3066 2642 3124 δὲ
2673 3069 2702 3123 6
2732 3066 3064 3139 θεόληπτος,
3126 3069 3200 3142 μὴ
3253 3066 3356 3144 ἄρα
3406 3073 3506 3135 τῆς
3555 3063 3606 3119 ἐν
3655 3068 3736 3136 τῷ

2077 3159 2277 3230 πλήθει
2327 3159 2564 3220 στάσεως
2619 3155 2779 3220 αὐτὸς
2825 3158 2926 3227 τὴν
2979 3156 3154 3212 αἰτίαν
3207 3151 3419 3224 λάϐοι,
3476 3155 3740 3227 τέσσαρας

2079 3248 2242 3312 ὅλους
2300 3255 2474 3322 μῆνας
2525 3247 2708 3305 ἑαυτὸν
2764 3245 2814 3301 έν
2870 3247 3113 3323 πατρῴῳ
3157 3246 3314 3323 τάφῳ
3353 3241 3739 3320 κατακρύπτει.

2078 3345 2131 3393 Ὀ
2163 3336 2221 3394 δὲ
2247 3338 2375 3400 τοὺς
2420 3337 2557 3392 κατά
2599 3337 2699 3406 τὴν
2745 3333 3021 3412 Δῗγυπτον
3070 3334 3266 3414 φόνους
3303 3332 3738 3406 παλαμώμενος,

2078 3429 2337 3491 Τατιανὸς
2367 3428 2434 3498 ἦν
2485 3428 2513 3482 ὁ
2555 3425 2758 3496 ταύτης
2809 3421 3076 3502 ἔπαρχος,
3124 3425 3181 3480 ’ὀν
3231 3426 3266 3493 ή
3316 3421 3434 3478 θεία
3482 3421 3606 3492 δίκη
3649 3421 3741 3476 καὶ

2077 3527 2179 3589 τῆς
2225 3516 2534 3596 μιαιφονίας
2581 3515 2672 3571 καὶ
2717 3522 2818 3584 τῆς
2870 3509 3180 3576 δυσσεϐείας
3235 3515 3423 3568 θᾶττον
3482 3512 3737 3585 μετῆλθε’

2079 3613 2176 3663 τοῦ
2230 3628 2290 3663 τε
2348 3608 2451 3682 γάρ
2512 3605 2820 3679 ἀξιώματος
2875 3603 2966 3659 καὶ
3022 3606 3130 3658 τῶν
3206 3599 3432 3656 πολλῶν
3497 3600 3744 3656 ἐκπίπτει

2082 3698 2409 3774 χρημάτων,
2440 3695 2530 3751 καὶ
2561 3701 2661 3764 τῆς
2706 3700 2917 3772 τροφῆς
2968 3691 3136 3763 αὐτῆς
3184 3690 3413 3761 έπαίτης
3451 3690 3538 3759 ἦν.
3572 3687 3747 3747 Ἀλλά

2081 3787 2328 3848 καὶτοὺς
2365 3782 2682 3862 ὀφθαλμοὺς
2729 3778 3048 3851 ἀποϐαλὼν,
3095 3781 3187 3836 τὸν
3239 3780 3355 3855 βίον
3391 3777 3657 3855 ἀλγεινῶς
3687 3798 3747 3832 τε

2081 3874 2172 3930 καὶ
2212 3875 2459 3950 αἰσχρῶς
2507 3873 2860 3952 καταστρέφει
2894 3915 2906 3928 .
2953 3872 3041 3926 Ἐν
3090 3869 3308 3931 τούτοις
3363 3865 3440 3942 δὲ,
3486 3887 3747 3941 κυμαινο-

2090 3966 2263 4039 μένων
2317 3968 2424 4018 τῶν
2481 3960 2651 4030 ὅλων,
2699 3960 2938 4033 σκηπτὸς
2995 3959 3318 4030 ἐπισκήπτει
3365 3961 3474 4012 τῶν
3523 3957 3748 4011 πώποτε

2084 4052 2466 4130 γεγενημένων
2518 4053 2546 4106 6
2601 4051 2877 4125 μέγιστος,
2918 4048 3008 4105 καὶ
3065 4045 3282 4110 πολλάς
3344 4044 3580 4124 έδαφίζει
3636 4049 3745 4100 τῶν

2085 4141 2322 4197 πόλεων’
2387 4141 2516 4216 ἀτάρ
2576 4137 2641 4209 δὴ
2692 4140 2782 4194 καὶ
2820 4145 2922 4209 τῆς
2963 4140 3183 4214 Κρήτης
3233 4136 3332 4199 τὰς
3380 4133 3509 4191 δέκα
3554 4133 3749 4198 πόλεις

2085 4230 2467 4308 κατηρείπωσε
2499 4248 2513 4262 ·
2567 4229 2657 4284 καὶ
2728 4231 2763 4298 ἠ
2829 4226 3071 4283 θάλασσα
3109 4271 3127 4299 ,
3184 4229 3292 4280 τῶν
3372 4223 3524 4280 ἰδίων
3603 4222 3746 4300 ὅρων

2091 4320 2474 4396 ὑπερχυθεῖσα,
2523 4316 2742 4388 πολλὴν
2797 4317 2890 4392 μὲν
2939 4324 3041 4386 τῆς
3080 4315 3312 4390 ἠπείρου
3353 4314 3746 4387 ἀποτεμομένη

2089 4409 2361 4466 θάλασσαν
2420 4408 2536 4464 νέαν
2599 4403 2790 4479 ἔδειξε,
2853 4403 3072 4475 πολλὴν
3133 4403 3190 4460 δὲ
3243 4410 3346 4473 τῆς
3406 4398 3749 4479 ὖποϐρυχίου

2093 4498 2310 4577 ἀρότρῳ
2371 4499 2663 4568 ὑπέθηκεν.
2723 4494 2882 4553 Ἀλλ’
2939 4491 3097 4551 οὐδὲν
3158 4493 3364 4549 τούτων
3421 4491 3752 4572 ἐσωφρόνισε

2089 4588 2180 4644 τὸν
2212 4585 2503 4644 Οὐάλεντα.
2536 4587 2686 4642 Ἐπεὶ
2738 4584 2794 4640 δῖε
2841 4585 2870 4639 6
2919 4579 3316 4657 ’Δλεξανδρέων
3369 4578 3550 4655 δῆμος
3597 4579 3751 4652 πόθῳ

2091 4679 2180 4734 καὶ
2231 4678 2408 4733 πίστει
2477 4681 2576 4731 τοῦ
2649 4675 2912 4748 ποιμένος
2990 4671 3265 4741 ἐστασίαζέ
3317 4691 3376 4726 τε
3430 4670 3520 4726 καὶ
3578 4670 3755 4725 πάντα

2091 4767 2309 4843 πράξειν
2376 4763 2619 4836 ἠπείλει,
2658 4761 2747 4818 καί
2803 4765 2871 4819 τά
2907 4783 2966 4817 τε
3004 4761 3205 4837 σιτηγά
3239 4763 3347 4814 τῶν
3385 4757 3621 4829 πλοίων,
3661 4756 3752 4813 καί

2095 4856 2289 4919 αὐτοὺς
2326 4855 2454 4918 τοὺς
2496 4852 2798 4928 δημοσίους
2859 4846 3252 4923 σιτοϐολῶνας,
3310 4849 3357 4905 εί
3418 4850 3493 4922 μὴ
3535 4849 3625 4904 τὸν
3668 4844 3752 4904 δι-

334 4943 596 5001 facturus
654 4950 830 5015 esset,
892 4947 1032 5020 quia
1085 4948 1382 5007 Eudoxius
1439 4950 1651 5007 Christi
1687 4930 1971 5018 inimicus,

2094 4944 2361 5003 δάσκαλον
2403 4943 2803 5018 ἀπολήψοιντο,
2844 4939 2976 5019 πυρῖ
3025 4937 3355 5016 παραδοῦναι
3405 4937 3753 4993 διετείνοντοο

332 5037 650 5107 postquam
683 5036 1082 5093 novemdecim
1115 5039 1286 5094 annis
1316 5039 1594 5096 adversus
1633 5040 1986 5097 orthodoxos

336 5123 707 5196 implacabile
737 5124 957 5182 bellum
987 5127 1291 5198 gessisset,
1323 5129 1642 5186 exstinctus
1675 5129 1985 5196 fuerat,Ni-

336 5213 612 5269 comediae
635 5213 1679 5290 substitit.ArianiqueDemophilum
1693 5218 1988 5274 ordinant.-

338 5302 438 5370 qui
497 5312 693 5360 autem
771 5305 1445 5363 consubstantialitatem
1524 5313 1986 5380 propugnarent,

2092 5034 2256 5114 γνοὺς
2295 5038 2462 5091 ταῦτα
2518 5035 2546 5089 ὁ
2587 5026 2851 5101 δυσσεϐὴς
2931 5027 3150 5098 Οὐάλης
3182 5076 3199 5103 ,
3268 5025 3357 5084 διὰ
3413 5027 3755 5105 γραμμάτων

2097 5123 2318 5180 δίδωσιν
2390 5122 2687 5196 ’Δθανασίῳ
2767 5126 2938 5177 πᾶσαν
3005 5117 3183 5175 ἄδειαν
3259 5119 3356 5180 τὰς
3425 5114 3754 5186 Ἐκκλησίας

2098 5213 2316 5270 ίθύνειν.
2379 5213 2643 5291 Ἑξορμᾷν
2689 5207 2748 5266 δὲ
2803 5207 3026 5284 μέλλων
3086 5207 3163 5271 είς
3224 5205 3580 5285 Ἀντιόχειαν,
3641 5204 3757 5262 ἐπεὶ

2096 5301 2354 5374 Εὐδόξιος
2413 5304 2441 5357 6
2511 5300 2893 5378 μισόχριστος,
2936 5295 3146 5355 δώδεκα
3201 5299 3277 5372 (α)
3327 5297 3417 5353 καὶ
3475 5295 3621 5352 ἐννέα
3659 5291 3754 5369 ἔτη

338 5391 651 5464 Evagrium
683 5394 1021 5464 quemdam,
1047 5396 1140 5450 cui
1171 5396 1378 5452 beatus
1399 5396 1747 5453 Eustathius
1779 5413 1971 5453 manu:

2096 5394 2234 5450 κατά
2297 5396 2406 5447 τῶν
2467 5385 2697 5446 εὐσεϐῶν
2763 5386 3024 5445 ἄσπονδον
3089 5384 3336 5462 πόλεμον
3423 5380 3704 5442 ἀναλαϐὼν
3740 5431 3756 5458 ,

339 5480 718 5552 imposuerat.
751 5483 860 5550 Qui
916 5483 1259 5541 Eustathius
1310 5501 1446 5542 cum
1505 5490 1641 5542 ante
1694 5485 1991 5543 Meletium

337 5568 764 5627 Antiochenam
792 5578 1018 5645 regeret
1074 5573 1414 5645 Ecclesiam,
1446 5575 1520 5632 ab
1575 5574 1810 5634 Arianis
1848 5575 1993 5632 insi-

411 5733 491 5808 (a)
519 5731 561 5792 l.
593 5726 740 5789 δέκα.

2101 5482 2406 5562 ἀπεφθάρη,
2472 5487 2575 5550 τῆς
2641 5476 2956 5555 ὁδοιπορίας
3021 5479 3158 5534 κατά
3221 5478 3320 5548 τήν
3380 5473 3756 5551 Νικομήδειαν

2103 5571 2395 5650 ἐπεσχέθη.
2428 5571 2529 5627 Καὶ
2589 5569 2642 5626 οἱ
2697 5569 2793 5643 μὲν
2832 5567 2884 5641 ἐξ
2932 5567 3147 5647 Ἀρείου
3200 5564 3521 5647 Δημόφιλον
3571 5585 3760 5644 χειρο-
