4146 6402
1181 482 1371 549 VITA
1415 481 1484 544 S.
1531 471 1963 542 ATHANASII
2005 469 2114 534 EX
2157 454 2771 530 METAPHRASTE.

1658 603 1925 682 Εὐάγριόν
1959 609 2006 675 Α
2043 601 2303 658 mulatus
2335 598 2545 663 fuerat,
2577 595 2752 662 atque
2781 581 2989 643 exsilio
3020 576 3326 637 revocatus
3357 586 3426 627 ex
3457 566 3688 623 decreto

2718 679 2726 682 ’
2893 673 2929 682 “·
2967 672 2982 682 “
3098 668 3113 682 ι
3178 669 3189 682 ι
3255 659 3477 682 τ-Α-Ξ--ι-
3508 653 3688 682 ξηειηι-

264 627 528 682 τονοῦσιν·
585 622 639 678 οἱ
670 617 729 678 δὲ
774 621 836 678 τὸ
885 617 1175 694 ὁμοούσιον
1227 608 1613 692 πρεσϐεύοντες

266 737 385 772 τινα
410 718 509 770 τοῦ
546 711 815 789 μακαρίου
865 707 1161 765 Εὐσταθίου
1213 707 1312 775 τὴν
1359 698 1766 774 τελεσιουργίαν
1808 714 1929 771 χει-

272 805 587 884 ρισαμένου,
620 803 680 864 ’ὸς
734 801 839 876 πρὸ
888 797 1154 855 Μελετίοι)
1185 797 1282 865 τήν
1336 790 1664 866 Ἀντιυχέων
1699 782 1932 852 Ἐκκλη-

273 897 386 950 σίαν
443 891 752 966 ποιμαίνων
813 891 889 964 (a)
949 888 1052 943 ὑπὸ
1115 890 1222 940 τῶν
1301 885 1590 957 Ἀρειανῶν
1660 895 1936 933 συνεσκεύ-

273 986 406 1052 άσθη
445 1028 458 1053 ,
517 981 608 1037 καὶ
665 987 766 1049 τῆς
816 975 1108 1054 ὑπερορίας
1165 973 1474 1052 ψηφίσματι
1527 973 1624 1025 τοῦ
1681 960 1933 1026 εὐσεϐοῦς

271 1068 554 1160 ξΙωϐιανοῦ
613 1053 960 1139 ἀνακληθεὶς,
1017 1066 1066 1121 έν
1120 1056 1683 1119 Κωνσταντινουπόλει
1735 1053 1931 1130 διέτρι-

277 1158 388 1219 ϐεν.
443 1163 499 1214 Ὀ
550 1156 606 1214 δὲ
657 1152 919 1226 δυσσεϐὴς
969 1152 1210 1224 Οὐάλης,
1267 1152 1446 1226 μαθὼν
1494 1151 1562 1204 τὰ
1602 1145 1933 1224 πραχθέντα,

275 1253 362 1314 οἷς
395 1251 488 1325 μὲν
522 1251 574 1303 οἳ
626 1248 678 1318 έξ
727 1246 941 1321 ’Δρείου
992 1243 1220 1320 ἔπραξαν
1267 1241 1500 1310 σύν-ιςσθη
1551 1257 1611 1291 τε
1655 1235 1744 1289 καὶ
1797 1233 1935 1307 ἠγά-

273 1361 442 1412 πησε,
489 1343 598 1393 τῶν
647 1335 704 1392 δὲ
732 1335 985 1410 κηρύκων
1041 1340 1143 1402 τῆς
1199 1324 1470 1390 εὐσεϐείας
1524 1326 1809 1382 Εὐστάθιον
1845 1322 1938 1396 μὲν

273 1433 369 1487 τὸν
402 1430 864 1507 χειροτονήσαντα
910 1423 999 1478 διὰ
1047 1426 1440 1499 στρατιωτικῆς
1502 1416 1688 1492 χειρὸς
1752 1412 1801 1468 έν
1853 1418 1941 1466 Βι-

279 1519 379 1594 ζύῃ
417 1517 577 1572 πόλει
625 1524 724 1586 τῆς
775 1514 987 1590 Θρᾴκης
1037 1511 1334 1588 περιορίζει
1371 1528 1382 1540 ·
1413 1506 1684 1582 Εὐάγριον
1740 1501 1798 1557 δὲ
1847 1501 1937 1556 τὸν

277 1606 730 1686 ’χειροτονηθέντα
777 1603 922 1673 ἄλλη
984 1607 1227 1677 συνεῖχεν
1286 1596 1563 1672 ὑπερορία.
1618 1593 1718 1648 Καὶ
1775 1595 1942 1646 ταῦτα

279 1699 485 1776 πράξας
545 1699 572 1751 6
621 1689 918 1764 δυσσεϐὴς,
977 1691 1064 1746 ἐπὶ
1123 1693 1221 1759 τὴν
1280 1686 1565 1762 Ἀντιόχου
1622 1684 1940 1761 ἀφικνεῖται,

279 1790 348 1845 τὰ
405 1787 539 1841 αὐτά
594 1786 731 1840 κατὰ
795 1787 902 1838 τῶν
964 1775 1326 1835 εὐσεϐούντων
1397 1777 1487 1830 καὶ
1547 1774 1795 1850 πράττων
1853 1769 1943 1824 καὶ

287 1876 674 1950 διανοούμενος
712 1892 724 1904 ·
779 1869 990 1945 μᾶλλον
1048 1867 1105 1924 δὲ
1152 1858 1350 1937 πολλῷ
1397 1865 1622 1941 χείρονα
1656 1880 1668 1892 '
1701 1859 1790 1915 καὶ
1840 1859 1943 1934 γὰρ

285 1966 568 2045 διαφόροις
628 1963 878 2022 θανάτοις
930 1958 1056 2021 τοὺς
1117 1951 1465 2016 εὐσεϐοῦντας
1528 1953 1706 2026 ὑπῆγε
1764 1967 1777 1980 ⁸
1843 1948 1944 2022 μά-

287 2056 449 2113 λιπα
479 2052 537 2110 δὲ
582 2057 691 2109 τῶν
725 2049 902 2129 φόνων
955 2048 1102 2119 αὐτῷ
1139 2046 1201 2101 τὸ
1230 2041 1658 2120 προχειρότατον
1699 2037 1946 2109 ποταμὸς

288 2147 316 2202 6
348 2143 626 2219 Ὀρόντης.
660 2125 770 2210 Τῆς
803 2138 1121 2214 συγχύσεως
1172 2133 1263 2190 οὐν
1313 2133 1403 2188 καὶ
1455 2136 1705 2207 ταραχῆς
1743 2125 1946 2195 ταύτης

287 2238 387 2306 τήν
444 2232 775 2306 οἰκουμένην
831 2213 1236 2303 ἀνατρεπούσης
1319 2223 1451 2296 μετὰ
1518 2218 1646 2281 τοὺς
1699 2213 1948 2277 πολλοὺς

289 2327 382 2381 καὶ
435 2320 676 2399 μακροὺς
727 2319 860 2394 ὑπὲρ
907 2323 1009 2386 τῆς
1066 2307 1334 2373 εὐσεϐείας
1387 2307 1585 2370 ἄθλους
1633 2307 1723 2361 καὶ
1773 2305 1949 2377 καμά-

292 2435 422 2476 τους
484 2412 560 2474 εἷς
611 2410 702 2466 τὸν
755 2408 937 2463 κοινὸν
1003 2402 1300 2474 Δεσπότην,
1364 2400 1421 2454 ὃν
1487 2395 1684 2476 ἐφίλει,
1744 2395 1833 2449 καὶ
1889 2392 2020 2466 ὑπὲρ
2079 2389 2141 2445 οὗ
2200 2386 2426 2460 ἔπασχε,

291 2503 460 2571 θλων,
500 2496 877 2571 ἀπεδήμησεν,
937 2491 1028 2565 ἔτη
1083 2465 1366 2566 διαρκέσας
1417 2487 1467 2544 ἐν
1632 2465 1991 2561 ἀρχιερατικῇ
2038 2477 2256 2552 τελετῇ,
2309 2471 2521 2550 μᾶλλον
2572 2467 2629 2524 δὲ
2677 2465 2727 2521 έν

293 2592 711 2668 τεσσαράκοντα.

366 2661 491 2738 Ὅτι
522 2682 558 2748 ἡ
612 2675 898 2753 συγγραφὴ
958 2671 1009 2744 ἐξ
1065 2672 1134 2742 ἧς
1191 2674 1227 2740 ἡ
1286 2668 1621 2742 προκειμένη
1671 2661 1956 2753 ,προῆλθεν

298 2771 503 2844 ἐκλογή
548 2746 779 2842 μᾶλλον
830 2746 918 2819 έπῖ
963 2762 1026 2816 τὸ
1080 2758 1441 2833 ἠμελημένον
1491 2756 1525 2825 ἢ
1557 2755 1618 2810 τὸ
1665 2746 1960 2827 διηκριϐω-

302 2861 461 2934 μένον
491 2855 612 2934 ἕχει
661 2857 762 2924 τὴν
827 2853 998 2930 ῥοπήν
1029 2870 1041 2882 ⁸
1080 2848 1318 2924 μάλιστα
1345 2844 1392 2902 δ’
1421 2845 1470 2901 έν
1505 2849 1575 2920 τῇ
1613 2849 1720 2899 τῶν
1751 2845 1960 2915 νοημά-

295 2971 404 3005 των
448 2945 739 3019 οἰκονομίᾳ
791 2943 842 2997 ἐν
888 2939 1128 3002 πολλοῖς
1173 2935 1492 3016 κεφαλαίοις
1539 2934 1630 2989 καὶ
1679 2931 1964 3006 καινότερα

297 3039 446 3116 παρὰ
472 3035 602 3098 τοὺς
636 3032 845 3095 ἄλλους
876 3032 1102 3106 ἱστορεῖ.

3455 434 3693 498 οωιιιιι

2041 653 2399 765 ieiuni,
2431 653 2933 748 Constantinopoli
2952 668 3217 743 degebat.
3254 659 3479 733 Impius
3508 653 3690 727 igitur

2039 781 2254 837 Valens
2279 772 2592 848 compertis
2624 771 2697 826 iis
2730 782 2857 839 quae
2889 768 3053 836 gesta
3082 751 3690 818 fuerant,Arianorum

2043 834 2280 946 quidem
2311 834 2463 922 facta
2492 878 2625 919 cum
2656 834 2870 932 gandio
2897 834 3187 925 probavit.
3210 844 3293 898 Ex
3324 834 3693 912 prisconibus

2049 925 2117 946 γ
2158 925 2180 926 η
2657 925 2688 932 -

2043 965 2236 1019 autem
2272 959 2376 1031 pia:
2410 950 2711 1025 religionis
2740 939 3133 1003 Eustathium,
3186 931 3287 1004 qui
3339 925 3690 987 ordinasset,

2043 1068 2178 1108 cum
2212 1045 2451 1104 militari
2483 1057 2662 1098 manu
2692 1035 2856 1092 misit
2906 1030 3147 1101 Birzyen
3170 1018 3428 1078 Thraciae
3458 1013 3690 1078 urbem,

2044 1139 2353 1213 Evagrium
2384 1141 2581 1191 autem
2611 1128 2946 1186 ordinatum
2969 1120 3029 1174 in
3061 1113 3218 1173 aliud
3249 1109 3369 1182 egit
3395 1103 3691 1161 exsilium.

2993 1209 3003 1213 -
3082 1205 3095 1213 -
3125 1204 3138 1213 -
3427 1193 3534 1213 4J2;
3592 1189 3689 1213 --ιε

2044 1233 2114 1288 Et
2143 1189 2235 1285 his
2259 1189 2448 1300 gestis
2479 1221 2699 1293 impius
2729 1215 2846 1285 ille,
2877 1204 3242 1267 Antiochiam
3273 1193 3558 1257 concedit,
3592 1189 3692 1244 ubi

2048 1321 2250 1378 eadem
2267 1284 2406 1389 ipsa
2435 1284 2714 1369 adversus
2744 1284 3099 1362 orthodoxos
3119 1284 3473 1367 perpetravit
3492 1284 3552 1338 et
3575 1295 3696 1334 ma-

2048 1410 2322 1466 chinatus
2351 1408 2477 1469 est;
2509 1401 2628 1456 imo
2661 1395 2845 1452 multo
2877 1391 3076 1464 pejora
3097 1402 3116 1440 :
3146 1379 3324 1438 variis
3353 1374 3511 1432 enim
3555 1385 3696 1440 sup-

2049 1499 2357 1573 pliciorum
2391 1489 2703 1565 generibus
2749 1485 2910 1556 ipsos
2957 1470 3268 1537 interfecit,
3299 1463 3455 1539 quod
3506 1456 3697 1529 magis

2854 1567 2932 1573 “’““
3040 1566 3055 1573 “
3103 1562 3117 1573 ¹
3250 1558 3260 1568 ⁶
3323 1571 3362 1573 κε
3410 1553 3470 1573 -ιι
3504 1546 3697 1573 -ΑΑᾹεΑ

2052 1546 2357 1573 I'“"‘“'"""
2391 1546 2452 1565 U’
2773 1546 2793 1556 ..

2052 1597 2246 1646 autem
2278 1585 2337 1639 in
2372 1582 2642 1655 promptu
2678 1577 2800 1630 erat
2851 1567 2937 1625 illi
2989 1566 3060 1621 ad
3103 1558 3374 1617 homines
3404 1553 3475 1607 de
3504 1546 3698 1604 medio

2049 1637 2635 1740 i6iiéﬁh65,‘0ronies
2664 1666 2790 1720 erat
2839 1656 3072 1714 ﬂuvius.
3103 1652 3256 1707 Dum
3309 1646 3510 1713 itaque
3537 1637 3705 1736 tanta

2053 1764 2337 1829 confusio,
2360 1763 2562 1817 tantus
2587 1751 2879 1811 tumultus
2900 1745 3240 1802 universum
3262 1735 3462 1790 orbem
3494 1727 3704 1783 misce-

2054 1862 2163 1925 ret,
2197 1812 2638 1926 posttdttiirita
2665 1847 2906 1911 tamque
2952 1834 3233 1889 diuturna
3283 1838 3384 1896 pro
3434 1817 3531 1892 pia
3569 1812 3705 1870 reli-

2058 1947 2229 2020 gione
2257 1937 2602 2002 certamina,
2634 1935 2766 2005 post
2812 1931 2901 1984 tot
2945 1923 3195 1983 labores,
3229 1914 3300 1970 ad
3333 1918 3708 1967 communem

3003 2011 3014 2020 ‘
3331 2013 3539 2020 ————--_
3582 1993 3678 2020 ε’..η

2059 1993 2226 2020 οη--ν
2262 1993 2426 1998 νν-υη
2592 1993 2601 2002 ν
2637 1993 2654 2005 .

2059 2050 2233 2108 quem
2264 2029 2546 2086 dilexerat
2577 2020 2890 2078 Dominum
2922 2011 3093 2083 cujus
3125 2020 3303 2062 causa
3330 2013 3542 2072 passus
3582 1993 3709 2048 fue-

2943 2101 2976 2108 .,
3193 2095 3205 2106 .
3307 2089 3682 2108 ,W_‘_“,“_“_

2056 2129 2167 2191 rat,
2183 2120 2448 2194 gaudens
2469 2113 2691 2172 athleta
2711 2101 2988 2179 migravit
3009 2089 3706 2174 praemiaconsecuturus,

2059 2169 2443 2194 ‘“'!o—'--'--~
2475 2169 2523 2172 νη
2797 2169 2830 2179 υ
3011 2169 3029 2174 -

2059 2229 2192 2269 cum
2225 2206 2410 2267 annOs
2440 2207 2499 2260 in
2531 2201 2896 2274 episcopatu,
2931 2192 3050 2248 imo
3083 2185 3280 2260 potius
3331 2178 3393 2233 in
3438 2169 3707 2232 certami-

2060 2301 2236 2358 nibus
2265 2298 2481 2371 egisset
2511 2287 2920 2371 quadraginta.

2483 2347 2693 2458 χάίρων
2737 2347 2772 2430 6
2803 2368 3072 2438 ἀθλητὴς,
3128 2361 3222 2415 ’ίνα
3255 2355 3400 2432 τύχῃ
3435 2355 3542 2406 τῶν
3585 2347 3713 2403 ἐπά-

2776 2465 2892 2522 τοῖς
2945 2456 3075 2530 ὑπὲρ
3133 2449 3302 2517 αὐτῆς
3350 2439 3710 2519 ἀγωνίσμασι,

2143 2659 2314 2716 Liber
2343 2655 2499 2711 unde
2529 2652 2652 2706 haec
2697 2640 3100 2714 excerpsimus
3141 2622 3565 2716 negligentiam
3607 2632 3716 2689 po-

2069 2712 2452 2806 tius—redolet
2510 2755 2688 2813 quam
2747 2712 3153 2805 diligentiam;
3212 2715 3466 2813 maxime
3521 2712 3720 2765 autem

2074 2838 2230 2912 quod
2264 2835 2514 2908 pertinet
2542 2829 2613 2885 ad
2645 2818 3028 2882 oeconomiam
3077 2805 3359 2870 orationis
3398 2805 3457 2858 et
3488 2800 3722 2854 senten-

2072 2929 2292 2987 tiarum
2322 2924 2383 2979 in
2416 2918 2620 2978 multis
2653 2911 2966 2987 capitibus,
2994 2903 3182 2960 multa
3211 2899 3350 2954 item
3383 2905 3534 2950 nova
3561 2901 3724 2943 enar-

2074 3021 2166 3075 rat
2195 3031 2322 3088 quae
2355 3006 2688 3084 apud'alios
2719 3017 2836 3060 non
2867 2993 3260 3070 reperiuntur.

302 3150 3188 3211 ___________________________________..____———-—

955 3359 1223 3444 VITA
1266 3356 1359 3442 S.
1407 3347 2000 3438 ATHANASII
2044 3344 2198 3432 EX
2237 3323 3078 3428 METAPHBASTE.

305 3708 461 3762 ΒΙΟΣ
531 3702 687 3757 ΗΤΟΙ
757 3701 1064 3753 ΑΘΛΠΣΙΣ
1132 3698 1256 3750 ΤΟΥ
1332 3697 1419 3746 EN
1487 3694 1714 3746 ΑΓΙΟΙΣ
1785 3691 1975 3743 ΗΜΩΝ

2093 3677 2483 3762 “(arma
2555 3666 3006 3762 castamve
3088 3649 3734 3762 Ξίίϐτιηιξίίὲἒξὲἕ

381 3777 651 3829 narro}:
742 3770 1134 3826 ΑθΑΝΑΣΙοΥ
1176 3809 1190 3835 ,

384 3849 616 3902 ΜΕΝΟΥ
643 3842 1199 3900 ΑΛΕΞΑΝΔΡΕΙΑΣ.

427 3996 439 4010 .
473 3948 686 4007 Πολλοὶ
722 3949 816 4022 μὲν
848 3951 954 4002 τῶν
990 3945 1181 4022 ἁγίων,
1228 3948 1308 4016 τῷ
1356 3940 1593 4018 οὐρανίῳ
1641 3937 1794 4010 πόθῳ
1831 3955 1974 4009 τρω-

312 4044 516 4112 θέντες,
573 4039 663 4095 καὶ
721 4044 841 4100 ταῖς
906 4037 1417 4113 μαρμαρυγαῖςτοῦ
1466 4029 1806 4107 ἀγωνοθέτου
1857 4032 1981 4102 Χρι-

315 4136 445 4187 στοῦ
489 4129 877 4189 ένατενίσαντες
939 4119 1203 4201 ἀκριϐῶς,
1255 4123 1345 4178 καὶ
1404 4121 1506 4176 ὑπὸ
1560 4123 1657 4174 τοῦ
1717 4115 1980 4185 ἀληθινοῦ

311 4220 770 4297 καταυγασθέντες
804 4216 982 4296 φωτὸς
1019 4261 1032 4285 ,
1071 4214 1234 4290 μέχρι
1284 4211 1512 4266 θανάτου
1566 4209 1698 4285 ὑπὲρ
1742 4210 1839 4261 τοῦ
1876 4225 1980 4274 κη-

315 4305 596 4386 ρύγματος
625 4311 723 4362 τοῦ
773 4293 1155 4380 εὐαγγελικοῦ,
1187 4302 1276 4357 καὶ
1327 4308 1427 4370 τῆς
1482 4293 1752 4359 εὐσεϐείας
1808 4293 1980 4364 ἀθλή-

316 4419 526 4470 σαντες,
580 4397 670 4452 τὸν
729 4394 976 4471 οὐράνιον
1042 4392 1299 4470 στέφανον
1358 4386 1734 4459 ἀνεδήσαντο,
1791 4403 1983 4458 προτι-

320 4491 594 4563 μήσαντες
623 4490 732 4542 τῶν
788 4486 997 4560 ὁρατῶν
1049 4483 1118 4536 τὰ
1163 4480 1384 4557 ἀόρατα,
1433 4479 1525 4534 καὶ
1570 4483 1672 4546 τῆς
1703 4473 1982 4552 παρούσης

319 4585 473 4649 ζωῆς
502 4578 602 4647 τήν
670 4572 996 4649 μέλλουσαν,
1055 4571 1145 4626 καὶ
1201 4574 1308 4626 τῶν
1367 4568 1418 4623 ἐν
1474 4566 1661 4644 ’χερσὶν
1705 4561 1872 4619 ὅντων
1918 4563 1987 4617 τὰ

325 4669 405 4743 μὴ
443 4665 778 4742 βλεπόμεναο
833 4662 1121 4739 ἐξαιρέτως
1169 4657 1228 4716 δὲ
1276 4660 1304 4714 6
1332 4664 1433 4728 τῆς
1482 4652 1857 4723 ἀποπολικῆς
1887 4653 1988 4728 χά-

323 4739 475 4835 ριτος
524 4756 763 4831 μέτοχος
815 4753 1103 4828 ὑπάρχων,
1154 4751 1182 4804 6
1231 4746 1399 4823 μέγας
1456 4745 1792 4816 Ἀθανάσιος,
1844 4742 1872 4795 6
1933 4739 1984 4794 έν

321 4828 444 4909 τοῖς
509 4828 827 4904 ἐπισκόποις
903 4848 1004 4910 τῆς
1095 4836 1494 4914 μεγαλωνύμου
1578 4828 1986 4906 Ἀλεξανδρείας

325 4933 510 5008 ὥσπερ
576 4929 916 5007 μαργαρίτης
972 4925 1236 5005 διαφανὴς
1270 4971 1283 4996 ,
1338 4924 1428 4980 καὶ
1489 4921 1620 4993 ζέων
1677 4924 1758 4994 τῷ
1808 4916 1939 4974 πνεύ
1969 4950 1991 4960 -

319 5040 482 5098 ματι,
512 5020 603 5077 καὶ
653 5018 950 5096 πτερωθεὶς
1001 5020 1082 5089 τῷ
1138 5014 1374 5090 οὐρανίῳ
1429 5013 1604 5085 πόθῳ,
1645 5010 1696 5066 έν
1751 5007 1988 5069 πσλλοῖς

327 5110 540 5188 σφόὸρα
567 5091 793 5188 χρόνοίς
824 5108 915 5163 καὶ
959 5103 1240 5183 βασιλεῦσι
1287 5100 1597 5175 πολεμοῦσι
1641 5105 1710 5174 τῇ
1751 5091 1994 5168 εὐσεϐείᾳ

331 5187 654 5277 μαχόμενος
689 5240 704 5268 ,
733 5197 934 5269 καὶτῷ
985 5194 1136 5268 ἐσμῷ
1177 5197 1285 5249 τῶν
1330 5192 1614 5266 αἱρετικῶν
1661 5187 1712 5242 ἐν
1755 5188 1898 5259 πάσῃ
1924 5187 1994 5257 τῇ

329 5276 578 5370 ὑφηλίῳ,
611 5287 788 5365 ἤρατο
835 5286 991 5356 νίκην
1036 5287 1116 5356 τῷ
1163 5279 1397 5358 οὐρανίῳ
1436 5277 1606 5336 σθένει
1651 5278 1787 5332 κατὰ
1817 5276 1994 5344 πάσης

325 5365 430 5450 τῆς
490 5375 799 5450 κακοδόξων
869 5373 1199 5450 ὁμηγύρεως
1234 5415 1248 5429 .
1303 5370 1525 5431 Οὗτινος
1595 5368 1723 5428 τοὺς
1782 5365 1997 5441 ἀγῶνας

333 5469 430 5543 μὶν
465 5465 707 5524 ἐκθέσθαι
738 5465 830 5522 καὶ
877 5465 976 5534 τὴν
1022 5458 1284 5532 ποικίλην
1336 5457 1500 5514 αὐτοῦ
1549 5456 1601 5514 έν
1650 5461 1719 5531 τῇ
1752 5451 2001 5511 διδασκα-

330 5557 431 5630 λίᾳ
457 5561 566 5612 τῶν
599 5555 756 5612 θείων
808 5553 1014 5628 λογίων
1066 5549 1279 5629 σοφίαν,
1319 5547 1442 5618 ἥτις
1489 5547 1580 5602 καὶ
1632 5543 1722 5602 διὰ
1761 5549 1868 5600 τῶν
1900 5562 1997 5598 κα-

327 5641 730 5727 ταλειφθέντων
792 5645 917 5719 παρ’
978 5641 1143 5698 αὐτοῦ
1201 5638 1643 5715 συγγραμμάτων
1701 5632 1998 5710 τηλαυγῶς

1273 3765 1663 3821 ΕΠΙΣΚΟΠΟΥ
1742 3762 1916 3812 ΓΕΝΟ
1953 3790 1975 3799 -

413 5791 492 5865 (a)
522 5791 589 5849 In
617 5787 793 5848 editis
823 5781 1167 5862 ποιμαίνειν.

2196 3722 2483 3809 Νίθὲᾗῆ
2560 3722 3006 3799 ἎῑῆᾹὶνΑδιι
3089 3731 3285 3790 om:
3361 3722 3737 3784 EPISGOPI

2194 3815 2764 3881 ALEXANDRINI.

2162 3937 2210 3991 1.
2245 3932 2410 3988 Multi
2445 3931 2782 3986 sanctorum
2814 3917 3036 3979 caelesti
3094 3907 3382 3970 desiderio
3419 3899 3734 3971 vulnerati,

2089 4029 2146 4082 et
2175 4020 2588 4096 splendoribus
2618 4010 2855 4078 Christi,
2876 4003 3231 4065 certantium
3262 3990 3739 4074 remuneratoris,

2091 4080 2355 4171 studiose
2386 4107 2614 4174 intenti,
2670 4107 2846 4174 atque
2903 4115 2938 4154 a
2993 4111 3131 4151 vera
3173 4091 3301 4146 luce
3330 4081 3631 4149 illustrati,
3664 4080 3737 4136 ad

2091 4310 2226 4349 vera
2282 4288 2558 4363 religione
2614 4258 2928 4343 certantes,
2988 4270 3206 4330 cmlesti
3265 4281 3482 4323 corona
3536 4258 3739 4317 donati

2093 4349 2446 4451 fuere,qudd
2479 4371 2797 4431 invisibilia
2826 4353 3466 4430 visibilibus,praasenti
3495 4351 3622 4406 vitae
3655 4349 3743 4404 fu-

2092 4463 2704 4541 turam,praesentibus
2735 4475 2803 4514 ea
2833 4471 2960 4527 quae
2989 4452 3049 4507 in
3080 4449 3396 4519 conspectu
3430 4456 3544 4497 non
3575 4439 3743 4493 erant

2095 4555 2604 4618 antetulissent.ln
2622 4546 2825 4623 primis
2854 4559 2988 4599 vero
3019 4535 3348 4611 apostolicis
3377 4528 3576 4604 gratia;
3609 4541 3740 4598 par-

2094 4651 2302 4721 ticeps,
2320 4661 2570 4717 magnus
2602 4618 2700 4694 ille
2729 4629 3111 4695 Athanasius,
3136 4624 3237 4698 qui
3255 4624 3409 4678 inter
3437 4618 3742 4690 episcopos

2101 4701 2302 4721 ""17"?
2419 4701 2452 4717 υ

2097 4735 2486 4798 celeberrimae
2518 4723 2875 4786 Alexandriae
2932 4716 3108 4774 veluti
3154 4707 3473 4784 margarita
3509 4701 3743 4774 conspi-

2098 4826 2499 4892 cuus,fervens
2523 4811 2954 4891 spiritu,alatus
2983 4800 3272 4862 desiderio
3322 4794 3565 4864 caelesti,
3598 4790 3748 4848 mul-

2103 4919 2175 4974 tis
2198 4914 2368 4971 annis
2398 4913 2601 4967 contra
2621 4904 3001 4976 imperatores
3027 4895 3132 4969 pias
3155 4887 3419 4962 religioni
3441 4885 3750 4941 adversan-

2100 5010 2210 5070 tes,
2235 5017 2458 5059 necnon
2482 5000 2685 5054 contra
2701 4995 2915 5048 coetum
2948 4968 3356 5043 haereticorum
3383 4975 3444 5031 in
3467 4976 3587 5029 toto
3608 4968 3748 5026 orbe

2025 5067 2069 5131 D
2104 5061 2416 5157 dimicans,
2446 5087 2665 5142 virtute
2695 5077 2916 5138 caelesti
2941 5073 3246 5132 victoriam
3276 5063 3477 5122 retulit
3526 5061 3594 5116 de
3623 5062 3748 5114 toto

2103 5198 2278 5257 prave
2309 5175 2685 5237 sentientium
2719 5169 3026 5226 conventu.
3074 5160 3256 5232 Cujus
3303 5149 3624 5211 certamina
3649 5163 3753 5203 va-

2104 5263 2372 5344 riamque
2399 5268 2530 5338 ejus
2561 5264 2620 5319 in
2651 5271 2954 5318 sacrorum
2986 5249 3348 5324 eloquiorum
3373 5239 3641 5298 doctrina
3664 5252 3756 5292 sa-

2105 5360 2388 5436 pientiam
2421 5371 2570 5429 quae,
2604 5369 2672 5410 ex
2702 5345 2938 5420 scriptis
2977 5343 3049 5400 ab
3099 5355 3166 5394 eo
3207 5333 3446 5400 relictis,
3478 5326 3754 5386 omnibus

2107 5413 2346 5436 ιη’-τηνεί
2437 5413 2456 5429 ι
2558 5413 2568 5421 ι
2822 5413 2840 5420 ..

2107 5448 2416 5525 perspicue
2446 5446 2583 5499 nota
2612 5444 2722 5506 est,
2783 5447 3054 5491 enarrare
3096 5439 3269 5482 nemo
3315 5419 3490 5493 digne
3520 5413 3753 5490 poterit,

2785 5524 2790 5525 ,
2927 5520 2936 5525 _
2976 5521 2985 5525 _
3063 5517 3072 5525 _
3259 5511 3308 5525 ,,
3473 5523 3522 5525 η
3568 5503 3752 5525 ψη,

2108 5503 2139 5525 τ
2155 5503 2199 5507 μ
2710 5503 2717 5506 .

2108 5535 2341 5596 etiamsi
2372 5532 2549 5589 fuerit
2563 5524 2796 5586 dicendi
2819 5517 3234 5596 peritissimus.
3259 5511 3378 5568 Nos
3401 5503 3756 5578 vero,quoad

2112 5594 2262 5686 l‘eret
2319 5622 2592 5692 facultas,
2649 5594 2835 5691 gesta?
2860 5611 2989 5683 ejus
3037 5599 3496 5664 recensebimus.
3523 5594 3764 5668 Oportet
