4146 6402
425 457 660 510 ων
1825 449 2444 517 PBOLBGOHENA.

429 584 644 638 autem
674 579 956 655 primum,
987 599 1176 657 pauca
1195 583 1274 642 de
1302 583 1408 644 viri
1438 603 1473 645 a
1501 603 1682 662 puero
1720 588 2086 647 institutione

2197 588 2328 638 πᾶσι
2382 578 2728 658 γνωρίζεται,
2787 579 2951 653 ἀξίως
3007 577 3106 637 ούκ
3162 576 3224 636 ἄν
3279 598 3366 643 τις
3423 573 3755 650 δυνήσηται,
3826 575 3886 637 εἱ

429 671 830 728 enarrareNu
837 689 941 746 per
959 674 1139 747 igitur
1163 680 1365 734 sancto
1385 677 1712 736 Alexandro
1727 679 2086 738 Alexandria:

2198 674 2287 728 καὶ
2319 672 2500 735 ἱκανὸς
2531 672 2657 749 περὶ
2683 671 2748 728 τὸ
2781 668 2962 746 λέγειν
3015 671 3256 777 ὑπέργοι
3289 686 3303 702 ⁸
3335 671 3502 777 ἡμεῖς
3557 665 3666 776 δέηἴ
3685 669 3762 777 ως
3809 668 3883 726 ἂν

437 760 717 833 episcopo
742 763 816 818 ad
844 762 1244 838 episcopatum
1277 773 1704 842 promoto,post
1724 771 1912 826 sancti
1934 769 2086 826 Petri

2198 762 2311 817 οἷόν
2341 762 2401 817 τέ
2432 761 2564 832 ἐστι,
2595 762 2664 817 τὰ
2709 761 2826 817 κατ’
2874 759 3031 816 αὐτὸν
3082 757 3228 829 δῆλα
3276 761 3585 832 ποιήσομεν
3637 757 3727 814 διὰ
3760 765 3882 830 τῆς

439 854 794 906 conventum
817 851 918 922 qui
940 858 1113 910 antea
1133 855 1411 928 martyrio
1433 857 1674 914 affectus
1707 859 1918 926 fuerat,
1951 875 2086 915 cum

2199 853 2530 931 ὑφηγήσεως
2562 895 2576 909 .
2632 852 2748 928 Χρὴ
2807 848 2865 906 δέ
2919 853 3139 926 πρῶτον
3204 849 3416 926 βραχέα
3469 849 3595 926 περὶ
3647 855 3749 918 τῆς
3814 849 3884 905 ἐκ

439 937 542 993 ille
573 939 646 994 ad
677 939 1005 998 convivium
1027 941 1334 1001 invitasset
1354 945 2090 1021 clerum,exspectaretque

441 1027 624 1084 donec
652 1033 972 1100 cogeretur,
995 1047 1130 1089 cum
1161 1033 1219 1088 in
1252 1033 1378 1090 loco
1399 1040 1582 1092 staret
1612 1037 2093 1110 inaspecto,vidit

441 1131 654 1188 pueros
683 1117 1142 1177 ecclesiasticam
1169 1123 1339 1193 juxta
1359 1126 1861 1189 normam,ludum
1884 1144 2088 1200 quem-

439 1205 597 1276 piam
627 1207 1098 1280 agitantes.Erat
1125 1212 1285 1268 enim
1318 1214 1529 1272 domus
1558 1216 1630 1272 ad
1666 1233 1826 1273 mare
1857 1233 2092 1273 conver-

435 1311 528 1366 ea,
555 1295 630 1352 ad
660 1297 832 1368 cujus
889 1297 1060 1357 littus
1115 1300 1402 1359 ludebant
1461 1305 1851 1362 sacratissimi
1901 1307 2086 1378 pueri,

437 1400 696 1456 quorum
726 1389 1040 1461 episcopus
1069 1397 1195 1446 erat
1222 1392 1600 1460 Athanasius,
1623 1400 1680 1450 et
1700 1395 1799 1451 alii
1819 1412 2089 1452 convena

438 1473 769 1546 presbyteri
800 1481 858 1531 et
889 1477 1138 1544 diaconi,
1173 1480 1274 1552 qui
1303 1483 1676 1541 adducebant
1706 1485 1819 1558 ipsi
1876 1502 2092 1558 pueros

436 1563 914 1634 catechumenos,
949 1572 1016 1622 ut
1045 1568 1366 1641 haptizaret
1410 1565 1561 1630 illos.
1595 1575 1753 1640 Quos
1792 1576 1966 1647 juxta
1993 1590 2088 1630 ec-

438 1650 840 1710 clesiasticum
872 1655 1052 1712 ritum
1082 1658 1406 1731 baptizatos
1438 1661 1658 1736 alloqui
1689 1663 2089 1720 volebat.Rem

440 1739 640 1813 itaque
663 1745 910 1801 miratus
933 1745 1496 1823 Alexander,puercs
1531 1753 1604 1809 ad
1645 1769 1708 1809 se
1733 1754 1868 1810 duci
1893 1753 2089 1824 jubet,

439 1832 876 1906 compertisque
903 1835 977 1892 iis
1003 1837 1282 1895 omnibus
1326 1857 1454 1913 quae
1509 1846 1678 1915 gesta
1715 1842 1987 1911 fuissent,
2022 1859 2091 1899 ex

2195 940 2392 1004 παιδὸς
2424 941 2720 1016 ἀναγωγῆς
2767 944 2866 995 τοῦ
2918 937 3115 1016 ἀνδρὸς
3164 935 3419 995 διελθεῖν.
3475 939 3637 1014 ’Δριι
3681 939 3879 994 τοίνυν

2196 1030 2320 1087 τότε
2347 1036 2444 1086 τοῦ
2494 1029 2652 1104 ἁγίου
2697 1026 3087 1105 Ἀλεξάνδρου,
3134 1033 3231 1083 τοῦ
3284 1026 3582 1083 ἐπισκόπου
3613 1025 3884 1098 Ἀλεξαν-

2200 1118 2403 1197 δρείας,
2452 1121 2552 1189 τήν
2606 1118 2902 1194 ἱερωσύνην
2951 1117 3390 1194 ἐγχειρισθέντος
3442 1117 3578 1190 μετᾶ
3622 1119 3724 1186 τήν
3771 1122 3886 1173 τοῦ

2199 1210 2357 1285 ἁγίου
2405 1209 2613 1284 Πέτρου
2663 1207 2909 1278 σύναξιν,
2956 1212 3056 1262 τοῦ
3104 1206 3212 1280 πρὸ
3259 1205 3424 1261 αὑτοῦ
3479 1208 3882 1282 μαρτυρήσαν-

2195 1320 2320 1371 τος,
2375 1299 2465 1354 καὶ
2519 1300 2611 1354 τὸν
2668 1296 2878 1371 κλῆρον
2940 1296 3016 1359 εἱς
3077 1296 3312 1351 ἐπίασιν
3363 1297 3828 1370 προτρεψαμένου
3861 1343 3879 1370 ,

2197 1389 2287 1445 καὶ
2343 1389 2767 1465 περιμένοντος,
2825 1383 2933 1449 ἕως
2983 1386 3042 1441 ἃν
3097 1385 3574 1460 συναθροισθῶσιν,
3624 1384 3679 1452 ἐς
3737 1383 3887 1441 ἀπό-

2198 1499 2335 1534 πτου
2383 1479 2550 1541 ἑστὼς
2596 1479 2701 1554 ὁρᾷ
2753 1473 2953 1538 παῖδας
3011 1472 3450 1547 ἐκκλησιαστικῷ
3502 1473 3692 1529 κανόνι
3740 1475 3882 1530 παί-

2197 1589 2349 1645 γνιον
2406 1565 2737 1628 ὑπελθόντας
2774 1607 2786 1620 .
2846 1571 2942 1622 Ἦν
2997 1566 3101 1640 γὰρ
3172 1563 3328 1626 οἶκος
3399 1564 3538 1640 πρὸς
3597 1561 3884 1618 θάλασσαν

2196 1657 2591 1733 τετραμμένος,
2640 1659 2709 1724 ἧς
2750 1656 2900 1730 παρᾶ
2944 1655 3042 1716 τὰς
3091 1648 3262 1729 ὄχθας
3319 1649 3542 1722 ’ἔπαιζον
3603 1653 3660 1705 οἱ
3711 1653 3883 1726 ἱερώ-

2195 1759 2351 1803 τατοι
2397 1743 2609 1813 παῖδες,
2661 1744 2714 1800 ἐν
2765 1745 2845 1806 οἷς
2894 1744 2960 1812 ἦν
3021 1741 3323 1805 ἐπίσκοπος
3383 1742 3724 1808 Ἀθανάσιος,
3779 1742 3882 1796 καὶ

2198 1834 2366 1892 ἄλλοι
2425 1831 2722 1905 συνήλυδες
2765 1827 3122 1910 πρεσϐύτεροι
3175 1831 3266 1887 καὶ
3313 1827 3560 1887 διάκονοι
3591 1876 3607 1900 ,
3667 1830 3721 1886 οἳ
3778 1830 3880 1886 καὶ

438 1919 785 1978 clericorum
817 1926 1111 1982 sententia
1131 1944 1343 2000 pueros
1374 1930 1703 2003 baptizatos
1733 1931 2086 2004 unxit,sigil-

2198 1932 2478 2001 προσῆγον
2511 1924 2657 1996 αύτῷ
2697 1920 2896 1984 παῖδας
2945 1921 3396 2029 κατηχουμένους
3441 1919 3519 1982 εἰς
3567 1919 3630 1973 τὸ
3675 1920 3881 1996 βαπτί-

2202 2020 2229 2029 ..
2701 2012 2716 2029 ε
2816 2011 2828 2029 ι
2976 2015 2991 2029 τ
3079 2011 3091 2029 ι
3193 2013 3210 2029 τ
3270 2009 3286 2029 τ
3667 2012 3695 2023 ~
3772 2010 3803 2029 η

438 2007 613 2081 loque
633 2011 691 2067 in
715 2012 960 2070 Domino
991 2017 1358 2074 conﬁrmavit
1382 2038 1396 2076 :
1419 2021 1760 2094 vocatisque
1779 2020 2086 2078 Athanasii

2201 2020 2344 2087 ζειν,
2405 2014 2498 2076 οὒς
2555 2012 2717 2069 παντὶ
2767 2011 2925 2085 τόπῳ
2975 2011 3210 2087 [τρόπῳ]
3267 2007 3709 2081 ἐκκλησιαστικῷ
3769 2010 3877 2081 βα-

439 2099 805 2172 parentibus,
828 2107 1204 2163 commendat
1230 2109 1721 2180 puerum,litteris
1752 2110 1978 2166 institui
1994 2112 2090 2182 ju-

438 2187 604 2254 bens,
627 2193 690 2245 et
720 2190 779 2246 in
811 2191 1060 2250 Domino
1090 2197 1409 2268 proiicere;
1444 2199 1714 2256 adultum
1756 2216 1892 2256 vero
1921 2199 2085 2256 reddi

435 2275 570 2344 sibi,
601 2295 702 2335 seu
736 2281 932 2351 potius
962 2283 1249 2356 Ecclesiae,
1283 2291 1348 2343 ut
1392 2289 1581 2355 Anna,
1610 2288 1712 2357 ait,
1751 2288 2083 2345 Samuelem

432 2366 672 2425 obtulit.
702 2376 848 2428 Cum
873 2372 1212 2431 advenisset
1242 2391 1380 2449 ergo
1409 2381 1668 2452 tempus,
1700 2383 1974 2452 parentes
2003 2379 2086 2436 af-

436 2453 631 2513 ferunt
659 2458 773 2531 ipsi
804 2461 1220 2532 Athanasium,
1269 2465 1592 2540 statimque
1636 2467 1960 2525 Alexander
1988 2486 2082 2525 sa-

435 2546 726 2604 cerdotale
749 2548 862 2622 ipsi
886 2551 1085 2623 Ephod
1106 2552 1357 2627 imponit
1381 2573 1394 2624 ;
1420 2573 1640 2613 novum
1667 2557 2002 2614 Samuelem
2024 2558 2082 2613 in

435 2633 692 2693 Ecclesia
720 2643 1090 2710 promcvens,
1139 2644 1214 2698 ad
1263 2643 1545 2702 ultionem
1593 2645 2080 2720 alienigenarum.

433 2721 662 2781 Etenim
692 2726 879 2784 multa
905 2730 979 2786 ab
1007 2730 1331 2790 haresibus
1363 2751 1576 2807 passus
1603 2740 1695 2792 est
1723 2737 2081 2806 certamina;

432 2812 518 2869 ita
547 2819 614 2870 ut
633 2815 716 2871 de
742 2815 844 2873 illo
875 2818 1084 2876 dixerit
1114 2821 1400 2880 Dominus
1431 2827 1659 2881 noster:
1681 2827 1791 2898 Ego
1819 2827 1970 2882 enim
1998 2842 2083 2883 os-

432 2902 653 2959 tendam
681 2903 779 2961 illi
807 2911 1019 2979 quanta
1071 2916 1314 2982 aporteat
1370 2914 1536 2969 illum
1578 2929 1682 2982 pro
1710 2917 1937 2971 nomine
1961 2931 2082 2972 meo

430 2993 555 3063 pati
574 2994 612 3048 ¹.
632 2993 933 3066 Siquidem
957 2997 1017 3054 in
1041 2997 1212 3056 illum
1234 3003 1667 3074 conspirarunt,
1688 3020 1803 3060 non
1827 3005 2081 3078 quadra-

430 3081 595 3154 ginta
614 3083 850 3152 viri,sed
873 3090 1035 3143 tctus
1057 3087 1344 3147 heereseos
1379 3096 1564 3149 castus
1602 3109 1704 3166 per
1738 3094 2079 3151 universum

431 3171 651 3244 orbem,
681 3174 1000 3233 Athanasio
1031 3194 1165 3234 cum
1210 3181 1417 3238 Davide
1467 3182 1792 3255 psallente:
1844 3185 1908 3239 Si
1957 3202 2081 3241 con-

426 3260 624 3318 sistant
655 3263 952 3322 adversum
982 3283 1071 3324 me
1096 3273 1300 3340 castra,
1331 3288 1444 3328 non
1489 3273 1702 3329 timebit
1730 3289 1824 3330 cor
1848 3291 2033 3332 meum
2056 3291 2076 3329 :

427 3366 477 3407 ει
504 3357 764 3426 exsurgat
791 3355 1084 3413 adversum
1131 3375 1222 3416 mc
1262 3362 1552 3432 praelium,
1603 3364 1666 3418 in
1711 3364 1812 3420 hoc
1834 3379 1934 3436 ego
1961 3380 2078 3435 spe-

427 3440 563 3496 rabo
584 3441 626 3512 ²,
659 3457 753 3498 me
783 3444 1009 3502 scilicet
1039 3463 1313 3505 coronam
1361 3449 1560 3523 gloriae
1601 3459 2078 3510 consecuturum.

429 3529 716 3597 Quoniam
748 3531 933 3604 igitur
953 3535 1141 3592 multa
1161 3554 1288 3610 quae
1309 3537 1398 3593 illi
1425 3540 1701 3596 accidunt
1732 3559 2085 3600 commemo-

429 3634 559 3674 rare
588 3619 1133 3688 constitui,inﬁnita
1160 3643 1418 3699 namque
1436 3629 1497 3684 in
1521 3630 1924 3701 persecutione
1953 3649 2084 3706 per-

435 3722 646 3780 pessus
668 3708 1542 3789 est,insignioribnsgestisejus
1555 3720 1814 3776 contenti
1840 3721 2086 3791 erimus,

439 3812 570 3869 qua:
601 3798 755 3870 apud
787 3816 991 3858 omnes
1019 3803 1142 3860 viro
1165 3805 1482 3863 familiares
1511 3813 1652 3866 nota
1675 3815 1835 3866 sunt.
1859 3812 2087 3884 Impius

439 3885 642 3958 itaque
661 3887 835 3946 Arius
857 3889 1100 3949 minime
1124 3893 1592 3966 quiescebat,sed
1618 3898 1679 3955 in
1704 3899 1908 3958 exsilio
1951 3918 2087 3960 cum

441 3980 600 4032 esset
628 3975 819 4048 potuit
846 3977 1160 4051 pissimum
1190 3983 1606 4058 imperatorem
1638 3988 2088 4048 Constantinum

444 4065 906 4138 circumvenire;
935 4085 1189 4143 cumque
1218 4074 1275 4129 id
1307 4080 1433 4132 arte
1463 4093 1571 4134 sua
1601 4079 1889 4136 etl'ecisset
1919 4085 1984 4138 ut
2005 4098 2093 4138 ar-

443 4158 774 4211 cesseretur
802 4156 874 4213 ad
907 4156 1103 4230 ipsum
1134 4161 1569 4234 imperatorem,
1594 4167 1890 4241 iidemque
1919 4187 2091 4227 suam

447 4241 714 4300 adhibito
735 4247 1076 4316 juramento
1107 4250 1464 4325 descriptam
1494 4256 1882 4331 exhibuisset,
1916 4261 2092 4317 verbo

446 4332 685 4406 quidem
715 4338 887 4393 tenus
917 4343 1133 4398 nostra:
1161 4332 1292 4398 ﬁdei
1332 4343 1610 4414 similem,
1644 4365 1845 4406 revera
1874 4353 2093 4418 autem,

447 4421 705 4479 multum
727 4426 801 4482 ab
819 4443 889 4483 ea
909 4426 1361 4502 discrepantem,
1385 4433 1443 4490 in
1466 4435 1916 4495 admirationem
1938 4438 2096 4496 cadit

448 4510 790 4585 imperator,
821 4515 1146 4590 statimque
1201 4537 1337 4577 eum
1389 4521 1800 4582 Alexandriam
1846 4528 2093 4584 remisit.

2195 2104 2414 2174 πτίσας,
2470 2098 2730 2160 ἐϐούλετο
2791 2099 2959 2177 λόγον
3016 2099 3202 2163 αὑτοῖς
3259 2097 3582 2173 παρελθεῖν.
3641 2100 3878 2161 Ἐκστὰς

2195 2194 2286 2252 οὖν
2313 2195 2404 2251 ἐπὶ
2433 2200 2552 2257 τοῖς
2596 2194 2907 2270 γινομένοις
2933 2193 2978 2248 15
3027 2187 3404 2267 Ἀλέξανδρος,
3459 2187 3681 2264 ἄγεσθαι
3727 2189 3873 2263 πρὸς

2195 2283 2353 2340 αὑτὸν
2407 2282 2617 2340 κελεύει
2673 2282 2803 2346 τοὺς
2854 2278 3053 2344 παῖδας
3089 2300 3101 2312 ⁸
3157 2279 3249 2336 καὶ
3326 2276 3584 2354 ἐπιγνοὺς
3655 2279 3875 2334 ἅπαντα

2192 2371 2292 2430 ὅσα
2345 2373 2559 2449 ἐγένετο
2591 2419 2607 2445 ,
2667 2372 2863 2446 γνώμῃ
2934 2374 3041 2426 τῶν
3117 2367 3502 2445 συγκληρικῶν
3569 2369 3698 2429 τούς
3763 2367 3868 2440 μὲν

2191 2460 2389 2525 παῖδας
2443 2461 2572 2525 τοὺς
2625 2461 3008 2537 βαπτισθέντας
3055 2457 3384 2535 ἐπιχρίσας,
3438 2460 3509 2531 τῇ
3563 2455 3617 2511 ἐν
3673 2455 3865 2533 Κυρίῳ

2193 2549 2449 2631 σφραγῖδι
2499 2549 2785 2607 ἐτελείωσε
2817 2571 2830 2586 ο
2862 2550 2989 2612 τοὺς
3039 2547 3099 2605 δέ
3147 2550 3504 2624 γεννήσαντας
3551 2546 3644 2602 τὸν
3698 2545 3864 2601 Ἀθα-

2189 2643 2372 2697 νώσιον
2418 2638 2777 2717 συγκαλέσας,
2823 2640 3084 2715 παρέθετο
3133 2637 3292 2694 αὑτὸν
3339 2636 3548 2704 αὐτοῖς,
3591 2632 3858 2698 κελεύσας

2189 2730 2475 2788 παιδεῦσαι
2522 2731 2825 2808 γράμματα
2871 2729 3057 2796 αὐτὸν,
3107 2729 3198 2785 καὶ
3251 2727 3303 2784 ἐν
3351 2729 3430 2802 (a)
3478 2725 3664 2803 Κυρίῳ
3714 2745 3857 2802 προ-

2191 2822 2460 2897 ϐιϐάζειν,
2501 2821 2723 2896 ἡϐῶντα
2768 2821 2826 2880 δὲ
2869 2823 3016 2897 αὑτῷ
3065 2821 3380 2895 ἀποδοῦναι,
3431 2820 3648 2896 μᾶλλον
3694 2819 3754 2876 δέ
3781 2824 3856 2895 τῇ

2188 2915 2507 2988 Ἐκκλησίᾳ,
2561 2915 2637 2978 ὡς
2681 2917 2716 2984 ἡ
2765 2916 2950 2986 Ἅννα,
3004 2913 3174 2993 φησὶ,
3216 2913 3309 2968 τὸν
3373 2909 3640 2985 Σαμουὴλ
3697 2909 3858 2965 ἐποίε-

2189 3028 2341 3079 ησεν.
2373 3000 2681 3080 Ηροϐάντος
2733 3001 2823 3060 οὗν
2871 3008 2969 3058 τοῦ
3017 3006 3232 3078 καιροῦ,
3285 3002 3338 3058 οἱ
3388 3006 3570 3078 γονεῖς
3614 2999 3856 3077 προσφέ-

2189 3117 2372 3174 ρουσιν
2422 3094 2570 3166 αὐτῷ
2619 3093 2711 3149 τὸν
2766 3093 3075 3149 Ἀθανάσιον
3109 3138 3122 3165 ,
3173 3091 3265 3147 καὶ
3311 3090 3463 3154 εύθύς
3511 3091 3540 3145 ὁ
3596 3087 3857 3160 Ἀλέξαν-

2189 3184 2316 3261 δρος
2362 3185 2427 3240 τὸ
2475 3181 2744 3259 ἱερατικὸν
2797 3181 2944 3255 αύτῷ
2994 3178 3158 3261 ἐφοὺδ
3208 3182 3547 3258 περιτίθησι,
3595 3180 3716 3234 νέον
3749 3183 3859 3233 Σα-

2197 3272 2380 3350 μουὴλ
2439 3277 2508 3348 τῇ
2576 3269 2874 3344 Ἐκκλησία
2940 3265 3292 3348 προϐιϐάζων
3347 3269 3425 3333 είς
3483 3268 3690 3344 ἄμυναν
3747 3271 3858 3323 τῶν

2193 3360 2549 3442 ἀλλοφύλων.
2583 3361 2683 3417 Καὶ
2726 3361 2831 3438 γὰρ
2860 3357 3134 3431 ,πολλοὺς
3179 3359 3398 3436 ἀγῶνας
3431 3359 3713 3432 ὑπέμεινεν
3751 3357 3858 3412 ἀπὸ

2188 3457 2295 3510 τῶν
2329 3453 2607 3528 αἱρέσεων·
2637 3449 2777 3506 ὥστε
2821 3449 2912 3504 καὶ
2953 3449 3028 3514 εἷς
3081 3447 3240 3505 αὑτὸν
3299 3448 3467 3504 εἰπεῖν
3514 3447 3606 3503 τὸν
3657 3445 3858 3523 Κύριον

2190 3547 2370 3617 ἡμῶν·
2405 3567 2434 3595 ‹‹
2485 3541 2631 3616 Ἐγὼ
2688 3540 2792 3616 γὰρ
2849 3538 2996 3612 αὐτῷ
3057 3535 3345 3610 ὑποδείξω,
3399 3536 3498 3593 ὅσα
3554 3533 3638 3592 δεῖ
3695 3535 3858 3592 αὑτὸν

2195 3633 2328 3710 ὑπὲρ
2372 3634 2470 3688 τοῦ
2522 3628 2793 3703 ὀνόματός
2847 3650 2951 3703 μου
3000 3629 3210 3686 παθεῖν.
3245 3651 3274 3680 ³³
3304 3629 3424 3683 "Ott
3473 3626 3566 3682 καὶ
3609 3625 3860 3700 συνωμό-

2194 3744 2308 3779 σιον
2337 3724 2414 3797 (b)
2445 3720 2508 3776 οὑ
2554 3720 2952 3794 τεσσαράκοντα
3003 3714 3192 3795 ἄνδρες
3238 3718 3357 3773 κατ’
3402 3715 3568 3772 αὑτοῦ
3615 3713 3859 3784 ἐποίουν,

2197 3809 2343 3868 ἀλλὰ
2370 3815 2474 3865 πᾶν
2504 3810 2568 3864 τὸ
2595 3807 2811 3878 πλῆθος
2854 3814 2958 3878 τῆς
2978 3807 3267 3884 σαὶρέσεως
3313 3805 3378 3861 τὸ
3409 3805 3509 3860 ἀνᾶ
3552 3810 3724 3860 πᾶσαν
3754 3806 3859 3874 τὴν

2197 3899 2523 3973 οἰκουμένην
2549 3945 2564 3970 ,
2621 3900 2720 3954 τοῦ
2776 3897 3092 3953 ’Δθανασίου
3154 3896 3289 3970 μετὰ
3335 3898 3434 3950 τοῦ
3493 3893 3658 3950 Δουὶδ
3714 3892 3860 3968 ψάλ-

2198 3987 2389 4051 λοντος
2425 4005 2438 4018 ·
2475 4011 2503 4039 ί(
2537 3985 2656 4042 Ἐὰν
2708 3985 3082 4063 παρατάξηται
3129 3982 3212 4040 ἐπ’
3263 3983 3363 4059 ἐμὲ
3408 3978 3762 4060 παρεμϐολὴ,
3797 3982 3862 4039 οὸ

2199 4072 2567 4155 φοϐηθήσεται
2616 4077 2652 4145 ἡ
2701 4073 2900 4150 καρδία
2951 4095 3056 4149 μου
3111 4091 3125 4108 ⁸
3177 4073 3266 4129 καὶ
3315 4073 3405 4130 ἐὰν
3454 4073 3722 4143 ἐπαναστῆ
3779 4071 3864 4129 ἐπ’

2201 4167 2301 4243 ἐμὲ
2345 4163 2616 4240 πόλεμος,
2651 4164 2703 4220 ἐν
2734 4163 2902 4240 ταύτῃ
2950 4163 3061 4241 ἐγὼ
3092 4162 3323 4237 ἐλπίζω,
3357 4187 3386 4217 ››
3419 4163 3673 4242 στέφανον
3703 4162 3865 4235 νίκης

2199 4255 2506 4332 περιθέσθαι
2540 4251 2780 4328 δηλαδίι.
2827 4251 3046 4325 Ἐπειδή
3095 4251 3187 4309 οὗν
3235 4257 3304 4310 τὰ
3348 4251 3538 4311 πολλὰ
3580 4256 3689 4308 τῶν
3734 4269 3871 4327 συμ-

2202 4342 2412 4404 ϐάντων
2491 4343 2638 4418 αὐτῷ
2713 4342 2982 4401 δωοθῦναι
3042 4341 3371 4418 διεταξάμην
3427 4363 3442 4380 ⁸
3503 4340 3702 4420 ἄπειρα
3757 4344 3866 4420 γὰρ

2204 4436 2404 4507 ὑπέστη
2458 4431 2820 4507 διωκόμενος’
2870 4437 2990 4497 ταῖς
3038 4432 3461 4508 ἐπισημοτέραις
3501 4431 3674 4489 αὐτοῦ
3723 4432 3866 4508 πρά-

2202 4526 2341 4599 ξεσιν
2397 4524 2856 4602 ἆρκεσθησώμεθα
2910 4524 3024 4598 (ε),
3082 4522 3139 4578 αἳ
3194 4519 3286 4578 καὶ
3342 4522 3491 4599 παρὰ
3559 4525 3691 4576 πᾶσι
3745 4525 3866 4584 τοῖς

449 4602 594 4660 Cum
624 4603 1039 4680 veniretigitur
1056 4607 1488 4682 Alexandriam,
1507 4619 1752 4672 sanctus
1775 4615 2086 4674 Alexander

2202 4615 2508 4693 γνωρίμοις
2564 4617 2660 4669 τοῦ
2711 4610 2904 4688 ἀνδρὸς
2951 4608 3211 4684 ᾅδονται.
3261 4608 3477 4689 ’Δρείου
3531 4610 3711 4666 τοίνυν
3769 4613 3869 4667 τοῦ

446 4693 876 4752 Alexandrinus
907 4697 1238 4772 episcopus,
1271 4717 1404 4757 cum
1436 4702 1681 4760 minime
1727 4708 1982 4779 recepit:
2015 4707 2086 4764 in-

2209 4699 2503 4767 δυσσεϐοῦς
2553 4705 2631 4778 μὴ
2683 4703 3081 4778 ἡσυχάζοντος,
3129 4697 3280 4757 ἀλλὰ
3321 4699 3413 4757 καὶ
3462 4699 3516 4756 ἐν
3569 4699 3752 4776 ἐξορίᾳ
3778 4694 3870 4755 ἔν-

451 4781 707 4856 stigante
733 4790 909 4858 atque
939 4786 1218 4846 incitante
1247 4795 1450 4864 sancto
1479 4792 1826 4865 Athanasio,
1845 4800 1975 4852 tum
2007 4814 2086 4854 ar-

2206 4816 2306 4858 τος
2357 4840 2372 4867 ,
2431 4794 2522 4850 καὶ
2603 4789 2928 4864 δυνηθέντος
2987 4787 3076 4846 διὰ
3122 4793 3233 4846 τῶν
3320 4789 3643 4870 ὁμοφρόνων
3705 4787 3870 4846 αὑτοῦ

449 4871 794 4929 chidiaccno
819 4891 832 4930 :
856 4891 992 4931 eum
1021 4892 1280 4950 namque
1301 4878 1470 4950 quasi
1492 4895 1615 4936 rem
1641 4881 2086 4940 abominandam

2207 4884 2542 4960 συναρπάσαι
2613 4881 2705 4937 τὸν
2773 4875 3156 4937 ἐὐσεϐέστατον
3238 4878 3467 4956 βασιλέα
3536 4884 3872 4936 Κωνσταντῖ-

447 4963 964 5038 exsecrabatur,qu
973 4966 1044 5022 od
1059 4965 1272 5023 iterum
1314 4967 1766 5040 vellethasresim
1781 4973 2086 5032 concitare.

2203 4995 2320 5044 νον,
2363 4975 2454 5030 καί
2499 4968 2870 5041 ἀνακληθῆναι
2929 4970 3068 5045 πρὸς
3125 4967 3287 5026 αὐτὸν
3343 4968 3454 5026 ἀπὸ
3503 4975 3605 5040 τῆς
3655 4966 3871 5045 ἐξορίας

444 5053 662 5111 Exhoc
686 5054 869 5128 igitur
920 5054 1138 5113 iterum
1192 5057 1472 5131 lEgyptus
1529 5060 1901 5118 turbabatur.
1943 5065 2086 5121 Tum

2204 5062 2746 5141 παρασκευάσαντος,
2785 5058 2877 5117 καὶ
2931 5058 3225 5134 ἐνωμότως
3281 5057 3372 5115 καὶ
3431 5057 3723 5138 ἐγγράφως
3779 5057 3873 5116 αύ-

445 5143 735 5202 Eusebius
783 5143 1247 5203 Nicomediensis
1297 5146 1525 5207 litteras
1562 5149 1744 5224 misit,
1775 5149 2086 5226 imperato-

2200 5157 2298 5210 τοῦ
2357 5151 2646 5227 ἐκθεμένου
2700 5151 2800 5222 τήν
2858 5149 3068 5223 πίστιν,
3129 5147 3324 5226 λόγοις
3381 5148 3480 5224 μὲν
3538 5147 3747 5206 ἐοικόσι
3801 5151 3870 5223 τῇ

443 5249 688 5308 remque
718 5235 791 5292 ad
817 5234 1195 5292 scribendum
1224 5236 1557 5295 concitavit.

2201 5244 2444 5318 ἡμετέρᾳ
2472 5241 2653 5298 πίστει
2679 5241 2785 5316 (ἀ),
2812 5244 2933 5304 ταῖς
2965 5237 3024 5297 δὲ
3071 5236 3356 5311 ἀληθείαις
3407 5239 3556 5316 παρὰ
3592 5236 3739 5295 πολύ
3769 5235 3874 5295 διες

446 5325 668 5391 στῶσιν,
737 5323 814 5386 είς
883 5321 1124 5380 ἔκστασιν
1188 5325 1280 5380 τὸν
1343 5323 1571 5402 βασιλέα
1633 5334 1962 5403 περιπεσεῖν,
2025 5330 2164 5388 ὥστε
2209 5331 2410 5396 εὐθέως
2489 5329 2581 5388 καὶ
2654 5337 3004 5409 παραχρῆμα
3074 5328 3156 5392 εἱς
3251 5327 3657 5408 Ἀλεξάνδρειαν
3740 5329 3875 5402 μετὰ

446 5417 618 5484 τιμῆς
683 5410 841 5468 αὐτὸν
910 5412 1205 5489 ἐκπέμψαι.
1270 5410 1657 5473 Καταλαϐόντα
1721 5415 1814 5474 οὖν
1852 5419 2012 5477 αὐτὸν
2051 5423 2151 5492 τήν
2208 5419 2658 5497 Ἀλεξάνδρειαν,
2715 5417 2866 5485 ὅσιος
2936 5415 3296 5492 ’Δλέξανδοος
3372 5419 3402 5477 ὁ
3457 5425 3561 5490 τῆς
3618 5414 3874 5491 ’Δλεξαν-

510 5510 534 5546 ί
559 5514 688 5569 Act.
719 5529 797 5582 ix,
830 5515 917 5571 16.
993 5515 1016 5550 ³
1045 5513 1196 5572 Psal.
1227 5532 1384 5585 xxvr,
1413 5517 1469 5572 3.

509 5613 592 5687 (a)
632 5610 1202 5687 Palat.,_7_swﬁ1:opa¢
1245 5617 1345 5670 τοῦ
1391 5614 1784 5677 Ἀθανασίου...
1813 5614 2099 5675 παιδεῦσαι

434 5683 745 5759 γρᾴμμασι,
777 5683 866 5740 καὶ
886 5683 971 5743 ἐν.

506 5755 824 5831 (δραμε,
855 5757 1297 5832 συννομοθὲσιον.

2283 5620 2354 5696 (ο)
2389 5618 2594 5688 Palat.,
2623 5613 3089 5696 ἀρκεσθησμόιθαρ.
3119 5618 3283 5678 tum
3307 5617 3466 5680 idem
3511 5619 3613 5676 eos
3638 5610 3874 5683 ἂσεϐδῦξ

2215 5691 2361 5838 Palii)
2384 5761 2500 5823 Sic.
2533 5761 2744 5836 Palat.,
2775 5760 3052 5842 ἡμετέραν
3066 5757 3274 5824 πίστιν,
