4146 6396
1129 401 1315 463 VITA
1362 402 1431 463 S.
1475 396 1899 462 ATHANASII
1944 397 2048 459 EX
2096 395 2709 462 METAPHRASTE.

3433 423 3628 472 οοκιν
3650 454 3653 459 ι

236 537 383 616 δρὲων
441 533 756 608 ἐπίσκοπος,
815 532 914 589 οὑκ
973 530 1207 605 ἐδέξατο,
1269 536 1664 609 παρορμῶντος
1719 526 1878 585 αὐτὰν
1935 528 2025 584 καὶ
2086 526 2448 605 διεγείροντος
2504 529 2643 607 πρὸς
2698 536 2860 588 τοῦτο
2916 538 3015 590 τοῦ
3074 537 3233 612 ἁγίου
3291 538 3633 614 Ἀθανασίου,

235 628 342 683 τότε
382 622 531 687 ὄντες
562 620 951 701 ἀρχιδιακόνου
984 642 997 657 ’
1033 623 1109 686 ὡς
1132 627 1313 696 μῦσος
1345 623 1450 699 γὰρ
1486 619 1646 676 αὐτὸν
1696 619 2003 693 ἐξετρὲπετο
2036 616 2187 682 αὖθις
2218 620 2483 676 ἀνακινεῖν
2517 620 2901 698 ἐπιχειροῦντα
2927 625 3026 693 τήν
3060 623 3284 703 α’ίρεσιν.
3317 629 3413 684 Ἐκ
3438 630 3637 686 τούτου

174 708 178 713 ’
235 718 313 773 οόν
352 713 509 771 πάλιν
559 716 596 784 ἡ
648 710 924 788 Αἴγυπτος
972 712 1312 785 ἐταράττετο.
1361 712 1493 767 Τότε
1542 708 1609 781 δὴ
1663 709 1754 765 καὶ
1803 707 2011 785 οἱπερὶ
2062 704 2317 764 Εὐσέϐιον
2357 709 2450 766 τὸν
2505 709 2823 785 Νικομηδία
2852 711 3007 768 αὑτοί
3032 734 3094 769 τε
3136 710 3394 795 ἔγραφον,
3424 718 3637 775 καὶτὸν

236 804 439 883 βασιλέα
462 804 687 882 γράφειν
720 801 1145 880 παρεσκεύαζον.

289 901 338 952 2.
365 868 672 956 Ἀθανάσοιος
722 868 815 967 μὲν
867 890 958 947 οὖν
1006 893 1182 961 πςιίντθιρι
1232 895 1329 946 τοῦ
1378 888 1621 961 δέξασθαι
1673 886 1908 957 αὐτοὺς,

2051 891 2105 943 2.
2142 890 2498 948 Athanasius
2531 909 2722 965 porro,
2746 911 2819 951 ne
2849 895 3249 969 reciperentur
3266 898 3639 971 prohibebat,

229 983 515 1059 ἀπηγόρευε
546 1030 561 1056 ,
609 983 699 1039 καὶ
750 982 889 1057 πρὸς
934 982 1025 1037 τὸν
1095 978 1322 1058 βασιλέα
1370 980 1593 1057 γράφων
1645 977 1735 1033 σὺν
1793 981 1873 1049 τῷ

227 1072 485 1146 ἐπισκόπῳ
529 1068 875 1149 Ἀλεξάνδρῳ
925 1068 1197 1127 ἐδίδασκεν
1248 1070 1382 1125 εἶναι
1430 1069 1559 1131 τοὺς
1604 1067 1741 1138 ἅπαξ
1768 1068 1868 1135 τὴν

224 1164 384 1218 πίστιν
442 1163 801 1233 ἀθετήσαντας
833 1208 849 1235 ,
892 1162 982 1216 καὶ
1040 1160 1552 1234 ἀναθεματισθὲντας
1610 1156 1759 1219 αὖθις
1820 1154 1871 1227 ἐξ

225 1254 553 1329 ὑποστροφῆς
607 1253 683 1325 μὴ
735 1245 1273 1327 προσλαμϐάνεσθαι.
1321 1249 1453 1304 Τότε
1502 1250 1529 1304 6
1591 1245 1871 1324 βασιλεὺς,

226 1342 416 1419 βαρέως
448 1341 781 1417 ὑπενεγκὼν,
836 1340 939 1396 ὑπὸ
985 1344 1093 1396 τῶν
1138 1339 1263 1415 περὶ
1312 1333 1571 1395 Εύσὲϐιον
1603 1339 1742 1415 πρὸς
1778 1336 1871 1412 ὀρ-

219 1432 312 1507 γὴν
339 1429 601 1503 κινηθεὶς,
631 1427 764 1487 τάδε
786 1434 866 1503 τῷ
895 1428 1039 1506 ἁγίῳ
1067 1428 1375 1502 Ἀθανασίῳ
1420 1430 1644 1507 γράφων
1715 1423 1872 1496 ἠπεί-

218 1520 279 1593 λη
288 1541 368 1577 σεν
379 1564 393 1581 .

214 1628 378 1706 Μέρος
440 1625 744 1698 ἐπιστολῆς
818 1630 958 1706 τοῦΔ
997 1622 1268 1706 βασιλέως
1343 1626 1480 1701 πρὸς
1548 1624 1641 1680 τὸν
1715 1623 1869 1698 ἅγιον

870 1698 1211 1757 Ἀθανάσιον.

277 1812 303 1840 ‹‹
332 1789 514 1867 Ἕχων
546 1788 735 1844 τοίνυν
768 1794 871 1859 τῆς
902 1786 1044 1862 ἐμῆς
1080 1785 1288 1863 βουλῆς
1320 1787 1382 1842 τὸ
1412 1787 1869 1863 γνώρισμα,πᾶσι

212 1882 316 1941 τοῖς
350 1877 719 1953 βουλομένοις
769 1878 844 1941 είς
888 1880 989 1947 τὴν
1040 1875 1371 1947 Ἐκκλησίαν
1423 1874 1681 1931 εἰσελθεῖν
1725 1877 1870 1931 ἀκώ-

217 1963 362 2021 λυτον
388 1967 686 2042 παράσχου
733 1967 833 2036 τήν
886 1962 1115 2023 εἷ’σοδον.
1149 1966 1272 2020 Ἐὰν
1319 1965 1423 2042 γὰρ
1456 1965 1585 2019 ὡσεὶ
1631 1963 1873 2019 κεκώλυ-

1982 979 2302 1052 missisque
2324 998 2458 1037 cum
2489 983 2761 1055 episcopo
2786 984 3110 1041 Alexandro
3136 987 3638 1059 adimperatorem

1964 1067 2217 1143 litteris,
2242 1070 2440 1127 docuit
2470 1070 2766 1144 illum,eos
2789 1075 2887 1145 qui
2915 1074 3283 1132 semelﬁdem
3300 1083 3633 1150 negassent,

1981 1161 2039 1213 et
2068 1159 2440 1217 anathemate
2484 1163 2746 1233 percussi
2799 1168 3016 1233 essent,
3049 1166 3362 1222 redeuntes
3392 1168 3657 1225 minime.

1980 1263 2110 1302 esse
2139 1248 2524 1320 recipiendos.
2557 1251 2709 1306 Tum
2750 1252 3089 1325 imperator,
3120 1269 3247 1329 rem
3278 1255 3519 1328 indigne
3552 1256 3639 1312 fe-

1980 1353 2139 1408 rens,
2172 1338 2246 1393 ab
2278 1338 2527 1395 Eusebio
2583 1346 2915 1397 commotus
2963 1343 3035 1398 ad
3078 1343 3249 1410 iram,
3281 1344 3403 1400 hac
3432 1348 3637 1402 sancto

1980 1426 2302 1483 Athanasio
2333 1428 2596 1486 scribens
2626 1428 2888 1487 minatus
2919 1435 3029 1487 est.

1980 1605 2127 1660 Pars
2155 1605 2403 1678 epistola?
2449 1609 2798 1680 imperatoris
2834 1609 2905 1665 ad
2949 1618 3201 1667 sanctum
3249 1612 3639 1691 Athanasium.

2057 1784 2231 1839 «Cum
2249 1783 2444 1857 itaque
2458 1786 2818 1844 voluntatem
2835 1804 3025 1846 meam
3040 1796 3400 1865 compertam
3426 1793 3657 1854 habeas-

1981 1872 2257 1930 omnibus
2269 1874 2369 1946 qui
2390 1874 2451 1930 in
2473 1876 2780 1933 ecclesiam
2797 1878 3025 1950 ingredi
3050 1879 3362 1954 voluerint,
3384 1882 3661 1942 liberum.

1980 1962 2305 2033 permittite
2336 1965 2585 2021 aditum.
2620 1966 2782 2030 Quod
2816 1967 2865 2023 si
2898 1970 3210 2042 quospiam
3241 1971 3510 2029 Ecclesiae
3542 1975 3648 2031 ad-

215 2056 303 2119 κάς
325 2076 474 2119 τινας
508 2055 693 2111 αὐτῶν
741 2063 843 2126 τῆς
894 2053 1223 2127 Ἐκκλησίας
1278 2055 1800 2129 μεταποιουμένους,
1833 2054 1869 2123 ἢ

2004 2051 2145 2124 ungi
2174 2051 2435 2110 volentes
2464 2052 2823 2124 cohibueris,
2848 2058 3201 2131 aditumque
3221 2059 3339 2117 illis
3365 2060 3647 2121 interclu-

217 2144 454 2223 ἀπεῖρξας
484 2152 593 2216 τῆς
628 2142 862 2217 εἰσόδου,
909 2142 1199 2199 ἀποστελῶ
1244 2150 1593 2221 παραχρῆμα
1638 2144 1731 2199 τὸν
1779 2143 1871 2198 καὶ

1981 2141 2150 2209 seris,
2184 2140 2413 2199 mittam
2448 2145 2960 2217 quamplurimum
2992 2148 3094 2220 qui
3124 2152 3181 2204 te
3203 2148 3376 2221 jussu
3395 2166 3522 2208 meo
3543 2152 3647 2210 de-

216 2235 609 2311 καθαιρήσοντά
637 2254 696 2290 σε
745 2234 797 2306 ἐξ
849 2233 989 2311 ἐμῆς
1019 2231 1343 2308 κελεύσεως,
1375 2235 1467 2290 καὶ
1494 2235 1586 2289 τὸν
1612 2232 1779 2289 τόπον
1814 2253 1873 2287 σε
1902 2265 1908 2331 ἶ

2004 2234 2181 2299 ionat,
2214 2234 2271 2287 et
2299 2248 2368 2288 ex
2399 2234 2642 2290 sedibus
2673 2236 2992 2293 transferat
3018 2238 3160 2294 tuis.
3188 2260 3218 2289 »

220 2327 637 2398 μεταστήσοντα.
673 2348 702 2377 ››

279 2415 517 2489 Ὁμοίως
570 2411 632 2469 δὶ
676 2415 774 2469 κπὶ
819 2418 900 2487 τῷ
931 2412 1213 2487 ἐπισκόπῳ
1243 2409 1589 2489 Ἀλεξάνδρῳ
1635 2410 1728 2467 ἷίσα
1756 2411 1881 2488 περὶ

235 2502 419 2581 Δρείου
476 2503 688 2583 ἔγραφε
722 2547 734 2561 .
793 2507 1027 2559 Τοιαῦτα
1082 2503 1176 2577 μὲν
1245 2500 1474 2581 ἔγραφεν
1533 2504 1561 2558 6
1625 2500 1882 2577 βασιλεὺς

219 2596 306 2647 τοῦ
329 2590 661 2656 λυσιτελοῦς
692 2592 1006 2669 γινόμενος,
1034 2592 1125 2648 καὶ
1158 2592 1233 2666 μὴ
1271 2590 1610 2668 βουλόμενος
1639 2593 1739 2661 τῆν
1767 2595 1885 2646 Ἐκ-

219 2679 438 2753 κλησίαν
471 2680 824 2738 διασπᾶσθαι·
871 2681 1003 2746 τοὺς
1048 2683 1152 2758 γὰρ
1200 2683 1405 2745 πάντας
1454 2680 1542 2737 ἐπὶ
1592 2683 1692 2751 τήν
1742 2681 1884 2755 ὁμό-

213 2792 348 2827 νοιαν
402 2770 566 2849 ἄγειν
618 2770 935 2843 ἐσπούδαζε.
985 2771 1284 2846 Δεξάμενος
1337 2769 1396 2827 δὲ
1443 2773 1472 2826 6
1525 2769 1885 2849 Ἀλέξανδρος

215 2863 350 2938 παρά
374 2867 471 2918 τοῦ
503 2860 787 2940 βασιλέως
827 2862 896 2916 τὰ
944 2862 1264 2937 γράμματα,
1298 2861 1389 2915 καὶ
1438 2858 1629 2937 ὀλίγον
1659 2855 1886 2916 ἐπιϐιώ-

218 2972 304 3015 σας
354 2951 604 3030 χρόνσν,
660 2951 914 3029 μακαρίῳ
962 2949 1111 3006 τὲλει
1174 2947 1536 3024 μεταλλάττει
1590 2950 1683 3006 τὸν
1743 2950 1883 3026 βίον.

227 3041 538 3104 ’Δθανάσιος
590 3038 648 3096 δὲ
692 3047 796 3111 τῆς
838 3040 1138 3116 ἱερωσύνης
1183 3041 1282 3109 τήν
1326 3037 1669 3116 λειτουργίαν
1702 3037 1891 3095 ὑπεδέ-

229 3129 362 3200 ξατο.
393 3134 530 3194 Οἷος
584 3127 642 3186 δὲ
687 3131 755 3201 ἦν
802 3128 1091 3206 νουνεχείᾳ
1135 3128 1226 3184 καὶ
1272 3132 1342 3203 τῇ
1392 3124 1637 3201 εὐσεϐείᾳ
1682 3130 1773 3185 καὶ
1818 3133 1887 3205 τῇ

227 3221 353 3275 κατά
400 3222 504 3290 τῆν
564 3217 911 3290 Ἐκκλησίαν.
942 3215 1291 3291 διατυπώσει,
1339 3218 1407 3273 τά
1455 3218 1580 3289 ἑξῆς
1624 3215 1886 3290 δηλώσει.

228 3313 350 3386 Παρ’
380 3310 426 3383 ᾧ
453 3309 555 3366 καὶ
586 3308 850 3385 αἱρετικοὶ
884 3306 1223 3383 ἐπιγνόντες,
1280 3304 1366 3362 ὅτι
1400 3305 1616 3383 ἐξάρχει
1640 3314 1741 3376 τῆς
1772 3308 1893 3362 Ἐκ-

227 3398 469 3470 κλησίας,
527 3399 597 3453 τὰ
648 3399 743 3471 μὶν
790 3401 984 3474 πρῶτα
1033 3397 1345 3452 συνέπεσονο
1397 3393 1550 3458 αὖθις
1604 3394 1662 3451 δὲ
1715 3394 1890 3459 οὕτως

228 3485 365 3560 αὖτῷ
396 3493 496 3563 μιᾷ
529 3487 728 3563 γνώμῃ
759 3481 1197 3560 συμϐάλλουσιν,
1227 3484 1388 3555 ὥστε,
1438 3484 1485 3539 εί
1538 3486 1650 3561 χρή
1684 3482 1888 3561 λέγειν,

2074 2413 2358 2485 Episcopo
2388 2411 2529 2468 item
2560 2412 2892 2470 Alexandro
2926 2414 3091 2487 paria
3119 2416 3191 2471 de
3218 2416 3355 2472 Ario
3384 2418 3644 2492 scripsit.

1994 2508 2063 2564 Et
2079 2503 2420 2576 hujusmodi
2447 2503 2686 2571 quidem
2704 2503 3022 2576 imperator
3043 2505 3283 2578 scripsit
3295 2506 3423 2563 utili
3445 2526 3655 2583 propo-

1996 2597 2128 2667 sito,
2161 2594 2319 2667 quod
2343 2591 2524 2649 nollet
2552 2592 2867 2649 Ecclesiam
2893 2594 3141 2650 distrahi
3166 2611 3179 2651 :
3208 2611 3414 2653 omnes
3435 2598 3657 2673 quippe

1995 2687 2067 2742 ad
2100 2682 2474 2742 concordiam
2526 2698 2697 2754 agere
2737 2683 3100 2755 peroptabat.
3157 2685 3303 2741 Cum
3336 2688 3675 2760 accepisset

1995 2774 2322 2832 Alexander
2352 2772 2427 2828 ab
2467 2771 2810 2842 imperatore
2860 2772 3106 2845 litteras,
3158 2791 3343 2846 pauco
3389 2780 3665 2851 tempore.

1998 2867 2296 2937 superstes
2326 2862 2496 2918 beato
2525 2860 2642 2916 ﬁne
2662 2861 2841 2917 vitam
2876 2860 3106 2919 clausit.
3133 2864 3494 2924 Athanasius
3520 2885 3657 2926 vero

1999 2951 2310 3010 sacerdotii
2345 2949 2741 3006 ministerium
2764 2951 3008 3024 excepit.
3033 2952 3234 3017 Qualis
3264 2971 3436 3027 porro
3459 2958 3657 3027 fuerit,

1998 3041 2333 3117 prudentia,
2365 3040 2601 3113 pietate,
2662 3039 2931 3097 Ecclesia
2990 3043 3522 3116 administratione,
3573 3064 3659 3104 se-

2001 3131 2243 3207 quentia
2272 3130 2673 3186 declarabunt.
2699 3129 2961 3186 Haeretici
2982 3148 3154 3202 porro
3184 3149 3317 3189 cum
3349 3151 3662 3207 cognosce-

2000 3219 2412 3278 rentEcclesiaa
2434 3218 2603 3274 illum
2622 3235 2890 3291 praeesse,
2909 3219 3166 3291 primum
3181 3221 3378 3279 animo
3391 3225 3658 3282 concide-

2001 3308 2707 3367 runt.Deindeveroillnm
2723 3325 2838 3363 uno
2853 3308 3049 3365 animo
3062 3312 3324 3382 aggressi
3337 3313 3660 3386 suntquasi

2000 3405 2066 3456 ut
2095 3401 2179 3455 ita
2202 3399 2418 3465 dicam,
2446 3396 2794 3453 memoriam
2826 3396 2987 3453 illius
3033 3398 3105 3454 de
3135 3403 3292 3456 terra
3320 3400 3525 3458 tollere
3557 3418 3658 3458 cu-

2003 3492 2221 3557 rarent,
2247 3485 2744 3559 quemadmodum
2774 3485 2963 3541 Judmi
2980 3490 3183 3543 contra
3206 3488 3515 3546 Dominum
3534 3507 3673 3554 mos

226 3576 283 3631 τὸ
327 3576 683 3651 μνημόσυνον
732 3575 898 3631 αὑτοῦ
947 3573 1007 3630 ἐκ
1058 3581 1158 3645 τῆς
1208 3581 1315 3649 γῆς
1362 3572 1660 3650 περιελεῖν,
1710 3576 1890 3638 καθὼς

2004 3577 2094 3633 liti
2128 3581 2286 3632 sunt.
2338 3574 2550 3630 Statim
2590 3590 2849 3647 namque
2881 3573 2978 3631 ille
3008 3574 3281 3633 Ecclesiae
3308 3579 3663 3652 prapositus

232 3666 279 3719 οἱ
307 3637 565 3722 ’ίουδάῖοι
608 3666 748 3721 κατὰ
783 3669 884 3721 τοῦ
931 3637 1131 3740 Κυρίου
1186 3637 1525 3739 ἐλογίσαντο.
1578 3637 1709 3742 Παρ’
1758 3637 1892 3720 αὑτά

2008 3666 2138 3733 fuit,
2172 3664 2455 3721 Eusebius
2498 3667 2556 3719 et
2586 3637 3035 3735 socii,‘invisum
3087 3637 3369 3724 habentes
3412 3637 3667 3727 Athana-

230 3756 325 3831 γὰρ
381 3755 547 3818 εὐθὺς
594 3754 931 3830 προστάντος
1005 3753 1170 3809 αὑτοῦ
1244 3760 1347 3823 τῆς
1404 3751 1735 3824 Ἐκκλησίας
1771 3799 1785 3825 ,
1844 3776 1897 3835 οἱ

230 3845 346 3921 περὶ
400 3839 666 3901 Εὑσέϐιον
695 3891 710 3919 ,
763 3844 1019 3921 ἀπεχθῶς
1075 3844 1213 3918 πρὸς
1269 3844 1582 3900 Ἀθανάσιον
1638 3841 1895 3929 ἔχοντες,

233 3934 326 3991 οὑκ
352 3937 599 4012 ἠρέμουν
658 3937 757 4009 (ιιι)⁸
791 3934 917 3989 τότε
974 3930 1040 4003 δὴ
1091 3934 1279 4009 καιρὸν
1341 3930 1589 4011 εὔκαιρον
1646 3936 1746 4003 τήν
1803 3938 1901 3989 τοῦ

239 4022 499 4097 βασιλέως
532 4021 714 4094 λύπην
768 4023 1039 4099 ὑπουργὸν
1091 4017 1398 4096 ἐλάμϐανον
1446 4028 1545 4078 τοῦ
1596 4021 1736 4079 ἰδίου
1776 4045 1902 4079 σκο-

232 4117 349 4169 ποῦ·
381 4114 474 4170 καὶ
508 4111 601 4168 διὰ
642 4117 807 4169 τοῦτο
854 4114 1030 4168 πάντα
1076 4111 1305 4182 ἐκίνουν,
1357 4113 1684 4183 ἀποκινῆσαι
1734 4113 1897 4169 αὐτὸν

234 4208 329 4272 τῆς
388 4203 697 4273 ἐπισκοπῆς
750 4199 1168 4275 σπουδάζοντες,
1227 4201 1304 4265 ὡς
1366 4201 1637 4273 ἀναξίως,
1697 4203 1901 4282 φησὶν,

237 4290 539 4349 ὑπελθόντα
593 4291 753 4348 αὑτὸν
806 4294 906 4362 τὴν
961 4290 1294 4367 ἱερωσύνην.
1354 4290 1512 4348 Οὕτω
1570 4293 1676 4368 γὰρ
1738 4292 1900 4366 μόνον

233 4378 464 4452 ἤλπιζον
513 4383 616 4452 τὴν
669 4382 959 4455 ’Δρειανήν
1013 4378 1168 4450 δόξαν
1216 4382 1539 4454 κρατήσειν,
1587 4380 1905 4437 Ἀθανασίου

234 4469 477 4529 ἐκποδὼν
533 4472 833 4547 γενομένου
860 4512 872 4526 .
922 4471 1374 4549 Συμφράττονται
1422 4466 1513 4523 οὖν
1560 4471 1681 4524 κατ’
1738 4470 1905 4527 αὐτοῦ

235 4562 284 4615 οἳ
309 4563 437 4636 περὶ
466 4554 727 4617 Εύσὲϐιον
770 4561 862 4615 τὸν
915 4556 1254 4633 Νικομηδὲα,
1313 4558 1405 4612 καὶ
1461 4559 1774 4631 μισθοῦνταί
1820 4580 1903 4615 τι-

232 4670 325 4715 νας
351 4658 457 4721 τῆς
488 4647 763 4709 Μελετίου
794 4650 1077 4726 αἱρέσεως,
1106 4646 1324 4715 Ἰσίονα,
1374 4644 1713 4722 Εὐδαίμονα,
1758 4647 1904 4704 Καλ-

236 4738 483 4813 λίνικον,
534 4740 625 4795 καὶ
681 4736 973 4816 διαφόρους
1021 4738 1159 4793 κατά
1207 4734 1523 4792 ’Δθανασίου
1569 4737 1907 4815 κατηγορίας

239 4829 511 4902 ἐκίνησαν.
559 4828 661 4884 Καὶ
714 4832 935 4906 πρῶτον
990 4828 1106 4901 μὲν,
1158 4825 1241 4881 ὅτι
1304 4826 1665 4893 ’Δθανάσιος,
1716 4827 1906 4908 φησὶν,

240 4917 572 4976 ὑπεισελθὼν
618 4922 690 4993 τῇ
743 4917 1014 4991 ἐπισκοπῇ
1078 4915 1236 4987 λινῆν
1288 4915 1486 4986 ἐσθῆτα
1540 4914 1721 4971 τελεῖν
1777 4917 1906 4981 τοὺς

2008 3756 2186 3827 sium,
2220 3770 2598 3826 nequaquam
2648 3753 3049 3825 quiescebant,
3100 3756 3202 3811 sed
3241 3760 3478 3830 tempus
3509 3759 3667 3815 nacti

2009 3849 2405 3918 opportunum
2436 3842 2804 3915 imperatoris
2833 3843 2980 3900 iram
3012 3843 3243 3901 consilii
3290 3846 3384 3902 sui
3413 3847 3670 3904 admini-

2010 3940 2194 3992 stram
2227 3932 2642 4000 adhibuerunt,
2677 3933 2992 4005 omniaque
3040 3950 3269 3991 movere
3300 3940 3364 3992 ut
3383 3953 3515 3993 eum
3540 3938 3665 4010 epi-

2010 4028 2253 4096 scopatu
2276 4021 2577 4095 pellerent,
2611 4022 2779 4095 quasi
2812 4022 3070 4096 indigne.
3107 4028 3172 4079 ut
3200 4024 3454 4094 aiebant,
3487 4025 3673 4084 talem-

2011 4114 2355 4185 ocCupasset
2374 4111 2726 4183 dignitatem
2752 4127 2764 4167 :
2784 4111 2865 4167 ita
2886 4113 3042 4168 enim
3056 4113 3341 4170 duntaxat
3362 4115 3671 4188 prmvalere

2010 4218 2182 4275 posse
2212 4201 2498 4272 putabant
2514 4199 2847 4256 Arianicam
2866 4200 3212 4275 doctrinam,
3229 4202 3279 4259 si
3307 4204 3693 4264 Athanasius—

2012 4290 2315 4348 tolleretur
2343 4290 2415 4345 de
2434 4289 2647 4346 medio.
2680 4287 3016 4345 Deliberant
3044 4290 3244 4363 itaque
3265 4293 3552 4351 Eusebius
3570 4293 3673 4350 Ni-

2011 4378 2402 4437 comediensis
2431 4382 2488 4435 et
2516 4378 2658 4434 socii
2716 4380 2993 4435 adversus
3039 4378 3244 4450 illum;
3305 4390 3370 4437 ac
3400 4384 3673 4441 mercede

2014 4470 2353 4527 conducunt
2380 4467 2697 4525 nonnullos
2717 4467 3033 4524 Meletiana
3056 4466 3364 4535 haereseos,
3389 4470 3666 4542 Isionem,

2016 4560 2449 4625 Eudaemonem,
2473 4556 2844 4623 Callinicum,
2864 4556 3173 4629 variasque
3198 4557 3257 4615 in
3278 4558 3667 4619 Athanasium

2017 4648 2421 4706 accusationes
2480 4645 2968 4703 commiscuntur.
3043 4649 3123 4702 Ac
3179 4646 3370 4719 primo
3426 4648 3670 4722 quidem

2015 4737 2403 4795 Athanasium
2433 4753 2568 4792 cum
2598 4734 2933 4807 irrepsisset
2958 4733 3017 4790 in
3043 4734 3468 4810 episcopatum,
3500 4736 3671 4813 83y.

2018 4828 2156 4902 ptiis
2183 4827 2516 4895 mandasse,
2550 4833 2615 4880 ut
2642 4824 2858 4879 lineam
2888 4827 3108 4880 vestem
3137 4824 3545 4884 Alexandriam
3567 4828 3673 4887 Ec-

2016 4919 2207 4977 clesiae
2236 4916 2613 4991 pensitarent.
2646 4913 2973 4970 Secundam
3004 4913 3143 4969 item
3174 4918 3411 4971 struunt
3440 4916 3679 4974 calum-

242 5007 579 5086 Αἰγυπτίους
634 5011 704 5082 τῇ
780 5003 1181 5084 Ἀλεξανδρέων
1240 5004 1540 5077 Ἐκκλησία
1612 5005 1860 5063 ἐκέλευσε
1892 5056 1906 5071 ,

2016 5009 2198 5078 niam,
2229 5005 2408 5080 priori
2431 5002 2615 5059 multo
2637 5001 2995 5075 graviorem:
3027 5002 3413 5060 Athanasium
3444 5005 3671 5063 scilicet

244 5099 501 5175 Δευτέραν
533 5096 994 5174 ἔπισυρῥάπτουσι
1027 5090 1291 5165 διαϐολὴν
1324 5093 1525 5167 πολλῷ
1568 5102 1672 5165 τῆς
1710 5098 1908 5174 προτε-

246 5206 341 5262 ρας
390 5187 639 5264 χείρονα,
690 5187 768 5250 ὡς
816 5184 921 5261 ἄρα
967 5186 1310 5254 Ἀθανάσιος,
1364 5178 1736 5241 ἐπιϐουλεύων
1786 5191 1908 5250 τοῖς

244 5281 341 5331 τοῖ’)
377 5275 649 5353 βασιλέως
680 5273 1330 5354 πράγμασι,Φιλουμένῳ
1348 5274 1690 5349 τινὶπὲμψαι
1726 5272 1910 5351 γλωσ-

247 5365 482 5441 σόκομον
514 5364 731 5442 πλῆρες
778 5364 1031 5443 χρυσίου.
1079 5363 1292 5440 Τρίτον,
1344 5365 1595 5440 ’ἰσχυρᾶς
1646 5366 1720 5437 (b)
1765 5362 1909 5419 οὕτω

245 5453 588 5532 καλούμενος
646 5460 880 5531 πρᾶγμα
932 5451 1099 5510 ὑπέδυ
1153 5451 1379 5509 πολλῶν
1439 5453 1680 5509 θανάτων
1739 5450 1907 5525 ἄξιον.

319 5624 401 5770 in;
428 5625 539 5683 Οὐκ
566 5626 815 5701 ἠρέμουν
843 5627 1011 5684 deest
1036 5625 1099 5684 in
1127 5624 1312 5684 Palat.

348 5695 378 5754 b
429 5697 641 5770 Palat.,
671 5695 943 5770 Ἰσχύρας.
975 5711 1111 5758 cum
1160 5710 1312 5758 accei

2016 5096 2388 5171 imperatoris
2418 5094 2596 5150 rebus
2627 5092 3028 5159 insidiantem,
3055 5090 3400 5149 Philumeno
3431 5093 3666 5153 cuidam

2017 5187 2254 5244 misisse
2278 5183 2647 5256 marsupium
2669 5182 2795 5238 auri
2819 5181 3079 5253 plenum.
3101 5180 3376 5251 Tertiam,
3400 5182 3673 5257 Ischyraa

2017 5275 2285 5349 suscipit,
2316 5273 2620 5346 negotium
2651 5268 2963 5342 multiplici
3013 5285 3152 5326 nece
3198 5270 3465 5343 dignum.
3517 5274 3665 5332 Cum

2017 5366 2174 5422 enim
2197 5378 2504 5436 nunquam
2526 5360 2918 5417 sacerdotium
2948 5359 3288 5432 accepisset,
3311 5376 3523 5417 nomen
3548 5362 3665 5421 sibi

2018 5452 2340 5529 presbyteri
2373 5450 2720 5517 attribuens,
2768 5448 2829 5507 in
2878 5446 3022 5505 vicis
3050 5451 3329 5509 Mereatur
3359 5464 3544 5509 ausus
3569 5455 3666 5511 est

348 5694 401 5775 b)
429 5694 641 5772 Palat.,
671 5694 943 5780 Ἶσχύρας.
975 5711 1111 5758 cum
1160 5700 1401 5758 accentu
1429 5695 1492 5757 in
1548 5695 1773 5775 penult.
1804 5695 1902 5758 hic
1936 5700 1996 5759 et
2021 5694 2196 5760 infra.
