4146 6412
1310 402 1498 463 VITA
1542 404 1608 463 S.
1653 401 2084 463 ATHANASII
2129 402 2234 463 EX
2280 400 2895 463 METAPHRASTE.

3582 423 3827 495 ccxxvxI

382 532 478 590 τὰν
510 537 588 605 (α)
628 532 805 589 ἐλθεῖν
860 553 1250 613 προετρεφατο.
1286 532 1501 596 Εὐθέως
1561 530 1652 588 οῦν
1715 531 1765 589 ἐν
1828 534 1974 610 ἀρχῇ
2006 538 2108 602 τῆς
2158 532 2489 610 ἀκροάσεως,
2522 530 2630 587 τῶν
2678 527 2975 589 ϐασιλικῶν
3028 537 3369 611 γραμμάτων
3426 536 3823 615 ἀποδοθεντων,

382 628 483 680 τοῦ
546 628 681 679 Θεοῦ
740 627 911 679 ταῦτα
966 622 1511 700 προευτρεπίσαντος,
1574 623 1649 685 εἷς
1709 622 1944 698 ἀγωνίαν
2006 624 2057 678 οἱ
2114 622 2238 696 περὶ
2296 617 2553 677 Εὐσέϐιον
2612 622 2702 676 καὶ
2764 624 2815 677 οἱ
2873 624 2964 677 σὺν
3022 624 3169 697 αὐτῷ
3220 628 3641 703 φρατριάσαντες
3698 652 3826 687 κατ-

384 714 516 783 έστη
525 734 618 767 σαν
656 756 670 771 .

388 802 705 879 ἐτρέποντο.

730 712 943 769 Τούτου
1004 710 1095 767 οῦν
1153 717 1251 767 τοῦ
1314 714 1513 787 μέρους
1572 711 1886 774 ἐκπεσόντες
1946 713 1999 766 οἱ
2050 714 2351 787 κατήγοροι

2388 756 2401 781 ,
2464 711 2551 766 ἐπὶ
2607 716 2726 773 ταῖς
2779 714 2915 767 κατὰ
2970 718 3067 768 τοῦ
3126 721 3405 790 Μακάριοι)
3468 720 3828 798 κατηγορίαις

465 894 518 949 4.
552 892 651 945 Καὶ
709 894 924 967 πρῶτον
977 890 1069 964 μὶν
1122 891 1434 953 Ἀθανάσιος
1494 892 1521 946 ὁ
1574 891 1741 966 μέγας
1804 890 2098 965 νομίμως,

2246 893 2374 946 4.Εῐ
2387 892 2643 965 primum
2665 893 2902 965 quidem
2916 894 3272 951 Athanasius
3288 896 3383 953 ille
3400 906 3831 973 magnusEuse-

387 981 522 1044 τοὺς
548 978 674 1057 περὶ
725 975 980 1035 Εύσέϐιον
1025 981 1100 1043 ὡς
1144 979 1373 1057 ἐχθροὺς
1424 982 1799 1058 παρεγράφετο
1834 1000 1845 1011 ·
1882 976 2065 1035 ἔπειτα

393 1068 721 1139 δείκνυσθαι,
756 1070 802 1124 εἰ
834 1070 862 1124 ὁ
911 1071 1221 1146 κατήγορος
1274 1071 1521 1146 ’ἰσχυρᾶς
1577 1067 1798 1141 ἀληθῶς
1827 1065 2062 1146 πρεσϐύ-

391 1179 549 1234 τερος
583 1155 687 1228 εἰή.
723 1157 878 1214 Οὕτω
908 1160 1012 1235 γὰρ
1060 1158 1149 1213 καὶ
1205 1158 1256 1213 ἐν
1309 1162 1378 1232 τῇ
1428 1158 1735 1235 κατηγορίᾳ
1780 1158 2062 1233 ἐνεγέγρα-

390 1270 518 1305 πτο.
550 1248 765 1303 Τούτων
800 1245 857 1302 δὲ
888 1246 1079 1303 οὐδένα
1110 1245 1276 1324 λόγον
1307 1249 1359 1302 οἱ
1391 1248 1571 1323 κριταὶ
1605 1247 1914 1303 ἐποιοῦντο’
1938 1245 2065 1301 ἀλλ’

393 1339 626 1414 εἰσήχθη
667 1338 762 1411 μὲν
797 1339 832 1407 ἡ
884 1339 1021 1392 κατά
1068 1335 1348 1412 Μακαρίου
1404 1335 1527 1409 δίκη
1550 1356 1563 1369 °
1600 1337 1977 1407 ἀτονησάντων
2011 1334 2068 1391 δὲ

387 1432 499 1482 τῶν
554 1424 827 1502 ἐλέγχων,
888 1426 1166 1500 ὑπέρθεσιν
1218 1420 1521 1499 ἐλάμϐανεν
1568 1429 1602 1495 ἡ
1656 1426 1935 1500 ἀκρόασις,
1988 1424 2069 1504 ἐφ’

388 1517 437 1589 ᾧ
471 1535 531 1571 τε
563 1516 959 1591 παραγενέσθαι
990 1513 1076 1569 ἐπὶ
1122 1515 1213 1569 τὸν
1264 1515 1563 1590 Μαρεώτην
1608 1516 1780 1587 τινὰς,
1831 1512 1923 1569 ’ίνα
1978 1514 2067 1576 ἐπὶ

386 1607 482 1660 τὸν
535 1605 705 1660 τόπον
763 1604 1021 1675 ζητηθείη
1072 1604 1141 1658 τὰ
1190 1598 1524 1681 ἀμφίϐολα».
1573 1606 1663 1666 Ὡς
1717 1602 1775 1659 δὲ
1825 1606 1853 1659 ὁ
1913 1606 2070 1680 ἅγιος

394 1695 717 1757 Ἀθανάσιος
774 1693 1168 1767 πεμπομένους
1228 1690 1363 1747 εἶδεν
1399 1738 1413 1763 ,
1469 1692 1562 1755 οὓς
1630 1694 2018 1768 παρεγράψατο

390 1782 673 1859 Θεόγνιον,
724 1759 923 1857 Μάριν,
971 1759 1280 1856 δεόδωρον,
1331 1759 1717 1851 Μακεδόνιον,¹
1746 1759 2066 1859 Οπύρσάκιονξ

394 1868 530 1930 ἐϐόα
559 1871 853 1949 σκαιωρίαν
916 1871 1049 1925 ε’ίναι
1109 1872 1199 1926 καὶ
1263 1867 1426 1926 δόλον
1475 1872 1544 1927 τὰ
1594 1872 1892 1947 γινόμενα·
1947 1869 2072 1926 οὐδὲ

393 1964 501 2038 γὰρ
545 1959 751 2017 δίκαιον
806 1960 941 2016 εἶναι
991 1961 1266 2038 Μακάριον
1323 1961 1416 2034 μὲν
1465 1961 1556 2015 τὸν
1606 1956 1967 2035 πρεσϐύτερον
2016 1961 2067 2015 ἐν

397 2050 621 2125 δεσμοῖς
676 2051 845 2121 εἶναι,
895 2051 987 2105 τὸν
1042 2048 1099 2105 δὲ
1143 2052 1452 2126 κατήγορον
1521 2050 1635 2123 ἅμα
1680 2055 1797 2112 τοῖς
1849 2049 2069 2127 ἐχθροῖς

395 2141 636 2211 ἀπιέναι,
694 2138 773 2217 ἐφ’
823 2138 868 2211 ᾧ
915 2160 975 2194 τε
1006 2138 1067 2195 ἐκ
1117 2143 1459 2216 μονομεροῦς
1507 2138 1697 2215 πρᾶξιν
1746 2139 2075 2213 ὑπομνημά-

392 2252 505 2285 των
554 2232 625 2304 (b)
670 2230 1020 2300 ποιήσασθαι.
1058 2232 1234 2283 Ταῦτα
1279 2228 1524 2304 βοῶντος
1570 2232 1668 2283 τοῦ
1717 2227 1877 2303 ἁγίου
1908 2230 2067 2283 Ἀθα-

394 2319 702 2391 νασίου,καὶ
733 2316 1275 2394 διαμαρτυρουμένου
1323 2319 1385 2372 τὸ
1434 2317 1619 2373 κοινὸν
1664 2325 1767 2387 τῆς
1816 2314 2065 2389 συνόδου,

394 2408 488 2464 καὶ
531 2406 813 2463 Διονύσιον
861 2407 954 2461 τὸν
1008 2407 1286 2476 ὑπατικὸν,
1350 2407 1425 2468 ὡς
1486 2405 1595 2461 εἶδε
1648 2403 1855 2479 μηδένα
1904 2404 2071 2481 λόγον

391 2498 603 2554 τούτων
654 2499 948 2569 ποιεῖσθαι,
1001 2496 1196 2560 αὐτοὺς
1248 2494 1517 2551 διαλιπὼν
1585 2496 1926 2573 ἀνεχώρησε,
1979 2499 2071 2552 καὶ

396 2589 538 2664 πρὸς
569 2588 660 2643 τὸν
698 2586 927 2664 βασιλέα
958 2584 1278 2661 ἀνέδραμεν.
1331 2587 1394 2640 Ol
1450 2586 1542 2659 μὲν
1595 2582 1686 2640 οῦν
1737 2582 2074 2641 ἀποσταλέν-

397 2699 490 2741 τες
552 2678 629 2740 εἰς
686 2678 778 2732 τὸν
834 2676 1159 2749 Μαρεώτην,
1219 2677 1545 2747 ποιήσαντες
1609 2675 1669 2730 ἐκ
1729 2678 2071 2751 μονομεροῦς

399 2768 772 2842 ὑπομνήματα
800 2766 982 2828 καθὼς
1032 2752 1365 2839 ἠϐούλοντο,
1414 2760 1598 2838 ᾔεσαν*
1650 2764 1684 2834 ἠ
1743 2762 1800 2818 δὲ
1847 2761 2071 2826 σύνοδος

398 2863 616 2935 πρῶτον
654 2857 748 2929 μὲν
785 2856 1000 2933 ἐρήμην
1031 2858 1127 2909 τοῦ
1179 2854 1337 2929 ἁγίου
1391 2854 1709 2909 Ἀθανασίου
1752 2851 2076 2927 κατεδιῄτη-

400 2966 512 3003 σεν·
541 2947 614 3009 ὡς
650 2942 708 3001 δὲ
746 2945 838 3001 καὶ
880 2945 948 2999 τὰ
997 2942 1178 3016 ἐντῷ
1228 2944 1495 3021 Μαρεώτῃ
1545 2943 1903 3019 πεπραγμένα
1956 2964 2076 2997 συν-

402 3038 618 3115 έφθασε,
649 3034 954 3112 καθαίρεσιν
1008 3032 1343 3112 ἐψηφίσαντο
1390 3034 1733 3105 Ἀθανασίου,
1783 3030 1971 3087 πολλά
2021 3031 2073 3087 ἐν

402 3132 492 3183 τοῖ
520 3127 920 3200 καθαιρετικοῖς
970 3123 1130 3178 αὐτὸν
1178 3124 1251 3196 (ο)
1301 3120 1746 3197 λοιδορήσαντες.
1799 3122 1973 3184 Εὐθὺς
2018 3142 2078 3175 τε

414 3217 491 3278 ὡς
525 3215 673 3291 εἶχον
708 3212 767 3269 ἐκ
794 3220 894 3283 τῆς
926 3212 1099 3289 Τύρου
1135 3209 1445 3274 σπουδαίως
1496 3211 1582 3266 ἐπὶ
1612 3213 1677 3266 τὰ
1723 3208 2079 3285 Ἰεροσόλυμα

415 3304 741 3380 ἐπορεύοντο
774 3302 863 3358 ἐπι
909 3305 979 3377 τῇ
1027 3301 1345 3377 καθιερώσει
1385 3307 1487 3370 τῆς
1518 3301 1640 3362 νέας
1694 3296 2073 3374 Ἰερουσαλήμ·

415 3393 644 3450 ἐλθόντα
688 3413 747 3448 τε
801 3392 973 3447 ἐκεῖσε
1022 3388 1275 3467 δέχονται
1316 3390 1406 3444 τὸν
1458 3391 1674 3465 ’Ἄρειον
1724 3390 1776 3442 οἱ
1835 3388 1925 3442 καὶ
1990 3387 2076 3442 ἐπὶ

411 3491 516 3554 τῆς
546 3484 684 3539 κατά
714 3481 936 3537 Νίκαιαν
971 3478 1198 3536 συνόδου
1228 3483 1619 3555 προποιητῶς
1653 3477 1728 3540 εἷς
1778 3478 1839 3532 τὸ
1871 3476 2077 3551 ὁμοού-

413 3594 530 3628 σιον
566 3573 997 3649 ὑπογράψαντες·
1033 3568 1178 3645 φημὶ
1229 3565 1287 3623 δὲ
1335 3569 1386 3623 οἱ
1434 3568 1557 3643 περὶ
1607 3568 1698 3622 τὸν
1761 3563 2078 3639 Νικομηδέα

415 3640 721 3721 Εὐσέϐιονῗ
760 3640 823 3715 σῖ
882 3658 941 3715 δὲ
989 3640 1090 3729 τῆς
1122 3640 1127 3641 ⁷
1155 3659 1320 3732 ὀρθῆς
1377 3640 1614 3720 πίστεως
1671 3656 2080 3734 ἀπεσέράφησαν
2114 3640 2157 3707 C

413 3753 510 3807 τὸν
569 3752 785 3827 Ἀρειον
822 3792 836 3818 ,
887 3746 1164 3824 ὁρίσαντες
1219 3746 1306 3802 ἐπὶ
1363 3750 1432 3821 τῇ
1488 3748 1627 3801 κατὰ
1680 3742 2084 3821 ’Δλεξάνδρειαν

417 3838 631 3913 συνόδῳ
680 3837 840 3894 αὐτὸν
893 3840 967 3912 (d)
1022 3838 1467 3907 ἀκουσθήσεσθαι,
1515 3836 1567 3891 ἐν
1701 3836 1791 3891 καὶ
1847 3855 2087 3910 παραγε-

417 3931 649 4005 νόμενος
678 3927 847 3984 ἑάλω.
880 3925 1095 3981 Τούτων
1147 3923 1205 3981 δὲ
1248 3921 1414 3980 ὄντων
1467 3924 1517 3979 ἐν
1563 3924 1800 3994 τούτοις,
1834 3923 2088 3978 ἐπικατα-

420 4015 692 4093 λαμϐάνει
767 4013 926 4092 ἕτερα
994 4016 1295 4091 γράμματα
1364 4020 1463 4070 τοῦ
1546 4013 1815 4089 βασιλέως
1861 4060 1874 4085 ,

423 4107 484 4173 δὲ
510 4111 760 4184 παρεῖναι
790 4106 867 4168 ὡς
894 4106 1127 4180 τάχιστα
1152 4104 1228 4165 εἷς
1258 4105 1358 4173 τήν
1389 4100 1979 4159 Κωνσταντινούπολιν.

883 4218 1179 4290 Ἐπιστολὴ
1213 4224 1309 4275 τοῦ
1341 4218 1632 4294 βασιλέως.

502 4358 529 4383 ‹‹
563 4331 805 4401 Νικητὴς
855 4333 1276 4401 Κωνσταντῖνος,
1326 4323 1619 4397 Σεϐαστὸς,
1668 4331 1786 4390 τοῖς
1817 4325 1887 4381 ἐν’
1934 4324 2092 4401 Τύρῳ

426 4420 769 4477 συνελθοῦσιν
804 4418 1142 4480 ἐπισκόποις.

504 4536 531 4563 ι(
563 4511 706 4585 Ἐγὼ
741 4510 834 4583 μὲν
886 4507 1068 4584 ἀγνοῶ
1110 4504 1230 4561 τίνα
1280 4505 1389 4561 ἐστὶ
1426 4505 1494 4560 τὰ
1543 4502 1645 4561 ὑπὸ
1690 4510 1795 4573 τῆς
1829 4504 2095 4577 ὑμετέρας

428 4597 659 4656 συνόδου
713 4599 846 4672 μετά
895 4592 1132 4673 θορύϐου
1180 4596 1271 4651 καὶ
1320 4598 1599 4671 χειμῶνος
1641 4593 1909 4668 κριθέντα·
1949 4590 2099 4662 δοκεῖ

429 4688 489 4746 δέ
519 4710 637 4751 πως
672 4687 775 4743 ὑπό
805 4708 951 4749 τινος
998 4683 1359 4763 ταραχώδους
1410 4683 1625 4755 ἀταξίας
1658 4685 1693 4752 ἡ
1729 4679 1959 4753 ἀλήθεια
1989 4680 2098 4737 διε-

428 4780 692 4859 στράφθαι
728 4777 814 4856 ὑφ’
866 4778 1042 4852 ὑμῶν,
1078 4772 1293 4846 δηλαδή
1348 4770 1437 4828 διὰ
1481 4774 1580 4843 τήν
1625 4770 1764 4846 πρὸς
1793 4772 1920 4859 τοὺς
1950 4770 2100 4842 πλη-

2175 982 2338 1037 bium
2373 986 2431 1037 et
2460 982 2669 1049 socios,
2689 988 2887 1054 utpote
2914 983 3029 1038 sibi
3048 984 3479 1058 inimicos,jure
3498 992 3827 1049 recusabat.

2174 1071 2320 1126 Hinc
2336 1070 2671 1143 postulabat
2687 1072 3073 1143 comprobari,
3091 1091 3230 1129 num
3246 1083 3551 1133 accusator
3564 1079 3831 1152 Ischyras

2176 1160 2481 1232 presbyter
2508 1165 2681 1217 esset.
2716 1161 2801 1217 Ita
2813 1161 2967 1216 enim
2993 1164 3363 1220 accusatione
3387 1167 3668 1240 scriptum
3684 1175 3827 1226 erat:

2177 1250 2277 1305 sed
2312 1249 2549 1305 Macarii
2581 1250 2834 1305 causain
2869 1252 3127 1307 medium
3161 1253 3415 1310 adducta
3437 1262 3543 1312 est.
3566 1257 3711 1313 Cum
3734 1276 3832 1314 au-

2175 1343 2292 1394 tem
2308 1338 2544 1394 inﬁrma
2573 1344 2920 1411 argumenta
2940 1346 3156 1411 essent,
3172 1342 3507 1401 intermissa
3528 1346 3639 1402 fuit
3659 1348 3834 1404 inter-

2177 1426 2419 1501 rogatio,
2462 1431 2527 1482 ut
2577 1429 2815 1499 quidam
2862 1429 2921 1484 in
2973 1430 3288 1487 Mareotem
3331 1436 3733 1502 concederent,
3766 1444 3834 1494 ut

2180 1517 2307 1588 ipso
2337 1517 2396 1571 in
2428 1516 2553 1573 loco
2585 1517 2866 1590 ambigua
2891 1518 3304 1590 disquirerent.
3357 1521 3430 1578 Ut
3457 1524 3604 1579 vidit
3634 1531 3830 1583 autem

2178 1606 2541 1662 Athanasius
2571 1606 2701 1662 illos
2750 1608 2926 1676 mitti,
2961 1626 3111 1680 quos
3142 1618 3442 1668 recusaret
3471 1614 3617 1685 ipse,
3652 1616 3833 1673 Theo-

2179 1693 3025 1767 gnium,Marin,Theodorum,
3060 1697 3831 1775 Macedonium,Ursacium,

2179 1782 2544 1852 exclamavit,
2578 1783 2707 1839 dolo
2742 1784 3061 1857 fraudeque
3092 1804 3184 1844 res
3214 1791 3434 1863 peragi,
3464 1809 3570 1848 nec
3598 1811 3833 1866 mquum

2179 1888 2328 1938 esse,
2360 1872 2420 1925 in
2450 1871 2703 1927 vinculis
2735 1889 2971 1929 manere
3022 1875 3342 1933 Macarium
3402 1881 3833 1953 presbyterum,

2180 1961 2321 2015 dum
2346 1966 2651 2016 accusator
2680 1978 2815 2017 cum
2864 1962 3119 2019 inimicis
3170 1965 3375 2034 abiret,
3409 1985 3530 2024 rem
3583 1976 3639 2025 et
3682 1988 3836 2029 com-

2182 2048 2501 2105 mentarios
2531 2048 2714 2105 altera
2743 2051 2986 2106 absente
3015 2058 3179 2124 parte
3210 2055 3475 2113 edituris.
3528 2061 3661 2115 Haec
3713 2061 3835 2117 cla-

2181 2142 2379 2193 mante
2411 2143 2612 2194 sancto
2642 2139 2981 2206 Athanasio,
3016 2157 3083 2196 ac
3115 2144 3486 2201 communem
3518 2150 3832 2219 synodum,

2182 2232 2240 2283 et
2268 2227 2608 2301 Dionysium
2642 2230 2941 2284 consulem
2993 2230 3052 2285 in
3099 2236 3278 2288 testes
3310 2234 3695 2306 compellante
3725 2257 3737 2307 ;
3771 2243 3838 2296 ut

2180 2317 2447 2384 advertit,
2490 2316 2710 2372 nullam
2767 2334 2866 2373 eos
2916 2323 3215 2390 gestorum
3266 2322 3550 2379 rationem
3598 2326 3833 2396 habere,

2178 2406 2296 2462 illis
2329 2405 2546 2461 relictis
2577 2407 2884 2473 abscessit,
2919 2412 2974 2462 et
3004 2408 3074 2462 ad
3107 2408 3517 2481 imperatorem
3560 2432 3833 2487 propera-

2178 2496 2279 2551 vit.
2304 2494 2412 2559 Qui
2444 2512 2614 2567 porro
2645 2495 2813 2550 missi
2842 2496 2902 2550 in
2935 2497 3244 2554 Mareotem
3279 2500 3526 2572 fuerant,
3586 2510 3718 2562 Cum
3752 2506 3835 2563 al-

2181 2590 2307 2640 tera
2339 2586 2579 2641 absente
2625 2589 2809 2657 parte,
2843 2586 3122 2642 arbitratu
3158 2605 3265 2644 suo
3315 2606 3439 2646 rem
3489 2595 3835 2667 gessissent,

2181 2674 2619 2746 remigrarunt:
2683 2674 2941 2746 synodus
2972 2691 3106 2730 vero
3155 2678 3413 2749 primum
3448 2682 3834 2743 Athanasium

2184 2764 2424 2818 desertae
2456 2779 2644 2818 causas
2671 2763 2988 2819 damnavit.
3022 2764 3130 2820 Ubi
3164 2773 3359 2825 autem
3386 2787 3683 2829 accessere
3709 2791 3837 2847 quas

2183 2851 2243 2907 in
2284 2855 2532 2907 Mareote
2561 2856 2725 2924 gesta
2756 2854 3005 2921 fuerant,
3037 2858 3163 2911 tum
3187 2858 3490 2916 Athanasii
3522 2862 3840 2935 depositio-

2185 2958 2320 2997 nem
2342 2942 2683 3009 decernunt,
2709 2942 2911 2998 multis
2928 2960 3062 3000 eum
3081 2947 3429 3005 conviciisin
3454 2952 3688 3025 scriptis
3711 2955 3838 3012 suis

2185 3036 2511 3087 onerantes.
2545 3033 2696 3086 Tum
2728 3047 2904 3103 quam
2926 3033 3228 3091 celerrime
3248 3037 3674 3109 Jerosolymam
3698 3060 3834 3100 con-

2186 3136 2434 3185 cessere,
2469 3121 2540 3175 ad
2575 3137 2733 3176 novae
2753 3122 3125 3194 Jerosolymaa
3156 3125 3603 3186 dedicationem.
3635 3134 3837 3190 lsthuc

2186 3227 2357 3283 porro
2384 3214 2784 3266 occurrentem
2797 3211 2999 3266 Arium
3019 3213 3360 3283 admittunt,
3382 3218 3483 3288 qui
3514 3219 3573 3274 in
3606 3220 3839 3280 Nicaena

2187 3299 2427 3371 synodo,
2469 3298 2951 3354 consubstantiali
3002 3300 3276 3359 simulate
3324 3306 3841 3382 subscripserunt;

2185 3388 2475 3443 Eusebius
2504 3387 2772 3443 videlicet
2801 3388 3260 3447 Nicomediensis
3292 3398 3351 3449 et
3378 3396 3541 3452 socii.
3575 3399 3681 3464 Qui
3712 3418 3846 3459 vero

2188 3476 2518 3534 orthodoxae
2579 3476 2715 3532 ﬁdei
2771 3482 2958 3545 erant,
3002 3480 3205 3536 Arium
3258 3485 3525 3553 aversati,
3588 3492 3846 3548 statuere

2189 3566 2551 3621 audiendum
2584 3564 2749 3619 illum
2784 3582 2913 3622 esse
2944 3567 3003 3622 in
3033 3568 3422 3628 Alexandrina
3451 3578 3692 3647 synodo,
3738 3596 3850 3650 quo

2197 3654 2363 3709 illum
2397 3654 3201 3727 concessissedeprehensum
3222 3660 3427 3717 fuerat.
3462 3662 3604 3721 Cum
3628 3665 3750 3723 haec
3769 3667 3853 3725 ita

2200 3760 2262 3801 se
2292 3744 2592 3810 haberent,
2618 3744 2901 3799 accedunt
2929 3744 3054 3799 alia
3086 3746 3291 3803 litterae
3324 3749 3717 3823 imperatoris,
3751 3756 3849 3828 ju-

2200 3834 2404 3889 bentes
2432 3831 2821 3888 Athanasium
2852 3834 3144 3904 accedere,
3200 3837 3477 3912 ipsosque
3518 3841 3851 3901 Constanti-

2200 3921 2458 3993 nopolim
2481 3937 2659 3992 quam
2694 3922 3039 3979 maturrime
3065 3940 3140 3980 se'
3158 3930 3440 3985 conferre.

1954 4011 2286 4087 σημαίνοντα
2359 4010 2670 4063 Ἀθανάσιον
2749 4008 2842 4083 μὲν
2916 4011 3067 4079 ἥκειν
3144 4014 3281 4089 πρὸς
3354 4016 3514 4073 αὐτὸν
3568 4065 3582 4093 ,
3659 4021 3853 4088 αὐτοὺς

2698 4218 2941 4288 Epistola
2979 4220 3343 4292 imperatoris.

2276 4323 2527 4378 «Victor
2555 4321 2976 4381 Constantinus
3032 4329 3335 4401 Augustus
3390 4331 3681 4408 episcopis
3720 4337 3858 4410 Tyri

2205 4412 2591 4485 congregatis.

2280 4524 2307 4552 ‹‹
2340 4501 2623 4574 Equidem
2655 4502 2859 4574 ignoro
2892 4519 3161 4574 quaenam
3194 4506 3312 4561 sint
3345 4524 3379 4563 a
3406 4514 3598 4567 vestra
3633 4516 3858 4586 synodo

2206 4590 2575 4647 turbulenter
2604 4608 2669 4647 ac
2690 4591 3053 4648 tumultuose
3070 4595 3370 4665 judicata:
3403 4600 3616 4656 veritas
3639 4603 3858 4677 quippe

2209 4680 2471 4736 tumultu
2503 4697 2569 4735 ac
2600 4679 2939 4735 confusione
2970 4683 3224 4752 quadam
3256 4701 3536 4757 oppressa
3565 4690 3794 4747 videtur
3823 4710 3859 4749 a

2210 4771 2393 4837 vobis,
2428 4768 2650 4825 scilicet
2697 4770 2769 4825 ob
2802 4773 3069 4826 mutuam
3117 4778 3369 4829 vestram
3400 4779 3854 4853 contentionem,

430 4870 548 4925 σίον
602 4865 917 4945 ἐρεσχελίαν
947 4910 961 4937 ,
1005 4865 1071 4935 ἥν
1121 4866 1387 4935 ἀήττητον
1420 4865 1490 4937 (e)
1523 4862 1657 4917 εἶναι
1711 4858 1989 4936 βούλεσθε,
2032 4863 2098 4917 τὰ

2207 4876 2385 4932 quam
2416 4858 2693 4914 invictam
2742 4858 2940 4926 vultis,
2973 4876 3101 4931 quae
3157 4861 3273 4918 Deo
3331 4863 3561 4937 placent
3617 4868 3861 4927 minime

428 4964 510 5032 τῷ
550 4963 666 5031 Θεῷ
717 4957 1011 5032 ἀρέσκοντα
1062 4956 1137 5029 μὴ
1194 4957 1542 5031 συνορῶντες.
1595 4948 1751 5009 Ἀλλ’
1801 4945 1947 5006 ἔσται
1995 4958 2097 5022 τῆς

432 5047 579 5111 θείας
628 5046 886 5124 προνοίας
936 5040 1211 5123 ἔργον,καὶ
1257 5040 1321 5097 τὸ
1366 5049 1468 5112 τῆς
1510 5038 1842 5119 φιλονεικίας
1872 5038 2097 5118 ταύτης,

433 5138 622 5194 καὶτὰ
670 5139 914 5215 φανερῶς
966 5133 1167 5190 ἁλόντα
1210 5128 1573 5202 διασκεδάσαι,
1623 5129 1712 5183 καὶ
1764 5131 1897 5201 ἡμῖν
1951 5125 2097 5204 διαῤ-

438 5226 613 5307 ῥήδην
664 5223 945 5295 ἐπιδεῖξαι,
992 5221 1045 5279 ei’
1083 5243 1204 5277 τινα
1249 5228 1351 5291 τῆς
1401 5216 1660 5288 ἀληθείας
1692 5216 1876 5272 αὐτόθι
1907 5215 2094 5271 συνελ-

437 5317 621 5380 θόντες
681 5315 1005 5385 ἐποιήσασθε
1061 5308 1322 5390 φροντίδα
1355 5355 1369 5379 ,
1425 5308 1515 5362 καὶ
1572 5307 1617 5361 εἷ
1672 5307 1741 5361 τὰ
1805 5307 2097 5383 κεκριμένα

439 5406 617 5486 χωρίς
647 5424 794 5467 τινος
825 5404 1053 5481 χάριτος
1082 5400 1171 5455 καὶ
1205 5396 1496 5473 ἀπεχθείας
1546 5394 1803 5452 ἐκοίνατε.
1861 5399 2092 5471 Τοιγαρ-

537 5569 600 5641 α)
620 5568 717 5641 Sic
745 5564 1107 5641 Palat._Editi
1132 5578 1291 5641 vero,
1324 5558 1451 5641 παρ’
1474 5557 1682 5641 ἑαυτρντ

622 5638 805 5697 Palat.
837 5634 1029 5715 πρᾶξιν
1090 5632 1191 5691 οὐκ
1251 5625 1574 5708 μζνημίότων.
1606 5628 1766 5687 Infra
1819 5628 2001 5700 idem,
2028 5625 2093 5687 τὸ

438 5704 595 5776 κενὸν
625 5715 728 5783 τῆς
756 5704 1011 5769 συνόδου.

2209 4949 2630 5021 spectantibus.
2685 4947 2795 5003 Sed
2850 4948 2960 5005 erit
3017 4950 3161 5006 illud
3220 4952 3430 5008 divinae
3486 4956 3860 5028 providentiae

2208 5056 2377 5112 Opus,
2411 5037 2748 5093 istiusmodi
2779 5038 3082 5094 discordiae
3114 5040 3288 5112 mala,
3312 5043 3623 5100 manifesto
3653 5046 3856 5119 depre—

2205 5127 2393 5183 hensa
2422 5126 2730 5197 dissipare,
2771 5125 3057 5198 nobisque
3086 5127 3280 5201 palam
3314 5131 3500 5188 facere
3532 5130 3582 5189 si
3611 5150 3730 5206 qua
3758 5152 3857 5193 vo-

2204 5217 2299 5273 bis
2330 5217 2504 5271 fuerit
2531 5214 2705 5270 isthic
2732 5216 3098 5288 congregatis
3127 5218 3388 5275 veritatis
3418 5236 3577 5290 cura,
3599 5226 3656 5277 et
3685 5222 3733 5279 si
3766 5224 3856 5295 ju-

2205 5306 2358 5363 dicia
2386 5308 2578 5360 vestra
2606 5304 2751 5359 citra
2808 5308 3059 5377 gratiam
3117 5306 3301 5363 ullam
3357 5309 3447 5365 vel
3480 5311 3683 5368 odium
3739 5312 3859 5372 lata

2205 5395 2440 5452 fuerint.
2457 5393 2740 5458 Quocirca
2768 5410 2871 5449 vos
2893 5410 3095 5450 omnes
3118 5397 3560 5470 quamprimum
3580 5400 3856 5474 pietatem

2293 5555 2344 5685 (02
2374 5553 2469 5610 Sic
2489 5551 2675 5610 Palat.
2705 5550 2859 5636 Editi
2882 5568 3040 5624 vero,
3071 5551 3253 5613 αὐτόν.

2336 5626 2352 5685 )
2379 5624 2590 5685 Palat..
2618 5620 2802 5682 αὐτου.
2830 5668 2833 5671 -

2379 5624 2590 5690 Palat,
2618 5620 2802 5682 αὐτοῦ.
2830 5668 2833 5671 -

2294 5626 2352 5773 ‘3
2374 5626 2923 5773 ﬁgitiivaiighm
2954 5693 3259 5777 desunttn
3287 5697 3472 5785 gelat.

2272 5556 2292 5775 ἕ
