4146 6376
287 389 571 438 CCXXVII!

1707 374 2300 439 PROLEGOMENA
2315 420 2327 436 .

282 511 548 565 nostram
578 507 896 564 conuenire
940 505 1090 576 volo,
1141 521 1339 562 rerum
1371 523 1406 562 a
1446 506 1611 564 vobis
1640 511 1954 581 gestarum

2070 509 2162 561 οὖν
2194 507 2563 582 ἠπειγμένους
2612 508 2816 570 πάντας
2866 507 3008 582 ὑμᾶς
3035 509 3174 586 πρὸς
3219 509 3320 578 τὴν
3366 507 3509 583 ἐμὴν
3559 507 3740 567 ἐλθεῖν

290 603 566 654 accurate
587 596 878 653 rationem
907 612 1105 653 coram
1131 596 1486 668 reddituros,
1520 617 1550 647 »
1584 601 1694 653 etc.

367 868 424 924 5.
472 866 569 923 Hae
616 865 844 930 littera,
903 863 1174 920 homines
1219 862 1280 918 in
1322 864 1546 936 synodo
1596 868 1827 920 coactos
1885 864 1959 921 ad

296 955 603 1029 angustias
632 955 924 1026 redegere.
955 953 1349 1019 Quamobrem
1375 951 1574 1024 plures
1595 954 1837 1009 domum
1871 969 1958 1009 re-

300 1045 484 1119 gressi
519 1047 694 1100 sunt:
729 1041 1039 1109 Eusebius,
1095 1058 1252 1108 vero,
1282 1042 1580 1115 Theognis
1628 1047 1686 1097 et
1724 1041 1957 1114 reliqui,

296 1134 666 1207 aliquantum
690 1131 771 1188 ibi
790 1131 1055 1188 cunctari
1082 1131 1279 1187 studio
1292 1131 1678 1187 extrahebant
1702 1137 1957 1203 tempus;

297 1224 513 1280 litteris
551 1227 750 1278 autem
781 1221 904 1278 suis
937 1220 1210 1293 piissimo
1261 1221 1602 1292 imperatori
1658 1220 1960 1294 signiﬁca-

299 1317 458 1384 runt,
490 1311 705 1368 invitos
735 1327 797 1368 se
827 1309 1076 1367 detineri
1114 1309 1434 1381 quominus
1480 1308 1677 1381 ipsum
1709 1310 1956 1365 adirent.

298 1404 530 1460 Interea
557 1405 776 1471 autem,
808 1399 967 1456 aliud
999 1399 1290 1471 profertur
1345 1399 1566 1454 crimen
1599 1399 1670 1454 de
1699 1415 1840 1454 auro
1886 1398 1959 1454 ad

295 1490 715 1549 Philumenum
745 1489 950 1545 misso.
997 1489 1249 1545 Sanctus
1294 1487 1652 1544 Athanasius
1697 1487 1854 1544 sistit
1897 1503 1961 1544 se

294 1582 358 1638 in
390 1585 770 1652 conspectum
801 1576 1176 1650 imperatoris
1205 1576 1266 1631 in
1296 1576 1703 1632 Psammathia
1745 1578 1959 1632 subur-

296 1671 453 1727 bano
495 1667 866 1724 Nicomediae.
917 1669 1109 1733 Quare
1154 1665 1572 1722 cunctantibus
1613 1663 1962 1722 Eusebianis

297 1773 436 1816 cum
463 1757 685 1814 honore
728 1755 899 1811 illum
945 1755 1351 1812 Alexandriam
1401 1755 1649 1826 remisit,
1693 1754 1961 1812 scribens

297 1847 706 1905 Alexandrina
761 1843 1026 1901 Ecclesia
1072 1843 1416 1917 episcopum
1463 1859 1666 1900 eorum
1699 1843 1958 1900 Athana-

297 1939 458 1994 sium
489 1935 636 1992 falso
669 1935 850 1992 fuisse
881 1937 1249 1992 accusatum.
1283 1933 1428 1990 Cum
1459 1939 1656 1989 autem
1688 1932 1958 1990 advenis-

296 2031 385 2084 set
411 2024 823 2082 Alexandriam
882 2027 1126 2080 sanctus
1170 2022 1550 2092 Athanasius,
1597 2021 1957 2096 congregati-

298 2132 414 2190 que
443 2118 640 2172 essent
669 2113 770 2186 qui
797 2113 933 2170 Ario
963 2114 1242 2182 faverent,
1274 2112 1549 2184 frequens
1595 2117 1721 2168 erat
1757 2111 1956 2184 populi

295 2221 640 2273 concursus,
672 2208 730 2259 et
748 2219 906 2276 spes,
937 2202 1093 2258 circa
1121 2201 1251 2272 ejus
1283 2201 1496 2272 negotii
1526 2202 1781 2257 exitum:
1821 2217 1956 2258 cum

296 2295 551 2352 maxime
577 2293 842 2349 viderent
886 2307 955 2347 ea
1003 2307 1132 2362 quae
1181 2306 1216 2346 a
1244 2293 1333 2345 tot
1379 2289 1668 2363 episcopis
1725 2291 1958 2345 decreta

295 2388 496 2442 essent
523 2381 804 2439 divexari.
855 2380 1000 2436 Cum
1033 2395 1205 2452 porro
1249 2379 1572 2435 adverteret
1597 2378 1957 2435 Athanasius

295 2475 507 2530 iterum
538 2470 801 2529 tumultu
839 2467 1052 2542 repleri
1080 2467 1493 2524 Alexandriam
1522 2468 1960 2542 [Egyptumque

294 2567 502 2630 totam,
534 2578 652 2616 non
685 2559 939 2630 reticuit,
992 2558 1095 2614 sed
1128 2557 1200 2612 ad
1240 2557 1618 2629 imperatoris
1648 2573 1821 2612 aures
1867 2573 1959 2612 re-

296 2650 458 2708 tulit.
501 2653 647 2707 Cum
679 2653 874 2704 autem
921 2647 1242 2718 imperator
1290 2645 1630 2714 audivisset,
1663 2646 1785 2702 Arii
1828 2662 1958 2701 sen-

295 2740 544 2797 tentiam
574 2738 787 2793 iterum
821 2751 992 2808 prave
1021 2736 1309 2791 detortam
1342 2735 1544 2803 fuisse,
1578 2734 1830 2791 accitum
1861 2736 1959 2791 de-

297 2845 419 2885 nuo
439 2827 606 2882 illum
631 2823 1201 2896 Constantinopolim
1223 2824 1419 2880 venire
1437 2825 1639 2895 jussit,
1672 2824 1958 2880 rationem

295 2916 671 2975 redditurum
703 2915 775 2970 de
796 2913 868 2971 iis
901 2930 1032 2985 quas
1049 2929 1419 2970 commovere
1445 2929 1761 2986 aggressus
1783 2917 1958 2970 esset.

295 3005 475 3062 Arius
503 3020 639 3061 vero
671 3019 806 3058 cum
853 3001 1202 3058 Alexandria
1234 3002 1314 3076 ad
1346 3001 1694 3058 comitatum
1727 3003 1962 3058 ducere-

300 3101 422 3164 tur,
454 3107 807 3166 congressus
835 3091 1114 3148 Caesareas
1162 3107 1296 3148 cum
1351 3091 1619 3160 Eusebio,
1643 3090 1962 3164 Theognio,

296 3184 443 3242 Mari
483 3187 539 3239 et
572 3181 814 3254 reliquis
873 3179 1135 3249 asseclis,
1189 3197 1328 3236 cum
1376 3185 1678 3237 narrasset
1707 3197 1776 3237 ea
1830 3198 1958 3253 quis

2070 590 2353 651 εὐλάϐειαν
2416 593 2691 671 βούλομαι
2727 643 2742 668 ,
2793 594 2888 651 ’ίνα
2948 600 3056 652 τῶν
3135 599 3536 675 πεπραγμένων
3609 601 3740 676 ὑμῖν

2069 679 2345 760 ἀκρίϐειαν
2403 683 2473 739 δι’
2534 685 2686 758 ὑμῶν
2745 685 2922 741 αὐτῶν
2980 689 3392 762 παραστήσητε,
3445 712 3475 740 n

2069 773 2217 844 ἑξῆς.

2138 864 2192 918 5.
2216 866 2391 917 Ταῦτα
2416 863 2486 918 τὰ
2535 864 2834 937 γράμματα
2883 862 2960 925 εἷς
3008 864 3198 938 ἀγῶνα
3242 864 3372 928 τοὺς
3421 863 3473 921 ἐν
3514 870 3585 942 τῇ
3621 888 3746 924 συν-

2070 947 2183 1022 όδῳ
2235 951 2548 1022 κατέστησε.
2583 953 2675 1006 Διὸ
2733 954 2786 1006 οἱ
2847 953 2940 1025 μὲν
2995 949 3221 1016 πλείους
3284 953 3373 1009 ἐπὶ
3420 955 3489 1010 τὰ
3532 956 3740 1012 ἑαυτῶν

2070 1040 2448 1116 ἀνεχώρησαν·
2493 1042 2545 1096 οἱ
2594 1038 2652 1096 δὲ
2703 1043 2827 1114 περὶ
2882 1037 3138 1104 Εὐςέϐιον
3187 1044 3277 1098 καὶ
3327 1043 3607 1120 Θεόγνιον,
3645 1047 3741 1101 καὶ
3811 1067 3816 1070 ·

2066 1128 2196 1192 τοὺς
2228 1126 2459 1191 λοιπούς
2506 1129 2644 1192 τέως
2694 1132 2773 1203 (ιι)
2824 1128 3105 1206 ἐχρόνιζον
3155 1131 3340 1187 αὐτόθι
3369 1132 3742 1209 παρέλκοντες

2070 1218 2248 1273 ἑκοντὶ
2277 1214 2370 1273 τὸν
2397 1217 2607 1296 καιρόνο
2642 1216 2875 1297 ἔγραφον
2926 1217 2984 1275 δὲ
3024 1225 3104 1292 τῷ
3159 1216 3528 1297 εὐσεϐεστάτῳ
3582 1225 3739 1300 βασι-

2070 1304 2178 1378 λεῖ,
2237 1305 2485 1370 ἄκονταςο
2548 1307 2836 1384 ἐπέχεσθαι
2878 1308 3269 1384 ἐπειγομένους
3317 1311 3552 1388 ἐξορμᾷν
3599 1313 3744 1389 πρὸς

2070 1395 2265 1452 αὐτόν.
2320 1397 2406 1452 Ἐν
2457 1393 2514 1452 δὲ
2563 1401 2644 1469 τῷ
2697 1397 2891 1470 μεταξὺ
2946 1395 3236 1454 ἀποδύεται
3285 1399 3376 1454 καὶ
3432 1402 3496 1456 τὸ
3551 1399 3742 1480 ἕτερον

2069 1483 2329 1561 ἔγκλημα
2367 1486 2430 1540 τὸ
2475 1485 2601 1562 περὶ
2629 1491 2726 1542 τοῦ
2757 1485 2989 1562 χρυσίου
3035 1491 3133 1542 τοῦ
3177 1487 3314 1564 πρὸς
3365 1487 3739 1565 Φιλούμενον.

2065 1578 2122 1628 ‘0
2154 1575 2308 1650 ἅγιος
2339 1575 2674 1648 Ἀθανάσιος,
2707 1576 2901 1638 συστὰς
2950 1576 3126 1648 έαυτῷ
3156 1578 3234 1651 (a)
3263 1579 3401 1633 κατά
3443 1579 3743 1656 πρόσωπον

2066 1667 2165 1718 τοῦ
2201 1662 2470 1738 βασιλέως
2503 1663 2553 1718 ἐν
2587 1664 2849 1738 Ψαμαθίᾳ
2867 1665 3182 1739 προαστείῳ
3207 1672 3312 1736 τῆς
3341 1667 3742 1741 Νικομηδείας.

2070 1753 2163 1807 Διὸ
2220 1753 2310 1807 καὶ
2364 1750 2740 1828 βραδυνάντων
2784 1757 2890 1807 τῶν
2945 1753 3069 1829 περὶ
3120 1750 3378 1812 Εὐσέϐιον
3415 1801 3428 1828 ,
3483 1761 3618 1831 μετά
3660 1781 3746 1815 τι·

2075 1849 2184 1916 μῆς
2216 1841 2374 1897 αὐτὸν
2403 1842 2716 1915 ἀπέπεμψεν
2753 1841 2841 1897 ἐπὶ
2886 1844 2986 1912 τήν
3040 1841 3471 1920 Ἀλεξάνδρειαν,
3524 1849 3746 1925 γράψας

2063 1934 2134 2004 τῇ
2185 1927 2582 2006 ’Δλεξανδρέων
2631 1929 2946 2003 Ἐκκλησία,
2999 1931 3081 1987 ὅτι
3133 1934 3162 1988 6
3211 1931 3510 1998 ἐπίσκοπος
3558 1936 3742 1994 αὐτῶν

2063 2019 2379 2082 Ἀθανάσιος
2429 2016 2645 2093 ψευδῶς
2695 2015 3078 2091 διαϐέϐληται.
3127 2022 3216 2076 Ἐν
3264 2019 3322 2078 δὲ
3369 2027 3450 2096 τῷ
3496 2045 3740 2102 παραγε-

2066 2110 2248 2164 νέσθαι
2294 2111 2372 2182 (b)
2418 2109 2510 2164 τὸν
2567 2110 2720 2184 ἅγιον
2774 2110 3087 2165 ’Δθανάσιον
3139 2112 3276 2166 κατά
3331 2113 3431 2182 τήν
3479 2111 3742 2186 Ἀλεξάν-

2069 2196 2248 2272 δρειαν
2284 2241 2298 2268 ,
2356 2198 2447 2252 καὶ
2506 2200 2919 2275 ωγκροτεῖσθαι
2991 2200 3059 2253 τὰ
3131 2201 3267 2255 κατά
3321 2202 3414 2256 τὸν
3465 2209 3688 2279 ’Ἄρειον
3724 2253 3742 2280 ,

2065 2285 2253 2358 πολλή
2287 2307 2370 2349 τις
2400 2287 2467 2356 ἦν
2497 2287 2587 2342 καὶ
2617 2292 2715 2342 τοῦ
2755 2285 3004 2359 πλήθους
3055 2286 3367 2353 συνέλευσις
3413 2293 3504 2346 καί
3555 2291 3741 2366 ἐλπὶς,

2070 2375 2159 2430 ἐπὶ
2188 2373 2589 2450 ταλαντευούσῃ
2640 2370 2852 2431 ἐκϐάσει
2906 2379 3303 2452 περιαγομένη·
3355 2377 3596 2453 μάλιστα
3633 2383 3741 2437 πά-

2069 2463 2156 2520 λιν
2209 2465 2464 2541 ὁρώντων
2513 2466 2582 2520 τὰ
2627 2466 2908 2528 τοσούτοις
2960 2465 3278 2530 ἐπισκόποις
3323 2471 3577 2545 κριθέντα
3623 2468 3744 2527 δια-

2069 2551 2437 2627 σκυλλόμενα.
2487 2555 2656 2631 Ὁρῶν
2707 2552 2765 2610 δὲ
2815 2556 2843 2610 6
2874 2555 3030 2630 ἅγιος
3079 2559 3398 2622 Ἀθανάσιος
3445 2557 3600 2624 αὖθις
3648 2583 3746 2618 τα-

2071 2645 2409 2721 ραττομένην
2459 2644 2556 2713 τήν
2607 2641 3013 2715 Ἀλεξάνδρειαν
3061 2645 3152 2700 καὶ
3194 2652 3367 2701 πᾶσαν
3421 2645 3740 2725 Δί’γυπτον,

2071 2733 2133 2788 οὗ
2190 2733 2605 2809 παρεσιώπησεν
2670 2753 2682 2766 ο
2747 2731 2893 2788 ἀλλὰ
2948 2736 3174 2812 φανερὸν
3241 2741 3362 2798 ταῖς
3425 2736 3743 2813 βασιλικαῖς

2071 2824 2263 2884 ἀκοαῖς
2316 2823 2661 2892 κατέστησεν.
2726 2824 2813 2885 Ὡς
2875 2819 2933 2878 δὲ
2991 2824 3019 2878 6
3081 2821 3336 2898 βασιλεὺς
3386 2825 3613 2883 ἐπύθετο
3669 2831 3746 2904 (ο)

2071 2910 2419 2990 διεστράφθαι
2447 2912 2614 2966 πάλιν
2644 2913 2744 2982 τήν
2792 2913 3003 2986 ’Δρείου
3051 2914 3304 2988 γνώμην,
3363 2917 3741 2990 μεταπέμπων

2071 2999 2225 3062 αὖθις
2279 2999 2356 3062 είς
2407 3001 2508 3070 τὴν
2556 3001 3153 3074 Κωνσταντινούπολιν,
3205 3002 3357 3072 ἥκειν
3407 3004 3565 3060 αὐτὸν
3618 3005 3735 3063 ἐκέ-

2071 3087 2425 3164 λευσε,λόγον
2475 3086 2718 3144 δώσοντα
2765 3109 2838 3144 ων
2890 3090 3154 3145 ἀνακινεῖν
3187 3090 3464 3168 ἐπεχείρει
3642 3097 3736 3159 Ὧς

2071 3177 2129 3234 δὲ
2158 3176 2327 3254 ἤγετο
2355 3176 2520 3234 πάλιν
2555 3179 2661 3234 ἀπὸ
2708 3186 2810 3249 τῆς
2857 3177 3267 3254 Ἀλεξανδρείας
3317 3181 3406 3237 ἐπὶ
3435 3183 3526 3238 τὸν
3576 3203 3743 3258 κομι-

3524 688 3617 744 καὶ
3672 691 3744 746 τὰ

295 3290 424 3331 sese
453 3275 809 3345 spectarent,
842 3269 1236 3344 plurimisque
1279 3270 1488 3326 diebus
1517 3276 1785 3326 versatus
1815 3286 1951 3326 cum

2068 3269 2222 3323 τάτον
2262 3269 2290 3322 6
2339 3269 2576 3344 Ἄρειος,
2631 3262 2927 3341 συμϐαλὼν
2979 3267 3030 3323 ἐν
3081 3269 3374 3345 Καισαρείᾳ
3426 3277 3549 3335 τοῖς
3608 3257 3740 3348 περῖ

292 3362 433 3435 illis,
467 3378 671 3418 eorum
703 3377 848 3417 usus
899 3357 1196 3426 consiliis;
1251 3358 1397 3414 alias
1431 3375 1550 3414 una
1581 3375 1716 3414 cum
1749 3358 1866 3415 illis
1896 3358 1956 3414 in

293 3450 682 3510 Athanasium
712 3464 994 3506 consuere
1025 3447 1354 3504 calumnias
1385 3447 1445 3502 in
1479 3449 1742 3503 animum
1783 3447 1958 3504 indu-

291 3541 393 3597 xit.
428 3541 581 3596 Tum
613 3539 959 3611 praemissus
981 3534 1190 3592 abillis
1221 3537 1292 3592 ad
1322 3535 1735 3608 imperatorem
1761 3538 1957 3601 Arius,

287 3630 587 3704 profectus
618 3631 732 3684 est
793 3643 1036 3683 causam
1089 3630 1593 3698 propugnaturus.
1646 3626 1958 3682 Eusebiani

287 3735 422 3775 vero
470 3714 1042 3788 Constantinopolim
1092 3714 1309 3770 iterum
1359 3714 1623 3786 profecti,
1693 3719 1758 3770 ut
1803 3717 1957 3786 pacti

289 3811 460 3864 erant
488 3809 693 3862 contra
720 3803 1134 3867 Athanasium,
1166 3818 1403 3858 omnem
1435 3801 1692 3874 lapidem
1722 3820 1955 3860 moven-

289 3901 402 3965 tes,
431 3894 591 3967 quod
620 3893 862 3959 dicitur,
898 3895 965 3947 ut
993 3892 1334 3964 episcopatu
1357 3907 1492 3948 eum
1525 3891 1827 3964 pellerent.
1857 3899 1957 3950 Ac-

293 3984 397 4042 citi
430 3998 688 4054 namque
719 3982 791 4037 ab
851 3981 1205 4052 imperatore
1263 3985 1320 4036 et
1347 3980 1686 4053 interrogati
1703 3982 1775 4037 ab
1806 3984 1957 4039 eode

290 4075 440 4131 actis
469 4071 531 4127 in
562 4071 809 4141 synodo,
841 4068 1233 4141 respondent:
1259 4073 1385 4125 Non
1417 4073 1582 4125 tanta
1610 4071 1801 4138 nobis,
1834 4071 1953 4127 im-

291 4165 548 4236 perator,
599 4161 672 4215 de
719 4158 1018 4231 prioribus
1069 4157 1392 4214 Athanasio
1449 4157 1632 4214 illatis
1672 4175 1812 4215 cura
1841 4165 1953 4227 est,

292 4254 517 4326 quanta
550 4250 620 4305 de
651 4264 818 4304 sacra
851 4263 1059 4303 mensa
1087 4247 1368 4303 subversa
1396 4251 1453 4302 et
1481 4247 1551 4302 de
1583 4248 1828 4320 mystico
1845 4265 1955 4322 po-

293 4340 428 4398 culo
467 4339 796 4406 confracto;
831 4337 1192 4408 insuperque
1223 4335 1379 4408 quod
1410 4336 1826 4392 interminatus
1876 4337 1955 4393 sit

292 4447 357 4487 se
389 4427 815 4501 impediturum
860 4425 1138 4481 frumenti
1183 4429 1581 4481 commeatum
1612 4425 1956 4481 Alexandria

292 4515 861 4590 Constantinopolim
891 4513 1024 4570 vehi
1055 4513 1318 4569 solitum.
1353 4513 1603 4569 Aiebant
1633 4513 1755 4568 haec
1773 4513 1952 4568 Atha-

2066 3351 2349 3425 Εὑσέϐιον,
2416 3357 2506 3412 καὶ
2559 3356 2836 3432 Θεόγνιον,
2891 3358 3105 3434 Μάριν,
3163 3359 3253 3413 καὶ
3309 3358 3439 3423 τοὺς
3502 3357 3743 3426 λοιποὺς

2067 3445 2356 3522 συνεργοὺς
2412 3448 2523 3519 (ε),
2586 3443 2992 3521 διηγησάμενος
3049 3447 3116 3502 τὰ
3173 3449 3289 3503 καθ’
3347 3447 3533 3506 ἐαυτὸν
3570 3495 3586 3522 ,
3649 3450 3740 3508 ἐπὶ

2065 3534 2292 3598 πλείους
2348 3555 2408 3589 τε
2452 3536 2666 3610 ἡμέρας
2710 3537 3118 3613 συμφατριάσας
3175 3536 3392 3609 αὐτοὺς,
3443 3540 3536 3596 καὶ
3595 3561 3742 3616 συμ-

2067 3620 2295 3687 ϐούλοις
2340 3626 2692 3701 χρησάμενος
2742 3624 2927 3687 αὐτοῖς
2975 3627 3068 3698 (Γ),
3116 3626 3300 3703 ἐτέρας
3353 3626 3521 3684 πάλιν
3575 3651 3742 3686 συκο-

2067 3713 2291 3780 φαντίας
2329 3714 2466 3768 κατὰ
2515 3713 2834 3768 ’Δθανασίου
2883 3712 3102 3788 ῥάπτειν
3149 3719 3581 3792 προεθυμοῦντο.
3634 3720 3739 3777 Καὶ

2065 3803 2442 3881 προπεμφθεὶς
2487 3803 2574 3856 ὑπ’
2620 3801 2794 3857 αὐτῶν
2827 3803 2856 3856 6
2903 3806 3120 3879 Ἄρειος
3163 3806 3302 3878 πρὸς
3349 3808 3440 3862 τὸν
3479 3807 3732 3882 βασιλέα,

2066 3888 2155 3966 ᾔει
2186 3889 2700 3966 ἀπολογησόμενος.
2733 3893 2796 3946 Οἱ
2844 3889 2902 3946 δὲ
2932 3893 3053 3968 περὶ
3085 3890 3343 3950 Εὖσέϐιον
3385 3894 3536 3960 αὖθις
3571 3896 3738 3955 ἐπαν-

2066 3977 2314 4041 ελθόντες
2365 3978 2454 4032 ἐπὶ
2498 3979 2599 4048 τήν
2653 3980 3249 4051 Κωνσταντινούπολιν,
3309 3985 3398 4040 οἶα
3445 3988 3732 4043 συνέθεσαν

2063 4070 2202 4124 κατά
2245 4066 2587 4122 ’Δθανασίου’
2634 4069 2697 4124 τὸ
2737 4066 2803 4138 δὴ
2857 4067 3179 4145 λεγόμενον,
3227 4075 3401 4130 πάντα
3448 4073 3602 4132 λίθον
3647 4099 3736 4134 κι-

2063 4161 2303 4225 νοῦντες,
2362 4160 2460 4210 τοῦ
2518 4155 2812 4227 ἐξωσθῆναι
2861 4160 2938 4233 (g)
2996 4159 3153 4215 αὐτὸν
3210 4169 3314 4232 τῆς
3373 4162 3680 4236 ἐπισκοπῆς
3716 4208 3730 4222 .

2064 4244 2501 4314 Μετακληθέντες
2533 4247 2634 4321 γὰρ
2687 4247 2788 4301 ὑπὸ
2830 4251 2928 4302 τοῖ’)
2978 4247 3269 4322 βασιλέως,
3299 4253 3390 4307 καὶ
3431 4251 3731 4330 ἐρωτώμε-

2063 4354 2148 4388 νοι
2182 4333 2268 4387 ὑπ’
2299 4332 2463 4388 αὐτοῦ
2504 4336 2628 4411 περὶ
2675 4339 2782 4391 τῶν
2827 4338 3225 4414 πεπραγμένων
3277 4339 3328 4397 ἐν
3373 4346 3443 4416 τῇ
3493 4341 3736 4418 συνόδῳ,

2064 4419 2287 4500 ἔφησανο
2349 4421 2468 4498 Οὐχ
2514 4423 2696 4494 οὕτω,
2759 4422 3021 4501 βασιλεῦ,
3081 4426 3324 4500 σπουδὴν
3380 4435 3735 4508 πεποιήμεθα
3828 4495 3836 4500 _

2060 4510 2185 4585 περὶ
2240 4515 2343 4565 τῶν
2397 4511 2696 4587 προτέρων,
2757 4513 2830 4567 ὧν
2891 4512 3116 4589 ἐνήγετο
3175 4517 3490 4584 Ἀθανάσιος
3523 4565 3538 4592 ,
3601 4521 3730 4578 ὅσον

294 4608 448 4666 nasii
504 4607 664 4662 dicta
712 4603 1029 4672 audivisse,
1086 4601 1524 4670 Adamantium,
1557 4602 1950 4670 Anuhionem,

2068 4599 2185 4672 περὶ
2240 4604 2344 4667 τῆς
2400 4597 2558 4673 ἁγίας
2635 4600 2907 4677 τραπέζης
2970 4609 3074 4672 τῆς
3129 4605 3530 4683 ἀνατραπείσης
3563 4654 3579 4680 ,
3637 4611 3732 4668 καὶ

289 4695 670 4754 Abertionem
701 4699 759 4750 et
789 4697 1023 4749 Petrum
1070 4692 1398 4763 episc0pos,
1430 4708 1464 4746 a
1511 4690 1726 4763 quibus
1759 4690 1951 4746 convi-

291 4791 446 4853 ctus,
481 4784 543 4839 in
574 4783 850 4840 omnibus
881 4797 1016 4836 reus
1046 4779 1472 4850 deprehensus,
1495 4777 1788 4850 judicium
1817 4780 1952 4835 sub-

287 4872 634 4946 terfugisset
665 4870 1040 4927 Athanasius.
1063 4869 1154 4923 Sic
1184 4868 1363 4940 igitur
1385 4868 1818 4923 circumventus
1845 4868 1952 4922 im-

294 4968 549 5037 perator,
611 4965 786 5033 atque
860 4959 920 5013 in
981 4957 1130 5039 iram
1205 4971 1432 5023 versus,
1487 4955 1689 5011 exsilio
1739 4957 1954 5013 multat

292 5049 706 5120 Athanasium,
756 5045 1024 5102 Treviros
1089 5045 1150 5099 in
1206 5042 1424 5100 Gallias
1477 5043 1638 5099 abire
1685 5043 1948 5114 jussum.

291 5142 476 5197 Aiunt
504 5143 699 5195 autem
731 5137 976 5210 quidam
1005 5134 1064 5188 id
1095 5133 1286 5206 egisse
1314 5133 1725 5206 imperatorem
1757 5134 1951 5190 animo

296 5230 462 5303 pacis
520 5225 932 5285 ecclesiasticae
1004 5221 1415 5291 concilianda;
1473 5221 1950 5292 quandoquidem

367 5349 820 5476 Σξγυτὲῒὲοάθθει
872 5347 935 5404 in
965 5345 1148 5403 Palat.
1191 5345 1351 5402 Infra
1393 5345 1574 5412 idem,
1605 5346 1686 5414 τῷ
1725 5338 1948 5400 εὐλαϐε-

300 5417 482 5493 στάτίρ
517 5417 639 5493 ﬂcio.

375 5483 1035 5564 (a")_'Legit__interpr_es
1083 5486 1351 5564 συστήσας
1407 5483 1615 5543 ἔαυτόν.
1669 5485 1953 5544 Ceterum

300 5557 538 5641 phiae?
567 5557 780 5641 mutila
807 5557 919 5641 est:
953 5557 1101 5641 Εξρῐτ-
1117 5558 1364 5615 ΡΑτειοι.

402 5632 458 5704 δ)
483 5627 696 5704 Palat.
723 5623 1090 5704 περαινηθαε-

397 5672 458 5777 δ
478 5672 1198 5777 ἑῦῖῖίιῖίτῖἶὶἶῖίόειι
1230 5699 1398 5759 vetus
1450 5696 1758 5774 interpr».
1801 5698 1955 5762 Editt

2060 4687 2311 4763 περὶτοῦ
2364 4691 2623 4760 μυστικοῦ
2667 4689 2939 4764 ποτηρίου
2987 4695 3084 4746 τοῦ
3131 4697 3514 4772 κατεαγέντος,
3545 4694 3627 4756 ἔτι
3671 4720 3736 4758 τε

2060 4776 2149 4831 καὶ
2199 4775 2275 4837 ὡς
2322 4775 2540 4844 ἠπείλει
2582 4774 2850 4831 κωλύσειν
2915 4781 3232 4860 πεμφθῆναι
3278 4785 3370 4840 τὸν
3428 4791 3576 4842 σῖτον
3635 4789 3733 4845 τὸν

2062 4865 2114 4935 ἐξ
2147 4861 2301 4926 ἔθους
2348 4863 2407 4918 ἐκ
2433 4869 2535 4933 τῆς
2567 4862 2976 4942 Ἀλεξανδρείας
3029 4868 3105 4932 εἷς
3142 4872 3242 4942 τὴν
3294 4879 3733 4934 Κωνσταντινού-

2060 4951 2224 5009 πολιν
2284 4953 2694 5042 κομιζόμενον.
2751 4955 2849 5042 Καὶ
2917 4955 3124 5013 τούτων
3203 4958 3521 5037 λεγομένων
3581 4971 3734 5042 παρὰ

2060 5040 2719 5133 ’,ΑθανασίουᾹάκηκοέναι
2770 5041 3150 5133 ᾊδαμάντιον,
3197 5046 3558 5125 Ἀνουϐίωνα,
3604 5040 3733 5133 Ἀτρ-

2061 5126 2312 5220 εεθίωνῆ,
2344 5129 2575 5220 Πέτρον,
2617 5130 2744 5220 τοὺς
2778 5130 3127 5206 ἐπισκόπους,
3161 5137 3245 5216 ὑφ’
3293 5139 3367 5194 ὧν
3415 5126 3731 5220 ἐλεγχθεὶξ⁹

2061 5216 2330 5301 φωραθεές
2363 5220 2441 5294 (Ιι)
2471 5239 2529 5274 τε
2560 5217 2648 5274 ἐπὶ
2695 5225 2876 5292 πᾶσιν,
2930 5220 3133 5299 ἀπέδρα
3177 5228 3276 5297 τὴν
3304 5227 3481 5305 κρίσιν
3513 5216 3736 5290 όνῖΔθα-

2057 5361 2218 5411 vero,
2251 5339 2516 5401 ἐποίθετο.

2156 5417 2216 5488 d)
2248 5413 2454 5483 Palat.,
2489 5413 2781 5488 ἐπιχειρεῖ,

2154 5485 2213 5558 ε)
2238 5485 2743 5558 γΣυνεργούςηᾷ-θόεῐ
2770 5487 2828 5542 in
2861 5488 3042 5546 Palat.

2233 5557 2527 5628 I_ta_Palat.
2559 5557 2712 5628 Editi
2742 5574 2897 5628 vero,
2931 5561 3103 5624 αυθις.

2152 5625 2163 5632 ’
2246 5625 2425 5684 Palat.
2476 5629 2573 5683 τοῦ
2605 5625 2885 5699 ἐξωθῆσαι.

2152 5625 2219 5761 Χ)
2248 5672 2530 5761 θωραάιίς
2562 5698 2727 5760 deest
2751 5701 2813 5757 in
2842 5703 2881 5761 Ρ

2248 5672 3023 5780 ενῑξῑιιῑεάεεῐίῑῐιῖιιιι.

2129 5419 2153 5783 ξ
