4146 6396
1232 437 1421 503 VITA
1462 441 1528 502 S.
1574 440 2001 509 ATHANASII
2044 440 2150 504 EX
2194 439 2810 505 METAPHRASTE.

3506 466 3729 515 CCXXIX

293 568 510 632 νάσιος.
558 562 715 626 Οῦτω
764 572 893 646 γοῦν
943 569 1300 647 συναρπαγεὶς
1350 572 1378 627 6
1428 569 1705 648 βασιλεύς,
1753 570 1843 627 καὶ
1883 570 1959 635 εἷς

2081 573 2428 630 Athanasius
2475 572 2952 630 communionem
3005 590 3141 632 cum
3198 577 3431 636 Arianis
3479 595 3726 653 prorsus

301 657 478 735 ὀργὴν
542 656 784 714 ἐκπεσὼν
820 702 834 728 ,
887 657 1066 734 έξορίᾳ
1097 654 1399 715 ὑποϐάλλει
1455 661 1546 715 τὸν
1604 661 1915 715 Ἀθανάσιον
1950 706 1966 733 ,

302 748 405 809 τὰς
465 745 708 811 Γαλλίας
768 747 931 803 οἷκεῖν
986 747 1036 804 ἐν
1087 752 1155 821 τῇ
1206 750 1282 821 (α)
1342 743 1541 825 Ἰϐερίᾳ
1598 748 1962 812 διακελεύσας.

298 836 443 891 Φασὶ
476 834 535 893 δέ
560 857 705 900 τινες
744 841 906 892 τοῦτο
958 838 1311 907 πεποιηκέναι
1356 838 1445 892 τὸν
1507 835 1733 911 βασιλέα
1781 843 1967 910 σκοπῷ

293 929 396 981 τοῦ
454 927 721 995 ἒνωθῆναι
796 927 896 996 τὴν
954 923 1277 996 Ἐκκλησίαν
1316 944 1328 957 ³
1391 923 1577 995 ἐπειδὴ
1653 927 1963 991 ’Δθανάσιος

297 1017 475 1085 πάντη
510 1020 845 1083 κοινωνῆσαι
893 1018 1012 1076 τοῖς
1054 1013 1178 1090 περὶ
1226 1011 1319 1068 τὸν
1371 1018 1585 1089 ’Ἀρειον
1632 1012 1961 1089 ἐξετρέπετο.

299 1098 549 1180 Θορύϐου
581 1102 670 1159 οὖν
705 1103 795 1159 καὶ
845 1104 1083 1165 στάσεως
1133 1102 1194 1157 οὐ
1241 1109 1341 1172 τῆς
1387 1102 1663 1179 τυχούσης
1713 1101 1966 1173 κατειλη-

300 1192 487 1270 φυίας,
523 1191 582 1247 οὐ
622 1190 785 1265 μόνον
831 1192 931 1260 τήν
982 1187 1413 1266 Ἀλεξάνδρειαν,
1465 1187 1610 1244 ἀλλᾶ
1650 1191 1739 1245 καὶ
1787 1196 1958 1246 πᾶσαν

293 1282 401 1349 τὴν
434 1277 734 1356 Αἴγυπτον,
772 1277 1123 1356 ὀδυρομένων
1157 1275 1216 1334 δὲ
1261 1278 1386 1352 περὶ
1427 1282 1525 1333 τοῦ
1563 1298 1709 1355 σφων
1743 1279 1958 1334 ἐπισκό-

2077 666 2459 718 aversaretur.
2496 661 2778 718 Tumultu
2810 663 3008 735 itaque
3039 681 3105 720 ac
3150 667 3435 724 seditione
3475 686 3593 727 non
3612 672 3722 728 mi-

2083 750 2247 805 nima
2275 750 2580 819 concitata,
2614 767 2729 807 non
2761 750 2953 807 solum
2984 751 3347 811 Alexandriae
3393 758 3495 815 sed
3542 760 3720 817 etiam

2074 856 2176 911 per
2207 840 2540 895 universam
2570 844 2905 912 Egyptum,
2930 839 3239 898 hominum
3271 844 3495 902 scilicet
3518 847 3722 922 lugen-

2071 928 2223 984 tium
2252 928 2592 1001 episcopum
2620 946 2795 985 suum
2820 946 3092 997 ;rursum
3114 932 3283 1003 quasi
3300 950 3368 989 ex
3388 936 3720 996 recessibus

2071 1022 2432 1089 emergentes
2487 1016 2706 1086 Ariani,
2747 1022 2931 1074 totam
2989 1035 3355 1077 commovere
3400 1023 3717 1099 civitatem,

2070 1109 2400 1162 evomentes
2430 1105 2706 1178 pestifera
2733 1106 2837 1163 illa
2867 1115 2925 1163 et
2948 1107 3192 1165 exitiosa
3237 1109 3358 1165 Arii
3414 1111 3712 1186 dogmata,

2067 1196 2241 1265 atque
2271 1194 2451 1266 pestis
2482 1194 2669 1251 instar
2698 1195 3041 1268 ingruentes
3076 1196 3417 1257 hominibus
3446 1216 3481 1256 a
3510 1215 3573 1257 se
3604 1201 3707 1259 de-

2070 1282 2275 1355 ceptis.

294 1390 429 1438 που,
462 1367 755 1447 ἀνεφύοντο
806 1365 995 1438 πάλιν,
1051 1365 1231 1442 ὥσπερ
1286 1366 1345 1423 ἐκ
1394 1370 1584 1443 μυχῶν
1636 1387 1821 1439 τινων,
1874 1368 1926 1422 οἱ
1954 1370 2022 1425 τὰ
2068 1369 2286 1445 ’Δρείου
2335 1374 2678 1445 φρονοῦντες,
2728 1371 2817 1425 καὶ
2867 1367 3208 1448 διετάραττον
3250 1378 3423 1429 πᾶσαν
3470 1376 3570 1446 τὴν
3619 1377 3720 1448 ηό.

297 1456 414 1528 λιν,
447 1458 817 1534 ἐξερευόμενοι
848 1458 916 1512 τὰ
964 1457 1267 1535 φθοροποιὰ
1312 1455 1402 1512 καὶ
1452 1456 1799 1532 θανατηφόρα
1839 1457 2052 1533 ’Δρείου
2102 1455 2368 1533 δόγματα,
2421 1461 2511 1514 καὶ
2562 1457 2763 1533 λοιμοῦ
2812 1456 2967 1532 δίκην
3001 1459 3226 1525 ἐνιέντες
3268 1467 3387 1527 τοῖς
3418 1464 3507 1521 ὑπ’
3538 1464 3715 1525 αὐτῶν

294 1558 489 1611 ἀπα-,τω
499 1555 705 1629 μένοις.

362 1649 417 1701 6.
454 1643 630 1700 Ἀλλᾶ
685 1644 903 1706 τούτοις
962 1643 1380 1719 ἐπινηχομένων
1436 1647 1545 1698 τῶν
1606 1643 1987 1718 ἀνθρωπίνων

2131 1646 2187 1701 6.
2210 1646 2361 1702 Dum
2394 1650 2588 1702 autem
2621 1646 2893 1703 humanae
2925 1648 3309 1721 cogitationes
3336 1650 3399 1707 in
3427 1651 3588 1710 hisce
3616 1668 3715 1712 re-

287 1731 583 1809 λογισμῶν
614 1735 713 1807 (ὁ),
748 1735 776 1788 ὁ
806 1738 1208 1795 Κωνσταντῖνος
1228 1730 1387 1794 τέλος
1417 1731 1673 1805 ὑπομένει
1702 1736 1798 1787 τοῦ
1837 1731 1957 1806 βίου

288 1819 347 1877 ἔν
402 1843 512 1878 τινι
570 1822 881 1896 προαστείῳ
937 1818 1331 1895 Νικομηδείας,
1382 1818 1438 1874 ἓν
1496 1820 1585 1875 καὶ
1638 1820 1956 1896 τριακοστδν

290 1909 416 1973 ἔτος
478 1907 762 1985 διαρκέσας
823 1909 910 1965 ἐπὶ
966 1917 1065 1979 τῆς
1130 1906 1435 1984 βασιλείας·
1497 1908 1525 1962 6
1583 1906 1641 1962 δὲ
1696 1913 1801 1971 πᾶς
1856 1915 1956 1979 τῆς

294 2005 449 2069 ζωῆς
476 1999 641 2054 αὐτοῦ
672 1998 873 2075 χρόνος
906 1998 956 2053 έν
1016 1997 1435 2069 ἑξηκονταπέντε
1485 1992 1623 2051 ἔτεσι
1674 1994 1956 2068 διαλήξας·

295 2085 590 2163 διαδόχοις
617 2093 734 2150 τοῖς
766 2088 902 2142 υἱέσι
951 2087 1324 2161 χρησάμενος,
1372 2082 1648 2161 παραδοὺς
1693 2087 1792 2155 τὴν
1844 2084 1959 2141 δια-

292 2180 473 2248 θήκην
531 2172 882 2253 πρεσϐυτέρῳ
924 2177 1030 2229 τινὶ
1081 2173 1365 2247 ένδιαθέτῳ
1433 2175 1502 2229 τὰ
1550 2173 1765 2250 Ἀρείου
1826 2195 1958 2252 φρο-

295 2270 506 2337 νοῦντι,
539 2266 705 2319 εἰπὼν
740 2264 1127 2336 Κωνσταντίνῳ
1165 2268 1245 2335 τῷ
1297 2261 1580 2337 ὁμωνύμῳ
1629 2260 1962 2332 ἀποδοθῆναι

296 2354 495 2425 αὐτήν.
543 2351 777 2409 Πολλῶν
826 2357 955 2429 γοῦν
1005 2350 1509 2424 διαπυνθανομένων
1566 2351 1612 2406 εἰ
1668 2351 1961 2421 πεποίηται

298 2441 591 2513 διαθήκην,
644 2436 1031 2497 διανεϐάλλετο
1084 2441 1111 2495 6
1158 2434 1564 2516 πρεσϐύτερος,
1624 2438 1766 2515 ἔχων
1825 2461 1963 2513 συμ-

302 2532 515 2607 μύστας
543 2530 672 2593 τοὺς
708 2530 1005 2606 εὐνούχους
1038 2532 1107 2604 (c)
1135 2533 1233 2584 τοῦ
1266 2529 1414 2603 ἱεροῦ
1465 2532 1754 2591 κοιτῶνος.
1789 2534 1967 2603 Παρα-

298 2621 513 2697 γίνεται
564 2618 622 2675 δὲ
674 2620 865 2695 μικρόν
916 2618 1135 2693 ὕστερον
1184 2619 1212 2672 6
1264 2618 1651 2688 Κωνστάντιος,
1700 2617 1790 2672 καὶ
1838 2616 1966 2694 κρύ-

297 2706 441 2780 ϐδην
476 2709 623 2781 αὐτῷ
670 2706 862 2764 δίδωσι
910 2712 1006 2764 τοῦ
1052 2705 1259 2781 πατρὸς
1303 2708 1402 2775 τὴν
1455 2704 1718 2777 διαθήκην
1765 2706 1793 2760 6
1837 2725 1966 2781 πρε-

295 2794 587 2873 σϐύτερος,
628 2797 751 2871 μίαν
798 2796 950 2859 εὐθὺς
998 2798 1159 2873 χάριν
1210 2794 1356 2867 αὐτῷ
1403 2794 1587 2867 αἰτῶν,
1635 2796 1704 2850 τὰ
1752 2794 1966 2871 ’Δρείου

299 2894 523 2968 φρονεῖν
558 2934 568 2946 ,
622 2885 1053 2958 Τελευτήσαντος
1102 2885 1283 2941 τοίνυν
1327 2890 1424 2940 τοῦ
1489 2883 1760 2961 βασιλέως
1816 2891 1966 2940 Κων-

298 2977 608 3047 σταντίνου,
639 2971 902 3039 Εὐσέϐιος
935 2976 963 3030 6
996 2973 1363 3048 Νικομηδείας
1414 2975 1527 3048 ἅμα
1569 2980 1688 3038 τοῖς
1737 2972 1829 3029 σὺν
1871 2972 1965 3029 αὐ-

296 3072 404 3139 τῷ,
434 3070 628 3143 καιροῦ
653 3062 947 3139 δεδράχθαι
980 3062 1232 3140 εὐκαίρου
1260 3062 1611 3136 νομίσαντες,
1638 3064 1707 3117 τὰ
1752 3063 1966 3139 Ἀρείου

300 3160 553 3226 συνιστᾷν
588 3151 913 3222 ἐσπούδαζον
947 3154 1044 3225 (d).
1078 3152 1421 3227 Περιέσεσθαι
1466 3149 1523 3206 δὲ
1571 3150 1767 3206 τούτου
1796 3148 1968 3220 ἤλπι-

302 3250 420 3317 ζον,
456 3243 543 3299 ἐὰν
602 3244 677 3316 μὴ
732 3243 1067 3318 ἀναχωρήσῃ
1114 3248 1217 3310 τῆς
1264 3239 1472 3317 έξορίκς
1526 3241 1554 3293 6
1606 3240 1921 3301 Ἀθανάσιος
1955 3282 1968 3295 .

300 3336 491 3391 Ταῦτα
540 3330 598 3387 δὲ
639 3329 1023 3399 κατεσκεύαζον
1075 3333 1317 3404 συνεργῷ
1371 3328 1655 3403 χρώμενοι
1703 3332 1782 3399 τῷ
1838 3347 1969 3401 πρε-

306 3416 582 3498 σϐυτέρῳ,
616 3420 675 3482 ὃς
708 3420 870 3495 χάριν
900 3424 1001 3488 τῆς
1032 3415 1298 3488 διαθήκητ
1327 3413 1527 3478 ὑποδὺς
1555 3413 1742 3486 πάλιν,
1770 3415 1821 3471 ἐν
1853 3421 1972 3478 τοῖς

306 3508 618 3588 βασιλείοις
673 3507 766 3563 τὸν
817 3506 1174 3579 πραιπόσιτον
1227 3510 1323 3560 τοῦ
1383 3502 1675 3580 βασιλέως,
1732 3499 1975 3577 τοῦνομα

302 3593 621 3667 Εὐσέϐειον,
655 3598 930 3652 συνθέσθαι
968 3599 1038 3669 τῇ
1089 3593 1301 3669 Ἀρείου
1353 3591 1478 3668 δόξῃ
1528 3594 1848 3650 συνέπεισεν.
1884 3593 1975 3647 Ἐκ

304 3686 369 3743 δὲ
395 3686 593 3743 τούτου
623 3687 715 3741 καὶ
739 3687 792 3740 οἱ
824 3683 1015 3740 λοιποὶ
1044 3688 1153 3738 τῶν
1182 3683 1457 3758 εὐνούχων
1487 3683 1555 3736 τὰ
1584 3682 1719 3737 αὐτά
1760 3686 1972 3760 φρονεῖν

304 3776 609 3833 ἐπείθοντο.
643 3774 715 3829 Οὐ
751 3776 858 3849 μὴν
893 3771 1040 3827 ἀλλὰ
1082 3772 1173 3827 καὶ
1220 3774 1256 3841 ἡ
1288 3775 1386 3826 τοῦ
1423 3769 1693 3847 βασιλέως
1737 3772 1975 3846 γαμετὴ,

302 3865 401 3920 διὰ
441 3868 548 3920 τῶν
613 3862 889 3938 εὐνούχων
947 3860 1037 3915 καὶ
1084 3865 1181 3916 τοῦ
1229 3855 1595 3936 πρεσϐυτέρου
1655 3857 1977 3930 ἀποπλανη-

303 3954 480 4025 θεῖσα,
510 3956 581 4027 τῇ
611 3951 750 4025 αὐτῇ
780 3948 908 4025 δόξῃ
952 3947 1320 4027 προστίθεται.
1355 3955 1481 4006 Μετ’
1531 3948 1592 4004 οὐ
1625 3946 1769 4004 πολὺ
1802 3946 1860 4004 δὲ
1887 3947 1979 4004 καὶ

306 4039 475 4103 αὐτὸς
507 4041 537 4096 6
574 4038 831 4115 βασιλεὺς
863 4039 1086 4114 ὑπήχθη
1135 4042 1215 4111 τῷ
1264 4037 1410 4110 αὐτῷ
1440 4040 1776 4116 φρονήματι·
1810 4057 1980 4116 παρα-

306 4129 513 4207 χρῆμά
540 4148 599 4184 τε
626 4126 838 4184 κελεύει
868 4128 936 4182 τὰ
965 4124 1183 4199 Ἀρείου
1217 4132 1497 4195 συστῆναι,
1538 4126 1628 4181 καὶ
1658 4125 1887 4189 ἄκοντας
1914 4127 1983 4182 τὰ

306 4217 565 4294 δόγματα
614 4217 780 4272 αὐτοῦ
808 4215 938 4277 τοὺς
988 4214 1317 4277 ἐπισκόπους
1361 4215 1522 4288 ἡμῶν
1570 4212 1979 4289 καταδέξασθαι,

304 4308 461 4361 Κατὰ
485 4304 579 4360 τὸν
611 4308 864 4382 χειμῶνα
890 4308 1080 4358 τοῦτον
1110 4301 1202 4358 τὸν
1237 4303 1460 4373 νοητὸν,
1494 4304 1522 4358 6
1551 4302 1705 4379 ἅγιος
1736 4304 1982 4378 Μάξιμος

2064 1734 2176 1791 bus
2207 1735 2634 1804 incumberent,
2667 1736 2843 1792 ﬁnem
2873 1736 3106 1793 vivendi
3129 1738 3270 1796 facit
3290 1740 3714 1801 Constantinus

2066 1824 2125 1879 in
2157 1825 2412 1895 quodam
2448 1824 2799 1880 Nicomediae
2833 1825 3137 1898 suburbio,
3161 1844 3295 1884 cum
3318 1846 3504 1887 annos
3525 1848 3714 1904 unum

2067 1929 2247 1984 supra
2271 1913 2514 1984 triginta
2542 1913 2856 1985 imperium
2886 1914 3195 1984 tenuisset,
3228 1920 3535 1990 totumque
3584 1910 3729 1991 ejus

2066 2001 2197 2057 vita
2226 2005 2459 2074 tempus
2491 2001 2794 2074 sexaginta
2834 2002 3094 2075 quinque
3138 2005 3308 2060 annis
3368 2005 3714 2065 absolutum

2069 2092 2177 2145 est.
2210 2090 2585 2145 Successores
2621 2090 2774 2147 filios
2803 2091 3063 2162 reliquit,
3094 2093 3311 2149 tradito
3357 2097 3714 2152 testamento

2070 2181 2245 2251 atque
2274 2178 2335 2233 in
2366 2178 2642 2235 manibus
2674 2178 2937 2251 deposito
2965 2180 3197 2236 cuidam
3218 2182 3551 2255 presbytero
3577 2200 3713 2240 cum

2071 2266 2208 2322 Ario
2229 2266 2524 2337 sentienti,
2558 2268 2852 2323 mandans
2879 2274 2944 2323 ut
2977 2268 3358 2325 Constantino
3382 2272 3717 2344 cognomini

2070 2355 2326 2412 traderet
2353 2354 2519 2411 illud.
2554 2355 2754 2412 Multis
2772 2355 2951 2427 igitur
2972 2357 3373 2427 quaerentibus
3395 2375 3467 2414 an
3495 2360 3716 2417 edidis-

2072 2447 2162 2501 set
2205 2447 2647 2510 testamentum,
2695 2444 3081 2500 cunctabatur
3134 2447 3457 2519 presbyter,
3509 2454 3719 2506 nactus

2074 2532 2303 2589 consilii
2334 2532 2523 2589 socios
2552 2532 2854 2589 eunuchos
2885 2534 3036 2589 sacri
3066 2534 3343 2590 cubiculi.
3375 2536 3558 2593 Paulo
3583 2542 3719 2610 post

2075 2620 2309 2678 advenit
2337 2620 2736 2689 Constantius,
2771 2620 3041 2694 clamque
3062 2622 3175 2693 ipsi
3206 2624 3510 2697 presbyter
3537 2629 3722 2683 testa-

2077 2714 2340 2765 mentum
2364 2709 2562 2777 tradit,
2588 2727 2769 2765 unam
2790 2710 2993 2766 statim
3020 2711 3093 2766 ab
3114 2728 3181 2767 eo
3207 2728 3422 2785 rogans
3448 2714 3725 2787 gratiam,

2076 2803 2141 2853 ut
2166 2814 2301 2854 cum
2330 2798 2465 2854 Ario
2498 2799 2761 2854 sentiret.
2792 2798 3077 2855 Defuncto
3125 2800 3324 2873 itaque
3374 2801 3726 2875 imperatore

2076 2886 2480 2956 Constantino,
2508 2886 2798 2943 Eusebius
2822 2891 2868 2942 Ν
2875 2888 3284 2946 icomediensis
3306 2894 3362 2947 et
3390 2892 3554 2963 socii,
3575 2897 3725 2949 tem-

2077 2993 2189 3049 pus
2221 2992 2283 3031 se
2312 2979 2514 3032 nactos
2554 2980 2913 3047 opportuum
2966 2977 3098 3046 rati,
3157 2977 3279 3033 Arii
3323 2974 3593 3037 haeresim
3625 2981 3725 3038 ﬁr-

2077 3080 2239 3121 mare
2268 3064 2602 3120 studebant.
2636 3062 2799 3126 Quod
2857 3080 2926 3119 ex
2971 3070 3101 3121 voto
3154 3081 3461 3123 cessurum
3519 3084 3725 3141 spera-

2078 3155 2241 3221 bant,
2274 3154 2417 3209 dum
2449 3153 2521 3208 ab
2541 3152 2744 3208 exsilio
2774 3152 3130 3209 Athanasius
3188 3171 3305 3211 non
3354 3157 3720 3228 remigraret.

2078 3242 2211 3298 Haec
2243 3246 2440 3297 autem
2473 3239 2866 3297 moliebantur
2886 3257 3062 3313 opera
3082 3241 3173 3298 usi
3195 3244 3517 3316 presbyteri
3538 3244 3721 3314 illius,

2080 3330 2182 3401 qui
2211 3328 2545 3385 testamenti
2574 3328 2775 3384 traditi
2809 3329 3113 3398 beneﬁcio,
3166 3347 3295 3387 sese
3344 3333 3616 3405 ingerens
3660 3335 3721 3390 in

2081 3418 2384 3491 palatium,
2412 3417 2783 3489 imperatoris
2836 3419 3216 3490 prepositum
3264 3421 3502 3478 nomine
3553 3426 3727 3480 Euse-

2086 3508 2270 3574 bium,
2302 3506 2551 3572 induxit,
2583 3510 2649 3561 ut
2666 3505 2783 3562 Arii
2805 3506 3130 3563 doctrinam
3154 3511 3439 3565 tueretur.
3464 3510 3609 3567 Hinc
3626 3510 3729 3568 alii

2083 3595 2339 3652 eunuchi
2362 3596 2433 3651 ad
2465 3596 2669 3651 eadem
2711 3594 3017 3651 sentienda
3068 3594 3520 3654 inducebantur.
3574 3599 3730 3663 Quin

2085 3684 2204 3740 imo
2232 3683 2364 3756 ipsa
2390 3682 2759 3756 imperatoris
2785 3700 2931 3738 uxor
2946 3698 3049 3754 per
3080 3684 3383 3742 eunuchos
3412 3703 3479 3743 ac
3497 3688 3735 3761 presby-

2086 3777 2280 3829 terum
2330 3773 2590 3843 decepta,
2639 3770 2829 3827 eidem
2879 3771 3154 3828 doctrinae
3197 3773 3560 3846 adjungitur.
3615 3776 3735 3834 Nec

2087 3861 2340 3919 multum
2372 3864 2577 3932 postea
2607 3859 2732 3932 ipse
2754 3860 3071 3932 imperator
3099 3860 3160 3917 in
3191 3863 3459 3920 eamdem
3492 3868 3735 3922 senten—

2086 3951 2232 4008 tiam
2262 3949 2549 4007 deductus
2580 3954 2668 4005 est
2693 3965 2705 4005 :
2740 3965 2805 4004 ac
2836 3949 3036 4005 statim
3068 3951 3331 4021 mandat,
3359 3956 3426 4009 ut
3451 3954 3573 4010 Arii
3620 3954 3737 4011 ha-

2090 4039 2237 4096 resis
2291 4039 2648 4107 firmaretur,
2695 4052 3018 4110 omnesque
3064 4039 3320 4113 episcopi
3370 4042 3556 4099 nostri
3602 4044 3735 4115 ejus

2091 4127 2416 4184 doctrinam
2445 4127 2535 4183 vel
2563 4124 2729 4181 inviti
2751 4131 3097 4199 cogerentur
3115 4128 3406 4200 amplecti.
3432 4130 3585 4188 Dum
3609 4132 3736 4189 haec

2092 4214 2379 4289 spiritalis
2399 4218 2721 4287 tempestas
2744 4216 3082 4288 agitaretur,
3106 4222 3349 4288 praeerat
3361 4219 3738 4293 Jerosolymi—

2092 4309 2243 4361 tante
2291 4303 2560 4360 Ecclesia;
2610 4304 2895 4359 Maximus
2952 4305 3283 4377 episc0pus,
3332 4308 3736 4366 Alexandrinas

307 4394 614 4457 ἐπίσκοπος
660 4401 764 4464 τῆς
812 4391 1208 4467 Ἱεροσολύμων
1255 4389 1581 4461 Ἐκκλησίας
1631 4393 1844 4467 ἡγεῖτο,
1892 4398 1983 4452 καὶ

2093 4409 2344 4465 magnus
2372 4392 2753 4458 Athanasius,
2787 4392 2889 4463 qui
2930 4391 2992 4447 in
3023 4393 3224 4449 exsilio
3282 4396 3524 4467 agebat;
3552 4402 3556 4406 “
3585 4397 3735 4454 Gon-

309 4481 731 4561 ’Δλεξανδρείας
762 4484 791 4537 6
822 4483 990 4557 μέγας
1023 4481 1355 4542 Ἀθανάσιος·
1408 4479 1460 4534 ἐν
1494 4479 1553 4535 δὲ
1598 4484 1668 4554 τῇ
1700 4480 1880 4556 ἐξορίᾳ
1908 4482 1982 4555 (ε)

311 4570 531 4647 διῆγεν’
580 4571 673 4626 καὶ
705 4566 1332 4631 Κωνσταντινουπόλεως
1379 4566 1755 4645 Ἀλέξανδρος,
1804 4570 1982 4631 καθὼς

312 4662 373 4717 ἓν
404 4681 543 4716 τισιν
576 4659 898 4728 Ἀθανασίοῦ
929 4660 1246 4735 γράμμασιν
1278 4657 1608 4733 ἀνέγνωμεν.
1637 4651 1894 4720 Εὐσέϐιος
1926 4654 1984 4713 δὲ

315 4753 349 4806 6
381 4757 426 4805 Ν
434 4748 756 4823 ικομηδεὺς,
789 4746 932 4825 ἔχων
966 4748 1220 4824 συνεργὸν
1248 4748 1338 4802 τὸν
1372 4745 1656 4821 εἰρημένον
1688 4741 1981 4823 πρεσϐύτε-

315 4858 438 4914 ρον,
461 4838 776 4913 μηχανᾶται
791 4837 884 4891 τὸν
902 4842 1121 4912 ’Ἄρειον
1146 4836 1198 4890 έν
1218 4840 1619 4890 Κωνσταντινου
1639 4832 1800 4889 πόλει
1823 4834 1984 4889 ἀκού-

316 4928 491 4998 εσθαι,
528 4925 783 4999 οἰόμενος
832 4923 1000 5001 ῥᾷστα
1027 4921 1363 5000 περιέσεσθαι
1391 4923 1730 4997 Ἀθανασίου,
1771 4921 1854 4977 ἐπ’
1885 4919 1983 4977 ἀλ-

319 5011 579 5083 λοδαπῆς
608 5012 914 5089 γενομένης
942 5019 1047 5082 τῆς
1081 5014 1455 5086 ζητήσεως,τῇ
1485 5010 1733 5083 αὐθεντίᾳ
1758 5014 1855 5067 τοῦ
1892 5012 1986 5085 βα-

320 5102 644 5175 σιλέως,καὶ
664 5106 773 5157 τῶν
807 5101 979 5157 ἐκεῖσε
1009 5098 1443 5177 συνερχομένων,
1465 5102 1533 5155 τὰ
1562 5100 1776 5176 Ἀρείου
1807 5092 1986 5171 δήπου

322 5191 672 5270 φρονούντων
694 5188 950 5265 (Γ).³Αλλ’
971 5192 999 5245 6
1026 5190 1121 5262 μὲν
1149 5195 1388 5263 Ἄρειος,
1414 5183 1640 5262 ὄργανον
1662 5185 1735 5242 ὢν
1756 5191 1853 5242 τοῦ
1875 5185 1987 5242 δια-

321 5277 501 5337 ϐόλου
530 5278 622 5335 καί
653 5283 844 5341 σκεῦος
878 5278 1042 5334 αὐτοῦ
1088 5276 1541 5352 κατηρτισμένον,
1588 5276 1986 5353 φανταζόμενος

319 5370 422 5433 τὰς
451 5373 552 5425 τοῦ
582 5372 720 5425 Θεοῦ
752 5365 1080 5438 Ἐκκλησίας
1122 5364 1453 5439 διαρπάζειν,
1502 5361 1662 5427 τέλος
1708 5363 1854 5434 ἄξιον
1886 5364 1989 5419 ἀπ-

426 5533 485 5602 α)
516 5518 708 5591 Palat.
742 5530 794 5602 έν
826 5523 1151 5602 τῂΑΒεριᾶδμι
1179 5544 1283 5600 pro
1302 5524 1368 5602 ⁸έν
1402 5519 1706 5602 Τριϐέροις)

426 5550 458 5588 a
516 5533 708 5591 Palat.
742 5533 794 5597 έν
826 5533 895 5602 τῂ
932 5533 1151 5599 Βεριάδι
1179 5544 1283 5600 pro
1316 5533 1368 5579 έν
1402 5533 1706 5599 Τριὸεροις.

402 5533 485 5738 ζὺέ
516 5602 670 5671 Haec,
722 5601 830 5654 τών
892 5597 1243 5672 ἀνθρωπίνων
1302 5593 1614 5671 λογισμῶν,
1663 5598 1876 5654 desunt
1929 5597 1990 5655 in

402 5696 412 5736 ι
443 5716 457 5732 ο
607 5717 615 5725 '
1332 5737 1345 5738 κ

330 5675 476 5828 Pa(16.)
508 5717 647 5813 Τούς
681 5741 947 5821 εὖνῦχονς
978 5741 1142 5800 deest
1167 5739 1227 5797 in
1254 5737 1373 5797 Pal.

620 5874 888 5938 Panos.
934 5868 1048 5935 Gn.
1089 5863 1282 5950 XXV,

2092 4480 2624 4553 stantinopolitanas
2655 4495 2786 4535 vero
2808 4479 3151 4549 Alexander,
3193 4484 3258 4537 ut
3287 4482 3347 4536 in
3378 4484 3736 4555 quibusdam

2091 4568 2406 4625 Athanasii
2439 4567 2673 4639 scriptis
2701 4566 2969 4639 legimus.
3005 4567 3294 4624 Eusebius
3323 4575 3518 4627 autem
3574 4571 3741 4631 Nico-

2093 4658 2433 4725 mediensis,
2468 4657 2696 4713 socium
2727 4655 2948 4711 habens
2981 4672 3162 4728 supra
3193 4657 3416 4714 dictum
3447 4662 3739 4733 presbyte-

2094 4760 2248 4812 rum,
2267 4760 2504 4816 operam
2520 4744 2621 4798 dat
2646 4747 2710 4798 ut
2731 4741 2904 4798 Arius
2925 4741 3427 4817 Constantinopoli
3441 4748 3738 4823 audiatur,

2093 4837 2256 4889 ratus
2288 4832 2456 4889 facile
2487 4836 2831 4903 superatum
2865 4832 2935 4886 iri
2965 4832 3380 4905 Athanasium,
3413 4835 3460 4891 si
3490 4836 3550 4891 in
3570 4853 3737 4908 pere-

2092 4922 2263 4995 grina
2292 4922 2437 4977 urbe
2459 4919 2702 4993 quaestio
2733 4920 3069 4989 haberetur,
3120 4923 3461 4979 auctoritate
3518 4924 3741 4989 scilicet

2094 5009 2487 5083 imperatoris,
2533 5009 2783 5083 aliisque
2832 5026 2899 5065 eo
2949 5010 3425 5067 convenientibus
3469 5013 3740 5077 Arianice

2096 5099 2506 5156 sentientibus.
2540 5099 2650 5154 Sed
2678 5098 2856 5155 Arius
2887 5114 3022 5154 cum
3074 5103 3230 5155 esset
3280 5099 3741 5166 instrumentum

2097 5188 2315 5245 diaboli
2346 5192 2404 5243 et
2447 5203 2553 5244 vas
2606 5188 2733 5257 ejus
2790 5191 3083 5259 paratum,
3131 5204 3265 5243 cum
3314 5188 3594 5261 cogitaret
3639 5187 3743 5255 Dei

2100 5276 2384 5335 Ecclesias
2419 5276 2694 5347 diripere,
2728 5276 3086 5349 condignum
3110 5275 3309 5332 retulit
3329 5276 3652 5333 facinorum
3679 5277 3748 5333 ﬂ-

2098 5382 2257 5423 nem.
2293 5365 2569 5422 Precibus
2599 5380 2854 5437 namque
2893 5364 3084 5419 sancti
3129 5362 3438 5421 Alexandri
3486 5363 3748 5439 episcopi

2194 5524 2248 5590 d)
2280 5523 2599 5578 Κυνιστάναι
2628 5522 2863 5590 νομίζων
2883 5522 3063 5578 Palat.

2195 5525 2228 5580 d
2280 5525 2599 5578 Κυνιστάναι
2628 5542 2686 5575 νο
2738 5525 2863 5590 ίζων
2883 5525 3005 5578 Pala

2195 5525 2248 5669 el
2266 5595 2449 5669 Palat.
2484 5593 2530 5647 εί
2559 5593 2661 5669 καί-
2680 5544 2734 5648 ἐξ
2765 5592 3005 5669 τῆέξορ.

2194 5662 2243 5739 ﬂ
2271 5666 2452 5724 Palat.
2487 5665 2724 5746 φρονεῖν·
2762 5662 2934 5742 Editi,
2956 5662 3322 5748 φρονούντων.

2172 5525 2189 5740 ἓ
