4146 6392
422 465 620 514 CCXXX

1818 442 2237 508 PROLEGOM
2248 445 2433 506 ENA.

423 579 1073 652 Constantinopolitani,
1107 578 1166 633 in
1198 577 1429 634 latrinis
1459 577 1842 650 imperatoria:
1903 576 2066 632 urbis

2182 575 2446 648 ηνέγκατο
2475 577 2582 628 τῶν
2616 569 3059 646 ἐπιτηδευμάτων
3112 567 3297 643 αὑτοῦ,
3345 575 3462 634 ταῖς
3514 569 3703 646 εὐχαῖς
3738 572 3839 626 τοῦ

422 670 647 727 viscera
676 671 805 741 ejus
835 667 1035 724 avulsa
1065 671 1223 723 sunt.
1257 667 1366 723 Sed
1399 667 1574 721 etiam
1604 671 1735 737 post
1761 665 1880 720 Arii
1913 682 2066 720 mor-

425 763 566 830 tem,
592 775 766 830 parvo
781 757 977 829 elapso
1002 762 1282 826 tempore,
1311 755 1595 810 Eusebius
1608 754 2068 810 Nicomediensis

427 853 484 904 et
514 848 654 903 socii
687 848 837 917 ejus,
869 844 1276 901 eunuchorum
1308 844 1420 898 sibi
1453 843 1820 898 addictorum
1871 858 2065 913 opera,

427 939 714 1006 quotquot
744 938 911 989 rectae
939 932 1214 988 doctrinae
1237 932 1700 987 adhaerescerent
1728 931 2069 1002 perturbare

427 1022 686 1094 aggressi
744 1026 904 1087 sunt,
952 1020 1183 1075 lucrum
1236 1021 1350 1076 sibi
1405 1021 1808 1076 existimantes
1882 1020 2069 1076 sancti

425 1109 732 1166 Athanasii
764 1109 1116 1179 absentiam,
1151 1126 1218 1164 ac
1248 1110 1554 1165 studentes
1606 1127 1726 1165 suae
1765 1109 2068 1165 sententia:

423 1199 761 1271 episcopum
821 1199 880 1252 in
937 1197 1326 1253 Alexandrina
1385 1197 1640 1254 Ecclesia
1693 1197 2066 1253 constituere.

423 1286 535 1343 Sed
565 1285 667 1341 Dei
686 1285 873 1358 gratia
894 1284 1317 1356 praeoccupavit
1346 1302 1468 1351 eos,
1498 1286 1723 1341 veritati
1762 1286 2069 1356 praemium

425 1374 790 1446 adjudicans.
844 1375 970 1428 Haec
1002 1374 1158 1428 enim
1201 1373 1319 1429 illis
1351 1374 1768 1444 cogitantibus,
1819 1389 2070 1445 magnus

423 1461 781 1518 Athanasius
812 1462 884 1516 ab
915 1461 1119 1518 exsilio
1176 1477 1479 1532 regressus
1519 1468 1626 1530 est,
1680 1461 2071 1534 imperatoriis

426 1552 695 1608 munitus
725 1550 935 1606 litteris
966 1567 1035 1605 ex
1065 1550 1371 1606 Occidente
1430 1551 1664 1622 scriptis
1695 1567 1728 1606 a
1758 1551 2070 1606 Constante

427 1639 549 1694 ﬁlio
606 1640 784 1694 beata}
843 1637 1135 1694 memorias
1186 1638 1574 1707 Constantini,
1637 1639 1708 1694 ad
1787 1638 2070 1711 populum

426 1725 910 1791 Alexandrinum,
943 1725 1103 1780 hisce
1124 1725 1314 1781 verbis
1340 1744 1352 1780 :

2178 664 2335 738 ἁγίου
2370 661 2724 737 Ἀλεξάνδρου
2753 665 2850 716 τοῦ
2883 659 3176 716 ἐπισκόπου
3207 657 3837 722 Κωνσταντινουπόλεως

2177 751 2227 806 ἐν
2262 749 2529 829 ἀφεδρῶνι
2556 754 2635 824 (a)
2664 758 2764 820 τῆς
2801 747 3078 825 βασιλίδος
3111 747 3328 811 πόλεως
3357 753 3464 804 τῶν
3499 746 3838 824 σπλάγχνων

2177 840 2340 895 αὑτοῦ
2369 839 2866 896 κατασπασθέντων.
2916 837 3094 894 Ἀλλά
3134 838 3223 892 καὶ
3285 839 3417 912 μετά
3460 839 3551 892 τὸν
3611 839 3838 893 θάνατον

2175 929 2410 1002 Ἀρείου,
2445 929 2647 1004 χρόνου
2686 927 2939 1003 βραχέως
2989 925 3322 994 διελθόντος,
3372 921 3630 989 Εὐσέϐιος
3681 927 3708 981 6
3741 933 3839 981 Νι-

2176 1015 2476 1090 κομηδείας
2524 1015 2709 1087 πάλιν,
2758 1017 2848 1071 καὶ
2901 1017 2953 1071 οἱ
3002 1015 3092 1070 σὺν
3144 1015 3290 1088 αὑτῷ
3339 1012 3427 1070 διὰ
3471 1020 3580 1070 τῶν
3631 1035 3836 1084 συνερ-

2177 1106 2418 1180 γούντων
2447 1105 2629 1168 αὐτοῖς
2663 1105 2936 1181 εὐνούχων
2968 1106 3244 1181 ταράττειν
3293 1104 3421 1166 τοὺς
3450 1107 3518 1177 τῇ
3553 1100 3840 1180 ὀρθοδοξίᾳ

2177 1193 2602 1269 προσκειμένους
2662 1192 2977 1270 ἐπεχείρουν
3014 1237 3028 1263 ,
3090 1189 3311 1269 ἕρμαιον
3381 1190 3681 1268 ἡγούμενοι
3733 1194 3835 1262 την

2177 1288 2271 1336 τοῦ
2327 1283 2482 1357 άγίου
2534 1281 2853 1337 ’Δθανασίου
2915 1283 3172 1336 ἀπουσίαν
3210 1326 3223 1351 ,
3283 1282 3373 1335 καὶ
3443 1278 3838 1350 σπουδάζοντες

2176 1379 2278 1440 τῆς
2311 1371 2484 1426 αὐτῶν
2536 1368 2696 1442 δόξης
2747 1371 3029 1449 ὁμόφρονα
3075 1369 3365 1425 ἐπίσκοπον
3415 1368 3729 1444 ἐγκαθιστᾷν
3766 1373 3838 1444 τῇ

2181 1458 2575 1534 Ἀλεξανδρέων
2609 1457 2922 1531 Ἐκκλησίᾳ’
2970 1463 3004 1529 ἡ
3058 1457 3115 1514 δὲ
3160 1463 3258 1514 τοῦ
3305 1462 3439 1514 Θεοῦ
3487 1460 3652 1534 χάρις
3701 1479 3842 1534 προ·-

2180 1548 2369 1623 έτρεχε
2425 1543 2757 1624 βραϐεύουσα
2818 1548 2948 1622 ὑπὲρ
3005 1555 3107 1617 τῆς
3164 1545 3444 1616 ἀληθείας.
3505 1551 3682 1602 Ταῦτα
3734 1550 3842 1623 γάρ

2179 1636 2353 1691 αὐτῶν
2413 1633 2852 1710 διανοουμένων,
2917 1634 3134 1714 ἔφθασεν
3198 1637 3226 1690 6
3288 1635 3457 1711 μέγας
3525 1636 3847 1700 ’Δθανάσιος

2181 1723 2485 1780 ἐπανελθεῖν
2532 1724 2636 1779 ἀπὸ
2695 1733 2794 1794 τῆς
2847 1724 3054 1800 ἐξορίας
3103 1723 3474 1800 ώχυρωμένος
3529 1722 3845 1798 βασιλικοῖς

427 1814 713 1889 γράμμασι
745 1813 888 1885 παρά
918 1812 1318 1867 Κωνσταντίνου
1351 1817 1447 1867 τοῦ
1481 1814 1598 1868 υἱοῦ
1627 1818 1724 1868 τοῦ
1759 1815 2025 1891 μακαρίου
2052 1813 2455 1870 Κωνσταντίνου
2504 1814 2609 1869 ἀπὸ
2655 1820 2757 1884 τῆς
2805 1812 3016 1876 Δύσεως
3045 1818 3296 1891 γραφεῖσι
3326 1817 3406 1885 τῷ
3438 1809 3557 1884 λαῷ
3583 1810 3842 1884 Ἀλεξαν-

429 1900 632 1978 δρείας,
661 1902 793 1977 ἅπερ
827 1899 942 1977 ἔχει
973 1901 1168 1963 οὕτως·

432 2010 611 2067 Victor
645 2009 1061 2084 Constantinus,
1091 2009 1406 2084 catholicae
1451 2013 1716 2084 Ecclesia:
1769 2020 1820 2067 et
1872 2013 2068 2084 popula

2181 2012 2425 2079 Νικητής
2469 2015 2883 2084 ’Κωνσταντῖνος

972 2081 1126 2136 urbis
1154 2081 1526 2139 Alexandria.

501 2167 614 2225 Nec
647 2185 821 2224 sacrae
879 2168 1094 2224 mentis
1140 2173 1340 2225 vestra:
1400 2169 1668 2226 notitiam
1725 2171 2070 2242 praeteriisse

428 2257 698 2324 arbitror,
731 2258 860 2312 ideo
896 2257 1282 2312 Athanasium
1325 2258 1634 2314 adoranda:
1691 2258 1836 2332 legis
1887 2261 2069 2315 inter-

427 2349 672 2418 pretem,
705 2345 764 2399 in
814 2344 1035 2400 Gallias
1073 2345 1146 2399 ad
1177 2346 1475 2416 quoddam
1532 2351 1765 2418 tempus
1819 2348 2069 2404 missum

427 2435 628 2502 fuisse,
665 2437 728 2488 ut
757 2449 830 2488 ne
862 2433 1214 2488 immanium
1246 2435 1374 2505 ejus
1404 2433 1661 2490 hostium
1689 2435 1908 2503 feritas,
1942 2453 2073 2508 quae

427 2523 486 2578 in
517 2521 843 2594 periculum
876 2521 1025 2577 sacri
1048 2521 1209 2577 illius
1229 2523 1438 2594 capitis
1459 2523 1826 2590 imminebat,
1845 2541 2072 2581 eorum-

430 2612 684 2682 demque
714 2609 1114 2681 improborum
1146 2611 1492 2681 perversitas
1543 2613 1613 2666 ad
1638 2613 1858 2668 nefaria
1887 2614 2070 2670 susti-

428 2700 622 2755 nenda
648 2715 783 2754 eum
816 2703 1064 2770 cogeret.
1097 2699 1185 2754 Ad
1217 2716 1345 2754 eam
1387 2699 1566 2771 igitur
1597 2699 1969 2772 eludendam,
2005 2718 2074 2758 ex

428 2787 698 2842 faucibus
719 2786 1108 2842 adorientium
1123 2804 1184 2842 se
1196 2786 1456 2843 virorum
1478 2794 1565 2844 est
1577 2794 1830 2861 ereptus.
1855 2792 2070 2856 Quam-

429 2876 629 2932 obrem
662 2875 773 2930 sub
807 2890 898 2930 me
931 2875 1137 2946 degere
1160 2876 1336 2946 jusus
1368 2882 1478 2943 est,
1517 2882 1579 2932 ut
1637 2877 1694 2932 in
1746 2879 1906 2934 nullo
1957 2879 2070 2935 sibi

430 2963 761 3021 necessario
791 2964 1078 3019 deﬁceret.
1114 2964 1372 3020 Tametsi
1406 2967 1530 3036 ejus
1561 2966 1836 3037 praeclara
1885 2967 2073 3023 virtus

428 3053 640 3110 divinis
671 3052 819 3108 freta
847 3052 1099 3123 auxiliis,
1133 3053 1427 3124 graviores
1448 3053 1814 3110 calamitates
1837 3056 1945 3112 fert
2002 3056 2071 3110 li-

429 3141 794 3199 bentissime.
826 3140 1104 3196 Dominus
1133 3158 1306 3213 porro
1338 3147 1534 3198 noster
1569 3143 1747 3198 beatas
1779 3144 2072 3201 memoria:

431 3229 851 3288 Constantinus
880 3231 1182 3301 Augustus
1213 3235 1378 3301 pater
1403 3247 1589 3299 meus,
1623 3233 1896 3288 eumdem
1945 3233 2075 3290 reli-

437 3320 838 3394 giosissimum
876 3318 1213 3390 episcopum
1249 3319 1371 3374 suis
1389 3319 1628 3376 sedibus
1646 3320 1951 3378 restituere
1970 3340 2068 3394 pa-

429 3412 615 3466 rabat.
641 3408 787 3475 Quia
806 3413 1002 3464 tamen
1027 3409 1287 3464 humana
1319 3413 1475 3464 sorte
1496 3416 2069 3482 praeoccupatus,an-
2100 3382 2142 3449 C

426 3503 666 3570 tequam
690 3503 892 3552 votum
922 3495 1221 3569 implesset
1254 3514 1428 3553 suum
1459 3514 1527 3552 ex
1556 3498 1664 3554 hac
1695 3500 1813 3554 vita
1853 3500 2043 3572 migra

429 3589 533 3658 vit,
555 3591 1012 3642 consentaneum
1043 3585 1370 3641 existimavi
1403 3587 1547 3642 diva:
1605 3589 1900 3644 memoria:
1959 3589 2069 3644 im-

428 3675 716 3749 peratoris
747 3673 1111 3745 propositum
1144 3674 1482 3731 hazreditate
1505 3682 1806 3748 acceptum
1831 3681 2068 3751 exsequi

431 3766 607 3822 Porro
637 3763 992 3819 Athanasius
1023 3768 1252 3833 quantae
1287 3764 1430 3818 mihi
1461 3765 1816 3820 venerationi
1875 3767 2066 3839 fuerit,

431 3871 566 3910 cum
598 3853 670 3908 ad
730 3855 1105 3921 conspectum
1153 3851 1373 3907 venerit
1417 3862 1671 3908 vestrum
1721 3858 2066 3926 agnoscetis.

428 3943 545 3998 Nec
577 3941 794 3996 mirum
824 3945 912 3994 est
932 3939 981 3994 si
1008 3939 1147 4010 quid
1178 3941 1305 4010 ejus
1337 3941 1527 4012 gratia
1552 3941 1819 3998 fecerim:
1855 3945 1926 3999 ad
1959 3945 2068 4001 hoc

429 4031 585 4088 enim
617 4027 890 4085 desiderii
913 4027 1087 4084 vestri
1116 4028 1308 4100 imago
1338 4035 1394 4084 et
1449 4029 1598 4085 tanti
1653 4031 1762 4085 viri
1811 4033 2069 4104 dignitas

427 4119 688 4176 animam
716 4133 906 4172 meam
938 4116 1246 4172 concitavit
1275 4121 1445 4188 atque
1480 4120 1813 4176 commovit.
1865 4121 2071 4179 Divina

425 4225 528 4266 vos
558 4205 930 4267 Providentia
959 4211 1275 4276 conservet,
1310 4206 1516 4263 fratres
1546 4207 1761 4264 dilecti.

495 4389 551 4444 7.
584 4387 685 4443 His
715 4385 974 4442 confisus
994 4382 1223 4439 litterus
1251 4383 1630 4455 Athanasius,
1653 4385 2067 4444 Alexandriam

422 4477 599 4547 venit,
629 4492 882 4548 eumque
903 4473 1290 4530 libentissime
1301 4474 1526 4545 excepit
1546 4475 1798 4546 populus
1818 4476 2065 4534 Alexan-

422 4567 650 4622 drinus.
683 4565 980 4636 Quotquot
1007 4567 1202 4618 autem
1233 4563 1407 4618 isthic
1433 4563 1632 4619 Ariani
1687 4570 1872 4633 erant,
1924 4583 2064 4623 con-

420 4654 714 4712 venticula
743 4655 1028 4726 cogebant
1045 4654 1324 4708 adversus
1356 4650 1723 4719 illum;unde
1737 4655 2067 4726 frequentes

3055 2051 3069 2078 ,
3126 2015 3192 2077 τῆ
3225 2008 3520 2079 ,καθολικῇ
3583 2006 3784 2079 Έκκλη
3812 2040 3836 2051 -

2427 2061 2632 2152 eam
2652 2061 2887 2152 eam;
2915 2061 3584 2154 τέδχεῑυςίνλλεεπφδρείάς.

2251 2167 2412 2225 Οὐδὲν
2469 2171 2567 2239 τήν
2625 2176 2727 2238 τῆς
2800 2168 3060 2243 ὑμετέρας
3137 2169 3285 2244 ἱερᾶς
3338 2166 3546 2230 ἐννοίας
3606 2168 3840 2222 ἀποπε-

2181 2259 2431 2338 φευγέναι
2489 2263 2684 2333 γνῶσιν
2741 2257 2893 2330 οἶμαι
2931 2303 2944 2328 ,
3006 2255 3094 2312 διὰ
3145 2261 3306 2312 τοῦτο
3365 2257 3674 2311 Ἀθανάσιον
3740 2257 3833 2311 τὸν

2178 2353 2274 2403 τοῦ
2322 2351 2698 2422 προσκυνητοῦ
2749 2347 2920 2419 νόμου
2968 2347 3274 2424 ὑποφήτην,
3332 2344 3471 2421 πρὸς
3521 2346 3706 2420 καιρὸν
3757 2345 3836 2409 εἷς

2178 2439 2274 2498 τὰς
2308 2435 2545 2497 Γαλλίας
2580 2433 2930 2504 ἀπεστάλθαι,
2977 2434 3090 2502 τίνα,
3141 2431 3326 2502 ἐπειδὴ
3359 2437 3394 2502 ἡ
3430 2435 3691 2509 ἀγριότης
3721 2438 3831 2488 τῶν

2182 2519 2494 2598 αἳμοϐόρων
2528 2523 2690 2578 αὑτοῦ
2729 2523 2816 2578 καὶ
2865 2521 3148 2596 πολεμίων
3201 2522 3410 2598 ἐχθρῶν
3462 2522 3537 2584 εἷς
3586 2520 3834 2578 κίνδυνον

2180 2621 2280 2682 τῆς
2313 2615 2458 2686 ἱερᾶς
2512 2613 2676 2667 αὑτοῦ
2706 2610 2948 2690 κεφαλῆς
3001 2609 3254 2685 ἐπέμηνε,
3307 2613 3573 2681 ἀνήκεστα
3604 2612 3835 2686 ὑποστῇ.

2181 2703 2324 2776 Πρὸς
2367 2701 2428 2755 τὸ
2477 2699 2751 2771 διαπαῖξαι
2797 2701 2975 2755 τοίνυν
3025 2699 3251 2771 ταύτην,
3301 2699 3538 2778 ἀφῃρέθη
3591 2705 3699 2756 τῶν
3741 2723 3841 2779 φα-

2182 2790 2398 2864 ρύγγων
2455 2794 2561 2844 τῶν
2623 2787 2974 2862 ἐπικειμένων
3025 2789 3170 2861 αὑτῷ
3229 2786 3472 2862 ἀνδρῶν.
3532 2792 3630 2844 Διά
3676 2795 3838 2845 τοῦτο

2184 2879 2271 2933 ὑπ’
2304 2877 2426 2951 ἐμοὶ
2471 2879 2564 2950 μὲν
2616 2875 2818 2952 διάγειν
2869 2876 3234 2946 κεκέλευσται,
3283 2876 3421 2933 ὥστε
3472 2876 3640 2951 μηδὲν
3692 2879 3841 2952 αὑτῷ

2180 2972 2286 3022 τῶν
2337 2967 2639 3042 ἀναγκαίων
2689 2965 2960 3040 ἐλλεῖψαι,
2993 2967 3037 3021 εἰ
3086 2967 3270 3021 καὶτά
3313 2965 3547 3040 μάλιστα
3593 2969 3626 3036 ἡ
3661 2963 3835 3021 ἀοίδι-

2187 3078 2287 3130 μος
2345 3055 2508 3110 αὑτοῦ
2560 3057 2747 3131 ἀρετὴ,
2786 3062 2904 3118 ταῖς
2949 3055 3118 3117 θείαις
3175 3057 3466 3110 πεποιθυῖα
3530 3054 3837 3129 βοηθείαις,

2181 3145 2270 3199 καὶ
2309 3146 2376 3199 τὰ
2423 3143 2730 3220 τραχύτερα
2776 3142 2917 3218 ἄχθη
2970 3142 3116 3220 φέρει
3149 3144 3412 3219 εὐχερῶς.
3454 3143 3549 3197 Καὶ
3581 3144 3608 3198 6
3641 3140 3839 3197 δεσπό-

2179 3254 2280 3303 της
2328 3235 2488 3305 ἡμῶν
2522 3233 2550 3285 6
2599 3238 2700 3300 τῆς
2753 3230 3018 3305 μακαρίας
3071 3232 3297 3303 μνήμης
3344 3235 3746 3292 Κωνσταντῖνος
3807 3231 3839 3285 6

2183 3316 2436 3382 σεϐαστὸς
2463 3322 2491 3375 6
2522 3319 2652 3393 ἐμὸς
2684 3321 2863 3394 πατὴρ
2913 3319 3004 3372 τὸν
3055 3318 3212 3373 αὑτὸν
3267 3317 3676 3396 θεοφιλέστατον
3720 3317 3840 3373 ἐπί-

2181 3432 2380 3465 σκοπον
2437 3414 2516 3481 τῷ
2573 3406 2697 3480 ἰδίῳ
2729 3407 2883 3480 τόπῳ
2929 3413 3228 3484 παρασχεῖν
3278 3403 3572 3477 ἠϐούλετο.
3621 3411 3836 3481 Ὅμως,

2181 3497 2390 3569 ἐπειδὴ,
2447 3497 2768 3572 ἀνθρωπίνῳ
2810 3495 3007 3572 κλήρῳ
3050 3495 3442 3574 προσληφθεὶς,
3473 3498 3580 3572 πρὸ
3609 3501 3704 3551 τοῦ
3731 3498 3835 3565 την

2182 3588 2350 3663 εὐχὴν
2408 3584 2700 3662 πληρῶσαι
2755 3585 3118 3655 ἀνεπάυσατο,
3178 3583 3473 3640 ἀκόλουθον
3533 3587 3835 3660 ἡγησάμην

2178 3679 2276 3746 τήν
2307 3675 2618 3753 προαίρεσιν
2649 3677 2746 3728 τοῦ
2773 3680 2874 3743 τῆς
2923 3672 3068 3735 θείας
3121 3675 3347 3746 μνήμης
3405 3671 3672 3748 βασιλέως
3717 3670 3838 3728 δια-

2181 3764 2464 3839 δεξάμενος
2516 3761 2827 3837 πληρῶσαι.
2882 3765 3094 3832 Ὅστις,
3145 3759 3357 3817 ἐπειδὰν
3414 3769 3517 3832 τῆς
3571 3761 3837 3838 ὑμετέρας

2176 3855 2320 3930 τύχῃ
2374 3853 2713 3928 προσόψεως,
2756 3851 2888 3920 ὅσης
2939 3851 3066 3927 παρ’
3125 3850 3260 3922 ἐμοῦ
3319 3847 3505 3913 αἰδοῦς
3561 3851 3837 3926 τετύχηκε

2178 3944 2460 4019 γνώτεσθε.
2497 3942 2593 3996 Καὶ
2641 3940 2702 3995 οὐ
2761 3940 3086 4013 θαυμαστὸν,
3139 3937 3191 3994 εἷ’
3229 3961 3280 3994 τι
3314 3937 3360 3994 δ’
3409 3940 3467 3994 ἂν
3505 3940 3635 4012 ὑπὲρ
3668 3940 3835 3995 αὐτοῦ

2177 4031 2451 4101 πεποίηκα
2602 4029 2691 4084 καὶ
2721 4031 2824 4104 γὰρ
2870 4030 2970 4098 τήν
3001 4028 3138 4101 ἐμήν
3185 4030 3369 4104 ψυχὴν
3397 4025 3433 4097 ἤ
3464 4049 3523 4083 τε
3569 4033 3665 4084 τοῦ
3699 4029 3832 4101 ὑμε-

2176 4122 2335 4194 τέρου
2387 4119 2555 4174 πόθου
2625 4117 2780 4172 εἰκὼν
2836 4118 2925 4172 καὶ
2982 4115 3045 4172 τὰ
3097 4121 3193 4171 τοῦ
3247 4116 3578 4187 τηλικούτου
3636 4114 3835 4194 ἀνδρὸς

2178 4217 2372 4285 σχῆμα
2402 4208 2478 4270 εἰς
2507 4211 2668 4262 τοῦτο
2700 4205 2862 4262 ἐκίνει
2913 4205 3002 4260 καὶ
3050 4204 3400 4283 προέτρεπεν.
3431 4211 3491 4261 Ἡ
3523 4205 3640 4261 θεία
3687 4206 3833 4283 Πρό-

2177 4319 2297 4353 νοια
2331 4298 2468 4371 ὑμᾶς
2502 4293 2842 4374 διαφυλάξοι,
2875 4291 3100 4372 ἀδελφοὶ
3132 4294 3425 4370 ἀγαπητοί.

2245 4391 2300 4443 7.
2332 4385 2554 4446 Τούτοις
2602 4383 2814 4460 θαρῥῶν
2863 4389 2979 4445 τοῖς
3039 4385 3352 4460 γράμμασιν
3404 4385 3432 4438 6
3471 4384 3626 4460 ἅγιος
3676 4386 3834 4442 Ἀθαο

2175 4479 2380 4544 νάσιος,
2426 4468 2831 4547 καταλαμϐάνει
2869 4474 2968 4542 τήν
3025 4470 3454 4549 Ἀλεξάνδρειαν,
3499 4473 3588 4528 καὶ
3637 4471 3839 4542 ἥδιστα

2177 4565 2332 4620 αὑτὸν
2394 4560 2604 4633 ἐδέξατο
2665 4562 2692 4616 ὀ
2739 4566 2846 4616 τῶν
2904 4559 3299 4638 ’Δλεξανδρέων
3349 4561 3502 4625 λαός.
3561 4565 3715 4616 Ὅσοι
3776 4559 3837 4618 δὲ

2176 4653 2473 4729 ἐτύγχανον
2546 4650 2964 4726 Ἀρειανίζοντες
3035 4651 3086 4706 ἐν
3147 4651 3282 4724 αύτῇ
3319 4694 3333 4720 ,
3395 4651 3655 4729 φρατρίας
3714 4672 3836 4708 συν-

424 4749 562 4802 ortae
593 4744 908 4801 seditiones
940 4759 1143 4799 ansam
1203 4741 1546 4798 Eusebinnis
1591 4743 1824 4809 dedere,
1873 4744 2062 4802 virum

2180 4747 2396 4798 ιστῶσαν
2441 4742 2557 4795 κατ’
2598 4739 2761 4794 αὐτοῦ
2815 4742 2913 4813 (d),
2947 4737 3018 4794 δι’
3067 4741 3140 4793 ὧν
3183 4745 3428 4814 συνεχεῖς
3472 4737 3681 4802 στάσεις
3724 4738 3838 4816 ἐγί-

424 4835 577 4905 apud
611 4832 1020 4904 imperatorem
1050 4829 1473 4886 calumniandi:
1509 4831 1663 4902 quod
1724 4831 1884 4888 nullo
1940 4835 2061 4906 epi-

420 4938 733 4993 scoporum
768 4926 1053 4976 conventu
1085 4920 1142 4974 id
1175 4921 1536 4987 decernente,
1571 4937 1678 4974 suo
1721 4921 1845 4992 ipse
1902 4927 2062 4979 motu

417 5010 746 5083 remigrans
777 5013 1121 5082 occupasset
1151 5007 1466 5064 Ecclesiam
1494 5023 1505 5063 :
1530 5025 1596 5062 eo
1625 5025 1810 5080 usque
1845 5009 2063 5066 calum-

418 5099 550 5157 nias
580 5100 665 5154 illi
697 5099 977 5155 ferebant.
1019 5100 1098 5152 Ac
1142 5114 1376 5152 rursum
1439 5097 1743 5152 memorati
1795 5097 2062 5157 homines

417 5187 786 5258 imperatoris
803 5204 973 5243 aures
986 5187 1397 5252 obtundentes,
1416 5186 1845 5242 inconsiderato
1869 5189 2061 5245 furore

418 5277 712 5332 concitant
741 5276 929 5345 illum,
963 5281 1028 5331 ut
1053 5275 1322 5331 exsilium
1359 5275 1633 5329 decernat
1691 5275 1749 5329 in
1802 5276 2060 5334 Athana-

417 5364 604 5432 sium;
635 5365 824 5436 veriti,
857 5383 927 5420 ne
955 5365 1004 5420 si
1036 5365 1217 5436 patris
1271 5363 1637 5434 propositum
1697 5370 2057 5436 sequeretur,

411 5449 585 5509 vellet
614 5453 685 5507 de
715 5454 829 5509 ﬁde
858 5453 1102 5518 edsceri,
1135 5452 1398 5524 ipsisque
1429 5451 1486 5505 in
1521 5451 1845 5521 periculum
1895 5454 2058 5510 veni-

415 5544 565 5598 rent.
597 5544 666 5597 In
697 5545 926 5598 tantum
956 5543 1152 5614 itaque
1208 5541 1464 5597 furorem
1522 5539 1895 5611 improbitate
1952 5561 2061 5599 sua

509 5683 564 5743 a)
595 5683 778 5739 Palat.
816 5681 1086 5743 ἀεεδρόνι.

509 5700 544 5737 α
595 5683 778 5739 Palat.
816 5683 1086 5743 amans...

487 5683 569 5832 ίὺζ
599 5753 694 5815 Sic
720 5755 900 5816 Palat.
934 5721 1102 5816 ﬁdite
1130 5775 1261 5816 vero
1291 5758 1566 5832 Κώνστας,
1598 5759 1771 5829 male.

2173 4852 2348 4900 νοντο,
2401 4828 2595 4890 α’ίτινες
2630 4829 2875 4883 ὑπόθεσιν
2925 4834 3190 4904 παρεῖχον
3233 4835 3350 4891 τοῖς
3397 4828 3521 4904 περὶ
3568 4823 3830 4884 Εὑσέϐιον

2171 4925 2268 4974 τοῦ
2299 4913 2614 4973 διαϐάλλειν
2647 4916 2805 4973 αὑτὸν
2836 4921 2916 4989 τῷ
2976 4915 3208 4991 βασιλεῖ’
3262 4916 3365 4988 ὅτι,
3413 4918 3488 4990 μή
3543 4916 3831 4991 κρίναντος

2169 5013 2265 5063 τοῦ
2315 5011 2501 5062 κοινοῦ
2551 5004 2830 5083 συνεδρίου
2876 5011 2983 5060 τῶν
3036 5006 3368 5076 ἐπισκόπων,
3401 5006 3574 5077 ἑαυτῷ
3621 5005 3835 5080 ἐπιτρέ-

2169 5100 2273 5171 ψας
2324 5099 2422 5166 τὴν
2480 5093 2802 5165 Ἐκκλησίαν
2882 5090 3176 5150 κατέλαϐεν
3239 5114 3251 5126 ·
3314 5094 3400 5150 ἐπὶ
3457 5099 3712 5150 τοσοῦτον
3772 5091 3833 5150 δὲ

2168 5188 2262 5248 τὰς
2311 5179 2571 5245 διαϐολὰς
2619 5182 2892 5254 ἐξέτειναν.
2953 5182 3116 5246 Αὖθίς
3169 5204 3229 5238 τε
3284 5187 3380 5238 τοῦ
3444 5181 3712 5256 βασιλέως
3762 5185 3834 5238 τὰ

2170 5273 2283 5330 ὦτα
2321 5276 2373 5329 οἱ
2415 5275 2803 5348 προειρημένοι
2863 5271 3178 5348 χράναντες,
3230 5271 3636 5349 ἀπερισκέπτως
3701 5272 3834 5344 μαί-

2169 5384 2340 5418 νονται
2377 5408 2391 5434 ,
2451 5361 2656 5438 ἐξορίαν
2716 5361 3048 5439 ψηφίσασθαι
3106 5361 3262 5416 αὑτὸν
3323 5363 3458 5416 κο.τά
3511 5364 3609 5415 τοῦ
3669 5360 3831 5434 ἁγίου

2170 5451 2501 5524 ’Δθανασίου,
2553 5447 2786 5512 δεδιότες
2841 5451 2916 5522 μὴ
2946 5453 3015 5523 τῇ
3047 5453 3144 5505 τοῦ
3191 5451 3393 5525 πατρὸς
3451 5450 3648 5524 γνώμῃ
3686 5469 3832 5525 χρη-

2170 5539 2439 5615 σάμενος,
2493 5537 2721 5612 ἐθελήσῃ
2775 5540 2843 5593 τὰ
2900 5538 3022 5612 περὶ
3075 5545 3176 5608 τῆς
3233 5539 3466 5602 πίστεως
3527 5536 3830 5617 ἐκμαθεῖν,

2240 5687 2310 5758 (ο)
2343 5685 2523 5758 Palat.
2557 5685 2939 5758 πεποιήκαμεν
2951 5705 2962 5717 ·

2238 5753 2317 5837 (d)
2345 5755 2528 5817 Palat.
2569 5753 2794 5841 φατρίας
2823 5753 3109 5816 cavis-:in
3139 5757 3260 5815 κατ’
3289 5756 3476 5818 αὐτοῦ.
