4146 6402
1179 407 1365 472 VITA
1407 412 1474 472 S.
1520 408 1955 473 ATHANASII
1998 409 2098 470 EX
2140 408 2754 472 METAPHRASTE.

3451 427 3680 474 CCXXXI

246 536 340 593 καὶ
397 536 735 613 περιπέσωσι
787 535 993 612 κιδύνῳ
1027 583 1040 597 .
1099 539 1220 594 Ἐπὶ
1287 544 1543 595 τοσοῦτον
1602 539 1780 595 τοίνυν
1837 539 1946 607 ἐν-⁴

2042 542 2262 597 deducti
2294 547 2452 610 sunt,
2485 548 2548 597 ut
2572 543 2788 598 mortui
2840 543 3151 614 cujusdam
3201 559 3445 600 manum
3496 545 3680 614 nacti,

252 627 529 700 εμάνησαν
559 628 629 699 τῇ
662 624 988 705 φαυλότητι,
1024 626 1161 683 ὥστε
1207 629 1298 684 καὶ
1343 633 1536 704 νεκροῦ
1583 651 1731 691 τινος
1761 635 1922 706 χεῖρα

255 717 452 790 εὑρεῖν,
486 714 553 785 ἢν
587 711 778 791 ἔλεγον
830 716 1134 790 Ἀθανασίῳ
1187 718 1261 781 εἷς
1310 718 1564 794 γοητείαν
1619 719 1754 773 εἶναι
1803 717 1921 772 ἐπι-

253 802 502 875 τηδείαν,
558 804 649 859 καὶ
701 826 849 868 τινος
901 805 1036 860 εἶναι
1081 803 1308 885 ἔφασκον
1361 804 1595 865 εἰδέναι.
1646 805 1922 878 Ἀρσενίου

257 895 362 970 γὰρ
420 914 570 956 τινος
623 890 816 969 ἀνδρὸς
886 889 1076 970 ἔλεγον
1125 900 1234 951 τῶν
1316 897 1451 952 κατὰ
1517 893 1919 972 Ἀλεξάνδρειαν

255 982 460 1054 ταύτην
511 981 826 1060 ἐκκεκόφθαι
869 985 1016 1060 παρὰ
1057 988 1154 1039 τοῦ
1213 984 1373 1060 ἁγίου
1433 984 1788 1041 Ἀθανασίου.
1848 990 1925 1039 Δι’

256 1072 326 1142 ἦν
357 1071 531 1128 αἰτίαν
586 1074 615 1127 6
647 1070 902 1149 βασιλεὺς
946 1075 1046 1144 τὴν
1106 1075 1200 1148 μὲν
1252 1074 1458 1148 ἐξορίαν
1517 1073 1578 1130 ού
1632 1074 1922 1153 ψηφίζεται

255 1162 396 1216 κατὰ
422 1166 519 1215 τοῦ
549 1160 706 1236 ἁγίου
751 1161 1092 1232 Ἀθανασίου,
1140 1165 1202 1232 ἣν
1255 1160 1472 1218 ἐδόκουν
1525 1165 1577 1218 oi.
1605 1165 1672 1218 τὰ
1710 1163 1924 1238 Ἀρείου

257 1255 584 1329 φρονοῦντες
641 1248 1146 1328 φιλανθρωπότερον
1208 1251 1561 1323 ἐξαιτεῖσθαι,
1623 1253 1698 1314 ὡς
1761 1252 1926 1306 ἀπάν-

255 1341 476 1415 θρωπον
511 1339 693 1401 αὐτοῖς
741 1339 817 1402 εἰς
869 1340 1004 1414 αἷμα
1047 1343 1349 1416 γράψασθαι
1399 1339 1757 1416 κατηγορίαν,
1801 1337 1924 1394 οὖσι

255 1429 551 1504 κληρικοῖς
608 1447 619 1457 ·
668 1425 959 1503 διάγνωσιν
1022 1426 1079 1484 δὲ
1137 1431 1460 1506 προστάττει
1519 1430 1795 1505 γενέσθαι,
1858 1426 1928 1483 δι’

257 1521 328 1587 ἧς
378 1517 540 1590 θέμις
586 1521 785 1584 ποιεῖν,
835 1515 1017 1571 δοῦναι
1061 1519 1150 1572 τὸν
1201 1519 1527 1574 Ἀθανάσιον.
1571 1517 1923 1594 Προχειρίζε-

256 1627 348 1662 ται
395 1610 525 1681 γοῦν
581 1606 672 1660 τὸν
722 1602 1051 1682 Ἀρχέλαον,
1102 1603 1270 1683 ἄνδρα
1324 1611 1432 1661 τῶν
1492 1607 1777 1661 συνεστίων
1836 1604 1926 1660 καὶ

261 1694 586 1772 ὁμοφρόνων
641 1693 805 1765 αύτῷ,
863 1692 1143 1768 ἐκπέμψας
1191 1694 1241 1750 ἐν
1291 1694 1467 1771 Τύρῳ,
1518 1697 1656 1769 ὁμοῦ
1703 1699 1782 1767 τῷ
1825 1701 1926 1764 τῆς

263 1782 531 1853 Φοινίκης
582 1781 808 1859 ἄρχοντι
862 1781 1140 1838 διακοῦσαι
1187 1790 1288 1853 τῆς
1339 1785 1678 1846 ὑποθέσεως.
1731 1791 1924 1860 Διῆγεν

261 1872 358 1929 οῦν
387 1872 440 1928 ἐν
489 1876 558 1947 τῇ
607 1871 765 1946 Τύρῳ
811 1874 838 1926 6
882 1873 1037 1947 ἅγιος
1086 1874 1419 1944 Ἀθανάσιος,
1466 1872 1594 1936 τοὺς
1646 1873 1771 1950 περὶ
1825 1879 1928 1942 τῆς

260 1960 524 2038 γοητείας
599 1961 942 2037 κατηγόρους
1015 1959 1373 2037 ἐκδεχόμενος
1425 2004 1437 2016 .
1492 1962 1798 2039 ’Υπέρθεσις
1869 1959 1926 2017 δὲ

262 2052 498 2128 ἐγίνετο,
530 2051 606 2113 ὡς
642 2051 736 2124 μὲν
792 2049 987 2105 ἐκεῖνοι
1035 2049 1247 2126 ἔλεγον,
1291 2049 1383 2106 ⁹ίνα
1432 2053 1537 2107 ἀπὸ
1587 2053 1690 2122 τὴς
1739 2049 1925 2122 Ἀλεξ-

262 2139 512 2214 ανδρείας
559 2139 969 2215 παραγένωνται
1015 2141 1068 2194 o't
1119 2141 1204 2195 ὑπ’
1252 2136 1376 2215 ὅψιν
1431 2141 1493 2195 τὸ
1547 2146 1713 2215 μῦσος
1761 2142 1924 2216 γινώ-

261 2250 510 2302 σκοντες,
569 2228 659 2283 καὶ
717 2227 873 2284 αὑτὸν
921 2229 1011 2284 τὸν
1064 2230 1334 2304 Ἀρσένιον
1393 2230 1736 2304 ἐπιστάμενοι
1793 2251 1804 2264 ·
1847 2229 1923 2293 ὡς

261 2318 323 2375 δὲ
365 2322 400 2388 ἡ
456 2316 751 2373 ἀκολουθία
808 2315 1028 2373 δίδωσιν
1078 2317 1300 2392 ἐννοεῖν,
1353 2321 1488 2374 κατὰ
1535 2323 1668 2374 Θεοῦ
1717 2319 1926 2374 οἰκονο-

265 2417 420 2492 μίαν.
481 2422 576 2473 Ἥν
631 2417 734 2493 γὰρ
793 2416 953 2479 αὐτὸς
1005 2418 1033 2472 ὁ
1083 2419 1360 2491 Ἀρσένιος
1414 2419 1768 2494 ἀναγνώστης
1821 2425 1922 2487 τῆς

260 2508 406 2562 κατά
478 2503 886 2582 Ἀλεξάνδρειαν
963 2504 1290 2577 Ἐκκλησίας
1325 2555 1339 2580 ,
1401 2507 1459 2563 ὃν
1521 2506 1610 2562 διά
1664 2528 1784 2562 τινα
1839 2507 1922 2561 αί-

263 2595 602 2672 σχρουργίαν
640 2593 916 2668 μέλλοντα
945 2593 1098 2658 δίκας
1131 2594 1370 2667 διδόναι,
1404 2598 1432 2651 6
1467 2599 1732 2672 μακάριος
1765 2597 1922 2651 Ἀθα-

263 2688 456 2748 νάσιος
503 2687 1024 2759 περιποιησάμενος,
1076 2684 1314 2762 δρασμὸν
1368 2684 1627 2740 ὑποδῦναι
1679 2684 1924 2740 ὑποτίθε-

263 2796 382 2831 ται.
435 2776 890 2848 Ἀμεριμνοῦντες
941 2771 1031 2829 οὗν
1093 2775 1166 2847 μή
1221 2776 1545 2852 φανήσεσθαι
1603 2776 1694 2830 τὸν
1743 2775 1925 2848 Ἀρσέ-

263 2885 383 2918 νιον
419 2906 436 2933 ,
493 2863 568 2924 ὡς
625 2859 879 2918 ὑπόδικον
913 2907 928 2933 ,
990 2862 1254 2937 ὀνομαστὶ
1311 2864 1448 2941 πρὸς
1494 2863 1756 2920 πίστωσιν
1811 2868 1920 2919 τῶν

267 2951 604 3022 ἀκουόντων,
637 2948 890 3027 λέγοντες
919 2953 982 3006 τὸ
1014 2946 1190 3026 ὄνομα
1234 2957 1331 3008 τοῦ
1381 2953 1679 3030 ’Δρσενίου,
1726 2953 1919 3029 ἐνῆγον

263 3046 351 3113 τῷ
380 3039 524 3117 ἁγίῳ
557 3039 873 3113 ’Δθανασίῳ.
907 3038 1217 3096 Διαδίδοται
1249 3046 1378 3117 γοῦν
1407 3044 1442 3111 ἡ
1477 3045 1635 3122 φήμη
1685 3046 1764 3114 τῷ
1796 3043 1919 3119 ’Δρ-

271 3129 456 3202 σενίῳ,
511 3128 596 3184 ὅτι
649 3127 718 3184 δι’
750 3129 909 3184 αὐτὸν
959 3130 1272 3193 Ἀθανάσιος
1303 3133 1332 3186 6
1363 3130 1656 3204 ἐπίσκοπος
1697 3131 1922 3203 ὑπονοίᾳ

274 3218 506 3294 μαγείας
541 3218 591 3273 ἐν
633 3216 790 3293 Τύρῳ
835 3220 1080 3295 πάρεστι,
1126 3219 1216 3273 καὶ
1248 3219 1424 3274 οἶκτον
1473 3215 1658 3274 λαϐὼν
1689 3224 1786 3274 τοῦ
1825 3241 1922 3293 μα-

2033 631 2291 687 dicerent
2338 647 2466 686 eam
2524 633 2598 687 ab
2653 631 2974 688 Athanasio
3031 633 3106 688 ad
3171 634 3451 690 veneﬁcia
3496 633 3680 691 fuisse

2032 725 2408 790 usurpatam:
2443 737 2622 791 seque
2651 735 2825 776 nosse
2856 720 3028 791 cujus
3053 725 3246 777 esset:
3300 721 3681 780 afﬁrmabant

2033 808 2250 880 quippe
2281 826 2410 864 eam
2454 811 2698 866 Arsenio
2747 809 2979 865 cuidam
3027 809 3172 881 viro,
3233 811 3306 866 ab
3353 812 3679 870 Athanasio

2033 897 2218 954 fuisse
2246 898 2592 955 abscissam.
2627 901 2751 966 Qua
2779 900 2851 955 de
2876 916 3054 955 causa
3084 899 3404 971 imperator
3451 917 3678 974 nequa-

2035 1003 2211 1058 quam
2256 988 2508 1044 decrevit
2556 989 2796 1044 exilium
2840 993 3044 1045 contra
3091 993 3363 1046 sanctum
3418 990 3678 1048 Athana-

2035 1074 2212 1147 sium,
2246 1079 2311 1130 ut
2340 1077 2658 1148 sperabant
2684 1076 2909 1144 Ariani,
2933 1077 3045 1134 rati
3071 1093 3133 1134 se
3153 1077 3475 1134 humanius
3506 1079 3679 1151 quid-

2037 1159 2192 1232 piam
2221 1162 2535 1233 postulare,
2570 1180 2744 1235 quam
2779 1164 2828 1220 si
2846 1163 3056 1238 capitis
3077 1167 3514 1222 accusationem
3535 1166 3680 1223 scri-

2037 1249 2259 1320 berent,
2292 1249 2486 1306 clerici
2514 1268 2647 1308 cum
2673 1256 2906 1322 essent;
2939 1255 3040 1310 sed
3065 1253 3250 1325 jussit
3303 1255 3680 1328 perquisitio-

2036 1353 2171 1394 nem
2202 1339 2425 1408 haberi,
2460 1357 2577 1412 qua
2605 1341 2928 1398 Athanasio
2957 1341 3158 1398 liceret
3187 1359 3315 1399 sese
3343 1342 3678 1401 defendere.

2035 1439 2272 1493 Mandat
2300 1454 2435 1511 ergo
2466 1439 2816 1496 Archelaum
2843 1440 3192 1497 familiarem
3225 1441 3340 1496 sibi
3387 1446 3445 1497 et
3480 1443 3681 1499 dome-

2038 1527 2252 1583 sticum
2283 1529 2496 1595 virum,
2529 1529 2824 1602 mittitque
2854 1530 3094 1602 Tyrum,
3123 1533 3188 1586 ut
3217 1546 3337 1586 una
3366 1547 3500 1587 cum
3521 1531 3685 1590 th-

2039 1615 2197 1672 nices
2227 1617 2493 1689 praefecto
2523 1634 2760 1672 causam
2791 1623 3185 1691 cognosceret.
3218 1620 3354 1694 Tyri
3389 1636 3524 1693 ergo
3581 1622 3683 1678 da-

2038 1705 2254 1776 gebant
2287 1710 2527 1762 sanctus
2548 1706 2930 1778 Athanasius,
2962 1711 3276 1780 expectans
3322 1707 3455 1765 illos
3471 1709 3543 1766 de
3587 1726 3686 1765 ve-

2039 1793 2244 1849 neficio
2276 1799 2663 1851 accusatores.
2694 1799 2854 1851 Mora
2883 1801 3081 1853 autem
3111 1801 3168 1852 et
3197 1796 3490 1854 cunctatio
3549 1798 3681 1867 fuit,

2040 1886 2105 1937 ut
2136 1883 2535 1939 causabantur
2555 1883 2661 1954 illi,
2695 1901 2810 1957 quo
2841 1884 3194 1942 Alexandria
3219 1886 3492 1943 accedere
3547 1902 3683 1959 pos-

2036 1977 2167 2028 sent
2195 1973 2256 2040 ii,
2287 1974 2387 2044 qui
2420 1972 2625 2044 ﬂagitii
2655 1978 2837 2030 testes
2865 1974 3081 2030 oculati
3111 1974 3383 2042 fuissent,
3405 1979 3465 2031 et
3485 1975 3683 2048 ipsum

2036 2066 2278 2117 nossent
2308 2063 2652 2118 Arsenium:
2687 2067 2746 2118 at
2774 2067 2840 2118 ut
2869 2079 2938 2119 ex
2967 2063 3463 2135 consequentibus
3521 2064 3682 2137 cogi-

2032 2153 2158 2205 tare
2189 2149 2347 2218 licet,
2379 2151 2436 2205 id
2468 2151 2663 2206 divina
2699 2151 3071 2208 Providentia
3121 2152 3340 2208 factum
3388 2157 3499 2222 est,
3556 2156 3684 2210 erat

2033 2239 2191 2295 enim
2221 2239 2502 2295 Arsenius
2533 2239 2940 2296 Alexandrinae
2971 2239 3237 2298 Ecclesiae
3265 2240 3464 2310 lector,
3498 2257 3680 2313 quem

2035 2329 2107 2384 ob
2123 2333 2290 2401 turpe
2310 2329 2536 2385 facinus
2554 2346 2756 2402 poenas
2777 2330 3053 2385 daturum
3068 2331 3276 2386 beatus
3289 2329 3678 2400 Athanasius,

2034 2422 2100 2472 ut
2128 2417 2421 2486 liberaret,
2455 2419 2527 2474 ad
2553 2418 2756 2492 fugam
2787 2419 3054 2476 hortatus
3104 2420 3313 2475 fuerat.
3365 2418 3495 2475 Rati
3542 2435 3680 2492 ergo

2033 2523 2407 2579 nequaquam
2437 2508 2899 2580 compariturum
2929 2508 3469 2580 Arsenium,utpote
3489 2523 3680 2578 reum;

2035 2597 2106 2651 ad
2136 2597 2311 2651 ﬁdem
2343 2597 2713 2652 auditoribus
2744 2597 3093 2666 faciendam,
3117 2596 3494 2669 pronuntiato
3507 2602 3681 2654 Arse-

2035 2685 2117 2740 nii
2150 2685 2410 2753 nomine,
2460 2685 2681 2742 crimen
2740 2685 3111 2742 intentabant
3157 2685 3219 2740 in
3269 2685 3677 2744 Athanasium.

2036 2783 2298 2840 Pervenit
2325 2783 2398 2838 ad
2429 2783 2744 2839 Arsenium
2775 2784 2951 2852 fama,
2978 2784 3134 2856 quod
3152 2784 3281 2855 ejus
3305 2800 3484 2840 causa
3503 2783 3682 2840 Atha-

2032 2872 2235 2930 nasius
2267 2872 2597 2944 episcopus,
2625 2873 2760 2944 Tyri
2788 2872 2850 2927 in
2871 2873 3270 2945 suspicionem
3294 2873 3499 2945 magiae
3523 2872 3682 2929 veni-

2034 2966 2138 3027 ret,
2171 2962 2524 3033 beatumque
2555 2961 2869 3018 miseratus
2898 2961 3090 3018 virum
3145 2963 3448 3034 Arsenius,
3499 2965 3676 3033 atque

2032 3050 2254 3122 accepti
2284 3049 2550 3105 beneficii
2582 3050 2834 3121 gratiam
2865 3050 3077 3106 referre
3133 3058 3468 3123 peroplans,
3523 3049 3673 3107 nihil

2032 3155 2146 3212 que
2177 3154 2353 3194 suum
2385 3154 2601 3194 curans
2635 3137 2982 3209 periculum,
3013 3138 3324 3211 Tyriorum
3355 3139 3414 3195 in
3475 3139 3676 3196 civita-

2032 3232 2151 3284 tem
2205 3227 2431 3283 venite
2488 3226 2627 3298 fuga
2674 3243 2972 3295 reversus;
3033 3227 3230 3299 potius
3273 3242 3402 3283 esse
3451 3228 3675 3293 ducens

266 3291 466 3382 καιρίου
497 3303 689 3383 ἀνδρὸς
711 3291 752 3361 -ὁ
782 3291 1077 3381 Ἀρσένιος,
1129 3307 1454 3382 ἀμείψασθαί
1500 3329 1560 3362 τε
1607 3305 1779 3362 θέλων
1827 3291 1920 3362 αύ-

2042 3316 2184 3372 mori
2217 3332 2297 3383 se,
2333 3331 2511 3386 quam
2541 3320 2730 3370 totum
2761 3315 2962 3370 orbem
2993 3320 3282 3371 terrarum
3314 3317 3386 3372 ob
3443 3320 3678 3372 tantum

265 3399 363 3454 τὸν
422 3404 525 3466 τῆς
582 3394 827 3459 εὐποιίας
872 3403 974 3466 τῆς
1027 3397 1105 3460 εἰς
1155 3397 1336 3470 αὐτὸν,
1389 3398 1631 3452 ἀπειπὼν
1689 3397 1923 3470 ἑαυτοῦ,

270 3497 458 3575 φθάνει
487 3496 588 3564 τὴν
636 3493 843 3568 Τυρίων
895 3491 1081 3565 πόλιν,
1128 3493 1218 3549 τὸν
1275 3492 1511 3571 δρασμὸν
1561 3492 1922 3557 ἐκλελοιπὼς·

269 3590 522 3661 κρεῖσσον
569 3581 746 3658 λέγων
796 3583 980 3638 ἑαυτὸν
1030 3585 1230 3654 θανεῖν,
1280 3583 1316 3652 ἢ
1365 3589 1536 3638 πᾶσαν
1581 3585 1681 3652 τήν
1728 3583 1924 3638 οἰκου-

277 3675 449 3748 μένην
506 3673 631 3746 περὶ
687 3669 1018 3742 τηλικούτου
1067 3670 1258 3748 ἀνδρὸς
1313 3669 1778 3742 σκανδαλίζεσθαι.
1829 3672 1928 3727 Καὶ

272 3762 452 3819 ἐλθὼν
483 3761 535 3817 ἐν
566 3761 747 3836 Τύρῳ,
779 3765 858 3834 τῷ
888 3761 1030 3836 ἁγίῳ
1062 3760 1358 3834 Ἀθανασίῳ
1381 3760 1725 3840 ἐμφανίζεται
1752 3761 1802 3817 ἐν
1829 3783 1929 3835 μυ-

272 3850 520 3926 στηρίῳ,
577 3852 623 3923 ᾦ
678 3849 770 3905 καὶ
824 3845 1277 3924 συμϐουλεύεται,
1339 3852 1414 3924 μὴ
1468 3852 1574 3925 πρὸ
1618 3858 1718 3920 τῆς
1774 3848 1932 3921 δίκης

274 3941 676 4017 ἐμφανισθῆναι
721 3937 980 4012 πολλοῖς,
1023 3938 1115 3995 τίνα
1167 3942 1240 4014 μή
1292 3961 1346 3995 τι
1401 3938 1640 4017 δράσωσι
1686 3940 1843 3995 αὑτὸν
1881 3941 1934 3994 οἱ

276 4027 583 4084 ὑπεναντίοι
640 4025 847 4105 φαῦλον
884 4046 896 4060 ’
956 4027 993 4097 ἢ
1054 4025 1276 4104 διωρίαν
1341 4027 1563 4104 ἔχοντες
1637 4030 1936 4103 σκέψωνται

280 4116 308 4136 κ
338 4118 354 4139 9
390 4117 404 4137 ε
554 4117 573 4148 ,ι
787 4120 814 4130 ’-
993 4117 1006 4137 \
1353 4119 1366 4137 κ
1569 4119 1582 4136 ‘
1697 4123 1725 4133 ’-
1789 4119 1802 4140 τ

276 4133 332 4172 οι
386 4118 716 4191 ὑπερθέσεως
749 4113 908 4170 λυσαι
947 4137 1046 4186 την
1099 4113 1254 4188 δίκην
1307 4139 1406 4186 την
1455 4138 1593 4173 κατα
1631 4139 1730 4173 του
1779 4117 1936 4194 αγίου

273 4205 600 4262 Ἀθανασίου
627 4208 726 4274 τήν
769 4205 894 4282 περὶ
922 4212 1026 4276 τῆς
1076 4204 1352 4281 γοητείας.
1407 4207 1566 4263 Μένει
1595 4211 1724 4282 γοῦν
1770 4206 1940 4263 ἐκεισε

276 4299 308 4352 6
347 4296 618 4372 ’Δρσένιος
650 4295 756 4367 πρὸ
809 4300 935 4369 μιᾶς
985 4300 1086 4363 τῆς
1133 4292 1422 4369 δικασίμου
1472 4295 1936 4370 παραγενόμενος.

275 4396 369 4467 Τῇ
426 4392 551 4463 ἑξῆς
611 4390 724 4463 οὖν,
779 4393 887 4467 πρὸ
940 4393 1186 4468 βήματος
1235 4393 1287 4447 οἱ
1334 4392 1515 4465 κριταὶ
1562 4392 1897 4454 καθεσθέντες
1926 4436 1941 4462 ,

276 4481 505 4556 ἄγεσθαι
551 4479 840 4536 κελεύουσι
885 4480 1012 4543 τοὺς
1060 4481 1402 4557 κατηγόρους
1452 4480 1542 4535 καὶ
1592 4481 1937 4538 Ἀθανάσιον.

276 4571 399 4647 Πρὸ
427 4572 527 4640 τὴν
561 4568 620 4626 δὲ
669 4569 1005 4646 κατηγορίαν
1038 4570 1163 4647 περὶ
1192 4569 1463 4646 μοιχείας
1515 4569 1661 4642 αύτῷ
1709 4568 1940 4644 ἐπάγον-

2034 3405 2224 3460 virum
2256 3404 2492 3459 offendi.
2553 3404 2698 3459 Cum
2752 3403 3010 3459 venisset
3066 3405 3310 3477 Tyrum,
3361 3404 3681 3461 Athanasio

2037 3493 2186 3550 clam
2216 3509 2278 3549 se
2308 3493 2483 3560 sistit,
2518 3493 2619 3564 qui
2651 3491 2961 3548 consilium
2988 3492 3088 3548 dat
3116 3492 3222 3562 illi,
3258 3497 3324 3550 ut
3343 3509 3415 3549 ne
3437 3499 3570 3549 ante
3582 3493 3684 3564 ju-

2037 3583 2257 3639 dicium
2287 3598 2416 3639 sese
2445 3581 2649 3638 multis
2674 3581 3006 3650 exhiberet;
3038 3599 3111 3639 ne
3142 3583 3298 3655 quod
3329 3581 3416 3638 illi
3457 3581 3682 3638 malum

2037 3673 2322 3728 inferrent
2351 3670 2691 3739 adversarii,
2741 3687 2883 3727 neve
2931 3672 2982 3728 si
3030 3689 3134 3744 per
3176 3676 3414 3744 tempus
3462 3670 3685 3744 liceret,

2040 3771 2343 3828 studerent
2355 3769 2762 3825 solvereistam
2785 3774 2989 3825 contra
3009 3773 3279 3826 sanctum
3296 3770 3689 3826 Athanasium

2042 3860 2473 3918 accusationem
2503 3859 2576 3914 de
2603 3858 2901 3915 veneficio.
2937 3859 3134 3915 Manet
3160 3858 3343 3932 igitur
3381 3858 3464 3914 ibi
3515 3864 3691 3914 Arse-

2042 3949 2198 4017 nius,
2230 3949 2332 4021 qui
2360 3965 2476 4004 uno
2506 3947 2602 4002 die
2631 3951 2958 4003 accesserat
2983 3951 3300 4019 antequam
3325 3963 3505 4004 causa
3533 3947 3691 4004 dice-

2045 4043 2224 4094 retur.
2260 4035 2601 4108 Insequenti
2631 4036 2811 4109 igitur
2840 4037 2954 4105 die,
2985 4037 3256 4093 sedentes
3286 4054 3390 4109 pro
3411 4035 3694 4094 tribunali

2039 4128 2290 4198 judices,
2315 4126 2531 4198 jubent
2559 4125 2772 4181 adduci
2805 4130 3173 4184 accusatores
3202 4130 3259 4181 et
3305 4125 3696 4182 Athanasium

2046 4216 2302 4272 Primam
2335 4215 2515 4288 igitur
2558 4215 2991 4270 accusationem
3051 4215 3121 4271 de
3178 4214 3468 4271 adulterio
3510 4214 3700 4270 inten-

2048 4309 2195 4373 tant,
2231 4305 2486 4360 adducta
2531 4304 2874 4374 impudente
2928 4305 3192 4369 muliere,
3243 4320 3370 4375 quae
3429 4303 3696 4375 apprime

2051 4393 2296 4450 callebat
2326 4392 2728 4448 calumniandi
2760 4393 3023 4448 modum.
3059 4392 3209 4448 Dixit
3227 4391 3499 4459 illa,cum
3520 4391 3701 4462 pieta-

2050 4483 2126 4538 tis
2157 4499 2336 4538 causa
2364 4481 2753 4536 Athanasium
2777 4481 2936 4536 domi
2952 4481 3338 4557 suscepisset,
3359 4481 3433 4536 ab
3454 4480 3583 4551 ipso
3601 4495 3703 4534 no-

2055 4577 2151 4627 ctu
2183 4571 2443 4626 irruente
2471 4571 2679 4625 vitium
2707 4569 2818 4624 sibi
2849 4569 3114 4625 oblatum
3163 4569 3364 4626 fuisse.
3414 4567 3700 4639 Deinceps

273 4681 394 4731 τες,
449 4666 698 4735 παρῆγον
751 4661 982 4735 γυναῖκα
1023 4681 1141 4714 τινα
1196 4655 1414 4729 ἀναιδῆ,
1463 4653 1701 4732 ἀκριϐῶς
1751 4659 1814 4712 τὸ
1847 4679 1940 4713 συ-

2045 4659 2580 4732 jubentintroduci
2608 4657 3016 4726 Athanasium,
3050 4657 3149 4729 qui
3199 4663 3329 4713 tum
3378 4657 3574 4713 stabat
3625 4656 3699 4712 ad

277 4753 568 4827 κοφαντεῖν
629 4747 1026 4822 ἐπισταμένην·
1060 4747 1183 4818 ἥτις
1233 4742 1459 4822 ἔλεγεν,
1518 4746 1624 4820 ὅτι,
1687 4744 1944 4818 ὑποδεξα-

285 4840 423 4913 μένη
470 4838 562 4892 τὸν
609 4839 762 4913 ἅγιον
813 4838 1123 4893 Ἀθανάσιον
1184 4835 1326 4891 οἷ’κοι
1384 4831 1670 4899 εὑλαϐείας
1731 4837 1892 4914 χάριν
1931 4881 1946 4907 ,

284 4927 494 4997 ὑπέστη
528 4928 728 5004 φθορὰν
778 4927 866 4981 ὑπ’
915 4926 1080 4982 αὐτοῦ
1128 4926 1337 5002 νύκτωρ
1390 4924 1524 5000 αὐτῇ
1578 4925 1945 4988 ἐπιπεσόντος.

282 5023 455 5087 Αὖθις
506 5025 684 5080 τοίνυν
738 5026 830 5080 τὸν
879 5025 1191 5080 ’Δθανάσιον
1243 5025 1562 5100 εἰσαχθῆναι
1612 5022 1947 5096 κελεύουσιν,

288 5116 504 5170 ἑστωτα
557 5115 705 5191 παρὰ
757 5115 850 5169 τὸν
909 5114 1138 5169 πέτασον
1195 5121 1296 5183 τῆς
1354 5113 1686 5188 ἀκροάσεως.
1744 5119 1839 5168 Ἦν
1894 5111 1953 5169 δὲ

290 5203 390 5259 σὺν
449 5203 597 5276 αύτῷ
651 5204 740 5258 καὶ
798 5203 1061 5277 Τιμόθεος
1117 5203 1146 5258 6
1203 5197 1595 5278 πρεσϐύτερος,
1656 5200 1804 5263 ὅστις
1861 5203 1950 5258 καὶ

289 5290 567 5348 συνελθὼν
616 5297 697 5364 τῷ
749 5291 893 5368 ἁγίῳ
943 5292 1265 5363 ’Δθανασίῳ,
1318 5290 1479 5353 αὐτὸς
1530 5291 1665 5365 πρὸς
1714 5291 1804 5345 τὸν
1853 5291 1950 5366 γύ-

287 5402 442 5438 ναιον
477 5381 596 5437 ἀντὶ
625 5385 723 5436 τοῦ
754 5381 912 5457 ἁγίου
961 5381 1278 5439 Ἀθανασίου
1327 5378 1500 5454 λέγει’
1532 5379 1667 5435 Εἰπέ
1713 5401 1826 5454 μοι,
1858 5381 1955 5456 γύ-

285 5491 402 5542 ναι,
433 5469 544 5546 ἐγὼ
597 5473 745 5547 παρὰ
793 5472 878 5525 σοὶ
930 5469 1222 5545 ἔμεινα;ἧ
1272 5469 1334 5523 σύ
1395 5489 1462 5542 με
1510 5467 1745 5540 ὑπεδέξω
1794 5470 1846 5526 ἐν
1876 5476 1955 5545 τῷ

291 5558 434 5631 οἴκῳ
477 5565 559 5632 τῷ
610 5565 726 5632 σῷ;
761 5561 797 5630 ἢ
847 5559 1055 5635 νύκτωρ
1098 5581 1193 5615 σου
1249 5553 1568 5631 ἐϐιασάμην,
1617 5561 1795 5624 καθώς
1851 5582 1955 5634 μου

288 5654 669 5726 κατηγορεῖς;
704 5650 768 5706 Ἠ
799 5647 877 5722 δὲ,
928 5652 1016 5704 οἷα
1060 5649 1277 5725 γύναιον
1314 5646 1372 5701 ἐκ
1421 5645 1484 5718 δη
1497 5648 1724 5721 μουσίου
1761 5651 1956 5726 τέγους

291 5737 644 5830 ἀργυρισθὶν,
675 5737 938 5820 προαλῶς
977 5741 1076 5816 τὴν
1118 5733 1239 5819 ὄψὶν
1289 5737 1705 5828 περιστρέψασα,
1752 5740 1844 5800 καὶ
1889 5740 1954 5803 τὸ

2055 4749 2233 4805 limen
2265 4764 2467 4804 secum
2497 4747 2720 4803 habens
2750 4745 3122 4802 Timotheum
3141 4747 3573 4819 presbyterum,
3598 4745 3702 4817 qui

2056 4855 2176 4894 una
2202 4838 2507 4911 ingressus
2532 4852 2666 4892 cum
2698 4841 2899 4892 sancto
2949 4835 3292 4904 Athanasio,
3345 4834 3523 4892 dicit:
3578 4833 3704 4890 Ain’

2057 4932 2118 4983 tu
2151 4926 2386 4996 mulier,
2404 4941 2587 4997 egone
2604 4925 2758 4996 apud
2782 4929 2839 4981 te
2853 4924 3083 4981 mansi?
3107 4926 3273 4980 Tune
3292 4941 3383 4980 me
3405 4923 3563 4980 domi
3582 4939 3708 4980 sus-

2059 5015 2312 5088 cepisti?
2343 5032 2418 5070 an
2444 5019 2502 5070 te
2527 5018 2700 5070 noctu
2730 5012 2958 5081 violavi,
2992 5014 3080 5069 uti
3100 5030 3194 5070 me
3221 5011 3505 5069 accusas?
3554 5012 3707 5067 Tum

2059 5105 2180 5172 illa,
2212 5110 2393 5176 utque
2423 5103 2636 5159 mulier
2665 5119 2736 5158 ex
2781 5101 3015 5175 publico
3073 5101 3399 5174 prostibulo
3455 5099 3708 5173 pecunia

2061 5194 2366 5260 conducta,
2399 5193 2734 5264 petulanter
2765 5208 3039 5249 converso
3069 5191 3254 5258 vultu,
3287 5195 3346 5247 et
3366 5188 3575 5247 labello
3590 5187 3708 5246 vel-

2063 5283 2150 5339 uti
2175 5280 2589 5339 lenocicinium
2618 5284 2878 5350 extenso,
2912 5280 2984 5336 ad
2996 5281 3370 5337 Timotheum
3391 5277 3671 5335 clamavit
3696 5294 3711 5334 :

2063 5381 2149 5436 Tu
2181 5397 2244 5436 es
2275 5379 2535 5452 quimihi
2561 5379 2679 5434 vim
2703 5383 2878 5451 atque
2898 5379 3106 5435 vitium
3131 5375 3434 5435 obstulisti
3460 5395 3474 5447 ;
3497 5382 3562 5433 tu
3579 5376 3708 5450 ipse

2064 5489 2128 5528 es
2158 5471 2258 5544 qui
2284 5475 2458 5526 noctu
2501 5486 2596 5524 me
2648 5469 2880 5526 violasti
2935 5468 3204 5538 invitam,
3261 5472 3318 5524 et
3374 5467 3704 5524 castitatem

2067 5559 2296 5618 foedasti
2331 5576 2542 5614 meam.
2589 5558 2734 5614 Hinc
2792 5560 2863 5613 ad
2913 5558 3142 5630 judices
3198 5574 3329 5613 cum
3373 5559 3712 5630 juramento

2066 5649 2312 5706 clamat:
2349 5648 2452 5704 Hic
2482 5653 2571 5704 est
2601 5654 2907 5720 corruptor
2955 5663 3158 5716 meus;
3213 5646 3328 5715 hic,
3382 5663 3497 5702 non
3557 5645 3721 5704 alius

2065 5743 2172 5817 est,
2205 5738 2308 5818 qui
2336 5738 2453 5798 mei
2483 5738 2921 5816 corrumpendae
2950 5753 3128 5798 causa
3159 5737 3232 5795 ad
3263 5752 3357 5798 me
3385 5736 3570 5795 venit.
3605 5734 3712 5798 Go-
