4146 6396
513 491 771 539 CCXXXII

1902 464 2517 531 PROLEGOMENA.

513 608 680 683 gnita
699 607 932 665 furiosis
948 601 1721 675 mulierisinsania,judices
1741 618 1877 658 cum
1897 599 2161 658 satelliti-

2285 596 2533 674 χελύνιον
2586 593 3020 671 μαστροπορνείᾳ
3067 592 3413 669 ἀνατείνασα,
3470 587 3732 665 ἀνεϐόησε
3784 593 3922 673 πρὸς

516 699 632 754 bus
654 698 864 765 ridere,
899 703 1074 768 atque
1105 694 1302 750 mirari
1336 692 1523 749 sancti
1554 691 1859 749 Athanasii
1908 690 2162 764 pruden-

515 788 680 856 tiam,
705 786 806 858 qui
835 785 924 841 vel
972 784 1177 849 silens,
1208 782 1644 840 accusationem
1677 780 1839 836 illam
1888 796 2018 836 esse
2066 795 2162 836 ca-

515 875 809 931 lumniam
844 873 1279 947 comprobarat,
1311 871 1572 928 confusis
1616 868 1966 927 adversariis
2016 868 2164 924 suis.

517 963 713 1021 Scenaa
744 962 903 1018 haud
936 960 1227 1017 dissimile
1259 960 1562 1033 negotium
1595 959 1733 1015 fuit:
1797 974 1934 1014 nam
1965 958 2025 1013 in
2064 957 2165 1012 Ti-

516 1052 750 1109 motheo
790 1050 1173 1119 Athanasius,
1229 1053 1427 1106 actum
1486 1048 1954 1105 adversoriorum
2031 1044 2166 1102 dolo

514 1140 757 1214 plenum
792 1156 924 1197 esse
948 1138 1315 1196 monstravit.
1343 1138 1703 1194 Athanasius
1726 1139 2035 1193 accusatus
2055 1137 2164 1202 est,

517 1229 863 1287 Timotheus
883 1228 1264 1286 insimulatus
1294 1243 1423 1284 sese
1443 1226 1720 1297 defendit,
1745 1236 1922 1296 atque
1941 1224 2023 1281 ita
2046 1222 2165 1295 cly-

512 1335 655 1391 peos
685 1335 827 1375 suos
858 1317 1184 1375 amiserunt
1231 1315 1568 1373 adversarii.
1632 1314 1764 1371 Fuit
1813 1314 1970 1370 enim
2022 1312 2166 1385 ipsis

515 1407 752 1476 mulier,
780 1423 960 1479 quam
1001 1405 1202 1464 nullus
1233 1404 1500 1461 mercede
1531 1404 1952 1471 conduxerant,
1986 1400 2167 1458 telum

512 1496 940 1571 perniciosum,
973 1494 1312 1551 conflictum
1343 1510 1457 1550 non
1491 1493 1814 1565 sustinens,
1877 1491 1997 1547 imo
2050 1508 2167 1563 prae

516 1584 854 1659 ignorantia
887 1588 1089 1640 contra
1145 1599 1287 1639 suos
1339 1582 1649 1638 dimicans.
1701 1583 1826 1648 Qua
1873 1581 1946 1636 de
1991 1596 2171 1637 causa

516 1673 698 1731 etiam
753 1688 955 1747 poenas
1012 1671 1516 1745 eﬂ‘ugiuntalege
1564 1669 1973 1742 praescriptas:
2055 1667 2168 1740 ipsi

519 1777 779 1835 namque
808 1777 926 1817 una
943 1760 1176 1833 judices
1205 1763 1375 1816 erant
1404 1764 1461 1816 et
1490 1762 1882 1816 accusatores.

2271 686 2360 740 τὸν
2393 684 2673 758 Τιμόθεον·
2707 683 2785 739 Σὺ
2817 684 2862 739 εἰ
2894 685 2922 739 6
2950 685 3051 754 τήν
3107 683 3225 759 βίαν
3279 705 3370 758 μοι
3418 684 3554 763 πρὸς
3593 686 3691 754 τὴν
3725 686 3924 764 φθορὰν

2273 775 2640 852 ἐργασάμενος
2668 776 2767 849 (α)·
2801 773 2864 829 σὺ
2905 773 2955 829 εἰ
3003 775 3033 829 6
3083 771 3295 850 νύκτωρ
3338 772 3567 829 ἄκουσάν
3619 795 3687 848 με
3734 775 3921 850 βιασά-

2279 883 2439 937 μενος
2473 906 2488 932 ,
2546 864 2637 919 καὶ
2684 865 2782 933 τὴν
2839 863 3049 938 ἁγνείαν
3100 884 3205 936 μου
3250 860 3583 934 κηλιδώσας.
3639 863 3738 919 Καὶ
3788 865 3924 943 πρὸς

2272 953 2401 1017 τοὺς
2431 954 2619 1029 κριτὰς
2652 951 2941 1026 ἐνωμότως
2996 953 3305 1028 ἀνέκραγεν,
3354 951 3436 1008 ὅτι
3469 950 3627 1016 οὗτός
3674 951 3785 1008 ἐστί
3821 974 3924 1028 μου

2275 1043 2304 1097 6
2335 1041 2565 1119 φθορεὺς
2621 1042 2778 1105 οὗτος
2811 1039 2889 1115 δὲ,
2922 1040 3021 1097 οὐκ
3051 1039 3245 1111 ἄλλος,
3278 1044 3307 1097 6
3335 1042 3434 1111 τὴν
3463 1037 3654 1121 ἔφοδόν
3709 1062 3805 1116 μοι
3839 1042 3924 1100 ἐπὶ

2273 1136 2342 1205 τῇ
2374 1132 2548 1209 φθορᾷ
2578 1128 3032 1207 διαπραξάμενος.
3090 1131 3191 1185 Καὶ
3231 1129 3542 1206 ἐπιγνόντες
3588 1131 3690 1201 τήν
3733 1150 3925 1210 παροι-

2275 1221 2390 1275 νίαν
2455 1227 2557 1290 τῆς
2614 1217 2875 1294 μαινάδος
2932 1222 2986 1275 οἱ
3040 1220 3220 1296 κριταὶ
3277 1220 3370 1276 σὺν
3424 1226 3540 1283 τοῖς
3602 1217 3924 1299 δορυφόροις

2278 1306 2553 1383 ἐμειδίων,
2584 1310 2674 1365 καὶ
2701 1311 2764 1365 τὸ
2809 1310 3066 1389 φρόνημα
3113 1308 3413 1383 ἐθαύμαζον
3444 1313 3541 1365 τοῦ⁹
3572 1308 3733 1386 ἀγίου
3773 1312 3924 1371 Ἀθα-

2275 1398 2484 1473 νασίου,
2545 1398 2629 1454 ὅτι
2690 1404 2914 1455 σιωπῶν
2971 1400 3033 1454 τὸ
3082 1396 3340 1475 ἔγκλημα
3385 1398 3742 1477 συκοφαντίαν
3794 1399 3928 1459 εἶναι

2278 1485 2520 1559 ἀπέδειξε
2553 1532 2569 1559 ,
2626 1488 2953 1565 περιτρέψας
3009 1488 3138 1551 τούς
3199 1486 3490 1551 ἐναντίους.
3551 1494 3769 1561 Σκηνῆς
3825 1490 3927 1568 γὰρ

2280 1575 2436 1633 οὐδὲν
2472 1574 2681 1655 διέφερε
2709 1578 2772 1632 τὸ
2801 1578 3050 1652 γεγονὸς,
3101 1576 3185 1632 ὅτι
3235 1575 3288 1632 ἐν
3318 1578 3568 1651 Τιμοθέῳ
3616 1579 3928 1642 ’Δθανάσιος

2274 1667 2337 1722 τὸ
2364 1664 2546 1742 δρᾶμα
2559 1671 2667 1722 τῶν
2694 1663 2981 1740 πολεμίων
3008 1663 3263 1742 διήλεγξε
3283 1663 3451 1722 δόλου
3466 1664 3927 1743 πεπληρῶμὲνον.

2278 1757 2593 1820 Ἀθανάσιος
2645 1757 3000 1832 κατηγορήθη
3038 1801 3053 1828 ,
3114 1756 3206 1814 καὶ
3280 1755 3543 1830 Τιμόθεος
3612 1755 3928 1816 ἐπεκαλεῖτο

2277 1844 2745 1920 ἀπολογούμενος,
2792 1844 2884 1900 καὶ
2935 1842 3254 1920 ῥιψάσπιδες
3313 1845 3597 1921 γεγόνασιν
3654 1847 3709 1902 οἱ
3767 1845 3929 1905 πολί-

517 1961 656 2015 μιοι.
691 1939 886 2013 Γὲγονε
931 1939 1034 2014 γὰρ
1076 1936 1261 2000 αὐτοῖς
1293 1940 1327 2007 ἡ
1364 1938 1526 2013 γυνὴ,
1571 1939 1633 2006 ἢν
1676 1934 1892 1992 πολλοῦ
1940 1932 2238 2014 κεφαλαίου
2287 1934 2706 2011 ἐξηγοράσαντο,
2754 1932 2926 1990 ὅπλον
2972 1934 3320 2011 σαθρότατον,
3372 1934 3472 1991 οὐκ
3519 1936 3751 2012 ἀντέχον
3795 1938 3929 2013 πρὸς

514 2025 780 2099 ἔνστασιν,
816 2027 917 2082 ὑπὸ
950 2027 1171 2102 ἀγνοίας
1210 2024 1268 2082 δῖε
1295 2032 1413 2089 τοῖς
1446 2024 1606 2089 ἰδίοις
1636 2028 2228 2101 ἀντιστρατευσάμενον.
2260 2027 2361 2081 Διά
2386 2046 2471 2081 τοι
2500 2029 2662 2081 τοῦτο
2685 2025 2776 2080 καί
2801 2023 3057 2103 φεύγουσι
3081 2027 3181 2095 τὴν
3211 2023 3397 2081 ἐκτῶν
3427 2024 3612 2099 νόμων
3637 2024 3925 2105 ἀπόφασινο

516 2118 670 2175 αὐτοὶ
702 2119 805 2194 γάρ
839 2118 975 2187 ἦσαν
1005 2118 1058 2172 οἰ
1087 2116 1266 2193 κριταὶ
1291 2116 1381 2171 καὶ
1413 2118 1464 2170 οἱ
1485 2118 1812 2191 κατήγοροι.

608 2211 661 2265 8.
677 2210 1068 2274 Quamobrem
1082 2223 1403 2281 suppressa
1424 2206 1689 2264 mulieris
1712 2206 2176 2273 accusatione,ad

2358 2206 2411 2258 8.
2447 2204 2544 2258 Διά
2572 2206 2756 2276 τοῦτο,
2786 2204 2848 2258 τὸ
2871 2209 2973 2273 τῆς
3021 2204 3277 2279 γυναικὸς
3309 2200 3682 2268 συστείλαντες
3733 2202 3935 2281 ἔγκλη-

534 2296 802 2355 veneﬁcit
835 2298 1061 2353 crimen
1090 2298 1451 2353 concedunt:
1483 2301 1544 2353 et
1573 2313 1707 2352 cum
1727 2312 1789 2352 se
1816 2299 2092 2369 putarent
2112 2311 2176 2351 ex

2295 2313 2390 2365 μα,
2422 2291 2509 2347 ἐπὶ
2539 2293 2601 2347 τὸ
2644 2299 2747 2363 τῆς
2796 2292 3051 2368 γοητείας
3101 2296 3366 2370 ’χωροῐὶσι⁸
3415 2293 3507 2349 καὶ
3556 2284 3936 2358 δοκοῦντες-ἐκ

535 2387 793 2444 secundo
825 2386 1070 2442 crimine
1100 2386 1279 2458 priori
1312 2385 1618 2442 calumnia
1668 2386 1846 2441 ﬁdem
1901 2385 2182 2452 facturos,

532 2474 646 2549 ipsi
668 2491 796 2531 sese
817 2475 1016 2547 potius
1039 2473 1382 2547 illaqueant,
1407 2474 1560 2547 capti
1592 2490 1700 2529 sua
1723 2473 2042 2546 impietate.
2068 2473 2180 2529 Ita-

535 2579 649 2637 que
664 2580 905 2620 manum
932 2562 1667 2637 proferunt,detestandam
1681 2579 1805 2619 rem
1828 2561 2184 2635 magistrati-

533 2653 647 2709 bus
677 2652 1071 2721 ostendentes,
1105 2651 1418 2724 aiuntque:
1450 2650 1839 2723 Virijudices,
1862 2667 1992 2706 ecce
2044 2650 2183 2706 bra-

534 2739 756 2809 chium,
779 2740 935 2812 quod
958 2740 1289 2796 artiﬁciosis
1302 2738 1493 2795 verbis
1514 2757 1631 2796 non
1653 2740 1806 2795 valet
1822 2738 2183 2795 Athanasius

537 2828 995 2902 declinarersa
1019 2832 1075 2885 te
1098 2846 1309 2886 manus
1333 2828 1559 2885 silendo
1581 2832 1876 2898 accusat,o
1898 2828 2182 2885 Athanasi

536 2935 717 2991 quam
738 2918 986 2975 Arsenio
1000 2918 1326 2975 abscidisti.
1350 2917 1430 2975 De
1454 2934 1574 2990 qua
1593 2917 1989 2974 defensionem
2013 2934 2182 2990 pares

536 3012 782 3080 oportet,
819 3007 879 3063 in
898 3024 1073 3080 quem
1092 3007 1254 3063 illam
1268 3023 1443 3064 usum
1459 3006 1802 3079 amputaris.
1824 3006 1974 3063 Tum
1998 3006 2182 3064 Atha-

535 3096 739 3153 nasius
769 3097 843 3153 ad
874 3095 1037 3152 illos:
1071 3095 1212 3160 Quis
1234 3112 1302 3152 ex
1320 3095 1485 3151 vobis
1507 3095 1666 3151 novit
1680 3095 1992 3152 Arsenium
2013 3095 2040 3151 ?
2070 3100 2186 3153 Aut

537 3184 673 3259 quis
702 3184 855 3242 hanc
886 3185 1017 3255 ejus
1045 3201 1174 3241 esse
1204 3185 1499 3241 dexteram
1524 3184 1836 3258 agnoscit?
1853 3185 1921 3242 Et
1943 3201 2185 3258 surgen-

536 3274 626 3331 tes
657 3274 900 3348 quidam
932 3289 1068 3330 cum
1100 3272 1562 3344 accusatoribus,
1586 3290 1648 3329 se
1668 3273 1983 3330 Arsenium
2007 3275 2184 3347 probe

535 3380 710 3421 nosse
741 3363 1033 3421 dicebant.
1058 3364 1209 3419 Tum
1230 3362 1591 3419 Athanasius
1611 3363 1683 3419 ad
1703 3362 1964 3435 judices:
1990 3364 2184 3430 Quan-

534 3452 874 3526 doquidem,
899 3452 1000 3520 ait,
1025 3468 1088 3508 se
1111 3452 1424 3509 Arsenium
1445 3468 1618 3508 nosse
1638 3452 1888 3508 confessi
1914 3457 2184 3520 sunt,ro-

532 3559 606 3617 go
639 3542 850 3598 adduci
881 3540 1228 3598 Arsenium:
1259 3542 1427 3597 adest
1457 3557 1732 3613 namque.
1766 3539 1839 3598 Ut
1859 3546 2056 3598 autem
2078 3542 2180 3598 ad-

536 3631 752 3687 ductus
780 3634 871 3687 est
899 3630 1202 3700 Arsenius,
1243 3629 1609 3687 adversarios
1657 3629 1921 3687 obtuitus
1974 3631 2180 3687 beatus

535 3718 919 3788 Athanasius,
952 3718 1033 3774 ait
1060 3719 1503 3775 accusatoribus
1529 3735 1595 3774 ac
1601 3718 1905 3791 judicibus
1933 3735 1947 3777 :
1970 3723 2181 3776 Annon

534 3807 631 3863 hic
654 3812 744 3864 est
764 3807 1048 3865 Arsenius
1093 3808 1164 3864 de
1185 3824 1300 3879 quo
1323 3808 1467 3863 mihi
1485 3807 1702 3865 crimen
1730 3808 2012 3864 offertur?
2038 3810 2183 3865 Ecce

534 3897 702 3953 adest
734 3895 1016 3952 Arsenius
1029 3896 1304 3952 omnibus
1325 3896 1733 3953 Alexandrinis
1756 3897 2029 3954 notus.Et
2050 3914 2183 3971 per-

534 3987 720 4041 tracto
751 3983 851 4041 illo
899 3988 1034 4040 ante
1080 3983 1362 4053 tribunal,
1413 3985 1713 4041 dexteram
1760 3986 1888 4057 ejus
1937 4003 2182 4043 manum

534 4073 727 4147 primo
748 4071 942 4145 erigit,
965 4087 1032 4128 ac
1046 4071 1265 4143 jubens
1287 4089 1524 4129 rursum
1550 4078 1863 4130 utrursum
1884 4075 2057 4132 aliam
2072 4075 2184 4133 ele-

534 4165 697 4219 varet
731 4162 803 4218 ad
836 4176 1181 4217 consessum
1214 4160 1594 4217 exclamavit:
1621 4163 1766 4219 Ecce
1786 4163 2123 4232 Arsenium,
2147 4180 2182 4219 ο

535 4251 710 4322 cives,
744 4266 875 4306 ecce
905 4248 1163 4306 hominis
1220 4265 1451 4322 manus,
1484 4268 1516 4307 ο
1572 4250 1871 4308 mirabiles
1910 4251 2177 4323 judicesl

533 4340 693 4412 Rogo
715 4339 1111 4413 perquiratur,
1135 4339 1305 4410 cujus
1328 4339 1629 4396 sitmanus
1650 4339 1748 4397 illa
1778 4356 1957 4412 quam
1980 4345 2182 4398 tenent

529 4428 868 4495 adversarii,
900 4431 957 4484 et
984 4428 1140 4484 unde
1181 4425 1344 4483 illam
1376 4428 1710 4485 resecuerit.
1772 4429 1922 4484 Tum
1966 4445 2082 4485 nox
2124 4435 2183 4485 et

528 4518 716 4591 caligo
748 4511 951 4574 eorum
975 4516 1162 4573 oculis
1197 4516 1387 4573 oﬂ‘usa
1415 4521 1525 4586 est,
1558 4534 1673 4574 non
1696 4516 1870 4573 modo
1893 4516 1967 4573 ob
1989 4517 2178 4574 sancti

528 4607 834 4664 Athanasii
868 4606 1307 4679 purgationem;
1341 4606 1442 4662 sed
1475 4608 1631 4678 quod
1653 4605 1779 4662 suis
1804 4605 1917 4679 ipsi
1940 4622 2178 4663 accusa-

527 4692 790 4751 tionibus
810 4695 1073 4765 veneﬁci,
1097 4699 1172 4763 et,
1190 4695 1347 4767 quod
1365 4710 1539 4767 grave
1561 4695 1719 4752 dictu
1739 4696 2176 4769 est,sycophan-

528 4784 602 4836 ιω
634 4783 980 4855 deprehensi
1003 4788 1220 4840 essent.
1245 4782 1308 4838 In
1341 4782 1509 4839 illum
1543 4789 1908 4840 sanecoetum
1931 4786 2180 4857 quadrat

528 4869 675 4926 illud
709 4873 864 4944 quod
889 4873 1131 4929 dicitur:
1160 4873 1363 4928 Lucum
1401 4876 1622 4945 aperuit
1648 4878 1703 4929 et
1733 4874 1920 4947 eﬂ'oda't
1947 4890 2093 4944 eum,
2125 4884 2177 4932 et

2288 2386 2385 2437 τοῦ
2416 2378 2667 2455 δευτέρου
2695 2380 2758 2438 τὸ
2791 2386 3007 2457 πρῶτον
3041 2376 3378 2455 διαϐάλλειν,
3415 2379 3628 2455 μᾶλλον
3675 2382 3937 2440 ἐνειλοῦν-

2288 2491 2378 2526 ται
2436 2468 2785 2545 ἁλισκόμενοι
2843 2474 2912 2546 τῇ
2962 2466 3181 2543 ἀσεϐείᾳ
3214 2515 3226 2529 .
3277 2472 3620 2547 Προσάγουσι
3664 2477 3798 2549 γοῦν
3846 2473 3937 2543 τὴν

2291 2564 2474 2636 χεῖρα,
2511 2564 2681 2634 μῦσος
2728 2558 3048 2615 ἀνύποιστον
3098 2564 3387 2634 κοσμικοῖς
3437 2556 3699 2637 ἄρχουσιν
3751 2558 3943 2618 ἐπιδει-

2289 2647 2565 2722 κνύμενοι,
2618 2648 2708 2704 καί
2753 2667 2932 2727 φασιν·
2981 2647 3209 2726 ⁹¹Δνδερς
3260 2646 3527 2718 δικασταὶ,
3575 2648 3696 2707 ἰδοὺ
3738 2652 3768 2706 6
3816 2651 3945 2728 βρα-

2289 2736 2456 2813 χίων,
2490 2738 2547 2793 ’ὸν
2583 2737 2861 2815 ἐντέχνοις
2905 2736 3097 2814 λόγοις
3151 2737 3214 2793 οὐ
3246 2736 3469 2794 δύναται
3496 2741 3943 2817 παραγράψασθαι

2292 2828 2320 2881 6
2354 2828 2689 2891 Ἀθανάσιος.
2721 2827 2869 2899 Αὕτη
2926 2848 3043 2902 σου,
3093 2826 3274 2907 φασὶν,
3324 2830 3359 2899 ἡ
3410 2828 3536 2906 χεὶρ
3581 2833 3793 2905 σιγῶσα
3819 2849 3940 2884 κατ-

2292 2921 2534 2992 ηγορεῖ,
2592 2914 2639 2971 ὦ
2712 2917 2997 2973 Ἀθανάσιε
3047 2961 3063 2988 ,
3123 2917 3188 2987 ἤν
3251 2916 3516 2993 Ἀρσενίῳ
3567 2919 3934 2994 περιέκοψας.

2292 3003 2423 3079 Περὶ
2452 3006 2518 3074 ἧς
2549 3003 2789 3083 ὀφείλεις
2836 3003 3308 3081 ἀπολογήσασθαι,
3365 3006 3443 3070 εἰς
3468 3005 3589 3062 τίνα
3626 3027 3712 3062 σοι
3758 3004 3941 3084 χρείαν

2289 3093 2575 3166 τέτμηται.
2625 3094 2682 3147 Ὀ
2742 3090 2799 3149 δὲ
2858 3094 3171 3157 Ἀθανάσιος
3230 3094 3369 3170 πρὸς
3423 3093 3635 3158 αὐτούς*
3695 3093 3791 3157 Τίς
3838 3095 3937 3171 γάρ

2294 3182 2432 3237 ἐστιν
2487 3182 2539 3254 ἐξ
2596 3183 2770 3257 ὑμῶν,
2832 3184 3018 3261 φησὶν,
3050 3184 3079 3239 6
3112 3182 3487 3261 ἐπιγινώσκων
3515 3184 3792 3261 ’Ᾱρσένιον
3828 3203 3842 3256 ;
3874 3185 3937 3241 Ἥ

2289 3271 2372 3335 τίς
2401 3270 2539 3328 ἐστιν
2572 3273 2600 3327 6
2648 3272 2849 3344 ταύτην
2895 3271 3061 3328 αὖτοῦ
3103 3275 3204 3343 τὴν
3253 3270 3426 3345 δεξιὰν
3481 3273 3766 3351 γνωρίζων
3802 3273 3936 3343 ;Καὶ

2294 3361 2610 3424 ἀναστάντες
2641 3362 2785 3425 τινὲς
2825 3361 2917 3417 σὺν
2950 3368 3069 3426 τοῖς
3114 3362 3472 3439 κατηγόροις,
3523 3367 3702 3427 σαςῶς
3750 3360 3937 3420 εἰδέναι

2289 3448 2383 3506 τὸν
2429 3452 2697 3528 Ἀρσὲνιον
2754 3449 2969 3526 ἔλεγον.
3029 3451 3129 3507 Καὶ
3182 3453 3211 3507 6
3257 3450 3763 3529 Ἀθανάσιοςπρδς
3818 3451 3938 3513 τοὺς

2291 3540 2500 3615 κριτάς·
2545 3536 2792 3613 Ἐπειδὴ,
2835 3540 3027 3617 φησὶν,
3053 3538 3422 3618 ὡμολόγησαν
3478 3538 3673 3598 εἰδέναι
3703 3541 3796 3597 τὸν
3826 3542 3940 3615 Ἀρ-

2293 3630 2488 3699 σὲνιον,
2542 3629 2674 3700 ἀξιῶ
2733 3629 3049 3707 εἰσαχθῆναι
3094 3631 3186 3686 τὸν
3243 3630 3518 3707 Ἀρσένιον
3718 3631 3936 3707 πάρεστι

2290 3718 2412 3793 γάρ.
2447 3718 2534 3780 Ὠς
2570 3715 2629 3772 δὲ
2678 3717 2910 3794 εἰσήχθη
2952 3718 2981 3773 6
3013 3718 3281 3792 Ἀρσένιος
3333 3716 3441 3774 ἅνω
3486 3719 3781 3795 προσέχων
3828 3721 3935 3775 τοῖς

2291 3805 2576 3876 ἐναντίοις,
2635 3805 2752 3862 εἰπε
2796 3812 2914 3870 τοῖς
2963 3812 3176 3883 κριταῖς
3222 3807 3313 3863 καὶ
3367 3813 3488 3870 τοῖς
3533 3806 3935 3884 κατηγόροιςτὸ

2295 3895 2558 3970 μακάριος
2606 3896 2938 3959 Ἀθανάσιος·
2994 3895 3115 3972 Οὐχ
3149 3896 3307 3959 οὗτός
3354 3894 3494 3953 ἐστιν
3547 3897 3576 3952 6
3620 3898 3931 3971 Ἀρσένιοςς

2289 3983 2352 4040 οὐ
2392 3984 2516 4060 περὶ
2562 3983 2757 4039 τούτου
2816 4005 2906 4059 μοι
2957 3984 3204 4061 ἐνάγεται
3236 4005 3250 4054 ;
3282 3982 3420 4043 Ἰδοὺ
3459 3986 3715 4062 πάρεστιν
3767 3987 3796 4041 6
3823 3991 3934 4061 Ἀρ-

2292 4073 2486 4143 σένιος,
2517 4073 2546 4128 6
2576 4073 2666 4129 καὶ
2696 4079 2827 4128 πᾶσι
2873 4074 3157 4152 γνώριμος
3204 4078 3321 4137 τοῖς
3370 4075 3508 4130 κατά
3546 4075 3647 4145 τὴν
3688 4072 3933 4145 Ἀλεξάν-

2292 4159 2487 4236 δρειαν.
2521 4161 2621 4218 Καὶ
2670 4161 3103 4237 ἐπισπασάμενος
3156 4162 3314 4219 αὐτὸν
3360 4164 3466 4239 πρὸ
3512 4167 3611 4219 τοῦ
3661 4162 3927 4240 βήματος,

2294 4250 2560 4327 ὑπεγείρει
2592 4251 2815 4327 πρώτην
2860 4253 2959 4322 τήν
3014 4249 3211 4324 δεξιὰν,
3257 4251 3349 4308 καὶ
3396 4249 3562 4308 πάλιν
3588 4251 3680 4308 καὶ
3708 4253 3812 4322 τὴν
3842 4248 3933 4307 ἄλ-

2291 4337 2395 4410 λην
2426 4340 2694 4394 ἀνατεῖναι
2743 4340 2819 4403 εἰς
2870 4339 3005 4415 ὕψος
3048 4337 3329 4404 κελεύσας.
3385 4335 3516 4396 ἐϐόα
3565 4339 3653 4395 ἐπὶ
3699 4345 3801 4396 τοῦ
3829 4360 3936 4396 συν-

2291 4424 2492 4505 εδρίων
2546 4425 2684 4483 Ἰδοὺ
2732 4429 3033 4506 Ἀρσένιος,
3085 4429 3130 4484 ὦ
3180 4426 3368 4507 ἄνδρες
3417 4427 3662 4499 πολίται,
3709 4426 3829 4485 ἰδοὺ
3854 4426 3937 4485 καὶ

2286 4522 2383 4571 τοῦ
2442 4518 2723 4595 ἀνθρώπου
2772 4519 2827 4573 αἱ
2877 4523 3063 4596 χεῖρες
3097 4562 3111 4577 .
3171 4522 3235 4573 Ὦ
3292 4519 3583 4592 θαυμάσιοι
3651 4515 3893 4575 δικασταὶ
3921 4563 3935 4589 ,

2286 4605 2419 4676 ἀξιῶ
2460 4602 2821 4684 διερευνῆσαι,
2866 4606 3011 4670 τίνος
3061 4606 3201 4663 ἐστὶν
3253 4610 3288 4678 ἡ
3339 4608 3487 4685 χεὶρ,
3536 4609 3573 4678 ἢ
3622 4605 3842 4685 ἔχουσιν
3890 4606 3936 4660 οἱ

2287 4691 2568 4764 ἀντίδικοι,
2616 4694 2706 4750 καὶ
2753 4693 2915 4751 πόθεν
2961 4695 3128 4766 αὐτὴν
3160 4694 3424 4770 κόψαντες
3471 4694 3659 4766 ἥκασι.
3690 4696 3825 4752 Τότε
3854 4693 3936 4765 νὺξ

2284 4782 2468 4845 αὐτοῖς
2499 4783 2589 4838 καὶ
2621 4782 2811 4847 σκότος
2845 4783 2897 4839 ἐν
2948 4787 3017 4860 τῇ
3050 4781 3171 4859 ὄψει
3202 4783 3523 4862 περιεχόθη,
3558 4783 3621 4840 οὐ
3657 4785 3822 4859 μόνον
3855 4780 3936 4839 διὰ

2282 4873 2381 4943 τήν
2415 4871 2701 4950 ἀποφυγὴν
2730 4877 2827 4927 τοῦ
2870 4871 3031 4948 ἁγίου
3076 4874 3417 4945 Ἀθανασίου,
3450 4872 3575 4930 ἀλλ’
3623 4872 3708 4929 ὅτι
3742 4874 3794 4931 ἐν
3822 4877 3932 4935 ταῖς

526 4960 804 5017 incidetin
820 4965 1035 5035 foveam
1052 4978 1220 5035 quam
1236 4962 1370 5033 fecit
1401 4964 1441 5018 ¹.
1474 4962 1585 5018 Sed
1640 4963 1916 5034 quoniam
1942 4963 2176 5035 judices

2285 4960 2642 5038 κατηγορίαις
2693 4960 2868 5017 αὐτῶν
2917 4961 3116 5038 γόητες
3170 4961 3577 5033 ἀπεδείκνυντο,
3621 4959 3841 5018 πολλοῦ
3876 4979 3933 5037 γε

526 5048 658 5105 ideo
690 5055 1097 5119 convenerant,
1123 5067 1239 5106 non
1273 5054 1339 5105 ut
1370 5051 1441 5105 de
1463 5051 1597 5122 jure
1629 5051 1929 5122 etjustitia
1949 5052 2173 5126 disqui-

525 5142 741 5206 rerent,
774 5140 875 5196 sed
897 5138 1367 5197 utAtbanasium
1381 5140 1860 5209 condemnarent,
1880 5156 2175 5213 compres-

523 5242 589 5283 sa
618 5229 812 5302 legum
848 5230 1213 5298 auctoritate,
1241 5232 1299 5284 et
1328 5228 1631 5301 potestatis
1663 5228 1846 5285 ascia:
1873 5230 2175 5303 quampri-

523 5331 687 5373 mum
719 5318 898 5390 igitur
928 5317 1287 5375 satellitibus
1310 5315 1568 5372 tribunal
1592 5316 1973 5389 reliquerunt,
1998 5318 2174 5375 silen-

520 5403 601 5459 tio
633 5407 938 5462 studentes
975 5406 1275 5463 veritatem
1299 5404 2175 5479 oblitterare,neimperatorem

519 5492 896 5550 offenderent.
931 5496 1137 5568 Itaque
1166 5493 1361 5551 videre
1389 5498 1513 5550 erat
1544 5494 1985 5552 discedentibus
2013 5496 2175 5567 judi-

523 5579 691 5638 cibus
715 5583 1093 5653 seditionem,
1136 5583 1603 5640 adversariorum
1655 5588 1859 5641 contra
1904 5590 2174 5643 sanctum

594 5688 608 5721 ¹
641 5687 794 5744 Psal.
828 5707 926 5745 vu.
966 5693 1051 5747 16.

593 5785 675 5863 (α)
703 5785 835 5849 Haec
864 5787 1131 5848 clausula
1158 5791 1322 5849 deest
1348 5790 1409 5848 in
1443 5787 1619 5851 Palat.

2285 5050 2476 5119 εἰπεῖν,
2530 5051 2877 5129 συκοφάνται.
2910 5051 3006 5114 Εἰς
3051 5050 3205 5107 τόνδε
3252 5056 3381 5128 γοῦν
3429 5052 3521 5107 τὸν
3554 5053 3725 5128 χορὸν
3773 5048 3933 5121 ἐπλη-

2285 5139 2433 5215 ρώθη
2465 5140 2528 5194 τὸ
2576 5136 2790 5215 λόγιον,
2838 5139 2901 5194 τὸ
2949 5141 3175 5218 φάσκον·
3210 5142 3422 5196 Λάκκον
3483 5134 3657 5215 ὤρυξε
3702 5140 3793 5195 καὶ
3846 5138 3931 5193 ἀν·

2284 5229 2501 5302 ἐσκαψε,
2559 5228 2650 5282 καὶ
2711 5226 3023 5303 ἐμπεσεῖται
3075 5229 3153 5292 εἰς
3206 5229 3425 5307 βόθρον,
3483 5229 3543 5284 ’ὀν
3605 5229 3929 5305 εἰργάσατο.

2282 5315 2436 5374 Ἀλλ’
2474 5314 2661 5387 ἐπειδὴ
2696 5315 2961 5387 συνῆλθον
3014 5319 3066 5372 οἰ
3110 5318 3313 5395 κριταὶ,
3365 5318 3427 5374 οὖ
3482 5315 3774 5394 διαγνῶναι
3818 5311 3933 5391 περῖ

2281 5410 2378 5460 τοῦ
2426 5402 2662 5476 δικαίου,
2720 5404 2866 5461 ἀλλά
2917 5390 3238 5464 Ἀθανασίου
3294 5390 3787 5486 καταψηφίσασθαι,
3845 5390 3934 5459 συ-
4046 5390 4047 5405 ³

2286 5492 2599 5557 στείλαντες
2629 5496 2729 5564 τὴν
2781 5495 3054 5551 αὐθεντίαν
3104 5501 3214 5552 τῶν
3260 5497 3469 5572 νόμων,
3514 5497 3605 5553 καὶ
3656 5501 3760 5566 τῆς
3803 5492 3938 5565 ἐξου-

2286 5582 2403 5647 σίας
2432 5584 2523 5639 τὸν
2564 5581 2820 5642 πέλεκυν·
2854 5585 2932 5649 ὡς
2977 5586 3211 5664 τάχιστα
3240 5584 3332 5642 οὖν
3373 5591 3494 5652 τοῖς
3526 5583 3854 5665 δορυφόροις
3878 5579 3933 5636 τὸ

2356 5790 2433 5871 (b)
2463 5788 2619 5866 Haec,
2653 5788 2858 5865 ἀειῶηο
2888 5792 3185 5871 Ἀρσένιον,
3213 5793 3430 5856 desunt
3457 5792 3519 5852 in
3549 5791 3734 5854 Palat.
