4146 6378
1125 400 1312 465 ὛΙΤΑ
1354 400 1420 464 S.
1465 398 1892 465 ATHANASII
1936 396 2039 461 EX
2080 400 2691 471 METAPHRASTE.

3361 422 3635 473 CCXXXIII

246 533 384 611 λῆμα
422 530 741 606 ἀπέλειπον,
774 535 903 608 σιγῇ
950 532 1051 603 τὴν
1095 529 1351 604 ἀλήθειαν
1400 533 1731 606 πειρώμενοι
1779 552 1868 585 πε-

1985 536 2385 606 Athanasium,
2420 539 2654 610 qualem
2687 556 2858 597 nemo
2890 544 3090 599 nostro
3120 557 3239 600 avo
3261 540 3509 599 vidisset
3529 560 3635 599 un-

246 626 499 706 ριγράψαι,
543 620 641 679 ’ίνα
676 624 749 697 μὴ
797 626 879 695 τῷ
926 627 1212 697 κρατοῦντι
1260 621 1723 698 προσκρούσωσιν.
1775 627 1870 675 Ἠν

244 720 355 792 γοῦν
411 712 560 783 ἰδεῖν,
624 713 1108 788 ὑποχωρησάντων
1169 716 1278 766 τῶν
1336 711 1629 781 δικαστῶν,
1692 711 1871 764 στάσιν

244 807 358 861 κατὰ
376 808 469 859 τοῦ
499 804 662 879 ἁγίου
701 802 1016 859 Ἀθανασίου
1064 805 1171 855 τῶν
1226 799 1497 872 ἐναντίων,
1529 799 1644 854 θ’ίαν
1696 797 1873 861 οὐδεὶς

241 902 331 952 τῶν
358 894 468 950 καθ’
497 896 650 967 ἡμᾶς
700 890 949 946 ἐθεάσατό
992 911 1143 946 ποτε.
1172 891 1235 944 Οἱ
1288 890 1381 963 μὲν
1418 891 1521 965 γὰρ
1573 888 1790 963 λόγοις,
1824 890 1874 942 οἱ

243 983 489 1061 δὲχερσὶν
533 982 693 1037 αὑτὸν
743 978 1216 1056 προύπηλάκιζον,
1267 977 1462 1054 λῆρον,
1508 978 1684 1054 γόητα
1739 979 1872 1033 ἀπο-

238 1073 529 1141 καλοῦντες,
580 1070 674 1126 καὶ
720 1072 788 1125 τὰ
826 1069 1084 1125 πάνδεινα
1128 1070 1266 1124 κατᾶ
1322 1066 1697 1142 διατιθέμενα’
1729 1065 1875 1122 ἀλλὰ

240 1161 394 1219 δὲκαὶ
432 1159 702 1231 ἠπείλουν
734 1158 796 1215 ού
846 1156 1044 1231 πολλῷ
1090 1158 1309 1233 ὕστερον
1360 1159 1451 1213 τὸν
1511 1158 1678 1233 μόρον
1730 1156 1876 1227 αύτῷ

239 1251 521 1328 ἐπαχθῆναι
550 1249 695 1323 πρὸς
726 1252 824 1305 τοῦ
875 1252 1223 1324 κρατοῦντος·
1260 1248 1312 1302 οἱ
1343 1244 1402 1302 δὲ
1446 1248 1535 1301 καὶ
1565 1244 1871 1324 δολοφονή-

234 1361 329 1396 σειν
358 1340 512 1396 αὐτὸν
564 1336 1004 1414 ἐπηγγέλλοντο,
1049 1338 1407 1413 καταχέοντες
1453 1340 1561 1391 τῶν
1607 1333 1871 1391 δικαστῶν

234 1426 417 1506 ὕϐρεις,
467 1430 560 1484 καὶ
612 1425 1033 1503 λοιδορούμενοι
1080 1423 1407 1500 πάμπολλα·
1464 1422 1594 1481 ἔνιοι
1646 1424 1704 1480 δὲ
1744 1423 1872 1480 ὑπό-

232 1538 362 1597 γειον
411 1517 692 1593 ἐμελέτων
743 1516 901 1572 αὐτὸν
953 1513 1403 1590 διαχειρίσασθαι.
1451 1522 1513 1570 Ὠ
1558 1522 1661 1584 τῆς
1700 1514 1818 1590 βίας
1859 1516 1870 1569 !

233 1606 310 1664 διὰ
334 1606 403 1679 τί,
436 1608 624 1686 φασὶν,
660 1605 767 1681 οὐχ
795 1604 1201 1682 ἡσύχασεν,²ίνα
1236 1607 1310 1679 μὴ
1348 1608 1482 1679 ζήσῃ
1510 1604 1584 1667 ὡς
1617 1602 1784 1665 ἁλοὺς
1803 1607 1872 1677 τῇ

231 1696 459 1773 γοητείᾳ,
493 1693 627 1752 ἀλλ’
678 1690 926 1750 ἔσπευσεν
978 1694 1222 1764 ἐνστῆναι
1275 1698 1344 1769 τῇ
1379 1688 1621 1765 εὐσεϐείᾳ
1661 1690 1751 1747 διὰ
1779 1714 1873 1747 σαο

231 1787 480 1866 φεστάτης
532 1790 942 1861 παραγραφῆς,
990 1788 1098 1839 τῶν
1151 1784 1479 1863 ἐπιφυέντων
1526 1782 1672 1855 αὐτῷ
1727 1801 1877 1856 περι-

230 1875 555 1950 γενόμενος;
610 1873 715 1928 Καὶ
761 1871 1031 1943 τοσαύτης
1089 1868 1257 1943 οὔσης
1316 1874 1553 1935 στάσεως
1590 1920 1603 1943 ,
1668 1870 1822 1926 οὐδὲν
1856 1918 1870 1943 ,
1902 1906 1950 1971 Β

230 1965 367 2045 φησὶ,
396 1968 476 2036 τῷ
505 1960 790 2019 Γαλλίωνι
823 1959 1005 2035 ἔμελεο
1053 1961 1199 2039 φημὶ
1250 1966 1330 2033 τῷ
1381 1958 1604 2038 ἄρχοντι
1644 1966 1747 2029 τῆς
1776 1957 1874 2013 πό-

229 2050 376 2115 λεως.
410 2051 739 2128 Κραζόντων
783 2070 843 2105 τε
889 2050 979 2105 καὶ
1028 2049 1175 2105 κόνιν
1225 2049 1302 2113 εἰς
1350 2051 1440 2104 τὸν
1491 2050 1622 2125 ἀὲρα
1654 2048 1870 2124 ῥιπτόν-

227 2161 341 2213 των,
388 2138 725 2215 παμπληθεῖ
768 2160 829 2193 τε
879 2140 1157 2215 βοώντων·
1190 2138 1342 2212 Αἶρε,
1375 2139 1493 2213 αἶρε
1532 2139 1869 2195 Ἀθανάσιον·

229 2229 409 2307 οὐγὰρ
457 2231 694 2300 καθήκει
726 2227 884 2285 αὐτὸν
921 2232 1040 2302 ζῇν.
1090 2228 1147 2281 Ὀ
1195 2226 1287 2282 οὖν
1334 2228 1659 2304 Ἀρχέλαος,
1706 2248 1868 2282 κατα-

226 2313 335 2389 ϐὰς,
370 2317 651 2392 μέλλοντα
690 2314 1011 2374 διασπᾶσθαι
1060 2318 1151 2372 τὸν
1187 2318 1495 2372 Ἀθανάσιον
1549 2317 1868 2395 ἀφαρπάζει’

226 2408 285 2477 ἦν
311 2409 409 2483 γὰρ
448 2408 674 2463 καὶτοῦ
724 2404 1013 2482 κριτηρίου
1062 2404 1311 2482 ἔξαρχος,
1336 2407 1427 2461 καὶ
1472 2408 1540 2461 τὰ
1578 2403 1723 2460 ἄλλα
1755 2405 1871 2461 ἐπι-

227 2498 541 2565 εικέστατος,
574 2495 668 2551 καὶ
719 2492 943 2558 δυνατὸς
974 2498 1055 2567 τῷ
1084 2499 1371 2570 κρατοῦντι
1404 2492 1871 2569 ἀπολογήσασθαι,

228 2583 369 2642 εἷ’που
422 2584 482 2643 δὲ
539 2585 637 2641 καὶ
696 2585 926 2639 θανάτου
984 2590 1379 2662 περιφρονῆσαι
1438 2581 1661 2657 ἕτοιμος
1711 2604 1724 2616 ·
1784 2583 1874 2638 καὶ

226 2680 475 2747 κρυπταῖς
506 2672 720 2746 ἐξόδοις
751 2673 910 2729 αὐτὸν
963 2670 1269 2744 ὑπεξελθεῖν
1308 2678 1457 2728 ποιεῖ
1501 2680 1603 2742 τῆς
1634 2671 1873 2743 πόλεως,

228 2761 455 2839 δρασμὸν
487 2764 642 2837 αὐτῷ
696 2761 849 2830 δοὺς,
879 2762 970 2816 καὶ
1018 2760 1209 2825 πείσας
1256 2762 1437 2833 αὐτὸν,
1487 2761 1625 2817 ὅπου
1674 2760 1877 2832 δήποτε

224 2858 323 2926 γῆς
351 2852 620 2928 εὑρεθείη,
656 2852 732 2925 μὴ
781 2852 1169 2926 γνωρισθῆναι.
1222 2850 1393 2907 Πάλιν
1446 2848 1504 2907 δὲ
1534 2853 1586 2906 οἱ
1617 2849 1686 2905 δι’
1730 2851 1877 2905 ἐναν-

223 2940 333 3004 τίας
363 2940 643 3017 συνέδριον
675 2943 1005 3011 ποιήσαντες
1036 2938 1293 2995 πλάττειν
1345 2942 1714 3014 ὑπομνήματα
1741 2943 1877 2995 κατά

222 3034 312 3085 τοῦ
339 3031 495 3106 ὁγίου
553 3029 873 3087 Ἀθανασίου
930 3027 1304 3104 βουλεύονται,
1356 3029 1407 3085 ἐν
1454 3032 1535 3093 οἷς
1586 3029 1873 3085 ἐντιθὲασιν

227 3114 306 3174 ἐπὶ
348 3127 475 3176 πᾶσι
537 3125 654 3182 τοῖς
712 3116 1058 3194 ἐγκλήμασιν
1112 3120 1424 3175 Ἀθανάσιον
1479 3123 1874 3198 καταφωραθῆ-

223 3228 321 3262 ναι·
352 3210 441 3265 καὶ
472 3206 671 3264 πολλὰ
702 3206 1007 3286 ἀντίγραφα
1057 3210 1384 3278 ποιήσαντες
1425 3207 1476 3263 ἐν
1528 3210 1671 3282 πάσῃ
1699 3213 1767 3282 τῇ
1799 3209 1876 3264 οἷ-

224 3299 447 3373 κουμένῃ
509 3275 913 3371 ἐκπέμπουσιν.
947 3275 1418 3373 ”Δπαγγέλλουσι
1478 3295 1536 3352 δὲ
1590 3275 1669 3369 τῷ
1726 3275 1875 3352 έων-
1908 3275 1951 3343 C

226 3387 465 3461 σταντίῳ.
511 3385 671 3441 Οὕτω
729 3383 795 3454 δὴ
853 3389 936 3458 τῷ
994 3386 1139 3461 ἁγίῳ
1197 3384 1496 3457 Ἀθανασίῳ
1554 3388 1659 3447 πὰς
1710 3386 1876 3448 τόπος

228 3480 361 3551 φυγῇ
392 3475 611 3553 ἐγένετο
660 3472 909 3553 σφοδρῶς
963 3476 1306 3549 ζητουμένῳ,
1337 3473 1474 3530 ὥστε
1517 3476 1606 3530 καὶ
1647 3475 1878 3551 ἐπαγγε-

229 3560 343 3627 λίας
369 3564 594 3628 πολλὰς
623 3566 956 3639 προτεθῆναι
999 3568 1115 3626 τοῖς
1165 3562 1303 3618 ὅπου
1350 3570 1457 3639 γῆς
1499 3563 1876 3640 εὑρισκόμενον

230 3651 375 3709 αὐτὸν
426 3652 865 3728 καταμηνύουσι.
920 3650 1120 3715 Πόλεις
1172 3654 1314 3725 ὁμοῦ
1362 3673 1421 3707 τε
1475 3659 1639 3707 πᾶσαι
1699 3653 1877 3708 ἀνεκι-

226 3747 420 3815 νοῦντο,
474 3744 572 3799 καὶ
604 3741 889 3819 ἄρχοντες,
934 3742 1069 3799 ποτὲ
1120 3743 1213 3815 μὲν
1262 3741 1567 3819 πρόστιμον
1600 3742 1872 3817 ὁρίζοντες

224 3837 333 3895 τοῖς
370 3833 457 3889 ἐπὶ
507 3839 612 3903 τῆς
666 3832 890 3907 εἰρήνης
942 3833 1320 3907 τεταγμένοις,
1371 3832 1503 3887 ποτὲ
1561 3828 1619 3885 δὲ
1673 3831 1872 3905 ζημίαν

229 3924 364 3991 ζωῆς
413 3921 625 4002 ὑφέξειν
676 3921 805 3983 τοὺς
857 3919 1185 3995 διωγμίτας,
1219 3920 1265 3975 εἰ
1301 3922 1376 3995 μὴ
1420 3920 1511 3975 τὸν
1559 3922 1872 3977 Ἀθανάσιον

228 4012 391 4077 ζῶντα
439 4012 899 4083 παραστήσωσιν·
959 4011 995 4078 ἦ
1057 4011 1132 4083 μὴ
1188 4014 1374 4079 τοῦτο,
1432 4008 1529 4065 κᾶν
1586 4014 1715 4085 γοῦν
1773 4011 1871 4079 τήν

224 4100 456 4178 κεφαλὴν
519 4101 685 4157 αὐτοῦ
750 4101 863 4175 μεθ’
921 4100 1333 4172 ὑπομνημάτων
1402 4097 1717 4169 δηλούντων
1777 4100 1875 4169 τὴν

225 4186 493 4266 ἀκρίϐειαν
544 4188 934 4263 διακομίσοιεν.
984 4185 1206 4257 Ἐπειδή
1260 4188 1352 4243 οὑν
1404 4187 1456 4243 ἐν
1508 4186 1697 4261 λάκκῳ
1727 4187 1873 4266 ὕδωρ

227 4278 296 4350 μὴ
350 4277 543 4357 ἔχοντι
592 4277 643 4334 ἐν
697 4278 751 4349 ’ἐξ
802 4277 940 4333 ἔτεσι
995 4275 1237 4352 διέτριψε
1289 4274 1598 4348 λανθάνων,
1652 4280 1720 4351 τῇ
1768 4277 1874 4351 πρὸ

229 4373 367 4439 μιᾶς,
398 4370 457 4426 ἐν
572 4366 817 4441 ἤμελλεν
869 4370 897 4423 6
948 4367 1115 4429 τόπος
1163 4363 1576 4442 παραδίδοσθαι,
1628 4363 1688 4420 ἔκ
1730 4388 1874 4429 τινος

223 4455 360 4521 θείας
438 4457 751 4536 ἐπιφανείας
830 4457 906 4519 εἰς
962 4453 1145 4531 ἕτερον
1209 4454 1377 4509 τόπον
1439 4451 1871 4531 ἀποδιδράσκει.

228 4548 592 4622 Λογιζόμενος
643 4544 702 4601 δὲ
754 4547 829 4621 μὴ
881 4544 971 4601 καὶ
1021 4542 1217 4605 ἄλλοις
1268 4539 1530 4597 κινδύνων
1590 4543 1875 4619 παραίτιος

1986 642 2186 697 quam.
2216 629 2279 682 Hi
2331 629 2566 699 quidem
2596 630 2809 696 verbis,
2842 630 2926 685 illi
2959 632 3238 691 manibus
3267 650 3402 690 eum
3434 633 3633 707 pulsa-

1986 714 2147 780 bant,
2181 717 2479 786 garrulum
2504 719 2886 791 appellantes,
2914 723 3261 794 veneﬁcum,
3286 728 3341 779 et
3362 722 3635 795 gravissi-

1985 819 2082 859 ma
2098 822 2344 877 quaeque
2361 807 2663 863 mala.Imo
2688 813 2744 863 et
2765 811 3420 879 comminabantur,non
3446 813 3633 868 multo

1985 898 2118 965 post
2142 902 2388 949 mortem
2418 895 2499 951 illi
2521 898 2592 951 ab
2614 898 2964 969 imperatore
2987 898 3303 955 illatumiri
3330 921 3342 954 :
3370 901 3466 956 alii
3498 901 3632 956 dolo

1984 983 2369 1039 occidendum
2392 986 2835 1059 denuntiabant,
2864 989 3063 1044 effusis
3089 990 3399 1059 injudices
3432 994 3633 1045 contu-

1984 1072 2176 1128 meliis
2228 1074 2620 1147 conviciisque
2648 1077 2886 1133 multis:
2923 1078 3104 1150 aliqui
3131 1095 3263 1133 vero
3295 1078 3630 1133 clanculum

1985 1162 2477 1219 machinabantur
2506 1165 2619 1235 ipsi
2668 1183 2887 1221 necem.
2922 1167 2965 1222 Ο
3014 1167 3384 1223 violentiam!
3427 1184 3627 1238 quare,

1985 1251 2238 1323 aiebant,
2273 1270 2389 1308 non
2412 1254 2634 1325 quievit
2654 1260 2720 1309 ut
2743 1257 3037 1312 veneficus
3059 1256 3459 1328 deprehensus
3480 1256 3629 1312 occi-

1984 1340 2257 1409 deretur;
2292 1344 2393 1397 sed
2425 1344 2647 1399 curavit
2677 1361 2780 1415 per
2826 1346 3373 1401 manifestissimam
3409 1346 3631 1401 refuta-

1982 1429 2226 1497 tionem,
2262 1430 2536 1502 pietatem
2570 1435 2933 1504 comprobari
2966 1452 3156 1501 suam,
3190 1452 3254 1490 ac
3284 1434 3634 1506 compressit

1986 1524 2355 1575 accusatores
2387 1538 2527 1576 suos
2547 1521 2575 1575 ‘I
2604 1523 2671 1577 Et
2701 1539 2835 1578 cum
2867 1528 3029 1578 tanta
3053 1523 3261 1580 seditio
3286 1528 3460 1591 esset,
3483 1522 3632 1579 nihil

1984 1621 2106 1661 rem
2131 1608 2356 1662 curavit
2404 1608 2587 1665 Gallio
2638 1612 2942 1681 praefectus
2990 1612 3175 1668 urbis.
3228 1612 3635 1667 Clamantibus

1984 1701 2179 1751 autem
2196 1696 2518 1769 illis,atque
2538 1698 2834 1770 pulverem
2860 1701 2917 1755 in
2952 1717 3144 1756 aerem
3167 1701 3631 1773 projicientibus,

1983 1802 2218 1858 unaque
2247 1786 2526 1842 omnibus
2554 1788 3013 1845 vociferantibus
3037 1806 3051 1845 :
3076 1790 3255 1859 Tolle,
3288 1789 3427 1846 tolle
3448 1791 3633 1847 Atha-

1984 1875 2239 1941 nasium,
2258 1892 2375 1930 non
2398 1877 2554 1931 enim
2578 1878 2845 1933 convenit
2865 1877 3033 1933 illum
3056 1879 3243 1934 vivere
3269 1904 3283 1947 ;
3308 1878 3631 1935 Archelaus

1985 1964 2342 2020 descendens
2357 1964 2743 2021 Athanasium
2762 1967 3015 2038 jamjam
3048 1966 3487 2023 dilacerandum
3519 1966 3631 2023 eri-

1984 2053 2072 2125 pit
2097 2070 2110 2121 ;
2135 2058 2261 2109 erat
2286 2052 2501 2125 quippe
2533 2055 2839 2127 praefectus
2860 2055 3089 2126 judicii,
3117 2056 3333 2127 alioqui
3354 2072 3630 2112 mansue-

1982 2142 2377 2214 tissimus,qui
2391 2158 2565 2214 posse
2585 2159 2720 2199 eum
2746 2160 2997 2217 purgare
3020 2146 3174 2215 apud
3190 2145 3629 2217 imperatorem,

1984 2230 2161 2286 etiam
2179 2234 2428 2285 mortem
2455 2234 2825 2287 contemnere
2843 2236 3084 2303 paratus
3110 2251 3123 2300 ;
3150 2249 3403 2304 cumque
3424 2232 3521 2288 ille
3542 2249 3635 2288 oc-

1984 2319 2157 2375 cultis
2180 2319 2473 2375 meatibus
2488 2319 2791 2376 dimittens
2806 2337 2873 2377 ex
2894 2321 3147 2391 civitate,
3167 2323 3366 2393 fugam
3388 2320 3472 2375 illi
3497 2335 3635 2392 ape-

1986 2409 2105 2464 ruit
2135 2412 2451 2480 auctorque
2479 2408 2565 2463 illi
2596 2409 2707 2464 fuit
2736 2414 2802 2464 ut
2850 2414 3083 2465 curaret
3130 2410 3428 2465 neminem
3461 2425 3636 2465 nosse

1985 2514 2102 2568 quo
2124 2497 2183 2551 in
2202 2501 2366 2552 terrae
2389 2497 2515 2553 loco
2534 2497 2633 2553 ille
2647 2503 2996 2554 versaretur.
3015 2499 3272 2555 Rursum
3295 2498 3635 2565 adversarii,

1986 2591 2183 2642 coacto
2205 2586 2471 2654 concilio,
2506 2587 2831 2643 deliberant
2848 2588 2918 2643 de
2936 2589 3086 2643 conti
3096 2587 3340 2661 ngendis
3356 2588 3638 2644 adversus

1986 2680 2254 2733 sanctum
2288 2676 2678 2732 Athanasium
2710 2677 3144 2733 commentariis
3171 2696 3184 2745 ;
3215 2677 3429 2749 quibus
3452 2677 3637 2749 signi-

1986 2765 2216 2833 cabant,
2243 2765 2508 2821 omnium
2532 2766 2848 2822 criminum
2864 2766 3253 2823 Athanasium
3276 2783 3443 2823 reum
3456 2766 3638 2823 fuisse

1986 2854 2417 2926 deprehensum
2450 2854 2753 2925 multaque
2805 2872 3009 2911 eorum
3063 2855 3328 2928 exempla
3357 2857 3416 2911 in
3446 2859 3636 2911 totum

1987 2945 2187 3000 orbem
2212 2948 2501 2999 terrarum
2544 2944 2810 3000 emisere.
2863 2945 3005 3000 Rem
3056 2945 3410 3001 annuntiant
3438 2949 3635 3002 autem

1986 3033 2345 3089 Constantio.
2381 3033 2581 3104 Itaque
2610 3032 2931 3089 Athanasio
2963 3034 3034 3089 de
3066 3034 3191 3089 loco
3222 3034 3281 3088 in
3314 3033 3511 3089 locum
3545 3034 3636 3089 fu-

1988 3138 2123 3195 gere
2145 3138 2381 3178 necesse
2406 3122 2677 3188 fuit,cum
2701 3121 3074 3177 vehementer
3095 3122 3312 3192 ubique
3338 3123 3635 3193 perquire-

1989 3216 2184 3273 retur;
2227 3212 2371 3266 adeo
2403 3215 2467 3266 ut
2493 3226 2706 3282 magna
2736 3210 2811 3265 iis
2860 3210 3103 3281 praemia
3149 3213 3635 3281 proponerentur,

1990 3300 2091 3371 qui
2113 3300 2449 3372 ubicunque
2472 3300 2773 3354 inventum
2799 3298 2966 3353 illum
2995 3299 3341 3355 indicarent.
3364 3298 3639 3355 Civitates

1990 3388 2166 3445 simul
2182 3403 2386 3444 omnes
2409 3388 2875 3458 movebantur,et
2898 3388 3302 3460 magistratus,
3324 3387 3639 3459 aliquando

1989 3478 2230 3550 praemia
2260 3478 2638 3533 decernentes
2669 3476 2763 3543 iis,
2807 3476 2908 3548 qui
2958 3476 3117 3548 pacis
3166 3491 3303 3548 ergo
3334 3475 3638 3532 constituti

1988 3572 2225 3633 essent;
2259 3566 2574 3638 aliquando
2605 3565 2813 3637 capitis
2844 3582 3075 3638 pcenam
3108 3566 3169 3619 in
3210 3568 3636 3636 persecutores,

1989 3656 2102 3712 nisi
2136 3655 2526 3711 Athanasium
2556 3654 2753 3709 vivum
2780 3654 3119 3709 exhiberent
3146 3672 3158 3722 ;
3212 3659 3314 3708 aut
3346 3654 3397 3709 si
3427 3654 3485 3709 id
3518 3670 3637 3709 non

1987 3748 2246 3818 possent,
2280 3748 2456 3816 caput
2485 3744 2613 3814 ejus
2646 3744 2938 3809 afferrent,
2966 3759 3101 3798 cum
3150 3743 3324 3798 certis
3356 3743 3637 3799 evidenti-

1984 3836 2213 3907 busque
2231 3833 2485 3889 indiciis.
2519 3833 2834 3904 Postquam
2863 3848 3000 3904 ergo
3032 3848 3133 3887 sex
3163 3848 3348 3888 annos
3376 3832 3435 3886 in
3460 3835 3636 3904 puteo

1985 3940 2199 3996 aquam
2232 3939 2346 3979 non
2378 3922 2628 3977 habente
2658 3920 2988 3977 delituisset
3012 3964 3025 3989 ,
3061 3920 3247 3993 pridie
3273 3936 3453 3992 quam
3471 3920 3636 3977 locus

1984 4013 2537 4086 deprehenderetur,
2572 4027 2641 4067 ex
2672 4010 2868 4066 divina
2900 4010 3157 4081 quadam
3189 4010 3542 4066 revelatione
3572 4010 3632 4066 in

1985 4102 2168 4159 alium
2205 4100 2463 4173 profugit
2488 4100 2704 4155 locum.
2737 4102 2809 4154 At
2853 4104 3122 4155 metuens
3172 4115 3245 4154 ne
3291 4098 3466 4154 etiam
3506 4098 3636 4154 aliis

1986 4191 2315 4264 periculum
2344 4193 2584 4259 crearet,
2619 4188 2717 4260 qui
2744 4192 2869 4243 tum
2893 4186 3007 4243 sibi
3032 4187 3249 4243 auxilio
3266 4191 3464 4243 essent
3497 4204 3511 4256 ;
3546 4204 3639 4243 re-

1986 4280 2139 4336 lictis
2169 4278 2565 4335 Orientalibus
2597 4278 2886 4350 partibus,
2924 4277 2981 4331 in
3009 4275 3383 4332 Occidentem
3413 4291 3476 4331 se
3506 4293 3640 4332 con-

1986 4370 2115 4437 fert,
2150 4371 2243 4425 cui
2276 4368 2603 4439 imperabat
2622 4366 2909 4422 Constans
2931 4365 3255 4420 Constantii
3307 4364 3500 4431 frater,
3536 4364 3637 4435 qui

1986 4475 2175 4531 nuper
2202 4458 2517 4528 imperium
2539 4454 2903 4511 Constantini
2928 4453 3124 4509 fratris
3156 4456 3478 4524 acceperat,
3502 4468 3634 4524 per-

1986 4547 2168 4619 empti
2200 4548 2272 4602 ab
2294 4545 2550 4601 exercitu
2581 4542 2860 4614 Aquileiae
2893 4542 2964 4597 ad
2990 4541 3195 4596 Alsum
3225 4540 3491 4595 fluvium.

226 4635 444 4708 γένηται
469 4633 788 4693 σπεύδουσιν
848 4633 995 4705 αύτῷ
1026 4632 1348 4708 ἐπικουρεῖν,
1384 4629 1669 4687 ἀπολιπὼν
1696 4635 1763 4687 τὰ
1792 4632 2088 4691 ἀνατολικὰ
2123 4635 2285 4709 μὲρη,
2320 4632 2407 4687 ἐπὶ
2436 4634 2535 4701 τὴν
2567 4628 2713 4685 δύσιν
2748 4627 2987 4705 ἔρχεται,
3018 4630 3086 4696 ἧς
3129 4630 3271 4703 ἦρχε
3301 4626 3574 4699 Κώνστας,
3608 4627 3637 4680 6

222 4724 594 4781 Κιονσταντίου
620 4722 877 4803 ἀδελφὸς,
906 4722 1025 4800 ἄρτι
1055 4723 1179 4777 τότε
1209 4723 1307 4791 τὴν
1343 4722 1521 4798 ἀρχὴν
1553 4721 1643 4776 καὶ
1675 4724 1773 4791 τήν
1802 4728 1897 4779 τοῦ
1921 4722 2158 4803 ἀδελφοῦ
2181 4719 2560 4796 διαδεξάμενος
2586 4716 2990 4774 Κωνσταντίνου
3014 4715 3373 4777 ἀποθανόντος
3407 4713 3637 4769 ἐπιθέσει

223 4818 313 4870 τοῦ
342 4818 574 4892 στρατοῦ
604 4814 742 4883 πρὸς
772 4818 841 4887 τῇ
874 4811 1158 4885 Ἀκυλιείᾳ
1186 4812 1333 4886 παρά
1359 4810 1552 4884 ’Ἃλσῳ
1581 4818 1833 4885 ποταμῷ.

291 4941 346 4998 9.
374 4945 431 4996 Ὀ
466 4940 649 5014 μέντοι
684 4939 1018 5010 Ἀθανάσιος,
1052 4934 1224 4993 ἐλθὼν
1256 4937 1391 5014 πρὸς
1424 4935 1719 4992 ἐπίσκοπον
1748 4940 1878 4991 Ῥώ-

2055 4940 2110 4993 9.
2147 4935 2504 4993 Athanasius
2536 4949 2671 5007 ergo
2707 4932 2999 5006 profectus
3048 4930 3119 4987 ad
3172 4929 3398 4987 Julium
3443 4929 3638 4985 Roma

233 5048 337 5100 μης
376 5027 632 5099 Ἰούλιον,
685 5029 775 5084 καὶ
823 5029 998 5082 πάντα
1042 5029 1111 5081 τὰ
1157 5021 1436 5099 συμϐάντα
1482 5026 1628 5097 αὐτῷ
1674 5024 1874 5101 διηγη-

230 5118 476 5192 σάμενος,
510 5117 604 5174 σὺν
638 5117 785 5191 αὐτῷ
834 5116 1160 5193 γνωρίζουσι
1208 5115 1297 5171 καὶ
1345 5120 1425 5187 τῷ
1473 5115 1686 5190 βασιλεῖ
1724 5112 1872 5170 Κώνέ

227 5225 401 5264 σταντι
428 5208 526 5271 τὰς
556 5211 670 5262 κατ’
698 5204 864 5262 αὑτοῦ
895 5203 1190 5279 σκαιωρίας
1234 5204 1624 5279 γεγενημένας.
1662 5204 1872 5277 Διάγων

225 5295 398 5354 τοίνυν
432 5297 483 5355 ἐν
514 5300 584 5371 τῇ
613 5296 798 5369 Ῥώμῃ
828 5295 856 5349 6
884 5295 1039 5370 ἅγιος
1095 5292 1526 5366 Ἀθανάσιος,καὶ
1562 5293 1741 5364 μαθὼν
1774 5292 1873 5360 τήν

228 5381 278 5441 ἐν
309 5385 610 5466 Ἀντιοχιίᾳ
658 5385 1112 5461 συγκροτηθεῖσαν
1161 5378 1382 5437 σύνοδον
1439 5380 1526 5435 ἐπὶ
1577 5377 1874 5459 διαστροφῇ

225 5479 322 5545 τῆς
372 5471 662 5551 ὀρθοδόξου
708 5472 964 5541 πίστεως,
1004 5471 1093 5527 καὶ
1139 5471 1237 5540 τὴν
1290 5470 1567 5546 Γεωργίου
1609 5471 1872 5525 κατάστα-

230 5584 330 5636 σιν,
357 5565 432 5630 ὡς
475 5563 560 5622 ὅτι
603 5563 681 5627 είς
726 5563 816 5619 τὸν
867 5561 1032 5618 τόπον
1085 5560 1248 5616 αὑτοῦ
1290 5556 1510 5631 ἤμελλε
1547 5560 1873 5633 πέμπεσθαι,

231 5647 426 5733 ἔγραφε
480 5654 616 5729 πρὸς
671 5650 802 5713 τοὺς
857 5648 1185 5711 ἐπισκόπους
1243 5654 1345 5716 τῆς
1405 5646 1683 5722 Αἰγύπτου
1719 5695 1734 5719 ,
1785 5650 1875 5703 καὶ

228 5737 318 5795 τόν
367 5740 601 5814 κλῆρον,
655 5738 745 5794 καὶ
808 5736 937 5794 λαὸν
991 5745 1090 5808 τῆς
1150 5733 1546 5810 ’Δλεξανδρέων
1606 5734 1825 5799 πόλεως
1858 5784 1872 5809 ,

1985 5027 2348 5101 episcOpum,
2381 5026 2805 5080 commemorat
2833 5022 2945 5095 ipsi
2978 5020 3177 5077 omnia
3224 5036 3351 5091 quae
3394 5017 3637 5073 accidis-

1985 5121 2154 5174 sent:
2184 5116 2357 5173 ambo
2392 5132 2508 5170 una
2540 5111 2882 5184 imperatori
2923 5108 3225 5167 Constanti
3278 5107 3637 5172 renuntiant,

1986 5223 2112 5278 qua
2135 5204 2378 5270 scelera,
2402 5219 2550 5275 quas
2573 5201 2808 5256 fraudes
2834 5199 2892 5254 in
2915 5214 3051 5254 eum
3074 5195 3391 5253 machinati
3418 5198 3635 5250 essent.

1986 5295 2127 5351 Cum
2154 5294 2357 5365 itaque
2381 5292 2576 5347 Roma
2596 5290 2832 5361 degeret
2854 5290 3093 5344 sanctus
3115 5283 3493 5349 Athanasius,
3516 5281 3639 5338 edi-

1985 5382 2341 5453 dicissetque
2372 5385 2633 5437 coactam
2666 5393 2795 5434 esse
2849 5375 3162 5432 Antiochiae
3211 5373 3522 5447 synodum,
3565 5371 3638 5427 ad

1985 5472 2367 5528 orthodoxam
2400 5469 2576 5525 ﬁdem
2607 5466 3000 5535 evertendam,
3035 5464 3465 5535 Georgiumque
3495 5477 3634 5517 con-

1985 5561 2371 5629 stituendum,
2400 5557 2501 5629 qui
2522 5558 2582 5612 in
2616 5557 2743 5627 ejus
2767 5555 2959 5610 locum
2985 5552 3314 5608 mittendus
3340 5554 3509 5617 esset,
3547 5567 3631 5606 re-

1984 5648 2222 5721 scripsit
2247 5649 2316 5701 ad
2341 5645 2635 5718 Egyptios
2657 5644 2961 5716 episcopos
2985 5645 3039 5697 et
3071 5643 3143 5697 ad
3188 5640 3405 5696 clerum
3440 5655 3505 5694 ac
3538 5656 3639 5711 po-

1985 5738 2192 5811 pulum
2215 5734 2693 5801 Alexandrinum,
2718 5739 2779 5790 ut
2800 5735 3206 5788 aversarentur
3229 5728 3329 5785 illa
3352 5729 3424 5785 ab
3453 5728 3637 5799 impio
