4146 6402
1882 467 2307 534 PROLEGOM
2319 468 2503 534 ENA.

479 606 616 662 Ario
663 603 1040 663 dissiminata
1083 603 1324 676 zizanla,
1371 603 1520 662 Cum
1563 603 1762 677 itaque
1801 604 2126 676 persecutio

2259 603 2583 679 ικτρέπεσθαι
2652 600 2848 668 αὐτοὺς
2916 602 2984 660 τὰ
3048 600 3151 662 ύπὸ
3227 599 3441 681 Ἀρείου
3508 605 3606 661 τοῦ
3662 598 3883 670 ἀσεϐοῦς

481 695 841 769 praevaleret,
871 713 1095 752 necnon
1119 694 1343 750 insidiae
1362 695 1644 751 adversus
1667 699 1933 751 sanctum
1956 694 2130 750 Atha-

2259 692 2597 766 ιπισπαρέντα
2657 694 2882 763 ζιζάνια.
2938 697 3042 749 Τοῦ
3102 691 3353 770 διωγμοῦ
3406 692 3588 750 τοίνυν
3650 693 3885 770 ἐπικρα-

482 785 718 842 nasium
736 785 1021 852 conﬂatm,
1046 800 1300 856 cumque
1329 784 1400 839 ad
1422 782 1820 840 Occidentales
1851 787 2046 856 partes
2067 797 2129 838 se

2259 785 2458 842 τοῦντος
2494 825 2508 851 ,
2566 780 2655 836 καί
2711 790 2812 852 τῆς
2874 777 3176 854 ἐπιϐουλῆς
3232 791 3335 853 τῆς
3391 784 3528 839 κατά
3578 787 3675 838 τοῦ
3734 782 3885 860 άγίου

485 873 831 931 contulisset
860 873 975 939 ille,
1001 873 1309 929 Eusebiani
1336 877 1607 928 statuunt
1629 889 1909 944 magnum
1951 871 2127 927 Atha-

2259 870 2580 939 Αθανασίου,
2633 869 2721 925 ἐπὶ
2765 872 2833 926 τά
2880 872 3101 948 ἑσπέρια
3147 870 3237 926 οὖν
3303 872 3440 948 μέρη
3494 873 3886 949 ἀναχωρήσαν-

485 963 722 1019 nasium
741 963 896 1034 apud
910 962 1320 1035 imperatorem
1334 962 1742 1018 Constantium
1759 961 2126 1018 calumniari:

2259 977 2330 1020 ξος
2356 956 2540 1031 αὐτοῦ,
2591 959 2643 1014 οἱ
2688 959 2813 1035 περῖ
2861 957 3119 1016 Εύσέϐιον
3173 959 3330 1037 ἔργον
3379 959 3612 1015 τίθενται
3661 955 3882 1016 διαϐάλ-

484 1052 743 1126 primum
776 1051 1038 1124 quidem,
1063 1051 1219 1123 quod
1243 1055 1448 1106 contra
1469 1067 1751 1107 canonem
1773 1051 1987 1124 egisset
2006 1067 2040 1105 a
2069 1066 2131 1105 se

2259 1063 2352 1102 ιειν
2376 1048 2510 1122 πρὸς
2560 1047 2652 1103 τὸν
2708 1046 2935 1124 βασιλέα
2977 1051 3344 1106 Κωνστάντιον
3390 1050 3481 1104 τὸν
3515 1050 3680 1123 μέγαν
3737 1050 3886 1107 Ἀθα-

484 1139 626 1196 olim
658 1141 981 1209 decretum,
1014 1139 1156 1212 quia
1180 1139 1399 1195 scilicet
1430 1156 1544 1196 non
1577 1139 1877 1194 communi
1907 1139 2129 1210 episco-

2259 1138 2442 1191 νάσιονο
2503 1142 2720 1212 πρῶτον
2781 1138 2874 1212 μὲν
2925 1139 3001 1202 ὡς
3039 1141 3185 1212 παρὰ
3226 1137 3426 1194 κανόνα
3475 1139 3769 1213 πράξαντα,
3831 1139 3884 1193 ’ὀν

481 1245 695 1302 porum
726 1227 952 1286 calculo
974 1229 1240 1285 ordinem
1260 1229 1634 1302 episcopatus
1656 1228 1996 1300 accepisset.
2021 1228 2130 1283 Re-

2259 1223 2390 1279 ιύτοί
2447 1224 2648 1302 ὥρισαν
2704 1226 2848 1297 τότε,
2905 1225 2987 1282 ὅτι
3045 1229 3120 1302 μή
3175 1229 3373 1303 γνώμῃ
3416 1230 3514 1282 τοῦ
3573 1231 3756 1283 κοινοῦ
3785 1231 3887 1283 τῶν

480 1334 687 1375 versus
717 1317 898 1384 enim,
947 1317 1200 1385 aiebant,
1254 1319 1327 1374 ab
1373 1317 1596 1384 exsilio,
1649 1321 1854 1390 suopte
1893 1315 2131 1372 arbitrio

2259 1313 2554 1369 ἰπισκόπων
2586 1315 2684 1384 τήν
2715 1316 2861 1386 τάξιν
2893 1322 2995 1385 τῆς
3048 1316 3345 1389 ἱερωσύνης
3385 1309 3602 1372 ἔλαϐεν.
3633 1313 3888 1371 Ἐπανελ-

481 1405 790 1464 ecclesiam
817 1405 1049 1474 invasit,
1074 1411 1249 1478 atque
1277 1407 1337 1461 in
1369 1407 1497 1478 ejus
1530 1407 1822 1479 ingressu,
1857 1410 2018 1462 mota
2036 1421 2133 1461 se-

2259 1403 2344 1457 ldw
2386 1405 2512 1478 γὰρ,
2555 1404 2740 1480 φησὶν,
2791 1405 2895 1459 ἀπὸ
2937 1411 3037 1474 τῆς
3088 1404 3324 1481 ἐξορίας,
3371 1405 3547 1476 ἑαυτῷ
3605 1403 3890 1478 ἐπιτρέψας

485 1493 906 1561 ditione,multi
931 1494 1362 1552 interiere.Imo
1386 1511 1476 1552 res
1507 1511 1738 1568 quoque
1769 1495 1904 1568 Tyri
1931 1498 2136 1551 contra

2259 1491 2322 1553 εἰς
2350 1492 2450 1560 τήν
2480 1489 2771 1561 ἐκκλησίαν
2825 1489 3201 1566 εἰσεπήδησεν,
3232 1493 3323 1547 καὶ
3371 1491 3456 1548 ὅτι
3506 1491 3559 1547 ἐν
3601 1496 3672 1568 τῇ
3702 1489 3892 1565 εἲσόδῳ

483 1582 871 1640 Athanasium
903 1586 1101 1656 gestas
1121 1582 1182 1638 in
1206 1583 1464 1639 medium
1484 1584 1872 1640 adducebant.
1893 1588 2009 1639 Hoc
2025 1583 2136 1639 ita-

2259 1579 2428 1649 ιύτοῦ,
2461 1582 2696 1643 στάσεως
2727 1583 3047 1656 γενομένης,
3095 1579 3300 1636 πολλοὶ
3351 1582 3636 1638 ἀπέθανον.
3681 1581 3754 1638 Ού
3791 1583 3891 1655 μὴν

488 1688 604 1746 que
633 1673 808 1728 modo
839 1671 1029 1727 virum
1060 1673 1538 1742 condemnantes,
1569 1673 1626 1728 in
1673 1672 2137 1729 Alexandrinum

2259 1667 2392 1724 ἰλλά
2427 1668 2517 1724 καὶ
2564 1671 2631 1724 τά
2680 1669 2732 1724 ἐν
2782 1670 2948 1743 Τύρῳ
2992 1671 3345 1746 πεπραγμένα
3390 1672 3528 1726 κατά
3577 1671 3894 1726 ’Δθανασίου

480 480 747 536 CCXXXIV

488 1761 893 1836 episcopatum
949 1760 1316 1816 substituunt
1364 1762 1755 1834 ordinantque
1792 1763 2136 1835 Gregorium

491 1849 807 1923 quemdam
828 1849 1111 1906 Arianum
1139 1867 1150 1906 :
1185 1867 1301 1923 quo
1331 1855 1565 1924 peracto
1596 1852 1771 1906 ﬁdem
1797 1852 2136 1922 immutant,

2247 1754 2325 1819 εἷ¹ς
2360 1759 2519 1830 μέσον
2552 1759 2717 1833 ἦγον.
2757 1765 2954 1815 Τοῦτον
2985 1759 3163 1814 τοίνυν
3207 1758 3299 1814 τόν
3347 1759 3546 1832 τρόπον
3587 1763 3893 1835 καταψηφι-

2248 1847 2470 1919 σάμενοι
2503 1847 2687 1916 αὐτοῦ,
2721 1848 3166 1925 προχειρίζονται
3197 1848 3503 1924 Γρηγόριόν
3535 1870 3654 1904 τινα
3688 1851 3895 1922 Ἀρεια-

491 1937 586 1998 cui
617 1937 743 2011 ipse
774 1938 1088 2011 Gregorius
1116 1939 1389 2005 Arianus,
1421 1939 1824 1996 Alexandriam
1873 1941 2137 1996 nondum

2259 1935 2463 2004 νίζοντα
2510 1936 2584 1998 εἷς
2635 1938 2733 2005 την
2783 1935 3178 2013 Ἀλεξανδρέων
3232 1937 3548 2008 ἐπισκοπην·
3599 1936 3688 1992 καὶ
3739 1941 3896 1993 τοῦτο
3987 1971 3990 1974 ~

489 2025 816 2100 ingressus,
832 2027 1150 2083 subscribit
1160 2031 1443 2100 tanquam
1458 2027 1616 2085 illius
1629 2029 1792 2084 urbis
1804 2029 2136 2102 episcopus.

490 2115 780 2172 Eusebius
822 2131 1019 2189 porro,
1052 2117 1280 2172 cunctis
1309 2118 1590 2174 arbitratu
1622 2135 1729 2174 suo
1761 2118 2033 2190 peractis,
2066 2117 2140 2173 le-

489 2203 786 2278 gationem
808 2204 973 2261 misit
993 2205 1063 2261 ad
1089 2210 1361 2261 sanctum
1381 2205 1602 2262 Julium
1625 2211 1818 2262 Romae
1849 2207 2140 2279 archiepi-

490 2309 755 2366 scopum,
789 2292 992 2350 missis
1025 2293 1203 2350 etiam
1227 2294 1540 2351 calumniis
1562 2297 1840 2351 adversus
1871 2301 2140 2352 sanctum

490 2381 883 2439 Athanasium
915 2383 1203 2451 conflatis,
1237 2385 1598 2456 rogabatque
1619 2388 1684 2440 ut
1704 2385 1830 2457 ipse
1852 2385 2036 2457 judex
2058 2386 2142 2441 to-

491 2473 582 2528 ret
610 2486 811 2527 eorum
861 2487 987 2544 quae
1037 2476 1239 2528 contra
1284 2471 1670 2528 Athanasium
1718 2479 1883 2546 gesta
1922 2479 2139 2544 essent,

490 2559 594 2616 lite
625 2560 698 2616 ad
729 2575 791 2616 se
819 2563 1043 2616 vocata.
1077 2560 1268 2617 Julius
1299 2577 1458 2634 ergo,
1490 2561 1744 2634 acceptis
1793 2563 1864 2617 ab
1892 2562 2143 2619 Eusebio

490 2647 723 2718 litteris,
749 2650 1134 2721 expensisque
1156 2650 1230 2706 iis
1245 2667 1371 2722 qua:
1388 2651 1774 2706 Athanasium
1790 2656 2142 2724 spectarent,

497 2753 633 2794 cum
657 2737 1139 2809 deprehendisset
1157 2739 1215 2794 id
1240 2739 1457 2812 negotii
1481 2739 1627 2796 nihil
1650 2739 1763 2796 nisi
1787 2740 2144 2797 calumniam

500 2841 652 2893 esse,
675 2825 874 2897 ipsum
896 2828 1388 2883 commendatitiis
1413 2829 1706 2883 munitum
1732 2828 1942 2884 litteris
1965 2830 2147 2885 mittit

501 2913 931 2982 Alexandriam,
955 2916 1153 2971 sedem
1175 2915 1258 2971 illi
1281 2916 1556 2983 restituit,
1582 2933 1687 2974 nec
1719 2916 1918 2974 leviter
1947 2933 2146 2990 repre-

500 3002 708 3061 hendit
727 3019 826 3060 eos
841 3005 940 3076 qui
962 3007 1181 3061 temere
1193 3003 1359 3060 illum
1373 3005 1954 3078 deposuissent.Cum
1969 3007 2149 3080 igitur

500 3092 862 3149 Athanasius
879 3098 1281 3166 recuperasset
1303 3093 1643 3162 Ecclesiam,
1664 3098 1721 3151 et
1741 3095 1799 3150 id
1815 3095 2057 3168 illis,qui
2075 3098 2147 3153 ad

505 3180 924 3238 Antiochenam
947 3184 1236 3255 synodum
1261 3183 1937 3253 convenerant,delatum
1960 3190 2145 3256 esset;

501 3268 722 3340 Ariani,
749 3287 865 3328 non
890 3271 1114 3328 modice
1134 3271 1275 3329 Julii
1297 3272 1507 3329 litteris
1529 3275 1872 3347 exasperati,
1905 3275 2150 3332 mittunt

501 3360 946 3432 quamprimum
977 3360 1320 3435 Gregorium
1345 3361 1593 3433 quemin
1626 3361 1819 3419 locum
1840 3363 2148 3421 Athanasii

499 3448 864 3506 ordinarant.
893 3451 1143 3506 Deduxit
1167 3450 1350 3523 igitur
1365 3451 1778 3508 Alexandriam
1802 3453 2146 3527 Gregorium

495 3537 616 3594 Arii
637 3539 892 3595 furorem
909 3538 1233 3612 spirantem
1255 3540 1535 3614 Syrianus
1549 3541 1685 3610 dux,
1714 3546 1772 3598 et
1791 3559 1926 3598 cum
1947 3542 2044 3598 illo
2062 3559 2150 3599 ar-

494 3629 692 3680 matus
705 3627 994 3683 exercitus
1005 3627 1266 3699 quinque
1280 3628 2150 3688 milliumhominum.Accesse-

494 3717 639 3768 runt
661 3717 860 3769 autem
894 3715 966 3770 ad
993 3715 1128 3771 illos
1146 3717 1247 3788 qui
1279 3717 1455 3772 isthic
1478 3733 1612 3773 cum
1635 3719 1772 3775 Ario
1795 3720 2146 3776 sentiebant.

487 3801 623 3864 .Quo
639 3806 804 3872 pacto
820 3807 1017 3858 autem
1035 3805 1966 3880 sanctusAthanasiusinquirenti
1975 3825 2074 3864 um
2088 3825 2149 3864 se

497 3904 714 3944 manus
758 3890 1048 3962 eﬂ‘ugerit,
1070 3893 1486 3949 enarrandum.
1519 3894 1773 3968 Vespera
1801 3901 1946 3963 erat,
1971 3913 2152 3968 popu-

495 3976 714 4047 lusque
745 3979 1047 4050 sequentis
1079 3996 1362 4053 synaxeos
1397 3982 1765 4055 previgilium
1798 3985 2146 4040 celebrabat.

497 4064 675 4121 Venit
697 4069 917 4134 autem,
951 4066 1373 4142 instructisque
1404 4071 1668 4144 undique
1697 4072 2010 4143 milibitus,
2039 4073 2152 4128 cir-

503 4154 798 4209 cumsedit
819 4155 1146 4212 ecclesiam.
1169 4159 1411 4230 Magnus
1432 4164 1626 4215 autem
1666 4161 2048 4230 Athanasius,
2077 4160 2152 4216 iis

502 4243 850 4314 perspectis,
874 4259 1076 4300 curam
1098 4245 1323 4315 habuit,
1349 4263 1419 4303 ne
1435 4249 1592 4320 quod
1615 4250 1707 4304 sui
1729 4265 1906 4306 causa
1935 4249 2151 4322 populo

506 4329 927 4388 detrimentum
951 4333 1116 4406 foret,
1141 4335 1598 4409 praecipiensque
1623 4338 1889 4405 diacono,
1930 4343 1995 4393 ut
2022 4355 2151 4394 ora-

499 4419 727 4476 tionem
759 4421 1060 4491 indiceret,
1081 4440 1287 4480 rursus
1308 4425 1605 4497 psalmum
1632 4426 1961 4482 canendum
1984 4443 2150 4482 cura-

504 4507 609 4564 vit.
645 4509 947 4566 Concentu
977 4516 1171 4568 autem
1195 4513 1407 4585 psalmi
1429 4515 1602 4580 facto,
1631 4531 1732 4586 per
1754 4531 1933 4570 unam
1971 4514 2150 4570 eccle-

504 4596 607 4653 siae
622 4599 871 4671 januam
887 4617 1090 4658 omnes
1103 4602 1386 4658 exierunt.
1403 4603 1564 4668 Quod
1582 4619 1715 4659 cum
1730 4604 1911 4673 ﬁeret,
1936 4603 2152 4660 milites

2248 2025 2757 2100 κατεργασάμενοι,
2816 2030 3166 2098 μεταποιοῦσι
3211 2027 3310 2095 τὴν
3364 2026 3569 2095 πίστιν,
3623 2025 3673 2081 ἐν
3813 2027 3897 2080 καὶ

2250 2112 2553 2189 Γρηγόριος
2587 2114 2615 2168 6
2644 2114 3120 2187 ’Δρειανὸς,μήπω
3163 2121 3266 2183 τῆς
3312 2112 3729 2189 Ἀλεξανδρείας
3786 2114 3897 2171 ἐπι-

2250 2195 2372 2270 ϐὰς,
2430 2202 2506 2263 ὡς
2568 2201 2860 2264 ἐπίσκοπος
2914 2203 3080 2273 αὐτῆς
3129 2204 3580 2278 καθυπέγραψεν.
3640 2199 3898 2265 Εὐσέϐιος

2252 2286 2310 2344 δὲ
2343 2335 2356 2361 ,
2413 2292 2882 2364 κατεργασάμενος
2959 2290 3060 2346 ὅσα
3125 2287 3383 2346 ἐϐούλετο
3416 2339 3431 2363 ,
3495 2287 3900 2365 διεπρεσϐεύετο

2249 2380 2387 2454 πρὸς
2434 2378 2525 2434 τὸν
2578 2378 2724 2435 ὅσιον
2758 2378 2987 2436 Ἰούλιον
3038 2381 3128 2436 τὸν
3179 2381 3610 2457 ἀρχιεπίσκοπον
3659 2382 3902 2455 Ῥώμης,

2253 2467 2574 2530 ἀποστείλας
2633 2469 2722 2524 καὶ
2795 2470 2892 2531 τάς
2966 2469 3312 2532 καττυθείσας
3386 2471 3523 2525 κατά
3590 2473 3688 2524 τοῦ
3747 2469 3901 2546 ἁγίου

2252 2557 2569 2613 ’Δθανασίου
2617 2557 2995 2637 συκοφαντίας,
3047 2558 3206 2614 αὐτόν
3254 2579 3314 2614 τε
3361 2560 3552 2633 κριτὴν
3604 2563 3713 2614 τῶν
3774 2559 3902 2614 κατά

2255 2646 2569 2701 ’Δθανασίου
2635 2648 2871 2722 γενέσθαι
2945 2645 3288 2724 παρεκάλει,
3347 2648 3484 2722 πρὸς
3563 2646 3751 2703 ἑαυτὸν
3809 2668 3900 2702 κα-

2255 2732 2455 2791 λοῦντα
2500 2737 2600 2804 τήν
2643 2733 2818 2805 δίκην.
2876 2736 3170 2810 Δεξάμενος
3222 2733 3313 2790 οὖν
3367 2734 3601 2799 Ἰούλιος
3646 2739 3716 2794 τά
3761 2737 3902 2810 παρά

2254 2819 2513 2879 Εύσεϐίου
2547 2827 2864 2899 γράμματα,
2896 2826 2985 2880 καὶ
3037 2822 3291 2902 διαγνοὺς
3335 2827 3404 2881 τά
3449 2827 3587 2882 κατά
3631 2827 3722 2881 τὸν
3754 2827 3901 2900 ἅγιον

2255 2914 2686 2983 Ἀθανάσιον,καὶ
2723 2916 2904 2987 μαθὼν
2956 2915 3312 2993 συκοφαντίας
3361 2915 3495 2969 εἶναι
3543 2915 3606 2969 τὸ
3655 2919 3903 2990 πρᾶγμα,

2254 3002 2739 3079 παῤῥησιαστικοῖς
2769 3024 2827 3058 τε
2856 3004 3173 3078 γράμμασιν
3210 3003 3500 3080 ὀχυρώσας
3545 3003 3726 3076 αὐτὸν,
3780 3004 3910 3058 ἀπο-

2257 3089 2471 3146 στέλλει
2524 3090 2612 3146 ἐπὶ
2660 3093 2757 3161 τήν
2810 3090 3249 3168 Ἀλεξάνδρειαν,
3299 3090 3589 3153 ἀποδιδοὺς
3641 3090 3790 3163 αύτῷ
3819 3089 3908 3145 καὶ

2253 3181 2345 3235 τὸν
2399 3179 2588 3250 τόπον,
2633 3182 3039 3256 καθαπτόμενος
3082 3181 3142 3236 ού
3193 3185 3402 3258 μικρῶς
3453 3184 3562 3236 τῶν
3620 3184 3908 3254 προπετῶς

2260 3269 2416 3326 αὐτὸν
2473 3268 2811 3326 καθελόντων
2842 3315 2854 3328 .
2901 3269 3215 3326 ’Δθανασίου
3271 3269 3448 3326 τοίνυν
3508 3265 3909 3329 καταλαϐόντος

2257 3361 2356 3428 τὴν
2419 3359 2610 3414 ἑαυτοῦ
2686 3358 3008 3429 Ἐκκλησίαν
3045 3407 3060 3432 ,
3124 3359 3381 3433 μαθόντες
3437 3360 3490 3414 οἱ
3549 3358 3600 3414 ἐν
3655 3363 3724 3433 τῇ
3781 3358 3914 3414 κατά

2257 3447 2591 3526 Ἀντιόχειαν
2643 3447 2988 3511 συνελθόντες
3039 3446 3266 3522 συνόδῳ,
3298 3448 3388 3504 καὶ
3431 3448 3493 3504 ού
3548 3452 3757 3525 μικρῶς
3790 3468 3910 3502 στυ-

2258 3539 2492 3614 φθέντες,
2526 3537 2585 3594 ἐκ
2611 3543 2718 3594 τῶν
2763 3540 2909 3614 παρά
2956 3536 3190 3595 Ἰουλίου
3239 3539 3580 3613 γραμμάτων
3619 3538 3671 3592 οἱ
3705 3539 3914 3611 Ἀρεια-

2255 3626 2516 3699 νίζοντες,
2550 3625 2639 3682 διὰ
2685 3629 2889 3703 τάχους
2940 3626 3276 3700 ἐκπέμπουσι
3327 3626 3657 3703 Γρηγόριον,
3690 3627 3749 3682 ’ὸν
3777 3626 3910 3695 ἦσαν

2259 3716 2374 3770 ἀντὶ
2405 3720 2502 3770 τοῦ
2535 3715 2692 3790 ἀγίου
2740 3717 3061 3771 ’Δθανασίου
3112 3718 3617 3792 χειροτονήσαντες.
3668 3721 3910 3788 Κατῆγεν

2259 3806 2333 3876 (α)
2365 3803 2455 3858 οὖν
2509 3805 2600 3858 τὸν
2652 3804 2954 3881 Γρηγόριον
3005 3806 3102 3873 τὴν
3167 3805 3380 3880 ’Δρείου
3440 3805 3630 3879 μανίαν
3680 3805 3910 3860 πνέοντα

2261 3891 2348 3946 ἐπὶ
2379 3893 2479 3960 τήν
2523 3890 2928 3969 Ἀλεξάνδρειαν
2983 3893 3244 3967 Συριανός
3287 3914 3345 3948 τε
3395 3895 3422 3948 ὁ
3474 3894 3780 3968 στρατηγὸς
3828 3911 3914 3945 κε-

2262 3979 2441 4035 λεύσει
2496 3980 2793 4054 βασιλικῇ,
2845 3980 2934 4036 καὶ
2985 3984 3012 4036 6
3062 3982 3152 4036 σὺν
3208 3981 3354 4053 αύτῷ
3400 3979 3638 4050 ὁπλίτης
3689 3980 3916 4058 στρατὸς

2262 4069 2476 4144 ἀριθμῷ
2508 4063 2657 4130 ὅντες
2687 4067 3144 4144 πεντακισχίλιοι.
3200 4065 3686 4143 Συνελαμϐάνοντο
3738 4066 3798 4123 δὲ
3831 4067 3918 4122 αύ-

2259 4162 2375 4218 τοῖς
2404 4157 2493 4210 καὶ
2525 4157 2577 4210 οἱ
2609 4156 2719 4212 ἐκεῖ
2764 4160 2830 4211 τά
2882 4158 3098 4234 ’Δρείου
3147 4162 3494 4236 φρονοῦντες.
3545 4161 3735 4220 Ὅπως
3787 4154 3845 4211 δὲ
3893 4156 3920 4209 6

2263 4245 2416 4320 ἅγιος
2475 4247 2791 4307 Ἀθανάσιος
2837 4253 2940 4315 τῆς
3000 4244 3294 4317 ἐκκλησίας
3362 4246 3735 4320 ἐξωθούμενος
3793 4243 3919 4305 τοὺς

2263 4329 2554 4389 συλλαϐεῖν
2628 4334 2788 4390 αὐτὸν
2871 4333 3267 4399 ἐσπουδακότας
3325 4333 3591 4414 διέφυγε,
3651 4332 3876 4390 λεκτέον
3909 4376 3920 4388 .

2262 4423 2491 4498 Ἑσπέρο.
2539 4425 2640 4501 γὰρ
2672 4425 2739 4493 ἦν
2773 4443 2784 4457 ⁸
2821 4425 2848 4479 6
2883 4422 2941 4480 δὲ
2987 4423 3119 4487 λαὸς
3170 4424 3494 4501 ἐπαννύχιζε
3531 4421 3922 4499 προσδοκωμέ-

2260 4533 2359 4581 νης
2393 4513 2678 4583 συνάξεως.
2730 4517 2883 4568 Ἥκει
2936 4511 2993 4568 δὲ
3046 4515 3074 4568 6
3125 4512 3431 4588 στρατηγὸς
3481 4513 3617 4568 κατά
3663 4512 3927 4590 φάλαγγα

2260 4600 2419 4672 τάξας
2451 4601 2579 4664 τοὺς
2613 4603 2945 4676 στρατιώτας
2976 4602 3309 4678 πανταχόθεν
3342 4600 3532 4675 κύκλῳ
3574 4608 3674 4671 τῆς
3718 4599 3924 4668 ἐκκλη-

505 4700 714 4742 omnes
734 4686 960 4743 immoti
985 4705 1175 4761 neque
1196 4695 1526 4763 pugnantes
1545 4692 1889 4747 manebant:
1915 4697 2148 4748 sanctus

2262 4691 2399 4752 σίας.
2432 4696 2486 4743 '0
2535 4688 2592 4745 δὲ
2641 4692 2811 4764 μέγας
2861 4692 3209 4759 Ἀθανάσιος,
3266 4691 3522 4767 ἑωρακὼς
3574 4691 3642 4745 τά
3697 4689 3926 4765 γινόμε-

501 4779 702 4830 autem
732 4776 1089 4834 Athanasius
1120 4779 1180 4834 in
1213 4779 1408 4834 medio
1439 4779 1818 4850 psallentium
1845 4782 2156 4852 praeterivit

500 4862 727 4919 illaasus
746 4863 1199 4938 incolumisque.
1219 4868 1338 4923 Hoc
1359 4869 1532 4924 modo
1546 4886 1782 4924 rursum
1797 4869 2034 4940 elapsus
2049 4871 2157 4926 Ro-

505 4968 667 5007 mam
701 4953 868 5025 fugit.
888 4955 1157 5027 Tumque
1175 4957 1395 5028 impius
1425 4958 1740 5030 Gregorius
1766 4959 2022 5015 ecclesiae
2053 4976 2154 5032 po-

505 5040 654 5096 titus
671 5046 778 5097 est.
797 5042 1084 5098 Craterum
1104 5044 1356 5116 populus
1379 5045 1801 5103 Alexandrinus
1832 5064 2024 5103 rerum
2057 5064 2158 5120 ge-

508 5134 732 5186 starum
761 5130 1096 5203 impatiens,
1130 5132 1435 5189 ecclesiam
1468 5134 1726 5206 Dionysii
1759 5142 2156 5208 nuncupatam

514 5217 1080 5276 incenderunt.Cum
1093 5225 1293 5277 tantus
1306 5223 1666 5278 Alexandria:
1680 5226 2156 5295 essettumultus,

519 5311 762 5363 sanctus
782 5307 1001 5364 Paulus
1013 5310 1692 5382 Constantinopolitanus
1705 5313 2034 5385 episcopus,
2064 5315 2162 5369 Ec-

514 5395 694 5452 clesia
715 5401 974 5463 exactus,
995 5399 1263 5470 partibus
1282 5399 1505 5455 relictis
1526 5400 1940 5472 Orientalibus,
1959 5402 2017 5456 in
2050 5403 2162 5458 Oc-

513 5483 804 5540 cidentem
834 5487 1141 5557 concessit,
1179 5487 1278 5544 ubi
1319 5490 1607 5545 Constans
1635 5491 1812 5546 frater
1840 5491 2162 5546 Constantii

510 5570 931 5645 imperabat,ac
953 5591 1086 5632 cum
1111 5593 1394 5650 magnum
1417 5577 1892 5636 Athanasiumibi
1914 5578 2162 5650 reperis-

583 5788 662 5860 (α)
693 5785 878 5846 Palat.
900 5792 1164 5864 κατῆγον.

2265 4801 2350 4846 να,
2383 4777 2643 4856 φροντίδα
2673 4779 2896 4848 τίθεται,
2948 4779 3098 4841 ὅπως
3131 4779 3190 4833 ἃν
3244 4777 3489 4852 μηδεμία
3511 4783 3590 4851 τῷ
3630 4777 3754 4851 λαῷ
3790 4776 3926 4853 βλά-

2266 4864 2336 4938 ϐη
2369 4869 2592 4942 γένηται
2626 4865 2694 4922 δι’
2720 4867 2902 4937 αὐτὸν,
2951 4868 3040 4922 καὶ
3085 4869 3386 4942 προστάξας
3429 4866 3664 4940 διακόνῳ
3693 4867 3931 4942 κηρύξαι

2267 4957 2458 5033 εὐχὴν,
2522 4956 2672 5020 αὖθις
2729 4955 2948 5030 ψαλμὸν
2998 4955 3249 5031 λέγεσθαι
3305 4956 3706 5033 παρεσκεύασε.
3776 4964 3930 5027 Συμ-

2266 5045 2472 5124 φωνίας
2551 5067 2609 5101 τε
2666 5045 2725 5100 ἐκ
2777 5051 2875 5101 τοῦ
2935 5045 3159 5119 ψαλμοῦ
3217 5047 3518 5122 γενομένης
3555 5091 3568 5116 ,
3631 5043 3752 5107 διᾶς
3827 5049 3934 5099 τῶν

2267 5134 2454 5190 πυλῶν
2489 5143 2588 5203 τῆς
2637 5134 2931 5205 ἐκκλησίας
2979 5137 3174 5198 πάντες
3233 5135 3456 5206 ἐξίεσαν.
3520 5134 3725 5190 Γούτου
3777 5154 3931 5210 γινο-

2274 5225 2470 5296 μένου,
2533 5225 2584 5277 ei
2649 5226 2742 5297 μὶν
2790 5228 3108 5297 στρατιῶται
3159 5225 3444 5300 ἀπόμαχοι
3508 5220 3717 5297 ἔμενονο
3787 5225 3818 5279 6
3879 5219 3936 5276 δὲ

2270 5314 2424 5386 ἅγιος
2457 5313 2773 5376 Ἀθανάσιος
2806 5311 2857 5368 ἐν
2903 5314 3050 5386 μέσῳ
3097 5317 3203 5366 τῶν
3254 5310 3700 5386 ψαλμῳδούντων
3760 5309 3936 5367 ἀϐλα-

2271 5395 2376 5468 ϐὴς
2407 5397 2712 5470 διεσώζετο.
2765 5405 2960 5456 Τοῦτον
3009 5402 3100 5456 τὸν
3153 5402 3353 5476 τρόπον
3402 5400 3699 5478 διαφυγὼν,
3764 5398 3936 5455 πάλιν

2273 5487 2361 5542 ἐπὶ
2390 5491 2490 5559 την
2517 5492 2734 5563 Ῥώμην
2783 5489 3099 5564 ἀνέδραμεν.
3153 5492 3252 5546 Καὶ
3302 5491 3609 5568 Γρηγόριος
3664 5490 3768 5564 μὶν
3816 5489 3941 5546 τότε

2273 5579 2301 5632 6
2352 5572 2550 5646 ἀσεϐὴς
2605 5585 2706 5648 τῆς
2766 5577 3057 5649 ἐκκλησίας
3120 5578 3431 5656 ἐκράτησεν’
3491 5581 3520 5635 6
3573 5576 3632 5634 δέ
3677 5576 3942 5649 Ἀλεξαν-
