4146 6400
1278 412 1466 479 VITA
1507 414 1577 479 S.
1621 415 2042 482 ATHANASII
2085 416 2193 482 EX
2237 415 2847 483 METAPHRASTE.

3529 406 3769 481 ccxxx?

389 538 536 621 δρέων
570 540 723 618 λαὸς,
754 540 850 602 ούκ
880 540 1186 623 ἐνεγκόντες
1211 546 1273 602 τὸ
1312 549 1560 623 γεγονὸς,
1591 550 1688 618 τήν
1740 548 2009 623 καλουμέ-

2122 558 2228 620 set,
2260 552 2482 609 Julium
2514 551 3158 625 aditarchiepiscopum
3177 550 3507 609 Romanum
3534 566 3546 606 :
3574 547 3766 606 omni-

386 656 471 705 νην
500 634 777 689 Διονυσίου
826 633 1113 707 ἐκκλησίαν
1167 635 1480 711 ἐνέπρησαν.
1532 638 1796 709 Τοιαύτης
1830 637 1887 694 δὲ
1917 638 2009 695 οῦ-

387 746 475 795 σης
506 725 817 799 συγχύσεως
846 727 980 779 κατὰ
1027 727 1126 794 τήν
1174 724 1597 799 Ἀλεξάνδρειαν,
1640 728 1729 781 καὶ
1780 730 1807 783 6
1854 730 2009 804 ἅγιος

386 810 580 873 Παῦλος
638 814 666 866 6
716 814 1334 877 Κωνσταντινουπόλεως
1394 814 1687 878 ἐπίσκοπος
1720 864 1734 888 ,
1796 816 2007 887 ἐξωθεὶς

381 908 470 969 τῆς
501 899 935 972 Ἐκκλησίας,καὶ
969 902 1253 959 ἀπολιπὼν
1285 906 1351 958 τὰ
1400 902 1691 959 ἀνατολικὰ
1726 906 1886 981 μέρη,
1922 906 2007 961 ἐπὶ

380 988 467 1055 τήν
497 984 638 1041 δύσιν
674 984 912 1065 ἔρχεται,
964 992 1031 1059 ἧς
1074 992 1219 1067 ἦρχε
1266 993 1517 1053 Κώνστας
1566 993 1594 1047 6
1640 995 2008 1049 Κωνσταντίου

382 1074 596 1153 ἀδελφός
629 1095 641 1108 ’
696 1076 783 1132 καί
857 1080 1026 1155 εὑρὼν
1091 1078 1260 1135 ἐκεῖσε
1315 1082 1405 1135 τὸν
1471 1082 1637 1155 μέγαν
1699 1083 2007 1138 Ἀθανάσιον

380 1162 637 1240 διάγοντα,
674 1166 892 1243 ἔρχεται
921 1169 1059 1243 πρὸς
1110 1168 1337 1226 Ἰούλιον
1388 1172 1463 1245 (α)
1512 1172 1602 1226 τὸν
1655 1173 2006 1248 ἀρχιεπίσκο-

374 1274 464 1309 πον
519 1255 739 1328 Ῥώμης
775 1278 787 1289 ·
848 1258 938 1311 καὶ
1015 1255 1419 1332 διηγησάμενος
1492 1261 1697 1315 ἅπαντα
1747 1259 1894 1332 αύτῴ
1950 1281 2009 1315 τε

374 1340 595 1416 Ἰουλίῳ,
626 1345 717 1398 καὶ
761 1349 842 1416 τῷ
881 1345 991 1399 ἐκεῖ
1025 1345 1257 1423 βασιλεῖ,
1313 1348 1425 1421 ἅμα
1474 1349 1768 1421 Ἀθανασίῳ
1819 1346 2005 1423 διῆγεν

373 1431 544 1489 ἐκεῖσε.
585 1432 897 1509 ’Ἐπιγνοὺς
928 1432 1018 1487 οὖν
1053 1436 1080 1489 6
1129 1435 1380 1497 Κώνστας
1422 1438 1488 1491 τά
1513 1438 1648 1491 κατὰ
1693 1438 2003 1493 Ἀθανάσιον

368 1520 448 1575 καὶ
478 1519 715 1595 Παῦλον,
749 1523 943 1600 γράφει
973 1527 1054 1595 τῷ
1086 1521 1306 1601 ἀδελφῷ
1353 1526 1451 1598 (b),
1505 1527 1850 1600 προστάττων
1881 1524 2005 1580 τού-

2119 643 2345 712 busque
2374 642 2529 697 Julio
2560 646 2616 697 et
2646 640 2982 714 imperatori
3038 640 3533 707 commemoratis,
3588 638 3764 696 isthic

2121 749 2255 788 cum
2289 731 2607 786 Athanasio
2634 732 2898 803 degebat.
2923 730 3207 785 Constans
3232 730 3430 801 itaque
3453 746 3586 784 cum
3611 744 3765 784 com-

2120 821 2367 892 perisset
2387 836 2454 874 ea
2476 834 2603 891 quae
2625 819 3009 874 Athanasium
3048 824 3103 872 et
3131 818 3379 872 Paulum
3413 820 3762 889 spectarent,

2126 909 2335 964 missis
2357 908 2519 963 fratri
2540 908 2927 977 litterisjubet
2939 906 3113 977 recipi
3138 905 3502 961 homines.At
3521 906 3762 961 cumlit—

2120 996 2264 1052 teris
2297 996 2666 1068 imperatoris
2697 994 3052 1059 Constantis,
3085 993 3298 1064 quibus
3330 994 3664 1058 mandabat,
3698 996 3765 1048 ut

2119 1085 2295 1141 Paulo
2318 1085 2752 1156 Athanasioque
2783 1101 2900 1139 suae
2923 1084 3090 1139 sedes
3115 1082 3581 1147 restituerentur,
3614 1080 3763 1137 nihil

2120 1174 2373 1246 amplius
2405 1174 2675 1229 etl‘ectum
2709 1178 2882 1241 esset,
2908 1171 3081 1227 aliam
3105 1170 3230 1243 cogi
3246 1170 3535 1242 synodum
3554 1172 3763 1240 rogant

2117 1262 2469 1318 Athanasius
2484 1265 2541 1317 et
2558 1262 2796 1330 Paulus,
2818 1265 2883 1317 ut
2900 1262 2957 1315 in
2981 1259 3340 1316 cecumenica
3361 1258 3602 1331 synodo,
3626 1273 3763 1312 cum

2118 1352 2351 1423 negotia
2372 1369 2498 1415 sua,
2532 1356 2661 1407 tum
2686 1368 2813 1422 quae
2831 1351 3007 1406 ﬁdem
3031 1350 3384 1421 spectarent,
3406 1346 3588 1402 ﬁnem
3610 1345 3762 1401 acci-

2118 1445 2340 1512 perent,
2373 1442 2645 1496 docentes
2695 1456 2863 1495 suam
2916 1437 3464 1493 condemnationem
3515 1435 3586 1491 ad
3626 1432 3762 1488 fidei

2118 1528 2474 1584 eversionem
2506 1528 2814 1583 conflatam
2849 1526 3051 1582 fuisse.

367 1631 482 1672 τους
512 1608 794 1687 δεχθῆναι.
829 1612 928 1667 Καὶ
961 1611 1201 1689 ἐπείπερ,
1252 1614 1561 1689 γράψαντος
1608 1620 1704 1669 τοῦ
1758 1614 2028 1689 βασιλέως
2082 1617 2446 1686 Κώνσταντος,
2503 1614 2640 1669 ὥστε
2694 1613 3023 1683 ἀποδοθῆναι
3073 1611 3277 1684 Ηαύλῳ
3323 1611 3412 1665 καὶ
3467 1608 3762 1680 Ἀθανασίῳ

365 1698 481 1761 τούς
516 1699 688 1763 ἰδίους
739 1700 962 1771 τόπους,
1014 1698 1164 1757 οὐδὲν
1214 1702 1383 1757 πλέον
1434 1702 1650 1772 ἠνύετο*
1700 1702 1923 1758 σύνοδον
1975 1701 2152 1773 ἄλλην
2203 1703 2575 1780 παρακαλοῦσι
2624 1706 2863 1779 γενέσθαι
2898 1705 2949 1758 οἱ
2979 1703 3102 1777 περὶ
3131 1702 3222 1757 τὸν
3257 1702 3409 1775 ἅγιον
3445 1699 3762 1753 Ἀθανάσιον

365 1788 445 1842 καὶ
468 1786 712 1859 Παῦλον,
746 1786 883 1843 ὥστε
911 1788 1000 1845 καὶ
1028 1791 1096 1844 τὰ
1124 1790 1240 1844 κατ’
1290 1788 1484 1852 αᾶτοὺς
1533 1790 1623 1845 καὶ
1668 1793 1735 1845 τὰ
1761 1799 1864 1859 τῆς
1906 1792 2136 1855 πίστεως
2191 1793 2277 1848 ἐπὶ
2328 1795 2677 1867 οἰκουμενικῇ
2731 1791 2939 1864 συνόδῳ
2969 1793 3134 1868 πέρας
3169 1786 3376 1857 λαϐεῖν,
3420 1786 3759 1847 διδάσκοντες

362 1878 450 1939 τὰς
477 1878 813 1954 καθαιρέσεις
844 1877 1018 1933 αὐτῶν
1052 1877 1434 1934 ἐπινενοεῖσθαι
1465 1881 1536 1953 (c)
1568 1878 1655 1933 ἐπὶ
1684 1878 1974 1935 καταλύσει
2002 1888 2104 1951 τῆς
2133 1880 2386 1944 πίστεως.

429 1969 511 2024 10.
546 1965 884 2041 Κηρύσσεται
934 1963 1024 2021 οὖν
1103 1966 1252 2030 αὖθις
1328 1967 1676 2040 οἶκουμενική
1736 1966 1955 2031 σύνοδος
1989 2014 2003 2039 ,
2037 1977 2083 2040 Β

363 2053 432 2116 ὡς
462 2054 547 2109 ἐπὶ
570 2056 674 2123 τήν
712 2052 983 2129 Σαρδικήν
1032 2057 1228 2131 γνώμῃ
1273 2060 1388 2110 τοῖν
1440 2054 1586 2111 δυοῖν
1642 2056 1908 2131 βασιλέων
1952 2057 2001 2112 ἐν

361 2141 616 2216 ἑνδεκάτῳ
648 2142 756 2199 ἔτει
784 2151 885 2213 τῆς
936 2142 1196 2213 τελευτῆς
1243 2148 1340 2199 τοῦ
1389 2146 1593 2221 πατρὸς
1634 2150 1742 2199 τῶν
1790 2146 2003 2221 Αὐγού-

358 2252 506 2288 στων.
559 2234 659 2287 Ἐκ
713 2233 807 2306 μὲν
858 2230 948 2286 οὖν
994 2237 1102 2287 τῶν
1155 2234 1416 2309 ἑσπερίων
1472 2238 1648 2308 μερῶν
1705 2235 1836 2309 ὑπὲρ
1876 2233 2003 2296 τοὺς

353 2321 697 2396 τριακοσίους
729 2319 995 2391 συνῆλθον
1047 2321 1395 2395 ἐπισκόπους,
1448 2321 1523 2385 ὥς
1574 2344 1736 2399 φησιν
1789 2325 1817 2377 6
1849 2324 2004 2397 ἅγιος

356 2408 673 2473 Ἀθανάσιος
718 2410 899 2473 αὐτός’
956 2410 1015 2465 ἐκ
1063 2408 1121 2465 δὲ
1166 2415 1273 2465 τῶν
1326 2412 1473 2483 ἐῴων
1525 2406 1908 2484 ἐϐδομήκοντα
1950 2411 2004 2482 ἓξ

360 2492 538 2570 μόνον,
567 2499 652 2561 ὡς
684 2500 712 2554 6
745 2495 977 2561 Σαϐῖνός
1010 2520 1195 2578 φησιτ,
1241 2499 1294 2554 ἐν
1328 2501 1411 2561 οἷς
1460 2500 1549 2553 καὶ
1580 2499 1737 2562 αὐτὸς
1780 2499 2003 2575 κατηρί-

354 2587 525 2659 θμητο
555 2589 653 2643 καὶ
687 2589 955 2665 Ἰσχυρᾶς,
1002 2588 1076 2650 ὡς
1106 2592 1203 2642 τοῦ
1250 2590 1327 2662 (ἀ)
1362 2589 1658 2664 Μαρεώτου
1710 2588 2004 2649 ἐπίσκοπος

355 2670 442 2732 ὥν.
478 2678 569 2739 Ὡς
605 2674 695 2731 οῦν
730 2675 996 2745 συνῆλθον
1029 2675 1081 2732 ἐν
1112 2680 1181 2749 τῇ
1216 2676 1478 2753 Σαρδικῇ,
1515 2678 1567 2730 οἱ
1602 2678 1695 2749 μὲν
1727 2674 2006 2733 Ἀνατολι-

353 2765 434 2819 κοὶ
467 2765 543 2828 εἰς
574 2765 871 2841 πρόσωπον
902 2770 1009 2820 τῶν
1042 2767 1335 2840 Ἑσπερίων
1364 2764 1537 2820 ἐλθεῖν
1570 2765 1669 2820 οὐκ
1696 2761 2003 2835 ἠϐούλοντο

354 2855 649 2929 φάσκοντες
702 2856 777 2927 μὴ
830 2852 1020 2916 ἄλλως
1051 2854 1128 2916 εἷς
1178 2851 1380 2929 λόγους
1435 2852 1631 2926 ἐλθεῖν,
1682 2855 1727 2909 εἷ
1770 2857 1844 2926 μή
1876 2854 2004 2917 τοὺς

352 2943 469 3017 περὶ
502 2941 727 2998 Παῦλον
749 2942 839 2997 καὶ
877 2944 1182 2999 Ἀθανάσιον
1232 2941 1520 3013 ἐξελάσωσι
1560 2948 1657 2998 τοῦ
1705 2942 2002 3017 συλλόγου.

348 3035 432 3094 Ὠς
462 3028 518 3086 δὲ
544 3032 913 3107 Πρωτογένης
944 3033 971 3086 6
1000 3029 1273 3103 Σαρδικῆς
1305 3030 1619 3101 ἐπίσκοπος,
1651 3033 1741 3086 καὶ
1774 3033 1801 3086 6
1822 3036 2002 3094 Ὅσιος

349 3115 668 3193 Κορδούϐης
700 3122 769 3195 (θ)
802 3120 902 3175 οὐκ
938 3120 1229 3195 ἠνείχοντο
1282 3121 1357 3194 μὴ
1408 3126 1652 3196 παρεῖναι
1702 3120 1830 3183 τοὺς
1881 3121 2004 3197 περὶ

347 3209 434 3263 τὸν
467 3210 630 3283 ἅγιον
680 3207 896 3262 Παῦλον
926 3208 1017 3263 καὶ
1065 3210 1398 3280 Ἀθανάσιον,
1450 3210 1773 3284 ἀπεχώρουν
1808 3209 2004 3271 εὐθέως

348 3298 396 3351 ol
427 3294 800 3354 Ἀνατολικοί.
835 3296 934 3352 Καὶ
968 3296 1251 3371 γενόμενοι
1304 3298 1355 3353 ἐν
1403 3296 1686 3353 Φιλίππου
1716 3298 1875 3353 πόλει
1901 3306 2003 3367 τῆς

344 3385 590 3457 Θρᾴκης,
644 3382 849 3456 ἰδιάζον
907 3390 1190 3441 ποιοῦνται
1247 3383 1544 3460 συνέδριον.
1604 3388 1703 3441 Καὶ
1762 3392 2005 3464 φανερῶς

344 3472 545 3529 λοιπόν
578 3475 641 3529 τὸ
676 3475 769 3547 μὲν
812 3472 1109 3548 ὅμοούσιον
1166 3475 1631 3549 ἀναθεματίζουσι·
1682 3477 1781 3544 τήν
1824 3473 1882 3531 δὲ
1910 3480 2005 3530 τοῦ

345 3563 617 3637 ἀνομοίου
668 3560 820 3633 δόξαν
884 3563 1201 3625 ἐπιστολαῖς
1266 3562 1668 3639 ἐγγράψαντες,
1726 3569 2007 3641 πανταχοῦ

346 3648 770 3726 διαπέμπονται.
804 3653 867 3707 Ol.
899 3650 956 3708 δὲ
987 3651 1037 3709 ἐν
1068 3656 1135 3727 τῇ
1186 3650 1427 3729 Σαρδικῇ
1473 3657 1689 3729 πρῶτον
1736 3654 1829 3727 μὲν
1883 3653 2008 3730 ἐρή-

351 3762 454 3813 μην
520 3741 956 3820 κατεψηφίσαντο
1012 3742 1112 3811 τήν
1173 3739 1417 3797 σύνοδον’
1470 3740 1653 3797 ἔπειτα
1702 3742 1829 3804 τοὺς
1878 3764 2002 3797 κατ-

346 3830 599 3907 ηγόρους
642 3835 741 3885 τοῦ
790 3831 948 3905 ἁγίου
996 3831 1311 3888 Ἀθανασίου
1359 3838 1461 3901 τῆς
1506 3831 1652 3902 ἀξίας
1696 3830 2003 3909 ἀφείλοντο·

347 3918 477 3996 ὅρον
508 3940 567 3975 τε
595 3926 697 3989 τῆς
747 3919 982 3981 πίστεως
1030 3920 1122 3975 τὸν
1176 3920 1228 3975 ἐν
1276 3920 1471 3991 Νικαίᾳ
1511 3921 1867 3995 κρατύναντες
1919 3924 2004 3995 (γ’),

344 4009 431 4063 καὶ
494 4009 557 4063 τὸ
615 4008 871 4082 ἀνόμοιον
948 4008 1427 4082 ἀναθεματίσαντες
1486 4009 1576 4065 καὶ
1633 4005 1955 4073 ἐκϐαλόντες
1990 4056 2005 4081 ,

345 4097 723 4175 φανερώτερον
780 4097 843 4152 τὸ
897 4096 1189 4170 ὁμοούσιον
1250 4096 1577 4166 ἐκδιδόασιν,
1638 4098 2006 4174 ἐγγράψαντες

342 4186 431 4239 καὶ
489 4190 566 4259 (g)
617 4184 770 4240 αὐτοὶ
816 4190 1098 4260 πανταχοῦ
1147 4183 1591 4260 διαπέμπονται.
1644 4190 1791 4242 Μετά
1839 4193 2007 4243 ταῦτα

344 4272 402 4331 δὲ
432 4275 602 4349 γνοὺς
656 4275 683 4330 6
712 4279 818 4329 τῶν
870 4273 1134 4347 ἐσπερίων
1199 4275 1377 4351 μέρων
1440 4275 1694 4351 βασιλεύς
1740 4278 1808 4332 τὰ
1852 4277 1904 4331 ἐν
1935 4282 2003 4350 τῇ

347 4359 594 4437 Σαρδικῇ
627 4360 835 4434 συνόδῳ
866 4361 1152 4437 γενόμενα,
1186 4364 1443 4437 γνώριμα
1492 4362 1645 4425 εὐθὺς
1675 4369 1754 4435 τῷ
1784 4363 2003 4443 ἀδελφῷ

343 4450 704 4523 Κωνσταντίῳ
760 4450 1095 4521 καθίστησιν,
1146 4448 1498 4505 ἁποδιδόσθαι
1556 4472 1615 4506 τε
1661 4457 1740 4524 τῷ
1800 4452 2003 4527 Παύλῳ

342 4541 435 4595 καὶ
496 4540 799 4612 Ἀθανασίῳ
855 4539 983 4602 τοὺς
1042 4539 1276 4601 οἰκείους
1331 4540 1533 4602 τόπους
1588 4540 1997 4615 παρεκελεύετο.

2184 1972 2272 2028 40.
2308 1972 2589 2029 Indicitur
2617 1988 2754 2045 ergo
2784 1988 3045 2037 rursum,
3078 1986 3147 2026 ex
3178 1968 3471 2025 sententia
3504 1967 3757 2022 duorum

2114 2060 2559 2132 imperatorum,
2579 2060 2825 2116 Sardicaa
2848 2060 3107 2129 synodus
3129 2056 3505 2123 mcumenica,
3539 2070 3693 2111 anno
3726 2068 3761 2108 a

2116 2154 2304 2205 morte
2332 2150 2517 2221 patris
2545 2152 2944 2223 Augustorum
2970 2147 3265 2203 undecim.
3289 2150 3369 2201 Ex
3414 2143 3759 2201 Occidenta-

2114 2238 2271 2295 libus
2302 2240 2502 2311 itaque
2532 2238 2799 2310 partibus
2830 2237 3085 2308 episcopi
3117 2235 3252 2307 plus
3273 2232 3547 2289 trecentis
3576 2229 3759 2287 coacti

2116 2332 2277 2393 sunt,
2300 2332 2366 2383 ut
2386 2328 2469 2382 ait
2498 2327 2624 2398 ipse
2647 2330 2886 2382 sanctus
2918 2323 3287 2393 Athanasius,
3343 2339 3409 2377 ex
3444 2318 3760 2377 Orientali-

2116 2416 2231 2471 bus
2262 2420 2459 2471 autem
2488 2418 2720 2470 tantum
2746 2412 3117 2486 septuaginta
3138 2428 3255 2476 sex,
3277 2414 3341 2465 ut
3372 2408 3627 2465 Sabinus
3650 2407 3759 2474 ait;

2115 2505 2176 2559 in
2208 2504 2422 2575 quibus
2454 2507 2875 2560 annumeratus
2898 2506 2985 2556 est
3010 2501 3276 2572 Ischyras
3297 2503 3579 2569 tanquam
3611 2497 3761 2552 Mar-

2115 2598 2258 2648 eota:
2284 2593 2614 2664 episcopus.
2645 2591 2829 2663 Igitur
2859 2607 2993 2645 cum
3025 2589 3274 2645 Sardices
3324 2586 3758 2652 convenissent,

2115 2681 2439 2737 Orientales
2452 2681 2510 2735 in
2526 2677 3305 2752 conspectuOccidentalium
3322 2676 3593 2732 accedere
3606 2690 3765 2729 recu-

2116 2770 2610 2841 sarunt,dicentes
2631 2786 2745 2824 non
2773 2769 2941 2825 aliter
2967 2784 3027 2823 se
3045 2768 3116 2822 ad
3150 2765 3601 2837 colloquendum
3622 2780 3760 2819 ven-

2114 2865 2301 2927 turos,
2329 2860 2444 2915 nisi
2476 2858 2725 2915 Paulum
2753 2862 2808 2913 et
2834 2857 3221 2913 Athanasium
3247 2854 3531 2927 pellerent
3560 2869 3631 2908 ex
3669 2869 3761 2924 sy-

2114 2951 2284 3006 nodo.
2321 2948 2466 3004 Cum
2500 2951 2697 3003 autem
2737 2950 3090 3018 Protogenes
3141 2943 3409 2999 Sardices
3443 2946 3501 2998 et
3548 2940 3763 2998 Hosius

2113 3037 2392 3094 Cordubae
2426 3053 2541 3091 non
2574 3038 2912 3107 paterentur
2940 3035 3145 3089 abesse
3175 3036 3409 3088 sanctos
3428 3029 3675 3086 Paulum
3707 3032 3765 3084 et

2115 3126 2529 3191 Athanasium,
2553 3124 2752 3181 statim
2775 3123 3102 3178 Orientales
3125 3123 3480 3177 abscessere.
3504 3122 3768 3189 Cumque

2116 3214 2545 3287 Philippopolin
2570 3214 2630 3269 in
2652 3212 2900 3267 Thracia
2920 3207 3643 3283 pervenissent,peculiare
3666 3206 3766 3263 ha-

2117 3306 2372 3360 buerunt
2387 3302 2721 3359 concilium.
2736 3305 2814 3356 Ac
2831 3300 3022 3372 palam
3039 3300 3249 3355 deinde
3264 3296 3766 3353 consubstantiale

2118 3393 2488 3449 anathemate
2516 3391 2730 3447 feriunt
2744 3407 2765 3451 ;
2778 3406 2844 3445 ac
2857 3387 3165 3444 dissimilis
3180 3385 3523 3442 substantiae
3539 3389 3769 3440 senten-

2116 3482 2259 3536 tiam
2283 3479 2542 3552 epistolis
2560 3479 2973 3550 conscriptam,
2991 3474 3620 3548 ubiquetransmisere.
3656 3473 3766 3539 Qui

2118 3586 2289 3643 porro
2302 3570 2552 3626 Sardicte
2576 3572 2760 3635 erant,
2778 3568 3034 3640 primum
3050 3566 3284 3637 quidem
3303 3564 3589 3637 synodum
3603 3562 3767 3618 illam

2117 3660 2357 3715 desertas
2382 3675 2570 3713 causa;
2623 3657 3000 3722 damnarunt,
3047 3655 3256 3710 deinde
3298 3670 3432 3708 vero
3461 3652 3765 3708 Athanasii

2117 3750 2486 3803 accusatores
2500 3746 2784 3817 dignitate
2798 3762 2905 3799 sua
2924 3744 3243 3815 privarunt.
3270 3741 3623 3797 Conﬁrmata
3634 3756 3766 3795 vero

2118 3836 2249 3891 ﬁdei
2271 3835 2611 3891 deﬁnitione
2632 3834 2832 3889 Nicaeae
2868 3833 3039 3900 facta,
3074 3850 3137 3886 ac
3160 3830 3768 3887 dissimilis-substan-

2114 3925 2207 3979 tiae
2246 3940 2381 3979 voce
2431 3923 2803 3979 anathemate
2852 3922 3131 3976 damnata
3154 3923 3329 3991 atque
3360 3920 3596 3988 rejects,
3628 3934 3765 3972 con-

2114 4012 2506 4069 substantiale
2537 4011 2828 4083 explicant
2857 4010 3210 4073 evidentius,
3234 4026 3300 4063 ac
3331 4007 3551 4079 ubique
3578 4010 3768 4062 trans-

2117 4103 2357 4157 mittunt
2379 4101 2591 4156 litteris
2613 4101 2758 4156 suis.
2787 4100 2926 4155 Post
2954 4100 3076 4155 haec
3106 4116 3240 4154 cum
3273 4103 3471 4153 nosset
3491 4096 3766 4151 Occiden-

2114 4190 2319 4246 talium
2336 4191 2595 4262 partium
2618 4190 2939 4261 imperator
2958 4205 3051 4243 res
3070 4188 3127 4241 in
3177 4184 3509 4243 Sardicensi
3542 4185 3764 4257 synodo

2113 4284 2437 4352 gestas,eas
2460 4279 2661 4335 statim
2691 4278 2853 4333 tratri
2880 4277 3220 4334 Constantio
3245 4274 3765 4347 signiﬁcat,jubet-

2114 4384 2228 4439 que
2256 4366 2433 4421 Paulo
2466 4371 2521 4421 et
2555 4366 2873 4420 Athanasio
2924 4366 3093 4420 sedes
3146 4363 3373 4419 restitui
3416 4378 3574 4416 suas.
3618 4360 3765 4415 Cum

2113 4455 2651 4529 porroAthanasius
2669 4454 2861 4508 adhuc
2876 4449 3766 4524 petereturinsidiisArianorum

2114 4562 2174 4601 re
2205 4549 2505 4617 comperta
2537 4544 2877 4615 imperator,
2912 4542 3032 4597 haec
3063 4540 3222 4595 fratri
3255 4537 3559 4594 rescribit:

343 4633 452 4684 Τοῦ
485 4625 543 4683 δὲ
568 4627 727 4704 ἁγίου
757 4627 1078 4684 ’Δθανασίου
1109 4627 1187 4683 ἔτι
1220 4627 1698 4703 ὑποστελλομένου
1727 4632 1823 4692 τὰς
1856 4626 2152 4694 ἐπιϐουλὰς
2182 4636 2286 4687 τῶν
2338 4630 2798 4706 ’Δρειανιζόντων,
2833 4629 2909 4689 ὡς
2960 4626 3147 4699 ἔμαθεν
3183 4627 3210 4679 6
3247 4622 3519 4699 βασιλεὺς,
3570 4623 3768 4700 γράφει

343 4723 426 4791 τῷ
460 4715 681 4797 ἀδελφῷ
713 4720 818 4790 (h).

419 4805 549 4863 Ὧδε
581 4809 675 4881 μὲν
727 4806 869 4877 ἔῆτιν
902 4810 1026 4884 παρ’
1060 4806 1185 4879 ἐμοὶ
1219 4809 1535 4871 Ἀθανάσιος
1568 4828 1581 4841 ⁵
1616 4807 1762 4863 ἀλλὰ
1809 4812 2005 4865 πυνθα-

2184 4813 2288 4868 Hic
2312 4812 2554 4884 quidem
2567 4810 2720 4883 apud
2738 4824 2829 4864 me
2852 4806 3011 4879 degit
3024 4805 3384 4862 Athanasius
3410 4821 3422 4871 ;
3442 4802 3544 4858 sed
3567 4800 3765 4859 scisci-

344 4896 575 4970 νόμενος
620 4894 847 4972 διέγνων
895 4892 1167 4959 εὐσεϐἐίας
1217 4896 1375 4952 αὐτὸν
1404 4898 1565 4972 χάριν
1598 4896 1904 4954 διώκεσθαι.
1937 4899 2000 4954 Εἰ

351 4986 447 5058 μὲν
481 4983 572 5040 οὖν
606 4988 673 5059 (ἱ)
704 4984 1067 5061 ἐπαγγέλλεις
1098 4983 1413 5041 ἀποδιδόναι
1444 4986 1622 5059 τούτῳ
1650 4988 1741 5042 τὸν
1786 4988 1999 5059 θρόνον,

346 5074 685 5148 ἀμυνόμενος
722 5074 851 5137 τοὺς
887 5076 1061 5148 μάτην
1091 5073 1250 5131 αὐτὸν
1302 5074 1720 5151 ἐπιφυομένους,
1773 5079 2002 5133 ἀποστε-

347 5162 430 5220 λῶ
479 5164 615 5241 πρὸς
662 5164 719 5220 σὲ
764 5165 856 5220 τὸν
907 5162 1070 5240 ἄνδρα
1102 5186 1114 5199 ο
1172 5164 1218 5219 εἰ
1269 5162 1327 5219 δὲ
1374 5166 1651 5226 ἀνανευοις
1697 5171 1864 5221 ταῦτα
1911 5167 1999 5221 οῦ-

346 5378 377 5435 λ
417 5308 494 5382 (α)
547 5308 810 5384 Ἔρχεται
864 5306 955 5363 σὺν
1001 5307 1149 5380 αὐτῷ
1213 5308 1349 5383 πρὸς
1412 5307 1505 5362 τὸν
1541 5310 1800 5385 μακάριον
1862 5310 1997 5367 Ἰού-

388 5400 491 5435 ιον.

416 5450 709 5542 (ὸ)τξ8.1εη;
739 5454 821 5542 τῷ
844 5448 1065 5542 ἀδελφῷ
1091 5450 1157 5539 τὰ
1183 5450 1320 5542 ξατά
1366 5448 1684 5506 Ἀθανασίου
1735 5450 1995 5531 ἐσδεχθῆ-

347 5518 652 5579 ναί.Ἰόθῐ11
682 5518 878 5596 ῄνὺέτο
913 5518 1311 5577 ὅθὲνσὺνοδοδσ
1860 5518 1895 5531 ’“
1954 5518 1962 5523 ’

352 5594 706 5719 exsatiata“.
739 5595 836 5657 τὰς
866 5594 1197 5668 καθαιρέσεις
1256 5591 1430 5647 αὐτῶν
1490 5597 1819 5669 γεγενεῖσθαι
1873 5597 1998 5670 ῖεὶο)

352 5662 442 5722 ἐπὶ
471 5662 667 5723 καταλ.
1027 5662 1035 5668 ’

424 5737 503 5809 (d)
532 5737 617 5794 lta
646 5736 825 5795 Palat.
860 5738 1013 5794 Editi
1042 5753 1201 5804 vero,
1233 5736 1260 5790 6
1290 5739 1407 5792 τοῦ.

2114 4904 2272 4957 tatus
2296 4899 2680 4971 novipietatis
2703 4914 2838 4961 eum
2879 4912 3057 4951 causa
3087 4894 3549 4965 persecutionem
3581 4891 3759 4946 susti-

2111 5007 2267 5046 nere.
2303 4991 2362 5045 Si
2395 4989 2638 5061 quidem
2690 4985 2998 5059 promittas
3058 4982 3141 5037 illi
3190 4982 3387 5037 sedem
3428 4979 3756 5049 restituere,

2112 5080 2271 5135 ultus
2293 5096 2391 5135 eos
2413 5079 2511 5149 qui
2536 5078 2663 5134 sine
2680 5072 3311 5143 causavexantipsum,
3335 5069 3565 5124 mittam
3597 5067 3666 5123 ad
3702 5071 3759 5123 te

2109 5168 2339 5235 virum;
2374 5168 2465 5223 sin
2523 5165 2799 5222 abnueris
2862 5164 2982 5218 haec
3016 5176 3206 5234 agere,
3258 5162 3411 5214 certo
3445 5157 3597 5212 scias
3631 5173 3759 5212 me-

2181 5312 2255 5381 (e)
2284 5309 2374 5364 Sic
2397 5307 2580 5363 Palat.
2607 5305 2754 5362 Editi
2786 5321 2942 5369 vero,
2994 5294 3366 5376 Κουρδοὺϐης.
3406 5302 3533 5355 Mox
3576 5296 3759 5355 Palat.

2107 5379 2510 5456 ἀποχωροῦσιν.

2180 5446 2257 5523 ί
2279 5446 2460 5508 Palat.
2496 5446 2865 5524 κρατύνοντεῆ

2293 5524 2475 5607 Palat.
2504 5513 2898 5607 γράψαντες,δέ
2928 5514 3216 5607 ἐπιστρλοὰς
3248 5513 3357 5567 καί·

2185 5587 2264 5667 ρι’)
2299 5596 2493 5667 Palat._
2513 5587 2586 5655 ὧς
2612 5587 2776 5667 ἔμαθε
2806 5589 3053 5667 Κὼνσῖας
3076 5588 3103 5641 ὁ
3140 5587 3259 5667 βαρε

2179 5650 2453 5793 ξίέΙΡᾶΙᾶῙν.
2480 5650 2817 5740 ἐπαγγέλλῃ
2848 5660 3025 5715 Paulo
3050 5650 3181 5732 post
3203 5659 3380 5726 idem,
3438 5653 3612 5727 μάτην
3664 5650 3763 5705 αύ-

2179 5762 2191 5790 ›
2252 5740 2641 5793 πιουομένους.
2676 5730 3016 5789 ἀποστέλλω.

2112 5730 2195 5809 τῷ
2228 5730 2418 5814 ἐπιφυο
2430 5730 2645 5810 μένους,
2676 5730 2906 5789 ἀποστέλ
2918 5749 3016 5785 Am.
