4146 6396
387 404 665 458 comm

1790 389 2096 456 PBOLEG
2104 389 2407 455 OMENA.

385 524 584 598 ipsum
611 524 812 584 isthuc
827 539 959 584 esse
980 527 1312 596 venturum,
1337 527 1397 582 et
1420 522 1509 583 vel
1538 526 1597 582 te
1625 522 1808 582 invito
1835 523 2029 582 virum

2179 522 2443 598 ωποιείν,
2496 519 2553 580 εὖ
2601 518 2733 596 ἴσθι,
2760 519 2843 580 ὅτι
2892 520 3052 585 αὐτὸς
3097 517 3209 596 ἑγὼ
3255 515 3441 578 αὐτόθι
3486 513 3798 592 γινόμενος,

383 613 634 688 propria
665 613 791 672 sedi
818 629 946 672 esse
975 614 1414 672 restituturum.

459 794 604 848 Cum
627 793 828 848 nosset
839 789 1020 863 igitur
1037 791 1415 848 Constantius
1428 790 1626 848 fratris
1644 792 2011 865 propoitum
2023 836 2038 862 ,

389 879 706 937 formidine
725 877 910 944 illius,
941 881 1212 935 sanctum
1242 879 1632 936 Athanasium
1664 879 1915 952 propriis
1944 897 2035 938 ar-

391 967 571 1027 cessit
592 966 822 1038 litteris,
843 983 960 1023 non
981 966 1163 1024 semel
1186 984 1375 1039 neque
1403 967 1497 1024 bis
1525 972 1780 1036 tantum,
1811 969 1915 1027 sed
1940 985 2038 1026 us-

393 1072 508 1129 que
528 1055 699 1114 tertio
719 1055 1047 1114 rescribens
1066 1055 1389 1114 Athanasio
1411 1057 1573 1114 hisce
1601 1057 1793 1114 verbis
1818 1075 1832 1114 :

675 1259 1266 1318 INTERPRETATIO
1315 1259 1684 1317 EPISTOLE
1712 1259 1754 1316 Ι.

608 1384 957 1444 Constantius
992 1385 1178 1444 Victor
1205 1385 1476 1458 Augustus
1503 1385 1827 1442 Athanasio.

463 1500 698 1558 Diutius
712 1501 859 1558 teim
868 1501 1144 1558 manibus
1158 1501 1343 1558 maris
1358 1501 1635 1558 ﬂuctibus
1650 1499 2044 1574 procellisque

383 1590 619 1663 jactari,
641 1592 857 1646 nostra
874 1589 1196 1646 clementia
1225 1589 1571 1647 humanitas
1597 1607 1712 1646 non
1735 1590 2042 1662 permisit;

393 1683 454 1735 te
475 1677 698 1735 scilicet
719 1677 924 1751 patriis
946 1678 1260 1750 penatibus
1281 1679 1592 1747 nudatum,
1625 1678 1865 1750 tuisque
1907 1694 2042 1750 spo-

395 1766 628 1833 liatum,
649 1767 710 1822 in
729 1767 899 1824 inviis
921 1768 1177 1824 ferarum
1204 1767 1348 1824 locis
1372 1772 1667 1824 errantem
1697 1783 1815 1824 non
1847 1765 2042 1840 negle-

397 1855 486 1914 xit
513 1855 808 1912 indefessa
835 1858 1039 1912 nostra
1085 1856 1290 1928 pietas.
1343 1855 1492 1913 Nam
1542 1855 1650 1912 esti
1693 1855 1795 1912 diu
1839 1854 2043 1913 distuli

398 1942 618 2001 mentis
639 1959 779 2000 mea
815 1943 1181 2016 propositum
1217 1942 1426 1999 litteris
1463 1943 1569 1999 tibi
1600 1943 1954 2015 signiﬁcare,
1985 1947 2043 2000 te

400 2032 556 2090 ultro
577 2047 969 2104 accessurum,
995 2031 1414 2104 laboribusque
1441 2032 1562 2088 tuis
1593 2032 1918 2090 remedium
1950 2049 2048 2090 ro-

400 2125 677 2196 gaturum
693 2124 960 2194 exspecto
985 2138 1000 2189 ;
1030 2125 1228 2178 tamen
1257 2121 1398 2194 quia
1428 2121 1675 2178 fortasse
1706 2125 1900 2178 metus
1936 2121 2047 2178 im-

398 2211 734 2284 pedimento
745 2209 856 2265 fuit
867 2225 939 2266 ne
951 2209 1315 2282 propositum
1331 2226 1710 2282 exsequerere
1727 2211 2049 2278 luum,ideo

397 2299 624 2356 litteras
661 2297 1079 2354 munificentia
1126 2303 1337 2354 nostras
1378 2297 1754 2371 plenissimas
1781 2299 1854 2356 ad
1884 2303 2049 2356 tuam

397 2387 789 2446 constantiam
802 2386 1406 2459 misimus,utabsque
1421 2393 1580 2444 metu
1607 2388 2048 2460 quamprimum

395 2475 738 2549 conspectui
777 2480 974 2532 nostro
1018 2480 1075 2532 te
1104 2480 1450 2548 praesentem
1475 2475 1681 2534 sistere
1710 2492 1900 2548 cures,
1934 2493 2049 2549 quo

396 2564 516 2622 voti
534 2565 621 2621 tui
650 2580 892 2636 compos
909 2564 1173 2633 effectus,
1201 2569 1585 2638 nostramque
1615 2565 2051 2623 humanitatem

399 2657 697 2726 expertus,
721 2652 844 2717 tuis
876 2653 1228 2710 restitueris.
1263 2653 1381 2710 Hac
1411 2655 1567 2710 enim
1616 2655 1690 2710 de
1735 2670 1915 2711 causa
1947 2655 2050 2711 do-

403 2741 634 2799 minum
657 2757 854 2798 meum
879 2745 938 2798 et
953 2742 1190 2799 fratrem
1211 2744 1588 2801 Constantem
1617 2742 1911 2800 Victorem
1935 2746 2053 2800 Au-

403 2833 646 2904 gustum
676 2845 780 2903 pro
801 2833 858 2886 te
879 2831 1099 2903 rogavi,
1122 2835 1187 2887 ut
1214 2831 1320 2888 tibi
1363 2831 1632 2888 veniendi
1675 2832 1840 2888 daret
1867 2832 2053 2889 facul-

403 2922 607 2985 tatem,
631 2935 745 2992 quo
767 2918 1078 2992 utriusque
1096 2924 1364 2977 nostrum
1386 2924 1536 2976 nutu
1559 2919 1759 2992 patriai
1782 2921 2053 2980 restitua-

406 3007 510 3076 ris,
533 3007 760 3081 hocque
791 3008 992 3081 gratim
1019 3008 1235 3081 pignus
1267 3025 1607 3080 assequare.

2145 610 2236 667 καί
2293 610 2512 676 ἄκοντός
2581 634 2678 669 σου
2732 613 2823 670 τὸν
2883 609 3050 688 ἄνδρα
3096 614 3177 682 τῷ
3233 605 3422 680 οἰκείῳ
3477 603 3802 680 ἀποδίδωμι

2146 701 2345 778 θρόνῳ.

2219 789 2384 854 Γνοὺς
2431 788 2521 848 οὖν
2551 792 2579 848 ὁ
2610 792 2978 852 Κωνστάντιος
3024 788 3124 845 τοῦ
3173 783 3411 864 ἀδελφοῦ
3465 786 3564 854 τὴν
3612 779 3802 839 ἔνστα-

2149 899 2250 948 σιν,
2281 880 2372 934 καὶ
2403 877 2680 943 δειλιάσας
2723 879 2904 948 αὐτὸν,
2943 877 3104 934 καλεῖ
3145 876 3236 932 τὸν
3269 874 3425 950 ’ἅγιον
3467 874 3804 941 Ἀθανάσιον,

2149 963 2220 1022 δι’
2248 966 2462 1024 οἰκείων
2495 970 2836 1044 γραμμάτων
2868 964 3042 1024 ἐλθεῖν
3073 965 3209 1042 πρὸς
3242 963 3398 1021 αὐτὸν
3428 961 3643 1038 (α),οὗχ

2150 1051 2273 1112 οὔτε
2304 1055 2409 1130 δὶς,
2465 1055 2590 1114 ἀλλ’
2641 1055 2751 1127 ἤδη
2781 1057 2871 1112 καὶ
2916 1054 3098 1132 τρίτον
3149 1054 3360 1130 γράψας
3389 1055 3471 1124 τῷ
3500 1048 3809 1122 ’Δθανασίῳ

2150 1142 2204 1201 έν
2228 1144 2446 1208 τούτοις
2471 1150 2591 1208 τοῖς
2620 1145 2881 1223 ῥήμασιν·

2534 1262 2888 1318 ΕΡΜΗΝΕῙΑ
2916 1261 3310 1316 ΕΠΙΣΤΟΛΗΣ
3344 1256 3423 1313 Δ’.

2302 1368 2667 1430 Κωνστάντιος
2698 1367 2941 1438 Νικητῆς
2974 1361 3286 1440 Αὕγονστος
3316 1361 3639 1436 Ἀθανασίῳ.

2224 1499 2346 1554 Ἐπὶ
2375 1497 2520 1556 πολὺ
2565 1517 2623 1554 σε
2665 1494 3090 1567 κλυδωνίζεσθαι
3137 1495 3228 1552 καὶ
3279 1496 3635 1572 χειμάζεσθαι
3692 1501 3813 1560 τοῖς

2150 1593 2252 1658 τῆς
2309 1587 2581 1658 θαλάττης
2633 1586 2851 1662 ἀγρίοις
2899 1585 3132 1659 κύμασιν
3193 1584 3292 1641 οὐκ
3358 1586 3562 1663 ἀφῆκεν
3613 1585 3649 1652 ἡ
3710 1590 3816 1654 τῆς

2151 1677 2426 1751 ⁴ἡμετέρας
2472 1675 2819 1750 ἡμερότητος
2874 1673 3287 1753 φιλανθρωπία·
3345 1674 3698 1750 γυμνωθέντα
3757 1694 3816 1730 σε

2149 1772 2253 1835 τῆς
2281 1765 2537 1841 πατρῴας
2578 1763 2778 1834 ἆστίας,
2824 1763 2916 1819 καὶ
2967 1764 3293 1836 στερηθέντα
3336 1767 3446 1820 τῶν
3494 1759 3672 1830 ἰδίων,
3722 1761 3815 1818 καὶ

2152 1853 2508 1927 πλανώμενον
2560 1851 2612 1909 ἂν
2662 1849 2986 1926 θηριώδεσιν
3032 1849 3294 1920 ἀνοδίαις,
3353 1849 3417 1906 οὗ
3473 1848 3729 1927 παρεῖδεν
3779 1853 3815 1920 ὴ

2152 1943 2395 2016 ἡμετέρα
2424 1936 2687 2000 εὐσέϐεια.
2720 1941 2782 1997 Εἰ
2829 1941 2920 1996 καὶ
2965 1942 3034 1996 τὰ
3076 1940 3314 2014 μάλιστα
3343 1940 3432 1996 έπὶ
3470 1938 3616 1996 πολὺ
3645 1941 3815 2016 ὑπερ-

2161 2032 2356 2105 εθέμην
2389 2032 2594 2106 γράψαι
2621 2031 2722 2100 τὴν
2768 2029 3018 2104 πρόθεσιν
3069 2037 3170 2099 τῆς
3203 2029 3343 2103 ἐμῆς
3377 2025 3617 2092 διανοίας
3647 2042 3820 2105 προσ.

2160 2118 2332 2176 δοκῶν
2379 2123 2456 2194 (b)
2510 2117 2825 2193 αὐθαίρετόν
2885 2139 2944 2173 σε
2996 2119 3389 2195 παραγενέσθαι
3443 2119 3579 2193 πρὸς
3638 2120 3817 2192 ἡμᾶς,
3921 2122 3924 2124 ⁷

2157 2209 2248 2266 καὶ
2302 2213 2410 2264 τῶν
2467 2209 2724 2282 καμάτων
2786 2207 2953 2262 αἰτεῖν
3004 2228 3062 2262 σε
3106 2208 3206 2276 τήν
3252 2205 3538 2283 θεραπείαν
3573 2224 3586 2240 ⁸
3635 2205 3816 2280 ὅμως,

2160 2295 2348 2368 ἐπειδὴ
2381 2295 2511 2360 ἴσως
2544 2298 2574 2352 ὁ
2624 2291 2794 2372 φόϐος
2821 2297 2921 2366 τήν
2966 2295 3280 2372 προαίρεσιν
3325 2302 3426 2365 τῆς
3476 2302 3577 2364 σῆς
3619 2297 3821 2370 προθέ-

2160 2407 2297 2448 σεως
2354 2383 2631 2455 ἐνεπόδιζε
2664 2427 2680 2454 ,
2737 2383 2827 2440 διὰ
2872 2389 3036 2440 τοῦτο
3109 2381 3339 2459 δωρεαῖς
3414 2385 3821 2461 πληρεστάταις

2160 2477 2462 2550 γράμματα
2511 2474 2651 2551 πρὸς
2701 2476 2801 2544 τήν
2854 2475 2952 2542 σήν
3006 2471 3338 2550 στεῤῥότητα
3381 2470 3819 2546 διεπεμψάμεθαο

2155 2563 2250 2620 ’ίνα
2297 2559 2517 2642 ἀφόϐως
2572 2568 2692 2626 ταῖς
2741 2563 3039 2636 ἡμετέραις
3095 2561 3396 2638 προσόψεσι
3437 2567 3665 2637 ταχεῖαν
3723 2564 3820 2632 τήν

2161 2653 2328 2709 αὐτοῦ
2376 2651 2675 2729 παρουσίαν
2723 2657 3025 2728 παρασχεῖν
3072 2647 3376 2726 σπουδάσῃς
3403 2694 3417 2721 ,
3467 2650 3556 2706 ἐπὶ
3605 2651 3669 2706 τὸ
3723 2657 3822 2722 τῆς

2161 2742 2355 2798 ἑαυτοῦ
2386 2740 2676 2815 ἐπιθυμίας
2728 2739 3033 2797 ἀπολαῦσαι
3081 2739 3174 2796 καὶ
3222 2738 3498 2816 πειραθεὶς
3545 2744 3623 2811 (c)
3659 2742 3818 2814 ἡμῶν

2161 2837 2265 2900 τῆς
2319 2829 2748 2909 φιλανθρωπίας,
2798 2833 2915 2892 τοῖς
2967 2827 3128 2892 ἰδίοις
3177 2828 3643 2902 ἆποκατασταθῇς.
3688 2826 3820 2885 Τού-

2161 2941 2260 2976 του
2317 2922 2421 2995 γὰρ
2463 2915 2637 2975 ἕνεκεν
2686 2917 2776 2974 καὶ
2835 2919 2926 2974 τὸν
2977 2917 3243 2988 δεσπότην
3293 2917 3384 2972 καὶ
3429 2914 3664 2996 ἀδελφόν
3719 2937 3822 2992 μου

2166 3010 2488 3066 Κώνσταντα
2532 3009 2622 3063 τὸν
2669 3009 2898 3078 νικητήν
2945 3004 3257 3082 Αὔγουστον
3302 3005 3434 3062 ὑπὶο
3463 3011 3559 3062 σοῦ
3587 3007 3824 3078 παρεκά-

407 3094 557 3170 λεσα,
583 3093 676 3152 ’ίνα
696 3100 794 3152 τοῦ
821 3096 994 3152 ἐλθεῖν
1027 3094 1268 3168 ἐξουσίαν
1302 3117 1386 3152 σοι
1419 3094 1516 3169 δῷ,
1543 3095 1652 3170 ἵνα,
1686 3097 2032 3176 ἀμφοτέρων
2067 3100 2143 3174 (d)
2174 3102 2334 3173 ἡμῶν
2383 3096 2758 3170 ἐπινευόντων,
2809 3100 2880 3172 τῇ
2911 3093 3135 3171 πατρίδι
3178 3096 3642 3170 ἂποκατασταθῇς,
3673 3091 3819 3171 ἔχων

402 3188 564 3242 τοῦτο
593 3190 697 3255 τῆς
726 3187 887 3260 ἡμῶν
915 3185 1145 3263 χάριτος
1175 3186 1451 3263 ἐνέχυρον.

679 3329 1255 3389 INTERPRETATIO
1293 3331 1666 3390 EPISTOLE
1705 3331 1777 3389 II.

617 3438 971 3497 Constantius
998 3439 1173 3496 Victor
1200 3439 1476 3510 Augustus
1504 3439 1846 3498 Athanasio.

479 3561 599 3619 Etsi
625 3561 684 3618 id
709 3562 772 3617 in
796 3562 1007 3634 primis
1032 3562 1433 3636 superioribus
1465 3563 1674 3620 litteris
1707 3563 2065 3636 signiﬁcavi-

411 3667 568 3717 mus,
588 3653 654 3706 ut
675 3651 896 3721 absque
914 3655 1075 3707 metu
1098 3652 1170 3707 ad
1195 3656 1465 3708 nostrum
1489 3653 1835 3708 comitatum
1858 3657 1914 3708 te
1935 3668 2069 3708 con-

410 3741 637 3807 ferres;
671 3741 826 3811 quod
857 3756 1232 3813 summopere
1261 3741 1572 3814 cupiamus
1620 3745 1678 3796 te
1721 3741 1794 3796 ad
1833 3741 2070 3814 propria

415 3828 736 3893 remittere,
759 3831 954 3884 tamen
976 3829 1152 3885 etiam
1175 3847 1331 3886 nunc
1352 3830 1527 3886 hasce
1546 3829 1771 3886 litteras
1802 3831 1872 3886 ad
1904 3835 2069 3887 tuam

419 3916 818 3973 constantiam
851 3916 1147 3982 misimus,
1181 3919 1395 3990 quibus
1417 3917 1893 3988 adhortamur,ut
1913 3921 2068 3977 circa

421 4003 809 4061 difﬁdentiam
831 4009 933 4060 aut
960 4009 1182 4062 metum
1212 4007 2068 4080 publicavehiculainscendas,

422 4096 480 4152 et
508 4094 580 4151 ad
613 4110 720 4151 nos
752 4109 1049 4167 properes,
1075 4098 1138 4151 ut
1169 4095 1383 4168 Optatis
1415 4096 1529 4153 frui
1558 4096 1771 4154 valeas.

683 4389 1265 4450 INTERPRETATIO
1305 4393 1669 4450 EPISTOLIE
1705 4395 1822 4452 IIIJ

649 4497 999 4556 Constantius
1033 4501 1209 4558 Victor
1235 4501 1510 4570 Augustus
1542 4502 1862 4559 Athanasio.

496 4629 643 4687 Cum
656 4631 886 4688 Edessa
909 4633 1674 4707 degeremus,prmsentibus
1693 4634 1812 4692 tuis
1834 4635 2077 4709 presby-

2540 3336 2894 3389 EPMHNEIA
2945 3337 3338 3389 ΕΠΙΣΤΟΛΗΣ
3389 3338 3460 3388 B'.

2308 3438 2682 3501 Κωνστάντιος
2726 3439 2971 3510 Νικητής
3012 3434 3326 3514 Αὔγουστος
3377 3437 3698 3511 ’Δθανασίιμ

2245 3561 2311 3617 Εἰ
2350 3561 2440 3616 καὶ
2494 3560 2732 3636 μάλιστα
2779 3559 2869 3618 διὰ
2914 3564 3192 3638 προτέρων
3242 3559 3599 3636 ἐδηλώσαμεν
3653 3581 3826 3638 γραμ-

2181 3651 2386 3724 μάτων,
2421 3650 2571 3714 ὅπως
2619 3651 2934 3728 ἀμερίμνως
2984 3651 3060 3714 εἰς
3105 3652 3169 3706 τὸ
3219 3653 3487 3728 ἡμέτερον
3535 3656 3825 3725 κομιτᾶτον

2177 3740 2258 3814 (θ)’
2277 3742 2573 3818 παραγένῃ,
2627 3738 2717 3796 διὰ
2759 3741 2823 3796 τὸ
2876 3739 3113 3814 μάλιστα
3164 3739 3450 3816 βούλεσθαι
3497 3743 3648 3814 ἡμᾶς
3700 3741 3828 3795 ἀπο-

2178 3829 2388 3886 στεῖλαί
2419 3851 2478 3886 σε
2508 3830 2585 3893 εἷς
2614 3831 2682 3885 τὰ
2723 3826 2856 3885 ἷ¹διαο
2909 3829 3062 3904 ὅμως
3113 3830 3201 3885 καὶ
3249 3834 3339 3884 νῦν
3388 3834 3556 3885 ταῦτα
3606 3828 3829 3885 αὐτὰτὰ

2179 3920 2478 3995 γράμματα
2522 3919 2660 3995 πρὸς
2706 3920 2805 3988 τήν
2846 3921 2944 3989 σήν
2996 3917 3325 3996 στερρότητα
3377 3915 3714 3991 δεδώκαμεν,
3763 3913 3828 3971 δι’

2181 4009 2257 4062 ὧν
2315 4007 2736 4083 προτρεπόμεθα
2787 4006 2964 4085 χωρίς
3010 4029 3157 4070 τινος
3207 4008 3458 4070 ἀπιστίας
3513 4008 3604 4062 καὶ
3663 4001 3829 4085 φόϐου

2183 4091 2440 4165 ἐπιϐῆναί
2518 4117 2576 4152 σε
2630 4093 2922 4170 δημοσίοις
3002 4097 3282 4173 ὀχήμασιν
3316 4144 3331 4171 ,
3390 4097 3479 4152 καὶ
3539 4093 3832 4152 σπουδάσαι

2183 4187 2320 4260 πρὸς
2378 4187 2526 4260 ἡμᾶς
2562 4229 2577 4258 ,
2632 4185 2724 4240 ’ίνα
2780 4187 2854 4241 ὢν
2931 4186 3199 4264 ἐπιθυμῇς
3235 4231 3250 4258 ,
3310 4185 3615 4242 ἀπολαῦσαι
3685 4183 3834 4252 δυνη-

2184 4277 2305 4345 θῆς.

2551 4393 2905 4451 ΕΡΜΗΝΕΙΑ
2953 4396 3346 4450 ΕΙΙΙΣΤΟΛΗΣ
3399 4393 3471 4448 Γ’.

2322 4499 2688 4562 Κωνστάντιος
2738 4501 2981 4571 Νικητὴς
3029 4498 3338 4576 Αὕγονστος
3389 4490 3707 4571 Ἀθανασίῳ.

2257 4633 2442 4688 Ἡνίκα
2492 4631 2543 4688 έν
2601 4638 2670 4707 τῇ
2731 4631 2951 4708 Ἐδέσσῃ
3131 4629 3510 4711 διετρίϐομεν,
3558 4632 3834 4709 παρόντων

424 4719 816 4794 teris,placuit
832 4725 897 4777 ut
917 4722 1102 4778 misso
1122 4723 1193 4778 ad
1216 4726 1272 4778 te
1293 4724 1651 4796 presbytero,
1703 4724 1776 4779 ad
1808 4728 2057 4781 nostrum

2181 4727 2288 4778 τῶν
2347 4727 2451 4777 σῶν
2513 4718 2914 4799 πρεσϐυτέρων,
2964 4720 3154 4797 ἤρεσεν
3214 4724 3386 4795 ὅπως,
3441 4721 3833 4779 ἀποσταλέντος

424 4807 768 4865 comitatum
787 4827 1150 4883 properares,
1175 4816 1240 4866 ut
1261 4812 1361 4867 ubi
1381 4812 1608 4869 vultum
1628 4817 1895 4870 nostrum
1937 4830 2075 4870 con-

423 4898 1602 4972 spexisses,quamprimumAlexandriam
1623 4903 2072 4974 proﬁciscerere:

423 4988 526 5043 sed
559 4987 698 5060 quia
721 4987 975 5044 multum
1011 4989 1294 5062 temporis
1329 4989 1554 5046 efﬂuxit
1592 5005 1660 5045 ex
1708 5007 1822 5062 quo
1867 4990 2057 5048 litteri:

2192 4990 2457 5067 πρόσοψιν
2494 5034 2507 5059 ,
2559 4989 2754 5052 εὐθέως
2817 4990 2890 5054 εἰς

423 5077 645 5134 nostris
662 5077 917 5150 acceptis
942 5095 1059 5134 non
1080 5077 1314 5147 venisti,
1340 5082 1648 5151 eapropter
1676 5083 1732 5134 te
1774 5081 1900 5152 jam
1933 5097 2076 5154 quo-

425 5181 540 5239 que
568 5165 836 5238 impense
865 5167 1195 5236 hortamur,
1228 5172 1294 5224 ut
1321 5167 1408 5224 vel
1443 5185 1602 5224 nunc
1659 5168 1869 5226 saltem
1900 5186 2077 5244 quam

499 5344 791 5418 (a)_Palat.
833 5345 924 5398 καὶ
969 5341 1174 5418 δείσας,
1201 5343 1377 5415 αὐτὸν,
1428 5340 1588 5400 καλεῖ
1640 5345 1866 5404 Ἀθ......
1904 5345 2077 5402 ἐλθεῖν

426 5415 849 5506 παρ¹’;έὲρτῷ..,.
882 5417 1134 5506 tam}?
1167 5417 1345 5471 Ἀθαν.

499 5469 576 5560 (ὁ)
607 5487 698 5542 Sic
933 5469 1291 5564 .Edi'tifyci‘q.
1307 5484 1605 5564 ῌροσδοκῷ
1637 5484 1727 5542 οὖν
1741 5509 1751 5522 ο
1772 5562 1782 5564 ῃ
1801 5489 1933 5564 Mox
1953 5492 2080 5564 ,Ρᾶ-

426 5553 988 5632 Ιᾳίζίπαρᾼαγίνεσθαι.
1025 5553 1709 5632 Ιβὶἁηβᾱὶῐίξᾶπολαϐεῖν,
1729 5562 1827 5617 ubi
1867 5561 2078 5631 Palat.,

425 5628 781 5706 αἰτεῖνζμΜοὶι
813 5628 1359 5706 Ρεὶειίη-ἐνεπόδησε,
1393 5650 1496 5706 pro
1530 5630 1827 5688 ἐνεπόδισε.

497 5701 568 5775 (c)
600 5701 693 5758 Sic
739 5718 881 5760 mss.
938 5703 1090 5762 Editi
1138 5701 1294 5774 vero,
1339 5701 1428 5759 καὶ
1478 5706 1802 5779 πραθήση...
1867 5703 2078 5759 ἀποκα-

2184 4807 2547 4887 πρεσϐυτέρου
2580 4815 2714 4887 πρὸς
2764 4813 2840 4885 σὲ,
2886 4809 3191 4885 σπουδάσῃς
3243 4810 3414 4867 ἐλθεῖν
3450 4812 3526 4874 εἰς
3555 4812 3617 4867 τὸ
3647 4811 3835 4883 ἡμέτε-

2187 4921 2280 4975 ρον
2326 4907 2641 4974 κομιτᾶτον,
2694 4900 2780 4956 ἐπὶ
2825 4903 2910 4971 τὸ,
2964 4899 3146 4957 ἰδόντα
3191 4903 3264 4976 (g)
3317 4922 3376 4956 crs
3422 4902 3521 4971 τὴν
3571 4899 3833 4974 ἡμετέραν

2949 4992 3048 5061 τὴν
3105 4987 3510 5067 Ἀλεξάνδρειαν
3581 4987 3833 5046 ὁδεῦσαι.

2187 5078 2348 5136 Ἀλλ’
2404 5077 2590 5149 ἐπειδῆ
2650 5079 2851 5157 χρόνος
2909 5078 3226 5154 παρῆλθεν,
3278 5079 3367 5158 ἀφ’
3428 5080 3490 5135 οὗ
3545 5080 3836 5155 γράμματα

2189 5166 2476 5242 δεξάμενος
2516 5170 2644 5246 παρ’
2681 5172 2844 5243 ἡμῶν
2893 5168 2992 5223 οὐκ
3039 5169 3368 5244 ἀπῃντήσας,
3419 5165 3509 5223 διὰ
3547 5172 3710 5224 τοῦτο
3748 5161 3833 5219 καὶ

2187 5348 2484 5409 τασταθείς.

2261 5420 2340 5497 (d)
2370 5420 2457 5497 Ita
2477 5417 2670 5497 Palat.
2691 5419 2858 5497 ﬁdit}
2890 5436 3042 5491 vero,
3078 5415 3164 5474 ἐπὶ
3193 5421 3301 5497 τῶν
3336 5419 3472 5497 ἀμφ..

2263 5487 2333 5562 (ε)
2354 5492 2447 5546 Sic
2475 5491 2657 5562 Palat.
2691 5487 3038 5562 Editipvero,
3079 5487 3546 5562 κομητᾶτον,’ὴίο
3576 5495 3632 5547 et
3659 5487 3826 5548 infra.

2366 5562 2570 5632 Palat.,
2604 5559 2654 5615 ἐν
2682 5563 2748 5632 τή
2788 5558 3125 5633 Ἐδεσσινῶν,

2263 5623 2463 5707 Sic
2484 5623 2843 5707 Palat._Editi
2864 5651 3020 5707 vero,
3045 5630 3243 5692 εἰδότα.
3272 5634 3427 5693 Infra
3443 5623 3654 5704 Palat”
3690 5628 3827 5686 ἐπει-

2197 5701 2553 5772 δῆπλεῖστος
2585 5703 2800 5773 κράνος.
