4146 6378
1242 402 1430 469 νΙΤΑ
1473 404 1542 467 S.
1586 401 2019 468 ΑἸἮΔΝΑΒῙΙ
2060 401 2168 466 EX
2211 401 2822 466 METAPHRASTE.

3455 409 3745 466 OGXXXVH

333 531 429 602 νῦν,
457 525 772 604 ὑπομνῆσαι
799 549 861 586 σε
891 527 1316 607 ἐσπουδάσαμεν,
1359 532 1452 589 ’ίνα
1491 535 1580 589 καὶ
1637 540 1727 588 νῦν
1753 536 1850 603 τὴν
1885 536 1981 603 σήν

2109 533 2396 591 3elerrime
2425 535 2593 590 nobis
2620 538 2677 590 te
2709 533 2905 602 sistas,
2939 549 3056 606 quo
3082 535 3139 588 et
3167 530 3366 605 patrias
3399 530 3652 602 restitui,
3685 533 3744 586 et

340 617 631 693 παρουσίαν
659 625 880 695 ταχεῖαν
911 617 1126 694 ἀποδῷς
1157 624 1250 697 (a),
1282 623 1370 678 καὶ
1405 621 1545 678 οὕτω
1579 621 1866 694 δυνηθείης
1912 627 1980 697 τῇ

337 705 551 782 πατρίδι
604 730 702 764 σου
747 707 1198 783 ἀποκατςσθῆναι,
1241 712 1331 767 καὶ
1382 719 1489 787 τῆς,
1530 712 1700 788 εὐχῆς
1747 733 1842 766 σου
1873 712 1984 766 ἐπι-

333 801 537 873 τυχεῖν.
590 798 736 872 Πρὸς
783 795 841 852 δὲ
892 797 1273 875 πληρεστάτην
1324 799 1578 876 διήγησιν
1621 798 1858 871 Ἀλήταν
1891 801 1980 855 τὸν

335 883 578 942 διάκονον
614 885 1006 961 ἀπεστείλαμεν
1057 897 1181 966 παρ’
1228 890 1289 945 οὗ
1336 887 1538 964 δυνήσῃ
1582 892 1763 964 μαθεῖν
1794 896 1895 959 τῆς
1926 911 1985 943 τε

333 977 598 1051 ἡμετέρας
625 979 819 1053 ψυχῆς
859 979 957 1047 τὴν
1004 977 1340 1056 προαίρεσιν,
1392 981 1481 1034 καὶ
1515 979 1597 1034 ὅτι
1644 977 1874 1050 τούτων,
1910 979 1980 1032 ὧν

332 1059 484 1140 εὔχῃ,
512 1071 706 1140 τυχεῖν
740 1063 960 1142 δυνήσῃ.

401 1155 489 1211 41.
521 1152 730 1216 Ταύτας
760 1156 856 1218 τὰς
906 1153 1200 1219 ἐπιστολὰς
1248 1154 1533 1230 δεξάμενος
1567 1157 1594 1211 6
1645 1157 1798 1231 ἅγιος
1829 1158 1985 1212 Ἀθα-

333 1241 546 1315 νᾶσιος,
601 1239 870 1315 ἐπιδείξας
918 1265 978 1300 τε
1022 1250 1103 1318 τῷ
1161 1243 1377 1322 βασιλεῖ
1419 1245 1507 1301 καὶ
1565 1251 1644 1318 τῷ
1706 1244 1986 1318 ἐπισκόπῳ

331 1330 570 1420 Ἰουλίῳ,
607 1329 661 1387 ἐν
720 1333 947 1409 μεγίστῃ
978 1340 1125 1420 χαρᾷ
1169 1337 1269 1405 τὴν
1321 1336 1605 1409 Ῥωμαίων
1659 1333 1982 1405 Ἐκκλησίαν

333 1419 645 1490 κατέστησε.
691 1419 1042 1500 Παραχρῆμα
1090 1421 1148 1479 δὲ
1193 1426 1221 1479 6
1276 1423 1530 1500 βασιλεὺς
1587 1427 1720 1497 μετᾶ
1766 1422 1986 1492 πολλῆς

334 1506 662 1588 δορυφορίας
737 1511 1002 1585 ἐκπέμπει
1074 1514 1164 1568 τὸν
1245 1514 1411 1588 μέγαν
1483 1512 1792 1569 Ἀθανάσιον
1849 1510 1987 1586 πρὸς

331 1599 701 1655 Κωνστάντιον
726 1601 818 1656 τὸν
865 1601 1056 1656 ἐαυτοῦ
1109 1599 1364 1680 ἀδελφόν.
1418 1601 1514 1657 Καί
1555 1604 1582 1656 6
1638 1603 1900 1676 μακάριος
1933 1598 1990 1655 δὲ

332 1685 560 1751 Ἰούλιος
593 1695 714 1751 τοῖς
747 1689 798 1743 ἐν
831 1688 1209 1768 Ἀλεξανδρείᾳ
1236 1693 1324 1746 καὶ
1356 1691 1534 1762 πάσης
1572 1692 1851 1767 Αἰγύπτου
1900 1692 1987 1746 καὶ

330 1773 538 1847 Λιϐύης
571 1780 653 1851 (ὁ)
682 1776 971 1853 κληρικοῖς
1015 1800 1074 1834 τε
1117 1781 1206 1835 καὶ
1259 1779 1414 1843 λαοῖς
1463 1781 1674 1856 χαίρων
1727 1782 1851 1856 περὶ
1891 1784 1987 1834 τοῦ

331 1864 487 1940 ἁγίου
533 1866 859 1922 Ἀθανασίου
915 1866 1217 1924 ἐπέστειλεν
1264 1872 1356 1944 (6).
1401 1869 1658 1925 Ἐλθόντα
1702 1875 1832 1946 γοῦν
1881 1890 1984 1924 πα-

333 1950 620 2029 ραδέχεται
673 1955 763 2010 τὸν
816 1954 1129 2011 Ἀθανάσιον
1177 1958 1205 2011 6
1263 1956 1517 2032 βασιλεὺς
1574 1956 1985 2026 Κωνστύντιος,

331 2041 418 2096 καὶ
473 2045 544 2116 τῇ
597 2045 736 2098 κατὰ
795 2042 1200 2120 Ἀλεξάνδρειαν
1262 2045 1563 2118 Ἐκκλησία
1621 2046 1990 2116 ἀποκαθίστη-

331 2149 435 2198 σιν,
484 2129 818 2205 ἐπιτιμήσας
867 2133 982 2206 αύῷ
1031 2130 1354 2212 ὑφειμένως.
1389 2135 1531 2210 Πρὸς
1564 2136 1666 2210 γὰρ
1709 2131 1989 2211 λοιδορίαν

335 2239 460 2290 μου,
495 2225 688 2299 φησῐν,
722 2221 959 2295 τοιούτῳ
993 2221 1219 2300 ἐχρήσω
1265 2225 1342 2297 (d)
1393 2221 1640 2297 δρασμῷ,
1688 2223 1821 2296 ἐμοῦ
1855 2223 1994 2278 ἐτοί-

333 2327 446 2380 μως
493 2307 727 2386 ἔχοντος
783 2309 1293 2388 φιλανθρωπότερον
1339 2314 1476 2387 πρὸς
1531 2314 1588 2368 σὲ
1637 2312 1990 2382 διατεθῆναι.

329 2395 526 2467 Καὶδὴ
562 2400 704 2454 κατὰ
763 2400 1009 2455 ὑπόθεσιν
1064 2406 1172 2456 τῶν
1232 2399 1481 2457 ἐναντίων
1544 2403 1572 2456 6
1623 2403 1991 2464 Κωνστάντιος

327 2481 472 2560 λέγει
505 2487 651 2563 πρὸς
681 2488 772 2542 τὸν
821 2489 1153 2545 Ἀθανάσιοψ
1196 2489 1334 2544 Μίαν
1387 2511 1480 2563 μοι
1522 2488 1677 2545 δίδου
1722 2493 1883 2568 χάριν
1917 2490 1996 2545 αἷ-

327 2575 506 2644 τοῦντί
557 2597 671 2634 σοι.
718 2578 773 2630 '0
805 2574 862 2632 δὲ
906 2579 1044 2654 πρὸς
1094 2577 1252 2633 αὐτόν
1290 2598 1303 2612 ·
1346 2579 1618 2652 Ἀσμένως
1667 2579 1992 2656 παρέξομαι,

334 2662 602 2738 βασιλεῦ,
654 2667 790 2721 κατᾶ
843 2664 1066 2741 δύναμιν
1113 2666 1355 2739 αἰτηθείς
1405 2670 1496 2742 (e).
1530 2669 1586 2722 Ὁ
1632 2666 1688 2723 δὲ
1742 2666 1995 2743 βασιλεὺς

332 2748 428 2830 ἔφη
465 2772 480 2785 ⁸
543 2754 690 2810 Μίαν
753 2753 1044 2827 ἐκκλησίαν
1107 2755 1167 2811 ἐκ
1222 2761 1329 2810 τῶν
1395 2758 1532 2812 κατά
1586 2755 1993 2832 Ἀλεξάνδρειαν

330 2847 444 2908 τοῖς
494 2843 720 2917 Ἀρείου
768 2850 1054 2923 φοιτηταῖς
1103 2846 1239 2922 πρὸς
1277 2847 1345 2900 τὰ
1391 2848 1507 2902 κατ’
1560 2842 1678 2909 ἔθος
1727 2849 1997 2923 παραχώ-

335 2951 518 3007 ρησον.
553 2933 615 2986 Ὃ
647 2930 704 2988 δὲ
736 2931 908 3009 λέγει·
947 2936 1194 3007 Ποιήσω,
1256 2932 1502 3011 βασιλεῦ,
1554 2936 1731 3000 καθὼς
1783 2935 1996 2992 ἐκέλευ-

333 3041 448 3096 σας,
504 3023 579 3092 ἢν
635 3020 727 3078 καί
785 3022 848 3078 σύ
909 3045 1001 3096 μοι
1042 3025 1290 3099 παρέξεις
1340 3023 1524 3080 ἐνθάδε
1580 3024 1872 3095 ἐκκλησίαν
1919 3026 1994 3088 είς

333 3111 645 3174 συνέλευσιν
691 3115 801 3169 τῶν
853 3112 1030 3189 ὀρθῶς
1085 3113 1164 3177 εἷς
1220 3116 1449 3191 Χριστὸν
1497 3115 1882 3172 πιστευόντων.
1939 3117 1996 3169 Ὁ

335 3194 393 3254 δὲ
437 3202 812 3264 Κωνστάντιος
859 3203 1176 3280 προχείρως
1235 3203 1634 3280 ἐπηγγείλατο.
1685 3203 1906 3260 Ἐλύπει
1938 3202 1995 3260 δὲ

2019 1913 2069 1980 Β

2090 623 2207 680 voti
2237 641 2474 696 compos
2499 623 2649 680 effici
2695 639 2896 695 queas.
2931 621 3002 678 Ut
3033 625 3227 678 autem
3288 637 3379 676 res
3410 620 3517 676 tibi
3551 619 3744 675 fusius

2092 716 2149 768 et
2179 713 2410 786 plenius
2431 717 2755 781 enarretur,
2779 711 3006 768 Aletam
3033 711 3346 766 diaconum
3372 709 3744 776 misimus,ex

2093 817 2208 873 quo
2240 802 2346 857 tibi
2378 802 2633 858 ediscere
2665 801 2878 868 licebit,
2911 804 2968 855 et
3014 799 3228 854 mentis
3272 804 3481 855 nostrae
3531 814 3742 870 propo-

2094 890 2296 963 situm,
2330 897 2386 947 et
2417 900 2467 948 te
2497 908 2624 963 quae
2657 895 2824 962 optas
2849 889 3084 962 assequi
3120 904 3310 961 posse.

2170 1159 2255 1214 41.
2288 1163 2406 1216 Has
2435 1158 2716 1231 epistolas
2736 1175 2870 1214 cum
2893 1156 3214 1230 accepisset
3229 1157 3468 1210 sanctus
3487 1152 3745 1209 Athana-

2097 1247 2244 1318 sius,
2273 1253 2330 1304 et
2361 1252 2748 1305 monstrasset
2794 1246 3125 1319 imperatori
3175 1248 3234 1300 et
3265 1244 3537 1316 episcOpo
3565 1240 3746 1311 Julio,

2097 1338 2354 1393 maxima
2386 1337 2587 1392 laetitia
2617 1338 2939 1392 Romanam
2970 1334 3161 1391 affecit
3183 1332 3521 1389 Ecclesiam.
3547 1330 3749 1386 Confe-

2099 1427 2237 1483 stim
2271 1431 2465 1482 autem
2499 1426 2814 1498 imperator
2844 1441 2977 1480 cum
2999 1423 3202 1479 multis
3234 1419 3750 1486 satellitibus,mit—

2097 1515 2169 1572 tit
2197 1533 2478 1588 magnum
2509 1515 2895 1571 Athanasium
2946 1514 3016 1568 ad
3049 1511 3454 1568 Constantium
3508 1509 3748 1563 fratrem

2100 1622 2295 1662 suum.
2331 1606 2400 1661 Et
2439 1606 2646 1660 beatus
2690 1603 2886 1660 Julius
2944 1601 3308 1658 Alexandriae
3357 1603 3414 1654 et
3469 1597 3750 1652 universae

2099 1695 2324 1768 Egypti
2365 1699 2420 1750 et
2473 1694 2662 1766 Libyae
2706 1693 2932 1749 clericis
2977 1695 3034 1747 et
3064 1688 3296 1764 pOpulis
3343 1685 3649 1760 gratulans
3682 1685 3754 1740 de

2100 1789 2300 1839 sancto
2332 1784 2644 1839 Athanasio
2693 1782 2918 1837 litteras
2969 1780 3151 1836 misit.
3186 1777 3530 1834 Venientem
3576 1775 3757 1848 igitur

2097 1871 2483 1927 Athanasium
2516 1871 2728 1943 excipit
2747 1871 3066 1942 imperator
3085 1865 3486 1930 Constantius,
3509 1863 3754 1920 Alexan-

2101 1961 2281 2016 drinae
2315 1959 2572 2015 restituit
2627 1957 2916 2027 Ecclesiae,
2953 1973 3083 2014 cum
3132 1956 3343 2012 leniter
3387 1954 3759 2025 objurgasset

2101 2050 2312 2104 virum.
2347 2049 2494 2104 Nam
2525 2048 2584 2103 in
2616 2046 3050 2115 contumeliam,
3085 2045 3184 2112 ait,
3215 2060 3429 2107 meam,
3461 2039 3755 2112 ejusmodi

2103 2139 2242 2210 fuga
2271 2154 2417 2193 usus
2446 2155 2527 2205 es,
2563 2154 2696 2193 cum
2730 2141 2966 2210 paratus
2997 2151 3103 2207 ego
3125 2149 3315 2190 essem
3348 2133 3420 2188 ad
3457 2136 3512 2187 te
3543 2131 3760 2203 perhu-

2104 2227 2356 2282 maniter
2403 2225 2895 2298 amplectendum.
2930 2230 3010 2279 Ac
3069 2220 3521 2295 suggerentibus
3554 2219 3759 2274 adver-

2105 2316 2276 2373 sariis
2309 2315 2447 2370 dicit
2475 2315 2850 2371 Constantius
2880 2312 3237 2368 Athanasio:
3264 2311 3452 2366 Unam
3486 2307 3632 2363 mihi
3663 2322 3760 2378 pe-

2104 2405 2245 2461 tenti
2280 2405 2528 2460 concede
2558 2405 2829 2476 gratiam.
2862 2403 3010 2458 Tum
3045 2400 3143 2456 ille
3164 2418 3182 2455 :
3216 2399 3508 2463 Libenter,
3540 2395 3754 2467 inquit,

2105 2495 2444 2568 imperator,
2474 2509 2577 2566 pro
2610 2493 2884 2549 facultate
2923 2494 3191 2563 optatum
3223 2486 3530 2560 prastabo.
3568 2482 3756 2557 Impe-

2106 2587 2264 2638 rator
2293 2588 2526 2638 autem:
2570 2581 2777 2651 Unam,
2826 2580 3038 2652 inquit,
3085 2575 3612 2633 Alexandrinarum
3661 2588 3756 2628 ec-

2106 2671 2418 2728 clesiarum
2449 2670 2683 2726 Arianis
2714 2670 2771 2725 in
2806 2686 2979 2725 usum
3003 2667 3325 2724 concedito.
3350 2664 3598 2736 Reponit
3625 2660 3753 2718 ille:

2105 2762 2357 2832 Faciam,
2390 2777 2422 2816 ο
2449 2759 2788 2832 imperator,
2823 2758 2981 2830 quod
3023 2757 3198 2828 jubes
3223 2772 3236 2823 ;
3266 2753 3316 2810 si
3346 2759 3411 2810 tu
3469 2751 3612 2808 mihi
3662 2749 3758 2806 hic

2106 2849 2409 2907 ecclesiam
2439 2847 2831 2915 concedas,ad
2863 2849 3211 2903 conventum
3232 2860 3436 2900 eorum
3471 2841 3573 2915 qui
3605 2842 3758 2896 recte

2106 2939 2166 2995 in
2199 2939 2496 2994 Christum
2529 2938 2792 2993 credunt.
2837 2934 3212 2992 Constantius
3261 2933 3319 2988 id
3355 2934 3590 3004 repente
3622 2945 3758 3001 pro-

2107 3028 2304 3084 misit:
2353 3027 2452 3083 sed
2501 3026 2610 3082 hoc
2663 3025 2960 3098 pungebat
3012 3021 3393 3080 adversarios.
3436 3019 3521 3076 Ita
3576 3018 3760 3090 igitur

2105 3117 2422 3189 imperator
2469 3116 2576 3171 viri
2635 3113 3007 3187 prudentiam
3065 3111 3414 3173 admiratus,
3473 3106 3759 3162 intellexit

2104 3206 2346 3263 Arianos
2377 3221 2511 3260 cum
2539 3209 2778 3260 strenuo
2801 3203 2922 3258 viro
2956 3201 3256 3274 negotium
3279 3198 3588 3264 habere,ac
3620 3211 3756 3251 cum

331 3292 489 3348 τοῦτο
517 3289 654 3353 τοὺς
687 3289 982 3354 ἐναντίους.
1018 3290 1203 3355 Οὕτως
1237 3291 1327 3346 οὖν
1357 3294 1384 3348 6
1420 3292 1672 3368 βασιλεὺς
1723 3292 1994 3350 κατεπλά-

2109 3311 2322 3367 magno
2349 3293 2574 3349 dimisit
2630 3292 2868 3361 honore,
2920 3289 3248 3360 litterisque
3285 3287 3418 3344 suis
3433 3284 3616 3356 jussit
3644 3283 3761 3355 epi-

334 3397 406 3452 γη
433 3383 533 3436 τοῦ
578 3376 773 3456 ἅνδρος
801 3381 900 3450 τὴν
934 3379 1219 3461 φρόνησιν,
1254 3381 1332 3444 ὡς
1362 3380 1451 3436 καί
1505 3389 1715 3456 νοῆσαι,
1749 3382 1833 3438 ὅτι
1858 3381 1994 3459 πρὸς

336 3461 499 3544 ἄνδρα
530 3466 754 3544 ἔχουσιν
805 3470 856 3523 οἱ
908 3469 968 3526 ἐκ
1013 3477 1116 3540 τῆς
1145 3469 1360 3548 ’Δρείου
1408 3472 1686 3546 αἱρέσεως
1741 3471 1831 3528 καὶ
1864 3471 1999 3528 ἀπο-

337 3551 452 3612 λύει
482 3556 646 3613 αὐτὸν
683 3558 820 3630 μετᾶ
862 3556 1041 3629 πάσης
1079 3565 1271 3633 τιμῆς,
1322 3558 1534 3635 γράψας
1585 3560 1901 3623 ἐπισκόποις
1943 3581 2002 3614 τε

337 3640 629 3722 κληρικοῖς
660 3643 750 3699 καὶ
790 3642 950 3708 λαοῖς
991 3648 1117 3724 περὶ
1164 3652 1261 3702 τοῦ
1307 3647 1554 3722 ἀσμένως
1601 3649 1758 3705 αὐτὸν
1813 3648 2001 3705 ὑποδέ-

2109 3383 2320 3455 scopis,
2348 3381 2572 3437 clericis
2616 3385 2673 3437 et
2716 3379 2949 3453 populis
2999 3383 3062 3434 ut
3089 3377 3336 3432 libenter
3376 3391 3511 3431 eum
3544 3373 3760 3446 recipe-

2109 3476 2259 3542 rent,
2292 3471 2551 3542 itemque
2580 3469 2794 3542 populo
2843 3466 3250 3524 Alexandrino.
3286 3462 3532 3536 Scripsit
3579 3462 3758 3518 etiam

2111 3561 2183 3617 ad
2213 3558 2596 3632 Augustalem
2627 3563 2684 3615 et
2712 3558 2782 3614 ad
2814 3557 3110 3630 prefectos
3141 3572 3243 3628 per
3270 3555 3606 3627 Egyptum.
3637 3551 3757 3608 Lit-

2115 3653 2248 3705 terae
2277 3665 2447 3722 porro
2479 3648 2551 3703 ad
2579 3646 2963 3719 Augustalem
2996 3646 3080 3701 sic
3111 3645 3328 3700 habent
3353 3661 3366 3698 :

340 3731 546 3803 ξασθαι,
577 3733 668 3788 καὶ
698 3737 778 3807 τῷ
809 3731 874 3804 δή
887 3757 974 3808 μῳ
1008 3739 1076 3811 (Γ)
1103 3741 1213 3792 τῶν
1244 3735 1662 3815 Ἀλεξανδρέων.
1695 3738 1894 3818 Γράφει
1925 3737 1983 3795 δὲ
2011 3737 2101 3795 καὶ
2130 3739 2266 3814 πρὸς
2295 3737 2386 3792 τὸν
2413 3734 2820 3812 Αὖγουστάλιον
2853 3733 2942 3789 καὶ
2967 3733 3092 3796 τοὺς
3117 3731 3169 3788 ἐν
3193 3729 3458 3807 Αἲγύπτῳ
3487 3727 3760 3805 ἄρχοντας

465 3823 629 3899 Ἔχει
659 3819 716 3890 δὲ
743 3824 812 3879 τὰ
838 3825 976 3901 πρὸς
1005 3826 1097 3881 τὸν
1134 3826 1542 3903 Δῦγουστάλιον
1571 3830 1872 3904 γράμματα
1901 3827 2098 3892 οὕτως.

487 3913 862 3976 Κωνστάντιος
913 3915 1165 3993 Νικῃτής
1205 3914 1515 3993 Αὔγονστος
1565 3917 1844 3993 Νεστορίῳ

969 3937 1165 3985 ικητης
1205 3937 1284 3974 Au
1329 3938 1382 3972 ον

965 3937 1382 4062 Αὐγονσταλίῳ.

407 4069 556 4128 Εἵτι
585 4069 794 4144 δήποτε
841 4075 948 4151 πρὸ
985 4074 1183 4131 τούτου
1233 4076 1325 4133 ἐπί
1379 4073 1560 4153 βλάϐῃ
1589 4079 1680 4135 καὶ
1712 4074 1865 4156 ὕϐρει
1895 4084 2002 4135 τῶν

341 4159 748 4218 κοινωνούντων
796 4165 1094 4238 Ἀθανασίῳ
1172 4171 1253 4238 τῷ
1321 4167 1602 4241 ἐπισκόπῳ
1657 4170 2000 4246 προσταχθὲν

342 4249 665 4327 εὑρίσκεται,
724 4256 894 4307 ταῦτα
941 4257 1030 4308 νῦν
1081 4253 1482 4334 ἀπαλειφθῆναι
1541 4260 1622 4331 (h)
1671 4256 2002 4333 βουλόμεθα’

339 4335 424 4392 καί
451 4341 556 4410 τήν
589 4336 1072 4418 ἆλειτουργησίαν,
1103 4344 1172 4412 ἢν
1205 4338 1368 4421 ἔσχον
1423 4345 1476 4399 οἱ
1526 4345 1690 4400 αὐτοῦ
1719 4346 2002 4420 κληρικοὶ,

338 4425 463 4512 τοὺς
495 4426 692 4491 αὐτοὺς
719 4425 884 4484 πάλιν
917 4431 1020 4500 τὴν
1072 4431 1239 4502 αὐτὴν
1288 4430 1520 4506 θέλομεν
1572 4431 1735 4512 ἔχειν.
1790 4435 1999 4506 Ταύτην

343 4511 399 4572 δὲ
425 4518 528 4588 τὴν
579 4518 849 4592 ἡμετέραν
900 4519 1189 4596 πρόσταξιν
1250 4519 1600 4600 φυλαχθῆναι
1633 4511 1636 4512 ν
1666 4520 1999 4597 βουλόμεθα·

355 4602 478 4632 Si..-
541 4604 894 4632 J._-B-nl_.___
943 4609 1238 4632 r.n,..,-,l,,
1317 4615 1404 4632 ἀνα-
1462 4609 1475 4632 ν
1604 4611 1643 4632 γι
1822 4615 1847 4625 υ
1883 4614 1896 4632 ν

355 4604 381 4628 υ
547 4607 561 4626 τ
943 4610 958 4630 9
1378 4615 1404 4625 ~
1822 4615 1847 4625 ’⁸
1883 4614 1896 4632 ν

343 4626 503 4676 more,
536 4604 895 4672 αποδοθέντος
959 4609 1263 4665 Αθανασίου
1311 4631 1409 4665 του
1457 4609 1752 4666 ἐπισκόπου
1782 4633 1850 4685 τῃ
1901 4619 2001 4668 Εκ-

2203 3918 2556 3975 Constantius
2591 3917 2765 3973 Victor
2793 3916 3064 3988 Augustus
3085 3913 3333 3971 Nestorio
3361 3910 3673 3983 Augustali.

2184 4077 2242 4133 Si
2274 4077 2415 4150 quid
2474 4077 2757 4134 hactenus
2815 4076 2888 4132 ad
2946 4075 3232 4130 damnum
3280 4070 3767 4130 contumeliamve

2113 4183 2316 4224 eorum
2349 4165 2451 4239 qui
2478 4182 2613 4222 cum
2642 4164 2963 4221 Athanasio
2993 4163 3264 4236 episcopo
3300 4161 3765 4217 communicave-

2113 4261 2273 4323 runt,
2307 4256 2606 4312 decretum
2655 4259 2953 4327 repertum
3003 4252 3198 4320 fuerit,
3239 4251 3297 4306 id
3338 4251 3463 4321 jam
3495 4249 3768 4306 volumus

2112 4344 2317 4402 deleri.
2352 4344 2545 4400 Placet
2591 4344 2750 4400 enim
2807 4359 2987 4415 quam
3047 4340 3480 4397 immunitatem
3522 4339 3768 4395 antehac

2112 4434 2242 4504 ejus
2272 4431 2465 4490 clerici
2498 4433 2851 4498 habuerunt,
2886 4435 2951 4486 ut
2980 4431 3182 4486 eadem
3225 4427 3440 4483 iterum
3472 4427 3762 4483 fruantur.

2111 4526 2232 4578 Hoc
2253 4527 2452 4577 autem
2484 4527 2753 4577 nostrum
2785 4521 3086 4575 decretum
3114 4515 3413 4573 observari
3457 4515 3764 4586 jubemus,

2112 4617 2180 4667 ut
2210 4611 2529 4667 Athanasio
2560 4608 2829 4665 Ecclesiae
2861 4625 2980 4664 suae
3024 4606 3322 4677 restituto,
3356 4604 3457 4676 qui
3507 4620 3644 4659 cum
3697 4620 3764 4660 eo

342 4691 592 4776 κλησίᾳ,
652 4695 781 4758 τοὺς
857 4703 1253 4762 κοινωνοῦντας
1462 4699 1609 4772 αὐτῷ
1688 4695 1832 4775 ἔχειν
1902 4702 2001 4770 τὴν

2115 4700 2556 4757 communicant
2583 4699 2787 4755 eadem
2837 4697 3131 4770 gaudeant
3175 4694 3552 4750 immunitate
3585 4709 3764 4764 quam

345 4781 822 4862 ἀλειτουργησίαν,
881 4787 949 4855 ἣν
1007 4785 1086 4843 ἀεὶ
1147 4783 1334 4863 ἔσχονο
1385 4785 1459 4841 τίν’
1507 4787 1684 4851 οὕτως
1732 4786 1823 4842 καί
1851 4789 2006 4844 αὐτοὶ

2115 4805 2350 4861 semper
2377 4789 2657 4857 habuere,
2683 4793 2741 4843 et
2783 4804 2900 4860 qua
2955 4783 3148 4841 ceteri
3199 4783 3479 4839 fruuntur
3529 4781 3762 4850 clerici;

347 4873 603 4958 χαίρωσι.

2114 4883 2181 4934 ut
2210 4878 2468 4950 idipsum
2501 4876 2796 4934 consecuti
2825 4875 3138 4949 gaudeant.

415 4966 503 5034 Τῷ
530 4962 679 5036 αύτῷ
714 4963 872 5037 τύπῳ
918 4964 1009 5020 καὶ
1056 4969 1174 5028 τοῖς
1224 4965 1276 5020 ἐν
1329 4968 1393 5040 (ί)
1440 4970 1708 5041 Ταμνικῇ,
1761 4965 1850 5021 καὶ
1903 4974 2005 5036 θη-

2185 4967 2402 5023 Eadem
2436 4968 2623 5024 forma
2652 4967 2724 5023 iis
2767 4966 2868 5038 qui
2915 4965 2974 5020 in
3032 4961 3330 5029 Tamnice,
3365 4958 3682 5029 Thebaide,
3710 4963 3767 5014 et

351 5042 518 5138 quia,
547 5050 639 5108 καί
669 5047 844 5128 Λιϐύῃ
869 5054 1130 5128 ἠγέμοσι,
1179 5059 1298 5117 ταῖς
1344 5055 1624 5119 τοιαύταις
1673 5057 1756 5130 (k)
1791 5054 2005 5113 ἐπιστο-

2115 5056 2296 5131 Libya
2327 5061 2496 5114 erant
2519 5055 2838 5129 rescripsit.
2872 5051 3178 5126 Ejusmodi
3207 5047 3471 5123 epistolis
3502 5046 3766 5104 munitus

439 5230 494 5306 α)
522 5231 628 5306 Sic
646 5231 1018 5306 Palat._Edi_ti
1044 5247 1202 5306 vero,
1233 5228 1544 5306 ᾀποδώσῃς.

439 5230 494 5303 a)
522 5231 618 5288 Sic
646 5231 829 5290 Palat.
861 5231 1018 5290 Editi
1044 5247 1202 5302 vero,
1233 5229 1544 5306 ἀποδώσῃς.

351 5229 732 5438 καὶραξὲἓὲ.
765 5301 858 5360 καὶ
910 5303 1054 5377 πάσῃ
1109 5302 1377 5378 Αἰγύπτῳ
1426 5303 1618 5378 Λιούῃ.
1676 5309 1804 5364 Mox
1849 5305 2006 5364 idem

423 5446 492 5572 (ρ’)
524 5447 618 5502 Sic
648 5447 831 5504 Palat.
866 5445 1020 5503 Editi
1045 5463 1200 5515 vero,
1232 5440 1569 5529 ἀπέστειλεν.

423 5517 715 5586 ()Palat.
769 5516 1060 5586 ἐκέχρησο.
1121 5519 1256 5577 Mox
1309 5519 1472 5586 editi,
1523 5540 1569 5576 κι

2187 5235 2264 5309 (g)
2296 5235 2477 5309 Palat.
2504 5231 2909 5309 auiupbc‘tobc
2942 5229 3233 5306 ἄρχοντας.

2295 5306 2478 5383 Palat.
2513 5303 2868 5383 ᾇπηλεξίφθαι.

2188 5365 2462 5452 Palat:
2685 5365 3016 5452 ἀποδοθῆναι
3069 5371 3378 5429 Ἀθανσὶσιον
3428 5368 3520 5424 τὸν
3551 5365 3766 5424 ἐπίσκο-

2116 5446 2216 5503 πον
2236 5446 2312 5518 ’τῆ
2341 5447 2630 5521 ἐκκλησίᾳ,
2661 5448 2751 5503 καὶ
2780 5446 2908 5507 τοὺς
2939 5465 3078 5500 κοιν.

535 5517 715 5575 Palat.
769 5516 1060 5592 ἐκέχρησο.
1121 5519 1256 5577 Mox
1309 5519 1472 5591 editi,
1523 5520 1662 5576 κατὰ
1701 5519 2005 5592 ὑποθήκην.

535 5633 536 5641 χ
571 5594 636 5646 ut
663 5591 724 5648 in
753 5593 936 5648 textu.

2283 5516 2759 5595 Ᾱύγουσταμνικῇ.

2191 5599 2210 5648 (
2257 5597 2274 5648 Ἰ
2308 5593 2486 5648 Palat.
2515 5592 2604 5646 καὶ
2632 5596 2749 5648 τοῖς

357 5577 536 5663 Palat.
571 5594 636 5663 ut
663 5591 724 5648 in
753 5577 970 5663 text'ii.’
1160 5661 1208 5663 _
1281 5657 1318 5663 __
1366 5660 1387 5663 __
1455 5577 1471 5591 ’
1862 5577 1872 5592 ’
1938 5577 1947 5591 ’
1994 5577 2002 5578 ί

2129 5655 2151 5663 _
2308 5577 2486 5650 Palat.
2515 5577 2604 5646 καὶ
2632 5577 2833 5663 τοῖςὲἐν
2867 5586 3128 5663 Αἰγύπτῳ
3151 5584 3239 5663 καὶ
3283 5577 3513 5656 Θηϐαῖδι
3546 5582 3637 5638 καὶ
3671 5588 3764 5637 Λι-

446 5661 497 5740 ?)
521 5659 714 5740 £91184:-
739 5659 1110 5740 .al‘=0§vtt...._
1159 5661 1239 5740 ’O_
1279 5657 1513 5740 Steinev.
1566 5664 1844 5740 Ho_t1§cio,_
1876 5669 2004 5740 Βασ,
2120 5655 2224 5735 ϐύη
2254 5655 2529 5740 ’ᾐγεμόσιν
2564 5659 2905 5733 ἐπέστελλεν,
2937 5655 3024 5714 καὶ
3056 5655 3262 5713 τοιαύτ·

445 5719 494 5804 [ᾗ
520 5731 706 5792 Palat.
739 5729 1022 5798 λαϊκοῖς...
1056 5733 1172 5791 σθαι
1197 5719 1428 5809 ίὸμοίως
1471 5733 1526 5791 οὲ
1574 5733 1662 5790 καὶ
1693 5719 2008 5811 ’τῷ’δήμῳξ
2046 5744 2053 5751 ’
2213 5719 2223 5735 ’
2277 5719 2285 5738 ⁵
