4146 6396
358 413 662 470 ccxxxvm

1750 416 2366 484 PROLEGOMENA.

355 542 594 596 sanctus
623 538 1004 613 Athanasius,
1025 561 1126 618 per
1154 546 1381 621 Syriam
1413 551 1729 623 profectus,
1752 552 2007 611 Palesti-

2125 550 2264 622 λαῖς,
2301 551 2601 631 ὀχυρωθεὶς
2649 551 2678 609 6
2710 551 2864 630 ἅγιος
2913 546 3231 617 Ἀθανάσιος
3279 514 3368 609 διὰ
3410 554 3512 623 τῆς
3564 516 3764 631 Συρίας

357 642 496 684 nam
528 632 823 700 pervenit;
860 650 1111 707 cumque
1156 639 1514 709 pervenisset
1558 642 2006 716 Jerosolymam,

360 718 635 790 episcopo
671 722 919 778 Maximo
950 741 1160 798 magno
1191 732 1248 782 et
1297 730 1633 793 confessori,
1667 732 1765 804 qui
1798 738 1850 788 et
1884 734 2008 805 ipse

362 806 549 863 multa
578 814 812 881 propter
856 812 1170 871 Dominum
1217 817 1420 874 Jesum
1469 820 1763 877 Christum
1797 840 2008 895 passus

361 899 504 984 erat,
537 902 675 953 nota
717 900 852 954 facit
898 906 1029 957 acta
1083 905 1443 964 Sardicensis
1489 911 1691 982 synodi
1724 930 1736 979 ;
1772 917 1828 967 et
1852 913 2005 984 quod

360 982 676 1057 imperator
694 986 1069 1047 Constantius
1093 1009 1293 1050 eorum
1312 996 1532 1067 judicio
1554 982 1903 1071 astipulatus
1916 1016 2007 1056 es-

361 1078 467 1140 set,
500 1078 780 1146 curatque
809 1080 1100 1150 synodum
1131 1084 1257 1155 cogi
1287 1086 1691 1159 episcoporum
1726 1089 1897 1144 istius
1920 1106 2006 1145 re-

357 1161 566 1233 gionis.
600 1163 887 1221 Maximus
918 1169 1134 1241 quippe
1164 1171 1310 1227 nihil
1343 1180 1669 1243 cunctatus,
1702 1193 1837 1232 cum
1869 1194 2005 1233 con-

356 1256 620 1338 yocasset
647 1269 852 1311 omnes
882 1256 1136 1315 Orientis
1167 1261 1490 1335 episcopos,
1518 1269 1575 1319 et
1605 1267 1895 1338 synodum
1914 1284 2006 1323 ce-

357 1336 662 1409 lebrasset,
695 1349 897 1402 sancto
926 1348 1244 1406 Athanasio
1267 1368 1433 1407 suam
1455 1336 1711 1411 restituit
1743 1372 2005 1411 commu-

359 1429 595 1485 nionem
627 1435 684 1487 et
714 1432 1076 1506 dignitatem.
1096 1438 1340 1511 Scripsit
1363 1447 1419 1497 et
1448 1443 1576 1514 ipsa
1605 1446 1864 1517 synodus
1879 1444 2006 1502 Ale-

360 1519 687 1608 xandrinis,
721 1525 1115 1598 omnibusque
1172 1545 1274 1600 per
1324 1531 1632 1604 [Egyptum
1681 1538 1734 1589 et
1768 1534 2008 1608 Libyam

362 1606 653 1680 episcOpis
684 1609 909 1668 clericis
937 1618 994 1668 et
1043 1616 1294 1688 populis,
1323 1636 1685 1694 quaecunque
1732 1624 1804 1679 de
1831 1606 2007 1680 Atha-

362 1694 527 1752 nasio
558 1698 790 1755 decreta
844 1707 1057 1758 essent.
1097 1705 1455 1765 Athanasius
1513 1717 1706 1768 autem
1761 1729 2012 1785 magnus

286 1848 293 1855 κ
359 1782 445 1840 ita
473 1783 880 1845 Alexandriam
911 1808 1046 1848 cum
1070 1796 1446 1866 pervenisset,
1476 1782 2013 1875 Egyptiorum‘epi-

2118 644 2388 718 ὁρμήσας,
2420 650 2522 712 τῆς
2570 639 2938 713 Παλαιστίνης
2992 636 3182 712 ἐπέϐη·
3229 635 3550 697 καταλαϐών
3595 661 3654 696 τε
3698 641 3768 696 τὰ

2114 729 2467 807 Ἱεροσόλυμα
2512 732 2601 787 καὶ
2649 737 2727 804 τῷ
2780 730 3060 805 ἐπισκόπῳ
3126 731 3361 804 Μαξίμῳ
3406 734 3486 803 τῷ
3538 727 3766 805 μεγάλῳ

2115 820 2205 875 καὶ
2258 818 2587 896 ὁμολυγητῇ
2619 868 2634 895 ,
2687 821 2777 876 καὶ
2828 821 2972 894 αὖτῷ
3022 818 3111 875 διὰ
3162 820 3252 875 τὸν
3300 818 3493 894 Κύριον
3554 820 3763 889 Ἰησοῦν

2112 910 2340 985 ’Χριστὸν
2396 908 2582 966 πολλὰ
2622 910 2938 980 πεπονθότι,
2980 916 3253 988 καταφανῆ
3298 910 3532 980 ποιήσας
3587 909 3654 963 τά
3706 929 3767 964 τε

2118 1000 2220 1054 ὑπὸ
2250 1006 2351 1069 τῆς
2384 997 2656 1076 Σαρδικῆς
2706 998 2931 1055 συνόδου
2976 1001 3308 1076 πραχθέντα,
3328 998 3418 1053 καὶ
3440 997 3514 1060 ὡς
3546 998 3575 1053 6
3610 998 3766 1072 βασι-

2116 1086 2242 1151 λεὺς
2288 1090 2654 1153 Κωνστάντιος
2702 1093 2771 1164 τῇ
2812 1086 3025 1145 ἐκείνων
3071 1088 3243 1162 κρίσει
3291 1086 3500 1163 ἐγένετο
3548 1086 3768 1161 σύμψη-

2116 1199 2214 1255 φος
2242 1223 2256 1247 ,
2305 1180 2697 1255 παρασκευάζει
2747 1175 2968 1233 σύνοδον
3018 1182 3123 1231 τῶν
3174 1176 3284 1232 ἐκεῖ
3330 1178 3408 1250 (α)
3457 1174 3765 1232 ἐπισκόπων

2115 1268 2380 1342 γενέσθαι.
2440 1268 2497 1320 Ὁ
2542 1268 2645 1343 γὰρ
2707 1269 2863 1342 ἅγιος
2907 1266 3176 1340 Μάξιμος,
3231 1262 3399 1340 μηδὲν
3459 1262 3766 1338 μελλήσας,

2121 1356 2495 1430 μετεπέμπετο
2525 1357 2728 1418 πάντας
2756 1354 2883 1417 τοὺς
2912 1362 3015 1425 τῆς
3060 1352 3364 1424 Ἀνατολῆς
3414 1352 3767 1422 ἐπισκόπους,

2115 1445 2205 1500 καί
2254 1444 2473 1507 καθίσας
2514 1446 2591 1518 (b)
2642 1442 2940 1521 συνέδριον,
2993 1440 3295 1499 ἀποδίδωσι
3342 1440 3433 1498 καί
3482 1442 3641 1505 αὐτὸς
3689 1446 3771 1515 τῷ

2118 1532 2260 1609 ἁγίῳ
2292 1532 2591 1606 ’Δθανασίῳ
2618 1534 2718 1602 τήν
2759 1531 3045 1613 κοινωνίαν
3092 1532 3183 1587 καὶ
3223 1533 3323 1602 τὴν
3369 1530 3538 1603 ἀξίαν.
3565 1534 3769 1608 Ἔγρα-

2119 1623 2184 1700 φέ
2206 1643 2265 1677 τε
2284 1622 2372 1676 καὶ
2406 1621 2540 1691 αύτή
2574 1623 2608 1691 ἡ
2661 1618 2886 1684 σύνοδος
2932 1626 3050 1683 τοῖς
3096 1641 3156 1675 τε
3185 1619 3236 1676 ἐν
3277 1617 3651 1695 Ἀλεξανδρείᾳ
3678 1618 3771 1675 καὶ

2118 1717 2247 1767 πᾶσι
2276 1716 2393 1773 τοῖς
2430 1710 2482 1766 ἐν
2522 1708 2784 1785 Αἰγύπτῳ
2832 1710 2922 1766 καὶ
2971 1703 3146 1783 Λιϐύῃ
3192 1708 3509 1772 ἐπισκόποις
3553 1729 3632 1780 τε,
3678 1707 3771 1763 καὶ

2120 1799 2432 1877 κληρικοῖς,
2484 1801 2574 1855 καὶ
2606 1797 2763 1862 λαοῖς
2811 1800 2877 1854 τὰ
2926 1799 3242 1875 ἐγνωσμένα
3286 1797 3410 1875 περὶ
3437 1800 3508 1873 lc)
3541 1798 3771 1852 Ἀθανα-

364 1890 673 1947 scoporum
697 1880 949 1950 synodos
981 1884 1188 1957 coegit,
1222 1901 1349 1957 quae
1380 1888 1711 1945 consimilia
1741 1891 2011 1947 decreve-

364 1968 500 1988 ..η-ι
532 1963 603 1988 £2-
640 1983 757 1988 μη--
798 1969 853 1988 ,ιε
918 1970 999 1988 μη·
1154 1973 1166 1984 ο
1251 1974 1285 1988 η.
1376 1975 1414 1988 υ
1693 1978 1728 1988 ..
1832 1984 1839 1988 .
1891 1983 1900 1988 -
1959 1984 1967 1988 -

2125 1888 2261 1946 σίου.
2296 1890 2609 1949 ’Δθανάσιος
2654 1885 2713 1943 δέ
2756 1889 2783 1942 6
2819 1888 2989 1963 μέγας
3039 1887 3091 1943 ἐν
3134 1886 3402 1960 τοσούτῳ,
3445 1881 3771 1988 κπαλαϐῶν

364 1968 504 2019 runt
532 1963 605 2021 iis
634 1983 761 2039 quas
792 1969 864 2024 ab
910 1970 1202 2045 episcopis
1250 1974 1499 2032 Sardicze
1547 1978 1765 2035 coactis
1793 1983 2013 2036 statuta

364 2054 614 2125 fuerant,
639 2073 863 2114 necnon
896 2077 929 2115 a
959 2061 1210 2118 Maximo
1234 2063 1295 2119 in
1327 2066 1549 2136 synodo
1575 2068 2013 2142 Jerosolymita—

365 2160 458 2199 na.
491 2146 564 2199 At
610 2162 744 2202 cum
806 2148 1175 2221 Magnentius
1226 2151 1540 2225 imperium
1584 2155 1913 2224 invasisset,
1956 2161 2013 2214 et

364 2232 671 2290 occidisset
698 2235 1100 2308 Constantem,
1137 2257 1373 2297 rursum
1402 2243 1522 2297 Arii
1563 2249 1880 2301 sectatores
1909 2246 2010 2301 do-

362 2320 485 2378 lose
530 2323 810 2380 adversus
855 2325 1244 2383 Athanasium
1295 2329 1543 2387 incitant
1580 2334 2010 2390 Constantium.

359 2410 617 2467 Rursum
649 2413 1111 2481 edicta,rursum
1142 2417 1578 2486 minamursum
1611 2422 2012 2495 fuga,rursum

360 2500 705 2572 perquisitio
763 2502 981 2575 ubique
1008 2509 1297 2563 terrarum
1354 2513 1411 2564 et
1444 2510 1717 2567 marium.
1749 2516 2013 2585 Cumque

358 2589 711 2647 Athanasius
741 2591 1057 2650 Ecclesiarn
1106 2595 1482 2669 deseruisset,
1532 2602 1843 2673 Georgium
1877 2601 2011 2658 mit-

358 2680 513 2746 tunt,
546 2678 773 2735 Arianae
832 2686 1000 2737 sectae
1047 2683 1369 2757 hominem,
1421 2691 1918 2759 quemadmodum
1958 2694 2016 2748 et

362 2770 497 2824 ante
525 2768 867 2842 Gregorium
912 2774 1248 2844 quemdam.
1298 2776 1547 2833 Aeacius
1596 2784 1791 2834 autem
1822 2784 1878 2835 et
1904 2780 2013 2836 Pa-

362 2856 657 2929 tropbilus
695 2864 1007 2916 sectatores
1039 2861 1179 2930 Arii,
1212 2869 1482 2921 sanctum
1515 2866 1832 2924 Maximum
1861 2873 2017 2925 Jero-

366 2946 608 3018 solymis
639 2964 773 3004 cum
796 2948 1175 3023 expulissent,
1197 2952 1473 3025 Cyrillum
1492 2955 1543 3010 ei
1560 2956 2012 3013 substituerunt.

367 3034 573 3102 Qualia
603 3040 797 3093 autem
831 3037 1190 3097 Alexandriae
1210 3041 1493 3115 Georgius
1524 3045 1727 3101 eodem
1755 3049 2018 3117 tempore

366 3126 731 3197 perpetrarit,
750 3142 819 3183 ex
847 3126 976 3199 ipsa
1004 3128 1157 3185 beati
1186 3130 1490 3188 Athanasii
1521 3149 1658 3189 voce
1688 3133 1787 3205 qui
1816 3133 2017 3190 isthaac

2118 1980 2217 2048 τὴν
2252 1974 2679 2052 ’Δλεξάνδρειαν,
2711 1974 2967 2039 συνόδους
3008 1981 3115 2031 τῶν
3151 1974 3203 2031 ἐν
3254 1974 3518 2051 Αἰγύπτῳ
3549 1972 3770 2030 ἐπισκό-

2119 2089 2237 2122 πων
2266 2068 2634 2141 συνήθροισεν,
2668 2067 2723 2121 αἳ
2752 2064 3016 2144 ὁμόφωνα
3045 2066 3125 2139 (d)
3158 2064 3491 2143 ἐψηφίσαντο
3530 2068 3650 2126 τοῖς
3677 2061 3773 2117 τό-

2117 2177 2177 2212 τε
2207 2155 2257 2211 έν
2293 2154 2533 2233 Σαρδικῇ
2566 2152 2880 2210 συνελθοῦσι
2909 2153 3000 2209 καὶ
3047 2157 3116 2228 τῇ
3163 2153 3311 2230 παρᾶ
3356 2156 3436 2225 τῷ
3484 2151 3627 2228 ἁγίῳ
3655 2158 3774 2207 Μα-

2121 2245 2265 2320 ξίμῳ
2308 2244 2360 2300 ἐν
2409 2249 2528 2306 τοῖς
2557 2242 2965 2318 Ἰεροσολύμοις
3015 2242 3281 2318 γενομένῃ
3333 2238 3561 2314 συνόδῳ.
3597 2238 3778 2296 Ἀλλὰ

2121 2333 2453 2408 Μαγνεντίου
2496 2337 2565 2407 τῇ
2621 2332 2869 2408 βασιλείᾳ
2926 2330 3245 2405 ἐπιθεμένου
3279 2374 3294 2402 ,
3349 2328 3439 2386 καί
3491 2328 3777 2392 ἀνελόντος

2121 2424 2462 2494 Κώνσταντα,
2495 2419 2659 2478 πάλιν
2711 2423 2764 2478 οἱ
2813 2420 3027 2498 ’Δρείου
3072 2419 3326 2498 φοιτηταὶ
3368 2420 3506 2494 πρὸς
3552 2419 3777 2473 ’Δθανά-

2121 2533 2234 2568 σιον
2284 2510 2601 2582 ἐξαπατοῦσι
2649 2512 2720 2585 (θ)
2764 2511 2856 2565 τὸν
2907 2510 3314 2565 Κωνστάντιον.
3369 2506 3542 2563 Πάλιν
3593 2504 3776 2562 διατά-

2121 2620 2325 2677 γματα·
2374 2598 2539 2656 πάλιν
2584 2597 2805 2656 ἀπειλαί
2833 2618 2845 2630 ’
2890 2596 3056 2653 πάλιν
3106 2598 3252 2673 φυγή
3306 2592 3518 2659 ἔντονος
3545 2614 3558 2629 '
3608 2592 3774 2650 πάλιν

2124 2691 2453 2760 ἆναζήτησις
2487 2686 2575 2743 διὰ
2615 2689 2794 2759 πάσης
2836 2694 2943 2763 γῆς
2992 2686 3083 2742 καί
3128 2684 3422 2756 θαλάττης.
3472 2686 3572 2741 Καὶ
3621 2683 3777 2740 ἐκλε-

2123 2775 2382 2840 λοιπότος
2428 2779 2529 2846 τὴν
2581 2776 2907 2848 Ἐκκλησίαν
2952 2780 3050 2831 τοῦ
3104 2774 3372 2850 μακαρίου
3417 2773 3777 2847 Ἀθανασίου,

2124 2868 2400 2942 Γεώργιον
2431 2864 2772 2939 ἐκπέμπουσι
2799 2872 2902 2934 τῆς
2929 2865 3192 2944 φρατρίας
3227 2862 3646 2938 ’Δρείουριαθὼς
3687 2862 3780 2917 καὶ

2124 2952 2426 3030 ἔμπροσθέν
2476 2975 2593 3009 τινα
2640 2954 2977 3030 Γρηγόριον.
3030 2954 3284 3015 ’Δκάκιος
3329 2949 3389 3007 δέ
3433 2949 3523 3006 καί
3569 2950 3780 3024 Πατρό-

2125 3042 2311 3123 φιλος,
2341 3043 2596 3121 φοιτηταὶ
2628 3039 2779 3105 ὅντες
2807 3042 3044 3120 Ἀρείου,
3074 3042 3165 3097 τὸν
3201 3041 3354 3117 ἅγιον
3404 3039 3650 3113 Μάξιμον
3686 3039 3781 3094 τὸν

2123 3129 2521 3207 Ἱεροσολύμων
2709 3132 3072 3203 ἐξωθήσαντες
3113 3176 3129 3200 ,
3188 3127 3463 3205 Κύριλλον
3532 3128 3781 3183 ἀντικατ-

361 3230 575 3287 passus
604 3218 713 3283 est,
747 3217 964 3288 quique
993 3234 1250 3289 praesens
1279 3224 1405 3276 tum
1436 3226 1579 3293 erat,
1604 3222 1763 3277 audi.
1786 3222 1931 3278 Nam
1955 3224 2015 3279 in

2127 3222 2375 3292 έστησαν.
2428 3223 2527 3276 Οἷα
2574 3219 2632 3276 δὲ
2684 3219 2736 3276 ἐν
2781 3225 2850 3295 τῇ
2896 3216 3290 3295 Ἀλεξανδρέων
3342 3218 3618 3292 Γεώργιος
3679 3217 3783 3273 ὑπὸ

362 3304 705 3375 Apologetico
732 3304 798 3361 de
823 3287 965 3379 [ἀρα
994 3287 1122 3380 sua,
1153 3308 1275 3365 haac
1328 3311 1400 3365 ad
1451 3287 1694 3367 verbum
1744 3311 1816 3367 de
1872 3312 2015 3369 actis

2125 3312 2215 3367 τὸν
2244 3287 2425 3366 ἀὐτὸν
2476 3309 2675 3387 χρόνον
2718 3287 3018 3386 εἰργάζετο,
3068 3287 3170 3378 τῆς
3230 3312 3418 3385 φωνῆς
3468 3304 3633 3361 αὐτοῦ
3684 3309 3784 3360 τοῦ

362 3391 576 3449 ibidem
610 3394 723 3451 ait:

2133 3399 2399 3476 μακαρίου
2446 3397 2787 3468 ’Δθανασίου,
2835 3402 2933 3453 τοῦ
2980 3395 3311 3458 πεπονθότος
3365 3395 3456 3450 καὶ
3513 3393 3783 3471 παρόντος

358 3484 477 3543 τοῖς
508 3481 843 3556 γενομένοις,
878 3482 1195 3541 ἐπάκουσον.
1229 3486 1315 3541 Ἐν
1346 3488 1450 3563 γὰρ
1479 3492 1558 3560 τῷ
1584 3486 2011 3565 Ἀπολογητικῷ
2040 3486 2203 3544 αὐτοῦ
2232 3492 2312 3561 τῷ
2338 3488 2463 3564 περί
2491 3495 2595 3557 τῆς
2625 3487 2815 3542 ἑαυτοῦ
2869 3492 3048 3565 φυγῆς
3078 3482 3257 3561 λόγῳ,
3287 3481 3417 3540 τάδε
3461 3484 3599 3539 κατᾶ
3638 3481 3782 3553 λέξιν

363 3568 487 3643 περὶ
512 3574 620 3626 τῶν
654 3569 765 3626 ἐκεῖ
792 3574 1168 3648 γεγενημένων
1202 3575 1386 3653 φησίν.

656 3689 742 3744 12.
777 3691 1105 3763 Exemplum
1140 3694 1386 3764 epistolae
1419 3693 1730 3751 Athanasii.

438 3775 608 3845 Nam,
638 3775 855 3849 inquit,
888 3778 1299 3837 Alexandriam
1330 3799 1535 3838 rursus
1564 3782 1869 3850 invadunt,
1888 3799 2020 3839 nos-

368 3881 484 3937 que
514 3865 584 3920 ad
617 3881 817 3921 necem
838 3868 1029 3924 denuo
1052 3870 1695 3944 perquirunt,factaque
1714 3877 1855 3929 sunt
1874 3889 2009 3945 pras-

371 3952 562 4009 sentia
606 3954 803 4025 pejora
852 3955 1166 4027 prioribus.
1198 3958 1415 4016 Milites
1462 3960 1682 4033 quippe
1711 3961 2020 4033 derepente

369 4041 677 4100 ecclesiam
712 4043 989 4101 obsedere
1012 4062 1026 4101 :
1051 4044 1413 4121 bellicusque
1431 4050 1723 4106 tumultus
1740 4050 1860 4106 vice
1888 4066 2019 4123 pre-

372 4148 508 4188 cum
530 4136 765 4189 exortus
806 4138 914 4190 est.
946 4134 1093 4190 Hinc
1124 4135 1184 4191 in
1215 4141 1418 4194 sancta
1445 4139 1905 4213 Quadragesima
1931 4139 2021 4195 in-

373 4237 633 4295 gressus,
665 4222 766 4294 qui
797 4240 833 4280 a
859 4224 1191 4280 Macedonio
1219 4230 1277 4281 et
1298 4225 1526 4283 Arianis
1558 4228 1778 4285 missus
1810 4228 2019 4296 fuerat,

372 4311 675 4385 Georgius,
695 4311 853 4369 mala
881 4330 1008 4386 quas
1037 4314 1110 4370 ab
1134 4313 1250 4371 illis
1270 4316 1513 4373 edoctus
1542 4317 1732 4374 fuerat
1760 4316 2019 4373 adauxit.

2416 3695 2502 3751 12,
2535 3692 2678 3748 Ἴσον
2721 3685 3019 3757 ἐπιπολῆς
3051 3686 3369 3743 ’Δθανασίου

2203 3781 2301 3836 Καὶ
2346 3781 2451 3856 γὰρ
2501 3779 2578 3842 εἷς
2625 3781 2725 3849 τὴν
2782 3774 3191 3854 ’Δλεξάνδρειαν
3243 3774 3410 3832 πάλιν
3478 3772 3785 3853 ἐπεφύησαν

2133 3873 2418 3939 ζητοῦντες
2446 3866 2611 3923 πάλιν
2640 3870 2791 3941 ἡμᾶς
2837 3868 3169 3939 ἀποκτεῖναι,
3199 3865 3291 3921 καὶ
3337 3865 3532 3940 γέγονε
3559 3862 3790 3939 χείρονα

2129 3959 2197 4012 τὰ
2218 3961 2310 4012 νῦν
2357 3960 2467 4011 τῶν
2515 3956 2817 4033 προτέρων.
2851 3958 3189 4033 Στρατιῶται
3236 3954 3341 4029 γὰρ
3386 3951 3638 4031 ἐξαίφνης
3683 3952 3786 4021 τήν

2135 4043 2429 4114 ἐκκλησίαν
2463 4042 2800 4113 ἐκύκλωσαν,
2851 4044 2942 4099 καὶ
2988 4044 3057 4099 τὰ
3103 4039 3369 4115 πολέμων
3402 4042 3484 4115 (ἡ)
3515 4038 3633 4096 ἁντὶ
3676 4043 3787 4096 τῶν

2135 4134 2316 4210 εὐχῶν
2361 4134 2603 4209 ἐγίνετο.
2656 4133 2790 4189 Εἶτα
2841 4130 3096 4188 εἰσελθὼν
3145 4135 3215 4187 τιέ
3271 4134 3702 4207 Τεσσαρακοστῇ,
3760 4130 3791 4185 6

2131 4224 2279 4300 παρὰ
2327 4220 2663 4278 Μακεδονίου
2691 4220 2780 4278 καί
2809 4226 2918 4277 τῶν
2969 4218 3413 4295 ’Δρειανιζόντων
3463 4215 3792 4281 ἀποσταλεὶς

2135 4311 2197 4368 ἐκ
2250 4309 2636 4374 Καππαδοκίας
2708 4312 2983 4387 Γεώργιος
3039 4306 3271 4381 ηὔξησεν
3341 4308 3376 4362 ἃ
3432 4309 3557 4385 παρ’
3614 4305 3790 4363 αὐτῶν

372 4400 602 4457 Etenim
635 4405 769 4474 post
822 4402 1251 4460 hebdomadam
1310 4405 1611 4463 Paschatis
1654 4405 1850 4462 videre
1898 4408 2015 4461 erat

2139 4403 2420 4476 μεμάθηκε
2475 4402 2631 4457 κακά.
2691 4401 2839 4457 Μετὰ
2894 4401 2997 4475 γὰρ
3056 4401 3125 4455 τὰ
3175 4394 3391 4471 ἓόδομα
3442 4402 3539 4452 τοῦ
3596 4397 3795 4473 Πάσχα

371 4488 627 4561 virgines
655 4489 716 4545 in
743 4506 1035 4549 carcerem
1065 4493 1298 4565 conjici,
1327 4495 1631 4568 episcopos
1668 4512 1703 4551 a
1732 4493 2015 4550 militibus

2134 4490 2391 4568 παρθένοι
2421 4490 2498 4553 είς
2529 4487 2882 4565 δεσμωτήρια
2911 4483 3234 4561 ἐϐάλλοντο,
3267 4486 3554 4543 ἐπίσκοποι
3582 4482 3792 4560 ἤγοντο

369 4579 595 4636 vinctos
624 4579 855 4650 abduci,
896 4581 1293 4654 orphanorum
1338 4584 1769 4656 viduarumque
1816 4584 2015 4639 domos

2137 4581 2240 4637 ὑπὸ
2306 4584 2647 4654 στρατιωτῶν
2725 4575 3051 4652 δεδεμένοι,
3112 4577 3360 4656 ὀρφανῶν
3431 4575 3523 4631 καὶ
3590 4578 3789 4652 χηρῶν

376 4667 574 4740 diripi,
601 4669 952 4741 irruptiones
980 4671 1042 4726 in
1064 4672 1272 4728 domos
1303 4672 1632 4740 ﬁeri,noctu
1663 4671 2015 4729 Christianos

2136 4670 2446 4746 ἡρπάζοντο
2477 4668 2666 4738 οἰκίαι,
2715 4666 2806 4722 καὶ
2855 4666 3115 4742 ἁρπαγαὶ,
3159 4665 3250 4721 καὶ
3302 4662 3488 4744 ἔφοδοι
3514 4664 3788 4719 κατὰτῶν

377 4758 571 4828 dejici,
625 4759 831 4815 domos
878 4760 1199 4834 obsignari,
1259 4761 1467 4817 fratres
1521 4761 1865 4818 clericorum
1924 4779 2015 4833 prc

2134 4759 2322 4814 οἰκιῶν
2384 4757 2659 4834 ἐγίνοντο,
2711 4756 2803 4811 καὶ
2848 4755 3039 4819 νυκτὸς
3097 4756 3151 4810 οἱ
3196 4753 3508 4830 Χριστιανοὶ
3559 4753 3786 4832 κατεφέ-

374 4848 657 4904 fratribus
722 4848 1057 4920 periclitari.
1121 4851 1264 4905 Haec
1314 4849 1552 4922 quidem
1617 4851 1855 4920 atrocia,
1920 4853 2023 4909 sed

375 4937 664 4994 atrociora
690 4938 901 4995 deinde
929 4943 1245 4995 consecuta
1300 4943 1440 4995 sunt
1486 4938 1761 4996 facinora.
1796 4941 2024 4997 Etenim

372 5026 740 5084 hebdomade
758 5032 889 5099 post
904 5032 1169 5085 sanctam
1185 5028 1725 5097 Pentecosten,cum
1749 5030 2022 5103 populus,

372 5114 599 5188 expleto
612 5116 693 5188 jej
703 5117 941 5183 unio,ad
963 5116 1360 5174 cmmeterium
1382 5118 1567 5175 sancti
1587 5122 1745 5175 Petri
1765 5119 2024 5191 episcopi

374 5210 431 5261 et
478 5206 770 5279 martyris,
829 5207 1033 5264 orandi
1091 5223 1270 5264 causa
1321 5224 1595 5280 egressus
1641 5212 1815 5279 esset,
1867 5209 2023 5280 quod

376 5308 580 5351 omnes
636 5312 671 5350 a
735 5295 965 5370 Georgii
1022 5296 1437 5353 communione
1492 5295 1907 5365 abhorrerent;
1964 5313 2026 5353 re

473 5462 526 5535 ᾳ)
558 5462 701 5535 Ἐκεῖ
725 5459 978 5535 deestin
1006 5458 1196 5535 Palat,
1226 5459 1357 5535 Mox
1375 5458 1532 5535 idem
1563 5457 1619 5511 '0
1648 5454 1705 5535 δὲ
1737 5458 1912 5535 ἅγιος·

472 5529 760 5605 blPalat.
795 5529 1034 5605 καθίσας.
1096 5530 1268 5605 Editi,
1325 5530 1586 5600 καθήσας.
1656 5529 1794 5588 Μοὶί
1839 5529 2024 5587 Palat.

374 5600 680 5678 ἀπορίδωσι
708 5604 808 5672 τήν
840 5600 1007 5671 ἀξίαν.
1041 5604 1239 5695 Γράφει
1265 5622 1346 5659 τε.

450 5678 515 5695 [Α
550 5676 705 5695 h_1-1
764 5694 791 5695 ,,
834 5675 904 5695 \\
956 5686 980 5695 ι.
1048 5679 1070 5690 ο
1230 5673 1277 5695 Ἰ
1342 5694 1345 5695 ,

448 5671 519 5748 (ὁ)
550 5676 731 5749 Palat.
762 5671 859 5749 καὶΔ
884 5671 1100 5749 λίαϊκοῒς
1127 5671 1197 5731 τᾶ
1228 5673 1570 5749 ἐψηφισμένα
1591 5671 1737 5749 περί.

448 5694 519 5748 ιε)
552 5694 731 5733 νωειῑ.
762 5694 853 5730 και
886 5694 1100 5736 Λαικοις
1127 5694 1197 5731 τα
1228 5694 1570 5804 εψηφισμενα
1591 5694 1737 5749 περι.

443 5749 527 5822 (d)
558 5747 744 5805 Palat.
778 5746 866 5803 καὶ
904 5746 1203 5824 ὁμόφρονα.
1227 5753 1347 5806 Pau
1374 5764 1407 5803 o
1437 5751 1570 5822 post
1594 5747 1857 5820 ἰάθη),τῷ
1889 5741 2026 5819 ὁσίῳ
2096 5764 2103 5777 κ

2135 4869 2314 4925 ροντο,
2375 4843 2874 4925 ἐπεσφραγίσθησαν
2930 4843 3120 4911 οἰκίαι,
3166 4844 3258 4899 καὶ
3310 4840 3539 4922 ἀδελφοὶ
3589 4840 3792 4920 κληρι-

2133 4940 2242 4992 κῶν
2296 4935 2427 5012 ὑπὲρ
2475 4939 2583 4989 τῶν
2634 4931 2881 5012 ἀδελφῶν
2933 4930 3291 4991 ἐκινδύνευον.
3342 4932 3443 4987 Καὶ
3491 4929 3641 4987 δεινὰ
3689 4931 3786 5005 μὲν

2131 5029 2318 5097 ταῦτα,
2369 5022 2643 5099 δεινότερα
2687 5020 2745 5079 δὲ
2791 5024 2858 5077 τὰ
2906 5024 3041 5097 μετὰ
3081 5025 3251 5077 ταῦτα
3294 5018 3651 5095 τολμήματα.
3708 5023 3789 5095 Τῇ

2133 5109 2550 5192 γὰρκέϐδομάδι
2605 5114 2740 5187 μετά
2783 5114 2884 5182 τήν
2932 5110 3090 5187 ἁγίαν
3138 5110 3519 5181 Πεντηκοστὴν
3570 5110 3601 5165 6
3631 5106 3790 5180 λαὸς,

2130 5204 2449 5274 νηστεύσας,
2475 5201 2668 5275 ἐξῆλθε
2713 5202 2837 5276 περὶ
2884 5202 2947 5257 τὸ
2991 5201 3362 5275 κοιμητήριον
3418 5194 3662 5270 εὔξασθαι
3689 5201 3791 5253 τοῦ

2133 5294 2292 5370 ἁγίου
2340 5294 2547 5369 Πέτρου
2592 5295 2692 5348 τοῦ
2735 5289 3032 5349 ἐπισκόπου
3078 5289 3173 5345 καὶ
3220 5289 3495 5366 μάρτυρος
3529 5330 3545 5358 ,
3594 5285 3687 5343 διὰ
3726 5288 3792 5344 τὸ

2131 5462 2268 5513 Mai.

2223 5457 2278 5595 E.)
2310 5527 2493 5583 Palat.
2527 5522 2830 5595 ἐξάπτουσι.

2304 5598 2485 5671 Palat.
2517 5588 2578 5671 ἐκ
2598 5593 3181 5671 τῶνλΊεροσολκΕᾷίιὶ
3208 5591 3300 5649 τὸν
3324 5588 3585 5668 Ἰεροσολ.

2264 5673 2279 5743 )
2310 5671 2416 5743 Hic
2440 5665 2851 5743 titulusAabes't
2863 5684 2907 5723 -a
2934 5665 3116 5743 Palat.

2204 5689 2279 5798 ti)
2310 5689 2416 5727 mc
2440 5689 2652 5726 mulus
2680 5689 2846 5724 anesi.
2863 5689 2907 5723 υ.
2934 5689 3067 5723 rain

2204 5749 2226 5816 (
2266 5747 2285 5814 )
2313 5741 2495 5801 Palat.
2523 5742 2593 5796 τὰ
2618 5739 2727 5796 τῶν
2759 5735 3067 5814 πολεμίων.
