4146 6392
1421 474 1606 540 VITA
1647 476 1713 539 S.
1756 470 2188 538 ATHANASII
2231 470 2337 535 EX
2381 471 2994 536 METAPHRASTE.

3651 483 3914 532 CCXXXIX

496 600 700 669 πάντας
741 602 1130 682 ἀποτρέπεσθαι
1179 609 1276 678 τὴν
1327 629 1464 684 προς
1515 609 1785 685 Γεώργιον
1839 607 2142 663 κοινωνίαν.

2261 611 2558 679 comperta
2587 607 3078 664 sceleratissimus
3106 605 3205 663 ille
3234 605 3646 663 Sebastianum
3679 605 3910 675 ducem,

495 692 676 752 Ἀλλά
716 699 878 750 τοῦτο
915 696 1095 769 μαθὼν
1153 699 1180 751 ὁ
1231 697 1591 773 παμπόνηρος
1642 698 1819 765 οὗτος,
1869 696 2149 771 παρώξυνε

493 784 586 838 τὸν
641 785 1020 859 στρατηλάτην
1074 780 1468 859 Σεϐαστιανὸν,
1519 793 1820 863 Μανιγαῖον
1881 781 2027 858 ὄντα,
2086 786 2144 846 ὃς

501 873 638 946 μετὰ
666 871 916 944 πλήθους
948 879 1288 951 στρατιωτῶν
1339 874 1484 931 ὅπλα
1532 877 1620 930 καὶ
1669 876 1792 954 ξίφη
1826 877 2024 951 γυμνὰ,
2057 874 2146 928 καὶ

495 961 644 1032 τόξα,
677 961 767 1016 καὶ
822 959 957 1038 βέλη
1012 963 1304 1041 φερόντων,
1357 964 1610 1041 ὥρμησεν
1660 964 1710 1019 έν
1759 964 1892 1038 αύτῇ
1941 968 2009 1037 τῇ
2043 970 2144 1018 Κυ-

499 1053 662 1126 ριακῇ
692 1051 830 1105 κατά
865 1051 956 1105 τὸν
991 1049 1141 1106 λαόν.
1177 1053 1274 1107 Καὶ
1318 1051 1542 1128 ὀλίγους
1590 1053 1757 1130 εὑρὼν
1814 1053 2147 1128 εὐχομένους

498 1140 576 1212 (οἱ
608 1139 710 1214 γὰρ
742 1137 995 1195 πλεῖστοι
1027 1139 1192 1196 πάλιν
1244 1139 1332 1196 διὰ
1375 1145 1474 1211 τὴν
1525 1141 1666 1218 ὥραν
1695 1143 2146 1218 ἀναχωρήσαντες

496 1228 679 1302 ἧσαν)’
713 1233 937 1284 τοιαῦτα
982 1231 1085 1304 γὰρ
1140 1229 1446 1306 εἰργάσατο,
1500 1234 1588 1286 οἷα
1638 1230 1833 1307 ἔπρεπε
1879 1233 2004 1307 παρ’
2053 1230 2146 1285 αύ-

493 1320 592 1372 τοῦ
652 1315 982 1380 ἀκούσαντας
1029 1319 1244 1395 πρᾶξαι.
1303 1323 1577 1394 Πυρκαϊὰν
1629 1323 1732 1397 γὰρ
1783 1323 2007 1394 ἀνάψας,
2057 1321 2146 1375 καὶ

495 1408 698 1477 στήσας
752 1408 1047 1484 παρθένους
1096 1410 1242 1482 παρά
1299 1411 1360 1464 τὸ
1416 1415 1522 1484 πῦρ
1559 1455 1572 1480 ,
1632 1407 1899 1484 ἠνάγκαζε
1969 1409 2148 1484 λέγειν

495 1493 686 1558 ἑαυτὰς
736 1501 838 1564 τῆς
886 1495 1098 1572 Ἀρείου
1146 1496 1379 1560 πίστεως
1428 1499 1561 1554 εἶναι
1598 1543 1610 1556 .
1660 1501 1746 1560 Ὡς
1801 1497 1857 1553 δέ
1915 1501 2146 1560 νικώσαις

495 1581 659 1646 αὐτὰς
691 1580 908 1657 ἕϐλεπε,
958 1587 1046 1641 καὶ
1101 1588 1175 1660 μὴ
1231 1588 1612 1665 φροντιζούσαις
1659 1593 1755 1643 τοῦ
1802 1590 1994 1663 πυρὸς,
2050 1610 2146 1663 γυ-

498 1673 712 1746 μνώσας
763 1673 948 1745 αὐτὰς,
995 1674 1140 1730 οὕτω
1187 1678 1452 1751 κατέκοψε
1499 1677 1587 1732 καὶ
1636 1677 1902 1752 πρόσωπα
1953 1676 2145 1747 αὐτῶν,

494 1762 571 1824 ὡς
608 1764 741 1836 μετὰ
771 1763 968 1839 χρόνον
1020 1762 1181 1838 μόλις
1234 1765 1394 1828 αύτας
1445 1767 1862 1841 ἐπιγνωσθῆναι.
1913 1764 2146 1840 ’Ἂνδρας

492 1870 554 1906 τε
607 1855 881 1924 κρατήσας
930 1855 1364 1930 τεσσαράκοντα,
1421 1858 1720 1931 καινοτέρῳ
1773 1855 1961 1930 τρόπῳ
2018 1876 2146 1910 κατ-

495 1939 676 2042 έκοιιγε·
713 1936 947 2042 ῥάῃϐδους
991 1945 1093 2042 γάρ
1139 1945 1266 2042 τὰς,
1286 1944 1391 1998 ἀπὸ
1421 1949 1543 2042 πῶν
1597 1943 1853 2042 ιροινίκων
1885 1945 2037 2006 εὐθὺς
2068 1949 2148 2016 (a)
2181 1977 2228 2042 B

495 2030 678 2101 τεμὼν
707 2076 722 2101 ,
772 2029 823 2085 έν
874 2031 1086 2093 ἑαυταῖς
1134 2031 1369 2108 ἐχούσας
1419 2029 1496 2087 ἔτι
1541 2032 1671 2096 τοὺς
1729 2031 2026 2101 σκόλοπας,
2086 2034 2153 2088 τὰ

498 2121 648 2173 νῶτα
675 2117 884 2174 τούτων
919 2119 1091 2183 οὕτως
1127 2119 1406 2198 ἐξέδειρεν,
1440 2121 1514 2184 ὣς
1541 2143 1690 2184 τινας
1745 2125 1837 2196 μὲν
1879 2121 2151 2184 πολλάκις

494 2210 963 2284 χειρουργηθῆναι
994 2206 1084 2263 διὰ
1129 2209 1259 2272 τοὺς
1310 2212 1682 2286 ἀποπαγέντας
1714 2210 1763 2265 ἐν
1808 2212 1989 2274 αὐτοῖς
2022 2213 2152 2267 σκό-

494 2293 691 2358 λοπας·
723 2297 874 2360 τινὰς
920 2295 978 2352 δὲ
1008 2297 1098 2353 καὶ
1150 2300 1224 2371 μὴ
1277 2300 1536 2378 φέροντας
1585 2301 1889 2359 ἀποθανεῖν.
1942 2303 2150 2364 Πάντας

497 2385 593 2458 μὲν
646 2382 735 2440 οὗν
784 2385 914 2448 τοὺς
964 2384 1405 2465 περιλειφθέντας
1452 2389 1684 2463 ἀθρόως,
1737 2391 1826 2444 καὶ
1874 2393 1967 2452 τὰς
2017 2411 2152 2465 παρ-

493 2473 681 2536 θένους
727 2474 974 2551 ἐξώρισεν
1027 2475 1101 2537 εἷς
1151 2478 1251 2546 τὴν
1306 2475 1552 2552 μεγάλην
1603 2473 1773 2534 ὅασινο
1828 2480 1895 2533 τὰ
1943 2477 1999 2534 δὲ
2051 2480 2153 2533 σώ-

501 2583 644 2636 ματα
672 2567 777 2618 τῶν
816 2564 1153 2634 τεθνηκότων
1187 2563 1312 2621 ούδέ
1340 2573 1458 2629 τοῖς
1491 2564 1649 2630 ἰδίοις
1681 2570 1814 2623 κατά
1843 2570 1942 2637 τὴν
1973 2568 2148 2645 ἀρχὴν

497 2649 832 2722 ἀποδοθῆναι
883 2652 1203 2724 πεποίηκεν·
1262 2653 1388 2710 ἀλλ’
1439 2652 1692 2730 ἔκρυψαν,
1745 2657 1819 2719 ὡς
1853 2656 2150 2727 ἠθέλησαν,

492 2736 689 2819 ἄταφα,
746 2741 878 2816 ὑπὲρ
927 2746 1024 2796 τοῦ
1074 2739 1250 2798 δοκεῖν
1302 2744 1494 2808 αὐτοὺς
1546 2742 1822 2800 λανθάνειν
1875 2747 1974 2815 τήν
2024 2767 2148 2802 τοσ-

493 2829 664 2900 αύτην
715 2832 790 2904 (b)
836 2830 1120 2905 ὠμότητα.
1176 2833 1480 2908 Πράττουσι
1531 2830 1588 2888 δὲ
1635 2832 2049 2908 πεπλανημένοι
2081 2839 2148 2909 τῇ

493 2916 728 2990 διανοίᾳ,
762 2921 1122 2999 παράφρονες.
1175 2926 1290 2976 Τῶν
1341 2923 1444 2998 γὰρ
1497 2922 1712 2978 οἰκείων
1761 2928 1868 2978 τῶν
1900 2923 2151 2979 τετελευ-

490 3007 738 3077 τηκότων
770 3009 1073 3084 χαιρόντων
1129 3011 1221 3084 μὲν
1275 3009 1364 3066 διὰ
1392 3013 1490 3081 τήν
1525 3011 1849 3089 ὁμολογίαν,
1891 3013 2148 3088 θρηνούν-

492 3117 602 3151 των
638 3095 696 3152 δὲ
727 3095 816 3152 διὰ
841 3099 909 3153 τὰ
939 3100 1185 3172 σώματα,
1224 3106 1406 3173 μεῖζον
1437 3101 1622 3178 ἐξήχει
1668 3103 1735 3158 τὰ
1778 3109 1892 3157 κατ’
1923 3103 2095 3158 αὐτῶν
2121 3105 2148 3158 ὁ

492 3192 597 3256 τῆς
628 3182 873 3248 ἀσεϐείας
905 3187 996 3242 καὶ
1030 3187 1321 3262 ὠμότητος
1354 3188 1719 3266 ἔλεγχος.Καὶ
1744 3193 1846 3268 γὰρ
1874 3191 2026 3254 εὐθὺς
2046 3193 2148 3247 ἀπὸ

487 3281 589 3344 τῆς
622 3274 905 3350 Αἴγύπτου
944 3277 1034 3331 καὶ
1080 3280 1189 3331 τῶν
1229 3273 1443 3333 Λιϐυῶν
1497 3279 1752 3353 ἐξώρισαν
1803 3281 1894 3354 μὲν
1931 3281 2146 3336 ἐπισκό-

2259 697 2646 754 Manichzeum
2695 698 3017 767 hominem,
3077 697 3369 753 concitat:
3405 697 3502 769 qui
3548 712 3683 751 cum
3714 698 3912 749 turma

2258 786 2535 854 militum,
2571 804 2752 854 arma,
2788 788 3018 843 strictos
3048 786 3472 860 gladios,arcus
3504 790 3560 840 et
3578 785 3693 839 tela
3723 784 3909 838 feren-

2257 875 2430 940 tium,
2464 877 2521 930 in
2554 877 2682 947 ipsa
2718 877 3014 931 Dominica
3045 875 3330 946 impetum
3361 874 3496 928 iecit
3519 873 3579 927 in
3603 870 3906 944 populum.

2259 966 2327 1020 Et
2357 983 2490 1020 cum
2523 983 2740 1037 paucos
2770 966 3088 1021 invenisset
3110 968 3343 1019 orantes
3363 961 3626 1033 (plurimi
3661 976 3912 1031 namque

2258 1054 2602 1109 adveniente
2633 1055 2776 1110 hora
2805 1054 3209 1123 recesserant),
3244 1068 3312 1107 ea
3360 1049 3602 1106 admisit
3632 1048 3908 1114 facinora,

2259 1159 2384 1215 quae
2417 1144 2657 1199 decebat
2687 1144 2873 1199 facere
2900 1142 3054 1198 viros
3086 1142 3158 1197 ab
3207 1140 3308 1195 illo
3355 1140 3609 1194 edoctos.
3639 1137 3781 1193 Nam
3815 1152 3909 1190 ac-

2258 1248 2430 1287 cense
2462 1249 2623 1303 rogo,
2653 1233 2906 1304 virgines
2935 1232 3054 1304 igni
3106 1231 3373 1286 admotas
3418 1227 3691 1299 adigebat
3720 1226 3912 1279 dicere

2259 1337 2320 1376 se
2343 1321 2566 1376 Arianae
2615 1338 2743 1376 esse
2774 1321 2943 1376 ﬁdei:
2977 1325 3040 1375 ut
3070 1323 3264 1375 autem
3316 1333 3413 1372 eas
3460 1315 3576 1370 vim
3609 1329 3908 1385 superare,

2258 1410 2571 1481 ignemque
2602 1409 2748 1464 nihil
2799 1425 3002 1466 curare
3051 1406 3478 1472 animadvertit,
3513 1405 3765 1459 nudatas
3810 1403 3911 1457 ite-

2259 1517 2391 1554 rum
2423 1499 2502 1553 ita
2534 1500 2589 1553 in
2623 1500 2827 1555 faciem
2859 1499 3047 1570 caedit,
3082 1501 3146 1553 ut
3175 1501 3308 1570 post
3342 1495 3594 1550 multum
3628 1490 3910 1563 temporis

2257 1589 2352 1642 vix
2383 1606 2417 1644 a
2447 1589 2569 1644 suis
2602 1589 2864 1661 dignosci
2915 1591 3174 1659 possent.
3206 1585 3374 1641 Viros
3422 1588 3619 1639 autem
3661 1582 3913 1654 quadra-

2259 1679 2424 1750 ginta
2454 1678 2911 1749 comprehensos
2944 1674 3318 1732 insolentiore
3347 1674 3517 1728 modo
3547 1669 3872 1727 verberavit
3897 1686 3924 1723 :-

2260 1783 2395 1821 nam
2428 1768 2606 1838 virgis
2665 1767 2995 1838 palmarum
3053 1781 3254 1820 recens
3311 1760 3652 1834 amputatis,
3699 1759 3912 1830 quibus

2259 1855 2451 1910 adhuc
2484 1855 2665 1910 aculei
2699 1854 3104 1921 hserehant,sic
3134 1869 3336 1909 eorum
3362 1847 3916 1923 tergalaceravit,ut

2260 1943 2524 2000 nonnulli
2576 1946 2647 1999 ob
2681 1944 2891 1999 inﬁxos
2939 1942 3174 1998 aculeos
3222 1940 3430 1997 medici
3482 1954 3657 2010 opera
3699 1936 3914 2008 saepius

2261 2035 2562 2108 eguerint;
2586 2033 2704 2089 imo
2736 2032 3130 2105 quidam,vim
3163 2029 3470 2103 plagarum
3494 2045 3610 2082 non
3645 2027 3912 2094 ferentes,

2261 2125 2529 2179 exstincti
2563 2124 2698 2178 sint.
2732 2123 2907 2178 Porro
2941 2137 3144 2176 omnes
3175 2121 3460 2191 quotquot
3490 2115 3710 2171 residui
3749 2117 3916 2169 erant

2263 2230 2380 2268 una
2412 2230 2544 2267 cum
2605 2211 2936 2283 virginibus
2983 2211 3040 2264 in
3087 2224 3362 2280 magnam
3422 2204 3695 2277 relegavit
3725 2203 3910 2258 oasin.

2261 2302 2460 2373 Neque
2513 2301 2679 2356 initio
2736 2299 3042 2366 concessit,
3076 2302 3141 2353 ut
3204 2285 3916 2363 defunctorum-corpora

2263 2391 2526 2463 cognatis
2558 2391 2681 2446 suis
2712 2391 3115 2455 traderentur;
3151 2387 3252 2441 sed
3284 2403 3352 2442 ea
3381 2384 3664 2440 arbitratu
3698 2397 3804 2437 suo
3826 2397 3916 2436 oc-

2263 2480 2579 2550 cultarunt,
2614 2480 3069 2550 abjeceruntque
3115 2473 3410 2546 insepulta
3438 2497 3451 2540 ;
3485 2471 3594 2526 rati
3629 2469 3713 2524 sic
3745 2487 3914 2524 suam

2259 2570 2438 2625 latere
2472 2584 2644 2640 posse
2675 2566 3102 2622 crudelitatem.
3161 2567 3282 2630 Qua
3333 2563 3392 2617 in
3435 2578 3495 2615 re
3526 2559 3801 2615 vecordes
3831 2557 3916 2612 illi

2262 2675 2477 2730 magno
2501 2657 2714 2712 mentis
2737 2672 2930 2712 errore
2954 2654 3326 2709 tenebantur.
3361 2651 3506 2707 Nam
3540 2665 3675 2704 cum
3708 2648 3914 2703 defun-

2262 2753 2486 2803 ctorum
2539 2745 2767 2816 cognati
2827 2746 2896 2800 de
2953 2760 3194 2799 suorum
3255 2740 3492 2813 quidem
3552 2737 3917 2794 confessione

2260 2834 2996 2910 gauderent,lugerentque
3016 2838 3211 2888 tamen
3234 2831 3307 2886 ob
3329 2830 3621 2886 subducta
3638 2842 3913 2898 corpora;

2258 2925 2381 2981 haec
2413 2942 2553 2981 sane
2582 2941 2765 2979 cassa
2797 2923 2925 2990 fuit,
2961 2928 3024 2977 ut
3050 2921 3239 2995 magis
3282 2919 3588 2991 magisque
3613 2915 3917 2988 vulgaren-

2259 3019 2356 3071 tur
2384 3031 2584 3070 eorum
2633 3013 2954 3084 impietatis
3013 3009 3495 3079 crudelitatisque
3548 3007 3914 3078 argumenta.

2257 3104 2476 3159 Verum
2509 3102 2590 3156 illi
2627 3119 2758 3157 mox
2796 3119 2864 3156 ex
2892 3102 3133 3172 zEgypto
3165 3104 3219 3154 et
3245 3115 3313 3153 ex
3347 3097 3534 3168 Libyis
3555 3095 3615 3149 in
3646 3092 3916 3149 exsilium

2261 3193 2552 3248 miserunt
2600 3191 2928 3263 episcopos,
2979 3188 3378 3255 Ammonium,
3427 3184 3630 3254 Muim,
3681 3181 3912 3248 Gaium,

2260 3281 2584 3351 Philonem,
2641 3283 2906 3349 Hermen,
2959 3278 3246 3341 Plenium,
3301 3273 3656 3338 Psenosirin,
3701 3270 3918 3326 Nilam-

489 3384 626 3427 πους
659 3347 991 3441 ’Ᾰμμώνιον,
1029 3370 1218 3440 Μοῦϊμ
1255 3369 1349 3441 (ε),
1384 3347 1565 3438 Γάϊον,
1602 3347 1864 3442 ’Φίλων-α,
1914 3371 2145 3444 Ἑρμῆν,

2260 3387 2516 3437 monem,
2551 3347 2937 3441 Agathonem,
2985 3365 3380 3439 Agamphum,
3411 3362 3692 3428 Marcum,
3728 3359 3910 3415 alium

493 3449 760 3524 Πλήνιον,
795 3452 1104 3529 Ψενόσιριν,
1167 3453 1537 3529 Νιλάμμωνα,
1587 3457 1890 3532 Ἀγάθωνα,
1936 3460 2151 3533 ’ᾍγαμ-

493 3562 614 3617 φον,
668 3539 905 3618 Μάρκον,
961 3539 1144 3620 ἕτερον
1196 3545 1512 3618 Ἀμμώνιον
1563 3545 1651 3600 καὶ
1711 3545 1951 3623 Μάρκον,
2012 3555 2148 3623 Δρα-

491 3628 726 3700 κόντιον,
779 3628 1086 3710 Ἀδέλφιον,
1143 3630 1544 3708 ’Δθηνόδωρον,
1604 3635 1692 3688 καὶ
1750 3630 2147 3710 πρεσϐυτέρους

491 3717 700 3793 Ἱέρακα
727 3717 818 3774 καῖ
850 3720 1158 3797 Διόσκορον.
1195 3722 1294 3777 Καὶ
1346 3721 1488 3778 οὕτω
1537 3727 1748 3798 πικρῶς
1797 3722 2004 3793 ἤλασαν
2051 3726 2145 3782 αύ-

495 3806 649 3877 τοὺς,
683 3805 760 3871 ὥς
787 3829 938 3872 τινας
959 3809 1134 3865 αὐτῶν
1159 3809 1211 3865 έν
1237 3817 1356 3875 ταῖς
1381 3809 1715 3885 ὀδοῖς,τινὰς
1739 3811 1796 3868 δὲ
1819 3813 1870 3869 ἐν
1903 3813 2048 3887 αύτῷ
2068 3817 2147 3886 (d)

484 3900 564 3967 τῷ
625 3896 898 3972 έξορισμῷ
960 3899 1244 3954 ἀποθανεῖν
1279 3944 1290 3956 .
1351 3900 1714 3980 Ἐφυγάδευσε
1775 3901 1832 3958 δὲ
1901 3903 2087 3959 έπισκό
2122 3939 2144 3947 -

484 4004 620 4047 πους
651 3985 882 4049 πλείους
912 3985 1225 4062 τριάκοντα.
1262 3988 1484 4060 Σπουδή
1520 3993 1623 4068 γὰρ
1656 3992 1722 4062 ἦν
1773 3992 1959 4055 αὐτοῖς
2011 3995 2148 4048 κατὰ

483 4073 575 4128 τὸν
607 4070 842 4150 ’Δχαά6,
877 4075 924 4130 εἰ
957 4073 1202 4148 δυνατὸν,
1237 4077 1418 4156 ἐξᾶραι
1448 4082 1546 4149 τὴν
1577 4079 1856 4151 ἀλήθειαν.

557 4165 642 4220 13.
677 4168 911 4219 Τοιαῦτα
962 4166 1056 4238 μέν
1090 4167 1118 4222 ὁ
1151 4167 1308 4241 ἅγιος
1351 4167 1669 4232 Ἀθανάσιος
1715 4170 1839 4243 περὶ
1888 4175 1992 4224 τῶν
2042 4169 2144 4226 ὑπὸ

486 4251 765 4328 Γεωργίου
790 4254 926 4307 κατά
953 4256 1051 4324 τὴν
1108 4253 1514 4332 Ἀλεξάνδρειαν
1567 4259 1874 4331 γενομένων
1918 4259 2142 4322 οἰκείαις

485 4335 735 4410 διεξῆλθε
782 4347 1008 4418 φωναῖς.
1057 4348 1112 4396 '0
1158 4340 1215 4398 δὲ
1261 4343 1648 4416 Κωνστάντιος,
1705 4347 1781 4409 ὡς
1821 4348 1966 4423 ἑώρα
2021 4348 2142 4403 ἑαυ-

484 4429 576 4483 τὸν
626 4428 1044 4505 κοσμοκράτορα
1077 4476 1092 4501 ,
1142 4431 1319 4505 ἀρθεὶς
1373 4432 1448 4494 εἰς
1491 4433 1784 4508 ὑπεροψίαν
1813 4481 1828 4508 ,
1878 4435 1967 4490 καὶ
2013 4435 2142 4498 τοὺς

486 4515 538 4572 ἐν
568 4521 638 4590 τῇ
689 4515 836 4573 δύσει
881 4518 1209 4582 ἐπισκόπους
1261 4520 1612 4596 ἐπεχείρησεν
1659 4523 1734 4585 εἷς
1783 4525 1882 4592 τήν
1927 4525 2140 4599 Ἀρείου

484 4603 686 4678 αἵρεσιν
718 4604 898 4662 ἕλκειν
950 4610 1046 4683 (ε),
1096 4608 1148 4664 έν
1184 4611 1426 4685 πρώτοις
1479 4613 1578 4679 τήν
1612 4611 1932 4668 Ἀθανασίου
1981 4611 2141 4669 κατά-

2261 3458 2641 3515 Ammonium
2674 3461 2732 3513 et
2763 3457 3045 3522 Marcum,
3076 3452 3472 3519 Dracontium,
3535 3448 3909 3519 Adelphium,

2261 3549 2723 3614 Athenodorum,
2759 3550 2815 3601 et
2845 3545 3212 3617 presbyteros
3264 3541 3559 3596 Hieracem
3601 3542 3659 3593 et
3683 3536 3917 3592 Diosco-

2260 3655 2412 3694 rum.
2447 3639 2601 3704 Quos
2635 3640 2798 3691 tanta
2829 3633 3142 3690 acerbitate
3185 3629 3551 3703 expulerunt,
3585 3631 3649 3682 ut
3679 3625 3915 3681 illorum

2260 3726 2501 3799 quidam
2533 3725 2594 3779 in
2637 3723 2826 3780 exsilii
2879 3721 3004 3777 loco
3053 3720 3379 3776 interirent.
3431 3717 3749 3789 Episcopos
3778 3731 3912 3769 vero

2258 3816 2390 3889 plus
2421 3813 2664 3886 triginta
2709 3813 2771 3868 in
2819 3813 3016 3884 fugam
3069 3812 3382 3866 verterunt.
3429 3811 3507 3861 Ea
3559 3803 3717 3860 enim
3770 3801 3909 3873 illis,
3990 3849 3993 3852 .

2258 3903 2759 3976 quemadmodum
2788 3901 3191 3972 Achabo,cura
3222 3894 3406 3964 fuit,si
3437 3895 3609 3951 modo
3636 3894 3759 3949 ﬁeri
3783 3908 3912 3964 pos-

2257 3997 2364 4064 set,
2399 3993 2702 4048 veritatem
2733 3992 2802 4046 de
2833 3989 3022 4045 medio
3046 3987 3334 4044 tollerent.

2331 4171 2414 4227 13.
2450 4171 2580 4226 Haec
2611 4173 2850 4226 sanctus
2880 4167 3264 4234 Athanasius,
3297 4166 3367 4220 de
3409 4163 3480 4219 iis
3513 4179 3640 4234 quae.
3662 4159 3908 4216 Alexan-

2255 4261 2392 4316 driae
2423 4277 2456 4315 a
2487 4260 2728 4332 Georgio
2759 4263 2923 4330 gesta
2945 4257 3175 4312 fuerant
3205 4253 3456 4327 propriis
3490 4251 3911 4308 commemorat

2252 4349 2848 4406 verbis.Constantius
2870 4363 3005 4402 vero
3020 4361 3154 4401 cum
3176 4361 3237 4400 se
3252 4345 3368 4413 iam
3388 4342 3607 4396 videret
3628 4339 3807 4395 totius
3822 4356 3910 4393 or-

2254 4439 2344 4494 bis
2377 4440 2784 4511 imperatorem
2817 4435 3031 4501 esse,in
3055 4431 3390 4506 superbiam
3410 4428 3905 4494 elatus,0cciden-

2252 4526 2399 4582 tales
2429 4543 2663 4598 quoque
2694 4523 2998 4595 episcopos
3025 4523 3350 4578 conabatur
3379 4519 3451 4573 ad
3500 4517 3621 4571 Arii
3653 4517 3904 4572 hzeresin

2253 4615 2484 4670 trahere
2509 4632 2521 4682 ;
2544 4613 2832 4668 mandans
2856 4611 2914 4665 in
2938 4608 3144 4681 primis
3166 4611 3231 4661 ut
3252 4604 3554 4661 Athanasii
3578 4603 3904 4659 damnatio-

485 4714 659 4768 κρισιν
690 4693 924 4772 έρεῖσθαι
976 4703 1300 4773 παρεγγυῶν
1353 4694 1604 4774 ὑποϐολῇ
1649 4705 1756 4756 τῶν
1808 4700 2138 4758 ἀνατολικῶν

2260 4720 2388 4758 nem
2421 4703 2764 4774 proferrent,
2797 4699 2973 4770 idque
3015 4694 3468 4769 suggerentibus
3515 4690 3908 4749 Orientalibus

489 4781 822 4842 ἐπισκόπων.
873 4786 973 4840 Καὶ
1024 4783 1089 4855 δὴ
1141 4787 1266 4862 περὶ
1313 4787 1508 4843 τούτου
1565 4787 1785 4844 σύνοδον
1846 4790 2140 4868 ἐπεκρότη-

490 4891 567 4939 σε,
599 4873 737 4928 κατά
781 4871 1141 4948 Μεδιολάνον,
1175 4873 1354 4929 πόλιν
1406 4882 1508 4946 τῆς
1555 4876 1812 4948 Ἰταλίας,
1866 4879 1956 4932 καὶ
2004 4877 2143 4933 πολ·
2187 4937 2190 4942 _

491 4957 620 5024 λοὺς
656 4956 873 5038 ἔτρεψεν
903 4962 978 5024 εἷς
1009 4963 1071 5018 τὸ
1102 4963 1301 5019 οἰκεῖον
1352 4963 1590 5038 θέλημα.
1643 4965 1920 5029 Διονύσιος
1967 4964 2025 5022 δὲ
2053 4968 2144 5022 καὶ

486 5045 768 5123 Εὐσέϐιος,
816 5052 907 5106 καὶ
955 5049 1228 5123 Ῥόδανος,
1282 5051 1553 5117 Παυλῖνός
1605 5076 1664 5109 τε
1712 5055 1800 5110 καὶ
1851 5055 2142 5133 Λουκίφερ,

488 5139 590 5194 ὑπὸ
646 5147 747 5209 τῆς
809 5138 1154 5214 ἐπικειμένης
1215 5141 1450 5218 ἀνάγκης
1502 5142 1610 5219 οὐχ
1659 5147 1992 5215 ἡττήθησαν.
2056 5147 2144 5209 Ὡς

487 5229 592 5305 γὰρ
647 5226 790 5284 εἶδον
837 5229 924 5284 ἐπὶ
981 5231 1286 5305 καθαιρέσει
1332 5238 1434 5300 τῆς
1477 5231 1712 5295 πίστεως
1758 5233 1820 5288 τὸ
1867 5237 2002 5289 κατά
2046 5241 2144 5290 τοῦ

491 5316 650 5394 ἁγίου
679 5318 999 5375 Ἀθανασίου
1044 5321 1303 5398 ψήφισμα
1349 5321 1611 5394 κυρωθὲν,
1664 5318 1854 5397 ἔλεγον
1905 5321 1992 5378 έπί
2039 5345 2143 5378 πα-

490 5409 737 5482 ρατροπῇ
760 5413 864 5477 τῆς
894 5405 1246 5480 πίστεως,καὶ
1299 5407 1360 5463 οὐ
1409 5410 1569 5485 χάριν
1613 5411 1931 5467 Ἀθανασίου
1978 5417 2146 5469 ταῦτα

580 5585 633 5661 ᾳ)
665 5584 851 5661 Palat.
887 5584 1062 5661 εὐθύς,
1093 5586 1268 5646 habet
1298 5605 1403 5661 pro
1431 5587 1606 5649 νέους.

583 5657 634 5725 b)
663 5656 849 5729 Palat.
878 5657 1154 5729 τοιαύτην.

579 5731 631 5805 ς)
661 5727 860 5805 Palat1
901 5726 1100 5787 Μώϊν.’
1136 5731 1292 5790 Infra
1348 5729 1506 5788 idem
1559 5726 1939 5805 Νηλάμμωνα.
1990 5735 2142 5792 Editi

490 5796 662 5872 male,
694 5804 790 5855 Aw
799 5796 999 5859 άδωνα.

2255 4790 2564 4863 episcopis.
2599 4790 2910 4860 Pr0pterea
2940 4785 3096 4841 enim
3138 4784 3427 4857 synodum
3459 4781 3641 4854 coegit
3673 4781 3732 4836 in
3764 4781 3908 4837 urbe

2253 4880 2432 4935 Italiae
2461 4878 2805 4945 Mediolano,
2830 4875 3166 4946 multosque
3195 4873 3254 4927 in
3286 4889 3456 4927 suam
3486 4871 3744 4926 traduxit
3774 4887 3906 4925 sen-

2253 4971 2519 5025 tentiam.
2551 4972 2625 5022 At
2653 4967 2986 5038 Dionysius,
3025 4964 3333 5028 Eusebius,
3387 4959 3726 5026 Rhodanus,
3760 4957 3907 5013 Pau-

2254 5057 2413 5114 linus
2443 5063 2500 5114 et
2530 5057 2778 5124 Lucifer,
2813 5055 3157 5110 imminente
3206 5051 3260 5104 vi
3307 5049 3566 5120 superati
3597 5065 3712 5103 non
3745 5051 3903 5102 sunt.

2253 5152 2396 5204 Cum
2427 5151 2670 5203 nossent
2696 5145 2854 5200 enim
2900 5144 2970 5198 ad
3021 5139 3567 5198 condemnationem
3613 5136 3748 5190 ﬁdei
3779 5152 3910 5192 sen-

2253 5236 2499 5292 tentiam
2531 5239 2733 5291 contra
2769 5231 3157 5288 Athanasium
3205 5228 3390 5285 fuisse
3419 5225 3860 5299 pronuntiatam
3889 5243 3902 5293 ;

2254 5325 2547 5396 dicebant,
2581 5325 2652 5380 ad
2685 5322 3041 5379 eversionem
3083 5319 3241 5390 ﬁdei,
3270 5335 3383 5373 non
3434 5313 3737 5371 Athanasii
3767 5331 3905 5387 gra-

2253 5414 2338 5470 tia
2366 5431 2466 5470 eos
2495 5413 2694 5469 isthaec
2743 5410 2969 5478 moliri;
3013 5425 3162 5480 quos
3211 5405 3308 5462 ille
3353 5404 3599 5461 Arimini
3657 5402 3905 5460 detineri

2326 5592 2401 5664 (ἁ)
2435 5589 2591 5664 Αὐτῷ
2622 5591 2788 5664 deest
2815 5589 2873 5644 in
2903 5589 3088 5664 Palat.

2326 5613 2401 5664 (α)
2435 5613 2540 5647 Αυτ
2622 5613 2786 5646 ΟΒΕΒΕ
2815 5613 2873 5644 1n
2903 5613 3088 5645 ι-Ἧιειι.

2325 5665 2396 5735 (e)
2429 5663 2523 5719 Sic
2546 5613 2734 5735 ἴριδι.
2768 5662 2843 5735 In
2865 5661 3043 5735 editis
3082 5655 3261 5735 ἕλκειν
3322 5659 3486 5715 deest
3543 5657 3674 5713 Mox
3705 5654 3890 5711 Palat.

2255 5731 2534 5806 αἱρεῖσθαι.
2572 5733 2676 5790 Ubi
2707 5732 2847 5790 editi
2880 5731 3107 5806 έρεῖσθαι
3141 5731 3376 5788 habent.
