4146 6386
257 415 405 465 σου.

1660 401 2280 467 PROLEGOMENA.

249 534 454 609 jussit.
488 535 739 592 Sanetus
761 540 956 595 autem
989 537 1344 594 Athanasius
1393 554 1526 595 cum
1560 538 1736 594 sciret
1764 539 1909 595 Con-

2032 534 2221 598 αότοὺς
2281 533 2510 590 ἐπινοεῖν
2545 550 2559 566 ”
2610 553 2857 596 ουστινας
2922 531 3330 610 περιορισθῆναι
3400 525 3674 587 ἐκέλευσεν

258 626 549 681 stantium
580 627 928 683 Arianorum
959 628 1109 684 tueri
1141 629 1514 696 sententiam,
1550 629 1914 700 Arianosque

258 714 318 770 in
351 730 485 770 eum
517 717 905 789 conspirasse,
931 735 995 774 ac
1026 719 1224 774 conari
1257 735 1359 790 per
1389 719 1744 774 calumniam
1777 735 1910 774 eum

259 819 572 872 accusare;
606 805 665 860 in
700 812 968 878 corrupto
1000 807 1281 862 tribunali
1313 808 1533 863 nemini
1565 807 1911 873 confidebat,

261 907 377 946 non
413 891 623 960 amico,
656 911 769 949 non
811 895 1040 966 clerico,
1104 913 1219 950 non
1281 897 1556 968 cuiquam
1617 896 1754 963 alii;
1813 897 1912 951 sed

262 981 515 1052 praefecti
541 982 893 1040 satellitibus
919 986 1231 1056 derepente
1248 985 1640 1058 episcopalem
1672 987 1913 1040 domum

260 1068 671 1125 invadentibus
704 1088 769 1126 ac
795 1075 1192 1144 quaerentibus
1214 1091 1348 1130 eum
1372 1076 1652 1142 occidere,
1678 1080 1914 1146 sumpto

259 1157 371 1212 sibi
405 1158 681 1215 stichario
713 1165 769 1216 et
800 1162 1020 1218 birrhio
1070 1164 1296 1237 aufugit
1345 1165 1415 1219 ad
1449 1163 1704 1236 puellam
1737 1163 1914 1235 virgi-

259 1261 394 1302 nem
453 1264 742 1304 annorum
802 1251 1032 1307 circiter
1071 1253 1300 1325 viginti,
1355 1252 1912 1325 forma-pulcherri-

258 1350 438 1407 mam,
471 1339 527 1392 et
556 1338 628 1393 ob
670 1338 1175 1411 pulchritudinem
1222 1343 1580 1413 fugiendam.
1616 1341 1714 1396 Illa
1748 1358 1915 1413 porro

256 1423 341 1478 rei
373 1423 686 1482 insolentia
718 1430 1042 1500 stupefacta
1074 1435 1182 1486 est.
1215 1432 1309 1486 Ait
1361 1447 1495 1503 ergo
1542 1431 1623 1486 illi
1655 1431 1914 1486 Athana-

255 1512 415 1568 sius:
449 1515 770 1586 Conquiror
799 1518 870 1573 ab
900 1519 1154 1585 Arianis,
1187 1525 1244 1575 et
1293 1520 1604 1576 calumniis
1646 1519 1914 1593 impetor.

253 1601 334 1656 Ac
365 1618 437 1657 ne
467 1602 959 1662 inconsideratam
1012 1608 1156 1663 mihi
1210 1608 1460 1682 gloriam
1501 1610 1828 1676 conciliem,
1863 1613 1920 1664 et

254 1688 315 1744 in
344 1694 645 1761 peccatum
678 1695 985 1765 conjiciam
1016 1714 1114 1752 eos
1163 1699 1260 1770 qui
1295 1716 1387 1754 me
1420 1716 1620 1773 poenas
1654 1699 1793 1754 dare
1819 1716 1916 1754 vo-

253 1776 404 1847 lunt,
438 1781 510 1834 ad
542 1782 740 1854 fugam
773 1784 1037 1842 animum
1069 1787 1288 1858 appuli.
1317 1788 1726 1860 Revelavitque
1763 1786 1917 1842 mihi

259 1866 418 1976 Reus
449 1867 758 1976 hac‘nocte
791 1874 1030 1930 dicens:
1065 1877 1236 1948 Apud
1288 1877 1581 1933 neminem
1616 1877 1728 1976 nisi
1762 1876 1916 1976 apud
1948 1906 1996 1972 B

259 1953 425 2012 illam
457 1959 693 2016 evadere
725 1966 907 2034 potes.
946 1965 1098 2019 Tum
1157 1965 1258 2021 illa
1305 1983 1418 2036 prae
1487 1965 1722 2038 gaudio,
1757 1965 1916 2021 omni

261 2043 490 2116 abjecta
519 2050 875 2121 suspicione,
905 2057 1088 2109 totam
1112 2071 1173 2110 se
1203 2054 1450 2110 contulit
1472 2055 1544 2110 ad
1577 2056 1913 2120 Dominum,

257 2136 435 2204 atque
466 2138 913 2196 sanctissimum
964 2142 1153 2198 virum
1203 2161 1304 2199 sex
1353 2161 1539 2200 annos
1585 2143 1916 2210 occultavit,

257 2238 444 2294 usque
474 2226 545 2280 ad
579 2227 900 2286 Constantii
954 2235 1222 2288 mortem.
1258 2235 1390 2305 Ipsa
1440 2234 1614 2306 pedes
1655 2234 1783 2304 ejus
1815 2233 1919 2288 ab-

255 2309 444 2379 luens,
478 2331 543 2370 ac
574 2324 963 2390 purgamenta
1009 2321 1302 2390 auferens,
1339 2322 1673 2377 necessaria
1722 2321 1921 2377 omnia

256 2401 813 2474 subministrans,ac
844 2408 1025 2465 libros
1057 2415 1326 2466 mutuata
1341 2412 1640 2482 praebebat
1673 2409 1782 2475 illi,
1816 2428 1921 2466 nec

259 2489 577 2562 quisquam
613 2499 777 2550 norat
825 2497 1133 2553 hominum
1185 2499 1244 2554 in
1293 2504 1417 2555 tota
1477 2499 1622 2555 urbe
1680 2499 1926 2554 Alexan-

262 2578 409 2650 dria,
444 2598 557 2653 quo
608 2582 733 2639 loco
781 2583 1017 2658 degeret
1074 2593 1316 2644 sanctus
1373 2588 1756 2644 Athanasius.
1812 2590 1920 2643 Eo-

263 2667 396 2724 dem
427 2673 688 2743 tempore
737 2673 1111 2744 pulchritudo
1171 2677 1336 2732 faciei
1385 2675 1655 2732 Ecclesiae
1695 2678 1754 2732 in
1800 2694 1922 2733 sor-

266 2757 369 2813 des
401 2763 457 2814 et
498 2759 799 2818 tristitiam
857 2769 1083 2820 mutata
1138 2770 1244 2822 est.
1305 2766 1608 2822 Commisti
1669 2783 1922 2839 namque

267 2851 434 2902 erant
480 2847 868 2907 Ecclesiarum
926 2853 1228 2925 praesules,
1271 2873 1337 2911 ac
1390 2855 1626 2911 nomine
1682 2856 1920 2928 quidem

264 2935 602 3006 Christiani,
665 2942 1080 2999 communione
1141 2948 1334 2999 autem
1381 2945 1736 3016 promiscua,
1772 2945 1920 3000 nihil

264 3025 335 3080 ab
389 3024 674 3082 haereticis
741 3029 1111 3087 differebant.
1147 3032 1273 3089 Non
1331 3033 1533 3104 utique
1600 3032 1682 3087 illi
1732 3049 1922 3105 usque

262 3115 334 3170 ad
402 3113 738 3172 libationem
806 3117 1095 3175 idolorum
1165 3122 1746 3193 praevaricabantur;
1818 3122 1919 3176 sed

262 3203 454 3276 specie
493 3205 922 3264 Christianismi
967 3208 1374 3282 hlasphemam
1431 3210 1552 3265 Arii
1591 3209 1917 3266 doctrinam

2024 624 2074 679 ἐν
2129 627 2448 701 ’Δριμηνῷ.
2501 626 2558 678 Ὁ
2603 621 2659 679 δὲ
2710 625 2864 698 ἅγιος
2917 622 3255 692 Ἀθανάσιος,
3307 618 3469 696 γνοὺς
3514 617 3679 676 πάλιν

2021 715 2110 769 καὶ
2140 716 2228 769 τὸν
2269 712 2493 789 βασιλέα
2531 715 2896 769 Κωνστάντιον
2945 713 3012 767 τά
3056 717 3160 766 τῶν
3205 714 3496 786 Ἀρειανῶν
3544 729 3676 786 κρα-

2021 803 2217 872 τύνειν,
2250 804 2339 858 καὶ
2370 803 2497 866 τοὺς
2529 802 2833 878 Ἀρειανοὺς
2857 801 3351 874 συσκευαζομένους
3385 799 3543 854 αὑτὸν
3575 800 3676 872 (α),

2022 893 2111 946 καὶ
2160 889 2557 961 σπουδάζοντας
2625 892 2759 945 κατᾶ
2821 889 3174 968 συκοφαντίαν
3238 889 3466 962 ἀθέμιτα
3514 887 3678 942 αὐτοῦ

2022 986 2364 1055 κατηγορεῖν,
2401 981 2487 1035 ἐπὶ
2521 978 2958 1058 διεφθαρμμένου
3009 976 3363 1053 δικαστηρίου
3395 975 3493 1031 οὐκ
3521 975 3675 1053 ἐθάρ-

2027 1070 2186 1146 ῥησεν
2220 1068 2419 1141 οὐδενὶ,
2453 1069 2513 1124 ού
2547 1068 2716 1147 φίλῳ,
2753 1069 2813 1123 οὐ
2861 1067 3136 1144 κληρικῷ,
3197 1066 3295 1122 οὐκ
3342 1063 3501 1140 ἄλλῳ
3546 1064 3676 1121 τινί’

2026 1157 2152 1213 ἀλλ’
2202 1157 2466 1236 αἰφνίδιον
2541 1157 2890 1214 εἰσελθόντων
2941 1162 3047 1211 τῶν
3119 1156 3429 1232 ἐπαρχικῶν
3486 1155 3562 1217 εἷς
3618 1154 3682 1209 τὸ

2027 1249 2392 1322 ἐπισκοπεῖον,
2424 1249 2513 1304 καὶ
2565 1247 2870 1318 ζητούντων
2915 1246 3074 1302 αὐτὸν
3125 1240 3441 1315 συλλαϐεῖν,
3494 1239 3679 1299 λαϐὼν

2028 1338 2191 1393 αὑτοῦ
2221 1338 2282 1391 τὸ
2317 1338 2564 1413 στιχάριν
2595 1337 2686 1391 καὶ
2715 1337 2776 1391 τὸ
2811 1336 2988 1412 βιρῥὶν
3024 1335 3074 1391 ἐν
3105 1335 3370 1409 μεσοτάτῃ
3400 1333 3551 1388 νυκτὶ
3584 1334 3680 1406 (ὁ),

2027 1427 2293 1504 κατέφυγε
2349 1427 2486 1501 πρὸς
2541 1427 2803 1503 παρθένον
2879 1425 3000 1479 νέαν
3039 1470 3053 1493 ,
3113 1424 3190 1484 ὡς
3268 1421 3399 1478 ἐτῶν
3463 1419 3634 1477 είὸιοσι
3669 1463 3682 1478 .

2029 1514 2235 1594 σφόδρα
2265 1517 2630 1592 ὡραιοτάτην,
2681 1515 2914 1594 φευκτὴν
2966 1511 3054 1568 διὰ
3104 1513 3166 1567 τὸ
3212 1509 3443 1574 κάλλος.
3499 1510 3562 1564 Ἡ
3603 1507 3682 1578 δὲ,

2029 1606 2318 1676 ξενισθεῖσα
2369 1603 2455 1658 ἐπὶ
2512 1609 2591 1676 τῷ
2646 1602 2948 1679 πράγματι,
3009 1601 3250 1671 ἐπτοήθη
3298 1640 3310 1654 .
3373 1600 3531 1673 Λέγει
3591 1594 3683 1652 οῦν

2031 1694 2190 1768 αὐτῇ,
2217 1693 2299 1749 ὅτι
2331 1695 2728 1766 Ἐπιζητοῦμαι
2777 1693 2924 1768 παρὰ
2969 1695 3076 1745 τῶν
3126 1692 3414 1761 ’Δρειανῶν
3467 1689 3558 1762 (c),
3590 1686 3684 1741 καὶ

2031 1785 2257 1856 ἀθέμιτα
2307 1787 2765 1859 συκοφαντοῦμαι.
2815 1780 2915 1835 Καὶ
2956 1779 3045 1834 ’ἱνα
3103 1779 3178 1851 μὴ
3239 1777 3422 1851 κᾶγὼν
3479 1773 3682 1850 ἄλογον

2033 1872 2418 1946 ἀπενέγκωμαι
2468 1868 2645 1941 δόξαν,
2693 1870 2783 1924 καὶ
2823 1869 2900 1931 εἷς
2951 1867 3217 1943 ἁμαρτίαν
3271 1859 3500 1936 ἐμϐάλω
3555 1861 3686 1924 τοὺς

2025 1959 2438 2035 τιμωρήσασθαί
2491 1980 2556 2032 με
2605 1957 2996 2034 βουλομένους,
3057 1955 3390 2028 ἐνεθυμήθην
3453 1956 3683 2030 φυγεῖν.

2028 2046 2398 2122 Ἀπεκάλυψεν
2432 2045 2522 2102 οῦν
2569 2068 2662 2121 μοι
2696 2049 2724 2102 6
2772 2046 2902 2108 Θεὸς
2930 2044 3098 2119 ταύτῃ
3125 2047 3194 2118 τῇ
3223 2043 3399 2114 νυκτὶ,
3444 2039 3526 2096 ὅτι
3558 2039 3687 2115 παρ’

2029 2135 2204 2192 οὐδενί
2255 2133 2402 2212 ἔχεις
2452 2137 2687 2205 σωθῆναι
2754 2135 2798 2189 εἰ
2869 2135 2944 2209 μὴ
2994 2137 3118 2207 παρ’
3178 2130 3352 2204 ἐκείνῃ
3551 2128 3687 2184 Ἀπὸ

2028 2224 2250 2296 πολλῆς
2280 2225 2370 2280 οὗν
2402 2232 2580 2302 χαρᾶς
2612 2224 2789 2293 ἐκείνη
2835 2223 3032 2300 ῥίψασα
3081 2222 3256 2276 πάντα
3301 2217 3686 2293 διαλογισμὸν,

2031 2313 2135 2385 ὅλη
2170 2316 2459 2391 γεγένηται
2489 2319 2584 2370 τοῦ
2638 2313 2856 2387 Κυρίου,
2888 2313 2978 2367 καὶ
3023 2311 3326 2386 κατέκρυψε
3373 2309 3463 2362 τὸν
3514 2307 3684 2381 ἁγιώ-

2030 2426 2188 2459 τατον
2239 2403 2438 2459 ἐκεῖνον
2497 2403 2584 2458 ἐπὶ
2633 2403 2688 2473 ’ἐξ
2720 2398 2810 2473 ἔτη
2872 2402 3038 2477 μέχρι
3079 2407 3179 2469 τῆς
3231 2403 3377 2468 ζωῆς
3409 2403 3689 2452 Κωνσταν-

2031 2494 2169 2550 τίου,
2207 2492 2351 2563 Αὕτη
2403 2491 2492 2547 καί
2541 2492 2927 2567 περινίπτουσα
2964 2490 3093 2552 τοὺς
3143 2485 3335 2558 πόδας,
3366 2485 3457 2541 καὶ
3505 2485 3571 2539 τὰ
3599 2503 3692 2538 πε-

2035 2583 2349 2658 ριττώματα
2379 2579 2720 2652 διακονοῦσα,
2770 2581 2861 2636 καὶ
2907 2581 3003 2642 τὰς
3045 2577 3260 2654 χρείας,
3305 2575 3469 2630 αὑτοῦ
3516 2574 3689 2634 πάσας

2034 2672 2417 2745 οἷκονομοῦσα,
2449 2671 2538 2724 καὶ
2592 2667 2744 2743 βιλία
2790 2668 3097 2744 κιχραμένη
3136 2668 3207 2739 (ε)
3236 2663 3326 2720 καὶ
3375 2663 3692 2739 παρέχουσα

2032 2761 2178 2833 αύτῷ
2209 2808 2224 2833 ,
2283 2760 2372 2814 καὶ
2440 2757 2616 2821 οὐδεὶς
2676 2758 2972 2834 ἀνθρώπων
3031 2755 3209 2824 πάσης
3284 2747 3687 2827 Ἀλεξανδρείας

2033 2848 2174 2925 ἔγνω
2206 2849 2258 2904 ἐν
2283 2854 2400 2911 τοῖς
2429 2848 2485 2920 ἓξ
2537 2846 2698 2919 ἔτεσι,
2734 2851 2838 2902 ποῦ
2889 2843 3065 2922 διάγει
3096 2845 3125 2900 6
3157 2844 3313 2918 ἅγιος
3350 2841 3685 2900 Ἀθανάσιος.

2033 2940 2158 3003 Κατ’
2189 2937 2390 2993 ἐκεῖνον
2422 2939 2511 2992 τὸν
2543 2938 2728 3011 καιρὸν
2760 2936 2823 2990 τὸ
2869 2933 3079 2996 κάλλος
3121 2935 3220 2988 τοῦ
3259 2931 3557 3005 προσώπου
3586 2934 3690 2997 τῆς

2030 3025 2358 3096 Ἐκκλησίας
2414 3025 2588 3103 ῥυτίσι
2636 3026 2726 3080 καὶ
2771 3023 3041 3102 κατηφείᾳ
3094 3019 3416 3091 ἠλλοίωτο.
3471 3014 3686 3092 Μίγδην

2031 3119 2134 3194 γὰρ
2183 3118 2316 3186 ἦσαν
2370 3117 2422 3171 οἱ
2466 3121 2571 3170 τῶν
2625 3117 2965 3183 Ἐκκλησιῶν
3025 3109 3267 3187 ἕξαρχοι,
3320 3106 3550 3180 ἇνόματι
3592 3106 3686 3194 μὶν

2030 3205 2340 3282 Χριστιανοί
2369 3202 2724 3276 καλούμενοι,
2757 3206 2826 3276 τῇ
2869 3199 2927 3256 δὲ
2959 3199 3206 3274 ἐπιμιξίᾳ
3251 3203 3352 3266 τῆς
3399 3193 3692 3282 κοινωνίας

259 3293 414 3348 tueri
445 3281 1215 3354 conabantur.Constantius
1248 3304 1446 3354 autem
1477 3298 1920 3370 imperator,qui

2032 3301 2137 3351 τῶν
2187 3297 2472 3369 αἱρετικῶν
2522 3291 2690 3368 μηδὲν
2743 3290 3108 3370 διαφέροντες,
3161 3287 3234 3344 Οὐ
3281 3281 3538 3346 σπονδαῖς
3586 3283 3690 3359 γὰρ

250 3381 379 3452 jam
425 3387 595 3440 antea
652 3385 930 3441 Arianam
989 3387 1341 3443 sententiam
1400 3387 1694 3455 tuebatur,
1733 3387 1917 3443 multo

258 3469 446 3543 magis
478 3471 536 3527 id
569 3478 696 3528 tum
729 3475 1064 3546 praestabat,
1098 3493 1230 3531 cum
1265 3492 1444 3548 penes
1489 3475 1654 3532 illum
1685 3493 1920 3532 summa

255 3575 451 3615 rerum
473 3565 652 3617 esset:
675 3578 853 3635 quare
869 3563 1052 3634 jussit
1076 3565 1252 3620 fidem
1273 3565 1624 3620 Arianorum
1653 3566 1722 3620 ad
1743 3565 1919 3620 Italiae

253 3648 542 3704 Ecclesiae
574 3650 750 3718 mitti,
777 3653 997 3722 jubens
1029 3652 1239 3724 expelli
1275 3654 1346 3708 ab
1378 3653 1654 3710 Ecclesiis
1686 3670 1784 3710 eos
1816 3655 1918 3727 qui

255 3735 480 3792 nollent
507 3738 558 3793 ei
584 3739 1037 3808 subscribere,et
1067 3741 1215 3797 alios
1244 3743 1302 3796 in
1336 3759 1540 3797 eorum
1572 3742 1758 3798 vicem
1787 3744 1922 3799 sub-

258 3827 476 3898 rogari.
527 3827 601 3882 Ut
667 3833 862 3884 autem
924 3830 1100 3885 etiam
1159 3834 1399 3887 sanctus
1460 3831 1725 3887 Liberius
1792 3836 1924 3904 post

268 3915 505 3971 beatum
537 3915 760 3972 Julium
792 3917 971 3973 Marci
1003 3924 1058 3973 et
1077 3918 1352 3992 Sylvestri
1376 3937 1795 3990 successorem,
1818 3922 1925 3978 Ro-

270 4020 378 4059 mae
407 4004 737 4078 episcopus,
769 4006 828 4062 in
877 4007 1114 4063 exilium
1163 4007 1371 4080 pulsus
1419 4014 1590 4081 esset,
1625 4010 1922 4068 haretico-

271 4109 402 4148 rum
436 4094 598 4149 furor
626 4094 685 4149 in
717 4098 845 4167 ejus
877 4095 1070 4152 locum
1097 4096 1344 4154 Felicem
1368 4099 1683 4172 quemdam
1715 4100 1927 4156 consti-

270 4182 384 4237 tuit
412 4182 677 4238 Ecclesiae
702 4184 977 4240 Romanae
999 4185 1359 4258 episcopum.
1392 4189 1574 4253 Quem
1610 4189 1808 4244 statim
1831 4188 1925 4244 di-

270 4271 493 4328 vinitus
522 4272 793 4329 immissa
824 4289 992 4346 poena
1023 4274 1265 4346 excepit.
1299 4275 1445 4332 Nam
1477 4278 1605 4332 visu
1639 4277 1921 4350 privatus,

273 4359 530 4416 divinam
553 4361 940 4418 confitebatur
965 4362 1284 4419 vindictam
1316 4381 1377 4420 se
1408 4365 1764 4438 impetiisse;
1790 4366 1926 4422 hinc

273 4464 406 4505 vero
439 4449 731 4522 pestilenti
764 4452 968 4508 morbo
1017 4453 1316 4525 aliquanto
1343 4459 1474 4526 post
1504 4459 1766 4526 tempore
1795 4472 1928 4511 con-

275 4553 570 4611 sumptus,
603 4540 792 4612 periit.
826 4545 1025 4598 Sermo
1074 4546 1269 4598 autem
1315 4543 1532 4599 Christi
1564 4544 1774 4600 clarior
1803 4561 1928 4599 eva-

275 4627 577 4697 sit,sancto
611 4629 836 4686 Liberio
891 4649 994 4704 pro
1044 4632 1158 4688 fide
1205 4632 1480 4705 patiente.
1516 4632 1800 4705 Georgius
1832 4650 1929 4689 au-
1958 4654 2005 4721 υ

273 4721 414 4786 tem,
449 4719 534 4774 uti
584 4736 764 4792 supra
810 4721 1034 4777 dictum
1085 4725 1192 4791 est,
1226 4721 1582 4778 Alexandria
1639 4722 1827 4778 elatus
1868 4723 1927 4778 in

277 4807 637 4879 superbiam,
679 4825 749 4864 ne
808 4810 868 4865 in
925 4810 1117 4881 specie
1175 4809 1410 4881 quidem
1469 4826 1598 4867 sese
1647 4810 1927 4882 cohibuit,

278 4912 592 4953 conversus
621 4897 791 4970 plane
821 4899 894 4954 ad
936 4898 1364 4966 crudelitatem,
1396 4898 1478 4954 ita
1535 4903 1601 4955 ut
1637 4899 1930 4955 videretur

275 4986 533 5042 fascibus
564 4990 621 5043 et
649 4988 840 5044 securi
870 4987 1183 5061 imperium
1215 4988 1496 5059 obtinere,
1528 4989 1717 5061 magis
1750 5005 1927 5061 quam

273 5078 595 5133 sacerdotio
626 5093 893 5149 praeesse.
926 5078 1070 5134 Cum
1124 5082 1323 5133 autem
1371 5081 1611 5134 sanctus
1661 5079 1927 5135 Meletius

273 5164 581 5240 episcopus
608 5166 1011 5223 Antiochenus
1042 5165 1715 5224 consubstantialitatem
1746 5167 1929 5223 mani-

346 5381 423 5454 (a)
455 5382 636 5440 Palat.
668 5384 1016 5447 κρατύνοντα.

348 5452 425 5525 (b)
458 5454 637 5511 Palat.
667 5455 729 5509 τὸ
761 5457 1060 5532 στηχοὶριον
1099 5453 1189 5508 καὶ
1236 5453 1298 5507 τὸ
1348 5452 1516 5527 Βηρὶν
1571 5452 1621 5508 ἐν
1676 5456 1926 5527 μεσαιτά-

275 5544 412 5668 τῃξσ)
438 5596 622 5656 Palat.
656 5597 788 5672 αὐτῇ
821 5599 848 5653 ὀ
890 5594 1062 5723 μέγας
1088 5597 1422 5659 Ἀθανάσιος’

343 5669 420 5723 (dl
451 5669 627 5723 Palat.
659 5691 766 5723 παρ
798 5669 882 5723 ἐκε
906 5693 969 5723 vn
997 5669 1266 5723 παρθένω·

343 5669 420 5740 (d)
451 5669 627 5751 Palat.
659 5669 774 5746 παρ’
798 5669 1266 5798 ἐκείνππαρθένιὲ.
1435 5744 1462 5754 “

348 5741 545 5798 (ε)810
577 5742 757 5798 Palat.
806 5743 958 5798 Editl
1007 5759 1161 5798 vero.
1255 5760 1557 5798 ιακονουσα.
1607 5739 1695 5795 καὶ
1735 5735 1825 5798 Βιϐ

348 5739 420 5816 (ε)
450 5741 545 5798 Sic
577 5739 757 5800 Palat.
806 5739 958 5800 Editi
1007 5739 1161 5811 vero,
1218 5739 1557 5812 διακονοῦσα,
1607 5739 1695 5795 καὶ
1735 5739 1924 5816 βιϐλία

2036 3383 2280 3440 εἰδώλων
2333 3385 2432 3453 τὴν
2486 3379 2790 3458 παράϐασιν
2840 3378 3126 3458 ἔπραττον,
3179 3374 3304 3433 ἀλλ’
3347 3374 3400 3430 ἐν
3445 3373 3694 3449 προσχή-

2033 3494 2160 3548 ματι
2219 3475 2646 3550 Χριστιανισμοῦ
2718 3468 2782 3526 τὸ
2846 3468 3177 3547 βλάσφημον
3233 3462 3452 3541 Ἀρείου
3513 3459 3694 3550 δόγμα

2027 3549 2305 3639 κρατύνειν
2367 3558 2720 3629 ἐσπούδαζον.
2780 3563 2834 3612 '0
2891 3555 2949 3614 δὲ
3011 3553 3267 3632 βασιλεὺς
3322 3549 3694 3639 Κωνστάντιος

2028 3637 2119 3705 καὶ
2167 3648 2274 3721 ἤδη
2333 3651 2426 3724 μὲν
2475 3653 2689 3723 πρῶτον
2724 3647 3029 3723 συνεκρότει
3060 3646 3158 3714 τὴν
3195 3642 3478 3716 Ἀρειανῆν
3513 3637 3690 3709 δόξαν,

2029 3738 2228 3812 πολλῷ
2261 3736 2317 3795 δὲ
2356 3737 2523 3807 πλέον
2557 3737 2907 3812 αὐτοκράτωρ
2958 3730 3352 3810 γενόμενος·δι’
3383 3730 3412 3784 ’ὀ
3444 3727 3694 3784 ἐκέλευσε

2028 3830 2128 3898 τὴν
2158 3833 2264 3883 τῶν
2312 3829 2602 3904 ’Δρειανῶν
2647 3826 2828 3880 πίστιν
2873 3825 2963 3878 καὶ
3017 3822 3093 3884 εἷς
3139 3823 3237 3882 τὰς
3281 3818 3407 3894 περῖ
3456 3814 3690 3873 Ἰταλίαν

2029 3912 2351 3988 Ἐκκλησίας
2384 3917 2714 3990 πέμπεσθαι,
2761 3912 3064 3992 προστάξας
3109 3910 3238 3972 τοὺς
3293 3909 3368 3982 μή
3416 3904 3692 3984 βουλομέ-

2030 4028 2153 4069 νους
2207 4006 2535 4084 ὑπογράφειν
2590 4003 2724 4077 αὐτῇ
2789 4003 3097 4074 ἐξωθεῖσθαι
3156 4003 3263 4054 τῶν
3323 3994 3691 4066 Ἐκκλησιῶν,

2030 4097 2120 4151 καὶ
2154 4096 2231 4157 εἰς
2280 4094 2408 4156 τοὺς
2455 4093 2659 4155 τόπους
2706 4091 2880 4146 αὐτῶν
2933 4091 3153 4167 ἐτέρους
3203 4084 3692 4143 ἀντικαθίστασθαι.

2033 4189 2120 4247 Ὡς
2155 4181 2212 4239 δὲ
2242 4184 2333 4238 καὶ
2365 4184 2393 4237 6
2422 4181 2571 4244 ὅσιος
2622 4177 2874 4255 Λιϐέριος
2918 4181 3052 4254 μετᾶ
3097 4175 3324 4233 Ἰούλιον
3372 4174 3462 4230 τὸν
3521 4171 3692 4246 μακά-

2037 4293 2152 4349 ριον
2183 4270 2276 4327 τὸν
2325 4273 2548 4348 Μάρκου
2601 4270 2690 4325 καὶ
2725 4264 3059 4342 Σιλϐέστρου
3111 4264 3516 4342 διάδοχον,τῆς
3557 4260 3694 4316 Ῥώ-

2041 4383 2150 4435 μης
2181 4359 2252 4415 ὢν
2297 4359 2614 4431 ἐπίσκοπος,
2666 4357 2874 4430 ἐξορίαν
2925 4357 3230 4435 ὑφίσταται,
3275 4356 3310 4424 ἡ
3341 4357 3449 4408 τῶν
3496 4349 3710 4425 clpam--

2033 4455 2144 4506 κῶν
2182 4451 2345 4524 μανία
2377 4451 2487 4505 ἀντ’
2530 4449 2691 4506 αὐτοῦ
2741 4447 2965 4519 Φήλικά
3105 4466 3227 4500 τινα
3272 4441 3556 4510 καθίστησι
3591 4443 3696 4507 τῆς

2036 4539 2365 4611 Ἐκκλησίας
2440 4537 2726 4614 Ῥωμαίων
2810 4536 3104 4592 ἐπίσκοπον
3157 4578 3170 4604 ,
3226 4534 3287 4597 ’ὸς
3351 4532 3698 4607 παραχρῆμα

2036 4632 2229 4700 ποινὴν
2281 4627 2544 4701 θεήλατον
2607 4628 2824 4698 ἐξέτισε.
2874 4630 2981 4682 Νῦν
3043 4624 3138 4699 μὲν
3193 4624 3297 4698 γὰρ
3354 4628 3456 4691 τῆς
3516 4614 3696 4691 ὅψεως

2041 4717 2428 4796 ἀποπερηθείς
2480 4715 2884 4792 ἐξωμολογεῖτο
2931 4716 3029 4784 τὴν
3075 4712 3220 4769 θείαν
3267 4709 3422 4781 δίκην
3469 4706 3696 4796 εἰκότως

2039 4809 2196 4866 αὐτὸν
2246 4795 2558 4883 μετελθεῖν·
2601 4811 2692 4862 νῦν
2743 4802 2801 4860 δὲ
2849 4802 3082 4878 λοιμικῇ
3141 4801 3286 4874 νόσῳ
3345 4799 3433 4855 ἐπὶ
3491 4795 3692 4883 χρόνον

2039 4882 2350 4976 διαφθαρεὶς
2400 4898 2677 4952 ἀπέθανεν.
2710 4896 2767 4948 Ὁ
2816 4892 2874 4949 δὲ
2919 4897 3016 4948 τοῦ
3046 4894 3279 4966 Χριστοῦ
3331 4887 3500 4963 λόγος
3549 4882 3696 4976 ἐνδο-

2039 4974 2254 5066 ξότερος
2287 4985 2517 5061 ἐγίνετο,
2547 4987 2645 5039 τοῦ
2685 4981 2842 5060 ἁγίου
2893 4977 3149 5056 Λιϐερίου
3198 4980 3509 5054 πάσχοντος
3559 4974 3693 5048 ὑπὲρ

2035 5085 2136 5146 τῆς
2188 5075 2423 5138 πίστεως
2460 5119 2472 5131 .
2527 5075 2584 5127 '0
2642 5070 2699 5127 δὲ
2754 5073 3026 5148 Γεώργιος
3059 5115 3076 5139 ,
3130 5069 3268 5125 καθὰ
3323 5067 3692 5143 προείρηται,

2034 5168 2171 5222 κατὰ
2223 5167 2324 5237 τὴν
2387 5159 2783 5238 Ἀλεξανδρέων
2845 5157 3115 5236 ὑπεροψίᾳ
3170 5159 3246 5233 (g)
3306 5155 3510 5234 ἀρθεὶς,
3568 5148 3696 5208 οὐδὲ

2033 5404 2089 5439 κι

2126 5381 2506 5525 ἧωὸιῖἐνᾎὸιεῤ.
2537 5447 2715 5525 E_d_iti,
2749 5443 3188 5525 φίληκαηιῙιδὶἀ.
3221 5443 3411 5525 Ραῐειιἶ
3441 5440 3696 5525 6x432596-

2039 5515 2223 5579 ιστέῖίσι
2279 5527 2399 5583 ταῖς
2456 5519 2536 5576 ἐκ.
2571 5515 2711 5578 ΜΟΧ⁷
2755 5519 2935 5591 idem,
2996 5515 3240 5588 ἐξέτισεν,
3298 5521 3473 5574 recte.
3509 5515 3690 5585 Editi,

2035 5595 2506 5742 Palat.
2539 5669 2711 5720 recte.
2741 5660 2914 5730 Editi,
2949 5658 3266 5735 ὑπεροψίαν.
