4146 6372
1372 437 1559 500 VITA
1606 439 1672 500 S.
1717 433 2150 501 ATHANASII
2193 427 2297 500 EX
2338 439 2952 505 METAPHRASTE.

3697 465 3870 515 CCXLI

453 568 542 628 ἐπὶ
584 565 874 647 σχήματος
924 564 1138 646 ἐπεῖχεν
1188 567 1398 640 ἑαυτὸν,
1451 568 1862 645 ἐξηλλαγμένος
1909 567 2106 624 παντα-

2227 571 2364 628 leste
2394 574 2752 645 praedicaret,
2784 575 2952 632 illum
2985 577 3160 634 etiam
3207 578 3466 637 haretici
3512 583 3706 639 Ariani
3758 587 3870 641 cir-

453 682 583 716 πασι
629 659 767 736 πρὸς
821 659 1102 733 ὠμότητα,
1155 660 1231 721 ὡς
1289 657 1464 714 δοκεῖν
1525 659 1680 713 αὐτὸν
1740 655 1962 736 ῥάϐδοις
2018 661 2107 714 καὶ

453 749 648 806 πέλυκι
669 751 768 819 τήν
802 749 1105 824 ἡγεμονίαν
1129 745 1328 804 διέπειν
1353 749 1491 823 (α),ἢ
1517 747 1816 823 ἱερωσύνης
1846 748 2106 824 προίστα-

454 841 593 894 σθαι.
629 836 848 908 Ἐπειδὴ
884 836 941 894 δὲ
969 838 1058 893 καὶ
1101 839 1128 892 6
1178 835 1332 913 ἅγιος
1378 836 1638 900 Μελέτιος
1691 840 1718 892 6
1764 846 1865 908 τῆς
1899 840 2106 892 Ἀντιο-

449 929 593 1006 χέων
628 927 924 990 ἐπίσκοπος
967 929 1028 982 τὸ
1083 928 1378 1000 ὁμοούσιον
1432 933 1616 1006 σαφῶς
1679 927 1960 1001 ἐκήρυττε,
2017 928 2107 982 καὶ

450 1022 641 1074 τοῦτον
701 1019 755 1072 οἱ
817 1024 918 1087 τῆς
979 1016 1193 1090 Ἀρείου
1251 1017 1506 1093 αἱρέσεως
1559 1015 2007 1092 περιορίζουσιν·
2063 1019 2107 1090 ᾦ

2217 677 2595 718 cumvenere:
2629 681 2803 735 quem
2838 666 3024 722 multa
3055 669 3410 740 sequebatur
3437 673 3628 744 turba,
3671 675 3870 731 adver-

2219 751 2512 806 sariorum
2567 755 2980 811 communione
3043 757 3356 828 despecta;
3407 761 3683 817 Euzoium
3731 782 3865 820 vero

2217 839 2342 895 loco
2375 841 2559 895 sancti
2615 842 2826 897 Meletii
2876 843 2933 898 in
2989 846 3417 903 Antiochenum
3464 851 3864 924 episcopatum

2219 930 2603 985 ordinarunt:
2639 948 2703 986 ac
2734 931 2981 1004 impium
3015 934 3338 991 Eudoxium
3378 937 3864 1014 Constantinopo-

2217 1018 2409 1074 litanae
2440 1019 2704 1075 Ecclesia:
2736 1022 3079 1092 praeficiunt.

450 1105 598 1163 πολὺ
627 1105 844 1177 πλῆθος
874 1104 1446 1178 συνηκολούθησε,τῆς
1476 1105 1762 1168 κοινωνίας
1793 1111 1900 1161 τῶν
1936 1105 2162 1162 ἐναντίω
2185 1104 2938 1181 ρὀλιγωρήσαντος·Εύζώῖον
2973 1106 3029 1163 δὲ
3061 1110 3282 1164 ἀντὶτοῦ
3305 1111 3462 1186 ἀγίου
3493 1111 3759 1170 Μελετίου
3788 1117 3864 1180 εἰς

450 1197 550 1266 τὴν
587 1194 886 1264 ἐπισκοπὴν
920 1196 1258 1272 Ἀντιοχειας
1312 1193 1784 1271 προχειρίζονται,
1818 1195 1907 1249 τὸν
1943 1189 2111 1265 ἀσεϐῆ
2141 1193 2397 1265 Εὐδόξιον
2433 1202 2534 1263 τῆς
2567 1195 2966 1250 Κωνσταντίνου
2989 1195 3202 1260 πόλεως
3228 1197 3555 1270 Ἐκκλησίας
3579 1201 3868 1260 ἐπίσκοπον

451 1284 920 1360 προστησάμενοι.

526 1376 614 1432 14.
646 1377 901 1428 Τοιοῦτον
932 1371 989 1428 δὲ
1018 1373 1154 1427 κατά
1200 1380 1302 1443 τῆς
1350 1371 1678 1442 Ἐκκλησίας
1725 1378 1824 1428 τοῦ
1875 1370 2106 1447 μισοκα-

454 1461 554 1518 λου
612 1460 968 1536 ἐξανάψαντος
1027 1461 1295 1536 πόλεμον,
1353 1459 1723 1524 Κωνστάντιος
1775 1464 1802 1516 ὁ
1851 1461 2107 1538 βασιλεύς

454 1547 819 1606 ἀναδείκνυσιν
899 1549 1192 1606 Ἰουλιανὸν
1255 1550 1495 1628 Καίσαρα
1557 1550 1608 1606 ἐν
1668 1549 1960 1619 Γαλλίαις,
2016 1550 2106 1605 καὶ

452 1635 779 1696 καταλαϐὼν
838 1641 938 1710 τήν
1020 1638 1585 1696 Κωνσταντινουπόλιν
1622 1685 1635 1711 ,
1693 1638 1946 1710 Εύδόξιον
2013 1641 2105 1694 τὸν

453 1729 798 1804 ’Δντιοχείας
877 1735 976 1798 τῆς
1064 1727 1686 1792 Κωνσταντινουπόλεως
1779 1727 2104 1799 Ἐκκλησίας

454 1816 748 1874 ἐπίσκοπον
806 1817 896 1873 καὶ
955 1819 1100 1892 ἱερέα
1153 1816 1512 1874 ἀναδείκνυσιν
1549 1863 1561 1874 .
1628 1820 1710 1873 Ἐν
1781 1817 1960 1890 τούτῳ
2028 1821 2108 1889 τῷ

451 1907 638 1984 χρόνῳ
690 1907 780 1962 καὶ
808 1909 908 1978 τὴν
960 1906 1205 1983 μεγάλην
1258 1906 1572 1978 ἐκκλησίαν,
1689 1902 1860 1981 ὄνομα
1910 1906 2103 1984 Σοφία,

2299 1376 2386 1429 14.
2423 1376 2569 1431 Cum
2605 1391 2778 1448 porro
2809 1379 3042 1432 tantum
3067 1376 3285 1432 bellum
3313 1380 3448 1435 boni
3481 1382 3864 1438 omnisinimi

2218 1481 2321 1520 cus
2353 1465 2636 1520 adversus
2686 1464 3005 1521 Ecclesiam
3055 1467 3434 1536 accendisset,
3489 1470 3864 1528 Constantius

2217 1553 2534 1625 imperator
2563 1552 2865 1610 Julianum
2898 1554 2956 1608 in
2991 1553 3196 1625 Gallia,
3221 1556 3506 1612 Caesarem
3526 1560 3863 1633 promulga-

2217 1646 2316 1712 vit,
2350 1643 2421 1697 ad
2454 1642 3013 1716 Constantinopolim
3045 1645 3729 1713 concedens,Eudoxium
3751 1655 3867 1705 An-

2216 1731 2554 1786 tiochenum
2569 1732 3226 1803 Constantinopolitanze
3241 1734 3503 1791 Ecclesia:
3524 1737 3864 1810 episcopum

2216 1823 2273 1874 et
2303 1821 2663 1875 sacerdotem
2715 1820 3048 1875 declaravit.
3109 1822 3171 1876 In
3225 1823 3546 1895 eodemque
3602 1831 3866 1898 tempore

2219 1925 2490 1981 magnam
2523 1909 2852 1975 ecclesiam,
2892 1910 2986 1964 cui
3019 1927 3230 1966 nomen
3263 1911 3456 1987 Σοφία,
3491 1931 3592 1969 seu
3623 1915 3860 1987 Sapien-

451 1995 796 2069 ἐνεκαίνισεν,
831 1997 883 2051 ἐν
930 1997 1154 2069 ὑπατείᾳ
1202 1996 1572 2052 Κωνσταντίου
1619 2017 1677 2050 τε
1723 1993 1962 2067 δέκατον,
2017 1995 2107 2050 καὶ

2227 1997 2315 2064 tia,
2349 1997 2638 2053 dedicavit
2666 2013 2816 2052 coss.
2852 1997 3187 2055 Constantio
3216 2001 3532 2072 decimum,
3565 2002 3866 2061 etJuliano

452 2085 758 2142 Ἰουλιανοῢ
811 2086 1075 2162 Καίσαρος
1123 2087 1185 2140 τὸ
1233 2086 1454 2162 τρίτον,
1509 2085 1679 2160 μηνὸς
1733 2079 2108 2162 Φεϐρουαρίου

456 2173 906 2250 πεντεκαιδεκάτῃ
935 2177 1034 2250 (ὁ).
1067 2177 1123 2229 Ὃ
1155 2173 1246 2230 οὖν
1281 2171 1480 2245 ἀσεϐὴς
1529 2171 1785 2246 Εύδόξιος
1837 2171 2108 2236 καθεσθείς

456 2265 535 2327 εἰς
564 2266 654 2320 τὸν
685 2265 870 2341 θρόνον
913 2264 1082 2335 αὐτῆς
1128 2269 1245 2326 τοῖς
1295 2263 1610 2339 ἐγκαινίοις,
1659 2264 1884 2338 πρώτην
1937 2264 2110 2341 ἀφῆκε

455 2356 643 2433 φωνὴν
689 2357 865 2433 φήσας
1023 2355 1078 2407 Ὁ
1122 2355 1310 2430 Πατὴρ
1361 2348 1582 2425 ἀσεϐὴς,
1635 2354 1662 2408 ὁ
1704 2353 1827 2414 Υἱὸς
1861 2347 2105 2422 εὐσεϐής.

451 2437 698 2518 Θορύϐου
731 2440 788 2497 δὲ
818 2440 1035 2498 πολλοῦ
1064 2442 1155 2497 καὶ
1187 2444 1424 2505 στάσεως
1455 2441 1544 2497 ἐπὶ
1574 2446 1734 2496 τοῦτο
1783 2443 2106 2517 γενομένης.

449 2529 658 2604 Μηδὲν,
693 2533 848 2610 φησί,
893 2529 1217 2606 ταράσσεσθε
1245 2532 1383 2608 πρὸς
1430 2532 1491 2586 τὸ
1546 2529 1736 2608 λεχθὲν
1790 2532 1915 2607 παρ’
1950 2530 2104 2604 ἐμου.

447 2623 507 2675 '0
554 2623 659 2698 γὰρ
711 2622 900 2695 Πατήρ
959 2615 1183 2691 ἀσεϐὴς,
1233 2620 1317 2676 ὅτι
1362 2618 1556 2676 ούδένα
1602 2616 1766 2676 σέϐεν
1819 2621 1848 2674 6
1898 2617 1954 2674 δὲ
1984 2621 2108 2681 Υἱὸς

448 2705 698 2783 εὐσεϐὴς,
751 2709 834 2765 ὅτι
886 2705 1029 2765 σέϐει
1075 2711 1166 2765 τὸν
1215 2711 1444 2783 Πατέρα.
1495 2714 1671 2766 Ταῦτα
1717 2709 1963 2771 εἰπόντος
2010 2713 2108 2764 τοῦ

448 2797 734 2872 Εύδοξίου,
768 2800 796 2854 6
832 2799 924 2872 μὲν
958 2794 1188 2876 θόρυϐος
1219 2797 1546 2868 κατεστάλη·
1597 2795 1776 2874 γέλως
1829 2796 1885 2852 δὲ
1932 2797 2108 2860 πολὺς

455 2889 574 2963 ἀντὶ
615 2892 712 2944 τοῦ
757 2883 991 2964 θορύϐου
1037 2893 1263 2964 κατεῖχε
1307 2890 1405 2958 τὴν
1455 2885 1768 2959 ἐκκλησίαν·
1817 2886 1953 2941 ὥστε
1980 2886 2108 2949 τοὺς

454 2975 750 3040 πλείστους
810 2976 984 3033 αὐτῶν
1024 2975 1556 3052 ,καταγελάσαντες
1631 2975 1817 3046 αὐτοῦ,
1879 2975 2106 3047 ἐξελθεῖν

452 3073 560 3136 τῆς
587 3065 902 3137 ἐκκλησίας,
931 3067 1021 3121 καὶ
1070 3065 1162 3120 σὺν
1213 3065 1426 3142 ὀλίγοις
1474 3071 1591 3128 τοῖς
1633 3067 1757 3142 περί
1807 3065 1964 3120 αὐτὸν
2014 3086 2112 3120 κα-

457 3152 835 3234 ταλειφθῆναι.
894 3154 993 3209 Καὶ
1047 3156 1194 3229 μένει
1244 3155 1306 3211 τὸ
1357 3154 1514 3231 ῥηθὲν
1563 3155 1637 3228 (d)
1694 3155 1795 3209 ὑπὸ
1851 3151 2111 3224 Εύδοξίου

458 3243 594 3322 ἄχρι
622 3251 724 3316 τῆς
758 3242 916 3321 δεῦρο
945 3242 1285 3319 γελώμενον.
1317 3249 1547 3298 Τοιαῦτα
1594 3245 1696 3318 γὰρ
1748 3241 1814 3312 δὴ
1867 3244 1919 3297 οἱ
1966 3244 2102 3318 αἱρε-

457 3333 683 3410 σιάρχαι
714 3333 1083 3410 σοφιζόμενοι,
1117 3333 1206 3388 καὶ
1259 3333 1382 3408 περὶ
1420 3334 1674 3394 τοιαύτας
1706 3330 2108 3409 ἀσχολούμενοι

458 3420 656 3494 λέξεις,
684 3424 785 3492 τὴν
820 3419 1112 3492 ἐκκλησίαν
1163 3419 1472 3478 διέσπασαν.
1506 3423 1561 3474 '0
1593 3419 1651 3476 δὲ
1687 3418 2005 3490 Ἰουλιανὸς,
2056 3420 2107 3474 ἐν

456 3518 579 3575 ταῖς
608 3510 866 3568 Γαλλίαιε
889 3509 1124 3574 πολλοῖς
1155 3505 1451 3587 βαρϐάροις
1474 3509 1833 3584 συμπλακεὶς,
1855 3511 1944 3565 καὶ
1964 3512 2116 3581 νική-

641 3602 654 3622 ε
712 3603 722 3622 1
816 3600 829 3621 Ί
879 3605 906 3616 ~
1007 3601 1020 3618 τ
1242 3599 1255 3618 Ι
1624 3599 1647 3636 ,Ι
1757 3627 1760 3630 Ι
1864 3600 1876 3617 κ
1987 3597 2038 3630 Νι

465 3623 584 3675 σας,
635 3623 706 3656 υπ
772 3623 947 3656 αυτων
996 3621 1378 3677 αναγορευεται
1429 3597 1682 3675 βασιλευς
1728 3600 1922 3654 Μαθων
1984 3617 2041 3653 οε
2086 3600 2114 3653 6

463 3688 854 3763 Κωνστάντιος,
891 3690 1200 3767 βαπτισθεὶς
1251 3690 1354 3744 ὑπὸ
1399 3693 1496 3744 τοῦ
1535 3691 1812 3764 θεομάχου
1844 3687 2114 3761 Εύζωίου,

462 3779 553 3837 ἐπὶ
583 3781 672 3836 τὸν
705 3781 842 3856 πρὸς
874 3780 1030 3836 αὐτὸν
1064 3779 1265 3857 ἐχώρει
1314 3778 1558 3853 πόλεμον
1592 3780 1683 3852 (e).
1731 3779 2026 3852 Γενόμενος
2059 3776 2116 3833 δὲ

463 3869 517 3926 ἐν
547 3868 792 3947 πολίχνῃ
815 3877 915 3939 τῆς
946 3867 1221 3937 Κιλικίας,
1251 3869 1443 3943 Μόψου
1491 3871 1667 3942 κρήνη
1699 3863 1960 3941 τοῦνομα,
2015 3869 2116 3923 ὑπὸ

463 3957 750 4038 φροντίδος
821 3957 1138 4030 ἀποπληξίᾳ
1213 3957 1442 4036 ληφθεὶς
1506 3955 1731 4028 τελευτᾷ
1786 3956 1838 4012 ἐν
1895 3957 2118 4030 ὑπατείᾳ

463 4047 674 4125 Ταύρου
699 4048 790 4104 καὶ
823 4045 1178 4123 Φλορεντίου,
1225 4046 1380 4122 τρίτῃ
1421 4051 1517 4101 τοῦ
1567 4041 1877 4122 Νοεμϐρίου
1921 4047 2114 4120 μηνὸς,

467 4136 636 4194 εἷόιοσι
694 4139 853 4194 πέντε
909 4133 1000 4206 ἔτη
1058 4138 1190 4211 μετά
1262 4138 1360 4206 τήν
1431 4133 1689 4206 τελευτὴν
1762 4141 1858 4191 τοῦ
1914 4137 2116 4214 πατρὸς

463 4231 654 4298 ζήσας,
701 4229 770 4282 τὰ
818 4224 875 4282 δὲ
921 4228 1096 4281 πάντα
1128 4223 1219 4295 ἔτη
1270 4226 1669 4302 τεσσαράκοντα
1712 4227 1800 4280 καὶ
1842 4227 1997 4281 πέντε

459 4315 638 4372 Καλὸν
675 4315 734 4372 δὲ
786 4308 1082 4390 σιωπῇμὴ
1138 4312 1512 4392 παραδραμεῖν
1565 4315 1788 4369 ἐνταῦθα
1840 4317 1979 4389 μήτε
2019 4316 2118 4384 τὴν

457 4410 568 4462 τῶν
597 4403 882 4477 Ἑλλήνων
913 4409 1022 4460 τῶν
1072 4405 1209 4460 κατά
1261 4401 1667 4478 Ἀλεξάνδρειαν
1725 4404 1913 4476 μανίαν
1944 4425 2002 4459 τε
2026 4403 2116 4459 καὶ

460 4493 793 4573 κουφότητα,
861 4496 1003 4568 μήτε
1047 4494 1146 4563 τὴν
1197 4491 1472 4567 Γεωργίου
1522 4489 1798 4547 ἀπώλειαν
1859 4495 1958 4567 (ο),
2016 4495 2113 4563 τὴν

459 4585 598 4640 κατά
625 4585 724 4654 τήν
777 4580 1138 4658 Ἀλεξάνδρου
1195 4579 1442 4656 μεγάλην
1492 4579 1677 4638 πόλιν.
1713 4576 1921 4652 Συνέϐη
1952 4602 2115 4658 ταρα-

463 4675 574 4750 χὴν
607 4673 851 4749 γενέσθαι
882 4673 934 4743 ἐξ
970 4671 1146 4734 αἰτίας
1196 4668 1432 4726 τοιᾶσδε·
1483 4670 1651 4732 τόπος
1699 4673 1762 4739 ἦν
1814 4670 1864 4726 ἐν
1916 4675 1983 4746 τῇ
2015 4671 2114 4726 πό-

2219 2087 2441 2141 Caesare
2472 2087 2734 2156 tertium,
2790 2087 3090 2143 Februarii
3148 2089 3376 2144 decima
3423 2091 3648 2161 quinta.
3684 2093 3870 2166 Igitur

2219 2175 2439 2248 impius
2469 2176 2760 2232 Eudoxius
2791 2193 2926 2232 cum
2957 2177 3183 2233 sederet
3233 2176 3291 2231 in
3349 2177 3559 2234 throno
3585 2181 3774 2252 ipsius
3807 2183 3866 2236 in

2219 2265 2601 2336 dedicatione,
2633 2281 2761 2320 eam
2793 2265 3042 2338 primam
3075 2264 3256 2321 edidit
3278 2283 3476 2322 vocem
3502 2285 3514 2322 :
3559 2268 3728 2324 Pater
3757 2269 3868 2324 im-

2220 2355 2376 2426 pius,
2403 2354 2581 2410 Filius
2612 2353 2763 2426 pius.
2796 2354 2979 2409 Multo
3010 2354 3146 2409 hinc
3177 2358 3372 2410 exorto
3404 2355 3662 2410 tumultu
3696 2361 3874 2429 atque

2220 2443 2543 2500 seditione:
2577 2445 2679 2513 Ne,
2733 2444 2945 2516 inquit,
3002 2443 3110 2500 hoc
3154 2444 3308 2500 dicto
3356 2461 3484 2500 meo
3534 2444 3872 2502 turbemini.

2218 2537 2388 2588 Pater
2446 2550 2701 2605 namque
2759 2533 2997 2604 impius,
3032 2532 3172 2604 quia
3226 2533 3521 2588 neminem
3570 2533 3661 2606 pie
3695 2534 3872 2602 colit;

2220 2621 2402 2677 Filius
2447 2638 2579 2677 vero
2613 2623 2763 2694 pius,
2803 2621 2939 2693 quia
2990 2621 3080 2694 pie
3131 2620 3268 2677 colit
3297 2622 3547 2678 Patrem.
3582 2622 3711 2678 Haec
3742 2640 3876 2679 cum

2219 2711 2461 2767 dixisset
2495 2711 2808 2778 Eudoxius,
2843 2710 3136 2766 tumultus
3170 2711 3408 2783 quidem
3442 2713 3681 2768 sedatus
3701 2717 3876 2778 cst,at

2219 2801 2375 2856 risus
2398 2816 2650 2872 magnus
2672 2817 2774 2872 pro
2795 2801 3054 2856 tumultu
3077 2800 3382 2856 ecclesiam
3424 2802 3761 2874 occupavit:
3795 2801 3876 2858 ita

2219 2895 2284 2944 ut
2316 2889 2577 2962 plurimi,
2625 2890 2958 2946 deridentes
3015 2906 3172 2956 eum,
3224 2889 3469 2946 ecclesia
3515 2891 3876 2955 excederent,

2221 2979 2437 3050 illeque
2467 2994 2599 3033 cum
2625 2979 2828 3050 paucis
2860 2977 3102 3034 asseclis
3126 2978 3252 3034 suis
3283 2983 3627 3034 remaneret.
3647 2981 3714 3034 Et
3736 2979 3873 3034 hac-

2220 3079 2393 3122 tenus
2441 3067 2682 3121 Eudoxii
2715 3066 2937 3121 dictum
2987 3066 3130 3122 risui
3174 3067 3446 3122 habetur.
3497 3067 3599 3122 His
3631 3067 3876 3138 argutiis

2223 3154 2643 3222 haeresiarchas,
2681 3155 3015 3226 talibusque
3045 3155 3199 3210 circa
3227 3155 3464 3210 voculas
3495 3153 3876 3210 cavillationi-

2223 3247 2356 3316 bus,
2389 3245 2691 3300 ecclesiam
2723 3244 3063 3299 distraxere.
3087 3242 3358 3298 Julianus
3377 3259 3546 3315 porro
3577 3243 3635 3297 in
3669 3241 3875 3299 Galliis

2223 3340 2424 3390 contra
2455 3332 2670 3388 multos
2693 3333 2972 3388 barbaros
2994 3331 3218 3387 collatis
3236 3331 3442 3403 signis,
3466 3348 3598 3388 cum
3617 3331 3871 3398 vicisset,

2225 3424 2542 3494 imperator
2571 3423 2643 3478 ab
2699 3422 2785 3477 eis
2844 3421 3238 3492 proclamatus
3293 3425 3398 3476 est.
3464 3420 3544 3476 Re
3577 3425 3875 3492 comperta

2225 3513 2622 3579 Constantius,
2657 3510 2984 3582 baptizatus
3032 3512 3104 3566 ab
3150 3509 3361 3565 Euzoio
3394 3511 3489 3566 Dei
3523 3510 3870 3576 adversario,

2225 3603 2297 3659 ad
2328 3601 2546 3657 bellum
2575 3600 2685 3672 ipsi
2713 3601 3081 3656 inferendum
3106 3599 3398 3671 profectus
3419 3602 3526 3654 est.
3561 3602 3705 3653 Cum
3740 3615 3875 3670 per-

2225 3691 2477 3747 venisset
2494 3695 2690 3745 autem
2711 3691 2781 3745 ad
2805 3691 3123 3762 quamdam
3145 3689 3354 3744 Ciliciae
3378 3689 3604 3754 urbem,
3639 3687 3874 3742 nomine

2226 3781 2694 3853 Mopsucrenem,
2717 3796 2786 3835 ex
2807 3779 2986 3834 nimio
3009 3778 3401 3833 sollicitudine
3423 3776 3727 3850 apOplexia
3751 3793 3874 3831 cor-

2224 3874 2446 3942 reptus,
2476 3867 2720 3936 interiit,
2742 3866 3082 3923 consulibus
3104 3869 3296 3922 Tauro
3337 3870 3393 3922 et
3414 3865 3724 3930 Florentio,
3756 3868 3878 3920 ter-

2224 3959 2307 4015 tia
2336 3958 2557 4014 mensis
2579 3956 3092 4024 Novembris,cum
3121 3955 3365 4032 vixisset
3383 3955 3587 4027 viginti
3617 3955 3876 4026 quinque

2227 4053 2357 4121 post
2390 4051 2636 4124 mortem
2670 4045 2853 4118 patris
2883 4062 3090 4113 annos,
3121 4049 3393 4116 essetque
3423 4060 3710 4099 annorum
3739 4059 3876 4114 qua-

2227 4137 2497 4210 draginta
2528 4136 2806 4208 quinque.
2839 4135 3038 4207 Neque
3071 4151 3175 4205 par
3203 4138 3291 4190 est
3321 4134 3415 4187 hic
3455 4131 3684 4188 silentio
3723 4148 3875 4202 pra:-

2225 4227 2398 4282 terire
2430 4225 2761 4280 Graecorum
2794 4224 2896 4295 qui
2944 4223 3301 4279 Alexandriae
3331 4226 3496 4278 erant
3535 4221 3788 4278 furorem
3820 4224 3879 4275 et

2227 4315 2539 4384 levitatem,
2569 4331 2758 4386 neque
2786 4313 3013 4386 Georgii
3044 4312 3385 4384 perniciem,
3417 4327 3544 4382 quae
3571 4311 3632 4365 in
3663 4325 3879 4382 magna

2227 4405 2461 4460 civitate
2490 4402 2838 4459 Alexandria
2869 4401 3130 4473 contigit.
3176 4401 3304 4455 Haec
3363 4417 3533 4472 porro
3584 4399 3876 4454 tumultus

2227 4512 2405 4551 causa
2431 4493 2539 4549 fuit
2567 4511 2578 4547 :
2615 4491 2777 4546 locus
2806 4495 2930 4546 erat
2954 4489 3012 4544 in
3072 4489 3301 4544 civitate
3325 4487 3554 4559 jamdiu
3585 4489 3875 4554 desertus,

2229 4583 2504 4649 incultus,
2535 4581 2821 4652 sordeque
2869 4577 3058 4633 multa
3103 4577 3372 4641 refertus,
3429 4575 3488 4630 in
3540 4592 3654 4648 quo
3695 4575 3875 4631 Graeci

2227 4673 2367 4729 olim
2412 4670 2657 4739 Mithrae,
2710 4669 2768 4722 in
2817 4665 3104 4723 sacriﬁcia
3151 4664 3537 4720 immolabant
3582 4663 3872 4720 homines.

467 4761 553 4829 λει
613 4761 672 4817 ἐκ
727 4759 977 4817 παλαιῶν
1023 4759 1233 4837 ἔρημος
1279 4759 1369 4816 καὶ
1426 4757 1805 4833 ἡμελημένος,
1857 4765 2118 4837 συρφετοῦ

2228 4765 2374 4820 Eum
2400 4761 2595 4816 locum
2612 4756 2992 4814 Constantius
3015 4755 3142 4826 jam
3166 4758 3356 4822 antea,
3381 4759 3584 4826 utpote
3604 4769 3874 4820 vacuum,

467 4852 653 4925 γέμων
699 4848 938 4921 πολλοῦ,
994 4850 1044 4904 ἐν
1098 4851 1143 4922 ᾧ
1194 4851 1246 4905 οἱ
1291 4846 1558 4918 Ἓλληνες
1606 4849 1696 4904 τὸν
1751 4847 1984 4903 παλαιὸν
2043 4854 2124 4922 τῷ

469 4940 648 5018 Μίθρᾳ
699 4938 922 5002 τελετὰς
979 4944 1260 5002 ποιοῦντες
1311 4939 1624 5015 ἀνθρώπους
1673 4939 1754 5013 (h)
1812 4939 2068 4993 κατέθυον
2105 4984 2117 4996 .

468 5034 668 5085 Τοῦτον
719 5024 1090 5090 Κωνστάντιος
1135 5025 1245 5099 ἤδη
1299 5027 1562 5105 πρότερον
1613 5027 1689 5090 ὡς
1739 5025 2000 5104 σχολαῖον
2049 5031 2118 5102 τῇ

470 5115 870 5193 ’Δλεξανδρέων
905 5115 1171 5188 ἐκκλησίᾳ
1216 5117 1674 5192 προσκεκυρώκει.
1723 5117 1995 5191 Γεώργιος
2041 5115 2117 5189 δὲ,

477 5204 816 5281 βουλόμενος
865 5204 916 5260 ἐν
967 5205 1114 5277 αύτῷ
1163 5204 1446 5281 εύκτήριον
1497 5204 1643 5258 οἶκον
1691 5207 2118 5278 κατασκευάσαι,

565 5351 620 5422 a)
650 5349 744 5404 Sic
775 5349 952 5406 Palat.
989 5349 1139 5404 Editi
1171 5364 1326 5414 vero,
1361 5349 1586 5420 διάγειν.

567 5421 620 5484 b)
647 5421 745 5476 Sic
775 5421 958 5477 Palat.
996 5419 1169 5491 μηνός
1195 5421 1366 5491 deest
1394 5419 1454 5474 in
1486 5419 1679 5475 editis.
1730 5419 1886 5476 Infra
1917 5420 2120 5491 Palat.,

476 5490 648 5567 αὐτῆς
678 5495 797 5567 τοῖς
826 5490 1119 5567 ἐγκαινίοις
1149 5490 1339 5567 αὐτῆς..

546 5559 616 5642 (ς)
678 5559 878 5642 Palat...
931 5564 1156 5642 πρώτην
1217 5560 1607 5642 ἐκείνηνὶτὴν,
1664 5559 2121 5642 πολυθρύλλητον

927 5627 1124 5708 idem,
1153 5633 1292 5709 πρὸς
1331 5627 1401 5688 τὰ
1449 5627 1728 5708 λεχθέντα.
1778 5627 1904 5692 Μὸκ
1945 5627 2124 5706 idem,

479 5721 530 5760 οι
564 5727 616 5761 τι
651 5723 744 5760 0υο
777 5727 856 5761 να.

478 5721 616 5761 οιοτι
651 5721 856 5764 οῡοενα.

551 5778 629 5855 (d)
662 5778 840 5839 Palat.
870 5777 934 5835 τὸ
965 5773 1176 5858 λεχθὲν.

2229 4849 2628 4909 Alexandrina;
2687 4848 3032 4918 adjunxerat
3076 4842 3354 4900 ecclesiae.
3412 4842 3697 4915 Georgius
3742 4858 3876 4898 vero

2231 4958 2368 4998 cum
2398 4939 2569 4995 vellet
2598 4937 2658 4993 in
2697 4953 2762 4993 eo
2802 4935 3121 4992 oratorium
3165 4938 3522 4995 construere,
3571 4932 3763 4986 locum
3788 4933 3876 5002 je-

2228 5031 2326 5086 bet
2347 5027 2674 5094 emundari,
2708 5026 2966 5096 dumque
2995 5023 3054 5077 id
3087 5026 3485 5096 praestaretur,
3511 5020 3748 5092 adytum
3781 5019 3878 5075 in-

2228 5124 2468 5176 ventum
2526 5119 2615 5171 est
2658 5113 2824 5170 valde
2879 5113 3256 5185 profundum,
3286 5110 3347 5165 in
3406 5125 3520 5181 quo
3545 5113 3877 5164 Graecorum

2230 5207 2508 5281 mysteria
2538 5203 3001 5261 occultabantur.
3033 5201 3326 5272 Erantque
3355 5197 3458 5254 illa
3485 5196 3792 5254 hominum
3825 5196 3882 5253 et

2306 5368 2372 5441 (e)
2404 5364 2588 5421 Palat.
2620 5361 2755 5438 πρὸς
2784 5359 2941 5414 αὐτὸν
2974 5357 3218 5431 πόλεμον
3254 5356 3398 5432 ὥρμ,
3432 5363 3545 5412 Γεν.

2306 5458 2371 5528 (Γ)
2406 5455 2470 5509 Δὲ
2501 5455 2664 5528 deest
2695 5453 2767 5528 in_
2787 5449 2967 5506 Palat.
3001 5450 3156 5506 Infra
3184 5449 3360 5514 idem,
3411 5443 3784 5522 παραδραμεῖν
3813 5444 3882 5499 τὰ

2232 5523 2362 5584 τότε
2385 5547 2446 5580 συ
2457 5524 2663 5598 μοάντα
2695 5523 2834 5594 μήτε
2860 5541 2911 5576 τ.

2308 5618 2384 5688 (g)
2418 5615 2597 5671 Palat.
2632 5607 2928 5666 ἀπώλειαν.
2961 5609 3106 5664 Κατά
3133 5608 3236 5683 γὰρ
3265 5609 3364 5676 τὴν
3396 5604 3572 5678 Ἀλεξ.

2309 5708 2389 5778 (h)
2420 5703 2606 5778 Palat,
2652 5696 3182 5778 hMinquuoiac
3231 5695 3520 5760 τελοῦντος
3553 5697 3694 5771 ἀνθρ.
3731 5694 3886 5763 Infra,

2240 5769 2418 5848 idem,
2451 5774 2524 5841 ὡς
2557 5769 2898 5852 σχολάζοντα
2923 5773 3013 5849 τῇ.
