4146 6388
296 418 496 467 CCXLI!

1685 372 2297 447 PROLEGOMENA.

297 548 614 612 puerorum
662 522 947 593 calvariae,
998 538 1146 596 quos
1195 519 1353 575 fama
1399 519 1523 573 erat
1551 513 1773 571 occisos
1805 510 1943 566 olim

2067 504 2489 579 ἀνακαθαρθοῆναι
2540 498 2749 557 κελεύει
2807 500 2898 554 τὸν
2952 496 3160 555 τόπον.
3216 496 3318 553 Καὶ
3374 492 3442 566 δὴ
3504 497 3703 551 ἀνακα-

2067 596 2083 612 n
2301 594 2310 612 Ι
2501 590 2514 611 ἳ
2592 595 2616 606 η·
2664 592 2735 612 I_\
2798 587 2950 612 κεῖ-Α
3039 586 3269 612 ,γη----..-
3321 585 3456 612 --μ-3.
3508 585 3703 612 ΩΑΔ-..,

298 602 745 696 fuisse,quando
776 616 921 673 extis
950 613 1021 669 ad
1070 607 1343 665 vaticinia
1387 603 1567 661 Graeci
1610 602 1946 669 utebantur,

303 734 369 774 ac
394 690 741 771 divinatoria
770 700 1156 762 immolabant
1175 693 1717 760 sacriﬁcia,animas
1745 690 1950 745 incan-

2057 594 2411 670 θαιρουμένου
2458 590 2621 646 αὐτοῦ
2662 592 2760 664 (a),
2793 587 2986 644 ἄδυτον
3037 586 3274 661 ηὕρηται
3321 585 3458 641 κατὰ
3508 585 3706 659 βάθους

2057 681 2293 752 πολλοῦ,
2331 680 2382 736 ἐν
2415 681 2461 752 ᾧ
2489 680 2557 734 τά
2612 680 2883 755 μυστήρια
2925 681 3031 733 τῶν
3062 673 3347 747 Ἑλλήνων
3390 673 3707 748 ἐκέκρυπτο.

298 803 544 863 tationis
575 799 928 855 revocantes.
956 785 1269 846 Christiani
1320 783 1501 856 igitur
1548 797 1684 837 cum
1716 778 1858 836 talia
1886 777 1948 833 in

2067 777 2229 827 [αὔτα
2275 768 2333 826 δὲ
2379 771 2447 839 ἦν
2495 767 2689 843 κρανία
2736 768 3032 841 ἀνθρώπων
3081 762 3308 821 τελείων
3350 785 3411 818 τε
3447 762 3539 818 καὶ
3582 783 3707 818 παι-

302 894 530 953 Mithrae
561 890 731 960 adyto
762 879 1135 953 reperissent,
1168 879 1448 930 curarunt
1476 874 1541 926 ut
1566 868 1841 926 omnibus
1871 866 1948 920 ri-

302 1001 436 1042 sum
470 955 787 1039 moverent,
839 967 1216 1025 ostendentes
1269 962 1601 1019 Grecorum
1652 955 1948 1030 mysteria,

301 1070 737 1136 educebantque
762 1058 951 1115 nudas
973 1053 1255 1111 calvariae
1278 1055 1343 1106 ut
1362 1050 1702 1106 exhiberent
1714 1044 1946 1136 populo.

298 1168 430 1218 Haec
460 1172 594 1214 cum
626 1135 888 1207 viderent
935 1143 1119 1200 Graeci
1172 1137 1569 1204 Alexandrini,
1603 1152 1709 1191 nec
1740 1135 1955 1189 ferrent

300 1237 946 1323 opprobriumfacti,ira
966 1231 1453 1296 accenduntur,et
1475 1225 1681 1298 quavis
1701 1239 1760 1279 re
1783 1222 1954 1323 obvia

303 1309 398 1395 usi
427 1352 529 1409 pro
552 1329 917 1409 telo,irrurnt
946 1324 1006 1378 in
1034 1319 1416 1383 Christianos,
1437 1329 1759 1385 eorumque
1792 1309 1950 1367 mul-

297 1433 391 1483 tos
423 1399 699 1481 omnibus
731 1410 940 1471 mortis
970 1408 1285 1483 generibus
1316 1403 1630 1459 trucidant.
1656 1401 1772 1456 Hos
1796 1399 1952 1455 enim

299 1514 531 1591 gladiis,
562 1508 671 1565 hos
698 1501 994 1576 lapidibus
1026 1501 1127 1554 aut
1153 1494 1329 1568 lignis
1360 1492 1639 1591 occidere,
1664 1488 1952 1588 quosdam

296 1578 359 1661 in
386 1578 618 1659 crucem
646 1595 910 1666 egerunt.
945 1585 1261 1659 Georgium
1291 1598 1424 1637 vero
1474 1578 1722 1636 ecclesia
1760 1582 1954 1632 extra-

302 1700 484 1760 ctum,
530 1665 868 1752 cameloque
915 1676 1243 1747 alligatum,
1292 1686 1426 1727 cum
1483 1665 1955 1738 discerpsissent,

303 1798 423 1839 una
452 1794 587 1834 cum
619 1768 839 1829 camelo
870 1765 1263 1822 combussere.

301 1874 432 1940 νῶν,

2058 858 2212 931 δίων,
2247 859 2340 922 οὓς
2371 857 2539 934 λόγος
2588 862 2810 933 κατεῖχε
2856 852 3025 911 πάλαι
3077 855 3406 928 ἀνῃρεῖσθαι,
3454 850 3544 908 ὅτε
3590 856 3712 914 ταῖς

2060 948 2150 1005 διὰ
2179 947 2512 1024 σπλάγχνων
2546 946 2820 1020 μαντείαις
2856 944 3101 1021 ἐχρῶντο
3130 940 3427 1013 Ἕλληνες,
3458 941 3548 997 καὶ
3584 962 3715 1015 μανι

2058 1040 2212 1101 τικάς
2258 1040 2333 1113 (b)
2394 1033 2680 1093 ἐπετέλουν
2739 1033 2948 1103 Θυσίας,
2991 1029 3561 1107 καταμαγγανεύοντες
3615 1030 3713 1093 τὰς

2061 1125 2265 1203 ψυχάς,
2315 1127 2379 1179 0i
2437 1126 2529 1181 οὖν
2585 1122 2945 1201 Χριστιανοὶ,
3004 1126 3170 1177 ταῦτα
3228 1118 3473 1195 εὑρόντες
3525 1118 3577 1175 ἐν
3634 1122 3715 1191 τῷ

2062 1214 2243 1288 ἀδύτῳ
2288 1220 2389 1269 τοῦ
2438 1215 2667 1288 Μίθρου,
2720 1208 2964 1281 σπουδὴν
3014 1212 3084 1283 (c)
3117 1207 3293 1264 ἔθεντο
3335 1213 3496 1264 πᾶσιν
3530 1206 3581 1264 ἐν
3634 1209 3714 1279 τῷ

2062 1309 2277 1384 φανερῷ
2332 1302 2550 1378 γέλωτα
2608 1299 2776 1372 δεῖξαι
2823 1305 2931 1355 τῶν
2986 1297 3271 1369 Ἐλλήνων
3319 1299 3388 1353 τὰ
3418 1298 3710 1372 μυστήρια,

2064 1394 2429 1467 ἐξεπόμπευόν
2485 1414 2545 1448 τε
2598 1390 2751 1453 εὐθὺς
2809 1390 2992 1465 γυμνά
3045 1393 3123 1460 τῷ
3182 1385 3349 1461 δήμῳ
3402 1387 3471 1441 τά
3524 1384 3716 1462 κρανία

2063 1482 2418 1543 δεικνύοντες.
2449 1485 2626 1535 Ταῦτα
2654 1481 2885 1554 ὁρῶντες
2915 1479 2968 1532 οἱ
2995 1478 3132 1532 κατά
3160 1478 3259 1545 τὴν
3304 1470 3713 1550 Ἀλέξάνδρειαν

2061 1569 2357 1641 Ἕλληνες,
2415 1570 2505 1624 καὶ
2554 1572 2629 1643 μή
2682 1570 2934 1646 φέροντες
2987 1567 3049 1621 τὸ
3101 1569 3198 1621 τοῦ
3247 1564 3571 1639 πράγματος
3620 1562 3714 1618 ἐπ-

2064 1658 2379 1729 ονείδιστον,
2431 1659 2505 1721 εἰς
2561 1658 2729 1733 ὀργὴν
2784 1656 3121 1728 ἐξάπτονται,
3170 1653 3260 1709 καὶ
3306 1658 3409 1708 πᾶν
3448 1653 3513 1708 τὸ
3540 1672 3716 1728 παρα-

2063 1751 2228 1826 τυχὸν
2264 1748 2432 1803 ὅπλον
2474 1746 2813 1821 ποιούμενοι,
2865 1748 3081 1822 ὁρμῶσι
3126 1744 3261 1800 κατά
3304 1746 3410 1798 τῶν
3460 1747 3716 1819 Χριστια-

481 1866 571 1920 καὶ
620 1860 708 1916 διὰ
754 1855 932 1924 πάσης
985 1850 1127 1913 ἰδέας
1178 1849 1406 1903 θανάτου
1463 1840 1674 1899 ἀνεῖλον
1721 1838 1967 1901 πολλοὺς
2019 1837 2071 1909 ἐξ
2120 1838 2316 1895 αὐτῶν.
2347 1837 2481 1899 Τοὺς
2518 1837 2612 1906 μὲν
2644 1838 2746 1910 γὰρ
2780 1836 2972 1913 ξίφεσι,
3006 1833 3135 1896 τοὺς
3166 1831 3224 1889 δὶ
3255 1831 3430 1895 λίθοις
3460 1832 3496 1901 ἢ
3530 1830 3718 1902 ξύλοις

301 1918 636 2013 ἀπέκτειναν·
664 1948 813 2009 τινας
840 1918 899 2000 δέ
928 1942 1100 1997 αὐτῶν
1129 1936 1217 1994 καί
1241 1935 1606 2011 ἐσταύρωσαν.
1630 1933 1726 1987 Τὸν
1752 1928 1809 1985 δὲ
1840 1930 2109 2005 Γεώργιον
2139 1935 2241 1998 τῆς
2272 1925 2563 1996 ἐκκλησίας
2592 1925 2929 2003 ἐκσύραντες,
2953 1922 3197 1998 καμήλῳ
3230 1921 3288 1978 δὲ
3318 1918 3711 1996 προδήσαντες,

299 2048 390 2102 καὶ
422 2042 803 2118 σπαράξαντες,
834 2033 925 2088 σὺν
959 2030 1095 2104 αὐτῇ
1127 2028 1476 2083 κατέκαυσαν.

377 2097 953 2199 ίῖκξῖυιὶίιηυεροιτο
977 2097 1223 2193 imperio
1248 2116 1485 2190 potitus,
1504 2117 1571 2167 ut
1594 2112 1826 2168 dictum
1850 2112 1954 2175 est,

2143 2109 2229 2164 15.
2282 2107 2337 2159 Ὀ
2385 2102 2441 2160 δὲ
2491 2102 2811 2173 Ἰουλιανὸς,
2862 2103 2924 2157 τὸ
2971 2101 3168 2179 κράτος
3216 2101 3590 2175 περιθέμενος,
3642 2097 3723 2162 ὡς

302 2242 437 2282 cum
469 2225 700 2280 curaret
731 2212 929 2272 omnia
973 2206 1296 2266 Constantii
1341 2206 1494 2261 facta
1524 2203 1827 2273 abrogare,
1861 2214 1955 2253 ex-

301 2315 462 2372 sules
484 2325 687 2368 omnes
714 2301 1021 2361 revocavit.
1054 2298 1130 2354 Ut
1170 2296 1329 2352 novit
1351 2292 1492 2348 illud
1517 2295 1754 2347 sanctus
1775 2287 1956 2342 Atha-

304 2403 528 2470 nasius,
560 2400 804 2455 honeste
851 2390 1097 2447 vestitus
1146 2399 1420 2459 egressus
1470 2380 1645 2436 domo
1691 2375 1954 2448 virginis,

304 2508 483 2567 quam
514 2467 789 2559 superius
813 2477 1150 2547 memoravi,
1168 2489 1374 2530 rursus
1393 2475 1561 2527 nocte
1582 2467 1849 2522 inventus
1870 2468 1961 2520 est

304 2556 364 2637 in
395 2556 675 2636 ecclesia:
712 2587 891 2644 quam
932 2562 1359 2624 Alexandrinus
1406 2557 1660 2631 populus
1708 2556 1959 2610 libenter

309 2667 555 2741 excepit,
569 2666 739 2736 quasi
759 2658 1103 2716 redivivum.
1121 2649 1563 2708 Excusationem
1588 2661 1758 2718 porro
1782 2644 1957 2698 istam

309 2731 517 2815 amicis
544 2731 777 2809 attulit:
810 2749 888 2803 Ea
914 2746 986 2801 de
1038 2759 1215 2799 causa
1262 2740 1332 2794 ad
1379 2754 1481 2793 vos
1529 2753 1645 2791 non
1677 2731 1912 2803 confugi
1941 2749 1955 2795 ;

309 2863 445 2903 cum
467 2847 532 2900 ut
552 2846 674 2897 tute
687 2841 887 2910 jurare
911 2831 1163 2905 possetis
1183 2832 1290 2899 (me
1317 2825 1463 2898 apud
1491 2841 1581 2879 vos
1608 2839 1718 2877 non
1743 2819 1955 2891 latere),

307 2942 436 2991 tum
466 2934 700 3005 propter
730 2921 1210 2999 perquisitionem
1256 2915 1408 2989 apud
1466 2929 1570 2969 vos
1611 2909 1954 2966 faciendam.

306 3025 392 3081 Ad
426 3000 594 3077 illam
620 3033 787 3090 porro
819 3011 1075 3083 confugi,
1108 3009 1168 3063 in
1201 3022 1376 3078 quam
1410 3001 1573 3059 nulla
1620 3000 1824 3055 cadere
1856 3014 1956 3069 po-

307 3116 458 3170 terat
487 3106 763 3181 suspicio,
797 3101 1038 3170 scilicet,
1069 3099 1142 3154 ob
1174 3095 1424 3168 speciem
1474 3096 1531 3147 et
1564 3092 1955 3162 juventutem.

306 3174 733 3258 Alexandrinus
754 3208 886 3248 vero
908 3187 1179 3263 p0pu1us,
1204 3182 1391 3257 pulsis
1412 3182 1485 3237 ab
1516 3177 1777 3235 ecclesiis
1800 3174 1960 3230 Aria-

308 3292 419 3359 nis,
479 3284 731 3345 oratoria
785 3277 1106 3337 Athanasio
1135 3272 1395 3330 tradidit.
1458 3270 1609 3324 Tum
1650 3266 1842 3322 Ariani
1896 3263 1956 3320 in

306 3377 649 3452 vulgaribus
681 3370 955 3429 domibus
985 3368 1304 3423 conventus
1354 3363 1612 3433 agentes,
1644 3356 1704 3411 in
1760 3353 1956 3409 locum

308 3443 540 3540 Geovrgii
565 3463 808 3518 Lucium
842 3456 1207 3514 constituunt
1253 3449 1367 3507 sibi
1416 3450 1644 3503 ducem.
1677 3443 1955 3500 Julianus

308 3532 492 3629 porro
509 3553 611 3625 qui
640 3548 814 3605 idolis
845 3544 1259 3607 delectabatur,
1293 3539 1504 3593 iterum
1536 3532 1808 3629 ecclesias
1832 3536 1955 3585 tur-

307 3620 505 3710 babat,
527 3620 756 3710 templa
777 3636 1107 3691 Graecorum
1154 3627 1470 3701 aperiebat,
1503 3620 1789 3710 sacrificia
1820 3620 1955 3675 For-

306 3737 462 3787 tunaa
493 3709 1146 3795 Constantinopolitanae
1170 3716 1446 3773 offerebat
1464 3711 1657 3784 palam
1681 3710 1739 3765 in
1772 3709 1956 3780 impe-

308 3819 542 3884 ratoria,
576 3815 678 3871 ubi
722 3813 915 3868 stabat
971 3811 1237 3865 Fortunae
1296 3808 1513 3860 statua.
1545 3800 1679 3865 Quo-
1696 3802 1957 3868 tempore

308 3907 487 3964 Maris
520 3899 902 3963 Chalcedonis
925 3898 983 3953 in
1006 3894 1277 3968 Bithynia
1296 3891 1628 3965 episcopus,
1653 3905 1832 3944 manu
1855 3887 1956 3941 ad-

309 3998 665 4067 ductus,praa
688 3992 986 4047 senectute
1008 3999 1262 4055 namque
1282 3979 1585 4067 oeulorum
1607 3976 1959 4033 hebetudine

306 4066 633 4149 laborabat,
666 4080 1076 4150 imperatorem
1109 4071 1329 4141 adiens,
1362 4066 1541 4123 multa
1572 4067 1632 4121 in
1662 4082 1795 4123 eum
1819 4080 1959 4120 con-

307 4174 456 4230 vicia
485 4168 755 4244 protulit;
790 4165 1037 4238 impium
1065 4178 1301 4228 vocans,
1324 4160 1671 4231 apostatam,
1697 4154 1956 4210 atheum.

310 4262 411 4318 Ille
439 4242 631 4317 verbis
662 4255 920 4313 convicia
949 4249 1295 4324 depellebat,
1328 4262 1543 4303 caecum
1575 4242 1874 4317 appellans
1904 4246 1962 4297 et

310 4350 494 4407 oculis
525 4352 786 4421 captum,
821 4338 1118 4413 aiensque,
1153 4355 1267 4395 non
1298 4352 1471 4409 posse
1493 4333 1796 4391 Galilaeam
1838 4347 1957 4386 me-

310 4440 500 4497 delam
524 4420 850 4494 ferre.Tum
881 4433 1090 4488 beatus
1130 4426 1225 4483 ille
1283 4424 1643 4482 conﬁdenter
1692 4420 1958 4493 reponit:

310 4530 537 4588 Gratias
570 4542 677 4599 ago
708 4530 843 4591 Deo,
876 4520 978 4593 qui
1026 4535 1120 4574 me
1177 4513 1499 4579 excaacavit,
1533 4528 1603 4567 ne
1662 4514 1824 4566 tuam
1849 4508 1960 4563 im-

2068 2193 2300 2268 ε”ρηται,
2332 2194 2422 2248 καὶ
2456 2189 2771 2261 σπουδάζων
2822 2191 2994 2245 πάντα
3038 2190 3106 2244 τὰ
3153 2190 3297 2263 παρά
3344 2187 3720 2243 Κωνσταντίου

2068 2285 2381 2360 πραχθέντα
2432 2282 2744 2357 ἀνατρέπειν
2778 2327 2793 2354 ,
2849 2278 2977 2341 τοὺς
3049 2278 3485 2352 περιορισθέντας
3557 2278 3723 2332 ἅπαν-

2064 2392 2157 2435 τας
2192 2370 2573 2428 ἀνεκαλέσατο.
2620 2372 2709 2432 Ὠς
2759 2367 2850 2424 οὖν
2898 2366 3035 2442 ἔγνω
3082 2371 3243 2422 τοῦτο
3294 2367 3322 2421 ὁ
3370 2366 3525 2442 ἅγιος
3559 2367 3719 2422 Ἀθα-

2065 2463 2270 2531 νάσιος,
2301 2458 2486 2522 καλῶς
2519 2457 2899 2533 ἐνδυσάμενος,
2932 2454 3160 2528 ἐξελθὼν
3193 2455 3252 2511 ἐκ
3295 2460 3392 2510 τοῦ
3433 2452 3587 2511 οἱϐιου
3617 2462 3721 2525 τῆς
3812 2500 3823 2503 -

2066 2551 2355 2627 παρθένου,
2386 2549 2509 2625 περὶ
2540 2551 2607 2617 ἧς
2640 2547 2691 2603 ἐν
2739 2554 2857 2609 τοῖς
2914 2545 3022 2601 ἅνω
3072 2543 3286 2622 εἷ’ρηκα,
3316 2542 3504 2617 πάλιν,
3548 2544 3600 2599 ἐν
3648 2548 3720 2619 τῇ

2065 2640 2216 2694 νυκτὶ
2276 2640 2463 2713 εὑρέθη
2526 2637 2577 2692 ἐν
2646 2641 2715 2711 τῇ
2777 2634 3061 2706 ἐκκλησίην
3115 2635 3173 2689 ’ὸν
3233 2637 3262 2689 ὁ
3322 2630 3720 2708 ’Δλεξακδρέων

2068 2726 2198 2790 λαὸς
2261 2728 2504 2800 ἀσμένως
2564 2723 2814 2798 ἐδέξατο,
2875 2726 2951 2787 ὡς
3011 2722 3071 2778 ἐκ
3125 2726 3328 2800 νεκρῶν
3389 2727 3564 2792 ζῶντα

2064 2815 2420 2891 Ἀπελογεῖτο
2454 2814 2542 2869 οὖν
2574 2820 2690 2876 τοῖς
2718 2813 2968 2889 γνησίοις
2991 2811 3154 2868 αὐτοῦ
3175 2810 3382 2890 φίλοις,
3415 2808 3723 2865 ὅτιΤούτου

2066 2908 2228 2983 χάριν
2260 2906 2395 2979 πρὸς
2430 2904 2569 2977 ὑμᾶς
2619 2903 2680 2957 ού
2729 2904 3052 2978 κατέφυγον,
3097 2898 3191 2955 ⁸ίνα
3241 2898 3460 2976 εὔορκον
3496 2900 3622 2973 ὑμῖν

2067 2992 2254 3057 ἄλλως
2278 3015 2338 3050 τε
2367 2990 2424 3048 δέ
2452 2993 2541 3047 καὶ
2574 2990 2663 3047 διὰ
2709 2994 2810 3061 τήν
2856 2989 3089 3067 ἔρευναν.
3123 2990 3431 3067 Κατέφυγον
3485 2986 3544 3044 δὲ
3579 2988 3719 3065 πρὸς

2067 3083 2298 3155 ἐκείνην,
2348 3083 2484 3158 πρὸς
2534 3082 2600 3151 ἢν
2635 3082 2864 3155 ὑποψίαν
2916 3077 3094 3142 οὐδεὶς
3143 3076 3378 3149 ἠδύνατο
3422 3076 3590 3155 ἔχειν,
3641 3077 3717 3139 ὡς

2067 3174 2268 3249 ὡραίαν
2301 3172 2390 3228 καὶ
2421 3172 2703 3249 νεωτέραν.
2737 3172 2797 3228 Ὁ
2850 3168 2908 3225 δὲ
2956 3166 3354 3245 Ἀλεξανδρέων
3401 3164 3556 3237 λαὸς,
3587 3164 3719 3237 ἐξω·-

2065 3265 2322 3333 θήσαντες
2352 3266 2459 3316 τῶν
2494 3259 2798 3330 ἐκκλησιῶν
2847 3258 2974 3320 τοὺς
3026 3262 3123 3312 τοῦ
3170 3255 3385 3332 ’Λρείου
3417 3254 3717 3331 δόγματος,

2065 3348 2451 3426 παραδιδόασιν
2506 3347 2802 3421 Ἀθανασίῳ
2848 3346 2977 3410 τοὺς
3023 3344 3341 3419 εὖκτηρίους
3392 3342 3596 3407 οἵκους.
3656 3344 3721 3398 Ol

2068 3438 2124 3495 δέ
2156 3439 2600 3515 Ἀρειανίζοντες,
2650 3436 2701 3492 ἐν
2755 3435 3021 3497 οἷκίσκοις
3069 3435 3306 3508 ἀσήμοις
3340 3433 3722 3510 συναγόμενοι,

2068 3530 2143 3591 εἷς
2174 3528 2339 3583 τόπον
2376 3527 2650 3603 Γεωργίου
2700 3525 2929 3580 Λούκιον
2978 3523 3427 3600 προχειρίζονται
3474 3524 3726 3598 ἡγεῖσθαι

2067 3618 2239 3673 αὐτῶν
2410 3618 2466 3670 Ὀ
2499 3615 2556 3671 δὲ
2593 3613 2917 3685 Ἰουλιανὸς,
2963 3619 3080 3676 τοῖς
3130 3610 3386 3677 εἰδώλοις
3435 3610 3723 3689 ἐπιτερπό-

2072 3729 2231 3781 μενος
2282 3705 2433 3768 αὖθις
2490 3706 2585 3767 τὰς
2647 3702 2941 3773 ἐκκλησίας
2996 3701 3271 3780 ἐτάραττε,
3326 3704 3395 3758 τὰ
3447 3703 3565 3779 ἱερά
3613 3705 3722 3756 τῶν

2063 3794 2347 3866 Ἑλλήνων
2400 3794 2634 3869 ἀνοίγων
2671 3838 2684 3863 ,
2735 3793 2825 3848 καὶ
2882 3792 3068 3855 θυσίας
3130 3790 3393 3848 ἐπιτελων
3450 3796 3519 3866 τῇ
3574 3797 3725 3845 Κων-

2066 3882 2559 3946 σταντινουπόλεως
2597 3882 2749 3958 Τύχῃ
2781 3880 3021 3955 δημοσίᾳ
3064 3881 3115 3937 ἐν
3146 3885 3216 3955 τῇ
3267 3879 3550 3958 βασιλικῇ,
3601 3878 3726 3935 ἔνθα

2066 3976 2128 4029 τὸ
2155 3981 2257 4043 τῆς
2311 3972 2497 4048 Τύχης
2550 3970 2742 4050 ’ίρρυτο
2791 3970 3015 4047 ἄγαλμα
3203 3969 3294 4026 ὅτε
3337 3971 3428 4026 καὶ
3487 3969 3723 4047 Μάριςὸ

2066 4071 2167 4132 τῆς
2203 4061 2255 4117 ἐν
2306 4061 2524 4132 Βιθυνίᾳ
2572 4057 2919 4131 Χαλκηδόνος
2971 4059 3294 4129 ἐπίσκοπος,
3344 4057 3727 4136 χειραγωγού-

2075 4170 2255 4225 μενος·
2281 4152 2348 4221 ἦν
2373 4151 2476 4226 γὰρ
2503 4148 2611 4219 ἤδη
2638 4151 2870 4226 πρὸςτῷ
2901 4151 3101 4226 γήρατι
3127 4148 3391 4225 ὑπόχυσιν
3425 4146 3723 4223 ὀφθαλμῶν

2073 4238 2585 4314 ὑπομείνας-πολλά
2612 4240 2703 4293 τὸν
2743 4236 2970 4314 βασιλέα
3015 4236 3238 4293 εἷσελὼν
3285 4233 3521 4315 ὕϐρισεν,
3554 4230 3722 4306 ἀσεϐῆ

2069 4329 2252 4386 καλῶν
2283 4331 2375 4384 τὸν
2408 4329 2831 4399 ἀποστάτην,τὸν
2852 4326 3026 4386 ἄθεον.
3052 4329 3108 4381 Ὀ
3131 4325 3189 4383 δὲ
3215 4325 3407 4403 λόγοις
3424 4327 3521 4390 τὰς
3543 4320 3729 4402 ὕϐρεις

2071 4419 2327 4494 ἠμύνετο,
2359 4416 2563 4497 τυφλὸν
2594 4418 2684 4473 καὶ
2713 4418 2889 4493 πηρὸν
2924 4415 3333 4489 ἀποκαλῶν,καὶ
3356 4412 3496 4490 μηδέ
3513 4415 3604 4470 τὸν
3629 4419 3731 4469 Γα-

2072 4508 2287 4565 λιλαῖον
2319 4508 2482 4563 αὐτοῦ
2513 4505 2807 4580 δυνάμενον
2834 4506 2992 4562 αὐτὸν
3015 4507 3334 4582 θεραπεῦσαι
3470 4506 3528 4559 Ὃ
3550 4501 3609 4559 δὲ
3632 4523 3733 4577 μα-

309 4589 639 4691 Ριιάθηῐθαῖ
666 4589 874 4669 faciem
892 4589 1179 4674 —viderem,
1214 4621 1341 4676 quae
1381 4602 1462 4657 ita
1498 4599 1756 4691 collapsa
1784 4601 1873 4691 est
1901 4597 1954 4651 in

2071 4600 2258 4675 κάριος
2298 4597 2759 4674 παῤῥησιέστερον
2791 4596 2926 4672 πρὸς
2960 4596 3051 4650 τὸν
3079 4592 3303 4670 βασιλέα
3333 4589 3457 4672 ἔφη·
3487 4592 3730 4669 Εὗχαρι-

310 4677 696 4779 impietatem.
725 4702 875 4756 Tum
906 4714 1077 4772 porro
1107 4694 1388 4751 Jovianus
1436 4694 1492 4747 et
1522 4686 1954 4747 Valentinianus

2076 4688 2396 4765 στῶ,φησὶν,
2425 4691 2505 4759 τῷ
2545 4689 2661 4757 Θεῷ
2690 4690 2772 4757 τῷ
2800 4682 3147 4762 τυφλώσαντί
3189 4704 3275 4758 με,
3293 4680 3383 4738 ’ίνα
3402 4703 3496 4738 σου
3523 4683 3599 4756 μὴ
3625 4677 3731 4736 ἴδω

312 4770 538 4853 solutas
559 4808 735 4848 zonas
755 4790 827 4845 ad
859 4770 1169 4861 tyrannum
1194 4782 1487 4855 projecere
1527 4780 1786 4834 dicentes
1812 4794 1824 4832 :
1858 4781 1954 4833 Ac-

2071 4778 2133 4831 τὸ
2184 4773 2397 4837 ἀναιδὲς
2440 4774 2732 4849 πρόσωπον
2792 4771 2964 4835 οὕτως
3037 4770 3385 4834 ἐκπεπτωκὸς
3440 4772 3577 4847 πρὸς
3629 4770 3733 4839 τὴν

311 4850 437 4957 cipe
455 4899 651 4948 zonas,
672 4850 904 4935 habeto.
920 4874 1026 4931 tibi
1070 4850 1321 4929 honores
1370 4874 1523 4925 tuos.
1555 4867 1831 4939 Exposita
1859 4864 1954 4921 tibi

2076 4861 2337 4922 ἀσέϐειαν.
2386 4863 2518 4919 Τότε
2566 4859 2632 4931 δὴ
2682 4861 2772 4916 καὶ
2832 4855 3092 4923 Ἰοὸιανὸς
3144 4861 3235 4916 καὶ
3284 4857 3729 4921 Ούαλεντινιανὸς

313 4946 489 5030 etiam
519 4972 591 5028 ad
624 4946 857 5025 libitum
890 4969 1029 5021 sunt
1056 4977 1299 5034 corpora
1330 4963 1549 5013 nostra.
1585 4957 1844 5021 Quorum
1865 4953 1954 5010 ille

2077 4954 2335 5017 λύσαντες
2363 4953 2458 5015 τὰς
2507 4952 2678 5021 ζώνας
2724 4949 3090 5027 προσέρριψαν
3132 4954 3213 5023 τῷ
3258 4950 3502 5025 τυράννῳ
3547 4946 3731 5002 εἰπόν-

311 5060 701 5119 constantiam
732 5054 1052 5129 pertimuit.
1082 5052 1235 5106 Tum
1268 5049 1671 5120 imperator,et
1700 5044 1801 5116 qui
1833 5060 1954 5099 cun:

2076 5065 2187 5107 τες·
2224 5045 2397 5120 Δέχου
2427 5042 2523 5103 τὰς
2578 5042 2772 5113 ζώνας,
2826 5037 2919 5117 ἔχε
2968 5060 3062 5093 σου
3111 5039 3200 5094 καὶ
3243 5040 3340 5101 τάς
3368 5039 3554 5112 τιμάς.
3588 5034 3732 5111 Πρό-

313 5150 415 5207 illo
437 5124 789 5215 sentiebant,
812 5143 990 5202 veluti
1008 5158 1077 5199 ex
1096 5136 1423 5197 tenebrosis
1442 5136 1633 5208 adytis
1649 5149 1954 5207 prorepen-

2077 5155 2248 5190 κειται
2299 5130 2355 5187 δέ
2405 5152 2510 5202 σοι,
2563 5130 2608 5185 εί
2662 5127 2856 5207 βούλῃ,
2901 5127 2992 5184 καὶ
3040 5128 3107 5184 τὰ
3151 5129 3379 5202 σώματα
3419 5128 3603 5201 ἠμῶψ
3654 5124 3729 5180 ὧν

390 5436 469 5502 (α)
500 5436 587 5490 Ita
616 5433 797 5502 Palat.
828 5430 894 5486 In
928 5427 1100 5502 editis
1132 5421 1296 5502 σεύτοῦ
1330 5423 1513 5502 deest.
1725 5492 1733 5502 Ι

2154 5422 2224 5502 (ξ)
2255 5423 2349 5502 μα
2364 5418 2547 5502 Palat.
2576 5421 2641 5473 In
2672 5416 2846 5502 editis
2875 5415 3121 5502 ἡγεῖσθαι
3147 5411 3331 5502 ,αρτῶν
3362 5413 3544 5502 deest.

416 5452 445 5490 α
500 5436 587 5490 Ita
616 5433 797 5489 Palat.
828 5430 894 5486 In
928 5427 1100 5485 editis
1132 5422 1296 5479 αὐτοῦ
1330 5423 1513 5478 deest.

416 5436 469 5618 ὁὶ
504 5505 685 5561 Palat.
719 5501 959 5586 ἐχρῶντο
992 5498 1043 5552 οἱ
1091 5493 1373 5583 Έλληνες,
1406 5492 1518 5579 καὶῆ
1535 5492 1790 5567 μαγικάς.

416 5594 443 5618 n
492 5576 671 5618 Dnlnf-
706 5594 803 5618 τοι)
834 5571 1059 5618 Mlﬂoou-
1093 5563 1311 5618 πολλτιν
1344 5566 1613 5618 σπουοήν.

2176 5438 2204 5478 e
2257 5423 2344 5476 Ita
2364 5422 2547 5475 Palat.
2576 5422 2641 5473 In
2672 5422 2846 5473 editis
2875 5422 2909 5485 ἡ
2955 5422 3121 5469 εἷσθαι
3154 5422 3331 5468 αὐτῶν
3364 5422 3544 5469 deest.

2154 5422 2225 5618 ίῘΞ
2255 5490 2437 5547 Palat.
2466 5486 2704 5563 ἵδρυται.
2738 5488 2894 5544 Infra
2916 5435 3103 5544 ‘l’alat.
3141 5483 3245 5555 ἢδη
3278 5483 3414 5559 πρὸς
3447 5483 3510 5538 τὸ
3536 5487 3735 5558 γῆοας.

2081 5570 2202 5618 Pau
2233 5581 2265 5618 ο
2301 5566 2432 5618 nost
2460 5561 2641 5618 idem.
2671 5558 3009 5618 προσελθιὼν
3044 5552 3250 5618 ὕϐρισε.
3282 5556 3395 5610 τόν.

2081 5552 2432 5636 Pa\ulo_post
2460 5552 2641 5628 idem,
2668 5552 3250 5636 προσελθιὼνιῦᾇρισε,
3282 5552 3395 5636 τεόν..

415 5560 464 5644 05
492 5560 673 5633 Palat.
834 5571 1061 5644 ἒίίθρου,
1090 5560 1613 5644 πολλΑῇνμσπουδῇν.

393 5600 462 5647 lC)
492 5600 673 5633 ralat.
706 5600 803 5627 τυυ
834 5600 1061 5664 ξιιυρυυ,
1100 5600 1286 5695 Διυηιιθηὲ

321 5648 466 5785 ,που
496 5648 679 5707 Palat.
707 5648 769 5705 ’0
807 5662 897 5700 ουν
953 5638 1178 5713 Ἀλεξ...
1230 5659 1255 5695 ε

2154 5636 2235 5709 (g)
2267 5622 2448 5710 Palat.
2479 5622 2787 5710 πονηρὸν...
2818 5630 2910 5689 τὸν
2944 5622 3246 5686 Γαλιλαῖον
3265 5626 3492 5686 αὐτὸν...
3519 5622 3735 5707 παρρη-

1292 5636 1444 5710 έξατο
1502 5632 1630 5692 ίδὼν
1684 5632 1843 5691 αὐτὸν
1897 5636 1974 5700 ὡς

2082 5704 2521 5787 σιαστικώτιρον.
