4146 6396
1270 406 1457 477 VITA
1504 415 1573 475 S.
1615 410 2038 474 ATHANASII
2083 413 2187 474 EX
2234 410 2842 476 METAPHRASTE.

3544 432 3766 481 CCXLI“

352 553 439 608 καὶ
466 551 566 623 τήν
600 545 842 606 ἔνστασιν
895 545 1109 603 ἔδεισεν.
1159 548 1223 600 Ὃ
1278 566 1337 600 τε
1389 543 1642 621 βασιλεὺς
1689 545 1765 618 (α)
1815 545 1903 598 καὶ
1946 544 2052 613 οἱ]

2151 562 2218 615 as,
2277 545 2608 618 philosophi
2643 551 2699 603 et
2755 547 3153 604 mathematici
3214 565 3425 622 magno
3494 569 3761 622 numero,

353 641 658 720 ὁμόφρονες
691 638 876 709 αὐτοῦ,
921 637 1010 692 καὶ
1061 635 1240 710 ὥσπερ
1293 633 1351 689 ἐκ
1403 639 1594 710 μυχῶν
1643 633 1865 695 σκότους
1921 633 2006 708 ἐρ-

351 733 487 788 πετᾶ.
542 728 804 806 προϊόντα
837 773 850 799 ,
902 732 1008 781 τῶν
1077 723 1388 804 φιλοσόφων
1466 723 1554 778 καὶ
1614 725 2004 796 μαθηματικῶν

352 819 593 890 πλῆθος,
641 823 751 874 τῶν
791 838 850 872 τε
904 817 1091 890 μάγων
1139 815 1229 868 καὶ
1276 814 1514 886 μάντεων
1567 813 2005 890 φρατριάσαντες,

354 904 747 966 ἐϐουλεύσαντο
779 905 878 960 οὐκ
906 903 1093 966 ἄλλως
1143 903 1477 978 περιέσεσθαι
1507 905 1614 954 τῶν
1656 904 2008 976 Χριστιανῶν,

360 997 406 1053 εἷ
462 998 538 1071 μὴ
586 993 904 1051 Ἀθανασίου
953 990 1346 1066 ἀπαλλαγοῖεν,
1374 991 1465 1044 ἅτε
1513 987 1579 1058 δὴ
1622 986 1878 1062 θεμελίου
1931 983 2014 1042 ὄνέ

357 1108 452 1148 τος
501 1083 666 1140 αὐτοῦ
698 1081 1049 1154 Ἐκκλησίας.
1101 1082 1198 1135 Διά
1238 1083 1400 1134 τοῦτο
1449 1082 1598 1153 γοῦν,
1643 1075 1808 1132 πάλιν
1861 1075 2009 1130 δικα-

362 1179 502 1230 στῶν
553 1172 790 1244 κίνησις,
843 1169 1009 1226 πάλιν
1058 1169 1281 1246 στρατὸς
1337 1170 1432 1241 (ὁ),
1483 1165 1646 1221 πάλιν
1704 1164 1877 1242 βουλὴ
1924 1167 2014 1220 καὶ

363 1262 534 1336 δῆμοι
569 1262 946 1336 ἐταράσσοντο,
997 1259 1309 1313 Ἀθανάσιον
1363 1255 1770 1330 ἀπαιτούμενοι·
1825 1256 1884 1317 ὃς
1925 1254 2014 1308 καὶ

360 1359 463 1422 τῆς
498 1349 828 1422 Έκκλησίας
857 1349 1266 1425 ταραττομένης
1300 1348 1366 1421 (c)
1415 1343 1598 1420 διέδρα
1650 1342 1858 1418 σπουδῇ
1906 1348 2014 1398 τῶν

365 1436 749 1497 εὐσεϐούντων.
806 1436 948 1493 Ὁδέ
1006 1435 1138 1499 λαὸς
1189 1435 1334 1509 λύπῃ
1383 1435 1473 1489 καὶ
1519 1432 1740 1510 δάκρυσι
1787 1432 2018 1507 συνείχε-

360 1551 444 1587 το·
487 1529 700 1603 νύκτωρ
749 1529 872 1604 περὶ
925 1529 1015 1582 τὸν
1065 1523 1264 1583 Νεῖλον
1314 1523 1477 1579 αὐτοῦ
1532 1525 1813 1600 ὁρμῶντος
1863 1543 2017 1598 περι-

365 1621 580 1682 στάντες
634 1615 844 1693 ἔλεγον.
891 1619 1006 1672 Ποῦ
1036 1613 1199 1669 πάλιν
1254 1611 1667 1687 ἀποδιδράσκεις
1709 1615 1805 1686 (d),
1838 1612 1864 1665 6
1896 1633 2018 1666 ποι-

369 1710 479 1783 μὴν
535 1709 563 1763 6
614 1705 784 1768 καλός
823 1705 982 1775 ;Τίνι
1042 1702 1099 1759 δέ
1156 1706 1315 1776 ἡμῶν
1365 1700 1712 1764 καταλείπεις
1771 1702 1847 1763 ὡς
1897 1705 2022 1755 ναῦν

366 1792 756 1873 ἀκυϐέρνητον,
802 1792 1108 1870 τρικυλίαις
1153 1791 1243 1846 καὶ
1294 1789 1516 1846 σπιλάσι
1571 1791 2020 1867 περιαγομένην;

367 1888 426 1940 Ὁ
487 1883 544 1940 δὲ
599 1886 738 1961 πρὸς
797 1882 1012 1944 αύτούς·
1075 1884 1161 1950 Μὴ
1225 1878 1576 1958 ὀλοφύρεσθε,
1634 1881 1812 1934 τέκνα·
1864 1880 2022 1956 νέφος

372 1972 767 2054 φθινοπωρινόν
820 1972 958 2028 ἐστιν
1018 1970 1175 2033 οὗτος
1225 1972 1253 2024 6
1291 1971 1532 2046 τάραχος
1566 2013 1579 2038 ,
1638 1967 1776 2045 πρὸς
1836 1966 2024 2043 ὀλίγον

376 2063 724 2143 φαινόμενος,
784 2061 948 2132 ὀξέως
1001 2057 1058 2114 δὲ
1097 2058 1504 2137 ἀφανιζόμενος.
1555 2065 1752 2114 Θᾶττον
1814 2056 2028 2112 ἐλεύσο-

381 2173 480 2227 μαι
531 2152 666 2226 πρός
724 2151 886 2223 ὑμᾶς,
941 2153 1073 2204 Θεοῦ
1128 2153 1540 2222 συνεργοῦντος·
1599 2149 1789 2221 μικρὸν
1831 2146 2026 2223 χρόνον

381 2241 537 2315 ὐμῶν
568 2241 1011 2317 χωρισθήσομαι.
1045 2239 1133 2300 Ὠς
1165 2234 1223 2291 δὲ
1255 2231 1420 2307 ἐπέϐη
1457 2235 1649 2292 ὁλκάδι
1679 2242 1795 2299 τοῖς
1832 2234 2030 2290 Νείλου

385 2330 622 2408 ῥείθροις
655 2328 744 2384 ἐπὶ
771 2330 872 2398 τήν
905 2322 1152 2398 Θηϐαίδα
1202 2326 1541 2402 ἀναγόμενος
1589 2328 1682 2400 (e),
1717 2327 1744 2380 6
1774 2327 1871 2394 τὴν
1908 2324 2034 2379 ἀπό-

382 2441 541 2497 φασιν
591 2417 735 2494 ἔχων
787 2418 904 2472 κατ’
953 2415 1116 2470 αὐτοῦ
1166 2417 1444 2492 σατράπης
1496 2414 1632 2489 ἀνὴρ
1680 2413 1870 2490 ἤγετο,
1919 2415 2035 2469 κατ’

383 2504 599 2563 ὄπισθεν
632 2508 856 2562 θάνατον
907 2503 1146 2560 ἀπειλῶν
1201 2507 1285 2579 (Γ),
1317 2505 1406 2566 Ὡς
1457 2502 1515 2559 δὲ
1563 2503 1868 2579 ἀπήγγειλε
1908 2508 2034 2559 τοῦ-

382 2597 444 2652 τό
476 2617 560 2659 τις
586 2594 908 2668 ’Δθανασίῳ,
943 2595 1020 2657 ὡς
1062 2592 1233 2669 τάχος
1285 2592 1462 2669 λέγων
1519 2594 1786 2670 ἀπαίρειν,
1834 2596 1908 2667 μή
1941 2614 2036 2647 κα-

382 2683 690 2762 ταληφθείη
723 2685 859 2754 πρὸς
889 2687 985 2738 τοῦ
1018 2681 1334 2754 διώκοντος,
1372 2685 1549 2758 βραχύ
1582 2685 1830 2757 σιγήσας,
1864 2681 2038 2757 λέγει,

389 2775 622 2851 ὁράματι
699 2771 829 2845 θείῳ
898 2770 1267 2834 καταπεισθείς
1333 2791 1346 2804 ·
1405 2773 1873 2846 Ἀντιστρέψωμεν
1950 2772 2040 2825 τὸν

386 2861 583 2932 πλοῦν,
617 2863 661 2916 ὦ
692 2859 903 2937 ἄνδρες,
933 2866 1031 2916 τοῦ
1082 2866 1215 2916 Θεοῦ
1262 2866 1423 2916 τοῦτο
1471 2859 1746 2931 θέλοντος,
1779 2863 1855 2923 ὡς
1885 2862 2041 2936 τάχι-

391 2953 492 3008 στά
524 2973 590 3026 με
623 2948 1056 3026 Ἀλεξανδρεῦσιν
1090 2949 1448 3021 ἀποδοθῆναι.
1474 2955 1589 3006 Τῶν
1622 2949 1679 3005 δὲ
1710 2948 2042 3006 διακωλυόν-

389 3065 518 3114 των,
551 3043 640 3098 καὶ
673 3039 743 3096 δι’
775 3037 964 3117 ὅλίγον
995 3040 1359 3115 θρηνούντων,
1405 3043 1494 3095 καὶ
1539 3042 1630 3096 τὸν
1681 3041 1878 3096 οἰκεῖον
1929 3039 2041 3095 κίν-

395 3129 550 3187 δυνον
587 3132 959 3209 ὑφορωμένων
1005 3132 1100 3204 (g),
1136 3130 1276 3184 εἶπεν
1312 3131 1339 3184 6
1367 3130 1521 3204 ἅγιος
1555 3131 1868 3192 Ἀθανάσιος
1903 3149 1914 3160 ·
1947 3130 2040 3197 Μὴ

396 3219 610 3289 οὕτως,
673 3216 938 3297 ἀδελφοὶ,
1000 3218 1328 3294 συγκόπτετε
1377 3219 1636 3281 ἑαυτούς.
1697 3217 2042 3286 Πιστεύσατε,

2117 635 2272 707 magi
2296 636 2433 690 item
2459 641 2632 707 atque
2649 637 2978 703 divini,una
3007 639 3413 695 convenientes
3457 641 3768 697 consilium

2119 725 2350 788 dedere,
2385 741 2498 778 non
2532 724 2697 780 aliter
2729 742 2899 796 posse
2932 727 3183 798 opprimi
3228 728 3613 796 Christianos,
3658 730 3771 786 nisi

2117 813 2476 868 Athanasius
2509 812 2804 868 tolleretur
2833 815 2904 870 de
2935 815 3145 882 medio,
3180 818 3398 889 quippe
3429 819 3529 890 qui
3561 819 3770 875 funda-

2126 906 2389 956 mentum
2407 908 2561 956 esset
2581 902 2864 958 Ecclesize.
2901 905 3288 969 Quamobrem
3313 924 3549 962 rursum
3578 913 3772 964 motus

2116 989 2410 1060 judicum,
2445 1008 2682 1046 rursum
2714 993 3016 1060 exercitus,
3048 1011 3286 1050 rursum
3318 996 3652 1064 consilium,
3679 1014 3774 1069 po-

2124 1079 2366 1151 pulique
2396 1081 2714 1151 perturbati
2742 1087 2898 1150 sunt,
2919 1083 3058 1137 dum
3090 1084 3477 1140 Athanasium
3502 1102 3774 1157 exposce-

2125 1174 2273 1223 rent.
2306 1167 2408 1224 llle
2436 1185 2590 1236 vero,
2621 1169 2679 1223 in
2713 1174 2874 1224 tanto
2913 1171 3180 1226 Ecclesiae
3227 1173 3510 1241 tumultu,
3542 1175 3774 1246 piorum

2127 1273 2302 1328 opera
2331 1257 2576 1328 aufugit.
2608 1257 2757 1312 Tum
2798 1258 3047 1330 populus
3097 1275 3340 1316 maerore
3382 1262 3777 1334 lacrymisque

2127 1346 2853 1418 conficiebatur,nocteque
2877 1365 3054 1419 prope
3073 1349 3267 1405 Nilum
3289 1368 3422 1406 eum
3464 1354 3777 1407 abeuntem

2128 1435 2577 1490 circumstantes
2601 1434 2683 1490 sic
2705 1435 3135 1507 compellabant
3152 1457 3162 1492 :
3182 1439 3303 1502 Quo
3329 1457 3563 1495 rursum
3587 1440 3778 1512 profu-

2129 1523 2242 1594 gis,
2276 1527 2476 1593 pastor
2509 1523 2699 1578 bone?
2728 1525 2830 1578 Cui
2863 1542 2967 1580 nos
2999 1526 3383 1599 relinquis,ut
3423 1546 3626 1584 navem
3672 1546 3778 1602 gu-

2130 1612 2439 1666 bernatore
2461 1618 2754 1667 carentem
2780 1614 3141 1681 ﬂuctibus,et
3171 1617 3496 1688 piratarum
3538 1618 3784 1674 navibus

2133 1700 2600 1756 circumdatam?
2633 1701 2731 1756 Ille
2763 1719 2897 1758 vero
2925 1722 2936 1758 :
2971 1705 3052 1760 Ne
3084 1706 3234 1776 ﬂete,
3269 1707 3351 1763 ait
3392 1708 3514 1776 ﬁlii,
3552 1713 3784 1763 autum-

2136 1789 2286 1844 nalis
2316 1793 2405 1844 est
2436 1791 2620 1845 nubes
2674 1791 2784 1846 iste
2845 1793 3157 1862 tumultus,
3210 1812 3336 1866 quae
3385 1797 3456 1850 ad
3489 1795 3786 1851 tantillum

2133 1877 2414 1949 temporis
2445 1884 2702 1950 apparet,
2737 1896 2802 1934 ac
2859 1898 2993 1936 mox
3036 1891 3356 1940 evanescat.
3390 1886 3552 1940 Brevi
3584 1887 3654 1941 ad
3686 1903 3787 1942 vos

2140 1967 2490 2038 remigrabo,
2528 1970 2636 2023 Deo
2677 1970 2942 2040 juvante,
2993 1972 3220 2027 modico
3270 1979 3531 2046 tempore
3563 1992 3597 2030 a
3625 1974 3790 2031 vobis

2140 2057 2506 2128 segregabor.
2540 2056 2613 2112 Ut
2632 2062 2829 2113 autem
2862 2062 3205 2116 conscendit
3229 2063 3578 2131 naviculam,
3597 2069 3661 2119 ut
3689 2080 3792 2135 per

2141 2144 2339 2202 Nilum
2372 2147 2613 2201 adverso
2647 2147 2886 2203 ﬂumine
2917 2150 3256 2205 concederet
3282 2151 3340 2206 in
3391 2152 3748 2208 Thebaidem
3775 2170 3787 2220 ;

2143 2234 2242 2304 qui
2275 2234 2626 2290 sententiam
2659 2241 2859 2292 contra
2887 2237 3051 2293 illum
3079 2239 3300 2295 ferebat
3329 2246 3611 2313 satrapes,
3644 2242 3795 2298 inse-

2143 2328 2315 2379 cutus
2348 2330 2435 2379 est
2465 2329 2713 2380 mortem
2740 2327 3126 2383 comminans.
3151 2328 3436 2385 Utautem
3469 2330 3788 2402 quidamid

2143 2413 2466 2469 Athanasio
2497 2415 2871 2482 renuntiavit,
2929 2419 3184 2474 suadens
3235 2424 3298 2473 ut
3345 2420 3787 2491 quamprimum

2146 2501 2410 2570 solveret,
2445 2519 2516 2557 ne
2545 2504 3133 2575 comprehenderetur
3162 2525 3195 2562 a
3226 2514 3632 2581 persequente,
3658 2526 3793 2564 cum

2146 2591 2446 2664 paulisper
2469 2593 2845 2649 conticuisset
2864 2594 2966 2660 ait,
2991 2595 3186 2651 divina
3208 2597 3426 2653 visione
3446 2597 3795 2670 persuasus';

2148 2680 2610 2752 Navigationem,
2645 2699 2677 2736 ο
2708 2682 2813 2735 viri
2845 2689 3271 2752 convertamus,
3302 2689 3411 2741 Deo
3438 2686 3520 2742 ita
3549 2687 3793 2754 volente,

2150 2773 2215 2824 ut
2245 2769 2683 2841 quamprimum
2715 2771 2991 2827 restituar
3036 2773 3464 2831 Alexandrinis.
3500 2776 3620 2830 Illis
3668 2792 3798 2831 vero

2151 2858 2622 2930 prohibentibus,
2651 2877 2716 2915 ac
2764 2866 2993 2918 tantum
3054 2881 3169 2919 non
3231 2865 3618 2937 plorantibus,
3669 2882 3795 2937 pro-

2152 2947 2463 3019 priumque
2511 2949 2836 3019 periculum
2886 2952 3401 3024 prospicientibus,
3434 2953 3514 3009 ait
3556 2961 3798 3010 sanctus

2151 3037 2541 3094 Athanasius:
2575 3039 2656 3093 Ne
2687 3041 2768 3094 ita
2819 3040 3016 3096 dolore
3076 3059 3178 3097 vos
3227 3043 3516 3110 afﬁciatis,
3570 3045 3798 3111 fratres,

2154 3126 2369 3182 credite
2400 3126 2594 3198 plures
2625 3127 2930 3184 nobiseum
2962 3146 3091 3185 esse
3121 3147 3300 3202 quam
3332 3149 3464 3186 cum
3496 3132 3632 3196 illis,
3653 3132 3800 3186 invi-

2155 3221 2434 3286 ctumque
2464 3221 2729 3272 nostrum
2787 3218 3191 3274 auxiliatorem
3226 3237 3374 3275 esse.
3408 3221 3492 3275 Ita
3522 3236 3799 3275 converso

397 3308 483 3364 ὅτι
511 3307 737 3371 πλείους
770 3289 831 3362 οἱ·
857 3309 970 3380 μεθ’
999 3289 1184 3380 ἡμῶν,
1236 3308 1366 3384 ὑπὲρ
1413 3307 1540 3370 τοὺς
1572 3309 1687 3380 μετ’
1725 3307 1922 3377 αὐτῶν,
1955 3307 2044 3360 καὶ

2158 3321 2332 3360 cursu
2362 3308 2512 3360 retro
2544 3305 2813 3361 feruntur
2842 3324 3004 3362 nave.
3029 3308 3139 3362 Sed
3188 3314 3568 3364 occurrerunt
3599 3314 3802 3365 sancto

398 3397 654 3469 ἀνίκητός
715 3396 854 3452 ἐστιν
912 3398 940 3452 6
991 3396 1257 3473 ἡμέτερος
1317 3396 1612 3471 σύμμαχος
1645 3438 1657 3450 .
1721 3395 1874 3450 Οὕτω
1931 3397 2046 3449 κατ’

398 3483 612 3542 ὅπισθεν
664 3485 950 3562 γενόμενοι
1001 3488 1099 3559 (ἡ),
1149 3484 1470 3562 παλίνορσοι
1522 3486 1772 3562 φέρονται
1818 3486 1916 3554 τὴν
1951 3481 2048 3538 ὁλ-

396 3574 537 3632 κάδα
591 3575 1014 3648 ἀναστρέψαντες
1066 3616 1078 3629 .
1140 3573 1315 3629 Ἀλλὰ
1391 3578 1723 3645 συνήντησαν
1777 3579 1855 3646 τῷ
1907 3572 2049 3648 ἁγίῳ

399 3662 700 3737 Ἀθανασίῳ
737 3667 846 3718 τῶν
889 3660 1173 3738 προδοτῶν
1230 3683 1370 3725 τινες
1412 3660 1600 3736 ἄνδρες
1645 3661 2051 3733 Ἑλληνικώτα-

397 3774 508 3827 τοι,
540 3753 593 3808 οἳ
623 3753 713 3808 καὶ
743 3753 833 3807 τὸν
882 3751 1117 3823 διώκτην
1153 3751 1429 3814 πείσαντες
1478 3751 1702 3807 κατόπιν
1752 3756 1848 3806 τοῦ
1894 3749 2051 3825 ἁγίου

403 3841 723 3898 ’Δθανασίου
778 3839 1028 3918 ἔρχεσθαι
1063 3883 1074 3894 .
1137 3842 1334 3917 Ἐγγὺς
1394 3838 1450 3895 δὲ
1506 3841 1808 3916 γενομένων
1878 3839 2050 3894 αὐτῶν

478 3931 550 3952 "
703 3930 717 3984 ί
971 3932 1100 3984 -θίί-
1259 3931 1428 3984 ὁἈθ
1515 3931 1526 3950 ’
1755 3927 2053 3983 “’ῗἘ-

403 3952 495 3986 και
528 3950 696 4006 αορασ
723 3950 756 4000 ᾳ
804 3951 976 4006 κρατη
1017 3952 1202 3999 ενιων,
1434 3951 1672 3999 ανασιος,
1723 3951 1810 3984 οια
1850 3951 1935 3984 επ.

403 4018 656 4075 λισσαίου
715 4017 976 4095 ἐγεγόνει,
1025 4021 1365 4091 πυνθάνεται,
1419 4019 1536 4074 τίνα
1568 4024 1801 4089 ζητοῖεν.
1851 4023 1967 4073 Τῶν
2001 4015 2058 4072 δὲ

408 4108 700 4184 λεγόντων·
765 4108 1098 4165 Ἀθανάσιον·
1161 4107 1321 4170 αὐτὸς
1376 4106 1751 4183 ἀποκρίνεται·
1818 4105 2059 4162 Σπουδά-

2153 3393 2469 3449 Athanasio
2499 3394 2862 3465 proditorum
2895 3395 3134 3466 quidam
3167 3397 3274 3452 viri
3305 3398 3504 3466 Graeci,
3533 3399 3631 3470 qui
3672 3415 3805 3470 per-

2158 3482 2411 3538 secutori
2441 3489 2853 3553 persuaserant
2899 3485 3146 3554 jamjam
3208 3502 3269 3540 se
3325 3487 3382 3540 in
3425 3491 3803 3558 conspectum

2159 3571 2347 3627 sancti
2377 3571 2679 3626 Athanasii
2710 3577 3005 3628 venturos.
3041 3573 3182 3629 Cum
3205 3575 3330 3645 jam
3363 3575 3603 3647 propius
3621 3593 3810 3631 acces-

2161 3662 2395 3728 sissent,
2428 3660 2729 3732 oculisque
2760 3662 2908 3733 capti
2968 3668 3183 3732 essent,
3213 3663 3592 3732 Athanasius,
3622 3665 3705 3720 uti
3736 3665 3808 3720 ab

2160 3751 2366 3805 Elisaeo
2397 3754 2628 3821 gestum
2659 3749 2789 3818 fuit,
2848 3751 3168 3824 interrogat
3220 3769 3394 3824 quem
3445 3758 3806 3826 quaererent;

2165 3839 2278 3893 illis
2310 3839 2662 3905 dicentibus,
2695 3835 3123 3909 Athanasium;
3165 3844 3479 3915 respondet
3507 3844 3643 3911 ille;
3678 3841 3808 3899 Scio

2165 3927 2333 3983 illum
2365 3927 2536 4000 paulo
2587 3934 2719 3983 ante
2770 3947 3114 4001 properasse
3162 3937 3230 3987 ut
3275 3948 3376 3988 vos
3409 3937 3808 3989 anteverteret.

2164 4019 2430 4088 Eumque
2456 4016 2539 4071 illi
2596 4019 3103 4088 praetermittentes
3133 4038 3269 4076 eum
3311 4023 3601 4094 persecuti
3652 4027 3810 4094 sunt,

2166 4123 2342 4178 quem
2375 4106 2657 4161 habentes
2688 4124 2882 4163 coram
2913 4125 3028 4165 non
3061 4110 3348 4166 viderunt.

410 4202 517 4266 ζειν
568 4196 726 4252 αὐτὸν
788 4194 956 4273 ἔγνων
1023 4195 1211 4273 ὀλίγον
1274 4197 1536 4272 πρότερον
1595 4199 1684 4252 καὶ
1731 4194 2156 4274 παραδραμόντα
2211 4198 2382 4268 ἡμᾶς.
2442 4194 2541 4248 Καὶ
2599 4193 2958 4269 παρελθόντες
3017 4195 3264 4271 ἐδίωκον,
3297 4200 3356 4253 ὃν
3412 4196 3658 4274 ἔχοντες,
3717 4198 3818 4256 οὐκ

408 4285 688 4341 ἐθεάσαντο

479 4377 569 4432 46.
601 4371 749 4430 Ὁδέ
798 4376 953 4451 ἁγιος
1002 4372 1316 4437 Ἀθανάσιος
1364 4377 1551 4429 θᾶττον
1605 4375 1682 4438 εἷς
1730 4377 1830 4444 τήν
1875 4372 2058 4444 Ἀλεξ-

408 4458 654 4539 άνδρειαν
703 4465 952 4540 κατήχθη
982 4508 996 4534 ,
1048 4461 1312 4534 πλείστης
1361 4470 1535 4540 χαρᾶς
1581 4466 1678 4534 τὴν
1730 4461 2056 4534 Ἐκκλησίαν

409 4549 719 4625 ἐμπλήσας·
766 4550 903 4607 ὅπου
958 4552 1164 4630 βραχὺν
1213 4553 1411 4629 χρόνον
1464 4548 1813 4628 ἀποκρυϐεὶς,
1867 4553 2056 4626 μικρὸν

408 4640 630 4716 ὕστερον
691 4643 824 4714 μετά
853 4640 1161 4718 παῤῥησίας
1207 4646 1286 4714 τῷ
1330 4640 1484 4717 λόγῳ
1514 4646 1610 4696 τοῦ
1656 4646 1790 4697 Θεοῦ
1821 4641 2059 4717 ἐπαρρη-

411 4731 646 4799 σιάζετο.
688 4731 744 4782 Ὀ
802 4731 904 4804 γὰρ
963 4729 1280 4796 Ἰουλιανὸς,
1334 4729 1521 4785 πολλά
1575 4733 1711 4786 κατὰ
1767 4735 1873 4784 σῶν
1932 4736 2061 4805 Χρι-

2273 4376 2327 4430 6.
2353 4375 2600 4431 Sanctus
2626 4379 2821 4431 autem
2851 4376 3210 4433 Athanasius
3257 4379 3370 4434 cito
3407 4378 3818 4435 Alexandriam

2168 4464 2464 4531 reductus,
2500 4481 2733 4520 summo
2784 4465 2995 4536 gaudio
3054 4465 3290 4537 replevit
3336 4467 3672 4524 Ecclesiam.
3711 4465 3820 4526 Ubi

2169 4553 2465 4626 paulisper
2495 4551 2838 4622 occultatus,
2865 4553 3037 4624 paulo
3067 4559 3199 4625 post
3227 4571 3361 4610 cum
3405 4555 3670 4614 libertate
3699 4576 3818 4617 ver-

2169 4643 2310 4698 bum
2344 4642 2442 4697 Dei
2475 4641 2669 4714 palam
2713 4641 3080 4714 praedicabat.
3127 4643 3273 4698 Nam
3320 4644 3592 4701 Julianus
3633 4647 3820 4706 multa

2171 4735 2374 4787 contra
2401 4730 2763 4786 Christianos
2795 4729 3186 4800 machinatus,
3219 4731 3464 4804 dignum
3514 4734 3820 4793 interitum

413 4823 642 4874 στιανῶν
700 4815 1132 4894 διαπραξάμενος
1166 4863 1179 4890 ,
1237 4818 1399 4882 τέλος
1465 4817 1609 4891 ἄξιον
1668 4820 2052 4894 ἀπηνέγκατο.

2169 4823 2518 4875 consecutus
2549 4823 2656 4874 est.
2691 4819 2837 4874 Nam
2868 4835 3002 4874 cum
3033 4819 3224 4876 Persis
3255 4820 3472 4876 bellum
3527 4823 3824 4882 intulisset

413 4907 561 4961 Κατὰ
637 4910 856 4982 Περσῶν
930 4908 1034 4984 γὰρ
1103 4907 1424 4984 στρατεύσας
1459 4955 1472 4980 ,
1526 4909 1616 4963 καὶ
1693 4909 2062 4971 πεπιστευκὼς

419 4995 694 5070 μαντείαις
753 5017 862 5050 τισι
920 4997 1010 5051 καὶ
1070 4996 1502 5073 ὀνειροπολήσας
1548 5000 1648 5067 τήν
1706 4995 2062 5072 Ἀλεξάνδρου

411 5087 511 5138 τοῦ
571 5081 878 5146 Μακεδόνος
926 5081 1348 5159 πόλινλαϐεῖν,
1398 5087 1434 5156 ἢ
1492 5086 1581 5140 καὶ
1635 5084 1847 5160 μᾶλλον
1906 5086 2062 5141 αὐτὸν

417 5169 769 5250 Ἀλέξανδρον
819 5173 953 5228 εἶναι
1006 5173 1058 5229 ἐν
1119 5175 1286 5249 ἑτέρῳ
1336 5176 1570 5249 σώματι,
1618 5173 1834 5238 πολλὰς
1873 5176 2066 5249 κώμας

489 5401 567 5480 (ὸ)
593 5401 768 5480 βοὶ-λιν
794 5425 1018 5480 (testo:
1051 5407 1221 5480 abest
1243 5401 1486 5480 a'Palat.

593 5476 777 5532 Palat.
811 5476 839 5530 6
860 5474 960 5566 ’δέη
980 5483 1080 5546 τῆς
1110 5475 1401 5560 ἐκκλησίας
1433 5479 1858 5554 χαρακωμένης.

551 5547 569 5617 )
603 5547 776 5602 Palat.
800 5543 1069 5617 ASLOpaO'St.
1101 5549 1260 5606 Infra
1289 5551 1469 5617 idem,
1508 5551 1858 5617 περιαγομέντ

531 5537 576 5626 ἵὶ
603 5547 776 5626 Palat.
798 5537 1075 5626 ﬁtSpticsi.
1101 5537 1473 5618 Infra-idem:
1508 5537 1908 5626 περιαγομένην
1937 5548 2071 5624 τῇδε

419 5614 636 5672 κάκεῖσε
658 5634 672 5684 ;
707 5618 762 5670 Ὀ
794 5614 868 5672 δέ.

517 5690 566 5764 e_)
596 5688 780 5764 Palat.
802 5689 1096 5764 ἀγόμενος.

597 5758 690 5818 Sic
717 5755 1110 5822 Palat.'Editi
1168 5777 1318 5839 vero,
1366 5762 1502 5844 ἀνὴρ
1548 5763 1652 5843 ἦγε
1695 5761 1786 5822 τὸν
1837 5755 2071 5838 ὄπισθεν,

491 5335 548 5406 (a
598 5334 712 5389 Sic.
744 5334 929 5390 Palat.
962 5336 1121 5392 Editi'
1145 5353 1299 5408 vero,
1328 5336 1383 5388 Ὀ
1411 5333 1468 5390 δέ
1503 5334 1777 5412 βασιλεύς.

491 5406 545 5474 (b
598 5401 768 5458 Πάλιν
794 5425 1018 5480 στρατος
1051 5407 1215 5463 abest
1243 5425 1277 5463 a
1305 5408 1486 5465 Palat.

491 5475 541 5601 5c
593 5476 777 5532 Palat.
811 5476 839 5530 6
873 5474 949 5544 δέ,
980 5483 1080 5546 τῆς
1110 5475 1401 5546 ἐκκλησίας
1433 5479 1777 5554 χαρακωμέντ

551 5547 569 5601 l
603 5547 776 5601 Palat.
810 5543 1069 5601 διδβάσει.
1101 5549 1260 5601 Infra
1289 5550 1469 5601 idem.
1508 5569 1777 5601 πεοιαγου

2172 4913 2231 4966 et
2259 4907 2714 4963 divinationibus
2741 4908 3097 4978 quibusdam
3122 4925 3434 4980 persuasus
3466 4927 3531 4966 ac
3575 4912 3822 4969 somniis

2177 4997 2476 5069 deceptus,
2503 4997 2658 5068 quod
2686 4996 3055 5052 Alexandrini
3103 4997 3431 5053 Macedonis
3473 5000 3678 5055 urbem
3719 5017 3821 5056 ca-

2176 5090 2386 5158 pturus
2414 5090 2587 5153 esset,
2620 5089 2722 5140 aut
2775 5086 2970 5156 potius
3025 5085 3348 5142 Alexander
3396 5085 3523 5158 ipse
3579 5088 3821 5145 essetin

2177 5175 2289 5231 alio
2318 5191 2576 5247 corpore,
2634 5173 2850 5229 multos
2909 5175 3066 5230 vicos
3123 5180 3180 5230 et
3217 5175 3486 5248 praesidia
3511 5177 3821 5235 Persarum

2177 5337 2398 5390 θάνατον
2429 5332 2689 5391 ἀπειλῶν.
2723 5336 2880 5392 Infra
2901 5335 3080 5405 idem,
3103 5335 3179 5396 ὡς
3206 5336 3398 5409 τάχος.
3426 5336 3598 5408 Editi,
3623 5334 3698 5398 εἷς
3726 5335 3822 5391 τά·

2177 5427 2303 5482 χος-
2366 5479 2396 5482 _
2447 5477 2461 5482 _
2671 5429 2691 5482 .’

2251 5481 2334 5551 (g)
2361 5477 2545 5551 Palat.
2597 5475 2686 5551 καὶ
2736 5473 3034 5551 διωλύγιον
3095 5476 3461 5548 θρηνούντων,
3510 5478 3599 5533 καὶ
3645 5478 3738 5534 τὸν
3771 5476 3824 5533 οἶ

2178 5547 2322 5624 κεῖδν
2352 5548 2580 5624 θάνατον-
2603 5547 2760 5624 ὑφορζ

2252 5622 2332 5692 (h)
2361 5621 2455 5693 Sic
2485 5619 2666 5674 Palat.
2710 5619 2877 5674 'Editi
2929 5637 3081 5687 vero,
3139 5619 3450 5693 γενόμενος.
3487 5622 3619 5678 Mox
3642 5621 3825 5684 Palat.

2181 5691 2642 5763 ἀντιστρέψαντες.

2253 5711 2358 5744 ειστ
2399 5709 2642 5763 εψαντες.

2253 5763 2320 5837 (ἰ)
2349 5709 2528 5822 Palat.
2561 5759 2661 5818 οὐκ
2689 5760 2994 5840 έθέάσαντο,
3025 5758 3149 5820 οὐδὲ
3179 5759 3498 5845 ἐκράτησαν.
