4146 6394
343 464 560 513 αωηιν

1737 436 2356 507 PROLEGOMENA.

349 581 691 656 populatus,
749 579 1041 650 urbesque
1096 576 1383 650 quasdam
1443 591 1577 632 cum
1633 575 1905 648 cepisset,
1945 578 1996 631 et

2114 571 2204 656 καὶ
2237 568 2471 649 φρούρια
2526 574 2634 625 τῶν
2689 558 2908 647 Περσῶν
2958 569 3259 646 πορθήσας,
3302 568 3393 627 καὶ
3434 569 3628 636 πόλεις
3677 569 3790 628 λαι

347 670 784 743 Ctesiphontem
818 683 1091 740 magnam
1111 665 1317 721 urbem
1348 665 1842 731 circumsedisset,
1862 682 2001 737 sup-

348 759 649 833 plicesque
683 758 888 814 Persas
910 757 1135 823 adesse,
1161 760 1337 826 atque
1364 753 1587 827 legatos
1619 755 1689 810 ad
1723 770 1785 809 se
1815 753 2005 809 mitte-

347 864 412 904 re
443 848 748 920 coegisset,
782 861 984 901 eorum
1015 850 1212 899 tamen
1244 843 1703 915 supplicationes
1752 858 1867 897 non
1899 842 2003 898 ad-

348 937 549 1005 misit;
576 935 812 1008 quodin
847 933 1257 989 imminentem
1305 949 1339 987 a
1385 931 1503 987 Deo
1542 932 1653 987 sibi
1683 931 2001 987 vindictam

346 1030 677 1082 reservatus
706 1028 881 1079 esset.
905 1022 1282 1078 Accusabant
1302 1024 1501 1076 autem
1530 1019 1701 1075 illum
1732 1019 2002 1086 Romani,

345 1114 500 1186 quod
533 1112 729 1169 oblato
759 1112 871 1167 sibi
905 1113 1091 1182 lucro,
1124 1126 1384 1183 pugnam
1418 1125 1534 1165 non
1564 1109 1810 1165 vitaret:
1846 1113 2000 1165 atta-

345 1218 479 1258 men
508 1204 714 1258 contra
741 1203 1089 1272 praesentem
1115 1198 1348 1254 hostem
1381 1198 1452 1254 ad
1484 1214 1745 1271 pugnam
1794 1214 1858 1253 se
1882 1197 2002 1253 ins-

339 1295 571 1346 truxere
598 1314 612 1358 ;
643 1305 1000 1361 rursumque
1030 1287 1393 1343 adversarios
1420 1290 1657 1342 vertunt
1685 1286 1744 1341 in
1775 1285 1997 1358 fugam.

342 1380 660 1435 Sciendum
694 1394 866 1451 porro
894 1375 1197 1433 Julianum
1226 1392 1260 1431 a
1282 1376 1452 1432 Persa
1472 1375 1780 1447 transfuga
1799 1375 2004 1447 decep-

341 1472 492 1539 tum,
526 1466 827 1525 onerarias
858 1481 1034 1523 naves
1064 1482 1191 1537 quae
1218 1481 1460 1520 annonae
1510 1480 1615 1536 per
1648 1463 1889 1519 fluvium
1910 1479 2002 1519 ve-

340 1557 547 1613 hendaa
569 1557 858 1628 deputatae
877 1559 1066 1622 erant,
1088 1554 1518 1621 combussisse;
1542 1570 1669 1625 quae
1689 1569 1868 1609 causa
1890 1552 2002 1609 fuit

341 1649 408 1702 ut
436 1645 723 1701 exercitus
754 1644 906 1699 fame
936 1641 1245 1698 laboraret.
1279 1642 1427 1699 Nam
1459 1658 1593 1719 cum
1625 1642 1793 1697 Persa
1814 1646 2000 1696 trans-

342 1735 483 1806 fuga
512 1732 881 1805 promisisset
912 1731 1017 1794 illi,
1050 1730 1210 1786 intra
1240 1731 1503 1786 triduum
1550 1731 1905 1785 traditurum
1937 1745 2000 1786 se

341 1822 721 1895 Babylonem,
757 1837 863 1876 nec
893 1825 1019 1875 tum
1052 1819 1300 1875 ulterius
1323 1836 1553 1874 annona
1593 1819 1831 1874 advecta
1851 1835 1999 1890 opus

342 1911 625 1968 fore:'his
657 1926 976 1982 persuasus
1026 1908 1121 1965 ille
1176 1909 1536 1963 frumentum
1584 1924 1718 1964 cum
1752 1907 1999 1979 navigiis

340 2005 401 2057 et
429 2000 682 2067 lardum,
710 2015 846 2054 cum
869 1999 1003 2069 igne
1032 1997 1520 2068 consumpsisset,
1544 2013 1767 2052 necnon
1801 2000 1856 2052 et
1880 1995 1994 2051 alia

338 2105 446 2163 pro
475 2087 761 2145 exercitus
789 2086 944 2142 victu
976 2089 1339 2158 comportata
1386 2087 1447 2140 in
1495 2086 1738 2140 ﬂuvium
1770 2086 1993 2141 demer-

339 2178 553 2245 sisset;
586 2180 713 2232 tum
743 2191 879 2231 esca
910 2173 1149 2230 fallacia
1180 2174 1476 2241 devorata,
1499 2172 1675 2229 hamo
1719 2174 1992 2230 traheba-

336 2270 435 2324 tur
463 2266 758 2334 credulus,
792 2264 1148 2337 dignamque
1179 2263 1465 2319 factorum
1495 2280 1727 2335 pcenam
1770 2263 1988 2319 luebat.

332 2356 480 2412 Cum
510 2355 667 2411 enim
697 2354 769 2410 ad
802 2353 1044 2409 tertium
1099 2357 1447 2424 quartumve
1497 2353 1677 2421 diem,
1718 2353 1837 2409 imo
1868 2351 1993 2425 plu-

333 2461 428 2502 res
457 2444 656 2511 etiam,
691 2442 936 2515 spiritus
958 2440 1170 2497 erroris
1202 2440 1665 2497 circumduceret
1688 2458 1823 2496 eum
1855 2457 1989 2498 cum

333 2533 587 2591 exercitu
614 2550 717 2605 per
744 2532 975 2588 deserta
997 2531 1143 2598 loca,
1180 2531 1389 2603 ingens
1419 2535 1544 2586 erat
1573 2529 1832 2586 anxietas
1865 2531 1991 2586 ani-

334 2623 417 2678 mi
447 2639 549 2695 per
576 2625 765 2677 totum
795 2619 1134 2689 exercitum,
1171 2619 1229 2673 in
1260 2618 1433 2675 siccis
1474 2623 1532 2674 et
1563 2634 1718 2689 aqua
1747 2618 1992 2674 carenti-

335 2711 447 2766 bus
478 2709 643 2776 locis,
678 2708 924 2781 penuria
954 2707 1219 2763 omnium
1254 2723 1716 2763 necessariorum
1748 2707 1993 2763 circum-

337 2799 603 2856 clusum:
641 2798 920 2853 omnibus
949 2801 1143 2853 autem
1177 2795 1701 2865 conclamantibus,
1735 2811 1991 2866 praesens

340 2889 540 2945 aderat
569 2903 746 2959 eques
777 2884 902 2957 ipse
944 2884 1238 2956 Julianus,
1283 2889 1455 2955 atque
1500 2884 1743 2939 inermis
1781 2883 1993 2939 exerci-

336 2981 466 3033 tum
499 2975 902 3033 confirmabat.
934 2974 1012 3029 Ex
1038 2975 1267 3029 occulto
1293 2978 1489 3029 autem
1524 2973 1739 3045 sagitta
1765 2973 1823 3027 in
1856 2989 1990 3029 eum

335 3065 512 3132 volat,
544 3069 603 3121 et
630 3080 732 3137 per
759 3063 1068 3119 brachium
1101 3062 1416 3132 transiens,
1440 3061 1498 3116 in
1532 3062 1801 3117 dextrum
1836 3061 1991 3118 latus

335 3153 516 3209 inﬁxa
543 3156 653 3220 est,
686 3168 803 3226 quo
835 3168 900 3208 ex
927 3149 1167 3207 vulnere
1193 3151 1375 3205 vitam
1432 3167 1566 3205 cum
1613 3156 1797 3206 morte
1827 3167 1991 3205 com-

341 3241 609 3315 mutavit,
643 3246 708 3297 ut
753 3242 1045 3297 incertum
1100 3244 1256 3295 esset
1285 3256 1319 3295 a
1344 3255 1459 3311 quo
1491 3239 1700 3294 fuisset
1724 3239 1987 3295 occisus:

2114 655 2247 733 ϐὼν,
2279 661 2663 737 περιτοιχίσας
2702 657 2760 717 δὲ
2804 660 2894 715 καὶ
2944 663 3299 739 Κτησιφῶντα
3346 662 3422 735 (α)
3453 661 3553 732 τὴν
3598 662 3775 737 μεγά-

2113 747 2217 818 λην
2277 746 2466 817 πόλιν,
2520 749 2699 811 ἱκέτας
2753 747 2881 811 τοὺς
2937 749 3143 825 Πέρσας
3200 748 3392 804 ἑαυτοῦ
3449 750 3768 823 κατέστησε,

2109 838 2200 892 καὶ
2258 832 2569 911 πρεσϐεύειν
2618 835 2812 899 αὐτοὺς
2860 838 2997 914 πρὸς
3055 836 3213 892 αὐτὸν
3273 837 3558 893 ἀνέπεισεν·
3619 840 3649 895 6
3708 836 3770 895 δὶ

2108 927 2206 989 τὰς
2255 926 2534 1001 ἰκετηρίας
2577 930 2687 981 τῶν
2731 930 2951 1003 Περσῶν
3001 925 3099 981 οὐκ
3148 923 3382 997 ἐδέξατο·
3425 928 3644 991 πάντως
3689 926 3771 991 εἰς

2108 1016 2208 1084 τὴν
2243 1014 2617 1091 ἐπερχομένην
2650 1014 2796 1087 αὐτῷ
2843 1012 3107 1085 θεήλατον
3158 1013 3329 1093 ὀργὴν
3370 1015 3534 1071 αὐτοῦ
3564 1013 3771 1092 φυλατ-

2108 1102 2362 1177 τόμενος.
2414 1104 2789 1182 Διεμέμιροντο
2841 1100 2900 1158 δὲ
2948 1103 3107 1159 αὐτὸν
3156 1105 3446 1178 Ῥωμαῖοι,
3496 1102 3635 1161 διότι

2112 1191 2200 1248 ἐπὶ
2228 1189 2419 1268 κέρδος
2454 1192 2628 1270 ὑφῆκε
2655 1199 2757 1261 τῆς
2791 1193 2999 1268 μάχης.
3031 1195 3222 1266 Ὅμως
3254 1190 3312 1248 δὲ
3338 1199 3457 1257 τοῖς
3495 1198 3767 1272 παροῦσιν

2112 1282 2651 1357 ἀντιπαρετάττοντο,
2702 1281 2791 1335 καὶ
2840 1280 2992 1345 αὖθις
3029 1281 3158 1345 τοὺς
3201 1280 3506 1357 πολεμίους
3536 1285 3772 1360 τρέπου-

2111 1391 2191 1425 σιν
2225 1370 2300 1433 είς
2333 1371 2533 1447 φυγήν.
2567 1370 2759 1424 ’ἰστέον
2795 1366 2872 1441 δὲ,
2906 1368 2988 1425 ὅτι
3034 1370 3140 1426 ὑπὸ
3190 1368 3505 1445 αὐτομόλου
3555 1374 3770 1447 Πέρσου

2111 1459 2403 1529 ἀπατηθεὶς
2434 1460 2463 1513 6
2492 1457 2814 1527 Ἰουλιανὸς,
2846 1460 2913 1514 τὰ
2943 1464 3270 1535 σιτηγοῦντα
3316 1458 3408 1516 διὰ
3453 1466 3561 1517 τῶν
3593 1482 3765 1518 ποτα-

2114 1552 2229 1622 μῶν
2258 1546 2523 1622 πλοιάρια
2571 1548 2883 1602 κατέκαυσε’
2934 1545 3003 1602 δι’
3051 1549 3080 1603 ’ὃ
3127 1549 3216 1604 καὶ
3249 1547 3402 1624 λιμῷ
3448 1551 3763 1627 περιέπεσεν

2108 1637 2137 1691 6
2168 1637 2412 1713 στρατός.
2462 1640 2566 1690 Τοῦ
2614 1637 2718 1712 γὰρ
2772 1630 3084 1710 αὐτομόλου
3134 1639 3342 1714 Πέρσου
3385 1638 3767 1716 ὑποσχομένου

2109 1725 2254 1797 αὐτῷ
2305 1724 2355 1780 ἐν
2405 1724 2578 1801 τρισὶν
2624 1726 2859 1801 ἡμέραις
2906 1724 3245 1801 παραδώσειν
3293 1728 3393 1797 τὴν
3445 1723 3768 1799 Βαϐυλῶνα,

2107 1814 2196 1869 καὶ
2234 1816 2308 1888 μὴ
2342 1815 2563 1891 ’χρῄξειν
2614 1813 2868 1877 πλείονος
2917 1814 3121 1871 τούτων
3170 1814 3555 1890 ἀναλώματος,
3603 1838 3766 1874 κατα-

2107 1903 2345 1966 πεισθεὶς
2372 1904 2463 1958 τὸν
2501 1904 2593 1976 μὲν
2630 1908 2775 1959 σῖτον
2827 1902 2918 1959 σὺν
2967 1910 3086 1967 τοῖς
3131 1902 3353 1968 πλοίοις
3391 1906 3481 1961 καὶ
3505 1907 3606 1976 τήν
3635 1903 3768 1982 λάρ-

2106 1991 2197 2049 δον
2230 1993 2359 2069 πυρὶ
2389 1990 2748 2070 καταφλέξας,
2799 1994 2889 2047 καὶ
2935 1994 3003 2048 τὰ
3052 1991 3196 2049 ἄλλα
3242 1995 3436 2068 πάντα,
3487 1994 3587 2050 ὅσα
3624 1996 3763 2071 πρὸς

2103 2081 2400 2161 διατροφην
2462 2087 2560 2137 τοῦ
2609 2086 2840 2155 στρατοῦ
2887 2081 3202 2157 κεκόμιστο9
3256 2082 3517 2162 ἀφανίσας
3563 2084 3759 2159 πάντα,

2101 2172 2189 2226 καὶ
2217 2177 2296 2243 τῷ
2324 2175 2558 2246 ποταμῷ
2589 2168 2782 2226 ἕκδοτα
2830 2168 2977 2234 δούς·
3031 2171 3190 2235 αὐτός
3238 2191 3298 2227 τε
3346 2174 3421 2245 (b)
3464 2172 3528 2227 16
3560 2169 3758 2249 δέλεαρ

2098 2268 2200 2329 τῆς
2252 2256 2469 2330 πλάνης
2510 2260 2811 2330 καταπιὼν,
2863 2258 3073 2316 ε’ίλκετο
3117 2264 3197 2333 τῷ
3241 2259 3520 2338 ἀγκίστρῳ
3566 2260 3754 2315 πειθό-

2105 2370 2283 2423 μενος,
2316 2348 2464 2419 ἀξίαν
2514 2350 2710 2418 ποινήν
2760 2348 3051 2423 ἀποτίσων,
3102 2351 3176 2404 ὧν
3229 2348 3467 2425 ἔδρασεν.
3518 2351 3607 2412 Ὡς
3648 2352 3754 2425 γὰρ

2098 2437 2287 2511 τρίτην
2317 2438 2408 2491 καὶ
2436 2439 2697 2511 τετάρτην
2727 2438 2960 2512 ἡμέραν,
2992 2438 3089 2493 παὶ
3140 2438 3228 2493 ἐπὶ
3274 2436 3501 2501 πλείους
3530 2438 3637 2514 ἦγε
3664 2439 3757 2494 καὶ

2100 2534 2358 2603 περιῆγεν
2392 2525 2550 2581 αὐτὸν
2581 2527 2643 2581 τὸ
2673 2531 2887 2601 πνεῦμα
2930 2535 3029 2597 τῆς
3080 2525 3291 2597 πλάνης
3334 2529 3473 2583 κατά
3500 2528 3598 2598 τὴν
3628 2526 3757 2603 ἔρη-

2105 2636 2203 2689 μον
2240 2614 2330 2669 σὺν
2378 2619 2458 2687 τῷ
2509 2620 2740 2691 στρατῷ,
2783 2614 3006 2685 πολλῆς
3055 2617 3363 2692 ἀμηχανίας
3397 2612 3565 2687 ο³ύσης
3596 2614 3649 2672 ἐν
3674 2620 3756 2689 τῷ

2101 2709 2333 2781 στρατῷ,
2364 2702 2416 2758 ἐν
2474 2702 2729 2781 ἀνύδροις
2776 2706 2867 2759 καὶ
2915 2704 3230 2783 αὐχμηροῖς
3279 2706 3470 2769 τόποις
3502 2704 3756 2782 συγκλει-

2101 2795 2272 2848 σθέντι
2319 2791 2522 2867 ἀπορίᾳ
2566 2797 2674 2847 τῶν
2733 2790 3076 2865 ἐπιτηδείων,
3108 2794 3197 2849 καὶ
3255 2795 3469 2850 πάντων
3526 2788 3760 2851 καταϐο-

2102 2884 2310 2951 ώντων,
2356 2886 2538 2956 παρῆν
2592 2883 2829 2953 ἱππότης
2880 2882 3040 2946 αὐτὸς
3087 2885 3116 2938 6
3171 2880 3464 2948 Ἰουλιανὸς
3507 2884 3598 2939 καὶ
3638 2882 3757 2940 ἒπε-

2104 2972 2304 3047 ρώννυε
2330 2971 2421 3025 τὸν
2454 2972 2676 3047 στρατὸν
2729 2969 2936 3035 ἄοπλος
3114 2972 3199 3043 Ἐξ
3246 2973 3481 3053 ἀφανοῦς
3511 2971 3569 3028 δὲ
3598 2972 3757 3029 ἀκόν-

2098 3080 2213 3114 τιον
2248 3061 2463 3137 φέρεται
2491 3061 2608 3114 κατ’
2640 3060 2824 3131 αὐτοῦ,
2873 3060 2963 3115 καὶ
3013 3060 3102 3116 διὰ
3138 3065 3235 3117 τοῦ
3288 3062 3583 3139 βραχίονος
3639 3058 3759 3118 δια·

2102 3146 2342 3224 δραμὼν,
2398 3149 2475 3211 εἰς
2523 3150 2621 3217 τὴν
2674 3147 2911 3226 πλευρὰν
2960 3151 3060 3220 τὴν
3111 3148 3284 3222 δεξιὰν
3335 3150 3533 3222 εἷσέδυ,
3574 3152 3664 3207 καὶ
3698 3151 3760 3207 ἐκ

2098 3237 2303 3306 ταύτης
2330 3244 2430 3307 τῆς
2462 3234 2689 3313 πληγῆς
2720 3239 2809 3293 τὸν
2849 3239 2964 3309 βίον
2996 3240 3373 3316 κατέστρεψεν,
3421 3237 3632 3312 ἀδήλου
3662 3261 3752 3315 γε-

336 3331 435 3387 alii
468 3311 625 3388 enim
656 3330 825 3385 aiunt
853 3347 887 3385 a
917 3329 1223 3400 transfuga
1252 3328 1465 3397 Persa;
1498 3327 1595 3383 alii
1627 3328 1700 3383 ab
1732 3326 1930 3399 aliquo
1960 3344 1991 3384 e

2107 3328 2329 3401 νομένου
2377 3332 2475 3381 τοῦ
2524 3311 2813 3390 ἀνελόντος
2860 3327 3037 3385 αὐτόν.
3092 3330 3155 3383 Οἱ
3194 3311 3309 3403 ’μέν
3366 3330 3471 3406 γὰρ
3516 3311 3619 3385 ὑπὸ
3658 3311 3757 3385 τοῦ

338 3422 464 3477 suis
496 3419 809 3476 militibus.
844 3418 919 3474 Ut
948 3421 1144 3473 autem
1177 3416 1435 3489 plurium
1486 3433 1756 3473 sermone
1786 3417 1990 3487 fertur,

337 3508 619 3564 divinitus
649 3507 939 3563 inflictum
980 3506 1198 3562 vulnus
1244 3506 1374 3561 fuit.
1404 3508 1491 3561 Ita
1535 3507 1714 3578 igitur
1742 3522 1879 3561 cum
1906 3506 1992 3560 vi-

334 3598 480 3670 ginti
514 3612 745 3653 menses
802 3595 1049 3667 imperio
1110 3595 1331 3667 potitus
1388 3599 1544 3650 esset
1598 3593 1890 3660 Julianus,
1930 3594 1992 3649 in

335 3690 545 3757 quarto
576 3701 684 3740 suo
723 3683 1032 3740 consulatu
1066 3698 1242 3755 quem
1294 3699 1430 3738 cum
1471 3682 1728 3738 Salustio
1758 3683 1995 3754 gerebat

334 3773 456 3829 vita
485 3772 719 3828 functus
749 3776 856 3842 est,
905 3771 1127 3827 mensis
1178 3771 1339 3828 Junii
1380 3770 1656 3827 vicesimo
1690 3775 1849 3827 sexto
1879 3770 1991 3838 die,

336 3876 472 3917 cum
499 3860 739 3917 vixisset
768 3876 952 3915 unum
979 3863 1037 3915 et
1068 3859 1310 3932 triginta
1340 3875 1546 3915 annos.

410 4039 498 4094 17.
522 4038 660 4093 Post
681 4040 930 4093 mortem
979 4036 1178 4108 itaque
1213 4035 1455 4102 Juliani,
1486 4036 1666 4092 totius
1706 4035 1994 4092 exercitus

338 4125 584 4194 calculo,
607 4125 920 4198 imperium
951 4124 1163 4197 excipit
1190 4124 1471 4181 Jovianus
1497 4140 1508 4179 :
1550 4124 1651 4196 qui
1701 4140 1835 4180 cum
1867 4129 1993 4180 octo

341 4231 577 4271 menses
610 4214 1044 4286 imperasset,in
1069 4212 1410 4270 Dedestanis
1446 4212 1677 4269 Galatiae
1719 4216 1776 4269 et
1796 4213 1993 4285 Bithy-

339 4304 451 4361 nize
473 4303 692 4359 finibus
725 4308 995 4359 mortuus
1025 4306 1134 4358 est.
1171 4302 1307 4357 Post
1334 4301 1560 4357 Joviani
1591 4306 1859 4372 mortem,
1884 4301 1994 4357 im-

338 4393 569 4467 perium
602 4391 851 4464 suscipit
879 4390 1329 4448 Valentinianus
1360 4391 1432 4447 ab
1476 4390 1729 4448 exercitu
1769 4390 1994 4462 procla-

340 4487 538 4539 matus
569 4483 891 4554 Augustus.
945 4480 1391 4536 Valentinianus
1441 4496 1611 4553 porro
1647 4494 1994 4552 germanum

339 4571 579 4628 fratrem
596 4569 901 4627 Valentem
935 4568 1167 4642 imperii
1191 4569 1416 4626 socium
1433 4568 1725 4625 declarat:
1760 4568 1861 4641 qui
1883 4568 1994 4624 Va-

340 4659 699 4717 lentinianus
711 4676 844 4715 cum
871 4659 1113 4731 triginta
1138 4658 1330 4714 solum
1349 4658 1474 4714 dies
1494 4656 1995 4729 Constantinopoli

341 4747 745 4815 remansisset,
773 4752 830 4802 et
859 4746 1089 4804 Valenti
1114 4747 1277 4802 fratri
1300 4763 1407 4802 suo
1445 4745 1769 4803 Orientales
1803 4750 1998 4818 partes

340 4836 701 4903 tradidisset,
730 4836 857 4907 ipse
887 4835 1031 4891 abiit
1088 4836 1148 4891 in
1203 4834 1596 4891 Occidentem.
1639 4836 1751 4892 Sed
1783 4834 1999 4890 Valens

344 4925 568 4983 nullam
599 4940 801 4981 curam
860 4941 979 4980 sua:
1037 4923 1504 4979 admistrationis
1560 4924 1633 4978 ad
1683 4922 1999 4978 utilitatem

346 5014 576 5088 agebat,
627 5030 662 5069 a
709 5013 883 5069 turba
927 5016 1123 5069 autem
1174 5011 1577 5067 haereticorum
1625 5014 1899 5068 evocatus
1944 5013 2003 5064 et

345 5103 659 5169 abductus,
682 5102 742 5157 in
773 5103 870 5157 via
888 5100 1209 5173 impietatis
1230 5099 1465 5155 illorum
1485 5100 1646 5155 abiit.
1670 5099 1804 5163 Quae
1825 5114 2005 5154 causa

346 5192 457 5249 fuit
485 5196 548 5247 ut
576 5191 911 5247 orthodoxae
943 5188 1077 5245 fidei
1105 5188 1675 5261 multos,episcopos,
1711 5186 2006 5259 presbyte-

349 5297 466 5351 ros,
520 5280 818 5351 diaconos,
870 5277 1306 5349 monachosque
1352 5278 1412 5331 in
1443 5275 1715 5331 exsilium
1745 5275 2004 5346 ejiceret.

354 5367 699 5439 Bellumque
720 5364 1090 5440 implacabile
1101 5365 1413 5422 concitavit
1430 5364 1709 5420 adversus
1721 5361 2006 5419 Ecclesiae

429 5543 751 5618 (a)LPgla_t.‘
799 5543 1229 5618 περιστοιχήσας
1285 5539 1343 5596 δὲ
1404 5541 1573 5610 Χτησ.
1627 5543 1754 5597 Mox
1816 5539 2003 5598 Palat.

360 5613 570 5669 ἑαυτοῦ.
605 5613 776 5682 Editi,
806 5613 989 5668 αὐτοῦ.

454 5686 506 5754 ῤ)
536 5683 631 5742 Sic
660 5681 852 5744 Palat.
890 5684 1065 5753 Editi,
1084 5682 1256 5754 αὐτὸς
1288 5681 1363 5741 δέ.

454 5690 484 5754 Ι)
536 5690 631 5742 Sic
660 5690 852 5744 Palat.
890 5690 1065 5753 Editi,
1097 5690 1256 5745 αὐτὸς
1288 5690 1323 5739 δτ

450 5690 506 5837 cl
533 5755 628 5818 Sic
650 5754 836 5819 Palat.
868 5755 1041 5830 Editi,
1071 5752 1323 5822 ἀόπλῶς.

2102 3414 2415 3490 αὐτομόλου
2448 3417 2653 3493 Πέρσου
2685 3417 2863 3493 φασὶν,
2915 3418 2967 3471 οὶ
3019 3414 3076 3473 δὲ
3106 3418 3209 3473 ὑπὸ
3257 3418 3462 3474 οἰκείου
3492 3419 3757 3495 στρατιώ-

2100 3526 2214 3562 του.
2250 3507 2338 3568 Ὡς
2370 3503 2427 3560 δὲ
2458 3507 2486 3560 6
2514 3504 2694 3569 πολὺς
2726 3503 2895 3582 λόγος
2934 3512 3141 3584 κρατεῖ,
3191 3505 3457 3578 θεήλατον
3492 3507 3627 3563 εἶναι
3654 3508 3755 3577 τὴν

2101 3597 2349 3669 πληγήν.
2384 3594 2540 3649 Οὕτω
2576 3595 2669 3667 μὲν
2705 3592 2795 3649 οὗν
2829 3593 2998 3650 εἷειοσι
3033 3603 3208 3669 μῆνας
3253 3595 3342 3651 ἑπὶ
3370 3600 3451 3669 τῷ
3481 3593 3760 3669 διαδήμα-

2100 3704 2154 3738 τι
2186 3683 2434 3760 ἐπαρθεὶς
2465 3684 2494 3737 6
2544 3680 2862 3752 Ἰουλιανὸς,
2910 3685 3001 3739 τὸν
3056 3684 3173 3761 βίον
3220 3685 3572 3762 κατέστρεψεν
3606 3684 3657 3740 ἐν
3686 3688 3758 3760 τῇ

2101 3772 2329 3847 τετάρτῃ
2360 3770 2524 3826 αὐτοῦ
2577 3771 2821 3843 ὑπατείᾳ,
2870 3771 2937 3841 ἦν
2986 3774 3099 3846 ἅμα
3148 3771 3473 3847 Σαλουστίῳ
3522 3770 3757 3845 ἔδωκεν,

2109 3861 2282 3935 μηνὸς
2314 3860 2536 3915 Ἰουνίου
2588 3857 2761 3915 εἰκάδι
2808 3858 2955 3935 ἕκτῃ,
3009 3864 3174 3933 ζήσας
3222 3861 3277 3918 ἓν
3323 3864 3412 3918 καὶ
3439 3863 3757 3939 τριακοστὸν

2106 3948 2247 4012 ἔτος.

2176 4041 2264 4096 17.
2298 4038 2446 4094 Μετά
2497 4035 2564 4107 δὴ
2616 4034 2707 4091 οὖν
2758 4040 2858 4109 τὴν
2906 4036 3163 4110 τελευτὴν
3213 4037 3535 4114 Ἰουλιανοῦ,
3589 4042 3761 4119 ψήφῳ

2103 4128 2303 4190 παντὸς
2349 4130 2446 4181 τοῦ
2477 4131 2726 4202 στρατοῦ,
2763 4122 3026 4191 Ἰοϐιακὸς
3058 4130 3136 4203 (d)
3179 4131 3279 4200 τὴν
3332 4128 3608 4206 βασιλείαν
3657 4150 3761 4184 πα-

2105 4210 2462 4291 ραλαμϐάνει·
2520 4216 2601 4277 ὃς.
2658 4216 2802 4271 ὀκτὼ
2858 4215 3182 4291 βασιλεύσας
3244 4225 3439 4292 μῆνας,
3499 4217 3550 4273 ἐν
3600 4215 3757 4274 Δεδε-

2104 4306 2315 4367 στάνοις
2351 4303 2624 4380 μεθορίοις
2674 4302 2942 4369 Γαλατίας
2989 4307 3079 4361 καὶ
3129 4308 3374 4371 Βιθυνίας
3418 4305 3758 4379 ἐτελεύτησε.

2104 4394 2251 4450 Μετὰ
2298 4390 2363 4462 δὴ
2416 4391 2507 4448 οὖν
2557 4393 2657 4462 τὴν
2707 4390 2965 4463 τελευτὴν
3017 4388 3282 4450 Ἰοϐιανοῦ
3329 4399 3425 4451 τοῦ
3489 4393 3762 4471 βασιλέως

2104 4480 2546 4544 Οὐαλεντινιανὸς
2594 4483 2693 4551 τὴν
2747 4482 3023 4555 βασιλείαν
3072 4482 3397 4561 ὑποδέχεται
3444 4485 3550 4540 ἀπὸ
3603 4503 3762 4560 στρα-

2101 4575 2313 4626 τιωτῶν
2348 4568 2583 4647 δειχθεὶς
2617 4567 2948 4645 Αὔγουστος.
2982 4575 3036 4625 '0
3068 4568 3125 4627 δὲ
3175 4570 3621 4636 Οὐαλεντιτιανὸς
3666 4575 3759 4628 τὸν

2106 4660 2270 4716 αὐτοῦ
2301 4664 2525 4736 γνήσιον
2580 4657 2812 4738 ἀδελφὸν
2862 4658 3136 4716 Οὐάλεντα
3176 4668 3277 4732 τῆς
3332 4660 3611 4739 βασιλείας
3640 4683 3763 4717 κοι-

2107 4747 2277 4803 νωνὸν
2329 4745 2503 4802 ἐποίει
2560 4748 2667 4819 (c)'
2727 4747 2875 4810 ὅστις
2934 4746 3418 4821 Οὐαλεντινιανὸς,
3474 4750 3766 4827 τριάκοντα

2108 4835 2318 4911 ἡμέρας
2356 4834 2523 4907 μόνας
2574 4833 2625 4888 ἐν
2671 4837 3238 4893 Κωνσταντινουπόλει
3279 4840 3536 4913 ποιήσας,
3586 4856 3765 4915 παρα-

2110 4921 2238 4985 δούς
2268 4943 2327 4978 τε
2352 4927 2433 4995 τῷ
2464 4923 2653 4995 οἰκείῳ
2683 4921 2904 5003 ἀδελφῷ
2932 4924 3193 4982 Οὐάλεντι
3222 4928 3290 4983 τά
3313 4929 3451 5003 πρὸς
3491 4927 3763 4998 ἀνατολὴν

2115 5012 2279 5087 μέρη,
2309 5010 2468 5073 αὐτὸς
2503 5009 2710 5067 ἄπεισιν
2759 5011 2846 5069 ἐπὶ
2874 5016 2941 5069 τά
2968 5022 3071 5085 τῆς
3101 5012 3325 5079 δύσεως.
3358 5014 3535 5073 Ἀλλὰ
3564 5018 3592 5072 6
3619 5015 3767 5072 Οὐά-

2113 5098 2219 5170 λης
2249 5097 2505 5175 οὐδεμίαν
2560 5100 2653 5175 μὲν
2706 5100 2967 5180 φροντίδα
3014 5101 3350 5161 λυσιτέλειαν
3404 5112 3506 5176 τῆς
3554 5103 3767 5178 διοική-

2112 5209 2248 5251 σεως
2281 5189 2515 5245 ἐποιεῖτο
2545 5192 2634 5264 (f)'
2682 5195 2762 5263 τῷ
2811 5189 3010 5262 πλήθει
3059 5190 3117 5248 δὲ
3165 5197 3272 5249 τῶν
3330 5195 3613 5271 αἱρετικῶν
3646 5193 3765 5249 ἐπι-

2112 5275 2358 5350 κληθεὶς,
2393 5277 2657 5354 ἐπορεύθη
2703 5283 2772 5353 τῇ
2823 5279 2935 5353 ὁδῷ
2975 5288 3078 5351 τῆς
3126 5276 3372 5345 ἀσεϐείας
3420 5283 3613 5341 αὐτῶν.
3666 5283 3767 5338 Καὶ

2117 5364 2206 5422 διὰ
2236 5372 2395 5423 τοῦτο
2434 5365 2683 5429 πολλοὺς
2726 5371 2832 5423 τῶν
2879 5375 2983 5439 τῆς
3034 5368 3325 5446 όρθοδόξου
3371 5370 3606 5435 πίστεως
3655 5370 3772 5428 ἔπι-

2211 5617 2260 5675 ei
2292 5617 2473 5674 Palat.
2505 5617 2760 5671 κοινωνὸν
2793 5622 2927 5672 εῖναι
2957 5624 3123 5675 ποιεῖ.

2208 5547 2266 5613 d)
2296 5545 2477 5602 Palat.
2513 5541 2823 5613 Ἰουϐιανός.
2856 5550 2916 5604 et
2945 5549 3100 5606 infra
3129 5544 3448 5607 Ἰουϐιανοῦ.

2188 5547 2244 5689 Ed
2296 5547 2477 5602 Palat.
2513 5547 2823 5613 Ἰουϐιανός,
2856 5550 2916 5604 et
2945 5549 3100 5606 infra
3129 5547 3448 5607 Ἰουϐιανοῦ.

2211 5634 2241 5675 e
2292 5617 2473 5674 Palat.
2505 5617 2760 5671 κοινωνὸν
2793 5622 2927 5672 εῖναι
2957 5624 3123 5675 ποιεῖ.

2188 5547 2266 5764 (fl
2282 5686 2469 5747 Palat.
2505 5682 2841 5746 λυσιτέλειαν
2871 5692 2970 5747 τοῦ
2997 5693 3184 5749 κοινοῦ
3213 5688 3470 5752 ἰποιιῖτο.
