4146 6378
1245 353 1433 416 VITA
1477 353 1543 415 S.
1587 351 2015 416 ATHANASII
2057 351 2162 414 EX
2203 353 2814 419 METAPHRASTE.

3543 377 3735 426 CCXLV

324 476 577 552 σκόπους,
611 481 702 534 καὶ
733 477 1148 558 πρεσϐυτέρους,
1180 485 1270 538 καὶ
1302 482 1584 547 διακόνους
1629 505 1687 538 τε
1737 486 1826 538 καὶ
1875 507 1973 558 μο-

2090 485 2417 541 orthodoxa:
2451 488 2584 544 ﬁdei
2610 489 2893 546 addictas.
2926 493 3009 546 Ac
3040 488 3298 563 primum
3329 491 3566 564 quidem
3599 511 3737 552 san-

317 570 577 637 νάζοντας
608 569 685 632 εἰς
718 569 923 646 έξορίαν
976 573 1228 627 ἀπώσατο
1265 591 1276 604 ·
1311 571 1555 646 πόλεμον
1606 571 1662 628 δὲ
1711 571 1972 630 ἄσπονδον

314 659 453 712 κατά
477 663 584 713 τῶν
615 666 716 729 τῆς
750 659 1038 736 ὀρθοδόξου
1076 661 1310 724 πίστεως
1342 664 1682 732 Ἐκκλησιῶν
1724 662 1971 721 ἀνεκίνει.

311 747 413 800 Καὶ
445 751 636 823 πρῶτα
687 751 780 823 μὲν
813 751 902 806 τὸν
957 752 1109 827 ἅγιον
1159 750 1442 822 Μελέτιον,
1489 753 1580 806 τὸν
1635 751 1974 828 Ἀντιοχείας

311 833 631 908 ἐπίσκοπον,
693 837 873 915 ἐξορίᾳ
944 839 1219 915 ἐζημίωσε
1287 843 1377 896 καὶ
1435 839 1682 903 πολλοὺς
1757 843 1970 918 ἑτέρους

310 925 431 996 μετ’
462 925 650 996 αὐτοῦ,
702 928 779 990 ὡς
832 925 1063 1006 εἷ’ρηται,
1105 935 1212 985 τῶν
1269 930 1574 986 ἐπισκόπων
1627 931 1716 985 καὶ
1765 935 1870 984 τῶν
1914 930 1974 986 ἐκ

302 1018 405 1068 τοῖ’)
437 1012 650 1091 κλήρου
687 1037 698 1048 ·
728 1017 856 1080 τοὺς
889 1018 948 1074 δὲ
1003 1018 1207 1082 ἄλλους
1263 1020 1500 1083 ἅπαντας
1533 1019 1650 1074 ὅσοι
1687 1022 1761 1093 μὴ
1819 1015 1970 1074 ἐϐού-

303 1099 473 1157 λοντο
503 1111 782 1160 κοινωνεῖν
831 1113 949 1171 τοῖς
1000 1110 1297 1185 αἱρετικοῖς
1331 1112 1429 1183 (ιι),
1463 1115 1569 1164 τῶν
1626 1111 1719 1184 μὲν
1773 1109 1970 1181 ἐκκλη-

301 1195 440 1246 σιῶν
490 1191 768 1266 ἐξήλαυνε,
815 1197 1040 1270 ζημίαις
1090 1196 1147 1253 δὲ
1191 1199 1281 1254 καὶ
1330 1199 1624 1276 τιμωρίαις
1676 1194 1964 1254 ὑπέϐαλεν.

295 1281 542 1354 Ὁμοίως
575 1281 635 1338 δὲ
661 1285 750 1340 καὶ
781 1287 915 1340 κατά
943 1288 1043 1356 τήν
1086 1285 1494 1364 Ἀλεξάνδρειαν
1544 1289 1634 1343 καὶ
1687 1286 1962 1363 Αἴγυπτον

296 1369 412 1447 οὐχ
465 1371 494 1425 6
540 1374 727 1448 τυχὼν
781 1373 1130 1450 ἀνεῤῥιπίσθη
1188 1375 1473 1451 διωγμὸς.
1528 1376 1859 1452 Πρόσταγμα
1892 1380 1964 1451 (b)

293 1460 407 1536 γὰρ
442 1458 697 1538 ἐπάρχων
730 1461 938 1538 σπουδῇ
969 1465 1037 1519 τᾶί
1083 1463 1347 1536 Εὖδοξίου
1398 1466 1486 1520 καὶ
1540 1465 1766 1539 νεύματι
1815 1469 1965 1541 βασι-

293 1547 448 1612 λέως
503 1547 672 1626 ἤγετο
720 1554 866 1625 παρά
922 1559 1018 1609 τοῦ
1077 1563 1178 1624 τῆς
1232 1553 1644 1632 Ἀλεξανδρείας
1695 1556 1961 1632 ἐπάρχου,

293 1637 458 1701 εὐθύς
489 1660 549 1694 τε
577 1641 676 1710 τὴν
709 1639 1035 1713 Ἐκκλησίαν
1088 1643 1374 1720 ἐτάρασσεν
1430 1651 1482 1697 '0
1532 1643 1588 1700 δέ
1620 1647 1772 1720 ἅγιος
1804 1646 1962 1699 Ἀθα-

285 1729 507 1797 νάσιος,
538 1731 638 1799 τήν
672 1729 731 1785 ἐκ
759 1736 855 1785 τοῦ
892 1730 1140 1804 πλήθους
1193 1731 1394 1810 ἄλογον
1442 1735 1620 1810 ὁρμὴν
1675 1735 1961 1811 ὑφορώμε-

285 1839 415 1888 νος,
475 1815 737 1882 δεδοικώς
793 1842 853 1876 τε
932 1823 1006 1895 μὴ
1078 1822 1180 1898 ἄρα
1226 1829 1334 1878 τῶν
1395 1826 1778 1899 γενησομένων
1840 1825 2040 1930 (ἕντο-Β

290 1928 381 1930 -η
459 1906 571 1930 η’κκ
648 1929 656 1930 ,
688 1909 700 1926 ε
831 1909 844 1930 9
895 1910 905 1930 ι
1022 1908 1044 1930 \
1077 1906 1128 1930 ’ρ
1295 1913 1305 1930 ι
1569 1911 1617 1930 ουκ
1833 1920 1859 1929 ι..

284 1928 415 1961 πων
451 1906 614 1979 αὐτὸς
642 1909 742 1978 τὴν
794 1909 970 1965 αἰτίαν
1022 1906 1205 1982 λάϐοι,
1255 1913 1516 1989 τέσσαρας
1564 1911 1729 1975 ὅλους
1785 1920 1960 1986 μῆνας

288 1996 352 2050 ἐν
419 1997 680 2070 μνημείῳ
734 2001 974 2073 πατρῴῳ
1045 2001 1230 2055 ἑαυτὸν
1306 2002 1580 2076 ἀπέκρυψε
1638 2003 1706 2075 (c)
1745 2045 1756 2058 .
1819 2003 1962 2057 Κατὰ

282 2086 401 2161 γὰρ
450 2088 550 2156 τὴν
623 2083 898 2161 Αἰ’γυπτον
957 2094 1258 2159 τηνικαῦτα
1313 2095 1575 2146 Τατιανοῦ
1621 2091 1956 2165 ἡγουμένου,

279 2171 501 2228 πολλοὶ
563 2175 623 2228 οὐ
663 2175 826 2248 μόνον
880 2174 1176 2256 διαφόρους
1225 2179 1405 2242 αἰκίας
1465 2180 1753 2252 ὑπέμενον,
1815 2177 1961 2234 ἀλλά

279 2262 386 2316 καὶ
442 2262 856 2341 ἐμαρτύρησαν,
917 2264 1104 2321 πολλά
1159 2288 1218 2322 τε
1273 2269 1410 2322 κατά
1463 2275 1566 2338 τῆς
1629 2266 1958 2338 Ἐκκλησίας

284 2350 688 2422 ἐπινοήσαντος
744 2374 756 2386 ’
809 2354 972 2430 ὅνπερ
1030 2359 1284 2412 Τατιανὸν
1337 2360 1372 2426 ἡ
1424 2357 1539 2412 θεία
1588 2355 1711 2428 δίκη
1763 2359 1956 2427 ποινὴν

278 2438 501 2496 τούτων
546 2445 622 2516 (d)
674 2443 970 2517 ἀπῄτησεν.
1025 2447 1194 2518 Ὁμοῦ
1251 2448 1353 2522 γὰρ
1412 2451 1490 2519 τῷ
1550 2447 1818 2521 ἀξιώματι
1869 2447 1958 2501 καὶ

285 2533 402 2584 τῶν
431 2532 738 2606 χρημάτων
794 2530 1209 2610 ἀλλοτριωθεὶς,
1255 2532 1440 2612 ἔρανον
1494 2533 1686 2610 ᾔτησε,
1737 2536 1827 2590 καὶ
1869 2557 1960 2590 τυ-

285 2616 438 2696 φλὸς
471 2618 614 2697 ἅσχη
628 2643 730 2694 μος
763 2622 1112 2694 ἀποθνήσκει,
1161 2626 1297 2679 κατὰ
1347 2630 1518 2680 πᾶσαν
1551 2623 1712 2680 πόλιν
1745 2630 1851 2679 τῶν
1881 2625 1956 2679 εἰ-

285 2707 470 2762 κόνων
505 2709 670 2766 αὐτοῦ
703 2705 912 2786 ἀσϐόλῃ
938 2714 1008 2785 (ε)
1057 2715 1450 2788 περιχυθεισῶν
1490 2714 1566 2777 εἰς
1617 2711 1838 2790 γέλωτα
1867 2715 1958 2768 καὶ

285 2797 612 2874 ἐμπαιγμὸν
663 2804 796 2856 πᾶσι
844 2806 962 2863 τοῖς
1013 2803 1332 2875 θεωμένοις.
1388 2803 1506 2879 Οὐχ
1553 2806 1713 2873 ἦττον
1769 2801 1826 2858 δὲ
1867 2804 1960 2858 καὶ

283 2884 556 2957 Εὖδόξιος
588 2889 615 2943 ὁ
664 2895 766 2958 τῆς
816 2890 1443 2956 Κωνσταντινουπόλεως
1495 2894 1631 2948 κατά
1675 2897 1782 2947 τῶν
1814 2892 1958 2947 εὐσε-

285 2970 411 3038 ϐῶς
435 2975 776 3052 φρονούντων
821 2977 1033 3052 τολμᾷν
1092 2978 1365 3058 ἐπεχείρει
1553 2982 1838 3037 Τοσούτων
1887 2980 1952 3052 δὴ

291 3062 391 3120 οὗν
423 3069 600 3120 κακῶν
633 3066 946 3143 πανταχόσε
990 3066 1308 3143 δρωμένων,
1363 3072 1584 3144 σεισμὸς
1635 3070 1954 3146 ἐπιγινόμε-

289 3175 390 3217 νος
423 3153 800 3228 οἰκουμενικὸς
833 3154 1048 3220 πολλάς
1095 3179 1155 3213 τε
1200 3164 1307 3215 τῶν
1339 3159 1553 3215 πόλεων
1597 3155 1820 3235 ἔϐλαψε,
1852 3167 1954 3230 τῆς

2085 580 2241 630 ctum
2277 575 2570 632 Meletium
2606 579 2928 634 Antiochiae
2963 579 3301 652 episcopum
3334 581 3535 638 exsilio
3579 583 3733 638 mul-

2084 666 2246 730 tavit,
2281 665 2614 738 multosque
2645 684 2779 722 cum
2810 667 2910 723 illo
2943 667 3112 738 alios,
3149 673 3213 724 ut
3244 669 3466 726 dictum
3497 671 3734 745 est,epi-

2083 769 2290 824 scopos
2317 758 2374 808 et
2395 753 2910 812 clericos.Caeteros
2932 762 3129 814 autem
3151 775 3356 815 omnes
3377 759 3478 830 qui
3495 760 3734 816 noluere

2083 857 2216 896 cum
2247 841 2532 900 haereticis
2566 845 3017 912 communicare,
3043 846 3300 903 ecclesiis
3332 848 3574 919 expulit,
3609 866 3730 922 pm-
3794 880 3801 886 -

2082 930 2291 1002 nisque
2323 949 2387 986 ac
2417 933 2773 990 cruciatibus
2804 935 3028 991 afﬂixit.
3063 936 3344 992 Similiter
3371 937 3731 996 Alexandriae

2080 1023 2136 1074 et
2166 1036 2268 1091 per
2296 1024 2756 1094 Egyptummon
2787 1023 3310 1096 vulgarisﬁxcitata
3336 1030 3427 1082 est
3456 1043 3730 1098 persecu-

2078 1108 2179 1164 tio.
2215 1109 2554 1165 Mandatum
2588 1112 2743 1166 enim
2789 1114 3215 1185 praefectorum,
3247 1115 3490 1170 Eudoxii
3532 1117 3728 1172 studio

2078 1199 2134 1250 et
2164 1201 2307 1252 nutu
2342 1199 2734 1271 imperatoris,
2759 1202 3008 1258 dabatur
3037 1221 3070 1259 a
3094 1204 3363 1276 praefecto
3386 1203 3728 1261 Alexandri-

2078 1302 2172 1355 no,
2207 1287 2308 1358 qui
2337 1290 2535 1344 statim
2571 1290 2889 1346 Ecclesiam
2916 1293 3302 1348 conturbavit.
3337 1294 3586 1350 Sanctus
3617 1311 3726 1350 au-

2077 1378 2192 1430 tem
2225 1377 2852 1446 Athanasius,brutum
2869 1381 3266 1438 multitudinis
3284 1381 3570 1454 impetum
3590 1399 3726 1455 pro-

2075 1463 2328 1535 spiciens
2359 1471 2414 1522 et
2447 1473 2734 1540 metuens,
2770 1487 2841 1524 ne
2875 1470 2922 1526 si
2955 1487 3073 1542 qua
3105 1469 3325 1526 nefaria
3357 1475 3729 1543 patrarentur

2075 1554 2246 1625 culpa
2277 1554 2335 1610 in
2363 1573 2425 1611 se
2457 1558 2892 1627 transferretur,
2925 1563 3078 1615 totos
3110 1576 3171 1615 se
3202 1562 3455 1631 quatuor
3492 1576 3726 1618 menses

2074 1643 2381 1698 occultavit
2411 1644 2470 1700 in
2499 1651 2740 1717 paterno
2773 1648 3059 1720 sepulcro.
3096 1649 3244 1704 Nam
3276 1665 3410 1703 cum
3450 1647 3548 1704 illo
3577 1654 3726 1706 tem-

2071 1748 2210 1802 pore
2256 1734 2664 1804 praefecturam
2723 1735 2782 1791 in
2839 1738 3081 1810 zEgypto
3139 1741 3364 1810 gereret
3415 1733 3766 1808 Tatianus,’

2073 1819 2242 1874 multi
2271 1838 2384 1876 non
2417 1824 2590 1878 modo
2649 1824 2896 1880 diversis
2952 1824 3143 1898 plagis
3201 1825 3399 1881 afﬂicti
3431 1830 3591 1894 sunt,
3623 1827 3726 1884 sed

2072 1908 2248 1964 etiam
2283 1912 2558 1984 martyrio
2592 1913 3009 1982 affecti,multa
3038 1913 3139 1970 illo
3171 1919 3373 1970 contra
3405 1915 3726 1972 Ecclesiam

2073 1997 2560 2066 moliente.Quem
2590 2002 2904 2058 Tatianum
2929 2002 3074 2058 ultio
3106 2004 3306 2060 divina
3336 2004 3525 2076 pomis
3573 2005 3723 2060 afﬂi-

2068 2085 2172 2142 xit.
2204 2088 2349 2144 Nam
2384 2107 2500 2144 una
2532 2091 2815 2163 dignitate
2845 2096 2903 2147 et
2935 2092 3154 2149 divitiis
3180 2093 3462 2165 privatus,
3509 2095 3724 2166 stipem

2069 2176 2312 2247 cogebat
2341 2194 2405 2232 ac
2437 2195 2622 2234 caecus
2682 2179 3070 2252 ignominiose
3127 2186 3393 2238 mortuus
3451 2187 3559 2250 est,
3621 2199 3725 2255 per

2069 2281 2303 2321 omnem
2336 2267 2542 2322 urbem
2576 2267 2819 2341 fuligine
2850 2271 3182 2342 conspersis
3239 2271 3366 2342 ejus
3405 2271 3618 2328 statuis
3649 2273 3722 2328 ad

2070 2354 2256 2410 risum
2281 2360 2337 2410 et
2357 2355 2681 2413 ludibrium
2706 2358 2967 2414 omnium
2991 2359 3498 2416 intuentium.Nec
3522 2361 3723 2418 minus

2069 2448 2124 2498 et
2155 2444 2450 2500 Eudoxius
2481 2447 3159 2519 Constantinopolitanus
3217 2453 3420 2504 contra
3459 2449 3553 2522 pie
3583 2467 3719 2506 sen-

2067 2534 2277 2588 tientes
2309 2551 2490 2590 ausus
2521 2540 2630 2591 est.
2664 2537 2863 2592 Tantis
2895 2537 3076 2610 igitur
3102 2537 3274 2594 malis
3304 2538 3522 2610 ubique
3550 2554 3714 2611 gras-

2068 2621 2359 2693 santibus,
2395 2627 2762 2681 terraimotus
2821 2625 3040 2698 ubique
3097 2633 3386 2682 terrarum
3445 2644 3718 2700 superve-

2069 2711 2254 2782 niens,
2281 2713 2500 2769 multas
2531 2713 2678 2770 laesit
2710 2715 2906 2782 urbes,
2939 2716 3118 2772 Cretae
3149 2720 3385 2772 centum
3414 2717 3590 2772 urbes
3623 2717 3723 2773 de-

2059 2800 2220 2872 jecit.
2256 2801 2414 2857 Mare
2447 2806 2640 2858 autem
2704 2821 2844 2859 suos
2887 2805 3137 2860 mutavit
3165 2804 3404 2861 limites.
3439 2805 3719 2872 Quaedam

2067 2891 2217 2946 enim
2254 2890 2376 2946 loca
2407 2908 2596 2964 usque
2625 2892 2769 2948 adeo
2801 2893 3126 2962 inundavit,
3161 2897 3227 2949 ut
3257 2910 3383 2968 qua:
3412 2895 3551 2950 trita
3579 2894 3723 2951 olim

2066 2985 2124 3037 et
2151 2979 2377 3035 consita
2406 2980 2656 3048 fuerant,
2683 2982 2809 3052 jam
2843 2982 3292 3056 navigarentur:
3326 2983 3398 3038 ab
3430 2983 3561 3039 aliis
3583 3000 3722 3040 con-

2065 3072 2158 3123 tra
2188 3068 2330 3124 locis
2360 3069 2441 3124 ita
2471 3071 2727 3131 recessit,
2791 3075 2856 3126 ut
2908 3072 2966 3126 in
3009 3071 3160 3127 sicco
3192 3075 3388 3127 essent
3417 3087 3545 3143 quae
3577 3070 3720 3128 olim

2066 3157 2514 3229 navigabantur.
2550 3159 2711 3224 Quod
2753 3159 3001 3232 contigit
3056 3160 3288 3216 duobus
3344 3159 3718 3232 imperatoris

287 3264 358 3298 τε
404 3247 628 3320 Κρήτης
683 3247 782 3308 τὰς
831 3247 1016 3302 ἑκατὸν
1069 3245 1262 3312 πόλεις
1305 3249 1705 3326 κατηρίπωσεν.
1758 3256 1816 3305 Ἡ
1861 3250 1952 3303 θά-

2076 3245 2478 3302 Valentiniano
2509 3252 2566 3302 et
2590 3247 2833 3303 Valente
2885 3248 3142 3321 primum
3202 3247 3565 3304 consulibus.
3611 3248 3716 3304 His

291 3331 477 3387 λασσα
524 3331 581 3388 δὲ
626 3333 756 3398 τούς
807 3333 980 3398 ἰδίους
1029 3335 1189 3411 ὅρους
1241 3339 1315 3411 (g)
1368 3335 1652 3409 ἐνήλλαξε.
1684 3338 1799 3393 Τισὶ
1859 3339 1950 3411 μεν

291 3423 405 3497 γὰρ
464 3422 654 3486 τόποις
707 3429 964 3480 τοσοῦτον
1025 3423 1337 3499 ἐπέκλυσεν,
1401 3426 1538 3481 ὥστε
1583 3427 1711 3489 τοὺς
1761 3427 1951 3500 πρώην

297 3510 574 3585 βασίμους
601 3513 805 3576 τόπους
833 3514 923 3568 καὶ
975 3515 1280 3589 σπορίμους
1331 3514 1587 3570 πλέεσθαι
1620 3535 1632 3548 ·
1671 3517 1866 3590 ἑτέρων
1899 3513 1957 3569 δῖε

290 3599 482 3655 τόπων
514 3606 774 3657 τοσοῦτον
818 3603 1051 3673 ἀπέστη,
1099 3603 1175 3665 ὡς
1226 3604 1276 3658 ἐν
1332 3604 1468 3680 ξηρᾷ
1517 3605 1799 3680 εὑρεθῆναι
1828 3604 1955 3666 τους

292 3690 592 3753 πλέοντας.
648 3691 747 3746 Καὶ
801 3695 961 3746 τοῦτο
1015 3693 1208 3768 γέγονε
1253 3695 1389 3748 κατά
1433 3695 1533 3762 τὴν
1567 3695 1791 3768 πρώτην
1827 3695 1958 3748 ὑπα-

289 3779 446 3834 τείαν
476 3782 584 3835 τῶν
619 3777 714 3834 δύο
751 3779 1041 3854 βασιλέων,
1092 3780 1542 3837 Οὐαλεντινιανοῦ
1591 3783 1680 3838 καὶ
1722 3781 1956 3838 Ούάλεν-
2009 3832 2014 3837 .

293 3888 415 3930 τος.
448 3869 548 3923 Καὶ
575 3868 784 3924 τούτων
818 3867 876 3924 δὲ
925 3871 1250 3945 γινομένων,
1297 3874 1403 3948 οὐχ
1447 3871 1719 3948 ἡσύχαζεν
1766 3875 1793 3928 6
1825 3874 1963 3927 κατὰ

292 3978 407 4012 των
440 3963 776 4034 Χριστιανῶν
809 3956 1079 4035 διωγμός.
1123 3958 1342 4030 Ἐπειδὴ
1389 3959 1447 4016 δὲ
1501 3959 1588 4016 διὰ
1635 3963 1732 4032 τήν
1787 3963 1963 4017 ἀπου-

298 4047 420 4102 σίαν
452 4052 549 4102 τοῦ
582 4048 740 4124 ἁγίου
772 4047 1092 4104 ’Δθανασίου
1122 4055 1228 4112 πᾶς
1261 4051 1289 4105 ὁ
1321 4047 1500 4124 δῆμος
1550 4049 1961 4129 ’Δλεξανδρείας

298 4138 389 4210 (h)
439 4136 719 4208 ἐστασίαζε
765 4137 919 4211 πόθῳ
964 4143 1046 4211 τῷ
1092 4139 1228 4215 πρὸς
1274 4139 1454 4212 αὐτὸν,
1511 4137 1739 4218 ἔφασκὸν
1785 4163 1842 4195 τε
1902 4140 1963 4195 οὐ

304 4224 474 4300 μόνον
506 4227 605 4289 τὰς
637 4225 842 4289 σκάλας
873 4228 964 4282 καὶ
1003 4229 1072 4283 τὰ
1119 4230 1319 4303 σιτηγά
1357 4228 1546 4301 πλοῖα,
1582 4227 1727 4284 ἀλλὰ
1778 4227 1842 4299 δὴ
1875 4230 1965 4284 καὶ

302 4313 443 4371 αὖτά
489 4316 557 4369 τὰ
592 4319 701 4370 τῶν
757 4314 1040 4390 δημοσίων
1093 4315 1334 4393 έχὸμενα
1376 4319 1507 4395 πυρὶ
1555 4316 1964 4373 καταναλίσκειν

305 4407 396 4479 (ἰ),
429 4403 588 4478 εἰμὴ
621 4405 941 4460 Ἀθανάσιον
1002 4401 1360 4460 ἀπολάϐοιενο
1417 4406 1579 4480 γνοὺς
1629 4408 1656 4461 6
1713 4405 1966 4480 βασιλεὺς

303 4489 552 4561 Οὐάλης,
587 4488 678 4546 διὰ
704 4493 1045 4567 γραμμάτων
1092 4491 1358 4566 ἐσήμανεν
1412 4490 1583 4555 ἀδεῶς
1615 4498 1828 4568 κρατεῖν
1859 4498 1968 4548 τῶν

307 4578 621 4651 ἐκκλησιῶν
675 4582 1016 4637 Ἀθανάσιον.
1071 4581 1172 4636 Καὶ
1220 4585 1380 4636 τοῦτο
1434 4579 1604 4636 αἴτιον
1653 4583 1850 4657 γέγονε
1874 4587 1970 4636 τοῦ

302 4669 446 4731 τέως
479 4669 775 4745 ἀνακωχήν
805 4690 926 4724 τινα
975 4671 1219 4744 γενέσθαι
1268 4675 1368 4725 τοῦ
1419 4672 1557 4726 κατά
1605 4677 1705 4740 τῆς
1737 4669 1969 4740 Ἐκκλη-

308 4758 430 4820 σίας
474 4756 746 4834 διωγμοῦ,
799 4757 947 4828 πλὴν
999 4758 1083 4813 ὅτι
1131 4759 1266 4813 κατά
1296 4764 1468 4814 πᾶσαν
1509 4760 1607 4828 τὴν
1645 4757 1914 4829 ἀνατολὴν
1945 4760 1972 4813 6

311 4845 585 4926 ἐμφύλιος
635 4849 772 4902 κατά
818 4852 926 4902 τῶν
981 4853 1316 4921 Χριστιανῶν
1370 4848 1672 4924 ἐκράτειῌ)
1705 4846 1972 4922 πόλεμος.

307 4942 368 4990 Ὁ
403 4937 588 5010 μέντοι
626 4935 880 5011 βαςιλεὺς
911 4935 1131 5007 Οὐάλης
1183 4937 1269 4992 ἐπὶ
1300 4939 1398 5006 τήν
1443 4937 1780 5013 ’Λντιόχειαν
1816 4936 1976 4992 σπεύ-

315 5023 424 5080 δων
459 5026 663 5100 ἀπῆρεν
709 5026 813 5080 ἀπὸ
844 5032 946 5095 τῆς
997 5024 1643 5098 Κωνσταντινουπόλεως,
1703 5028 1793 5080 καὶ
1824 5026 1978 5101 γενό-

322 5135 483 5188 μενος
537 5113 588 5170 ἐν
642 5113 1003 5189 Νικομηδείᾳ,
1050 5114 1313 5192 ἐπεσχέθη
1348 5122 1461 5170 κατ’
1505 5114 1671 5184 αὐτὴν
1702 5114 1771 5170 δι’
1803 5115 1977 5171 αἰτίαν

395 5260 469 5332 (α)
499 5259 708 5332 Palat“,
738 5263 856 5320 τοῖς
885 5260 1208 5332 Ἀρειανοῖς.

395 5333 470 5406 (b)
495 5331 711 5406 Fallat»
738 5331 1157 5406 πρφστάγματεο

417 5401 465 5477 c_)_
495 5401 1066 5477 Balat.,_&i1é§pp_q}sv.
1095 5403 1274 5477 Editi,
1309 5401 1620 5477 ἀνέκρυψεν.

415 5473 474 5544 εἰ)
504 5473 598 5545 Sic
630 5473 815 5529 Palat.
851 5472 1022 5541 Editi,
1053 5472 1252 5545 τούτῳ.

415 5539 467 5613 e)
497 5544 594 5600 Sic
625 5545 810 5600 Palat.
836 5546 988 5601 Editi
1009 5539 1174 5612 vero,
1205 5539 1473 5612 ἆσϐὁλην.

392 5612 466 5686 )
498 5613 708 5694 P8.l_f_1t_._,_
725 5614 1013 5694 ,ἐπεχείρει
1051 5614 1416 5694 βλασφημῶν.
1452 5615 1609 5674 Infra
1637 5615 1814 5686 idem,
1846 5612 1986 5672 πολ-

321 5683 428 5751 λᾶς
475 5703 556 5744 τε.
587 5685 763 5744 Editi.
795 5683 984 5744 πολλά
1009 5683 1088 5746 τέ.

646 5813 914 5882 Ριτιιοι..
957 5817 1071 5884 Gn.
1114 5816 1303 5888 XXV.

2065 3352 2234 3407 porro
2266 3335 2468 3406 gestis,
2494 3352 2869 3408 nequaquam
2892 3337 3141 3393 cessavit
3160 3337 3490 3409 persecutio
3514 3337 3717 3392 adver-

2065 3441 2197 3480 sum
2230 3423 2611 3481 Christianos.
2673 3425 2959 3491 Quoniam
3008 3429 3204 3481 autem
3239 3429 3476 3496 propter
3501 3425 3720 3481 absen-

2066 3513 2209 3568 tiam
2242 3513 2428 3568 sancti
2457 3513 2780 3584 Athanasii,
2815 3518 2974 3569 totus
3003 3514 3429 3570 Alexandrinus
3465 3514 3721 3586 populus

2065 3601 2540 3658 tumultualuatur
2569 3619 2688 3675 prae
2711 3601 2871 3658 illius
2903 3602 3491 3668 desiderio,minatus
3523 3602 3720 3673 etiam,

2069 3708 2131 3746 se
2160 3708 2276 3746 non
2310 3691 2482 3746 modo
2515 3690 2743 3746 navalia
2772 3695 2828 3746 et
2859 3707 3058 3757 naves,
3117 3693 3412 3747 frumento
3457 3707 3722 3762 compor-

2068 3781 2246 3836 tando
2268 3779 2719 3852 deputatas,imo
2753 3781 2929 3836 etiam
2952 3781 3150 3836 omnia
3171 3780 3410 3852 publica
3430 3783 3731 3836 asservata

2069 3869 2430 3937 incensuros,
2465 3869 2579 3925 nisi
2611 3869 2723 3926 sibi
2755 3869 3112 3925 Athanasius
3145 3870 3570 3926 restitueretur.
3601 3871 3724 3936 Quo

2073 3959 2305 4032 cognito
2334 3959 2654 4030 imperator
2710 3958 2942 4027 Valens,
2999 3958 3209 4014 litteris
3268 3958 3619 4031 signiﬁcavit
3663 3963 3734 4014 ut

2075 4049 2264 4120 abque
2295 4049 2503 4103 timore
2532 4047 2893 4104 Athanasius
2951 4047 3227 4104 ecclesias
3285 4050 3615 4120 occuparet.
3660 4047 3732 4101 Et

2075 4137 2199 4193 haec
2218 4154 2397 4193 causa
2409 4137 2516 4192 fuit
2530 4141 2596 4192 ut
2617 4137 2977 4193 intermissio
2999 4137 3266 4209 quaedam
3285 4137 3451 4193 ﬁeret
3467 4151 3736 4209 persecu-

2074 4226 2253 4282 tionis
2283 4226 2566 4282 adversus
2596 4226 2915 4282 Ecclesiam
2948 4225 3271 4295 concitata},
3304 4226 3420 4282 nisi
3451 4225 3606 4297 quod
3630 4241 3738 4297 per

2075 4319 2263 4370 totum
2300 4317 2496 4371 orbem
2530 4315 2877 4370 intestinum
2914 4319 3118 4370 contra
3170 4313 3539 4370 Christianos
3578 4314 3738 4386 vige-

2079 4405 2180 4460 bat
2207 4403 2450 4460 bellum.
2488 4405 2807 4476 Imperator
2837 4403 3038 4476 itaque
3061 4402 3276 4459 Valens
3323 4401 3741 4459 Constantino-

2081 4494 2197 4566 poli
2241 4492 2607 4548 Antiochiam
2675 4493 2972 4564 profectus
3022 4496 3131 4562 est,
3165 4507 3416 4562 cumque
3472 4490 3740 4546 Nicome-

2081 4583 2238 4638 diam
2267 4581 2731 4653 pervenisset,ibi
2763 4579 3127 4646 substitit,ob
3160 4596 3402 4635 causam
3425 4579 3738 4650 ejusmodi.

2082 4669 2503 4727 Eudoxiusille
2532 4669 2886 4724 Arianorum
2945 4669 3275 4741 episcopus,
3336 4685 3468 4724 acer
3523 4667 3743 4723 Christi

2085 4760 2346 4816 fidelium
2379 4761 2736 4830 persecutor,
2761 4758 2962 4813 statim
2993 4758 3066 4812 ab
3098 4773 3336 4830 egressu
3367 4755 3742 4829 imperatoris

2086 4849 2251 4917 obiit,
2281 4847 2698 4903 Valentiniano
2729 4851 2786 4901 et
2814 4845 3056 4903 Valente
3110 4847 3348 4902 tertium
3395 4845 3738 4902 oonsulibus

2089 4957 2223 4995 cum
2282 4935 2680 4992 novemdecim
2741 4952 2928 4992 annos
2980 4936 3331 4992 orthodoxos
3386 4937 3742 5008 ’persecutus

2090 5029 2318 5083 fuisset.
2353 5027 2717 5098 Quapropter
2747 5026 2806 5079 in
2837 5025 2967 5096 ejus
3000 5025 3192 5080 locum
3210 5023 3406 5079 Ariani
3438 5021 3747 5094 Demophi-

2094 5118 2216 5172 lum
2251 5114 2634 5171 constituunt.
2668 5119 2743 5168 At
2773 5114 2875 5185 qui
2907 5112 3579 5170 consubstantialitatem
3615 5115 3751 5168 tue-

2166 5259 2240 5330 (g)
2274 5255 2478 5330 Palat.,
2507 5255 2666 5330 καὶὴ
2700 5251 2942 5330 θαλασσα
2972 5252 3098 5330 τοὺς
3134 5251 3304 5330 ἰδίους
3338 5249 3524 5330 ὅρους.

2169 5320 2248 5401 (ἢ)
2277 5320 2684 5418 ’ᾼλεξοινδρείας
2717 5327 2882 5382 deest
2911 5327 2970 5380 in
3004 5325 3183 5382 Palat.
3216 5327 3348 5382 Mox
3373 5320 3481 5399 pro
3525 5320 3750 5393 σκάλας,

2099 5418 2174 5456 an
2216 5405 2420 5475 σκάφας
2450 5405 2471 5455 Ρ

2103 5536 2127 5542 __
2169 5473 2234 5539 (ί)
2269 5471 2473 5538 Palat.,
2509 5466 2628 5542 ἀλλ’
2659 5465 2767 5542 ἢδη
2800 5466 2889 5521 καί
2909 5465 3054 5542 ἀὐτὰ
3081 5467 3176 5542 τὰ-
3201 5467 3291 5520 τὸν
3341 5473 3486 5523 σῖτον
3545 5463 3748 5542 ἓχοντα

2100 5535 2252 5617 ἱέρεια
2281 5544 2364 5617 (ld_
2394 5535 2764 5617 est,_horrea)
2795 5538 2925 5614 πυρὶ
2957 5535 3215 5596 καταναλ.

2267 5609 2475 5683 Palat.,
2508 5609 2789 5691 ἐκράτησε.
