4146 6374
380 379 599 437 ccxx."

1783 365 2390 436 PROLEGOMENA.

381 504 734 577 bantur,rati
766 521 830 562 se
874 503 1156 578 temporis
1185 502 1680 578 opportunitatem
1711 509 1919 562 nactos
1938 521 2027 562 es-

2142 503 2398 575 τοιαύτην
2440 506 2538 580 (a).
2588 501 2846 578 Εὐδόξιος
2889 508 3045 569 οὗτος
3091 507 3120 563 6
3169 509 3269 576 τῆς
3316 506 3600 582 ’Δρειανῆς
3649 500 3794 579 αἱρέ-

380 594 606 667 se,ﬁdei
636 611 760 652 suis
770 593 1110 668 episcopum
1127 594 1494 651 constituunt
1509 594 1816 667 Evagrium
1829 612 2033 668 quem-

379 683 518 739 dam
546 700 559 740 :
596 699 774 755 quam
803 683 1035 741 ordinat
1051 683 1259 739 beatus
1280 681 1377 739 ille
1400 683 1875 756 Eustathius,qui
1896 701 2035 740 eum

381 772 522 829 olim
552 772 951 829 Antiochenus
978 771 1289 845 episcopus
1319 772 1546 844 fuisset,
1582 777 1889 829 revocatus
1911 773 2035 829 fue-

381 864 475 918 rat
504 861 576 917 ab
607 860 809 918 exsilio
837 876 943 933 per
966 859 1295 928 Iovianum,
1327 864 1575 933 tumque
1620 861 1824 917 aderat
1862 860 2037 917 Cons-

382 948 748 1021 tantinopoli,
779 948 1042 1021 illudque
1072 948 1210 1023 egit,
1234 949 1433 1006 animo
1464 950 1877 1005 conﬁrmandae
1900 949 2035 1006 fidei

383 1037 1036 1111 consubstantialitatis,
1097 1044 1157 1094 et
1206 1038 1287 1094 ibi
1336 1037 1487 1095 clam
1545 1038 1643 1094 ille
1670 1039 2032 1095 versabatur.

382 1129 521 1182 Ηωο-
542 1141 678 1182 cum
708 1125 1015 1183 didicisset
1040 1125 1572 1199 imperator,jussit
1586 1142 1690 1198 per
1719 1125 2034 1183 militarem

383 1231 628 1272 manum
658 1214 1115 1287 comprehensos
1145 1215 1516 1272 ordinantem
1563 1220 1621 1270 et
1675 1216 2033 1284 ordinatum,

379 1304 563 1360 alium
591 1302 710 1361 alio
740 1303 803 1359 in
832 1303 959 1361 loco
987 1304 1275 1361 exsulare.
1335 1303 1678 1361 Eustathius
1734 1303 1794 1360 in
1826 1304 2033 1360 urbem

377 1393 643 1450 Thracia
674 1403 881 1467 Byzam
911 1393 1204 1467 relegatus
1233 1397 1342 1463 est,
1377 1392 1657 1466 Evagrius
1686 1409 1821 1450 vero
1852 1392 2034 1450 alium

376 1480 666 1553 inflocum
699 1482 991 1540 adductus
1018 1487 1127 1539 est.
1160 1482 1263 1539 His
1291 1482 1373 1539 ita
1401 1482 1585 1556 gestis
1613 1480 1831 1539 Valens
1877 1481 2037 1539 venit

375 1570 773 1639 Antiochiam,
804 1588 873 1628 ac
929 1588 1135 1629 omnes
1187 1572 1287 1645 qui
1347 1570 2029 1629 consubstantialitatem

376 1660 682 1728 sentirent,
712 1677 819 1717 nec
847 1660 1050 1718 Ariani
1080 1676 1209 1719 esse
1238 1659 1451 1717 vellent
1474 1660 1600 1716 dire
1630 1658 2032 1732 vexavit,quos

375 1765 493 1806 non
524 1750 698 1806 modo
728 1750 1096 1817 Alexandria,
1127 1751 1229 1807 sed
1251 1750 1530 1806 omnibus
1558 1749 1735 1805 etiam
1775 1749 2029 1806 orienta-

376 1838 832 1911 libusjurbibus»
872 1838 1131 1912 expulit:
1187 1855 1294 1896 nec
1350 1839 1443 1895 his
1499 1842 1811 1895 contentus
1850 1837 2029 1893 variis

377 1927 556 1985 etiam
586 1928 811 1984 addixit
838 1927 1180 2000 suppliciis:
1240 1927 1545 2000 multoque
1602 1926 1801 2000 plures
1847 1942 2026 1998 quam

378 2020 514 2073 ante
559 2016 720 2073 vario
763 2016 970 2072 mortis
1023 2032 1233 2089 genere
1290 2016 1714 2073 interﬁciebat:
1774 2032 2027 2088 quorum

378 2104 598 2162 multos
627 2105 688 2161 in
718 2104 994 2162 Orontem
1025 2105 1426 2179 praecipitavit.
1459 2104 1564 2162 Illa
1621 2108 1817 2161 autem
1856 2104 2029 2177 spiri-

373 2193 521 2251 tuali
550 2195 662 2251 sub
693 2194 935 2251 Valente
965 2198 1334 2268 tempestate,
1383 2199 1624 2251 sanctus
1670 2194 2029 2252 Athanasius

379 2287 515 2356 post
541 2286 707 2340 tanta
735 2282 809 2340 ab
838 2282 940 2341 illo
969 2300 1073 2357 pro
1104 2284 1201 2357 pia
1255 2282 1535 2356 religione
1588 2287 1862 2357 suscepta
1904 2299 2026 2339 cer-

380 2372 629 2443 tamina,
659 2380 1006 2445 quorum,ut
1031 2389 1214 2447 supra
1240 2372 1380 2445 dixi,
1404 2389 1585 2445 quam
1616 2371 1869 2445 plurima
1888 2389 2029 2445 prae-

379 2461 629 2531 termisi,
659 2461 1105 2535 insignioraque
1121 2466 1355 2518 tantum
1386 2460 1813 2534 recensui,cum
1844 2478 1944 2518 sex
1972 2465 2030 2517 et

374 2550 760 2624 quadraginta
788 2568 975 2608 annos
1012 2551 1073 2606 in
1131 2551 1473 2625 episcopatu
1529 2553 2023 2617 consummasset,

377 2655 514 2696 cum
544 2638 735 2697 multa
762 2639 1089 2697 successori
1119 2640 1232 2697 sibi
1261 2640 1534 2713 episcopo
1550 2644 1718 2697 Petro
1751 2640 2028 2696 mandas-

375 2731 466 2786 set
497 2743 615 2801 quo
648 2732 817 2802 pacto
842 2728 1168 2787 haeresibus
1196 2730 1605 2786 obsistendum
1645 2729 1811 2798 foret,
1842 2730 2026 2785 vitam

374 2816 540 2887 obiit,
572 2816 848 2875 Gratiano
904 2818 1231 2876 secundum
1288 2823 1347 2876 et
1400 2819 1587 2876 Probo
1644 2818 2026 2875 consulibus:

376 2904 830 2980 cmlestibusque
856 2906 1088 2987 coronis
1134 2924 1202 2965 ac
1258 2912 1474 2965 aeterno
1530 2907 1745 2981 gaudio
1774 2908 2027 2965 donatus

375 2998 486 3065 est,
519 2995 690 3068 cuius
730 3013 838 3053 nos
867 2995 1049 3053 etiam
1104 2997 1423 3070 participes
1463 2997 1583 3054 fore
1612 2997 1933 3070 contingat,
1965 2996 2027 3052 in

374 3084 605 3143 Christo
655 3085 796 3142 Jesu
852 3084 1103 3143 Domino
1160 3090 1383 3155 nostro,
1418 3086 1511 3143 cui
1540 3084 1729 3158 gloria
1755 3090 1813 3142 et
1841 3085 2024 3158 impe-

373 3173 532 3232 rium
561 3175 623 3232 in
653 3173 871 3233 secula
893 3175 1265 3233 seculorum.
1295 3177 1503 3233 Amen.

2144 615 2279 656 σεως
2338 593 2653 668 ἐπίσκοπος,
2687 596 2715 650 6
2744 599 2852 650 τῶν
2881 595 2956 658 εἷς
3006 596 3237 672 Χριστὸν
3282 593 3642 650 πιστευόντων
3675 594 3794 669 θερ-

2147 684 2247 756 μὸς
2283 680 2542 755 διώκτης,
2577 683 2730 746 εὐθὺς
2764 685 2899 758 μετᾶ
2924 686 3022 754 τὴν
3053 688 3151 739 τοῦ
3174 681 3451 759 βασιλέως
3482 678 3662 753 ἔξοδον
3710 701 3796 736 τε-

2143 770 2309 843 λευτᾷ
2369 771 2420 827 ἐν
2482 773 2708 845 ὑπατείᾳ
2754 771 3204 829 Οὐαλεντινιανοῦ
3252 774 3343 829 καὶ
3400 769 3795 834 Οὐάλεντοςτό

2141 859 2347 935 τρίτον,
2378 858 2508 916 δέκα
2551 861 2640 917 καὶ
2688 860 2838 917 ἐννέα
2868 860 2960 933 ἔτη
3009 863 3146 918 κατά
3169 866 3280 917 τῶν
3317 858 3619 937 ὀρθοδόξων
3661 856 3790 914 διω-

2143 949 2283 1023 γμὸν
2315 952 2575 1021 ποιήσας.
2610 951 2703 1005 Διὸ
2741 953 2793 1005 οἱ
2828 952 2921 1025 μὲν
2953 951 3224 1026 ’Δρειανοὶ
3256 950 3332 1013 εἷς
3360 951 3452 1006 τὸν
3497 948 3663 1005 τόπον
3697 946 3791 1004 αὐ·-

2141 1043 2238 1093 τοῦ
2266 1042 2558 1093 καθιστῶσι
2591 1038 2934 1118 Δημόφιλον·
2986 1045 3188 1118 Καιροῦ
3230 1037 3289 1095 δὲ
3335 1038 3657 1114 νομίσαντες
3705 1036 3794 1093 δε-

2144 1124 2376 1203 ὂράχθαι
2420 1128 2471 1182 οἷ
2512 1133 2609 1183 τοῦ
2652 1130 2970 1203 ὁμοουσίου,
3018 1137 3119 1199 τῆς
3171 1130 3376 1185 ἑαυτῶν
3405 1128 3641 1190 πίστεως
3674 1126 3793 1182 ἐπί-

2144 1237 2343 1271 σκοπον
2398 1216 2663 1293 Εὐάγριόν
2714 1239 2836 1273 τινα
2896 1213 3310 1292 προεϐάλλοντο
3345 1238 3358 1250 ·
3399 1221 3709 1295 χειροτονεῖ
3737 1212 3797 1270 δὲ

2140 1309 2331 1360 τοῦτον
2385 1307 2414 1360 6
2467 1307 2731 1382 μακάριος
2780 1306 3073 1370 Εὐστάθιος
3123 1308 3152 1362 6
3182 1304 3356 1361 πάλαι
3402 1306 3534 1361 ποτε
3581 1311 3792 1360 Ἀντιο-

2142 1395 2299 1470 χείας
2352 1394 2647 1458 ἐπίσκοπος
2702 1397 2969 1472 γεγονὼς,
3016 1397 3077 1459 ὃς
3132 1393 3478 1466 ἀνακέκλητο
3535 1396 3629 1469 μὲν
3692 1393 3797 1449 ὑπὸ

2143 1478 2409 1539 Ἰοϐιανοῦ
2457 1491 2558 1554 τῆς
2599 1484 2831 1561 ἐξορίας,
2878 1485 3004 1540 τότε
3051 1482 3110 1540 δὲ
3150 1491 3330 1561 παρῆν
3383 1485 3460 1547 εἱς
3509 1484 3615 1553 τὴν
3641 1489 3794 1538 Κων-

2142 1570 2614 1644 σταντινούπολιν,
2648 1579 2837 1646 σκοπῷ
2877 1578 2973 1629 τοῦ
3004 1573 3252 1649 στηρίξαι
3297 1571 3425 1636 τοὺς
3454 1578 3557 1643 τῆς
3589 1573 3795 1647 ὁμοου-

2141 1661 2260 1717 σίου
2288 1663 2545 1733 πίστεως,
2575 1664 2666 1717 καὶ
2696 1664 2833 1718 κατὰ
2859 1662 3061 1734 ταύτην
3124 1660 3401 1718 λανθάνων
3443 1659 3625 1737 διῆγε.
3656 1664 3796 1716 Ταῦ·

2137 1772 2205 1806 τα
2265 1752 2448 1825 μαθὼν
2509 1752 2537 1806 6
2594 1749 2851 1826 βασιλεὺς
2908 1749 3178 1808 ἐκέλευσε.
3239 1749 3330 1806 διὰ
3394 1756 3797 1827 στρατιωτικῆς

2138 1840 2324 1917 χειρὸς
2358 1837 2769 1918 συλληφθέντας
2813 1841 2903 1896 τὸν
2959 1862 3019 1896 τε
3067 1841 3534 1917 χειροτονήσαντα
3578 1839 3671 1894 καὶ
3700 1839 3795 1894 τὸν

2137 1929 2609 2003 χειροτονηθέντα,
2644 1927 2815 1985 ἄλλον
2849 1928 3103 2007 ἀλλαχοῦ
3132 1929 3552 2007 περιορίζεσθαι.
3587 1926 3795 1983 Εὐστά-

2135 2020 2250 2080 θιος
2285 2018 2380 2092 μὲν
2412 2016 2503 2072 οὗν
2536 2019 2565 2072 6
2605 2017 2755 2082 ὅσιος
2788 2018 2840 2074 ἐν
2873 2018 3003 2094 Βίζῃ
3032 2017 3195 2074 πόλει
3224 2026 3325 2089 τῆς
3372 2017 3591 2094 Θρᾴκης
3642 2037 3795 2093 περι-

2135 2106 2383 2184 ωρίζετο·
2419 2106 2687 2183 Εὐάγριος
2712 2104 2769 2163 δὲ
2791 2108 2871 2171 εἷς
2902 2106 3073 2163 ἄλλον
3102 2108 3269 2163 τόπον
3306 2105 3784 2183 ἀπήχθη.Τυύτών

2135 2195 2311 2258 οὕτως
2338 2197 2853 2273 καταπραγθέντων,
2887 2194 3106 2267 Οὐάλης
3159 2196 3251 2252 ἐπὶ
3295 2194 3638 2273 Ἀντιόχειαν
3692 2216 3796 2250 πα-

2136 2285 2429 2361 ραγίνεται·
2467 2284 2763 2363 ἐπόρθησεν
2795 2285 2948 2349 εὐθὺς
2977 2286 3107 2349 τοὺς
3134 2287 3197 2341 τὸ
3230 2284 3522 2361 ὁμοούσιον
3555 2305 3792 2364 φρονουν

2132 2394 2251 2448 τας,
2300 2374 2392 2430 καὶ
2436 2377 2511 2449 μή
2572 2373 2828 2438 θέλοντας
2880 2376 3256 2452 Ἀρειανίζειν·
3309 2373 3577 2447 ἐξήλαυνέ
3622 2395 3682 2429 τε
3730 2371 3796 2429 οὐ

2139 2463 2302 2538 μόνον
2334 2464 2395 2520 ἐκ
2420 2471 2522 2534 τῆς
2555 2464 2916 2542 Ἀντιοχείας,
2950 2462 3097 2520 ἀλλᾶ
3135 2465 3226 2520 καὶ
3267 2463 3327 2520 ἐκ
3371 2468 3559 2519 πασῶν
3592 2459 3789 2540 σχεδὸν

2132 2557 2241 2608 τῶν
2291 2551 2626 2609 ἀνατολικῶν
2672 2551 2909 2612 πόλεων.
2964 2554 3063 2610 Καὶ
3122 2553 3222 2610 οὐκ
3280 2556 3501 2626 ἠρκεῖτο
3548 2551 3789 2626 τούτοις,

2136 2641 2282 2697 ἀλλᾶ
2309 2643 2413 2720 γὰρ
2443 2643 2534 2698 καὶ
2565 2641 2845 2721 διαφόροις
2875 2640 3268 2719 κολαστηρίοις
3302 2638 3632 2700 ὑπέϐαλλεν.
3655 2647 3791 2697 Ἀπ-

2136 2727 2349 2786 ώλλυεν
2383 2729 2441 2787 δὲ
2481 2729 2682 2805 πολλῷ
2722 2730 2951 2796 πλείους
2996 2738 3105 2787 τῶν
3160 2733 3464 2808 προτέρων,
3508 2729 3793 2807 διαφόροις

2140 2819 2235 2893 μὲν
2266 2821 2514 2884 θατάτοις
2563 2818 2916 2897 παραδιδοὺς,
2968 2820 3253 2899 ἐξαιρέτως
3306 2819 3365 2877 δὲ
3422 2825 3502 2894 τῷ
3558 2824 3796 2895 ποταμῷ

2136 2908 2380 2986 Ὀρόντῃ.
2412 2909 2559 2987 Κατᾶ
2600 2907 2667 2980 δὴ
2701 2911 2791 2964 τὸν
2824 2915 3079 2987 χειμῶνα
3124 2914 3314 2966 τοῦτον
3347 2912 3439 2987 τὸν
3470 2911 3667 2981 νοητὸν
3700 2908 3795 2965 ἐπὶ

2136 2985 2441 3060 Οὐάλεντος
2467 2999 2496 3053 6
2527 2999 2683 3075 ἅγιος
2714 2985 3056 3068 Ἀθανάσιος,
3091 2999 3226 3073 μετὰ
3254 2985 3504 3062 πολλοὺς
3545 2997 3787 3061 ἐκείνους

2134 3086 2263 3150 τοὺς
2294 3086 2425 3162 ὑπὲρ
2453 3093 2557 3156 τῆς
2587 3081 2860 3151 εὐσεϐείας
2892 3087 3130 3163 ἀγῶνας,
3164 3087 3261 3161 ὧν9
3312 3087 3389 3151 ὡς
3445 3086 3620 3160 εἶπόν,
3660 3085 3794 3150 τοὺς

2133 3173 2399 3239 πλείονας
2427 3174 2753 3251 παρέλειψα,
2800 3175 2929 3239 τοὺς
2978 3174 3412 3251 ἐπισημοτέρους
3459 3175 3625 3231 αὐτοῦ
3672 3174 3794 3231 ἐπι-

371 3264 765 3338 σημηνάμενος
795 3261 976 3338 (ὁ),’ὲξ
1020 3263 1112 3320 καὶ
1158 3266 1557 3342 τεσσαράκοντα
1584 3261 1676 3337 ἔτη
1713 3264 1996 3344 διαρκέσας
2036 3245 2131 3324 ἐπὶ
2176 3273 2278 3337 τῆς
2336 3245 2683 3342 ἱερωσύνηςξ
2709 3245 2896 3321 πολλᾶ
2941 3245 3252 3343 προσειπὼν
3283 3245 3499 3343 ⁷Πέτρῳ
3542 3268 3623 3338 τῷ
3675 3283 3795 3339 μετ’

364 3352 524 3409 αὐτὸν
566 3352 871 3427 ἐπισκόπῳ,
924 3352 1008 3410 ὅτι
1065 3355 1203 3432 πρὸς
1259 3358 1369 3410 τῶν
1428 3356 1684 3429 αἱρέσεων
1740 3356 1946 3429 ὑποστιζ
1956 3376 2125 3425 σεται,
2180 3354 2271 3409 τὸν
2335 3354 2453 3431 βίον
2514 3353 2865 3430 ὑπεξέρχεται
2894 3352 2947 3409 ἐν
2982 3353 3207 3426 ὑπατείᾳ
3253 3358 3551 3431 Γρατιανοῦ
3597 3355 3670 3429 (c)
3723 3354 3790 3409 τὸ

364 3438 612 3520 δεύτερον
667 3443 759 3499 καὶ
817 3440 1069 3518 Πρόϐουν
1111 3448 1221 3499 τῶν
1277 3443 1542 3519 οὐρανίων
1603 3444 1849 3516 ἀξιωθεὶς
1906 3444 2181 3523 στεφάνων
2237 3443 2327 3498 καὶ
2382 3450 2484 3514 τῆς
2540 3442 2766 3499 αἰωνίου
2823 3449 3021 3521 χαρᾶς,
3080 3446 3149 3514 ἧς
3206 3446 3421 3520 γένοιτο
3478 3443 3569 3499 καὶ
3637 3445 3790 3517 ἡμᾶς

368 3537 658 3610 μετασχεῖν
704 3531 758 3588 ἐν
789 3537 1005 3609 Χριστῷ
1050 3537 1339 3607 Ἰησοῦτῷ
1368 3534 1553 3612 Κυρίῳ
1608 3536 1792 3609 ἡμῶν,
1824 3535 1935 3607 ᾧή
1968 3532 2095 3607 δόξα
2147 3534 2239 3590 καὶ
2296 3533 2358 3589 τὸ
2408 3534 2608 3609 κράτος
2667 3532 2745 3596 εἴς
2799 3532 2930 3597 τοὺς
2989 3533 3190 3597 αἰῶνας
3248 3539 3357 3591 τῶν
3408 3533 3643 3590 αἰώνων.
3698 3538 3792 3587 Ἀ-

368 3623 499 3696 μήν.

433 3845 750 3932 (αλῐξειιαιο,
803 3843 1021 3903 τοιάνδε
1078 3849 1235 3905 Infra
1288 3849 1468 3918 idem,
1527 3846 1605 3910 εἰς
1659 3847 1750 3902 τὸν
1781 3846 2012 3924 Χριστὸν

2136 3851 2253 3931 ator
2281 3847 2712 3932 benevolentiae
2743 3847 3148 3932 hoc‘tempore
3170 3848 3313 3932 dare
3341 3847 3634 3932 festinatis
3650 3863 3793 3921 ope-

367 3912 755 3976 £665606vtwv.

436 3992 516 4062 (ὁ)
550 3987 913 4062 Palat.,_1:v6c
948 3986 1222 4062 μεγάλους
1254 3988 1481 4062 ἐπισημ.

435 4060 634 4137 (6)_Sic
693 4060 899 4137 Palat.,
948 4060 1113 4137 Editi
1170 4078 1326 4137 vero,
1360 4060 1433 4117 ἐνῇ
1472 4060 2015 4137 ὐπατείά-Θραϊανοῦ.

365 4132 472 4206 Hic
489 4132 779 4206 desinunt
804 4134 866 4189 in
896 4132 1035 4206 edit.
1067 4133 1349 4206 Commel.
1382 4134 1552 4206 varias
1586 4132 1861 4190 lectiones
1892 4132 2017 4190 Fel-

364 4204 645 4261 ckmanni
672 4205 780 4262 viri
838 4204 1089 4262 studiosi
1143 4210 1203 4263 et
1258 4204 1676 4263 de‘Athanasio
1717 4207 1864 4263 bene
1894 4220 2018 4260 me-

364 4276 486 4347 riti,
518 4276 621 4350 qui
647 4293 825 4333 suum
854 4277 938 4334 ita
966 4276 1190 4334 claudit
1218 4293 1367 4351 opus
1395 4295 1409 4334 :
1451 4300 1481 4329 ‹‹
1503 4279 1576 4335 Et
1594 4277 1903 4351 haecsunt,
1937 4276 2018 4333 le-

2128 3919 2211 3976 ris
2241 3920 2562 3993 potuimus.
2604 3919 2689 3975 ’In
2749 3919 2967 3993 quibus
3004 3919 3075 3993 isi
3101 3937 3254 3993 quae
3284 3920 3433 3977 forte
3462 3924 3621 3993 sunt,
3652 3919 3792 3993 qum

2127 4007 2337 4073 parum
2374 3992 2446 4046 ad
2478 3994 2742 4073 gustum,
2766 3991 2833 4073 ut
2858 3992 3049 4073 .nobis
3085 3991 3372 4073 ignoscas
3411 3991 3793 4073 etiamstque

2126 4061 2302 4118 etiam
2336 4061 2596 4135 oramus.
2629 4061 2791 4135 Quod
2826 4061 3149 4135 siquando
3172 4062 3402 4135 occasio
3433 4062 3611 4119 fuerit
3665 4061 3791 4120 h‘ec

2126 4133 2605 4207 recognoscendi,
2640 4133 3015 4217 meditatiora
3067 4138 3124 4216 et
3154 4133 3325 4207 plura
3368 4135 3585 4262 (spero)
3615 4135 3791 4191 dabi-

2127 4221 2284 4261 mus.
2317 4206 2406 4261 Tu
2436 4222 2595 4261 nunc
2626 4205 2747 4261 haec
2777 4221 2915 4265 aqui
2946 4206 3205 4265 bonique
3232 4223 3417 4265 consu
3443 4223 3496 4265 e.
3526 4222 3595 4262 ac
3620 4206 3781 4264 frue-

2127 4206 2289 4261 mus.
2317 4206 2406 4261 Tu
2436 4222 2595 4261 nunc
2626 4206 2747 4261 haec
2777 4206 2915 4277 aqui
2946 4206 3086 4262 boni
3133 4206 3205 4262 ue
3232 4206 3496 4277 consule,

2126 4293 2208 4332 re.
2239 4275 2382 4334 Vale
2413 4276 2592 4334 simul
2625 4277 2803 4334 etiam
2833 4281 3010 4350 atque
3040 4223 3220 4335 sﬁve.
3260 4300 3287 4326 ι»

1202 4698 2000 4797 ATHANASIUS
2077 4698 2941 4795 APOSTOLICUS

1558 4969 1741 5015 INTER
1782 4966 2198 5043 PATItlARCHAS
2240 4965 2582 5028 νισεευιυε,

680 5179 827 5243 Sive
854 5177 1002 5242 Vita
1030 5171 1361 5237 Athanasii
1386 5189 1464 5234 ex
1497 5168 1766 5235 Arabico
1795 5185 1998 5244 versa,
2027 5167 2368 5248 interprete
2396 5165 2532 5228 viro
2560 5164 2904 5228 clarissimo
2938 5168 3013 5228 D.
3050 5168 3461 5232 Renaudotio.

430 5526 579 5588 Cum
608 5528 853 5586 obiisset
880 5526 988 5601 pits
1017 5523 1314 5582 memoriis
1361 5525 1533 5580 Pater
1583 5518 1923 5589 Alexander,
1954 5517 2012 5577 vi
2040 5519 2089 5589 Β
2119 5520 2268 5574 trem
2291 5516 2674 5574 Athanasium
2689 5520 2745 5573 et
2765 5516 2824 5572 in
2838 5515 2984 5575 solio
3001 5517 3332 5592 evangelica
3345 5518 3786 5577 collocaverunt

356 5623 542 5679 duata
559 5621 650 5675 est
667 5615 871 5690 paucis
892 5614 1212 5673 admodum
1227 5612 1439 5669 diebus
1450 5607 1709 5669 Ecclesia
1732 5627 1746 5681 ;
1769 5624 2015 5682 congre-

353 5712 492 5789 gata
508 5705 669 5771 enim
688 5702 859 5787 plebe
872 5701 1183 5763 consilium
1201 5699 1464 5761 inierunt
1485 5698 1902 5776 elegeruntque
1913 5696 2015 5756 Pa-

2124 5605 2372 5681 Scripsit
2400 5603 2501 5663 ille
2530 5608 2816 5663 tractatus
2846 5606 3092 5666 eximios
3122 5613 3181 5665 et
3209 5608 3504 5665 orationes
3534 5602 3782 5673 multas,

2121 5700 2483 5775 vocatusque
2510 5700 2601 5756 est
2628 5695 2689 5754 in
2719 5694 3118 5774 patriarchatu
3150 5713 3258 5759 suo
3315 5690 3678 5774 apostolicus
3704 5695 3785 5758 ob
