  <div class='ocr_page' id='page_1' title='image "/cluster/home/n/w/nwhite01/storage/ocr_20150623/25:no.1/coo.31924054873066/260.png"; bbox 0 0 4146 6376; ppageno 0'>
   <div class='ocr_carea' id='block_1_1' title="bbox 1259 391 2893 456">
    <p class='ocr_par' dir='ltr' id='par_1_1' title="bbox 1259 391 2893 456">
     <span class='ocr_line' id='line_1_1' title="bbox 1259 391 2893 456; baseline -0.001 -1"><span class='ocrx_word' id='word_1_1' title='bbox 1259 393 1445 455; x_wconf 84' lang='lat' dir='ltr'>VITA</span> <span class='ocrx_word' id='word_1_2' title='bbox 1489 394 1552 453; x_wconf 90' lang='lat' dir='ltr'>S.</span> <span class='ocrx_word' id='word_1_3' title='bbox 1601 391 2031 456; x_wconf 86' lang='lat' dir='ltr'>ATHANASII</span> <span class='ocrx_word' id='word_1_4' title='bbox 2074 392 2180 455; x_wconf 90' lang='lat' dir='ltr'>EX</span> <span class='ocrx_word' id='word_1_5' title='bbox 2224 392 2566 455; x_wconf 83' lang='lat' dir='ltr'>ARABICO</span> <span class='ocrx_word' id='word_1_6' title='bbox 2609 393 2893 455; x_wconf 85' lang='lat' dir='ltr'>VERSA.</span> 
     </span>
    </p>
   </div>
   <div class='ocr_carea' id='block_1_2' title="bbox 3550 406 3782 456">
    <p class='ocr_par' dir='ltr' id='par_1_2' title="bbox 3550 406 3782 456">
     <span class='ocr_line' id='line_1_2' title="bbox 3550 406 3782 456; baseline 0 -1"><span class='ocrx_word' id='word_1_7' title='bbox 3550 406 3782 456; x_wconf 79' lang='lat' dir='ltr'>CCXLVII</span> 
     </span>
    </p>
   </div>
   <div class='ocr_carea' id='block_1_3' title="bbox 366 524 3778 599">
    <p class='ocr_par' dir='ltr' id='par_1_3' title="bbox 366 524 3778 599">
     <span class='ocr_line' id='line_1_3' title="bbox 366 524 3778 599; baseline 0.003 -26"><span class='ocrx_word' id='word_1_8' title='bbox 366 534 557 575; x_wconf 85' lang='lat' dir='ltr'>rerum</span> <span class='ocrx_word' id='word_1_9' title='bbox 590 525 893 593; x_wconf 88' lang='lat' dir='ltr'>gestarum</span> <span class='ocrx_word' id='word_1_10' title='bbox 925 524 1348 594; x_wconf 81' lang='lat' dir='ltr'>excellentiam,</span> <span class='ocrx_word' id='word_1_11' title='bbox 1386 531 1619 599; x_wconf 85' lang='lat' dir='ltr'>propter</span> <span class='ocrx_word' id='word_1_12' title='bbox 1666 543 1793 598; x_wconf 86' lang='lat' dir='ltr'>qua</span> <span class='ocrx_word' id='word_1_13' title='bbox 1845 544 2013 599; x_wconf 87' lang='lat' dir='ltr'>apos-</span> <span class='ocrx_word' id='word_1_14' title='bbox 2041 531 2097 598; x_wconf 83' lang='grc' dir='ltr'><strong>Α</strong></span> <span class='ocrx_word' id='word_1_15' title='bbox 2128 526 2304 591; x_wconf 88' lang='lat' dir='ltr'>visso,</span> <span class='ocrx_word' id='word_1_16' title='bbox 2337 542 2524 598; x_wconf 89' lang='lat' dir='ltr'>neque</span> <span class='ocrx_word' id='word_1_17' title='bbox 2554 528 2944 582; x_wconf 84' lang='lat' dir='ltr'>manducasse</span> <span class='ocrx_word' id='word_1_18' title='bbox 2970 525 3083 582; x_wconf 89' lang='lat' dir='ltr'>nisi</span> <span class='ocrx_word' id='word_1_19' title='bbox 3139 542 3206 581; x_wconf 90' lang='lat' dir='ltr'>ea</span> <span class='ocrx_word' id='word_1_20' title='bbox 3246 525 3571 599; x_wconf 89' lang='lat' dir='ltr'>prescripta</span> <span class='ocrx_word' id='word_1_21' title='bbox 3614 544 3778 584; x_wconf 88' lang='lat' dir='ltr'>men-</span> 
     </span>
    </p>
   </div>
   <div class='ocr_carea' id='block_1_4' title="bbox 360 608 1017 671">
    <p class='ocr_par' dir='ltr' id='par_1_4' title="bbox 360 608 1017 671">
     <span class='ocr_line' id='line_1_4' title="bbox 360 608 1017 671; baseline 0.009 -8"><span class='ocrx_word' id='word_1_22' title='bbox 360 608 549 665; x_wconf 88' lang='lat' dir='ltr'>tolicis</span> <span class='ocrx_word' id='word_1_23' title='bbox 580 616 747 668; x_wconf 89' lang='lat' dir='ltr'>erant</span> <span class='ocrx_word' id='word_1_24' title='bbox 773 614 1017 671; x_wconf 84' lang='lat' dir='ltr'>similes.</span> 
     </span>
    </p>
   </div>
   <div class='ocr_carea' id='block_1_5' title="bbox 427 761 2014 839">
    <p class='ocr_par' dir='ltr' id='par_1_5' title="bbox 427 761 2014 839">
     <span class='ocr_line' id='line_1_5' title="bbox 427 761 2014 839; baseline 0.004 -25"><span class='ocrx_word' id='word_1_25' title='bbox 427 761 564 831; x_wconf 86' lang='lat' dir='ltr'>Ejus</span> <span class='ocrx_word' id='word_1_26' title='bbox 594 766 857 835; x_wconf 91' lang='lat' dir='ltr'>tempore</span> <span class='ocrx_word' id='word_1_27' title='bbox 888 765 1091 821; x_wconf 91' lang='lat' dir='ltr'>habita</span> <span class='ocrx_word' id='word_1_28' title='bbox 1122 770 1211 822; x_wconf 90' lang='lat' dir='ltr'>est</span> <span class='ocrx_word' id='word_1_29' title='bbox 1244 768 1505 839; x_wconf 75' lang='lat' dir='ltr'>synodus</span> <span class='ocrx_word' id='word_1_30' title='bbox 1534 766 1591 821; x_wconf 88' lang='lat' dir='ltr'>in</span> <span class='ocrx_word' id='word_1_31' title='bbox 1640 766 1887 832; x_wconf 81' lang='lat' dir='ltr'>Galatia,</span> <span class='ocrx_word' id='word_1_32' title='bbox 1920 766 2014 821; x_wconf 90' lang='lat' dir='ltr'>cui</span> 
     </span>
    </p>
   </div>
   <div class='ocr_carea' id='block_1_6' title="bbox 367 848 2012 927">
    <p class='ocr_par' dir='ltr' id='par_1_6' title="bbox 367 848 2012 927">
     <span class='ocr_line' id='line_1_6' title="bbox 367 848 2012 927; baseline 0.005 -26"><span class='ocrx_word' id='word_1_33' title='bbox 367 848 910 908; x_wconf 80' lang='lat' dir='ltr'>interfuitBasilius</span> <span class='ocrx_word' id='word_1_34' title='bbox 942 855 1188 927; x_wconf 87' lang='lat' dir='ltr'>Magnus</span> <span class='ocrx_word' id='word_1_35' title='bbox 1249 860 1454 911; x_wconf 84' lang='lat' dir='ltr'>auctor</span> <span class='ocrx_word' id='word_1_36' title='bbox 1512 855 1803 927; x_wconf 86' lang='lat' dir='ltr'>Liturgia,</span> <span class='ocrx_word' id='word_1_37' title='bbox 1866 860 2012 909; x_wconf 93' lang='lat' dir='ltr'>tem-</span> 
     </span>
    </p>
   </div>
   <div class='ocr_carea' id='block_1_7' title="bbox 350 938 2014 1015">
    <p class='ocr_par' dir='ltr' id='par_1_7' title="bbox 350 938 2014 1015">
     <span class='ocr_line' id='line_1_7' title="bbox 350 938 2014 1015; baseline 0.003 -24"><span class='ocrx_word' id='word_1_38' title='bbox 350 953 492 1008; x_wconf 92' lang='lat' dir='ltr'>pore</span> <span class='ocrx_word' id='word_1_39' title='bbox 520 938 742 995; x_wconf 86' lang='lat' dir='ltr'>Juliani</span> <span class='ocrx_word' id='word_1_40' title='bbox 778 942 1145 1014; x_wconf 86' lang='lat' dir='ltr'>imperatoris</span> <span class='ocrx_word' id='word_1_41' title='bbox 1177 948 1473 1015; x_wconf 80' lang='lat' dir='ltr'>apostata.</span> <span class='ocrx_word' id='word_1_42' title='bbox 1507 944 1780 999; x_wconf 87' lang='lat' dir='ltr'>Julianus</span> <span class='ocrx_word' id='word_1_43' title='bbox 1832 944 2014 998; x_wconf 91' lang='lat' dir='ltr'>Patri-</span> 
     </span>
    </p>
   </div>
   <div class='ocr_carea' id='block_1_8' title="bbox 349 1026 2013 1104">
    <p class='ocr_par' dir='ltr' id='par_1_8' title="bbox 349 1026 2013 1104">
     <span class='ocr_line' id='line_1_8' title="bbox 349 1026 2013 1104; baseline 0.002 -22"><span class='ocrx_word' id='word_1_44' title='bbox 349 1026 479 1083; x_wconf 86' lang='lat' dir='ltr'>cius</span> <span class='ocrx_word' id='word_1_45' title='bbox 510 1027 647 1083; x_wconf 86' lang='lat' dir='ltr'>huic</span> <span class='ocrx_word' id='word_1_46' title='bbox 689 1032 911 1102; x_wconf 83' lang='lat' dir='ltr'>synodo</span> <span class='ocrx_word' id='word_1_47' title='bbox 979 1033 1345 1104; x_wconf 68' lang='lat' dir='ltr'>praesidebat,</span> <span class='ocrx_word' id='word_1_48' title='bbox 1404 1034 1580 1088; x_wconf 91' lang='lat' dir='ltr'>Porro</span> <span class='ocrx_word' id='word_1_49' title='bbox 1638 1050 1771 1088; x_wconf 92' lang='lat' dir='ltr'>cum</span> <span class='ocrx_word' id='word_1_50' title='bbox 1829 1032 2013 1088; x_wconf 90' lang='lat' dir='ltr'>Julia-</span> 
     </span>
    </p>
   </div>
   <div class='ocr_carea' id='block_1_9' title="bbox 349 1116 2013 1194">
    <p class='ocr_par' dir='ltr' id='par_1_9' title="bbox 349 1116 2013 1194">
     <span class='ocr_line' id='line_1_9' title="bbox 349 1116 2013 1194; baseline 0.004 -24"><span class='ocrx_word' id='word_1_51' title='bbox 349 1133 466 1172; x_wconf 88' lang='lat' dir='ltr'>nus</span> <span class='ocrx_word' id='word_1_52' title='bbox 497 1116 816 1189; x_wconf 87' lang='lat' dir='ltr'>imperator</span> <span class='ocrx_word' id='word_1_53' title='bbox 870 1122 1099 1177; x_wconf 90' lang='lat' dir='ltr'>occisus</span> <span class='ocrx_word' id='word_1_54' title='bbox 1160 1122 1371 1178; x_wconf 86' lang='lat' dir='ltr'>fuisset</span> <span class='ocrx_word' id='word_1_55' title='bbox 1420 1140 1599 1177; x_wconf 91' lang='lat' dir='ltr'>manu</span> <span class='ocrx_word' id='word_1_56' title='bbox 1630 1122 1831 1194; x_wconf 82' lang='lat' dir='ltr'>inclyti</span> <span class='ocrx_word' id='word_1_57' title='bbox 1858 1138 2013 1177; x_wconf 90' lang='lat' dir='ltr'>mar-</span> 
     </span>
    </p>
   </div>
   <div class='ocr_carea' id='block_1_10' title="bbox 348 1205 2014 1285">
    <p class='ocr_par' dir='ltr' id='par_1_10' title="bbox 348 1205 2014 1285">
     <span class='ocr_line' id='line_1_10' title="bbox 348 1205 2014 1285; baseline 0.004 -26"><span class='ocrx_word' id='word_1_58' title='bbox 348 1205 499 1277; x_wconf 83' lang='lat' dir='ltr'>tyris</span> <span class='ocrx_word' id='word_1_59' title='bbox 530 1207 824 1278; x_wconf 89' lang='lat' dir='ltr'>Mercurii,</span> <span class='ocrx_word' id='word_1_60' title='bbox 858 1228 1162 1267; x_wconf 89' lang='lat' dir='ltr'>successor</span> <span class='ocrx_word' id='word_1_61' title='bbox 1192 1213 1319 1283; x_wconf 87' lang='lat' dir='ltr'>ejus</span> <span class='ocrx_word' id='word_1_62' title='bbox 1352 1212 1410 1267; x_wconf 90' lang='lat' dir='ltr'>in</span> <span class='ocrx_word' id='word_1_63' title='bbox 1444 1211 1690 1285; x_wconf 91' lang='lat' dir='ltr'>imperio</span> <span class='ocrx_word' id='word_1_64' title='bbox 1738 1212 2014 1267; x_wconf 88' lang='lat' dir='ltr'>Jovianus</span> 
     </span>
    </p>
   </div>
   <div class='ocr_carea' id='block_1_11' title="bbox 344 1294 2012 1373">
    <p class='ocr_par' dir='ltr' id='par_1_11' title="bbox 344 1294 2012 1373">
     <span class='ocr_line' id='line_1_11' title="bbox 344 1294 2012 1373; baseline 0.005 -25"><span class='ocrx_word' id='word_1_65' title='bbox 344 1294 639 1352; x_wconf 84' lang='lat' dir='ltr'>Patricius</span> <span class='ocrx_word' id='word_1_66' title='bbox 672 1298 801 1362; x_wconf 84' lang='lat' dir='ltr'>fuit,</span> <span class='ocrx_word' id='word_1_67' title='bbox 838 1302 947 1354; x_wconf 89' lang='lat' dir='ltr'>sub</span> <span class='ocrx_word' id='word_1_68' title='bbox 980 1317 1095 1373; x_wconf 94' lang='lat' dir='ltr'>quo</span> <span class='ocrx_word' id='word_1_69' title='bbox 1127 1300 1386 1357; x_wconf 89' lang='lat' dir='ltr'>Ecclesia</span> <span class='ocrx_word' id='word_1_70' title='bbox 1435 1302 1689 1373; x_wconf 90' lang='lat' dir='ltr'>quietem</span> <span class='ocrx_word' id='word_1_71' title='bbox 1737 1300 2012 1357; x_wconf 87' lang='lat' dir='ltr'>obtinuit.</span> 
     </span>
    </p>
   </div>
   <div class='ocr_carea' id='block_1_12' title="bbox 340 1384 2014 1461">
    <p class='ocr_par' dir='ltr' id='par_1_12' title="bbox 340 1384 2014 1461">
     <span class='ocr_line' id='line_1_12' title="bbox 340 1384 2014 1461; baseline 0.004 -23"><span class='ocrx_word' id='word_1_72' title='bbox 340 1384 713 1442; x_wconf 85' lang='lat' dir='ltr'>Athanasius</span> <span class='ocrx_word' id='word_1_73' title='bbox 742 1387 982 1459; x_wconf 90' lang='lat' dir='ltr'>quidem</span> <span class='ocrx_word' id='word_1_74' title='bbox 1013 1389 1346 1461; x_wconf 86' lang='lat' dir='ltr'>patriarcha</span> <span class='ocrx_word' id='word_1_75' title='bbox 1376 1391 1739 1446; x_wconf 87' lang='lat' dir='ltr'>calamitates</span> <span class='ocrx_word' id='word_1_76' title='bbox 1796 1389 2014 1445; x_wconf 91' lang='lat' dir='ltr'>multas</span> 
     </span>
    </p>
   </div>
   <div class='ocr_carea' id='block_1_13' title="bbox 340 1474 2013 1551">
    <p class='ocr_par' dir='ltr' id='par_1_13' title="bbox 340 1474 2013 1551">
     <span class='ocr_line' id='line_1_13' title="bbox 340 1474 2013 1551; baseline 0.003 -23"><span class='ocrx_word' id='word_1_77' title='bbox 340 1474 652 1541; x_wconf 88' lang='lat' dir='ltr'>sustinuit,</span> <span class='ocrx_word' id='word_1_78' title='bbox 683 1480 739 1531; x_wconf 90' lang='lat' dir='ltr'>et</span> <span class='ocrx_word' id='word_1_79' title='bbox 771 1476 831 1531; x_wconf 91' lang='lat' dir='ltr'>in</span> <span class='ocrx_word' id='word_1_80' title='bbox 864 1477 1135 1534; x_wconf 87' lang='lat' dir='ltr'>exsilium</span> <span class='ocrx_word' id='word_1_81' title='bbox 1196 1481 1418 1551; x_wconf 90' lang='lat' dir='ltr'>ejectus</span> <span class='ocrx_word' id='word_1_82' title='bbox 1482 1484 1589 1546; x_wconf 89' lang='lat' dir='ltr'>est,</span> <span class='ocrx_word' id='word_1_83' title='bbox 1648 1478 1889 1551; x_wconf 77' lang='lat' dir='ltr'>maligni</span> <span class='ocrx_word' id='word_1_84' title='bbox 1930 1477 2013 1533; x_wconf 84' lang='lat' dir='ltr'>la-</span> 
     </span>
    </p>
   </div>
   <div class='ocr_carea' id='block_1_14' title="bbox 341 1562 2013 1637">
    <p class='ocr_par' dir='ltr' id='par_1_14' title="bbox 341 1562 2013 1637">
     <span class='ocr_line' id='line_1_14' title="bbox 341 1562 2013 1637; baseline 0.004 -20"><span class='ocrx_word' id='word_1_85' title='bbox 341 1562 520 1634; x_wconf 88' lang='lat' dir='ltr'>queis</span> <span class='ocrx_word' id='word_1_86' title='bbox 552 1563 1014 1637; x_wconf 83' lang='lat' dir='ltr'>circumventus,</span> <span class='ocrx_word' id='word_1_87' title='bbox 1052 1569 1195 1623; x_wconf 90' lang='lat' dir='ltr'>adeo</span> <span class='ocrx_word' id='word_1_88' title='bbox 1229 1573 1293 1624; x_wconf 91' lang='lat' dir='ltr'>ut</span> <span class='ocrx_word' id='word_1_89' title='bbox 1324 1586 1357 1624; x_wconf 92' lang='lat' dir='ltr'>a</span> <span class='ocrx_word' id='word_1_90' title='bbox 1388 1570 1525 1625; x_wconf 88' lang='lat' dir='ltr'>sede</span> <span class='ocrx_word' id='word_1_91' title='bbox 1556 1586 1664 1624; x_wconf 89' lang='lat' dir='ltr'>sua</span> <span class='ocrx_word' id='word_1_92' title='bbox 1693 1570 1894 1623; x_wconf 89' lang='lat' dir='ltr'>abesse</span> <span class='ocrx_word' id='word_1_93' title='bbox 1919 1585 2013 1623; x_wconf 90' lang='lat' dir='ltr'>co-</span> 
     </span>
    </p>
   </div>
   <div class='ocr_carea' id='block_1_15' title="bbox 336 1654 2016 1730">
    <p class='ocr_par' dir='ltr' id='par_1_15' title="bbox 336 1654 2016 1730">
     <span class='ocr_line' id='line_1_15' title="bbox 336 1654 2016 1730; baseline 0.002 -23"><span class='ocrx_word' id='word_1_94' title='bbox 336 1657 513 1708; x_wconf 86' lang='lat' dir='ltr'>actus</span> <span class='ocrx_word' id='word_1_95' title='bbox 543 1654 738 1720; x_wconf 88' lang='lat' dir='ltr'>fuerit,</span> <span class='ocrx_word' id='word_1_96' title='bbox 771 1658 1061 1711; x_wconf 88' lang='lat' dir='ltr'>malorum</span> <span class='ocrx_word' id='word_1_97' title='bbox 1098 1675 1225 1728; x_wconf 78' lang='lat' dir='ltr'>qua</span> <span class='ocrx_word' id='word_1_98' title='bbox 1260 1674 1576 1730; x_wconf 89' lang='lat' dir='ltr'>perpessus</span> <span class='ocrx_word' id='word_1_99' title='bbox 1600 1662 1723 1712; x_wconf 90' lang='lat' dir='ltr'>erat</span> <span class='ocrx_word' id='word_1_100' title='bbox 1754 1656 2016 1711; x_wconf 92' lang='lat' dir='ltr'>multitu-</span> 
     </span>
    </p>
   </div>
   <div class='ocr_carea' id='block_1_16' title="bbox 333 1740 2013 1819">
    <p class='ocr_par' dir='ltr' id='par_1_16' title="bbox 333 1740 2013 1819">
     <span class='ocr_line' id='line_1_16' title="bbox 333 1740 2013 1819; baseline 0.002 -24"><span class='ocrx_word' id='word_1_101' title='bbox 333 1740 501 1795; x_wconf 90' lang='lat' dir='ltr'>dine.</span> <span class='ocrx_word' id='word_1_102' title='bbox 534 1742 735 1813; x_wconf 87' lang='lat' dir='ltr'>Itaque</span> <span class='ocrx_word' id='word_1_103' title='bbox 793 1743 852 1799; x_wconf 92' lang='lat' dir='ltr'>in</span> <span class='ocrx_word' id='word_1_104' title='bbox 916 1744 1116 1813; x_wconf 89' lang='lat' dir='ltr'>Sahid,</span> <span class='ocrx_word' id='word_1_105' title='bbox 1173 1762 1275 1801; x_wconf 88' lang='lat' dir='ltr'>seu</span> <span class='ocrx_word' id='word_1_106' title='bbox 1311 1747 1670 1819; x_wconf 88' lang='lat' dir='ltr'>superiorem</span> <span class='ocrx_word' id='word_1_107' title='bbox 1703 1747 2013 1818; x_wconf 70' lang='lat' dir='ltr'>zEgyptnm</span> 
     </span>
    </p>
   </div>
   <div class='ocr_carea' id='block_1_17' title="bbox 334 1830 2015 1907">
    <p class='ocr_par' dir='ltr' id='par_1_17' title="bbox 334 1830 2015 1907">
     <span class='ocr_line' id='line_1_17' title="bbox 334 1830 2015 1907; baseline 0.003 -23"><span class='ocrx_word' id='word_1_108' title='bbox 334 1830 666 1901; x_wconf 84' lang='lat' dir='ltr'>profectus,</span> <span class='ocrx_word' id='word_1_109' title='bbox 702 1832 922 1888; x_wconf 88' lang='lat' dir='ltr'>mansit</span> <span class='ocrx_word' id='word_1_110' title='bbox 952 1833 1070 1890; x_wconf 91' lang='lat' dir='ltr'>illic</span> <span class='ocrx_word' id='word_1_111' title='bbox 1103 1851 1206 1907; x_wconf 91' lang='lat' dir='ltr'>per</span> <span class='ocrx_word' id='word_1_112' title='bbox 1235 1852 1420 1891; x_wconf 86' lang='lat' dir='ltr'>annos</span> <span class='ocrx_word' id='word_1_113' title='bbox 1446 1835 1686 1904; x_wconf 91' lang='lat' dir='ltr'>multos,</span> <span class='ocrx_word' id='word_1_114' title='bbox 1723 1834 2015 1891; x_wconf 87' lang='lat' dir='ltr'>simulans</span> 
     </span>
    </p>
   </div>
   <div class='ocr_carea' id='block_1_18' title="bbox 334 1906 2092 1996">
    <p class='ocr_par' dir='ltr' id='par_1_18' title="bbox 334 1906 2092 1996">
     <span class='ocr_line' id='line_1_18' title="bbox 334 1906 2092 1996; baseline 0.003 -21"><span class='ocrx_word' id='word_1_115' title='bbox 334 1936 410 1975; x_wconf 89' lang='lat' dir='ltr'>se</span> <span class='ocrx_word' id='word_1_116' title='bbox 440 1936 569 1976; x_wconf 89' lang='lat' dir='ltr'>esse</span> <span class='ocrx_word' id='word_1_117' title='bbox 602 1922 955 1994; x_wconf 88' lang='lat' dir='ltr'>operarium,</span> <span class='ocrx_word' id='word_1_118' title='bbox 1012 1906 1193 1996; x_wconf 87' lang='lat' dir='ltr'>seque</span> <span class='ocrx_word' id='word_1_119' title='bbox 1252 1925 1677 1981; x_wconf 88' lang='lat' dir='ltr'>mercenarium</span> <span class='ocrx_word' id='word_1_120' title='bbox 1733 1924 2010 1991; x_wconf 70' lang='lat' dir='ltr'>eﬂiciens‘,</span> <span class='ocrx_word' id='word_1_121' title='bbox 2044 1906 2092 1970; x_wconf 83' lang='grc' dir='ltr'>Β</span> 
     </span>
    </p>
   </div>
   <div class='ocr_carea' id='block_1_19' title="bbox 331 2010 2004 2085">
    <p class='ocr_par' dir='ltr' id='par_1_19' title="bbox 331 2010 2004 2085">
     <span class='ocr_line' id='line_1_19' title="bbox 331 2010 2004 2085; baseline 0.004 -22"><span class='ocrx_word' id='word_1_122' title='bbox 331 2025 537 2079; x_wconf 88' lang='lat' dir='ltr'>neque</span> <span class='ocrx_word' id='word_1_123' title='bbox 568 2010 958 2068; x_wconf 85' lang='lat' dir='ltr'>manifestans</span> <span class='ocrx_word' id='word_1_124' title='bbox 990 2030 1051 2069; x_wconf 91' lang='lat' dir='ltr'>se</span> <span class='ocrx_word' id='word_1_125' title='bbox 1082 2030 1213 2069; x_wconf 92' lang='lat' dir='ltr'>esse</span> <span class='ocrx_word' id='word_1_126' title='bbox 1245 2014 1659 2085; x_wconf 91' lang='lat' dir='ltr'>patriarcham.</span> <span class='ocrx_word' id='word_1_127' title='bbox 1686 2015 2004 2085; x_wconf 91' lang='lat' dir='ltr'>Imperato-</span> 
     </span>
    </p>
   </div>
   <div class='ocr_carea' id='block_1_20' title="bbox 331 2098 2005 2176">
    <p class='ocr_par' dir='ltr' id='par_1_20' title="bbox 331 2098 2005 2176">
     <span class='ocr_line' id='line_1_20' title="bbox 331 2098 2005 2176; baseline 0.004 -24"><span class='ocrx_word' id='word_1_128' title='bbox 331 2113 439 2154; x_wconf 90' lang='lat' dir='ltr'>res</span> <span class='ocrx_word' id='word_1_129' title='bbox 469 2098 755 2166; x_wconf 81' lang='lat' dir='ltr'>infideles,</span> <span class='ocrx_word' id='word_1_130' title='bbox 787 2101 1000 2157; x_wconf 81' lang='lat' dir='ltr'>Valens</span> <span class='ocrx_word' id='word_1_131' title='bbox 1032 2102 1253 2158; x_wconf 86' lang='lat' dir='ltr'>scilicet</span> <span class='ocrx_word' id='word_1_132' title='bbox 1285 2109 1341 2159; x_wconf 90' lang='lat' dir='ltr'>et</span> <span class='ocrx_word' id='word_1_133' title='bbox 1464 2121 1566 2176; x_wconf 91' lang='lat' dir='ltr'>per</span> <span class='ocrx_word' id='word_1_134' title='bbox 1595 2120 1783 2159; x_wconf 89' lang='lat' dir='ltr'>annos</span> <span class='ocrx_word' id='word_1_135' title='bbox 1823 2102 2005 2159; x_wconf 87' lang='lat' dir='ltr'>unde-</span> 
     </span>
    </p>
   </div>
   <div class='ocr_carea' id='block_1_21' title="bbox 331 2187 2007 2260">
    <p class='ocr_par' dir='ltr' id='par_1_21' title="bbox 331 2187 2007 2260">
     <span class='ocr_line' id='line_1_21' title="bbox 331 2187 2007 2260; baseline 0.002 -18"><span class='ocrx_word' id='word_1_136' title='bbox 331 2187 461 2243; x_wconf 90' lang='lat' dir='ltr'>cim</span> <span class='ocrx_word' id='word_1_137' title='bbox 493 2188 808 2260; x_wconf 92' lang='lat' dir='ltr'>imperium</span> <span class='ocrx_word' id='word_1_138' title='bbox 843 2191 1241 2247; x_wconf 86' lang='lat' dir='ltr'>obtinuerunt.</span> <span class='ocrx_word' id='word_1_139' title='bbox 1277 2194 1519 2258; x_wconf 88' lang='lat' dir='ltr'>Quando</span> <span class='ocrx_word' id='word_1_140' title='bbox 1551 2196 1746 2248; x_wconf 92' lang='lat' dir='ltr'>autem</span> <span class='ocrx_word' id='word_1_141' title='bbox 1778 2193 1893 2248; x_wconf 92' lang='lat' dir='ltr'>Deo</span> <span class='ocrx_word' id='word_1_142' title='bbox 1923 2192 2007 2246; x_wconf 93' lang='lat' dir='ltr'>vi-</span> 
     </span>
    </p>
   </div>
   <div class='ocr_carea' id='block_1_22' title="bbox 329 2277 2006 2349">
    <p class='ocr_par' dir='ltr' id='par_1_22' title="bbox 329 2277 2006 2349">
     <span class='ocr_line' id='line_1_22' title="bbox 329 2277 2006 2349; baseline 0.004 -19"><span class='ocrx_word' id='word_1_143' title='bbox 329 2292 480 2331; x_wconf 87' lang='lat' dir='ltr'>sum</span> <span class='ocrx_word' id='word_1_144' title='bbox 513 2280 603 2331; x_wconf 91' lang='lat' dir='ltr'>est</span> <span class='ocrx_word' id='word_1_145' title='bbox 633 2280 699 2330; x_wconf 91' lang='lat' dir='ltr'>ut</span> <span class='ocrx_word' id='word_1_146' title='bbox 729 2277 855 2331; x_wconf 90' lang='lat' dir='ltr'>sedi</span> <span class='ocrx_word' id='word_1_147' title='bbox 887 2295 1008 2335; x_wconf 85' lang='lat' dir='ltr'>sua</span> <span class='ocrx_word' id='word_1_148' title='bbox 1039 2280 1467 2349; x_wconf 89' lang='lat' dir='ltr'>restitueretur,</span> <span class='ocrx_word' id='word_1_149' title='bbox 1530 2282 1847 2337; x_wconf 90' lang='lat' dir='ltr'>secundum</span> <span class='ocrx_word' id='word_1_150' title='bbox 1879 2298 2006 2337; x_wconf 88' lang='lat' dir='ltr'>ora-</span> 
     </span>
    </p>
   </div>
   <div class='ocr_carea' id='block_1_23' title="bbox 324 2364 2006 2443">
    <p class='ocr_par' dir='ltr' id='par_1_23' title="bbox 324 2364 2006 2443">
     <span class='ocr_line' id='line_1_23' title="bbox 324 2364 2006 2443; baseline 0.004 -25"><span class='ocrx_word' id='word_1_151' title='bbox 324 2364 529 2420; x_wconf 85' lang='lat' dir='ltr'>tiones</span> <span class='ocrx_word' id='word_1_152' title='bbox 557 2365 685 2435; x_wconf 86' lang='lat' dir='ltr'>ejus</span> <span class='ocrx_word' id='word_1_153' title='bbox 718 2371 954 2423; x_wconf 88' lang='lat' dir='ltr'>sanctas</span> <span class='ocrx_word' id='word_1_154' title='bbox 984 2373 1041 2424; x_wconf 92' lang='lat' dir='ltr'>et</span> <span class='ocrx_word' id='word_1_155' title='bbox 1073 2376 1362 2442; x_wconf 85' lang='lat' dir='ltr'>acceptas,</span> <span class='ocrx_word' id='word_1_156' title='bbox 1398 2371 1654 2442; x_wconf 89' lang='lat' dir='ltr'>perdidit</span> <span class='ocrx_word' id='word_1_157' title='bbox 1684 2372 2006 2443; x_wconf 89' lang='lat' dir='ltr'>imperato-</span> 
     </span>
    </p>
   </div>
   <div class='ocr_carea' id='block_1_24' title="bbox 330 2453 2009 2531">
    <p class='ocr_par' dir='ltr' id='par_1_24' title="bbox 330 2453 2009 2531">
     <span class='ocr_line' id='line_1_24' title="bbox 330 2453 2009 2531; baseline 0.004 -23"><span class='ocrx_word' id='word_1_158' title='bbox 330 2470 438 2509; x_wconf 86' lang='lat' dir='ltr'>res</span> <span class='ocrx_word' id='word_1_159' title='bbox 469 2453 605 2509; x_wconf 89' lang='lat' dir='ltr'>illos</span> <span class='ocrx_word' id='word_1_160' title='bbox 638 2460 826 2511; x_wconf 92' lang='lat' dir='ltr'>morte</span> <span class='ocrx_word' id='word_1_161' title='bbox 857 2457 1110 2529; x_wconf 88' lang='lat' dir='ltr'>funesta,</span> <span class='ocrx_word' id='word_1_162' title='bbox 1144 2459 1216 2513; x_wconf 94' lang='lat' dir='ltr'>ob</span> <span class='ocrx_word' id='word_1_163' title='bbox 1248 2458 1349 2514; x_wconf 90' lang='lat' dir='ltr'>illa</span> <span class='ocrx_word' id='word_1_164' title='bbox 1407 2476 1534 2531; x_wconf 89' lang='lat' dir='ltr'>qua</span> <span class='ocrx_word' id='word_1_165' title='bbox 1586 2464 1790 2515; x_wconf 88' lang='lat' dir='ltr'>contra</span> <span class='ocrx_word' id='word_1_166' title='bbox 1819 2459 2009 2515; x_wconf 88' lang='lat' dir='ltr'>ortho-</span> 
     </span>
    </p>
   </div>
   <div class='ocr_carea' id='block_1_25' title="bbox 328 2544 2009 2617">
    <p class='ocr_par' dir='ltr' id='par_1_25' title="bbox 328 2544 2009 2617">
     <span class='ocr_line' id='line_1_25' title="bbox 328 2544 2009 2617; baseline 0.003 -20"><span class='ocrx_word' id='word_1_167' title='bbox 328 2544 560 2598; x_wconf 87' lang='lat' dir='ltr'>doxam</span> <span class='ocrx_word' id='word_1_168' title='bbox 595 2544 770 2600; x_wconf 82' lang='lat' dir='ltr'>fidem</span> <span class='ocrx_word' id='word_1_169' title='bbox 802 2550 1299 2617; x_wconf 85' lang='lat' dir='ltr'>perpetraverant.</span> <span class='ocrx_word' id='word_1_170' title='bbox 1336 2548 1621 2604; x_wconf 87' lang='lat' dir='ltr'>Dominus</span> <span class='ocrx_word' id='word_1_171' title='bbox 1653 2553 1848 2604; x_wconf 83' lang='lat' dir='ltr'>autem</span> <span class='ocrx_word' id='word_1_172' title='bbox 1898 2549 2009 2602; x_wconf 91' lang='lat' dir='ltr'>im-</span> 
     </span>
    </p>
   </div>
   <div class='ocr_carea' id='block_1_26' title="bbox 330 2635 2006 2704">
    <p class='ocr_par' dir='ltr' id='par_1_26' title="bbox 330 2635 2006 2704">
     <span class='ocr_line' id='line_1_26' title="bbox 330 2635 2006 2704; baseline 0.003 -17"><span class='ocrx_word' id='word_1_173' title='bbox 330 2637 676 2704; x_wconf 88' lang='lat' dir='ltr'>peratorem</span> <span class='ocrx_word' id='word_1_174' title='bbox 709 2635 1016 2690; x_wconf 75' lang='lat' dir='ltr'>constituit</span> <span class='ocrx_word' id='word_1_175' title='bbox 1048 2637 1282 2692; x_wconf 86' lang='lat' dir='ltr'>ﬁdelem</span> <span class='ocrx_word' id='word_1_176' title='bbox 1322 2637 1558 2693; x_wconf 90' lang='lat' dir='ltr'>nomine</span> <span class='ocrx_word' id='word_1_177' title='bbox 1587 2637 2006 2704; x_wconf 85' lang='lat' dir='ltr'>Theodosium,</span> 
     </span>
    </p>
   </div>
   <div class='ocr_carea' id='block_1_27' title="bbox 334 2722 2008 2798">
    <p class='ocr_par' dir='ltr' id='par_1_27' title="bbox 334 2722 2008 2798">
     <span class='ocr_line' id='line_1_27' title="bbox 334 2722 2008 2798; baseline 0.003 -22"><span class='ocrx_word' id='word_1_178' title='bbox 334 2722 521 2792; x_wconf 88' lang='lat' dir='ltr'>cujus</span> <span class='ocrx_word' id='word_1_179' title='bbox 553 2729 813 2794; x_wconf 81' lang='lat' dir='ltr'>tempore</span> <span class='ocrx_word' id='word_1_180' title='bbox 869 2730 1127 2780; x_wconf 90' lang='lat' dir='ltr'>recreata</span> <span class='ocrx_word' id='word_1_181' title='bbox 1185 2724 1466 2793; x_wconf 87' lang='lat' dir='ltr'>Ecclesia,</span> <span class='ocrx_word' id='word_1_182' title='bbox 1498 2726 2008 2798; x_wconf 89' lang='lat' dir='ltr'>tranquillitatem,</span> 
     </span>
    </p>
   </div>
   <div class='ocr_carea' id='block_1_28' title="bbox 337 2812 2009 2885">
    <p class='ocr_par' dir='ltr' id='par_1_28' title="bbox 337 2812 2009 2885">
     <span class='ocr_line' id='line_1_28' title="bbox 337 2812 2009 2885; baseline 0.002 -18"><span class='ocrx_word' id='word_1_183' title='bbox 337 2812 727 2867; x_wconf 85' lang='lat' dir='ltr'>securitatem</span> <span class='ocrx_word' id='word_1_184' title='bbox 760 2816 819 2868; x_wconf 93' lang='lat' dir='ltr'>et</span> <span class='ocrx_word' id='word_1_185' title='bbox 846 2829 1044 2885; x_wconf 91' lang='lat' dir='ltr'>pacem</span> <span class='ocrx_word' id='word_1_186' title='bbox 1107 2814 1381 2870; x_wconf 90' lang='lat' dir='ltr'>obtinuit.</span> <span class='ocrx_word' id='word_1_187' title='bbox 1423 2817 1506 2871; x_wconf 90' lang='lat' dir='ltr'>Ita</span> <span class='ocrx_word' id='word_1_188' title='bbox 1546 2816 1719 2871; x_wconf 91' lang='lat' dir='ltr'>rediit</span> <span class='ocrx_word' id='word_1_189' title='bbox 1748 2816 2009 2871; x_wconf 86' lang='lat' dir='ltr'>Athana-</span> 
     </span>
    </p>
   </div>
   <div class='ocr_carea' id='block_1_29' title="bbox 336 2898 2010 2976">
    <p class='ocr_par' dir='ltr' id='par_1_29' title="bbox 336 2898 2010 2976">
     <span class='ocr_line' id='line_1_29' title="bbox 336 2898 2010 2976; baseline 0.001 -21"><span class='ocrx_word' id='word_1_190' title='bbox 336 2898 480 2956; x_wconf 87' lang='lat' dir='ltr'>sius</span> <span class='ocrx_word' id='word_1_191' title='bbox 511 2899 583 2955; x_wconf 90' lang='lat' dir='ltr'>ad</span> <span class='ocrx_word' id='word_1_192' title='bbox 617 2900 816 2955; x_wconf 92' lang='lat' dir='ltr'>sedem</span> <span class='ocrx_word' id='word_1_193' title='bbox 850 2918 1043 2970; x_wconf 91' lang='lat' dir='ltr'>suam,</span> <span class='ocrx_word' id='word_1_194' title='bbox 1105 2902 1364 2958; x_wconf 89' lang='lat' dir='ltr'>maxima</span> <span class='ocrx_word' id='word_1_195' title='bbox 1402 2903 1582 2958; x_wconf 91' lang='lat' dir='ltr'>totius</span> <span class='ocrx_word' id='word_1_196' title='bbox 1612 2902 1840 2976; x_wconf 67' lang='lat' dir='ltr'>Egypti</span> <span class='ocrx_word' id='word_1_197' title='bbox 1867 2902 2010 2958; x_wconf 87' lang='lat' dir='ltr'>lati-</span> 
     </span>
    </p>
   </div>
   <div class='ocr_carea' id='block_1_30' title="bbox 339 2989 2011 3061">
    <p class='ocr_par' dir='ltr' id='par_1_30' title="bbox 339 2989 2011 3061">
     <span class='ocr_line' id='line_1_30' title="bbox 339 2989 2011 3061; baseline 0.001 -17"><span class='ocrx_word' id='word_1_198' title='bbox 339 2989 437 3045; x_wconf 87' lang='lat' dir='ltr'>tia</span> <span class='ocrx_word' id='word_1_199' title='bbox 460 3032 474 3057; x_wconf 96' lang='lat'>,</span> <span class='ocrx_word' id='word_1_200' title='bbox 509 2989 664 3061; x_wconf 91' lang='lat' dir='ltr'>quod</span> <span class='ocrx_word' id='word_1_201' title='bbox 702 2993 849 3045; x_wconf 91' lang='lat' dir='ltr'>Deus</span> <span class='ocrx_word' id='word_1_202' title='bbox 882 2990 1158 3061; x_wconf 91' lang='lat' dir='ltr'>dignatus</span> <span class='ocrx_word' id='word_1_203' title='bbox 1187 2996 1342 3047; x_wconf 91' lang='lat' dir='ltr'>esset</span> <span class='ocrx_word' id='word_1_204' title='bbox 1368 2992 1679 3048; x_wconf 88' lang='lat' dir='ltr'>concedere</span> <span class='ocrx_word' id='word_1_205' title='bbox 1709 2991 1827 3047; x_wconf 90' lang='lat' dir='ltr'>illis</span> <span class='ocrx_word' id='word_1_206' title='bbox 1860 2991 2011 3047; x_wconf 90' lang='lat' dir='ltr'>redi-</span> 
     </span>
    </p>
   </div>
   <div class='ocr_carea' id='block_1_31' title="bbox 344 3079 2013 3153">
    <p class='ocr_par' dir='ltr' id='par_1_31' title="bbox 344 3079 2013 3153">
     <span class='ocr_line' id='line_1_31' title="bbox 344 3079 2013 3153; baseline 0.001 -19"><span class='ocrx_word' id='word_1_207' title='bbox 344 3083 485 3134; x_wconf 86' lang='lat' dir='ltr'>tum</span> <span class='ocrx_word' id='word_1_208' title='bbox 519 3079 771 3150; x_wconf 79' lang='lat' dir='ltr'>pastoris</span> <span class='ocrx_word' id='word_1_209' title='bbox 806 3080 917 3135; x_wconf 91' lang='lat' dir='ltr'>sui.</span> <span class='ocrx_word' id='word_1_210' title='bbox 952 3080 1055 3134; x_wconf 90' lang='lat' dir='ltr'>Hic</span> <span class='ocrx_word' id='word_1_211' title='bbox 1085 3085 1287 3153; x_wconf 90' lang='lat' dir='ltr'>pastor</span> <span class='ocrx_word' id='word_1_212' title='bbox 1316 3081 1507 3136; x_wconf 89' lang='lat' dir='ltr'>bonus</span> <span class='ocrx_word' id='word_1_213' title='bbox 1552 3080 1879 3153; x_wconf 90' lang='lat' dir='ltr'>spiritualis</span> <span class='ocrx_word' id='word_1_214' title='bbox 1911 3081 2013 3136; x_wconf 87' lang='lat' dir='ltr'>ob-</span> 
     </span>
    </p>
   </div>
   <div class='ocr_carea' id='block_1_32' title="bbox 344 3166 2012 3241">
    <p class='ocr_par' dir='ltr' id='par_1_32' title="bbox 344 3166 2012 3241">
     <span class='ocr_line' id='line_1_32' title="bbox 344 3166 2012 3241; baseline 0.001 -19"><span class='ocrx_word' id='word_1_215' title='bbox 344 3166 538 3222; x_wconf 87' lang='lat' dir='ltr'>tinuit</span> <span class='ocrx_word' id='word_1_216' title='bbox 568 3168 767 3223; x_wconf 88' lang='lat' dir='ltr'>sedem</span> <span class='ocrx_word' id='word_1_217' title='bbox 799 3167 866 3223; x_wconf 96' lang='lat' dir='ltr'>D.</span> <span class='ocrx_word' id='word_1_218' title='bbox 902 3168 1081 3223; x_wconf 91' lang='lat' dir='ltr'>Marci</span> <span class='ocrx_word' id='word_1_219' title='bbox 1111 3169 1478 3241; x_wconf 86' lang='lat' dir='ltr'>evangelista</span> <span class='ocrx_word' id='word_1_220' title='bbox 1538 3171 1709 3226; x_wconf 90' lang='lat' dir='ltr'>annis</span> <span class='ocrx_word' id='word_1_221' title='bbox 1759 3170 2012 3240; x_wconf 88' lang='lat' dir='ltr'>quadra-</span> 
     </span>
    </p>
   </div>
   <div class='ocr_carea' id='block_1_33' title="bbox 347 3254 2086 3346">
    <p class='ocr_par' dir='ltr' id='par_1_33' title="bbox 347 3254 2086 3346">
     <span class='ocr_line' id='line_1_33' title="bbox 347 3254 2086 3346; baseline 0.001 -35"><span class='ocrx_word' id='word_1_222' title='bbox 347 3254 521 3346; x_wconf 79' lang='lat' dir='ltr'>ginta</span> <span class='ocrx_word' id='word_1_223' title='bbox 551 3260 797 3328; x_wconf 89' lang='lat' dir='ltr'>septem,</span> <span class='ocrx_word' id='word_1_224' title='bbox 830 3262 1219 3329; x_wconf 92' lang='lat' dir='ltr'>mortuusque</span> <span class='ocrx_word' id='word_1_225' title='bbox 1246 3263 1331 3313; x_wconf 89' lang='lat' dir='ltr'>est</span> <span class='ocrx_word' id='word_1_226' title='bbox 1364 3258 1614 3330; x_wconf 91' lang='lat' dir='ltr'>septima</span> <span class='ocrx_word' id='word_1_227' title='bbox 1636 3260 1857 3314; x_wconf 90' lang='lat' dir='ltr'>mensis</span> <span class='ocrx_word' id='word_1_228' title='bbox 1880 3259 2013 3313; x_wconf 87' lang='lat' dir='ltr'>Bas-</span> <span class='ocrx_word' id='word_1_229' title='bbox 2044 3280 2086 3346; x_wconf 66' lang='grc' dir='ltr'><strong>ρ</strong></span> 
     </span>
    </p>
   </div>
   <div class='ocr_carea' id='block_1_34' title="bbox 348 3344 2015 3403">
    <p class='ocr_par' dir='ltr' id='par_1_34' title="bbox 348 3344 2015 3403">
     <span class='ocr_line' id='line_1_34' title="bbox 348 3344 2015 3403; baseline 0.001 -3"><span class='ocrx_word' id='word_1_230' title='bbox 348 3344 559 3400; x_wconf 88' lang='lat' dir='ltr'>chnes.</span> <span class='ocrx_word' id='word_1_231' title='bbox 598 3347 651 3401; x_wconf 89' lang='lat' dir='ltr'>Is</span> <span class='ocrx_word' id='word_1_232' title='bbox 681 3350 874 3401; x_wconf 90' lang='lat' dir='ltr'>autem</span> <span class='ocrx_word' id='word_1_233' title='bbox 918 3346 1239 3403; x_wconf 90' lang='lat' dir='ltr'>Ecclesiam</span> <span class='ocrx_word' id='word_1_234' title='bbox 1289 3348 1609 3403; x_wconf 87' lang='lat' dir='ltr'>defendens</span> <span class='ocrx_word' id='word_1_235' title='bbox 1664 3348 1847 3403; x_wconf 90' lang='lat' dir='ltr'>victor</span> <span class='ocrx_word' id='word_1_236' title='bbox 1903 3346 2015 3402; x_wconf 86' lang='lat' dir='ltr'>fuit</span> 
     </span>
    </p>
   </div>
   <div class='ocr_carea' id='block_1_35' title="bbox 347 3435 2014 3508">
    <p class='ocr_par' dir='ltr' id='par_1_35' title="bbox 347 3435 2014 3508">
     <span class='ocr_line' id='line_1_35' title="bbox 347 3435 2014 3508; baseline 0.001 -19"><span class='ocrx_word' id='word_1_237' title='bbox 347 3435 825 3491; x_wconf 84' lang='lat' dir='ltr'>adversariorum</span> <span class='ocrx_word' id='word_1_238' title='bbox 856 3436 1137 3504; x_wconf 87' lang='lat' dir='ltr'>veritatis,</span> <span class='ocrx_word' id='word_1_239' title='bbox 1171 3436 1638 3508; x_wconf 84' lang='lat' dir='ltr'>Oppugnantium</span> <span class='ocrx_word' id='word_1_240' title='bbox 1697 3436 1871 3491; x_wconf 81' lang='lat' dir='ltr'>fidem</span> <span class='ocrx_word' id='word_1_241' title='bbox 1917 3453 2014 3492; x_wconf 91' lang='lat' dir='ltr'>or-</span> 
     </span>
    </p>
   </div>
   <div class='ocr_carea' id='block_1_36' title="bbox 347 3523 2016 3597">
    <p class='ocr_par' dir='ltr' id='par_1_36' title="bbox 347 3523 2016 3597">
     <span class='ocr_line' id='line_1_36' title="bbox 347 3523 2016 3597; baseline 0.001 -19"><span class='ocrx_word' id='word_1_242' title='bbox 347 3523 694 3596; x_wconf 84' lang='lat' dir='ltr'>thodoxam,</span> <span class='ocrx_word' id='word_1_243' title='bbox 729 3525 975 3581; x_wconf 91' lang='lat' dir='ltr'>indutus</span> <span class='ocrx_word' id='word_1_244' title='bbox 1007 3525 1255 3597; x_wconf 85' lang='lat' dir='ltr'>gloriam</span> <span class='ocrx_word' id='word_1_245' title='bbox 1286 3544 1319 3581; x_wconf 91' lang='lat' dir='ltr'>a</span> <span class='ocrx_word' id='word_1_246' title='bbox 1350 3525 1579 3581; x_wconf 88' lang='lat' dir='ltr'>Christo</span> <span class='ocrx_word' id='word_1_247' title='bbox 1609 3526 2016 3593; x_wconf 88' lang='lat' dir='ltr'>Domino,ma-</span> 
     </span>
    </p>
   </div>
   <div class='ocr_carea' id='block_1_37' title="bbox 349 3613 2015 3687">
    <p class='ocr_par' dir='ltr' id='par_1_37' title="bbox 349 3613 2015 3687">
     <span class='ocr_line' id='line_1_37' title="bbox 349 3613 2015 3687; baseline 0 -19"><span class='ocrx_word' id='word_1_248' title='bbox 349 3630 542 3686; x_wconf 87' lang='lat' dir='ltr'>gnum</span> <span class='ocrx_word' id='word_1_249' title='bbox 575 3613 727 3686; x_wconf 90' lang='lat' dir='ltr'>plebi</span> <span class='ocrx_word' id='word_1_250' title='bbox 760 3631 878 3669; x_wconf 86' lang='lat' dir='ltr'>sua</span> <span class='ocrx_word' id='word_1_251' title='bbox 911 3616 1271 3671; x_wconf 88' lang='lat' dir='ltr'>desiderium</span> <span class='ocrx_word' id='word_1_252' title='bbox 1298 3615 1389 3671; x_wconf 89' lang='lat' dir='ltr'>sui</span> <span class='ocrx_word' id='word_1_253' title='bbox 1431 3614 1686 3687; x_wconf 86' lang='lat' dir='ltr'>reliquit,</span> <span class='ocrx_word' id='word_1_254' title='bbox 1716 3630 1852 3671; x_wconf 85' lang='lat' dir='ltr'>cum</span> <span class='ocrx_word' id='word_1_255' title='bbox 1897 3614 2015 3686; x_wconf 91' lang='lat' dir='ltr'>pri-</span> 
     </span>
    </p>
   </div>
   <div class='ocr_carea' id='block_1_38' title="bbox 348 3703 1379 3776">
    <p class='ocr_par' dir='ltr' id='par_1_38' title="bbox 348 3703 1379 3776">
     <span class='ocr_line' id='line_1_38' title="bbox 348 3703 1379 3776; baseline 0.002 -18"><span class='ocrx_word' id='word_1_256' title='bbox 348 3706 492 3758; x_wconf 89' lang='lat' dir='ltr'>vata</span> <span class='ocrx_word' id='word_1_257' title='bbox 520 3707 611 3758; x_wconf 91' lang='lat' dir='ltr'>est</span> <span class='ocrx_word' id='word_1_258' title='bbox 641 3707 873 3776; x_wconf 88' lang='lat' dir='ltr'>pastore</span> <span class='ocrx_word' id='word_1_259' title='bbox 902 3703 1005 3759; x_wconf 90' lang='lat' dir='ltr'>tali</span> <span class='ocrx_word' id='word_1_260' title='bbox 1037 3703 1379 3776; x_wconf 86' lang='lat' dir='ltr'>apostolico.</span> 
     </span>
    </p>
   </div>
   <div class='ocr_carea' id='block_1_39' title="bbox 432 3855 2019 3927">
    <p class='ocr_par' dir='ltr' id='par_1_39' title="bbox 432 3855 2019 3927">
     <span class='ocr_line' id='line_1_39' title="bbox 432 3855 2019 3927; baseline 0.002 -17"><span class='ocrx_word' id='word_1_261' title='bbox 432 3855 568 3919; x_wconf 84' lang='lat' dir='ltr'>Qua</span> <span class='ocrx_word' id='word_1_262' title='bbox 590 3856 661 3911; x_wconf 91' lang='lat' dir='ltr'>de</span> <span class='ocrx_word' id='word_1_263' title='bbox 682 3855 801 3912; x_wconf 92' lang='lat' dir='ltr'>vita</span> <span class='ocrx_word' id='word_1_264' title='bbox 828 3857 958 3927; x_wconf 91' lang='lat' dir='ltr'>ejus</span> <span class='ocrx_word' id='word_1_265' title='bbox 988 3857 1277 3914; x_wconf 89' lang='lat' dir='ltr'>habemus</span> <span class='ocrx_word' id='word_1_266' title='bbox 1298 3857 1421 3914; x_wconf 84' lang='lat' dir='ltr'>hac</span> <span class='ocrx_word' id='word_1_267' title='bbox 1443 3858 1559 3914; x_wconf 87' lang='lat' dir='ltr'>fere</span> <span class='ocrx_word' id='word_1_268' title='bbox 1600 3862 1756 3913; x_wconf 89' lang='lat' dir='ltr'>sunt.</span> <span class='ocrx_word' id='word_1_269' title='bbox 1789 3858 1901 3913; x_wconf 92' lang='lat' dir='ltr'>Ter</span> <span class='ocrx_word' id='word_1_270' title='bbox 1929 3874 2019 3913; x_wconf 89' lang='lat' dir='ltr'>co-</span> 
     </span>
    </p>
   </div>
   <div class='ocr_carea' id='block_1_40' title="bbox 355 3946 2018 4020">
    <p class='ocr_par' dir='ltr' id='par_1_40' title="bbox 355 3946 2018 4020">
     <span class='ocr_line' id='line_1_40' title="bbox 355 3946 2018 4020; baseline 0.002 -20"><span class='ocrx_word' id='word_1_271' title='bbox 355 3948 530 4000; x_wconf 89' lang='lat' dir='ltr'>actus</span> <span class='ocrx_word' id='word_1_272' title='bbox 560 3951 649 4000; x_wconf 90' lang='lat' dir='ltr'>est</span> <span class='ocrx_word' id='word_1_273' title='bbox 676 3946 875 4002; x_wconf 88' lang='lat' dir='ltr'>sedem</span> <span class='ocrx_word' id='word_1_274' title='bbox 907 3963 1077 4002; x_wconf 90' lang='lat' dir='ltr'>suam</span> <span class='ocrx_word' id='word_1_275' title='bbox 1109 3948 1375 4003; x_wconf 88' lang='lat' dir='ltr'>deserere</span> <span class='ocrx_word' id='word_1_276' title='bbox 1407 3964 1726 4020; x_wconf 88' lang='lat' dir='ltr'>oppressus</span> <span class='ocrx_word' id='word_1_277' title='bbox 1747 3964 2018 4019; x_wconf 91' lang='lat' dir='ltr'>persecu-</span> 
     </span>
    </p>
   </div>
   <div class='ocr_carea' id='block_1_41' title="bbox 356 4035 2023 4103">
    <p class='ocr_par' dir='ltr' id='par_1_41' title="bbox 356 4035 2023 4103">
     <span class='ocr_line' id='line_1_41' title="bbox 356 4035 2023 4103; baseline 0.002 -14"><span class='ocrx_word' id='word_1_278' title='bbox 356 4035 713 4103; x_wconf 85' lang='lat' dir='ltr'>tionibus,et</span> <span class='ocrx_word' id='word_1_279' title='bbox 742 4039 883 4091; x_wconf 90' lang='lat' dir='ltr'>tunc</span> <span class='ocrx_word' id='word_1_280' title='bbox 916 4036 1077 4092; x_wconf 88' lang='lat' dir='ltr'>illam</span> <span class='ocrx_word' id='word_1_281' title='bbox 1111 4036 1365 4093; x_wconf 83' lang='lat' dir='ltr'>haeretici</span> <span class='ocrx_word' id='word_1_282' title='bbox 1394 4035 2023 4093; x_wconf 86' lang='lat' dir='ltr'>obtinuerunt.Ultima</span> 
     </span>
    </p>
   </div>
   <div class='ocr_carea' id='block_1_42' title="bbox 356 4124 2023 4199">
    <p class='ocr_par' dir='ltr' id='par_1_42' title="bbox 356 4124 2023 4199">
     <span class='ocr_line' id='line_1_42' title="bbox 356 4124 2023 4199; baseline 0.002 -20"><span class='ocrx_word' id='word_1_283' title='bbox 356 4124 491 4194; x_wconf 86' lang='lat' dir='ltr'>ejus</span> <span class='ocrx_word' id='word_1_284' title='bbox 521 4124 787 4181; x_wconf 90' lang='lat' dir='ltr'>absentia</span> <span class='ocrx_word' id='word_1_285' title='bbox 820 4126 1093 4181; x_wconf 88' lang='lat' dir='ltr'>undecim</span> <span class='ocrx_word' id='word_1_286' title='bbox 1124 4144 1411 4182; x_wconf 91' lang='lat' dir='ltr'>annorum</span> <span class='ocrx_word' id='word_1_287' title='bbox 1446 4128 1572 4181; x_wconf 87' lang='lat' dir='ltr'>fuit.</span> <span class='ocrx_word' id='word_1_288' title='bbox 1605 4126 1853 4199; x_wconf 89' lang='lat' dir='ltr'>Scripsit</span> <span class='ocrx_word' id='word_1_289' title='bbox 1882 4126 2023 4183; x_wconf 88' lang='lat' dir='ltr'>inte-</span> 
     </span>
    </p>
   </div>
   <div class='ocr_carea' id='block_1_43' title="bbox 356 4214 2019 4288">
    <p class='ocr_par' dir='ltr' id='par_1_43' title="bbox 356 4214 2019 4288">
     <span class='ocr_line' id='line_1_43' title="bbox 356 4214 2019 4288; baseline 0.001 -19"><span class='ocrx_word' id='word_1_290' title='bbox 356 4230 461 4269; x_wconf 87' lang='lat' dir='ltr'>rea</span> <span class='ocrx_word' id='word_1_291' title='bbox 491 4214 563 4269; x_wconf 94' lang='lat' dir='ltr'>ab</span> <span class='ocrx_word' id='word_1_292' title='bbox 594 4214 821 4281; x_wconf 88' lang='lat' dir='ltr'>exsilio,</span> <span class='ocrx_word' id='word_1_293' title='bbox 854 4216 927 4271; x_wconf 91' lang='lat' dir='ltr'>ad</span> <span class='ocrx_word' id='word_1_294' title='bbox 957 4216 1219 4288; x_wconf 84' lang='lat' dir='ltr'>virgines</span> <span class='ocrx_word' id='word_1_295' title='bbox 1251 4233 1377 4287; x_wconf 86' lang='lat' dir='ltr'>qua</span> <span class='ocrx_word' id='word_1_296' title='bbox 1437 4220 1603 4271; x_wconf 90' lang='lat' dir='ltr'>erant</span> <span class='ocrx_word' id='word_1_297' title='bbox 1633 4214 2019 4287; x_wconf 81' lang='lat' dir='ltr'>Alexandriae,</span> 
     </span>
    </p>
   </div>
   <div class='ocr_carea' id='block_1_44' title="bbox 358 4302 2021 4376">
    <p class='ocr_par' dir='ltr' id='par_1_44' title="bbox 358 4302 2021 4376">
     <span class='ocr_line' id='line_1_44' title="bbox 358 4302 2021 4376; baseline 0 -17"><span class='ocrx_word' id='word_1_298' title='bbox 358 4303 563 4359; x_wconf 90' lang='lat' dir='ltr'>dicens</span> <span class='ocrx_word' id='word_1_299' title='bbox 584 4302 739 4359; x_wconf 90' lang='lat' dir='ltr'>inter</span> <span class='ocrx_word' id='word_1_300' title='bbox 759 4303 894 4360; x_wconf 91' lang='lat' dir='ltr'>alia:</span> <span class='ocrx_word' id='word_1_301' title='bbox 925 4305 1188 4376; x_wconf 89' lang='lat' dir='ltr'>Sponsus</span> <span class='ocrx_word' id='word_1_302' title='bbox 1210 4305 1510 4375; x_wconf 53' lang='lat' dir='ltr'>vesterzest</span> <span class='ocrx_word' id='word_1_303' title='bbox 1528 4304 1796 4359; x_wconf 90' lang='lat' dir='ltr'>Christus</span> <span class='ocrx_word' id='word_1_304' title='bbox 1820 4305 2021 4361; x_wconf 90' lang='lat' dir='ltr'>invisi-</span> 
     </span>
    </p>
   </div>
   <div class='ocr_carea' id='block_1_45' title="bbox 360 4391 2024 4465">
    <p class='ocr_par' dir='ltr' id='par_1_45' title="bbox 360 4391 2024 4465">
     <span class='ocr_line' id='line_1_45' title="bbox 360 4391 2024 4465; baseline 0.001 -17"><span class='ocrx_word' id='word_1_305' title='bbox 360 4391 498 4448; x_wconf 91' lang='lat' dir='ltr'>bilis</span> <span class='ocrx_word' id='word_1_306' title='bbox 520 4398 575 4449; x_wconf 91' lang='lat' dir='ltr'>et</span> <span class='ocrx_word' id='word_1_307' title='bbox 593 4392 944 4450; x_wconf 90' lang='lat' dir='ltr'>immortalis</span> <span class='ocrx_word' id='word_1_308' title='bbox 966 4394 1278 4465; x_wconf 90' lang='lat' dir='ltr'>;quamdiu</span> <span class='ocrx_word' id='word_1_309' title='bbox 1300 4399 1493 4449; x_wconf 91' lang='lat' dir='ltr'>autem</span> <span class='ocrx_word' id='word_1_310' title='bbox 1519 4394 2024 4465; x_wconf 89' lang='lat' dir='ltr'>perseveraveritis</span> 
     </span>
    </p>
   </div>
   <div class='ocr_carea' id='block_1_46' title="bbox 356 4482 2025 4555">
    <p class='ocr_par' dir='ltr' id='par_1_46' title="bbox 356 4482 2025 4555">
     <span class='ocr_line' id='line_1_46' title="bbox 356 4482 2025 4555; baseline 0 -18"><span class='ocrx_word' id='word_1_311' title='bbox 356 4482 421 4537; x_wconf 92' lang='lat' dir='ltr'>in</span> <span class='ocrx_word' id='word_1_312' title='bbox 466 4483 595 4553; x_wconf 90' lang='lat' dir='ltr'>ejus</span> <span class='ocrx_word' id='word_1_313' title='bbox 636 4484 946 4551; x_wconf 91' lang='lat' dir='ltr'>charitate,</span> <span class='ocrx_word' id='word_1_314' title='bbox 980 4499 1289 4555; x_wconf 92' lang='lat' dir='ltr'>nunquam</span> <span class='ocrx_word' id='word_1_315' title='bbox 1340 4482 1504 4538; x_wconf 87' lang='lat' dir='ltr'>eritis</span> <span class='ocrx_word' id='word_1_316' title='bbox 1553 4482 1759 4537; x_wconf 88' lang='lat' dir='ltr'>vidua.</span> <span class='ocrx_word' id='word_1_317' title='bbox 1791 4482 2025 4537; x_wconf 83' lang='lat' dir='ltr'>Dicebat</span> 
     </span>
    </p>
   </div>
   <div class='ocr_carea' id='block_1_47' title="bbox 358 4569 2026 4642">
    <p class='ocr_par' dir='ltr' id='par_1_47' title="bbox 358 4569 2026 4642">
     <span class='ocr_line' id='line_1_47' title="bbox 358 4569 2026 4642; baseline 0 -15"><span class='ocrx_word' id='word_1_318' title='bbox 358 4570 540 4627; x_wconf 88' lang='lat' dir='ltr'>etiam</span> <span class='ocrx_word' id='word_1_319' title='bbox 564 4588 577 4626; x_wconf 88' lang='lat'><strong>:</strong></span> <span class='ocrx_word' id='word_1_320' title='bbox 605 4571 825 4627; x_wconf 87' lang='lat' dir='ltr'>Scitote</span> <span class='ocrx_word' id='word_1_321' title='bbox 850 4588 943 4627; x_wconf 91' lang='lat' dir='ltr'>me</span> <span class='ocrx_word' id='word_1_322' title='bbox 958 4571 1141 4628; x_wconf 83' lang='lat' dir='ltr'>fuisse</span> <span class='ocrx_word' id='word_1_323' title='bbox 1154 4571 1533 4627; x_wconf 89' lang='lat' dir='ltr'>secretarium</span> <span class='ocrx_word' id='word_1_324' title='bbox 1559 4571 1742 4642; x_wconf 90' lang='lat' dir='ltr'>patris</span> <span class='ocrx_word' id='word_1_325' title='bbox 1764 4570 1879 4625; x_wconf 91' lang='lat' dir='ltr'>mei</span> <span class='ocrx_word' id='word_1_326' title='bbox 1900 4569 2026 4627; x_wconf 88' lang='lat' dir='ltr'>Ale-</span> 
     </span>
    </p>
   </div>
   <div class='ocr_carea' id='block_1_48' title="bbox 2132 614 3778 689">
    <p class='ocr_par' dir='ltr' id='par_1_48' title="bbox 2132 614 3778 689">
     <span class='ocr_line' id='line_1_48' title="bbox 2132 614 3778 689; baseline 0.002 -20"><span class='ocrx_word' id='word_1_327' title='bbox 2132 632 2290 685; x_wconf 90' lang='lat' dir='ltr'>sura,</span> <span class='ocrx_word' id='word_1_328' title='bbox 2324 632 2512 686; x_wconf 90' lang='lat' dir='ltr'>neque</span> <span class='ocrx_word' id='word_1_329' title='bbox 2546 632 2638 671; x_wconf 90' lang='lat' dir='ltr'>me</span> <span class='ocrx_word' id='word_1_330' title='bbox 2669 616 2865 688; x_wconf 90' lang='lat' dir='ltr'>ipsum</span> <span class='ocrx_word' id='word_1_331' title='bbox 2896 614 3095 670; x_wconf 91' lang='lat' dir='ltr'>labore</span> <span class='ocrx_word' id='word_1_332' title='bbox 3124 614 3402 671; x_wconf 81' lang='lat' dir='ltr'>afflixisse</span> <span class='ocrx_word' id='word_1_333' title='bbox 3431 620 3533 671; x_wconf 89' lang='lat' dir='ltr'>aut</span> <span class='ocrx_word' id='word_1_334' title='bbox 3563 633 3778 689; x_wconf 90' lang='lat' dir='ltr'>corpus</span> 
     </span>
    </p>
   </div>
   <div class='ocr_carea' id='block_1_49' title="bbox 2124 703 3779 777">
    <p class='ocr_par' dir='ltr' id='par_1_49' title="bbox 2124 703 3779 777">
     <span class='ocr_line' id='line_1_49' title="bbox 2124 703 3779 777; baseline 0.003 -20"><span class='ocrx_word' id='word_1_335' title='bbox 2124 703 2528 759; x_wconf 88' lang='lat' dir='ltr'>vehementius</span> <span class='ocrx_word' id='word_1_336' title='bbox 2560 721 2818 775; x_wconf 81' lang='lat' dir='ltr'>vexasse,</span> <span class='ocrx_word' id='word_1_337' title='bbox 2872 704 3011 775; x_wconf 90' lang='lat' dir='ltr'>quia</span> <span class='ocrx_word' id='word_1_338' title='bbox 3069 704 3360 775; x_wconf 92' lang='lat' dir='ltr'>optimum</span> <span class='ocrx_word' id='word_1_339' title='bbox 3418 709 3508 760; x_wconf 91' lang='lat' dir='ltr'>est</span> <span class='ocrx_word' id='word_1_340' title='bbox 3539 710 3603 760; x_wconf 88' lang='lat' dir='ltr'>ut</span> <span class='ocrx_word' id='word_1_341' title='bbox 3627 706 3779 777; x_wconf 91' lang='lat' dir='ltr'>jeju-</span> 
     </span>
    </p>
   </div>
   <div class='ocr_carea' id='block_1_50' title="bbox 2126 791 3782 866">
    <p class='ocr_par' dir='ltr' id='par_1_50' title="bbox 2126 791 3782 866">
     <span class='ocr_line' id='line_1_50' title="bbox 2126 791 3782 866; baseline 0.004 -21"><span class='ocrx_word' id='word_1_342' title='bbox 2126 791 2290 846; x_wconf 93' lang='lat' dir='ltr'>nium</span> <span class='ocrx_word' id='word_1_343' title='bbox 2323 809 2456 847; x_wconf 91' lang='lat' dir='ltr'>cum</span> <span class='ocrx_word' id='word_1_344' title='bbox 2491 794 2887 848; x_wconf 90' lang='lat' dir='ltr'>moderatione</span> <span class='ocrx_word' id='word_1_345' title='bbox 2918 794 3040 859; x_wconf 86' lang='lat' dir='ltr'>ﬁat,</span> <span class='ocrx_word' id='word_1_346' title='bbox 3073 794 3228 864; x_wconf 91' lang='lat' dir='ltr'>quod</span> <span class='ocrx_word' id='word_1_347' title='bbox 3254 794 3431 847; x_wconf 89' lang='lat' dir='ltr'>etiam</span> <span class='ocrx_word' id='word_1_348' title='bbox 3462 794 3522 849; x_wconf 93' lang='lat' dir='ltr'>in</span> <span class='ocrx_word' id='word_1_349' title='bbox 3553 800 3692 866; x_wconf 92' lang='lat' dir='ltr'>potu</span> <span class='ocrx_word' id='word_1_350' title='bbox 3725 798 3782 851; x_wconf 90' lang='lat' dir='ltr'>et</span> 
     </span>
    </p>
   </div>
   <div class='ocr_carea' id='block_1_51' title="bbox 2124 880 3779 955">
    <p class='ocr_par' dir='ltr' id='par_1_51' title="bbox 2124 880 3779 955">
     <span class='ocr_line' id='line_1_51' title="bbox 2124 880 3779 955; baseline 0.002 -21"><span class='ocrx_word' id='word_1_351' title='bbox 2124 897 2331 935; x_wconf 88' lang='lat' dir='ltr'>somno</span> <span class='ocrx_word' id='word_1_352' title='bbox 2364 880 2634 936; x_wconf 89' lang='lat' dir='ltr'>similiter</span> <span class='ocrx_word' id='word_1_353' title='bbox 2663 882 2956 937; x_wconf 88' lang='lat' dir='ltr'>observari</span> <span class='ocrx_word' id='word_1_354' title='bbox 2988 881 3178 935; x_wconf 88' lang='lat' dir='ltr'>debet.</span> <span class='ocrx_word' id='word_1_355' title='bbox 3240 882 3386 936; x_wconf 92' lang='lat' dir='ltr'>Cum</span> <span class='ocrx_word' id='word_1_356' title='bbox 3430 882 3587 938; x_wconf 89' lang='lat' dir='ltr'>enim</span> <span class='ocrx_word' id='word_1_357' title='bbox 3617 883 3779 955; x_wconf 91' lang='lat' dir='ltr'>quis-</span> 
     </span>
    </p>
   </div>
   <div class='ocr_carea' id='block_1_52' title="bbox 2125 970 3779 1043">
    <p class='ocr_par' dir='ltr' id='par_1_52' title="bbox 2125 970 3779 1043">
     <span class='ocr_line' id='line_1_52' title="bbox 2125 970 3779 1043; baseline 0.002 -19"><span class='ocrx_word' id='word_1_358' title='bbox 2125 986 2239 1040; x_wconf 91' lang='lat' dir='ltr'>que</span> <span class='ocrx_word' id='word_1_359' title='bbox 2270 971 2587 1026; x_wconf 90' lang='lat' dir='ltr'>comederit</span> <span class='ocrx_word' id='word_1_360' title='bbox 2617 976 2902 1040; x_wconf 90' lang='lat' dir='ltr'>quantum</span> <span class='ocrx_word' id='word_1_361' title='bbox 2935 988 3082 1043; x_wconf 90' lang='lat' dir='ltr'>opus</span> <span class='ocrx_word' id='word_1_362' title='bbox 3139 974 3247 1037; x_wconf 86' lang='lat' dir='ltr'>est,</span> <span class='ocrx_word' id='word_1_363' title='bbox 3280 970 3512 1026; x_wconf 83' lang='lat' dir='ltr'>ﬁrmius</span> <span class='ocrx_word' id='word_1_364' title='bbox 3551 972 3611 1026; x_wconf 92' lang='lat' dir='ltr'>in</span> <span class='ocrx_word' id='word_1_365' title='bbox 3645 988 3779 1027; x_wconf 87' lang='lat' dir='ltr'>ora-</span> 
     </span>
    </p>
   </div>
   <div class='ocr_carea' id='block_1_53' title="bbox 2122 1059 3777 1132">
    <p class='ocr_par' dir='ltr' id='par_1_53' title="bbox 2122 1059 3777 1132">
     <span class='ocr_line' id='line_1_53' title="bbox 2122 1059 3777 1132; baseline 0.002 -20"><span class='ocrx_word' id='word_1_366' title='bbox 2122 1059 2280 1113; x_wconf 88' lang='lat' dir='ltr'>tione</span> <span class='ocrx_word' id='word_1_367' title='bbox 2312 1064 2657 1130; x_wconf 88' lang='lat' dir='ltr'>perseverat,</span> <span class='ocrx_word' id='word_1_368' title='bbox 2689 1059 2772 1113; x_wconf 91' lang='lat' dir='ltr'>ita</span> <span class='ocrx_word' id='word_1_369' title='bbox 2800 1060 2975 1114; x_wconf 90' lang='lat' dir='ltr'>etiam</span> <span class='ocrx_word' id='word_1_370' title='bbox 3007 1076 3141 1114; x_wconf 92' lang='lat' dir='ltr'>cum</span> <span class='ocrx_word' id='word_1_371' title='bbox 3175 1060 3326 1125; x_wconf 92' lang='lat' dir='ltr'>cibo,</span> <span class='ocrx_word' id='word_1_372' title='bbox 3360 1065 3499 1132; x_wconf 91' lang='lat' dir='ltr'>potu</span> <span class='ocrx_word' id='word_1_373' title='bbox 3531 1065 3589 1115; x_wconf 91' lang='lat' dir='ltr'>et</span> <span class='ocrx_word' id='word_1_374' title='bbox 3619 1078 3777 1116; x_wconf 91' lang='lat' dir='ltr'>som-</span> 
     </span>
    </p>
   </div>
   <div class='ocr_carea' id='block_1_54' title="bbox 2124 1148 3775 1220">
    <p class='ocr_par' dir='ltr' id='par_1_54' title="bbox 2124 1148 3775 1220">
     <span class='ocr_line' id='line_1_54' title="bbox 2124 1148 3775 1220; baseline 0.002 -19"><span class='ocrx_word' id='word_1_375' title='bbox 2124 1164 2199 1202; x_wconf 93' lang='lat' dir='ltr'>no</span> <span class='ocrx_word' id='word_1_376' title='bbox 2231 1148 2416 1202; x_wconf 89' lang='lat' dir='ltr'>utitur</span> <span class='ocrx_word' id='word_1_377' title='bbox 2448 1149 2762 1203; x_wconf 86' lang='lat' dir='ltr'>moderate.</span> <span class='ocrx_word' id='word_1_378' title='bbox 2796 1148 2977 1204; x_wconf 89' lang='lat' dir='ltr'>Dicite</span> <span class='ocrx_word' id='word_1_379' title='bbox 3006 1148 3121 1203; x_wconf 90' lang='lat' dir='ltr'>illis</span> <span class='ocrx_word' id='word_1_380' title='bbox 3150 1149 3346 1219; x_wconf 89' lang='lat' dir='ltr'>itaque</span> <span class='ocrx_word' id='word_1_381' title='bbox 3377 1152 3443 1203; x_wconf 91' lang='lat' dir='ltr'>ut</span> <span class='ocrx_word' id='word_1_382' title='bbox 3477 1150 3775 1220; x_wconf 89' lang='lat' dir='ltr'>jejunium</span> 
     </span>
    </p>
   </div>
   <div class='ocr_carea' id='block_1_55' title="bbox 2124 1236 3775 1309">
    <p class='ocr_par' dir='ltr' id='par_1_55' title="bbox 2124 1236 3775 1309">
     <span class='ocr_line' id='line_1_55' title="bbox 2124 1236 3775 1309; baseline 0.002 -18"><span class='ocrx_word' id='word_1_383' title='bbox 2124 1236 2371 1304; x_wconf 85' lang='lat' dir='ltr'>solvant,</span> <span class='ocrx_word' id='word_1_384' title='bbox 2406 1254 2542 1292; x_wconf 93' lang='lat' dir='ltr'>cum</span> <span class='ocrx_word' id='word_1_385' title='bbox 2572 1238 2970 1293; x_wconf 90' lang='lat' dir='ltr'>moderatione</span> <span class='ocrx_word' id='word_1_386' title='bbox 3000 1238 3195 1293; x_wconf 86' lang='lat' dir='ltr'>cibum</span> <span class='ocrx_word' id='word_1_387' title='bbox 3225 1237 3539 1309; x_wconf 89' lang='lat' dir='ltr'>capientes,</span> <span class='ocrx_word' id='word_1_388' title='bbox 3562 1241 3619 1294; x_wconf 90' lang='lat' dir='ltr'>et</span> <span class='ocrx_word' id='word_1_389' title='bbox 3650 1255 3775 1295; x_wconf 92' lang='lat' dir='ltr'>om-</span> 
     </span>
    </p>
   </div>
   <div class='ocr_carea' id='block_1_56' title="bbox 2124 1324 3257 1398">
    <p class='ocr_par' dir='ltr' id='par_1_56' title="bbox 2124 1324 3257 1398">
     <span class='ocr_line' id='line_1_56' title="bbox 2124 1324 3257 1398; baseline 0.001 -18"><span class='ocrx_word' id='word_1_390' title='bbox 2124 1324 2221 1380; x_wconf 90' lang='lat' dir='ltr'>nia</span> <span class='ocrx_word' id='word_1_391' title='bbox 2251 1327 2554 1397; x_wconf 92' lang='lat' dir='ltr'>quandum</span> <span class='ocrx_word' id='word_1_392' title='bbox 2587 1326 2645 1381; x_wconf 94' lang='lat' dir='ltr'>in</span> <span class='ocrx_word' id='word_1_393' title='bbox 2677 1343 2739 1382; x_wconf 89' lang='lat' dir='ltr'>se</span> <span class='ocrx_word' id='word_1_394' title='bbox 2768 1331 2858 1382; x_wconf 90' lang='lat' dir='ltr'>est</span> <span class='ocrx_word' id='word_1_395' title='bbox 2887 1330 3039 1383; x_wconf 89' lang='lat' dir='ltr'>recte</span> <span class='ocrx_word' id='word_1_396' title='bbox 3062 1330 3257 1398; x_wconf 86' lang='lat' dir='ltr'>agant.</span> 
     </span>
    </p>
   </div>
   <div class='ocr_carea' id='block_1_57' title="bbox 2193 1486 3777 1559">
    <p class='ocr_par' dir='ltr' id='par_1_57' title="bbox 2193 1486 3777 1559">
     <span class='ocr_line' id='line_1_57' title="bbox 2193 1486 3777 1559; baseline 0.003 -19"><span class='ocrx_word' id='word_1_397' title='bbox 2193 1488 2384 1558; x_wconf 90' lang='lat' dir='ltr'>Atque</span> <span class='ocrx_word' id='word_1_398' title='bbox 2414 1503 2485 1542; x_wconf 93' lang='lat' dir='ltr'>ne</span> <span class='ocrx_word' id='word_1_399' title='bbox 2516 1502 2847 1543; x_wconf 91' lang='lat' dir='ltr'>sermonem</span> <span class='ocrx_word' id='word_1_400' title='bbox 2908 1486 3130 1542; x_wconf 90' lang='lat' dir='ltr'>diutius</span> <span class='ocrx_word' id='word_1_401' title='bbox 3190 1486 3628 1559; x_wconf 88' lang='lat' dir='ltr'>protrahamus,</span> <span class='ocrx_word' id='word_1_402' title='bbox 3667 1487 3777 1545; x_wconf 89' lang='lat' dir='ltr'>hac</span> 
     </span>
    </p>
   </div>
   <div class='ocr_carea' id='block_1_58' title="bbox 2125 1575 3777 1647">
    <p class='ocr_par' dir='ltr' id='par_1_58' title="bbox 2125 1575 3777 1647">
     <span class='ocr_line' id='line_1_58' title="bbox 2125 1575 3777 1647; baseline 0.002 -18"><span class='ocrx_word' id='word_1_403' title='bbox 2125 1575 2375 1647; x_wconf 91' lang='lat' dir='ltr'>epistola</span> <span class='ocrx_word' id='word_1_404' title='bbox 2404 1576 2661 1647; x_wconf 91' lang='lat' dir='ltr'>primum</span> <span class='ocrx_word' id='word_1_405' title='bbox 2696 1576 2899 1631; x_wconf 89' lang='lat' dir='ltr'>scribit</span> <span class='ocrx_word' id='word_1_406' title='bbox 2926 1576 3286 1632; x_wconf 90' lang='lat' dir='ltr'>Athanasius</span> <span class='ocrx_word' id='word_1_407' title='bbox 3318 1577 3389 1631; x_wconf 92' lang='lat' dir='ltr'>de</span> <span class='ocrx_word' id='word_1_408' title='bbox 3421 1581 3620 1632; x_wconf 87' lang='lat' dir='ltr'>sancto</span> <span class='ocrx_word' id='word_1_409' title='bbox 3646 1576 3777 1633; x_wconf 91' lang='lat' dir='ltr'>Ale-</span> 
     </span>
    </p>
   </div>
   <div class='ocr_carea' id='block_1_59' title="bbox 2122 1664 3781 1737">
    <p class='ocr_par' dir='ltr' id='par_1_59' title="bbox 2122 1664 3781 1737">
     <span class='ocr_line' id='line_1_59' title="bbox 2122 1664 3781 1737; baseline 0.003 -20"><span class='ocrx_word' id='word_1_410' title='bbox 2122 1665 2344 1719; x_wconf 88' lang='lat' dir='ltr'>xandro</span> <span class='ocrx_word' id='word_1_411' title='bbox 2376 1668 2539 1737; x_wconf 90' lang='lat' dir='ltr'>patre</span> <span class='ocrx_word' id='word_1_412' title='bbox 2563 1664 2855 1737; x_wconf 89' lang='lat' dir='ltr'>spirituali</span> <span class='ocrx_word' id='word_1_413' title='bbox 2888 1682 3016 1734; x_wconf 92' lang='lat' dir='ltr'>suo,</span> <span class='ocrx_word' id='word_1_414' title='bbox 3051 1666 3220 1737; x_wconf 90' lang='lat' dir='ltr'>cujus</span> <span class='ocrx_word' id='word_1_415' title='bbox 3253 1666 3437 1721; x_wconf 91' lang='lat' dir='ltr'>oratio</span> <span class='ocrx_word' id='word_1_416' title='bbox 3470 1664 3662 1721; x_wconf 89' lang='lat' dir='ltr'>mellis</span> <span class='ocrx_word' id='word_1_417' title='bbox 3696 1668 3781 1722; x_wconf 90' lang='lat' dir='ltr'>in-</span> 
     </span>
    </p>
   </div>
   <div class='ocr_carea' id='block_1_60' title="bbox 2125 1753 3777 1825">
    <p class='ocr_par' dir='ltr' id='par_1_60' title="bbox 2125 1753 3777 1825">
     <span class='ocr_line' id='line_1_60' title="bbox 2125 1753 3777 1825; baseline 0.002 -17"><span class='ocrx_word' id='word_1_418' title='bbox 2125 1756 2248 1809; x_wconf 92' lang='lat' dir='ltr'>star</span> <span class='ocrx_word' id='word_1_419' title='bbox 2277 1753 2472 1810; x_wconf 90' lang='lat' dir='ltr'>suavis</span> <span class='ocrx_word' id='word_1_420' title='bbox 2501 1762 2621 1810; x_wconf 91' lang='lat' dir='ltr'>eral</span> <span class='ocrx_word' id='word_1_421' title='bbox 2641 1754 2918 1810; x_wconf 89' lang='lat' dir='ltr'>omnibus</span> <span class='ocrx_word' id='word_1_422' title='bbox 2949 1754 3051 1825; x_wconf 94' lang='lat' dir='ltr'>qui</span> <span class='ocrx_word' id='word_1_423' title='bbox 3075 1754 3245 1809; x_wconf 92' lang='lat' dir='ltr'>illum</span> <span class='ocrx_word' id='word_1_424' title='bbox 3277 1754 3777 1824; x_wconf 89' lang='lat' dir='ltr'>audiebant,mul-</span> 
     </span>
    </p>
   </div>
   <div class='ocr_carea' id='block_1_61' title="bbox 2124 1842 3382 1917">
    <p class='ocr_par' dir='ltr' id='par_1_61' title="bbox 2124 1842 3382 1917">
     <span class='ocr_line' id='line_1_61' title="bbox 2124 1842 3382 1917; baseline 0.003 -20"><span class='ocrx_word' id='word_1_425' title='bbox 2124 1842 2540 1915; x_wconf 67' lang='lat' dir='ltr'>tiplicabatque</span> <span class='ocrx_word' id='word_1_426' title='bbox 2570 1844 2819 1917; x_wconf 89' lang='lat' dir='ltr'>gratiam</span> <span class='ocrx_word' id='word_1_427' title='bbox 2850 1844 3079 1900; x_wconf 89' lang='lat' dir='ltr'>Christo</span> <span class='ocrx_word' id='word_1_428' title='bbox 3114 1844 3382 1901; x_wconf 93' lang='lat' dir='ltr'>Domino.</span> 
     </span>
    </p>
   </div>
   <div class='ocr_carea' id='block_1_62' title="bbox 2187 1994 3777 2066">
    <p class='ocr_par' dir='ltr' id='par_1_62' title="bbox 2187 1994 3777 2066">
     <span class='ocr_line' id='line_1_62' title="bbox 2187 1994 3777 2066; baseline 0.003 -18"><span class='ocrx_word' id='word_1_429' title='bbox 2187 1994 2412 2049; x_wconf 91' lang='lat' dir='ltr'>Dicitur</span> <span class='ocrx_word' id='word_1_430' title='bbox 2450 1999 2644 2051; x_wconf 91' lang='lat' dir='ltr'>autem</span> <span class='ocrx_word' id='word_1_431' title='bbox 2676 1996 2881 2051; x_wconf 85' lang='lat' dir='ltr'>Arium</span> <span class='ocrx_word' id='word_1_432' title='bbox 2913 1995 3223 2066; x_wconf 88' lang='lat' dir='ltr'>aliquando</span> <span class='ocrx_word' id='word_1_433' title='bbox 3272 1997 3344 2051; x_wconf 94' lang='lat' dir='ltr'>ad</span> <span class='ocrx_word' id='word_1_434' title='bbox 3378 1995 3777 2053; x_wconf 85' lang='lat' dir='ltr'>Alexandrum</span> 
     </span>
    </p>
   </div>
   <div class='ocr_carea' id='block_1_63' title="bbox 2115 2083 3781 2156">
    <p class='ocr_par' dir='ltr' id='par_1_63' title="bbox 2115 2083 3781 2156">
     <span class='ocr_line' id='line_1_63' title="bbox 2115 2083 3781 2156; baseline 0.002 -18"><span class='ocrx_word' id='word_1_435' title='bbox 2115 2083 2360 2153; x_wconf 89' lang='lat' dir='ltr'>venisse,</span> <span class='ocrx_word' id='word_1_436' title='bbox 2398 2084 2739 2156; x_wconf 90' lang='lat' dir='ltr'>petentique</span> <span class='ocrx_word' id='word_1_437' title='bbox 2770 2089 2834 2139; x_wconf 93' lang='lat' dir='ltr'>ut</span> <span class='ocrx_word' id='word_1_438' title='bbox 2891 2086 3321 2152; x_wconf 88' lang='lat' dir='ltr'>admitteretur,</span> <span class='ocrx_word' id='word_1_439' title='bbox 3356 2084 3613 2156; x_wconf 89' lang='lat' dir='ltr'>jussisse</span> <span class='ocrx_word' id='word_1_440' title='bbox 3658 2103 3781 2143; x_wconf 85' lang='lat' dir='ltr'>res-</span> 
     </span>
    </p>
   </div>
   <div class='ocr_carea' id='block_1_64' title="bbox 2118 2172 3782 2245">
    <p class='ocr_par' dir='ltr' id='par_1_64' title="bbox 2118 2172 3782 2245">
     <span class='ocr_line' id='line_1_64' title="bbox 2118 2172 3782 2245; baseline 0.001 -17"><span class='ocrx_word' id='word_1_441' title='bbox 2118 2172 2361 2244; x_wconf 92' lang='lat' dir='ltr'>ponderi</span> <span class='ocrx_word' id='word_1_442' title='bbox 2421 2172 2482 2227; x_wconf 90' lang='lat' dir='ltr'>in</span> <span class='ocrx_word' id='word_1_443' title='bbox 2544 2173 2701 2228; x_wconf 92' lang='lat' dir='ltr'>hunc</span> <span class='ocrx_word' id='word_1_444' title='bbox 2759 2174 3036 2228; x_wconf 90' lang='lat' dir='ltr'>modum:</span> <span class='ocrx_word' id='word_1_445' title='bbox 3086 2173 3367 2244; x_wconf 82' lang='lat' dir='ltr'>Pracepit</span> <span class='ocrx_word' id='word_1_446' title='bbox 3414 2172 3557 2228; x_wconf 92' lang='lat' dir='ltr'>mihi</span> <span class='ocrx_word' id='word_1_447' title='bbox 3615 2179 3782 2245; x_wconf 85' lang='lat' dir='ltr'>pater</span> 
     </span>
    </p>
   </div>
   <div class='ocr_carea' id='block_1_65' title="bbox 2119 2261 3775 2333">
    <p class='ocr_par' dir='ltr' id='par_1_65' title="bbox 2119 2261 3775 2333">
     <span class='ocr_line' id='line_1_65' title="bbox 2119 2261 3775 2333; baseline 0.001 -17"><span class='ocrx_word' id='word_1_448' title='bbox 2119 2279 2289 2318; x_wconf 90' lang='lat' dir='ltr'>meus</span> <span class='ocrx_word' id='word_1_449' title='bbox 2320 2266 2385 2316; x_wconf 92' lang='lat' dir='ltr'>ut</span> <span class='ocrx_word' id='word_1_450' title='bbox 2419 2265 2469 2316; x_wconf 87' lang='lat' dir='ltr'>te</span> <span class='ocrx_word' id='word_1_451' title='bbox 2501 2279 2616 2318; x_wconf 94' lang='lat' dir='ltr'>non</span> <span class='ocrx_word' id='word_1_452' title='bbox 2647 2261 3024 2333; x_wconf 88' lang='lat' dir='ltr'>susciperem,</span> <span class='ocrx_word' id='word_1_453' title='bbox 3059 2277 3248 2332; x_wconf 89' lang='lat' dir='ltr'>neque</span> <span class='ocrx_word' id='word_1_454' title='bbox 3278 2262 3348 2316; x_wconf 90' lang='lat' dir='ltr'>ad</span> <span class='ocrx_word' id='word_1_455' title='bbox 3381 2277 3473 2316; x_wconf 92' lang='lat' dir='ltr'>me</span> <span class='ocrx_word' id='word_1_456' title='bbox 3505 2262 3775 2332; x_wconf 90' lang='lat' dir='ltr'>intrares,</span> 
     </span>
    </p>
   </div>
   <div class='ocr_carea' id='block_1_66' title="bbox 2120 2350 3780 2423">
    <p class='ocr_par' dir='ltr' id='par_1_66' title="bbox 2120 2350 3780 2423">
     <span class='ocr_line' id='line_1_66' title="bbox 2120 2350 3780 2423; baseline 0 -16"><span class='ocrx_word' id='word_1_457' title='bbox 2120 2356 2221 2407; x_wconf 89' lang='lat' dir='ltr'>aut</span> <span class='ocrx_word' id='word_1_458' title='bbox 2252 2355 2445 2406; x_wconf 89' lang='lat' dir='ltr'>tecum</span> <span class='ocrx_word' id='word_1_459' title='bbox 2478 2368 2582 2423; x_wconf 90' lang='lat' dir='ltr'>ego</span> <span class='ocrx_word' id='word_1_460' title='bbox 2628 2368 2959 2407; x_wconf 89' lang='lat' dir='ltr'>sermonem</span> <span class='ocrx_word' id='word_1_461' title='bbox 3019 2350 3344 2405; x_wconf 89' lang='lat' dir='ltr'>miscerem.</span> <span class='ocrx_word' id='word_1_462' title='bbox 3408 2350 3509 2406; x_wconf 92' lang='lat' dir='ltr'>Ille</span> <span class='ocrx_word' id='word_1_463' title='bbox 3563 2352 3780 2423; x_wconf 86' lang='lat' dir='ltr'>quippe</span> 
     </span>
    </p>
   </div>
   <div class='ocr_carea' id='block_1_67' title="bbox 2120 2438 3781 2513">
    <p class='ocr_par' dir='ltr' id='par_1_67' title="bbox 2120 2438 3781 2513">
     <span class='ocr_line' id='line_1_67' title="bbox 2120 2438 3781 2513; baseline -0.001 -17"><span class='ocrx_word' id='word_1_464' title='bbox 2120 2444 2285 2512; x_wconf 90' lang='lat' dir='ltr'>pater</span> <span class='ocrx_word' id='word_1_465' title='bbox 2314 2444 2737 2512; x_wconf 78' lang='lat' dir='ltr'>meus,martyr</span> <span class='ocrx_word' id='word_1_466' title='bbox 2766 2440 2978 2495; x_wconf 89' lang='lat' dir='ltr'>Christi</span> <span class='ocrx_word' id='word_1_467' title='bbox 3012 2438 3270 2510; x_wconf 90' lang='lat' dir='ltr'>Domini,</span> <span class='ocrx_word' id='word_1_468' title='bbox 3296 2439 3444 2494; x_wconf 89' lang='lat' dir='ltr'>vidit</span> <span class='ocrx_word' id='word_1_469' title='bbox 3472 2439 3641 2494; x_wconf 90' lang='lat' dir='ltr'>illum</span> <span class='ocrx_word' id='word_1_470' title='bbox 3675 2455 3781 2513; x_wconf 88' lang='lat' dir='ltr'>per</span> 
     </span>
    </p>
   </div>
   <div class='ocr_carea' id='block_1_68' title="bbox 2121 2527 3784 2601">
    <p class='ocr_par' dir='ltr' id='par_1_68' title="bbox 2121 2527 3784 2601">
     <span class='ocr_line' id='line_1_68' title="bbox 2121 2527 3784 2601; baseline 0.001 -18"><span class='ocrx_word' id='word_1_471' title='bbox 2121 2529 2446 2596; x_wconf 90' lang='lat' dir='ltr'>somnium,</span> <span class='ocrx_word' id='word_1_472' title='bbox 2482 2534 2818 2601; x_wconf 81' lang='lat' dir='ltr'>vestemque</span> <span class='ocrx_word' id='word_1_473' title='bbox 2846 2529 2974 2599; x_wconf 91' lang='lat' dir='ltr'>ejus</span> <span class='ocrx_word' id='word_1_474' title='bbox 2996 2546 3029 2584; x_wconf 89' lang='lat' dir='ltr'>a</span> <span class='ocrx_word' id='word_1_475' title='bbox 3058 2533 3115 2583; x_wconf 88' lang='lat' dir='ltr'>te</span> <span class='ocrx_word' id='word_1_476' title='bbox 3141 2527 3784 2601; x_wconf 82' lang='lat' dir='ltr'>laceratam,pracepit—</span> 
     </span>
    </p>
   </div>
   <div class='ocr_carea' id='block_1_69' title="bbox 2121 2616 3781 2691">
    <p class='ocr_par' dir='ltr' id='par_1_69' title="bbox 2121 2616 3781 2691">
     <span class='ocr_line' id='line_1_69' title="bbox 2121 2616 3781 2691; baseline 0 -18"><span class='ocrx_word' id='word_1_477' title='bbox 2121 2636 2234 2691; x_wconf 87' lang='lat' dir='ltr'>quo</span> <span class='ocrx_word' id='word_1_478' title='bbox 2268 2619 2412 2673; x_wconf 92' lang='lat' dir='ltr'>mihi</span> <span class='ocrx_word' id='word_1_479' title='bbox 2436 2623 2501 2674; x_wconf 90' lang='lat' dir='ltr'>ut</span> <span class='ocrx_word' id='word_1_480' title='bbox 2530 2624 2585 2674; x_wconf 89' lang='lat' dir='ltr'>te</span> <span class='ocrx_word' id='word_1_481' title='bbox 2604 2635 2719 2674; x_wconf 92' lang='lat' dir='ltr'>non</span> <span class='ocrx_word' id='word_1_482' title='bbox 2743 2616 3126 2690; x_wconf 90' lang='lat' dir='ltr'>susciperem.</span> <span class='ocrx_word' id='word_1_483' title='bbox 3144 2623 3231 2671; x_wconf 86' lang='lat' dir='ltr'>An</span> <span class='ocrx_word' id='word_1_484' title='bbox 3253 2616 3492 2689; x_wconf 90' lang='lat' dir='ltr'>ignoras</span> <span class='ocrx_word' id='word_1_485' title='bbox 3514 2617 3781 2690; x_wconf 88' lang='lat' dir='ltr'>linguam</span> 
     </span>
    </p>
   </div>
   <div class='ocr_carea' id='block_1_70' title="bbox 2121 2706 3786 2779">
    <p class='ocr_par' dir='ltr' id='par_1_70' title="bbox 2121 2706 3786 2779">
     <span class='ocr_line' id='line_1_70' title="bbox 2121 2706 3786 2779; baseline 0.001 -17"><span class='ocrx_word' id='word_1_486' title='bbox 2121 2711 2288 2763; x_wconf 90' lang='lat' dir='ltr'>tuam</span> <span class='ocrx_word' id='word_1_487' title='bbox 2321 2707 2512 2779; x_wconf 87' lang='lat' dir='ltr'>ipsam</span> <span class='ocrx_word' id='word_1_488' title='bbox 2546 2723 2675 2763; x_wconf 91' lang='lat' dir='ltr'>esse</span> <span class='ocrx_word' id='word_1_489' title='bbox 2702 2724 2827 2779; x_wconf 87' lang='lat' dir='ltr'>qua</span> <span class='ocrx_word' id='word_1_490' title='bbox 2882 2711 2939 2762; x_wconf 91' lang='lat' dir='ltr'>te</span> <span class='ocrx_word' id='word_1_491' title='bbox 2995 2708 3065 2761; x_wconf 90' lang='lat' dir='ltr'>ab</span> <span class='ocrx_word' id='word_1_492' title='bbox 3098 2706 3195 2761; x_wconf 93' lang='lat' dir='ltr'>illo</span> <span class='ocrx_word' id='word_1_493' title='bbox 3229 2706 3487 2762; x_wconf 90' lang='lat' dir='ltr'>alienum</span> <span class='ocrx_word' id='word_1_494' title='bbox 3518 2707 3654 2762; x_wconf 88' lang='lat' dir='ltr'>fecit</span> <span class='ocrx_word' id='word_1_495' title='bbox 3681 2724 3786 2779; x_wconf 93' lang='lat' dir='ltr'>per</span> 
     </span>
    </p>
   </div>
   <div class='ocr_carea' id='block_1_71' title="bbox 2123 2796 3786 2869">
    <p class='ocr_par' dir='ltr' id='par_1_71' title="bbox 2123 2796 3786 2869">
     <span class='ocr_line' id='line_1_71' title="bbox 2123 2796 3786 2869; baseline 0 -18"><span class='ocrx_word' id='word_1_496' title='bbox 2123 2797 2225 2851; x_wconf 89' lang='lat' dir='ltr'>illa</span> <span class='ocrx_word' id='word_1_497' title='bbox 2255 2814 2381 2869; x_wconf 86' lang='lat' dir='ltr'>qua</span> <span class='ocrx_word' id='word_1_498' title='bbox 2414 2797 2485 2852; x_wconf 89' lang='lat' dir='ltr'>de</span> <span class='ocrx_word' id='word_1_499' title='bbox 2510 2797 2637 2869; x_wconf 87' lang='lat' dir='ltr'>ipso</span> <span class='ocrx_word' id='word_1_500' title='bbox 2652 2796 2851 2853; x_wconf 86' lang='lat' dir='ltr'>dixisti</span> <span class='ocrx_word' id='word_1_501' title='bbox 2874 2796 2902 2851; x_wconf 83' lang='lat'><strong>?</strong></span> <span class='ocrx_word' id='word_1_502' title='bbox 2921 2796 3081 2869; x_wconf 84' lang='lat' dir='ltr'>Roga</span> <span class='ocrx_word' id='word_1_503' title='bbox 3103 2813 3239 2868; x_wconf 88' lang='lat' dir='ltr'>ergo</span> <span class='ocrx_word' id='word_1_504' title='bbox 3259 2796 3561 2853; x_wconf 89' lang='lat' dir='ltr'>Christum</span> <span class='ocrx_word' id='word_1_505' title='bbox 3589 2796 3786 2852; x_wconf 83' lang='lat' dir='ltr'>Domi-</span> 
     </span>
    </p>
   </div>
   <div class='ocr_carea' id='block_1_72' title="bbox 2124 2886 3782 2958">
    <p class='ocr_par' dir='ltr' id='par_1_72' title="bbox 2124 2886 3782 2958">
     <span class='ocr_line' id='line_1_72' title="bbox 2124 2886 3782 2958; baseline -0.001 -17"><span class='ocrx_word' id='word_1_506' title='bbox 2124 2904 2267 2941; x_wconf 92' lang='lat' dir='ltr'>num</span> <span class='ocrx_word' id='word_1_507' title='bbox 2292 2887 2661 2954; x_wconf 89' lang='lat' dir='ltr'>salvatorem,</span> <span class='ocrx_word' id='word_1_508' title='bbox 2689 2891 2747 2941; x_wconf 89' lang='lat' dir='ltr'>et</span> <span class='ocrx_word' id='word_1_509' title='bbox 2775 2886 3049 2941; x_wconf 89' lang='lat' dir='ltr'>confitere</span> <span class='ocrx_word' id='word_1_510' title='bbox 3081 2890 3385 2958; x_wconf 91' lang='lat' dir='ltr'>peccatum</span> <span class='ocrx_word' id='word_1_511' title='bbox 3408 2890 3599 2952; x_wconf 89' lang='lat' dir='ltr'>tuum,</span> <span class='ocrx_word' id='word_1_512' title='bbox 3619 2902 3782 2940; x_wconf 89' lang='lat' dir='ltr'>cum-</span> 
     </span>
    </p>
   </div>
   <div class='ocr_carea' id='block_1_73' title="bbox 2125 2974 3783 3046">
    <p class='ocr_par' dir='ltr' id='par_1_73' title="bbox 2125 2974 3783 3046">
     <span class='ocr_line' id='line_1_73' title="bbox 2125 2974 3783 3046; baseline -0.001 -16"><span class='ocrx_word' id='word_1_513' title='bbox 2125 2992 2236 3046; x_wconf 93' lang='lat' dir='ltr'>que</span> <span class='ocrx_word' id='word_1_514' title='bbox 2266 2980 2323 3030; x_wconf 91' lang='lat' dir='ltr'>te</span> <span class='ocrx_word' id='word_1_515' title='bbox 2354 2974 2451 3029; x_wconf 90' lang='lat' dir='ltr'>ille</span> <span class='ocrx_word' id='word_1_516' title='bbox 2478 2974 2817 3045; x_wconf 88' lang='lat' dir='ltr'>susceperit,</span> <span class='ocrx_word' id='word_1_517' title='bbox 2852 2974 3148 3046; x_wconf 70' lang='lat' dir='ltr'>praecipiet</span> <span class='ocrx_word' id='word_1_518' title='bbox 3175 2989 3410 3045; x_wconf 91' lang='lat' dir='ltr'>quoque</span> <span class='ocrx_word' id='word_1_519' title='bbox 3458 2974 3602 3028; x_wconf 91' lang='lat' dir='ltr'>mihi</span> <span class='ocrx_word' id='word_1_520' title='bbox 3635 2978 3699 3028; x_wconf 91' lang='lat' dir='ltr'>ut</span> <span class='ocrx_word' id='word_1_521' title='bbox 3726 2977 3783 3028; x_wconf 91' lang='lat' dir='ltr'>te</span> 
     </span>
    </p>
   </div>
   <div class='ocr_carea' id='block_1_74' title="bbox 2125 3062 3782 3135">
    <p class='ocr_par' dir='ltr' id='par_1_74' title="bbox 2125 3062 3782 3135">
     <span class='ocr_line' id='line_1_74' title="bbox 2125 3062 3782 3135; baseline -0.001 -17"><span class='ocrx_word' id='word_1_522' title='bbox 2125 3064 2629 3135; x_wconf 89' lang='lat' dir='ltr'>suscipiam,sicut</span> <span class='ocrx_word' id='word_1_523' title='bbox 2650 3064 2816 3119; x_wconf 88' lang='lat' dir='ltr'>Petro</span> <span class='ocrx_word' id='word_1_524' title='bbox 2848 3063 3000 3133; x_wconf 90' lang='lat' dir='ltr'>patri</span> <span class='ocrx_word' id='word_1_525' title='bbox 3033 3078 3163 3117; x_wconf 93' lang='lat' dir='ltr'>meo</span> <span class='ocrx_word' id='word_1_526' title='bbox 3197 3067 3262 3117; x_wconf 92' lang='lat' dir='ltr'>ut</span> <span class='ocrx_word' id='word_1_527' title='bbox 3292 3067 3348 3117; x_wconf 90' lang='lat' dir='ltr'>te</span> <span class='ocrx_word' id='word_1_528' title='bbox 3379 3080 3494 3118; x_wconf 93' lang='lat' dir='ltr'>non</span> <span class='ocrx_word' id='word_1_529' title='bbox 3527 3062 3782 3133; x_wconf 62' lang='lat' dir='ltr'>suscipe.</span> 
     </span>
    </p>
   </div>
   <div class='ocr_carea' id='block_1_75' title="bbox 2126 3151 3781 3225">
    <p class='ocr_par' dir='ltr' id='par_1_75' title="bbox 2126 3151 3781 3225">
     <span class='ocr_line' id='line_1_75' title="bbox 2126 3151 3781 3225; baseline -0.002 -17"><span class='ocrx_word' id='word_1_530' title='bbox 2126 3158 2211 3209; x_wconf 90' lang='lat' dir='ltr'>ret</span> <span class='ocrx_word' id='word_1_531' title='bbox 2241 3151 2812 3225; x_wconf 82' lang='lat' dir='ltr'>pracepit,quamvis</span> <span class='ocrx_word' id='word_1_532' title='bbox 2842 3152 2913 3207; x_wconf 90' lang='lat' dir='ltr'>ab</span> <span class='ocrx_word' id='word_1_533' title='bbox 2941 3152 3068 3223; x_wconf 92' lang='lat' dir='ltr'>ipso</span> <span class='ocrx_word' id='word_1_534' title='bbox 3099 3151 3328 3206; x_wconf 92' lang='lat' dir='ltr'>Christo</span> <span class='ocrx_word' id='word_1_535' title='bbox 3358 3151 3606 3206; x_wconf 91' lang='lat' dir='ltr'>Domino</span> <span class='ocrx_word' id='word_1_536' title='bbox 3636 3167 3781 3222; x_wconf 81' lang='lat' dir='ltr'>pra-</span> 
     </span>
    </p>
   </div>
   <div class='ocr_carea' id='block_1_76' title="bbox 2126 3239 3781 3314">
    <p class='ocr_par' dir='ltr' id='par_1_76' title="bbox 2126 3239 3781 3314">
     <span class='ocr_line' id='line_1_76' title="bbox 2126 3239 3781 3314; baseline -0.001 -16"><span class='ocrx_word' id='word_1_537' title='bbox 2126 3245 2359 3314; x_wconf 90' lang='lat' dir='ltr'>ceptum</span> <span class='ocrx_word' id='word_1_538' title='bbox 2390 3241 2585 3307; x_wconf 83' lang='lat' dir='ltr'>fuerit,</span> <span class='ocrx_word' id='word_1_539' title='bbox 2626 3245 2689 3295; x_wconf 92' lang='lat' dir='ltr'>ut</span> <span class='ocrx_word' id='word_1_540' title='bbox 2720 3257 2791 3295; x_wconf 90' lang='lat' dir='ltr'>ne</span> <span class='ocrx_word' id='word_1_541' title='bbox 2820 3240 3136 3311; x_wconf 90' lang='lat' dir='ltr'>quisquam</span> <span class='ocrx_word' id='word_1_542' title='bbox 3158 3239 3521 3295; x_wconf 89' lang='lat' dir='ltr'>credentium</span> <span class='ocrx_word' id='word_1_543' title='bbox 3550 3240 3610 3294; x_wconf 90' lang='lat' dir='ltr'>in</span> <span class='ocrx_word' id='word_1_544' title='bbox 3644 3255 3781 3296; x_wconf 89' lang='lat' dir='ltr'>eum</span> 
     </span>
    </p>
   </div>
   <div class='ocr_carea' id='block_1_77' title="bbox 2128 3328 3783 3400">
    <p class='ocr_par' dir='ltr' id='par_1_77' title="bbox 2128 3328 3783 3400">
     <span class='ocr_line' id='line_1_77' title="bbox 2128 3328 3783 3400; baseline -0.001 -15"><span class='ocrx_word' id='word_1_545' title='bbox 2128 3331 2290 3385; x_wconf 90' lang='lat' dir='ltr'>aditu</span> <span class='ocrx_word' id='word_1_546' title='bbox 2322 3329 2582 3385; x_wconf 91' lang='lat' dir='ltr'>ecclesia</span> <span class='ocrx_word' id='word_1_547' title='bbox 2608 3328 3050 3400; x_wconf 86' lang='lat' dir='ltr'>prohiberetur:</span> <span class='ocrx_word' id='word_1_548' title='bbox 3082 3329 3182 3383; x_wconf 88' lang='lat' dir='ltr'>sed</span> <span class='ocrx_word' id='word_1_549' title='bbox 3216 3328 3451 3397; x_wconf 89' lang='lat' dir='ltr'>quando</span> <span class='ocrx_word' id='word_1_550' title='bbox 3482 3328 3616 3399; x_wconf 91' lang='lat' dir='ltr'>quis</span> <span class='ocrx_word' id='word_1_551' title='bbox 3647 3343 3783 3400; x_wconf 89' lang='lat' dir='ltr'>pec-</span> 
     </span>
    </p>
   </div>
   <div class='ocr_carea' id='block_1_78' title="bbox 2126 3416 3787 3489">
    <p class='ocr_par' dir='ltr' id='par_1_78' title="bbox 2126 3416 3787 3489">
     <span class='ocr_line' id='line_1_78' title="bbox 2126 3416 3787 3489; baseline -0.002 -15"><span class='ocrx_word' id='word_1_552' title='bbox 2126 3423 2326 3474; x_wconf 88' lang='lat' dir='ltr'>catum</span> <span class='ocrx_word' id='word_1_553' title='bbox 2360 3417 2599 3489; x_wconf 92' lang='lat' dir='ltr'>aliquod</span> <span class='ocrx_word' id='word_1_554' title='bbox 2632 3416 3296 3488; x_wconf 88' lang='lat' dir='ltr'>commisit,separamus</span> <span class='ocrx_word' id='word_1_555' title='bbox 3311 3432 3446 3471; x_wconf 91' lang='lat' dir='ltr'>eum</span> <span class='ocrx_word' id='word_1_556' title='bbox 3472 3434 3504 3471; x_wconf 94' lang='lat' dir='ltr'>a</span> <span class='ocrx_word' id='word_1_557' title='bbox 3525 3431 3787 3471; x_wconf 92' lang='lat' dir='ltr'>commu-</span> 
     </span>
    </p>
   </div>
   <div class='ocr_carea' id='block_1_79' title="bbox 2127 3505 3785 3579">
    <p class='ocr_par' dir='ltr' id='par_1_79' title="bbox 2127 3505 3785 3579">
     <span class='ocr_line' id='line_1_79' title="bbox 2127 3505 3785 3579; baseline 0 -17"><span class='ocrx_word' id='word_1_558' title='bbox 2127 3508 2324 3573; x_wconf 88' lang='lat' dir='ltr'>nione,</span> <span class='ocrx_word' id='word_1_559' title='bbox 2359 3512 2425 3562; x_wconf 93' lang='lat' dir='ltr'>ut</span> <span class='ocrx_word' id='word_1_560' title='bbox 2454 3505 3262 3579; x_wconf 80' lang='lat' dir='ltr'>resipiscat,etpcenitentiam</span> <span class='ocrx_word' id='word_1_561' title='bbox 3279 3510 3413 3577; x_wconf 89' lang='lat' dir='ltr'>agat</span> <span class='ocrx_word' id='word_1_562' title='bbox 3438 3523 3451 3572; x_wconf 93' lang='lat'><strong>;</strong></span> <span class='ocrx_word' id='word_1_563' title='bbox 3472 3510 3785 3577; x_wconf 85' lang='lat' dir='ltr'>postquam</span> 
     </span>
    </p>
   </div>
   <div class='ocr_carea' id='block_1_80' title="bbox 2125 3593 3792 3667">
    <p class='ocr_par' dir='ltr' id='par_1_80' title="bbox 2125 3593 3792 3667">
     <span class='ocr_line' id='line_1_80' title="bbox 2125 3593 3792 3667; baseline -0.001 -15"><span class='ocrx_word' id='word_1_564' title='bbox 2125 3612 2261 3653; x_wconf 92' lang='lat' dir='ltr'>vero</span> <span class='ocrx_word' id='word_1_565' title='bbox 2294 3595 2464 3650; x_wconf 90' lang='lat' dir='ltr'>illum</span> <span class='ocrx_word' id='word_1_566' title='bbox 2497 3594 2756 3667; x_wconf 88' lang='lat' dir='ltr'>suscepit</span> <span class='ocrx_word' id='word_1_567' title='bbox 2786 3594 3186 3658; x_wconf 88' lang='lat' dir='ltr'>Christus,nos</span> <span class='ocrx_word' id='word_1_568' title='bbox 3209 3611 3442 3667; x_wconf 89' lang='lat' dir='ltr'>quoque</span> <span class='ocrx_word' id='word_1_569' title='bbox 3465 3593 3631 3649; x_wconf 87' lang='lat' dir='ltr'>illum</span> <span class='ocrx_word' id='word_1_570' title='bbox 3660 3611 3792 3651; x_wconf 83' lang='lat' dir='ltr'>sus-</span> 
     </span>
    </p>
   </div>
   <div class='ocr_carea' id='block_1_81' title="bbox 2132 3683 3790 3757">
    <p class='ocr_par' dir='ltr' id='par_1_81' title="bbox 2132 3683 3790 3757">
     <span class='ocr_line' id='line_1_81' title="bbox 2132 3683 3790 3757; baseline -0.001 -17"><span class='ocrx_word' id='word_1_571' title='bbox 2132 3686 2560 3757; x_wconf 88' lang='lat' dir='ltr'>cipimus.Cum</span> <span class='ocrx_word' id='word_1_572' title='bbox 2589 3684 2711 3739; x_wconf 85' lang='lat' dir='ltr'>hac</span> <span class='ocrx_word' id='word_1_573' title='bbox 2745 3684 2917 3738; x_wconf 88' lang='lat' dir='ltr'>Arius</span> <span class='ocrx_word' id='word_1_574' title='bbox 2949 3683 3289 3750; x_wconf 88' lang='lat' dir='ltr'>audivisset,</span> <span class='ocrx_word' id='word_1_575' title='bbox 3324 3684 3513 3739; x_wconf 91' lang='lat' dir='ltr'>iratus</span> <span class='ocrx_word' id='word_1_576' title='bbox 3546 3700 3790 3756; x_wconf 85' lang='lat' dir='ltr'>magno-</span> 
     </span>
    </p>
   </div>
   <div class='ocr_carea' id='block_1_82' title="bbox 2129 3772 3790 3847">
    <p class='ocr_par' dir='ltr' id='par_1_82' title="bbox 2129 3772 3790 3847">
     <span class='ocr_line' id='line_1_82' title="bbox 2129 3772 3790 3847; baseline -0.001 -16"><span class='ocrx_word' id='word_1_577' title='bbox 2129 3774 2440 3847; x_wconf 90' lang='lat' dir='ltr'>pere,abiit</span> <span class='ocrx_word' id='word_1_578' title='bbox 2470 3779 2528 3829; x_wconf 90' lang='lat' dir='ltr'>et</span> <span class='ocrx_word' id='word_1_579' title='bbox 2559 3773 2790 3846; x_wconf 90' lang='lat' dir='ltr'>collegit</span> <span class='ocrx_word' id='word_1_580' title='bbox 2810 3789 3087 3845; x_wconf 90' lang='lat' dir='ltr'>magnam</span> <span class='ocrx_word' id='word_1_581' title='bbox 3118 3772 3429 3829; x_wconf 93' lang='lat' dir='ltr'>hominum</span> <span class='ocrx_word' id='word_1_582' title='bbox 3461 3772 3790 3829; x_wconf 87' lang='lat' dir='ltr'>multitudi-</span> 
     </span>
    </p>
   </div>
   <div class='ocr_carea' id='block_1_83' title="bbox 2131 3860 3794 3936">
    <p class='ocr_par' dir='ltr' id='par_1_83' title="bbox 2131 3860 3794 3936">
     <span class='ocr_line' id='line_1_83' title="bbox 2131 3860 3794 3936; baseline -0.001 -17"><span class='ocrx_word' id='word_1_583' title='bbox 2131 3862 2717 3936; x_wconf 90' lang='lat' dir='ltr'>nem,proposuitque</span> <span class='ocrx_word' id='word_1_584' title='bbox 2747 3862 3071 3917; x_wconf 88' lang='lat' dir='ltr'>sententias</span> <span class='ocrx_word' id='word_1_585' title='bbox 3090 3860 3467 3933; x_wconf 90' lang='lat' dir='ltr'>blasphemas</span> <span class='ocrx_word' id='word_1_586' title='bbox 3494 3866 3551 3917; x_wconf 91' lang='lat' dir='ltr'>et</span> <span class='ocrx_word' id='word_1_587' title='bbox 3578 3862 3794 3935; x_wconf 88' lang='lat' dir='ltr'>impios</span> 
     </span>
    </p>
   </div>
   <div class='ocr_carea' id='block_1_84' title="bbox 2131 3950 3796 4025">
    <p class='ocr_par' dir='ltr' id='par_1_84' title="bbox 2131 3950 3796 4025">
     <span class='ocr_line' id='line_1_84' title="bbox 2131 3950 3796 4025; baseline -0.001 -16"><span class='ocrx_word' id='word_1_588' title='bbox 2131 3969 2434 4009; x_wconf 90' lang='lat' dir='ltr'>sermones</span> <span class='ocrx_word' id='word_1_589' title='bbox 2467 3951 2706 4025; x_wconf 85' lang='lat' dir='ltr'>protulit</span> <span class='ocrx_word' id='word_1_590' title='bbox 2736 3952 2952 4023; x_wconf 83' lang='lat' dir='ltr'>lingua</span> <span class='ocrx_word' id='word_1_591' title='bbox 2975 3951 3336 4007; x_wconf 90' lang='lat' dir='ltr'>abscissione</span> <span class='ocrx_word' id='word_1_592' title='bbox 3357 3950 3598 4023; x_wconf 88' lang='lat' dir='ltr'>dignos:</span> <span class='ocrx_word' id='word_1_593' title='bbox 3634 3968 3796 4007; x_wconf 89' lang='lat' dir='ltr'>asse-</span> 
     </span>
    </p>
   </div>
   <div class='ocr_carea' id='block_1_85' title="bbox 2132 4040 3798 4098">
    <p class='ocr_par' dir='ltr' id='par_1_85' title="bbox 2132 4040 3798 4098">
     <span class='ocr_line' id='line_1_85' title="bbox 2132 4040 3798 4098; baseline -0.001 -1"><span class='ocrx_word' id='word_1_594' title='bbox 2132 4044 2294 4098; x_wconf 88' lang='lat' dir='ltr'>rebat</span> <span class='ocrx_word' id='word_1_595' title='bbox 2326 4042 2481 4097; x_wconf 90' lang='lat' dir='ltr'>enim</span> <span class='ocrx_word' id='word_1_596' title='bbox 2516 4041 2731 4096; x_wconf 85' lang='lat' dir='ltr'>Filium</span> <span class='ocrx_word' id='word_1_597' title='bbox 2764 4040 2861 4096; x_wconf 90' lang='lat' dir='ltr'>Dei</span> <span class='ocrx_word' id='word_1_598' title='bbox 2893 4044 3154 4095; x_wconf 89' lang='lat' dir='ltr'>creatum</span> <span class='ocrx_word' id='word_1_599' title='bbox 3210 4056 3358 4096; x_wconf 89' lang='lat' dir='ltr'>esse.</span> <span class='ocrx_word' id='word_1_600' title='bbox 3389 4040 3667 4095; x_wconf 88' lang='lat' dir='ltr'>Habitum</span> <span class='ocrx_word' id='word_1_601' title='bbox 3706 4044 3798 4096; x_wconf 89' lang='lat' dir='ltr'>est</span> 
     </span>
    </p>
   </div>
   <div class='ocr_carea' id='block_1_86' title="bbox 2131 4129 3796 4203">
    <p class='ocr_par' dir='ltr' id='par_1_86' title="bbox 2131 4129 3796 4203">
     <span class='ocr_line' id='line_1_86' title="bbox 2131 4129 3796 4203; baseline 0 -18"><span class='ocrx_word' id='word_1_602' title='bbox 2131 4132 2333 4203; x_wconf 89' lang='lat' dir='ltr'>itaque</span> <span class='ocrx_word' id='word_1_603' title='bbox 2365 4130 2526 4187; x_wconf 89' lang='lat' dir='ltr'>illius</span> <span class='ocrx_word' id='word_1_604' title='bbox 2558 4148 2737 4185; x_wconf 90' lang='lat' dir='ltr'>causa</span> <span class='ocrx_word' id='word_1_605' title='bbox 2766 4129 3080 4185; x_wconf 91' lang='lat' dir='ltr'>concilium</span> <span class='ocrx_word' id='word_1_606' title='bbox 3112 4130 3335 4200; x_wconf 86' lang='lat' dir='ltr'>Nicaa,</span> <span class='ocrx_word' id='word_1_607' title='bbox 3366 4130 3437 4184; x_wconf 89' lang='lat' dir='ltr'>ad</span> <span class='ocrx_word' id='word_1_608' title='bbox 3471 4130 3623 4201; x_wconf 91' lang='lat' dir='ltr'>quod</span> <span class='ocrx_word' id='word_1_609' title='bbox 3656 4146 3796 4185; x_wconf 90' lang='lat' dir='ltr'>con-</span> 
     </span>
    </p>
   </div>
   <div class='ocr_carea' id='block_1_87' title="bbox 2130 4219 3791 4291">
    <p class='ocr_par' dir='ltr' id='par_1_87' title="bbox 2130 4219 3791 4291">
     <span class='ocr_line' id='line_1_87' title="bbox 2130 4219 3791 4291; baseline -0.001 -16"><span class='ocrx_word' id='word_1_610' title='bbox 2130 4224 2415 4275; x_wconf 90' lang='lat' dir='ltr'>venerunt</span> <span class='ocrx_word' id='word_1_611' title='bbox 2445 4220 2739 4275; x_wconf 90' lang='lat' dir='ltr'>antistites</span> <span class='ocrx_word' id='word_1_612' title='bbox 2771 4222 3026 4291; x_wconf 90' lang='lat' dir='ltr'>quatuor</span> <span class='ocrx_word' id='word_1_613' title='bbox 3042 4219 3511 4291; x_wconf 87' lang='lat' dir='ltr'>sedium,nempe</span> <span class='ocrx_word' id='word_1_614' title='bbox 3544 4219 3791 4291; x_wconf 90' lang='lat' dir='ltr'>patriar-</span> 
     </span>
    </p>
   </div>
   <div class='ocr_carea' id='block_1_88' title="bbox 2134 4307 3794 4379">
    <p class='ocr_par' dir='ltr' id='par_1_88' title="bbox 2134 4307 3794 4379">
     <span class='ocr_line' id='line_1_88' title="bbox 2134 4307 3794 4379; baseline -0.001 -15"><span class='ocrx_word' id='word_1_615' title='bbox 2134 4309 2255 4364; x_wconf 87' lang='lat' dir='ltr'>cha</span> <span class='ocrx_word' id='word_1_616' title='bbox 2291 4308 2903 4378; x_wconf 77' lang='lat' dir='ltr'>Itoma,Alexandria,</span> <span class='ocrx_word' id='word_1_617' title='bbox 2934 4308 3147 4379; x_wconf 88' lang='lat' dir='ltr'>Ephesi</span> <span class='ocrx_word' id='word_1_618' title='bbox 3179 4312 3235 4363; x_wconf 88' lang='lat' dir='ltr'>et</span> <span class='ocrx_word' id='word_1_619' title='bbox 3273 4307 3612 4363; x_wconf 85' lang='lat' dir='ltr'>Antiochia.</span> <span class='ocrx_word' id='word_1_620' title='bbox 3644 4307 3794 4363; x_wconf 91' lang='lat' dir='ltr'>Con-</span> 
     </span>
    </p>
   </div>
   <div class='ocr_carea' id='block_1_89' title="bbox 2135 4395 3796 4468">
    <p class='ocr_par' dir='ltr' id='par_1_89' title="bbox 2135 4395 3796 4468">
     <span class='ocr_line' id='line_1_89' title="bbox 2135 4395 3796 4468; baseline -0.001 -15"><span class='ocrx_word' id='word_1_621' title='bbox 2135 4398 2285 4453; x_wconf 91' lang='lat' dir='ltr'>sedit</span> <span class='ocrx_word' id='word_1_622' title='bbox 2305 4396 2523 4468; x_wconf 78' lang='lat' dir='ltr'>pariter</span> <span class='ocrx_word' id='word_1_623' title='bbox 2538 4413 2672 4451; x_wconf 90' lang='lat' dir='ltr'>cum</span> <span class='ocrx_word' id='word_1_624' title='bbox 2696 4395 2811 4452; x_wconf 93' lang='lat' dir='ltr'>illis</span> <span class='ocrx_word' id='word_1_625' title='bbox 2825 4395 3245 4452; x_wconf 80' lang='lat' dir='ltr'>Constantinus</span> <span class='ocrx_word' id='word_1_626' title='bbox 3266 4396 3583 4468; x_wconf 88' lang='lat' dir='ltr'>imperator</span> <span class='ocrx_word' id='word_1_627' title='bbox 3605 4395 3796 4451; x_wconf 82' lang='lat' dir='ltr'>fidelis</span> 
     </span>
    </p>
   </div>
   <div class='ocr_carea' id='block_1_90' title="bbox 2137 4484 3800 4556">
    <p class='ocr_par' dir='ltr' id='par_1_90' title="bbox 2137 4484 3800 4556">
     <span class='ocr_line' id='line_1_90' title="bbox 2137 4484 3800 4556; baseline -0.001 -15"><span class='ocrx_word' id='word_1_628' title='bbox 2137 4502 2393 4556; x_wconf 91' lang='lat' dir='ltr'>cumque</span> <span class='ocrx_word' id='word_1_629' title='bbox 2415 4485 2805 4540; x_wconf 85' lang='lat' dir='ltr'>absolvissent</span> <span class='ocrx_word' id='word_1_630' title='bbox 2825 4500 3186 4555; x_wconf 86' lang='lat' dir='ltr'>quacunque</span> <span class='ocrx_word' id='word_1_631' title='bbox 3205 4484 3578 4555; x_wconf 86' lang='lat' dir='ltr'>pertinebant</span> <span class='ocrx_word' id='word_1_632' title='bbox 3595 4484 3667 4538; x_wconf 92' lang='lat' dir='ltr'>ad</span> <span class='ocrx_word' id='word_1_633' title='bbox 3685 4488 3800 4539; x_wconf 90' lang='lat' dir='ltr'>sta-</span> 
     </span>
    </p>
   </div>
   <div class='ocr_carea' id='block_1_91' title="bbox 2141 4571 3797 4644">
    <p class='ocr_par' dir='ltr' id='par_1_91' title="bbox 2141 4571 3797 4644">
     <span class='ocr_line' id='line_1_91' title="bbox 2141 4571 3797 4644; baseline -0.001 -15"><span class='ocrx_word' id='word_1_634' title='bbox 2141 4574 2462 4630; x_wconf 90' lang='lat' dir='ltr'>biliendam</span> <span class='ocrx_word' id='word_1_635' title='bbox 2495 4574 2670 4628; x_wconf 81' lang='lat' dir='ltr'>fidem</span> <span class='ocrx_word' id='word_1_636' title='bbox 2702 4572 3457 4644; x_wconf 68' lang='lat' dir='ltr'>orthodoXam,jejuniique</span> <span class='ocrx_word' id='word_1_637' title='bbox 3486 4577 3543 4627; x_wconf 91' lang='lat' dir='ltr'>et</span> <span class='ocrx_word' id='word_1_638' title='bbox 3560 4571 3797 4627; x_wconf 88' lang='lat' dir='ltr'>Pascha</span> 
     </span>
    </p>
   </div>
   <div class='ocr_carea' id='block_1_92' title="bbox 360 4654 3799 4734">
    <p class='ocr_par' dir='ltr' id='par_1_92' title="bbox 360 4654 3799 4734">
     <span class='ocr_line' id='line_1_92' title="bbox 360 4654 3799 4734; baseline 0 -20"><span class='ocrx_word' id='word_1_639' title='bbox 360 4660 729 4733; x_wconf 87' lang='lat' dir='ltr'>xandri,ipse</span> <span class='ocrx_word' id='word_1_640' title='bbox 760 4677 1066 4731; x_wconf 91' lang='lat' dir='ltr'>nunquam</span> <span class='ocrx_word' id='word_1_641' title='bbox 1098 4659 1217 4716; x_wconf 90' lang='lat' dir='ltr'>sive</span> <span class='ocrx_word' id='word_1_642' title='bbox 1247 4660 1307 4715; x_wconf 91' lang='lat' dir='ltr'>in</span> <span class='ocrx_word' id='word_1_643' title='bbox 1340 4658 1484 4715; x_wconf 90' lang='lat' dir='ltr'>cella</span> <span class='ocrx_word' id='word_1_644' title='bbox 1512 4677 1620 4715; x_wconf 91' lang='lat' dir='ltr'>sua</span> <span class='ocrx_word' id='word_1_645' title='bbox 1650 4660 1769 4714; x_wconf 92' lang='lat' dir='ltr'>sive</span> <span class='ocrx_word' id='word_1_646' title='bbox 1800 4659 1937 4715; x_wconf 89' lang='lat' dir='ltr'>alibi</span> <span class='ocrx_word' id='word_1_647' title='bbox 1959 4660 2033 4715; x_wconf 90' lang='lat' dir='ltr'>le-</span> <span class='ocrx_word' id='word_1_648' title='bbox 2062 4654 2109 4718; x_wconf 91' lang='lat' dir='ltr'>D</span> <span class='ocrx_word' id='word_1_649' title='bbox 2141 4661 2691 4734; x_wconf 87' lang='lat' dir='ltr'>disciplinam,dixit</span> <span class='ocrx_word' id='word_1_650' title='bbox 2722 4660 2838 4716; x_wconf 91' lang='lat' dir='ltr'>illis</span> <span class='ocrx_word' id='word_1_651' title='bbox 2868 4662 3216 4733; x_wconf 83' lang='lat' dir='ltr'>imperator:</span> <span class='ocrx_word' id='word_1_652' title='bbox 3252 4661 3412 4733; x_wconf 85' lang='lat' dir='ltr'>Rogo</span> <span class='ocrx_word' id='word_1_653' title='bbox 3434 4678 3537 4717; x_wconf 89' lang='lat' dir='ltr'>vos</span> <span class='ocrx_word' id='word_1_654' title='bbox 3568 4665 3632 4717; x_wconf 91' lang='lat' dir='ltr'>ut</span> <span class='ocrx_word' id='word_1_655' title='bbox 3659 4676 3799 4715; x_wconf 93' lang='lat' dir='ltr'>con-</span> 
     </span>
    </p>
   </div>
   <div class='ocr_carea' id='block_1_93' title="bbox 363 4748 2029 4822">
    <p class='ocr_par' dir='ltr' id='par_1_93' title="bbox 363 4748 2029 4822">
     <span class='ocr_line' id='line_1_93' title="bbox 363 4748 2029 4822; baseline -0.001 -18"><span class='ocrx_word' id='word_1_656' title='bbox 363 4750 539 4822; x_wconf 88' lang='lat' dir='ltr'>gebat</span> <span class='ocrx_word' id='word_1_657' title='bbox 570 4749 972 4822; x_wconf 81' lang='lat' dir='ltr'>Evangelium,</span> <span class='ocrx_word' id='word_1_658' title='bbox 1007 4750 1349 4818; x_wconf 89' lang='lat' dir='ltr'>sedens,sed</span> <span class='ocrx_word' id='word_1_659' title='bbox 1385 4749 1739 4817; x_wconf 89' lang='lat' dir='ltr'>stans,Deus</span> <span class='ocrx_word' id='word_1_660' title='bbox 1765 4748 2029 4821; x_wconf 90' lang='lat' dir='ltr'>singula—</span> 
     </span>
    </p>
   </div>
   <div class='ocr_carea' id='block_1_94' title="bbox 364 4838 2027 4911">
    <p class='ocr_par' dir='ltr' id='par_1_94' title="bbox 364 4838 2027 4911">
     <span class='ocr_line' id='line_1_94' title="bbox 364 4838 2027 4911; baseline 0 -17"><span class='ocrx_word' id='word_1_661' title='bbox 364 4854 490 4894; x_wconf 89' lang='lat' dir='ltr'>rem</span> <span class='ocrx_word' id='word_1_662' title='bbox 520 4838 605 4893; x_wconf 92' lang='lat' dir='ltr'>illi</span> <span class='ocrx_word' id='word_1_663' title='bbox 639 4840 697 4894; x_wconf 92' lang='lat' dir='ltr'>in</span> <span class='ocrx_word' id='word_1_664' title='bbox 725 4839 990 4911; x_wconf 89' lang='lat' dir='ltr'>legendis</span> <span class='ocrx_word' id='word_1_665' title='bbox 1014 4839 1334 4911; x_wconf 89' lang='lat' dir='ltr'>Scripturis</span> <span class='ocrx_word' id='word_1_666' title='bbox 1358 4840 1606 4911; x_wconf 90' lang='lat' dir='ltr'>gratiam</span> <span class='ocrx_word' id='word_1_667' title='bbox 1640 4844 2027 4894; x_wconf 84' lang='lat' dir='ltr'>concesserat.</span> 
     </span>
    </p>
   </div>
   <div class='ocr_carea' id='block_1_95' title="bbox 368 4927 2028 5000">
    <p class='ocr_par' dir='ltr' id='par_1_95' title="bbox 368 4927 2028 5000">
     <span class='ocr_line' id='line_1_95' title="bbox 368 4927 2028 5000; baseline 0 -17"><span class='ocrx_word' id='word_1_668' title='bbox 368 4929 633 4995; x_wconf 88' lang='lat' dir='ltr'>Quadam</span> <span class='ocrx_word' id='word_1_669' title='bbox 666 4933 834 4984; x_wconf 88' lang='lat' dir='ltr'>nocte</span> <span class='ocrx_word' id='word_1_670' title='bbox 866 4945 999 4985; x_wconf 92' lang='lat' dir='ltr'>cum</span> <span class='ocrx_word' id='word_1_671' title='bbox 1033 4935 1197 4985; x_wconf 87' lang='lat' dir='ltr'>stans</span> <span class='ocrx_word' id='word_1_672' title='bbox 1227 4933 1497 4996; x_wconf 85' lang='lat' dir='ltr'>oraret,et</span> <span class='ocrx_word' id='word_1_673' title='bbox 1526 4927 2028 5000; x_wconf 89' lang='lat' dir='ltr'>Evangeliilectio-</span> 
     </span>
    </p>
   </div>
   <div class='ocr_carea' id='block_1_96' title="bbox 371 5016 2031 5089">
    <p class='ocr_par' dir='ltr' id='par_1_96' title="bbox 371 5016 2031 5089">
     <span class='ocr_line' id='line_1_96' title="bbox 371 5016 2031 5089; baseline 0.001 -17"><span class='ocrx_word' id='word_1_674' title='bbox 371 5017 431 5072; x_wconf 91' lang='lat' dir='ltr'>ni</span> <span class='ocrx_word' id='word_1_675' title='bbox 482 5018 869 5085; x_wconf 90' lang='lat' dir='ltr'>incumberet,</span> <span class='ocrx_word' id='word_1_676' title='bbox 901 5022 1185 5074; x_wconf 89' lang='lat' dir='ltr'>venerunt</span> <span class='ocrx_word' id='word_1_677' title='bbox 1211 5019 1280 5072; x_wconf 92' lang='lat' dir='ltr'>ad</span> <span class='ocrx_word' id='word_1_678' title='bbox 1315 5035 1447 5073; x_wconf 91' lang='lat' dir='ltr'>eum</span> <span class='ocrx_word' id='word_1_679' title='bbox 1483 5016 1785 5088; x_wconf 87' lang='lat' dir='ltr'>moniales,</span> <span class='ocrx_word' id='word_1_680' title='bbox 1819 5018 2031 5089; x_wconf 83' lang='lat' dir='ltr'>petita-</span> 
     </span>
    </p>
   </div>
   <div class='ocr_carea' id='block_1_97' title="bbox 374 5107 2031 5179">
    <p class='ocr_par' dir='ltr' id='par_1_97' title="bbox 374 5107 2031 5179">
     <span class='ocr_line' id='line_1_97' title="bbox 374 5107 2031 5179; baseline 0.001 -18"><span class='ocrx_word' id='word_1_681' title='bbox 374 5123 489 5177; x_wconf 91' lang='lat' dir='ltr'>que</span> <span class='ocrx_word' id='word_1_682' title='bbox 520 5107 775 5163; x_wconf 88' lang='lat' dir='ltr'>adeundi</span> <span class='ocrx_word' id='word_1_683' title='bbox 807 5107 1062 5179; x_wconf 90' lang='lat' dir='ltr'>licentia,</span> <span class='ocrx_word' id='word_1_684' title='bbox 1097 5111 1554 5175; x_wconf 89' lang='lat' dir='ltr'>accesserunt,et</span> <span class='ocrx_word' id='word_1_685' title='bbox 1584 5123 1719 5162; x_wconf 87' lang='lat' dir='ltr'>eum</span> <span class='ocrx_word' id='word_1_686' title='bbox 1751 5124 2031 5163; x_wconf 87' lang='lat' dir='ltr'>veneran-</span> 
     </span>
    </p>
   </div>
   <div class='ocr_carea' id='block_1_98' title="bbox 376 5196 2032 5269">
    <p class='ocr_par' dir='ltr' id='par_1_98' title="bbox 376 5196 2032 5269">
     <span class='ocr_line' id='line_1_98' title="bbox 376 5196 2032 5269; baseline 0.001 -19"><span class='ocrx_word' id='word_1_687' title='bbox 376 5200 465 5252; x_wconf 85' lang='lat' dir='ltr'>tes</span> <span class='ocrx_word' id='word_1_688' title='bbox 496 5197 770 5253; x_wconf 88' lang='lat' dir='ltr'>dixerunt</span> <span class='ocrx_word' id='word_1_689' title='bbox 783 5197 865 5265; x_wconf 87' lang='lat' dir='ltr'>ei;</span> <span class='ocrx_word' id='word_1_690' title='bbox 890 5202 1039 5251; x_wconf 88' lang='lat' dir='ltr'>Sunt</span> <span class='ocrx_word' id='word_1_691' title='bbox 1060 5197 1216 5268; x_wconf 90' lang='lat' dir='ltr'>apud</span> <span class='ocrx_word' id='word_1_692' title='bbox 1241 5214 1343 5252; x_wconf 91' lang='lat' dir='ltr'>vos</span> <span class='ocrx_word' id='word_1_693' title='bbox 1366 5196 1621 5269; x_wconf 78' lang='lat' dir='ltr'>virgines</span> <span class='ocrx_word' id='word_1_694' title='bbox 1644 5212 1771 5268; x_wconf 87' lang='lat' dir='ltr'>qua</span> <span class='ocrx_word' id='word_1_695' title='bbox 1794 5212 1894 5252; x_wconf 87' lang='lat' dir='ltr'>sex</span> <span class='ocrx_word' id='word_1_696' title='bbox 1913 5196 2032 5251; x_wconf 90' lang='lat' dir='ltr'>die-</span> 
     </span>
    </p>
   </div>
   <div class='ocr_carea' id='block_1_99' title="bbox 377 5286 2033 5357">
    <p class='ocr_par' dir='ltr' id='par_1_99' title="bbox 377 5286 2033 5357">
     <span class='ocr_line' id='line_1_99' title="bbox 377 5286 2033 5357; baseline 0.001 -17"><span class='ocrx_word' id='word_1_697' title='bbox 377 5286 490 5341; x_wconf 90' lang='lat' dir='ltr'>bus</span> <span class='ocrx_word' id='word_1_698' title='bbox 513 5286 967 5357; x_wconf 89' lang='lat' dir='ltr'>jajunant,nihil</span> <span class='ocrx_word' id='word_1_699' title='bbox 995 5286 1319 5357; x_wconf 90' lang='lat' dir='ltr'>quidquam</span> <span class='ocrx_word' id='word_1_700' title='bbox 1340 5286 1561 5341; x_wconf 88' lang='lat' dir='ltr'>interea</span> <span class='ocrx_word' id='word_1_701' title='bbox 1602 5286 1876 5341; x_wconf 88' lang='lat' dir='ltr'>manibus</span> <span class='ocrx_word' id='word_1_702' title='bbox 1898 5302 2033 5357; x_wconf 90' lang='lat' dir='ltr'>ope-</span> 
     </span>
    </p>
   </div>
   <div class='ocr_carea' id='block_1_100' title="bbox 377 5374 2033 5448">
    <p class='ocr_par' dir='ltr' id='par_1_100' title="bbox 377 5374 2033 5448">
     <span class='ocr_line' id='line_1_100' title="bbox 377 5374 2033 5448; baseline 0 -18"><span class='ocrx_word' id='word_1_703' title='bbox 377 5377 761 5446; x_wconf 90' lang='lat' dir='ltr'>rantes,unde</span> <span class='ocrx_word' id='word_1_704' title='bbox 793 5375 1051 5448; x_wconf 89' lang='lat' dir='ltr'>supersit</span> <span class='ocrx_word' id='word_1_705' title='bbox 1082 5374 1301 5445; x_wconf 90' lang='lat' dir='ltr'>aliquid</span> <span class='ocrx_word' id='word_1_706' title='bbox 1336 5375 1488 5446; x_wconf 90' lang='lat' dir='ltr'>quod</span> <span class='ocrx_word' id='word_1_707' title='bbox 1529 5375 1587 5429; x_wconf 91' lang='lat' dir='ltr'>in</span> <span class='ocrx_word' id='word_1_708' title='bbox 1637 5374 2033 5430; x_wconf 90' lang='lat' dir='ltr'>solitariorum</span> 
     </span>
    </p>
   </div>
   <div class='ocr_carea' id='block_1_101' title="bbox 375 5464 2035 5537">
    <p class='ocr_par' dir='ltr' id='par_1_101' title="bbox 375 5464 2035 5537">
     <span class='ocr_line' id='line_1_101' title="bbox 375 5464 2035 5537; baseline 0.001 -19"><span class='ocrx_word' id='word_1_709' title='bbox 375 5465 534 5520; x_wconf 90' lang='lat' dir='ltr'>cibos</span> <span class='ocrx_word' id='word_1_710' title='bbox 566 5465 829 5537; x_wconf 90' lang='lat' dir='ltr'>impendi</span> <span class='ocrx_word' id='word_1_711' title='bbox 858 5468 1055 5537; x_wconf 91' lang='lat' dir='ltr'>queat.</span> <span class='ocrx_word' id='word_1_712' title='bbox 1086 5464 1383 5535; x_wconf 84' lang='lat' dir='ltr'>Rogamus</span> <span class='ocrx_word' id='word_1_713' title='bbox 1414 5480 1550 5535; x_wconf 90' lang='lat' dir='ltr'>ergo</span> <span class='ocrx_word' id='word_1_714' title='bbox 1581 5468 1658 5534; x_wconf 88' lang='lat' dir='ltr'>te,</span> <span class='ocrx_word' id='word_1_715' title='bbox 1690 5465 2035 5536; x_wconf 83' lang='lat' dir='ltr'>Pater,pra-</span> 
     </span>
    </p>
   </div>
   <div class='ocr_carea' id='block_1_102' title="bbox 374 5553 2038 5624">
    <p class='ocr_par' dir='ltr' id='par_1_102' title="bbox 374 5553 2038 5624">
     <span class='ocr_line' id='line_1_102' title="bbox 374 5553 2038 5624; baseline 0.001 -17"><span class='ocrx_word' id='word_1_716' title='bbox 374 5553 556 5624; x_wconf 90' lang='lat' dir='ltr'>cipias</span> <span class='ocrx_word' id='word_1_717' title='bbox 589 5554 707 5610; x_wconf 92' lang='lat' dir='ltr'>illis</span> <span class='ocrx_word' id='word_1_718' title='bbox 738 5559 805 5609; x_wconf 93' lang='lat' dir='ltr'>ut</span> <span class='ocrx_word' id='word_1_719' title='bbox 835 5554 1170 5609; x_wconf 87' lang='lat' dir='ltr'>laborentet</span> <span class='ocrx_word' id='word_1_720' title='bbox 1200 5558 1265 5607; x_wconf 92' lang='lat' dir='ltr'>ut</span> <span class='ocrx_word' id='word_1_721' title='bbox 1287 5553 1516 5624; x_wconf 90' lang='lat' dir='ltr'>jejunio</span> <span class='ocrx_word' id='word_1_722' title='bbox 1540 5570 1645 5608; x_wconf 88' lang='lat' dir='ltr'>suo</span> <span class='ocrx_word' id='word_1_723' title='bbox 1678 5554 1919 5609; x_wconf 92' lang='lat' dir='ltr'>modum</span> <span class='ocrx_word' id='word_1_724' title='bbox 1943 5555 2038 5609; x_wconf 87' lang='lat' dir='ltr'>ad-</span> 
     </span>
    </p>
   </div>
   <div class='ocr_carea' id='block_1_103' title="bbox 377 5640 2038 5713">
    <p class='ocr_par' dir='ltr' id='par_1_103' title="bbox 377 5640 2038 5713">
     <span class='ocr_line' id='line_1_103' title="bbox 377 5640 2038 5713; baseline 0.002 -17"><span class='ocrx_word' id='word_1_725' title='bbox 377 5640 639 5698; x_wconf 83' lang='lat' dir='ltr'>hibeant.</span> <span class='ocrx_word' id='word_1_726' title='bbox 671 5644 822 5698; x_wconf 90' lang='lat' dir='ltr'>Tum</span> <span class='ocrx_word' id='word_1_727' title='bbox 856 5642 984 5698; x_wconf 92' lang='lat' dir='ltr'>ille:</span> <span class='ocrx_word' id='word_1_728' title='bbox 1020 5642 1255 5712; x_wconf 89' lang='lat' dir='ltr'>Scitote,</span> <span class='ocrx_word' id='word_1_729' title='bbox 1292 5656 1522 5697; x_wconf 89' lang='lat' dir='ltr'>sorores</span> <span class='ocrx_word' id='word_1_730' title='bbox 1555 5658 1715 5713; x_wconf 84' lang='lat' dir='ltr'>mea,</span> <span class='ocrx_word' id='word_1_731' title='bbox 1750 5660 1844 5699; x_wconf 92' lang='lat' dir='ltr'>me</span> <span class='ocrx_word' id='word_1_732' title='bbox 1887 5659 2038 5700; x_wconf 89' lang='lat' dir='ltr'>nnn-</span> 
     </span>
    </p>
   </div>
   <div class='ocr_carea' id='block_1_104' title="bbox 377 5729 2040 5810">
    <p class='ocr_par' dir='ltr' id='par_1_104' title="bbox 377 5729 2040 5810">
     <span class='ocr_line' id='line_1_104' title="bbox 377 5729 2040 5810; baseline 0.001 -21"><span class='ocrx_word' id='word_1_733' title='bbox 377 5745 557 5810; x_wconf 85' lang='lat' dir='ltr'>quam</span> <span class='ocrx_word' id='word_1_734' title='bbox 585 5730 768 5791; x_wconf 88' lang='lat' dir='ltr'>biduo</span> <span class='ocrx_word' id='word_1_735' title='bbox 787 5733 1113 5810; x_wconf 86' lang='lat' dir='ltr'>jejunasse,</span> <span class='ocrx_word' id='word_1_736' title='bbox 1149 5745 1340 5804; x_wconf 87' lang='lat' dir='ltr'>neque</span> <span class='ocrx_word' id='word_1_737' title='bbox 1369 5729 1429 5788; x_wconf 89' lang='lat' dir='ltr'>in</span> <span class='ocrx_word' id='word_1_738' title='bbox 1460 5729 1555 5788; x_wconf 90' lang='lat' dir='ltr'>die</span> <span class='ocrx_word' id='word_1_739' title='bbox 1576 5731 1874 5806; x_wconf 87' lang='lat' dir='ltr'>jejunium</span> <span class='ocrx_word' id='word_1_740' title='bbox 1924 5731 2040 5791; x_wconf 88' lang='lat' dir='ltr'>sol-</span> 
     </span>
    </p>
   </div>
   <div class='ocr_carea' id='block_1_105' title="bbox 2140 4749 3797 4822">
    <p class='ocr_par' dir='ltr' id='par_1_105' title="bbox 2140 4749 3797 4822">
     <span class='ocr_line' id='line_1_105' title="bbox 2140 4749 3797 4822; baseline -0.002 -15"><span class='ocrx_word' id='word_1_741' title='bbox 2140 4751 2396 4808; x_wconf 88' lang='lat' dir='ltr'>stituatis</span> <span class='ocrx_word' id='word_1_742' title='bbox 2439 4751 2644 4805; x_wconf 90' lang='lat' dir='ltr'>urbem</span> <span class='ocrx_word' id='word_1_743' title='bbox 2694 4749 3263 4822; x_wconf 88' lang='lat' dir='ltr'>Constantinopolin,</span> <span class='ocrx_word' id='word_1_744' title='bbox 3324 4750 3797 4821; x_wconf 91' lang='lat' dir='ltr'>patriarcbalem,</span> 
     </span>
    </p>
   </div>
   <div class='ocr_carea' id='block_1_106' title="bbox 2140 4838 3800 4911">
    <p class='ocr_par' dir='ltr' id='par_1_106' title="bbox 2140 4838 3800 4911">
     <span class='ocr_line' id='line_1_106' title="bbox 2140 4838 3800 4911; baseline -0.001 -17"><span class='ocrx_word' id='word_1_745' title='bbox 2140 4840 2281 4911; x_wconf 91' lang='lat' dir='ltr'>quia</span> <span class='ocrx_word' id='word_1_746' title='bbox 2306 4843 2395 4894; x_wconf 90' lang='lat' dir='ltr'>est</span> <span class='ocrx_word' id='word_1_747' title='bbox 2434 4838 2637 4893; x_wconf 89' lang='lat' dir='ltr'>civitas</span> <span class='ocrx_word' id='word_1_748' title='bbox 2691 4838 3084 4910; x_wconf 88' lang='lat' dir='ltr'>imperatoris,</span> <span class='ocrx_word' id='word_1_749' title='bbox 3118 4843 3175 4893; x_wconf 88' lang='lat' dir='ltr'>et</span> <span class='ocrx_word' id='word_1_750' title='bbox 3232 4838 3413 4894; x_wconf 90' lang='lat' dir='ltr'>simili</span> <span class='ocrx_word' id='word_1_751' title='bbox 3472 4838 3800 4910; x_wconf 83' lang='lat' dir='ltr'>Hierosoly-</span> 
     </span>
    </p>
   </div>
   <div class='ocr_carea' id='block_1_107' title="bbox 2150 4926 3802 4998">
    <p class='ocr_par' dir='ltr' id='par_1_107' title="bbox 2150 4926 3802 4998">
     <span class='ocr_line' id='line_1_107' title="bbox 2150 4926 3802 4998; baseline -0.001 -14"><span class='ocrx_word' id='word_1_752' title='bbox 2150 4946 2309 4984; x_wconf 90' lang='lat' dir='ltr'>mam</span> <span class='ocrx_word' id='word_1_753' title='bbox 2342 4928 2561 4983; x_wconf 92' lang='lat' dir='ltr'>honore</span> <span class='ocrx_word' id='word_1_754' title='bbox 2593 4926 2883 4995; x_wconf 81' lang='lat' dir='ltr'>alﬁciatis,</span> <span class='ocrx_word' id='word_1_755' title='bbox 2910 4928 3049 4998; x_wconf 89' lang='lat' dir='ltr'>quia</span> <span class='ocrx_word' id='word_1_756' title='bbox 3077 4927 3282 4983; x_wconf 90' lang='lat' dir='ltr'>civitas</span> <span class='ocrx_word' id='word_1_757' title='bbox 3314 4932 3403 4982; x_wconf 89' lang='lat' dir='ltr'>est</span> <span class='ocrx_word' id='word_1_758' title='bbox 3432 4926 3802 4998; x_wconf 91' lang='lat' dir='ltr'>imperatoris</span> 
     </span>
    </p>
   </div>
   <div class='ocr_carea' id='block_1_108' title="bbox 2139 5016 3803 5087">
    <p class='ocr_par' dir='ltr' id='par_1_108' title="bbox 2139 5016 3803 5087">
     <span class='ocr_line' id='line_1_108' title="bbox 2139 5016 3803 5087; baseline -0.001 -14"><span class='ocrx_word' id='word_1_759' title='bbox 2139 5018 2258 5073; x_wconf 90' lang='lat' dir='ltr'>veri</span> <span class='ocrx_word' id='word_1_760' title='bbox 2279 5016 2533 5072; x_wconf 75' lang='lat' dir='ltr'>caelestis</span> <span class='ocrx_word' id='word_1_761' title='bbox 2559 5035 2570 5071; x_wconf 89' lang='lat'><strong>:</strong></span> <span class='ocrx_word' id='word_1_762' title='bbox 2605 5016 3021 5083; x_wconf 86' lang='lat' dir='ltr'>illi,observata</span> <span class='ocrx_word' id='word_1_763' title='bbox 3042 5017 3170 5087; x_wconf 90' lang='lat' dir='ltr'>ejus</span> <span class='ocrx_word' id='word_1_764' title='bbox 3202 5017 3625 5080; x_wconf 90' lang='lat' dir='ltr'>modestia,hoc</span> <span class='ocrx_word' id='word_1_765' title='bbox 3655 5017 3803 5072; x_wconf 85' lang='lat' dir='ltr'>fece-</span> 
     </span>
    </p>
   </div>
   <div class='ocr_carea' id='block_1_109' title="bbox 2142 5105 3802 5177">
    <p class='ocr_par' dir='ltr' id='par_1_109' title="bbox 2142 5105 3802 5177">
     <span class='ocr_line' id='line_1_109' title="bbox 2142 5105 3802 5177; baseline -0.002 -15"><span class='ocrx_word' id='word_1_766' title='bbox 2142 5111 2296 5177; x_wconf 84' lang='lat' dir='ltr'>runt,</span> <span class='ocrx_word' id='word_1_767' title='bbox 2330 5111 2386 5161; x_wconf 91' lang='lat' dir='ltr'>et</span> <span class='ocrx_word' id='word_1_768' title='bbox 2413 5105 2616 5160; x_wconf 90' lang='lat' dir='ltr'>Arium</span> <span class='ocrx_word' id='word_1_769' title='bbox 2666 5106 2918 5177; x_wconf 90' lang='lat' dir='ltr'>impium</span> <span class='ocrx_word' id='word_1_770' title='bbox 2979 5106 3417 5177; x_wconf 89' lang='lat' dir='ltr'>deposuerunt:</span> <span class='ocrx_word' id='word_1_771' title='bbox 3452 5106 3622 5175; x_wconf 91' lang='lat' dir='ltr'>cujus</span> <span class='ocrx_word' id='word_1_772' title='bbox 3664 5121 3802 5160; x_wconf 88' lang='lat' dir='ltr'>ana-</span> 
     </span>
    </p>
   </div>
   <div class='ocr_carea' id='block_1_110' title="bbox 2144 5194 3805 5267">
    <p class='ocr_par' dir='ltr' id='par_1_110' title="bbox 2144 5194 3805 5267">
     <span class='ocr_line' id='line_1_110' title="bbox 2144 5194 3805 5267; baseline 0 -17"><span class='ocrx_word' id='word_1_773' title='bbox 2144 5195 2387 5251; x_wconf 89' lang='lat' dir='ltr'>themati</span> <span class='ocrx_word' id='word_1_774' title='bbox 2419 5194 2837 5250; x_wconf 89' lang='lat' dir='ltr'>Constantinus</span> <span class='ocrx_word' id='word_1_775' title='bbox 2866 5195 3185 5267; x_wconf 89' lang='lat' dir='ltr'>imperator</span> <span class='ocrx_word' id='word_1_776' title='bbox 3206 5194 3443 5267; x_wconf 89' lang='lat' dir='ltr'>propria</span> <span class='ocrx_word' id='word_1_777' title='bbox 3466 5211 3647 5249; x_wconf 90' lang='lat' dir='ltr'>manu</span> <span class='ocrx_word' id='word_1_778' title='bbox 3671 5194 3805 5251; x_wconf 89' lang='lat' dir='ltr'>sub-</span> 
     </span>
    </p>
   </div>
   <div class='ocr_carea' id='block_1_111' title="bbox 2146 5282 3806 5357">
    <p class='ocr_par' dir='ltr' id='par_1_111' title="bbox 2146 5282 3806 5357">
     <span class='ocr_line' id='line_1_111' title="bbox 2146 5282 3806 5357; baseline -0.001 -17"><span class='ocrx_word' id='word_1_779' title='bbox 2146 5284 2419 5357; x_wconf 78' lang='lat' dir='ltr'>scripsit:</span> <span class='ocrx_word' id='word_1_780' title='bbox 2454 5284 2525 5338; x_wconf 93' lang='lat' dir='ltr'>de</span> <span class='ocrx_word' id='word_1_781' title='bbox 2556 5300 2622 5338; x_wconf 90' lang='lat' dir='ltr'>eo</span> <span class='ocrx_word' id='word_1_782' title='bbox 2656 5284 2877 5352; x_wconf 89' lang='lat' dir='ltr'>dicens,</span> <span class='ocrx_word' id='word_1_783' title='bbox 2914 5285 3068 5356; x_wconf 91' lang='lat' dir='ltr'>quod</span> <span class='ocrx_word' id='word_1_784' title='bbox 3102 5284 3455 5355; x_wconf 87' lang='lat' dir='ltr'>perdidisset</span> <span class='ocrx_word' id='word_1_785' title='bbox 3493 5282 3626 5338; x_wconf 90' lang='lat' dir='ltr'>illos</span> <span class='ocrx_word' id='word_1_786' title='bbox 3658 5299 3806 5354; x_wconf 90' lang='lat' dir='ltr'>quos</span> 
     </span>
    </p>
   </div>
   <div class='ocr_carea' id='block_1_112' title="bbox 2145 5372 3809 5445">
    <p class='ocr_par' dir='ltr' id='par_1_112' title="bbox 2145 5372 3809 5445">
     <span class='ocr_line' id='line_1_112' title="bbox 2145 5372 3809 5445; baseline -0.002 -15"><span class='ocrx_word' id='word_1_787' title='bbox 2145 5373 2415 5431; x_wconf 89' lang='lat' dir='ltr'>Christus</span> <span class='ocrx_word' id='word_1_788' title='bbox 2447 5373 2734 5445; x_wconf 90' lang='lat' dir='ltr'>sanguine</span> <span class='ocrx_word' id='word_1_789' title='bbox 2766 5389 2872 5427; x_wconf 91' lang='lat' dir='ltr'>suo</span> <span class='ocrx_word' id='word_1_790' title='bbox 2896 5377 3098 5428; x_wconf 90' lang='lat' dir='ltr'>sancto</span> <span class='ocrx_word' id='word_1_791' title='bbox 3132 5374 3476 5428; x_wconf 90' lang='lat' dir='ltr'>redemerat.</span> <span class='ocrx_word' id='word_1_792' title='bbox 3513 5372 3679 5444; x_wconf 89' lang='lat' dir='ltr'>Fugit</span> <span class='ocrx_word' id='word_1_793' title='bbox 3710 5388 3809 5427; x_wconf 90' lang='lat' dir='ltr'>au-</span> 
     </span>
    </p>
   </div>
   <div class='ocr_carea' id='block_1_113' title="bbox 2146 5460 3809 5534">
    <p class='ocr_par' dir='ltr' id='par_1_113' title="bbox 2146 5460 3809 5534">
     <span class='ocr_line' id='line_1_113' title="bbox 2146 5460 3809 5534; baseline -0.002 -15"><span class='ocrx_word' id='word_1_794' title='bbox 2146 5468 2265 5519; x_wconf 89' lang='lat' dir='ltr'>tem</span> <span class='ocrx_word' id='word_1_795' title='bbox 2304 5462 2471 5516; x_wconf 85' lang='lat' dir='ltr'>Arius</span> <span class='ocrx_word' id='word_1_796' title='bbox 2495 5463 2551 5516; x_wconf 92' lang='lat' dir='ltr'>in</span> <span class='ocrx_word' id='word_1_797' title='bbox 2578 5461 2853 5531; x_wconf 84' lang='lat' dir='ltr'>Africam,</span> <span class='ocrx_word' id='word_1_798' title='bbox 2886 5479 3074 5534; x_wconf 89' lang='lat' dir='ltr'>neque</span> <span class='ocrx_word' id='word_1_799' title='bbox 3098 5463 3362 5533; x_wconf 92' lang='lat' dir='ltr'>requiem</span> <span class='ocrx_word' id='word_1_800' title='bbox 3394 5460 3575 5516; x_wconf 91' lang='lat' dir='ltr'>ullam</span> <span class='ocrx_word' id='word_1_801' title='bbox 3609 5477 3809 5516; x_wconf 87' lang='lat' dir='ltr'>conse-</span> 
     </span>
    </p>
   </div>
   <div class='ocr_carea' id='block_1_114' title="bbox 2099 5550 3809 5623">
    <p class='ocr_par' dir='ltr' id='par_1_114' title="bbox 2099 5550 3809 5623">
     <span class='ocr_line' id='line_1_114' title="bbox 2099 5550 3809 5623; baseline -0.001 -15"><span class='ocrx_word' id='word_1_802' title='bbox 2099 5560 2108 5566; x_wconf 85' lang='lat'>&#39;</span> <span class='ocrx_word' id='word_1_803' title='bbox 2150 5558 2320 5608; x_wconf 90' lang='lat' dir='ltr'>cutus</span> <span class='ocrx_word' id='word_1_804' title='bbox 2353 5554 2441 5606; x_wconf 92' lang='lat' dir='ltr'>est</span> <span class='ocrx_word' id='word_1_805' title='bbox 2472 5554 2731 5622; x_wconf 89' lang='lat' dir='ltr'>tempore</span> <span class='ocrx_word' id='word_1_806' title='bbox 2760 5550 3125 5606; x_wconf 89' lang='lat' dir='ltr'>Constantini</span> <span class='ocrx_word' id='word_1_807' title='bbox 3184 5550 3555 5623; x_wconf 88' lang='lat' dir='ltr'>imperatoris</span> <span class='ocrx_word' id='word_1_808' title='bbox 3592 5555 3650 5606; x_wconf 93' lang='lat' dir='ltr'>et</span> <span class='ocrx_word' id='word_1_809' title='bbox 3677 5550 3809 5607; x_wconf 87' lang='lat' dir='ltr'>Ale-</span> 
     </span>
    </p>
   </div>
   <div class='ocr_carea' id='block_1_115' title="bbox 2150 5638 3809 5715">
    <p class='ocr_par' dir='ltr' id='par_1_115' title="bbox 2150 5638 3809 5715">
     <span class='ocr_line' id='line_1_115' title="bbox 2150 5638 3809 5715; baseline -0.001 -18"><span class='ocrx_word' id='word_1_810' title='bbox 2150 5641 2354 5697; x_wconf 86' lang='lat' dir='ltr'>xandri</span> <span class='ocrx_word' id='word_1_811' title='bbox 2389 5638 2752 5715; x_wconf 87' lang='lat' dir='ltr'>patriarcha.</span> <span class='ocrx_word' id='word_1_812' title='bbox 2787 5644 2843 5696; x_wconf 91' lang='lat' dir='ltr'>Is</span> <span class='ocrx_word' id='word_1_813' title='bbox 2872 5656 3044 5713; x_wconf 92' lang='lat' dir='ltr'>porro</span> <span class='ocrx_word' id='word_1_814' title='bbox 3074 5640 3396 5696; x_wconf 81' lang='lat' dir='ltr'>Alexander</span> <span class='ocrx_word' id='word_1_815' title='bbox 3418 5639 3809 5696; x_wconf 87' lang='lat' dir='ltr'>Athanasium</span> 
     </span>
    </p>
   </div>
   <div class='ocr_carea' id='block_1_116' title="bbox 2151 5727 3811 5808">
    <p class='ocr_par' dir='ltr' id='par_1_116' title="bbox 2151 5727 3811 5808">
     <span class='ocr_line' id='line_1_116' title="bbox 2151 5727 3811 5808; baseline -0.002 -17"><span class='ocrx_word' id='word_1_816' title='bbox 2151 5730 2370 5807; x_wconf 89' lang='lat' dir='ltr'>optime</span> <span class='ocrx_word' id='word_1_817' title='bbox 2400 5730 2786 5804; x_wconf 83' lang='lat' dir='ltr'>educaverat;</span> <span class='ocrx_word' id='word_1_818' title='bbox 2820 5734 2944 5791; x_wconf 83' lang='lat' dir='ltr'>erat</span> <span class='ocrx_word' id='word_1_819' title='bbox 2972 5746 3183 5808; x_wconf 88' lang='lat' dir='ltr'>nempe</span> <span class='ocrx_word' id='word_1_820' title='bbox 3207 5730 3367 5791; x_wconf 84' lang='lat' dir='ltr'>ﬁlius</span> <span class='ocrx_word' id='word_1_821' title='bbox 3395 5727 3663 5790; x_wconf 87' lang='lat' dir='ltr'>mulieris</span> <span class='ocrx_word' id='word_1_822' title='bbox 3690 5727 3811 5807; x_wconf 88' lang='lat' dir='ltr'>pri-</span> 
     </span>
    </p>
   </div>
  </div>
