4146 6388
363 374 623 433 CCXLVIII

1764 370 2377 437 PROLEGOMENA.

364 496 561 553 muriae
591 501 651 555 et
679 498 1006 569 divitis,sed
1038 502 1330 561 idolorum
1360 502 1544 561 cultui
1565 504 1831 573 addicta,
1856 506 2011 578 apud
2043 510 2099 577 Α
2129 511 2332 563 contra
2361 522 2494 562 eum
2524 503 2845 578 disputavit
2872 502 3145 561 refellens
3167 501 3428 560 oratione
3482 517 3592 559 sua
3619 514 3775 572 qum-

366 600 544 657 quam
576 588 838 661 pupillus
867 590 1103 649 relictus
1136 593 1492 651 fuerat.Cum
1521 610 1655 649 vero
1687 594 1758 649 ad
1783 594 2015 664 justam

366 677 599 732 aatatem
630 679 1002 749 pervenisset,
1037 680 1267 737 volebat
1296 681 1396 738 illa
1426 687 1491 738 ut
1522 682 1616 738 ille
1648 699 1886 739 uxorem
1919 684 2022 738 du-

366 774 542 837 ceret,
576 765 673 822 ille
703 769 983 825 renuebat
1012 786 1024 825 :
1058 770 1255 842 itaque
1276 770 1428 828 dolis
1453 788 1589 828 eum
1613 773 2019 845 agressa,sub-

370 853 536 909 misit
564 856 927 914 meretricem
959 874 1094 915 cum
1131 877 1248 931 qua
1277 877 1400 916 rem
1434 860 1696 928 haberet,
1731 878 1797 917 ac
1826 862 1907 916 ita
1938 862 2021 915 fa-

370 941 540 999 cilius
572 946 944 1003 matrimonio
1002 949 1269 1005 animum
1330 951 1699 1022 adjungeret.
1731 949 1828 1005 Ille
1876 949 2023 1005 nihil

370 1031 483 1087 tale
514 1035 828 1103 commisit,
866 1037 976 1093 Deo
1006 1036 1176 1095 illum
1199 1045 1580 1096 conservante
1611 1040 1683 1095 ad
1714 1056 1806 1095 res
1840 1040 2024 1094 maxi-

372 1121 778 1179 mas.lmmisit
798 1141 933 1199 ergo
952 1126 1165 1183 mulier
1186 1126 1412 1200 puellas
1433 1129 1627 1183 formas
1652 1128 1873 1183 eximia:
1897 1144 2026 1200 quae

375 1214 588 1268 ornatae
617 1216 673 1267 et
700 1216 1177 1288 unguentataa,ad
1210 1234 1346 1274 eum
1381 1216 1767 1273 dormientem
1792 1217 2025 1272 accede-

367 1303 518 1371 rent,
549 1304 607 1355 et
635 1300 712 1356 ibi
748 1308 1158 1375 pernoctantes
1190 1323 1369 1379 prope
1399 1307 1683 1379 ipsum,se
1703 1304 1787 1360 illi
1812 1306 2025 1378 objice-

365 1394 515 1444 rent.
548 1388 750 1446 Atille
807 1396 1255 1467 expergefactus
1311 1394 1443 1451 illas
1501 1396 1837 1450 verberatas
1894 1412 1928 1450 a
1966 1411 2029 1450 se

386 1476 712 1549 ejecit.Htec
743 1480 943 1537 omnia
972 1482 1185 1540 mulier
1213 1484 1557 1556 designabat
1613 1500 1728 1556 quo
1760 1482 1925 1538 illum
1956 1483 2028 1539 ad

376 1567 745 1625 connubium
764 1570 1226 1627 contrahendum
1257 1572 1944 1645 compelleret,bonisque
1976 1575 2033 1628 et

382 1655 604 1711 divitiis
627 1658 887 1729 paternis
917 1658 1003 1715 illi
1062 1660 1237 1732 pleno
1286 1662 1423 1733 jure
1470 1662 1718 1730 cederet,
1751 1661 1856 1717 sed
1887 1660 2033 1716 nihil

370 1743 632 1816 perfecit.
665 1746 984 1805 Accersivit
1022 1764 1159 1822 ergo
1192 1750 1407 1807 mulier
1437 1766 1677 1823 magum
1718 1750 2033 1822 quemdam

2128 612 2381 668 cumque
2410 595 2482 651 ab
2516 593 2614 651 illo
2645 594 2800 650 dicta
2832 594 3064 650 fuerant
3090 612 3103 649 :
3140 592 3295 648 unde
3318 591 3591 647 turbatus
3612 589 3777 646 Arius

2130 690 2236 750 est,
2272 684 2618 754 solutusque
2648 699 2982 750 consessus,
3018 686 3073 738 et
3105 698 3239 738 mox
3267 678 3778 750 Alius,inquit,no—

2132 774 2226 829 bis
2256 789 2570 829 consessus
2600 772 2853 827 dabitur.
2879 772 3024 826 Cum
3050 787 3220 844 porro
3238 768 3592 839 intelligeret
3612 765 3781 821 Arius

2132 863 2286 918 vires
2316 880 2378 917 se
2408 863 2719 917 adversum
2760 861 3149 916 Athanasium
3180 860 3395 915 habere
3425 856 3622 913 nullas
3652 855 3784 910 data

2134 951 2520 1024 pecuniaillis
2543 951 2855 1022 quijanure
2876 950 3045 1021 regiae
3079 947 3371 1022 praepositi
3405 950 3592 1015 erant,
3625 943 3783 1017 pepi-

2135 1042 2219 1111 git
2248 1058 2381 1095 cum
2410 1040 2494 1095 eis
2526 1046 2591 1094 ut
2638 1040 2696 1094 in
2748 1039 3011 1111 proxima
3059 1038 3365 1093 collatione
3412 1034 3787 1108 prohiberent

2138 1130 2401 1202 ingressu
2431 1128 2838 1184 Athanasium.
2874 1128 3157 1183 Postridie
3182 1128 3500 1198 imperator
3527 1139 3661 1179 cum
3691 1138 3787 1178 eos

2136 1220 2342 1273 adesse
2364 1218 2665 1289 jussisset,
2699 1218 3095 1289 intrassetque
3123 1215 3473 1281 Alexander,
3505 1211 3788 1285 janitores

2139 1306 2526 1362 Athanasium
2579 1306 2804 1378 ingredi
2860 1323 2974 1362 non
3016 1306 3173 1378 passi
3223 1310 3381 1361 sunt.
3434 1306 3786 1375 Imperatore

2138 1396 2500 1461 considente,
2532 1400 2590 1451 et
2655 1400 2938 1466 praesente
2983 1394 3328 1460 Alexandro,
3387 1392 3562 1447 Arius
3590 1390 3788 1446 multis

2139 1484 2511 1540 sermonibus
2535 1484 2835 1556 disputare
2855 1483 3051 1556 cmpit.
3076 1483 3400 1539 Alexander
3430 1482 3505 1537 ad
3527 1480 3787 1536 dextram

2141 1578 2198 1628 et
2219 1573 2520 1628 sinistram
2549 1571 2750 1628 oculos
2771 1577 3133 1641 convertens,
3158 1589 3263 1628 nec
3304 1570 3511 1626 videns
3533 1568 3791 1624 Athana-

2143 1662 2298 1717 sium
2330 1661 2707 1718 secretarium
2739 1678 2941 1728 suum,
2968 1661 3232 1716 obticuit.
3266 1660 3415 1716 Tum
3449 1659 3788 1731 imperator:

2144 1751 2281 1818 Cur,
2313 1749 2525 1823 inquit,
2558 1766 2673 1806 non
2706 1749 3013 1823 loqueris?
3052 1748 3374 1822 Respondit
3430 1747 3790 1803 Alexander:

369 1831 835 1938 Alexandrinum
856 1837 1174 1938 ex‘illorum
1201 1840 1534 1913 sapientum
1560 1856 1801 1897 nurnero
1826 1840 2036 1912 quiSa—
2064 1872 2112 1938 Β
2144 1840 2448 1906 Quomodo
2479 1838 2747 1911 loquerer
2776 1839 2999 1911 absque
3029 1838 3280 1911 lingua?
3304 1835 3596 1938 Intellexit
3622 1834 3796 1935 impe-

370 1921 629 1978 baeorum
647 1922 1081 1998 philosophiam
1107 1928 1552 2001 profitebantur,
1573 1932 1749 2002 atque
1778 1928 1863 1983 illi
1887 1928 2028 2001 quid

374 2011 493 2067 sibi.
514 2012 735 2085 negotii.
755 2030 888 2071 cum
915 2016 1429 2074 filiointercederet
1451 2018 1899 2090 exposuit.Voca
1915 2035 2029 2090 me,

370 2100 566 2173 inquit
592 2100 709 2170 ille,
742 2102 1009 2171 hodie,ut
1037 2122 1172 2162 cum
1205 2123 1272 2162 eo
1304 2124 1517 2179 panem
1542 2106 2032 2163 manducem.llla

369 2191 634 2263 gaudens
665 2197 945 2265 apparato
976 2195 1289 2267 magnifico
1321 2196 1582 2252 convivio
1615 2195 1780 2250 illum
1822 2196 2027 2252 invita-

372 2280 473 2352 vit,
507 2280 806 2353 simulque
862 2284 1245 2340 comederunt
1292 2290 1349 2341 et
1405 2285 1699 2341 biberunt.
1742 2284 2030 2341 Postridie

372 2367 763 2442 philosophus
793 2371 865 2427 ad
897 2388 1025 2427 eam
1084 2374 1360 2430 veniens:
1395 2374 1496 2440 Ne,
1555 2373 1770 2445 inquit,
1812 2374 2032 2429 frustra

374 2455 627 2525 labores,
659 2476 848 2532 neque
906 2462 1061 2517 enim
1122 2462 1343 2535 poteris
1394 2463 1515 2519 {ilio
1564 2467 1666 2519 tuo
1696 2462 2027 2534 praevalere,

380 2547 863 2619 quandoquidem
895 2549 1167 2608 Calilaeus
1197 2553 1386 2608 factus
1417 2556 1526 2617 est,
1560 2557 1616 2607 et
1658 2551 2029 2609 Galilmorum

375 2636 730 2692 sententiam
757 2637 1083 2710 amplexus,
1110 2640 1492 2713 futurumque
1522 2647 1611 2697 est
1640 2645 1705 2697 ut
1734 2641 1818 2696 vir
1846 2641 2030 2697 maxi-

377 2740 512 2781 mus
540 2726 767 2783 evadat.
802 2727 1070 2797 Quinam,
1104 2729 1297 2802 inquit
1327 2730 1559 2799 mulier,
1592 2734 1731 2787 sunt
1762 2731 1860 2786 isti
1875 2730 2030 2787 Gali-

373 2811 466 2869 lmi
485 2812 514 2868 ‘l
543 2814 696 2870 Tum
727 2814 856 2872 ille:
886 2817 1648 2891 Sodales,inquit,Ecclesite
1680 2820 1780 2892 qui
1810 2819 2027 2893 templa

377 2901 791 2960 destruxeruut
846 2910 904 2961 et
962 2906 1120 2964 idola
1164 2912 1514 2965 everterunt.
1549 2910 1651 2966 His
1682 2909 1898 2965 auditis
1928 2908 2033 2965 illa

377 2992 533 3065 apud
565 3009 627 3049 se
657 2994 823 3051 dixit.
857 2995 917 3052 Si
946 3013 1050 3067 ego
1078 2997 1162 3053 illi
1194 2997 1522 3054 molestiam
1552 2998 1816 3071 exhibeo,
1850 2998 2036 3055 abibit

378 3097 413 3137 a
442 3097 537 3138 me
565 3085 625 3139 et
652 3082 776 3139 sola
804 3086 1054 3142 manebo
1080 3105 1092 3142 :
1128 3103 1263 3142 mox
1320 3088 1591 3155 surrexit,
1624 3094 1681 3142 et
1726 3093 2032 3160 assumpto

379 3186 580 3228 secum
615 3172 907 3229 Ahanasio
938 3174 1095 3231 venit
1151 3176 1223 3232 ad
1281 3175 1673 3232 Alexandrum
1718 3177 1813 3232 cui
1846 3180 2029 3233 totam

2142 1935 2304 1985 rator
2333 1928 2665 2000 significare
2692 1928 3105 1993 Athanasium,
3139 1944 3313 1999 quem
3364 1925 3566 1982 statim
3595 1924 3789 1981 venire

2130 2018 2335 2089 jussit.
2374 2017 2541 2073 Illum
2593 2021 2657 2072 ut
2711 2018 2856 2073 vidit
2905 2018 3079 2073 Arius
3132 2017 3491 2088 ingressum,
3534 2014 3794 2087 protinus

2140 2124 2415 2178 egressus
2474 2106 2794 2162 consistere
2848 2124 2962 2161 non
3003 2123 3187 2162 ausus
3214 2109 3323 2162 est.
3354 2105 3524 2160 Tunc
3553 2102 3794 2159 Alexan-

2139 2197 2244 2251 der
2264 2195 2600 2268 imperatori
2632 2196 2816 2252 dixit:
2851 2195 3012 2251 Scias
3041 2194 3237 2261 velim,
3271 2211 3304 2249 o
3352 2193 3649 2266 princeps,
3677 2190 3793 2247 Arii

2139 2285 2311 2340 istius
2336 2284 2760 2357 depositionem
2787 2286 2995 2339 factam
3026 2284 3206 2339 fuisse
3232 2283 3290 2338 in
3314 2281 3585 2338 concilio.
3602 2281 3796 2352 Neque

2138 2391 2243 2448 ego
2269 2374 2438 2429 illum
2471 2373 2714 2445 deposui
2737 2373 2901 2429 solus
2928 2390 2940 2429 :
2972 2374 3070 2428 sed
3106 2389 3316 2445 parens
3345 2375 3492 2427 tuus
3540 2371 3647 2443 piae
3678 2385 3793 2426 me-

2140 2464 2337 2519 moriae
2369 2464 2704 2535 imperator,
2737 2468 2795 2518 et
2823 2479 3028 2518 omnes
3058 2462 3158 2533 qui
3199 2459 3451 2516 concilio
3479 2460 3792 2516 intervene-

2140 2559 2299 2619 runt,
2332 2554 2732 2625 deposuerunt
2758 2569 2914 2608 eum.
2945 2553 3071 2624 Ipse
3102 2552 3277 2607 etiam
3311 2550 3638 2623 imperator
3666 2565 3790 2604 sen-

2142 2642 2384 2698 tentiam
2418 2641 2811 2697 anathematis
2844 2641 2904 2696 in
2936 2642 3142 2696 Arium
3201 2639 3645 2713 pronuntiatam
3692 2653 3795 2693 sua

2141 2747 2318 2787 manu
2372 2730 2766 2803 subscripsit;
2824 2746 3080 2802 cumque
3144 2729 3330 2785 oculis
3396 2727 3793 2785 observaveris

2141 2820 2494 2892 scripturam
2517 2820 2702 2893 patris
2723 2819 2831 2886 tui,
2854 2820 2984 2891 ejus
3008 2835 3246 2874 manum
3273 2818 3672 2891 agnosces.lta
3699 2833 3795 2871 au-

2141 2914 2258 2965 tem
2290 2909 2418 2964 dico
2444 2927 2457 2965 :
2482 2926 2554 2965 an
2583 2925 2757 2981 quem
2788 2909 3059 2981 deposuit
3093 2908 3516 2965 Constantinus
3549 2907 3791 2979 impera-

2140 3002 2252 3068 tor,
2302 3002 2360 3053 et
2414 3002 2602 3054 totum
2662 2997 3001 3067 concilium,
3058 3013 3163 3069 ego
3222 2995 3718 3053 absolvamHioc
3745 2992 3792 3050 si

2143 3087 2344 3154 faxim,
2375 3086 2635 3143 schisma
2679 3086 3057 3142 inducerem:
3104 3102 3239 3141 nam
3298 3089 3468 3157 pater
3504 3090 3643 3142 tuus
3671 3100 3795 3140 vere

2144 3176 2379 3249 scripsit
2409 3182 2612 3233 contra
2664 3192 2798 3232 eum
2858 3174 3207 3232 sententiam
3276 3174 3689 3241 anathematis,
3739 3176 3794 3229 et

384 3260 691 3318 Athanasii
723 3261 825 3317 ﬁlii
858 3264 950 3319 sui
983 3264 1289 3321 historiam
1320 3269 1376 3321 et
1431 3265 1609 3321 vitam
1642 3265 1917 3337 narravit,
1947 3265 2030 3321 si-
2062 3244 2105 3311 (ἶ
2144 3244 2280 3338 eius
2296 3266 2950 3339 depositionemmanus
2969 3260 3795 3336 suaesubscciptioneﬁrmavit

385 3350 625 3424 malque
655 3368 790 3409 cum
824 3368 892 3409 eo
922 3353 1214 3426 baptizata
1244 3358 1352 3410 est.
1384 3354 1596 3426 Aliquo
1653 3359 1915 3427 tempore
1945 3355 2033 3411 in-

383 3439 620 3510 terjecto
639 3441 914 3498 defuncta
943 3459 1077 3498 cum
1108 3447 1284 3512 esset,
1318 3443 1537 3499 mansit
1566 3443 1664 3499 ille
1719 3445 1871 3516 apud
1903 3444 2032 3501 Ale-

381 3529 693 3597 xandrum,
728 3530 828 3602 qui
859 3547 995 3586 eum
1026 3536 1313 3603 tanquam
1344 3531 1530 3587 ﬁlium
1580 3532 1827 3598 habens,
1858 3532 2032 3590 insti—

375 3618 492 3673 tuit
519 3618 579 3673 in
609 3618 773 3674 omni
801 3619 1198 3675 doctrinarum
1230 3620 1779 3692 genere,Evangelia
1809 3638 2030 3678 memo-

377 3707 519 3763 riter
548 3706 771 3779 didicit,
804 3707 1106 3780 librosque
1133 3708 1362 3765 divinos
1394 3708 1571 3782 legit:
1596 3726 1848 3781 cumque
1895 3714 2032 3767 aeta-

376 3799 496 3851 tem
527 3795 944 3866 provectiorem
976 3796 1626 3868 attigisset,Alexander
1644 3798 1931 3853 ordinavit
1963 3798 2031 3853 il-

376 3883 501 3939 lum
531 3884 934 3947 diaconum,et
954 3886 1333 3941 secretarium
1366 3902 1542 3941 suum
1574 3886 2031 3953 constituit,fac-

374 3976 592 4044 tuaque
618 3977 711 4029 est
738 3976 1022 4043 tanquam
1052 3973 1338 4046 interpres
1380 3975 1569 4030 Patris
1587 3973 1766 4042 illius,
1801 3992 2027 4032 sermo-

377 4062 590 4134 nisque
617 4062 748 4134 ejus
773 4062 1120 4119 administer
1146 4064 1619 4136 quandocunque
1649 4063 1806 4136 lequi
1837 4065 2025 4121 vellet.

446 4187 590 4243 Cum
620 4198 755 4242 vero
787 4188 1055 4242 mortuus
1085 4191 1240 4243 esset
1268 4187 1686 4244 Constantinus
1715 4187 2031 4260 imperator

373 4275 566 4333 ﬁdelis
596 4274 659 4330 in
688 4280 987 4332 senectute
1017 4277 1189 4348 bona,
1214 4277 1500 4334 successit
1528 4277 1611 4332 illi
1652 4278 2029 4335 Constantius

373 4366 501 4438 ejus
545 4364 726 4431 filius,
759 4364 860 4438 qui
915 4366 975 4421 in
1007 4370 1161 4422 recta
1216 4366 1331 4422 fide
1362 4382 1478 4422 non
1519 4367 1923 4439 perseveravit,
1956 4366 2028 4422 ti-

372 4472 532 4511 more
563 4460 620 4511 et
649 4455 857 4511 vitioso
889 4454 1197 4511 hominum
1232 4456 1452 4527 pudore
1474 4454 1836 4512 victus.Eam
1865 4473 2028 4514 occa-

368 4546 597 4602 sionem
628 4548 837 4600 nactus
870 4545 1038 4601 Arius
1065 4546 1136 4601 ad
1167 4544 1579 4618 imperatorem
1613 4563 1675 4601 se
1722 4546 2024 4619 applicuit,

368 4634 615 4708 ejusque
645 4633 757 4690 sibi
790 4650 1047 4690 amorem
1081 4633 1422 4705 concilians,
1459 4651 1554 4690 cor
1583 4636 1711 4706 ejus
1743 4636 2024 4707 corrupit,

369 4726 428 4779 et
457 4723 530 4778 ad
560 4722 913 4779 sententiam
946 4739 1116 4778 suam
1156 4722 1498 4780 inclinavit:
1560 4724 1818 4795 adeoque
1850 4723 2018 4780 illum

370 4808 617 4883 decepit,
653 4812 718 4864 ut
745 4809 1136 4866 Alexandrum
1194 4810 1745 4885 Constantinopolin
1788 4811 2020 4869 Alexan-

369 4899 497 4955 dria
526 4897 720 4954 venire
739 4898 989 4970 juberet.
1007 4899 1313 4956 Nesciebat
1336 4900 1655 4973 imperator
1685 4907 1908 4973 quanta
1928 4919 2018 4959 es-

367 4994 457 5045 set
484 4987 796 5044 Alexandri
827 4987 1105 5059 dignitas,
1169 5005 1348 5060 quam
1406 4989 1477 5044 ob
1520 5006 1763 5045 causam
1814 4990 2017 5048 Arium

366 5077 723 5134 anathemati
755 5076 1104 5147 subjecisset
1160 5082 1217 5132 et
1277 5079 1348 5133 ab
1390 5077 1646 5134 Ecclesia
1674 5079 2016 5151 expulisset.

364 5166 500 5222 Erat
527 5164 856 5221 Alexander
885 5164 1019 5221 licet
1049 5165 1219 5221 annis
1250 5171 1308 5222 et
1338 5166 1498 5222 senio
1522 5167 2018 5240 gravis,sensibus

359 5258 555 5310 tamen
587 5254 870 5326 integris:
903 5254 1265 5311 Athanasius
1285 5261 1410 5311 erat
1460 5257 1588 5328 ejus
1616 5256 1927 5329 interpres,
1961 5262 2020 5313 et

362 5342 573 5411 scriba,
608 5346 666 5399 et
693 5344 822 5414 ejus
852 5344 1090 5401 nomine
1119 5346 1292 5400 verba
1321 5345 1570 5401 iaciebat
1600 5361 1703 5416 per
1739 5346 2018 5402 virtutem

363 5429 617 5502 Spiritus
639 5432 1485 5504 sancti,quiaﬁdeiorthodoxze
1510 5449 1806 5489 summam
1830 5434 2017 5490 scien-

359 5518 508 5575 tiam
538 5518 811 5575 habebat.
845 5520 1121 5577 Consedit
1176 5521 1499 5579 Alexander
1526 5538 1722 5578 eoram
1765 5521 2017 5595 impera-

361 5610 487 5664 tore
511 5624 525 5671 ;
547 5605 852 5680 adfuitque
880 5608 1078 5680 Ariur,
1110 5611 1208 5682 qui
1244 5609 1429 5666 multa
1470 5612 1796 5667 secundum
1847 5630 2014 5670 suam

359 5694 713 5781 sententiam
741 5694 1145 5774 imprudenter
1208 5698 1443 5770 locutus
1501 5702 1611 5762 est.
1654 5699 2018 5763 Athanasius

2144 3356 2201 3410 in
2235 3354 2482 3411 concilio
2511 3355 2766 3411 Niczeno.
2799 3358 2931 3409 Haec
2962 3370 3094 3409 cum
3154 3354 3419 3409 audisset
3458 3354 3788 3425 imperator,

2144 3444 2439 3516 simulque
2492 3445 2737 3500 fratrem
2777 3448 3066 3513 metuens,
3124 3442 3313 3498 noluit
3342 3442 3579 3498 irritum
3612 3442 3791 3497 facere

2144 3535 2490 3589 mandatum
2522 3532 2708 3605 patris
2738 3532 2830 3589 sui
2864 3532 3251 3604 imperatoris.
3286 3534 3479 3603 Hujus
3526 3533 3681 3588 enim
3713 3527 3789 3585 rei

2140 3625 2332 3695 gratia
2363 3623 2543 3678 frater
2567 3624 2695 3694 ejus
2728 3622 3077 3695 legationem
3111 3623 3181 3677 ad
3228 3637 3366 3677 eum
3424 3622 3687 3689 miserat,
3721 3618 3787 3675 ad

2139 3728 2274 3767 eum
2305 3710 2741 3768 dimovendum.

2214 3838 2416 3908 Itaque
2440 3835 2828 3892 Alexanerurn
2858 3834 3172 3892 dimissum
3201 3836 3275 3891 ad
3294 3836 3499 3892 sedem
3519 3852 3685 3893 suam
3705 3849 3788 3890 re-

2139 3925 2265 3981 dire
2296 3924 2563 3997 permisit
2582 3942 2594 3978 :
2615 3924 2945 3994 mansitque
2962 3925 3139 3980 Arius
3167 3924 3709 3981 excommunicatus
3736 3925 3790 3978 et

2139 4013 2512 4069 anathemate
2542 4012 2779 4085 ligatus,
2814 4014 3086 4085 quamvis
3118 4018 3289 4069 antea
3312 4012 3708 4070 existimasset
3730 4027 3789 4068 se

2138 4108 2197 4160 et
2223 4102 2567 4158 auctoritate
2601 4101 2905 4173 principis,
2937 4108 2997 4158 et
3053 4102 3436 4174 pecunarium
3497 4119 3637 4175 erga
3663 4101 3787 4169 ejus

2138 4191 2490 4248 domesticos
2510 4189 2819 4263 largitione
2844 4190 3204 4263 superiorem
3230 4191 3787 4247 futurum.Mortuus

2138 4286 2228 4337 est
2248 4281 2457 4337 deinde
2488 4279 2657 4336 Pater
2678 4280 3004 4336 Alexander
3034 4286 3090 4336 et
3118 4280 3373 4350 quietem
3406 4280 3632 4353 accepit
3655 4295 3785 4336 cum

2136 4370 2405 4443 patrihus
2431 4369 2576 4437 suis,
2611 4372 2925 4441 postquam
2956 4369 3360 4425 sacerdotibus
3391 4372 3448 4426 et
3477 4368 3634 4441 plebi
3665 4383 3785 4423 mo-

2137 4461 2294 4516 riens
2328 4458 2715 4531 praecepisset,
2750 4462 2815 4512 ut
2847 4457 3231 4513 Athanasium
3289 4458 3349 4513 in
3381 4458 3520 4515 sede
3549 4457 3787 4531 patriar-

2137 4548 2288 4603 chali
2311 4563 2375 4603 se
2396 4547 2671 4603 defuncto
2699 4545 3069 4603 collocarent.
3100 4546 3187 4602 Illi
3218 4563 3495 4619 magnam
3528 4548 3665 4603 inde
3694 4545 3785 4602 la-

2056 4620 2103 4685 Ι)
2131 4636 2323 4692 titiam
2357 4644 2743 4708 perceperunt
2771 4635 2844 4690 ob
2877 4651 3224 4706 propensam
3257 4637 3525 4692 omnium
3552 4651 3689 4708 erga
3714 4631 3783 4689 il-

2128 4726 2252 4781 lum
2285 4725 2665 4781 voluntatem.
2696 4728 3015 4796 Postquam
3049 4741 3180 4779 vero
3212 4726 3365 4779 sedit
3394 4726 3453 4781 in
3486 4726 3625 4782 sede
3648 4739 3782 4796 apo-

2128 4815 2355 4881 stolica,
2388 4813 2554 4882 ejecit
2577 4830 2856 4885 sequaces
2887 4813 3005 4867 Arii
3038 4814 3111 4868 ab
3162 4813 3444 4881 Ecclesia,
3473 4814 3781 4887 producta-

2129 4920 2242 4977 que
2272 4901 2668 4959 anathematis
2698 4903 2989 4957 sententia
3016 4919 3195 4973 quam
3227 4903 3651 4960 Constantinus
3680 4901 3784 4956 im-

2130 4999 2360 5067 perator
2388 4997 2446 5049 et
2502 4991 2603 5064 qui
2660 4996 2860 5047 sancto
2913 4992 3161 5048 concilio
3219 4992 3606 5049 interfuerant
3644 4989 3778 5047 sub-

2128 5082 2548 5156 scriptionibus
2580 5081 2705 5137 suis
2739 5081 3129 5145 firmaverant,
3167 5082 3311 5154 legit
3339 5099 3470 5138 eam
3502 5083 3561 5136 in
3602 5079 3776 5136 eccle-

2128 5171 2215 5227 sia
2246 5187 2438 5227 coram
2471 5170 2772 5241 frequente
2805 5170 3038 5241 populo.
3075 5170 3205 5226 Haec
3233 5171 3409 5227 Arius
3448 5187 3584 5226 cum
3615 5165 3779 5224 audi-

2128 5260 2273 5314 isset
2302 5258 2469 5314 valde
2499 5259 2684 5313 iratus
2716 5263 2773 5313 et
2807 5260 3000 5314 furore
3036 5260 3335 5329 incensus,
3378 5260 3538 5315 venit
3566 5258 3638 5314 ad
3670 5258 3774 5311 im-

2128 5351 2453 5419 peratorem
2485 5352 2542 5402 et
2573 5346 2719 5401 dixit
2740 5346 2789 5402 ei
2818 5363 2830 5402 :
2862 5347 2921 5402 Si
2946 5347 3272 5404 Alexander
3296 5347 3626 5421 patriarcha
3641 5346 3778 5401 Con-

2128 5435 2686 5509 stantinopolitanus
2708 5451 2799 5491 me
2832 5437 3156 5508 susceperit
3176 5438 3352 5509 jussu
3386 5441 3508 5508 tuo,
3538 5446 3775 5493 causam

2128 5524 2375 5582 obtinui.
2420 5522 2715 5580 Accersito
2738 5525 2807 5579 ad
2841 5542 2906 5581 se
2936 5524 3255 5597 imperator
3288 5527 3473 5582 dixit:
3505 5526 3618 5581 Iste
3646 5520 3771 5578 Ale-

2127 5614 2449 5672 xandrinus
2470 5612 2802 5684 patriarcha
2831 5613 3126 5670 recusavit
3153 5613 3358 5671 Arium
3383 5612 3695 5685 suscipere,
3717 5608 3773 5663 θι

2126 5702 2407 5765 mandata
2434 5715 2569 5760 mea
2594 5699 2840 5777 insuper
2870 5702 3099 5779 habuit,
3134 5704 3251 5764 scis
3282 5708 3482 5765 autem
3533 5698 3691 5779 quod
3717 5699 3774 5761 to
