4146 6392
1305 457 1492 524 VITA
1540 458 1604 522 S.
1651 451 2083 523 ATHANASII
2125 453 2230 520 EX
2271 457 2609 524 ARABICO
2653 456 2931 524 VERBA.

3697 476 3824 532 CCL!

409 588 708 662 profectus
738 593 911 659 esset,
946 591 1188 650 tradidit
1214 592 1366 650 Deus
1399 594 1458 649 in
1524 593 1784 649 hostium
1817 609 2057 649 suorum
2089 592 2144 657 Α
2177 591 2428 649 triarcha
2457 595 2516 650 in
2553 595 2882 666 provincias
2914 592 3164 668 Egypti,
3235 591 3336 652 ubi
3397 592 3558 654 lectae
3593 603 3732 655 sunt
3760 597 3822 657 in

405 696 642 752 manus,
679 687 1015 737 sanctorum
1042 700 1219 739 causa
1245 683 1462 755 quosin
1480 683 1712 739 vincula
1734 685 2062 754 conjecerat

399 775 538 825 ante
570 771 1012 842 profectionem,
1041 777 1097 827 et
1146 790 1348 828 eorum
1374 790 1500 844 quae
1525 773 1640 828 illis
1667 773 2061 828 comminatus

390 857 828 916 fuerat.Mortis
842 863 971 932 ejus
1003 861 1140 916 talis
1173 863 1320 917 ratio
1344 862 1488 916 fuit:
1517 863 1693 917 Nocte
1715 862 1859 916 vidit
1882 879 2056 933 quos—

390 949 532 1003 dam
563 949 780 1005 milites
813 952 1063 1022 desuper
1093 968 1161 1006 ex
1200 968 1328 1006 aere
1359 951 1417 1005 in
1443 967 1574 1006 eum
1600 951 2057 1022 irruentes,quo-

400 1054 537 1093 rum
571 1056 726 1093 unus
756 1039 958 1095 lancea
990 1041 1281 1112 percussit
1312 1058 1446 1095 eum
1478 1040 1536 1094 in
1570 1040 1781 1111 capite,
1809 1057 2056 1112 eamque

393 1127 594 1199 adegit
620 1143 812 1198 usque
846 1128 906 1182 in
939 1133 1198 1184 ventrem
1230 1130 1377 1199 ejus.
1411 1128 1704 1184 Intellexit
1730 1128 1898 1182 illum
1925 1146 2054 1185 esse

393 1213 658 1285 aliquem
694 1232 762 1269 ex
793 1217 1172 1288 martyribus,
1208 1216 1586 1288 implevitque
1604 1234 1848 1271 manum
1884 1235 2050 1272 suam

394 1305 684 1376 sanguine
718 1321 894 1375 quem
931 1323 1170 1360 sursum
1197 1306 1426 1376 jaciens
1458 1305 1636 1360 dixit:
1701 1306 1913 1376 Accipe
1944 1307 2051 1361 hoc

391 1392 558 1460 Jesu,
590 1410 805 1465 nempe
837 1393 1030 1448 locum
1063 1393 1358 1466 integrum
1395 1395 1572 1465 capis.
1607 1395 1692 1449 Ita
1722 1411 1857 1449 cum
1892 1394 2051 1449 blas-

391 1481 754 1553 phemasset,
792 1481 1012 1537 corruit
1042 1487 1331 1550 mortuus,
1364 1483 1742 1554 liberavitque
1766 1483 1918 1538 Deus
1949 1500 2048 1554 po-

389 1569 602 1642 pulum
627 1587 830 1637 suum,
855 1571 1222 1643 Romanique
1247 1572 1319 1626 ad
1345 1571 1609 1643 proprias
1639 1573 1809 1627 sedes
1833 1572 2049 1628 reversi

397 1663 560 1713 sunt.
594 1659 813 1714 Triduo
845 1663 1039 1714 autem
1075 1665 1207 1715 ante
1239 1664 1489 1715 mortem
1519 1659 1760 1726 Juliani,
1796 1660 2048 1715 Basilius

400 1763 537 1802 cum
569 1750 726 1802 esset
755 1747 815 1801 in
849 1763 1100 1816 carcere,
1131 1748 1413 1820 evigilans
1445 1765 1478 1802 a
1509 1765 1716 1804 somno
1746 1748 1892 1803 dixit
1912 1750 2049 1804 duo-

389 1836 505 1891 bus
536 1837 635 1905 qui
671 1851 873 1891 secum
905 1841 1106 1891 erant:
1140 1837 1270 1891 Vidi
1299 1837 1405 1892 hac
1437 1841 1605 1892 nocte
1635 1837 1694 1892 S.
1730 1842 2046 1909 martyrem

391 1924 750 1979 Mercurium
782 1924 1099 1980 intrantem
1125 1925 1184 1979 in
1214 1925 1521 1980 ecclesiam
1547 1942 1716 1980 suam
1742 1943 1754 1993 ;
1776 1925 1855 1980 ibi
1881 1943 2044 1981 acce-
2077 1959 2123 2022 B

392 2013 483 2086 pit
512 2013 745 2068 hastam
767 2017 1022 2082 suam,et
1041 2013 1187 2067 dixit
1213 2014 1407 2069 :Certe
1439 2030 1554 2068 non
1581 2014 1772 2069 sinam
1795 2014 2045 2085 impium

391 2101 554 2157 hunc
573 2101 979 2173 blasphemare
1009 2103 1287 2157 adversus
1305 2103 1491 2157 Deum
1516 2119 1734 2158 meum.
1761 2103 1890 2158 Haec
1913 2120 2042 2159 cum

393 2190 943 2262 dixissetdisparuit
957 2191 1027 2246 ab
1043 2191 1227 2246 oculis
1242 2192 1388 2246 meis
1402 2208 1590 2262 neque
1606 2191 1861 2262 amplius
1880 2191 2046 2247 illum

391 2279 614 2351 aspexi.
648 2283 904 2350 Uterque
939 2279 1177 2334 illorum
1210 2280 1356 2334 dixit
1415 2281 1486 2334 ad
1540 2295 1712 2334 eum:
1764 2280 2045 2351 Equidem

387 2366 514 2421 vidi
547 2382 782 2437 quoque
813 2365 958 2421 illud
996 2367 1212 2439 ipsum.
1248 2369 1396 2423 Tum
1429 2369 1582 2422 inter
1638 2385 1700 2422 se
1731 2367 2043 2423 dixerunt:

390 2454 698 2510 Credimus
730 2456 988 2526 profecto
1019 2457 1332 2526 vere,quod
1366 2473 1457 2512 res
1485 2455 1598 2511 ista
1625 2456 1740 2510 fiet.
1765 2456 2050 2512 Miserunt

392 2542 580 2614 igitur
610 2544 682 2597 ad
703 2543 1010 2599 ecclesiam
1035 2546 1310 2617 martyris
1335 2544 1626 2615 Mercurii,
1660 2544 1758 2616 qui
1791 2544 2044 2615 inspice-

394 2631 809 2687 rentlanceam
834 2633 962 2704 ejus
985 2633 1250 2704 quaeillic
1291 2638 1436 2704 erat,
1488 2637 1693 2688 utrum
1753 2633 2048 2689 illicesset

394 2725 499 2776 aut
529 2738 646 2775 non
671 2738 684 2776 :
713 2738 782 2776 ea
813 2738 929 2776 non
954 2723 1210 2787 inventa,
1234 2726 1450 2777 certam
1475 2722 1808 2777 habuerunt
1829 2720 2044 2776 somnii

392 2809 723 2864 veritatem.
757 2809 969 2881 Elapso
1002 2811 1194 2866 triduo
1228 2810 1435 2866 littera:
1462 2807 1731 2865 et'nuntii
1765 2812 1836 2865 de
1859 2813 2046 2864 morte

389 2897 616 2952 Juliani
647 2899 1020 2953 Antiochiam
1052 2904 1460 2970 pervenerunt.
1497 2899 1913 2970 Principesque
1939 2898 2045 2952 im-

392 2986 543 3057 perii
590 2987 927 3059 congregati
967 2987 1154 3041 virum
1179 2987 1414 3042 nomine
1433 2987 1742 3042 Jovianum
1767 2989 1838 3042 ad
1859 2988 2040 3058 impe-

391 3073 546 3129 rium
597 3079 932 3130 evexerunt.
975 3080 1112 3131 Erat
1151 3075 1248 3131 ille
1280 3075 1492 3146 ﬁdelis,
1527 3081 1790 3139 sanctus,
1825 3076 2040 3130 timens

389 3163 938 3234 Deumajuventute
968 3181 1110 3221 sua:
1145 3169 1202 3219 et
1257 3165 1456 3220 statim
1513 3168 1687 3235 atque
1731 3163 2043 3235 capessivit

391 3249 734 3323 imperium,
761 3254 961 3308 Patres
979 3269 1007 3308 e
1024 3269 1254 3308 carcere
1275 3252 1521 3308 liberare
1535 3252 1736 3322 jussit.
1772 3253 1858 3306 lta
1877 3268 2040 3306 com-

2171 681 2430 738 ecclesiis
2462 685 2532 738 ad
2567 684 3005 740 confirmandos
3037 689 3094 740 et
3153 687 3570 744 confortandos
3599 688 3818 746 fideles.

2169 771 2410 842 Expulsi
2441 773 2616 828 etiam
2681 774 2920 828 fuerunt
2988 777 3306 831 sectatores
3373 777 3512 843 Arii,
3567 777 3823 835 Vincen-

2168 860 2308 928 tius,
2341 865 2547 916 etc.....

2238 1040 2444 1095 Postea
2471 1041 2711 1111 quidam
2740 1040 2976 1097 illorum
3040 1041 3350 1097 Jovianum
3401 1042 3814 1116 imperatorem

2164 1128 2470 1195 adeuntes,
2496 1130 2765 1200 querelas
2793 1134 2997 1186 contra
3027 1129 3409 1187 Athanasium
3441 1123 3812 1204 detulerunt;

2163 1232 2413 1287 quarum
2439 1218 2534 1272 ille
2568 1218 2788 1274 nullam
2860 1219 3148 1274 rationem
3180 1219 3408 1286 habuit,
3443 1228 3810 1294 perspectam

2162 1304 2385 1360 habens
2417 1306 2650 1362 illorum
2676 1307 2985 1362 malitiam.
3018 1309 3150 1362 Jam
3179 1325 3312 1364 vero
3336 1309 3698 1367 Athanasius
3722 1329 3812 1368 se-

2162 1400 2370 1450 nuerat
2399 1413 2531 1450 cum
2565 1395 2782 1451 multos
2814 1402 2987 1452 antea
3015 1397 3322 1453 Tractatus
3386 1402 3443 1452 et
3507 1399 3810 1457 Orationes

2159 1482 2510 1553 scripsisset.
2546 1484 2793 1556 Scripsit
2815 1485 2965 1540 inter
2996 1484 3110 1540 alia
3140 1487 3210 1540 de
3258 1485 3679 1543 Melchisedeco
3707 1507 3720 1544 :
3753 1492 3811 1544 et

2159 1572 2230 1627 de
2264 1576 2431 1627 Patre
2461 1572 2725 1640 Antonio,
2760 1575 2931 1643 cujus
2959 1573 3138 1628 vitam
3165 1574 3493 1646 descripsit.
3528 1579 3811 1634 Praeterea

2158 1661 2549 1733 quadraginta
2570 1665 2790 1732 septem
2810 1662 3206 1717 Heortasticas
3232 1679 3330 1718 seu
3343 1663 3653 1719 Paschales
3675 1665 3810 1737 Epi-

2157 1748 2360 1817 stolas,
2395 1749 2465 1804 de
2498 1750 2766 1816 cruce,de
2796 1749 3028 1805 Christo
3060 1749 3491 1822 Domino,quod
3518 1768 3654 1823 erga
3673 1768 3807 1809 eum

2155 1837 2430 1892 diabolus
2462 1837 2608 1892 nihil
2638 1837 2864 1904 viderit,
2888 1838 3230 1894 existimans
3251 1837 3420 1894 illum
3447 1855 3574 1896 esse
3594 1858 3808 1913 purum

2155 1925 2475 1992 hominem,
2511 1930 2568 1982 et
2600 1943 2732 1981 cum
2767 1927 2837 1981 ad
2870 1943 3006 1982 eum
3034 1926 3282 1981 accessit
3324 1927 3637 1984 anathema
3665 1931 3810 1986 dixit

2157 2014 2266 2086 ipsi
2299 2014 2358 2069 in
2390 2015 2598 2070 faciem
2630 2015 2935 2085 Dominus,
2968 2015 3149 2087 digito
3182 2032 3297 2070 uno
3357 2016 3458 2087 qui
3488 2017 3807 2074 auriculari

2156 2103 2460 2174 proximus
2490 2108 2614 2159 est:
2642 2108 2698 2157 et
2728 2120 2862 2158 eum
2893 2104 3180 2158 destruxit
3209 2105 3441 2174 quando
3464 2105 3806 2176 (apostolos)

2154 2191 2401 2247 vicarios
2424 2209 2561 2246 suos
2582 2191 2906 2247 constituit.
2932 2192 3151 2262 Nempe
3173 2196 3518 2263 potestatem
3542 2195 3668 2263 ejus
3689 2194 3804 2250 dis-

2157 2279 2369 2351 sipavit
2398 2284 2454 2334 et
2483 2280 2732 2335 abolevit
2753 2281 3169 2352 inﬁrmamque
3199 2279 3488 2335 reddidit:
3522 2281 3804 2338 ostendit-

2157 2385 2270 2439 que
2301 2368 2469 2424 nobis
2500 2385 2560 2423 se
2627 2385 2730 2440 per
2758 2368 3164 2423 inﬁrmitatem
3230 2368 3440 2423 vicisse
3478 2370 3799 2438 potentiam

2156 2455 2370 2511 diaboli
2398 2473 2410 2511 :
2437 2473 2502 2510 eo
2529 2456 2684 2510 enim
2717 2456 2897 2528 digito
2921 2456 3022 2527 qui
3045 2460 3134 2511 est
3155 2456 3227 2510 ab
3255 2455 3570 2511 auriculari
3593 2472 3803 2513 secun-

2156 2545 2292 2610 dus,
2316 2545 2492 2600 homo
2515 2545 2661 2599 nihil
2682 2545 2806 2617 agit
2822 2561 2957 2599 cum
2981 2545 3058 2599 sit
3079 2545 3396 2617 digitorum
3413 2544 3798 2602 imbecillior:

2155 2634 2256 2687 sed
2276 2650 2463 2704 neque
2488 2634 2683 2689 subito
2707 2632 2850 2688 illud
2871 2649 3185 2706 aggressus
3205 2638 3313 2700 est,
3331 2636 3430 2689 sed
3454 2637 3801 2704 potestatem

2154 2722 2282 2792 ejus
2302 2722 2533 2777 inanem
2561 2722 2995 2789 reddidit,sicut
3015 2722 3075 2776 in
3099 2722 3326 2793 psalmo
3350 2722 3798 2795 vanscriptum

2154 2815 2243 2865 est
2267 2827 2277 2864 :
2303 2813 2580 2882 Exsurgat
2605 2816 2747 2866 Deus
2767 2820 2820 2866 et
2876 2811 3157 2881 disperdat
3196 2811 3449 2865 inimicos
3469 2827 3610 2865 suos.
3645 2812 3799 2867 Scri-

2153 2898 2272 2970 psit
2298 2899 2471 2953 etiam
2493 2899 2843 2954 Athanasius
2875 2899 2989 2954 alia
3019 2899 3205 2954 multa
3229 2915 3353 2970 quae
3376 2900 3447 2953 ad
3471 2899 3797 2957 doctrinam

2152 2987 2544 3042 Christianam
2570 2991 2838 3058 spectant
2859 2992 2915 3042 et
2937 2987 3052 3041 alia
3072 2988 3490 3042 innumera.Ad
3514 2987 3796 3044 Basilium

2153 3085 2386 3146 qquue
2407 3075 2630 3131 litteras
2653 3075 2834 3131 semel
2853 3079 2910 3130 et
2928 3077 3141 3130 iterum
3159 3076 3417 3147 scripsit,
3432 3077 3505 3131 ad
3526 3092 3674 3146 quas
3696 3077 3797 3133 ille

2151 3164 2473 3234 respondit.
2508 3165 2650 3218 Item
2682 3165 2754 3218 ad
2786 3163 3094 3218 Arsenium
3162 3164 3234 3218 de
3263 3167 3450 3219 morte
3504 3165 3792 3220 Theodori

2153 3249 2654 3320 consolatorias,in
2678 3252 2894 3323 quibus
2917 3251 3153 3322 scripsit
3192 3251 3344 3306 inter
3363 3251 3478 3307 alia
3506 3269 3518 3306 :
3551 3252 3789 3307 Utinam

392 3340 642 3412 probata
654 3349 743 3397 est
759 3343 967 3398 veritas
989 3342 1278 3397 sermonis
1299 3359 1472 3413 quem
1496 3341 1746 3396 Basilius
1766 3339 2041 3395 columna
2070 3323 2112 3388 (ἶ
2149 3339 2396 3410 quisque
2417 3344 2706 3404 nostrum,
2740 3356 2872 3394 eum
2892 3355 3065 3410 quem
3087 3339 3422 3395 Theodorus
3444 3340 3623 3395 frater
3649 3343 3789 3395 tuus

389 3429 657 3485 veritatis
671 3431 742 3486 ad
755 3430 1056 3486 Julianum
1074 3434 1397 3502 apostatam
1415 3430 1528 3484 hab
1538 3429 1880 3500 uerat,quod
1897 3427 2043 3482 redi-

392 3523 571 3574 turus
586 3537 702 3574 non
715 3524 1061 3591 esset,aeque
1077 3537 1142 3574 ac
1157 3519 1308 3590 quod
1318 3518 1585 3573 Michaas
1600 3516 2044 3589 prophetaAcha

392 3607 472 3661 bo
496 3607 677 3680 impio
721 3608 1117 3664 Israelitarum
1151 3608 1269 3680 regi
1304 3607 1664 3679 praedixerat.
1712 3607 1865 3661 Deus
1888 3606 2043 3660 enim

395 3695 502 3767 qui
535 3697 674 3751 facit
704 3696 1153 3768 mirabilia,ipse
1177 3697 1488 3751 amborum
1514 3694 1806 3767 prophetae
1826 3692 2047 3747 scilicet

393 3786 659 3855 istius,et
689 3786 874 3842 sancti
903 3785 1064 3840 illius
1088 3785 1273 3840 Patris
1301 3786 1453 3839 Deus
1475 3783 1725 3855 erat,qui
1745 3782 2048 3852 utriusque

392 3875 577 3929 verba
607 3879 842 3946 accepta
870 3873 1402 3930 habuitrJovianus
1420 3872 1630 3928 deinde
1652 3876 1768 3926 tres
1785 3870 1916 3926 illos
1938 3875 2045 3925 Pa-

395 3966 522 4018 tres
540 3964 735 4019 venire
754 3964 826 4018 ad
850 3980 911 4017 se
928 3963 1376 4034 jussos,honore
1391 3959 1908 4030 affecit,multaque
1929 3958 2048 4013 illis

393 4051 651 4124 largitus
675 4069 922 4107 munera
939 4068 1036 4106 eos
1058 4052 1129 4106 ad
1154 4051 1323 4106 sedes
1345 4067 1484 4105 suas
1499 4047 2051 4104 dimisit.0rationes

396 4157 530 4211 quae
555 4140 612 4196 in
635 4140 896 4196 ecclesiis
919 4140 1043 4195 fieri
1069 4138 1258 4196 solent
1281 4137 1888 4210 frequentabat.Dedit
1909 4154 2050 4208 quo-

401 4245 520 4301 que
552 4230 624 4285 ad
651 4229 1037 4285 Athanasium
1062 4228 1456 4300 patriarcham
1475 4227 1932 4282 Alexandrinum
1958 4225 2054 4279 lit-

398 4322 583 4386 teras,
618 4319 677 4373 in
710 4319 927 4390 quibus
986 4319 1068 4373 ita
1099 4332 1233 4372 eum
1295 4315 1737 4387 alloquebatur:
1772 4315 1815 4370 Ο
1865 4319 2053 4386 Pater,

2151 3427 2344 3483 locum
2369 3433 2782 3500 consequatur,
2817 3432 2874 3482 et
2903 3428 3069 3483 navis
3102 3431 3301 3483 nostra
3330 3429 3402 3482 ad
3424 3444 3560 3483 eum
3585 3428 3644 3483 in
3679 3445 3796 3500 quo

2154 3521 2423 3588 receptus
2455 3521 2542 3572 est
2574 3521 2804 3588 portum
2841 3515 3175 3589 perveniat!
3245 3516 3494 3587 Scripsit
3522 3519 3800 3587 praeterea

2155 3623 2444 3681 opus,quo
2477 3604 3090 3671 demonstrat,malum
3123 3620 3252 3660 esse
3281 3622 3315 3659 a
3344 3603 3800 3676 diabolo,quod-

2157 3714 2267 3769 que
2289 3696 2347 3750 in
2381 3700 2492 3750 Deo
2523 3694 2715 3749 locum
2749 3711 2860 3749 non
2914 3694 3125 3748 habeat
3163 3693 3424 3748 omnino.
3495 3692 3576 3748 De
3595 3693 3801 3748 eodem

2155 3787 2322 3841 Patre
2353 3783 2672 3838 Athanasio
2692 3783 3028 3854 patriarcha
3065 3783 3299 3850 dicitur,
3369 3781 3525 3852 quod
3557 3781 3805 3854 angelus

2157 3873 2386 3929 Domini
2409 3889 2544 3927 eum
2567 3872 2871 3927 sustulerit
2893 3873 3032 3926 dum
3058 3888 3160 3943 per
3178 3871 3353 3942 longa
3376 3871 3584 3925 itinera
3608 3870 3807 3942 fugere

2158 3967 2462 4035 cogeretur
2483 3962 2553 4016 ab
2575 3961 2775 4032 impiis
2798 3959 3274 4031 imperatoribus,
3299 3975 3554 4030 eumque
3569 3975 3683 4030 quo
3703 3975 3810 4014 vo-

2159 4051 2319 4107 lebat
2340 4049 2788 4117 detulerit,sicut
2809 4048 2948 4105 olim
2972 4049 3241 4104 Habacuc
3289 4047 3574 4120 propheta
3613 4047 3811 4103 Hiero-

2161 4140 2403 4212 solymis
2426 4138 2780 4210 Babylonem
2824 4137 3052 4193 delatus
3084 4141 3191 4207 est,
3245 4141 3302 4191 et
3330 4135 3592 4192 Ezechiel
3624 4135 3812 4208 Baby-

2161 4229 2294 4284 lone
2310 4227 2744 4298 Hierosolyma:
2773 4243 2961 4297 neque
2981 4227 3138 4282 enim
3168 4226 3276 4281 hoc
3293 4225 3410 4281 Deo
3434 4223 3670 4280 difﬁcile
3691 4227 3803 4280 est.

2166 4319 2301 4372 Erat
2321 4314 2678 4371 Alexandriae
2709 4314 2934 4369 idolum
2978 4314 3215 4369 nomine
3253 4314 3454 4369 Rarail
3479 4327 3493 4372 :
3520 4329 3655 4368 cum
3675 4328 3812 4367 vero

397 4414 605 4480 pastor
632 4423 767 4462 vere
796 4413 852 4462 et
880 4406 1070 4461 ﬁdelis
1120 4405 1398 4461 Athanasi
1433 4409 1654 4476 martyr
1690 4404 1924 4470 Christi,
1958 4403 2057 4475 qui
2164 4405 2465 4461 Athanasii
2483 4405 2607 4474 jam
2627 4403 2784 4458 febre
2804 4402 3052 4473 correpti
3077 4401 3243 4472 quies
3301 4400 3814 4472 appropinquaret,

414 4496 571 4552 Deus
593 4500 682 4552 est
701 4496 1089 4568 imperiimei-
1116 4494 1242 4566 ipse
1263 4499 1320 4548 te
1359 4494 1547 4548 foveat
1601 4497 1658 4547 et
1683 4494 1965 4564 majorem
1999 4493 2058 4547 in
2167 4495 2339 4549 dixit:
2375 4494 2432 4547 Si
2500 4491 2731 4547 invenio
2797 4489 3260 4545 misericordiam
3328 4489 3481 4560 apud
3509 4488 3811 4543 Christum

405 4586 648 4641 modum
664 4584 1301 4642 consoletur.Conforta
1317 4587 1599 4637 cortuum
1623 4582 2062 4653 etapprehende
2172 4582 2487 4640 Dominum
2507 4579 3036 4651 meum,procidam
3068 4594 3262 4632 coram
3286 4594 3352 4633 eo
3386 4593 3575 4648 neque
3605 4575 3812 4630 faciem

399 4675 629 4747 virgam
653 4672 1290 4731 sacerdotalemetcum
1314 4686 1380 4726 ea
1401 4670 2060 4742 depelleluposrapaces
2090 4690 2136 4754 D
2170 4688 2361 4728 meam
2429 4669 2651 4735 levabo,
2722 4669 2905 4723 donec
2971 4665 3323 4721 claudantur
3388 4666 3545 4721 fores
3608 4662 3816 4754 templi

404 4783 440 4820 a
472 4779 649 4836 grege
670 4761 965 4836 spirituali
997 4778 1009 4815 :
1042 4760 1734 4832 illos,inquam,quorum
1767 4776 1868 4814 ora
1891 4761 2064 4831 plena
2091 4753 2123 4754 ί
2172 4760 2311 4816 idoli
2352 4760 2542 4815 istius.
2584 4757 2803 4812 Testati
2842 4772 2976 4811 vero
3017 4758 3156 4811 sunt
3204 4755 3536 4810 sacerdotes
3571 4753 3816 4808 Alexan-

403 4857 547 4910 sunt
577 4851 986 4909 maledictione
1016 4855 1072 4905 et
1105 4849 1498 4906 amaritudine
1527 4849 1732 4904 veneni
1767 4849 2058 4920 aspidum,

405 4942 628 5015 quique
651 4941 882 4998 animas
901 4940 1196 4996 occidunt.
1228 4939 1407 4994 Lectae
1443 4941 1585 4993 sunt
1618 4937 1728 4992 illa;
1763 4936 1966 4992 litterae
2003 4938 2061 4992 in

412 5031 664 5090 ecclesia
699 5029 1113 5097 Alexandrina,
1143 5027 1422 5099 misitque
1458 5043 1558 5083 eas
1579 5026 1935 5083 Athanasius
1961 5043 2062 5098 pa-

2172 4849 2345 4915 drini,
2389 4849 2545 4918 quod
2586 4849 2807 4918 septem
2848 4844 3054 4899 diebus
3094 4843 3310 4914 elapsis
3349 4844 3421 4898 ab
3462 4844 3591 4914 ejus
3630 4840 3815 4905 obitu,

2174 4937 2337 4993 misit
2375 4937 2658 4992 Jovianus
2696 4935 3016 5006 imperator
3053 4931 3243 4987 fidelis
3284 4933 3581 5002 mandata,
3613 4944 3818 4987 secun-

2177 5028 2320 5082 dum
2361 5043 2487 5097 quae
2525 5025 2812 5097 templum
2842 5022 2988 5078 illud
3020 5019 3319 5077 occlusum
3350 5024 3459 5078 est.
