4146 6382
418 489 570 541 οοιιι

1813 480 2423 547 PROLEGOMENA.

1415 1002 1865 1111 JUSTl
1985 1000 2824 1110 FONTANINI

1595 1305 2195 1367 ARCHIEPISCOPI
2249 1304 2655 1367 ANCYRANI

580 1577 700 1640 DE
745 1575 983 1640 ANNO
1021 1574 1535 1639 EMORTUALI
1575 1571 1902 1636 SANCTI
1938 1567 2422 1730 ATHANASIZI
2456 1567 3050 1633 PATRIARCH/E
3091 1565 3686 1632 ALFXANDRINI

1828 1669 2326 1730 DISSERTAT
2411 1715 2426 1730 .

1828 1669 2258 1733 DISSERTA
2272 1669 2426 1730 T10.

1467 1940 1636 2012 (Opp.
1667 1938 1951 1995 Athanas.
1987 1936 2078 1992 ed.
2109 1933 2311 1992 Venet.
2346 1935 2506 2008 1777,
2535 1939 2678 1992 tom.
2715 1935 2786 2008 Ι.)

489 2420 531 2476 1.
557 2416 929 2474 Eruditorum
952 2411 1181 2469 animos
1194 2408 1552 2482 jampridem
1573 2405 1744 2462 variae
1760 2403 2060 2460 sententia
2092 2401 2148 2468 Α
2174 2405 2335 2472 parte
2363 2418 2427 2472 ιι,
2461 2417 2588 2474 cap.
2623 2401 2709 2468 11,
2734 2399 3132 2473 astipulantur
3147 2399 3512 2456 Bollandiani
3555 2404 3829 2458 auctores

417 2507 819 2565 distinuerunt
856 2503 926 2561 de
957 2518 1109 2558 anno
1142 2497 1451 2555 emortuali
1482 2496 1667 2551 sancti
1714 2493 2018 2549 Athanasii
2045 2510 2059 2560 ;

417 2595 514 2653 hic
543 2613 578 2651 a
606 2593 776 2650 nobis
810 2590 1139 2647 necessario
1173 2586 1592 2649 examinandae,
1626 2589 1691 2640 ut
1721 2589 1956 2655 tempus
1980 2582 2060 2638 ei-

412 2686 546 2742 dem
578 2699 730 2739 anno
760 2696 1112 2743 connexum,
1140 2694 1254 2748 quo
1287 2675 1534 2731 Melania
1599 2679 1656 2729 et
1716 2674 1970 2729 Ruﬁnus
2000 2671 2057 2726 in

411 2775 614 2846 Egyto
647 2770 903 2843 primum
935 2771 1352 2839 apparuerunt,
1411 2764 1641 2818 ﬁrmius
1707 2762 2057 2817 stabiliatur.

414 2860 643 2919 Etenim
675 2858 774 2913 alii
803 2859 868 2912 A.
902 2861 965 2910 D.
1000 2857 1126 2921 371,
1160 2853 1261 2910 alii
1318 2856 1379 2908 A.
1451 2853 1518 2908 D.
1585 2852 1694 2906 375
1759 2850 2062 2906 sanctissi-

414 2965 580 3008 mum
611 2945 1004 3020 patriarcham
1046 2942 1371 2999 decessisse
1409 2940 1792 3005 contendunt,
1826 2940 2062 3010 utrique

413 3039 619 3096 medias
651 3036 754 3092 vile
821 3051 1000 3107 quam
1062 3031 1252 3088 tenuit
1310 3029 1595 3084 Baronius
1635 3030 2060 3101 propemodum

416 3127 604 3193 obliti,
637 3127 775 3182 dum
807 3125 858 3179 is
881 3126 940 3178 A.
973 3124 1034 3178 D.
1070 3123 1177 3175 372
1235 3124 1544 3176 strenuum
1600 3118 1732 3173 ﬁdei
1764 3118 2060 3175 catholicae

417 3216 782 3273 defensorem
805 3213 876 3269 ad
895 3211 1136 3283 praemia
1156 3213 1370 3264 aeterna
1390 3211 1660 3263 vocatum
1681 3207 2056 3263 existimavit.

415 3313 616 3384 Nobis,
651 3311 750 3384 qui
783 3309 1014 3365 Baronii
1047 3306 1325 3378 suffragio
1355 3305 1463 3360 hac
1494 3304 1551 3360 in
1585 3322 1644 3360 re
1688 3304 1936 3360 libenter
1965 3322 2057 3361 ac-

411 3404 695 3470 cedimus,
729 3399 869 3471 quia
920 3398 1074 3453 inter
1139 3411 1342 3450 omnes
1382 3398 1647 3449 auctores
1705 3395 2057 3466 praecipuam

409 3489 646 3547 laudem
677 3489 854 3558 hujus
885 3485 1226 3557 quaestionis
1254 3499 1432 3555 penes
1457 3481 1623 3536 illum
1648 3486 1873 3538 exstare
1903 3482 2056 3537 arbi-

407 3581 657 3647 tramur,
688 3574 1054 3647 singulorum
1086 3573 1316 3644 pondus
1348 3571 1702 3642 perpendere
1767 3588 1916 3642 opus
1947 3576 2053 3637 est,

410 3671 477 3722 ut
502 3665 608 3721 viri
640 3664 836 3736 magni
869 3661 1125 3719 calculos
1158 3661 1328 3732 longe
1368 3659 1846 3715 accuratissimos
1885 3663 2055 3715 caete-

2174 2490 2233 2546 in
2269 2494 2423 2546 tomo
2457 2487 2664 2558 IMaii,
2695 2508 2751 2563 p.
2783 2491 2911 2555 348,
2947 2490 3275 2561 iterumque
3324 2490 3385 2544 in
3416 2491 3683 2546 Historia
3709 2506 3829 2560 pa-

2171 2580 2562 2636 triarcharum
2583 2581 2621 2634 A
2633 2579 3293 2648 lexandrinorum,tomo
3313 2579 3361 2632 V
3379 2578 3540 2634 Junii
3565 2580 3798 2651 praefixa

2172 2670 2281 2726 hoc
2310 2669 2438 2724 fulti
2471 2669 2702 2725 Baronii
2770 2668 3079 2736 axiomate,
3150 2668 3303 2739 quod
3361 2685 3430 2723 ex
3487 2673 3556 2723 Α.
3624 2673 3690 2723 D.
3723 2671 3818 2737 69,

2172 2758 2468 2831 §xxxvn,in
2493 2757 2753 2813 medium
2800 2757 3057 2812 sistunt:
3096 2760 3378 2828 Tempora
3420 2764 3823 2814 (innumeram

2173 2865 2278 2917 per
2308 2847 2564 2903 consules
2596 2847 2997 2902 libentioribns
3017 2854 3148 2902 sunt
3195 2847 3528 2914 accipienda
3548 2849 3818 2913 auribus,

2170 2953 2302 2993 cum
2331 2937 2554 2993 caneris
2571 2937 2672 2991 illa
2697 2935 3388 3007 frequentior,liberalior
3408 2945 3462 2992 et
3485 2938 3677 2992 verior
3701 2952 3821 2992 esse

2169 3032 2448 3081 noscatur
2497 3025 2997 3098 chronographia,
3029 3040 3154 3096 qua
3184 3042 3225 3080 a
3250 3025 3413 3095 fastis
3462 3025 3707 3081 deducta
3725 3031 3810 3081 est

2169 3115 2578 3170 consularibus.

2241 3225 2360 3276 Hac
2392 3225 2457 3276 ut
2485 3225 2648 3292 puto,
2683 3220 2905 3276 ratione
2958 3220 3148 3276 victus
3212 3217 3702 3293 chronologorum
3733 3223 3816 3278 fa-
3847 3208 3913 3258 Ἲ

2170 3308 2278 3365 cile
2303 3310 2576 3381 princeps
2635 3308 2945 3380 Dionysius
3011 3308 3284 3364 Petavius
3348 3309 3406 3363 in
3473 3308 3575 3364 lib.
3609 3327 3712 3365 xm
3744 3311 3818 3366 De

2165 3398 2422 3454 doctrina
2453 3404 2762 3470 temporum
2828 3399 2885 3452 A.
2924 3402 2984 3451 D.
3019 3399 3145 3468 371,
3200 3404 3377 3469 atque
3435 3397 3574 3454 alibi
3605 3399 3808 3467 etiam,

2166 3487 2416 3542 Socratis
2448 3485 2766 3542 narrationi
2799 3485 3112 3557 acquievit.
3144 3487 3217 3540 At
3247 3502 3380 3542 vero
3412 3485 3511 3540 lib.
3545 3503 3605 3555 ιι,
3638 3486 3809 3558 epist.

2166 3577 2202 3630 9
2227 3577 2297 3631 ad
2333 3575 2513 3631 alium
2539 3576 2739 3647 magni
2771 3574 3028 3631 nominis
3067 3573 3487 3646 chronologum
3518 3575 3810 3647 [Egidium

2167 3663 2540 3729 Bucherium,
2574 3664 2666 3720 sui
2697 3663 3026 3736 argumenti
3049 3663 3432 3735 pondusinde
3468 3663 3667 3736 augeri
3691 3665 3810 3720 exi-

406 3755 491 3810 ris
520 3757 796 3827 praestare
829 3750 1401 3820 ostendamus,quod
1425 3764 1692 3803 seorsum
1714 3749 1786 3802 ab
1818 3750 2057 3804 Historia
2087 3769 2134 3834 B
2165 3754 2446 3815 stimavit,
2479 3753 2634 3824 quod
2662 3752 3024 3823 Nicephorus
3085 3756 3336 3808 testatur
3400 3752 3458 3806 in
3499 3752 3807 3822 Chronico,

409 3844 691 3900 litterario
711 3841 1052 3912 Aquileiensi
1082 3839 1269 3893 facere
1299 3838 1490 3891 visum
1524 3841 1714 3902 est,ne
1743 3836 1902 3893 illius
1927 3854 2054 3893 cur-

406 3947 512 3989 sus
576 3929 822 4001 longiori
868 3925 1280 3998 disquisitione
1310 3925 1767 3996 perturbaretur.
1801 3926 1881 3980 Ne
1911 3943 2052 3997 qua-

408 4036 586 4093 quam
619 4023 818 4074 tamen
845 4020 934 4072 est
962 4015 1200 4070 animus
1231 4019 1296 4068 ut
1344 4013 1717 4084 scriptorum,
1751 4029 1899 4084 quos
1930 4031 2050 4071 me-

380 4109 519 4166 -rita
547 4109 607 4162 in
641 4123 762 4162 rem
829 4103 1176 4160 litterariam
1225 4101 1584 4156 clarissimos
1648 4103 2048 4174 reddiderunt,

404 4197 651 4254 laudum
684 4193 921 4251 cumulo
945 4191 1036 4247 vel
1069 4189 1383 4246 minimum
1449 4189 1810 4258 detrahatur,
1862 4192 2049 4248 sicubi

401 4284 664 4342 veritatis
695 4281 1060 4354 inquirendae
1089 4295 1266 4335 causa
1296 4280 1367 4334 ab
1397 4278 1631 4334 illorum
1672 4280 1892 4350 judicio
1925 4282 2048 4338 dis-

403 4374 688 4442 cedimus,
719 4370 1193 4443 quandoquidem
1223 4368 1368 4424 citra
1392 4367 1570 4423 ullius
1589 4369 1866 4440 injuriam
1892 4370 2045 4426 haud

401 4463 560 4536 parvi
594 4462 852 4534 profecto
874 4460 1133 4528 interest,
1166 4457 1391 4512 obitum
1428 4457 1722 4512 Athanasii
1755 4474 1861 4513 suo
1893 4475 2045 4515 anno

400 4551 665 4607 restitui:
702 4551 761 4605 in
795 4565 909 4620 quo
940 4547 1301 4604 restituendo
1329 4545 1435 4600 viri
1477 4545 1834 4601 celeberrimi
1870 4547 2042 4603 desu-

399 4640 634 4710 darunt,
667 4656 798 4695 cum
833 4638 928 4692 ille
949 4637 1028 4693 sit
1048 4636 1312 4708 quaedam
1347 4633 1523 4689 veluti
1555 4633 1774 4705 epocha
1803 4651 2042 4706 genera-

396 4727 491 4796 lia,
525 4729 680 4783 unde
711 4726 961 4782 maxime
990 4725 1050 4780 in
1108 4723 1455 4794 antiquitate
1509 4721 1904 4778 ecclesiastica
1951 4741 2042 4780 res

396 4817 686 4888 pendent;
722 4831 826 4870 nec
859 4813 1048 4870 solum
1081 4813 1238 4868 enim
1271 4811 1594 4882 persecutio
1628 4809 1763 4865 inde
1792 4811 2039 4868 Alexan-

394 4905 566 4960 drina
595 4904 921 4967 deducitur,
991 4902 1090 4957 sed
1122 4904 1287 4973 gesta
1342 4899 1703 4968 Hieronymi,
1736 4899 1950 4970 Rufini,
1985 4907 2041 4956 et

392 4993 674 5059 Melaniae,
712 4991 957 5047 historia
985 4990 1161 5045 etiam
1193 4986 1432 5055 Paladii,
1467 4991 1523 5041 et
1554 4986 1780 5042 Paulini
1834 4988 2039 5044 Nolani

389 5081 646 5154 epistolae
676 5098 791 5135 non
817 5079 1114 5134 modicum
1143 5075 1533 5141 illustrantur,
1591 5079 1653 5130 ut
1682 5076 1740 5130 in
1791 5078 2035 5132 Historia

391 5174 591 5226 nostra
618 5170 809 5224 visum
843 5171 952 5234 est,
984 5168 1152 5237 cujus
1218 5164 1595 5236 potissimum
1657 5164 1894 5236 scriptio
1927 5183 2034 5222 nos

390 5257 646 5330 perpulit
679 5262 742 5312 ut
769 5256 830 5311 in
862 5256 1134 5312 eumdem
1165 5270 1387 5308 annum
1420 5269 1450 5306 e
1488 5253 1743 5307 tenebris
1776 5255 2032 5325 antiqui-

388 5347 526 5402 tatis
553 5347 898 5412 eruendum,
959 5343 1219 5416 gnaviter
1277 5340 1774 5396 incumberemus.
1829 5343 2031 5396 Prima:

389 5450 525 5505 ergo
547 5434 845 5488 sententiae
877 5436 1077 5488 auctor
1107 5436 1194 5486 est
1223 5434 1506 5495 Socrates,
1542 5428 1643 5481 lib.
1671 5446 1743 5496 Iv,
1779 5445 1906 5500 cap.
1941 5430 2027 5495 it),

389 5530 489 5586 ubi
522 5530 909 5585 Athanasium
943 5531 1318 5584 demortuum
1386 5524 1527 5580 facit
1591 5524 1866 5580 Gratiano
1902 5544 1940 5580 ιι
1975 5533 2031 5582 et

386 5618 570 5674 Probo
602 5634 776 5684 coss.,
811 5635 1018 5690 nempe
1050 5623 1116 5671 A.
1152 5618 1218 5672 D.
1269 5616 1396 5681 37l,
1454 5613 1621 5684 eique
1682 5620 1889 5683 praeter
1919 5616 2029 5671 Go-

385 5706 675 5762 defridum
730 5706 1130 5761 Hermannum
1176 5707 1236 5759 in
1269 5705 1416 5770 Vita,
1453 5702 1552 5756 lib.
1583 5719 1659 5772 x1,
1694 5720 1818 5774 cap.
1855 5706 1940 5770 17,
1974 5709 2032 5759 et

381 5795 618 5852 Petrum
635 5793 1009 5850 Franciscum
1023 5791 1377 5850 Chittletium
1392 5791 1447 5845 in
1465 5791 1715 5848 Paulino
1731 5790 2030 5850 illustrato

2164 3841 2555 3914 TheOphilum
2583 3841 2903 3896 Athanasio
2961 3857 3360 3897 successorem
3425 3841 3629 3897 datum
3655 3858 3808 3898 anno

2160 3947 2234 3986 xv
2264 3933 2398 4002 post
2423 3930 2684 4000 ejusdem
2712 3929 2957 3985 obitum.
2981 3929 3164 3984 Datus
3186 3935 3274 3985 est
3322 3934 3516 3986 autem
3563 3930 3808 3987 Arcadio

2161 4025 2220 4074 et
2250 4020 2506 4074 Bautone
2524 4033 2674 4073 coss.
2701 4020 2765 4072 A.
2800 4018 2866 4072 D.
2911 4020 3036 4083 385,
3069 4035 3139 4074 ex
3185 4019 3420 4074 Socrate
3450 4018 3551 4074 lib.
3587 4036 3643 4086 ν,
3675 4036 3802 4091 cap.

2161 4109 2231 4164 42
2260 4113 2316 4162 et
2337 4107 2574 4179 quidem
2599 4111 2731 4178 post
2773 4106 2927 4162 diem
2956 4124 3088 4164 xxvx
3115 4105 3278 4173 Julii,
3311 4123 3427 4179 quo
3458 4108 3806 4165 Timotheus

2160 4197 2428 4252 decessit.
2461 4195 2573 4250 Sed
2641 4195 2776 4251 hinc
2841 4195 3037 4267 potius
3094 4202 3439 4267 sequeretur
3497 4196 3805 4252 Athanasii

2159 4285 2385 4340 obitum
2417 4283 2731 4355 contigisse
2760 4289 2827 4337 A.
2861 4283 2926 4338 D.
2961 4285 3067 4338 370
3095 4309 3108 4350 ;
3153 4283 3352 4355 itaque
3401 4285 3655 4357 benigna
3702 4301 3806 4340 ex-

2157 4372 2468 4446 plicatione
2490 4373 2790 4443 juvandus
2818 4377 2927 4438 est,
2961 4373 3060 4428 ubi
3094 4372 3174 4428 ait
3205 4387 3336 4444 pag.
3370 4374 3495 4439 416,
3564 4377 3802 4430 Petrum

2156 4468 2288 4536 post
2319 4461 2701 4518 Athanasium
2728 4462 2786 4516 in
2818 4461 3022 4516 exsilio
3079 4461 3290 4517 vixisse
3337 4479 3490 4518 anno
3523 4479 3650 4518 uno.
3685 4463 3800 4518 Lu-

2153 4553 2311 4609 cium
2334 4552 2504 4607 annis
2525 4551 2819 4616 v,Petrum
2845 4550 3102 4605 secundo
3119 4567 3271 4606 anno
3286 4551 3800 4616 uno,Timotheum

2154 4641 2326 4698 annis
2356 4657 2477 4708 vm,
2546 4656 2720 4710 quem
2777 4639 3001 4709 excepit
3056 4638 3436 4710 Theophilus.
3506 4639 3678 4695 Aliud
3707 4646 3802 4696 est

2155 4728 2549 4800 Theophilum
2571 4744 2757 4782 annos
2772 4745 2864 4791 xv,
2892 4729 2963 4782 ab
2983 4727 3284 4783 Athanasii
3307 4729 3549 4784 decessu
3572 4727 3798 4800 episco-

2152 4835 2290 4890 pum
2317 4817 2562 4881 sedisse,
2593 4813 2751 4870 aliud
2773 4817 2974 4870 sedere
2997 4815 3243 4886 ccapisse
3273 4821 3585 4888 postquam
3622 4816 3796 4873 Atha-

2151 4906 2299 4962 nasii
2325 4909 2577 4976 quatuor
2597 4919 2927 4959 sucessores
2966 4921 3152 4960 annos
3197 4922 3272 4960 xv
3328 4905 3388 4960 in
3421 4905 3624 4960 eadem
3658 4905 3797 4962 sede

2151 4991 2712 5066 explevissent.Hinc
2741 4993 2898 5047 enim
2928 4994 3194 5064 sequitur
3221 4993 3611 5066 Theophilum
3632 5011 3788 5050 anno

2149 5083 2387 5137 demum
2401 5096 2493 5134 xv:
2513 5079 2583 5134 iis
2603 5096 2995 5135 successorem
3015 5082 3214 5137 datum
3236 5100 3248 5137 :
3275 5081 3459 5137 critici
3475 5083 3634 5137 omni
3654 5100 3770 5155 prae

2150 5170 2314 5227 conio
2347 5170 2618 5240 majores,
2655 5169 2800 5224 duce
2835 5171 3096 5241 Baronio,
3129 5187 3263 5226 cum
3332 5171 3571 5226 Socrate
3619 5172 3792 5244 signa

2143 5259 2449 5315 conferunt
2475 5275 2488 5324 ;
2510 5274 2612 5312 nec
2634 5262 2828 5313 tamen
2852 5275 3054 5314 omnes
3118 5260 3172 5314 in
3237 5260 3510 5315 eumdem
3544 5276 3788 5332 scopum

2143 5364 2307 5404 arma
2334 5346 2648 5402 collineant
2672 5365 2684 5413 ;
2719 5363 2853 5401 nam
2887 5348 3171 5404 Baronius
3195 5353 3312 5403 stat
3336 5365 3439 5420 pro
3463 5354 3531 5402 A.
3565 5353 3631 5404 D.
3656 5350 3787 5419 372,

2142 5437 2329 5492 cmteri
2363 5453 2464 5508 pro
2487 5437 2550 5489 A.
2576 5435 2640 5489 D.
2671 5437 2776 5489 373
2798 5436 2952 5491 haud
2983 5437 3240 5508 segniter
3273 5440 3539 5510 pugnant
3565 5455 3577 5492 :
3613 5442 3789 5508 atque

2141 5526 2201 5581 hi
2234 5530 2370 5580 sunt
2400 5523 2684 5579 Henricus
2707 5524 2971 5580 Norisius
2995 5525 3052 5579 in
3095 5542 3344 5582 censura
3392 5531 3586 5582 contra
3613 5527 3787 5582 Joan—

2140 5631 2264 5670 nem
2293 5613 2647 5682 Garnerium,
2683 5629 2812 5683 pag.
2850 5615 2934 5679 45,
2970 5614 3068 5668 ubi
3124 5616 3473 5670 sententiam
3508 5615 3786 5671 Baronia-

2141 5718 2276 5760 nam
2310 5701 2590 5774 expungit
2619 5702 2691 5755 ab
2722 5718 2781 5756 se
2807 5700 2944 5756 olim
2981 5703 3284 5774 probatam
3309 5705 3367 5758 in
3391 5703 3650 5759 Historia
3677 5709 3786 5760 Pe-

2141 5793 2378 5863 lagiana
2409 5791 2511 5845 lib.
2543 5805 2583 5858 ι,
2617 5805 2743 5861 cap.
2775 5791 2832 5856 2,
2873 5791 3162 5848 Antonius
3201 5792 3415 5866 Pagius
3458 5799 3519 5850 Δ.
3560 5796 3628 5848 Ι).
3654 5793 3783 5861 372,
