4146 6378
1360 500 1463 565 DE
1506 500 1719 567 ANNO
1760 494 2221 564 EMORTUALI
2267 495 2333 559 S.
2380 493 2827 563 ATHANASII.

3617 506 3797 557 CCLIII

377 630 407 705 §
434 648 511 704 Ix,
545 632 925 693 Sebastianus
985 636 1227 706 Nanius,
1288 637 1697 694 Tillemontius
1755 638 1815 692 in
1857 638 2023 691 Com-
2055 633 2112 698 Α
2141 635 2313 690 terim
2337 635 2554 691 Socrati
2577 639 2633 691 et
2654 634 2884 709 Cyrillo,
2909 634 2970 689 in
3003 633 3207 689 eodem
3232 648 3476 689 numero
3502 646 3790 688 annorum

381 725 685 781 mentariis
716 727 965 783 Historiae
994 727 1384 786 ecclesiasticae
1416 732 1574 784 tomo
1605 729 1698 795 VI,
1733 743 1868 801 pag.
1901 728 2027 795 582,

381 817 441 870 et
469 818 631 870 tomo
661 815 811 885 VIII,
840 833 977 890 pag.
1006 818 1131 883 252,
1157 819 1255 872 721
1284 837 1296 887 ;
1322 823 1378 874 et
1399 820 1698 874 Bernadus
1721 819 1790 873 de
1811 821 2030 873 Monte-

379 902 649 974 falconis,
680 904 930 977 insignis
960 906 1346 963 Benedictinaa
1395 907 1629 963 familiae
1681 907 2029 972 monachus,

380 991 441 1047 in
478 992 616 1061 Vita,
642 1010 821 1064 quam
846 996 1119 1068 operibus
1141 998 1563 1053 Athanasianis
1602 997 1882 1069 przeﬁxit;
1917 1014 2031 1051 nu-

381 1097 602 1153 perque
632 1083 825 1139 adhuc
856 1084 1206 1157 locupletius
1238 1086 1296 1141 in
1332 1087 1579 1158 epistola
1608 1087 1925 1159 inscripta:
1950 1087 2033 1140 An

390 1186 524 1226 vera
563 1174 818 1228 narratio
876 1174 1064 1245 Rufini
1091 1175 1155 1231 de
1187 1176 1473 1247 baptizatis
1526 1179 1713 1248 pueris
1771 1177 1837 1231 ab
1870 1178 2031 1231 Atha-

382 1261 540 1315 nasio
564 1276 758 1333 puero,
787 1260 847 1317 in
879 1280 997 1335 qua
1028 1282 1299 1321 summus
1333 1270 1388 1321 et
1417 1266 1504 1321 vir
1524 1270 1580 1321 et
1602 1266 1827 1321 amicus
1852 1265 2034 1320 anim-

385 1348 653 1420 advertit,
686 1351 981 1409 Socratem
1013 1371 1130 1409 non
1164 1372 1293 1411 raro
1327 1357 1660 1422 confusum,
1684 1372 1776 1410 res
1796 1356 2033 1411 omnino

387 1436 718 1510 disparatae
741 1443 1119 1515 conjungere,
1144 1449 1318 1516 atque
1344 1446 1485 1500 adeo
1512 1450 1652 1499 tunc
1677 1460 1805 1500 esse
1828 1444 2033 1515 praeci-

384 1542 497 1598 pue
519 1532 881 1598 accuratum,
907 1532 1138 1601 quando
1161 1538 1290 1588 acta
1312 1533 1548 1605 publica
1570 1549 1703 1589 cum
1728 1534 1880 1588 notis
1904 1550 2033 1588 con-

384 1614 682 1671 sularibus
713 1618 939 1690 recitat,
972 1638 1087 1676 non
1118 1621 1199 1676 ita
1227 1639 1359 1677 vero
1392 1622 1490 1676 ubi
1525 1639 1659 1678 cum
1691 1622 1904 1678 iisdem
1937 1640 2033 1677 no-

382 1703 478 1775 tis,
504 1704 738 1777 proprio
762 1711 948 1764 marte
970 1709 1298 1781 dispositis,
1325 1710 1560 1783 aliquod
1612 1716 1845 1784 gestum
1870 1728 2032 1767 enar-

384 1796 493 1849 rat.
517 1793 706 1857 Quare
725 1796 967 1853 eil'atum
988 1797 1220 1854 Baronii
1236 1816 1340 1871 per
1352 1800 1695 1873 bagiologos
1710 1801 2033 1858 Bollandia-

385 1897 492 1937 nos
514 1882 857 1956 adductum,
876 1886 940 1941 de
960 1888 1207 1959 antiquis
1226 1891 1582 1960 scriptoribus
1605 1891 2031 1964 accipiendum,

383 1983 449 2035 ut
472 1980 724 2052 ipsemet
744 1983 1125 2043 doctissimus
1148 1987 1463 2044 cardinalis
1479 1990 1679 2045 statim
1701 2007 1762 2046 se
1776 1990 2035 2063 accipere
2064 2008 2113 2073 B

382 2068 653 2140 explicat,
686 2070 973 2129 nimirum
1004 2074 1077 2131 de
1109 2075 1456 2147 aequalibus,
1513 2095 1631 2133 non
1681 2080 1762 2135 ita
1792 2081 1861 2136 de
1892 2080 2031 2149 illis,

382 2156 485 2230 qui
518 2173 646 2215 rem
677 2161 833 2216 notis
867 2163 1276 2222 consularibus
1302 2170 1508 2239 suopte
1549 2167 1784 2241 ingenio
1824 2169 2034 2227 distin-

380 2250 592 2319 guunt,
616 2247 711 2303 cui
737 2251 933 2306 tamen
955 2251 1067 2324 ipsi
1090 2253 1247 2310 haud
1261 2272 1621 2328 quamquam
1641 2258 1914 2329 aequales,
1932 2260 2035 2315 sed

383 2334 738 2404 posteriores
769 2336 1026 2395 fuerunt.
1057 2340 1187 2397 Alia
1215 2342 1274 2397 id
1318 2360 1504 2415 genus
1564 2345 1623 2399 in
1672 2347 1907 2403 Socrate
1937 2350 2034 2403 de-

385 2423 700 2495 prehendit
718 2425 809 2480 vir
835 2425 1085 2485 illustris
1113 2431 1183 2485 de
1204 2431 1668 2502 Montefalconis,
1702 2437 2036 2507 cujusmodi

386 2515 495 2581 est,
520 2512 619 2567 ubi
644 2514 851 2568 scribit
872 2516 1189 2575 historicus
1234 2520 1619 2578 Athanasium
1661 2525 2035 2582 demortuum

386 2608 507 2672 post
535 2601 905 2673 quadraginta
935 2622 1034 2661 sem
1053 2624 1225 2662 annos
1248 2611 1306 2663 in
1337 2612 1643 2683 episcopatu
1679 2613 1997 2686 completos
2023 2635 2035 2672 :

390 2698 489 2769 qui
519 2714 805 2755 numerus
828 2702 1065 2772 quidem
1090 2710 1246 2761 certe
1278 2707 1503 2764 Socrati
1546 2713 1899 2782 opponitur:
1935 2715 2036 2770 sed

386 2791 585 2842 tamen
609 2788 778 2843 nobis
804 2789 1035 2847 facilem
1054 2796 1209 2849 viam
1238 2797 1447 2851 sternit
1479 2799 1551 2852 ad
1600 2800 1901 2857 Athanasii
1936 2820 2037 2858 an-

389 2890 535 2929 num
595 2878 981 2935 emortualem
1038 2884 1299 2953 proxime
1358 2886 1769 2958 detegendum.
1811 2892 2036 2948 Etenim

386 2969 631 3020 sanctus
661 2966 990 3023 Alexander
1020 2972 1337 3043 episcopus
1378 2974 1808 3033 Alexandrinus
1840 2997 1872 3034 a
1903 2998 2037 3036 con-

385 3051 519 3108 cilio
546 3053 779 3110 Nicaeno
807 3058 990 3112 redux
1048 3064 1116 3113 A.
1178 3060 1244 3115 D.
1306 3064 1430 3131 326,
1472 3064 1790 3122 Athanasio
1837 3070 1947 3124 sibi
1978 3071 2037 3125 in

390 3155 792 3198 successorem
825 3145 1051 3216 allecto,
1085 3149 1239 3205 diem
1271 3151 1415 3207 obiit
1445 3154 1647 3209 eodem
1678 3172 1849 3225 anno,
1874 3175 2038 3213 men-

387 3228 558 3286 sibus
590 3232 850 3305 quinque
882 3237 1144 3293 nondum
1178 3241 1394 3296 exactis
1434 3243 1505 3297 ab
1560 3245 1889 3315 receptione
1920 3247 2035 3303 Me-

378 3316 761 3389 letianorum,
787 3339 915 3394 quae
939 3326 1183 3399 contigit
1205 3345 1321 3383 uno
1359 3329 1445 3383 vel
1468 3330 1647 3385 altero
1668 3349 1867 3388 mense
1900 3340 2032 3406 post

381 3406 724 3465 absolutum
757 3413 1095 3470 concilium.
1131 3417 1192 3471 Id
1226 3422 1476 3472 testatur
1504 3419 1751 3490 ipsemet
1781 3423 2031 3479 Athana-

381 3492 513 3550 sius
542 3496 600 3551 in
631 3498 894 3569 Apologia
923 3520 985 3556 II.
1022 3507 1180 3559 tomo
1215 3506 1236 3559 Ι
1300 3506 1552 3576 Operum
1586 3525 1717 3581 pag.
1770 3512 1873 3564 140
1903 3511 2031 3581 (Ve-

380 3587 533 3641 neta:
563 3586 883 3661 editionis),
942 3596 998 3647 et
1056 3593 1469 3649 Theodoritus.
1528 3597 1599 3650 At
1659 3614 1792 3653 vero
1850 3617 2029 3655 anno-

380 3689 516 3728 rum
549 3690 863 3733 numerum
894 3679 1031 3735 binc
1062 3682 1130 3736 ad
1164 3687 1229 3737 A.
1292 3684 1358 3739 D.
1420 3685 1519 3738 871
1570 3686 1885 3743 deductum
1915 3706 2030 3761 quo

376 3773 648 3828 Socrates
679 3776 809 3846 ejus
841 3778 1066 3833 obitum
1096 3780 1312 3852 signat,
1365 3798 1480 3837 non
1531 3784 1901 3855 quadraginta
1930 3804 2033 3842 sea:

377 3874 574 3931 annos,
635 3863 735 3917 sed
795 3864 950 3921 solos
1011 3869 1384 3938 quadraginta
1459 3874 1700 3943 quinque
1751 3874 2031 3931 conﬁcere

378 3946 743 4019 exploratum
766 3957 873 4008 est.
898 3955 1099 4027 Neque
1122 3957 1215 4013 hic
1239 3976 1530 4015 annorum
1556 3978 1838 4019 numerus
1871 3981 2027 4019 com-

377 4035 527 4109 pleri
559 4040 790 4110 poterit,
825 4043 1058 4099 etiamsi
1090 4045 1257 4101 illum
1293 4064 1425 4102 cum
1478 4051 1652 4106 sociis
1693 4052 2026 4109 Bollandia-

375 4124 495 4191 nis,
518 4132 727 4197 praeter
746 4134 1055 4189 vetustatis
1096 4152 1455 4191 consensum
1482 4138 1757 4196 inchoare
1780 4142 2029 4199 velimus

377 4214 455 4268 ab
489 4214 585 4270 die
612 4233 753 4272 xqu
783 4219 1069 4289 Januarii,
1104 4240 1218 4279 non
1276 4242 1410 4280 vero
1443 4227 1514 4281 ab
1545 4236 1789 4285 exeunte
1846 4233 2028 4303 Aprili

375 4301 518 4357 anni
548 4304 674 4392 326,
707 4310 826 4363 tres
856 4310 1012 4364 enim
1062 4328 1295 4368 menses
1354 4318 1411 4369 et
1465 4315 1688 4387 aliquot
1729 4301 2027 4392 dies,_qui

372 4389 513 4446 inde
531 4391 740 4465 reliqui
759 4406 1159 4471 exsurgerent,
1181 4403 1547 4473 quadraginta
1582 4408 1821 4478 quinque
1854 4389 2027 4466 annos

373 4490 636 4552 ecusque
658 4484 1018 4555 ampliﬁcare
1041 4506 1155 4544 non
1176 4496 1446 4561 possunt,
1471 4497 1534 4547 ut
1550 4495 2027 4564 quadragintasea:

370 4567 619 4638 integros
640 4572 992 4631 constituere
1014 4577 1341 4633 videantur.
1369 4580 1674 4637 Enimvero
1696 4584 1944 4655 Cyrillus
1964 4586 2024 4641 in

374 4657 515 4711 sede
554 4657 967 4731 Alexandrina,
995 4666 1165 4721 annis
1198 4667 1425 4723 circiter
1454 4671 1843 4743 quadraginta
1874 4675 2022 4730 dun-

360 4746 533 4800 taxat
552 4752 685 4818 post
702 4750 1112 4826 Athanasium,
1132 4756 1465 4830 episcopus,
1481 4760 1744 4815 disertim
1773 4766 2025 4819 testatur

364 4831 430 4887 in
454 4834 745 4904 epistolai
771 4842 843 4895 ad
868 4841 1182 4913 solitarios,
1207 4850 1348 4901 tom.
1401 4847 1450 4899 V
1487 4848 1741 4919 Operum
1764 4856 1927 4922 parte
1960 4870 2018 4921 II,

368 4944 504 5001 pag.
528 4934 581 4997 3,
607 4937 881 4993 eumdem
905 4939 1269 4999 decessorem
1295 4960 1469 4999 suum
1501 4945 1901 5003 Alexandrinae
1924 4950 2023 5004 Ec-

370 5015 561 5115 clesiae
586 5024 890 5093 praefuisse
912 5032 1079 5085 annis
1112 5032 1349 5105 integris
1379 5034 1745 5105 quadraginta
1775 5053 1872 5092 sea:
1903 5054 1915 5091 :
1942 5036 2022 5115 ἐφ’

364 5098 526 5167 ’ὅλοις
592 5106 735 5165 ’ἐτεσι
794 5119 1192 5191 τεσσαράκοντα
1240 5121 1329 5173 καὶ
1381 5118 1458 5192 ἓξ,
1510 5126 1665 5194 quod
1722 5126 1791 5180 de
1850 5129 2019 5183 annis

358 5193 721 5267 jampridem
754 5202 989 5278 elapsis,
1023 5225 1137 5264 non
1171 5210 1241 5265 de
1265 5193 1554 5282 elapsuris
1574 5211 2017 5286 intelligendum

368 5297 521 5350 esse,
554 5304 748 5361 nemo,
784 5297 848 5347 ut
877 5300 1043 5366 puto,
1076 5299 1333 5371 negabit,
1360 5316 1721 5372 quamquam
1747 5320 1915 5361 secus
1939 5306 2019 5360 vi-

366 5384 495 5428 sam
522 5375 698 5432 fuerit
720 5379 1030 5441 Paschasio
1055 5385 1387 5455 Quesnello,
1425 5389 1525 5460 qui
1558 5392 1930 5460 probationes
1952 5410 2019 5450 ex

366 5475 613 5520 numero
636 5483 925 5527 annorum
952 5475 1351 5547 pontiﬁcatus,
1402 5478 1697 5533 indirectas
1717 5482 2015 5550 judicans,

363 5552 601 5608 easdem
634 5572 769 5613 cum
803 5559 1143 5620 Proteriana
1176 5566 1382 5621 mortis
1438 5566 1742 5624 Athanasii
1774 5572 2013 5642 epocha,

352 5641 578 5695 etcum
605 5643 939 5717 Hieronymi
968 5652 1193 5710 calculo
1214 5658 1367 5710 stare
1412 5672 1585 5726 posse
1617 5641 2016 5727 pronuntiavit

360 5729 615 5817 intomo
648 5734 698 5788 II
728 5735 981 5810 Operum
1036 5744 1221 5799 sancti
1271 5745 1476 5801 Leonis
1537 5761 1668 5817 pag.
1699 5747 1825 5801 900.
1860 5749 2009 5814 Quot

356 5814 562 5874 autem
585 5832 810 5884 errores
833 5827 929 5885 hic
942 5830 1174 5899 cubent,
1193 5814 1571 5905 postmodum
1590 5814 1911 5906 apparebit.
1928 5839 2015 5893 In-

2140 725 2600 792 determinando,
2634 728 2917 781 consonat
2946 724 3120 780 etiam
3180 722 3429 779 Ruﬁnus
3485 722 3792 778 Athanasii

2140 814 2280 871 olim
2321 815 2512 869 funeri
2543 832 2819 887 praesens,
2854 814 2954 869 ubi
2983 814 3063 868 ait
3089 814 3191 869 lib.
3224 832 3302 882 v1,
3356 831 3483 887 cap.
3534 816 3588 883 3,
3624 814 3792 872 illum

2141 904 2431 976 quievisse
2460 904 2879 976 quadragesimo
2908 909 2961 960 et
2988 914 3140 959 sexto
3170 920 3316 959 anno
3354 905 3651 960 sacerdotii
3676 910 3786 962 sui.

2142 995 2299 1050 Idem
2334 995 2553 1049 habent
2583 996 2938 1049 Sozomenus
2992 994 3091 1049 lib.
3152 1011 3228 1063 vx,
3278 1010 3406 1065 cap.
3440 995 3528 1059 19,
3585 1002 3790 1051 auctor

2142 1084 2452 1155 farraginis
2474 1084 2870 1139 Alexandrinae
2891 1084 2949 1137 in
2971 1084 3254 1154 excerptis
3276 1083 3621 1139 Eusebianis
3644 1090 3777 1142 Sca-

2141 1173 2309 1245 ligeri
2334 1190 2467 1245 pag.
2502 1175 2591 1243 8/1,
2625 1173 3028 1245 Theophanes,
3061 1173 3409 1229 Anastasius
3466 1173 3783 1231 Bibliothe-

2144 1263 2335 1318 carius
2358 1272 2412 1317 et
2445 1262 2807 1334 Nicephorus
2855 1262 2913 1316 in
2966 1262 3244 1317 Chronicis
3274 1278 3611 1333 quanquam
3643 1264 3788 1320 alias

2144 1352 2216 1407 ab
2238 1368 2431 1407 errore
2453 1368 2567 1405 non
2618 1352 2824 1406 vacui:
2877 1351 3091 1422 quibus
3116 1350 3392 1406 Arabicos
3441 1352 3617 1407 etiam
3651 1352 3789 1409 scri-

2144 1445 2340 1512 ptores
2362 1441 2562 1512 jungit
2584 1440 2869 1496 Eusebius
2909 1438 3313 1495 Renaudotius
3342 1440 3400 1494 in
3429 1443 3669 1498 Historia
3693 1460 3794 1514 pa-

2143 1532 2517 1586 triarcharum
2558 1530 3062 1586 Alexandrinorum
3112 1531 3503 1596 Jacobitarum,
3549 1548 3678 1604 pag.
3701 1533 3789 1588 96.

2144 1620 2511 1691 Quapropter
2565 1619 2684 1674 haec
2746 1619 2943 1674 omnia
2999 1619 3357 1690 conjunctim
3413 1621 3692 1691 exposita,
3730 1623 3789 1676 in

2145 1708 2332 1764 sancti
2355 1707 2657 1763 Athanasii
2680 1725 2967 1764 annorum
2995 1707 3417 1780 episcopalium
3440 1725 3685 1765 numero
3708 1728 3800 1766 ex-

2144 1814 2342 1870 presse
2370 1798 2721 1869 deﬁniendo,
2754 1798 2917 1852 nulla
2948 1801 3070 1853 arte
3102 1797 3389 1853 inﬁrmari
3416 1815 3587 1870 posse
3610 1801 3793 1855 credi-

2149 1886 2369 1953 derim;
2405 1887 2649 1958 ideoque
2681 1886 2875 1942 Ruﬁni
2903 1890 2961 1942 et
3009 1890 3352 1942 caeterorum
3392 1904 3577 1944 annos
3607 1887 3794 1945 haud-

2144 1992 2439 2047 quaquam
2502 1993 2694 2041 cavos,
2727 1976 2829 2031 sed
2890 1975 3153 2046 undique
3202 1975 3403 2047 plenos
3435 1980 3491 2031 et
3538 1971 3799 2050 integros

2146 2065 2341 2138 Cyrilli
2365 2065 2682 2121 auctoritas
2706 2064 2896 2120 reddit
2919 2081 2931 2119 :
2958 2064 3057 2135 qui
3081 2064 3173 2120 sui
3196 2065 3519 2121 decessoris
3541 2065 3796 2139 elogium

2146 2155 2343 2210 dedita
2374 2172 2551 2228 opera
2580 2154 2865 2221 scribens,
2912 2170 3032 2209 rem
3088 2154 3230 2209 adeo
3287 2153 3585 2226 vulgatam
3618 2159 3794 2227 atque

2146 2247 2420 2299 testatam
2450 2244 2719 2315 ignorare
2750 2261 2867 2298 non
2899 2242 3125 2314 potuit;
3171 2244 3390 2314 quique
3421 2244 3798 2315 quadraginta

2144 2348 2242 2388 sea:
2296 2350 2469 2388 annos
2528 2336 2771 2405 integros
2830 2349 2945 2388 non
3004 2331 3374 2403 appellasset,
3404 2332 3504 2404 qui
3562 2337 3793 2390 tantum

2146 2423 2516 2494 quadraginta
2566 2424 2806 2493 quinque
2838 2421 3108 2476 fuissent.
3169 2420 3357 2483 Quare
3414 2422 3644 2477 etiamsi
3674 2426 3798 2479 tres

2149 2528 2381 2567 menses
2413 2529 2446 2565 a
2475 2510 2872 2567 Bollandianis
2912 2509 3267 2581 excogitatos
3325 2510 3795 2580 admitteremus,

2148 2598 2340 2653 adhuc
2374 2599 2741 2670 probandum
2775 2602 2949 2666 esset,
2983 2600 3103 2652 tres
3136 2595 3266 2651 illos
3298 2598 3530 2653 eosdem
3564 2616 3799 2655 menses

2148 2687 2365 2742 diserto
2397 2692 2452 2743 et
2480 2687 2776 2743 luculento
2808 2686 3087 2742 vocabulo
3122 2703 3235 2741 non
3268 2686 3459 2742 solum
3503 2691 3663 2755 anni,
3697 2692 3797 2745 sed

2148 2778 2285 2830 anni
2316 2779 2540 2845 integri,
2567 2778 2684 2832 sive
2708 2775 2862 2848 pleni
2888 2780 2944 2831 et
2968 2774 3244 2843 absoluti,
3275 2776 3347 2831 ab
3378 2776 3590 2849 Cyrillo
3621 2779 3799 2834 deno-

2147 2865 2258 2920 tari
2290 2865 2567 2937 potuisse.

2220 3015 2292 3070 II.
2317 3015 2501 3071 Multa
2522 3015 2635 3069 alia
2656 3015 2793 3069 huic
2815 3015 2939 3070 loco
2961 3031 3196 3087 possem
3225 3018 3498 3081 attexere,
3541 3023 3639 3071 sei
3672 3033 3798 3089 quae

2148 3104 2312 3159 docte
2342 3110 2398 3159 et
2427 3104 2659 3175 copiose
2690 3103 2930 3159 disserit
2979 3103 3061 3157 Cl.
3116 3102 3625 3171 Montefalconius,
3653 3104 3800 3160 invi-

2146 3198 2237 3249 tos
2269 3195 2444 3249 etiam
2467 3194 2632 3248 fateri
2668 3197 2902 3264 cogunt,
2934 3192 3240 3247 Athanasii
3275 3198 3524 3248 mortem
3560 3194 3618 3248 in
3642 3197 3707 3249 A.
3732 3199 3797 3250 D.

2149 3283 2275 3349 37l,
2313 3284 2383 3337 ab
2435 3282 2864 3337 laudatissimis
2896 3280 3034 3335 viris
3068 3281 3285 3335 frustra
3337 3281 3556 3335 referri.
3588 3282 3804 3338 Vereor

2063 3376 2105 3441 C
2143 3377 2361 3442 tamen,
2423 3376 2487 3426 ut
2544 3371 2747 3425 eadem
2810 3368 3103 3435 felicitate,
3138 3386 3253 3438 qua
3286 3368 3451 3423 illinc
3505 3370 3797 3440 dejicitur,

2143 3461 2352 3532 conjici
2388 3460 2572 3532 possit
2600 3459 2660 3512 in
2692 3460 2755 3513 A.
2794 3464 2853 3512 D.
2887 3459 3011 3525 373,
3074 3458 3575 3528 quemadmodum
3610 3461 3792 3533 conji-

2143 3550 2410 3605 ciendam
2435 3564 2561 3603 esse
2584 3565 2700 3603 non
2750 3546 3020 3601 dubitant
3068 3550 3409 3617 praestantes
3441 3547 3547 3601 viri
3577 3548 3792 3621 Pagius

2142 3639 2557 3695 Tillemontius
2616 3642 2671 3692 et
2720 3640 2851 3707 post
2880 3652 2978 3691 eos
3009 3636 3519 3704 Montefalconius,
3556 3638 3655 3709 qui
3688 3655 3791 3710 po-

2144 3732 2397 3787 stremus
2420 3727 2684 3782 omnium
2725 3725 3018 3780 uberrime
3066 3726 3217 3779 hanc
3252 3729 3510 3797 spartam
3546 3728 3790 3791 ornavit,

2140 3820 2221 3872 ita
2250 3821 2315 3872 ut
2350 3816 2493 3871 nihil
2527 3816 2637 3871 sibi
2672 3814 2881 3886 reliqui
2914 3815 3114 3869 fecerit
3144 3816 3202 3869 in
3236 3830 3303 3869 ea
3358 3832 3537 3886 quam
3572 3834 3794 3872 memo-

2141 3908 2259 3964 ravi
2292 3906 2533 3979 epistola
2569 3907 2640 3960 de
2687 3906 3024 3960 Narratione
3074 3904 3277 3975 Ruﬁ-ni.
3313 3905 3553 3960 Fundus
3585 3906 3643 3960 in
3678 3923 3795 3977 quo

2138 3997 2284 4054 tanti
2316 3995 2422 4050 viri
2455 3995 2788 4050 consistunt
2835 3998 2923 4049 est
2979 3994 3224 4065 epistola
3277 3994 3795 4051 ProteriiAlexan-

2140 4087 2293 4143 drini
2353 4086 2423 4140 ad
2480 4083 2813 4157 pontiﬁcem
2879 4083 3125 4139 Leonem
3183 4084 3461 4155 Magnum
3491 4086 3651 4139 A.D.
3687 4086 3795 4141 454

2139 4175 2487 4245 conscripta,
2524 4190 2700 4244 quam
2735 4176 2867 4245 post
2921 4172 3224 4227 Petavium
3278 4173 3479 4229 Latine
3533 4173 3798 4245 vulgavit

2136 4265 2401 4338 [Egidius
2432 4263 2755 4318 Bucherius
2812 4262 2871 4315 in
2930 4261 3361 4317 Commentario
3420 4264 3495 4317 De
3549 4263 3796 4319 doctrina

2138 4363 2438 4425 temporum
2463 4371 2476 4419 ;
2509 4351 2629 4407 ibid
2662 4350 2817 4406 enim
2842 4366 2972 4421 pag.
2994 4351 3060 4403 84
3083 4349 3203 4404 haec
3228 4349 3505 4422 leguntur
3531 4368 3542 4406 :
3565 4353 3627 4405 In
3659 4356 3796 4407 octo-

2134 4446 2336 4515 gesimo
2366 4456 2507 4497 nono
2538 4456 2682 4494 anno
2713 4440 2779 4493 ab
2810 4440 3039 4508 imperio
3096 4437 3451 4509 Diocletiani,
3503 4442 3795 4509 superstite

2139 4534 2315 4589 beata?
2346 4531 2628 4585 memoriae
2651 4531 2818 4600 patre
2844 4530 3027 4581 nostro
3080 4535 3133 4582 et
3188 4527 3429 4597 episcopo
3499 4529 3793 4583 Anastasio

2134 4622 2282 4694 (lege
2312 4618 2628 4686 Athanasio)
2660 4633 2785 4671 cum
2812 4632 2908 4669 XIV
2938 4616 3073 4668 luna
3133 4616 3417 4670 Paschalis
3466 4633 3644 4670 XXVIII
3702 4616 3793 4672 die

2056 4743 2101 4807 Β
2133 4712 2337 4767 mensis
2358 4705 2709 4771 Phaminoth,
2741 4705 2801 4759 id
2828 4708 2904 4759 est
2923 4720 3066 4759 nono
3088 4704 3461 4759 Kalendarum
3509 4706 3790 4776 Aprilium

2134 4801 2222 4856 die
2239 4797 2589 4872 provenisset,
2622 4794 2709 4849 die
2732 4788 3034 4858 Daminico,
3068 4794 3129 4847 in
3148 4793 3561 4863 subsequentem
3606 4803 3791 4850 trans-

2134 4892 2251 4945 lata
2277 4896 2355 4943 est
2387 4884 2789 4948 hebdomadem,
2824 4885 2903 4937 ita
2959 4887 3020 4937 ut
3077 4884 3271 4953 quinta
3327 4883 3417 4938 die
3476 4884 3787 4949 Pharmoti,

2132 4980 2229 5035 hoc
2256 4982 2333 5033 est
2388 4975 2575 5046 pridie
2636 4972 2999 5028 Calendarum
3054 4972 3351 5043 Aprilium,
3411 4973 3789 5028 celebraretur

2132 5066 2348 5123 Pascha
2379 5056 2741 5120 Dominicunf.

2202 5220 2298 5273 Ha:
2333 5219 2480 5271 notae
2539 5212 2957 5285 chronologicae
3016 5212 3071 5267 in
3132 5230 3353 5269 annum
3421 5211 3790 5267 Domiui373

2131 5309 2422 5381 quadrare
2452 5306 2807 5359 noscuntur:
2870 5319 2984 5372 quo
3044 5302 3271 5357 Pascha
3330 5302 3387 5356 in
3422 5303 3788 5373 subsequen-

2132 5402 2249 5452 tem
2291 5392 2679 5456 Dominicam,
2736 5391 2854 5445 sive
2894 5391 3047 5446 diem
3108 5410 3237 5446 xxxu
3302 5391 3500 5446 Martii
3534 5390 3788 5447 transla-

2128 5491 2257 5542 tum
2291 5484 2471 5539 fuisse
2520 5480 2699 5536 tradit
2756 5480 3039 5550 epistola:
3100 5486 3157 5535 et
3215 5481 3504 5553 supersite
3534 5481 3771 5552 quidem

2126 5572 2468 5639 Athanasio,
2504 5568 2601 5640 qui
2637 5567 3010 5639 postmodum
3068 5569 3221 5622 inter
3279 5568 3554 5623 mortales
3585 5569 3780 5647 vivere

2130 5662 2388 5726 desierit,
2423 5660 2469 5714 si
2504 5656 2895 5713 assertoribus
2927 5657 3188 5727 ejusdem
3224 5658 3361 5712 anni
3411 5659 3517 5713 373
3547 5658 3780 5713 auscul-

2124 5756 2251 5808 tare
2280 5750 2550 5807 velimus.
2582 5750 2713 5801 Haec
2746 5742 2899 5801 enim
2923 5745 3099 5800 variis
3124 5746 3308 5802 doctis
3338 5752 3778 5818 persuaserunt,

2126 5853 2473 5914 supremum
2505 5836 2659 5892 diem
2686 5833 2997 5892 Athanasii
3023 5839 3185 5893 extra
3203 5838 3269 5893 A.
3304 5841 3368 5893 D.
3393 5836 3497 5893 373
3518 5852 3633 5893 non
3650 5852 3778 5894 esse
