4146 6392
416 468 592 526 conv
1817 453 2433 526 PROLEGOMBNA.

413 593 819 669 quaerendum.
851 593 967 653 Nec
1014 593 1267 669 profecto
1311 593 1548 654 illorum
1597 595 1884 654 sententia
1914 592 2068 650 male
2099 592 2156 660 Α
2186 597 2451 654 mercede
2471 593 2727 655 restituti
2749 596 2949 657 caeulo
2970 612 3077 656 suo
3111 595 3416 657 oculorum
3449 609 3615 672 usus,
3638 599 3827 656 Marco

414 681 1096 758 procederet,dummodo
1126 690 1184 742 et
1212 685 1420 759 reliqui
1454 686 1838 756 characteres,
1858 701 2071 758 quem-
2187 686 2404 757 abbati,
2455 687 2686 744 Marcus
2726 693 2928 761 postea
2951 688 3290 746 Athanasio
3321 688 3633 746 obtulerat.
3666 688 3729 745 Id
3759 703 3831 745 ex

417 775 736 832 admodum
774 776 846 830 ab
874 777 940 831 A.
974 775 1039 831 D.
1093 776 1193 830 371
1229 776 1562 844 abhorrent,
1596 776 1677 831 ita
1701 780 1757 832 et
1786 791 1919 830 cum
1949 772 2074 828 vul-
2184 792 2283 832 ore
2310 776 2570 833 Melaniae
2590 794 2652 834 se
2674 777 2967 850 accepisse
3012 779 3191 835 tradit
3233 778 3532 835 Palladius
3562 779 3623 834 in
3645 782 3826 834 Para-

413 867 548 935 gato
571 863 807 918 Proterii
841 863 1067 919 calculo
1116 864 1175 919 in
1210 882 1431 921 annum
1477 867 1582 920 373
1635 869 1842 937 sponte
1876 880 1984 920 sua
2013 866 2071 918 et
2183 866 2303 921 diso
2332 866 2660 937 Heraclidis,
2694 883 2821 939 cap.
2878 868 2934 934 6,
2984 884 3125 947 pag.
3186 869 3293 922 954
3348 866 3622 923 editionis
3652 884 3691 923 ιι
3722 867 3833 923 He-

413 968 580 1024 aquo
633 952 775 1023 pede
796 969 1225 1009 concurrerent.
1276 955 1493 1010 Verum
1526 954 1619 1010 hic
1680 954 1923 1009 Rhodus
1980 952 2075 1009 hic
2184 953 2389 1010 riberti
2421 956 2751 1028 Rosweydi.
2787 956 2904 1012 Hac
2934 957 3091 1013 enim
3150 957 3393 1029 antiqua
3443 956 3709 1013 versione
3738 957 3833 1012 Hi-

410 1040 629 1109 saltus;
664 1042 761 1096 ubi
793 1040 951 1096 enim
985 1042 1136 1098 hanc
1165 1044 1647 1115 supputationem
1673 1042 1943 1115 amplecti
1980 1060 2071 1097 ve-

410 1127 775 1199 limus,anno
806 1130 1117 1186 Athanasii
1151 1149 1266 1188 non
1310 1136 1541 1188 tantum
1573 1132 1946 1205 quadraginta
1975 1148 2076 1187 sex

406 1219 652 1290 integros
684 1234 753 1273 ex
782 1224 1044 1275 veterum
1077 1221 1431 1293 scriptorum
1460 1238 1748 1277 consensu
1782 1220 1864 1276 illi
1906 1220 2070 1275 attri-

405 1306 581 1363 butos
608 1308 1081 1375 numerabimus,
1116 1309 1217 1365 sed
1248 1309 1629 1381 quadraginta
1688 1318 1908 1381 septem,
1942 1308 2073 1363 uni-

405 1411 577 1450 versa
605 1396 954 1467 antiquitate
989 1396 1367 1463 reclamante,
1390 1397 1687 1452 numerari
1718 1397 2068 1453 videbimus.

403 1482 589 1555 Atque
617 1482 740 1539 haec
774 1500 953 1540 causa
981 1489 1072 1541 est
1092 1501 1196 1540 cur
1235 1486 1422 1542 tutius
1449 1491 1506 1541 et
1535 1486 1905 1541 commodius
1952 1486 2069 1541 exi-

414 1571 674 1641 stimem,
707 1588 779 1628 ne
814 1572 997 1628 latum
1032 1573 1269 1645 quidem
1303 1590 1559 1646 unguem
1582 1575 1884 1631 deﬂectere
1914 1591 1948 1630 a
1969 1575 2072 1629 Ba-

407 1659 561 1716 ronii
593 1660 904 1729 sententia,
969 1662 1069 1733 qui
1101 1663 1169 1716 A.
1208 1663 1271 1718 D.
1303 1664 1429 1729 372,
1468 1666 1496 1732 §
1529 1665 1615 1729 i2,
1670 1664 1925 1720 Socratis
1954 1662 2069 1718 col-

404 1748 556 1822 legio
586 1748 881 1805 consulari
915 1750 1271 1823 posthabito,
1302 1751 1436 1808 licet
1465 1753 1538 1807 ab
1570 1768 1632 1809 se
1660 1751 1802 1807 olim
1833 1756 2070 1824 excepto

405 1836 467 1893 in
498 1838 656 1894 notis
686 1838 757 1894 ad
780 1839 1409 1913 Martyrologium,haac
1431 1840 1646 1898 litteris
1672 1840 2065 1914 consignavit:

2180 1045 2366 1099 storix
2396 1045 2680 1102 Lausiacaz
2726 1045 2820 1100 hic
2878 1045 3128 1102 libenter
3184 1051 3361 1119 atque
3417 1044 3555 1101 alibi
3583 1045 3834 1112 utimur,

2179 1134 2643 1211 quotiescunque
2673 1134 2961 1190 recentior
3006 1135 3293 1207 interpres
3333 1134 3657 1191 Gentianus
3688 1134 3830 1190 Her-

2181 1227 2348 1277 vetus
2371 1222 2443 1277 ob
2465 1222 2643 1278 Graeci
2668 1223 2884 1279 codicis
2905 1223 3342 1295 corruptionem
3366 1223 3437 1278 ab
3487 1239 3685 1280 errore
3715 1238 3833 1278 non

2179 1317 2364 1367 vacat.
2397 1316 2547 1367 Sane
2578 1313 3101 1385 haudquamquam
3134 1330 3340 1369 vacare
3371 1312 3834 1386 deprehenditur

2180 1417 2309 1473 cap.
2341 1403 2413 1455 2O
2442 1401 2513 1456 de
2543 1400 2713 1457 ovina
2738 1401 2891 1473 pelle
2922 1418 3257 1458 sermonem
3305 1400 3545 1458 faciens.
3576 1401 3682 1456 Adi
3714 1404 3831 1456 Pa-

2180 1489 2342 1562 gium
2374 1495 2442 1544 A.
2476 1489 2541 1544 D.
2574 1491 2700 1558 373,
2734 1489 2764 1563 §
2796 1492 2882 1558 19,
2915 1490 3017 1545 ubi
3049 1489 3243 1546 locum
3277 1506 3347 1546 ex
3376 1489 3715 1561 conjectura
3743 1489 3828 1545 fe-

2179 1578 2370 1634 liciter
2380 1578 2732 1647 emendavit,
2749 1579 2819 1634 ad
2831 1595 3007 1651 quem
3023 1577 3489 1651 multiplicilimo
3500 1578 3829 1645 turbatum,

2180 1667 2421 1723 haesisse
2451 1660 2747 1740 comperio
2780 1684 2894 1724 non
2924 1666 3116 1723 solum
3158 1666 3553 1740 Rosweydum
3582 1666 3643 1721 in
3672 1665 3833 1722 notis

2179 1757 2253 1812 ad
2283 1755 2613 1812 Palladium
2646 1773 2779 1829 pag.
2810 1758 2937 1822 786,
2979 1757 3124 1826 §52,
3159 1756 3261 1811 sed
3293 1759 3571 1828 praeterea
3597 1753 3835 1812 Chifﬂs-

2176 1844 2327 1900 tium
2359 1844 2418 1901 in
2456 1846 2699 1901 Paulino
2730 1846 3031 1917 illustrato,
3061 1848 3226 1917 parte
3255 1861 3319 1909 ιι,
3350 1859 3485 1916 pag.
3518 1844 3606 1909 11,
3635 1845 3695 1898 et
3713 1840 3836 1897 Til-

403 1925 513 2029 [ioc
739 1942 911 1994 anno,
949 1928 1277 2029 iisdemque.
1335 1930 1655 1985 consulibus
1710 1930 1979 2029 (Iliadesto‘
2019 1937 2073 2029 et
2098 1963 2147 2029 B
2179 1932 2527 1990 lemontium
2560 1934 2633 1989 ad
2659 1934 2841 1989 Vitam
2858 1936 3040 1989 sancti
3059 1933 3318 2001 Macarii,
3341 1935 3501 1988 tomo
3520 1929 3670 1998 VIII,
3694 1946 3833 2029 pag.

402 2015 706 2087 Arintheo),
736 2020 958 2071 sanctus
1002 2016 1342 2073 Athanasius
1398 2021 1678 2091 episcopus
1731 2018 2059 2075 Alexandri-

401 2121 508 2160 nus
531 2108 659 2176 post
680 2106 1000 2161 innumeros
1053 2123 1153 2177 pro
1183 2107 1388 2163 tuenda
1434 2107 1546 2177 ﬁde
1573 2108 1848 2164 catholica
1877 2123 2060 2163 susce-

361 2202 519 2266 'ptos
547 2193 783 2264 labores,
822 2211 951 2249 cum
1004 2195 1225 2251 sedisset
1279 2212 1453 2251 annos
1503 2213 1905 2259 QUADRAGINTA
1934 2212 2057 2264 sax,

398 2290 549 2338 sexto
580 2298 754 2339 nonas
782 2283 915 2338 Maii
969 2283 1178 2340 solutus
1207 2286 1395 2340 carnis
1440 2286 1697 2352 vinculis,
1739 2292 2060 2357 accepturus

400 2372 844 2429 immortalitatis
903 2387 1161 2428 coronam
1233 2376 1497 2443 migravit
1554 2376 1615 2429 in
1670 2374 1888 2429 caelum.
1953 2375 2062 2429 Hic

394 2461 581 2533 primo
607 2463 943 2534 corrigimus
999 2461 1141 2533 quod
1196 2462 1496 2534 aliquando
1550 2480 1676 2517 cum
1719 2462 1935 2518 Socrate
1962 2478 2061 2518 nos

402 2549 608 2606 dixisse
642 2551 1020 2617 meminimus,
1079 2552 1264 2622 ipsum
1311 2568 1461 2606 anno
1516 2554 1812 2624 superiori,
1864 2567 2059 2623 nempe

402 2639 777 2694 trecentesimo
825 2642 1225 2711 septuagesimo
1284 2640 1486 2712 primo,
1546 2640 1865 2711 defunctum
1924 2656 2053 2696 esse.

402 2732 577 2783 Porro
606 2743 733 2783 cum
756 2732 957 2784 constet
989 2744 1135 2783 anno
1186 2731 1436 2801 sequenti
1482 2747 1517 2784 a
1544 2730 1768 2786 Nicteno
1799 2730 2054 2797 consilio,

402 2831 595 2888 nempe
644 2817 868 2874 Domini
918 2819 1291 2874 trecentesimo
1345 2819 1604 2875 vicesimo
1655 2827 1830 2886 sexto,
1886 2820 2058 2889 fuisse

401 2912 648 2961 creatum
699 2907 1011 2978 episcopum
1052 2906 1535 2968 Alexandrinum;
1591 2905 1662 2961 ad
1720 2907 1863 2961 hunc
1891 2922 2060 2978 usque

401 3009 616 3051 annum
668 2996 906 3065 oportuit
947 2996 1306 3066 pervenisse;
1366 2993 1493 3049 licet
1549 2994 1697 3066 apud
1739 2995 2060 3067 Hieronymi

401 3082 726 3139 Chronicon
757 3099 905 3139 anno
932 3085 1184 3155 sequenti
1227 3087 1473 3156 ponatur
1498 3084 1810 3140 substitutio
1841 3099 2055 3140 succes-

399 3172 654 3229 soritha
681 3171 1006 3228 Baronius:
1040 3174 1210 3244 cujus
1268 3176 1464 3228 tamen
1504 3171 1747 3228 calculis
1782 3172 2056 3244 Hierony-

399 3276 565 3334 mum
595 3260 772 3317 etiam
804 3261 1129 3331 concinere,
1163 3277 1333 3317 secus
1373 3265 1548 3333 atque
1575 3261 1690 3334 ipsi
1719 3262 1912 3317 visum
1943 3265 2053 3331 est,

398 3348 645 3406 inferius
672 3348 1204 3406 monstrabo.ldem
1224 3350 1314 3404 vir
1343 3354 1705 3422 purpuratus
1736 3355 2051 3423 postquam

392 3439 582 3509 Ruﬁni
634 3442 762 3494 tum
823 3438 883 3493 in
942 3439 1184 3512 [Egypto
1215 3454 1349 3494 cum
1380 3439 1619 3495 Melania
1651 3442 1963 3510 versantia,
1995 3442 2053 3494 et

392 3525 591 3600 Cyrilli
620 3542 855 3600 quoque
887 3526 1259 3583 Alexandrini
1292 3528 1633 3583 testimonia
1663 3528 1735 3582 de
1775 3527 1947 3583 annis
1978 3528 2050 3583 ab

390 3614 709 3672 Athanasio
740 3615 799 3670 in
839 3615 1181 3688 episcopatu
1210 3616 1547 3687 transactis,
1582 3615 1905 3683 recitasset,
1941 3615 2053 3686 Cy-

393 3704 586 3759 rillum
614 3704 732 3761 haec
782 3706 973 3760 omnia
1025 3703 1487 3774 exploratissimo
1543 3703 1799 3759 habuisse
1847 3702 2053 3759 merito

394 3796 611 3859 censet,
644 3797 826 3865 utpote
880 3792 1122 3860 eiusdem
1178 3794 1443 3851 Ecclesia
1496 3795 1848 3865 episcopum;
1876 3797 2053 3865 atque

393 3880 532 3936 hinc
557 3881 834 3937 mendacii
880 3882 1188 3941 .Socratem
1248 3880 1460 3953 arguit,
1521 3882 1790 3953 quicum
1830 3882 2055 3938 totidem

394 3969 514 4041 ejus
539 3970 686 4026 sedis
732 3985 906 4026 annos
954 3970 1255 4026 Athanasio
1299 3972 1530 4038 tribuat,
1562 3970 1845 4027 decessisse
1872 3974 2055 4027 tamen

394 4060 476 4116 ait
503 4075 649 4115 anno
706 4060 1003 4130 superiori,
1056 4058 1314 4114 Gratiano
1371 4068 1422 4115 et
1478 4060 1654 4115 Probo
1701 4061 2053 4123 consulibus;

395 4164 737 4220 quanquam
759 4147 918 4203 haud
943 4164 1082 4204 sane
1107 4146 1420 4203 mentitum
1437 4149 1734 4209 Socratem
1758 4154 1898 4221 puto
1920 4150 2051 4205 :sed

340 4272 347 4280 ι
396 4237 639 4293 humani
668 4236 894 4309 aliquid
928 4240 1266 4309 passum,ut
1292 4236 1432 4293 viris
1453 4237 1625 4293 etiam
1660 4239 1914 4294 summis
1935 4255 2052 4294 non

397 4342 531 4383 raro
559 4326 985 4392 accidit,unum
1008 4342 1115 4398 par
1131 4326 1441 4382 consulum
1455 4326 1774 4383 oscitanter
1785 4344 1888 4399 pro
1916 4326 2048 4395 alio,

395 4414 585 4472 eidem
616 4414 1241 4488 proximo,sumpsisse
1270 4430 1385 4471 non
1414 4415 1739 4471 dubito.Ad
1768 4415 2051 4471 Proteria-

397 4521 534 4560 nam
564 4503 1099 4577 epistolam,quam,
1135 4508 1336 4577 utpote
1367 4520 1474 4561 suo
1507 4509 1768 4577 tempore
1799 4504 2052 4560 necdum

396 4593 634 4662 editam,
689 4593 975 4650 Baronius
1031 4610 1147 4650 non
1179 4593 1347 4663 vidit,
1400 4594 1774 4666 postmodum
1804 4596 2052 4650 reverte-

399 4697 553 4737 mur.

469 4806 621 4863 Sane
667 4810 874 4878 printer
929 4809 1196 4862 exactum
1245 4810 1304 4862 et
1358 4805 1714 4878 preﬂnitum
1755 4822 2044 4863 annorum

397 4911 735 4961 numerum,
769 4898 975 4951 caetera
1030 4895 1226 4950 omnia
1255 4894 1393 4950 huic
1437 4896 1503 4950 A.
1563 4894 1629 4951 D.
1672 4895 1778 4949 372
1810 4911 2049 4967 prorsus

397 4983 774 5053 conveniunt,
808 5000 935 5055 quae
966 4999 1155 5054 neque
1181 4984 1247 5038 A.
1282 4983 1692 5055 D.371,neque
1721 4985 1827 5039 373
1858 4983 2047 5057 aptari

398 5073 518 5130 ullo
548 5074 722 5129 modo
754 5075 1020 5145 possunt,
1054 5075 1120 5127 ut
1149 5072 1347 5127 statim
1380 5061 1561 5128 viliri
1591 5074 1895 5129 sumus.Et
1925 5073 2048 5144 pri-

397 5179 561 5219 mum
584 5160 729 5217 illud
761 5159 1114 5233 peculiarem
1129 5160 1593 5216 observationem
1609 5161 2049 5233 meretur,quod

397 5267 516 5308 non
545 5250 737 5308 solum
766 5249 981 5322 Pagius
1000 5252 1066 5303 A.
1088 5249 1157 5304 D.
1187 5249 1314 5318 372,
1339 5251 1367 5317 §
1399 5250 1591 5318 13,sed
1622 5250 1800 5306 etiam
1837 5254 2052 5305 Monte-

399 5339 685 5397 falconius
715 5355 848 5411 pag.
914 5338 1003 5406 41,
1062 5354 1178 5393 uno
1206 5353 1305 5395 ore
1334 5337 1707 5407 confirmant,
1769 5339 2051 5395 Ruﬁnum

402 5427 623 5484 scilicet
651 5444 719 5484 ac
747 5426 1076 5493 Melaniam,
1110 5425 1210 5498 qui
1244 5433 1310 5481 A.
1346 5431 1410 5481 D.
1443 5426 1570 5493 371,
1603 5428 1894 5496 ingruente
1938 5427 2050 5497 iam

403 5516 601 5580 hieme,
666 5532 736 5571 ex
801 5514 1135 5586 Hieronymi
1198 5512 1446 5586 epistola
1481 5516 1571 5587 22,
1642 5514 1786 5570 alias
1850 5516 1940 5581 25,
1990 5514 2050 5569 in

403 5602 772 5661 Palaestinam
803 5604 1136 5676 profecturi,
1168 5620 1238 5659 ex
1287 5604 1437 5660 Urbe
1474 5604 1885 5672 discesserant,
1918 5603 2051 5661 Ale-

400 5691 658 5750 xandriae
687 5691 845 5749 visos
902 5698 968 5747 A.
1024 5697 1084 5747 D.
1146 5692 1271 5761 372,
1305 5709 1419 5766 quo
1470 5692 1718 5750 Melania
1745 5694 1819 5750 ab
1850 5698 2051 5750 sancto

404 5780 721 5841 Athanasio
776 5780 927 5857 pelle
980 5781 1153 5839 ovina
1189 5781 1405 5840 donata
1449 5788 1747 5856 est,quam
1777 5784 1962 5859 hyena
1990 5784 2052 5840 in

2174 2023 2300 2079 811.
2331 2023 2553 2088 Alium,
2587 2023 2687 2078 sed
2719 2021 2975 2078 similem
3007 2026 3304 2090 eventum,
3337 2020 3588 2076 Ruﬁnus
3617 2021 3692 2075 de
3720 2019 3843 2075 Ma-

2167 2111 2326 2167 cario
2359 2115 2562 2166 narrat
2594 2111 2696 2166 lib.
2728 2128 2807 2183 x1,
2842 2126 2970 2182 cap.
3005 2111 3057 2165 4.
3090 2108 3287 2166 Alium
3314 2109 3454 2165 item
3483 2108 3555 2165 de
3576 2108 3691 2164 alio
3715 2123 3842 2164 mo-

2170 2200 2365 2256 nacho
2389 2199 2686 2271 Sulpicius
2706 2199 2765 2254 in
2805 2198 3049 2271 Dialogo
3081 2216 3122 2266 ι,
3154 2215 3282 2270 cap.
3313 2198 3369 2266 9,
3410 2196 3606 2253 locum
3636 2195 3833 2255 Palla-

2168 2289 2250 2345 dii
2279 2305 2464 2362 nuper
2494 2288 2817 2343 adductum
2850 2288 2921 2343 ad
2945 2291 3202 2343 mentem
3224 2286 3386 2359 Pagii
3422 2302 3492 2341 ex
3521 2284 3828 2341 codicibus

2168 2394 2313 2434 mss.
2348 2381 2551 2450 postea
2580 2377 2841 2433 restituit
2867 2374 3356 2433 Montefalconius
3386 2389 3523 2448 pag.
3558 2375 3648 2431 40.

2239 2589 2333 2645 ΙΙΙ.
2376 2590 2615 2645 Constat
2643 2605 2781 2662 ergo
2837 2589 3153 2656 Melaniam,
3210 2588 3339 2659 ipsa
3388 2587 3627 2643 Melania
3655 2585 3815 2659 apud

2167 2677 2491 2734 Palladium
2522 2695 2699 2734 suum
2720 2677 3119 2735 necessarium
3142 2679 3439 2742 narrante,
3463 2674 3674 2748 pellem
3700 2674 3821 2731 ovi-

2166 2783 2303 2823 nam
2335 2766 2630 2839 accepisse
2651 2767 2723 2822 ab
2743 2766 3081 2821 Athanasio.
3106 2764 3268 2820 Hanc
3287 2767 3485 2819 tamen
3518 2761 3818 2833 accepisse

2166 2872 2282 2911 non
2315 2855 2529 2927 potuit,
2554 2855 2669 2910 nisi
2693 2860 2760 2909 A.
2786 2854 2852 2910 D.
2877 2854 3002 2922 372,
3026 2869 3143 2925 quo
3181 2855 3493 2924 Egyptum
3533 2849 3814 2917 intravit;

2167 2961 2303 2999 nam
2327 2948 2473 3001 teste
2496 2943 2778 3011 Palladio,
2801 2959 2907 3015 cap
2935 2942 3059 3010 H7,
3092 2958 3194 2997 sex
3237 2955 3471 2996 menses
3491 2942 3724 2995 tantum
3757 2938 3817 2993 in

2166 3033 2408 3105 Egypto
2435 3036 2661 3088 morata
2690 3036 2797 3087 est.
2820 3031 2891 3086 Et
2912 3029 3412 3103 quemadmodum
3434 3028 3665 3084 Marcus
3686 3042 3820 3083 mo—

2166 3123 2388 3178 riturus
2418 3120 2628 3193 pellem
2661 3119 2984 3176 Athanasio
3040 3118 3377 3192 reliquerat,
3433 3115 3517 3172 ita
3552 3120 3610 3172 et
3635 3115 3817 3171 Atha-

2165 3212 2398 3267 nasium
2425 3208 2660 3265 nonnisi
2682 3209 3035 3265 moriturum
3067 3208 3272 3263 eodem
3292 3208 3357 3262 A.
3400 3210 3465 3261 D.
3505 3205 3612 3261 372
3637 3203 3816 3260 Mela-

2166 3299 2276 3357 niae
2300 3298 2464 3354 illam
2488 3297 2795 3368 reliquisse
2820 3314 2925 3370 pro
2946 3300 3103 3353 certo
3130 3295 3339 3351 habeo.
3358 3294 3479 3349 Cur
3505 3293 3663 3350 enim
3693 3296 3811 3348 tam

2166 3390 2280 3446 cito
2311 3391 2626 3460 antequam
2677 3389 3004 3443 moreretur
3050 3386 3337 3457 pretiosas
3365 3382 3603 3439 exuvias
3630 3398 3666 3438 a
3689 3380 3815 3436 viro

2161 3482 2365 3533 sancto
2389 3474 2703 3549 postremis
2725 3473 2943 3530 tabulis
2978 3473 3100 3530 sibi
3142 3471 3398 3541 relictas,
3449 3470 3506 3526 in
3534 3472 3813 3526 matrona:

2158 3564 2412 3637 insignis
2461 3562 2720 3636 quidem,
2782 3562 2883 3618 sed
2943 3559 3284 3635 peregrinae,
3318 3563 3376 3615 et
3429 3558 3671 3615 vixdum
3700 3557 3814 3613 sibi

2160 3655 2412 3710 fortasse
2442 3656 2590 3707 notas
2621 3644 3058 3723 possessionem
3113 3647 3433 3705 transferre
3488 3645 3815 3703 voluisset?

2161 3742 2335 3798 Aliud
2365 3742 2425 3796 in
2457 3741 2566 3796 hac
2598 3738 3029 3812 disceptatione
3082 3736 3350 3793 validum
3392 3740 3812 3809 argumentum

2162 3830 2423 3904 suppetit
2449 3846 2519 3885 ex
2549 3828 2782 3897 Ruﬁno,
2813 3827 2874 3883 in
2906 3844 2967 3883 re
2997 3842 3174 3899 quam
3205 3824 3369 3892 vidit,
3419 3824 3534 3881 ﬁde
3590 3824 3817 3897 dignis-

2160 3919 2351 3987 simo;
2386 3918 2437 3974 is
2467 3917 2623 3974 enirn
2655 3917 2715 3972 in
2746 3916 2849 3972 lih.
2881 3933 2958 3987 ιι,
2992 3932 3120 3988 cap.
3154 3915 3210 3982 2,
3244 3918 3302 3970 et
3328 3913 3654 3979 3testatur,
3679 3912 3812 3969 Ale-

2160 4008 2415 4064 xandriae
2444 4022 2730 4061 commuo
2758 4014 2875 4078 post
2923 4005 3215 4061 Athanasii
3265 4002 3474 4059 obitum
3530 4018 3814 4075 persecu-

2162 4097 2383 4153 tionem
2413 4094 2473 4149 in
2501 4093 2827 4150 Catholicos
2853 4093 3163 4150 excitatam
3194 4093 3267 4147 ab
3299 4091 3553 4159 Arianis,
3584 4090 3809 4163 quibus

2162 4183 2376 4240 Valens
2403 4185 2707 4255 Augustus
2738 4183 2987 4251 favebat,
3020 4183 3245 4237 Tatiano
3276 4178 3634 4236 Alexandria:
3659 4193 3813 4251 prz-

2159 4274 2406 4329 sidente:
2440 4272 2597 4343 quod
2633 4271 2872 4327 nonnisi
2902 4277 2971 4325 Α.
3005 4270 3071 4325 D.
3105 4270 3212 4324 372
3236 4270 3574 4341 contingere
3601 4266 3816 4343 potuit.

2163 4361 2391 4418 Etenim
2422 4377 2576 4415 anno
2607 4360 2874 4431 sequenti
2905 4360 3030 4427 373,
3068 4374 3180 4414 non
3234 4356 3493 4429 amplius
3533 4358 3818 4423 Tatianus,

2163 4452 2265 4507 sed
2294 4450 2609 4520 Palladius,
2634 4449 2736 4521 qui
2758 4447 3023 4504 eidemin
3048 4446 3394 4519 praefectura
3429 4445 3659 4518 Egypti
3682 4462 3820 4503 suc-

2163 4543 2434 4604 cesserat,
2459 4536 2821 4594 Alexandriae
2847 4536 3219 4609 praesidebat,
3241 4551 3311 4590 ex
3347 4534 3583 4591 Socrate
3604 4533 3707 4590 lib.
3730 4551 3811 4606 ιν,

2162 4646 2289 4701 cap.
2320 4630 2411 4697 20,
2443 4632 2501 4684 et
2529 4644 2599 4683 ex
2622 4626 2984 4682 Theodoreto
3011 4624 3115 4680 lib.
3178 4640 3252 4693 IV,
3313 4639 3422 4696 cap
3477 4624 3551 4678 22
3580 4623 3817 4695 Rufinus

2084 4696 2129 4762 Ῑ)
2160 4696 2332 4792 porro
2360 4696 2596 4774 omnem
2627 4715 2737 4770 hac
2766 4715 2827 4770 in
2858 4729 3039 4770 causa
3066 4712 3493 4768 dubitationem
3524 4710 3818 4783 convellit,

2156 4809 2299 4864 dum
2330 4805 2669 4878 praefectum
2728 4802 3015 4870 nominat,
3072 4801 3184 4856 sub
3215 4817 3328 4872 quo
3378 4816 3669 4856 commeo
3693 4804 3822 4873 post

2155 4895 2450 4954 Athanasii
2474 4894 2681 4949 obitum
2710 4908 2780 4948 ea
2837 4890 3165 4964 persecutio
3224 4889 3482 4946 exarsit:
3519 4889 3579 4943 in
3612 4905 3733 4961 qua
3762 4892 3824 4947 et

2156 4985 2407 5058 ipsemet
2438 4982 2664 5051 Ruﬁnus
2720 4979 2927 5037 exsilia
2982 4982 3040 5034 et
3102 4993 3363 5035 carceres
3394 4977 3618 5047 subiit;
3661 4978 3823 5035 unde

2157 5072 2276 5130 ait:
2312 5071 2439 5139 qu
2466 5084 2716 5143 praesens
2741 5069 3116 5142 vmr,loguor;
3146 5071 3199 5124 et
3227 5082 3420 5123 eorum
3437 5074 3590 5138 gesta
3608 5068 3814 5138 refero,

2159 5176 2398 5234 quorum
2420 5160 2772 5233 passionibus
2799 5159 2979 5214 socius
3019 5172 3137 5213 esse
3161 5157 3470 5228 promerui.
3505 5154 3818 5211 Melaniam

2159 5250 2220 5305 in
2249 5249 2361 5305 hac
2382 5249 2585 5305 eadem
2613 5246 3334 5321 persecutione,commuo
3355 5247 3491 5318 post
3510 5242 3819 5301 Athanasii

2159 5338 2387 5395 obitum
2417 5337 2689 5406 conﬂata,
2722 5336 2879 5392 intra
2901 5335 3034 5393 illos
3061 5350 3158 5392 sex
3185 5349 3417 5404 menses,
3450 5349 3600 5407 quos
3629 5332 3693 5389 in
3721 5332 3821 5389 E-

2160 5431 2337 5501 gypto
2366 5424 2656 5499 transegit
2682 5427 2750 5481 A.
2784 5424 2850 5481 D.
2883 5425 3010 5494 372,
3060 5424 3295 5498 fugatos
3332 5426 3391 5480 et
3419 5420 3820 5496 apprehensos

2160 5516 2426 5587 fovendo,
2458 5513 2794 5571 Christiana
2843 5512 3058 5569 virtute
3108 5510 3476 5579 excelluisse,
3518 5513 3819 5569 auctorem

2160 5605 2347 5662 habeo
2378 5603 2689 5661 Paulinum
2713 5601 3027 5673 Nolanum,
3050 5600 3154 5674 qui
3182 5600 3356 5673 epist.
3387 5599 3461 5655 29
3489 5597 3637 5656 alias
3669 5599 3760 5671 10,
3792 5601 3823 5669 §

2164 5695 2252 5763 11,
2282 5693 2405 5750 hac
2434 5710 2552 5750 non
2582 5691 2978 5765 perfunctorie
3030 5689 3279 5764 legenda
3307 5687 3515 5747 scribit
3544 5686 3621 5743 ad
3650 5687 3823 5745 Seve-

2164 5799 2297 5842 rum
2328 5781 2697 5857 Sulpicium:
2728 5781 2805 5839 De
2829 5780 3023 5839 multis
3066 5782 3269 5865 tamen
3303 5778 3368 5835 in
3394 5770 3500 5836 illa
3524 5774 3823 5853 (Melania)
