4146 6386
1332 464 1435 527 DE
1478 464 1696 529 ANNO
1738 461 2198 529 EMORTUALI
2241 462 2306 527 S.
2352 465 2804 531 ATHANASII.

3622 484 3767 536 CCLV

348 595 654 654 virtutibus
702 598 821 667 Dei,
872 614 1044 655 unam
1099 600 1315 668 saltem,
1366 600 1430 655 de
1485 617 1591 671 qua
1646 602 1765 671 ejus
1820 602 2006 655 omnia
2036 598 2256 667 Aviit;
2290 601 2581 671 posterius
2612 618 2746 656 vero
2778 600 3094 669 Palladius,
3123 602 3247 675 'qui
3301 604 3768 676 persecutionem

350 688 702 744 aestimentur
729 706 913 759 opera,
939 689 1254 761 praedicabo
1282 692 1567 761 :Tempore
1610 691 1706 745 illo
1743 690 2000 758 Valentis,

350 778 573 848 quando
604 779 1028 833 Ecclesiam.Dei
1080 782 1194 834 vivi
1247 781 1412 850 furor
1468 780 1825 848 Arianorum,
1884 795 2006 849 rege

348 869 467 937 ipso
526 868 827 937 impietatis
884 869 1141 936 satellite,
1198 870 1647 940 persequebatur,
1700 869 1814 923 hac
1889 872 2006 922 erat

345 957 603 1027 princeps
632 957 720 1011 vel
749 959 1022 1028 particeps
1068 960 1276 1014 cunctis
1323 974 1422 1029 pro
1482 958 1585 1027 ﬁde
1643 959 2002 1012 instantibus.

349 1047 479 1103 Haec
506 1048 732 1117 fugatos
781 1047 1093 1117 recipiebat,
1154 1051 1248 1102 aut
1304 1047 1667 1118 apprehensos
1707 1048 2005 1101 comitaba-

350 1148 461 1197 tur.
498 1142 601 1197 Sed
628 1159 752 1198 cum
781 1159 868 1199 eos
898 1146 1184 1214 recepisset
1215 1146 1271 1198 in
1301 1145 1594 1210 latebram,
1646 1145 1743 1214 qui
1791 1150 2009 1214 propter

350 1234 631 1303 insignem
660 1232 822 1303 ﬁdem
845 1235 1053 1304 majore
1081 1237 1133 1287 et
1163 1235 1544 1290 haereticorum
1595 1233 1718 1288 odio
1777 1235 2005 1304 infesta-

354 1322 577 1391 bantur,
611 1332 666 1377 et
705 1324 1099 1378 occultantium
1127 1324 1512 1392 detegebantur
1544 1323 1779 1385 invidia,
1841 1324 2007 1391 gravi

350 1418 483 1465 tunc
510 1411 773 1467 seditione
818 1411 1103 1467 diabolz’cis
1149 1413 1363 1483 facibus
1418 1414 1781 1481 inﬂammata,
1843 1412 2008 1482 quasi

351 1509 542 1557 contra
572 1501 744 1572 legem
767 1501 1047 1571 publicam
1083 1505 1381 1557 contumax
1436 1501 1707 1572 protrahi,
1771 1518 1834 1556 ac
1887 1502 2008 1571 pati

340 1592 501 1662 jussu
532 1594 630 1657 est,
660 1606 783 1661 quae
811 1591 935 1646 illos
963 1593 1277 1656 manebant,
1318 1592 1432 1646 nisi
1487 1591 1719 1661 prodere
1765 1590 2006 1644 maluis-

349 1684 448 1735 set.
482 1681 756 1735 Processit
806 1680 1080 1751 impavide
1119 1680 1318 1751 cupida
1358 1681 1640 1752 passionis
1690 1684 1744 1733 et
1796 1679 2010 1749 injuria

343 1770 742 1841 publicationis
794 1768 1109 1839 exsultans,
1158 1771 1406 1840 quamvis
1462 1785 1571 1825 non
1654 1770 2013 1839 exspectasset

347 1868 519 1937 trahi,
551 1874 819 1923 tracturos
851 1868 1162 1922 antevolam
1186 1867 1256 1922 ad
1275 1866 1554 1939 judicem:
1604 1868 1701 1937 qui
1755 1868 2013 1936 confusus

347 1958 701 2011 veneratione
727 1958 1044 2028 praesentis,
1076 1973 1187 2011 non
1213 1959 1494 2012 exsecutus
1551 1960 1631 2011 est
1670 1955 2012 2025 inﬁdelitatis
2040 1970 2088 2034 B

349 2046 527 2111 iram,
560 2045 694 2099 dum
723 2044 853 2114 ﬁdei
884 2047 1127 2099 miratur
1176 2045 1490 2100 audaciam-
1542 2045 1671 2099 Hac
1728 2043 2008 2099 Paulinus

334 2118 423 2188 'de
456 2133 721 2202 Melania,
783 2134 841 2189 in
899 2138 1042 2189 astu
1101 2134 1505 2189 Alexandrina
1580 2132 2009 2205 persecutionis

350 2222 648 2294 intrepida
677 2239 689 2277 :
727 2239 855 2294 qua
889 2222 1094 2295 Latine
1118 2222 1331 2278 referre
1363 2223 1555 2277 visum
1587 2226 1694 2287 est,
1746 2224 2008 2292 propter-

352 2327 425 2367 ea
454 2312 612 2383 quod
644 2310 899 2367 multum
952 2311 1022 2365 ad
1057 2310 1165 2367 hoc
1236 2314 1650 2383 argumentum
1708 2308 2007 2363 iliustran-

352 2401 502 2456 dum
534 2401 795 2456 conferre
827 2400 1155 2455 videantur.
1188 2400 1271 2455 Ne
1299 2416 1433 2455 vere
1463 2399 1608 2455 alios
1639 2415 1814 2470 quam
1848 2398 2011 2469 tEgy-

355 2488 513 2561 ptios
543 2489 615 2544 ab
639 2492 879 2544 strenua
904 2488 1146 2543 muliere
1176 2489 1407 2559 adjutos
1436 2487 1859 2559 intelligamus,
1891 2486 2013 2540 hac

360 2586 626 2643 Nolanus
658 2587 901 2643 antistes
935 2586 1012 2641 ibi
1042 2586 1243 2641 statim
1276 2586 1618 2658 subjungit:
1656 2585 1858 2641 Eadem
1876 2588 2011 2639 tem-

356 2680 569 2747 pestate
582 2691 682 2746 per
710 2676 961 2731 triduum
988 2678 1229 2747 quinque
1264 2675 1456 2730 millia
1502 2675 1893 2731 monachorum
1932 2675 2012 2728 la-

360 2764 601 2819 tentium
616 2765 854 2836 panibus
873 2766 993 2820 suis
1010 2766 1186 2835 pavit.
1208 2764 1287 2819 De
1309 2764 1611 2819 monachis
1623 2764 1840 2834 Nitria,
1872 2768 2014 2817 tunc

360 2856 499 2924 post
526 2853 681 2908 cives
713 2852 1138 2908 Alexandrinos
1176 2852 1248 2907 ab
1277 2853 1482 2908 eadem
1541 2852 1798 2924 procella
1855 2868 2013 2908 com-

359 2941 606 3012 pressis,
639 2942 762 3015 agit
782 2942 1030 2998 Ruﬁnus
1062 2941 1121 2997 in
1152 2940 1277 2996 loco
1310 2958 1343 2996 a
1372 2942 1543 2997 nobis
1566 2941 1839 3014 superius
1870 2940 2015 2996 indi-

358 3034 514 3086 cato.

435 3261 719 3317 Tatianus
743 3275 944 3316 mense
974 3260 1123 3316 Maio
1153 3267 1222 3316 A.
1276 3261 1341 3316 D.
1392 3262 1518 3329 367,
1572 3262 1814 3333 Aﬂgypto
1866 3278 2010 3332 pra-

358 3355 509 3417 erat,
543 3367 611 3406 ex
632 3350 984 3407 Gothofredo
1041 3348 1101 3404 in
1146 3349 1533 3422 Chronologia
1586 3350 1805 3405 codicis
1859 3349 2007 3403 The-

356 3439 644 3507 odosiani,
707 3456 840 3512 pag.
902 3440 991 3493 70.
1052 3440 1269 3494 Auctor
1355 3439 1687 3512 Farraginis
1769 3438 2010 3494 Alexan-

356 3529 542 3584 drina
574 3528 775 3585 testari
802 3527 1033 3582 videtur
1062 3526 1379 3582 Tatianum
1411 3529 1653 3600 {Egypto
1708 3527 2009 3601 prafuisse

354 3642 466 3700 per
495 3627 941 3699 quadriennium,
976 3626 1198 3683 scilicet
1221 3627 1537 3699 integrum,
1601 3643 1714 3681 non
1772 3642 2010 3697 compu-

355 3719 482 3771 tato
503 3715 692 3787 primo
724 3732 900 3784 anno,
922 3733 1037 3788 quo
1069 3716 1243 3789 coepit
1269 3734 1282 3783 ;
1318 3732 1506 3787 neque
1565 3715 1792 3780 ultimo,
1852 3714 2008 3769 haud

354 3805 610 3875 integro,
641 3821 758 3877 quo
789 3805 1193 3876 praefecturam
1224 3805 1397 3871 ﬁniit,
1433 3805 2010 3876 fortasse,propterea

356 3908 477 3965 quo
507 3892 589 3947 illi
623 3894 738 3948 duo
770 3893 909 3949 anni
942 3893 1098 3965 pleni
1130 3911 1247 3950 non
1277 3898 1515 3961 essent;
1575 3893 1694 3950 sive
1752 3892 2008 3965 primum

355 3990 672 4058 decessori,
694 3990 974 4045 ultimum
992 3990 1317 4046 successori
1341 3989 1534 4062 potius
1559 3988 1876 4061 reliquerit.
1901 3990 2007 4045 Sed

352 4078 517 4134 idem
550 4083 755 4135 auctor
798 4079 887 4135 vel
946 4079 1293 4147 sarcinator,
1354 4083 1555 4150 utpote
1614 4080 1896 4135 confusus
1954 4083 2010 4134 et

352 4168 669 4239 barbarus,
703 4184 918 4239 magna
946 4167 1075 4223 luce
1106 4185 1222 4224 non
1256 4185 1385 4224 raro
1418 4168 1659 4240 indiget,
1704 4172 1768 4222 ut
1822 4167 2008 4223 critici

353 4260 596 4313 norunt.
629 4257 724 4313 Ait
752 4261 947 4312 tamen
979 4257 1218 4325 diserte,
1254 4257 1364 4312 sub
1400 4258 1623 4313 Tatiano
1682 4258 2009 4329 Augustalio

351 4346 746 4404 Athanasium
770 4346 1188 4419 obiisse,eique
1210 4346 1525 4401 suffectum
1552 4349 1788 4402 Petrum
1817 4347 2006 4402 archi-

353 4444 788 4518 presbyterum.
821 4444 1110 4500 Eumdem
1164 4444 1477 4499 Tatianum
1507 4445 1571 4498 A.
1633 4449 1698 4499 Ι).
1755 4445 1879 4513 374,
1912 4462 2007 4500 ex-

353 4535 629 4607 prafecto
658 4532 887 4606 [Egypti
938 4532 1214 4589 comitem
1268 4548 1572 4587 sacrarum
1632 4533 2005 4605 largitionum

353 4623 645 4679 habemus
678 4622 734 4677 in
768 4620 1158 4694 Chronologia
1186 4620 1543 4677 Gothofredi.
1589 4638 1722 4693 pag.
1755 4621 1845 4690 93,
1903 4624 2004 4678 sed

352 4711 573 4766 iterum
604 4714 810 4783 postea
829 4727 933 4782 per
959 4710 1281 4766 triennium
1301 4714 1545 4781 Egypto
1576 4710 1807 4781 prafuit
1838 4712 1903 4765 A.
1937 4717 2000 4767 D.
2034 4709 2081 4772 D

352 4800 484 4867 374,
517 4800 641 4868 375,
674 4800 799 4866 376,
830 4800 901 4855 de
933 4816 1048 4871 quo
1078 4803 1282 4855 auctor
1310 4799 1643 4871 Farraginis
1664 4800 2004 4856 Alexandri-

354 4905 447 4944 na
480 4906 611 4961 pag.
632 4890 724 4955 84,
757 4888 856 4945 ubi
892 4893 1090 4944 tamen
1123 4888 1394 4944 consules
1428 4890 1695 4944 turbatos
1727 4905 1854 4945 esse
1903 4891 2003 4946 ob-

358 4981 551 5032 servat
582 4976 1154 5041 Gothofredus.Quia
1181 4994 1316 5032 vero
1347 4977 1407 5032 in
1440 4977 1644 5032 eadem
1667 4977 2002 5049 Farragine,

352 5065 583 5122 Modesto
612 5073 664 5122 et
709 5066 968 5121 Arintheo
1013 5082 1164 5121 coss.
1227 5065 1426 5121 statim
1486 5069 1618 5137 post
1666 5066 1999 5132 Tatianum,

352 5154 589 5210 Publius
618 5155 975 5227 Augustalius
1005 5155 1258 5210 occurrit
1287 5154 1467 5226 (quod
1526 5155 1772 5211 fortasse
1830 5155 2006 5211 fuerit

352 5250 600 5307 Palladii
632 5268 989 5324 pranomen,
1024 5251 1137 5307 nisi
1159 5268 1294 5307 cum
1326 5251 1504 5325 Pagio
1534 5253 1599 5307 A.
1633 5251 1700 5307 D.
1723 5253 1830 5307 472
1857 5252 1887 5325 §
1915 5254 1999 5322 12,

351 5339 677 5395 Palladium
706 5339 1020 5412 proPublio
1053 5338 1242 5411 legere
1272 5338 1592 5410 malimus),
1630 5338 1768 5394 hinc
1826 5340 2005 5395 disci-

353 5444 511 5496 mus,
546 5427 654 5485 hoc
687 5429 893 5485 eodem
922 5434 991 5483 A.
1017 5428 1084 5483 D.
1108 5428 1355 5499 372,quo
1378 5426 1557 5482 iidem
1579 5426 1852 5483 consules
1874 5445 2003 5500 pro-

352 5522 676 5573 cesserunt.
711 5518 1023 5573 Tatianum
1058 5532 1357 5589 egressum
1415 5518 1473 5570 et
1527 5515 1854 5571 Palladium
1911 5516 2003 5572 in-

348 5622 622 5679 gressum
643 5607 1053 5679 prafecturam
1073 5604 1302 5679 Egypti
1324 5604 1427 5673 ;ita
1452 5609 1518 5661 ut
1537 5604 1701 5675 prius
1720 5609 2002 5661 semestre

348 5704 614 5778 spatium
643 5704 946 5776 Tatianus,
980 5704 1081 5777 qui
1112 5703 1313 5760 statim
1335 5705 1468 5775 post
1492 5706 1791 5759 mortuum
1822 5704 2001 5760 Atha-

347 5793 825 5869 nasiumﬁmense
856 5792 1029 5867 Maio,
1060 5792 1121 5850 in
1151 5790 1478 5851 Catholicos
1495 5791 1881 5865 praferociter
1901 5809 2003 5850 sa-

2116 689 2189 743 ab
2216 689 2461 747 Tatiano
2493 690 2804 761 inceptam,
2866 691 3069 747 eadem
3125 696 3325 748 astate
3376 694 3762 766 continuavit,

2117 793 2210 832 res
2242 777 2661 835 Alexandrinas
2693 797 2795 851 pro
2826 779 3067 835 Valente
3098 784 3361 854 Augusto
3394 785 3768 855 supremiju—

2118 866 2273 921 dices
2294 868 2857 924 administraverint.
2886 871 3107 940 Agebat
3137 887 3203 925 eo
3234 876 3498 943 tempore
3552 874 3766 930 Valens

2116 954 2565 1025 Antiochia,ubi
2597 956 2985 1028 legemjussit
3014 958 3106 1013 die
3124 978 3227 1013 x111
3252 961 3385 1015 Maii
3416 978 3485 1015 ex
3506 962 3765 1018 Chrono-

2114 1042 2269 1114 logia
2290 1044 2649 1113 Gothofredi,
2676 1063 2806 1119 pag.
2830 1048 2919 1101 91.
2955 1049 3139 1111 Quare
3162 1054 3307 1103 teste
3321 1053 3553 1106 Socrate
3574 1051 3765 1121 lib.1v,

2115 1146 2243 1201 cap.
2301 1134 2390 1198 21,
2451 1133 2648 1189 Ariani
2705 1136 2906 1206 absque
2978 1152 3134 1191 mora
3209 1139 3550 1208 imperatori,
3636 1149 3769 1197 tunc

2118 1219 2428 1277 Antiochiae
2482 1226 2687 1292 agenti,
2717 1229 3049 1279 curaverunt
3076 1226 3505 1294 signiﬁcandam
3527 1229 3771 1284 Athana-

2114 1311 2187 1363 sii
2224 1315 2469 1365 mortem.
2501 1313 2655 1367 Idem
2691 1313 3003 1368 historicus
3036 1314 3155 1368 hac
3194 1319 3394 1386 postea
3454 1318 3767 1389 subjungit

2117 1398 2321 1453 PAUCIS
2354 1416 2556 1455 DIEBUS
2592 1404 2909 1473 inlerjectis,
2936 1404 3172 1457 Euzoius
3204 1405 3770 1463 Anthiochenasedis

2112 1487 2283 1542 simul
2301 1498 2356 1543 et
2370 1489 2637 1545 haereseos
2668 1491 2903 1547 Arianae
2923 1508 3153 1563 prases,
3171 1496 3451 1565 temporis
3477 1498 3770 1553 occasione

2114 1585 2371 1647 captata,
2396 1581 2649 1633 decrevit
2679 1582 2764 1634 ire
2793 1581 3229 1649 Alexandriam,
3253 1583 3341 1637 uti
3379 1584 3771 1640 administra-

2118 1665 2331 1721 tionem
2344 1668 2743 1723 Ecclesiarum
2764 1669 3152 1727 ibidemLucio
3170 1674 3388 1740 pariter
3415 1673 3626 1729 Ariano
3639 1683 3767 1731 tra-

2120 1754 2305 1810 deret.

2192 1996 2285 2052 IV.
2318 2001 2451 2054 Hrec
2474 2001 2596 2053 sine
2618 2018 2781 2055 mora
2809 2010 2865 2057 et
2888 2003 3082 2073 paucis
3137 2003 3455 2077 interjectis
3497 2006 3700 2063 diebus
3739 2025 3774 2063 a

2120 2091 2306 2142 morte
2338 2088 2640 2144 Athanasii
2702 2090 2826 2145 ﬁeri
2879 2092 3076 2146 omnia
3136 2110 3251 2148 non
3313 2094 3642 2166 potuissent
3697 2102 3766 2151 Α.

2124 2176 2184 2230 D.
2218 2176 2488 2247 373,quia
2518 2177 2732 2234 Valens
2762 2179 2953 2235 hieme
2984 2186 3210 2237 tantum
3233 2182 3412 2253 hujus
3435 2186 3573 2239 anni
3610 2202 3772 2241 man-

2120 2263 2200 2319 sit
2256 2266 2617 2335 Antiochia;
2677 2272 2935 2323 aetatem
2998 2285 3152 2334 vero,
3212 2288 3330 2342 qua
3409 2275 3771 2330 Athanasius

2121 2351 2381 2421 obiisset,
2414 2371 2529 2409 non
2563 2355 2904 2425 Antiochia,
2937 2358 3039 2412 sed
3071 2356 3272 2428 procul
3313 2360 3372 2413 in
3431 2360 3581 2417 bello
3638 2379 3773 2417 con-

2120 2444 2212 2496 tra
2234 2442 2513 2514 Saporem
2546 2448 2855 2499 Persarum
2908 2462 3102 2517 regem
3137 2446 3410 2513 traduxit,
3442 2464 3471 2503 e
3528 2466 3644 2522 quo
3687 2451 3771 2505 vi-

2123 2533 2247 2584 ctor
2278 2531 2640 2587 Antiochiam
2674 2534 2744 2588 ad
2778 2533 2987 2589 stativa
3017 2533 3262 2590 hiberna
3284 2539 3675 2594 remeavit.Ita
3703 2555 3773 2595 ex

2121 2619 2430 2674 Ammiano
2488 2624 2545 2675 et
2599 2622 2829 2677 Zosimo
2889 2621 3327 2688 Tillemontius,
3358 2629 3501 2681 tom.
3534 2626 3583 2680 V
3624 2631 3769 2684 Hist.

2122 2709 2536 2779 imperatorum,
2599 2726 2731 2781 pag.
2796 2712 2917 2766 105.
2979 2711 3165 2774 Quare
3211 2712 3427 2769 Valens
3465 2717 3530 2771 A.
3564 2716 3631 2772 D.
3666 2718 3774 2773 372

2123 2801 2384 2853 astatem
2415 2815 2594 2871 agens
2626 2799 2942 2855 Antiochia
2966 2802 3239 2857 nuntium
3266 2804 3489 2875 accepit
3512 2805 3582 2861 de
3608 2823 3769 2863 mor-

2122 2888 2180 2941 te
2209 2885 3002 2961 Athanasii,imperavitque,
3063 2895 3127 2945 ut
3175 2895 3378 2946 auctor
3434 2898 3523 2950 est
3577 2900 3775 2951 Socra-

2122 2978 2233 3041 tes,
2288 2976 2498 3048 Magno
2550 2977 2750 3031 comiti
2787 2976 3165 3050 largitionum
3227 2984 3285 3035 et
3340 2980 3619 3048 Palladio,
3671 2983 3775 3054 qui

2123 3062 2446 3119 Tatianain
2481 3065 2822 3136 praefectura
2850 3067 3075 3138 [Egypti
3129 3073 3267 3122 tunc
3322 3086 3523 3125 recens
3568 3072 3773 3127 eodem

2123 3168 2275 3206 anno
2308 3154 2938 3224 successerat,utimpii
2972 3154 3167 3209 Euzoii
3201 3157 3565 3227 propositum
3588 3158 3772 3229 copiis

2123 3239 2476 3295 militaribus
2508 3242 2872 3311 adiuvarent.
2908 3246 2971 3296 In
3033 3242 3144 3297 hoc
3200 3243 3535 3299 Theodoriti
3593 3247 3769 3301 etiam

2041 3335 2083 3401 ί]
2122 3329 2523 3384 testimonium
2556 3331 2870 3397 concurrit,
2905 3331 3002 3400 qui
3036 3330 3137 3386 lib.
3171 3347 3246 3397 1v,
3280 3335 3521 3404 cap.21,
3565 3336 3765 3407 tradit,

2120 3423 2253 3489 post
2281 3418 2625 3474 collocatum
2661 3419 2717 3473 in
2753 3419 2961 3474 throno
2992 3419 3310 3490 pontiﬁcali
3347 3422 3599 3493 Petrum,
3632 3440 3767 3480 con-

2118 3507 2307 3581 festim
2338 3508 2643 3579 provincia
2673 3508 3008 3580 prafeetum
3067 3508 3413 3580 Palladium,
3465 3510 3765 3571 hominem

2119 3594 2280 3649 cultu
2316 3594 2704 3665 idololatram,
2757 3611 2890 3650 cum
2950 3594 3257 3666 gentilium
3316 3601 3374 3651 et
3428 3598 3767 3656 Judaorum

2118 3682 2408 3756 phalange
2438 3682 2744 3739 ecclesiam
2777 3683 3208 3739 Catholicorum
3265 3684 3535 3758 vallasse,
3564 3692 3651 3751 .ut
3705 3689 3763 3745 in

2118 3772 2354 3829 Petrum
2385 3789 2598 3828 manus
2627 3772 2909 3843 injiceret.

2190 4014 2258 4069 V.
2292 4012 2583 4069 Fortassis
2615 4013 2736 4069 hac
2766 4017 2887 4069 tam
2929 4013 3056 4069 fuse
3087 4015 3491 4087 persequendo
3544 4015 3766 4073 nimius

2118 4103 2355 4169 videar;
2382 4103 2484 4158 sed
2516 4106 2714 4159 tamen
2746 4104 2981 4175 quando
3012 4103 3127 4159 huc
3158 4105 3423 4176 pervenit
3448 4105 3765 4177 oratio,no-

2116 4210 2254 4249 vum
2282 4192 2473 4247 adhuc
2504 4193 2684 4247 robur
2713 4208 2783 4247 ex
2812 4198 3015 4248 sancto
3047 4192 3399 4266 Hieronymo
3423 4194 3763 4267 adjungam,

2119 4282 2190 4338 de
2220 4298 2335 4353 quo
2367 4286 2797 4354 peropportune
2826 4298 2919 4336 me
2940 4288 3182 4338 monent
3240 4282 3339 4353 qui
3398 4284 3524 4353 ejus
3566 4288 3765 4339 aucto-

2117 4371 2350 4427 ritatem
2381 4369 2469 4425 vel
2500 4375 2719 4425 temere
2775 4370 3021 4437 elevant,
3068 4370 3155 4426 vel
3204 4388 3507 4443 perperam
3559 4372 3761 4429 citant.

2118 4461 2503 4533 Hieronymus
2536 4476 2672 4531 ergo
2705 4460 2761 4513 in
2790 4459 3073 4514 Chronico
3104 4460 3430 4515 Eusebiano
3463 4461 3534 4515 ab
3559 4478 3620 4516 se
3663 4479 3765 4516 au-

2118 4550 2365 4605 ctoPetri
2385 4549 2702 4603 Athanasio
2727 4548 2954 4602 sull‘ecti
2981 4548 3410 4603 ordinationem
3428 4549 3637 4604 statuit
3650 4550 3762 4604 sub

2118 4656 2271 4694 anno
2330 4635 2747 4709 IOlympiadis
2797 4638 2923 4705 288,
2982 4636 3075 4690 cui
3125 4637 3477 4708 respondere
3552 4642 3764 4709 putant

2114 4743 2336 4784 annum
2367 4726 2788 4797 Dionysianum
2812 4726 2951 4793 373;
2985 4730 3159 4797 atque
3189 4724 3327 4780 hinc
3378 4727 3463 4793 fit,
3523 4730 3588 4781 ut
3645 4743 3764 4783 cer-

2113 4820 2305 4871 tantes
2330 4833 2432 4888 pro
2464 4832 2616 4870 anno
2647 4814 2957 4870 emortuali
2985 4816 3110 4881 371,
3139 4814 3475 4887 Hieronymi
3515 4815 3762 4872 chrono-

2113 4905 2335 4978 logicos
2365 4921 2618 4960 canones
2642 4904 2885 4974 insuper
2906 4904 3159 4958 habeant
3184 4920 3195 4959 :
3217 4904 3319 4974 qui
3346 4920 3481 4959 vero
3499 4910 3765 4977 pugnant

2113 5012 2218 5067 pro
2248 5001 2318 5048 A.
2352 4994 2418 5049 D.
2456 4994 2581 5060 373,
2624 4992 2859 5047 illorum
2895 5009 2955 5048 se
2985 4993 3254 5065 prasidio
3314 4997 3609 5048 tueantur.
3668 4994 3762 5051 Sic

2112 5100 2283 5157 porro
2311 5082 2643 5154 Hieronymi
2666 5082 2982 5137 auctoritas
3011 5082 3231 5137 variam
3257 5081 3553 5137 fortunam
3580 5083 3760 5139 subit.

2111 5173 2223 5229 Sed
2244 5172 2353 5227 viri
2383 5172 2537 5227 docti
2572 5172 2643 5227 ad
2685 5170 2800 5226 alia
2845 5176 3225 5243 properantes
3279 5171 3761 5228 animadvertisse

2112 5261 2573 5334 haudquaquam
2606 5261 2897 5329 videntur,
2930 5261 3041 5316 sub
3074 5260 3175 5316 illo
3230 5260 3433 5315 eodem
3490 5278 3643 5317 anno
3697 5263 3758 5319 in

2111 5350 2395 5407 Chronico
2428 5349 2760 5405 Eusebiano
2785 5348 3070 5404 nonnulla
3120 5348 3255 5415 alia,
3314 5348 3467 5404 Petri
3525 5349 3758 5406 ordina-

2110 5439 2256 5495 tioni
2307 5440 2642 5509 conjuncta,
2705 5437 3045 5505 memoravi,
3105 5454 3231 5508 qua
3319 5442 3515 5494 tamen
3596 5439 3757 5496 nullo

2110 5533 2279 5599 pacto
2309 5527 2369 5581 in
2401 5529 2461 5582 A.
2496 5527 2563 5581 D.
2597 5528 2701 5581 373
2756 5526 2964 5597 conjici
3022 5530 3289 5596 possunt.
3354 5527 3485 5583 Hac
3545 5532 3610 5583 ut
3660 5546 3757 5584 ex-

2111 5614 3009 5688 ploratiuspatefiant,integrum
3032 5616 3364 5687 Hieronymi
3386 5616 3756 5684 laterculum,

2110 5707 2178 5759 ut
2198 5708 2427 5775 prostat
2473 5703 2831 5761 in'editione
2891 5702 3193 5776 Scaligeri,
3242 5703 3338 5759 hic
3398 5704 3562 5761 lubet
3616 5722 3757 5762 enu-

2112 5792 2323 5851 cloare.
