4146 6394
472 494 658 551 ὒΒῙΝῙ

1881 482 2504 553 PHOLEGOMENA.

1179 620 1542 685 Laterculus
1570 621 1861 684 Cbronici
1888 623 2249 697 Eusebiani,
2282 628 2535 682 auctore
2565 598 2779 682 sancto
2808 619 3212 701 Hieronymo.

2654 836 2697 889 Ι.

1501 963 1761 1019 Saxones
1793 961 1923 1018 caesi
1955 960 2215 1016 Deusone
2247 960 2308 1015 in
2339 960 2569 1030 regione
2603 960 2973 1016 Francorum.

1604 1365 2040 1419 descenderunt.

573 1469 627 1574 Ξῖ

667 1012 721 1059 ν

664 1062 705 1143 Ξ

664 1149 704 1214 Ξ

662 1244 714 1283 ο

662 1288 719 1375 Ξ

662 1378 701 1403 ω

661 1411 717 1445 ε.

660 1478 702 1571 Ξ

660 1576 702 1652 ἓ

660 1656 716 1791 ἓ

659 1821 716 1903 ἒ

657 1907 714 2007 (ἓ

656 2010 714 2131 Ξ.

1274 1009 1322 1055 >

1271 1064 1312 1145 Ξ

1271 1152 1311 1215 Ξ

1270 1243 1324 1288 >

1270 1296 1325 1389 Ξ

1269 1398 1325 1549 Ξῖ

1269 1578 1322 1613 to

1268 1615 1322 1739 ii

980 1008 1033 1056 >

977 1060 1018 1137 Ξ

977 1146 1018 1176 ε

977 1184 1015 1210 ω

976 1240 1032 1263 1-1

976 1286 1033 1350 9.

962 1354 1016 1390 s4

961 1396 1033 1509 -Ξ,

976 1514 1031 1603 ἔτ

975 1609 1014 1635 ω

976 1661 1030 1730 88

975 1733 1029 1786 9°

2629 1164 2699 1219 II.

1497 1292 1967 1361 Burgundionum
2011 1292 2295 1359 octoginta
2336 1288 2454 1344 fere
2496 1289 2697 1360 millia,
2726 1290 2872 1360 quod
2926 1304 3219 1360 nunquam
3272 1290 3485 1357 ANTE,
3518 1291 3587 1347 ad
3633 1291 3885 1349 Rhenum

2608 1565 2711 1619 III.

1492 1692 1796 1749 Clearchus
1826 1689 2125 1762 przel'ectus
2158 1688 2314 1744 urbis
2346 1686 3400 1762 ConstantinopolisAGNOSCITUR;
3450 1706 3486 1745 a
3532 1703 3644 1760 quo
3692 1705 3879 1747 neces-

1598 1765 1743 1819 saria
1777 1759 1955 1819 et'diu
1989 1768 2309 1832 exspectata
2339 1762 2482 1815 votis
2510 1777 2655 1831 aqua
2693 1759 2986 1815 inducitur
3016 1760 3254 1816 civitati.

2614 1965 2706 2021 IV.

1488 2096 1842 2152 Alexandria
1888 2093 2311 2150 ORDINATUH
2358 2093 2658 2162 episcopus
2707 2091 2925 2163 Petrus,
2973 2091 3068 2163 qui
3112 2089 3531 2163 postValentis
3568 2091 3870 2163 interitum,

1563 2177 1675 2223 tam
1704 2166 1950 2222 affabilis
1979 2166 2039 2221 in
2074 2159 2416 2233 recipiendis
2459 2159 2738 2219 haereticis
2780 2159 2917 2232 fuit,»
2939 2159 3005 2218 ut
3032 2159 3329 2218 nonnullis
3378 2162 3761 2233 suspicionem
3787 2159 3871 2219 ac;

1564 2245 1742 2309 ceptus
1774 2237 2033 2309 pecuniae
2062 2235 2340 2293 intulerit.

542 2443 593 2498 1.
627 2443 795 2499 Nunc
823 2442 988 2499 locus
1019 2410 1278 2515 postulat
1306 2448 1371 2499 ut
1389 2443 1637 2514 hujusce
1666 2442 1929 2499 laterculi
1991 2442 2117 2499 Hie-
2148 2443 2203 2508 Α
2302 2444 2356 2497 2.
2392 2439 2657 2495 Valesius
2691 2443 2754 2494 ut
2785 2439 2933 2493 duas
2964 2437 3263 2493 Saxonum
3296 2436 3516 2505 clades,
3549 2437 3631 2494 ita
3648 2443 3705 2494 et
3733 2437 3868 2493 duas

468 2533 800 2603 ronymiani
833 2531 1067 2605 singula
1096 2538 1401 2603 segmenta
1423 2532 1729 2605 explicem,
1786 2533 1941 2588 unde
1998 2549 2122 2587 ma-

476 2635 660 2691 gnam
714 2619 904 2677 lucem
966 2638 1118 2677 anno
1177 2621 1487 2677 emortuali
1570 2620 1755 2677 sancti
1821 2621 2122 2676 Athanasii

477 2708 755 2780 effulgere
786 2725 980 2777 nemo,
1014 2716 1078 2764 ut
1106 2728 1383 2782 auguror,
1442 2712 1503 2765 in
1561 2711 1805 2765 dubium
1866 2710 2121 2765 vocabit.

473 2796 729 2854 Saxones
763 2814 867 2869 per
895 2798 1290 2855 Theodosium
1320 2800 1592 2855 comitem
1625 2799 1785 2855 bellis
1827 2798 2125 2854 navalibus

472 2892 856 2960 consumptos
887 2889 997 2945 sub
1019 2888 1427 2945 Valentiniano
1457 2891 1599 2961 imp.
1632 2890 1699 2945 A.
1730 2889 1797 2945 D.
1829 2888 1936 2943 369
1965 2888 2121 2944 erui-

473 2992 610 3032 mus
632 2993 704 3033 ex
736 2976 944 3033 Pacato
990 2978 1048 3032 in
1111 2994 1236 3050 cap.
1267 2981 1304 3034 5
1350 2979 1689 3051 Panegyrici
1743 2980 1816 3035 ad
1866 2978 2124 3033 Theodo-

462 3063 623 3122 sium
680 3066 980 3139 Magnum,
1011 3067 1277 3137 ejusdem
1336 3068 1567 3124 comitis
1632 3067 1842 3123 ﬁlium.
1906 3067 2123 3121 Iterum

467 3157 675 3226 postea
703 3154 991 3211 occisione
1014 3155 1189 3212 occisi
1219 3156 1457 3212 fuerunt
1494 3156 1839 3212 Valentiano
1893 3160 1950 3211 et
2006 3154 2120 3210 Va-

464 3241 625 3299 lente
662 3243 943 3317 Augustis
975 3262 1039 3300 III
1071 3262 1247 3311 coss.,
1276 3262 1487 3317 nempe
1517 3252 1583 3300 A.
1618 3245 1685 3301 D.
1720 3247 1846 3313 370,
1879 3262 1949 3301 ex
1982 3252 2119 3300 Am-

470 3331 667 3388 miano
687 3332 787 3389 lib.
819 3350 1018 3405 xxvui,
1053 3351 1178 3407 cap.
1210 3336 1264 3391 5.
1299 3334 1384 3391 Ob
1417 3335 1569 3407 hanc
1620 3334 1897 3406 injuriam
1932 3351 2117 3406 popu-

462 3418 691 3477 laribus
720 3421 945 3478 illatam
977 3404 1416 3481 cum—Saxones.
1445 3426 1511 3480 A.
1547 3404 1610 3479 ί).
1646 3404 1752 3479 372
1782 3404 2028 3479 tertium
2056 3423 2116 3478 in

341 3582 349 3590 .
460 3508 684 3566 Gallias
713 3511 975 3580 erupturi
1000 3528 1102 3583 per
1129 3513 1503 3568 Germaniam
1536 3528 1751 3585 magno
1773 3511 2115 3584 agminein-

474 3602 773 3670 gruerent,
803 3598 1257 3657 Valentinianus
1291 3603 1612 3657 Deusonem
1660 3600 1895 3657 illorum
1953 3600 2118 3655 clade

468 3685 801 3742 nobilitavit
828 3704 841 3741 :
874 3689 1029 3760 quod
1052 3694 1259 3761 prater
1283 3690 1696 3763 Hieronymum
1719 3690 1927 3746 scribit
1968 3689 2114 3745 Pau-

469 3772 565 3829 lus
593 3774 834 3831 Orosius
868 3777 926 3830 in
958 3776 1058 3831 lib.
1094 3795 1192 3848 vn,
1226 3795 1354 3851 cap.
1387 3780 1477 3848 32,
1533 3795 1787 3850 quorum
1842 3777 1999 3850 prior
2055 3778 2114 3832 in
2149 3812 2196 3877 B

471 3862 704 3934 regione
760 3866 1119 3930 Francorum,
1182 3866 1330 3923 alter
1385 3868 1447 3922 in
1512 3868 1863 3922 Francorum
1946 3867 2117 3922 terris

472 3952 707 4007 eosdem
730 3952 987 4008 Saxones
1017 3955 1088 4009 ab
1136 3954 1546 4011 Valentiniano
1593 3953 1849 4010 devictos
1904 3954 2116 4010 litteris

472 4039 749 4112 prodidit.
785 4042 1112 4098 Deusonem
1144 4060 1316 4115 porro
1346 4044 1625 4116 oppidum
1660 4043 1818 4099 cultu
1853 4044 2117 4099 Herculis

469 4127 531 4183 in
551 4129 814 4185 nummis
847 4130 1101 4186 Postumi
1149 4133 1397 4204 Augusti
1452 4132 1591 4188 olim
1650 4133 1901 4205 insigne,
1960 4150 2119 4188 nunc

466 4216 644 4289 vulgo
670 4219 946 4274 Duitsium
964 4236 1034 4274 ex
1089 4222 1329 4276 adverso
1390 4220 1634 4277 Coloniae
1692 4222 2016 4294 Agrippinae
2059 4223 2114 4276 in

469 4305 706 4378 regione
722 4305 1075 4362 Francorum
1108 4307 1359 4376 stetisse,
1395 4308 1565 4364 docet
1592 4308 1848 4364 Joannes
1898 4308 2118 4364 Isacius

469 4393 768 4449 Pontanus
792 4394 853 4450 in
884 4395 1209 4466 Originibus
1240 4398 1512 4452 Froncicis
1547 4397 1648 4452 lib.
1682 4414 1743 4461 ιι,
1804 4414 1929 4469 cap.
1955 4399 2007 4467 3,
2060 4402 2118 4453 et

462 4480 726 4539 Thomas
759 4483 1065 4542 Reinesius
1085 4487 1257 4557 epist.
1279 4486 1350 4540 35
1379 4486 1451 4541 ad
1472 4486 1959 4557 Rupertum,pag.
1987 4487 2113 4540 276.

469 4569 629 4627 Hanc
658 4571 951 4645 duplicem
985 4574 1281 4630 Saxonum
1314 4573 1537 4630 cladem
1572 4575 1644 4629 ab
1667 4574 1799 4629 aliis
1828 4574 1887 4629 in
1930 4591 2115 4629 unum

465 4659 775 4716 conﬂatam
830 4662 1097 4719 distinxit
1148 4663 1440 4719 Adrianus
1494 4662 1764 4718 Valesius
1830 4663 1889 4717 in
1943 4666 2115 4720 Rebus

467 4749 747 4806 Francicis
766 4749 866 4807 lib.
896 4770 938 4821 1,
961 4770 1094 4826 pag.
1132 4753 1219 4824 47,
1255 4757 1563 4825 propterea
1595 4752 1749 4824 quod
1806 4752 1986 4809 altera
2025 4755 2112 4809 in-

468 4839 661 4895 cursio
692 4840 939 4909 navalis,
971 4842 1152 4899 altera
1170 4842 1458 4914 pedestris
1482 4840 1960 4899 exstiterit.Illam
1982 4846 2115 4899 Am-

466 4927 723 4997 mianus,
754 4929 1169 4987 Valentiniano
1190 4934 1247 4986 et
1264 4930 1511 4987 Valente
1528 4932 1812 5003 Augustis
1833 4949 1891 4986 ιιι
1918 4949 1931 4999 ;
1965 4933 2115 4989 hanc

465 5017 867 5084 Cassiodorus,
900 5020 958 5075 in
990 5021 1256 5077 Chronico
1285 5020 1493 5077 iisdem
1527 5020 1809 5092 Augustis
1860 5038 1917 5076 ιν
1974 5038 2112 5077 con-

460 5106 697 5163 sulibus
729 5107 940 5165 factam
988 5113 1298 5165 testantur.
1358 5109 1470 5165 Sed
1531 5108 1670 5182 quia
1725 5110 2114 5182 Hieronymus

463 5197 843 5268 posteriorem
904 5199 1054 5254 locat
1109 5198 1276 5253 initio
1326 5198 1463 5254 anni
1495 5216 1513 5253 ι
1550 5179 1923 5270 Βιδιωρίειὰἰε
1947 5179 1960 5182 ﬁ
1982 5198 2107 5270 288,
2143 5179 2185 5247 (ἶ

467 5286 621 5355 quod
643 5288 708 5341 A.
742 5291 803 5342 D.
831 5287 936 5342 372
960 5289 1353 5360 separandum
1385 5305 1499 5343 non
1534 5303 1661 5343 esse
1703 5303 1838 5342 mox
1869 5304 2112 5359 appare-

468 5372 572 5439 bit,
608 5373 735 5431 ideo
765 5376 929 5432 illam
962 5378 1071 5433 sub
1105 5378 1280 5432 finem
1313 5377 1578 5450 ejusdem
1611 5376 1747 5431 anni
1798 5377 2113 5448 contigisse

469 5461 832 5532 crediderim,
867 5482 1043 5537 quam
1067 5470 1269 5538 postea
1298 5467 1355 5520 in
1388 5465 1726 5538 longinquis
1779 5465 2112 5536 regionibus

468 5549 637 5604 initio
668 5553 803 5607 anni
856 5559 1161 5626 sequentis
1218 5555 1534 5628 vulgatam,
1594 5553 1977 5610 Cassiodorus
2026 5554 2111 5608 illi

468 5655 624 5695 anno
654 5640 939 5712 deﬁxerit,
974 5644 1086 5699 nisi
1120 5644 1316 5715 potius
1348 5659 1417 5699 ex
1446 5643 1597 5698 male
1638 5644 1924 5715 perceptis
1987 5643 2113 5699 Hie-

466 5728 697 5801 ronymi
727 5729 968 5786 calculis
1001 5731 1163 5787 illam
1195 5732 1576 5788 Cassiodorus
1610 5732 1667 5787 in
1698 5733 1971 5789 eumdem
2012 5749 2116 5788 an-

469 5833 613 5877 num
643 5818 879 5891 rejecit;
913 5821 1068 5892 quod
1097 5819 1375 5878 libentius
1397 5820 1905 5879 existimaverimz

2234 2528 2720 2601 Burgundionum
2753 2526 3153 2599 expeditiones
3176 2526 3381 2581 iisdem
3412 2528 3589 2582 annis
3636 2526 3873 2600 illigatas

2234 2617 2579 2689 distinguit;
2616 2616 2861 2672 alteram
2893 2615 3131 2687 quidem
3165 2614 3237 2670 ab
3270 2615 3606 2687 Ammiano,
3642 2615 3869 2672 alteram

2232 2706 2304 2761 ab
2326 2706 2696 2779 Hieronymo,
2720 2705 2921 2760 Orosio
2951 2708 3007 2759 et
3060 2703 3406 2759 Cassiodoro
3477 2720 3600 2759 uno
3651 2704 3867 2760 eodem-

2234 2810 2345 2866 que
2375 2811 2618 2849 numero
2649 2795 2922 2864 octoginta
2951 2793 3197 2848 millium
3217 2791 3690 2849 determinatam.
3742 2793 3869 2849 Pro-

2233 2883 2380 2939 fecto
2412 2883 2533 2939 haec
2560 2884 2738 2939 verba
2798 2882 3176 2955 Hieronymi:
3239 2882 3700 2953 Burgundionum
3744 2884 3869 2937 octo-

2232 2974 2385 3042 ginta
2413 2973 2532 3046 ferc
2562 2974 2767 3043 millia,
2799 2972 2945 3043 quod
2975 2986 3263 3033 NUNOUAM
3284 2987 3449 3041 ANTE,
3513 2970 3591 3027 ad
3639 2968 3867 3026 Rhenum

2231 3061 2643 3128 descenderunt,
2678 3065 3024 3134 argumento
3085 3063 3224 3114 sunt
3280 3057 3428 3114 allas
3481 3058 3863 3132 expeditiones

2234 3156 2437 3206 contra
2459 3150 2655 3207 Gallos
2677 3167 2710 3206 a
2739 3147 3261 3221 Burgundionibus
3272 3156 3402 3203 ante
3421 3152 3757 3221 susceptas;
3780 3162 3867 3201 ne-

2231 3239 2794 3311 quellieronymum,
2825 3241 3032 3293 testem
3066 3234 3371 3308 aequalem,
3403 3236 3464 3291 in
3498 3254 3559 3293 re
3580 3241 3697 3291 tam
3729 3251 3864 3292 nova

2227 3326 2485 3399 legitimo
2516 3328 2765 3399 tempori
2787 3325 3209 3399 consignanda,
3233 3323 3354 3380 falli
3411 3324 3689 3381 debuisse
3710 3320 3864 3379 facile

2228 3416 2946 3488 reputaverim.Petavium
2977 3414 3037 3470 in
3068 3412 3221 3469 hanc
3243 3413 3512 3470 eamdem
3528 3411 3863 3470 sententiam

2225 3505 2402 3561 ivisse
2429 3494 2722 3578 conspicio
2747 3507 2803 3560 in
2834 3504 2934 3560 lib.
2968 3521 3072 3559 xm
3106 3503 3177 3559 De
3232 3502 3493 3559 doctrina
3546 3505 3857 3574 temporum,

2226 3594 2324 3649 ubi
2359 3595 2595 3667 periodo
2623 3594 2860 3650 Juliana
2888 3594 3052 3663 5085,
3080 3594 3151 3649 A.
3190 3591 3258 3647 D.
3317 3592 3445 3658 272,
3509 3589 3861 3664 Burgundio-

2225 3699 2369 3739 num
2403 3683 2475 3739 ad
2508 3683 2779 3739 Rhenum
2810 3683 3159 3739 descensum
3190 3680 3519 3752 consignat.

2296 3772 2347 3825 3.
2382 3771 2697 3828 Clearchus
2726 3768 3232 3842 Constantinopoli
3264 3785 3517 3841 praeesse
3574 3767 3745 3840 cmpit
3796 3767 3857 3821 A.

2224 3859 2291 3915 D.
2321 3862 2449 3929 372,
2481 3877 2550 3917 ex
2571 3860 2923 3917 Gothofredo
2955 3859 3016 3914 in
3042 3857 3435 3929 Chronologia
3456 3857 3674 3914 codicis
3689 3856 3859 3911 Theo-

2224 3949 2678 4023 dosianipag.90
2703 3967 2839 4022 ;quo
2866 3950 2923 4004 in
2943 3963 3186 4003 munere
3212 3945 3863 4017 bienniuminsumpsit,

2225 4038 2413 4110 deque
2444 4039 2678 4094 exordio
2736 4038 3090 4110 praefecturas
3143 4035 3405 4092 Clearchi
3454 4035 3862 4108 Hieronymum

2224 4125 2408 4197 loqui,
2428 4128 2633 4199 pandit
2663 4130 2905 4183 verbum
2937 4127 3276 4199 agnosciter.

2297 4216 2348 4269 4.
2386 4215 2492 4272 Ubi
2522 4216 3060 4288 Hieronymusistis
3082 4213 3317 4271 exordio
3357 4212 3665 4285 conjungit
3720 4209 3863 4268 ordi-

2226 4303 2522 4360 nationem
2554 4305 2730 4372 Petri,
2775 4304 3084 4359 Athanasio
3115 4302 3366 4372 suffecti,
3418 4302 3592 4375 cujus
3649 4300 3863 4357 obitum

2226 4393 2379 4464 silet,
2414 4395 2557 4451 satis
2587 4400 2783 4466 aperte
2804 4393 3027 4448 indicat
3051 4392 3319 4448 eamdem
3350 4390 3775 4446 ordinationem
3797 4384 3862 4441 ab

2225 4505 2287 4545 se
2319 4486 2578 4560 copulari
2610 4500 2745 4539 cum
2769 4488 2836 4537 A.
2871 4483 2936 4539 D.
2972 4482 3096 4547 372,
3131 4497 3249 4537 non
3280 4483 3476 4535 autem
3527 4494 3664 4534 cum
3719 4489 3862 4531 anno

2224 4576 2556 4649 insequenti
2577 4574 2702 4629 3‘73.
2738 4571 3027 4628 Eusebius
3058 4568 3277 4643 pariter
3308 4573 3484 4641 atque
3514 4576 3645 4640 ejus
3693 4560 3861 4621 conti-

2224 4671 2436 4722 nuator
2455 4663 2840 4734 Hieronymus
2856 4676 3075 4715 annum
3094 4659 3355 4731 primum
3368 4655 3727 4729 Olympiadis
3738 4662 3859 4708 cum

2223 4754 2606 4827 auspicantur
2631 4752 2704 4805 ab
2736 4748 3011 4805 Kalendis
3070 4746 3440 4814 Octobribus,
3498 4739 3860 4827 Olympiadas

2222 4823 2489 4915 vulgares
2522 4841 2593 4896 ab
2628 4837 2876 4895 solstitio
2906 4837 3125 4905 aestivo,
3159 4835 3279 4892 sive
3332 4835 3404 4890 ab
3434 4833 3529 4889 die
3560 4848 3657 4888 xxx
3712 4823 3861 4885 Junii

2222 4932 2547 4997 inchoatas,
2582 4924 3283 4992 antecedentibus,eidem
3305 4940 3459 4979 anno
3483 4916 3858 4994 olympiadico

2221 5021 2306 5077 ita
2333 5020 2579 5076 deducto
2611 5019 2848 5071 caeteras
2880 5014 3130 5087 epochas
3154 5014 3442 5085 jungunt.
3474 5008 3595 5066 Hoc
3625 5007 3858 5064 adnota-

2223 5113 2363 5165 runt
2393 5105 2660 5164 Petavius
2690 5103 3044 5170 Dedoclrina,
3072 5106 3379 5171 temporum
3422 5097 3527 5154 lib.
3560 5113 3639 5167 1x,
3695 5087 3857 5163 cap.l

2222 5204 2279 5255 et
2308 5200 2396 5267 1:6,
2428 5202 2485 5253 et
2513 5194 2727 5266 Pagius
2757 5192 2815 5247 in
2850 5191 3264 5248 Dissertatione
3282 5190 3353 5246 de
3386 5187 3621 5263 periodo
3642 5185 3852 5240 Cmm-

2186 5338 2195 5359 ._
2223 5289 2504 5356 Romana,
2538 5285 2682 5353 §83.
2716 5281 2819 5337 Hic
2853 5285 3050 5337 tamen
3110 5279 3328 5352 legitur
3385 5273 3714 5349 Septembris
3758 5279 3853 5340 pro

2180 5372 2183 5375 ’
2224 5376 2486 5441 Octobris,
2520 5372 2829 5429 manifesto
2859 5386 3051 5427 errore
3074 5367 3420 5442 typographi
3436 5364 3523 5423 vel
3554 5359 3851 5430 exscripto-

2221 5468 2323 5538 ris,
2387 5467 2691 5537 pr0pterea
2747 5459 3113 5516 emendando
3167 5460 3301 5527 ex§
3356 5456 3429 5511 29
3487 5442 3850 5538 ριωίαΐὶρξιὶξι

2221 5529 2323 5610 ubi
2354 5529 2510 5609 idem
2536 5550 2753 5623 Pagius
2770 5548 3005 5604 initium
3030 5546 3168 5602 anni
3189 5535 3730 5607 Abrahamitici,cui
3750 5529 3852 5588 ini-

2219 5645 2370 5700 tium
2403 5656 2635 5714 quoque
2664 5636 2802 5694 anni
2832 5635 3216 5709 Olympiadici
3248 5634 3405 5708 apud
3436 5627 3745 5689 Eusebium
3764 5634 3850 5676 c0-

2218 5732 2479 5807 pulatur,
2503 5726 2739 5785 deducit
2770 5728 2841 5783 ab
2874 5725 3155 5801 Kalendis
3183 5722 3563 5807 Octobri-bus,
3588 5720 3850 5807 non‘vo-re

2220 5798 2661 5895 Septembribus
2672 5814 2835 5873 .Cum
2860 5828 2996 5888 ergo
3022 5798 3271 5887 quilibet
3294 5824 3492 5870 annus
3512 5798 3843 5880 Olympiadi.
