4146 6376
1261 364 1365 424 DE
1407 362 1618 424 ANNO
1663 357 2128 422 EMORTUALI
2175 360 2238 418 S.
2287 356 2743 417 ATHANASII.

3509 365 3710 417 CCLVIII

283 508 391 550 cus
418 509 489 549 ex
518 493 1054 567 annipraecedentis
1070 498 1356 552 autumno
1371 493 1938 563 trahatur,eumdem
1972 492 2026 558 Α
2128 491 2180 544 5.
2209 488 2374 544 Nunc
2405 487 2698 560 reliquum
2730 491 2912 555 est,ut
2943 491 3290 559 argumento
3322 503 3703 544 occurramus

284 599 522 656 quoque
546 601 768 639 annum
795 584 1263 657 Olympiadicum
1295 586 1429 640 inde
1456 595 1656 640 secum
1679 601 1769 639 res
1818 587 1938 638 tra-

279 672 420 728 here
453 689 693 728 necesse
725 679 973 747 est,quae
1006 675 1090 729 illi
1121 675 1368 745 tempori
1394 674 1736 733 adhaerent;
1768 672 1850 726 ita
1881 676 1945 726 ut

284 777 478 816 annus
511 763 740 832 primus
774 762 1140 835 Olympiadis
1171 765 1276 817 288
1310 764 1364 817 in
1429 779 1615 817 annos
1673 761 1942 832 vulgares

284 850 391 903 372
422 850 604 904 et373
661 867 722 905 se
769 853 1058 906 extendat.
1118 854 1304 917 Quare
1362 869 1475 906 non
1527 867 1758 920 semper
1817 867 1942 921 qua:

287 939 461 993 annis
492 939 746 1012 singulis
777 940 1183 1012 olympiadicis
1217 941 1598 1011 assignantur
1628 941 1698 994 ad
1761 955 1942 993 unum

287 1030 700 1084 tantummodo
727 1029 938 1084 Christi
961 1048 1182 1085 annum
1215 1031 1313 1085 sed
1349 1031 1419 1084 ad
1453 1029 1821 1093 alterutrum,
1856 1027 1944 1081 vel

288 1118 361 1172 ad
390 1121 710 1190 utrumque
741 1119 1029 1190 pertinere
1061 1120 1310 1174 dicenda
1339 1119 1621 1174 sunt.lloc
1650 1121 1837 1172 totum
1862 1116 1944 1170 1a-

287 1205 578 1261 terculum
616 1207 873 1278 proxime
895 1208 1224 1281 expositum
1245 1209 1714 1278 venire,quchue
1730 1205 1945 1260 ibidem

290 1295 668 1362 clauduntur,
729 1297 873 1352 citra
901 1299 965 1352 A.
1027 1303 1088 1352 D.
1139 1299 1245 1352 372
1305 1313 1675 1367 nequaquam
1727 1295 1948 1366 egredi,

291 1392 687 1448 certissimum
721 1400 826 1450 est.
851 1396 1076 1450 Rursus
1119 1395 1356 1450 aliunde
1407 1394 1698 1449 astruitur
1755 1410 1945 1447 annus

296 1481 686 1554 Dionysianus
717 1481 841 1554 372,
877 1483 938 1538 in
969 1489 1315 1556 praesentem
1352 1483 1738 1555 quaestionem
1780 1499 1946 1536 voca-

293 1576 408 1626 tus.
443 1571 507 1626 In
540 1570 824 1627 laterculo
856 1589 890 1626 a
921 1573 1092 1628 nobis
1121 1573 1380 1628 exhibito
1399 1571 1551 1627 Petri
1569 1570 1946 1626 Alexandrini

290 1659 583 1715 ordinatio
614 1661 976 1716 connectitur
1007 1680 1159 1718 anno
1191 1661 1632 1717 Abrahamitico
1654 1662 1814 1715 2389.
1846 1660 1951 1715 De-

291 1766 386 1804 me
417 1748 555 1804 hine
586 1767 862 1805 numeros
895 1751 1255 1808 millenarios
1287 1757 1343 1808 et
1373 1734 1812 1823 septemdecim,
1845 1767 1950 1804 su-

289 1838 507 1909 pererit
537 1855 730 1894 annus
751 1840 1141 1912 Dionysianus
1167 1838 1951 1913 372,quoobitusAthanasii
1989 1869 2033 1932 Β

291 1932 349 1983 et
378 1927 531 1983 Petri
563 1927 856 1984 ordinatio
890 1935 1227 1998 evenerunt,
1262 1930 1420 2003 cyclo
1474 1930 1616 1986 solis
1676 1945 1815 1994 xvu,
1865 1930 1953 1984 lu-

292 2033 381 2071 nae
411 2016 734 2084 x11,litteris
759 2017 1222 2075 Dominicalibus
1260 2026 1325 2074 A.
1351 2019 1417 2074 G.
1446 2019 1649 2074 indlct.
1683 2037 1774 2074 xv.
1810 2019 1954 2082 Quia

291 2121 428 2160 vero
453 2105 591 2160 anni
625 2106 940 2163 Ahrahami
974 2108 1203 2163 duobus
1235 2108 1410 2181 cyclis
1431 2108 1738 2164 lunaribus
1761 2107 1954 2179 cyclos

292 2194 688 2266 Dionysianos
720 2197 1425 2266 superant,demeillos,et
1455 2197 1698 2252 habebis
1725 2195 1954 2268 cyclum

290 2282 450 2337 luna)
473 2301 573 2352 ΧΠ,
598 2284 726 2354 jam
751 2284 1114 2341 adnotatum.
1152 2287 1283 2342 Haec
1337 2304 1405 2342 ex
1445 2286 1718 2341 methodo
1775 2302 1953 2357 quam

295 2372 514 2443 Pagius
548 2373 619 2427 ad
643 2389 826 2428 annos
847 2373 1318 2430 Abrahamiticos
1343 2393 1476 2430 cum
1498 2375 1870 2445 Dionysianis
1895 2374 1951 2428 in

301 2462 572 2517 Chronico
603 2462 837 2517 Eusebii
870 2464 1228 2535 copulandos
1256 2463 1499 2520 tradidit
1547 2465 1605 2518 in
1666 2465 1955 2520 Disserta-

297 2551 460 2606 tione
492 2552 562 2606 de
594 2553 831 2623 periodo
865 2553 1350 2610 Graeco-Romana
1378 2557 1406 2622 §
1435 2557 1523 2624 7t),
1559 2571 1683 2626 quae
1717 2553 1956 2623 quidem

301 2639 989 2712 methodus,quanquam
1005 2642 1537 2710 estfacilis,nemini
1557 2649 1748 2698 tamen
1783 2647 1956 2697 antea

303 2739 633 2794 observata.
667 2739 967 2794 Postremo
990 2739 1112 2795 haec
1144 2741 1342 2796 omnia
1371 2742 1616 2796 miriﬁce
1630 2739 1957 2796 solidantur

310 2845 384 2883 ex
409 2829 476 2882 A.
516 2829 576 2883 Ι).
609 2829 734 2895 374,
770 2829 861 2884 eui
898 2847 1088 2885 annus
1121 2830 1801 2902 primusOlympiadisin
1829 2831 1956 2884 Ilie-

308 2916 658 2988 ronymiano
691 2917 955 2973 Chronico
987 2919 1478 2989 adnectitur,nam
1511 2919 1732 2991 epocha
1763 2920 1958 2974 incar-

295 3006 580 3073 nationis,
616 3023 733 3079 qua
763 3008 949 3062 utitur
967 3008 1253 3063 Eusebius
1293 3013 1351 3062 et
1403 3011 1530 3079 ejus
1589 3008 1959 3064 continuator

303 3095 724 3166 Hieronymus,
755 3096 990 3152 biennio
1048 3097 1458 3169 Dionysianam
1519 3097 1844 3164 antevertit,
1891 3112 1959 3151 ex

300 3183 483 3256 Pagio
543 3185 806 3257 proxime
856 3186 1108 3241 adducto
1168 3187 1331 3255 §78,
1419 3188 1681 3258 adeoque
1760 3203 1951 3241 annus

295 3272 518 3329 Christi
549 3275 673 3329 374.
708 3275 809 3347 qui
840 3275 1057 3330 ibidem
1081 3275 1370 3347 signatur,
1402 3277 1660 3331 detracto
1691 3274 1946 3344 biennio,

296 3363 577 3435 exprimit
607 3381 830 3420 aunum
861 3363 1157 3437 vulgarem
1175 3363 1954 3438 Dionysianum372.Vereor

298 3471 374 3509 ne
388 3458 504 3508 tam
523 3454 718 3526 spissa
739 3454 1018 3511 tricarum
1035 3455 1379 3526 hujusmodi
1403 3455 1772 3527 conglobatio
1789 3454 1948 3510 fasti-

295 3543 466 3598 dium
491 3546 681 3615 pariat
713 3545 723 3599 l
753 3545 852 3600 sed
886 3544 985 3600 illa
1008 3546 1447 3616 quodammodo
1470 3543 1802 3601 necessaria
1828 3547 1951 3598 erat

295 3633 373 3688 ad
399 3632 926 3688 demonstrandum
959 3639 1044 3688 tot
1075 3639 1129 3689 et
1160 3638 1276 3689 tam
1313 3633 1630 3690 luculentis
1652 3632 1952 3689 chronolo-

292 3721 408 3792 gia:
434 3720 897 3791 characteribas,
933 3722 1361 3780 ordinationem
1388 3723 1540 3780 Petri
1566 3723 1624 3778 in
1675 3723 1948 3779 eumdem

293 3827 524 3866 annum
557 3827 685 3866 esse
710 3811 958 3866 defixam
996 3830 1008 3880 ;
1036 3817 1212 3884 atque
1235 3813 1372 3868 hinc
1409 3818 1635 3868 tantum
1667 3813 1832 3867 abest
1886 3816 1951 3866 ut

291 3900 690 3972 Hieronymus
711 3917 913 3956 eorum
947 3903 1296 3957 sententiam
1322 3907 1568 3969 astruat,
1604 3901 1702 3973 qui
1765 3900 1821 3955 in
1881 3902 1945 3954 A.

292 3989 364 4044 Ι).
401 3989 505 4044 373
527 3989 831 4046 Athanasii
863 3991 1090 4046 obitum
1142 3992 1420 4062 referunt,
1472 3997 1538 4046 ut
1580 4010 1610 4047 e
1658 3989 1947 4046 contrario

294 4087 694 4142 Baronianam
734 4093 790 4143 et
820 4092 1079 4143 nostram
1109 4089 1348 4144 omnino
1367 4089 1764 4159 tueatur,dum
1799 4088 1946 4144 Petri

300 4176 736 4232 ordinationem
772 4177 960 4233 eidem
994 4195 1146 4234 anno
1176 4179 1282 4234 372
1304 4178 1751 4250 conjungit,quo
1765 4177 1946 4233 Atha-

293 4265 502 4320 nasius
524 4267 583 4320 in
616 4265 820 4321 calum
853 4266 1148 4338 migravit.
1180 4267 1458 4323 Desinant
1489 4284 1625 4339 ergo
1670 4268 1946 4339 Hierony-

294 4354 380 4409 mi
411 4354 671 4411 caloulos
703 4357 1024 4428 aspernari,
1059 4359 1160 4428 qui
1191 4358 1424 4413 eosdem
1467 4357 1589 4412 suis
1648 4357 1952 4412 divinatio-

293 4443 474 4498 nibus
505 4444 884 4500 adversantes
933 4445 1260 4501 offendunt.
1311 4450 1438 4500 Huc
1503 4445 1724 4501 faciunt
1776 4445 1953 4501 verba

293 4532 753 4602 Montefalconii,
812 4535 883 4589 ad
969 4533 1406 4604 Hieronymum,
1497 4552 1609 4589 non
1668 4552 1772 4607 pro
1850 4533 1949 4589 illo

2056 597 2124 634 ex
2149 578 2454 634 Athanasii
2487 577 2748 648 epistolis
2780 577 3163 632 Paschalibus
3211 577 3469 632 derivato
3500 595 3512 644 ;
3574 593 3701 648 quas

2059 667 2194 723 licet
2222 668 2478 722 nondum
2509 665 2930 720 recentioribus
2961 666 3116 732 visae,
3141 669 3198 719 et
3256 667 3503 720 fortasse
3563 665 3704 720 olim

2064 775 2305 829 prorsus
2336 757 2668 828 deperdita},
2703 760 3048 809 cumtamen
3073 771 3318 808 numero
3337 754 3704 825 quadraginta

2055 856 2256 918 septem
2286 846 2342 900 in
2377 848 2634 900 Arabum
2669 843 2901 915 scriptis
2933 848 3367 914 reccnseantur,
3412 844 3546 898 inde
3589 842 3706 898 cla-

2059 936 2330 990 rissimus
2357 933 2837 988 Montel‘alconins
2886 933 3165 1003 consequi
3229 938 3394 1003 putat
3452 933 3705 987 Athana-

2059 1025 2235 1090 sium,
2274 1029 2402 1096 post
2435 1022 2945 1086 A.D.3‘.’G,totidem
2981 1023 3405 1077 Paschatasuis
3438 1021 3704 1093 epistolis

2061 1115 2503 1186 praenuntia-isse,
2529 1119 2667 1184 quot
2700 1117 2905 1183 praeter
2933 1111 3097 1182 lapsa
3128 1117 3516 1166 numerantur
3547 1112 3619 1166 ab
3640 1113 3706 1165 A.

2060 1204 2125 1258 D.
2159 1205 2285 1268 327,
2320 1221 2433 1275 quo
2467 1203 2724 1274 primum
2758 1202 2979 1256 Pascha
3010 1200 3362 1255 Athanasius
3393 1200 3708 1272 episcopus

2060 1291 2388 1357 celebravit,
2425 1292 2495 1346 ad
2525 1299 2590 1345 Α.
2627 1297 2687 1345 D.
2714 1292 2838 1355 373,
2873 1307 2987 1360 quo
3045 1290 3231 1343 virum
3269 1288 3710 1344 sanctissimum

2061 1383 2405 1437 defunctum
2433 1382 2613 1436 fuisse
2645 1380 2962 1435 contendit.
2997 1379 3103 1434 Sed
3136 1379 3447 1450 enimvero,
3482 1377 3531 1431 si
3582 1378 3711 1448 jam

2062 1471 2215 1526 dicta
2244 1471 2551 1541 hucusque
2584 1471 2760 1541 probe
2793 1469 3142 1534 consistunt,
3178 1483 3368 1537 neque
3426 1482 3710 1522 numerus

2061 1559 2399 1615 earumdem
2432 1558 2811 1630 epistolarum
2839 1557 3076 1623 fatiscit,
3115 1572 3349 1611 necesse
3378 1560 3466 1609 est
3524 1555 3708 1610 Atha—

2063 1649 2293 1704 nasium
2326 1647 2515 1703 odhuc
2546 1648 2922 1718 superstitem
2956 1652 3024 1716 A,
3093 1651 3149 1700 D.
3216 1645 3338 1712 372,
3405 1643 3712 1715 epistolam

2064 1737 2403 1793 Paschalcm
2438 1739 2504 1790 47
2537 1753 2806 1791 exarasse
2839 1752 2940 1807 pro
2972 1734 3303 1806 insequenti
3335 1737 3400 1788 A.
3468 1740 3526 1787 ι).
3587 1734 3714 1801 373,

2063 1834 2126 1883 ut
2141 1843 2250 1881 non
2273 1825 2394 1882 leve
2409 1825 2689 1880 indicium
2709 1824 2876 1879 nobis
2896 1824 3235 1896 suppeditat
3253 1822 3500 1894 epistola
3529 1822 3717 1877 sancti

2067 1914 2406 1985 Proterii,de
2438 1932 2553 1986 qua
2585 1918 2806 1986 postea.
2840 1914 3002 1977 Quod
3037 1913 3085 1967 si
3117 1911 3474 1967 Athanasius
3516 1914 3582 1965 A.
3643 1911 3710 1966 D.

2065 2006 2173 2059 373
2205 2004 2543 2074 expirasset,
2578 2021 2692 2058 non
2724 2004 2792 2056 47
2851 2003 2954 2058 sed
3014 2003 3078 2055 48
3140 2000 3440 2074 paschales
3499 1999 3716 2071 episto-

2076 2095 2164 2149 las
2196 2093 2498 2158 edidisset,
2523 2109 2769 2163 quarum
2805 2091 3012 2147 ultima
3033 2092 3169 2146 anni
3203 2089 3566 2161 insequentis
3611 2090 3718 2144 374

2066 2182 2291 2237 Pascha
2323 2181 2669 2236 denuntiare
2701 2181 3021 2236 debuisset.
3082 2181 3280 2252 Neque
3338 2180 3494 2234 enim
3551 2179 3714 2234 litem

2067 2272 2364 2326 intendam
2393 2271 2462 2324 de
2495 2270 2585 2324 die
2618 2274 2672 2324 et
2700 2287 2901 2325 mense
2923 2269 3232 2325 emortuali
3264 2269 3713 2325 sanctiAlexan-

2065 2360 2155 2416 dri
2188 2360 2479 2431 pontificis
2513 2358 2881 2415 Alexandrini
2916 2363 2971 2413 et
3000 2360 3126 2430 ejus
3158 2359 3510 2414 successoris
3541 2357 3714 2412 Atha-

2068 2451 2382 2516 nasii,cum
2403 2466 2750 2521 persuasum
2777 2448 3023 2503 habeam
3050 2447 3214 2503 illum
3239 2449 3516 2503 denatum
3540 2446 3632 2501 die
3650 2447 3716 2502 17

2066 2538 2282 2609 Aprilis
2311 2539 2376 2592 A.
2418 2540 2474 2594 1⁷).
2512 2539 2634 2607 3'26,
2669 2537 2828 2592 hunc
2845 2553 2976 2592 vero
3009 2537 3104 2592 die
3133 2538 3166 2590 2
3193 2536 3326 2592 Maii
3358 2540 3423 2591 A.
3457 2536 3522 2590 D.
3558 2537 3664 2590 372
3699 2553 3712 2592 :

2069 2627 2221 2682 unde
2253 2627 2500 2683 efﬂuunt
2529 2626 2914 2698 quadraginta
2942 2643 3037 2681 sex
3065 2628 3202 2681 anni
3232 2627 3432 2696 integri
3452 2625 3717 2682 Athana-

2068 2715 2244 2770 sianze
2277 2716 2578 2772 sessionis.
2614 2715 2674 2770 In
2708 2715 2816 2770 hos
2848 2716 2974 2769 dies
3004 2715 3405 2771 vetustissima
3434 2715 3717 2771 Christia-

2067 2822 2274 2859 norum
2312 2810 2697 2860 monumenta
2720 2805 3082 2875 conspirant,
3115 2809 3172 2860 et
3228 2803 3277 2859 si
3326 2821 3444 2876 qua
3497 2805 3568 2860 ab
3620 2804 3714 2861 his

2067 2894 2328 2949 diversos
2358 2894 2682 2968 assignant,
2713 2896 2782 2948 ad
2817 2893 2964 2949 alias
3000 2895 3237 2950 omnino
3269 2912 3498 2966 causas,
3534 2911 3716 2965 quam

2069 2985 2294 3054 mortis,
2332 2984 2664 3039 referendos
2695 3000 2955 3039 essenon
2990 2984 3244 3056 ambigo.

2137 3111 2189 3162 6.
2226 3109 2426 3164 Multis
2457 3107 2722 3164 consulto
2746 3108 3079 3179 praeteritis,
3116 3125 3242 3180 quae
3303 3110 3455 3165 sicut
3511 3114 3716 3166 contra

2065 3200 2129 3252 A.
2162 3197 2227 3252 D.
2253 3199 2352 3251 371
2387 3199 2606 3268 optime
2636 3202 2920 3269 pugnant,
2953 3197 3036 3251 ita
3086 3214 3189 3268 pro
3249 3216 3401 3254 anno
3459 3200 3562 3252 373
3620 3217 3716 3255 ne-

2065 3303 2362 3358 quaquam
2397 3285 2634 3348 faciunt,
2668 3285 2898 3340 silentio
2947 3285 3286 3356 praetermiti
3338 3303 3714 3358 nequaquam

2063 3375 2232 3429 debet
2260 3375 2504 3430 Proterii
2536 3373 3201 3445 Alcxandriniepistola;
3227 3376 3710 3448 quandoquidem

2060 3463 2119 3518 in
2153 3480 2239 3532 ea,
2271 3463 2430 3519 velut
2452 3463 2510 3517 in
2544 3480 2672 3518 arce
2705 3462 3123 3534 munitissima,
3149 3465 3258 3518 viri
3300 3465 3454 3520 docti
3513 3467 3707 3521 consi-

2062 3558 2244 3608 stunt.
2278 3552 2442 3607 Iliam
2477 3553 2690 3620 Graece,
2727 3556 2788 3608 ut
2819 3552 3115 3608 Proterius
3149 3553 3402 3626 scripsit,
3435 3560 3568 3625 post
3606 3572 3706 3610 saa-

2061 3641 2325 3698 culorum
2358 3643 2702 3697 memoriam
2735 3658 2905 3697 nemo
2928 3641 3212 3698 hactenus
3243 3643 3716 3710 vidit,Latinam..

2061 3748 2173 3802 que
2206 3731 2464 3803 Dionysii
2490 3731 2694 3803 Exigui
2725 3730 3050 3786 versionem
3067 3748 3136 3787 ex
3166 3733 3448 3790 mendoso
3506 3740 3704 3800 codice

2061 3823 2193 3891 post
2222 3819 2520 3875 Petavium
2545 3820 2744 3874 eduxit
2773 3820 3120 3890 Bucherius,
3166 3828 3230 3878 ut
3281 3824 3503 3882 dictum
3563 3835 3654 3886 est
3685 3851 3702 3903 ;

2060 3909 2158 3981 qui
2192 3925 2296 3964 nec
2330 3908 2489 3964 illam
2513 3910 2808 3964 erroribus
2843 3915 3066 3965 scatere
3097 3911 3512 3983 dissimulavit,
3573 3924 3701 3977 tum

2059 3999 2119 4053 in
2151 3999 2548 4070 ipssnomine
2578 3999 2765 4054 sancti
2796 3999 3497 4067 Athanasii,tuminnotis
3527 4009 3703 4067 etiam

2060 4089 2485 4155 numeralibus,
2517 4093 2574 4144 et
2604 4089 2661 4144 in
2696 4089 2828 4144 aliis
2861 4089 3182 4158 nonnullis,
3234 4093 3304 4147 dc
3365 4096 3580 4166 quibus
3640 4101 3702 4156 in

2059 4195 2159 4234 ora
2188 4177 2435 4233 lectores
2467 4178 2782 4234 identidem
2820 4179 3072 4247 monuit,
3107 4197 3290 4253 eaque
3329 4184 3701 4245 Bollandista:

2060 4269 2478 4324 rece‘nsuerunt
2508 4269 2602 4323 die
2635 4286 2673 4323 ιι
2706 4268 2841 4323 Maii
2873 4286 3004 4341 pag.
3027 4270 3152 4336 248,
3189 4271 3218 4343 §
3247 4273 3369 4328 401.
3424 4277 3486 4330 Id
3543 4281 3704 4335 tanto

2059 4362 2192 4413 ante
2222 4358 2515 4413 Proterius
2546 4358 2890 4428 pradixerat
2913 4360 2970 4413 in
3003 4360 3116 4414 ﬁne
3138 4361 3392 4432 epistola
3415 4381 3477 4419 se
3495 4383 3704 4436 passu-

2063 4465 2193 4502 rum
2225 4463 2328 4518 per
2356 4447 2732 4502 librariorum
2765 4447 3072 4502 audaciam
3107 4453 3163 4504 et
3185 4449 3567 4522 interpretum
3607 4459 3707 4523 La-

2062 4538 2320 4592 tinorum
2353 4535 2643 4590 inscitiam
2679 4552 2691 4589 :
2727 4533 2828 4606 qui
2863 4535 3050 4591 Graeca
3074 4553 3184 4592 non
3215 4539 3453 4595 valentes
3483 4541 3716 4614 diligen-

293 4621 557 4693 quidem,
581 4623 681 4678 sed
726 4639 828 4695 pro
863 4623 1035 4678 nobis
1076 4623 1441 4695 loquentem,
1475 4623 1950 4686 accommodata:
1992 4618 2033 4680 D
2064 4633 2149 4682 ter
2177 4628 2504 4697 exprimere,
2531 4625 2790 4682 laederent
2817 4626 3285 4698 verilalem.Ergo
3317 4627 3410 4683 his
3437 4632 3715 4690 omnibus

291 4719 402 4775 Ille
427 4736 574 4791 vero,
606 4722 793 4792 utpote
838 4720 1139 4777 Athanasio
1195 4723 1513 4793 aequalis,et
1569 4722 1835 4790 oculatus,
1892 4729 1954 4775 ut

292 4809 501 4880 dicam,
526 4811 700 4880 testis,
734 4811 833 4865 hac
868 4811 926 4864 in
985 4827 1044 4866 re
1101 4810 1211 4879 ﬁde
1255 4812 1454 4882 dignus
1498 4814 1594 4877 est,
1656 4819 1773 4865 tam
1820 4813 1953 4881 quia

292 4900 437 4954 tanti
465 4899 754 4968 antistitis,
793 4901 890 4970 qui
918 4900 1016 4954 illo
1046 4916 1158 4955 (evo
1184 4917 1283 4970 pro
1312 4900 1566 4956 Ecclesiae
1597 4901 1805 4954 lumine
1829 4916 1952 4970 pas-

289 4989 401 5043 sim
420 4987 745 5059 habebatur,
771 5005 982 5044 annnm
1011 4989 1194 5044 obitus
1250 5006 1360 5045 non
1420 4989 1633 5045 videtur
1688 4992 1952 5057 ignorare

286 5079 577 5149 potuisse;
629 5085 746 5132 tum
793 5080 926 5149 quia
980 5079 1084 5148 ﬁde
1136 5079 1505 5148 dignioribus.
1569 5095 1758 5150 nempe
1814 5079 1951 5149 ipsis

292 5167 588 5222 Athanasii
615 5169 1033 5238 successoribus,
1062 5169 1504 5223 accinit.Eadem
1557 5168 1616 5223 in
1677 5167 1949 5234 Cuesnel-

293 5256 418 5312 lum
451 5261 822 5328 regeruntur,
847 5257 947 5329 qui
970 5256 1300 5329 Hieronymi
1328 5258 1728 5314 auctoritatem
1763 5257 1835 5312 ab
1886 5275 1949 5314 se

293 5345 446 5402 male
469 5350 802 5418 perceptam
827 5363 960 5401 cum
991 5346 1250 5402 Proterio
1283 5347 1554 5418 componi
1603 5363 1777 5419 posse
1831 5347 1942 5401 im-

291 5435 502 5490 merito
524 5436 772 5490 censuit.
828 5435 958 5490 Haec
1005 5435 1206 5491 omnia
1263 5437 1335 5491 ob
1387 5435 1586 5492 oculos
1631 5453 1942 5508 repraesen-

288 5528 412 5579 tare
469 5540 666 5579 v13um
715 5528 824 5595 est,
884 5529 948 5580 ut
996 5525 1231 5596 plenius
1276 5523 1639 5596 intelligatur
1720 5543 1942 5580 annum

285 5611 678 5672 emortualem
735 5613 1050 5671 Athanasit
1103 5615 1175 5671 ab
1219 5616 1285 5671 A.
1356 5613 1422 5670 D.
1469 5614 1575 5670 372
1615 5631 1732 5671 non
1816 5631 1945 5672 esse

285 5701 705 5770 amovendum.

2060 4715 2529 4786 circnmspectis,
2562 4714 3024 4785 haudquaquam
3047 4715 3246 4770 mirari
3279 4719 3458 4787 subit,
3509 4720 3558 4774 si
3608 4722 3712 4778 ist-

2061 4806 2181 4860 haec
2212 4805 2416 4860 Latina
2441 4801 2768 4870 translatio,
2801 4807 3001 4874 utpote
3028 4803 3235 4860 saltem
3269 4823 3338 4861 ex
3368 4810 3712 4882 apographo

2061 4894 2258 4950 minus
2281 4896 2505 4966 intigro
2537 4897 2791 4965 accepta:
2827 4909 2888 4947 se
2920 4893 2979 4946 in
3017 4892 3286 4964 pluribus
3317 4898 3712 4970 cppidovitio-

2061 5001 2185 5039 sam
2219 4984 2412 5055 prodit
2447 5001 2459 5049 ;
2497 4983 2577 5037 ita
2607 4989 2672 5036 ut
2695 4982 2788 5037 uai
2831 4981 2912 5037 ait
2968 4988 3035 5036 A.
3099 4983 3165 5038 D.
3229 4986 3353 5056 374,
3417 4990 3714 5058 superstite

2059 5075 2373 5139 Athanaszo,
2399 5073 2684 5127 Pascham
2720 5072 2776 5126 in
2807 5073 3224 5143 subsequentem
3277 5074 3710 5134 hebdomadam

2059 5163 2391 5218 translatum
2421 5162 2621 5230 fuisse,
2653 5161 2878 5234 absque
2902 5161 3017 5216 alia
3047 5163 3711 5238 explicatione,perpau-

2058 5270 2185 5309 cam
2220 5253 2394 5308 ﬁdem
2421 5255 2731 5307 mereatur.
2769 5251 2887 5305 Hoc
2916 5268 3055 5306 sane
3079 5253 3438 5323 jamdudum
3486 5255 3709 5313 criticis

2058 5345 2348 5414 majorum
2367 5342 2630 5415 gentium
2647 5339 2930 5411 suboluit,
2957 5358 3102 5412 quos
3132 5359 3506 5416 nequaquam
3530 5346 3712 5402 movit

2057 5433 2235 5505 hujus
2267 5430 2521 5503 epistolae
2554 5430 2892 5494 auctoritas,
2919 5435 2984 5485 ut
3014 5430 3072 5485 in
3103 5433 3168 5486 A.
3206 5438 3267 5487 υ.
3317 5435 3423 5488 373
3481 5435 3707 5493 obitum

2055 5521 2354 5577 Athanasii
2389 5520 2857 5577 conferrent.Nee
2871 5524 3072 5574 auctor
3090 5538 3247 5576 novae
3269 5523 3543 5578 editionis
3560 5523 3709 5597 Ope-

2054 5629 2186 5668 rum
2219 5609 2408 5667 sancti
2439 5609 2650 5665 Leonis
2681 5607 3176 5681 Magni,quiillam
3202 5610 3512 5682 epistolam
3547 5616 3708 5672 temo

2055 5701 2098 5776 Ι,
2131 5716 2265 5778 pag.
2298 5702 2405 5759 646
2463 5715 2533 5758 ex
2560 5698 2759 5760 codice
2789 5697 3097 5759 Oxoniensi
3123 5699 3585 5763 emendatiorem
3615 5701 3707 5766 in-
