4160 6388
473 386 694 440 CCLVIII

1876 373 2487 466 PROLEGOMENA.

471 511 675 576 seruit,
701 508 773 563 ab
797 507 957 564 omni
991 507 1220 564 macula
1258 507 1584 563 immunem
1618 508 1860 565 reddere
1911 509 2118 581 potuit.
2153 509 2208 575 Α
2239 509 2334 562 471
2373 508 2711 580 anticipare,
2745 523 2933 580 neque
2972 523 3160 581 usque
3213 508 3284 564 ad
3347 514 3417 564 A.
3475 509 3542 566 D.
3602 509 3710 566 373
3775 510 3891 567 dif-

472 599 621 653 Hinc
661 597 1075 653 Bollandianos
1108 597 1548 653 continuatores
1583 598 1840 670 suspicio
1868 599 2130 667 incessit,

470 688 748 760 primitus
780 687 838 742 in
872 687 1066 742 codice
1098 689 1292 742 Grmco
1326 685 1541 742 lecium
1573 688 1757 743 fuisse
1777 681 2128 756 ἀποϐιὸντος,

466 777 746 848 defuncto,
779 777 838 832 in
869 778 1042 846 cujus
1075 775 1493 848 postealocum
1551 777 1702 832 facili
1757 793 1948 833 errore
2011 774 2126 829 ἐπι-

469 859 717 932 ϐιὸντος,
749 867 1064 937 superstite,
1094 865 1167 919 ab
1201 864 1439 920 librario
1473 867 1782 937 scriptum,
1819 866 1903 921 vel
1935 866 2008 920 ab
2039 865 2127 920 in-

468 959 719 1026 terprete
750 954 964 1009 lectum
999 954 1472 1015 fuerit.Petavius
1495 955 1554 1009 in
1588 955 1742 1009 notis
1773 955 1841 1009 ad
1859 955 2126 1010 eamdem

467 1043 774 1116 epistolam
809 1060 877 1098 ex
908 1044 1109 1099 codice
1137 1043 1339 1099 Jacobi
1370 1043 1662 1099 Sirmondi
1694 1045 1765 1098 ab
1798 1061 1860 1098 se
1907 1043 2124 1098 editam

466 1135 577 1188 sub
611 1133 784 1188 tinem
811 1133 951 1187 tomi
985 1133 1032 1187 Il
1093 1134 1167 1188 De
1223 1133 1477 1188 doctrina
1530 1139 1859 1204 temporum,
1921 1137 2123 1187 Prote-

465 1222 618 1277 rium
649 1221 1078 1278 hallucinatum
1111 1222 1673 1294 existimavit,quasi
1708 1238 1917 1294 nempe
1946 1221 2125 1276 Atha-

463 1312 719 1378 nasium,
754 1313 852 1384 qui
890 1316 1024 1367 ante
1056 1313 1409 1379 decesserat,
1471 1311 1662 1367 adhuc
1713 1311 1810 1366 illo
1863 1315 2125 1382 tempore

461 1401 678 1458 vixisse
705 1401 1034 1457 crediderit.
1070 1399 1484 1456 Tillemontius
1504 1406 1664 1457 tomo
1693 1401 2119 1472 Vlll,pag.720,

463 1507 715 1546 errorem
747 1489 882 1544 inde
915 1488 1053 1544 oriri
1091 1491 1352 1560 potuisse
1383 1489 1695 1560 consentit,
1730 1491 1888 1561 quod
1917 1494 2120 1546 Prote-

464 1579 588 1634 rius
619 1579 676 1633 in
709 1577 998 1634 tabulario
1033 1578 1298 1633 Ecclesiae
1329 1578 1736 1634 Alexandrinae
1769 1577 1996 1633 Pascha
2017 1595 2119 1650 pro

461 1670 524 1724 Α.
561 1669 627 1723 D.
661 1669 767 1722 373
793 1667 1009 1739 pridem
1030 1667 1104 1722 ab
1153 1667 1478 1722 Athanasio
1536 1667 1833 1740 digestum
1895 1683 2120 1739 compe-

471 1756 666 1825 risset,
701 1756 1174 1828 ordinatumque,
1209 1756 1268 1810 ui
1301 1774 1367 1812 eo
1390 1773 1555 1817 .anno
1586 1755 1982 1812 celebraretur
2025 1755 2120 1812 die

459 1863 590 1900 χχχι
623 1863 636 1915 ;
671 1846 786 1901 hou
817 1862 948 1902 vero
969 1862 1099 1900 xxxv
1149 1845 1341 1901 Martii

460 1952 620 1991 nasse
642 1935 832 2006 potuit
859 1937 925 1990 A.
966 1936 1026 1990 D.
1054 1935 1304 1999 371,imo
1336 1951 1469 1990 vero
1501 1935 1625 2002 372,
1647 1940 1713 1990 ut
1762 1934 1986 1990 statim'
2016 1952 2116 2007 pa-

458 2025 621 2090 tebit,
655 2025 920 2096 Idipsum
954 2025 1183 2096 pridem
1221 2025 1594 2095 conjecerant
1626 2023 1891 2079 Bollandi
1927 2024 2116 2079 conti-

459 2117 755 2181 nuatores,
790 2113 1116 2169 Proterium
1172 2129 1445 2169 narrasse
1505 2113 1634 2180 rati,
1668 2130 1783 2168 non
1843 2112 1981 2184 quid
2029 2113 2113 2168 fa-

456 2205 616 2258 ctum
649 2208 715 2258 A.
777 2203 842 2257 D.
907 2203 1012 2257 373
1068 2197 1259 2258 adhuc
1305 2205 1596 2274 superstite
1635 2203 1954 2270 .lthanasio,
2008 2203 2110 2257 sed

456 2292 598 2364 quid
633 2292 994 2348 Athanasius
1020 2292 1212 2347 adhuc
1244 2297 1545 2364 superstes
1565 2307 1668 2362 pro
1684 2293 1950 2363 ejusdem
1971 2291 2110 2346 anni

454 2381 840 2439 celebratione
891 2381 1213 2448 Paschatis,
1264 2381 1499 2437 biennio
1570 2380 1742 2435 cilius
1828 2381 2106 2448 fecisset;

454 2471 934 2543 quandoquidem
965 2471 1025 2525 in
1057 2470 1316 2526 Ecclesia
1344 2469 1734 2525 Alexandrina
1755 2468 1967 2524 tabulae
2008 2469 2109 2523 Pa-

453 2560 752 2616 schalesin
768 2565 1138 2615 antecessum
1153 2557 1980 2631 digerebanturexpraascripto
1999 2573 2105 2612 con

452 2648 570 2703 cilii
598 2647 1012 2719 Niczeni,cujus
1018 2646 1315 2719 judicium
1329 2664 1422 2703 res
1443 2645 1749 2720 paschales
1774 2647 2100 2703 subierant.

523 2775 577 2826 7.
610 2773 721 2827 Sed
753 2772 1105 2843 conjectnris
1145 2772 1550 2842 praestantium
1602 2770 1836 2843 ingenio
1897 2776 1956 2826 et
2001 2771 2102 2826 do-

452 2861 610 2917 trina
638 2861 895 2917 virorum
929 2861 1220 2932 sepositis,
1255 2877 1460 2917 omnes
1490 2859 1906 2916 difﬁcultatum
1967 2860 2104 2916 nodi

453 2949 624 3004 facile
653 2948 1070 3016 dissolventur,
1103 2950 1153 3005 si
1173 2953 1425 3004 veterem
1458 2953 1515 3004 et
1543 2966 1777 3004 sacrum
1811 2948 1978 3004 illum
2021 2949 2103 3005 rei

453 3038 748 3111 paschalis
779 3038 1194 3094 denuntiandae
1221 3038 1400 3093 ritum
1435 3038 1666 3110 penitus
1696 3037 2104 3110 introspexeri-

453 3128 930 3184 mus.Enimvero
963 3145 1096 3183 cum
1127 3127 1400 3200 episcopo
1432 3127 1828 3183 Alexandrino
1856 3127 2097 3183 curain-

450 3218 753 3274 cumberet
782 3217 1198 3289 investigandas
1229 3217 1490 3288 diei,qua
1523 3217 1749 3272 Pascha
1778 3217 2099 3315 quotannis
2130 3248 2172 3315 Ο

449 3306 884 3377 celebrandum,
920 3310 985 3361 ut
1013 3311 1173 3378 patet
1229 3323 1296 3362 ex
1351 3305 1598 3378 epistola
1651 3307 1740 3377 94,
1803 3304 1948 3361 alias
2005 3307 2095 3374 64,

449 3396 634 3453 sancti
679 3396 879 3452 Leonis
937 3397 1131 3468 Magni
1178 3397 1249 3450 ad
1312 3395 1674 3450 Marcianum
1730 3397 2096 3467 Augustum;

445 3485 802 3541 Athanasius
834 3502 949 3540 non
994 3489 1059 3540 A.
1095 3489 1161 3540 Ι).
1193 3486 1429 3555 37l,sed
1461 3484 1945 3556 372,investigare
1999 3485 2096 3540 de-

448 3574 578 3629 buit
606 3574 763 3629 diem
790 3573 1093 3631 Paschatis
1126 3572 1267 3628 anni
1294 3573 1658 3644 insequentis
1684 3573 1808 3639 373,
1865 3573 1935 3628 de
1984 3589 2099 3644 quo

449 3667 677 3719 mature
706 3667 862 3718 certa
891 3663 1168 3718 reddetur
1197 3661 1521 3723 apostolica
1575 3662 1766 3729 sedes,
1829 3667 1894 3716 ut
1935 3662 2098 3728 huius

445 3753 642 3823 scripti
672 3752 746 3807 ad
775 3753 1184 3823 longinquiores
1217 3751 1481 3806 Ecclesias
1539 3750 1812 3807 indicium
1869 3767 2097 3820 genera-

449 3841 578 3896 liter
601 3839 1054 3911 percurreret,ait
1086 3839 1231 3895 idem
1246 3841 1504 3911 pontifex
1538 3857 1550 3907 ;
1587 3855 1722 3894 nam
1755 3845 1887 3910 post
1936 3856 2096 3895 acce-

449 3933 614 4001 ptum
647 3929 718 3984 ab
749 3928 1140 3984 Alexandrino
1172 3928 1588 3994 consilium,ad
1603 3928 1868 3983 eamdem
1901 3929 2098 3985 sedem

448 4016 830 4089 apostolicam
863 4017 1194 4090 pertinebat
1211 4017 1364 4072 diem
1385 4017 1687 4072 Paschatis
1705 4018 1962 4073 secuturi
1988 4035 2101 4074 om-

443 4106 1069 4166 nibus_Occidentalium
1095 4108 1341 4178 partium
1360 4106 1729 4161 sacerdotibus
1782 4107 2097 4163 denuntia-

446 4212 528 4264 re,
570 4202 636 4250 ut
665 4195 856 4267 inquit
888 4196 1042 4251 idem
1077 4196 1189 4250 Leo
1217 4195 1464 4267 Magnus
1495 4195 1664 4266 epist.
1706 4196 1909 4264 112,ad
1941 4197 2098 4252 Mar-

445 4285 678 4341 cianum
710 4285 1370 4357 Augustum;nimirum
1385 4285 1612 4340 cunctis
1643 4285 1889 4341 Romani
1922 4285 2099 4357 patri-

444 4375 720 4430 archatus
754 4373 1140 4446 metropolitis
1172 4391 1274 4446 per
1294 4373 1548 4441 Italiam,
1601 4374 1896 4447 Illyricum
1955 4375 2098 4431 soli-

446 4465 612 4532 dum,
647 4463 1004 4530 Britannias,
1038 4462 1277 4530 Gallias,
1343 4462 1651 4535 Hispanias
1709 4469 1765 4519 et
1819 4465 2093 4533 Africam,

442 4569 655 4625 nempe
684 4553 788 4609 toti
820 4553 1061 4625 Europa:
1084 4569 1270 4626 usque
1300 4554 1370 4609 ad
1403 4553 1736 4620 Thraciam,
1787 4553 1965 4626 idque
2013 4571 2098 4611 se-

2244 597 2392 652 ferre
2424 597 2645 667 debuit,
2681 613 2784 653 nec
2819 598 3032 669 potuit,
3075 597 3587 670 investigationem
3646 603 3704 654 et
3757 617 3894 672 prie-

2241 686 2666 742 nuntiationem
2697 686 2816 741 diei
2851 685 3146 759 paschalis
3178 704 3281 760 pro
3302 688 3506 742 eodem
3538 690 3604 743 A.
3640 688 3706 744 D.
3768 689 3889 745 3’73.

2240 784 2414 839 Porro
2445 785 2600 840 diem
2633 783 2992 856 paschalem,
3026 801 3129 856 per
3160 784 3468 840 universas
3513 786 3744 858 Egypti
3793 787 3894 842 Ec-

2239 872 2448 928 clesias
2479 873 2974 940 denuntiandum,
3009 874 3066 928 in
3099 874 3447 945 precedenti
3480 874 3625 929 festo
3642 874 3892 947 Epipha-

2238 963 2367 1030 niae,
2395 962 2774 1017 diaconorum
2799 963 3090 1034 praeconio
3122 965 3276 1034 apud
3303 962 3724 1019 Alexandrinos
3754 963 3882 1019 vul-

2237 1051 2361 1122 gari
2421 1051 2828 1120 consuevisse,
2878 1052 3169 1124 praecipue
3213 1056 3445 1108 constat
3501 1069 3566 1107 ex
3617 1052 3885 1109 Cassiani

2233 1139 2626 1208 collatione‘x,
2661 1158 2788 1213 cap.
2822 1142 2876 1196 2.
2909 1143 2980 1196 At
3010 1158 3143 1197 vero
3173 1141 3397 1198 litteras
3446 1142 3750 1213 paschales
3809 1143 3880 1199 ab

2233 1230 2494 1285 antistite
2519 1230 2907 1286 Alexandrino
2927 1231 2996 1285 ad
3033 1231 3387 1299 Romanum,
3415 1248 3450 1287 a
3478 1247 3593 1303 quo
3644 1231 3882 1304 reliquae

2233 1324 2552 1391 accepturae
2576 1323 2772 1375 essent
2795 1319 3081 1386 Ecclesiae,
3112 1337 3265 1376 anno
3296 1320 3582 1392 superiori
3618 1321 3882 1392 praemis-

2232 1424 2350 1477 sas,
2376 1408 2502 1478 jam
2553 1407 2851 1464 adnotavit
2901 1409 3184 1464 Baronius
3238 1410 3303 1464 A.
3362 1414 3425 1465 Ι).
3485 1409 3651 1482 399§
3701 1411 3793 1477 52,
3853 1428 3885 1466 ιι

2235 1496 2467 1552 Norisio
2499 1514 2801 1570 perperam
2835 1498 3121 1554 refutatus
3151 1497 3252 1554 lib.
3291 1515 3308 1553 ι
3347 1500 3483 1553 Hist.
3535 1500 3882 1571 Pelagianae,

2231 1602 2356 1656 cap.
2395 1587 2767 1658 2.Siquidem
2801 1591 2908 1642 Leo
2935 1587 3202 1660 Magnus,
3236 1592 3474 1660 accepta
3530 1605 3563 1644 a
3617 1589 3881 1645 Proterio

2228 1674 2622 1743 Alexandrino
2656 1675 2922 1748 epistola,
2955 1677 3026 1733 de
3059 1694 3176 1748 qua
3207 1677 3460 1748 agimus,
3495 1677 3885 1735 utcelebratio

2227 1764 2532 1820 Paschatis
2561 1767 2625 1819 A.
2660 1765 2726 1820 D.
2763 1767 2869 1820 455
2897 1764 3318 1838 explicabatur‘
3382 1766 3538 1821 idem
3607 1783 3884 1824 summus

1393 1864 1405 1901 :
1459 1846 1615 1917 quod
1644 1887 1657 1913 ,
1697 1845 1909 1917 inquit,
1961 1845 2106 1901 ordi-

2229 1862 2487 1933 pontifex
2516 1863 2586 1917 de
2617 1879 2777 1918 more
2804 1865 3074 1934 episwpis
3099 1880 3197 1935 per
3227 1863 3437 1920 Gallias
3467 1871 3527 1919 et
3578 1865 3880 1936 Hispanias

2226 1953 2537 2007 constitutis
2567 1950 2792 2006 Pascha
2824 1951 2962 2006 anni
2996 1951 3253 2007 secutnri
3285 1952 3652 2008 denuntiavit
3681 1971 3716 2007 v
3771 1955 3880 2009 Ka-

2227 2039 2413 2094 lendas
2444 2039 2716 2110 Augustas
2739 2041 3118 2112 praecedentis
3143 2041 3281 2096 anni
3313 2042 3440 2110 454,
3473 2046 3538 2098 nt
3567 2041 3752 2114 liquet
3808 2059 3883 2098 ex

2222 2127 2469 2200 epistola
2519 2129 2639 2199 109,
2692 2128 2837 2184 alias
2897 2131 2987 2184 95.
3045 2130 3157 2185 Leo
3215 2134 3410 2186 autem
3471 2130 3718 2202 epistola
3774 2132 3882 2186 112

2222 2218 2586 2274 Marcianum
2617 2222 2947 2291 Augustum
2979 2220 3283 2276 certiorem
3316 2221 3509 2276 reddit
3541 2221 3610 2277 de
3651 2221 3746 2278 die
3775 2240 3881 2296 pa-

2221 2308 2403 2363 schali
2440 2325 2569 2364 mox
2599 2314 2895 2378 secuturo,
2929 2314 2994 2364 ut
3024 2311 3096 2365 ab
3153 2327 3216 2365 se
3275 2311 3499 2366 dudum
3559 2311 3880 2384 episcopis,

2219 2397 2357 2467 sive,
2392 2402 2456 2452 ut
2485 2397 2612 2469 ipsa
2641 2399 2770 2469 ejus
2799 2399 2976 2454 verba
3028 2415 3333 2471 usurpem,
3393 2399 3672 2455 omnibus
3722 2400 3881 2456 Occi-

2215 2486 2522 2541 dentalium
2543 2490 2790 2558 partium
2819 2488 3188 2544 sacerdotibus
3218 2490 3475 2544 intimate
3505 2507 3524 2544 :
3555 2505 3717 2560 quem
3740 2490 3870 2545 Ale-

2214 2576 2488 2631 xandrini
2524 2577 2764 2648 episwpi
2792 2576 3094 2632 declaravit
3127 2579 3435 2633 instructio.
3461 2577 3725 2633 Profecto
3759 2577 3871 2634 hoc

2213 2665 2436 2736 ipsum,
2475 2665 2640 2721 nulla
2676 2683 2828 2738 pene
2885 2665 2941 2721 vi
2997 2666 3255 2738 epistola:
3304 2666 3652 2722 Proteriana:
3709 2667 3874 2724 illata

2213 2754 2370 2810 haud
2402 2754 2654 2810 obscure
2685 2755 3112 2826 subsequentia
3133 2757 3306 2811 verba
3335 2754 3495 2828 loqui
3545 2755 3822 2812 videntur
3855 2773 3867 2810 :

2212 2854 2268 2906 in
2293 2855 2616 2921 octogesimo
2646 2869 2790 2909 nono
2822 2852 3040 2924 quidem
3070 2869 3215 2908 anno
3263 2854 3332 2909 ab
3393 2855 3624 2925 imperio
3661 2855 3871 2911 Diocle-

2210 2942 2375 3008 tiani,
2413 2943 2711 3013 superstite
2749 2943 2915 2998 beata:
2947 2945 3222 2998 memoria
3251 2947 3421 2998 Patre
3447 2951 3631 2998 nostro
3661 2951 3712 2998 et
3742 2946 3867 3013 epi-

2209 3045 2367 3102 scopo
2398 3031 2714 3086 Athanasio.
2751 3031 2995 3087 Latinus
3028 3031 3313 3103 interpres
3330 3032 3640 3087 verborum
3699 3033 3866 3088 ordi-

2209 3136 2344 3175 nem
2376 3119 2639 3175 nonnihil
2678 3120 2938 3189 invertit,
2998 3121 3155 3176 unde
3211 3121 3480 3191 quaedam
3533 3121 3869 3179 obscuritas

2209 3212 2336 3264 orta
2366 3214 2474 3274 est,
2503 3225 2637 3264 cum
2672 3209 2925 3265 scribere
2954 3209 3263 3266 debuisset
3295 3227 3307 3265 :
3344 3212 3638 3280 superstite
3686 3211 3868 3269 beatae

2210 3302 2488 3353 memoriae
2516 3299 2684 3354 Patre
2710 3301 2892 3354 nostro
2921 3306 2972 3353 et
2999 3300 3244 3370 episcopo
3275 3299 3574 3354 Athanasio
3631 3299 3870 3372 (nempe

2211 3390 2270 3442 Α.
2307 3387 2371 3443 D.
2406 3387 2619 3457 372),in
2644 3389 2969 3456 octogesimo
2998 3404 3140 3443 nono
3179 3388 3397 3458 quidem
3426 3404 3572 3444 anno
3631 3389 3870 3461 (nempe

2209 3482 2277 3531 Α.
2311 3477 2376 3532 D.
2410 3477 2560 3548 373),
2592 3477 2802 3532 Pascha
2854 3477 3186 3532 translatum
3243 3482 3342 3546 est,
3387 3483 3522 3539 etc.,
3581 3477 3724 3533 adeo
3807 3483 3872 3534 ut

2207 3567 2297 3620 vir
2327 3570 2568 3621 sanctus
2612 3565 2804 3621 adhuc
2865 3570 3165 3638 superstes
3223 3572 3284 3620 A.
3341 3571 3406 3621 1).
3453 3568 3581 3635 372,
3640 3567 3871 3623 Pascha

2210 3654 2347 3709 anni
2380 3655 2484 3707 373
2515 3654 2574 3708 in
2607 3654 3064 3726 subsequentem
3122 3655 3553 3711 hebdomadam
3605 3657 3868 3713 transfe-

2210 3743 2456 3798 rendum
2488 3743 2799 3798 curaverit.
2832 3745 3035 3798 Annus
3058 3742 3401 3799 Diocletiani
3433 3745 3598 3815 89,ex
3628 3745 3867 3802 Petavio

2208 3831 2311 3888 lib.
2341 3850 2397 3901 x,
2427 3849 2554 3904 cap.
2586 3833 2680 3899 72,
2710 3831 2894 3887 iniita
2953 3832 3146 3888 Thoth
3206 3833 3338 3904 fixo,
3386 3851 3597 3906 nempe
3646 3835 3716 3890 ab
3774 3834 3869 3890 die

2208 3939 2344 3976 xxrx
2370 3921 2617 3994 Augusti
2647 3925 2712 3977 A.
2747 3921 2813 3976 D.
2837 3922 2962 3989 372,
2992 3926 3124 3994 post
3163 3923 3290 3992 jam
3341 3927 3638 3978 mortuum
3688 3923 3870 3979 Atha-

2210 4011 2464 4080 nasium,
2498 4010 2596 4082 qui
2628 4015 2826 4066 tamen
2861 4010 3053 4066 adhuc
3080 4015 3378 4083 superstes
3407 4012 3724 4068 Ecclesiam
3743 4029 3870 4069 mo-

2209 4101 2346 4155 nuit
2373 4099 2622 4172 epistola
2654 4099 2916 4172 paschali
2947 4101 3014 4154 47
3041 4101 3112 4156 de
3141 4101 3524 4157 translatione
3555 4101 3865 4158 Paschatis

2209 4189 2349 4244 anni
2379 4189 2504 4259 373,
2539 4189 2804 4260 proxime
2837 4189 3116 4245 secuturi.
3150 4189 3280 4245 Haec
3318 4190 3486 4246 nobis
3517 4190 3574 4245 in
3609 4206 3668 4246 re
3719 4190 3865 4248 hac-

2207 4280 2380 4332 tenus
2413 4277 2665 4333 maxime
2695 4278 2896 4346 dubia,
2935 4295 3068 4334 vero
3120 4279 3412 4352 propiora,
3471 4283 3528 4335 et
3567 4283 3865 4351 quantum

2208 4365 2444 4438 assequi
2475 4383 2794 4438 possumus
2828 4367 3066 4438 clara,et
3092 4368 3526 4440 quodammodo
3553 4372 3710 4425 certa
3738 4367 3870 4425 visa

2207 4460 2365 4512 sunt.
2401 4455 2590 4519 Quare
2615 4455 2743 4527 jam
2769 4457 3007 4512 tandem
3039 4456 3098 4512 in
3129 4463 3430 4530 comperto
3472 4462 3580 4525 est,
3639 4475 3868 4514 annum

2205 4545 2333 4614 372,
2360 4561 2474 4616 quo
2507 4544 2885 4616 ModestusZet
2913 4545 3243 4601 Arinthaeus
3258 4545 3534 4603 consules
3564 4562 3872 4619 processe-

442 4643 704 4698 cundum
738 4658 1024 4697 canonem
1059 4644 1083 4696 1
1120 4642 1350 4698 conciiii
1385 4660 1402 4697 1
1459 4642 1816 4700 Arelatensis
1874 4644 1935 4698 in
1981 4644 2096 4699 edi-

2216 4639 2347 4689 runt
2377 4633 2538 4689 obitu
2562 4633 2763 4704 magni
2794 4633 2907 4688 viri
2939 4634 3231 4706 insignem
3291 4635 3495 4706 fuisse,
3544 4639 3748 4708 totque
3803 4651 3870 4691 ac

441 4732 599 4786 tione
631 4731 842 4787 Labbei
876 4735 1021 4786 tom.
1057 4731 1101 4802 Ι,
1135 4748 1268 4804 pag.
1307 4733 1465 4786 1427.
1499 4732 1646 4788 Vide
1677 4732 1973 4789 Norisium
2033 4733 2092 4789 in

443 4820 759 4892 Responsis
784 4821 855 4876 ad
919 4820 1098 4876 Geras
1155 4837 1466 4894 germanas
1526 4821 1815 4878 Francisci
1875 4823 2093 4878 Macedi

442 4925 575 4982 pag.
609 4910 699 4979 41,
735 4914 811 4976 et,
849 4909 898 4964 si
958 4909 1117 4966 libet.
1179 4908 1420 4964 consule
1484 4909 1658 4965 etiam
1718 4911 2094 4966 Franciscum

442 4998 872 5054 Bernardinum
905 4997 1237 5053 Ferrarium
1271 4999 1329 5052 in
1362 4997 1510 5053 libro
1543 5016 1582 5066 1,
1614 5015 1738 5071 cap.
1772 5001 1948 5065 25,De
1980 5003 2096 5056 ritu

437 5104 731 5144 sacrarum
751 5087 1378 5157 concionum,Ejusdem
1398 5087 1642 5142 Romani
1658 5089 2095 5159 patriarchatus

440 5176 890 5249 amplitudinem
912 5176 1005 5232 his
1023 5177 1210 5231 verbis
1230 5176 1486 5231 innuunt
1503 5176 1694 5232 Patres
1725 5176 2094 5234 Arelatenses

439 5265 500 5319 in
530 5265 780 5338 epistola
809 5265 1076 5335 synodali
1109 5266 1179 5321 ad
1195 5270 1472 5320 sanctum
1495 5265 1836 5321 Silvestrum
1854 5267 2092 5338 pontiﬁ-

440 5369 723 5426 cem,pag.
760 5355 1035 5424 1419.Qui
1061 5355 1303 5426 majores
1334 5356 1580 5411 diueseses
1611 5359 1758 5411 tenes
1788 5358 1978 5427 utique
1992 5374 2094 5429 pa-

439 5443 784 5512 triarchales,
819 5461 965 5515 quas
987 5445 1264 5516 superius
1295 5445 1834 5501 nominavi.Eadem
1868 5445 2094 5502 ratione

442 5535 681 5587 sanctus
713 5532 964 5588 Basilius
997 5535 1170 5609 epist.
1205 5535 1291 5602 10,
1320 5535 1391 5590 ad
1415 5534 1760 5606 Gregorium
1781 5535 2092 5591 Nazianze-

441 5625 778 5687 num,vocat
805 5621 1131 5679 Romanum
1163 5624 1495 5694 pontiﬁcem
1529 5622 1962 5679 Occidentalium
1990 5642 2092 5680 an-

439 5710 812 5784 tesignanum.
847 5712 1238 5778 Quamobrem
1265 5711 1625 5773 Athanasius
1651 5728 1840 5789 neque
1897 5716 1962 5774 A.
2021 5718 2089 5775 Ι).

2205 4727 2369 4779 tanta
2393 4721 2733 4779 testimonia
2746 4723 3003 4793 junctim
3035 4723 3306 4780 coeuntia
3336 4724 3596 4797 idipsum
3646 4725 3868 4780 conﬁr-

2206 4820 2391 4881 mant,
2421 4816 2487 4867 ut
2515 4828 2584 4867 ea
2613 4829 2739 4883 quas
2772 4811 3056 4869 aliorsum
3089 4813 3248 4869 abire
3278 4813 3570 4884 videntur,
3620 4815 3710 4870 vel
3767 4830 3863 4870 ex-

2205 4901 2430 4973 plicari,
2489 4900 2579 4956 vel
2621 4918 2752 4956 cum
2805 4902 3022 4958 nostris
3079 4901 3318 4958 calculis
3367 4903 3425 4958 in
3483 4903 3862 4960 concordiam

2207 4989 2416 5062 redigi,
2447 4989 2531 5045 vel
2569 4990 2809 5046 omnino
2843 4990 3004 5062 rejici
3036 4992 3426 5048 debeant.Sed
3461 5008 3583 5048 rem
3617 4992 3862 5048 omnino

2211 5079 2384 5134 unico
2414 5077 2751 5134 testimonio
2785 5079 2976 5135 adﬁuc
3000 5081 3328 5147 conﬁciam,
3367 5097 3551 5154 eoque
3602 5079 3862 5153 locuple-

2205 5167 2456 5239 tissimo,
2491 5167 2608 5223 huc
2638 5169 2912 5239 adducto,
2949 5186 3018 5225 ex
3048 5171 3294 5242 epistola
3326 5171 3510 5226 sancti
3542 5170 3736 5242 Cyrilli
3786 5169 3860 5224 ad

2206 5257 2512 5314 Aurelium
2557 5257 3074 5330 Carthaginensem
3134 5260 3398 5332 aliosque
3439 5259 3741 5332 episcopos
3799 5257 3860 5312 in

2217 5347 2488 5402 Africana
2520 5347 2740 5419 synodo
2781 5353 3160 5421 congregatos
3191 5350 3344 5421 apud
3382 5348 3680 5405 Petavium
3736 5352 3782 5403 t.
3813 5345 3862 5401 ΙΙ

2204 5437 2276 5492 De
2295 5436 2551 5492 doctrina
2574 5432 2901 5508 temporum,
2934 5455 3065 5510 pag.
3098 5440 3224 5509 503,
3257 5437 3532 5495 editionis
3561 5455 3625 5493 ιι.
3677 5435 3865 5492 Verba

2204 5523 2404 5597 Gyrilli
2456 5525 2574 5580 haec
2643 5529 2782 5580 sunt
2820 5542 2834 5580 :
2889 5527 2964 5582 De
3003 5529 3213 5584 Pascha
3241 5543 3388 5595 vero,
3420 5535 3485 5582 ut
3539 5526 3861 5598 scripsistis,

2201 5623 2535 5678 mandamus
2563 5639 2646 5678 υοι
2665 5625 2713 5678 is
2751 5641 2810 5678 1x
2843 5625 3113 5682 Kalendas
3159 5627 3333 5682 Maias
3379 5642 3476 5682 nos
3533 5625 3729 5681 futura
3779 5624 3866 5679 in-

2201 5712 2444 5774 dictione
2487 5711 2781 5771 celebrare.
2843 5713 2974 5773 Haec
3030 5718 3222 5790 futura
3280 5712 3525 5773 indictio
3583 5730 3651 5773 eo
3707 5727 3863 5772 anno
