4160 6390
1477 389 1580 451 DE
1624 389 1882 452 CULTU
1927 385 1991 447 S.
2038 380 2491 447 ATHANASII.

3510 401 3686 455 CCLIX

288 518 404 591 420,
438 519 547 577 fuit
573 538 661 590 ιιι,
692 521 963 595 iniitque,
997 523 1069 579 de
1098 539 1279 593 more,
1304 540 1337 578 a
1366 522 1640 579 Kalendis
1665 523 1922 593 Septem-
1954 526 2009 591 Α
2037 527 2091 574 el
2122 518 2245 573 dies
2266 535 2357 584 xv,
2390 516 2797 572 Athanasianm
2825 517 3126 587 sessionis,
3159 519 3379 578 ibidem
3402 526 3684 596 expressi,

288 610 501 666 bribus.
537 615 680 684 Ergo
711 612 977 684 epistola,
1010 612 1118 667 hoc
1150 612 1304 667 idem
1332 612 1753 683 praenuntians,
1781 610 1923 665 scri-

286 702 375 771 pta
406 703 493 755 est
522 702 588 754 A.
642 705 703 755 D.
738 703 861 772 419,
897 701 1215 757 indictione
1248 717 1327 767 II;
1384 702 1643 773 adeoque
1674 699 1925 771 Cyrillus

286 792 412 843 ante
440 789 844 860 Septembrem
876 792 1142 861 ejusdem
1171 790 1309 845 anni
1342 791 1464 857 419,
1499 790 1722 844 Pascha
1743 788 1922 843 futuri

286 877 413 932 anni
454 878 559 943 420
612 879 886 934 Patribus
951 879 1239 935 Africanis
1299 879 1670 950 signiﬁcavit.
1709 882 1929 932 Desunt

284 966 433 1021 enim
462 966 523 1020 in
558 967 904 1039 primigenio
936 968 1131 1023 codice
1154 970 1346 1023 Graeco
1378 968 1551 1022 verba
1578 966 1721 1032 hac,
1755 967 1922 1020 vKal.

284 1056 601 1127 Decembris,
663 1073 788 1127 quae
830 1074 1134 1129 perperam
1216 1061 1417 1112 assuta
1476 1056 1756 1128 leguntur
1814 1054 1927 1108 ini-

283 1144 358 1199 tio
382 1144 668 1201 versionis
700 1145 919 1201 Latinae
950 1147 1214 1217 ejusdem
1249 1145 1527 1217 epistolae,
1560 1149 1625 1199 ut
1656 1145 1927 1200 Petavius

283 1232 378 1288 lib.
428 1249 491 1299 ιι,
525 1233 699 1305 epist.
731 1234 785 1300 8,
845 1234 1124 1290 indicavit
1182 1234 1405 1306 [Egidio
1438 1232 1743 1290 Bucherio.
1794 1233 1925 1288 Jam

284 1338 408 1378 vero
434 1324 593 1394 quod
626 1323 877 1395 pertinet
906 1325 977 1379 ad
1018 1325 1174 1380 diem
1207 1324 1413 1379 mortis
1446 1323 1631 1378 sancti
1662 1323 1929 1377 Athana-

285 1410 371 1476 sii,
398 1410 571 1467 varia:
601 1412 923 1481 sententia,
948 1430 1109 1484 asque
1132 1430 1198 1469 ac
1231 1414 1301 1469 de
1322 1430 1497 1480 anno,
1523 1412 1923 1478 circumeunt;

284 1517 421 1571 quas
452 1516 661 1556 omnes
684 1506 950 1557 accurate
966 1506 1231 1557 recenset
1251 1501 1686 1565 Tillemontius,
1713 1504 1754 1554 t.
1779 1499 1926 1566 VIII,

284 1605 407 1661 pag.
440 1590 568 1655 722,
607 1589 707 1661 qui
761 1594 958 1645 tamen
1012 1608 1145 1646 cum
1180 1590 1579 1646 Bollandianis
1638 1591 1931 1657 observat,

284 1678 527 1743 Latinos,
556 1678 811 1744 Graecos,
845 1680 1145 1752 {Egyptios
1178 1696 1312 1735 eum
1343 1679 1531 1735 colere
1563 1679 1656 1734 die
1687 1696 1726 1733 ιι
1772 1678 1929 1748 Maii,

285 1783 485 1839 nempe
532 1784 624 1823 νη
667 1768 888 1824 mensis
936 1770 1232 1839 Bescinas,
1283 1770 1403 1823 sive
1454 1768 1777 1823 Pachonis:
1831 1767 1929 1839 qui

285 1857 402 1911 dies
433 1859 490 1911 A.
526 1857 595 1911 D.
647 1857 753 1911 372
782 1857 1037 1913 incidere
1067 1859 1270 1913 debuit
1313 1858 1372 1912 in
1407 1857 1631 1913 Feriam
1681 1874 1766 1924 ιιι,
1800 1872 1933 1910 cur-

284 1945 543 2001 rentibus
578 1950 721 2001 tunc
747 1945 953 2001 litteris
986 1946 1446 2002 Dominicalibus
1478 1949 1542 2001 A.
1569 1946 1632 2000 G.
1669 1945 1798 2015 Ipso
1830 1961 1935 1999 au-

284 2037 394 2089 tem
426 2034 519 2090 die
547 2052 633 2091 vn
662 2034 937 2090 Bescinas
969 2041 1241 2091 sanctum
1273 2033 1579 2107 praesulem
1612 2033 1933 2089 decessisse

286 2123 446 2179 docet
474 2124 808 2179 Chronicon
841 2123 1151 2195 Orientale,
1190 2141 1259 2179 ex
1287 2123 1532 2179 Arabico
1564 2122 1623 2176 in
1659 2122 1934 2177 Latinum

287 2229 614 2269 sermonem
662 2212 1011 2268 translatum
1064 2215 1136 2268 ab
1169 2212 1499 2268 Abrahamo
1552 2210 1932 2278 Ecchellensi,

287 2302 379 2356 ubi
408 2306 607 2359 tamen
668 2319 799 2374 pag.
856 2303 978 2370 117,
1032 2318 1337 2374 perperam
1387 2301 1602 2373 legitur
1641 2300 1733 2356 die
1788 2302 1935 2355 lovis

287 2408 385 2463 pro
413 2393 507 2448 die
537 2393 767 2461 Martis,
800 2409 1055 2448 errorem
1073 2408 1186 2464 que
1219 2392 1363 2447 satis
1384 2391 1641 2461 produnt
1666 2407 1761 2445 an.
1786 2407 1931 2457 XLVI,

2037 614 2093 663 et
2136 608 2373 662 deducti
2406 608 2478 662 ab
2526 607 2617 662 die
2657 625 2773 662 xxn
2811 608 3136 681 Pharmuti,
3172 628 3275 667 seu
3322 631 3438 669 xvn
3470 615 3685 687 Aprilis

2037 697 2174 752 anni
2206 698 2329 763 3'36,
2365 713 2476 767 quo
2510 695 2653 750 obiit
2702 701 2944 752 sanctus
2997 698 3343 767 Alexander,
3379 703 3686 760 Athanasii

2038 788 2346 850 decessor;
2381 802 2717 856 quanquam
2752 786 2897 841 alias
2938 788 3079 842 adeo
3114 788 3170 843 in
3206 794 3330 844 tuto
3377 792 3565 863 posita
3594 811 3688 849 res

2036 881 2142 936 est,
2176 880 2239 930 ut
2270 874 2458 929 fulciri
2491 892 2600 928 non
2635 882 2800 945 egeat
2824 878 3166 932 auctoritate
3188 878 3455 935 Chronici
3491 882 3690 938 Orien-

2034 964 2191 1033 talis,
2226 981 2350 1035 qua:
2371 981 2509 1017 sane
2540 970 2698 1017 extra
2720 980 2809 1018 res
2833 964 3271 1023 Muhamcdicas
3294 968 3454 1024 haud
3490 974 3689 1044 magni

2040 1055 2123 1121 fit,
2179 1052 2278 1107 ubi
2310 1070 2442 1107 cum
2495 1052 2923 1123 antiquioribus
2972 1071 3086 1109 non
3134 1058 3438 1125 convenit;
3491 1065 3693 1118 auctor

2039 1143 2196 1197 enim
2229 1146 2319 1196 est
2349 1158 2570 1206 recens,
2605 1142 2821 1213 quippe
2853 1142 2952 1214 qui
3001 1144 3297 1215 scripserit
3329 1147 3539 1219 Hegira
3561 1152 3689 1222 655,

2040 1248 2249 1302 nempe
2309 1233 2371 1284 Α.
2431 1230 2688 1284 D1257.
2733 1232 3015 1287 Caeterum
3070 1250 3173 1304 pro
3234 1236 3438 1290 eodem
3490 1254 3692 1296 mense

2040 1320 2191 1374 Maio
2214 1318 2522 1374 emortuali
2554 1308 2835 1374 invictum
2870 1327 3291 1391 argumentum
3316 1304 3692 1396 suppeditare

2040 1409 2333 1472 videntur,
2366 1408 2578 1479 quaede
2599 1408 2849 1463 Melania
2867 1409 3196 1466 retulimus.
3230 1414 3357 1468 lliec
3388 1414 3546 1469 enim
3568 1433 3694 1472 cum

2042 1500 2331 1566 ingruente
2349 1498 2471 1567 jam
2501 1497 2695 1564 hieme,
2732 1497 2839 1552 hoc
2888 1502 2976 1553 est
3004 1499 3157 1555 circa
3208 1501 3592 1561 Novembrem
3624 1509 3690 1562 A.

2046 1592 2106 1641 D.
2137 1588 2261 1657 371,
2298 1587 2583 1657 trajecerit
2612 1586 2671 1640 in
2716 1587 3048 1659 .‘Egyptum,
3085 1589 3284 1662 ibique
3313 1592 3469 1648 intra
3499 1611 3692 1651 seme-

2045 1681 2224 1732 strem
2258 1692 2483 1731 moram
2517 1675 2685 1747 pellis
2716 1676 2899 1732 OVIDEB
2948 1678 3020 1732 ab
3050 1679 3368 1736 Athanasio
3411 1683 3695 1741 morituro

2046 1767 2288 1821 domum
2350 1765 2653 1836 acceperit,
2719 1782 3087 1837 consequens
3162 1773 3251 1823 est
3308 1770 3696 1830 Athanasium

2045 1854 2261 1909 obiisse
2288 1853 2437 1908 intra
2472 1853 2632 1908 illam
2653 1860 2997 1911 semestrem
3019 1874 3269 1924 moram,
3299 1876 3422 1931 quas
3453 1862 3697 1919 Junium

2047 1943 2281 2015 quidem
2345 1960 2456 1997 non
2515 1943 2932 2012 transcendit;
2996 1963 3132 2000 nam
3193 1948 3581 2022 Hieronymus
3638 1952 3697 2007 in

2044 2030 2212 2103 epist.
2248 2032 2299 2097 1,
2334 2030 2477 2086 alias
2500 2033 2587 2098 41,
2622 2031 2807 2087 Media:
2830 2035 3042 2101 fervore
3101 2039 3313 2092 aestatis
3346 2038 3603 2108 Ruﬁnum
3649 2045 3700 2097 et

2042 2122 2343 2175 Mclamam
2394 2120 2454 2174 in
2524 2121 2766 2192 [Egypto
2825 2122 3018 2177 adhuc
3077 2141 3205 2180 esse
3263 2128 3527 2197 putabat,
3562 2146 3696 2186 cum

2043 2215 2239 2265 tamen
2292 2212 2511 2280 Egypt:
2566 2210 2921 2284 confessorcs,
2972 2217 3028 2267 et
3076 2216 3355 2271 voluntate
3393 2218 3517 2291 jam
3554 2237 3699 2275 mar-

2043 2304 2188 2370 tyres
2220 2303 2358 2354 tunc
2388 2299 2776 2365 exsulassent,
2831 2318 2979 2373 quos
3042 2304 3317 2361 continuo
3373 2316 3495 2378 post
3526 2310 3699 2366 Atha-

2042 2390 2197 2444 nasii
2225 2389 2434 2445 obitum
2464 2388 2905 2461 exsulassejam
2937 2393 3340 2462 patefecimus.

289 2574 3703 2601 Μ

940 2759 1149 2885 DE
1244 2690 1777 2889 CULTU
1885 2757 2007 2887 s.
2117 2756 3032 2936 ATHANASII.

853 3011 983 3065 Acta
1024 3009 1352 3065 Sanctorum
1394 3008 1672 3077 Bolland.,
1707 3008 1842 3065 Maii
1876 3008 2067 3135 dieggE3
2082 3012 2224 3134 ipsis;
2260 3008 2302 3078 Ι,
2334 3024 2466 3080 pag.
2499 3009 2629 3092 248,
2668 3011 2803 3066 Vita:
2845 3010 3140 3070 Athanasii

1761 3096 1926 3135 num.
2074 3110 2096 3120 -
2217 3122 2228 3133 .

1761 3096 1926 3151 num,
1958 3096 2228 3135 sse-45:).

286 3387 466 3444 Annus
512 3389 564 3443 et
597 3386 711 3443 dies
758 3387 956 3441 mortis
985 3388 1153 3467 atque
1199 3385 1410 3440 cultus:
1467 3385 1605 3440 Vita?
1643 3385 1932 3454 scriptores

932 3466 1282 3529 posteriores.

353 3573 509 3637 Quod
546 3573 623 3629 ad
654 3588 874 3628 annum
906 3572 1177 3644 pertinet,
1213 3587 1329 3644 quo
1362 3585 1391 3625 e
1438 3570 1584 3625 vivis
1616 3569 1762 3625 abiit
1792 3586 1933 3624 san-

285 3666 406 3719 ctus
434 3663 674 3729 Doctor,
733 3677 868 3717 eum
924 3661 1209 3727 Socrates,
1270 3659 1575 3731 proximus
1639 3676 1754 3714 aevo
1787 3658 1932 3714 scri-

282 3754 425 3822 ptor,
456 3751 565 3807 lib.
601 3768 678 3818 Iv,
712 3767 837 3823 cap.
874 3751 964 3817 16,
997 3752 1267 3805 notatum
1299 3748 1561 3820 reliquit,
1595 3771 1623 3799 ‹‹
1656 3748 1933 3803 Grationo

282 3856 319 3893 η
347 3846 401 3896 et
429 3841 625 3897 Probo
647 3839 1012 3906 consulibus,
1047 3854 1180 3894 cum
1213 3837 1384 3893 annis
1415 3836 1804 3910 quadraginta
1835 3853 1935 3892 sex

2045 3380 2341 3437 ratissima
2370 3380 2647 3437 habuisse
2672 3383 2947 3453 oportuit,
2972 3389 3172 3458 utpote
3219 3390 3482 3461 ejusdem
3533 3398 3689 3457 sedis

2044 3470 2407 3543 episcopum,
2442 3471 2834 3544 quadraginta
2854 3489 2953 3528 sex
2983 3492 3168 3532 annos
3190 3478 3561 3550 (quosetiam
3587 3487 3689 3544 ha-

2045 3559 2140 3614 bet
2183 3559 2473 3630 Socrates)
2505 3576 2722 3631 eosque
2756 3560 3014 3634 integros
3063 3566 3419 3625 Athanasius
3470 3575 3695 3633 sedisse

2044 3648 2299 3703 traditur
2323 3667 2407 3717 ;...
2444 3653 2673 3705 constat
2694 3654 2889 3706 autem
2912 3669 3065 3710 anno
3088 3659 3358 3727 sequenti
3390 3678 3424 3716 a
3445 3665 3691 3722 concilio

2042 3736 2272 3793 Niczeno
2307 3753 2514 3808 nempe
2545 3738 2778 3793 Domini
2807 3740 2912 3794 326
2962 3741 3143 3801 fuisse
3172 3751 3434 3806 creatum
3465 3753 3690 3824 episco-

2042 3844 2184 3898 pum
2231 3826 2713 3883 Alexandrinum.
2754 3852 2782 3878 »

278 3927 495 3985 interm
516 3928 639 3984 ulta
670 3927 929 4000 pericula
951 3928 1353 4000 episcopatum
1385 3927 1877 3982 administrasset.
1906 3947 1933 3975 »
1970 3923 2011 3988 C
2121 3924 2317 3997 Cyrilli
2340 3925 2515 3981 verba
2546 3925 2604 3981 in
2618 3926 2991 3998 epistolaiad
3006 3931 3431 3992 solitarioshaac
3446 3945 3613 3997 sunt:
3650 3949 3691 3997 0

279 4018 566 4076 Eumdem
598 4018 992 4090 consulatum,
1026 4018 1125 4089 qui
1167 4034 1388 4074 annum
1420 4017 1519 4071 371
1557 4021 1737 4081 notat,
1772 4031 1936 4072 eum-

283 4108 537 4180 demque
569 4124 858 4163 annorum
890 4107 1248 4179 episcopatui
1282 4106 1691 4177 impensarum
1725 4120 1937 4160 nume-

284 4212 407 4251 rum
432 4200 648 4254 notant
668 4201 870 4252 auctor
894 4197 1027 4251 Vita;
1058 4213 1387 4268 anonymus
1409 4202 1464 4250 et
1486 4194 1932 4266 Metaphrastes,

284 4288 580 4344 Socratem
612 4287 819 4341 secuti.
854 4285 1160 4350 Baronius,
1195 4285 1267 4340 ad
1298 4302 1394 4341 an.
1428 4284 1519 4352 69,
1544 4301 1707 4339 num.
1733 4284 1824 4354 36,
1857 4284 1938 4341 ita

287 4371 580 4445 loquitur:
644 4373 991 4446 «Tempora
1035 4376 1425 4428 annumerata
1480 4387 1585 4444 per
1641 4370 1934 4439 consules,

287 4459 697 4519 libentioribus
719 4466 859 4519 sunt
886 4461 1226 4533 accipienda
1248 4460 1511 4528 auribus,
1545 4477 1679 4515 cum
1713 4460 1938 4517 caeteris

290 4550 388 4607 illa
416 4552 807 4624 frequentior,
845 4550 1140 4607 liberalior
1171 4554 1229 4605 et
1276 4550 1469 4606 verior
1502 4553 1779 4605 noscatur
1810 4566 1939 4607 esse

292 4639 777 4715 chronographia,
812 4658 941 4713 quae
972 4658 1006 4696 a
1036 4639 1203 4697 fastis
1233 4640 1481 4695 deducta
1504 4642 1594 4695 est
1615 4638 1935 4694 consulari-

292 4729 418 4787 bus.
460 4732 630 4788 Certe
659 4730 899 4803 quidem
930 4747 1065 4786 cum
1094 4733 1287 4785 vetera
1308 4732 1689 4784 monumenta
1710 4729 1768 4784 in
1792 4729 1938 4783 anti-

294 4820 419 4891 quis
450 4820 838 4893 scriptoribus
885 4820 1183 4875 interdum
1232 4818 1564 4874 invenimus
1595 4817 1939 4873 consulibus

294 4924 417 4966 esse
446 4910 699 4982 signata,
732 4926 945 4983 magno
965 4908 1257 4964 afﬁcimur
1276 4907 1511 4980 gaudio,
1542 4907 1781 4979 perinde
1804 4924 1869 4963 ac
1890 4908 1939 4964 si

299 4996 356 5051 in
395 4998 657 5055 tenebris
706 4998 1000 5054 oberranti
1047 4998 1141 5053 fax
1170 4997 1365 5069 aliqua
1395 5000 1666 5068 exoptata
1710 4997 1942 5067 praeful-

297 5092 443 5158 geat.
479 5110 509 5139 »
542 5088 669 5144 Haec
700 5087 820 5155 ille,
855 5088 956 5144 sed
978 5086 1304 5160 postea,sui
1326 5085 1546 5142 oblitus
1567 5085 1709 5156 voti,
1740 5085 1943 5157 pracla-

296 5178 414 5232 tam
445 5177 557 5233 sibi
606 5195 641 5233 a
667 5181 900 5233 Socrate
945 5177 1132 5232 facem
1175 5175 1301 5248 ipse
1331 5174 1671 5247 exstinguit,
1706 5179 1941 5233 acturus

300 5262 800 5364 dea-Athanasii-
828 5270 1047 5334 morte;
1076 5281 1322 5364 eamque
1350 5264 1410 5318 in
1435 5264 1590 5318 notis
1620 5263 1691 5319 ad
1725 5264 1939 5364 Martii:
1972 5300 2017 5364 D

299 5352 603 5424 rologium,
631 5356 930 5411 «Modesto
961 5358 1017 5410 et
1038 5353 1318 5409 Arintheo
1336 5368 1511 5419 coss.,
1540 5373 1567 5400 ››
1593 5368 1814 5407 annum
1837 5354 1942 5408 372

299 5444 635 5500 notantibus
664 5448 722 5500 et
751 5444 909 5516 apud
940 5443 1237 5499 neminem
1261 5440 1640 5513 antiquorum
1662 5441 1934 5511 inventis,

298 5529 518 5600 primus
549 5534 763 5606 signat.
819 5534 940 5597 Quo
973 5536 1168 5587 autem
1198 5534 1542 5603 argumento
1588 5553 1617 5580 «
1651 5531 1939 5587 mendacii

296 5620 558 5690 arguitur
578 5621 883 5678 Socrates?
916 5644 943 5671 ι)
977 5623 1141 5689 Quia,
1167 5620 1378 5692 inquit,
1404 5620 1476 5674 ad
1500 5636 1594 5674 an.
1618 5620 1746 5687 372,
1771 5638 1937 5676 num.

292 5706 381 5766 63.
408 5731 436 5763 «
467 5726 535 5769 ex
564 5711 854 5773 sententia
880 5709 1099 5788 Cyrilli,
1132 5726 1330 5791 quem,
1362 5708 1485 5767 hac
1516 5709 1715 5769 omnia
1742 5710 1938 5789 explo-

2045 4019 2146 4081 τῆς
2222 4010 2480 4085 ἀοιδίμου
2552 4016 2777 4087 μνήμης
2856 4019 3041 4094 Πατὴρ
3116 4022 3276 4094 ἡμῶν
3366 4026 3689 4094 ἈΟχοεὶσιος

2047 4108 2149 4171 τῆς
2224 4099 2620 4178 Ἀλεξανδρέων
2707 4103 3033 4176 Τκκλησίας
3102 4116 3526 4187 κατακοσμήσεις
3597 4121 3686 4177 τὸν

2049 4191 2235 4267 Ορὸνον
2305 4190 2384 4269 ἐφ’
2451 4189 2605 4255 ὅλοις
2672 4191 2843 4248 Essem
2908 4200 3303 4272 τεσσαράκοντα
3358 4202 3532 4277 καῖἕξ
3590 4209 3683 4266 τὸν

2049 4279 2297 4355 ἀριθμόν.
2324 4283 2436 4338 Sed
2469 4299 2582 4338 non
2632 4285 2714 4339 ita
2744 4285 2900 4341 clara
2929 4290 3050 4344 haec
3081 4292 3255 4347 verba
3286 4300 3444 4363 sunt,
3505 4303 3570 4354 ut
3599 4317 3691 4357 se-

2047 4372 2305 4426 cundum
2331 4372 2540 4427 Graecae
2564 4371 2874 4430 locutionis
2906 4379 3320 4449 proprietatem
3342 4401 3525 4443 annos
3546 4387 3694 4446 inte-

2048 4475 2149 4531 gre
2166 4459 2483 4532 completos
2505 4461 2830 4534 designent,
2855 4468 2913 4519 et
2941 4482 3056 4520 non
3085 4467 3296 4524 salvari
3354 4475 3589 4544 possint
3625 4494 3694 4536 eo

2048 4565 2246 4616 sensu,
2280 4566 2393 4621 quo
2425 4550 2695 4617 Rufinus,
2729 4551 2942 4622 Cyrillo
2973 4555 3189 4623 senior,
3250 4559 3397 4616 dixit
3434 4563 3697 4623 Athana-

2049 4637 2203 4693 sium
2236 4662 2263 4688 ‹‹
2307 4638 2601 4711 quievisse
2668 4639 2726 4693 in
2768 4656 2907 4711 pace
2946 4645 3400 4717 quadragesimo
3441 4656 3497 4707 et
3534 4658 3697 4712 sexto

2050 4744 2202 4783 anno
2234 4727 2540 4783 sacerdotii
2575 4728 2706 4783 sui:
2743 4749 2770 4778 ››
2804 4733 2860 4784 et
2915 4729 2976 4783 τὸ
3034 4727 3212 4800 ὅλοις,
3271 4738 3529 4812 integris,
3559 4742 3697 4802 licet

2046 4815 2312 4871 videatur
2341 4817 2569 4872 afﬁcere
2592 4833 2791 4873 vocem
2810 4813 2974 4889 ‘éreci’,
3005 4825 3187 4891 annis,
3221 4825 3560 4887 immediate
3599 4847 3693 4888 se-

2048 4909 2323 4976 quentem
2351 4922 2363 4973 ;
2388 4922 2456 4961 ex
2476 4910 2670 4962 mente
2689 4911 2885 4964 tamen
2908 4908 3202 4981 loquentis
3224 4916 3371 4971 trahi
3401 4922 3592 4989 potest
3619 4923 3693 4979 ad

2049 4994 2235 5051 solam
2260 4995 2650 5066 integritatem
2674 4997 2996 5066 numeri,ut
3015 5000 3064 5055 si
3086 5002 3258 5073 dicat,
3275 5009 3439 5063 annis
3459 5012 3692 5067 omnino

2048 5086 2351 5155 sexaginta
2378 5100 2497 5152 sex,
2532 5088 2824 5157 quomodo
2855 5087 3154 5160 loquimur
3180 5093 3357 5151 etiam
3392 5113 3525 5153 cum
3557 5099 3693 5156 ulti-

2052 5191 2187 5229 mus
2218 5191 2333 5229 non
2358 5173 2526 5245 plene
2548 5176 2834 5231 decursus
2856 5177 3121 5236 habetur.
3151 5183 3451 5241 Habentur
3475 5192 3693 5259 autem,

2053 5280 2085 5317 a
2110 5264 2202 5318 die
2232 5264 2579 5319 181anuarii
2612 5264 2748 5319 anni
2770 5266 2895 5336 346,
2930 5284 3119 5340 usque
3150 5272 3220 5327 ad
3247 5274 3385 5329 anni
3407 5275 3507 5331 371
3539 5277 3694 5335 diem

2048 5353 2083 5405 2
2112 5352 2417 5419 Maii,anni
2449 5352 2536 5423 45,
2570 5369 2802 5409 menses
2829 5354 2862 5409 3
2894 5359 2950 5409 et
2978 5356 3103 5413 dies
3160 5361 3242 5414 16.
3277 5361 3493 5420 Graecis
3521 5382 3694 5438 porro

2049 5440 2447 5513 IEgyptiisque
2475 5458 2509 5496 a
2539 5441 2864 5513 Septembri
2896 5461 3097 5502 mense
3150 5465 3370 5506 annum
3414 5452 3693 5513 inchoan-

2049 5530 2229 5596 tibus,
2262 5530 2523 5600 adeoque
2555 5530 2611 5585 in
2646 5531 2835 5603 primo
2880 5534 3182 5591 Athanasii
3217 5540 3289 5593 ad
3320 5557 3695 5602 communem

2048 5637 2222 5677 seram
2253 5624 2450 5691 aptato
2483 5637 2715 5677 menses
2745 5621 2861 5678 fere
2891 5628 3040 5694 octo,
3069 5625 3127 5680 in
3146 5632 3437 5697 postremo
3460 5648 3693 5691 menses

2050 5727 2256 5771 rursus
2286 5714 2415 5769 octo
2446 5708 2908 5787 invenientibus,
2934 5717 3096 5773 tanto
3126 5715 3235 5776 fuit
3260 5716 3490 5781 facilius
3511 5721 3692 5786 utrin-
