4160 6382
1794 343 2404 408 PROLEGOMENA.

401 494 513 550 que
544 475 926 549 incompletos
968 491 1156 533 annos
1224 491 1533 532 numerare
1601 493 1704 549 pro
1774 476 2043 549 integris,
2071 479 2121 545 Α
2156 477 2573 551 scripseritque
2588 477 2899 547 Proterius,
2920 493 3037 534 non
3062 475 3205 549 quid
3222 477 3443 532 factum
3468 474 3635 533 siteo
3654 489 3812 532 anno

396 573 617 640 quanto
685 564 884 622 minus
923 566 995 621 ad
1064 565 1495 639 plenitudinem
1540 566 1742 623 deesse
1807 566 2049 622 videba-
2158 569 2457 640 superstite
2477 566 2815 639 Athanasio,
2849 569 2947 624 sed
2983 566 3123 639 quid
3147 583 3251 638 pro
3273 582 3339 622 eo
3361 581 3517 622 anno
3538 564 3813 636 aliquan-

395 661 514 711 tur.
2158 656 2257 711 diu
2281 661 2413 712 ante
2435 656 2512 712 sit
2533 656 2869 713 ordinatum
2896 656 2969 712 ab
2992 656 3197 711 eodem
3221 655 3449 711 vivente
3474 673 3487 724 ;
3511 670 3616 711 nec
3649 652 3810 710 enim

465 761 853 834 Theophanes
883 762 943 816 in
976 761 1451 833 Chronographia,
1488 761 1762 818 ultimum
1785 763 1840 817 s,
1875 762 2061 817 Atha.‘
2158 744 2482 801 increbilile
2503 749 2593 800 est
2613 746 2769 817 quod
2798 744 3026 800 tabellae
3058 743 3389 810 Paschales,
3425 743 3511 834 uti
3542 758 3703 798 nunc
3735 743 3810 834 ad

398 852 549 908 nasii
570 832 793 907 aII—num
815 868 950 906 cum
985 868 1137 907 anno
1176 832 1578 907 Alexandrina,
1606 869 1730 907 ξείνω
1750 853 1859 906 355
1888 868 2047 907 com-
2158 835 2377 890 multos
2410 851 2596 891 annos
2626 838 3053 906 consequenter
3081 838 3289 891 notatae
3324 832 3706 889 inveniuntur
3749 832 3809 888 in

394 956 638 1012 ponens,
671 940 944 995 eumdem
1002 956 1139 995 cum
1199 957 1353 995 anno
1421 940 1752 995 communis
1786 958 1910 995 ma,
1941 941 2045 995 373
2155 923 2593 996 antiquissimis
2627 941 2770 980 mss.
2808 923 3045 990 Latinis,
3079 923 3164 978 sic
3194 922 3370 978 etiam
3428 921 3489 977 in
3549 920 3808 979 Ecclesia

401 357 551 409 GCLX

393 1030 699 1102 conjungit
722 1046 735 1096 ;
759 1045 933 1101 quem
966 1045 1189 1085 annum
1220 1029 1394 1084 etiam
1435 1031 1494 1084 S.
1564 1029 1953 1102 Hieronymus
1982 1029 2042 1085 in

396 1118 666 1174 Chronico
695 1118 938 1174 ascribit
958 1118 1123 1174 initio
1147 1118 1325 1185 Petri,
1361 1122 1493 1189 post
1515 1118 1903 1173 Athanasium
1949 1135 2041 1174 or-

390 1207 598 1278 dinati,
631 1211 690 1263 et
716 1208 989 1263 eumdem
1024 1207 1301 1262 Labbaaus
1329 1210 1529 1261 noster
1582 1207 1831 1279 praefert,
1865 1211 2043 1279 atque

390 1295 837 1352 indubitabilem
868 1311 996 1352 esse
1027 1295 1230 1360 credit,
1263 1299 1500 1367 propter
1530 1296 1933 1351 auctoritatem
1978 1296 2037 1350 S.

389 1385 651 1456 Proterii,
683 1384 786 1455 qui
811 1388 870 1439 et
900 1383 1026 1455 ipse
1057 1382 1367 1455 episcopus
1433 1382 1864 1440 Alexandrinus
1908 1383 2037 1450 fuit,

388 1473 591 1546 paucis
622 1478 757 1545 post
786 1476 842 1527 S.
877 1470 1076 1543 Cyrilli
1102 1477 1348 1527 mortem
1384 1472 1555 1527 annis
1583 1473 1639 1528 in
1672 1471 1868 1529 locum
1904 1473 2038 1528 Dio-

388 1562 804 1635 scori,propter
830 1560 1098 1616 haeresim
1163 1560 1435 1633 depositi,
1498 1562 1874 1632 subrogatus.
1934 1560 2039 1617 Hic

388 1655 583 1707 autem
615 1667 709 1706 an.
743 1650 846 1704 454
876 1650 950 1705 ad
980 1654 1036 1704 S.
1074 1649 1321 1706 Leonem
1377 1666 1591 1722 papam
1646 1650 1884 1723 scripsit
1911 1650 2034 1723 epi-

388 1738 599 1795 stolam
629 1740 701 1795 de
730 1738 1032 1807 Paschate,
1067 1755 1245 1809 quam
1304 1756 1372 1795 ex
1404 1756 1514 1795 ms.
1572 1743 1872 1813 acceptam
1918 1739 2032 1795 Bu-

387 1827 620 1885 cherius
650 1832 849 1884 noster
876 1826 1125 1883 inseruit
1153 1828 1225 1883 ad
1252 1827 1489 1883 Victorii
1521 1828 1815 1884 Canonem
1868 1832 2033 1885 Com-
2064 1854 2113 1919 Β

387 1916 691 1985 mentario,
722 1916 821 1971 ubi
853 1933 986 1989 pag.
1018 1916 1087 1971 84
1119 1916 1203 1972 sic
1234 1916 1484 1989 legitur:
1520 1940 1547 1967 ‹‹
1580 1917 1643 1973 In
1676 1918 2033 1990 octogesimo

386 2023 540 2062 anno
570 2006 642 2061 ab
670 2005 915 2078 imperio
938 2004 1301 2073 Diocletiani,
1332 2005 1645 2077 superstite
1691 2007 1870 2062 beatae
1912 2023 2033 2063 me-

387 2095 583 2150 moriaa
614 2098 784 2152 Patre
841 2099 1042 2149 nostro
1097 2099 1156 2149 et
1210 2094 1481 2166 episcopo
1534 2097 1843 2151 .‘.nastasio
1891 2095 2032 2168 (imo

386 2184 726 2254 Athanasio)
757 2199 892 2239 cum
920 2184 983 2237 14
1014 2181 1157 2238 luna
1202 2182 1502 2239 Paschalis
1558 2185 1628 2239 28
1684 2185 1781 2240 die
1811 2185 2033 2241 mensis

385 2272 760 2341 Phaminoth,
792 2272 848 2327 id
878 2278 986 2342 est,
1020 2288 1173 2328 nono
1208 2270 1607 2327 Kalendarum
1627 2273 1916 2344 Aprilium
1940 2273 2034 2330 die

387 2361 868 2436 provenisset,die
894 2360 1194 2417 Dominico
1221 2386 1235 2429 ς
1259 2363 1317 2415 in
1342 2361 1801 2432 subsequentem
1832 2368 2034 2420 trans-

383 2451 569 2507 latum
600 2458 690 2508 est
718 2449 1111 2518 Dominicum,
1143 2449 1227 2504 ita
1286 2460 1348 2504 ut
1405 2449 1612 2520 quinta
1663 2451 1755 2506 die
1808 2453 2032 2508 mensis

383 2528 706 2606 Pharmoti,
742 2540 851 2595 hoc
867 2544 957 2596 est
979 2537 1162 2611 pridie
1194 2537 1587 2593 Kalendarum
1616 2539 1905 2611 Aprilium
1938 2557 2030 2597 ce-

386 2629 712 2685 lebraretur
732 2628 954 2685 Pascha
976 2627 1367 2684 Dominicum.
1397 2650 1425 2677 »
1449 2627 1664 2684 Omnes
1697 2630 1794 2684 isti
1826 2630 2032 2686 chara-

387 2724 573 2775 cteres
595 2734 814 2774 annum
848 2716 1050 2788 procul
1083 2716 1261 2771 dubio
1293 2720 1499 2772 notant
1521 2718 1627 2771 373
1655 2735 1667 2773 :
1700 2735 1815 2790 quo
1847 2719 1896 2774 si
1931 2720 2031 2775 ad-

386 2807 503 2863 huc
523 2822 713 2879 usque
732 2806 804 2862 ad
827 2806 1045 2861 Maium
1077 2808 1180 2860 aut
1208 2804 1361 2860 ultra
1386 2805 1623 2861 vixisset
1650 2808 2032 2879 Athanasius,

379 2898 507 2969 jam
530 2912 645 2951 non
668 2894 860 2951 solum
882 2895 950 2949 46
974 2894 1166 2964 annis,
1201 2893 1300 2949 sed
1330 2895 1395 2948 47
1445 2901 1502 2949 et
1523 2895 1778 2967 amplius
1813 2896 1871 2951 in
1902 2898 2031 2970 epi-

385 2988 627 3058 scopatu
681 2984 943 3057 explesse
1001 2984 1285 3041 dicendus
1347 2985 1532 3041 foret:
1581 2989 1734 3057 quod
1766 2987 2033 3043 omnium

386 3074 627 3131 omnino
650 3073 1294 3145 auctorum,ipsiusque
1312 3073 1689 3146 Theophanis
1719 3076 2034 3131 consensui

385 3168 774 3236 repugnaret;
807 3162 1059 3218 maxime
1088 3167 1285 3218 autem
1319 3162 1551 3236 Cyrillo,
1613 3164 1712 3237 qui
1773 3182 1888 3221 non
1933 3167 2026 3221 de-

385 3253 613 3309 buisset
633 3269 947 3308 numerum
972 3252 1329 3308 imminuere
1357 3269 1423 3309 eo
1452 3252 1600 3322 loco,
1662 3255 1761 3310 ubi
1794 3272 1862 3311 ex
1904 3254 2035 3327 ipsa
2064 3224 2107 3290 Ο

384 3359 674 3399 annorum
708 3341 1106 3410 multitudine,
1165 3342 1381 3413 quibus
1442 3342 1706 3398 Ecclesiae
1779 3346 2031 3417 praefuit,

384 3430 688 3487 Athanasii
710 3431 1116 3487 auctoritatem
1149 3435 1460 3504 exaggerat
1506 3432 1567 3486 in
1601 3436 1845 3490 materia
1873 3434 2029 3504 ﬁdei,

385 3522 539 3577 circa
567 3538 796 3577 sacram
847 3521 1173 3593 Virginem,
1240 3526 1305 3576 ut
1367 3537 1496 3577 vere
1557 3522 1889 3595 Deiparam,
1943 3529 2032 3581 te-

386 3610 608 3667 nendaa.

457 3718 620 3781 Quod
646 3723 843 3775 autem
874 3719 947 3774 ad
969 3718 1209 3776 Proterii
1259 3720 1666 3777 auctoritatem
1707 3724 1933 3791 attinet,
1966 3742 2035 3781 ea

388 3808 577 3879 major
605 3809 751 3863 foret
780 3808 829 3862 si
874 3807 965 3863 vel
991 3808 1189 3879 ipsum
1218 3808 1481 3864 Graecum
1512 3814 1735 3865 textum
1786 3812 2033 3870 habere-

388 3912 522 3952 mus
551 3894 981 3969 incorruptum,
1014 3896 1102 3951 vel
1134 3895 1342 3953 saltem
1404 3898 1668 3955 Latinam
1707 3902 2031 3960 versionem

386 4002 455 4041 ex
483 3985 1202 4059 autographoincorrupto
1224 3991 1554 4058 acceptam:
1617 4006 1772 4045 nunc
1802 4008 1934 4047 vero
1966 4009 2035 4048 ea

388 4080 620 4147 reperta
641 4079 731 4130 est
754 4074 812 4129 in
836 4076 1234 4147 manuscripto
1264 4074 1395 4131 aliis
1442 4075 1717 4149 pluribus
1772 4079 1917 4136 locis
1948 4083 2031 4137 vi-

388 4164 559 4234 tioso,
592 4164 677 4219 uti
700 4163 760 4218 in
785 4163 1049 4236 margine
1071 4169 1235 4220 notat
1257 4165 1580 4223 Bucherius
1605 4185 1618 4236 ;
1652 4185 1767 4224 non
1802 4175 2033 4226 tantum

388 4251 585 4325 ipsum
614 4253 808 4308 Sancti
830 4270 1066 4321 nomen,
1089 4253 1190 4310 sed
1213 4257 1270 4309 et
1297 4271 1575 4312 numeros
1603 4274 1915 4325 annorum,
1941 4261 2036 4331 ju-

388 4342 534 4397 bens
565 4341 894 4397 successive
923 4341 1155 4414 corrigi,
1216 4346 1273 4397 et
1327 4360 1459 4416 pag.
1514 4344 1585 4399 85
1616 4363 1719 4418 pro
1774 4349 1883 4401 255
1921 4348 2035 4422 legi

392 4432 514 4501 171,
574 4448 706 4505 pag.
767 4432 838 4485 86
889 4448 994 4503 pro
1043 4433 1150 4485 275
1210 4433 1387 4488 scribi
1448 4434 1571 4501 198,
1623 4439 1812 4508 etpro
1843 4437 2036 4494 die28

391 4520 616 4577 mensis
637 4521 792 4576 diem
822 4521 906 4575 30.
946 4522 1097 4577 Sane
1127 4521 1184 4577 id
1225 4538 1436 4594 passus
1478 4525 1706 4580 videtur
1736 4526 2032 4583 Proterius

2152 1011 2550 1068 Alexandrina
2571 1030 2674 1085 pro
2690 1012 2961 1085 pluribus
2978 1011 3151 1068 annis
3164 1011 3522 1067 haberentur
3541 1011 3806 1083 digestas.

2153 1100 2270 1157 Has
2305 1101 2481 1173 igitur
2510 1101 2709 1158 statim
2744 1106 2876 1173 post
2904 1101 3200 1157 Nicaznum
3258 1100 3594 1171 concilium,
3627 1116 3663 1155 a
3686 1116 3803 1172 quo

2152 1189 2394 1261 quaestio
2428 1191 2499 1246 de
2532 1191 2754 1247 Pascha
2783 1190 3056 1247 discussa
3077 1191 3290 1257 fuerat,
3321 1190 3686 1245 renovandas
3706 1206 3804 1245 cu-

2151 1278 2362 1334 raverit
2380 1278 2737 1336 Athanasius
2765 1306 2778 1347 ;
2798 1284 2853 1335 et
2876 1295 3113 1336 rursum
3138 1278 3352 1335 iterum
3372 1282 3506 1334 ante
3528 1282 3799 1346 mortem,

2150 1367 2301 1422 dum
2327 1368 2588 1439 pacatior
2644 1367 2911 1424 Ecclesiae
2941 1368 3344 1423 Alexandrinae
3375 1370 3565 1424 status
3613 1365 3801 1422 otium

2149 1456 2439 1527 ejusmodi
2498 1457 2657 1513 curis
2718 1458 2993 1513 idoneum
3055 1457 3427 1530 suggerebat.
3461 1455 3801 1529 Hieronymi

2150 1545 2459 1602 Chronicon
2494 1546 2775 1619 scriptum
2800 1547 2874 1603 ab
2900 1563 2966 1603 eo
2997 1547 3206 1603 admod
3219 1562 3316 1602 um
3327 1546 3352 1617 j
3363 1549 3636 1612 uvene,ut
3659 1544 3800 1601 alibi

2147 1651 2299 1707 saepe
2330 1636 2387 1689 in
2420 1636 2755 1709 digerendis
2786 1653 2889 1709 per
2914 1653 3099 1692 annos
3130 1636 3325 1705 rebus,
3378 1635 3459 1691 ita
3488 1635 3585 1692 hic
3616 1634 3797 1691 etiam

2147 1725 2195 1780 si
2220 1726 2518 1796 erraverit,
2551 1726 2705 1781 sicut
2724 1731 2926 1797 postea
2948 1724 3162 1782 erravit
3189 1724 3599 1798 Theophanes,
3631 1739 3701 1780 ex
3730 1740 3797 1780 eo

2146 1814 2302 1885 quod
2334 1817 2487 1870 totos
2510 1816 2579 1869 46
2601 1831 2786 1871 annos
2807 1818 3049 1887 poneret
3078 1814 3232 1870 inter
3259 1831 3446 1871 annos
3476 1812 3795 1870 ordinatio-

2144 1902 2236 1958 nis
2268 1907 2325 1958 et
2385 1905 2612 1969 mortis,
2645 1920 2760 1959 non
2790 1903 2957 1960 valde
2988 1904 3157 1960 nobis
3187 1905 3516 1960 curandum
3546 1908 3657 1971 est,
3689 1918 3798 1960 nec

2144 1990 2436 2048 ullatenus
2492 1992 2863 2049 tolerandum
2895 1996 2960 2049 ut
2987 1996 3296 2066 propterea
3325 1992 3597 2050 consules
3635 2008 3795 2050 com-

2143 2086 2463 2138 mutentur.
2952 2094 2958 2099 '

2220 2195 2292 2244 De
2314 2190 2406 2244 die
2428 2189 2627 2245 minus
2647 2190 2876 2247 videtur
2905 2189 3349 2263 ambigendum,
3382 2189 3527 2262 quin
3550 2189 3793 2246 omnino

2142 2279 2317 2333 fuerit
2347 2280 2381 2333 2
2408 2279 2577 2348 Maii;
2612 2279 2669 2334 in
2702 2279 2811 2335 hac
2840 2279 2999 2335 enim
3030 2296 3236 2335 omnes
3296 2279 3536 2335 omnino
3585 2295 3792 2335 conve-

2143 2369 2315 2423 niunt
2371 2369 2506 2425 fasti
2564 2370 2838 2442 zEgyptii,
2901 2369 3103 2436 Graeci,
3154 2369 3480 2440 Latinique.
3539 2367 3794 2441 Egyptii

2143 2455 2418 2528 quidem;
2442 2474 2578 2513 nam
2601 2459 2661 2513 in
2683 2475 2749 2514 eo
2774 2457 3183 2530 Martyrologio
3209 2458 3367 2531 quod
3411 2462 3604 2514 Romae
3636 2456 3794 2530 apud

2143 2546 2465 2603 Maronitas
2484 2552 2771 2614 servatur,
2807 2547 3092 2619 nobisque
3128 2547 3399 2601 Latinum
3432 2545 3566 2602 fecit
3593 2545 3796 2602 Gratia

2143 2634 2463 2702 Simonius,
2497 2636 2570 2691 ad
2619 2637 2654 2689 2
2682 2635 2816 2691 Maii
2871 2640 3110 2692 notatur
3130 2658 3158 2684 ‹‹
3192 2634 3475 2690 Memoria
3521 2635 3579 2690 S.
3612 2634 3793 2690 Atha-

2143 2723 2293 2779 nasii
2317 2724 2531 2796 Magni,
2559 2746 2587 2773 ››
2611 2740 2747 2779 cum
2770 2723 2883 2781 hac
2905 2740 3009 2779 seu
3031 2723 3292 2779 oratione
3314 2738 3417 2778 seu
3450 2721 3792 2794 antiphona,

2144 2836 2173 2863 «
2206 2813 2388 2869 Fuisti
2413 2812 2688 2869 columna
2706 2829 2854 2868 verre
2885 2811 3163 2867 doctrinas
3192 2815 3252 2867 et
3276 2810 3564 2878 Ecclesiae,
3590 2810 3791 2867 divina

2144 2901 2529 2968 confessione,
2563 2918 2595 2957 ο
2629 2902 2888 2973 pontifex
2932 2900 3235 2965 Athanasi,
3289 2900 3429 2973 quia
3457 2899 3789 2973 praedicasti

2145 2991 2359 3047 Filium
2390 2991 2544 3047 Patri
2575 3007 2704 3046 esse
2734 2988 3326 3058 consubstantialem,
3385 2994 3443 3046 et
3473 2988 3791 3045 confudisti

2145 3081 2366 3145 Arium,
2397 3097 2429 3135 ο
2460 3084 2662 3135 sancte
2704 3079 2892 3147 Pater;
2924 3094 3160 3150 precare
3189 3077 3485 3135 Christum
3512 3078 3696 3134 Deum
3728 3081 3794 3134 ut

2146 3171 2424 3226 concedat
2445 3169 2617 3226 nobis
2639 3185 2914 3241 magnam
2930 3167 3413 3224 misericordiam.
3439 3189 3467 3218 »
3490 3168 3553 3222 In
3569 3166 3792 3240 duplici

2145 3259 2323 3316 simili
2347 3260 2683 3330 Heortologio
2713 3258 2948 3331 Coptica,
2980 3257 3222 3314 Arabice
3243 3257 3348 3330 (uti
3372 3261 3429 3313 et
3454 3258 3790 3313 Romanum

2144 3349 2315 3420 illud)
2348 3349 2588 3420 scripto,
2624 3346 2901 3405 similiter
2921 3346 3214 3403 invenitur
3234 3347 3306 3403 ad
3327 3348 3361 3398 7
3384 3346 3701 3413 Baschnes,
3733 3346 3793 3403 id

2143 3443 2250 3505 est,
2284 3439 2355 3493 ad
2374 3440 2408 3490 2
2427 3438 2583 3493 Maii.
2610 3440 2687 3492 Ac
2710 3436 2971 3510 primum
2995 3436 3236 3508 quidem
3268 3436 3327 3490 in
3359 3452 3424 3491 eo
3447 3436 3603 3508 quod
3636 3435 3792 3507 apud

2143 3526 2504 3583 Abulaibsan
2531 3526 2789 3583 Achmed
2812 3525 3283 3594 Calcasendium,
3306 3524 3651 3597 scriptorem
3673 3527 3794 3580 Ma-

2142 3617 2530 3673 humetanum
2565 3615 2987 3689 perinsignem,
3047 3613 3336 3687 reperisse
3392 3630 3455 3670 se
3486 3631 3598 3669 ms.
3650 3613 3795 3670 dicit

2141 3705 2555 3775 Seldenus,lib.
2583 3724 2657 3775 1v,
2684 3722 2811 3778 cap.
2848 3705 2935 3775 15,
2956 3705 3032 3760 De
3085 3703 3362 3775 synedriis
3415 3702 3791 3775 Hebraeorum,

2141 3798 2362 3852 Festum
2417 3796 2625 3862 Asasii,
2686 3810 2992 3867 perperam
3048 3791 3290 3848 indubie
3346 3792 3657 3863 scriptum,
3686 3809 3793 3863 pro

2142 3886 2459 3942 Athanasii.
2494 3887 2711 3940 iterum
2743 3899 2875 3939 vero
2903 3882 3058 3954 apud
3080 3881 3353 3937 eumdem
3384 3878 3703 3936 Seldenum
3725 3895 3798 3936 ex

2141 3974 2321 4030 simili
2340 3972 2741 4044 manuscripto
2785 3972 2857 4027 ad
2883 3970 3101 4026 calcem
3140 3968 3605 4041 Evangeliorum,
3639 3985 3793 4025 anno

2144 4066 2281 4121 1268
2300 4066 2669 4119 exaratorum
2727 4059 3041 4132 descripto,
3103 4059 3296 4116 Sancti
3348 4058 3683 4114 Athanasii:
3737 4062 3798 4113 et

2143 4154 2305 4210 addit
2358 4152 2617 4224 apostoli,
2678 4167 2782 4223 pro
2840 4166 2956 4221 quo
3012 4148 3072 4204 in
3157 4149 3407 4205 Historia
3455 4146 3801 4220 patriarchi

2144 4242 2356 4300 melius
2389 4240 2629 4314 ponitur
2657 4241 3046 4312 cognomento
3077 4238 3385 4310 apostolici,
3450 4237 3606 4309 quod
3658 4252 3802 4294 sane

2143 4331 2376 4387 laborcs
2393 4332 2521 4402 ejus
2552 4346 2655 4402 pro
2681 4329 2797 4384 [ide
2826 4331 3187 4385 meruerunt.
3211 4327 3546 4383 Notandum
3577 4330 3667 4383 est
3694 4343 3802 4383 au-

2144 4426 2264 4477 tem
2292 4422 2448 4493 quod
2470 4420 2531 4477 in
2556 4418 2717 4475 nullo
2740 4418 2992 4474 istorum
3039 4415 3425 4473 Arabicorum
3450 4416 3804 4488 scriptorum

2146 4510 2287 4566 alibi
2311 4509 2544 4582 uspiam
2575 4508 2866 4564 habeatur
2889 4522 3102 4563 nomen
3125 4507 3183 4562 S.
3210 4505 3517 4562 Athanasii
3550 4504 3664 4561 nisi
3694 4505 3805 4562 hoc

389 4627 492 4682 per
520 4609 896 4667 librariorum
931 4593 1283 4679 socordiam,
1312 4616 1415 4668 aut
1455 4612 1841 4686 interpretum
1873 4616 2038 4688 igno-
2067 4595 2115 4660 D
2145 4601 2180 4654 2
2211 4596 2368 4655 Μείί·
2394 4600 2595 4655 Exsmt
2625 4603 2844 4688 tamen}
2876 4595 2949 4688 in_
2969 4594 3248 4688 Ρῐίωάίθίο
3274 4593 3518 4688 (⁵94198ίο
3548 4594 3805 4688 Νξεξτοηξ·

394 4699 669 4771 rantiam,
702 4700 857 4770 quod
889 4716 961 4755 ne
990 4700 1230 4756 sibimet
1286 4701 1400 4772 ipsi
1460 4707 1561 4757 aut
1613 4702 1737 4759 suis
1796 4705 2040 4761 notariis

392 4787 666 4857 eveniret,
697 4788 780 4843 ait
807 4787 866 4843 in
898 4788 1033 4845 line.
1068 4811 1095 4839 (ι
1131 4790 1444 4846 transferre
1466 4790 1617 4847 hanc
1647 4792 1955 4864 epistolam
1981 4794 2042 4849 in

394 4878 608 4936 Latinae
630 4878 791 4934 vocis
811 4877 1110 4950 eloquium
1142 4896 1258 4935 non
1308 4879 1451 4936 satis
1503 4886 1728 4937 certum
1775 4898 1904 4938 esse
1934 4899 2041 4954 pu-

393 4969 648 5024 tavimus
672 4985 685 5036 ;
709 4984 781 5023 ne
805 4968 949 5024 forte
978 4968 1365 5026 Graecizantes
1387 4971 1542 5042 apud
1572 4988 1694 5038 vos,
1728 4988 1835 5028 nec
1865 4973 2042 5028 etiam

393 5058 656 5114 valentes
685 5057 808 5113 hac
839 5058 1150 5131 diligenter
1188 5059 1534 5131 exprimere,
1592 5059 1869 5117 laederent
1897 5062 2043 5117 veri-

395 5151 574 5203 tatem
640 5151 877 5220 propter
934 5148 1244 5204 informem
1323 5165 1656 5205 sermonem
1714 5155 1891 5222 atque
1954 5150 2043 5205 in-

396 5252 758 5311 congruum;
801 5241 859 5292 et
934 5238 1034 5309 qui
1075 5238 1222 5293 forte
1297 5255 1413 5294 non
1452 5238 1533 5294 ita
1608 5239 1793 5309 possit
1865 5244 2048 5296 atten-

397 5326 601 5383 denter
648 5326 1013 5399 scienterque
1052 5328 1357 5385 transferri
1413 5332 1589 5400 atque
1627 5345 1808 5386 causa
1843 5347 2045 5402 posce-

399 5416 518 5472 bat.
552 5436 582 5466 ››

472 5505 619 5570 Quid
639 5506 836 5577 igitur,
859 5507 908 5562 si
929 5524 995 5563 eo
1020 5506 1168 5578 loco,
1199 5508 1299 5564 ubi
1340 5508 1534 5565 Graece
1581 5508 1884 5581 legebatur
1907 5508 2040 5563 ἀπο-

401 5586 637 5664 ϐιοντος,
670 5596 962 5666 defuncto,
996 5597 1298 5671 scripserit
1326 5598 1413 5654 vel
1443 5596 1650 5672 legerit
1678 5598 1893 5670 aliquis
1923 5596 2040 5653 ἐπι-

402 5676 640 5759 ϐιόντος,
668 5687 977 5760 superstite
1003 5688 1154 5759 Quid
1182 5688 1234 5747 si
1258 5687 1581 5749 exciderint
1609 5688 1785 5749 verba
1822 5687 2041 5765 aliqua,

2150 4689 2265 4745 tico
2296 4688 2677 4745 Chaldaicum
2736 4684 3176 4751 Kalendarium,
3210 4702 3245 4740 a
3301 4684 3539 4741 Simone
3588 4683 3806 4757 Moysis

2149 4778 2438 4835 Maronita
2463 4776 2664 4833 ltalice
2694 4774 3144 4847 transcriptum,
3179 4773 3277 4830 ubi
3320 4774 3392 4829 ad
3444 4772 3514 4828 18
3538 4771 3808 4829 Januarii

2153 4867 2441 4923 memoria
2468 4868 2522 4922 S.
2557 4865 2865 4921 Athanasii
2896 4864 3166 4933 iteratur,
3225 4862 3727 4936 quemadmodum
3751 4866 3810 4918 et

2152 4957 2213 5012 in
2244 4957 2522 5012 omnibus
2578 4972 2725 5012 mss.
2795 4954 3047 5023 Graecis;
3112 4953 3227 5010 nisi
3285 4952 3440 5025 quod
3503 4951 3627 5007 haec
3666 4967 3808 5007 con-

2147 5047 2402 5118 jungant
2455 5045 2646 5100 eidem
2706 5043 3055 5100 memoriam
3115 5044 3173 5099 S.
3236 5042 3455 5115 Cyrilli,
3517 5045 3583 5096 ut
3658 5038 3806 5095 dixi-

2156 5152 2317 5191 IDUS.

2227 5241 2490 5313 Denique
2520 5239 2579 5294 in
2612 5241 2856 5296 Historia
2886 5242 3347 5311 patriarcharum
3403 5236 3807 5309 Cophtitarum,

2158 5346 2347 5403 usque
2375 5330 2449 5386 ad
2518 5347 2612 5385 an.
2649 5330 2787 5385 i258
2854 5330 3123 5398 deducta,
3193 5344 3370 5401 quam
3436 5324 3810 5380 Abrahamus

2155 5419 2520 5477 Echellensis
2552 5420 2816 5475 Latinam
2846 5418 2982 5474 fecit
3009 5423 3069 5475 et
3093 5417 3374 5490 vulgavit,
3407 5414 3623 5470 dicitur
3652 5411 3813 5485 quod

2157 5512 2294 5566 obiit
2365 5512 2590 5564 sanctus
2651 5509 3012 5580 patriarcha,
3083 5508 3318 5579 septima
3366 5504 3649 5570 Bescinas,
3721 5500 3816 5558 die

2152 5600 2180 5655 J
2191 5598 2341 5654 ovis.
2370 5597 2536 5653 Diem
2572 5596 2893 5665 mensis,ex
2940 5594 3382 5667 communibus,
3414 5591 3502 5648 uti
3528 5590 3813 5665 vidimus,

2162 5684 2528 5746 Kalendariis
2549 5689 2752 5746 auctor
2797 5684 3051 5761 accepit;
3084 5683 3291 5743 feriam
3320 5698 3389 5743 ex
3426 5698 3535 5743 suo
3563 5678 3815 5751 calculo,
