4160 6392
1507 407 1610 470 DE
1655 410 1915 472 CULTU
1963 410 2027 471 S.
2075 410 2528 472 ATHANASII.

3555 421 3732 471 CCLXI

303 541 547 598 nimium
585 559 766 615 quam
799 559 949 615 saepe
967 543 1628 611 exorbitante,addidit:
1664 561 1801 600 nam
1824 561 1958 600 cum
1987 549 2043 612 Α
2074 545 2280 600 deatur
2310 546 2380 600 ab
2413 544 2540 600 aliis
2572 545 2628 600 in
2660 544 2828 601 Italia
2877 542 3156 599 Ecclesiis
3203 541 3538 614 exemplum
3569 558 3730 599 acce-

300 632 491 688 volens
524 633 788 705 integros
837 634 906 688 46
965 651 1149 690 annos
1207 633 1582 706 episc0patus
1629 650 1962 704 numerare,

301 725 560 776 notasset
591 739 817 776 annum
874 740 999 777 aera:
1060 722 1464 778 Alexandrinae
1496 724 1623 787 364,
1657 723 1756 794 qui
1791 723 1960 777 nobis

295 815 443 866 esset
497 811 608 865 367
672 811 1012 876 bissextilis,
1047 817 1283 868 notatus
1331 811 1542 866 litteris
1595 811 1966 867 Dominicali-

296 900 402 956 bus
432 903 479 955 A
503 900 573 966 G,
610 902 906 956 secundus
937 901 1068 956 Maii
1101 902 1307 956 fuisset
1340 902 1465 956 dies
1496 902 1763 956 Mercurii
1793 919 1806 969 ;
1840 901 1964 956 dies

295 994 486 1045 autem
518 989 679 1044 Jovis
703 1007 816 1045 non
844 990 953 1044 fuit
980 990 1092 1044 nisi
1117 1008 1269 1046 anno
1292 993 1415 1045 373.
1444 991 1575 1062 Ipso
1618 995 1812 1045 autem
1849 1008 1963 1062 quo

297 1079 509 1135 obiisse
542 1079 826 1134 Sanctum
859 1081 1116 1134 diximus
1166 1097 1320 1135 anno
1359 1080 1538 1135 die52
1561 1080 1693 1134 Maii
1717 1097 1963 1135 concur-

298 1169 457 1224 rebat
507 1185 644 1223 cum
692 1169 858 1224 Feria
903 1171 937 1222 2
972 1169 1372 1223 hebdomadas.
1423 1169 1532 1223 Sed
1567 1169 1813 1223 fortasse
1847 1184 1961 1222 non

296 1256 373 1312 ita
404 1262 688 1312 constans
717 1257 967 1330 [Egyptii
997 1257 1330 1312 Kalendarii
1374 1258 1518 1311 ratio
1547 1263 1652 1321 est,
1689 1263 1750 1311 ut
1785 1257 1962 1327 hujus

297 1364 529 1402 menses
562 1348 765 1402 eodem
801 1365 1033 1419 semper
1066 1348 1236 1402 modo
1267 1351 1618 1402 concurrant
1648 1362 1782 1401 cum
1816 1346 1962 1401 Lati-

297 1437 384 1490 nis
409 1436 743 1504 mensibus,
805 1437 963 1508 quod
997 1436 1127 1491 aliis
1171 1437 1627 1492 examinandum
1661 1436 1958 1507 relinquo;

296 1542 476 1580 unum
541 1543 774 1593 moneo,
832 1543 900 1581 ne
958 1543 1130 1598 quem
1193 1525 1444 1597 decipiat
1501 1526 1794 1581 .xlthanasii
1851 1528 1960 1596 epi-

294 1617 439 1685 scopi
492 1615 869 1671 Alexandrini
926 1633 1159 1686 nomcn,
1217 1615 1434 1671 alicubi
1495 1615 1758 1670 fortassis
1809 1615 1961 1670 inve-

296 1703 578 1759 niendum
609 1706 673 1759 16
704 1711 805 1760 aut
844 1706 910 1758 17
960 1705 1342 1776 Septembris,
1376 1707 1472 1778 qui
1508 1706 1863 1777 reapondent
1890 1709 1958 1760 20

294 1798 347 1847 et
375 1795 439 1848 21
475 1794 730 1868 [Εεγριὶἱ
762 1795 955 1850 Thoth
989 1813 1001 1850 :
1063 1794 1159 1850 hic
1211 1795 1368 1849 enim
1419 1796 1593 1866 juxta
1623 1795 1956 1865 przedictam

293 1883 594 1940 Historiam
631 1888 720 1939 est
749 1884 900 1940 alius
958 1884 1092 1956 plus
1151 1902 1329 1956 quam
1385 1890 1621 1940 centum
1655 1884 1825 1939 annis
1857 1901 1957 1956 po-

294 1973 525 2044 sterior,
563 1973 716 2030 sicut
747 1992 927 2046 supra
958 1975 1238 2046 diximus,
1273 1979 1330 2029 et
1358 1979 1638 2047 tanquam
1670 1976 1960 2030 Iucreticus

293 2067 534 2117 notatur
565 2064 626 2118 in
656 2064 713 2120 S.
749 2063 1061 2135 Nicephori
1097 2065 1476 2136 Chronologia.

361 2152 551 2209 Graeci
583 2154 640 2207 in
677 2153 910 2230 gemino
947 2154 1142 2209 cultus
1191 2154 1284 2209 die
1314 2153 1709 2209 conveniunt:
1738 2158 1794 2210 et
1823 2153 1958 2225 qui-

293 2241 421 2297 dem
456 2259 562 2314 pro
599 2244 662 2297 i8
689 2242 952 2298 Januarii
1004 2241 1218 2316 allegat
1262 2243 1546 2298 Baronius
1592 2244 1650 2298 in
1690 2243 1853 2300 Notis
1886 2243 1957 2298 ad

291 2331 771 2404 Martyrologium
822 2333 1222 2388 Emmanuelis
1279 2332 1649 2404 imperatoris
1682 2333 1959 2388 constitu-

291 2418 518 2475 tionem
551 2438 566 2488 ;
599 2421 832 2492 quando
856 2420 1029 2476 etiam
1076 2421 1134 2475 in
1151 2420 1386 2476 Menaeis
1409 2421 1791 2476 inveniuntur
1813 2423 1956 2491 odae,

293 2509 362 2564 ab
396 2510 470 2564 iis
504 2527 632 2581 qua:
661 2513 696 2564 2
726 2510 862 2566 Maii
895 2511 1355 2583 prascrihuntur
1390 2512 1769 2580 diversai,sub
1803 2529 1958 2567 acro-

295 2597 484 2655 sticho
516 2599 616 2656 tali
639 2617 652 2654 :

612 2706 928 2768 ἈΟανάσιος
971 2703 1134 2781 εὖχος
1164 2703 1475 2782 ὀρθοδοξίας
1517 2703 1634 2784 ἔφυ.

578 2799 750 2852 Decus
789 2797 1122 2852 Athanasius
1160 2797 1501 2853 orthodoxam
1539 2799 1668 2868 fuit.

295 2892 470 2959 Sitnae
503 2920 582 2958 ea?
616 2905 740 2958 oden
801 2905 858 2958 S.
913 2903 1190 2959 Germani
1251 2903 1593 2975 patriarchae
1625 2903 1956 2960 Constanti-

299 2993 623 3065 nopolitani
658 3011 826 3065 opus,
862 2993 1032 3062 cujus
1064 2991 1178 3047 alia
1208 2999 1347 3047 sunt
1377 2993 1680 3060 Sticharia,
1717 2993 1893 3049 etiam
1924 2995 1959 3047 2

297 3080 431 3136 Maii
465 3082 845 3152 recurrentia,
880 3099 996 3136 non
1029 3086 1118 3136 est
1162 3081 1326 3136 facile
1359 3082 1638 3138 definire:
1673 3101 1798 3152 quae
1834 3083 1957 3154 ipso

294 3171 325 3223 2
357 3171 498 3227 Maii
528 3172 992 3244 praescribuntur
1053 3169 1199 3226 nulli
1260 3170 1589 3225 acrosticho
1629 3171 1957 3244 illigantur,

299 3265 473 3332 atque
509 3263 651 3317 adeo
682 3261 1029 3316 vetustiores
1052 3260 1323 3315 videntur
1345 3259 1416 3315 iis
1439 3279 1564 3332 quae
1591 3261 1646 3314 in
1678 3261 1956 3316 Januario

298 3350 656 3418 recitantur;
692 3355 756 3405 ut
802 3349 1132 3405 verosimile
1164 3349 1240 3404 sit
1272 3349 1433 3421 prius
1469 3352 1682 3404 festum
1720 3351 1778 3404 in
1807 3351 1954 3405 Con-

297 3439 819 3512 stantinopolitana
867 3439 1125 3495 Ecclesia.
1174 3439 1364 3494 serius
1402 3440 1583 3494 fuisse
1637 3444 1957 3510 receptum,

302 3529 535 3598 quando
566 3527 789 3585 scilicet
819 3529 1189 3584 communior
1245 3529 1419 3600 coepit
1449 3545 1578 3584 esse
1609 3528 1961 3584 acrosticho-

304 3633 432 3673 rum
462 3636 608 3674 usus
637 3619 705 3681 ad
740 3619 883 3674 odas
915 3618 1204 3689 ejusmodi
1238 3619 1691 3690 componendas.

374 3708 526 3762 Inter
556 3706 811 3776 Latinos,
837 3707 937 3778 qui
970 3711 1026 3761 S.
1057 3707 1369 3762 Athanasii
1415 3723 1628 3762 nomen
1662 3707 1842 3762 sacris
1875 3705 1963 3760 fa-

303 3793 411 3850 stis
441 3795 515 3850 ad
543 3795 578 3848 2
608 3795 738 3850 Maii
773 3796 1149 3866 inscripsere,
1175 3796 1433 3867 primum
1467 3795 1663 3851 locum
1696 3796 1808 3852 sibi
1839 3795 1964 3850 vin-

306 3882 458 3940 dicat
489 3885 682 3953 Beda;
717 3902 830 3941 non
867 3885 1280 3957 supposititius
1313 3884 1609 3956 ille,quem
1645 3885 1835 3941 solum
1871 3901 1968 3939 no-

302 3972 384 4028 vit
430 3973 692 4045 viditque
723 3975 1048 4036 Baronius;
1083 3975 1185 4030 sed
1217 3974 1535 4047 genuinus,
1571 3975 1804 4048 qualem
1837 3977 1970 4029 ante

307 4064 531 4119 tomum
555 4064 604 4118 II
629 4063 818 4118 Martii
843 4064 1277 4132 dedimus,eum
1295 4063 1386 4119 his
1408 4065 1620 4136 verbis,
1645 4087 1671 4115 «
1695 4081 1752 4120 1v
1772 4064 1969 4120 Nonas

312 4150 466 4219 Maii,
515 4153 707 4208 sancti
768 4153 956 4209 Patris
1016 4153 1201 4208 nostri
1255 4154 1562 4210 Athanasii
1593 4154 1971 4210 Alexandrini

307 4242 606 4313 episcopi;
644 4263 672 4291 ››
697 4243 850 4314 quod
889 4242 1166 4297 Rabanus
1199 4243 1593 4315 transcripsit.
1630 4243 1837 4299 Florus
1869 4244 1970 4298 ad-

306 4329 456 4386 didit
481 4352 509 4384 «ι
538 4331 974 4403 orthodoxi,qui
1007 4349 1110 4403 pro
1142 4331 1358 4387 Christi
1381 4332 1494 4388 lide
1516 4332 1705 4388 multa
1736 4349 1973 4406 perpes-

307 4435 412 4476 sus
443 4424 550 4476 est.
588 4441 616 4471 »
649 4419 910 4489 Plura,et
940 4422 1057 4476 fere
1089 4438 1159 4477 ex
1190 4421 1402 4476 Ruﬁno
1433 4426 1694 4494 sumpta,
1728 4423 1976 4493 subjun-

309 4513 454 4580 gunt
485 4509 611 4565 Ado
641 4514 698 4565 et
727 4510 1274 4566 Notkerus.Medius
1308 4510 1461 4566 inter
1492 4511 1704 4566 horum
1738 4511 1975 4584 prolixi-

314 4601 495 4653 tatem
528 4603 585 4654 et
625 4599 969 4656 brevitatem
1003 4601 1170 4655 Beda:
1202 4600 1418 4656 incedit
1448 4601 1773 4669 Usuardus,
1808 4603 1977 4672 cujus

2076 634 2229 706 pisse
2263 635 2417 706 quod
2451 634 2798 690 imitaretur.

2149 725 2284 778 Vitae
2345 723 2679 794 scriptores,
2736 729 2854 780 tam
2889 723 3073 779 Graeci
3119 739 3294 794 quam
3329 722 3538 790 Latini,
3573 722 3732 778 fuere

2076 813 2245 867 multi
2280 829 2291 866 :
2327 813 2449 880 sed,
2484 814 2530 868 si
2564 814 2906 885 Gregorium
2939 813 3373 868 Nazianzenum
3397 811 3651 884 excipias
3672 816 3732 868 et

2074 906 2239 957 aetate
2272 903 2567 973 proximos
2619 902 3021 959 ecclesiasticae
3082 901 3342 956 historiae
3391 901 3729 973 scriptores,

2074 1008 2225 1062 saepe
2255 991 2312 1045 in
2347 991 2455 1047 hoc
2484 993 2900 1047 commentario
2925 993 3328 1057 citatos,nemo
3359 991 3582 1061 aliquid
3613 992 3732 1046 edi-

2074 1080 2157 1134 dit
2184 1081 2339 1151 quod
2373 1081 2508 1135 huic
2539 1083 2696 1152 operi
2757 1081 2932 1137 inseri
2994 1086 3306 1135 mereatur.
3362 1081 3521 1135 Inter
3550 1097 3729 1151 opera

2073 1175 2260 1225 exstat
2283 1170 2496 1238 duplex
2519 1170 3187 1238 Graaca,altcraauctoris
3215 1171 3512 1242 anonymi,
3544 1187 3724 1240 quam

2074 1278 2221 1314 nova
2255 1261 2565 1316 Latinitate
2585 1263 3031 1326 donaveramus,
3056 1261 3400 1332 priusquam
3423 1259 3549 1329 ejus
3581 1260 3726 1315 vitia

2073 1348 2424 1405 haberemus
2448 1355 2781 1422 comperta;
2820 1350 2999 1404 altera
3020 1348 3142 1404 solo
3165 1349 3280 1403 fere
3299 1347 3447 1420 stle
3471 1347 3726 1420 politiori

2072 1439 2346 1494 differens
2374 1457 2406 1494 a
2436 1440 2635 1510 priori,
2670 1440 2942 1510 editaquc
2993 1439 3104 1493 sub
3137 1438 3372 1493 nomine
3397 1437 3725 1509 Metaphra-

2071 1529 2178 1584 stis
2201 1548 2218 1582 :
2253 1530 2486 1584 tertiam
2519 1531 2576 1584 in
2606 1529 2950 1585 Bibliotheca
3009 1527 3286 1584 describit
3331 1527 3593 1594 Photius,
3625 1526 3727 1582 ali-

2071 1622 2290 1688 quanto
2322 1619 2770 1674 contractiorem
2832 1618 3164 1691 prioribus;
3197 1621 3254 1672 et
3283 1633 3486 1672 omnes
3515 1617 3727 1672 iisdem

2068 1706 2337 1762 laborant
2361 1709 2862 1780 defectibus,quos
2880 1708 3056 1764 etiam
3085 1723 3177 1762 me
3207 1710 3433 1761 tacente
3462 1706 3729 1761 curiosus

2069 1797 2250 1851 lector
2282 1796 2450 1852 facile
2483 1814 2583 1869 per
2613 1816 2674 1854 se
2706 1801 3357 1870 cognoscet,postquam
3390 1795 3548 1851 hunc
3577 1811 3731 1850 com-

2071 1886 2427 1941 mentarium
2460 1886 2688 1958 legerit.

2142 1994 2440 2064 Praecipua
2472 1999 2630 2061 sunt,
2667 1995 2822 2066 quod
2856 1996 2926 2049 ad
2958 1993 3351 2050 Alexandrum
3383 1997 3440 2048 et
3467 1993 3728 2050 Athana-

2070 2083 2226 2137 sium
2259 2084 2426 2139 datas
2477 2084 2674 2138 dicant
2731 2083 3090 2139 Constantini
3143 2083 3335 2155 Magni
3367 2082 3592 2138 litteras
3621 2099 3728 2154 pro

2069 2173 2228 2243 Ario,
2263 2190 2389 2245 quae
2426 2173 2662 2228 fuerunt
2692 2173 3022 2228 Alexandro
3084 2177 3140 2227 et
3166 2172 3304 2227 Ario
3336 2171 3729 2227 communiter

2070 2263 2317 2335 scriptm,
2352 2265 2575 2335 absque
2602 2263 2721 2319 ulla
2763 2264 3068 2319 Athanasii
3113 2263 3427 2318 mentione.
3460 2263 3725 2318 Secundo

2069 2354 2225 2424 quod
2258 2354 2674 2420 Arsenium,de
2702 2355 2872 2425 cujus
2894 2354 3048 2409 caede
3070 2356 3379 2408 accusatus
3406 2351 3513 2406 fuit
3543 2351 3724 2407 Atha-

2070 2443 2295 2512 nasius,
2329 2447 2386 2498 et
2438 2460 2611 2514 quem
2670 2443 2765 2498 hic
2797 2443 3015 2515 pluries
3068 2444 3406 2514 episcopum
3438 2441 3723 2497 nominat.

2069 2532 2212 2587 Vita
2274 2533 2400 2588 istae
2460 2533 2675 2588 faciant
2722 2533 2993 2588 lectorem
3043 2530 3526 2598 Alexandrinum,
3560 2533 3722 2585 metu

2068 2622 2542 2677 commeritarum
2567 2623 2639 2678 ob
2665 2623 3001 2694 pudendum
3018 2621 3254 2694 aliquod
3275 2620 3500 2675 facinus
3520 2637 3721 2692 pcnna-

2070 2729 2198 2766 rum
2233 2712 2304 2766 ab
2339 2712 2663 2767 Athanasio
2696 2710 3241 2784 profugum.'1‘ertio
3268 2710 3425 2781 quod
3457 2726 3559 2780 pro
3591 2726 3728 2764 con-

2068 2799 2345 2856 ciliabulo
2381 2801 2761 2867 Antioclieno,
2799 2805 3001 2856 contra
3043 2799 3431 2855 Athanasium
3463 2815 3531 2853 ex
3561 2815 3730 2854 man-

2069 2891 2204 2946 dato
2227 2890 2554 2944 Constantii
2587 2896 2804 2955 coacto,
2841 2890 3123 2945 inducant
3164 2889 3490 2945 secundum
3543 2888 3728 2960 quod-

2069 2980 2203 3034 dam
2266 2977 2722 3033 conciliabulum
2783 2978 3062 3049 Tyrium;
3123 2978 3192 3031 de
3243 2992 3357 3048 quo
3389 2993 3456 3031 ea
3486 2979 3731 3030 narrant

2071 3069 2270 3123 omnia
2303 3086 2429 3139 quae
2465 3069 2574 3123 sub
2608 3067 2946 3122 Constantio
2975 3066 3108 3137 Tyri
3141 3069 3271 3120 acta
3318 3069 3476 3119 sunt.
3509 3065 3725 3128 Quarto

2068 3159 2222 3230 quod
2286 3161 2522 3211 narrent
2579 3156 2967 3211 Athanasium
3025 3153 3160 3209 istic
3212 3154 3579 3220 damnatum,
3624 3168 3726 3207 sex

2069 3247 2239 3302 annis
2272 3245 2514 3300 latuisse
2570 3245 2628 3299 in
2677 3246 2857 3311 fovea,
2915 3243 3260 3314 priusquam
3312 3243 3370 3296 in
3428 3243 3719 3312 Europam

1989 3303 2029 3368 C
2074 3335 2346 3390 transiret
2404 3336 2473 3389 ad
2507 3333 2728 3389 Julium
2791 3303 2854 3388 et.
2901 3303 3277 3387 Constantem
3313 3348 3325 3386 :
3359 3347 3490 3385 cum
3525 3303 3724 3385 tamen

2070 3425 2314 3479 Romam
2377 3423 2586 3478 adierit
2638 3424 2885 3478 Sanctus
2943 3421 3176 3476 interim
3233 3421 3372 3475 dum
3434 3424 3638 3474 contra
3667 3411 3730 3475 Se

2070 3513 2470 3584 csnspirarcnt
2503 3511 2819 3567 adversarii
2845 3529 2858 3578 ;
2884 3515 3056 3582 atque
3089 3509 3227 3563 illuc
3259 3509 3494 3565 redierit
3521 3508 3727 3564 eodem

2071 3619 2421 3674 anno,opem
2453 3601 2878 3674 imploraturus
2927 3599 3206 3654 adversus
3234 3597 3577 3669 Gregorium
3609 3613 3730 3653 suae

2073 3692 2229 3748 sedis
2277 3691 2604 3746 invasorem
2669 3695 2726 3746 et
2777 3690 2981 3760 iniqua
3012 3688 3359 3744 Arianorum
3384 3686 3647 3758 judicia:
3682 3689 3740 3742 et

2074 3782 2355 3853 deinceps
2408 3781 2628 3835 mansit
2675 3780 2732 3834 in
2767 3778 3096 3835 Occidente.
3148 3777 3360 3843 Quinto
3418 3777 3575 3849 quod
3608 3779 3742 3849 post

2076 3869 2538 3927 conciliabulum
2573 3869 3003 3925 Mediolanense
3045 3869 3258 3924 iterum
3292 3867 3363 3923 ad
3396 3865 3742 3922 sexennium

2077 3959 2430 4016 concludant
2451 3959 2840 4014 Athanasium
2873 3974 3006 4013 cum
3037 3957 3260 4029 virgine
3283 3973 3471 4023 sacra,
3499 3954 3736 4027 quando

2078 4067 2210 4106 eum
2243 4054 2474 4105 constat
2502 4050 2560 4104 in
2593 4066 2786 4105 eremo
2818 4047 2973 4120 apud
3006 4045 3326 4102 monachos
3358 4045 3683 4101 delituisse.

2155 4158 2363 4212 Latina
2392 4157 2730 4230 legendaria
2787 4156 3030 4227 antiqua
3089 4154 3148 4208 in
3190 4169 3561 4226 pergameno,
3597 4152 3744 4207 refe-

2084 4247 2274 4303 rentia
2303 4252 2358 4302 S.
2398 4246 2702 4302 Athanasii
2727 4244 3238 4311 Vitam,habemus
3259 4244 3550 4314 quaedam,
3575 4240 3747 4313 plura

2082 4337 2372 4401 vidimus;
2398 4337 2538 4407 quin
2557 4340 2614 4391 et
2636 4334 2946 4390 transcribi
2971 4333 3216 4388 iecimus
3241 4333 3454 4403 aliqua,
3487 4333 3747 4403 primum

2085 4445 2153 4483 ex
2185 4443 2296 4482 ms.
2333 4426 2708 4496 Ultrajectino
2749 4425 2805 4478 S.
2840 4421 3179 4488 Salvatoris,
3210 4421 3425 4477 deinde
3451 4437 3521 4474 ex
3549 4419 3750 4475 codice

2089 4517 2191 4571 145
2222 4514 2596 4572 Cassinensis
2646 4511 3008 4567 bibliothecae
3064 4508 3512 4582 Longobardicis
3541 4507 3751 4564 litteris

2089 4610 2345 4661 exarato.
2380 4605 2530 4659 Sunt
2561 4606 2757 4658 autem
2792 4599 2988 4656 omnia
3029 4599 3146 4654 fere
3177 4615 3246 4653 ex
3276 4598 3483 4653 Ruﬁno
3515 4596 3756 4653 collecta

313 4689 580 4759 phrasim
613 4689 669 4743 in
703 4688 983 4745 hodierno
1018 4690 1279 4745 Romano
1316 4690 1722 4763 Martyrologio
1754 4692 1980 4747 modice
2011 4681 2054 4744 D
2089 4713 2155 4751 ac
2191 4711 2340 4766 saepe
2373 4693 2581 4748 iisdem
2643 4690 2817 4763 plane
2874 4687 3064 4744 verbis
3117 4691 3290 4760 atque
3319 4704 3423 4759 pro
3453 4703 3647 4742 rerum
3679 4686 3753 4742 ab

313 4782 550 4833 auctam
582 4778 1014 4850 expolitamque
1065 4779 1377 4848 habemus,
1409 4791 1723 4852 postquam
1756 4781 1895 4836 Pius
1926 4781 1975 4834 V

312 4883 509 4923 annue
541 4867 611 4922 de
645 4885 710 4924 eo
762 4870 1056 4941 agendum
1114 4870 1375 4925 officium
1433 4871 1541 4926 sub
1575 4870 1690 4925 ritu
1722 4871 1976 4942 duplicis

313 4958 652 5012 ordinavit:
686 4959 841 5031 quod
874 4962 1046 5014 antea
1075 4959 1184 5014 sub
1218 4959 1329 5014 ritu
1364 4960 1651 5037 simplicis
1683 4961 1975 5032 agendum

313 5046 416 5118 qui
441 5047 672 5118 primus
703 5049 1022 5103 decreverit
1051 5048 1208 5104 haud
1243 5049 1324 5105 ita
1353 5049 1555 5122 liquet.
1586 5049 1884 5106 Gavantus
1918 5049 1978 5104 in

313 5135 586 5191 rubricas
636 5137 914 5192 Breviarii
948 5141 1088 5192 sect.
1121 5139 1176 5205 7,
1211 5156 1339 5210 cap.
1372 5140 1427 5206 7,
1461 5139 1546 5194 sic
1579 5138 1870 5195 invenisse
1901 5139 1982 5194 ait

319 5223 378 5278 in
411 5226 705 5282 Breviario
729 5228 867 5282 anni
905 5228 1078 5282 155οε
1115 5229 1216 5283 sed
1252 5228 1436 5283 multo
1486 5233 1618 5284 ante
1668 5227 1980 5284 cardinalis

315 5314 706 5388 Quignonius,
742 5317 797 5371 in
834 5333 943 5371 suo
979 5335 1080 5388 per
1109 5317 1355 5372 Paulum
1390 5318 1463 5372 Ill
1498 5319 1820 5390 approbato
1855 5317 1983 5373 Bre-

312 5402 782 5475 viario,ofﬁcium
809 5407 880 5462 de
907 5406 1227 5462 Athanasio
1255 5407 1621 5462 recitandum
1654 5408 1978 5480 proposuit,

317 5497 374 5548 et
404 5511 621 5551 nomen
657 5495 1006 5567 inscriptum
1033 5495 1396 5551 Kalendariis
1428 5499 1982 5568 reperitur.Brevia-

318 5580 471 5636 rium
507 5600 746 5654 quoque
805 5588 1144 5655 Capuanum
1208 5584 1346 5638 anui
1383 5585 1520 5638 1499
1549 5585 1809 5639 ofﬁcium
1843 5585 1984 5640 sim-

318 5671 449 5744 plex
479 5689 615 5729 cum
647 5673 838 5729 tribus
877 5672 1129 5746 propriis
1189 5673 1543 5729 lectionibus
1601 5674 1796 5744 habet,
1833 5679 1896 5729 ut
1925 5675 1985 5730 in

318 5759 428 5822 hoc
455 5763 672 5825 Sancto
706 5762 949 5820 colendo
1009 5762 1273 5820 Romana
1326 5763 1582 5822 Ecclesia
1623 5763 1862 5824 omnino
1897 5764 1980 5824 vi-

658 5891 923 5958 Parnon.
973 5891 1086 5959 Gn.
1131 5891 1324 5964 XXV.

2087 4784 2408 4838 Athanasio
2436 4785 2731 4853 gestarum
2759 4783 2814 4833 et
2833 4777 3214 4834 toleratarum
3247 4775 3638 4848 amplitudine
3668 4776 3755 4831 ni-

2088 4874 2200 4928 mis
2233 4873 2489 4944 protecto
2522 4875 2702 4925 arcta.
2767 4867 3122 4924 Recentioris
3153 4870 3349 4922 autem
3381 4865 3755 4936 compositio-

2090 4964 2182 5019 nis
2213 4968 2301 5018 est
2332 4963 2797 5034 primum,quam
2820 4963 2885 5013 ut
2908 4956 3266 5012 considerari
3299 4960 3609 5011 mereatur.
3643 4954 3750 5010 Ca-

2090 5054 2326 5108 sincnse
2377 5051 2437 5105 in
2495 5054 2612 5106 tres
2673 5049 2952 5104 lectiones
2999 5047 3082 5102 sic
3113 5047 3502 5113 dividebatur,
3539 5047 3604 5099 ut
3631 5048 3756 5100 tota

2089 5143 2221 5198 Vita
2243 5141 2421 5196 simul
2448 5139 2565 5212 legi
2585 5139 2655 5193 ad
2681 5139 3004 5194 secundum
3033 5141 3386 5192 nocturnum
3409 5137 3609 5206 posset
3627 5159 3641 5203 ;
3658 5149 3756 5190 ne-

2093 5249 2205 5303 que
2237 5231 2392 5286 ultra
2423 5228 2764 5301 prmdictum
2793 5226 3124 5282 coenobium
3157 5226 3488 5281 extendisse
3517 5240 3580 5279 se
3611 5239 3757 5279 usus

2093 5321 2331 5377 illarum
2363 5319 2685 5374 lectionum
2714 5317 2967 5383 videtur,
3002 5319 3154 5370 certe
3182 5332 3296 5370 non
3327 5313 3633 5371 transiisse
3662 5311 3758 5368 Al-

2094 5410 2295 5483 pes,ad
2331 5407 2702 5464 nobilissima
2751 5405 2896 5462 alias
2953 5404 3338 5461 Benedictinae
3373 5402 3760 5476 professionis

2097 5499 2380 5554 coenobia.
2437 5498 2582 5569 Ergo
2643 5495 3020 5560 Adelbertus,
3105 5493 3264 5565 prior
3347 5491 3593 5549 coenobii
3651 5491 3754 5547 SS.

2098 5588 2352 5643 Udalrici
2385 5592 2441 5642 et
2467 5589 2628 5653 Afrae,
2661 5589 2935 5657 Augusta:
2959 5583 3396 5638 Vindelicorum
3430 5584 3486 5638 in
3523 5579 3754 5647 Suevia,

2097 5679 2356 5750 primum
2382 5693 2444 5732 se
2466 5674 2713 5731 credidit
2730 5697 2758 5725 «
2777 5675 2969 5730 Vitam
2991 5671 3364 5728 S.Athanasii
3388 5667 3764 5734 Alexandrini

2098 5765 2532 5845 episOOpi,ﬁdei
2551 5764 2903 5837 defensoris,
2937 5762 3038 5844 qui
3070 5758 3407 5843 symbolum
3439 5761 3764 5836 Quicunque
