4160 6408
308 414 340 461 ο
349 413 510 463 CLXII

1705 397 2319 464 PROLEGOMENA.

303 533 425 588 vult
451 532 637 588 salvus
657 547 769 590 esse
798 533 1147 606 composuit,
1169 556 1196 584 »
1221 531 1503 605 singulari
1533 534 1816 606 opusculo
1843 534 1954 591 col-
1985 540 2039 605 Α
2069 552 2252 600 seres,
2285 536 2610 592 Alexander
2629 536 2782 608 apud
2805 534 3242 602 Alexandriam,
3278 532 3568 590 Maximus
3598 532 3726 592 Hie-

304 621 605 693 ligendam
635 639 704 678 ex
732 621 976 678 diversis
1019 623 1277 694 antiquis
1307 623 1568 678 historiis
1601 625 1952 696 suscepisse,

305 710 427 766 haec
448 710 599 766 inter
618 711 734 766 alia
755 712 1051 783 praefatus,
1081 733 1106 764 α
1141 717 1307 767 Anno
1339 717 1697 779 exacto,cum
1723 729 1958 786 operam

305 800 602 856 dedissem
633 799 941 856 ordinandi
972 805 1030 856 et
1060 801 1441 857 scribendiad
1465 801 1695 874 vigilias
1728 802 1961 858 matuti-

307 887 470 944 nales
502 889 560 943 in
595 889 757 944 festis
813 895 1149 945 sanctorum
1210 890 1508 962 legendas,
1566 896 1794 945 tomum
1829 891 1960 946 libri

308 978 710 1034 confessorum
744 979 1082 1050 respiciens,
1110 985 1166 1035 et
1197 980 1566 1036 S.Athanasii
1590 981 1782 1035 Vitam
1809 981 1964 1035 inter

309 1066 454 1124 alias
484 1084 598 1123 non
631 1068 928 1140 reperiens
985 1070 1350 1138 adnotatam,
1381 1074 1614 1141 repente
1644 1070 1920 1142 osbtupui
1947 1087 1958 1137 ;

306 1160 362 1212 et
392 1157 743 1229 suspirando
795 1157 940 1229 ccepi
992 1158 1212 1225 mirari,
1235 1163 1292 1213 et
1321 1158 1476 1213 intra
1507 1175 1599 1213 me
1631 1159 1959 1230 protestari,

306 1244 460 1316 quod
481 1245 571 1300 vir
591 1249 814 1316 tantus,
845 1246 950 1302 toti
1006 1247 1129 1302 orbi
1165 1254 1360 1314 notus,
1395 1252 1560 1302 tanta
1590 1265 1691 1319 pro
1725 1248 1835 1302 {ide
1867 1264 1961 1302 ca-

306 1334 525 1391 tholica
556 1351 789 1407 passus,
822 1335 882 1390 in
915 1337 1182 1408 partibus
1215 1337 1433 1392 nostris
1465 1337 1536 1392 de
1564 1338 1805 1392 Actibus
1837 1339 1962 1392 suis

307 1423 516 1480 saltem
538 1423 803 1480 libellum
840 1425 1178 1480 manualem
1212 1443 1325 1481 non
1358 1425 1600 1481 haberet
1629 1425 1959 1496 specialem.

305 1513 396 1568 Nil
429 1530 535 1586 ego
586 1518 870 1580 moratus,
929 1514 1228 1583 historias,
1278 1516 1713 1571 Ecclesiasticam
1759 1513 1962 1569 videli-

311 1607 402 1659 cet
425 1603 660 1659 Eusebii
682 1604 1086 1672 Cwsareensis,
1121 1608 1178 1660 et
1209 1605 1562 1676 Tripartitam
1593 1603 1964 1668 Theodoreti,

304 1692 609 1750 Sozomeni
641 1698 698 1748 et
736 1693 1011 1762 Socratis,
1046 1694 1376 1750 Graecorum
1410 1693 1965 1761 disertissimorum,

307 1799 373 1838 ac
431 1781 1020 1852 librumjillustrium
1079 1784 1358 1851 virorum,
1419 1797 1524 1839 nec
1581 1800 1696 1838 non
1747 1782 1962 1837 librum

306 1870 698 1927 chronicalem
731 1876 1092 1944 pertractans
1126 1897 1152 1922 »
1181 1873 1260 1945 (hi
1295 1874 1410 1929 duo
1434 1872 1675 1944 quinam
1707 1871 1825 1926 sint
1859 1887 1963 1926 nec

309 1962 572 2018 divinare
603 1961 783 2027 lubet,
818 1979 920 2017 nec
971 1967 1137 2018 vacat
1175 1963 1483 2035 operosius
1511 1961 1810 2033 indagare)
1844 1984 1870 2010 «
1905 1963 1961 2016 et

306 2053 499 2126 capita
519 2053 577 2107 in
600 2051 1081 2108 distinctionibus
1104 2052 1389 2108 librorum
1421 2051 1730 2123 diligenter
1752 2049 1963 2105 exami-

304 2141 594 2215 nans,legi
617 2142 676 2197 in
699 2142 996 2214 quondam
1018 2141 1272 2214 capitulo
1303 2141 1374 2196 de
1405 2140 1744 2212 Rufino,qui
1776 2139 1958 2194 vitam

304 2231 464 2288 illius
494 2249 601 2288 suo
619 2231 952 2287 nobilitavit
988 2230 1256 2302 eloquio:
1295 2229 1482 2302 reperi
1513 2229 1689 2285 etiam
1723 2229 1959 2284 abunde

305 2322 366 2378 in
396 2321 618 2378 eisdem
640 2320 808 2377 libris
829 2321 901 2376 ad
925 2320 1281 2376 desiderium
1309 2336 1527 2375 meum.
1553 2342 1576 2370 ι
1615 2318 1827 2373 Narrat
1859 2318 1960 2372 de-

307 2411 462 2481 inde,
495 2411 787 2484 quomodo
817 2410 1042 2482 expleto
1061 2410 1442 2483 legendarum
1466 2407 1782 2472 volumine,
1809 2407 1964 2463 desi-

307 2502 573 2558 deratum
604 2499 956 2574 opusculum
979 2501 1049 2556 de
1077 2505 1133 2556 S.
1172 2498 1491 2556 Athanasio
1515 2498 1769 2554 scribere
1797 2513 1964 2552 exor-

309 2611 413 2650 sus
442 2593 633 2649 varias
665 2589 1040 2646 difﬁcultates
1091 2589 1149 2644 in
1210 2605 1276 2645 eo
1307 2593 1458 2644 recte
1507 2587 1829 2643 ordinando
1860 2587 1964 2641 ob-

300 2687 488 2757 jectas
544 2682 862 2755 superavit,
922 2684 1097 2751 atque
1139 2679 1435 2734 concludit
1469 2695 1481 2732 :
1531 2701 1556 2726 ‹‹
1590 2677 1648 2732 Si
1682 2694 1798 2748 qua
1828 2692 1962 2747 ergo

310 2775 369 2829 in
400 2773 509 2828 hoc
536 2769 819 2845 opusculo
878 2768 1357 2841 reprehendenda
1412 2768 1806 2839 reperiuntur,
1848 2782 1961 2820 non

310 2861 557 2920 inscitiae
588 2877 730 2917 mea;
760 2863 862 2915 aut
901 2858 1145 2932 ignaviae
1197 2861 1563 2930 reputentur,
1597 2855 1696 2911 sed
1727 2855 1962 2910 illorum

311 2953 411 3027 qui
443 2951 768 3024 antiquitus
789 2948 890 3004 illa
911 2948 1310 3019 scripserunt:
1338 2945 1478 3017 quia
1508 2945 1566 3000 in
1600 2944 1759 3000 nullo
1790 2945 1966 3000 verba

310 3045 575 3116 ipsorum
607 3037 1073 3112 permutavi,nisi
1097 3037 1250 3109 quod
1282 3035 1545 3091 locorum
1576 3040 1633 3090 et
1661 3035 1963 3090 civitatum

314 3131 574 3189 nomina.
609 3147 725 3185 non
755 3129 901 3184 bene
932 3127 1182 3199 cognita,
1211 3125 1408 3197 aliquo
1432 3125 1830 3180 additamento
1863 3141 1964 3178 ex-

310 3220 564 3297 planavi.
601 3237 614 3276 :

383 3347 769 3414 Quandonam
825 3342 1176 3400 Adelbertus
1233 3340 1343 3397 iste
1399 3340 1625 3403 vixerit,
1672 3340 1815 3396 mihi
1849 3357 1965 3398 non

317 3442 580 3505 constat,
637 3452 743 3492 nec
806 3438 947 3506 puto
1003 3431 1190 3487 scient
1236 3430 1427 3486 dicere
1459 3430 1818 3486 Udalriciani
1851 3447 1971 3486 mo.

313 3527 508 3594 nachi,
536 3540 787 3597 quorum
817 3520 1144 3577 coenobium
1177 3523 1365 3574 totum
1393 3518 1785 3590 conﬂagrasse
1817 3535 1969 3573 anno

314 3618 454 3675 1333
483 3613 686 3672 scribit
715 3611 1048 3667 Bernardus
1104 3609 1446 3676 Hertfelder,
1479 3608 1539 3663 in
1593 3607 1749 3662 brevi
1783 3607 1970 3679 ipsius

314 3707 426 3763 loci
458 3703 739 3768 Chronico,
774 3699 1100 3755 luculenter
1159 3697 1513 3770 descriptam
1569 3698 1668 3752 SS.
1715 3696 1970 3752 Udalrici

313 3801 371 3854 et
389 3797 536 3850 Afrae
559 3791 886 3856 basilicam,
921 3794 1053 3844 ante
1083 3788 1192 3844 hos
1221 3789 1291 3842 60
1319 3804 1504 3843 annos
1536 3786 1754 3842 ibidem
1789 3787 1966 3858 prior.

314 3888 430 3942 Isto
462 3886 658 3940 autem
692 3879 963 3936 incendio
1009 3878 1184 3934 etiam
1218 3877 1559 3950 praedictum
1591 3877 1662 3931 de
1694 3877 1752 3931 S.
1788 3875 1968 3931 Atha-

314 3974 480 4030 nasio
511 3970 885 4045 opusculum,
921 3966 1184 4024 fortassis
1216 3967 1370 4022 haud
1406 3966 1503 4019 diu
1538 3971 1670 4020 ante
1720 3965 1972 4020 conscri-

314 4068 504 4136 ptum,
540 4061 784 4134 periisse
832 4058 944 4114 hoc
991 4057 1308 4113 verosimili
1340 4054 1554 4110 indicio
1587 4055 1778 4122 credo,
1813 4055 1968 4126 quod

315 4169 470 4209 anno
504 4152 643 4206 1660
672 4148 1086 4205 bibliothecam
1127 4145 1491 4202 celeberrimi
1526 4143 1864 4198 monasterii
1914 4149 1971 4199 et

317 4259 464 4299 mss.
497 4239 724 4296 codices
755 4253 960 4294 omnes
991 4236 1304 4308 diligenter
1325 4237 1622 4289 scrutatus
1656 4236 1843 4303 (erant
1871 4251 1968 4288 au-

316 4337 434 4388 tem
464 4331 524 4386 in
557 4331 630 4385 iis
657 4327 837 4400 aliqui
859 4328 931 4384 ab
963 4325 1136 4382 annis
1178 4323 1408 4380 circiter
1438 4323 1712 4378 trecentis
1743 4323 1966 4395 scripti)

314 4421 462 4477 nihil
491 4420 608 4476 tale
636 4417 980 4474 invenerim.
1013 4416 1122 4470 Sed
1181 4414 1334 4484 quod
1393 4414 1449 4468 in
1491 4412 1616 4468 loco
1649 4430 1756 4467 suo
1789 4411 1967 4468 natali

315 4529 431 4567 non
472 4509 889 4573 inveniebatur,
950 4505 1250 4560 invenerat
1307 4509 1440 4559 ante
1499 4503 1691 4558 dictus
1722 4503 1969 4558 Gaman-

315 4602 442 4658 sius
461 4598 738 4655 nosterin
765 4594 1105 4652 Blaburensi
1138 4611 1316 4666 prepe
1347 4591 1574 4648 Ulmam
1609 4591 1831 4648 ordinis
1863 4594 1966 4648 Be-

314 4688 592 4747 nedictini
651 4687 905 4756 abbatia,
963 4685 1251 4740 insertum
1307 4683 1456 4754 parti
1514 4700 1531 4737 1
1590 4682 1968 4753 Passionalis,
2002 4673 2048 4736 D
2083 4679 2150 4734 IlI
2211 4681 2280 4734 De
2344 4681 2474 4735 Vitis
2527 4682 2898 4746 sanctorum;

315 4779 534 4836 ibidem
561 4795 595 4832 a
615 4777 708 4832 Fr.
742 4773 1163 4830 Bartholomaeo
1182 4772 1363 4827 Kraift
1392 4772 1546 4826 circa
1577 4789 1796 4826 annum
1831 4772 1970 4826 1480

316 4867 554 4925 exarati.
590 4867 748 4922 Idem
801 4863 1156 4920 Gamansius
1213 4879 1388 4918 suum
1448 4861 1821 4917 Blaburensis
1856 4879 1964 4917 ms.

315 4957 674 5032 ecgraphum
707 4957 934 5010 curiose
963 4951 1289 5008 contulerat
1320 4967 1473 5006 anno
1507 4951 1661 5013 164οε
1688 4968 1820 5005 cum
1855 4951 1967 5006 alio

317 5045 617 5104 vetustiori
639 5061 816 5116 quam
847 5043 1008 5114 prius
1029 5039 1372 5109 Passionali,
1395 5039 1571 5094 vicini
1599 5040 1966 5112 Wiblingen-

315 5139 398 5194 sis
431 5133 769 5192 monasterii
799 5151 812 5202 ;
877 5133 1030 5187 unde
1086 5132 1421 5202 conjectura
1465 5135 1663 5185 nostra
1695 5131 1765 5184 de
1796 5130 1966 5185 Adel-

319 5229 481 5283 berto
514 5226 726 5299 priore,
784 5223 941 5295 quod
1000 5221 1211 5276 saeculo
1270 5237 1372 5275 xm
1415 5219 1640 5285 vixerit,
1671 5225 1968 5291 utcunque

320 5316 722 5371 conﬁrmatur.
757 5311 968 5384 Incipit
1008 5310 1108 5365 ille
1139 5311 1210 5366 ab
1243 5309 1684 5364 enumeratione
1714 5324 1812 5363 sex
1843 5326 1967 5364 om-

315 5405 454 5462 nino
486 5404 948 5475 civitatum,quze
977 5402 1128 5456 idem
1155 5397 1552 5454 Alexandrina:
1586 5415 1797 5454 nomen
1823 5398 1969 5454 anti-

317 5494 516 5568 quitus
546 5493 933 5561 tulerunt;ac
976 5490 1184 5546 deinde
1217 5507 1364 5562 opus
1413 5492 1664 5560 coeptum
1701 5487 1968 5560 pluribus

316 5582 718 5655 interstinguit
736 5581 1010 5648 titulis,in
1042 5581 1408 5653 propositum
1440 5583 1851 5649 argumentum
1886 5580 1969 5635 sic

316 5672 651 5747 ingrediens
683 5687 696 5724 :
760 5693 786 5719 «
822 5671 1122 5743 Regnante
1178 5667 1562 5725 Constantino
1596 5667 1969 5740 imperatore,

316 5761 534 5845 egregii
565 5759 928 5823 confessores
958 5765 1016 5831 et
1043 5758 1342 5825 catholicae
1372 5756 1507 5815 ﬁdei
1540 5756 1740 5822 ﬁdeles
1771 5758 1969 5816 defen-

2072 625 2402 697 rosolymis,
2439 625 2760 682 Alexander
2806 642 2967 698 mque
2999 623 3502 696 Constantinopoli
3533 641 3724 680 sacer-

2078 715 2258 778 dotio,
2291 715 2709 787 fungebantur.
2755 738 2783 766 »
2819 715 3016 770 Minus
3073 730 3335 786 operose,
3372 719 3427 769 et
3457 718 3727 770 contextu

2078 803 2299 874 absque
2331 803 2640 859 titulorum
2697 804 3137 876 interpositione
3184 810 3239 858 et
3270 804 3492 874 absque
3521 803 3726 875 praelo-

2073 892 2227 961 quiis
2255 890 2389 947 ullis
2420 891 2779 956 continuato,
2805 893 3070 947 eamdem
3101 909 3221 948 rem
3254 893 3484 947 videtur
3513 893 3724 963 egisse,

2075 979 2268 1034 nescio
2295 997 2366 1034 an
2400 981 2696 1034 Adelberti
2731 979 3015 1052 exemplo,
3051 979 3202 1034 alius
3243 981 3301 1034 in
3335 981 3392 1035 S.
3427 979 3728 1034 Maximini

2072 1084 2250 1140 prope
2279 1070 2546 1124 Treviros
2571 1071 2823 1136 abbatia,
2849 1063 3005 1124 Unde
3037 1069 3291 1125 similem
3325 1069 3727 1125 collectionem

2073 1157 2361 1212 habemus
2389 1157 2486 1212 tali
2523 1157 2842 1229 principio:
2889 1181 2914 1207 ‹‹
2950 1158 3093 1213 Cum
3125 1159 3281 1231 apud
3315 1159 3726 1214 Alexandriam

2077 1250 2203 1317 post
2226 1246 2538 1313 Achillam,
2571 1247 2670 1318 qui
2720 1248 2885 1302 Petro
2937 1247 3208 1319 episcopo
3240 1253 3297 1302 et
3320 1249 3561 1320 martyri
3592 1266 3726 1304 suc-

2073 1335 2677 1404 cesserat,Alexander
2708 1337 3100 1391 sacerdotium
3135 1337 3512 1409 suscepisset,
3540 1362 3568 1387 ››
3591 1344 3724 1410 etc.,

2072 1423 2264 1479 verbis
2286 1440 2431 1495 pene
2455 1425 2667 1490 Rufini,
2701 1441 2768 1480 ac
2800 1425 3009 1480 deinde
3042 1425 3174 1481 aliis
3208 1426 3478 1482 aliorum.
3514 1428 3724 1484 Eodem

2075 1514 2191 1568 fere
2223 1512 2371 1584 stylo
2393 1519 2449 1568 et
2471 1512 2635 1568 initio
2661 1514 2945 1570 habemus
2967 1515 3155 1587 ipsam
3184 1516 3485 1572 Athanasii
3510 1517 3724 1589 Vitam,

2074 1601 2133 1656 in
2172 1601 2446 1673 praeclaro
2505 1603 2817 1674 grandium
2875 1621 2976 1660 sex
3035 1611 3326 1660 tomorum
3381 1606 3726 1674 Passionali,

2075 1691 2228 1762 quod
2262 1690 2515 1746 ecclesiae
2547 1692 2605 1747 S.
2641 1692 2833 1748 Maria
2863 1693 2934 1749 de
2955 1693 3226 1750 Valcellis
3246 1694 3561 1767 aliquando
3594 1697 3726 1769 fuit,

2076 1784 2132 1835 et
2161 1780 2351 1850 primo
2373 1784 2531 1836 torno
2557 1787 2792 1854 excepto
2815 1783 3114 1839 venditum
3141 1783 3279 1840 clar.
3314 1803 3367 1840 v.
3399 1785 3728 1843 Balthasari

2075 1869 2312 1937 Morcto,
2347 1887 2417 1923 ne
2468 1871 2537 1924 ad
2569 1887 2744 1925 usum
2803 1873 3197 1944 typographiee
3247 1872 3619 1940 laceraretur,
3653 1877 3728 1932 ab

2071 1958 2272 2012 eodem
2308 1959 2703 2025 redemimus;
2739 1977 2805 2015 ac
2837 1962 3046 2016 deinde
3074 1961 3264 2016 Vitam
3288 1963 3451 2018 illam
3483 1965 3706 2020 contuli

2071 2064 2206 2101 mus
2238 2063 2370 2101 cum
2409 2049 2608 2103 codice
2666 2052 2772 2103 606
2831 2051 3038 2120 reginae
3097 2051 3312 2106 Suecize
3364 2051 3422 2106 in
3453 2070 3566 2124 quo
3601 2053 3729 2124 ipsa

2071 2136 2374 2207 aliquanto
2431 2139 2782 2192 contractior
2849 2139 3227 2208 habebatur;
3305 2141 3490 2197 multo
3548 2143 3726 2199 etiam

2071 2225 2261 2296 magis
2285 2230 2581 2282 contracta
2609 2225 2669 2282 in
2704 2229 3025 2284 Passionali
3059 2230 3394 2301 Bodecensi,
3429 2231 3584 2286 unde
3618 2249 3728 2288 sua

2071 2331 2250 2368 manu
2282 2316 2549 2370 eamdem
2598 2317 2766 2371 nobis
2825 2317 3137 2390 descripsit
3176 2320 3574 2392 praelaudatus
3614 2322 3726 2379 Ga-

2072 2404 2360 2472 mansius,
2393 2405 2450 2460 in
2483 2406 2630 2461 duos
2663 2406 2829 2476 quasi
2861 2407 3042 2464 libros
3071 2408 3338 2466 divisam.

2144 2513 2254 2567 Sed
2288 2512 2409 2568 hare
2467 2513 2686 2582 omnia,
2733 2519 2787 2569 et
2847 2515 2893 2570 si
2928 2533 3051 2585 quas
3081 2516 3216 2585 alia,
3245 2522 3311 2573 ut
3357 2519 3595 2576 nomine
3626 2537 3728 2576 au-

2073 2602 2246 2656 ctoris
2279 2603 2586 2669 carent,ita
2607 2619 2721 2659 non
2748 2610 3051 2660 merentur
3080 2607 3385 2677 operosius
3418 2609 3727 2683 distingui:

2073 2691 2405 2747 laudandus
2431 2708 2562 2747 vero
2622 2693 2971 2750 nominatim
3029 2700 3119 2750 est
3145 2696 3402 2753 Joannes
3430 2700 3730 2770 Aretinus,

2075 2781 2348 2836 Romanae
2400 2781 2666 2837 Ecclesia:
2719 2783 3145 2852 subdiaconus,
3196 2787 3294 2856 qui
3329 2787 3438 2842 sub
3469 2788 3730 2860 Eugenio

2073 2886 2226 2941 papa
2257 2870 2349 2941 ιν,
2385 2870 2537 2926 circa
2568 2889 2704 2926 ann.
2741 2873 2898 2940 1440,
2949 2891 3018 2928 ex
3048 2879 3355 2930 auctorum
3401 2877 3732 2933 Graecorum

2072 2959 2356 3024 fontibus,
2391 2959 2638 3016 Eusebio
2697 2962 3040 3032 prasertim,
3075 2963 3332 3032 Socrate,
3365 2964 3730 3022 Theodoreto

2075 3052 2250 3119 atque
2280 3049 2618 3120 Sozomeno,
2655 3067 2880 3106 necnon
2939 3069 3005 3106 ex
3046 3052 3176 3106 Vita
3208 3054 3316 3108 sub
3349 3054 3586 3110 nomine
3617 3059 3733 3110 Me-

2075 3137 2395 3209 taphrastis
2428 3139 2682 3207 inventa,
2725 3140 3011 3212 prolixam
3045 3143 3188 3197 satis
3218 3142 3513 3198 contexuit
3545 3145 3728 3201 histo-

2075 3226 2243 3294 riam,
2278 3227 2550 3300 dictoque
2603 3230 2863 3300 pontiﬁci
2922 3231 3229 3298 dedicavit,
3290 3237 3356 3287 ut
3385 3233 3730 3291 innumeras

2078 3317 2512 3386 persecutiones
2544 3324 2789 3374 eatenus
2821 3319 3038 3391 injuste
3069 3338 3368 3394 perpesso,
3401 3322 3552 3379 inter
3582 3340 3731 3395 quas

2081 3422 2159 3462 see
2191 3405 2271 3460 illi
2303 3424 2467 3478 azque
2513 3413 2568 3462 S.
2629 3409 2952 3465 Athanasio
3011 3428 3125 3466 non
3174 3412 3466 3468 defuerint
3525 3430 3729 3470 conso-

2080 3495 2346 3552 lationes.
2384 3497 2525 3552 Nam
2560 3497 2713 3554 sicut
2743 3498 2838 3554 hic
2880 3499 3067 3555 multa
3095 3500 3329 3557 interim
3361 3519 3464 3574 pro
3494 3503 3596 3559 Dei
3622 3505 3732 3560 Ec-

2079 3583 2256 3640 clesia
2279 3602 2340 3641 se
2373 3587 2684 3658 perfecisse
2733 3587 2991 3660 gavisus,
3023 3591 3261 3646 tandem
3317 3609 3435 3648 sua:
3488 3593 3731 3666 propriae

2081 3674 2482 3731 Alexandrinae
2532 3694 2732 3749 pacem
2755 3679 3042 3734 redditam
3069 3680 3247 3735 vidit:
3285 3681 3368 3736 sic
3397 3687 3454 3737 et
3482 3683 3564 3737 illi
3594 3699 3733 3755 gra-

2078 3765 2301 3820 tulatur
2329 3765 2584 3822 Joannes
2618 3768 3000 3823 inveteratum
3057 3770 3388 3825 Graecorum
3422 3775 3597 3844 atque
3626 3775 3731 3828 Ar-

2080 3871 2386 3910 menorum
2419 3855 2676 3911 schisma
2707 3857 3047 3928 perduxisse
3070 3859 3139 3912 ad
3167 3859 3462 3931 unionem,
3489 3861 3732 3918 infinitis

2081 3960 2225 4015 pene
2255 3943 2540 4015 impensis
2601 3962 2667 4000 ac
2713 3945 2964 4000 summis
3015 3945 3336 4014 laboribus,
3374 3966 3495 4004 rem
3528 3949 3732 4006 multis

2079 4033 2452 4088 decessorum
2489 4039 2791 4102 tentatum,
2851 4037 3169 4108 perfectam
3205 4039 3442 4094 nemini.
3495 4038 3729 4095 Nullam

2079 4121 2174 4176 hic
2205 4123 2559 4178 mentionem
2597 4124 2732 4178 facit
2759 4125 3184 4189 Jacobitarum,
3219 4128 3318 4199 qui
3353 4128 3514 4184 missi
3549 4127 3732 4185 altero

2081 4218 2212 4284 post
2245 4213 2578 4284 przedictam
2611 4213 2888 4269 unionem
2937 4232 3090 4271 anno
3122 4221 3178 4272 et
3208 4218 3269 4270 41
3305 4217 3477 4273 istius
3509 4217 3730 4285 saeculi,

2080 4301 2304 4357 nullam
2337 4302 2509 4357 etiam
2545 4302 2895 4375 legatorum,
2929 4305 3030 4376 qui
3091 4323 3245 4361 anno
3276 4323 3410 4362 mox
3463 4308 3734 4380 sequenti

2077 4396 2362 4447 venerunt
2415 4409 2448 4447 a
2508 4393 2915 4462 Presteianne;
2977 4399 3041 4449 ut
3071 4395 3298 4468 scriptae
3349 4397 3734 4454 dedicationis

2079 4488 2311 4552 tempus
2362 4481 2698 4538 nullatenus
2768 4483 2952 4554 possit
3008 4484 3068 4539 in
3146 4485 3392 4540 dubium
3455 4487 3730 4542 revocari.

2148 4589 2340 4644 Vitam
2378 4589 2527 4644 hanc
2557 4587 2826 4661 Aloysius
2854 4591 3248 4662 Lipomannus
3278 4591 3538 4664 vulgavit
3575 4599 3734 4649 tomo

2961 4697 3068 4736 nos
3124 4685 3320 4735 autem
3380 4698 3534 4738 anno
3598 4684 3736 4737 1660

2078 4770 2367 4839 eamdem,
2401 4771 2501 4824 sed
2535 4770 2752 4840 absque
2809 4771 3064 4825 auctoris
3113 4771 3371 4837 nomine,
3406 4773 3736 4829 manuscri-

2080 4865 2238 4931 ptam
2269 4858 2601 4913 invenimus
2660 4859 2828 4914 Senis
2858 4859 2914 4913 in
2948 4860 3200 4916 armario
3235 4863 3490 4933 quodam
3521 4861 3734 4919 biblio-

2077 4949 2255 5004 thecae
2290 4947 2622 5014 Pontiﬁcizs,
2660 4947 2798 5003 olim
2833 4949 2912 5002 Pii
2950 4950 2998 5003 ll
3055 4967 3196 5005 cura
3224 4952 3398 5021 juxta
3429 4952 3735 5008 cathedra-

2079 5039 2191 5093 lem
2223 5037 2528 5093 ecclesiam
2588 5045 2799 5092 ornalm
2859 5037 3295 5112 instruclmque,
3349 5057 3505 5096 nunc
3536 5047 3734 5096 autem

2079 5131 2195 5184 fere
2225 5145 2417 5182 vacuze
2445 5146 2458 5194 ;
2485 5127 2654 5198 eique
2685 5128 3023 5197 adjunctam
3071 5131 3393 5201 reperimus
3425 5129 3733 5201 epistolam

2077 5217 2393 5274 Justiniani
2424 5217 2794 5287 imperatoris
2817 5217 2886 5270 ad
2915 5218 3140 5272 Menam
3162 5218 3579 5290 patriarcham,
3605 5233 3735 5288 quae

2079 5308 2283 5380 quinto
2316 5305 2557 5360 concilio
2592 5305 2938 5360 celebrando
2971 5307 3129 5362 dedit
3159 5306 3734 5376 occasionem,cujus

2080 5401 2410 5454 contextum
2445 5396 2708 5450 Grazcum
2744 5397 3125 5467 proLLtebatur
3155 5414 3217 5452 se
3249 5397 3524 5451 habuisse
3555 5395 3734 5450 inter-

2081 5505 2212 5560 pres
2244 5487 2418 5556 (idem
2455 5485 2610 5540 haud
2635 5485 2810 5540 dubie
2847 5486 2946 5557 qui
2979 5485 3121 5540 Vita:
3155 5485 3446 5553 collector)
3481 5502 3513 5540 a
3543 5485 3737 5540 Theo-

2082 5581 2219 5634 doro
2253 5574 2637 5631 Feltrensium
2685 5576 2978 5647 episcopo.
3041 5575 3279 5638 Qualem
3338 5591 3472 5630 cum
3521 5575 3580 5630 iu
3615 5578 3737 5632 toto

2082 5670 2526 5726 Feretranorum
2561 5664 2968 5738 episcoporum
3000 5663 3272 5738 Catalogo
3304 5664 3535 5721 uullum
3571 5680 3736 5738 repe-

2080 5760 2342 5817 riamus:
2377 5755 2505 5816 vide
2532 5772 2673 5812 num
2732 5754 2825 5815 hic
2856 5771 2973 5814 non
3027 5754 3218 5831 possit
3262 5755 3555 5834 interponi
3584 5755 3740 5816 inter
