4160 6450
1517 520 1619 581 DE
1664 518 1924 583 CULTU
1970 522 2036 582 S.
2080 520 2531 584 ATHANASII.

3510 539 3733 589 CCLXIII

325 649 597 707 Joannem
628 650 702 709 de
728 651 1016 720 Arimino,
1048 652 1218 724 cujus
1247 668 1351 725 pro
1382 668 1534 709 anno
1590 654 1723 709 1424
1775 657 1964 709 exstat
1991 655 2049 720 Α
2077 654 2221 710 Xill.
2256 656 2536 724 Quantum
2558 655 2915 713 solitudinem
2934 664 2988 712 et
3013 657 3296 713 solitarios
3327 673 3539 730 semper
3575 676 3732 715 ama-

325 740 615 807 memoria,
650 742 956 797 servatain
988 742 1164 799 calice
1194 746 1336 797 tunc
1368 760 1469 814 per
1498 743 1694 814 ipsum
1728 744 1922 799 oblato
1950 760 1963 797 :

324 833 377 884 et
402 828 777 885 Franciscum
806 830 1092 903 Angelum
1116 832 1187 887 de
1199 830 1803 899 Claravallibus,anno
1828 833 1968 887 1444

324 917 388 973 ad
406 917 741 974 cathedram
757 919 922 975 illam
940 920 1433 976 admotum.Circa
1446 922 1720 977 eumdem
1744 938 1968 977 annum

322 1008 640 1079 composita
659 1009 1011 1065 estVenetiis
1034 1010 1300 1082 quaadam
1324 1010 1589 1081 ejusdem
1610 1010 1967 1074 sanctiVita,

323 1096 385 1151 ad
415 1113 588 1153 usum
625 1098 973 1154 monialium
995 1100 1220 1155 Sanctae
1243 1099 1466 1166 Crucis,
1495 1100 1565 1154 ad
1596 1116 1744 1171 quas
1766 1116 1970 1155 recens

322 1184 502 1241 fuerat
520 1202 736 1259 corpus
760 1187 1114 1244 translatum
1141 1206 1153 1244 :
1190 1205 1319 1261 quae
1349 1189 1485 1245 Vita
1517 1205 1653 1244 cum
1686 1205 1803 1244 non
1826 1188 1970 1245 satis

323 1280 468 1330 certa
498 1276 774 1349 cultaque
803 1278 1118 1345 videretur,
1143 1278 1491 1334 Hermolaus
1523 1279 1817 1334 Barbarus
1847 1279 1970 1350 epi-

320 1380 523 1437 scopus
552 1367 911 1423 Veronensis
943 1366 1117 1423 aliam
1150 1384 1217 1423 ex
1235 1366 1468 1423 Eusebii
1485 1367 1723 1439 scriptis
1746 1368 1967 1440 compi-

320 1451 469 1511 lavit.
494 1454 577 1511 De
608 1460 857 1528 utraque
889 1457 1042 1512 infra
1062 1456 1236 1529 plura
1267 1457 1554 1513 dicentur.

382 1544 584 1601 Exstat
613 1545 791 1602 etiam
825 1546 941 1602 alia
969 1550 1245 1603 Actorum
1277 1546 1646 1603 S.Athanasii
1675 1546 1963 1616 collectio,

320 1648 384 1687 ex
410 1634 690 1704 praedicto
719 1634 950 1708 Aloysio
999 1636 1385 1708 Lipomanno,
1420 1635 1753 1708 postipsius
1775 1635 1972 1691 Sancti

321 1719 498 1793 Opera
522 1739 536 1790 ;
567 1727 773 1795 estque
792 1725 971 1781 veluti
997 1730 1202 1781 catena
1216 1742 1285 1781 ex
1308 1726 1564 1797 Socrate,
1584 1726 1969 1795 Theodoreto,

322 1814 488 1881 etque
512 1812 872 1869 Sozomeno:
903 1816 993 1869 cui
1030 1814 1287 1869 ibidem:
1318 1814 1702 1887 subjungitur
1723 1837 1749 1864 «
1776 1813 1972 1870 Oratio

321 1898 386 1954 de
414 1900 552 1957 vita:
589 1904 1036 1969 certaminibus,
1068 1908 1125 1959 et
1168 1902 1446 1959 laudibus
1505 1904 1724 1970 Sancti,
1759 1921 1793 1959 a
1850 1903 1971 1959 viro

321 1988 574 2059 quodam
599 1991 768 2047 docto
787 1997 919 2047 ante
940 1993 1157 2047 multos
1173 2008 1357 2047 annos
1380 1993 1714 2064 conscripta
1739 2011 1789 2048 :»
1814 1992 1969 2064 quod

320 2075 410 2133 hic
440 2079 668 2134 sufﬁcit
698 2080 1011 2150 indicasse,
1046 2086 1111 2136 ut
1140 2082 1375 2137 tandem
1435 2082 1637 2137 ﬁniam
1683 2099 1818 2137 cum
1858 2081 1972 2137 Na-

325 2166 623 2237 zianzeno,
654 2172 933 2225 Sanctum
965 2170 1050 2226 sic
1080 2169 1437 2243 clloquente:
1482 2193 1511 2221 «
1542 2172 1647 2226 Ast
1697 2175 1782 2240 tu,
1816 2188 1849 2226 ο
1882 2187 1973 2226 sa-

322 2272 480 2311 crum
512 2261 572 2312 et
602 2256 846 2314 charum
880 2262 1121 2331 caput...
1157 2260 1448 2332 benignus
1470 2259 1541 2314 de
1574 2258 1712 2314 caalo
1744 2276 1853 2315 nos
1884 2275 1973 2314 re-

319 2344 555 2418 spicias,
592 2346 999 2421 populumque
1029 2348 1186 2405 hunc
1218 2365 1406 2421 regas,
1440 2350 1762 2421 perfectum
1781 2348 1974 2421 perfe-

318 2439 416 2490 ctas
444 2435 757 2493 Trinitatis
787 2436 1092 2504 cultorem,
1128 2454 1255 2511 quas
1277 2438 1337 2493 in
1362 2437 1721 2509 Patre.Filio,
1739 2442 1798 2494 et
1847 2438 1978 2511 Spi-

318 2524 430 2581 ritu
462 2530 671 2582 sancto
690 2526 1041 2600 intelligitur
1055 2532 1114 2584 et
1134 2527 1977 2600 adoratur:meque,siquidem

319 2614 375 2671 in
400 2631 549 2687 pace
578 2631 749 2688 agere
781 2615 975 2688 liceat,
1016 2634 1195 2673 manu
1226 2621 1451 2683 teneas,
1512 2615 1691 2672 simul
1739 2632 1976 2689 gregem

320 2719 570 2774 pascens
596 2722 609 2773 ;
660 2705 754 2761 sin
778 2709 975 2760 autem
1004 2706 1318 2762 vivendum
1334 2705 1497 2761 estin
1513 2705 1687 2774 bello,
1718 2706 1978 2762 abducas

320 2792 452 2849 hinc
474 2794 601 2851 sive
621 2811 915 2863 assumas,
946 2799 1261 2867 tecumque
1282 2800 1339 2851 et
1367 2812 1503 2851 cum
1552 2795 1641 2851 tui
1680 2795 1977 2852 similibus

322 2882 591 2953 colloces,
628 2884 862 2941 tametsi
892 2884 1113 2956 grande
1144 2889 1235 2940 est
1259 2886 1413 2954 quod
1450 2884 1688 2956 petitur,
1731 2884 1792 2939 in
1848 2885 1976 2956 ipso

327 2971 559 3028 Christo
585 2973 829 3029 Domino
859 2978 1079 3041 nostro,
1112 2974 1206 3029 cui
1238 2975 1433 3030 omnis
1462 2974 1669 3046 gloria,
1702 2973 1891 3029 honor
1920 2978 1981 3030 et

319 3060 634 3134 imperium
668 3063 725 3117 in
750 3061 982 3118 saecula.
1010 3065 1215 3119 Amen.
1252 3085 1281 3113 ››
1313 3063 1538 3128 Quibus
1568 3063 1762 3119 verbis
1780 3063 1975 3135 etipse

322 3168 489 3207 suam
526 3152 597 3206 de
620 3152 894 3207 maximis
908 3151 1215 3208 Athanasii
1246 3151 1473 3208 meritis
1497 3153 1774 3208 fiduciam
1799 3151 1977 3224 expli-

321 3246 428 3311 cat,
464 3244 529 3297 et
548 3239 813 3313 exemplo
843 3241 1233 3313 prmitipsum
1283 3241 1617 3308 invocandi,
1679 3241 1857 3297 etiam
1914 3242 1974 3296 in

320 3328 409 3385 his
431 3346 567 3402 quze
598 3330 918 3386 Ecclesiam
953 3347 1110 3386 nunc
1154 3332 1398 3386 turbant
1443 3331 1740 3387 variarum
1796 3347 1975 3386 nova-

321 3435 573 3490 rumque
602 3418 946 3491 opinionum
978 3420 1455 3493 tempestatibus:
1483 3437 1631 3493 quas
1676 3418 1853 3475 veluti
1910 3419 1971 3475 in
2004 3413 2047 3481 C

322 3506 562 3579 speculo
594 3523 917 3580 proponere
946 3509 1176 3564 videtur
1206 3514 1405 3565 noster
1429 3509 1750 3565 Ludovicus
1773 3508 1978 3565 Maim-

322 3596 531 3669 bourg,
564 3596 795 3653 duobus
814 3598 992 3654 tomis
1012 3597 1228 3654 Gallice
1249 3597 1421 3655 editis
1446 3602 1504 3654 et
1522 3599 1779 3655 Historia
1805 3600 1982 3655 Aria-

319 3687 482 3743 sismz
508 3685 840 3759 appellatis,
874 3686 974 3743 ubi
1002 3688 1058 3744 S.
1090 3687 1451 3744 Athanasius
1475 3688 1799 3762 praecipuas
1850 3687 1979 3744 ubi-

324 3791 437 3847 que
466 3780 663 3848 partes
686 3775 825 3848 agit.

394 3868 531 3932 Quae
562 3870 759 3922 autem
790 3870 1141 3939 quantisque
1172 3868 1418 3925 virtutes
1447 3869 1576 3940 ejus
1603 3868 1663 3924 in
1686 3873 1808 3925 tam
1823 3868 1982 3924 varia

324 3955 559 4012 fortuna
587 3960 644 4011 et
665 3956 984 4026 jactatione
1026 3958 1372 4029 exstiterint,
1422 3958 1472 4014 si
1533 3958 1667 4030 quis
1724 3957 1861 4014 velit
1915 3975 1983 4014 ex

323 4045 640 4117 ipsiusmet
667 4045 902 4118 scriptis
932 4045 1241 4103 collectum
1268 4046 1481 4114 videre,
1502 4047 1682 4104 habet
1703 4047 1981 4103 ultimum

322 4133 543 4190 librum
568 4134 713 4189 Vitae
743 4134 997 4202 Gallicae,
1040 4135 1100 4191 in
1143 4135 1430 4208 principio
1485 4136 1757 4204 laudatae,
1814 4137 1985 4208 cujus

323 4222 714 4279 summariam
737 4224 1038 4296 synopsim
1070 4242 1173 4297 per
1199 4226 1460 4297 capitum
1482 4225 1686 4282 titulos
1704 4225 1798 4281 hic
1824 4226 1988 4281 lubet

324 4328 669 4386 proponere.

1010 4428 1179 4467 LIBER
1224 4429 1305 4467 XII

326 4518 463 4574 CAP.
497 4518 540 4573 Ι.
574 4518 652 4590 De
677 4518 784 4589 ﬁde
840 4519 897 4575 S.
949 4518 1261 4588 Athanasii,
1317 4518 1676 4590 fundamento
1724 4520 1987 4575 constan-

400 4592 502 4645 tiae
528 4589 668 4645 eius.

330 4606 502 4717 uti}:
525 4606 805 4735 fimum
832 4668 885 4735 et
928 4662 1235 4735 eminentia
1291 4664 1534 4719 scientia:
1567 4678 1705 4735 ejus,
1735 4661 1988 4734 Scriptu-

397 4734 480 4788 ris
510 4741 561 4787 et
591 4732 883 4788 traditioni
913 4734 1143 4788 innixae.

328 4803 423 4859 ΙΙΙ.
455 4805 531 4859 De
557 4819 652 4875 spe
667 4805 855 4876 ipsius
883 4812 935 4860 et
961 4804 1164 4876 ﬁducia
1187 4806 1248 4859 in
1278 4806 1466 4861 Deum.

400 4876 475 4930 1V
522 4874 599 4931 De
627 4874 900 4932 charitaie
930 4874 1049 4948 ejus
1078 4892 1215 4947 erga
1228 4878 1420 4933 Deum.

328 4946 396 5002 V.
430 4948 512 5021 De
534 4962 719 5003 amore
746 4949 862 5021 ejus
889 4946 1024 5018 erga
1050 4946 1366 5021 Ecclesiam
1421 4952 1481 5004 in
1536 4964 1750 5021 genere,
1785 4951 1838 5005 et
1865 4962 1985 5021 spe-

401 5019 624 5075 cialiter
653 5019 788 5087 erga
808 5019 1269 5076 Alexandrinam.

327 5088 429 5164 Et,
459 5091 534 5164 De
560 5091 867 5164 prudentia
894 5095 945 5146 et
965 5093 1194 5164 justitia
1225 5091 1279 5147 S.
1307 5092 1647 5148 Athanassii.

327 5159 454 5236 Eli,
484 5159 571 5236 De
582 5162 907 5236 fortitudine
924 5159 979 5218 et
1007 5165 1477 5234 magnanimitate
1508 5163 1768 5236 ejusdem.

329 5230 479 5308 Vill.
500 5230 589 5308 De
613 5235 899 5308 frequenti
932 5236 1052 5307 ejus
1099 5230 1310 5308 recessu
1368 5244 1418 5291 et
1446 5230 1580 5308 fuga
1599 5236 1988 5308 pusillanimi-

402 5306 533 5379 tatis
559 5305 987 5379 haudquaquam
1014 5307 1344 5361 accusanda.

332 5374 425 5431 IX.
458 5377 532 5432 De
554 5374 841 5449 patientia
859 5380 974 5450 ejus
1006 5380 1305 5450 quantique
1345 5379 1405 5431 in
1462 5380 1735 5450 regimine
1762 5378 1988 5433 anima-

404 5464 529 5521 rum
556 5448 748 5519 fecerit
776 5448 1104 5505 exercitium
1135 5448 1300 5521 hujus
1329 5448 1572 5506 virtutis.

330 5517 400 5574 X.
432 5520 504 5594 De
524 5517 639 5593 ejus
663 5522 1064 5593 temperantia,
1097 5517 1227 5576 vitm
1259 5524 1584 5578 austeritate
1630 5531 1684 5577 et
1709 5519 1988 5594 perfectis-

405 5593 549 5647 sima
580 5595 942 5650 continentia.

331 5660 428 5716 XI.
460 5664 535 5718 De
565 5666 879 5721 humilitate
896 5669 949 5721 et
975 5664 1395 5719 mansuetudine
1424 5664 1479 5718 S.
1514 5664 1823 5720 Athanasii.

329 5732 453 5790 XII.
484 5736 631 5809 Quid
658 5738 891 5795 senserit
920 5736 985 5809 de
1025 5738 1173 5809 statu
1227 5735 1542 5807 episcopali,
1578 5739 1629 5791 et
1681 5736 1883 5809 quibus
1916 5753 1997 5793 re-

403 5808 876 5882 gulisingressum
902 5807 973 5865 ad
1009 5806 1261 5865 eumdem
1302 5806 1703 5881 praemumerit
1740 5807 1997 5869 scribens

401 5878 471 5938 ad
498 5878 885 5948 Dracontium.

2150 730 2309 782 verit.

2081 798 2224 854 XIV.
2243 799 2473 867 Qualem
2505 799 2570 854 de
2596 802 2777 856 sacris
2798 801 3109 871 virginibus
3166 818 3358 857 curam
3386 805 3737 871 gesserit,re-

2149 871 2307 943 gulas
2335 873 2413 925 eis
2444 876 2781 943 opportunas
2811 874 3191 942 praescribens.

2080 941 2201 995 XV.
2261 941 2711 1017 Quanti'fecerit
2761 941 3008 999 Psalmos
3059 946 3366 1013 Davidicos,
3411 946 3740 1017 psalmodite

2165 1014 2550 1071 ecclesiastica?
2579 1018 2874 1071 aestimator
2901 1018 3237 1088 praecipuus.

2080 1138 2153 1193 De
2203 1154 2426 1210 corpore
2497 1138 2552 1193 S.
2608 1140 2901 1214 Athanasii
2958 1140 3436 1214 Constaniinopoli
3493 1144 3739 1200 Venetias

2435 1212 2710 1267 translato
2738 1220 2789 1267 et
2818 1213 2935 1281 ejus
2967 1214 3175 1269 ibidem
3204 1212 3377 1269 cultu.

2154 1318 2288 1381 Quae
2321 1318 2391 1373 de
2422 1335 2661 1390 corpore
2712 1320 2766 1373 S.
2824 1320 3145 1389 Athanasii,
3204 1321 3557 1378 Alexandria
3587 1322 3736 1378 Con-

2082 1406 2529 1479 stantinopolim
2590 1407 2894 1476 translato,
2927 1409 3183 1465 diximus
3213 1427 3393 1482 supra
3421 1428 3525 1482 per
3553 1412 3742 1483 conje-

2082 1501 2308 1551 cturam
2340 1497 2645 1563 duntaxat,
2678 1497 3091 1553 certitudinem
3133 1498 3433 1571 accipiunt
3462 1516 3532 1554 ex
3562 1499 3737 1556 certi-

2085 1585 2289 1641 tudine
2312 1586 2610 1641 aedificatae
2648 1586 2869 1643 ibidem
2895 1586 2948 1642 ei
2979 1586 3238 1643 ecclesiae
3278 1591 3335 1644 et
3365 1592 3498 1661 post
3526 1593 3741 1645 secutae

2085 1675 2484 1732 translationis
2506 1676 2799 1732 Venetias.
2834 1677 2952 1732 Hoc
3008 1676 3148 1732 illuc
3206 1678 3266 1733 in
3324 1680 3508 1734 eadem
3548 1680 3600 1734 S.
3635 1680 3741 1735 Za-

2084 1764 2291 1820 chariae
2321 1765 2582 1821 delatum
2609 1767 2751 1821 dum
2785 1767 2990 1822 dicunt
3029 1767 3317 1823 Baronius
3349 1772 3405 1823 et
3434 1767 3740 1840 Ughellus,

2083 1860 2424 1910 erraverunt
2446 1854 2574 1910 sine
2590 1856 2769 1910 dubio
2800 1855 2861 1910 in
2896 1856 3258 1912 nominanda
3278 1856 3523 1913 ecclesia
3555 1873 3567 1913 :
3604 1858 3745 1930 quia

2082 1943 2163 1998 ibi
2197 1942 2359 1998 nulla
2387 1948 2476 1999 est
2506 1946 2567 2001 S.
2627 1944 2934 2000 Athanasii
2994 1944 3281 2000 memoria
3314 1961 3326 1999 :
3363 1963 3574 2018 corpus
3604 1963 3740 2003 vero

2002 2037 2049 2101 B
2082 2032 2428 2104 praadictum
2461 2032 2653 2088 adhuc
2684 2032 2855 2089 hodie
2888 2038 3150 2089 servatur
3180 2034 3238 2089 in
3269 2034 3646 2107 monasterio,
3669 2037 3743 2091 ad

2090 2122 2246 2193 quod
2274 2121 2535 2178 delatum
2567 2123 2732 2178 initio
2758 2123 3113 2190 fuit,Sanctsa
3137 2124 3338 2179 Crucis
3371 2126 3441 2180 de
3470 2125 3740 2195 Judaica,

2087 2227 2287 2266 earum
2320 2211 2649 2268 insularum
2682 2230 2820 2281 una,
2849 2230 2976 2284 quae
3000 2213 3333 2269 Veneticam
3366 2215 3570 2269 urbem
3600 2231 3744 2286 qua-

2088 2300 2223 2355 dam
2254 2300 2431 2356 veluti
2466 2300 2944 2357 concatenatione
2966 2301 3353 2374 praecingunt,
3385 2319 3453 2358 ex
3482 2320 3549 2358 ea
3575 2307 3740 2375 parte

2088 2406 2208 2460 qua
2235 2389 2292 2445 S.
2346 2389 2524 2445 Marci
2553 2389 2798 2446 basilica
2829 2395 2885 2446 et
2932 2390 3124 2445 forum
3179 2407 3340 2446 mare
3394 2391 3737 2463 respiciunt.

2090 2477 2521 2535 Distinctiorem
2552 2480 2623 2534 de
2654 2479 2927 2551 praesenti
2977 2479 3235 2552 corporis
3268 2483 3421 2535 statu
3471 2480 3740 2553 iactaque

2087 2565 2227 2622 olim
2258 2567 2643 2624 translatione
2684 2568 2951 2624 notitiam
3003 2569 3325 2641 requirenti
3378 2568 3546 2641 mihi,
3575 2569 3641 2625 Β.
3670 2574 3737 2626 Ρ.

2085 2655 2355 2729 Aloysius
2385 2660 2672 2729 Gonzaga,
2696 2658 2969 2729 professae
2993 2659 3204 2713 domus
3235 2663 3447 2714 nostra)
3477 2658 3740 2716 Venetiis

2088 2746 2453 2818 praepositus,
2488 2763 2621 2802 cum
2654 2764 2756 2818 per
2787 2764 2849 2803 se
2879 2748 3149 2819 nequiret
3177 2748 3490 2803 servire.ad
3521 2765 3737 2821 urgen-

2084 2835 2235 2891 tiora
2265 2835 2441 2891 ofﬁcii
2472 2835 2563 2892 sui
2597 2836 2833 2909 negotia
2861 2840 3132 2892 evocatus
3175 2837 3236 2892 in
3268 2854 3476 2911 agrum
3506 2838 3739 2894 Patavi-

2087 2942 2252 2994 num,
2287 2926 2507 2980 curavit
2539 2930 2606 2981 ut
2636 2943 2790 2981 unus
2819 2943 2850 2982 e
2882 2927 3008 2982 suis
3042 2928 3439 2999 responderet,
3481 2928 3567 2982 vir
3596 2945 3740 2985 sane

2086 3014 2679 3081 accuratissimus,uti
2708 3032 2777 3070 ex
2808 3017 3078 3087 sequenti
3110 3017 3238 3088 ejus
3270 3016 3509 3089 scripto,
3542 3016 3601 3072 in
3626 3035 3738 3090 pu-

2086 3103 2221 3159 blici
2254 3104 2573 3159 testimonii
2608 3105 2856 3160 formam
2888 3105 3115 3177 digesto
3147 3110 3409 3177 apparet.

2160 3215 2188 3243 ‹‹
2217 3193 2275 3248 In
2307 3193 2543 3248 nomine
2574 3193 2825 3249 Domini.
2858 3196 3062 3249 Amen.
3094 3193 3365 3265 Aloysius
3406 3194 3734 3265 Carnolius,

2084 3282 2490 3349 Bononiensis,
2526 3282 2829 3338 Societatis
2859 3283 3002 3338 Jesu
3062 3283 3383 3355 professus,
3442 3301 3732 3342 annorum

2081 3371 2172 3437 59,
2208 3371 2426 3427 accessi
2458 3371 2551 3426 die
2584 3373 2650 3426 15
2672 3371 3033 3442 Septembris
3084 3388 3235 3427 anno
3268 3373 3411 3427 1676
3440 3374 3512 3428 ad
3547 3373 3732 3430 eccle—

2089 3460 2236 3515 siam
2273 3459 2621 3515 monialium
2653 3460 2877 3515 Sanctae
2900 3461 3125 3527 Crucis,
3157 3460 3381 3516 ordinis
3409 3466 3465 3517 8.
3500 3461 3746 3518 Benedi-

2090 3549 2186 3617 cti,
2247 3550 2498 3622 positam
2557 3550 2815 3605 Venetiis
2873 3550 2934 3605 in
2991 3550 3238 3607 Judaica
3270 3567 3283 3606 :
3318 3554 3374 3606 et
3405 3552 3521 3606 vidi
3567 3568 3748 3625 super

2091 3638 2274 3695 altare
2304 3640 2485 3695 situm
2516 3639 2575 3695 in
2610 3640 2802 3696 medio
2843 3639 3121 3711 ecclesiae,
3168 3657 3364 3696 arcam
3424 3642 3745 3715 ingentem,

2090 3728 2372 3801 ligneam,
2405 3745 2676 3801 conopzeo
2709 3728 2895 3785 serico
2953 3729 3335 3797 Damasceno,
3378 3731 3573 3787 aureis
3613 3731 3746 3785 fim-

2091 3818 2237 3875 briis
2266 3818 2598 3887 terminato,
2633 3822 2915 3891 opertam,
2950 3820 3167 3875 ail’abre
3197 3820 3512 3892 sculptam.
3562 3837 3628 3876 ac
3654 3825 3747 3877 to-

2091 3912 2212 3963 tam
2245 3907 2597 3964 inauratam:
2633 3908 2732 3963 ubi
2764 3908 2932 3963 aiunt
2951 3909 3236 3965 asservari
3260 3926 3474 3982 corpus
3506 3910 3749 3966 S.Atha—

2094 3997 2531 4070 nasii,episcopi
2563 3997 3071 4069 Alexandrini,qui
3094 3997 3204 4053 fuit
3233 4004 3439 4055 auctor
3471 3998 3749 4071 symboli,

2096 4088 2435 4159 Quicumque
2472 4104 2608 4141 nam
2640 4088 2723 4143 ita
2754 4088 3192 4143 denominatur.
3236 4092 3447 4143 Amoto
3477 4103 3751 4159 conopaao

2096 4176 2326 4233 sublata
2355 4180 2444 4232 est
2474 4194 2609 4249 pars
2634 4177 2927 4233 versatilis
2960 4177 3217 4232 anterior
3257 4177 3545 4249 praedictae
3577 4193 3747 4244 arcae,

2096 4283 2163 4321 ac
2203 4282 2306 4338 per
2344 4265 2737 4321 nitidissimas
2795 4265 3064 4337 ingentes
3123 4265 3450 4338 crystallos,
3511 4266 3753 4322 admota

2097 4356 2268 4411 etirm
2303 4372 2403 4427 per
2434 4370 2527 4409 me
2546 4355 2647 4427 qui
2679 4355 3135 4410 conscenderem
3169 4354 3351 4410 altare
3372 4372 3491 4410 una
3520 4372 3588 4409 ex
3613 4372 3751 4411 can-

2098 4444 2244 4500 delis
2274 4445 2345 4500 de
2375 4461 2534 4499 more
2564 4444 2795 4515 quoties
2854 4444 3058 4515 patefit
3097 4460 3233 4499 arca
3280 4444 3545 4500 accensis
3579 4461 3591 4511 ;
3625 4443 3749 4499 vidi

2098 4538 2368 4590 sanctum
2401 4550 2611 4605 corpus
2642 4532 2923 4604 supinum
2953 4535 3114 4587 veste
3145 4532 3453 4587 sacriﬁcali
3485 4531 3753 4604 pretiosi-

2098 4624 2253 4680 sima
2299 4624 2607 4678 indutum:
2642 4638 2746 4693 per
2774 4621 2945 4693 cujus
2962 4625 3156 4677 vestes
3186 4626 3243 4676 et
3272 4620 3499 4693 amplas
3529 4638 3598 4677 ex
3627 4625 3754 4678 arts

2100 4714 2305 4778 rimas,
2338 4711 2453 4767 vidi
2486 4709 2792 4766 brachium
2825 4708 3076 4765 alterum
3136 4714 3193 4764 et
3252 4710 3459 4778 femur,
3506 4727 3751 4767 manum

2018 4792 2065 4857 D
2095 4803 2270 4860 etiam
2302 4807 2616 4873 utramque
2647 4818 2713 4856 ac
2745 4799 2960 4873 digitos
2982 4800 3296 4872 gemmatis
3313 4799 3552 4856 annulis
3574 4817 3753 4856 orna-

2095 4898 2206 4949 tos.
2243 4892 2421 4947 Pedes
2452 4890 2630 4946 habet
2660 4889 2965 4945 calceatos:
2986 4888 3193 4960 capitis
3210 4892 3407 4945 autem
3438 4888 3750 4961 loco,quod

2096 4982 2323 5055 pridem
2347 4981 2593 5035 Romam
2612 4978 2872 5035 delatum
2896 4977 3460 5045 aiunt,involucrum
3485 4982 3574 5034 est
3594 4977 3753 5050 qnod

2098 5073 2234 5127 dam
2266 5087 2333 5126 ex
2363 5068 2757 5125 subtilissima
2787 5068 2985 5140 bysso,
3014 5068 3199 5123 serico
3221 5067 3527 5140 phrygiato
3554 5066 3754 5122 cistin-

2099 5165 2255 5215 ctum
2282 5158 2372 5214 cui
2391 5157 2561 5212 mitra
2586 5162 2675 5213 est
2696 5156 3213 5229 imposita.Parieti
3242 5156 3495 5212 esclesiaa
3518 5156 3753 5211 dextero

2100 5250 2274 5305 afﬁxa
2302 5251 2391 5305 est
2422 5247 2783 5319 praegrandis
2813 5245 3018 5301 tabula
3049 5263 3164 5301 non
3206 5245 3563 5317 ineleganter
3591 5244 3755 5316 depi-

2100 5343 2211 5409 cta,
2246 5339 2305 5393 in
2337 5339 2507 5407 cujus
2538 5335 2719 5391 altera
2775 5340 2937 5406 parte
2993 5335 3410 5406 exprimuntur
3465 5338 3630 5407 gesta
3687 5333 3752 5391 S.

2103 5427 2403 5483 Athanasii
2436 5425 2752 5481 celebriora
2783 5440 2851 5479 ea
2882 5424 3202 5496 praesertim
3236 5441 3363 5496 quae
3396 5425 3457 5480 in
3490 5425 3754 5480 Romano

2102 5516 2394 5573 Breviario
2427 5517 2498 5571 ad
2527 5517 2562 5569 2
2592 5516 2746 5571 diem
2779 5513 2914 5569 Maii
2945 5518 3242 5580 notantur;
3279 5515 3337 5568 in
3370 5514 3552 5569 altera
3582 5517 3750 5585 parte

2105 5607 2284 5662 series
2315 5611 2370 5662 et
2401 5605 2649 5661 historia
2676 5602 3079 5660 translationis
3111 5603 3181 5657 ad
3213 5604 3419 5658 urbem
3471 5603 3757 5658 Venetam

2105 5701 2282 5769 atque
2310 5697 2379 5752 ad
2413 5696 2565 5752 hanc
2597 5695 2799 5749 aedem.
2833 5694 2914 5748 Ex
2942 5693 3144 5748 eodem
3204 5692 3424 5764 pariete
3454 5692 3648 5747 videre
3669 5694 3759 5748 est

2104 5787 2422 5859 pendentia
2444 5784 2823 5842 anathemata
2850 5782 3022 5855 plura
3061 5783 3249 5838 votiva
3279 5798 3349 5837 ex
3368 5784 3630 5852 argento,
3664 5784 3757 5837 ta-

2104 5876 2407 5956 bellasque
2435 5875 2661 5951 ligneas
2689 5872 2972 5951 depictas,
2994 5872 3056 5938 in
3086 5872 3261 5932 ﬁdem
3294 5886 3360 5930 ac
3394 5868 3751 5941 memoriam
