4160 6452
391 469 611 525 CCLXIV

1784 474 2398 542 PROLEGOMENA.

393 593 714 686 sanitatum
743 614 807 652 ac
838 598 1255 658 beneﬁciorum
1288 609 1654 677 acceptorum
1717 608 2038 665 malorum-
2072 613 2126 679 Α
2160 634 2188 663 ‹‹
2225 614 2390 684 tutis,
2425 613 2646 669 Latinis
2696 630 2930 686 quoque
2979 613 3192 670 litteris
3253 614 3667 672 decantaretur
3701 633 3713 683 ;
3747 617 3810 670 et

394 699 508 755 que
539 684 916 756 depulsorum
950 707 1052 762 per
1080 691 1138 747 S.
1170 693 1580 751 Athanasium.

456 807 493 841 ·‹‹
527 796 810 850 Praeterea
838 796 896 851 in
927 797 1274 854 Kalendario
1303 801 1673 874 Veneto,sive
1704 804 1918 860 Ordine
1950 821 2038 860 re-

391 880 606 936 citandi
636 882 815 938 divini
845 887 1041 953 officii,
1076 891 1391 960 quotannis
1423 892 1683 965 imprimi
1716 895 1905 965 solito,
1943 894 2042 949 ubi

393 974 627 1025 notatur
656 988 868 1029 nomen
901 976 957 1030 S.
990 977 1316 1051 Athanasii,
1345 998 1573 1053 semper
1601 984 1864 1038 additum
1899 982 2041 1055 legi-

391 1060 653 1130 tur,Ejus
685 1078 897 1134 corpus
931 1065 986 1120 in
1011 1068 1254 1124 ecclesia
1277 1072 1615 1127 monasterii
1649 1073 1870 1128 Sanctae
1892 1074 2039 1127 Cru-

385 1148 476 1203 cis
505 1148 565 1202 in
593 1149 858 1208 Judaica.
895 1155 956 1210 In
989 1155 1136 1213 libro
1169 1175 1403 1231 quoque
1433 1160 1688 1216 Veneliis
1729 1161 2039 1234 impresso,

393 1237 487 1292 cui
515 1239 726 1296 titulus
758 1242 1123 1317 Chronologia
1183 1253 1404 1316 Veneta,
1466 1251 1683 1306 diserte
1740 1251 2039 1318 asseritur,

389 1327 448 1381 in
480 1328 728 1386 Judaica
757 1346 935 1403 penes
975 1335 1279 1393 ecclesiam
1315 1339 1542 1394 Sanctis
1599 1339 1799 1394 Crucis
1845 1340 2042 1411 jacere

389 1432 602 1490 corpus
620 1420 678 1474 S.
712 1421 1014 1479 Athanasii
1064 1427 1403 1496 patriarcha:
1459 1427 1858 1483 Alexandrini.
1887 1429 2040 1483 Tan-

390 1506 523 1594 dem
552 1511 825 1566 monachi
857 1512 1166 1586 Graaci,qui
1213 1516 1471 1574 Venetiis
1501 1517 1701 1573 colunt
1733 1518 2039 1574 ecclesiam

391 1595 450 1652 S.
475 1595 707 1672 Georgii
738 1600 1092 1673 Graecorum,
1123 1606 1373 1678 singulis
1405 1607 1576 1663 annis
1634 1612 1783 1663 stata
1817 1607 1907 1662 die
1947 1624 2040 1662 ac-

392 1687 608 1742 cedunt
645 1690 953 1746 ecclesiam
987 1694 1208 1749 Sancta:
1267 1695 1466 1751 Crucis
1498 1697 1556 1751 in
1585 1696 1852 1764 Judaica,
1886 1701 1952 1750 ut
1981 1697 2039 1752 in

392 1778 914 1848 eagdevenerentu‘r
943 1797 1154 1854 corpus
1185 1783 1242 1839 S.
1267 1783 1591 1854 Athanasii,
1626 1802 1915 1857 suamque
1945 1803 2038 1841 co-

389 1881 517 1921 ram
550 1866 679 1938 ipso
713 1867 1102 1939 psalmodiam
1135 1879 1422 1945 peragunt
1480 1875 1593 1929 ritu
1649 1875 1917 1930 solemni.
1977 1876 2039 1931 In

380 1954 606 2055 templo
637 1957 697 2012 S.
729 1959 1021 2055 Laurentii
1052 1966 1316 2017 servatur
1345 1962 1558 2031 adhuc,
1610 1969 1666 2019 et
1697 1963 1934 2035 quidem
1967 1965 2038 2019 ab
2069 1991 2116 2055 Β

389 2043 613 2116 aliquot
643 2047 1120 2121 saeculis,digitus
1152 2068 1182 2106 e
1212 2057 1417 2108 sancto
1448 2069 1686 2124 corpore
1718 2055 1985 2110 revulsus
2020 2073 2032 2110 :

379 2135 545 2206 'apud
568 2135 855 2192 moniales
884 2155 1019 2194 vero
1050 2139 1110 2204 S,
1131 2141 1424 2197 Zachariae
1456 2142 1710 2198 Venetiis
1742 2160 2037 2216 nusquam

389 2229 479 2279 est
503 2230 559 2281 Β.
596 2226 953 2284 Athanasius
987 2247 1004 2283 :
1040 2247 1154 2285 non
1179 2233 1308 2302 ejus
1339 2249 1571 2305 corpus,
1599 2250 1715 2288 non
1745 2251 1880 2305 pars
1914 2251 2037 2288 cor-

387 2313 567 2386 poris,
601 2330 717 2372 non
748 2316 995 2390 reliquia
1028 2318 1290 2388 ulla;non
1324 2327 1797 2387 monumentum,
1823 2340 1936 2378 non
1961 2327 2044 2378 ta-

381 2403 525 2458 ‘bula
558 2403 783 2477 privata
811 2412 914 2461 aut
946 2408 1179 2480 publica
1214 2454 1227 2479 ,
1261 2427 1375 2467 non
1411 2429 1612 2467 rumor
1632 2412 1752 2467 sive
1783 2413 1940 2468 fama
1972 2413 2042 2467 de

388 2491 498 2548 hoc
529 2493 747 2566 aliqua,
770 2511 959 2568 neque
982 2499 1135 2569 apud
1169 2499 1327 2571 ipsas
1364 2500 1737 2556 moniales.Et
1766 2501 1889 2556 haec
1913 2505 2044 2573 post

379 2582 825 2640 ‘eXactissimam
858 2585 1322 2659 inquisitionem,
1357 2594 1532 2662 atque
1579 2591 1720 2646 adeo
1769 2595 1835 2645 ut
1885 2595 2042 2646 certo

387 2671 638 2727 certiora
666 2678 931 2730 attestor.

463 2784 491 2810 ‹‹
526 2761 628 2817 His
653 2762 734 2818 ita
761 2762 1041 2836 inspectis
1085 2769 1571 2826 reverendissima
1602 2770 1841 2825 czenohii
1882 2769 2044 2826 illius

389 2851 710 2921 abbatissa,
743 2857 807 2908 D.
851 2854 1074 2911 Caecilia
1104 2857 1334 2925 Cesara,
1367 2863 1640 2914 exorante
1669 2858 1850 2915 nobili
1873 2875 2041 2914 sena-

388 2947 512 2998 tore
543 2941 609 2998 D.
647 2943 804 2999 Livio
862 2944 1120 3014 Sanudo,
1183 2946 1395 3002 obtulit
1420 2948 1564 3003 mihi
1614 2948 1852 3016 librum,
1888 2949 2043 3020 apud

391 3049 453 3088 se
481 3032 720 3089 solitum
749 3034 1200 3102 asservari,cum
1233 3036 1342 3092 hoc
1373 3037 1545 3093 titulo
1578 3037 1772 3093 Italice
1804 3037 2040 3110 scripto,

391 3124 552 3178 Liber
597 3125 656 3178 in
712 3124 937 3194 quo;de
1000 3127 1144 3196 Vita.
1174 3135 1226 3182 el
1279 3128 1652 3182 translatione
1703 3128 1933 3196 gloriosi
1984 3125 2040 3182 S.

387 3213 702 3268 Athanasii.
737 3213 836 3268 Est
867 3215 1046 3270 codex
1077 3215 1133 3270 in
1167 3222 1374 3287 quarto
1408 3222 1470 3271 ut
1521 3217 1703 3284 aiunt,
1733 3217 1805 3272 ad
1835 3216 2045 3272 crassi-

388 3305 531 3361 tiem
553 3303 781 3376 pollicis
807 3303 1050 3360 humani
1073 3307 1335 3362 consueti
1357 3312 1695 3378 compactus
1717 3324 1784 3362 ex
1805 3306 2045 3362 crassis-

394 3409 550 3464 sima
579 3401 1016 3475 charta,ligneis
1046 3399 1279 3456 tabellis
1309 3397 1924 3469 armatus,fibulisque
1947 3413 2040 3452 co-

399 3500 604 3557 riaceis
633 3497 908 3554 occlusus
940 3510 952 3548 :
987 3492 1048 3547 in
1080 3509 1195 3563 quo
1226 3493 1360 3561 post
1382 3492 1674 3542 narratam
1704 3488 1921 3542 cursim
1944 3487 2049 3542 ita-

397 3591 510 3646 lico
542 3589 642 3644 sed
674 3583 1147 3643 inconditissimo
1179 3595 1448 3635 sermone
1476 3577 1669 3632 Vitam
1705 3577 1763 3632 S.
1789 3576 2046 3631 Athana-

397 3682 492 3747 sii,
527 3677 751 3735 occurit
801 3675 896 3730 hic
927 3671 1134 3728 titulus
1167 3688 1184 3724 :
1217 3669 1417 3740 lncipii
1472 3668 1763 3722 translatio
1815 3667 2047 3735 gloriosi

398 3770 454 3825 S.
486 3767 772 3824 Athanasii
784 3758 1556 3836 palriarchzelAlexandsini:
1584 3774 1762 3829 quam
1796 3755 2046 3812 fideliter

393 3859 452 3914 in
483 3859 747 3930 linguam
777 3854 1042 3911 Latinam
1076 3850 1284 3908 deinde
1306 3847 1580 3904 transtuli
1609 3851 1666 3903 et
1694 3845 2043 3902 translatam

394 3966 512 4005 una
542 3965 675 4003 cum
700 3946 860 4003 hisce
891 3939 1351 3998 mitto.Meminit
1376 3938 1530 3993 idem
1557 3936 1705 3992 liber
1723 3936 1858 3991 anni
1883 3937 2040 4004 1600,

391 4057 508 4113 quo
533 4055 602 4094 ex
623 4035 801 4110 priori
841 4050 977 4089 arca
1024 4047 1235 4103 corpus
1269 4030 1328 4084 S.
1387 4026 1688 4082 Aihanasii
1721 4025 2042 4097 repositum

395 4129 507 4186 fuit
531 4128 830 4183 decentius
860 4125 920 4178 in
949 4119 1386 4194 elegantiorem,
1421 4134 1547 4189 quae
1607 4115 1780 4170 hodie
1809 4114 2042 4182 visitur,

393 4234 590 4276 arcam
626 4234 639 4286 ;
674 4232 780 4272 nec
809 4213 934 4270 sine
965 4227 1180 4284 pompa
1212 4206 1528 4281 populique
1557 4204 1776 4261 afﬂuxu
1812 4205 2042 4261 restitu-

391 4315 521 4366 tum
545 4305 792 4364 solemni
821 4304 936 4359 ritu
960 4302 1017 4356 in
1033 4300 1304 4356 eumdem
1326 4296 1520 4352 locum
1544 4295 1636 4350 die
1662 4297 1686 4350 1
1713 4293 2042 4351 Maii.Anno

392 4403 592 4456 autem
625 4396 786 4463 1633,
812 4393 1060 4466 jubente
1089 4386 1377 4445 cardinali
1408 4383 1674 4441 Cornelio
1710 4383 2042 4457 patriarcha

386 4489 628 4556 Veneto,
663 4486 735 4542 ad
765 4483 1174 4540 ornamentnm
1188 4483 1363 4549 atque
1390 4474 1635 4532 tutelam
1669 4474 1938 4547 apposita
1967 4472 2044 4529 ei-

387 4579 520 4636 dem
553 4574 870 4649 crystallus
899 4575 1005 4628 est.

459 4709 487 4737 ‹‹
518 4688 706 4756 Atque
733 4682 856 4738 hazc
887 4696 1007 4736 una
1032 4693 1167 4734 cum
1200 4674 1475 4748 praedicta
1499 4670 1903 4728 translationis
1941 4670 2038 4726 hi-

390 4774 574 4832 storia
603 4742 866 4844 excerpsi
914 4786 985 4826 ex
1013 4767 1130 4823 libo
1170 4782 1283 4821 ms.
1343 4763 1617 4836 praedicto
1653 4779 1664 4817 :
1702 4776 1876 4833 quem
1902 4776 2038 4816 cum
2069 4742 2116 4808 D

379 4865 698 4922 redderem
730 4860 1061 4925 abbatissae,
1096 4857 1168 4913 ab
1226 4855 1430 4911 eadem
1463 4856 1735 4909 ostensus
1768 4850 1910 4906 mihi
1946 4854 2038 4907 est

373 4955 535 5012 ‘alter
561 4953 729 5020 liber,
762 4947 920 5024 paris
952 4945 1378 5019 magnitudinis
1417 4945 1474 4997 et
1504 4941 1906 5009 forma,ruhro
1937 4955 2032 4996 co-

385 5046 472 5101 rio
503 5044 826 5108 contectus,
866 5038 1007 5094 item
1054 5033 1498 5104 manuscriptus
1532 5047 1544 5086 :
1573 5029 1633 5085 in
1665 5047 1780 5102 quo
1827 5031 2030 5086 eadem

384 5149 629 5207 prorsus
661 5130 1035 5187 continentur
1062 5142 1190 5197 quae
1249 5124 1309 5178 in
1355 5121 1558 5190 altero,
1617 5123 1708 5175 ast
1765 5135 2032 5175 sermone

387 5224 617 5289 Latino,
644 5236 777 5276 cum
813 5218 924 5273 hac
972 5212 1349 5290 prailiminari
1403 5208 1671 5282 epistola.
1727 5231 1754 5258 «
1789 5209 2028 5263 Hermo-

386 5335 415 5365 ‹‹
455 5313 583 5369 laus
613 5310 715 5368 Dei
747 5306 1029 5382 patientia
1057 5305 1366 5377 episcopus
1385 5298 1738 5356 Veronensis
1766 5299 1838 5353 ad
1870 5314 2034 5354 vene-

381 5425 411 5453 α
452 5403 666 5458 rabiles
692 5394 1173 5456 sanctimoniales
1198 5395 1419 5448 Sanctae
1442 5389 1640 5445 Crucis
1671 5389 1742 5443 de
1760 5387 2027 5442 Judaica.

383 5515 411 5541 «
454 5490 714 5548 Petiistis
743 5508 776 5544 a
804 5504 917 5559 me,
950 5501 1179 5542 sorores
1223 5499 1288 5538 ac
1320 5480 1449 5536 ﬁliae
1509 5480 1566 5534 in
1619 5478 1846 5534 Christo
1877 5477 2027 5532 dile-

383 5603 411 5632 «
452 5581 750 5643 ctissimae,
783 5582 850 5634 ut
894 5572 1196 5631 Athanasii
1259 5568 1619 5627 sanctissimi
1674 5568 1777 5622 viri
1832 5567 2026 5622 Vitam

384 5693 411 5724 «
452 5685 628 5742 quam
673 5673 903 5724 constat
930 5666 1067 5722 olim
1102 5665 1174 5720 ab
1197 5660 1444 5718 Eusebio
1505 5658 1701 5714 Graeco
1759 5672 2029 5713 sermone

377 5783 408 5813 ‹‹
448 5755 1037 5834 conscriptam,vobis
1068 5754 1128 5809 in
1161 5751 1430 5809 Latinam
1460 5749 1726 5821 linguam
1758 5747 2026 5803 traduce-

373 5871 405 5914 ις
445 5867 594 5926 rem;
627 5852 694 5910 at
715 5846 808 5907 vir
832 5843 953 5918 ille,
979 5841 1300 5918 singularis
1317 5837 1672 5920 excellegtize
1704 5839 1881 5920 atque
1909 5834 2026 5892 vir-

2153 725 2179 750 ‹‹
2215 703 2418 773 quales
2443 703 2656 759 fuerint
2680 705 2809 775 ejus
2841 721 3034 760 mores
3061 722 3125 760 ac
3157 705 3810 778 disciplina,qualisque

2153 812 2179 840 ‹‹
2217 809 2321 862 pro
2347 792 2560 848 Christi
2593 793 2706 849 ﬁde
2735 794 3089 849 concertatio
3120 795 3423 867 animique
3453 793 3808 859 constantia,

2161 901 2186 931 α
2216 897 2346 936 vere
2375 881 2740 954 ﬁdeliterque
2770 883 3194 954 dignosceretis
3237 902 3251 951 ;
3285 901 3421 939 cum
3461 883 3811 940 existimetis

2157 991 2184 1018 «
2217 975 2467 1026 veterem
2502 971 2663 1026 illam
2695 973 2766 1027 de
2807 988 2872 1028 eo
2903 972 3025 1026 viro
3047 973 3443 1045 pervulgatam
3476 973 3808 1042 historiam,

2157 1082 2184 1109 α
2219 1076 2344 1130 quas
2377 1061 2447 1115 ob
2480 1066 2737 1115 vestram
2771 1061 2828 1115 in
2870 1078 3004 1115 eum
3055 1062 3420 1118 devotionem
3452 1062 3717 1134 quotidie
3747 1061 3808 1115 in

2153 1171 2181 1195 «
2217 1149 2428 1204 vestris
2460 1155 2726 1204 versatur
2755 1151 3051 1218 manibus,
3078 1151 3539 1223 haudquaquam
3571 1150 3806 1206 ﬁdelem

2156 1260 2183 1288 «
2215 1255 2363 1305 esse,
2401 1255 2505 1294 nec
2537 1239 2850 1310 ejusmodi,
2887 1247 2948 1294 ut
2974 1243 3102 1312 ejus
3133 1242 3316 1296 oratio
3350 1242 3453 1296 viri
3484 1240 3642 1295 illius
3672 1256 3808 1312 gra-

2154 1352 2179 1376 ‹‹
2214 1328 2379 1383 vitati
2422 1346 2489 1383 ac
2521 1331 2865 1400 praestantia;
2901 1330 3088 1401 possit
3119 1331 3240 1385 ulla
3271 1331 3328 1384 in
3371 1335 3535 1403 parte
3566 1345 3806 1400 respon-

2158 1439 2183 1464 ι(
2216 1417 2352 1472 dere
2387 1418 2822 1490 ;judicetisque
2851 1436 2978 1475 eam
3036 1420 3095 1474 in
3152 1420 3354 1475 multis
3413 1418 3807 1491 apocrypham

2155 1530 2181 1554 ‹‹
2214 1522 2363 1578 esse,
2391 1524 2494 1562 nec
2545 1509 2764 1579 ubique
2817 1509 3120 1564 veritatem
3182 1508 3480 1565 continere
3515 1525 3526 1562 :
3561 1522 3810 1578 eamque

2153 1617 2180 1645 «
2215 1612 2320 1667 per
2350 1597 2728 1652 reverendum
2761 1601 2990 1653 Patrem
3046 1614 3244 1652 meum
3298 1598 3606 1668 virumque
3635 1597 3807 1651 devo-

2153 1708 2179 1734 ‹‹
2214 1685 2513 1740 tissimum
2547 1686 3060 1755 Bartholomeum,
3112 1688 3170 1743 S.
3226 1686 3445 1743 Nicolai
3497 1687 3557 1741 in
3590 1686 3808 1741 Littore

2152 1798 2178 1823 ‹‹
2215 1775 2507 1844 abbatem,
2538 1776 2610 1830 ad
2645 1792 2737 1830 me
2768 1775 3039 1846 misistis,
3092 1781 3156 1831 ut
3215 1794 3329 1831 non
3390 1780 3583 1832 vestro
3616 1774 3809 1847 magis

2151 1887 2177 1913 ‹‹
2214 1880 2392 1935 quam
2426 1881 2555 1920 meo
2604 1880 2840 1936 quoque
2880 1865 3108 1935 judicio
3167 1871 3269 1920 aut
3327 1865 3809 1938 comprobaretur

2152 1976 2180 2003 ‹‹
2212 1959 2313 2008 aut
2352 1953 2734 2009 retelleretur.

2223 2061 2486 2115 «Verum
2509 2061 2617 2116 etsi
2643 2077 2747 2132 ego
2769 2079 2883 2116 non
2903 2061 3016 2117 sim
3044 2061 3334 2132 ejusmodi
3352 2061 3451 2133 qui
3471 2060 3803 2116 existimem

2151 2173 2179 2200 «
2213 2167 2305 2205 me
2338 2167 2528 2220 posse,
2562 2155 2663 2205 aut
2692 2151 2972 2206 orationis
3003 2151 3292 2222 elegantia
3322 2154 3422 2204 aut
3471 2149 3804 2204 conversio-

2151 2262 2179 2289 ε(
2215 2239 2308 2294 nis
2367 2240 2671 2311 dignitate,
2731 2245 2932 2296 vestra
2993 2241 3064 2294 de
3124 2257 3214 2294 me
3267 2237 3652 2310 expectationi
3712 2253 3801 2292 re-

2154 2351 2181 2380 ‹‹
2213 2329 2592 2400 spondere;et
2616 2328 2992 2401 potissimum
3027 2345 3163 2384 cum
3195 2344 3429 2383 omnem
3461 2326 3621 2381 illam
3655 2342 3803 2397 pene

2155 2440 2176 2466 ι
2213 2417 2542 2473 litterarum
2567 2418 2896 2473 Graecarum
2923 2419 3342 2490 cognitionem,
3365 2432 3544 2488 quam
3579 2415 3651 2470 ab
3674 2417 3810 2471 ado-

2155 2527 2182 2556 «
2215 2507 2493 2563 lescentia
2525 2524 2654 2562 mea
2689 2507 3066 2572 imbiberam,
3127 2507 3246 2562 hzec
3307 2505 3620 2579 pastoralis
3660 2521 3802 2560 mea:

2155 2617 2182 2645 «
2217 2596 2497 2667 adjuncta
2527 2596 2797 2667 dignitati
2828 2613 2975 2651 cura
3007 2601 3104 2650 aut
3136 2611 3576 2667 praaoccupasse
3603 2594 3800 2650 videa-

2153 2708 2180 2735 «
2213 2690 2331 2752 tur,
2365 2689 2465 2742 aut
2495 2685 2566 2740 ad
2600 2684 2746 2740 alios
2777 2685 3043 2740 utiliores
3083 2701 3149 2740 ac
3181 2685 3504 2740 sanctiores
3538 2700 3682 2740 usus
3716 2683 3807 2738 di~

2153 2797 2182 2825 «
2215 2775 2458 2830 vertisse
2491 2793 2504 2842 ;
2537 2779 2664 2828 tum
2689 2775 2865 2829 etiam
2897 2774 3038 2846 quia
3070 2773 3234 2829 nulla
3262 2778 3453 2829 exstat
3513 2774 3667 2845 apud
3698 2789 3809 2829 nos

2155 2886 2182 2913 «
2216 2864 2411 2918 Grieca
2443 2863 2706 2929 historia,
2739 2862 2798 2917 in
2834 2880 2950 2934 qua
2980 2862 3362 2935 contemplari
3391 2863 3498 2917 viri
3530 2862 3692 2918 illius
3722 2863 3806 2916 vi-

2156 2974 2183 3002 ‹‹
2218 2955 2337 3006 tam
2373 2968 2682 3022 possemus
2717 2970 2729 3006 :
2763 2956 2933 3023 turpe
2964 2957 3160 3006 tamen
3200 2951 3460 3022 judicavi
3491 2951 3547 3006 id
3583 2950 3744 3007 vobis
3773 2968 3810 3005 ο.

2157 3062 2185 3090 ‹‹
2210 3057 2301 3096 me
2332 3040 2551 3112 negari,
2584 3042 2738 3113 quod
2782 3040 3179 3113 intelligebam
3237 3057 3338 3095 vos
3394 3040 3518 3096 zelo
3549 3040 3808 3111 quodam

2153 3153 2180 3180 ‹‹
2212 3130 2446 3185 virtutis
2477 3147 2542 3186 ac
2573 3131 2722 3186 mira
2751 3130 2810 3184 in
2871 3146 3006 3184 eum
3069 3130 3257 3184 virum
3318 3130 3694 3185 veneratione
3747 3133 3805 3184 et

2154 3242 2182 3270 «
2215 3219 2500 3274 charitate
2529 3221 2842 3290 deposcere
2876 3236 2887 3274 :
2922 3217 3223 3290 maluique
3270 3219 3612 3290 imprudens
3659 3219 3805 3274 forte

2159 3330 2186 3359 «
2217 3309 2439 3364 caeteris
2469 3309 2672 3374 videri,
2715 3326 2893 3380 quam
2925 3309 3088 3363 vobis
3117 3308 3394 3375 defuisse,
3430 3325 3497 3363 ac
3544 3312 3665 3363 tam
3699 3308 3804 3362 ho-

2157 3404 2388 3454 «nesta:
2417 3398 2680 3470 petitioni
2739 3403 2795 3454 et
2853 3397 3158 3470 cupiditati
3217 3402 3422 3452 vestrae
3481 3396 3703 3468 aliquid
3735 3397 3808 3452 de

2156 3488 2400 3544 «officio
2433 3505 2560 3544 meo
2583 3489 2948 3543 subtraxisse
2985 3505 2996 3543 :
3032 3490 3088 3542 et
3133 3487 3455 3559 praesertim
3512 3503 3647 3541 cum
3684 3502 3810 3542 cer-

2157 3601 2183 3627 «
2218 3582 2344 3633 tum
2377 3584 2550 3647 esset,
2585 3577 2919 3650 pristinam,
2955 3593 3129 3648 quam
3163 3577 3234 3632 ad
3299 3592 3392 3631 me
3449 3575 3700 3632 misistis
3730 3575 3802 3631 de

2155 3691 2182 3717 α
2215 3668 2337 3723 viro
2368 3684 2433 3723 eo
2465 3667 2792 3737 historiam,
2827 3666 3123 3738 plerisque
3155 3666 3212 3720 in
3273 3665 3438 3732 locis,
3481 3664 3807 3738 praisertim

2156 3780 2183 3807 ‹‹
2217 3774 2352 3812 cum
2386 3758 2455 3812 ad
2490 3758 2666 3812 finem
2698 3755 3048 3829 devergitur,
3083 3771 3324 3826 prorsus
3373 3771 3406 3810 a
3434 3754 3675 3811 veritate
3706 3755 3804 3810 de-

2158 3870 2178 3892 n
2215 3847 2464 3902 flectere.

2227 3976 2255 4004 «
2290 3955 2417 4010 Feci
2450 3953 2646 4026 igitur,
2681 3957 2801 4008 uta
2823 3969 2916 4008 me
2949 3952 3176 4024 petistis
3213 3969 3225 4019 ;
3256 3967 3371 4006 non
3418 3967 3485 4006 ea
3540 3950 3685 4006 forte
3715 3950 3804 4005 di-

2160 4067 2179 4093 ι
2215 4043 2438 4116 gnitate
2470 4046 2571 4097 aut
2598 4041 2905 4115 elegantia,
2940 4057 3115 4113 quam
3149 4039 3425 4095 videmini
3459 4057 3492 4094 a
3523 4055 3616 4094 me
3647 4039 3804 4094 desi-

2153 4157 2179 4182 ‹‹
2214 4133 2441 4199 derare,
2483 4135 2585 4186 aut
2641 4148 2768 4202 quas
2823 4131 2970 4185 tanti
3031 4129 3139 4183 viri
3198 4127 3391 4201 gloriae
3444 4127 3800 4198 conveniret,

2149 4245 2176 4272 «
2240 4237 2417 4294 quem
2449 4224 2676 4276 constat
2731 4219 3244 4292 elegantissimum
3304 4217 3488 4274 fuisse
3519 4236 3533 4285 ;
3567 4217 3668 4272 sed
3704 4233 3795 4284 ea,

2151 4333 2179 4361 «
2214 4327 2392 4382 quam
2426 4309 2568 4364 mihi
2601 4326 2703 4382 pro
2734 4326 2843 4365 sua
2868 4307 3226 4382 benignitate
3257 4307 3572 4364 ineffabilis
3604 4323 3668 4363 ac
3690 4307 3806 4362 im-

2152 4423 2180 4450 ‹‹
2211 4415 2417 4455 mensa
2448 4398 2700 4471 Spiritus
2730 4398 2918 4471 gratia
2951 4397 3325 4471 conspiravit.
3359 4397 3552 4454 Unum
3603 4396 3806 4453 certis-

2151 4511 2179 4539 ‹‹
2214 4489 2434 4544 simum
2466 4491 2678 4556 est,me
2706 4486 3008 4544 veritatem
3041 4488 3113 4543 de
3133 4504 3199 4543 eo
3221 4487 3341 4542 viro
3359 4486 3806 4558 conscripsisse,

2150 4601 2179 4629 «
2211 4577 2528 4634 Eusebium
2564 4576 2940 4649 potissimum
2973 4581 3264 4641 secutum,
3323 4592 3499 4647 quem
3533 4574 3810 4632 ﬁdelissi-

2152 4691 2179 4718 «
2201 4683 2364 4722 mum
2383 4667 2732 4738 scriptorem
2752 4669 2955 4721 nostra
2974 4681 3205 4736 semper
3217 4663 3474 4720 Ecclesia
3491 4665 3812 4737 comproba

2147 4779 2174 4807 «
2191 4755 2554 4827 vit.Adjunxi
2571 4760 2847 4827 praeterea
2866 4771 2981 4826 quo
3007 4759 3171 4826 pacto
3186 4748 3628 4810 sanctissimum
3646 4753 3809 4811 illius

2149 4869 2176 4896 ‹‹
2210 4862 2421 4917 corpus
2451 4845 2523 4900 ad
2546 4861 2653 4899 nos
2680 4841 3034 4900 translatum
3065 4848 3173 4909 est,
3203 4859 3273 4898 ne
3305 4843 3590 4900 memoria
3619 4846 3797 4906 tantas

2148 4957 2176 4985 (ι
2210 4936 2291 4990 rei
2323 4934 2519 5006 aliquo
2564 4934 2751 4990 astatis
2781 4949 2922 4988 casu
2972 4932 3208 4988 interire
3238 4951 3251 5001 ;
3287 4933 3386 4988 sed
3421 4934 3620 5006 potius
3649 4948 3806 4988 sem-

2150 5046 2178 5075 «
2209 5041 2312 5097 per
2350 5027 2655 5096 perstaret,
2690 5027 2744 5078 et
2777 5021 3006 5078 aeternis
3035 5021 3367 5079 litterarum
3402 5022 3801 5080 monumentis

2146 5137 2172 5165 ‹‹
2208 5115 2419 5169 futura:
2473 5111 2625 5168 aetati
2683 5112 3245 5180 commendaretur;
3293 5111 3801 5183 intelligerentque

2146 5228 2174 5256 ‹‹
2208 5209 2420 5276 poster,
2453 5207 2740 5273 quantum
2800 5202 3181 5273 benignitatis
3261 5219 3379 5257 suae
3445 5199 3799 5257 immortalis

2148 5317 2167 5344 α
2205 5293 2358 5348 Deus
2390 5291 2726 5364 praestiterit
2757 5291 2891 5346 huic
2950 5291 3170 5346 civitati
3216 5295 3447 5344 nostrae.
3482 5289 3608 5343 Non
3639 5288 3798 5345 enim

2142 5407 2170 5434 ‹‹
2205 5384 2424 5438 factum
2473 5397 2601 5437 esse
2631 5380 2687 5435 id
2721 5381 2848 5436 sine
2904 5379 3192 5452 singulari
3251 5377 3408 5432 illius
3467 5375 3798 5434 Divinitatis

2141 5499 2169 5526 ‹‹
2203 5473 2484 5531 beneficio
2516 5477 2573 5527 et
2632 5487 2875 5527 munere
2907 5487 3140 5541 semper
3170 5467 3522 5533 existimavi,
3578 5471 3644 5522 ut
3673 5472 3797 5524 tam

2143 5589 2170 5617 ‹‹
2203 5565 2526 5637 pretiosum
2560 5561 2777 5617 monile
2809 5577 2877 5616 ex
2917 5558 3128 5615 mediis
3158 5557 3318 5612 illius
3346 5572 3524 5629 prope
3545 5557 3799 5615 civitatis

2139 5678 2166 5704 ‹‹
2202 5650 2458 5709 ﬂammis
2489 5667 2553 5706 ac
2585 5649 2776 5705 ruinis
2807 5647 3174 5720 ereptum,ad
3206 5661 3337 5700 eam
3369 5645 3664 5702 civitatem
3695 5645 3798 5703 de-

2140 5744 2532 5812 «duceretur,
2621 5740 2712 5795 cui
2764 5753 3002 5810 semper
3060 5734 3258 5810 gloriae
3319 5734 3432 5790 fuit
3488 5741 3797 5796 santorum

2139 5856 2168 5886 ‹‹
2204 5847 2450 5910 corpora
2479 5843 2837 5908 magnopere
2877 5824 3142 5886 venerari
3178 5842 3192 5901 ;
3227 5827 3283 5884 et
3309 5824 3398 5884 hee
3429 5824 3706 5889 mulieres
3731 5822 3796 5889 id
