4160 6442
1476 446 1581 510 DE
1626 440 1884 510 CULTU
1928 438 1994 506 S.

2038 434 2498 506 ATHANASII.
3501 436 3691 495 CCLXV

290 582 842 659 spossiderent,quaa
866 578 1143 657 religione
1169 586 1224 640 et
1246 583 1551 640 sanctitate
1573 582 1632 636 in
1651 581 1919 637 eamdem
1958 586 2007 647 Α
2037 595 2152 650 quo
2184 595 2275 633 res
2306 581 2470 647 gesta
2499 578 2587 631 est
2618 590 2771 631 anno
2802 571 2962 645 4454,
3008 565 3186 629 scribi
3228 563 3427 627 Italica
3468 570 3697 639 coeptas,

284 675 559 731 «civitate
617 679 981 746 praestarent,
1035 678 1091 728 et
1150 691 1277 745 quae
1335 689 1569 743 semper
1653 668 1929 725 cultrices

280 762 664 820 «exstiterint
711 763 839 833 ejus
898 763 1000 816 viri
1064 768 1118 818 et
1169 761 1539 818 continentia
1598 765 1655 816 et
1685 758 1929 831 integri-

282 876 308 905 «
341 854 495 909 tatis.
532 876 560 902 »

348 967 374 993 ((
412 943 472 998 In
506 942 663 998 calce
696 943 957 1013 ejusdem
984 942 1113 996 libri
1134 946 1319 997 exstat
1342 941 1600 995 ofﬁcium
1634 936 1930 1010 quoddam

278 1033 343 1088 de
372 1032 429 1087 S.
464 1031 810 1101 Athanasio,
860 1048 962 1101 per
1018 1032 1289 1085 devotum
1348 1029 1709 1085 sacerdotem
1740 1029 1797 1079 et
1828 1025 1929 1079 do-

276 1126 427 1178 ctum
463 1120 769 1176 dominum
819 1120 1125 1192 /Egydium
1176 1121 1245 1175 de
1303 1125 1555 1174 Sarzana
1604 1114 1929 1172 secundum

274 1211 448 1267 ritum
481 1210 914 1266 monasticam:
951 1211 1121 1282 cujus
1154 1210 1385 1282 primus
1418 1209 1676 1281 hymnus
1713 1206 1783 1261 ad
1819 1209 1931 1263 Ve-

275 1318 472 1373 speras
504 1299 711 1371 incipit
741 1316 753 1353 :

429 1408 551 1457 Ecce
585 1406 830 1472 defensor
857 1406 985 1469 ﬁdei
1016 1421 1266 1469 superne.

273 1506 333 1561 In
362 1522 680 1578 progressu
711 1512 909 1563 autem
940 1507 1026 1561 hae
1055 1505 1307 1577 strophae
1366 1503 1663 1576 leguntur,
1726 1510 1934 1576 praeter

274 1595 464 1653 alias:

432 1694 626 1758 Vosque
655 1693 893 1743 thesauro
932 1694 1112 1744 Veneti
1145 1694 1350 1757 reperto

429 1765 673 1829 Corporis
700 1768 884 1827 sancti,
918 1767 1099 1815 civitas
1130 1765 1298 1823 beata,

426 1837 591 1900 Atque
620 1838 806 1885 donati
825 1837 1050 1899 j'ubilate
1080 1836 1185 1884 leti

583 1908 794 1956 Munere
814 1914 976 1957 tanta.

432 1995 525 2045 Vos
553 2011 768 2061 quoque,
799 2012 827 2045 ο
856 2002 1048 2046 matres
1068 1996 1240 2045 Crucis
1270 1996 1323 2044 in
1344 1995 1583 2059 judaica,

429 2067 643 2118 Cantica
672 2073 722 2117 et
751 2068 927 2117 laudes
955 2072 1190 2117 resonent
1220 2069 1519 2130 frequentes
1552 2082 1569 2114 .-

428 2141 590 2204 Atque
614 2140 781 2188 Patris
809 2154 991 2202 corpus
1020 2140 1210 2189 honore
1240 2139 1399 2201 digno

586 2210 797 2274 Semper
826 2210 1023 2261 habete.

275 2306 333 2369 In
359 2307 536 2365 tertio
571 2314 866 2364 noctuano
898 2310 1080 2380 hujus
1112 2308 1314 2379 ofﬁcii,
1373 2312 1508 2380 post
1537 2308 1940 2380 Evangelium,

280 2403 586 2469 ponuntur
615 2397 895 2454 lectiones
927 2401 997 2454 de
1024 2397 1270 2453 homilia
1326 2396 1619 2452 Hermolai
1680 2398 1940 2467 Barbari,

279 2487 542 2561 epiSCOpi
570 2487 948 2558 Veronensis,
982 2493 1039 2543 et
1070 2487 1396 2558 incipiunt:
1464 2486 1703 2557 Vidistis,
1734 2502 1943 2542 sorores

288 2578 349 2632 in
374 2576 595 2632 Christo
613 2577 991 2633 dilectissimaz
1013 2595 1030 2631 :
1057 2576 1211 2631 unde
1233 2581 1461 2631 constat
1482 2580 1537 2630 et
1560 2575 1866 2647 prologum
1888 2580 1945 2631 et

288 2670 474 2721 totam
506 2666 814 2721 historiam
849 2666 1137 2733 Latinam,
1171 2666 1231 2719 in
1266 2666 1373 2720 hoc
1403 2664 1552 2721 libro
1585 2669 1944 2733 contentam,

290 2772 422 2812 esse
454 2756 745 2811 Hermolai
777 2756 1037 2811 Barbari.
1074 2777 1101 2804 ››

360 2844 657 2900 Hactenus
713 2844 983 2917 Aloysius
1030 2842 1359 2907 Carnolius,
1411 2844 1657 2914 jamjam
1689 2842 1950 2898 Venetiis

292 2935 662 3007 migraturus
700 2952 713 3002 ;
750 2953 851 3006 pro
903 2934 1126 3005 reliquo
1158 2939 1374 2997 tamen,
1436 2934 1485 2988 si
1516 2935 1671 3004 quod
1704 2936 1952 2987 restaret

293 3040 489 3097 Opere,
518 3023 859 3096 relinquens
919 3024 1133 3078 ibidem
1191 3024 1255 3078 R.
1290 3028 1353 3078 P.
1414 3022 1714 3078 Danielem
1762 3022 1950 3076 Simo-

294 3114 464 3181 netti,
491 3114 563 3168 ad
599 3118 782 3185 coepta
814 3115 885 3168 ab
914 3113 1013 3168 illo
1045 3113 1325 3185 obsequia
1356 3112 1765 3184 prosequenda
1786 3128 1951 3182 para-

292 3203 621 3260 tissimum.
658 3205 803 3258 Tam
834 3208 1105 3275 prompta
1155 3203 1333 3273 igitur
1384 3201 1679 3257 voluntate
1710 3216 1947 3267 usurus,

298 3308 435 3349 cum
467 3291 796 3364 suspicaret
821 3310 889 3347 ex
922 3293 1125 3347 Latina
1154 3290 1446 3346 Hermolai
1509 3288 1754 3344 historia
1784 3306 1949 3344 sum-

299 3386 463 3453 ptam
495 3397 621 3435 esse
649 3384 985 3435 contextum
1010 3381 1300 3447 Italicum,
1335 3379 1435 3450 qui
1456 3377 1604 3433 libro
1623 3377 1801 3448 priori
1824 3394 1953 3432 con-

301 3470 624 3537 tinebatur,
660 3485 725 3524 ac
757 3470 1001 3541 proinde
1031 3486 1157 3525 eam
1184 3472 1302 3523 fore
1348 3468 1508 3540 operi
1540 3471 1739 3522 nostro
1771 3464 1959 3537 magis

301 3559 682 3627 idoneam,in
715 3576 830 3630 quo
891 3560 1233 3630 profitemur
1291 3557 1526 3629 singula
1580 3561 1963 3611 monumenta

304 3649 445 3705 dare
472 3648 825 3721 primigenia
855 3653 1159 3704 auctorum
1194 3646 1414 3720 phrasi,
1451 3646 1587 3719 petii
1624 3650 1682 3701 et
1710 3646 1961 3712 obtinui,

307 3742 373 3793 ut
403 3754 472 3792 ex
503 3738 706 3792 Latino
739 3754 972 3808 quoque
1035 3736 1185 3793 libro
1243 3737 1673 3792 describeretur
1724 3735 1967 3790 historia

306 3826 721 3884 translationis
753 3832 808 3881 et
840 3827 1259 3882 miraculorum
1286 3845 1298 3882 :
1335 3843 1467 3881 nam
1495 3843 1621 3897 quae
1644 3825 1715 3879 de
1746 3824 1879 3879 Vita
1900 3840 1966 3880 ex

307 3916 562 3973 Eusebio
575 3916 880 3988 collegisse
899 3918 1282 3988 proﬁtebatur
1302 3915 1647 3971 Hermolaus
1667 3931 1780 3969 non
1805 3917 1972 3969 erant

311 4023 489 4063 usum
521 4006 815 4074 habitura,
875 4024 995 4062 rem
1056 4010 1238 4063 totam
1298 4004 1628 4061 accuratius
1660 4004 1970 4059 deductam

312 4096 692 4153 habentibus.
720 4095 940 4152 Verum
966 4101 1031 4151 ut
1055 4096 1189 4168 legi,
1240 4113 1367 4167 qua
1400 4094 1757 4166 transcripta
1786 4098 1970 4163 erant,

315 4192 373 4242 et
403 4203 538 4241 cum
571 4185 817 4242 historia
839 4204 873 4241 a
898 4185 1166 4241 Carnolio
1190 4186 1461 4241 traducta
1482 4183 1974 4256 contuli,cognovi

316 4275 780 4347 illam,quamvis
801 4275 997 4331 Italice
1039 4276 1343 4347 scriptam,
1366 4274 1759 4346 antiquiorem
1782 4280 1975 4328 tamen

320 4382 468 4435 esse,
497 4365 798 4436 multoque
822 4366 1245 4421 accuratiorem
1292 4362 1716 4435 compositione
1739 4364 1976 4418 Hermo—

320 4455 421 4524 lai,
457 4455 556 4527 qui
590 4454 984 4525 eloquentiam
1014 4455 1362 4526 impendens
1386 4452 1777 4522 sermonibus,
1802 4451 1980 4507 inter-

321 4543 731 4603 translationis
755 4550 1022 4599 auctores
1047 4544 1196 4600 ultro
1238 4545 1501 4614 citroque
1534 4541 1777 4607 habitis,
1810 4547 1984 4614 prout

325 4634 526 4690 haberi
561 4632 823 4706 potuisse
853 4633 1223 4700 videbantur,
1286 4631 1647 4703 explicandis
1686 4631 1984 4687 adornan-

2038 684 2171 722 cum
2207 666 2553 722 Hermolaus
2584 666 2653 721 ad
2678 664 3076 719 Veronensem
3105 659 3443 716 cathedram
3468 671 3694 730 promo:-

2039 760 2136 811 tus
2168 774 2320 811 anno
2352 756 2717 828 praecedenti,
2766 770 2953 825 usque
3004 752 3075 807 ad
3126 751 3261 806 4471
3312 747 3490 804 vitam
3525 746 3583 801 in
3626 761 3691 801 eo

2040 862 2285 901 munere
2316 845 2671 916 propagarit,
2726 844 2987 914 adeoque
3048 839 3318 913 pluribus
3365 836 3537 893 annis
3565 838 3699 908 post

2041 951 2165 990 rem
2198 938 2424 1007 gestam
2458 937 2514 987 et
2543 934 2824 1005 scriptam
2858 947 3034 986 suum
3057 927 3408 1002 Opusculum
3458 941 3695 997 compo-

2041 1024 2234 1080 suisse
2267 1022 2541 1096 potuerit.

2042 1166 2321 1235 Quomodo
2356 1166 2833 1235 Constantinopoli
2860 1163 3206 1234 deportatum
3227 1234 3231 1235 ί
3252 1162 3335 1235 sit
3377 1175 3595 1235 corpus,
3628 1174 3699 1214 ex

2110 1241 2285 1365 pelagi
2310 1255 2457 1366 Jms.
2539 1232 2750 1305 Italico,
2831 1232 3126 1307 interprete
3198 1234 3415 1305 Aloysio
3492 1232 3697 1286 Camo-

2140 1327 2190 1365 zo
2264 1353 2277 1365 .
2355 1352 2367 1364 .

2125 1427 2301 1483 «Sub
2333 1442 2557 1481 annum
2608 1423 2992 1479 millesimum
3052 1418 3695 1493 quadringentesimum

2043 1516 2606 1588 quinquagesimum
2640 1516 2939 1586 quartum,
2976 1527 3179 1567 mense
3208 1507 3529 1577 Decembri,
3554 1511 3698 1562 Con-

2046 1605 2493 1677 stantinopolim
2526 1620 2660 1659 cum
2694 1620 2804 1659 sua
2834 1618 2977 1657 nave
3009 1599 3235 1672 appulit
3262 1599 3329 1655 D.
3364 1596 3703 1653 Dominicus

2046 1694 2313 1751 Zotarelli
2340 1711 2352 1750 :
2390 1695 2546 1766 quod
2580 1710 2715 1749 cum
2749 1689 3124 1763 metropolita
3153 1688 3393 1762 quidam
3418 1686 3535 1742 sive
3559 1690 3705 1740 Grie-

2046 1801 2152 1840 cus
2169 1785 2480 1856 episcopus
2503 1780 3021 1851 intellexisset,qui
3052 1783 3180 1835 tum
3203 1772 3707 1848 Constantinopoli

2049 1874 2408 1939 morabatur,
2443 1872 2670 1944 pridem
2704 1870 2954 1942 cupidus
2976 1868 3207 1924 videndi
3236 1866 3493 1939 aliquem
3523 1864 3708 1920 homi-

1968 1958 2011 2022 Β
2044 1978 2177 2019 nem
2211 1960 2595 2027 Catholicum,
2646 1958 2895 2016 accessit
2941 1959 3013 2013 ad
3065 1957 3299 2013 navim:
3347 1956 3407 2010 in
3459 1970 3707 2026 eamque

2048 2051 2307 2123 gratiose
2338 2067 2404 2106 ac
2431 2053 2780 2113 reverenter,
2820 2048 2906 2103 uti
2937 2065 3042 2119 par
3070 2050 3212 2115 erat,
3274 2049 3563 2116 receptus,
3591 2060 3705 2099 cae-

2049 2139 2134 2211 pit
2164 2156 2299 2194 cum
2331 2139 2494 2193 navis
2522 2143 2765 2209 patrono
2789 2153 2958 2209 agere
2985 2137 3054 2191 de
3075 2135 3250 2191 variis
3272 2138 3486 2191 sanctae
3511 2132 3708 2189 catho-

2050 2227 2172 2284 lica:
2207 2228 2335 2283 ﬁdei
2371 2227 2897 2299 persecutionibus,
2950 2243 3100 2297 quas
3159 2225 3311 2280 inter
3355 2223 3707 2278 numerabat

2053 2317 2473 2373 abscissionem
2505 2316 2857 2372 nobilissimi
2880 2314 3059 2370 unius
3081 2312 3351 2382 membri,
3371 2313 3533 2368 urbis
3553 2309 3709 2366 scili-

2054 2412 2145 2462 cet
2164 2406 2818 2478 Constantinopolitanzs
2846 2406 2944 2477 (α).
2980 2405 3040 2459 Id
3068 2421 3199 2459 vero
3222 2420 3355 2457 cum
3382 2401 3705 2456 maximum

2056 2513 2184 2552 esse
2205 2498 2488 2552 damnum
2516 2497 2839 2551 afﬁrmaret
2861 2493 3213 2560 navarchus,
3237 2490 3540 2563 multaque
3562 2490 3710 2544 invi-

2059 2603 2182 2641 cem
2217 2584 2678 2641 lamentarentur
2708 2584 2778 2639 de
2814 2584 2958 2638 facto
2982 2582 3199 2637 ibidem
3223 2580 3711 2651 exterminio,quo

2057 2681 2142 2731 tot
2177 2675 2430 2730 ecclesiae
2464 2680 2631 2730 erant
2660 2675 2993 2737 destructas,
3026 2671 3326 2743 dissipatae
3376 2688 3468 2726 res
3511 2685 3713 2736 sacrae,

2059 2769 2397 2821 sanctorum
2430 2781 2670 2835 corpora
2702 2768 2877 2834 atque
2919 2761 3177 2834 reliquiae
3235 2759 3508 2833 expositae
3559 2757 3714 2813 ludi-

2058 2854 2223 2921 brio;
2258 2853 2605 2919 navarchus,
2656 2857 2938 2923 tanquam
2987 2868 3158 2907 verus
3203 2849 3525 2905 catholicus
3558 2846 3717 2902 mul—

2058 2948 2305 3015 tumque
2362 2943 2701 2997 desiderans
2754 2942 3014 3013 aliquam
3064 2941 3357 3012 insignem
3407 2937 3717 3008 reliquiam

2061 3033 2387 3088 subducere
2435 3032 2712 3087 manibus
2759 3031 3137 3085 Turcicorum
3195 3028 3433 3083 illorum
3479 3042 3714 3093 canum,

2061 3122 2209 3177 dixit
2247 3120 2557 3192 episcopo;
2620 3144 2646 3171 «
2709 3120 2963 3186 Utinam,
3020 3123 3208 3185 Pater,
3271 3116 3486 3172 auxilio
3526 3119 3717 3170 vestro

2063 3233 2089 3261 (<
2125 3210 2385 3281 aliquam
2408 3207 3025 3279 ejusmodireliquiam
3070 3205 3330 3261 obtinere
3376 3221 3628 3275 possem,
3661 3206 3720 3257 et

2067 3322 2095 3350 «
2126 3298 2398 3354 Venetias
2420 3296 2840 3366 del'erre,isthic
2865 3312 3000 3350 cum
3033 3296 3250 3349 honore
3270 3293 3463 3349 debito
3495 3291 3717 3346 haben-

2071 3412 2097 3438 α
2132 3390 2265 3443 dam
2296 3392 2470 3459 atque
2500 3386 2825 3453 colendam,
2861 3402 3048 3456 neque
3079 3383 3334 3454 amplius
3373 3380 3722 3437 conculcan-

2069 3502 2095 3528 «
2132 3478 2266 3532 dam
2301 3476 2551 3548 pedibus
2598 3474 2929 3529 infidelium
2980 3474 3225 3529 istorum
3274 3487 3483 3527 canum
3511 3470 3524 3525 l
3557 3470 3724 3525 Certe

2077 3590 2097 3617 «ι
2133 3566 2279 3622 nihil
2313 3584 2381 3620 ea
2412 3583 2471 3620 re
2492 3566 2718 3637 gratius
2750 3563 2895 3618 mihi
2933 3564 3120 3618 facere
3153 3578 3377 3634 posses.
3418 3584 3437 3609 ι»

2146 3681 2173 3706 ‹‹
2208 3657 2291 3710 Ad
2328 3657 2445 3710 haec
2478 3653 2865 3725 metrOpolita,
2900 3652 3281 3707 considerans
3335 3650 3496 3723 pium
3531 3666 3732 3705 navar-

2077 3746 2170 3803 chi
2202 3745 2583 3811 desiderium,
2620 3747 3143 3815 contemptumque
3191 3740 3603 3811 quotidianum
3635 3756 3731 3793 sa-

2078 3852 2311 3891 crorum
2344 3850 2654 3905 corporum
2688 3832 2747 3886 in
2781 3833 2930 3901 loco,
2960 3848 3024 3886 ac
3054 3830 3174 3886 zelo
3203 3830 3477 3902 religioso
3510 3832 3732 3895 motus,

2081 3925 2226 3981 dixit
2256 3924 2307 3980 ei
2337 3940 2350 3976 ε
2387 3946 2413 3973 ‹‹
2447 3922 2503 3977 Si
2532 3920 2641 3976 tibi
2698 3921 2962 3992 suppetit
3008 3920 3079 3975 ad
3131 3935 3258 3975 eam
3321 3935 3443 3974 rem
3476 3917 3736 3983 animus,

2082 4038 2109 4065 ‹‹
2144 4012 2486 4069 monstrabo
2528 4027 2633 4083 ego
2674 4010 2967 4082 insignem
3011 4025 3189 4063 unam
3222 4012 3279 4062 et
3327 4007 3495 4063 valde
3525 4007 3743 4079 pretio-

2083 4120 2232 4160 sam.
2262 4124 2289 4152 ››
2305 4100 2449 4155 Cum
2484 4106 2681 4155 autem
2714 4098 3031 4170 recepisset
3060 4096 3388 4153 navarchus
3419 4101 3630 4152 cuncta
3659 4112 3743 4163 se,

2085 4210 2213 4266 quae
2233 4189 2850 4263 suggereret,ﬁdenter
2863 4192 3273 4244 exsecuturum
3293 4204 3305 4254 ;
3324 4210 3349 4236 ‹‹
3368 4186 3749 4257 Vade,inquit

2087 4306 2114 4332 «
2149 4282 2481 4354 episcopus,
2518 4281 2589 4334 ad
2611 4282 2937 4333 extremum
2962 4277 3359 4349 procurrentis
3379 4275 3438 4329 in
3465 4292 3623 4331 mare
3646 4275 3749 4330 tel-

2088 4394 2118 4423 «
2150 4370 2295 4426 luris
2319 4368 2599 4442 angulum
2625 4368 2721 4439 (b),
2748 4367 2829 4421 ibi
2856 4367 2914 4420 in
2940 4365 3041 4421 tali
3074 4365 3265 4437 platea
3293 4366 3371 4436 (et
3391 4365 3543 4419 hanc
3566 4364 3753 4419 nomi-

2092 4482 2119 4511 ‹‹
2145 4461 2345 4527 nabat)
2367 4457 2628 4512 invenies
2652 4454 2937 4527 capellam
2952 4459 3214 4526 epertam
3238 4453 3333 4525 plu
3345 4454 3478 4508 mbo
3498 4456 3584 4520 ;et
3602 4452 3660 4507 in
3683 4469 3752 4508 ea

2093 4573 2121 4601 «
2148 4566 2361 4620 corpus
2382 4548 2450 4619 (ε)
2476 4547 2536 4601 S.
2562 4544 2866 4599 Athanasii
2884 4541 3750 4615 patriarchaeAlexandrini,qui

2097 4662 2124 4689 ‹‹
2159 4638 2294 4694 fecit
2322 4637 2563 4691 tertium
2608 4633 2873 4692 Ecclesiae
2917 4632 3213 4688 catholicae
3246 4630 3594 4703 Symbolum
3627 4631 3703 4697 (ά)
3735 4647 3748 4687 :

328 4702 706 4795 disque,irem
730 4722 920 4794 ipsam
947 4723 1208 4779 strictius
1233 4702 1516 4788 retulerit,
1546 4720 1866 4791 multisque
1892 4738 1988 4775 no-
2022 4702 2063 4764 Ῐ)
2098 4750 2126 4777 ‹‹
2161 4727 2313 4799 quod
2345 4726 2392 4781 si
2427 4724 2685 4797 potueris
2716 4723 2850 4776 inde
2874 4723 3123 4787 auferre,
3159 4702 3403 4776 habebis
3434 4723 3589 4775 certe
3621 4719 3752 4775 reli-

328 4812 611 4869 tabilibus
629 4812 1087 4867 circumstantiis
1104 4810 1775 4878 imminuerit;miracula
1789 4817 1982 4865 autem

330 4918 576 4975 prorsus
597 4900 882 4956 omiserit.
916 4902 1104 4965 Quare
1125 4919 1192 4957 eo
1215 4901 1472 4973 seposito
1524 4899 1748 4971 praetuli
1771 4900 1986 4955 versio-

333 5007 468 5048 nem
490 4989 767 5061 Carnolii,
802 4992 1153 5047 strictiorem
1183 4991 1399 5058 verbis,
1430 4991 1604 5045 rebus
1637 4990 1988 5055 uberiorem,

332 5083 619 5154 tanquam
643 5080 890 5137 historia
912 5098 978 5137 ex
1003 5081 1116 5136 ﬁde
1138 5080 1510 5153 publicorum
1534 5082 1832 5147 Actorum,
1864 5079 1991 5152 ipso

408 5222 484 5295 (α)
516 5222 580 5278 In
613 5222 723 5278 hac
783 5223 1046 5279 oratione
1108 5223 1449 5279 adornanda
1505 5221 1818 5295 dimidiam
1877 5224 1995 5279 fere

340 5293 675 5368 scriptionis
712 5312 829 5368 suae
884 5302 1113 5368 partem
1145 5295 1394 5350 insumit
1430 5293 1770 5368 Hermolaus
1799 5300 1997 5364 utpote

338 5367 396 5421 in
432 5367 648 5441 recenti
668 5367 885 5441 clade;
917 5375 1089 5439 capta
1118 5368 1275 5424 enim
1308 5372 1433 5421 erat
1466 5367 1605 5421 urbs
1651 5368 1998 5437 praecedenti

340 5438 620 5493 annO‘die
656 5440 721 5491 19
754 5438 911 5494 Maii.

410 5510 486 5581 (ὁ)
519 5510 777 5582 Trigena
811 5527 1065 5582 namque
1123 5508 1658 5582 Constantinopolis
1691 5513 1798 5575 est,
1832 5510 2002 5579 cujus

340 5598 527 5636 unum
558 5581 713 5637 latus
747 5581 1073 5637 secundum
1101 5581 1469 5652 BOSphorum
1507 5584 1862 5652 porrectum,
1896 5586 2005 5635 ter-

342 5654 605 5709 minatur
638 5654 872 5725 regione
893 5655 1058 5709 urbis
1076 5651 1577 5723 duodecima,quae
1608 5651 1701 5705 hic
1733 5652 2003 5725 designa-

342 5728 455 5794 tur,
476 5727 563 5799 rde
597 5726 898 5799 quaqinfra
929 5726 1220 5799 pluribus.

416 5798 487 5869 (ο)
513 5799 576 5855 In
610 5794 814 5854 Italica
846 5794 1195 5870 plerumque
1244 5794 1606 5867 praeponitur
1635 5794 1843 5851 titulus
1873 5796 2007 5852 Mes-

2098 4840 2125 4867 ‹‹
2162 4815 2360 4889 quiam
2387 4812 2840 4887 pulcherrimam
2872 4828 2883 4866 :
2910 4828 3014 4883 ego
3037 4814 3234 4865 autem
3258 4810 3534 4865 constitui
3552 4808 3665 4867 cito
3684 4811 3756 4866 ab

2099 4928 2126 4957 ‹‹
2160 4906 2269 4961 hac
2292 4904 2525 4975 regione
2547 4900 2843 4957 discedere
2868 4918 2880 4967 ;
2906 4917 3011 4955 nec
3032 4900 3189 4954 enim
3217 4898 3371 4954 ultra
3392 4898 3654 4955 sustineo
3674 4896 3758 4951 vi-

2099 5018 2128 5045 «
2163 4995 2509 5050 deretantas
2530 4989 2896 5063 iniquitates.
2919 5011 2945 5039 ››
2973 4988 3217 5044 Talibus
3239 4988 3369 5060 ejus
3386 4987 3560 5043 dictis
3584 4987 3760 5042 ﬁdem

2102 5083 2389 5140 adhibens
2413 5078 3076 5149 navarchus,accersivit
3096 5078 3167 5149 (θ)
3198 5092 3534 5150 naupegum
3554 5092 3756 5145 suum,

2104 5228 2188 5282 sir
2216 5224 2269 5279 id
2323 5228 2413 5280 est
2442 5224 2726 5280 Dominus.

2179 5296 2255 5369 (ἀ)
2289 5296 2349 5351 S.
2387 5294 2685 5369 Athanasii
2718 5292 3032 5369 Symbolum
3069 5294 3297 5369 tertium
3355 5290 3570 5345 dicitur
3625 5306 3761 5369 eum

2108 5360 2377 5445 respectu
2434 5360 2775 5445 admpriora'
2820 5364 3368 5445 duo‘apostolicum,
3430 5379 3544 5445 quo
3586 5360 3762 5445 vulgo

2110 5434 2367 5505 utimur;
2399 5444 2455 5492 et
2486 5434 2788 5501 Niéavnum,
2820 5436 2973 5507 quod
3011 5436 3068 5489 in
3106 5434 3422 5489 missarum
3454 5434 3760 5489 solemniis

2112 5512 2477 5567 decantatur.

2189 5584 2257 5653 (θ)
2292 5579 2670 5653 ΠθῐῚΠὈῌῘἸῘΟ
2736 5577 3081 5653 Hermolaus
3148 5575 3373 5653 inducit
3404 5575 3760 5631 navarchum

2118 5648 2379 5708 oratione
2411 5651 2802 5723 prolixaisuos
2828 5650 3154 5723 hortantem
3188 5648 3258 5702 ad
3318 5664 3504 5723 opus;
3541 5653 3600 5703 et
3627 5663 3764 5723 eum

2119 5665 2379 5708 oratione
2411 5665 2633 5723 pronxa
2664 5667 2802 5704 suos
2829 5665 3154 5703 nouantem
3188 5665 3258 5702 aa
3318 5665 3504 5771 opus;
3541 5665 3600 5703 et
3627 5665 3764 5702 eum

2119 5726 2220 5797 qui
2253 5743 2314 5780 se
2346 5722 2841 5797 obtulit‘,_fubrugu
2870 5722 3178 5797 lignarium
3207 5735 3353 5790 appe
3381 5718 3497 5786 lat;
3533 5717 3765 5787 recte,si

2118 5792 2412 5853 nauticum
2440 5792 2755 5866 intelligas,
2788 5792 3023 5849 Venetis
3052 5806 3378 5860 marangon.
