4160 6384
312 345 528 403 οοιχνῐ

312 475 606 532 sermonis
637 470 820 532 Graeci
848 474 1100 547 peritum
1140 478 1196 531 et
1251 469 1556 547 regionum
1614 473 1820 541 urbis;
1867 473 1966 546 qui
1997 474 2052 540 Α

314 566 761 639 promptissimo
792 567 988 622 animo
1018 583 1146 622 esse
1177 564 1391 620 obtulit
1421 565 1492 620 ad
1552 581 1721 636 opus,
1765 564 1966 619 dicens

317 656 639 712 navarcho:
682 677 702 704 ιι
735 657 877 711 Rem
936 656 1079 711 mibi
1141 655 1378 725 credite,
1441 659 1496 710 et
1535 671 1639 727 ego
1690 654 1966 726 promitto

319 768 349 799 «
377 747 534 819 quod
566 747 761 819 ipsum
803 749 1072 802 sanctum
1106 762 1320 818 corpus
1354 743 1581 801 salvum
1611 744 1717 800 tibi
1749 745 1820 799 ad
1864 760 1966 799 na-

323 853 348 884 α
377 835 497 892 vim
528 837 805 890 deferam.
844 857 871 884 ››

393 947 421 975 ‹‹
453 926 714 996 Cumque
737 924 1118 981 deliberasset
1140 923 1439 996 negotium
1463 923 1699 996 aggredi.
1742 924 1833 977 die
1866 921 1971 978 ali-

320 1030 436 1086 quo
483 1014 720 1069 turbido
758 1031 823 1068 ac
855 1013 1070 1085 pluvio,
1122 1014 1416 1068 crastinus
1464 1030 1598 1067 mox
1626 1012 1802 1068 talem
1831 1011 1881 1067 ei
1913 1027 1974 1066 se

320 1103 587 1176 przrbuit,
622 1118 691 1158 ex
720 1119 834 1174 quo
866 1103 1062 1158 divina
1091 1102 1361 1159 voluntas
1392 1102 1715 1157 evidentius
1766 1100 1970 1173 patuit.

315 1191 531 1249 Videns
560 1209 696 1265 ergo
719 1209 1024 1265 naupegus
1045 1192 1353 1248 consilium
1378 1209 1551 1248 suum
1580 1209 1612 1246 a
1633 1191 1748 1246 Deo
1779 1189 1974 1261 dirigi,

321 1278 653 1351 coelumque
673 1297 742 1334 ex
762 1284 892 1335 voto
907 1297 1012 1335 suo
1039 1279 1654 1352 dispositum,nautica
1674 1296 1801 1335 sese
1819 1284 1976 1336 veste

317 1368 494 1442 longa
521 1369 748 1438 induit,
767 1373 825 1425 et
854 1386 1089 1425 saccum
1117 1371 1202 1440 (α)
1225 1369 1500 1440 sumpsit,
1525 1373 1702 1440 atque
1729 1369 1798 1423 ad
1823 1368 1976 1423 desi-

324 1463 565 1532 gnatam
588 1459 701 1533 sibi
725 1459 1008 1531 capellam
1033 1458 1800 1526 accessit,ubibenedictum
1818 1457 1976 1513 istud

322 1564 536 1620 corpus
556 1549 616 1605 in
640 1549 849 1622 grandi
879 1547 1074 1621 lignea
1097 1566 1270 1620 capsa
1291 1548 1592 1620 reperit,in
1618 1551 1789 1620 cujus
1811 1565 1979 1620 oper-

323 1637 456 1695 culo
488 1639 561 1693 ab
592 1637 753 1693 intus
774 1638 1004 1710 depicta
1024 1643 1147 1693 erat
1173 1639 1359 1711 figura
1384 1654 1846 1710 expressumque
1875 1655 1978 1694 no-

325 1745 460 1785 men
512 1729 570 1784 S.
623 1727 964 1784 Athanasii:
1015 1728 1445 1800 videbaturque
1493 1727 1621 1800 ipsa
1669 1745 1848 1800 capsa
1878 1743 1982 1800 per

324 1817 608 1890 capellam
657 1821 888 1889 raptata
945 1817 1127 1872 fuisse
1166 1834 1199 1871 a
1247 1816 1509 1873 Turcicis
1549 1816 1815 1882 canibus,
1855 1820 1980 1873 erat

323 1906 482 1964 enim
504 1911 706 1979 aperta
727 1905 995 1978 maleque
1016 1906 1531 1978 composita.Tunc
1562 1921 1866 1978 naupegus
1902 1905 1977 1977 (b)

325 1999 630 2069 acceptum
672 2013 884 2068 corpus
941 1995 1264 2067 gloriosum
1321 1995 1569 2051 immisit
1625 1995 1683 2049 in
1743 2011 1978 2050 saccum

325 2101 501 2159 quem
550 2085 791 2156 ferebat,
845 2086 944 2141 sed
997 2085 1196 2140 minus
1237 2101 1416 2156 quam
1457 2085 1652 2157 ipsum
1693 2088 1818 2140 erat
1853 2084 1980 2140 lon-

323 2191 488 2248 gum,
520 2174 766 2248 ideoque
806 2191 1042 2230 necesse
1090 2174 1294 2229 habuit
1346 2173 1700 2246 complicare
1749 2175 1878 2245 ejus
1907 2174 1979 2229 ti-

323 2265 452 2321 bias
475 2264 545 2337 (c)
569 2265 765 2336 itaque
797 2263 1021 2320 meliori
1054 2267 1119 2318 ut
1148 2262 1338 2335 potuit
1369 2263 1543 2318 modo
1585 2263 1980 2334 compositum

325 2355 399 2410 ad
419 2353 528 2410 hoc
557 2358 623 2408 ut
651 2353 844 2425 ipsum
878 2353 1106 2409 auferre
1137 2356 1355 2423 posset,
1389 2352 1500 2406 sub
1548 2355 1709 2407 veste
1740 2368 1849 2407 sua
1879 2353 1980 2407 ab-

330 2442 496 2498 didit.

405 2553 428 2582 «
465 2531 744 2588 Prodiens
774 2535 969 2588 autem
1003 2532 1180 2598 foras,
1215 2531 1274 2586 in
1305 2531 1436 2602 ipsa
1497 2530 1592 2587 via
1622 2530 1779 2586 haud
1813 2529 1985 2603 longe

333 2620 556 2692 capella
585 2620 860 2692 praedicta
885 2619 1030 2675 vidit
1057 2621 1290 2676 eminus
1321 2623 1524 2676 contra
1569 2636 1631 2675 se
1687 2620 1986 2676 venientes

335 2727 436 2767 sex
467 2711 726 2766 Turcas:
762 2727 794 2764 a
825 2709 1042 2782 quibus
1073 2709 1184 2766 sibi
1245 2713 1512 2765 metuens
1571 2710 1872 2782 ingressus
1900 2713 1990 2764 est

335 2798 728 2856 Graecanicam
751 2800 1069 2871 quamdam
1091 2799 1400 2855 maceriam
1437 2798 1533 2870 (d),
1563 2797 1813 2869 alicujus
1847 2797 1987 2852 olim

337 2892 404 2944 ut
449 2887 758 2943 videbatur
785 2888 985 2955 vinem,
1014 2892 1293 2959 tanquam
1321 2888 1686 2943 necessitatis
1710 2887 1992 2942 naturalis

338 2994 555 3034 causa:
591 2977 929 3048 ibidemque
976 2982 1246 3032 sanctum
1298 2994 1510 3049 corpus
1557 2976 1885 3044 abscondit,
1925 2981 1992 3031 ut

337 3065 546 3140 potuit,
580 3065 733 3121 infra
761 3081 985 3138 vepres,
1011 3067 1069 3120 in
1101 3066 1226 3121 loco
1245 3065 1554 3137 vilissimo,
1579 3071 1646 3121 ut
1666 3066 1849 3121 videri
1875 3082 1989 3121 non

336 3160 571 3229 posset:
601 3159 658 3211 et
688 3172 823 3210 mox
847 3155 906 3210 in
938 3155 1090 3210 viam
1123 3155 1314 3226 rediit,
1365 3172 1437 3210 ne
1491 3173 1670 3228 quam
1702 3155 1988 3227 suspicio-

338 3262 474 3302 nem
495 3244 699 3300 Turcis
728 3244 1035 3316 ingereret,
1059 3243 1496 3317 simulabatque
1517 3249 1771 3316 coeptum
1799 3260 1859 3300 se
1881 3245 1990 3300 iter

338 3334 1153 3408 prosequi.Interrogaverunt
1183 3339 1378 3389 autem
1410 3349 1547 3390 cum
1579 3333 1686 3403 illi,
1737 3350 1852 3406 quo
1884 3334 1992 3389 iret

339 3429 398 3481 et
427 3424 560 3496 quis
590 3427 764 3480 esset.
796 3428 929 3495 Ipso
960 3428 1156 3479 autem
1188 3424 1575 3495 respondente
1606 3423 1904 3479 hominem
1931 3439 1992 3478 se

341 3530 471 3570 esse
496 3513 820 3584 nauticum,
845 3517 1020 3584 atque
1041 3513 1112 3568 ad
1128 3530 1334 3568 navem
1358 3512 1575 3581 redire;
1601 3516 1806 3568 euntes
1820 3528 1991 3584 porro

335 3603 430 3659 via
456 3620 563 3658 sua
593 3601 844 3658 liberum
876 3617 1110 3674 quoque
1159 3602 1354 3674 ipsum
1405 3602 1656 3657 transire
1705 3601 1992 3674 permise-

339 3696 498 3758 runt,
533 3691 678 3747 nihil
711 3691 866 3746 ultra
896 3695 1244 3762 quaerentes,
1297 3691 1381 3746 uti
1411 3690 1680 3745 voluntas
1715 3691 1812 3746 Dei
1845 3691 1989 3747 fere-

337 3780 456 3836 bat.
490 3782 601 3836 Eos
631 3797 766 3852 ergo
801 3779 1001 3853 procul
1032 3783 1433 3852 transgressos
1455 3779 1659 3836 videns
1687 3797 1992 3853 naupegus

339 3873 616 3941 extraque
647 3873 1045 3941 conspectum,
1078 3886 1381 3942 regressus
1434 3873 1522 3924 est
1567 3870 1639 3924 ad
1665 3868 1989 3925 tollendum

339 3962 610 4015 sanctum
643 3975 889 4029 corpus;
914 3975 1030 4029 quo
1055 3958 1284 4015 sublato
1309 3957 1866 4015 vehementissimus
1887 3959 1993 4014 im-

337 4047 444 4104 ber
472 4047 774 4102 descendit
805 4064 836 4103 e
869 4046 1033 4113 00310,
1066 4051 1189 4102 tam
1223 4052 1568 4119 opportune,
1591 4051 1655 4102 ut
1684 4065 1799 4104 non
1820 4048 1992 4104 inter-

337 4135 673 4191 mitteretur
700 4135 885 4191 donec
936 4135 1007 4190 ad
1059 4151 1264 4190 navem
1308 4134 1530 4191 veniret
1585 4136 1992 4194 inobservatus

338 4227 514 4295 atque
546 4240 795 4280 securus
824 4241 973 4291 ;non
1007 4223 1232 4296 absque
1254 4224 1473 4297 insigni
1507 4225 1601 4280 Dei
1635 4227 1830 4282 favore
1853 4245 1866 4292 ;
1889 4243 1990 4282 ne-

336 4329 451 4385 que
481 4311 638 4368 enim
687 4314 1015 4370 crediderat
1064 4330 1369 4386 naupegus
1417 4315 1682 4371 futurum
1736 4319 1800 4370 ut
1845 4315 1993 4372 citra

333 4402 662 4474 periculum
703 4403 925 4476 grande
965 4407 1085 4458 tam
1126 4402 1365 4476 longam
1403 4404 1558 4459 viam
1609 4405 1986 4460 emetiretur:

334 4509 448 4564 quo
481 4495 674 4548 autem
706 4492 1034 4548 evidentius
1066 4496 1374 4564 appareret
1431 4492 1806 4562 miraculum,
1858 4510 1992 4549 mox

1703 333 2292 403 PROLEGOMENA
2306 379 2319 398 .

2158 492 2180 522 ι
2215 472 2366 528 Tum
2391 468 2824 528 desiderantem
2840 466 3183 527 thesaurum
3216 463 3418 525 devote
3475 483 3542 526 ac
3571 482 3729 526 reve-

2073 565 2267 617 renter
2295 562 2625 634 suscipiens
2658 561 2993 617 navarchus
3049 562 3143 629 (e),
3185 557 3341 613 vovit
3400 575 3528 614 sese
3559 557 3726 614 illum

2077 655 2444 722 portaturum
2467 650 2758 718 Venetias,
2783 649 3269 720 oblatrurumque
3297 647 3732 704 venerabilibus

2079 739 2433 795 dominabus
2462 741 2687 796 Sanctae
2718 739 2918 794 Crucis
2947 738 3007 792 in
3038 737 3537 794 Judaica.Deinde
3564 754 3731 792 man-

2079 829 2238 884 davit
2265 829 2639 902 gubernatori
2699 829 2986 884 abducere
3045 828 3237 882 navim
3297 826 3371 882 ab
3427 827 3584 883 eoin
3616 844 3734 899 quo

2082 919 2276 974 stabat
2295 919 2441 983 loco,
2468 919 2540 973 ad
2565 917 2748 974 alium
2773 918 2960 989 magis
2983 933 3254 973 securum
3284 933 3296 972 :
3327 917 3398 973 ad
3421 916 3736 973 Columnas

2081 1009 2150 1080 (Γ)
2172 1007 2523 1073 dictum,ubi
2547 1007 2738 1063 solent
2766 1024 2943 1063 naves
2965 1007 3179 1062 armari
3209 1023 3220 1060 :
3259 1007 3383 1079 ipse
3413 1024 3546 1062 vero
3592 1006 3738 1061 abiit

2085 1102 2238 1151 terra
2271 1097 2341 1152 ad
2376 1097 2607 1169 negotia
2632 1114 2758 1152 sua.
2794 1097 3161 1152 Gubernator
3217 1101 3417 1152 autem
3446 1097 3518 1152 ad
3551 1095 3736 1151 alium

2085 1203 2263 1258 quam
2296 1186 2394 1258 qui
2426 1185 2804 1257 praescriptus
2825 1189 2949 1240 erat
2970 1185 3161 1240 locum
3197 1202 3400 1240 navem
3432 1185 3734 1258 applicuit.

2085 1277 2270 1332 Noctu
2293 1292 2430 1348 ergo
2487 1292 2620 1330 cum
2649 1274 2982 1330 revertisset
3038 1273 3391 1340 navarchus,
3423 1273 3740 1348 locumque

2088 1365 2516 1421 considerasset
2533 1363 2832 1433 attentius,
2862 1368 3061 1435 utpote
3084 1380 3258 1435 quem
3284 1364 3578 1436 praecipua
3598 1381 3742 1420 cura

2089 1455 2429 1527 spectabat;
2464 1453 2707 1509 minime
2725 1470 3002 1509 .sccuram
3034 1469 3164 1509 esse
3220 1453 3540 1509 stationem
3571 1454 3738 1522 vidit,

2089 1561 2278 1616 neque
2309 1543 2500 1598 navim
2535 1543 2614 1599 ibi
2642 1560 2770 1599 esse
2801 1543 2898 1609 ubi
2927 1543 3192 1614 jusserat
3249 1541 3554 1598 intellexit.
3616 1543 3741 1608 Quo

2089 1633 2318 1707 cognito
2341 1633 2486 1689 dixit
2506 1632 2796 1690 navarcho
2821 1633 3212 1705 gubernator:
3266 1631 3512 1688 Domine
3541 1637 3742 1705 patro-

2087 1741 2180 1790 ne,
2230 1722 2376 1778 nihil
2425 1722 2738 1778 formidas:
2794 1721 3084 1794 profunda
3129 1720 3226 1776 hic
3272 1722 3430 1777 enim
3461 1739 3615 1794 aqua
3653 1726 3746 1778 est

2008 1849 2056 1914 B
2087 1812 2220 1886 plus
2255 1830 2434 1885 quam
2466 1829 2672 1868 novem
2700 1827 2937 1884 passus.

2161 1925 2188 1952 ‹‹
2223 1901 2530 1974 Acquievit
2550 1902 2678 1973 ejus
2709 1901 2898 1956 verbis
2956 1900 3322 1956 navarchus:
3367 1901 3496 1974 ipsa
3543 1907 3743 1958 autem

2091 1996 2259 2048 nocte
2288 1991 2482 2064 gravis
2513 1995 2832 2063 tempestas
2862 1995 3062 2046 exorta
3095 1994 3204 2058 est,
3245 1991 3746 2065 judicabaturque

2092 2081 2492 2137 necessarium
2525 2097 2654 2136 csse
2687 2085 2751 2135 ut
2781 2079 3054 2154 pluribus
3084 2079 3358 2136 anchoris
3409 2081 3749 2137 ﬁrmaretur

2093 2169 2278 2238 navis,
2313 2175 2486 2243 prout
2515 2169 2790 2226 navarchi
2813 2171 2992 2242 jussu
3023 2169 3242 2225 factum
3292 2175 3401 2226 est.
3456 2171 3569 2227 Sed
3597 2171 3747 2227 nihil

2093 2260 2294 2316 damni
2319 2265 2639 2332 tempestas
2668 2259 2995 2332 attulit,per
3028 2259 3122 2315 Dei
3147 2260 3399 2331 gratiam
3430 2263 3488 2315 et
3504 2259 3749 2332 gloriosi

2093 2349 2254 2404 illius
2285 2347 2504 2417 Sancti,
2539 2348 2710 2419 cujus
2729 2347 2825 2403 hic
2848 2349 3105 2420 primum
3125 2347 3346 2404 effulsit
3367 2348 3746 2406 miraculum.

2091 2439 2238 2495 Nam
2267 2455 2401 2494 cum
2433 2442 2754 2510 tempestas
2786 2443 2960 2494 noctu
2984 2444 3200 2506 exorta,
3237 2455 3410 2494 mane
3438 2443 3747 2508 cessasset,

2096 2528 2261 2584 navis
2293 2527 2455 2583 stetit
2475 2544 2717 2599 prorsus
2747 2527 3090 2584 immobilis.
3126 2529 3289 2592 Quod
3313 2527 3614 2584 admirans
3645 2545 3752 2584 na-

2095 2616 2371 2688 varchus,
2408 2640 2435 2667 α
2470 2617 2619 2682 Quid
2651 2617 2780 2684 hoc,
2813 2615 3027 2689 inquit,
3061 2620 3150 2672 est
3179 2617 3260 2671 rei
3281 2616 3416 2672 ?An
3443 2617 3590 2672 forte
3611 2633 3750 2688 spu-

2098 2728 2126 2756 «
2161 2723 2258 2761 ma
2288 2706 2444 2761 intra
2459 2705 2652 2761 navim
2676 2710 2766 2761 est
2786 2705 2958 2776 (g)?»
2993 2705 3306 2762 Currentes
3349 2710 3405 2760 et
3431 2703 3753 2777 inspicien-

2097 2798 2186 2850 tes
2210 2794 2402 2850 navim
2426 2799 2617 2850 nauta:
2649 2794 3065 2850 renuntiarunt
3094 2793 3317 2850 nullam
3363 2794 3444 2848 ibi
3477 2811 3754 2867 spumam

2099 2900 2246 2939 esse.
2280 2885 2427 2939 Tum
2450 2885 2612 2955 jacta
2640 2882 2834 2938 bolide
2865 2882 3086 2955 placuit
3141 2882 3444 2955 explorare
3477 2883 3752 2953 fundum,

2100 2977 2158 3028 et
2188 2973 2422 3028 inventa
2452 2977 2540 3028 est
2568 2973 2733 3028 navis
2761 2989 2940 3044 supra
2969 2977 3183 3028 terram
3206 2980 3379 3028 stare.
3401 2972 3553 3028 Tum
3573 2973 3762 3029 enim-

2099 3080 2236 3118 vero
2269 3067 2391 3118 tam
2421 3062 2548 3134 ipse
2579 3079 2756 3134 quam
2811 3063 3000 3118 ceteri
3035 3078 3238 3118 omnes
3286 3061 3577 3118 dixerunt.
3613 3063 3749 3118 Eial

2103 3151 2246 3208 solis
2277 3151 2466 3208 sancti
2510 3152 2690 3224 hujus
2749 3168 2814 3207 ac
2871 3150 3110 3223 gloriosi
3168 3151 3477 3207 Athanasii
3526 3151 3756 3208 meritis

2102 3241 2514 3298 ascribendum
2546 3245 2654 3310 est,
2686 3241 2843 3312 quod
2876 3240 2997 3295 haec
3053 3240 3238 3307 navis,
3301 3257 3436 3295 cum
3477 3240 3756 3297 omnibus

2101 3331 2295 3399 nobis,
2330 3330 2490 3386 salva
2519 3331 2864 3402 integraque
2896 3328 3305 3401 permanserit,
3365 3330 3438 3386 ab
3491 3329 3597 3385 hoc
3630 3333 3752 3386 tam

2100 3420 2309 3494 grandi
2340 3419 2598 3493 periculo
2623 3437 2635 3474 :
2660 3425 2817 3475 certo
2847 3419 3001 3474 enim
3035 3417 3252 3474 certius
3282 3436 3384 3490 per
3411 3434 3541 3475 eam
3574 3435 3753 3492 quam

2103 3509 2501 3566 sustinuimus
2531 3507 2640 3563 hac
2671 3511 2838 3563 nocte
2858 3510 3290 3579 tempestatem,
3352 3507 3518 3564 navis
3565 3508 3756 3566 adhae-

2102 3616 2238 3654 rens
2270 3603 2433 3654 terrae
2455 3597 2758 3654 debuisset
2786 3595 3027 3652 dissolvi
3090 3596 3397 3669 frangique
3426 3596 3486 3652 in
3537 3600 3752 3669 partes.

2102 3691 2170 3742 Et
2199 3703 2340 3742 sane
2365 3687 2635 3758 quisquis
2665 3703 2787 3741 rem
2825 3683 3110 3757 intelliget
3145 3684 3611 3757 pulcherrimum
3645 3686 3753 3742 mi-

2102 3777 2369 3833 raculum
2402 3777 2582 3833 fuisse
2613 3775 2952 3843 aftirmabit,
2983 3775 3141 3847 quod
3176 3775 3233 3829 in
3268 3779 3390 3831 tam
3439 3793 3590 3832 sava
3617 3793 3752 3848 pro-

2102 3865 2248 3922 cella
2279 3867 2480 3922 damni
2517 3863 2662 3922 nihil
2725 3865 2804 3921 sit
2860 3881 3033 3937 passa
3069 3864 3255 3931 navis,
3298 3881 3475 3937 quam
3521 3866 3757 3922 credere

2100 3955 2238 4012 licet
2265 3974 2334 4012 ea
2362 3957 2612 4011 durante
2641 3953 2821 4010 fuisse
2870 3953 3046 4009 veluti
3105 3971 3138 4009 a
3194 3959 3350 4009 terra
3378 3969 3754 4025 suspensam,

2103 4044 2329 4100 meritis
2359 4049 2417 4100 et
2445 4043 2862 4100 intercessione
2891 4043 2951 4099 S.
3005 4042 3333 4099 Athanasii.
3392 4041 3619 4098 Etenim
3653 4042 3750 4098 ubi

2103 4134 2356 4190 malacia
2388 4132 2578 4198 rediit,
2602 4148 2718 4187 non
2751 4132 2939 4205 potuit
2966 4131 3025 4186 in
3085 4131 3272 4188 altum
3320 4132 3485 4188 navis
3515 4132 3752 4201 adduci,

2103 4224 2220 4280 nisi
2250 4224 2441 4280 levata
2465 4239 2658 4290 onere,
2719 4221 3041 4294 multisque
3095 4221 3322 4278 viribus
3368 4226 3427 4277 et
3456 4220 3754 4278 machinis

2102 4313 2412 4370 adhibitis:
2457 4313 2613 4386 quod
2644 4316 2841 4367 tamen
2901 4313 3078 4367 etiam
3138 4311 3284 4367 citra
3313 4311 3597 4368 damnum
3664 4314 3758 4367 est

2100 4403 2318 4458 factum
2331 4445 2343 4457 .

2173 4492 2364 4547 «Cum
2383 4506 2554 4563 porro
2577 4488 2878 4561 aliquanto
2900 4489 3091 4545 adhuc
3107 4493 3368 4561 tempore
3388 4487 3607 4544 ibidem
3630 4505 3755 4544 mo-

332 4585 399 4636 ut
426 4580 487 4635 in
519 4582 714 4636 navim
745 4581 975 4637 illatum
1007 4585 1097 4638 est
1127 4599 1361 4638 sacrum
1386 4599 1621 4655 corpus,
1656 4586 1991 4639 serenatum
2023 4597 2068 4663 ι)
2100 4599 2228 4638 ram
2261 4582 2452 4636 facere
2473 4579 2771 4644 deberent,
2804 4579 3170 4636 occasionem
3193 4577 3402 4634 habuit
3423 4577 3755 4634 navarchus

333 4669 528 4727 subito
561 4670 773 4726 caelum
805 4671 934 4727 fuit.

406 4832 483 4905 (ᾳ)
515 4832 710 4905 Lintea
739 4831 812 4905 in_
831 4848 1039 4905 genere
1070 4830 1241 4887 vertit
1269 4831 1637 4905 Hermolaus.

406 4903 482 4975 (b)
550 4903 707 4976 Iidem
783 4903 1064 4958 describit
1130 4903 1408 4976 praevium
1476 4905 1726 4976 naupegi
1785 4904 1987 4961 horro-

335 4991 480 5042 rem,
515 4975 584 5029 ad
649 4980 1030 5047 conspectum
1098 4975 1245 5030 sacri
1317 4975 1700 5047 corporis’in
1769 4981 1987 5032 terram

334 5046 692 5120 procidentis
724 5062 789 5101 ac
821 5047 1215 5115 tremebundi,
1247 5046 1430 5102 donec
1469 5047 1751 5104 divinitus
1775 5051 1986 5104 confir-

337 5123 622 5175 meretur.

403 5192 478 5260 (ε)
513 5190 672 5262 Idem
703 5188 811 5244 bas
842 5193 961 5244 tam
997 5188 1283 5262 notabiles
1315 5189 1794 5247 circumstantias
1842 5209 1989 5262 prre-

335 5261 630 5324 termittit,
663 5278 730 5315 ex
761 5278 1010 5333 quarum
1043 5279 1159 5316 una
1183 5261 1470 5317 discimus
1494 5279 1608 5317 non
1641 5261 1872 5318 tantum
1907 5264 1991 5318 in-

341 5338 708 5404 corruptum,
759 5332 858 5389 sed
910 5332 1084 5388 etiam
1135 5334 1417 5389 membris
1465 5335 1742 5390 omnibus
1801 5335 1989 5390 ﬂexile

334 5404 776 5478 fuissecorpus
809 5410 1099 5478 sanctum.
1151 5406 1367 5460 Caetera
1413 5421 1540 5476 quae
1589 5407 1865 5478 deinceps
1890 5406 1989 5461 ille

332 5475 596 5531 transilit
626 5475 882 5545 plurima
913 5477 1193 5532 adnotare
1251 5475 1633 5547 praetermitto
1660 5496 1672 5533 :
1707 5480 1776 5533 ad
1798 5475 1988 5533 tinem

333 5547 487 5621 enim
522 5546 569 5621 c_i
606 5547 813 5601 exhinc
844 5546 1548 5620 praacipitatur’narratio,
1583 5567 1709 5621 quas
1750 5550 1986 5604 vixdum

334 5619 504 5691 nobis
523 5618 686 5691 bene
715 5627 922 5691 coepta.

403 5689 481 5762 (ἀ)
513 5687 711 5746 Italice
743 5687 823 5745 uri
849 5694 992 5746 certo
1022 5699 1205 5748 tamen
1229 5690 1413 5748 Greco.

2099 4670 2339 4727 interim
2363 4668 2657 4725 scribendi
2684 4667 2956 4724 Venetiae
3015 4667 3505 4741 signiﬁcandique
3549 4667 3754 4740 praedi-

2168 4834 2242 4913 (ς)
2273 4831 2450 4888 Addit
2480 4831 2848 4913 Hermolaus,
2883 4831 3100 4913 quod‘g
3125 4829 3302 4913 allato
3332 4831 3584 4904 caphino
3605 4829 3760 4886 inter

2100 4901 2350 4962 sericeas
2379 4908 2569 4959 vestes
2600 4902 2742 4958 illud
2769 4901 2952 4972 jussit
2981 4901 3272 4958 collocari.
3300 4923 3328 4951 »

2170 4976 2419 5056 (f)_Satis
2439 4973 3235 5056 apparet‘designari.locum
3283 4973 3388 5056 qui
3438 4972 3612 5030 hodie
3659 4973 3757 5056 ᾼντ

2100 5045 2292 5104 senate
2320 5045 2579 5114 vocat—ur,
2612 5051 2669 5101 et
2690 5045 2889 5102 lateris
2939 5045 3114 5100 istius
3146 5046 3300 5117 quod
3327 5061 3487 5101 mare
3535 5047 3762 5117 spectat

2098 5121 2218 5176 fere
2250 5123 2409 5175 tenet
2438 5117 2827 5190 umbilicum:
2885 5123 2950 5190 ut
2999 5115 3242 5190 proin—de
3296 5115 3758 5190 videatur—navis

2102 5197 2278 5272 antea
2307 5209 2422 5272 non
2456 5189 2627 5272 longe
2648 5190 2719 5272 ab
2753 5206 2830 5272 ea.
2850 5189 2978 5261 ripa
2999 5187 3270 5272 stetisse,
3303 5188 3464 5272 unde
3495 5187 3760 5268 proxime

2101 5264 2172 5319 ad
2205 5269 2261 5316 S.
2296 5259 2600 5318 Athanasii
2654 5259 2941 5332 templum
3001 5259 3472 5323 ascendebatur;
3520 5259 3758 5332 incuria

2103 5340 2300 5390 autem
2329 5333 2740 5407 gubernatoris
2778 5327 2990 5388 'solum
3022 5333 3094 5386 ad
3146 5348 3276 5407 eam
3309 5334 3533 5400 partem
3569 5327 3754 5385 fuisse

2101 5401 2402 5480 provecta,
2423 5421 2535 5480 que
2567 5405 2842 5460 Lavulaca
2871 5421 3027 5459 nunc
3056 5401 3405 5480 appellatur,

2101 5475 2118 5480 ’
2172 5478 2248 5548 (g)
2283 5475 2475 5532 Italica
2507 5477 2680 5531 bava:
2713 5492 2848 5530 cum
2908 5480 3106 5531 autem
3164 5475 3416 5545 nequeat
3445 5488 3617 5544 aqua,
3651 5487 3752 5527 ne-

2101 5549 2244 5603 dum
2277 5566 2509 5620 spuma,
2545 5547 2676 5602 navi
2709 5550 2940 5620 recepta
2995 5546 3182 5620 ipsam
3226 5543 3593 5620 immobilem
3626 5544 3752 5600 red-

2101 5564 2244 5603 Gllm
2277 5566 2509 5620 spuma,
2545 5565 2676 5602 nav1
2709 5564 2940 5617 recepta
2995 5564 3182 5627 ipsam
3226 5564 3593 5599 immoouem
3626 5564 3757 5600 1‘80-

2101 5623 2258 5686 dere,
2290 5619 2710 5692 superstitiosa;
2730 5618 2994 5692 alicujus
3015 5626 3174 5692 inter
3232 5625 3444 5692 nautas
3483 5616 3757 5674 observa-

2100 5692 2280 5750 tionis
2308 5687 2569 5765 suspicio
2600 5689 2747 5748 mihi
2776 5706 2845 5746 ex
2874 5687 2985 5748 hoc
3015 5688 3141 5747 loco
3173 5687 3462 5747 nascitur.
