4160 6430
1542 424 1645 489 DE
1689 421 1951 491 CULTU
1994 419 2059 487 S.
2106 420 2558 491 ATHANASII.

3518 432 3757 491 ccum

338 552 444 613 ctis
496 552 849 617 dominabus
896 561 1118 616 Sanctae
1164 560 1366 618 Crucis
1415 560 1472 617 in
1518 562 1778 635 Judaica,
1812 562 1983 634 quale
2014 566 2065 629 Α
2100 561 2513 618 minutioribus
2530 560 2990 619 circumstantiis
3018 559 3755 635 tonsorilleinterrogatus

339 663 549 703 munus
582 648 667 703 eis
716 650 933 705 donare
964 650 1154 718 vellet,
1188 668 1399 723 corpus
1447 651 1714 707 videlicet
1745 653 1982 725 gloriosi

337 738 390 790 Β.
422 737 728 793 Athanasii
765 755 776 791 :
812 739 949 810 ipsae
981 756 1113 794 vero
1150 757 1272 794 rem
1315 744 1499 795 totam
1533 741 1867 797 indicarunt
1898 758 1985 797 re-

334 825 754 882 verendissimo
806 829 1045 883 domino
1079 830 1419 900 patriarchae
1472 832 1760 886 Mozenico
1804 831 1986 886 Justi-

335 915 510 969 niano
540 916 639 986 (a).
671 918 778 982 Qui
811 934 877 972 ea
912 917 1206 974 intellecta
1238 920 1395 974 dedit
1419 937 1653 992 operam
1689 938 1790 992 per
1822 938 1985 975 meu-

335 1020 456 1059 sem
492 1005 898 1074 Februarium,
933 1012 997 1061 ut
1030 1007 1375 1079 priusquam
1408 1010 1685 1080 praedicta
1718 1012 1882 1065 navis
1917 1010 1987 1065 ad

336 1109 439 1147 nos
471 1093 808 1165 appelleret,
842 1095 1204 1151 inveniretur
1248 1097 1461 1169 aliquis
1496 1099 1989 1170 Constantinopo-

335 1180 651 1237 litanarum
684 1201 881 1239 rerum
913 1186 1156 1255 peritus,
1183 1203 1215 1241 a
1247 1204 1360 1257 quo
1395 1187 1593 1242 haberi
1628 1192 1785 1242 certa
1818 1188 1991 1243 infor-

336 1271 515 1327 matio
548 1277 747 1343 posset
777 1291 879 1345 pro
912 1274 1264 1345 exploranda
1317 1278 1555 1331 veritate
1598 1277 1769 1331 istius
1800 1278 1988 1332 sancti

336 1361 619 1431 corporis.
653 1362 961 1435 Divulgata
993 1369 1187 1418 autem
1223 1382 1325 1437 per
1358 1366 1560 1421 urbem
1595 1367 1771 1437 fama,
1797 1383 1988 1438 reper-

334 1452 431 1504 tus
463 1455 555 1505 est
586 1451 828 1522 quidam
861 1452 1140 1525 magister
1169 1454 1444 1523 Jacobus,
1472 1456 1832 1526 professione
1862 1460 1990 1510 ton-

336 1554 452 1605 sor,
486 1539 715 1612 origine
737 1540 1129 1614 Venetus,qui
1161 1543 1299 1597 totis
1325 1545 1643 1599 octodecim
1676 1545 1845 1600 annis
1868 1546 1990 1599 fue-

335 1635 421 1683 rat
450 1628 964 1703 ConstantinOpoli
996 1630 1393 1687 commoratus
1420 1649 1432 1687 :
1467 1633 1773 1705 ipsiusque
1805 1635 1994 1689 sancti

335 1719 595 1789 corporis
639 1718 924 1790 optimam
975 1737 1036 1775 se
1068 1720 1296 1776 dicebat
1344 1722 1557 1778 habere
1604 1723 1892 1790 notitiam,
1925 1739 1991 1778 eo

335 1807 511 1878 quod,
548 1824 684 1862 cum
734 1814 888 1864 esset
936 1809 1437 1866 familiarissimus
1488 1811 1755 1885 calogero
1804 1812 1992 1884 ipsius

334 1895 611 1964 ecclesiae,
639 1897 696 1951 in
730 1914 844 1969 quo
878 1898 1072 1969 ipsum
1105 1900 1462 1971 servabatur,
1485 1900 1629 1956 illud
1661 1902 1995 1972 frequenter
2024 1940 2071 2004 Β

335 1984 711 2056 inspexisset.

404 2075 422 2109 ί
452 2075 623 2131 Hunc
665 2092 801 2148 ergo
851 2077 1109 2133 arcersiit
1164 2077 1515 2149 patriarcha,
1549 2085 1604 2135 et
1631 2085 1796 2136 caute
1827 2080 1997 2152 coepit

338 2165 697 2231 examinare,
730 2167 1098 2238 interrogans
1144 2167 1332 2239 primo
1386 2169 1456 2223 de
1499 2171 1734 2241 regione
1767 2186 1779 2225 :
1817 2186 1994 2242 quam

336 2252 430 2308 ille
463 2255 787 2326 respondit,
836 2256 1231 2328 Ixirolaphum
1265 2258 1340 2328 (ὁ)
1394 2259 1720 2331 nuncupari
1755 2260 1945 2315 Graece
1979 2278 1991 2315 :

334 2341 433 2396 ubi
485 2347 578 2397 est
628 2343 904 2399 columna
962 2346 1250 2411 atissima,
1290 2346 1521 2418 sculpta
1575 2348 1645 2419 (c)
1695 2348 1848 2402 sicut
1894 2347 1997 2403 illa

336 2446 464 2503 qua:
492 2436 689 2487 Roma:
720 2432 964 2500 visitur;
999 2439 1055 2489 et
1085 2450 1153 2489 ex
1184 2451 1301 2489 una
1332 2436 1569 2507 quidem
1602 2442 1765 2509 parte
1795 2442 1883 2492 est
1908 2436 1993 2493 lo-

335 2537 437 2577 cus
470 2521 576 2594 qui
625 2522 963 2577 nominatur
995 2524 1262 2579 Christus
1309 2524 1369 2579 in
1401 2541 1592 2593 cruce,
1626 2543 1695 2581 ex
1724 2526 1907 2582 altera
1936 2529 1991 2579 S.

334 2611 719 2677 Athanasius,
753 2616 910 2667 totus
938 2618 1136 2668 autem
1168 2613 1331 2670 locus
1364 2615 1578 2670 dicitur
1610 2615 1993 2687 Ixirolaphus.

336 2700 611 2763 Quaesivit
641 2700 851 2757 deinde
882 2702 1409 2759 reverendissimus
1454 2705 1787 2776 patriarcha
1818 2722 1997 2776 quan-

334 2793 461 2846 tum
494 2790 572 2844 ab
603 2807 670 2846 eo
722 2791 848 2846 loco
880 2792 1166 2847 distarent
1217 2794 1341 2849 fora
1377 2794 1493 2864 (d);
1528 2796 1829 2867 respondit
1877 2793 1994 2865 ille,

338 2879 407 2935 ad
451 2879 571 2934 duo
615 2879 705 2937 vel
735 2881 848 2935 tria
879 2898 1164 2953 passuum
1217 2882 1423 2938 millia.
1458 2885 1605 2938 Tum
1641 2884 1993 2955 patriarcha,

342 2990 372 3020 «
403 2973 494 3023 An
528 2969 708 3024 etiam
744 2969 869 3025 alia;
900 2970 979 3026 ibi
999 2975 1163 3026 erant
1186 2970 1482 3028 ecclesiae?
1503 3006 1568 3013 —
1600 2974 1729 3041 Sex,
1752 2990 1995 3044 respou-

338 3078 367 3107 «
399 3057 485 3112 dit
517 3057 639 3123 ille,
662 3057 750 3113 vel
785 3064 1031 3131 septem,
1054 3061 1152 3115 sed
1178 3060 1450 3131 ruinosae,
1472 3061 1622 3118 inter
1652 3080 1799 3135 quas
1816 3063 1993 3116 etiam

340 3167 369 3196 «
398 3146 649 3203 ecclesia
669 3151 725 3203 S.
746 3148 1254 3220 Athanasiizcujus
1277 3166 1487 3221 corpus
1508 3151 1726 3205 ibidem
1750 3151 1993 3206 habere—

340 3256 368 3285 «
402 3241 567 3291 retur
596 3236 655 3291 in
689 3237 913 3309 capella
933 3248 1205 3310 cooperta
1236 3238 1667 3310 plumbo,intra
1696 3258 1891 3295 arcam
1924 3239 1992 3294 li-

2099 652 2419 722 respondit,
2440 670 2568 723 quae
2595 652 2896 724 sigillatim
2920 652 3015 708 hic
3038 668 3339 708 recensere
3370 651 3753 724 praetermitto

2097 740 2399 795 brevitatis
2438 742 2631 796 studio
2663 742 2758 813 (ε).

2172 852 2199 879 α
2234 830 2343 884 Sed
2380 835 2738 885 revertamur
2756 831 2825 885 ad
2860 831 3214 901 navim,quae
3245 828 3757 901 Constantinopoli

2100 918 2349 985 solvens,
2386 937 2520 973 cum
2575 920 2781 975 itinere
2813 937 3087 993 prospero
3128 920 3462 975 Methonem
3507 920 3582 993 (Γ)
3609 936 3754 991 prae-

2101 1008 2516 1076 terveheretur,
2551 1010 2685 1063 visae
2720 1014 2858 1064 sunt
2907 1011 3135 1065 obviam
3166 1009 3364 1064 venire
3396 1009 3526 1064 dua:
3555 1025 3753 1076 naves,

2102 1113 2249 1167 quas
2280 1096 2631 1152 Venetorum
2654 1115 2779 1154 esse
2801 1099 2909 1154 rati
2932 1102 3375 1170 nautae,magna
3396 1114 3530 1153 cum
3558 1096 3760 1152 laetitia

2100 1190 2523 1256 exspectavere,
2576 1192 2877 1258 sperantes
2921 1187 3144 1258 aliquid
3196 1204 3351 1242 novae
3399 1186 3479 1241 rei
3530 1202 3599 1241 ex
3638 1185 3755 1241 illis

2102 1274 2323 1328 discere
2354 1276 2424 1330 de
2454 1275 2841 1331 familiaribus
2872 1276 3016 1344 suis,
3050 1282 3115 1331 ut
3144 1276 3268 1331 ﬁeri
3300 1276 3553 1331 assolet:
3579 1292 3758 1348 appa—

2102 1364 2220 1417 ruit
2252 1364 2458 1419 deindc
2489 1365 2667 1419 etiam
2696 1365 2857 1420 navis
2888 1366 3060 1420 tertia
3093 1383 3105 1420 :
3140 1366 3356 1437 quibus
3388 1366 3631 1437 propius
3665 1365 3754 1421 fa-

2102 1453 2209 1507 ctis
2240 1453 2535 1524 cognitum
2564 1458 2651 1509 est
2682 1452 3090 1509 Catalanorum
3113 1471 3212 1509 eas
3240 1470 3369 1510 esse
3390 1470 3586 1521 naves,
3620 1454 3753 1525 qui-

2102 1540 2213 1596 bus
2244 1543 2439 1597 nescio
2472 1544 2573 1615 qui
2601 1543 2692 1598 via
2724 1543 3056 1599 innotuerat
3106 1544 3160 1597 S.
3195 1542 3505 1598 Athanasii
3537 1559 3755 1615 corpus

2102 1647 2172 1686 ea
2202 1631 2329 1685 navi
2361 1632 2513 1699 vehi,
2538 1634 3043 1703 quemadmodum
3066 1649 3135 1687 ex
3164 1636 3295 1704 post
3326 1631 3542 1687 secutis
3573 1648 3756 1704 appa-

2103 1720 2240 1773 ruit.
2274 1719 2492 1775 Verum
2525 1722 2873 1793 disponente
2903 1721 2987 1777 sic
3014 1722 3130 1777 Deo
3162 1722 3382 1777 factum
3411 1725 3520 1790 est,
3555 1726 3620 1776 ut
3649 1720 3756 1776 ali-

2104 1812 2323 1878 quanto
2356 1809 2508 1864 infra
2536 1813 2729 1864 navim
2758 1810 3044 1866 Venetam
3076 1809 3437 1881 appellentes
3472 1808 3606 1880 illa,
3640 1826 3756 1866 non

2104 1899 2397 1969 potuerint
2422 1900 2534 1971 ipsi
2567 1916 2629 1954 se
2660 1898 2953 1971 applicare
3002 1904 3126 1954 tam
3176 1915 3356 1971 prope
3390 1916 3566 1971 quam
3595 1898 3758 1955 vole-

2107 1988 2270 2056 bant,
2295 1989 2366 2044 ad
2402 1989 2511 2044 hoc
2536 1994 2600 2043 ut
2630 2004 2841 2061 corpus
2862 1993 3133 2044 sanctum
3157 1989 3450 2060 eriperent
3477 1988 3757 2060 Venetiis,

2106 2077 2253 2132 nihil
2286 2078 2483 2133 minus
2506 2095 2682 2150 quam
2718 2078 2872 2149 quod
2898 2078 3158 2133 Catalani
3190 2077 3631 2133 meditabantur
3660 2094 3760 2133 su-

2104 2167 2490 2237 spicantibus.
2516 2169 2780 2238 Cumque
2801 2167 3072 2239 sequenti
3104 2171 3271 2223 nocte
3301 2166 3571 2223 solvisset
3592 2167 3759 2222 navis

2104 2257 2343 2322 Veneta,
2371 2256 2483 2312 iter
2530 2274 2705 2311 suum
2757 2260 3160 2328 prosecutura,
3194 2255 3448 2328 litigium
3484 2272 3660 2327 super
3691 2272 3760 2311 ea

2105 2364 2165 2402 re
2197 2363 2478 2419 magnum
2502 2345 2725 2401 exstitit
2745 2345 2899 2401 inter
2928 2344 3261 2416 Catalanos,
3280 2344 3542 2415 elapsam
3565 2362 3595 2399 e
3627 2361 3756 2400 ma-

2105 2436 2279 2491 nibus
2312 2436 2503 2490 navim
2534 2435 2816 2490 Venetam
2836 2434 3222 2506 conspicatos,
3257 2434 3757 2505 quemadmodum

2105 2530 2305 2597 postea
2335 2525 2570 2580 Venetis
2601 2530 2755 2580 certo
2786 2524 3045 2579 innotuit
3075 2541 3177 2596 per
3217 2524 3502 2595 ipsosmet
3531 2521 3757 2579 Catala-

2105 2633 2232 2685 nos,
2259 2614 2359 2687 qui
2392 2615 2464 2669 iis
2517 2614 2761 2669 navibus
2814 2613 3195 2681 vehebantur,
3231 2618 3403 2683 atque
3434 2611 3667 2684 appulsi
3698 2611 3757 2666 in

2104 2705 2508 2762 Catalauniam
2585 2704 3087 2760 commorantibus
3145 2703 3279 2759 istic
3336 2701 3761 2758 mercatoribus

2102 2794 2339 2851 Venetis
2374 2798 2757 2850 uarraverunt
2810 2811 2938 2865 qua:
2970 2793 3340 2866 contigerant
3372 2791 3431 2847 in
3481 2791 3577 2847 via
3609 2792 3762 2848 circa

2111 2884 2384 2939 Venetam
2417 2901 2619 2939 navem
2632 2927 2644 2938 .

2182 2995 2202 3023 α
2239 2974 2369 3028 Haec
2399 2990 2533 3045 ergo
2566 2990 2668 3045 per
2697 2973 2797 3028 Dei
2820 2972 3071 3044 gratiam
3103 2976 3160 3026 et
3190 2972 3387 3027 Sancti
3418 2971 3509 3027 sui
3542 2969 3757 3025 merita

2104 3062 2188 3118 sic
2218 3061 2462 3117 liberata
2496 3062 2553 3116 in
2604 3061 2833 3117 Istriam
2884 3060 3129 3133 appulit,
3164 3061 3264 3116 ubi
3296 3059 3625 3116 navarchus
3656 3075 3759 3115 ex-

2104 3151 2470 3207 scensionem
2505 3152 2637 3207 fecit
2666 3156 2722 3205 et
2770 3150 3041 3205 Venetiae
3069 3149 3226 3204 venit
3260 3164 3273 3205 :
3307 3149 3436 3220 ipsa
3466 3148 3599 3203 dein
3634 3147 3762 3203 vela

2104 3241 2239 3295 fecit
2268 3257 2467 3294 versus
2510 3245 2763 3311 portum,
2800 3237 3044 3293 notabili
3093 3238 3282 3309 spatio
3315 3236 3455 3292 foris
3486 3239 3646 3292 extra
3676 3235 3761 3290 fu-

341 3345 370 3374 «
398 3342 612 3397 gneam
643 3330 700 3381 et
730 3327 1011 3398 pictam.»
1050 3329 1448 3400 Interrogatus
1470 3346 1543 3383 an
1575 3328 1773 3400 aliqua
1803 3330 1860 3383 in
1886 3329 1991 3384 ho-
2022 3313 2064 3379 C
2104 3345 2233 3383 eam
2265 3328 2364 3399 (g).
2394 3328 2474 3381 Ad
2508 3344 2635 3382 eam
2659 3327 2738 3382 ibi
2762 3326 3179 3381 consistentem
3202 3323 3527 3380 navarchus
3553 3322 3751 3390 rediit,

337 3430 473 3470 nore
506 3415 702 3487 ipsum
738 3432 951 3487 corpus
993 3416 1073 3471 ibi
1106 3422 1282 3482 esset,
1318 3418 1639 3489 respondit,
1676 3435 1803 3474 esse
1834 3419 1988 3491 apud

338 3502 666 3560 Catholicos
696 3504 948 3577 aliquos.
972 3506 1055 3560 Ad
1078 3506 1193 3561 alia
1224 3506 1474 3579 denique
1496 3508 1683 3563 multa
1713 3508 1784 3563 de
1812 3510 1990 3563 variis

405 3630 484 3702 (α)
512 3630 705 3705 Nemo,
727 3630 878 3705 alius
909 3631 1001 3705 hic
1035 3629 1282 3705 intelligi
1314 3635 1523 3705 potest,
1557 3649 1734 3703 quam
1764 3634 1991 3705 primus

336 3700 568 3775 Veneta:
624 3703 787 3758 urbis
832 3703 1178 3775 patriarcha,
1315 3700 1485 3757 infra
1536 3700 1786 3773 dicitur}
1822 3713 1877 3761 et
1929 3713 1993 3762 ut

340 3774 577 3847 proprio
606 3791 742 3847 eum
767 3774 1002 3830 nomine
1037 3774 1398 3841 llermolaus,
1424 3776 1521 3847 qui
1548 3777 1766 3847 Optime
1801 3785 1989 3845 norat,

341 3844 615 3917 appellat,
649 3845 713 3901 B.
749 3847 1091 3901 Laurentius
1138 3844 1532 3912 Justinianus,
1568 3844 1700 3902 eum
1752 3844 1991 3905 titulum

340 3924 694 3973 consecutus
726 3935 760 3972 a
788 3919 1022 3973 Nicolao
1057 3922 1101 3971 V
1135 3935 1288 3973 anno
1340 3921 1495 3985 1451,
1529 3925 1584 3973 et
1611 3921 1729 3975 vita
1757 3922 1992 3977 functus

340 4005 493 4044 anno
546 3990 705 4055 1455,
739 3992 772 4043 8
812 3990 1099 4055 Januarii,
1134 3989 1218 4043 uti
1269 4007 1337 4045 ex
1389 3990 1684 4061 epiphatio
1745 4000 1990 4049 constat.

341 4060 595 4132 ideoque
624 4061 788 4132 initio
830 4062 1005 4127 hujus
1036 4061 1312 4126 historia),
1351 4060 1448 4116 ubi
1485 4060 1794 4119 notabatur
1824 4067 1992 4121 abso-

341 4130 701 4206 luteimensjs
724 4132 1191 4206 Decemberanni
1208 4135 1366 4206 1454,
1383 4135 1573 4206 posui,
1594 4158 1619 4184 ι(
1644 4137 1753 4190 sub
1772 4154 1993 4191 annum

342 4203 501 4274 1454,
520 4226 549 4253 ››
575 4220 608 4258 a
627 4203 905 4260 Januario
926 4205 1144 4260 scilicet
1166 4203 1428 4275 proxim—0
1448 4206 1864 4263 inchoandum.
1886 4210 1992 4265 Ne-

340 4291 453 4352 que
488 4276 649 4352 enim
681 4276 803 4352 alia
825 4292 891 4332 eo
918 4277 1143 4352 vivente
1176 4276 1297 4352 geri
1328 4278 1677 4347 potuissent,
1699 4295 1831 4352 quae
1863 4298 1994 4352 pro-

336 4345 496 4401 ximo
526 4348 867 4420 Februario,
892 4348 1156 4420 Apriliet
1177 4345 1516 4420 Maio—gesta
1537 4366 1666 4404 esse
1693 4345 1845 4406 infra
1863 4345 1997 4406 har-

340 4424 569 4472 rantur.
601 4419 714 4491 Sed
751 4419 1043 4490 quomOdo
1077 4419 1171 4475 hic
1204 4419 1489 4491 Moce’nigi
1514 4438 1724 4476 nomen
1759 4424 1998 4478 additur

338 4490 678 4561 cognomini
711 4491 1053 4558 Justiniani,
1082 4509 1199 4546 non
1231 4490 1525 4547 Laurentii
1548 4498 1569 4547 Ρ
1592 4501 1677 4546 An
1711 4511 1777 4548 ex
1808 4496 1995 4550 Mece-

334 4561 472 4632 niga
503 4562 731 4616 familia
762 4563 874 4618 fuit
905 4568 1096 4619 mater
1133 4564 1423 4627 Quirina?
1454 4570 1519 4618 ut
1550 4563 1730 4635 hujus
1762 4583 1996 4638 quoque

335 4648 664 4705 cognomen
693 4650 828 4707 eum
862 4640 1509 4707 paternocognomento
1542 4640 1888 4707 usurparit?
1921 4656 1993 4692 an

338 4720 654 4776 verogens
684 4706 1073 4762 Justinianasa
1103 4706 1160 4760 in
1195 4708 1342 4761 duos
1373 4706 1559 4761 divisa
1582 4706 1797 4775 ramos,
1818 4711 1997 4764 altero

338 4775 804 4849 nomineaddito
855 4778 1374 4849 distinguebatur?
1404 4778 1691 4833 Veneticze
1725 4781 1994 4835 nobilita-

338 4848 416 4921 tis
439 4847 723 4921 studiosis
746 4847 1237 4904 considerandum
1264 4850 1371 4904 hoc
1400 4849 1666 4921 relinquo
1692 4869 1704 4906 :
1735 4854 1818 4907 sic
1841 4853 1994 4907 enim

340 4917 498 4993 clare
529 4920 808 4993 scribitur
840 4940 855 4993 ς
892 4943 917 4972 α
950 4920 1288 4993 laSignoria
1318 4917 1698 4993 reverendiss.
1725 4925 1794 4979 de
1827 4941 1996 4979 mon-

341 4990 546 5064 signor
575 4992 911 5063 patriarcha
941 4990 1239 5064 Mozenigo
1270 4992 1626 5048 Giustinian.
1667 5018 1693 5043 ››

409 5061 486 5139 (λὺ)
521 5061 693 5119 Recte
723 5081 950 5139 a_c_vere
980 5061 1334 5139 Ξηρόλόφος,
1371 5064 1425 5118 id
1474 5071 1562 5119 est
1592 5067 1790 5121 Aridus
1816 5065 1994 5121 collis.

339 5131 443 5188 Est
474 5138 670 5209 autem
704 5131 1395 5209 _ultimusiet‘_'ma3£imus
1427 5153 1457 5190 e
1502 5141 1745 5207 septem,
1782 5138 1997 5209 quibus

344 5207 670 5278 secundum
701 5207 986 5278 Bosphori
1037 5207 1203 5262 littus
1253 5212 1548 5278 spectatur
1590 5207 1815 5263 civitas'
1840 5209 2000 5264 velut

340 5275 573 5332 vallata.
612 5275 901 5334 Describit
940 5296 1073 5334 eum
1104 5275 1371 5333 accurate
1403 5283 1610 5335 Petrus
1643 5281 1849 5335 Gillius
1881 5281 1986 5336 lib.

341 5363 397 5423 iv
426 5349 500 5403 De
553 5350 918 5421 tapographia
975 5351 1607 5423 Consumtigwpolitana,
1641 5370 1766 5423 cap.
1814 5354 1847 5405 7
1880 5369 1891 5407 :
1930 5353 1996 5406 li-

340 5417 746 5494 broautem'l,
776 5417 908 5494 cap.
937 5424 1021 5489 18,
1042 5423 1143 5494 ait,
1164 5445 1189 5469 «
1222 5417 1355 5492 plus
1388 5417 1655 5494 minusve
1684 5417 1996 5479 duodecim

340 5490 525 5568 millia
558 5490 928 5568 passuum-in
962 5490 1651 5568 circuitu—complectuac
1683 5496 1997 5568 plusquam

338 5563 569 5636 tertiam
603 5565 769 5619 urbis
802 5571 1028 5636 partem
1062 5565 1395 5630 continere;
1432 5587 1459 5612 ››
1487 5567 1587 5620 sed
1621 5563 1698 5622 ea'
1716 5563 1872 5623 haud
1901 5569 2001 5621 du-

338 5632 437 5708 bio
466 5633 655 5708 laxior
682 5632 945 5708 acceptio
976 5642 1085 5693 est.

410 5704 481 5783 (ε)
514 5707 703 5762 Etiam
738 5704 918 5783 hujus
952 5709 1258 5775 columna),
1291 5722 1467 5783 quam
1496 5712 1783 5783 Arcadius
1816 5712 2001 5783 impe-

339 5781 498 5833 rator
526 5778 833 5851 exstruxit,
868 5784 924 5836 et
956 5785 1152 5837 statua
1181 5795 1290 5836 sua
1320 5778 1573 5851 desuper
1605 5778 2001 5839 collocata'or-

2100 3434 2235 3472 cum
2267 3418 2499 3471 duobus
2544 3415 2852 3487 nepotibus
2885 3432 2951 3469 ac
3000 3414 3189 3470 tribus
3237 3411 3474 3468 famulis
3508 3411 3634 3467 suis
3688 3410 3749 3465 in

2099 3506 2325 3579 cymba,
2361 3505 2557 3561 salvus
2607 3505 2868 3576 quidem,
2903 3504 3001 3560 sed
3038 3521 3151 3559 non
3203 3502 3328 3558 sine
3357 3501 3575 3568 labore,
3610 3499 3753 3572 quia

2101 3632 2277 3699 navit,
2310 3632 2743 3687 exactissimam
2775 3629 3228 3701 descriptionem
3258 3627 3433 3683 habet
3461 3625 3617 3701 idem
3640 3625 3755 3682 Gil-

2100 3704 2214 3759 lius
2247 3696 2400 3757 dicto
2423 3706 2550 3780 jam
2600 3703 2715 3780 lib._
2735 3721 2809 3767 1v,
2843 3696 3058 3780 cap._'7.
3093 3702 3194 3756 Est
3240 3707 3435 3780 autem
3469 3696 3753 3780 columnae

2100 3792 2309 3846 scapus,
2346 3770 2612 3830 ut'idcm
2668 3775 2766 3839 ait,
2807 3797 2826 3821 α
2867 3770 3149 3846 scalptus
3178 3770 3395 3842 pugnis
3447 3770 3661 3846 variis;
3694 3773 3753 3823 et

2102 3841 2400 3917 scalptura
2429 3846 2690 3919 procedit
2710 3847 2770 3919 in
2804 3841 3043 3919 modum
3070 3841 3375 3919 columnae,
3402 3858 3533 3919 quae
3555 3841 3751 3896 Roma:

2098 3912 2350 3988 Traj'ano
2381 3912 2548 3973 sacra
2576 3922 2683 3987 est,
2719 3918 2870 3972 inter
2912 3917 3086 3972 elices
3118 3916 3285 3970 binas
3316 3912 3562 3969 ccchleaa
3594 3928 3757 3967 more

2103 3996 2489 4065 surgentes.»
2556 4061 2570 4065 _
2690 4060 2724 4065 η
3070 4061 3079 4065 _
3254 4058 3282 4065 Α
3477 4054 3487 4065 _

2176 4057 2256 4133 (ἆ)
2285 4062 2497 4136 _ltalice_
2517 4060 2820 4136 pluraliter
2843 4060 2992 4115 dalle
3013 4061 3180 4136 pictae
3205 4074 3217 4111 :
3247 4057 3524 4136 Quamvis
3547 4057 3754 4136 autem

2104 4129 2348 4209 singulas
2382 4129 2646 4205 regiones
2679 4134 2843 4187 urbis
2874 4150 2982 4209 sua
3013 4129 3294 4209 haberent
3332 4129 3753 4209 fora,_ei.qu'ae-

2104 4198 2238 4259 dam
2270 4198 2799 4279 plurafunumque
2824 4208 2981 4279 esset
3003 4201 3362 4279 nominatius
3386 4198 3758 4279 pateﬁere-

2104 4294 2235 4331 rum
2271 4273 2755 4350 ‘antonomastice
2805 4276 3054 4341 dictum,
3104 4273 3249 4328 alias
3296 4273 3757 4350 a_Constantino

2104 4353 2340 4403 auctore
2367 4347 2723 4418 appellatum
2742 4366 2753 4402 :
2772 4350 3011 4418 apparet
3028 4339 3227 4418 tamen
3250 4347 3474 4418 certum
3498 4339 3757 4418 aliquem

2104 4364 2340 4403 auatore
2367 4364 2723 4418 appellatum
2742 4366 2753 4402 ζ
2772 4364 2802 4401 8.
2852 4364 3011 4417 paret
3033 4364 3227 4400 tamen
3250 4364 3408 4398 certu
3420 4364 3474 4396 tu
3498 4364 3757 4411 umquam

2104 4420 2298 4474 locum
2351 4420 2617 4491 intelligi,
2654 4420 2711 4472 in
2765 4364 2934 4491 prura
2980 4416 3236 4491 divisum
3281 4415 3429 4491 fora,
3464 4412 3619 4491 unde
3657 4412 3757 4491 de:

2103 4491 2420 4546 terminata
2448 4482 2643 4564 posset
2674 4482 3167 4564 distantia_accipi
3194 4505 3206 4564 ;_
3240 4489 3297 4540 et
3322 4485 3477 4564 hunc
3506 4485 3649 4553 puto
3684 4482 3759 4563 ad

2106 4565 2292 4634 ripam
2326 4556 2604 4633 Bosphori
2640 4556 3282 4634 concipiendumfextra
3327 4556 3491 4634 urbis
3521 4556 3759 4634 mcenia,

2107 4628 2203 4688 ubi
2222 4628 2466 4705 singulae
2485 4628 2948 4705 nationessuum
2968 4628 3313 4705 distinctum
3330 4628 3521 4681 forum
3545 4630 3601 4679 et
3623 4640 3758 4679 con-

2029 4691 2075 4754 D
2108 4691 2421 4777 sequenter
2439 4706 2614 4761 etiam
2638 4702 2947 4758 stationem
2980 4701 3263 4777 haberent
3282 4715 3416 4754 cum
3432 4713 3580 4777 suas
3609 4711 3760 4751 mer-

2108 4770 2208 4832 ces
2233 4794 2443 4831 venum
2462 4778 2832 4846 exponerent,
2853 4778 2914 4827 ut
2934 4772 3152 4846 passim
3170 4771 3229 4846 in
3249 4770 3480 4846 magnis
3504 4770 3761 4846 ad_mare

2108 4853 2207 4903 aut
2240 4850 2485 4923 flumina
2515 4839 2737 4923 laxaria
2766 4839 3044 4923 emporiis
3076 4843 3199 4898 fieri
3230 4839 3452 4923 scimus
3478 4839 3762 4923 ;.adeo.ut

2150 4920 2461 4993 roprieliic
2513 4918 2874 4993 intelligatur
2903 4916 3043 4993 peti,
3077 4918 3430 4993 quantuma
3461 4916 3591 4993 ripa
3637 4916 3761 4992 sive

2150 4937 2340 4991 roprie
2371 4937 2461 4975 mc
2513 4937 2874 4989 intelligatur
2903 4937 3043 4988 pen,
3077 4937 3366 4987 quantum
3396 4937 3430 4968 υ.
3462 4937 3506 4966 τι
3557 4937 3591 4966 u.
3637 4937 3757 4992 διγυ

2107 4937 2299 5047 littore
2333 4991 2578 5046 distaret
2620 4992 2677 5045 S.
2710 4989 3011 5045 Athanasii
3041 4985 3306 5057 ecclesia,
3340 4984 3460 5040 sive
3503 4937 3668 5039 focus
3699 4999 3757 5037 in

2108 5061 2774 5136 quostabatcolumna.
2876 5131 2885 5136 _
3018 5126 3188 5136 __
3315 5128 3349 5136 η
3497 5123 3547 5136 ﬂ

2204 5140 2250 5197 θ)
2287 5136 2490 5189 Totam
2541 5134 2690 5188 hanc
2722 5129 3058 5201 inquirendi
3088 5126 3453 5201 diligentiam
3497 5123 3760 5202 Venetiis

2109 5197 2457 5279 adhibitam,
2489 5210 2544 5279 et
2593 5222 2721 5277 quae
2775 5197 3047 5279 deinceps
3097 5197 3427 5279 sequuntur
3470 5197 3761 5279 adusapcti

2110 5278 2372 5344 corporis
2419 5268 2721 5333 veritatem
2775 5268 3297 5344 comprobandam,
3329 5268 3588 5326 transilit
3619 5269 3761 5320 Her-

2111 5366 2547 5491 m?;il‘lifethone
2582 5416 2881 5491 Messenios
2903 5432 3012 5491 ora:
3046 5414 3186 5491 urbs
3218 5410 3557 5491 antiqua,in
3586 5410 3768 5463 extre-

2111 5485 2210 5545 ma
2240 5491 2656 5563 PeIOponueso,
2683 5490 2781 5544 ubi
2816 5485 3269 5557 Archipelagum
3295 5490 3485 5563 totum
3516 5494 3767 5563 emensa)

2110 5579 2286 5618 naves
2319 5556 2681 5618 Adriaticum
2716 5576 2876 5615 mare
2907 5556 3110 5613 versus
3140 5573 3382 5612 cursum
3415 5556 3644 5610 ﬂectere
3676 5556 3767 5606 in-

2111 5640 2510 5777 elizyjlittalice,
2544 5720 2694 5760 verso
2725 5704 2776 5757 et
2819 5705 2971 5778 porto
3002 5698 3280 5778 dz:fu_orq._
3297 5696 3621 5778 detlacha
3660 5710 3765 5778 un:

2113 5765 2289 5849 θνὰῆιί
2313 5765 2509 5849 petito:
2534 5800 2561 5825 «
2595 5778 2785 5832 Locus
2812 5765 2912 5846 qui
2951 5765 3124 5827 hodie
3154 5770 3210 5825 1a
3238 5770 3405 5839 Fose,
3437 5766 3676 5836 dicitur,
3708 5765 3768 5819 et
