4160 6382
396 426 661 494 cctxvm

1791 424 2406 497 PROLEGOMENA.

3690 417 3808 472 ΓΞ

391 565 601 620 ventus
656 558 1056 621 vehementior
1099 559 1449 622 insurrexat.
1507 562 1793 622 Dominus
1847 570 2042 622 autem
2075 574 2126 639 Α
2157 583 2321 638 gum,
2346 566 2501 623 unde
2528 580 2740 639 corpus
2770 561 2915 621 illud
2948 555 3440 627 sustulisset.Qui
3472 558 3808 634 respondit,

394 652 730 726 patriarcha
756 653 1089 725 intelligens
1138 656 1439 711 advenisse
1472 656 1687 725 navim,
1724 655 1938 711 auferri
1971 656 2043 709 ab

394 759 465 799 ea
516 748 785 797 sanctum
839 760 1048 814 corpus
1071 744 1256 814 jussit
1292 762 1303 799 :
1339 746 1437 798 sed
1483 744 1620 815 quia
1656 744 2047 799 invalescebat

388 836 618 898 ventus,
635 848 783 903 opus
814 832 924 886 fuit
940 832 1167 887 mittere
1188 834 1513 888 onerariam
1538 833 1925 888 robustiorem
1946 833 2043 903 (τι),

390 924 448 977 et
477 921 599 975 haec
629 920 757 993 ipsa
801 920 899 976 ubi
932 921 988 976 in
1026 922 1169 977 mari
1204 923 1311 976 fuit
1356 922 1620 978 nonnulli
1655 941 1723 977 ex
1754 922 2046 978 navicula-

394 1009 499 1064 riis
550 1026 830 1065 nauseam
886 1011 1002 1082 pati
1054 1016 1373 1082 cmperunt,
1427 1012 1522 1066 alii
1576 1018 1772 1067 autem
1823 1009 2047 1066 turbari

394 1103 631 1171 propter
674 1099 1013 1155 violentiam
1059 1101 1446 1173 tempestatis.
1481 1101 1625 1156 Cum
1659 1105 1855 1155 autem
1889 1116 2046 1154 aces-

395 1192 600 1243 serunt
628 1187 700 1243 ad
733 1189 1235 1256 navim,viderunt
1262 1191 1531 1262 cymbam
1566 1189 1837 1244 navarchi
1863 1190 2047 1244 abna-

391 1276 624 1348 vigasse
656 1293 786 1331 cum
819 1284 1021 1333 saneto
1053 1294 1323 1350 corpore;
1347 1278 1595 1350 ideoque
1618 1283 1823 1334 mutuo
1849 1294 1909 1332 se
1930 1275 2050 1333 ani-

395 1370 624 1421 mantes
673 1366 944 1422 dicebant
976 1385 989 1422 :
1028 1390 1054 1416 »
1086 1367 1189 1422 Eia
1218 1367 1602 1438 insequamur
1651 1367 1922 1439 cybulam
1975 1365 2050 1419 is-

395 1474 425 1505 «
456 1456 615 1523 tam;
652 1461 715 1509 ut
746 1455 959 1511 auxilio
980 1457 1031 1510 ei
1058 1472 1185 1511 esse
1220 1457 1537 1527 possimus,
1558 1455 1605 1510 si
1640 1456 1780 1527 quid
1809 1456 1953 1511 forte
1978 1454 2051 1509 si-

397 1543 695 1599 «nistrum
708 1543 1062 1616 contingat.»
1080 1548 1295 1599 Verum
1315 1544 1623 1616 navigabat
1637 1544 1738 1599 illa
1752 1548 1871 1598 tam
1891 1542 2050 1615 quie-

388 1635 468 1700 te,
493 1637 560 1687 ut
579 1649 759 1704 supra
781 1633 1041 1689 marinos
1068 1633 1425 1700 fluctus,non
1452 1634 1788 1705 cymba,sed
1815 1633 1937 1689 avis
1959 1649 2051 1687 ve—

392 1719 516 1777 lare
541 1721 872 1790 videretur;
906 1726 964 1778 et
994 1739 1095 1794 per
1122 1722 1216 1778 Dei
1248 1721 1495 1795 gratiam
1530 1722 1690 1778 salva
1719 1721 1866 1777 citra
1898 1722 2049 1794 peri-

392 1810 593 1867 culum
646 1811 911 1883 appulit;
947 1828 1081 1867 cum
1114 1812 1381 1867 oneraria
1430 1811 1844 1884 patriarchalis
1896 1828 2048 1867 non-

392 1899 509 1955 nisi
561 1900 747 1956 multo
808 1917 942 1955 cum
994 1900 1188 1956 labore
1235 1901 1390 1955 viam
1450 1917 1517 1955 ac
1569 1905 1803 1972 portum
1853 1905 2049 1956 tenere

393 1990 668 2061 potuerit.
729 1994 798 2045 Et
851 1996 1048 2045 tamen
1107 1990 1317 2064 cymba
1368 1989 1489 2061 illa,
1543 1995 1754 2062 praeter
1809 2006 2045 2046 sacrum

395 2093 635 2150 corpus,
685 2094 785 2134 sex
841 2078 1111 2135 homines
1166 2079 1403 2147 ferebat,
1455 2082 1511 2134 et
1564 2079 1755 2136 varias
1806 2079 2047 2152 insuper

393 2181 638 2236 merces,
673 2168 903 2241 pondus
933 2168 1197 2241 ipsorum
1229 2177 1528 2225 vectorum
1580 2167 1834 2224 multum
1868 2184 2044 2241 supe-

392 2259 614 2313 rantes.

398 2472 617 2530 Veritas
663 2474 848 2529 sancti
885 2474 1135 2529 cordoris
1177 2490 1211 2528 a
1260 2472 1587 2544 patriarcha
1631 2474 1953 2528 examinata
1998 2476 2050 2528 et

457 2545 711 2617 probata.
732 2546 1050 2617 ATranslalio
1081 2544 1321 2617 ejusdem
1359 2546 1621 2601 solemnis
1652 2545 1734 2599 ad
1764 2546 2050 2600 ecclesiam

464 2615 679 2671 Sancta:
713 2615 923 2672 Crucis.

467 2794 684 2851 Detulit
714 2797 911 2851 autem
942 2796 1154 2867 cymba
1181 2794 1287 2851 illa
1311 2811 1525 2868 corpus
1553 2799 1828 2852 sanetum
1862 2812 2050 2868 usque

390 2882 710 2939 Castellum
742 2883 843 2955 (b),
876 2884 976 2939 ubi
1025 2883 1172 2939 illud
1206 2887 1621 2956 praesentatum
1658 2888 1748 2940 est
1792 2901 2053 2941 reveren-

392 2971 649 3027 dissimae
680 2972 1066 3028 dominationi
1100 2973 1166 3028 D.
1197 2972 1486 3045 Moeenigi
1515 2973 2050 3046 Justiniani,primi

392 3060 772 3117 Venetiarum
822 3062 1187 3134 patriarchas,
1223 3062 1324 3134 qui
1364 3062 1550 3133 jussit
1601 3067 1662 3117 ut
1697 3067 1920 3118 secrete
1953 3063 2051 3118 de-

394 3153 726 3224 portaretur
755 3151 826 3206 ad
870 3150 1139 3207 dominas
1170 3152 1395 3207 Sancta:
1445 3152 1648 3207 Crucis
1680 3151 1740 3206 in
1786 3152 2049 3222 Judaica,

398 3239 658 3297 districto
688 3240 1049 3312 prohibendo
1083 3257 1153 3296 ne
1184 3240 1267 3295 illi
1299 3241 1487 3297 honor
1517 3240 1733 3312 aliquis
1762 3246 1863 3296 aut
1893 3258 2051 3297 reve-

402 3330 589 3385 rentia
619 3330 1010 3399 exhiberetur,
1045 3330 1394 3402 priusquam
1434 3330 1645 3386 certior
1674 3334 1829 3387 esset
1860 3331 2051 3387 factus
2083 3316 2125 3383 C

399 3416 597 3491 ipsum
630 3434 759 3474 vere
790 3435 919 3475 esse
949 3435 1161 3492 corpus
1195 3420 1252 3475 S.
1289 3419 1614 3488 Athanasii,
1659 3420 1913 3475 doctoris
1946 3421 2049 3475 Ec-

397 3506 587 3563 clesiae
618 3507 935 3575 catholicae,
970 3508 1070 3580 qui
1116 3508 1250 3564 fecit
1282 3507 1592 3580 pulchrum
1626 3510 1783 3564 istud
1815 3510 2049 3583 symbo-

396 3595 523 3651 lum
556 3597 710 3668 quod
744 3597 954 3669 incipit
989 3615 1002 3653 :
1037 3599 1359 3669 Quicunque
1386 3598 1503 3652 vult
1530 3598 1717 3652 salvus
1758 3614 1889 3664 esse,
1922 3606 2052 3653 ante

394 3687 586 3741 omnia
630 3701 767 3758 Opus
813 3695 889 3743 est
921 3690 979 3742 ut
1007 3690 1188 3743 teneat
1234 3687 1564 3743 catholicam
1612 3686 1792 3756 ﬁdem.
1835 3686 2049 3743 Volens

394 3789 531 3846 ergo
563 3774 634 3828 de
666 3791 726 3829 re
756 3779 877 3830 tota
923 3775 1255 3841 certiticari,
1287 3774 1555 3847 quamvis
1580 3775 1707 3846 jam
1757 3781 1929 3831 antea
1958 3775 2046 3832 lo-

391 3866 565 3918 cutus
595 3862 803 3918 fuisset
831 3879 967 3918 cum
996 3863 1331 3935 supradicto
1362 3864 1514 3936 Mag.
1548 3863 1763 3919 Jacebo
1791 3868 2046 3936 tonsore,

391 3951 493 4022 qui
517 3951 731 4023 saepius
753 3951 1113 4007 visitaveratt
1130 3953 1531 4024 etinspexerat
1556 3953 1751 4024 ipsum
1774 3958 2045 4010 sanctum

389 4055 624 4111 corpus,
659 4039 746 4095 uti
796 4040 1201 4112 supradictum
1233 4046 1364 4108 est;
1398 4041 1599 4097 statim
1644 4046 1837 4099 tamen
1872 4047 2047 4115 atque

391 4128 557 4184 navis
588 4128 831 4201 appulit,
843 4128 1021 4201 jussit
1052 4129 1374 4187 dominatio
1406 4147 1514 4186 sua
1538 4130 1944 4204 patriarchalis
1975 4132 2045 4187 il-

388 4215 516 4273 lum
547 4218 838 4288 accersiri,
875 4218 1172 4292 simulque
1222 4236 1555 4292 naupegum
1588 4220 1689 4292 qui
1720 4221 2043 4295 gloriosum

392 4324 605 4379 corpus
635 4324 704 4363 ex
735 4324 844 4364 sua
891 4308 1112 4380 capella
1141 4309 1647 4382 ConstantinOpoli
1679 4310 2001 4366 abstulerat
2028 4329 2040 4380 ;

391 4412 526 4452 cum
559 4413 715 4454 unus
745 4396 889 4453 nihil
916 4398 1093 4453 sciret
1121 4399 1193 4454 de
1222 4400 1425 4467 altero,
1459 4405 1516 4454 et
1546 4416 1878 4472 naupegum
1898 4416 2046 4455 nun-

391 4502 591 4559 quam,
616 4485 906 4543 allocutus
938 4487 1147 4544 fuisset
1170 4488 1387 4544 nedum
1421 4488 1814 4544 examinasset
1843 4492 2047 4545 tonsor

388 4576 724 4648 praedictus.

2156 656 2197 710 E
2258 657 2491 728 regione
2522 659 2579 710 et
2627 655 2855 710 civitate
2886 649 3549 723 Constantinepolitana.
3582 650 3661 704 Ex
3690 665 3807 721 quo

2155 745 2280 799 vice
2305 746 2332 799 ?
2364 745 2551 816 inquit
2583 744 2928 816 patriarcha.
2947 744 3027 797 Ex
3048 758 3135 807 eo,
3155 740 3460 813 respondit
3478 755 3808 811 naupegus,

2155 833 2255 906 qui
2291 834 2651 905 lxirolaphus
2682 834 2916 898 dicitur,
2938 832 3036 887 ubi
3068 835 3155 886 est
3181 830 3457 885 columna
3486 827 3727 900 grandis
3751 831 3810 882 et

2155 922 2421 995 pulchra.
2456 924 2535 978 De
2584 940 2700 995 qua
2750 920 3042 977 ecclesia?
3073 919 3287 989 inquit.
3321 919 3400 974 De
3450 916 3697 973 ecclesia
3748 917 3808 972 S.

2154 1011 2479 1077 Athanasii,
2513 1011 2817 1083 respondit
2849 1010 3011 1065 alter.
3058 1008 3158 1064 Ille
3187 1008 3423 1079 iterum,
3458 1006 3539 1063 De
3569 1023 3687 1078 qua
3716 1022 3810 1061 ca-

2157 1101 2356 1173 pella?
2388 1107 2463 1156 De
2512 1118 2649 1165 una,
2682 1099 2879 1155 retulit
2907 1098 3071 1169 alter,
3109 1115 3237 1169 qua
3288 1097 3531 1169 plumbo
3570 1094 3810 1167 tegitur.

2157 1195 2557 1263 Interrogatus
2588 1195 2783 1245 autem
2808 1190 2879 1245 de
2907 1189 3096 1243 iorma
3125 1186 3463 1258 sepulturas,
3486 1183 3811 1257 respondit,

2158 1297 2394 1351 capsam
2430 1281 2609 1334 fuisse
2636 1278 2892 1351 ligneam
2927 1295 2941 1333 :
2976 1277 3074 1332 sed
3104 1280 3161 1332 et
3191 1277 3262 1330 de
3310 1274 3496 1347 signis
3527 1274 3683 1329 unde
3712 1290 3813 1329 co-

2158 1370 2357 1442 gnosci
2390 1369 2727 1425 distinctius
2771 1375 2965 1441 posset
2996 1365 3332 1437 requisitus,
3369 1362 3514 1420 dixit
3543 1363 3725 1419 aforis
3754 1367 3815 1419 et

2158 1459 2393 1515 deintus
2428 1459 2641 1531 pictam
2675 1456 2990 1521 esse.Quin
3021 1464 3074 1511 et
3106 1454 3436 1527 eircaipsas
3459 1453 3679 1526 ﬁguras
3700 1452 3813 1507 ibi-

2159 1548 2291 1603 dem
2323 1548 2582 1620 depictas
2614 1547 3010 1620 exqminatus,
3048 1544 3350 1616 respondit
3378 1543 3626 1615 ﬁguram
3645 1542 3812 1598 abin-

2158 1640 2255 1692 tus
2304 1636 2485 1692 videri
2532 1640 2588 1693 S.
2625 1634 2946 1691 Athanasii.
2982 1633 3241 1704 Denique
3289 1632 3360 1688 ad
3414 1647 3650 1687 omnem
3683 1647 3811 1700 qua:

2159 1726 2269 1781 sibi
2301 1725 2478 1781 {iebat
2498 1725 2881 1797 quaestionem
2906 1723 3207 1795 respondit
3238 1736 3542 1794 naupegus
3561 1719 3645 1775 ita
3675 1736 3813 1777 con-

2159 1831 2303 1887 grue
2331 1819 2389 1870 et
2433 1813 2811 1870 cenformiter
2854 1814 2926 1868 ad
2975 1817 3109 1867 ante
3159 1810 3338 1865 relata
3378 1827 3413 1865 a
3458 1813 3716 1881 tonsore,
3749 1814 3815 1865 ut

2160 1904 2417 1959 dubitari
2450 1921 2565 1959 non
2598 1908 2816 1976 posset,
2840 1902 2981 1974 quin
3010 1901 3212 1957 omnia
3240 1916 3374 1955 cum
3405 1898 3645 1955 veritate
3674 1915 3813 1955 con-

2157 1994 2434 2050 sisterent
2461 2011 2474 2062 ;
2503 1998 2561 2049 et
2591 1992 2911 2048 dominatio
2936 2008 3043 2046 sua
3074 1987 3505 2063 patriarchalis,
3530 2005 3662 2043 cum
3697 2004 3819 2043 om-

2157 2082 2334 2138 nibus
2365 2098 2542 2154 super
2567 2098 2633 2137 eo
2661 2080 2893 2153 negotio
2911 2077 3267 2144 constitutis,
3296 2077 3666 2133 satisfactum
3700 2076 3813 2133 sibi

2155 2171 2497 2245 plenissime
2528 2172 2806 2226 fateretur
2833 2187 2846 2238 ;
2881 2169 3020 2241 quia
3050 2176 3244 2224 autem
3276 2172 3481 2222 tonsor
3511 2170 3685 2222 antea
3715 2166 3808 2221 di-

2154 2266 2340 2330 xerat,
2368 2261 2565 2335 ipsum
2596 2277 2809 2332 corpus
2838 2263 3106 2316 sanctum
3128 2257 3344 2312 habere
3374 2260 3528 2312 retro
3559 2256 3619 2311 in
3652 2260 3812 2329 tergo

2157 2352 2306 2408 duas
2354 2350 2617 2407 maculas
2651 2350 2870 2422 nigras,
2906 2348 3083 2403 etiam
3118 2347 3227 2403 hoc
3274 2345 3640 2418 exploratum
3680 2345 3812 2414 fuit,

2156 2441 2520 2513 iuventaeque
2552 2439 2745 2512 reipsa
2766 2438 3009 2494 macula
3038 2436 3148 2492 illae
3197 2441 3354 2492 sunt.
3391 2434 3690 2490 Postremo
3721 2434 3816 2489 in-

2156 2533 2486 2603 terrogatus
2531 2544 2857 2601 uaupegus,
2907 2543 3048 2582 num
3106 2526 3177 2581 de
3222 2524 3321 2580 illo
3367 2540 3608 2597 corpore
3662 2524 3820 2579 fama

2159 2624 2315 2676 esset
2368 2627 2523 2675 certa
2579 2621 2636 2673 et
2684 2621 2980 2686 constans,
3018 2617 3215 2689 ipsum
3268 2630 3397 2671 esse
3443 2619 3500 2669 8.
3546 2613 3813 2669 Athana-

2161 2708 2234 2765 sii
2265 2708 2524 2764 doctoris
2563 2706 2853 2773 Ecclesiae,
2887 2704 3191 2778 respondit
3236 2702 3475 2759 omnino
3524 2700 3699 2757 talem
3732 2700 3817 2758 ibi

2160 2815 2311 2855 8886.

2233 2907 2261 2934 ‹‹
2297 2884 2556 2940 Alterum
2588 2886 2865 2956 praeterea
2914 2879 3320 2938 testimonium
3350 2876 3580 2934 veritati
3614 2876 3819 2950 praedi-

2162 2979 2264 3030 ctae
2313 2974 2521 3046 obtigit
2569 2973 2679 3028 hoc
2727 2972 2919 3028 modo.
2966 2969 3189 3026 Nobilis
3221 2969 3462 3041 quidam
3512 2984 3548 3022 a
3593 2966 3817 3023 familia

2159 3062 2567 3129 Justinianaea,
2587 3059 3154 3133 Constantinopolim
3174 3062 3410 3132 propter
3425 3057 3694 3130 quaedam
3715 3074 3814 3113 ne-

2160 3152 2318 3224 gotia
2371 3169 2480 3207 sua
2526 3156 2645 3207 erat
2708 3151 3025 3222 profectus,
3086 3166 3151 3204 eo
3201 3155 3463 3220 tempore
3511 3163 3629 3212 quo
3680 3145 3813 3201 istic

2163 3241 2403 3314 grandis
2433 3240 2767 3313 pestilentia
2822 3240 3097 3296 smviebat
3129 3256 3143 3293 :
3176 3255 3211 3293 a
3240 3238 3411 3307 cujus
3465 3236 3814 3309 contagione

2164 3335 2229 3385 ut
2260 3332 2520 3386 securior
2569 3335 2626 3385 et
2677 3329 2951 3384 remotior
3000 3332 3154 3383 esset
3201 3325 3417 3382 nobilis
3472 3325 3813 3398 praedictus,

2160 3419 2483 3492 hospitium
2509 3419 2621 3475 sibi
2655 3417 2951 3490 delegerat
2974 3416 3131 3487 apud
3156 3414 3326 3470 illum
3348 3414 3734 3483 sacerdotem,
3754 3412 3813 3467 in

2160 3510 2331 3580 cujus
2362 3526 2503 3564 cura
2529 3512 2655 3563 erat
2702 3507 3045 3579 prmdietum
3092 3508 3364 3559 sanctum
3392 3520 3644 3576 corpus;
3678 3519 3812 3557 eum

2160 3614 2346 3670 eoque
2393 3601 2691 3654 manserat
2720 3595 3025 3652 mensibus
3057 3610 3176 3662 sex,
3210 3593 3281 3649 ab
3312 3593 3516 3648 eodem
3547 3591 3812 3665 linguam

2157 3692 2412 3744 Graecam
2445 3688 2700 3754 discens,
2728 3691 2785 3742 et
2811 3687 3035 3740 interea
3064 3682 3279 3755 saepius
3307 3681 3506 3755 ipsum
3538 3689 3812 3738 sanctum

2158 3794 2371 3850 corpus
2426 3776 2764 3848 inspiciens.
2829 3775 2929 3829 llic
2986 3773 3380 3845 interrogatus
3459 3787 3602 3826 num
3658 3768 3808 3825 illud

2158 3868 2469 3940 agniturus
2517 3869 2672 3922 esset
2719 3863 2768 3919 si
2826 3863 3068 3931 videret,
3111 3860 3434 3933 respondit,
3482 3876 3545 3915 se
3594 3859 3651 3914 id
3692 3876 3809 3915 non

2156 3972 2331 4029 posse
2361 3955 2720 4028 promittere,
2735 3970 2802 4009 eo
2836 3953 3132 4025 quodjam
3165 3950 3306 4006 anni
3326 3966 3425 4005 sex
3455 3946 3813 4003 transissent

2156 4046 2229 4102 ab
2262 4061 2327 4101 eo
2359 4050 2620 4116 tempore
2650 4059 2766 4116 quo
2815 4041 3092 4097 ultimum
3125 4040 3303 4106 vidit;
3338 4052 3525 4093 unum
3575 4039 3810 4092 tantum

2156 4151 2220 4191 se
2251 4134 2560 4205 recordari,
2583 4133 2737 4206 quod
2770 4131 2989 4188 scilicet
3006 4130 3228 4203 digitus
3253 4145 3409 4183 unus
3429 4126 3657 4183 deesset
3683 4141 3809 4182 ma-

2156 4224 2258 4280 nui
2290 4224 2555 4279 dexterae.
2591 4223 2850 4295 Rogatus
2881 4220 3092 4276 deinde
3121 4223 3211 4274 est
3240 4221 3306 4273 ut
3336 4217 3679 4290 dignaretur
3706 4230 3813 4287 per

2155 4329 2285 4369 sese
2332 4313 2604 4368 accedere
2636 4312 2707 4366 ad
2762 4308 3047 4366 moniales
3095 4309 3321 4365 Sancta
3368 4306 3570 4363 Crucis
3599 4305 3659 4360 in
3705 4303 3809 4360 Ju-

2155 4402 2322 4458 daica
2353 4417 2365 4457 :
2404 4402 2556 4474 quod
2589 4400 2688 4456 ille
2730 4400 2977 4455 libenter
3006 4398 3141 4453 fecit
3174 4415 3189 4452 :
3219 4396 3542 4469 statimque
3573 4399 3638 4450 ut
3666 4393 3813 4450 vidit

2154 4508 2396 4547 manum
2430 4491 2615 4565 digito
2648 4489 2940 4555 mutilam,
2966 4486 3327 4555 Certissimo,
3348 4483 3690 4557 inquit,hoo
3720 4488 3813 4540 est

2153 4600 2367 4656 corpus
2416 4583 2573 4655 quod
2624 4581 2788 4637 vidi:
2823 4580 3043 4653 digitus
3085 4584 3283 4635 autem
3333 4576 3435 4648 qui
3482 4575 3579 4631 hic
3622 4574 3809 4644 deest,

462 4686 491 4716 ‹‹
524 4667 675 4721 Tum
704 4666 814 4723 hoc
862 4671 1150 4739 praesente
1180 4668 1353 4740 ccepit
1398 4666 1750 4740 patriarcha,
1776 4667 1949 4739 juxta
1978 4684 2047 4724 ea
2075 4679 2122 4745 D
2151 4677 2414 4729 servatur
2444 4674 2517 4728 ab
2565 4670 2816 4743 antiquo
2864 4669 2923 4724 in
2955 4666 3222 4724 ecclesia.
3271 4666 3331 4722 S.
3367 4663 3669 4721 Laurentii
3698 4662 3809 4719 Ve-

389 4769 516 4826 quaa
546 4760 719 4810 antea
746 4760 1065 4812 extensore
1098 4757 1419 4825 audiverat,
1440 4757 1798 4830 interrogare
1831 4772 2046 4829 naupe—

388 4988 530 5046 olim
562 4988 929 5061 (utividetur)
964 4989 1267 5046 dicebatur
1297 4990 1351 5045 la
1384 4990 1575 5055 Fucca,
1606 4987 1801 5045 tribus
1834 4989 2044 5046 millia-

388 5061 554 5133 ribus
577 5060 796 5116 Italicis
823 5060 1001 5117 distat
1028 5063 1099 5117 ab
1133 5068 1382 5133 utroque
1407 5066 1602 5133 portu,
1622 5061 1677 5115 id
1701 5066 1790 5115 est
1819 5078 1852 5115 a
1875 5067 2044 5133 portu

389 5132 717 5201 Malemoci,
751 5134 1183 5205 quemrintrant
1214 5132 1464 5204 majores
1498 5149 1693 5205 naves,
1724 5137 1783 5188 et
1812 5150 1845 5205 a
1874 5132 2041 5205 portu

388 5204 626 5260 Litteris
654 5221 755 5259 seu
778 5204 870 5259 del
891 5204 1049 5267 Lido,
1073 5222 1248 5276 quem
1274 5206 1448 5259 etiam
1474 5204 1795 5259 mediocres
1825 5204 2043 5261 intrare

391 5276 599 5332 solent.
638 5278 817 5331 Locus
856 5293 987 5331 vero
1017 5278 1149 5332 Fose
1195 5277 1407 5341 dictus,
1442 5276 1697 5330 extendit
1730 5293 1792 5332 se
1823 5278 1893 5331 ad
1929 5278 2043 5333 duo

397 5347 746 5420 Germanica
777 5347 1051 5403 milliaria
1082 5349 1270 5419 quoad
1307 5347 1676 5420 latitudinem
1705 5353 1762 5402 et
1789 5346 2042 5420 longitu-

394 5418 615 5491 dinem,
640 5421 694 5473 in
732 5437 846 5491 quo
878 5437 1029 5491 aqua
1054 5418 1141 5476 est
1171 5420 1317 5475 satis
1341 5419 1632 5491 profunda
1663 5425 1718 5473 et
1750 5418 2043 5475 mare‘nu-

395 5489 559 5563 dum,
585 5490 665 5544 ita
694 5489 763 5544 ut
790 5489 955 5546 facile
987 5494 1214 5563 possint
1240 5489 1522 5562 projicere
1552 5490 1932 5559 anchoras,et
1965 5494 2043 5547 ibi

394 5562 602 5616 sistere
627 5577 801 5617 naves
821 5562 1005 5617 donec
1027 5563 1282 5618 habeant
1300 5569 1532 5633 tempus
1556 5564 1927 5617 commodum
1956 5566 2045 5619 in-

394 5632 587 5707 trandi
619 5638 675 5707 et
722 5632 1008 5688 auxilium
1062 5636 1231 5707 periti
1274 5632 1689 5707 ductoris,_qui
1736 5651 1912 5689 naves
1945 5652 2047 5707 per

393 5703 1204 5778 profundumreeurvumque
1227 5711 1484 5761 meatum
1517 5705 1586 5759 ad
1607 5703 1839 5775 portum
1871 5703 2047 5762 intro-

392 5775 680 5841 ducat,ne
709 5776 781 5831 ad
814 5792 1049 5834 arenam
1069 5775 1466 5851 impingentes
1489 5793 1669 5849 prope
1688 5782 1925 5850 portum
1958 5781 2047 5851 (ut

2155 4763 2329 4818 netiis
2359 4762 2452 4834 (c).

2153 4991 2685 5068 praefidentierihus
2702 4989 2849 5046 solet
2864 5006 3291 5063 nonnunquam
3306 4986 3809 5061 contingere)nau-

2157 5064 2411 5139 fragium
2442 5064 2679 5139 faciant.
2714 5083 2743 5112 »

2228 5127 2304 5210 (ἦ)
2349 5137 2675 5193 Onerariam
2740 5133 2917 5189 etiam
2966 5132 3140 5190 vertit
3180 5131 3547 5197 Hermelaus,
3609 5127 3810 5185 ltalicc

2191 5218 2307 5265 eota
2317 5256 2327 5265 .

2149 5227 2327 5353 pelliti.
2356 5280 2574 5355 Exigua
2624 5275 3250 5355 i_nsul_a,Aubi__prima
3297 5272 3499 5355 Veneti
3548 5270 3809 5355 episcopi

2153 5341 2321 5408 sede's
2376 5341 2503 5415 fuit),
2535 5351 2689 5405 unde
2739 5353 2795 5403 et
2830 5341 3309 5404 Castellanenses
3363 5341 3619 5416 episcopi
3652 5341 3811 5416 dice-

2154 5425 2389 5502 bantur,
2423 5413 2628 5502 estque
2674 5421 2888 5475 civitati
2943 5437 3007 5475 ex
3041 5425 3202 5502 parte
3251 5413 3518 5502 qrientali
3568 5413 3809 5495 extima,

2155 5498 2325 5567 eique
2358 5512 2459 5567 per
2490 5490 2725 5566 pontem
2756 5508 3015 5547 connexa
3041 5490 3239 5564 ipsum
3274 5490 3512 5543 Portum
3544 5490 3811 5559 proxime

2272 5583 2540 5619 SDICIBDS.

2272 5588 2275 5589 ⁷
2493 5584 2540 5619 5.

2156 5584 2864 5710 prlgpégggtimenalium
2910 5634 3029 5710 hinc
3059 5636 3150 5710 est
3185 5631 3461 5710 ecclesia,
3495 5630 3546 5686 ei
3595 5629 3812 5710 inqua

2154 5710 2213 5765 S.
2233 5702 2427 5765 Marci
2460 5708 2705 5763 basilica
2735 5711 2823 5761 est
2852 5704 3057 5761 insulas
3088 5704 3353 5773 vicinior,
3388 5704 3445 5759 in
3479 5718 3600 5777 qua
3626 5702 3808 5758 etiam

2155 5786 2245 5838 est
2277 5781 2523 5838 ecclesia
2553 5782 2610 5836 S.
2644 5777 2875 5849 Georgii
2907 5779 3260 5833 Graecorum.
