4160 6388
1558 409 1661 480 DE
1701 406 1963 482 CULTU
2008 412 2076 480 S.
2121 410 2576 479 ATHANASII.

3558 423 3772 476 CCLXIX

418 574 450 608 «
481 549 736 613 Maxima
765 551 1046 628 praeterea
1078 555 1132 610 et
1163 553 1536 609 exactissima
1568 553 1867 625 diligentia
1898 569 1999 608 no-
2032 554 2086 621 Α
2117 553 2252 635 bus,
2283 570 2345 607 ac
2404 552 2655 625 denique
2712 547 3124 609 serenissimus
3181 547 3456 622 princeps
3514 549 3583 622 (e)
3633 567 3769 606 cum

347 646 456 702 stri
494 645 966 702 reverendissimi
1028 645 1246 698 domini
1287 644 1627 716 patriarchae
1659 650 1856 698 actum
1897 647 2004 709 est,

346 742 410 790 ut
444 735 619 808 plura
652 733 766 789 alia
815 735 1078 789 veritatis
1123 734 1408 806 praedictae
1458 739 1804 806 argumenta
1855 732 2011 787 clara

342 824 731 891 haberentur,
767 841 799 878 a
829 824 920 878 die
980 825 1206 878 decima
1235 828 1312 893 (a)
1348 825 1576 896 Aprilis,
1628 841 1808 895 usque
1840 823 1917 894 (ὁ)
1951 823 2008 875 in

343 914 510 970 diem
546 913 917 968 undecimam
953 913 1105 967 Maii:
1143 919 1376 984 tempus
1406 913 1558 967 enim
1594 912 2010 968 intermedium

339 1007 543 1060 totum
590 1010 858 1057 exactum
918 1006 1007 1057 est
1055 1003 1484 1075 interrogandis
1525 1007 1580 1057 et
1624 1002 2013 1057 diversimode

343 1092 786 1156 examinandis,
819 1097 938 1145 tam
982 1091 1109 1163 ipso
1143 1109 1428 1163 naupego,
1465 1093 1562 1163 qui
1596 1109 1807 1162 corpus
1838 1108 1869 1145 a
1920 1107 2010 1145 ca-

343 1181 508 1254 pella
538 1186 594 1236 S.
629 1180 937 1234 Athanasii
971 1179 1285 1235 sustulisse
1344 1198 1405 1236 se
1437 1182 1788 1248 affirmabat,
1833 1197 2010 1252 quam

343 1271 646 1328 navarcho
679 1286 781 1325 seu
809 1274 1054 1341 patrono
1081 1270 1268 1342 ipsius
1302 1270 1887 1340 navis,omnibusque
1918 1269 2011 1339 iis,

342 1378 378 1416 a
409 1360 638 1431 quibus
672 1358 954 1414 indicium
978 1359 1211 1430 aliquod
1245 1359 1329 1414 vel
1359 1361 1778 1415 documentum
1814 1359 2015 1414 haberi

342 1449 510 1506 circa
542 1465 667 1504 rem
701 1449 877 1503 istam
911 1450 1205 1519 posset,ad
1240 1455 1393 1505 certo
1425 1450 1796 1520 dilucideque
1828 1449 2015 1505 scien-

344 1540 496 1594 dum
553 1539 752 1610 ipsum
785 1554 914 1593 esse
943 1555 1143 1593 verum
1206 1555 1418 1610 corpus
1451 1540 1508 1594 S.
1544 1539 1870 1594 Athanasii.
1906 1539 2015 1593 Ha-

343 1627 475 1684 bita
528 1627 710 1699 igitur
738 1631 858 1681 tam
894 1626 1066 1698 plena
1096 1627 1465 1692 certitudine,
1502 1645 1714 1699 magno
1747 1645 1880 1682 cum
1913 1627 2019 1682 fer-

342 1733 489 1774 vore
524 1716 812 1772 convertit
839 1732 900 1771 se
932 1733 1041 1771 sua
1072 1717 1566 1772 reverendissima
1595 1718 1918 1772 dominatio
1945 1717 2014 1772 ad

343 1806 773 1863 honorandum
798 1811 917 1860 tam
950 1822 1185 1860 sacrum
1221 1807 1434 1878 pignus
1459 1825 1472 1875 ;
1497 1823 1687 1878 neque
1720 1807 2021 1878 patriacha

345 1899 611 1962 tantum,
641 1895 740 1950 sed
773 1899 828 1949 et
859 1894 1030 1949 multi
1061 1895 1160 1948 alii
1192 1896 1446 1967 episcopi
1483 1913 1549 1951 ac
1588 1897 1830 1968 praelati,
1865 1898 2018 1969 ipse-
2053 1933 2102 1997 B

346 2001 468 2058 que
526 1984 971 2039 illustrissimus
1004 1989 1246 2040 senatus
1281 1986 1529 2041 Venetus
1561 2003 1693 2040 cum
1727 1987 1887 2041 omni
1924 2004 2019 2059 po-

346 2074 954 2148 pulo,consenserunt
985 2074 1057 2128 ad
1089 2074 1522 2145 celebrandam,
1551 2093 1727 2147 quam
1766 2077 2023 2131 maxima

346 2165 480 2220 fieri
518 2167 716 2236 posset
742 2169 799 2218 et
829 2164 1214 2220 conveniebat
1276 2181 1513 2237 pompa,
1575 2165 2021 2222 translationem

312 2256 318 2260 ’
348 2251 774 2327 gloriosissimi
808 2252 980 2308 istius
1011 2253 1403 2325 sancti,quem
1438 2255 1591 2309 Deus
1625 2255 1878 2326 ipse,per
1900 2261 2020 2311 tam

351 2343 690 2401 evidentem
751 2342 1315 2398 demonstrationem
1365 2335 1657 2411 'veritatis,
1735 2345 2021 2418 singulari

353 2449 610 2505 prorsus
643 2430 862 2487 honore
895 2432 1139 2504 dignum
1175 2432 1557 2504 signiticarat.

437 2541 462 2571 α
527 2521 739 2576 Parata
791 2526 931 2576 sunt
987 2527 1185 2576 autem
1219 2522 1419 2576 omnia
1462 2523 1575 2578 huc
1609 2524 1935 2596 spectantia
1963 2523 2022 2578 in

359 2611 735 2667 Dominicam
760 2610 910 2665 infra
928 2615 1190 2666 octavam
1211 2612 1588 2668 Ascensionis
1611 2613 2021 2670 sanctissimae:

361 2701 606 2774 quando
639 2702 748 2756 sub
781 2717 1054 2756 auroram
1078 2701 1242 2756 misit
1271 2702 1594 2758 dominatio
1628 2720 1735 2758 sua
1765 2720 2026 2758 reveren-

361 2790 638 2857 dissima,
673 2790 771 2862 qui
803 2795 1072 2845 sanctum
1106 2807 1318 2862 corpus
1350 2797 1574 2846 secreto
1618 2794 2022 2860 transferrent,

361 2897 396 2936 θ.
424 2880 646 2936 Sancta
675 2880 856 2935 Cruce
887 2880 946 2934 in
975 2879 1318 2949 Judaica,ad
1367 2881 1674 2936 ecclesiam
1707 2884 1761 2937 S.
1798 2882 1972 2936 Marci
2010 2899 2021 2936 :

359 2970 466 3025 ubi
501 2968 698 3025 debita
727 2986 861 3024 cum
894 2969 1197 3024 devotione
1229 2974 1285 3024 et
1316 2971 1636 3026 reverentia
1676 2971 2026 3026 collocatum

360 3057 476 3114 fuit
509 3075 691 3130 supra
721 3075 883 3113 aram
919 3058 1486 3131 principem,pannis
1509 3060 1701 3115 aureis
1727 3060 2026 3132 pretiosis-

363 3148 518 3204 sime
550 3147 1144 3220 splendidissimequc
1176 3149 1465 3203 vestitam.
1501 3149 1898 3221 Praeparatum
1938 3150 2026 3204 in-

363 3253 549 3309 super
579 3238 768 3292 l'uerat
793 3254 860 3292 ex
904 3238 1176 3292 maximis
1203 3238 1470 3305 navibus,
1499 3239 1652 3292 inter
1684 3255 1812 3293 sese
1843 3239 2024 3292 firmi-

2119 661 2224 699 suo
2256 643 2622 698 nobilissimo
2655 642 3152 712 ornatissimeque
3174 641 3482 706 senatu,ad
3514 641 3771 697 debitam

2121 733 2500 787 reverentiam
2534 737 2734 787 sancto
2767 732 2992 802 corpori
3026 731 3435 787 exhibendam.

2193 845 2219 871 ‹‹
2256 827 2470 876 Verum
2501 822 2597 876 ubi
2648 822 2768 876 hmo
2809 820 3292 892 splendidissima
3350 838 3566 892 pompa
3604 822 3674 893 (Γ)
3705 822 3775 876 ad

2121 929 2314 968 aream
2349 916 2403 966 S.
2463 911 2641 966 Marci
2687 911 2932 983 appulit,
2992 910 3397 966 vehementior
3427 911 3573 965 mari
3608 911 3773 966 incu—

2122 1002 2249 1057 buit
2281 1005 2511 1066 ventus,
2545 1017 2722 1072 quam
2786 1000 3141 1072 processioni
3199 1001 3464 1055 ordinate
3499 1001 3776 1056 faciendae

2123 1092 2434 1147 convenire
2465 1091 2772 1145 videbatur
2794 1108 2895 1162 per
2919 1107 3103 1162 aquas
3137 1090 3220 1145 sic
3250 1091 3535 1145 turbatas.
3572 1095 3776 1146 Proce-

2124 1181 2384 1236 dendum
2439 1180 2823 1235 nihilominus
2886 1180 3113 1234 censuit
3148 1179 3636 1235 reverendissima
3666 1197 3777 1235 sua

2124 1269 2466 1339 dominatio,
2503 1270 2801 1324 conlidens
2831 1269 2891 1324 in
2922 1270 3168 1324 Domino
3199 1273 3256 1324 et
3281 1285 3445 1324 servo
3479 1270 3629 1340 ejus.
3668 1274 3780 1325 Ita-

2126 1376 2239 1431 que
2270 1361 2578 1430 procedere
2635 1362 2936 1430 cocperunt
2968 1357 3224 1429 primum
3258 1362 3507 1429 quatuor
3537 1359 3772 1428 scholae,

2125 1453 2253 1504 tum
2285 1449 2564 1520 religiosi,
2618 1448 2829 1503 deinde
2888 1447 3385 1518 congregationes,
3425 1464 3492 1502 ac
3522 1448 3775 1519 denique

2128 1537 2452 1609 capitulum
2485 1538 2543 1594 S.
2572 1538 2747 1593 Marci
2781 1554 2915 1592 cum
2949 1537 3352 1593 illustrissimo
3383 1542 3611 1594 senatu.
3647 1539 3782 1603 Qui-

2129 1628 2240 1682 bus
2292 1627 2763 1700 procedentibus,
2815 1627 2998 1697 jussit
3052 1627 3384 1698 patriarcha
3431 1631 3498 1682 ut
3527 1628 3782 1700 episcopi

2129 1723 2257 1773 octo
2285 1715 2700 1789 pontificaliter
2729 1716 2922 1771 vestiti
2956 1721 3130 1788 atque
3171 1716 3389 1770 mitrati
3425 1716 3782 1788 subjicerent

2131 1807 2410 1862 humeros
2441 1822 2605 1862 sacro
2643 1807 2876 1869 feretro,
2910 1805 3249 1861 collocando
3281 1823 3462 1878 supra
3499 1807 3782 1862 contabu-

2131 1896 2409 1951 lationem
2445 1896 2779 1968 praadictam
2813 1895 2936 1951 loco
2964 1896 3187 1951 excelso
3216 1900 3273 1951 et
3303 1897 3788 1968 eminenti,prout

2133 1988 2376 2054 factum,
2412 1986 2760 2040 sedentibus
2800 1986 3264 2056 circumquaque
3294 1987 3778 2043 reverendissimo

2131 2075 2466 2148 patriarcha
2495 2091 2628 2129 cum
2661 2073 2948 2146 episcopis
2972 2079 3028 2129 et
3059 2074 3332 2145 pralatis,
3368 2075 3777 2152 serenissima-

2132 2182 2245 2237 que
2276 2164 2540 2237 principe
2569 2169 2625 2220 et
2651 2163 3021 2219 senatoribus
3051 2165 3200 2233 ejus.
3255 2163 3478 2230 Quibus
3510 2165 3788 2220 omnibus

2132 2256 2193 2311 in
2251 2255 2542 2309 destinata
2599 2254 2710 2309 sibi
2770 2253 2978 2308 sedilia
3007 2253 3276 2325 receptis,
3312 2255 3509 2325 posuit
3555 2259 3787 2322 ventus,

2133 2344 2466 2417 conquievit
2495 2361 2675 2411 mare,
2709 2347 2768 2399 et
2815 2345 2965 2398 facta
3017 2348 3105 2398 est
3130 2342 3528 2414 tranquillitas
3577 2360 3794 2416 magna

2135 2439 2191 2490 et
2213 2434 2602 2490 admirabilis.

2211 2544 2238 2572 ‹‹
2273 2523 2332 2576 In
2365 2521 2521 2576 hunc
2553 2521 2792 2576 modum
2825 2520 3154 2576 discessum
3186 2537 3221 2576 a
3251 2520 3443 2576 littore
3472 2525 3563 2576 est
3589 2537 3794 2576 versus

2131 2611 2440 2666 Judaicam
2464 2628 2674 2683 magno
2699 2610 3034 2680 cumjuhilo
3054 2614 3110 2666 et
3129 2609 3339 2665 laetitias
3361 2610 3792 2677 universorum,

2135 2701 2598 2774 personantihus
2627 2701 2786 2756 tubis
2817 2700 3096 2772 tibiisque
3137 2704 3194 2756 et
3222 2699 3415 2755 omnis
3446 2701 3676 2771 generis
3706 2701 3795 2754 in-

2136 2789 2484 2846 strumentis
2515 2790 2780 2846 musicis.
2825 2782 3272 2846 Exscensionem
3333 2795 3531 2845 autem
3589 2807 3794 2846 omnes

2137 2881 2400 2935 fecerunt
2429 2881 2631 2935 eodem
2667 2897 2780 2952 quo
2812 2884 3092 2936 venerant
3120 2879 3343 2946 ordine,
3388 2879 3622 2950 scholae,
3659 2879 3793 2934 reli-

2137 2969 2307 3040 giosi,
2343 2968 2822 3040 congregationes
2854 2970 3248 3036 sacerdotum,
3281 2973 3338 3024 et
3369 2969 3558 3024 caeteri
3591 2969 3663 3024 ad
3695 2985 3800 3040 pa—

2138 3058 2401 3113 rochiam
2437 3060 2495 3113 S.
2538 3058 2874 3129 Euphemia:
2916 3059 3014 3130 (g),
3052 3063 3226 3129 atque
3257 3058 3328 3112 ad
3354 3062 3623 3112 Sanctam
3657 3058 3798 3112 Cru-

2138 3165 2263 3202 cem
2298 3153 2711 3218 processerunt
2770 3163 2872 3218 per
2920 3145 3200 3216 insulam,
3236 3151 3416 3201 totam
3468 3146 3801 3201 virentibus

2139 3235 2321 3290 ramis
2355 3235 2668 3308 herbisque
2703 3235 3008 3290 instratam
3064 3252 3128 3290 ac
3185 3234 3562 3289 convestilam
3601 3249 3614 3290 :
3646 3250 3802 3288 cam-

364 3330 458 3382 ter
479 3326 882 3382 concatenatis
905 3326 1654 3398 contabulatisquc,pegma
1679 3326 2026 3398 spatiosum,
2062 3305 2104 3372 C
2143 3341 2282 3395 pum
2316 3341 2448 3379 vero
2476 3325 2635 3380 illius
2667 3341 2902 3379 omnem
2953 3325 3278 3395 implebant
3330 3324 3598 3390 tentoria,
3651 3322 3802 3378 ordi-

366 3415 731 3471 instructum
757 3415 1059 3482 sedilibus,
1096 3415 1424 3488 pannisque
1456 3417 1657 3471 sericis
1690 3416 1900 3471 diversi
1932 3433 2026 3472 co-

364 3505 512 3562 loris
543 3505 854 3577 aureisque
885 3505 1317 3577 speciosissime
1339 3507 1782 3577 adornatum,ut
1815 3507 2029 3579 gravis-

369 3596 594 3651 simum
631 3595 900 3651 cominus
944 3595 1294 3667 eminusque
1346 3596 1714 3651 intuentibus
1750 3597 2031 3668 prazberet

367 3684 796 3758 spectaculum.
830 3685 1191 3757 Competenti
1224 3689 1420 3739 autem
1462 3685 1604 3739 hora
1635 3690 2032 3740 convenerunt

370 3773 900 3830 reverendissimus
935 3774 1206 3829 cominus
1230 3774 1563 3846 patriarcha
1593 3791 1726 3829 cum
1762 3775 1885 3830 suis
1917 3775 2034 3829 suf-

367 3862 662 3936 fraganeis
692 3863 782 3934 (c),
816 3867 873 3918 et
907 3870 964 3917 D.
1027 3863 1342 3935 episcopus
1409 3863 1747 3918 Patavimus
1790 3864 1866 3937 (d)
1897 3880 2033 3918 cum

369 3951 504 4008 aliis
553 3952 845 4024 episcopis
876 3957 932 4007 et
961 3950 1234 4024 przelatis,
1286 3953 1386 4024 qui
1410 3957 1548 4008 tunc
1579 3951 1839 4008 Venetiis
1873 3954 2031 4007 inve-

369 4041 689 4097 niebantur
719 4042 1055 4113 quindecim
1092 4045 1193 4097 aut
1219 4042 1495 4109 sedecim,
1531 4041 1753 4097 mitrati
1784 4059 1987 4098 omnes
2017 4058 2029 4096 :

367 4129 513 4187 item
575 4134 797 4186 cuncta:
847 4129 1240 4186 sacerdotales
1273 4132 1758 4204 congregationes
1786 4149 2032 4187 numero

368 4219 926 4292 novem,cunctique
952 4219 1210 4289 religiosi
1245 4237 1379 4275 cum
1431 4221 1555 4275 suis
1613 4219 1888 4292 capitulis
1938 4236 2031 4276 so-

370 4306 649 4364 lemniter
677 4309 1162 4380 apparatis,intra
1184 4325 1323 4363 suas
1349 4308 1568 4380 quique
1595 4310 1800 4380 planas
1833 4325 2031 4364 naves.

368 4397 520 4453 Tum
557 4402 811 4470 quatuor
841 4399 1095 4470 majores
1125 4398 1338 4454 scholae
1369 4413 1505 4452 cum
1553 4399 1678 4455 suis
1728 4397 2033 4453 luminari-

446 4630 525 4702 (a)
564 4635 734 4687 Anno
768 4632 906 4688 1454
960 4629 1185 4704 Pascha
1238 4629 1349 4704 fuit
1376 4632 1436 4686 2|
1483 4631 1700 4704 Aprilis
1732 4647 1743 4686 :
1779 4637 2034 4703 coeptum

373 4719 513 4775 ergo
545 4719 788 4775 examen
821 4709 955 4758 ante
985 4703 1418 4759 hebdomadam
1445 4703 1730 4772 sanctam,
1762 4704 1855 4759 die
1879 4704 2038 4761 Jovis

374 4774 510 4846 post
541 4774 903 4830 Dominicam
936 4775 1254 4830 Passionis.

448 4845 526 4917 (b)
557 4848 620 4901 In
661 4847 858 4903 Italico
909 4846 1125 4902 dicitur
1156 4869 1184 4896 «
1217 4863 1402 4918 usque
1424 4847 1483 4902 in
1517 4847 1673 4903 diem
1707 4845 2042 4904 translatio-

374 4917 604 4989 nis,qui
637 4919 748 4974 fuit
777 4919 1129 4974 undecimus
1159 4917 1322 4974 Maii.
1365 4942 1392 4968 ››
1426 4923 1639 4974 Verum
1675 4919 1920 4974 inferius
1952 4920 2040 4974 di-

375 4989 534 5044 citur
565 4989 897 5046 Translatio
928 4992 1081 5046 facta
1137 5013 1166 5038 «
1232 4991 1534 5046 liominica
1591 4991 1744 5045 infra
1775 4996 2040 5045 octavam

376 5062 776 5134 Ascensionis,
808 5085 835 5112 »
870 5079 997 5134 quae
1033 5062 1335 5118 Dominica
1364 5079 1428 5118 eo
1456 5062 1830 5130 anno,littera
1846 5062 2038 5117 Domi-

377 5132 553 5206 nicali
591 5134 650 5200 F,
714 5134 825 5206 fuit
857 5132 981 5190 dies
1019 5135 1055 5187 2
1091 5134 1273 5190 Junii.
1335 5135 1536 5206 Itaque
1595 5134 2038 5206 cespitationem

379 5205 688 5277 scriptoris
737 5204 956 5261 claram
991 5206 1311 5277 corrigens,
1348 5204 1531 5262 delevi
1562 5205 1740 5261 verba
1771 5206 1894 5261 loco
1924 5223 2039 5260 non

377 5292 486 5330 suo
518 5277 732 5347 posita.
760 5277 961 5333 Voluit
990 5278 1236 5332 fortasse
1287 5283 1493 5333 auctor
1550 5279 1761 5344 dicere,
1823 5280 1858 5330 2
1905 5277 2038 5331 Maii

377 5347 543 5402 ﬁnito
577 5349 864 5419 examine,
890 5351 1277 5405 constitutum
1315 5351 1512 5417 fuisse,
1542 5356 1604 5406 ut
1636 5351 1800 5404 ﬁeret
1829 5348 2039 5404 solem-

377 5419 469 5474 nis
498 5421 806 5492 translatio
833 5422 954 5492 jam
986 5421 1139 5476 dicta
1188 5421 1510 5477 Dominica.
1559 5422 1675 5476 Nec
1706 5438 1837 5476 vero
1871 5438 2042 5492 appa-

375 5491 534 5564 ratui
563 5491 891 5548 necessario
935 5492 1168 5548 brevius
1195 5496 1453 5563 tempus,
1485 5509 1664 5564 quam
1698 5493 1872 5547 trium
1908 5491 2043 5546 heb-

377 5561 791 5632 domadarum,
827 5565 1095 5619 sufﬁcere
1130 5561 1390 5636 poterat;
1423 5561 1519 5619 tot
1563 5570 1757 5620 autem
1801 5565 2041 5636 praecise

376 5640 770 5690 numerantur
799 5638 876 5690 ub
910 5637 973 5692 ll
1010 5635 1142 5691 Maii
1175 5636 1247 5690 ad
1278 5637 1313 5690 2
1343 5636 1525 5692 Junii.

448 5707 520 5779 (ε)
552 5707 1012 5780 ίζὴοιρθρὶεοοροε
1038 5705 1317 5780 intellige,
1343 5724 1447 5779 pro
1470 5707 1733 5765 ecclesiis
1763 5706 2040 5780 Castella-

379 5777 461 5835 na
481 5784 540 5836 et
563 5777 851 5836 Gradénsi
884 5777 995 5836 sub
1029 5796 1146 5836 uno
1172 5777 1377 5836 veneti
1408 5780 1842 5852 patriarchatus
1872 5777 2042 5835 titulo

2141 3419 2274 3468 nate
2307 3418 2482 3486 atque
2533 3415 2738 3469 devote
2771 3413 3324 3485 disposita.Interim
3371 3412 3655 3484 paulatim
3695 3412 3801 3466 ad-

2141 3504 2380 3558 natabat
2426 3504 2720 3570 machina,
2763 3507 3032 3558 sanctum
3080 3519 3292 3574 corpus
3343 3518 3476 3557 cum
3509 3518 3614 3556 suo
3647 3517 3801 3556 reve-

2141 3590 2495 3645 rendissimo
2545 3607 2611 3646 ac
2643 3590 3020 3645 serenissimo
3080 3590 3356 3644 comitatu
3391 3589 3583 3645 ferens
3620 3606 3632 3644 :
3667 3607 3796 3658 quae

2141 3679 2242 3734 ubi
2273 3681 2449 3735 etiam
2472 3681 2600 3752 ipsa
2630 3681 2688 3734 in
2714 3681 2953 3736 modum
2984 3697 3191 3736 currus
3213 3679 3590 3752 triumphalis
3617 3679 3804 3751 appli-

2143 3768 2800 3842 cuit,progredientibus
2825 3769 3052 3824 obviam
3087 3769 3356 3841 pluribus
3387 3768 3802 3842 parochiarum

2141 3857 2494 3914 Venetarum
2549 3858 2834 3930 plehanis,
2883 3875 3079 3914 cereos
3125 3859 3378 3930 grandes
3405 3859 3675 3913 ardentes
3707 3873 3803 3930 ge-

2143 3949 2462 4018 stantibus,
2494 3948 2796 4004 sublatum
2829 3953 2916 4004 est
2969 3949 3247 4003 feretrum
3297 3947 3563 4003 humeris
3596 3947 3804 4020 praedi-

2143 4042 2370 4092 ctorum
2404 4039 2800 4110 praelatorum,
2836 4044 3015 4109 atque
3045 4037 3204 4092 intra
3234 4037 3540 4093 ecclesiam
3573 4038 3801 4093 Sanctae

2143 4126 2346 4182 Crucis
2407 4126 2690 4192 delatum,
2749 4127 2808 4181 in
2841 4128 3087 4199 ejusque
3120 4126 3312 4182 medio
3336 4127 3681 4199 impositum
3715 4143 3803 4182 ex-

2144 4215 2296 4271 celso
2329 4216 2582 4287 pegmati
2617 4217 2687 4271 ad
2717 4217 2772 4271 id
2809 4222 3155 4289 prazparato.

2215 4305 2412 4376 Neque
2470 4322 2602 4361 vero
2636 4306 2762 4361 sine
2794 4306 3071 4378 mysterio
3105 4305 3287 4360 fuisse
3344 4306 3596 4372 videtur,
3645 4306 3803 4377 quod

2145 4394 2544 4466 praelaudatus
2576 4394 2903 4451 navarchus
2934 4396 3062 4466 ejus
3095 4395 3284 4450 sancti
3317 4394 3629 4467 copus,qui
3661 4396 3805 4450 dum

2149 4629 2352 4688 unitis.

2223 4703 2297 4775 (ά)
2330 4700 2612 4775 Fantinus
2645 4698 3187 4775 Dan_dulus,nohil_is
3217 4698 3494 4775 Venetus,
3518 4696 3807 4753 Patavinae

2151 4771 2419 4831 Ecclesiae
2460 4772 2692 4845 praefuit
2722 4772 2793 4826 ab
2825 4789 2979 4826 anno
3018 4772 3153 4845 i448
3183 4771 3256 4825 ad
3286 4771 3445 4845 1459.

2224 4848 2293 4916 (θ)
2315 4839 2658 4901 Franciscus
2688 4843 3121 4912 Fuscarus,dux
3144 4859 3246 4916 seu
3317 4842 3592 4916 princeps
3622 4839 3807 4916 Yene;

2152 4911 2391 4988 tiarum,
2429 4919 2499 4972 ab
2533 4933 2685 4972 anno
2721 4917 2856 4970 1423
2883 4917 2954 4970 ad
2988 4911 3410 4988 1457,10ngzevo
3432 4911 3718 4988 regimine
3747 4913 3803 4988 id

2151 4983 2479 5059 assecutus,
2515 5001 2582 5044 ut
2612 5004 3008 5044 successorem
3034 4988 3199 5042 vivus
3226 4983 3542 5056 acciperet;
3567 4984 3720 5055 quod
3755 4983 3807 5039 ei

2152 5067 2398 5117 mortem
2435 5059 2792 5115 acceleravit.

2224 5135 2291 5206 (Γ)
2348 5133 2552 5187 Totam
2592 5131 2764 5206 hanc
2811 5146 3086 5206 pompam
3148 5126 3538 5206 praetermittit
3569 5125 3810 5206 Hermo-

2153 5201 2282 5260 laus
2299 5203 2642 5260 :econtrario
2667 5201 2939 5274 prim’iam
2956 5201 3507 5274 irccep'tionem,‘qua
3536 5201 3806 5253 sanctum

2152 5295 2365 5349 corpus
2396 5278 2467 5331 ad
2508 5272 2824 5331 Castellum
2866 5272 3473 5349 excepit'patriarcha,
3507 5286 3806 5349 commen-

2152 5341 2272 5404 dat-
2303 5367 2336 5403 a
2387 5349 2588 5404 festivo
2623 5350 2903 5417 apparatu
2927 5341 3318 5416 totius—prope
3348 5342 3598 5417 civitatis
3626 5341 3809 5417 in__oc-

2152 5437 2392 5476 cursum
2451 5413 2786 5489 etfuszefet
2855 5413 3176 5489 gratiarum
3240 5413 3410 5484 aegris
3465 5413 3809 5489 corporibus

2153 5485 2661 5564 impetrandarum
2692 5507 2794 5562 spe
2843 5485 3027 5544 visere
3067 5506 3131 5543 ac
3164 5489 3500 5560 contingere
3549 5485 3806 5556 gestien-

2151 5566 2248 5620 tis.

2225 5635 2300 5705 (g)
2331 5633 2614 5689 Parochia
2660 5633 2749 5705 S.A
2784 5630 3091 5703 Euphenim
3119 5648 3172 5683 in
3208 5631 3337 5702 ipsa
3359 5627 3617 5705 Iudaica,
3651 5625 3807 5705 inter

2153 5697 2268 5761 lit)"
2286 5697 2592 5778 parochias
2623 5703 2788 5760 urbis
2819 5697 3049 5759 veneta:
3087 5697 3360 5759 consetur
3388 5697 3801 5770 ultima,vulgo

2151 5780 2206 5834 S.
2239 5780 2461 5837 Fumia.
