4160 6390
385 354 586 412 CCLXX

1776 343 2390 412 PROLEGOMENA.

381 480 528 538 vixit
558 498 662 556 pro
687 479 803 539 ﬁde
855 485 1075 539 sanctae
1105 480 1295 538 crucis
1340 481 1484 538 adeo
1516 480 1758 539 viriliter
1786 483 2042 539 decerta-
2069 486 2124 552 Α
2155 486 2212 539 et
2239 483 2363 549 Ave,
2389 483 2535 555 jube
2562 481 2669 539 tibi
2717 480 3014 541 admoveri
3069 481 3349 557 reliquias
3396 481 3559 542 illius
3586 475 3804 556 Sancti,

381 570 832 639 vit,donandum
866 573 1159 628 censuerit
1188 573 1452 644 ejusdem
1485 573 1881 629 Sanctissimae
1914 576 2049 627 Cru-

384 659 470 716 cis
492 661 750 717 ecclesiae
781 677 792 716 :
819 660 1296 732 quandoquidem
1325 661 1502 717 etiam
1526 661 1772 717 Domino
1792 662 1906 717 Deo
1927 660 2046 733 pla-

384 751 662 821 cuerit,ut
690 751 869 806 vitam
894 751 1087 805 ﬁniret
1109 754 1284 822 atque
1313 751 1381 805 ad
1419 757 1758 823 perpetuam
1793 752 2040 823 gloriam

386 839 667 896 transiret
693 839 751 894 in
784 840 1084 912 pervigilio
1115 841 1317 896 Crucis
1349 840 1912 896 inventae.Collocato
1937 858 2040 894 au-

385 933 527 996 tem,
560 933 625 984 ut
654 929 930 996 diximus,
965 946 1225 1001 corpore,
1259 930 1499 985 recitata
1529 931 1640 985 fuit
1669 930 1861 985 brevis
1906 947 2035 984 ora-

389 1019 492 1085 tio,
527 1035 645 1089 qua
674 1017 825 1073 Deus
855 1017 1206 1074 laudabatur
1233 1019 1303 1074 de
1333 1019 1434 1073 tali
1485 1019 1639 1074 dono
1674 1035 1739 1073 ac
1773 1035 2034 1085 munere,

379 1107 514 1162 huic
545 1107 860 1163 benedicta:
889 1107 1107 1163 civitati
1139 1107 1514 1164 Venetiarum
1551 1108 1929 1180 oblato,quod
1953 1125 2036 1162 es-

375 1201 466 1252 set
494 1214 693 1253 verum
725 1214 936 1269 corpus
971 1199 1148 1252 unius
1178 1215 1246 1253 ex
1280 1203 1494 1252 sancta
1527 1196 1796 1252 Ecclesiae
1830 1197 2031 1251 docto-

372 1285 556 1341 ribus.
592 1290 748 1340 Acta
783 1285 991 1341 deinde
1021 1287 1220 1359 gratiae
1254 1294 1393 1341 sunt
1441 1286 1927 1342 reverendissimo
1967 1287 2029 1340 ῐ).

371 1375 740 1448 patriarchae,
774 1377 1168 1447 omnibusque
1198 1375 1490 1448 episcopis
1521 1379 1578 1431 et
1607 1376 1862 1446 praelatis
1893 1391 2029 1430 eum

369 1465 945 1531 comitantibus,tum
979 1465 1352 1521 serenissimo
1373 1465 1621 1537 principi
1643 1465 1872 1537 totique
1895 1463 2028 1518 illu-

369 1553 667 1608 strissimo
720 1554 972 1622 senatui,
1023 1558 1078 1609 et
1109 1554 1385 1610 omnibus
1415 1570 1514 1610 eos
1545 1555 1785 1620 secutis,
1822 1553 1892 1608 de
1922 1552 2025 1607 tali

369 1658 438 1697 ac
465 1646 628 1697 tanto
660 1642 900 1698 honore.

442 1753 470 1781 ‹‹
503 1735 704 1803 Neque
730 1747 862 1787 vero
895 1732 965 1787 ab
997 1731 1306 1786 hominum
1341 1731 1625 1788 memoria
1654 1731 1778 1787 visa
1819 1737 1909 1788 est
1931 1749 2024 1786 so-

366 1818 643 1877 lemnitas
689 1825 808 1876 tam
840 1825 1046 1876 ornata
1076 1825 1315 1892 tamque
1344 1821 1568 1877 devota.
1602 1821 1895 1894 Rapuerat
1924 1820 2025 1876 illa

367 1910 638 1965 omnium
694 1909 896 1966 oculos
953 1910 1298 1983 animosque
1357 1910 1554 1966 statim
1615 1928 1650 1967 a
1711 1911 2018 1983 principio,

365 1999 604 2070 quando
635 2005 906 2056 sanctum
939 2015 1151 2072 corpus
1181 1999 1548 2056 deferebatur
1577 2001 1648 2056 ab
1685 1999 1933 2055 ecclesia
1962 2004 2019 2054 S.

365 2089 542 2145 Marci
579 2106 593 2157 ;
637 2089 826 2161 magis
856 2105 988 2144 vero
1019 2089 1079 2144 in
1113 2105 1424 2161 progressu
1469 2106 1572 2162 per
1601 2105 1815 2162 aquam
1851 2105 1865 2145 :
1898 2105 2021 2144 ma-

364 2179 522 2236 xime
552 2183 750 2234 autem
785 2179 924 2234 dum
988 2183 1301 2251 poneretur
1347 2178 1471 2234 loco
1529 2195 1656 2248 suo,
1699 2195 1833 2234 cum
1860 2182 2026 2233 tanta

365 2267 560 2342 quiete
591 2284 655 2324 ac
685 2267 1092 2339 reverentia,in
1124 2268 1266 2323 adeo
1296 2269 1503 2340 grandi
1530 2267 1731 2340 populi
1763 2268 2023 2338 undique

367 2357 642 2414 aﬂuentis
673 2357 1076 2427 multitudine,
1112 2362 1177 2412 ut
1205 2357 1406 2413 nullus
1457 2357 1759 2429 strepitus,
1793 2355 2022 2412 nullum

366 2447 598 2520 uspiam
625 2446 1622 2514 scandalumfueritnotatum,nihil
1644 2447 1818 2502 etiam
1847 2446 2022 2501 amis-

369 2553 501 2592 sum
535 2536 918 2609 perditumve.
978 2537 1168 2600 Quare
1199 2535 1653 2592 consolatissimi
1685 2552 1891 2591 omnes
1929 2552 2018 2591 re-

363 2629 1080 2699 cesserunt,agnoscentes
1101 2641 1226 2682 rem
1252 2630 1436 2681 totam
1469 2625 1799 2682 certissimo
1831 2630 2020 2680 actam

362 2732 492 2772 esse
509 2732 576 2770 ex
595 2715 696 2771 Dei
729 2714 1147 2788 omnipotentis
1178 2713 1579 2782 voluntate,ad
1611 2714 2019 2770 honorandum

364 2806 608 2862 Servum
641 2821 815 2861 suum
838 2804 898 2860 in
930 2805 1038 2861 hoc
1062 2805 1364 2860 benedicto
1387 2803 1512 2859 loco
1544 2805 1768 2860 Sanctae
1799 2805 2016 2859 Crucis:

363 2895 520 2967 quod
550 2899 608 2950 et
637 2895 1038 2950 demonstrare
1061 2911 1172 2949 non
1197 2899 1388 2950 cessat
1408 2893 1767 2965 quotidianis
1788 2893 2020 2948 eviden-

362 2984 639 3056 tibusque
659 2983 962 3039 miraculis
993 2999 1058 3038 ac
1081 2983 1287 3055 signis,
1318 3000 1443 3055 quae
1467 2982 1638 3038 isthic
1669 2982 1866 3038 divina
1896 2998 2020 3038 ma-

358 3074 548 3146 jestas
577 3077 874 3145 operatur,
898 3073 956 3127 in
989 3073 1244 3128 favorem
1275 3072 1542 3127 omnium
1575 3071 1674 3144 qui
1709 3089 1770 3128 se
1795 3072 2021 3127 meritis

366 3166 424 3219 et
452 3161 855 3218 intercessioni
885 3165 942 3216 S.
1005 3160 1312 3217 Athanasii
1370 3162 1804 3217 commendant.
1861 3160 2019 3216 Unde

2054 1865 2102 1930 B

2157 576 2216 628 et
2245 573 2440 628 statim
2475 572 2623 628 liber
2652 573 2786 629 eris.
2823 596 2850 623 »
2882 573 3037 629 Fecit
3067 574 3346 646 postridie
3403 576 3554 646 quod
3601 576 3808 647 jussus

2156 666 2282 717 erat
2310 679 2461 734 aeger
2493 663 2648 717 circa
2709 663 2909 717 horam
2959 663 3371 735 Vesperarum,
3431 665 3677 721 accessit
3734 665 3804 720 ad

2159 751 2470 806 ecclesiam
2525 753 2744 806 Sanctae
2796 752 3018 819 Crucis,
3073 753 3170 807 ubi
3222 754 3438 825 reperit
3492 758 3809 826 occupatos

2151 841 2486 896 sacerdotes
2543 841 2600 894 in
2671 846 2873 897 sancto
2932 859 3172 914 corpore
3229 848 3362 915 apte
3420 844 3808 915 decenterque

2149 927 2527 996 collocando;
2560 928 2839 1000 reliquias
2894 931 3022 1002 ejus
3075 930 3291 986 affecta:
3351 933 3609 1004 corporis
3655 932 3805 1004 parti

2148 1017 2424 1089 admovit,
2454 1035 2705 1091 moxque
2733 1020 3030 1074 convaluit
3089 1039 3101 1076 :
3155 1022 3310 1092 quod
3345 1038 3478 1076 cum
3510 1023 3638 1093 ejus
3670 1022 3805 1093 qui-

2147 1107 2283 1162 dam
2317 1109 2618 1180 proximus
2674 1110 3168 1181 consanguineus,
3203 1110 3260 1165 in
3303 1111 3474 1182 cujus
3519 1112 3806 1166 comitatu

2144 1197 2780 1264 advenerat,dubitaret
2801 1199 3090 1254 crederem
3117 1200 3318 1267 Tuis,»
3337 1199 3803 1272 iuquitjuvenis,

2141 1308 2170 1334 «
2206 1287 2483 1342 manibus
2510 1287 2745 1359 explora
2767 1305 2908 1343 num
2933 1289 3235 1343 veritatem
3259 1288 3806 1362 loquar.»Explora-

2142 1373 2220 1431 vit
2250 1374 2369 1443 ille,
2426 1380 2480 1430 et
2543 1376 2624 1430 ita
2682 1394 2802 1432 rem
2864 1394 2925 1433 se
2969 1377 3186 1432 habere
3215 1378 3484 1451 cognovit
3522 1395 3587 1434 ac
3617 1378 3804 1434 credi-

2138 1463 2244 1519 dit.

2211 1577 2238 1603 «
2273 1553 2481 1610 Mulier
2511 1555 2781 1627 qumdam
2831 1554 3238 1627 gravissimam
3273 1557 3606 1629 patiebatur
3636 1557 3801 1613 inﬁr-

2138 1642 2401 1699 mitatem
2434 1660 2537 1715 per
2595 1660 2780 1698 annos
2839 1643 3198 1715 quindecim,
3261 1662 3378 1717 qua
3434 1661 3640 1702 omnes
3670 1649 3802 1719 ejus

2143 1734 2305 1788 nervi
2337 1732 3004 1802 contrahebantur,adeo
3038 1738 3103 1788 ut
3152 1738 3272 1790 toto
3289 1751 3528 1807 corpore
3560 1737 3794 1793 asside-

2142 1825 2269 1877 rata
2294 1822 2480 1877 instar
2509 1821 2834 1894 paralyticae
2868 1826 3158 1878 tremeret.
3194 1822 3349 1880 Nulli
3381 1840 3510 1879 eam
3545 1825 3784 1896 medici,

2135 1911 2434 1966 medicinae
2467 1910 2640 1966 nulla
2669 1913 2875 1982 juvare
2924 1916 3275 1982 potuerant;
3309 1913 3410 1968 sed
3445 1913 3634 1985 magis
3666 1931 3792 1970 ma-

2134 2001 2341 2073 gisque
2365 2001 2794 2073 aggravabatur
2831 1999 3230 2056 malum.Cum
3254 2017 3390 2073 ergo
3424 2001 3805 2060 intellexisset

2134 2089 2391 2146 delatum
2440 2107 2568 2146 esse
2626 2089 2898 2145 Venetias
2928 2089 3251 2162 gloriosum
3284 2106 3496 2162 corpus
3526 2095 3582 2146 S.
3618 2092 3796 2148 Atha-

2134 2179 2304 2245 nasii,
2342 2178 2562 2250 saepius
2593 2177 2924 2250 saepiusque
2953 2178 3218 2248 ejusdem
3243 2179 3517 2250 precibus
3549 2197 3610 2236 se
3641 2198 3801 2237 com-

2134 2269 2411 2323 mendare
2441 2269 2635 2339 saepit.
2670 2269 2930 2332 Quadam
2965 2270 3160 2322 autem
3197 2267 3290 2322 die
3322 2266 3456 2339 plus
3488 2268 3659 2325 solito
3693 2288 3797 2343 pa-

2133 2357 2475 2426 tiens,auxit
2495 2357 2669 2413 etiam
2692 2358 3060 2412 devotionem
3083 2373 3149 2411 ac
3176 2357 3592 2429 fidem,rogans
3609 2359 3795 2415 Deum

2132 2464 2235 2520 per
2263 2446 2554 2502 benedicti
2591 2445 2749 2501 illius
2779 2446 2975 2501 Sancti
3010 2446 3240 2513 merita,
3283 2450 3348 2500 ut
3377 2446 3671 2518 siquidem
3705 2466 3797 2505 sa-

2131 2535 2241 2590 luti
2274 2537 2483 2592 animaa
2510 2553 2629 2590 suis
2658 2535 2928 2606 expedire
2960 2535 3512 2607 cognosceret,hanc
3537 2536 3790 2592 inﬁrmi-

2130 2629 2309 2682 tatem
2342 2642 2376 2680 a
2407 2643 2468 2681 se
2499 2625 2852 2680 auferret.Et
2881 2624 3030 2680 hanc
3061 2624 3382 2680 oralionem
3410 2623 3628 2680 faciens
3660 2643 3781 2681 me-

2129 2715 2246 2771 lius
2290 2715 2398 2770 sibi
2432 2714 2556 2770 ﬁeri
2588 2715 3044 2786 sensit,ipsoque
3074 2715 3167 2770 die
3198 2718 3510 2786 persanata
3538 2715 3782 2786 exstitit,

2131 2823 2237 2861 nec
2267 2804 2527 2878 amplius
2558 2804 2828 2860 morbum
2861 2803 3030 2859 illum
3064 2808 3153 2859 est
3183 2820 3378 2876 passa.

2206 2909 2465 2966 «Mulier
2494 2910 2785 2982 quasdam,
2825 2909 2964 2965 totis
3003 2913 3258 2981 quatuor
3295 2909 3605 2966 mensibus
3655 2927 3792 2967 cum

2134 3000 2388 3055 maximo
2420 2998 2627 3070 capitis
2658 2999 2917 3054 cruciatu
2943 2997 3296 3068 conﬂictata,
3331 3013 3436 3053 nec
3490 3000 3702 3056 minori
3733 3001 3792 3055 in

2131 3088 2390 3153 brachio,
2424 3089 2621 3144 statim
2683 3093 2748 3143 ut
2805 3105 2868 3144 se
2909 3086 3344 3142 commendavit
3375 3087 3434 3142 S.
3465 3087 3790 3144 Athanasio

2133 3177 2444 3250 utriusque
2475 3177 2723 3232 membri
2751 3177 3066 3232 sanitatem
3097 3174 3372 3243 obtinuit,
3397 3179 3453 3231 et
3484 3178 3794 3250 utriusque

361 3251 498 3308 licet
528 3251 908 3325 Pmbi"tiones
941 3250 1238 3324 ΡΓείεάίοῖδ3
1270 3251 1684 3322 deﬁcerent,“
1716 3249 2021 3306 declaran'
2053 3237 2096 3304 C
2135 3237 2366 3322 cereum
2399 3265 2784 3322 simulacrum
2809 3264 3105 3336 attulit,ad
3128 3237 3487 3320 visitandum
3519 3237 3792 3323 sanctum

363 3341 506 3398 dum
537 3341 693 3414 quod
725 3341 836 3396 hoc
869 3341 946 3397 sit
976 3356 1176 3396 verum
1213 3356 1424 3412 corpus
1459 3345 1514 3394 S.
1549 3340 1875 3404 Athanasii,
1911 3339 2016 3411 qui

358 3430 597 3503 scripsit
627 3429 935 3502 pulchrum
968 3429 1128 3485 istud
1155 3427 1511 3502 symbolum,
1553 3429 1874 3500 Quicunque
1903 3430 2021 3484 vult

358 3521 543 3577 salvus
571 3535 724 3588 esse;
755 3517 1122 3575 miraculosaa
1179 3523 1378 3573 tamen
1420 3518 1645 3588 gratiae,
1694 3535 1841 3588 quas
1882 3518 2018 3575 fecit

363 3611 514 3666 Deus
546 3608 899 3680 specialibus
959 3607 1314 3680 quibusdam
1375 3608 1662 3680 personis,
1695 3609 1767 3663 ad
1818 3608 2014 3680 ipsum

360 3697 693 3772 symbolum
711 3700 958 3769 ejusque
979 3697 1300 3771 gloriosum
1324 3701 1621 3753 auctorem
1648 3697 1740 3769 pie
1771 3696 2014 3766 devotis,

359 3787 699 3843 sufﬁcerent
727 3787 797 3841 ad
833 3785 1065 3859 plenam
1099 3786 1509 3842 certitudinem
1542 3785 2015 3842 faciendam.Ali-

359 3892 509 3948 quas
537 3891 842 3943 earum,ne
869 3875 1102 3948 longior
1130 3875 1432 3948 prolixitas
1466 3876 1768 3932 fastidium
1805 3876 2012 3949 pariat,

359 3964 455 4020 hic
486 3967 913 4035 consequenter
942 3964 1309 4020 subnectam.
1343 3986 1370 4014 »

365 4088 652 4146 Miracula
682 4089 737 4145 S.
773 4087 1064 4145 Athanasii
1114 4090 1391 4173 praecipue
1441 4099 1561 4162 post
1590 4091 2014 4146 translationem

1055 4177 1319 4233 corporis.

436 4287 460 4317 ι
495 4265 755 4323 Primum
787 4267 939 4339 quod
991 4269 1048 4323 S.
1080 4268 1438 4324 Athanasius
1469 4269 1605 4324 fecit
1635 4269 2010 4338 miraculum,

359 4356 585 4413 censeri
617 4357 789 4413 debet
817 4357 1208 4414 suavissimus
1238 4361 1402 4426 odor,
1435 4359 1754 4430 procedens
1781 4359 1854 4414 ab
1883 4360 2013 4429 ejus

358 4461 618 4518 corpore,
639 4462 705 4501 eo
737 4445 798 4501 in
829 4445 954 4502 loco
987 4447 1045 4502 in
1076 4463 1190 4519 quo
1214 4447 1326 4503 fuit
1355 4448 1855 4519 depositum,cum
1889 4464 2012 4502 ma-

356 4535 514 4591 xima
540 4533 1054 4591 circumstantium
1081 4537 1347 4592 omnium
1373 4535 2015 4600 admiratione.Quanto

2126 3373 2337 3429 corpus
2365 3372 2500 3412 cum
2531 3355 2856 3429 gratiarum
2890 3354 3117 3410 actione
3138 3353 3395 3409 veniens.
3421 3355 3550 3411 Alia
3582 3356 3796 3413 mulier

2126 3444 2374 3502 filiolum
2415 3445 2686 3511 habebat,
2719 3445 2909 3516 capite
2938 3447 3171 3499 tantum
3200 3441 3405 3498 inﬂato
3457 3447 3525 3498 ut
3553 3443 3784 3500 nullam

2125 3533 2317 3590 lucem
2349 3533 2535 3591 oculis
2559 3533 2897 3589 admitteret
2929 3549 2941 3587 :
2979 3531 3181 3599 posuit
3206 3536 3403 3587 autem
3444 3549 3579 3588 eum
3612 3550 3794 3606 super

2125 3623 2308 3680 altare
2336 3626 2395 3680 S.
2429 3623 2758 3693 Athanasii,
2794 3628 2849 3679 et
2879 3638 3025 3696 puer
3052 3638 3249 3677 coram
3295 3621 3499 3677 multis
3532 3640 3790 3695 prasen-

2125 3714 2284 3769 tibus
2317 3715 2546 3785 aperuit
2578 3712 2777 3768 oculos
2819 3729 2886 3768 ac
2934 3711 3089 3768 clare
3144 3710 3338 3766 videre
3398 3713 3592 3784 ccepit.
3652 3715 3790 3769 Ter-

2125 3802 2226 3867 tia,
2259 3819 2446 3875 eaque
2478 3802 2698 3858 nobilis
2757 3803 3036 3858 continuo
3099 3815 3250 3856 anno
3283 3798 3591 3855 brachium
3625 3800 3788 3858 dole-

2124 3892 2226 3948 bat
2282 3893 2424 3948 adeo
2455 3893 2712 3964 graviter
2769 3896 2833 3946 ut
2873 3891 3069 3963 ipsum
3133 3888 3294 3944 nulla
3334 3894 3534 3960 posset
3562 3889 3790 3946 ratione

2125 3998 2394 4038 movere:
2428 3998 2556 4052 quae
2605 3985 2815 4036 Sancto
2846 3997 2910 4036 se
2956 3979 3396 4044 commendans,
3457 3981 3514 4033 et
3544 3978 3786 4045 Quicun-

2122 4087 2227 4142 que
2255 4071 2532 4139 recitans,
2567 4075 2742 4142 atque
2771 4071 3037 4126 alfectam
3062 4072 3287 4141 partem
3312 4083 3482 4123 cruce
3513 4066 3786 4140 signans,

2122 4160 2316 4216 subito
2349 4159 2653 4216 liberatam
2688 4178 2722 4216 a
2746 4160 3007 4216 cruciatu
3040 4159 3138 4214 illo
3161 4173 3287 4214 sese
3318 4160 3556 4229 experta
3586 4162 3645 4214 et
3676 4159 3793 4213 mi-

2134 4253 2262 4305 rata
2290 4253 2401 4304 est.

2201 4377 2227 4409 α
2256 4356 2455 4412 Altera
2487 4357 2699 4412 faedum
2731 4356 2792 4412 in
2826 4356 2971 4412 facie
3003 4354 3274 4411 morbum
3299 4353 3650 4426 patiebatur,
3683 4371 3797 4410 nec

2125 4463 2159 4502 a
2185 4444 2432 4501 medicis
2461 4445 2551 4500 vel
2583 4445 2892 4500 medicinis
2924 4443 3112 4500 ullum
3170 4444 3394 4499 ferebat
3447 4443 3734 4500 auxilium
3770 4461 3782 4501 :

2125 4552 2307 4608 quare
2368 4534 2623 4590 multum
2683 4535 2856 4590 anxia
2910 4533 3163 4590 decrevit
3212 4533 3448 4589 visitare
3480 4548 3694 4604 corpus
3734 4535 3792 4589 S.

359 4622 517 4679 enim
549 4625 619 4679 ad
652 4641 787 4680 eum
833 4624 1028 4680 locum
1086 4626 1338 4697 quisque
1394 4625 1707 4680 accedebat
1750 4625 2012 4697 propius,
2051 4612 2092 4676 Ι)
2121 4624 2455 4689 Athanasii,
2485 4641 2682 4680 coram
2715 4641 2831 4696 quo
2865 4641 3040 4679 orans
3071 4622 3255 4677 dixit:
3281 4645 3308 4671 ‹‹
3338 4621 3584 4677 Domine
3613 4621 3795 4692 Deus,

359 4716 520 4767 tanto
552 4713 743 4786 magis
773 4712 943 4768 illum
975 4715 1333 4786 suaviusque
1392 4713 1766 4786 percipiebat,
1799 4719 1856 4769 et
1881 4731 2016 4769 cum

360 4805 596 4873 stupore
623 4802 1018 4867 dicebatzoum
1044 4802 1156 4858 ista
1187 4808 1275 4858 est
1307 4803 1627 4876 fragrantia
1647 4803 1675 4857 ‘I
1705 4820 1883 4875 quam
1907 4804 2018 4858 mi-

363 4889 604 4946 rabilis!
642 4891 702 4946 In
735 4890 862 4962 ipso
902 4895 1100 4946 autem
1147 4908 1267 4948 suae
1311 4891 1714 4948 translationis
1763 4892 2017 4966 glorioso

361 4980 480 5048 die,
521 4997 874 5052 quacunque
918 4997 1084 5036 sacro
1115 4997 1329 5053 corpus
1358 4981 1828 5054 transibat,idem
1877 4983 2020 5038 odor

366 5069 819 5141 percipiebatur.

429 5158 943 5230 «Fueratpraasens
957 5157 1461 5229 Venetiisjuvenis
1478 5158 1720 5230 quidam
1734 5164 1980 5215 Parmcn
2001 5189 2018 5198 -

358 5246 601 5318 sis,cum
628 5265 862 5304 sacrum
895 5265 1108 5319 corpus
1125 5265 1192 5303 ex
1216 5247 1347 5302 navi
1377 5247 1595 5303 elatum
1629 5249 1817 5320 primo
1839 5251 2016 5321 depo-

357 5341 596 5391 neretur
625 5338 779 5408 apud
811 5338 1085 5392 Sanctam
1108 5337 1352 5393 Crucem
1386 5353 1398 5390 :
1434 5336 1570 5391 huic
1599 5337 1809 5394 deinde
1833 5339 2017 5411 pestis

365 5425 599 5480 advenit
631 5443 643 5480 :
677 5443 795 5497 qua
822 5426 1233 5493 invalescente,
1266 5426 1538 5497 apparuit
1565 5427 1613 5481 ei
1668 5433 1841 5483 noctu
1875 5446 2015 5484 san-

367 5516 499 5568 ctus
527 5514 767 5584 quidam
798 5515 1128 5587 episcopus,
1161 5531 1415 5586 eumque
1465 5515 1801 5573 confortans
1834 5535 1846 5573 :
1877 5540 1905 5568 «
1935 5519 2017 5574 Ne

361 5598 650 5667 animum,
683 5602 893 5674 inquit,
953 5603 1252 5676 desponde
1284 5619 1296 5659 :
1328 5603 1428 5659 sed
1461 5603 1605 5659 vade
1639 5605 1710 5660 ad
1742 5610 2014 5663 Sanctam

363 5691 608 5749 Crucem
633 5689 692 5746 in
721 5691 1189 5764 Judaica,ibique
1221 5692 1424 5748 devote
1457 5691 1709 5750 recitans
1738 5697 1826 5751 ter
1852 5697 2018 5753 Pater

2130 4737 2158 4764 «
2192 4730 2294 4786 per
2317 4715 2528 4768 merita
2549 4712 2730 4783 hujus
2753 4711 2988 4783 gloriosi
3011 4710 3481 4782 Sancti,dignare
3502 4709 3650 4766 mihi
3670 4712 3798 4767 red-

2134 4823 2156 4852 ι
2183 4803 2318 4858 dere
2335 4801 2853 4874 sanitatem,quam
2870 4801 3078 4856 medici
3104 4817 3169 4856 ac
3193 4800 3496 4856 medicina:
3523 4801 3798 4870 restitue-

2128 4915 2156 4943 ‹‹
2192 4909 2252 4947 re
2283 4895 2586 4962 nequeunt
2618 4907 2630 4946 :
2667 4914 2696 4940 ››
2729 4895 2858 4946 tum
2888 4890 3261 4963 globulorum
3322 4891 3788 4962 precatoriorum

2127 4981 2536 5052 sertum,quod
2591 4979 2820 5051 corpori
2872 4984 3073 5035 sancto
3119 4979 3476 5050 admoverat,
3510 4979 3798 5052 applicuit

2124 5069 2335 5140 vultui,
2371 5086 2436 5125 eo
2469 5085 2530 5124 se
2564 5069 2690 5124 loco
2722 5069 2926 5125 devote
2962 5069 3205 5141 signans
3236 5069 3335 5123 ubi
3370 5067 3591 5124 malum
3622 5069 3801 5125 sede-

2127 5161 2246 5231 bat,
2279 5163 2338 5215 et
2381 5162 2587 5214 sanata
2614 5157 2744 5213 fuit.
2771 5157 2996 5214 Nobilis
3026 5158 3267 5231 quidam
3299 5157 3579 5230 grandiet
3605 5157 3792 5212 conti-

2127 5265 2265 5316 nua,
2300 5265 2476 5320 quam
2517 5247 2869 5320 patiebatur,
2906 5248 3052 5303 febri
3088 5248 3160 5304 ad
3194 5251 3442 5302 mortem
3475 5246 3788 5312 adductus,

2123 5339 2280 5394 vovit
2303 5337 2581 5410 praedicto
2611 5336 2867 5408 glorioso
2900 5337 3135 5405 Sancto,
3195 5336 3347 5409 quod
3383 5335 3432 5390 si
3466 5351 3500 5390 a
3530 5334 3688 5389 febre
3719 5333 3790 5388 li-

2127 5425 2689 5493 beraretur,nullum
2729 5425 2914 5482 alium
2947 5427 3018 5482 ad
3051 5426 3245 5482 locum
3275 5424 3439 5496 prius
3473 5423 3788 5495 iret,quam

2126 5519 2198 5573 ad
2216 5516 2580 5571 visitandum
2606 5517 2734 5586 ejus
2754 5516 3189 5588 corpus,ibique
3211 5513 3519 5586 pulchram
3543 5513 3791 5570 missam

2127 5605 2346 5663 cantari
2372 5604 2586 5660 faceret
2619 5621 2631 5659 :
2667 5621 2918 5676 moxque
2947 5611 3189 5660 sanatus
3217 5608 3419 5660 votum
3451 5620 3628 5659 suum
3653 5621 3790 5660 cum

2125 5693 2416 5768 singulari
2449 5692 2756 5751 devotione
2785 5692 3069 5766 implevit.
