4160 6388
1576 356 1678 420 DE
1721 355 1982 422 CUL'l‘U
2025 353 2093 418 S.
2135 349 2587 421 ATHANASII.

3576 376 3788 430 CCLXXI

443 509 474 539 κ
505 483 769 546 Mulieris
784 489 1091 562 cujusdam
1115 489 1387 548 inﬁrmus
1408 489 1564 546 ﬁlius
1587 493 1776 564 magis
1802 493 2012 564 magis.
2048 500 2103 566 Α
2132 493 2218 545 ret
2247 491 2317 545 ad
2349 492 2619 549 Sanctam
2651 493 3025 568 Crucem,ubi
3056 500 3144 554 est
3173 496 3331 554 istud
3382 515 3596 572 corpus
3651 518 3788 558 san-

372 595 487 652 que
517 580 780 652 quotidie
813 582 1086 653 vergebat
1117 582 1186 636 ad
1223 585 1470 636 mortem
1509 600 1520 648 ;
1548 583 1645 637 sed
1693 583 1762 636 ad
1828 587 2027 637 votum

370 669 834 740 matris,ceream
857 687 960 741 pro
991 687 1057 724 eo
1089 674 1350 725 statuam
1383 687 1516 725 cum
1550 671 1814 736 missa,si
1855 689 2025 726 sana-

366 763 527 816 retur
557 759 829 814 dicenda-
861 759 1274 830 promittentis,
1300 759 1495 815 subito
1519 759 1828 815 convaluit.
1863 761 2027 816 Alius

367 867 532 922 puer,
568 852 821 921 quatuor
851 849 1145 904 mensium
1198 850 1386 920 spatio
1447 849 1833 916 assideratus,
1905 855 2029 906 erat

369 939 480 994 sub
511 955 651 992 cura
677 938 1038 993 medicorum
1076 963 1088 1004 ;
1121 938 1221 992 sed
1246 955 1375 993 eam
1408 938 1553 993 nihil
1591 939 1867 1009 proﬁcere
1930 956 2024 993 ex-

370 1027 602 1100 periens
636 1031 822 1081 mater
850 1027 986 1082 huic
1018 1026 1270 1100 glorioso
1302 1032 1505 1082 sancto
1540 1044 1674 1082 eum
1726 1044 2024 1083 commen-

370 1116 552 1182 davit,
583 1120 640 1171 et
671 1116 827 1171 brevi
859 1116 1047 1187 spatio
1074 1121 1450 1187 persanatum
1501 1117 1727 1172 habuit.
1789 1117 2027 1173 Juvenis

371 1205 946 1279 quidamincurabili
979 1206 1322 1262 inﬁrmitate
1365 1224 1570 1262 novem
1635 1207 1804 1261 annis
1865 1206 2026 1262 labo-

369 1314 532 1364 rans,
568 1296 822 1368 signavit
851 1313 912 1351 se
944 1295 1186 1351 candela
1217 1313 1341 1367 quae
1363 1313 1575 1368 corpus
1610 1313 1844 1352 sacrum
1894 1297 2024 1351 atti-

370 1389 554 1459 gerat,
589 1386 903 1457 subitoque
934 1385 1247 1454 convaluit,
1267 1389 1443 1456 atque
1471 1387 1625 1441 vovit
1657 1385 1854 1457 ipsum
1888 1404 2026 1441 san-

374 1479 534 1532 ctum
569 1491 783 1546 corpus
809 1474 1084 1530 visitare:
1115 1476 1215 1530 sed
1248 1475 1390 1547 quia
1422 1479 1620 1530 votum
1655 1475 1898 1547 implere
1922 1493 2027 1531 ne-

371 1563 568 1637 glexit,
593 1564 797 1618 eadem
824 1562 934 1634 ipsi
956 1562 1272 1617 inﬁrmitas
1303 1568 1361 1618 et
1393 1563 1579 1617 multo
1630 1579 1806 1634 quam
1858 1570 2028 1617 antea

373 1652 605 1727 gravior
636 1652 825 1708 rediit.
861 1651 1102 1708 Femina
1124 1653 1391 1723 quaedam
1427 1651 1680 1706 habebat
1701 1651 1888 1706 ﬁlium
1927 1651 2026 1722 qui

372 1742 561 1814 spatio
589 1742 852 1814 quinque
884 1741 1177 1796 mensium
1205 1741 1304 1796 diu
1330 1745 1623 1811 noctuque
1657 1757 1770 1796 non
1796 1741 2026 1796 desine-

373 1833 474 1888 bat
503 1831 747 1903 ejulare,
779 1847 893 1903 prae
926 1830 1187 1885 cruciatu
1238 1847 1413 1902 quem
1477 1831 1844 1885 sustinebat:
1872 1831 2023 1902 quod

375 1937 620 1977 cernens
655 1921 874 1975 afﬂicta
904 1925 1093 1974 mater
1149 1936 1448 1991 pueroque
1507 1919 1892 1990 compatiens,
1945 1936 2032 1974 re-

375 2011 614 2067 cordata
647 2015 737 2065 est
771 2010 953 2080 hujus
1000 2009 1296 2064 benedicti
1347 2009 1561 2074 sancti,
1614 2007 1886 2080 vovitque
1941 2008 2035 2063 de-

376 2100 524 2155 ferre
555 2099 744 2154 ﬁlium
779 2100 838 2154 in
863 2098 1168 2154 ecclesiam
1201 2098 1303 2152 ubi
1332 2099 1459 2169 ejus
1492 2115 1702 2170 corpus
1748 2101 2031 2152 servatur.

375 2190 490 2246 Nec
520 2206 719 2245 mora:
757 2193 999 2245 sanatus
1033 2193 1122 2244 est
1156 2204 1319 2261 puer,
1353 2193 1410 2243 et
1439 2192 1639 2244 votum
1673 2204 1846 2242 suum
1905 2187 2036 2242 laeta

379 2283 569 2335 mater
597 2279 842 2352 implere
872 2279 1189 2334 festinavit.

449 2408 477 2436 «
510 2385 642 2441 Alia
665 2385 903 2450 femina,
939 2385 1191 2457 quadarn
1228 2384 1319 2440 sui
1352 2385 1611 2455 corporis
1635 2386 1796 2454 parte
1845 2383 2036 2454 impe-

386 2473 526 2546 dita,
553 2475 1005 2531 commendabat
1037 2491 1098 2530 se
1119 2474 1295 2529 variis
1327 2473 1545 2545 quibus
1583 2474 1785 2528 devote
1819 2473 2034 2528 afﬁcie-

385 2565 558 2621 batur
576 2565 817 2632 sanctis,
854 2564 1141 2637 prmcipue
1165 2563 1224 2618 in
1267 2563 1606 2619 eorumdem
1623 2561 2036 2618 festivitatibus

386 2655 636 2727 gratiam
693 2654 1000 2726 postulans
1049 2653 1368 2721 sanitatis;
1433 2651 1684 2723 denique
1733 2651 1908 2706 etiam
1963 2652 2034 2706 ad

384 2743 443 2798 S.
476 2743 864 2799 Athanasium
896 2760 957 2799 se
1017 2746 1378 2811 convertens,
1438 2741 1752 2811 subitoque
1811 2744 2033 2808 curata,

385 2831 626 2889 nescivit
657 2833 891 2888 cuinam
924 2832 1397 2904 potissimum,ex
1415 2830 1684 2902 pluribus
1699 2847 1846 2902 quos
1876 2831 2036 2884 invo-

383 2927 634 2988 caverat,
666 2925 965 2994 acceptam
995 2921 1233 2976 deberet
1263 2920 1580 2975 sanitatem
1625 2920 1854 2974 referre.
1888 2919 2035 2974 Hinc

382 3011 542 3067 vario
575 3011 997 3084 cogitationum
1028 3012 1412 3082 aestujactata
1444 3027 1578 3064 cum
1615 3009 1865 3063 multum
1926 3025 2033 3062 an-

386 3099 665 3168 xiaretur,
700 3104 757 3155 et
777 3100 871 3155 die
902 3101 1157 3172 quadam
1191 3104 1317 3154 orta
1353 3099 1506 3153 inter
1551 3098 1740 3169 ipsam
1792 3106 1845 3153 et
1895 3114 2032 3152 con-

383 3194 600 3246 sortem
623 3189 809 3261 litigio
841 3192 1042 3244 coacta
1069 3189 1277 3243 fuisset
1306 3189 1478 3243 domo
1511 3186 1725 3259 egredi,
1748 3188 1940 3242 denuo
1973 3203 2034 3241 se

381 3279 815 3336 commendavit
844 3279 902 3334 S.
954 3277 1295 3347 Athanasio,
1357 3277 1603 3332 dicens:
1661 3300 1685 3326 α
1737 3276 1780 3332 Ο
1836 3280 2034 3330 sancte

380 3390 411 3419 ‹‹
434 3369 740 3438 Athanasi,
775 3367 824 3424 si
853 3371 916 3422 tu
948 3383 1010 3422 es
1040 3366 1140 3422 ille
1169 3383 1272 3440 per
1293 3367 1464 3437 cujus
1483 3366 1691 3421 merita
1721 3363 2033 3421 Deusmihi

386 3480 416 3510 ‹‹
448 3457 696 3514 contulit
727 3457 1061 3528 sanitatem,
1087 3456 1174 3511 fac
1199 3456 1436 3511 obsecro
1468 3458 1533 3509 ut
1563 3455 1803 3509 domum
1851 3470 2034 3508 rever-

381 3570 409 3598 ‹‹
439 3552 571 3603 tens
605 3563 807 3619 pacem
830 3546 1157 3602 inveniam:
1188 3568 1216 3594 n
1233 3545 1553 3616 eodemque
1577 3544 1668 3602 die
1693 3544 2034 3599 desiderata:

385 3637 584 3709 gratiae
617 3653 858 3708 compos
890 3637 1057 3706 facta,
1091 3636 1267 3690 vitam
1297 3635 1571 3706 deinceps
1602 3651 1735 3689 cum
1769 3639 2037 3689 consorte

388 3727 507 3799 egit
527 3728 585 3782 in
618 3743 780 3799 pace,
812 3725 1313 3798 quemadmodum
1347 3728 1536 3782 antea.

451 3816 788 3872 «Triremis
827 3816 1094 3887 quaedam
1153 3814 1460 3887 peregrina
1511 3814 1849 3886 jactabatur
1894 3817 2036 3868 tem-

381 3909 606 3979 pestate
638 3907 696 3960 in
732 3905 902 3978 mari,
935 3922 1068 3960 cum
1103 3905 1519 3976 superveniens
1553 3904 1764 3959 ﬂuctus
1787 3903 2032 3974 quinde-

378 3995 491 4052 cim
524 4013 594 4052 ex
626 4012 692 4051 eo
725 3995 995 4051 homines
1025 3994 1240 4066 rapuit,
1274 3997 1331 4049 et
1368 3999 1607 4048 caeteros
1658 3992 1741 4047 ita
1807 3997 2032 4048 conter-

377 4085 515 4153 ruit,
551 4089 617 4141 ut
645 4086 717 4141 de
749 4085 863 4141 vita
890 4101 1000 4140 sua
1055 4085 1432 4156 desperantes
1492 4087 1729 4154 peccata
1785 4082 2033 4138 invicem

377 4175 818 4230 conﬁterentur.
853 4174 990 4228 Erat
1021 4172 1171 4228 inter
1201 4189 1299 4227 eos
1327 4172 1700 4244 quidam,qui
1753 4177 2032 4228 Constan-

376 4263 627 4336 tinopoli
658 4261 944 4319 exsistens
995 4262 1188 4318 fuerat
1243 4261 1486 4317 devotus
1544 4261 1602 4317 S.
1667 4261 2030 4317 Athanasio:

376 4349 516 4406 huic
545 4366 683 4424 ergo
714 4354 912 4406 votum
945 4349 1083 4405 facit
1117 4367 1129 4416 ;
1163 4352 1220 4404 et
1250 4364 1380 4403 ecce
1413 4349 1625 4404 ﬂuctus
1676 4349 1746 4403 ab
1777 4349 1890 4404 alio
1949 4349 2033 4405 1a-

375 4441 497 4494 tere
526 4438 586 4492 in
621 4437 820 4493 navim
851 4438 1091 4494 veniens
1121 4437 1283 4510 ipsos
1315 4436 1447 4492 illos
1489 4437 1823 4508 quindecim
1885 4455 2034 4510 quos

376 4527 535 4600 prior
564 4533 902 4584 excusserat
932 4529 990 4582 in
1022 4545 1150 4583 eam
1184 4527 1465 4598 reposuit,
1510 4527 1777 4599 factaque
1807 4532 1895 4582 est
1931 4546 2030 4583 su-

2139 582 2456 653 ctum.Ipso
2489 600 2623 654 ergo
2656 585 2752 639 illo
2787 588 3076 643 matutino
3111 591 3370 660 tempore
3401 591 3786 647 deduxiteam

2138 673 2407 724 matrona
2440 673 2711 742 praedicta
2736 691 2869 730 cum
2904 677 3028 732 suis
3060 677 3305 734 furcillis
3336 679 3410 734 ad
3441 681 3786 751 pradictum

2139 763 2431 826 sanctum,
2480 763 2769 818 mandans
2830 765 3062 820 duobus
3122 766 3359 823 famulis
3409 773 3474 823 ut
3530 786 3658 824 eam
3718 771 3789 825 de

2138 847 2346 918 cymba
2375 848 2584 904 elatam
2621 868 2988 924 carrucaeque
3020 854 3361 925 impositam
3393 857 3668 913 veherent
3716 861 3788 914 ad

2138 934 2444 991 ecclesiam
2485 956 2496 992 :
2533 956 2660 1008 quae
2694 941 2946 996 multum
2991 944 3191 999 devote
3251 961 3310 998 se
3360 948 3794 1003 commendavit

2139 1023 2442 1080 bencdicto
2475 1026 2568 1080 isti
2607 1028 2840 1100 Sancto,
2874 1047 2938 1085 ac
2995 1032 3205 1088 deinde
3264 1035 3503 1089 domum
3566 1042 3794 1092 revecta

2139 1117 2227 1168 est
2248 1131 2378 1168 cum
2400 1116 2638 1171 domina
2669 1135 2793 1173 sua.
2837 1122 3109 1192 Sequenti
3140 1127 3332 1178 autem
3365 1129 3533 1180 nocte
3613 1143 3793 1198 appa-

2139 1203 2256 1256 ruit
2288 1204 2477 1259 eidem
2513 1207 2824 1279 episcopus
2857 1211 3191 1281 pradictus,
3226 1229 3474 1284 eamque
3533 1215 3791 1287 palpavit

2143 1309 2247 1364 per
2273 1311 2475 1350 omnes
2508 1312 2606 1351 eas
2637 1303 2837 1368 partes
2870 1301 3127 1371 corporis
3157 1301 3216 1355 in
3247 1303 3464 1373 quibus
3490 1308 3614 1360 erat
3644 1306 3792 1362 assi-

2139 1382 2343 1438 derata
2377 1401 2390 1438 :
2423 1385 2705 1456 dixitque,
2741 1409 2767 1437 ‹‹
2801 1388 2963 1443 Scias
2995 1393 3051 1443 te
3081 1406 3205 1445 esse
3235 1407 3440 1446 sanam
3476 1436 3488 1460 ,
3524 1415 3552 1444 »
3593 1395 3792 1450 abstu-

2137 1470 2321 1543 litque
2357 1473 2615 1529 furculas
2639 1471 2812 1545 juxta
2842 1478 3428 1551 positas,detu1itqua
3461 1483 3529 1536 ad
3548 1482 3791 1539 alteram

2140 1561 2396 1616 cubiculi
2430 1567 2676 1634 partem.
2712 1566 3009 1637 Evigilans
3041 1571 3238 1622 autem
3272 1567 3373 1624 illa
3393 1571 3797 1628 somniassese

2141 1650 2432 1714 credebat,
2460 1657 2636 1724 atque
2669 1654 2738 1708 ad
2771 1655 3029 1711 furculas
3061 1656 3377 1728 capiendas
3399 1675 3641 1716 manum
3699 1679 3796 1718 ex-

2139 1740 2410 1807 tendens,
2445 1742 2647 1797 deesse
2685 1743 2818 1798 illas
2874 1745 3278 1816 deprehendit.
3340 1749 3605 1804 Tentavit
3661 1767 3796 1823 ergo

2144 1845 2284 1882 num
2311 1831 2534 1902 absque
2566 1831 2637 1888 iis
2671 1849 2899 1889 movere
2922 1851 2983 1889 se
3016 1839 3235 1906 posset,
3290 1838 3678 1910 movebatque
3736 1856 3798 1896 se

2145 1916 2363 1988 optimc
2399 1935 2411 1973 :
2449 1936 2629 1990 quare
2662 1921 2857 1977 subito
2890 1939 3230 1996 assurgens,
3266 1925 3532 1981 maxima
3562 1928 3802 1983 eumlae-

2146 2005 2276 2060 titia
2308 2009 2560 2078 perrexit
2582 2010 2650 2064 ad
2685 2011 3024 2066 cubiculum
3057 2013 3308 2068 dominae
3341 2032 3459 2070 suae
3493 2034 3504 2082 ;
3539 2021 3598 2071 et
3628 2017 3797 2089 quid-

2146 2095 2286 2166 quid
2321 2097 2610 2154 acciderat
2641 2099 2753 2154 sibi
2791 2100 2979 2156 eidem
3016 2103 3290 2157 narravit.
3321 2103 3424 2159 Die
3458 2110 3656 2161 autem
3712 2107 3796 2163 fa-

2146 2189 2238 2240 cto
2280 2187 2437 2242 venit
2498 2189 2568 2243 ad
2625 2193 2896 2245 Sanctam
2954 2191 3198 2247 Crucem
3253 2192 3313 2248 in
3360 2194 3608 2251 Judaica
3655 2212 3793 2252 cum

2145 2276 2360 2346 gaudio
2384 2293 2617 2350 magno,
2652 2280 2991 2352 curavitque
3022 2280 3100 2336 ibi
3159 2284 3507 2338 cantandam
3551 2285 3796 2342 missam

2147 2363 2206 2418 in
2267 2365 2549 2422 honorem
2608 2368 2786 2439 hujus
2861 2369 3097 2441 gloriosi
3183 2371 3237 2425 S.
3323 2373 3664 2430 Athanasii:
3744 2380 3801 2431 et

2145 2453 2206 2508 in
2241 2461 2691 2513 monumentum
2720 2459 2856 2514 facti
2886 2458 2944 2512 in
2977 2476 3039 2514 se
3057 2459 3557 2518 miraculiibidem
3589 2481 3803 2536 appen-

2147 2543 2232 2597 dit
2264 2544 2523 2601 furculas
2555 2563 2719 2614 suas,
2752 2547 3002 2603 laudans
3035 2553 3214 2604 Deum
3254 2554 3311 2604 et
3365 2550 3519 2606 hunc
3570 2553 3803 2608 benedi-

2147 2635 2306 2688 ctum
2341 2639 2639 2703 Sanctum,
2675 2636 2776 2708 qui
2808 2641 2927 2692 tam
2962 2636 3274 2709 pulchrum
3326 2639 3679 2697 miraculum
3739 2643 3799 2698 in

2146 2737 2208 2775 se
2239 2721 2428 2776 fuerat
2457 2728 2749 2794 Operatus.

2223 2848 2250 2880 «ι
2279 2828 2382 2882 Vir
2412 2830 2651 2901 quidam
2683 2831 2968 2887 honestus
2991 2850 3057 2888 ex
3084 2834 3334 2889 Pastena
3392 2839 3448 2890 et
3502 2836 3615 2892 duc
3671 2838 3801 2910 ejus

2149 2916 2252 2971 ﬁlii
2285 2918 2657 2989 patiebantur
2687 2937 2924 2992 gravem
2952 2922 3358 2978 inﬁrmitatem
3396 2941 3407 2979 :
3444 2942 3700 2997 cumque
3747 2927 3798 2982 ei

2145 3007 2403 3062 venisset
2434 3008 2487 3060 in
2525 3010 2870 3065 memoriam
2907 3012 3139 3084 egregia
3171 3013 3454 3069 festivitas
3480 3031 3598 3086 qua
3662 3015 3804 3072 cele-

2146 3094 2314 3149 brata
2344 3098 2529 3151 fuerat
2560 3100 2617 3151 S.
2649 3098 2952 3154 Athanasii
2987 3100 3314 3169 translatio,
3349 3102 3538 3158 eidem
3561 3121 3690 3160 sese
3747 3109 3804 3160 et

2148 3182 2299 3238 ﬁlios
2332 3201 2472 3239 suos
2502 3186 2779 3242 devovit:
2835 3190 3156 3259 eademque
3215 3189 3357 3245 hora
3412 3193 3603 3246 sanati
3663 3199 3804 3249 sunt

2149 3288 2354 3328 omnes
2387 3275 2458 3328 ab
2492 3275 2835 3331 inﬁrmitate
2864 3276 2986 3332 illa.
3013 3277 3294 3333 Similiter
3344 3280 3538 3335 subito
3588 3297 3797 3338 conva-

2146 3360 2257 3416 luit
2287 3379 2449 3433 puer,
2486 3381 2659 3435 quem
2692 3365 2949 3420 animam
2995 3383 3164 3438 agere
3220 3367 3422 3423 videns
3479 3376 3666 3426 mater
3720 3371 3799 3426 ei-

2147 3451 2279 3506 dem
2308 3455 2517 3508 Sancto
2550 3454 2871 3510 devoverat.
2906 3455 3115 3511 Mulier
3156 3458 3420 3527 quaedam
3477 3475 3546 3514 ex
3595 3460 3796 3527 Herza,

2147 3541 2452 3598 mensibus
2483 3547 2610 3598 octo
2644 3544 2902 3612 inﬁrma,
2937 3550 2993 3600 et
3023 3549 3142 3600 tam
3176 3547 3300 3602 dire
3331 3547 3590 3604 cruciata
3619 3551 3795 3606 utdiu

2146 3634 2442 3704 noctuque
2472 3632 2885 3689 vociferaretur
2923 3635 3171 3706 ejulans,
3233 3635 3511 3708 nulloque
3564 3638 3801 3696 invento

2148 3722 2408 3777 remedio
2439 3723 2508 3776 ad
2545 3722 2754 3778 mortis
2787 3724 3103 3779 articulum
3135 3726 3799 3796 deductajudicaretur;

2145 3811 2446 3865 recordata
2475 3815 2565 3866 est
2593 3811 2827 3884 gloriosi
2863 3814 2921 3868 S.
2960 3813 3281 3882 Athanasii,
3310 3815 3479 3887 eique
3527 3833 3590 3872 se
3648 3835 3804 3873 com-

2145 3900 2443 3954 mendavit
2470 3917 2604 3955 cum
2637 3901 2924 3957 desiderio
2953 3904 3229 3976 tangendi
3263 3904 3486 3976 aliquid
3546 3906 3616 3961 de
3674 3907 3802 3962 reli-

2146 3989 2302 4060 quiis
2334 3991 2484 4060 ejus.
2519 3989 2691 4046 Venit
2720 3995 2914 4047 autem
2970 3993 3021 4048 ei
3081 3993 3141 4048 in
3203 3999 3456 4049 mentem
3518 3996 3800 4066 annulus,

2145 4095 2320 4149 quem
2358 4080 2428 4134 ab
2460 4079 2736 4152 episcopo
2771 4081 3044 4138 Patavine
3076 4089 3418 4155 acceperant
3475 4088 3804 4142 reverendae

2145 4172 2365 4224 matres
2388 4169 2726 4225 monasterii
2769 4187 2803 4225 a
2861 4187 3100 4244 corpore
3157 4172 3388 4228 Domini
3451 4176 3797 4248 nuncupati,

2146 4255 2247 4329 qui
2279 4257 2536 4313 annulus
2567 4258 2755 4314 sancti
2787 4261 3045 4331 corporis
3075 4265 3295 4317 attactu
3329 4266 3454 4318 erat
3491 4279 3796 4320 consecra-

2143 4350 2260 4401 tus.
2297 4346 2471 4402 Petiit
2497 4364 2633 4419 ergo
2660 4347 2826 4402 illum
2859 4349 2971 4403 sibi
3004 4350 3197 4404 aﬁ‘erri
3250 4367 3319 4405 ex
3370 4351 3526 4406 dicto
3587 4369 3796 4409 mona-

2144 4435 2715 4507 sterio,allatumque
2747 4437 2943 4509 posuit
2974 4453 3039 4492 eo
3065 4438 3176 4493 loci
3208 4440 3316 4494 ubi
3351 4441 3634 4511 majorem
3669 4459 3804 4498 sen-

2143 4523 2327 4579 tiebat
2353 4525 2701 4595 cruciatum,
2736 4542 2801 4580 ac
2833 4526 3028 4580 subito
3060 4527 3314 4582 dormire
3373 4529 3567 4600 coepit,
3623 4529 3803 4586 vidit-

376 4616 496 4673 bito
549 4617 950 4690 tranquillitas
1008 4633 1243 4688 magna.
1281 4615 1542 4672 Scientes
1600 4623 1797 4672 autem
1874 4620 2028 4688 quod
2067 4613 2112 4676 D
2152 4629 2266 4684 que
2299 4630 2512 4684 pueros
2544 4613 2764 4668 multos
2796 4614 2947 4669 albis
2976 4615 3237 4683 vestitos,
3273 4616 3539 4689 interque
3570 4634 3670 4674 eos
3716 4619 3800 4674 vi-

375 4721 590 4776 corpus
621 4706 682 4762 S.
716 4704 1016 4760 Athanasii
1047 4704 1309 4760 Venetiis
1336 4705 1461 4775 jam
1496 4708 1855 4775 esset,quam
1916 4705 2031 4776 pri-

377 4810 544 4849 mum
577 4798 820 4866 potuere
848 4793 1002 4849 istuc
1032 4797 1318 4849 venerunt
1350 4809 1361 4847 :
1397 4797 1645 4865 votoque
1690 4810 1805 4864 quo
1866 4798 2033 4848 erant

373 4883 615 4956 obligati
647 4883 896 4956 expleto,
932 4882 1484 4940 sanctimonialibus
1516 4888 1899 4939 narraverunt
1922 4883 2029 4937 mi-

375 4973 644 5030 raculum
676 4974 834 5046 quod
867 4973 980 5029 sibi
1013 4973 1324 5029 acciderat.

449 5102 478 5131 ς(
507 5080 699 5136 Nobili
733 5081 968 5136 cuidam
1001 5085 1279 5136 matronae
1312 5080 1532 5136 famula
1562 5084 1686 5136 erat
1707 5079 2033 5137 assiderata

374 5169 752 5242 multumque
781 5169 1092 5239 afﬂicta,eo
1127 5172 1280 5243 quod
1298 5169 1523 5225 nullam
1537 5170 1778 5225 haberet
1807 5170 2032 5241 absque

372 5258 839 5316 subaxillaribus
871 5259 1074 5315 fulcris
1105 5259 1411 5333 gradiendi
1446 5259 2029 5315 facultatem.Huicin

369 5347 594 5404 visione
627 5348 901 5421 apparuit
930 5349 1242 5420 episcopus
1274 5347 1514 5419 quidam
1546 5347 1746 5403 dicens
1781 5366 1793 5403 :
1825 5372 1845 5396 ι
1871 5348 2031 5404 Vade

371 5458 402 5487 ι(
433 5439 505 5493 ad
546 5438 823 5494 Sanctam
848 5437 1090 5492 Crucem
1123 5437 1184 5492 in
1212 5437 1480 5506 Judaica,
1514 5441 1572 5491 et
1601 5436 1697 5491 isti
1730 5437 1942 5492 Sancto
1976 5442 2031 5491 te

375 5547 398 5575 ι
439 5527 797 5582 commenda
834 5543 846 5581 :
881 5526 1007 5598 ipse
1026 5525 1209 5595 enim,
1243 5525 1340 5580 Dei
1372 5525 1561 5597 gratia
1594 5525 1913 5595 mediante,
1974 5529 2031 5581 te

369 5638 400 5666 «
432 5616 730 5673 sanabit.»
763 5614 1058 5686 Evigilans
1074 5631 1245 5688 porro
1261 5615 1409 5669 dixit
1445 5614 1694 5669 dominae
1726 5631 1845 5670 sum
1874 5631 2028 5686 quaa-

365 5721 599 5777 cunque
627 5704 855 5761 viderat
883 5707 942 5761 et
969 5703 1253 5774 audierat,
1287 5719 1501 5775 rogans
1535 5707 1601 5760 ut
1630 5703 1820 5775 ipsam
1853 5703 2028 5761 duce-

2144 4719 2278 4757 rum
2309 4701 2618 4767 illustrem,
2656 4709 2713 4757 et
2743 4702 2842 4774 qui
2874 4703 3043 4758 dixit:
3066 4706 3254 4770 «Quid
3272 4706 3379 4760 tibi
3411 4712 3500 4762 est
3529 4707 3795 4763 mulier?»

2142 4790 2245 4846 Illa
2273 4808 2426 4861 vero,
2456 4814 2482 4840 ‹‹
2519 4797 2563 4844 Α
2598 4790 2610 4844 !
2646 4791 2870 4846 malum
2904 4793 3143 4864 grande.
3184 4816 3203 4842 ιο
3271 4795 3401 4866 Ipse
3453 4801 3649 4852 autem
3705 4814 3798 4853 ca-

2142 4880 2248 4951 piti
2285 4881 2413 4951 ejus
2434 4880 2717 4952 imposuit
2747 4897 2989 4936 manum
3013 4882 3211 4937 dicens
3246 4899 3310 4938 :«
3346 4884 3542 4940 Redde
3565 4891 3622 4941 te
3654 4887 3802 4942 mihi

2149 4989 2170 5017 ι
2205 4973 2433 5042 sponte,
2459 4969 2686 5025 nullum
2718 4971 2874 5026 enim
2909 4971 3164 5043 amplius
3215 4972 3436 5027 malum
3499 4974 3736 5030 senties.
3773 4999 3800 5023 ››

2143 5061 2308 5114 Tunc
2339 5058 2441 5114 illa
2471 5059 2741 5115 curiosus
2771 5060 3006 5115 intuens
3036 5062 3180 5115 vidit
3210 5079 3346 5116 eum
3397 5078 3527 5117 esse
3577 5063 3802 5136 absque

2142 5150 2334 5221 capite
2363 5167 2374 5204 :
2408 5154 2466 5205 et
2496 5154 2830 5222 experrecta
2855 5150 3112 5206 narravit
3152 5151 3273 5206 viro
3328 5169 3434 5208 suo
3489 5169 3592 5223 per
3648 5154 3804 5208 ordi-

2144 5256 2277 5294 nem
2311 5257 2438 5310 quae
2471 5240 2713 5294 viderat.
2747 5240 2847 5294 Cui
2879 5241 2968 5294 vir
2998 5258 3145 5296 suus
3179 5257 3191 5294 :
3245 5262 3272 5290 «
3333 5241 3519 5307 Scias,
3579 5242 3800 5314 inquit,

2146 5350 2173 5378 «
2205 5346 2342 5383 eum
2375 5333 2665 5396 sanctum,
2700 5329 2800 5400 qui
2833 5330 3083 5385 habetur
3111 5331 3182 5383 ad
3216 5331 3491 5385 Sanctam
3523 5333 3790 5399 Crucem,

2145 5440 2173 5468 «
2206 5419 2419 5489 cuique
2450 5423 2505 5474 te
2537 5418 2984 5485 commendasti,
3017 5435 3131 5473 non
3168 5419 3380 5473 habere
3411 5423 3606 5490 caput.
3647 5442 3674 5468 ››
3717 5420 3802 5475 Ab

2141 5522 2327 5578 eaque
2358 5507 2504 5562 hora
2533 5515 2589 5562 et
2615 5507 2889 5579 deinceps
2923 5507 3201 5562 remansit
3233 5523 3380 5561 sana
3410 5509 3484 5562 ab
3513 5507 3676 5563 omni
3708 5509 3800 5564 in-

2142 5597 2438 5652 ﬁrmitate.

2213 5726 2240 5754 ‹‹
2279 5702 2487 5759 Mulier
2518 5703 2654 5772 alia,
2689 5720 2724 5759 a
2752 5702 2961 5775 primis
2994 5699 3798 5775 pueritiaaannis,maximum
