4160 6380
359 374 646 434 ccuxxn

1743 360 2355 432 PROLEGOMENA.

359 503 621 562 dolorem
652 504 986 579 patiebatur
1012 502 1071 561 in
1103 503 1249 562 tibia
1272 519 1341 562 ex
1368 501 1623 577 quodam
1673 502 1804 575 ejus
1855 502 2005 558 defe-
2035 509 2089 573 Α
2120 501 2268 557 tium
2301 499 2515 557 minuti
2548 518 2561 571 ;
2596 497 2793 574 qualia
2819 496 2880 558 in
2911 494 3207 575 plerisque
3244 513 3605 576 eorum,qusa
3636 502 3775 576 post

362 598 459 650 ctu
497 613 509 663 ;
547 595 689 649 adeo
722 598 784 649 ut
816 594 1049 650 nonnisi
1076 592 1399 667 pauxillum
1432 597 1630 665 posset
1676 591 2004 648 ambulare.

360 684 911 756 Cumigiturannis
969 684 1171 740 multis
1229 701 1357 739 eam
1417 683 1821 737 infirmitatem
1864 684 2006 737 tole-

358 778 567 839 rasset,
600 772 1031 829 commendavit
1060 790 1120 828 se
1153 774 1210 828 S.
1248 772 1591 842 Athanasio,
1626 771 1717 826 cui
1744 772 1871 842 jam
1904 787 2005 824 an-

356 865 450 918 tea
468 863 721 917 multum
754 864 959 919 devota
989 862 1196 928 fuerat,
1229 862 1383 917 haud
1410 862 1611 934 paucis
1645 861 1717 915 ab
1753 877 1819 915 eo
1877 876 2008 932 gra-

355 951 455 1006 tiis
478 951 608 1007 aliis
643 956 968 1007 munerata.
1004 951 1281 1017 Quamvis
1313 956 1510 1006 autem
1531 948 1788 1005 difﬁcilis
1822 948 2006 1018 impe-

355 1045 509 1096 tratu
543 1040 655 1113 ipsi
673 1040 964 1096 videretur
993 1042 1378 1105 sanitas.sua,
1403 1056 1534 1094 cum
1567 1055 1782 1111 magna
1815 1042 2007 1092 tamen

355 1129 572 1185 ﬁducia
601 1135 658 1185 et
690 1130 992 1185 devotione
1024 1131 1201 1185 etiam
1234 1130 1385 1185 hanc
1413 1129 1664 1202 gratiam
1698 1128 1769 1182 ab
1801 1128 2004 1182 eodem

357 1219 613 1275 decrevit
644 1225 861 1292 petere,
893 1219 1041 1275 votis
1069 1224 1126 1275 et
1157 1219 1427 1291 precibus
1459 1219 1530 1273 ad
1562 1233 1696 1272 cum
1725 1214 1962 1271 directis
1988 1233 2000 1269 :

353 1308 664 1380 subitoque
702 1307 948 1363 liberam
996 1324 1060 1362 se
1116 1307 1394 1376 sentiens,
1456 1306 1760 1362 ambulare
1809 1304 2000 1376 coepit,

353 1395 529 1453 solita
554 1397 827 1469 deinceps
857 1397 1049 1453 dicere
1071 1398 1309 1469 saepius,
1341 1397 1495 1469 quod
1529 1396 1778 1451 libenter
1835 1394 2003 1449 fecis-

351 1490 441 1543 set
480 1503 693 1543 manus
722 1503 877 1543 unus
900 1487 1195 1557 jacturam
1227 1503 1330 1559 pro
1362 1485 1638 1541 facultate
1659 1481 2005 1538 ambulandi

351 1575 688 1631 obtinenda.
724 1576 911 1640 Quare
942 1592 1010 1631 ex
1040 1593 1104 1631 eo
1135 1576 1285 1646 quod
1310 1575 1421 1631 sibi
1448 1574 1737 1630 acciderat
1804 1588 2007 1627 conso-

348 1664 644 1720 latissima
675 1665 979 1732 remansit,
1020 1682 1125 1719 nec
1181 1666 1489 1720 videbatur
1545 1662 1763 1735 expleri
1835 1677 2006 1734 posse

349 1752 593 1826 agendis
628 1758 739 1808 Deo
771 1753 973 1825 gratiis
1004 1759 1060 1809 et
1092 1754 1397 1810 benedicto
1428 1754 1557 1825 ejus
1611 1755 1841 1817 Sancto,
1900 1766 2005 1823 pro

348 1843 542 1899 favore
571 1846 691 1897 tam
714 1843 1020 1917 singulari.
1047 1844 1245 1899 Infans
1278 1844 1517 1916 quidam
1548 1842 1631 1897 ita
1661 1839 2002 1914 leprosusin

348 1932 637 1987 mundum
663 1936 836 1987 natus
867 1936 1011 2002 erat,
1044 1938 1109 1988 ut
1139 1950 1274 1989 cum
1336 1933 1529 1989 fasciaa
1589 1931 1640 1986 ei
1693 1947 1759 1985 ac
1819 1929 1997 2000 panni

349 2025 742 2089 mutarentur,
774 2038 980 2077 carnes
1010 2023 1344 2079 deciderent
1373 2027 1431 2079 et
1458 2020 1675 2078 tenella
1726 2036 1862 2074 ossa
1910 2023 2000 2074 to—

345 2110 465 2166 tius
488 2111 748 2183 corporis
775 2112 933 2167 nuda
966 2116 1341 2185 apparerent.
1379 2112 1504 2167 Non
1539 2109 1795 2167 audebat
1844 2106 2003 2163 illius

345 2204 535 2257 mater
581 2200 1141 2257 medicamentorum
1202 2200 1506 2273 quidpiam
1566 2200 1875 2255 admovere
1922 2196 1995 2268 ei,

345 2294 613 2346 metuens
644 2307 716 2346 ne
749 2290 917 2363 pejus
951 2292 1157 2346 exinde
1179 2291 1419 2347 haberet
1451 2289 1681 2359 ;solum
1714 2304 1845 2343 cum
1897 2287 1996 2342 de-

342 2379 574 2435 votione
599 2382 655 2434 et
703 2380 817 2434 fide
876 2380 1132 2436 maxima
1186 2398 1492 2437 recursum
1545 2378 1751 2434 habuit
1807 2378 1876 2433 ad
1936 2380 1993 2431 S.

340 2469 724 2525 Athanasium
761 2486 774 2524 :
808 2470 901 2524 cui
935 2486 1067 2525 mox
1100 2474 1274 2542 atque
1301 2473 1501 2525 votum
1537 2467 1994 2539 fecit,infansto-

345 2563 443 2614 tus
476 2575 658 2614 sanus
687 2557 1031 2633 integerque
1062 2560 1351 2633 apparuit,
1379 2564 1661 2630 tanquam
1685 2556 1832 2613 nihil
1856 2554 1993 2612 mali

350 2664 613 2720 unquam
647 2664 879 2720 passus.

411 2760 443 2788 «ι
474 2737 713 2793 Juvenis
737 2738 1001 2810 quidam,
1035 2738 1206 2795 annis
1237 2742 1491 2811 quatuor
1519 2735 1829 2793 incurabili
1862 2752 1995 2790 con-

343 2831 618 2899 sumptus
648 2826 831 2898 lepra,
865 2832 1039 2883 erata
1071 2827 1315 2883 medicis
1345 2826 1648 2899 depositus
1677 2840 1889 2897 :quare
1920 2823 1992 2878 ad

338 2918 396 2970 8.
427 2915 815 2971 Athanasium
846 2921 980 2972 vota
1003 2921 1061 2973 et
1104 2934 1269 2989 spem
1319 2917 1620 2987 convertit,
1680 2931 1748 2972 ac
1798 2914 1993 2969 subito

343 3003 555 3059 melius
586 3004 799 3061 habere
829 3007 1001 3079 coepit
1031 3011 1278 3078 cuteque
1336 3006 1550 3061 siccata
1594 3003 1739 3059 nihil
1788 3005 1839 3058 ei
1897 3018 1992 3056 ve-

339 3093 482 3149 teris
504 3095 691 3150 morbi
722 3096 1006 3151 remansit
1035 3100 1242 3169 praater
1261 3096 1537 3169 exiguum
1556 3092 1867 3166 vestigium
1925 3108 1992 3146 eo

340 3182 452 3239 loci
483 3183 580 3239 ubi
612 3183 870 3257 primum
903 3189 1272 3258 apparuerat.
1302 3186 1436 3241 Erat
1466 3188 1661 3240 autem
1696 3189 1833 3238 tunc
1865 3182 1990 3237 dies

2036 1893 2083 1957 B

2122 596 2366 647 mortem
2400 590 2627 664 integra
2660 592 3093 664 quadamtenus
3124 596 3549 658 monstrantur,
3570 609 3774 667 corpo-

2118 697 2247 735 rum
2283 686 2621 735 sanctorum
2656 682 2879 754 passim
2914 683 3287 754 conspexisse
3322 682 3779 739 memini?Dein-

2118 769 2189 824 de
2219 767 2502 825 ordinarii
2534 771 2687 825 sacci
2724 770 3129 843 mensura,qui
3164 788 3374 844 corpus
3416 789 3622 845 capere
3654 790 3773 828 non

2119 859 2427 930 potuisset,
2461 860 2575 915 nisi
2609 860 2773 916 ﬂexis
2804 861 2862 915 in
2896 867 3095 933 tergus
3128 862 3375 933 pedibus
3434 860 3775 918 immissum

2118 947 2310 1004 foret:
2347 949 2773 1021 suadet,capite
2824 950 3190 1005 imminitum
3238 951 3421 1007 fuisse
3471 954 3770 1017 truncum,

2117 1054 2252 1092 nam
2286 1038 2461 1093 etiam
2495 1038 2603 1094 hoc
2624 1038 2799 1095 altius
2822 1056 2990 1095 sacco
3030 1040 3372 1112 exstitisset,
3400 1057 3504 1096 nec
3535 1039 3773 1103 sivisset

2118 1143 2383 1199 naupego
2415 1129 2686 1183 eumdom
2713 1145 2948 1184 saccum
2983 1130 3342 1185 abscondere
3370 1129 3481 1185 sub
3512 1146 3579 1184 eo
3593 1146 3770 1203 quem

2115 1215 2359 1272 indutus
2377 1222 2501 1273 erat
2530 1218 2948 1275 bardocucullo
2984 1237 2996 1275 :
3031 1219 3256 1292 absque
3285 1219 3386 1275 illo
3416 1224 3612 1275 autem
3652 1237 3772 1276 sar-

2115 1305 2268 1373 cina,
2302 1307 2459 1362 haud
2493 1307 2677 1364 multo
2710 1309 2844 1381 plus
2874 1326 3049 1381 quam
3076 1314 3193 1365 tres
3224 1314 3281 1365 et
3311 1309 3572 1366 medium
3592 1310 3769 1383 pedes

2114 1394 2309 1467 longa,
2343 1396 2552 1452 deferri
2587 1397 2697 1453 sub
2729 1398 2899 1453 avilla
2919 1398 3076 1454 haud
3110 1397 3427 1456 difficulter
3481 1400 3541 1454 in
3598 1415 3768 1457 sacco

2115 1486 2325 1557 potuit.

2186 1596 2261 1647 At
2290 1609 2550 1664 quonam
2592 1593 2851 1651 delatum
2900 1599 3076 1668 caput
3132 1595 3400 1653 dicemus
3428 1596 3456 1652 ‘?
3509 1595 3769 1655 Venetiis

2115 1680 2391 1752 creditur,
2418 1681 2647 1754 pridem
2680 1683 2823 1740 illud
2860 1684 3056 1740 Romae
3088 1684 3310 1741 haberi.
3346 1686 3407 1742 Id
3441 1685 3491 1744 si
3524 1685 3769 1754 fuit,ad-

2115 1770 2353 1826 modum
2388 1772 2617 1844 pridem
2652 1773 2835 1830 fuisse
2864 1774 3125 1847 oportuit
3158 1793 3171 1830 :
3205 1792 3341 1831 nam
3376 1775 3549 1832 modo
3608 1774 3772 1832 nulla

2114 1859 2243 1930 ejus
2277 1860 2355 1914 ibi
2390 1862 2600 1918 notitia
2630 1868 2733 1919 aut
2760 1864 3165 1921 memoria.Fr.
3191 1864 3506 1938 Gregorius
3542 1865 3764 1921 Bravus

2112 1950 2184 2004 de
2214 1950 2582 2025 Sotomayor,
2616 1952 2673 2008 in
2708 1953 2955 2009 historia
2984 1954 3327 2011 monasterii
3376 1953 3767 2010 Vallis-Vena-

2110 2054 2242 2094 rum
2275 2038 2448 2113 vulgo
2509 2040 2852 2111 Valvanera,
2912 2043 2972 2099 in
3031 2044 3283 2099 termino
3340 2042 3769 2117 Calaguritanaa

2108 2126 2446 2198 diceeeseos,
2480 2136 2630 2203 part.
2658 2150 2696 2203 ι,
2732 2149 2858 2205 cap.
2892 2133 2926 2187 8
2956 2133 2996 2188 f.
3058 2134 3147 2204 40,
3211 2133 3363 2189 inter
3418 2132 3533 2193 alia
3588 2150 3762 2207 argu-

2110 2221 2310 2272 menta
2341 2218 2556 2290 quibus
2586 2225 2852 2287 conatur,
2883 2222 3149 2294 probare,
3172 2239 3371 2278 veram
3402 2238 3531 2279 esse
3578 2222 3760 2278 tradi-

2105 2304 2323 2361 tionem
2353 2306 2609 2380 loci,quo
2640 2311 2901 2366 creditur
2928 2311 2988 2366 S.
3010 2310 3368 2368 Athanasius
3397 2310 3758 2368 Alexandriae

2104 2394 2416 2467 episcopus
2456 2397 2673 2453 ibidem
2721 2404 3105 2473 persequente
3161 2400 3356 2473 ipsum
3393 2399 3756 2472 Constantio,

2103 2483 2430 2554 delituisse,
2463 2492 2520 2542 et
2550 2488 2796 2544 cmnobii
2830 2506 3084 2562 coquum
3118 2490 3330 2563 egisse,
3354 2494 3565 2564 quarto
3622 2489 3749 2545 loco

2103 2572 2338 2647 allegat,
2373 2598 2400 2624 »
2452 2579 2607 2649 quod
2662 2578 2771 2634 hac
2818 2579 3134 2636 traditione
3185 2579 3461 2653 instante,
3520 2577 3747 2650 antiqui

2104 2661 2303 2719 Patres
2334 2664 2515 2737 hujus
2540 2667 2783 2723 cccnobii
2819 2685 2852 2722 a
2881 2669 3133 2742 quodam
3186 2685 3420 2725 summo
3479 2668 3751 2741 pontilice

2104 2752 2298 2824 adepti
2327 2761 2466 2810 sunt
2497 2756 2759 2812 casulam
2792 2762 2848 2812 S.
2906 2758 3240 2825 Athanasii,
3290 2763 3348 2814 et
3384 2762 3559 2831 caput
3614 2774 3750 2815 cum

2102 2839 2310 2913 lingua
2341 2861 2354 2897 :
2387 2862 2512 2917 qua:
2570 2846 2886 2904 honorifice
2917 2852 3295 2903 asservantur
3323 2847 3476 2903 inter
3506 2846 3651 2902 alias
3670 2862 3757 2902 re-

2104 2931 2321 3003 liquias
2354 2934 2412 2988 in
2439 2936 2644 3005 majori
2666 2953 2787 2991 ara.
2809 2936 3208 2993 Traditionem
3264 2938 3451 3009 ipsam
3505 2936 3755 3010 probare

2104 3037 2220 3075 non
2254 3038 2497 3094 possum
2524 3040 2537 3079 :
2572 3024 2820 3097 ideoque
2843 3026 3093 3081 Antonio
3126 3026 3197 3081 de
3227 3026 3418 3099 Yepez
3449 3025 3641 3097 magis
3671 3041 3760 3080 as-

2105 3109 2344 3180 sentior,
2378 3128 2633 3183 coquum
2663 3114 3002 3170 monasterii
3029 3113 3436 3184 Athanasium,
3469 3115 3641 3185 cujus
3675 3113 3755 3169 ibi

2105 3199 2388 3254 memoria
2418 3217 2551 3256 cum
2584 3204 2915 3259 sanctitatis
2936 3203 3211 3276 opinione
3242 3204 3449 3278 vigeat,
3482 3208 3541 3260 et
3586 3204 3758 3276 cujus

340 3272 813 3364 δθδδδίίῃῙλυηεὲ
844 3279 1041 3330 antem
1075 3274 1341 3347 sequenti
1365 3275 1519 3330 venit
1550 3275 1675 3346 ipse
1722 3273 1791 3328 ad
1852 3270 1992 3364 Vi9_i'
2025 3267 2067 3333 (ἶ
2106 3289 2411 3345 occasione
2442 3296 2577 3346 nata
2595 3291 2669 3347 sit
2700 3291 2897 3364 opinio
2928 3267 2999 3348 de
3047 3290 3271 3348 latebra
3297 3267 3379 3349 VS.
3430 3267 3754 3349 Athanasio

340 3363 586 3418 tandum
611 3362 983 3420 benedictum
1007 3364 1167 3420 hunc
1208 3365 1265 3421 S.
1326 3364 1760 3419 Athanasium:
1822 3366 1878 3417 et
1931 3361 1990 3415 in

341 3452 686 3508 memoriam
720 3454 865 3508 tanti
914 3453 1203 3521 miraculi,
1264 3453 1453 3526 posito
1500 3453 1700 3519 veteri,
1756 3468 1990 3508 assum-

341 3541 460 3613 psit
510 3558 720 3597 nomen
783 3542 1113 3599 Athanasii.
1170 3543 1319 3599 Puer
1367 3544 1605 3615 quidam
1648 3543 1819 3597 annis
1866 3542 1991 3611 jam

338 3630 531 3686 tribus
579 3635 868 3703 quartana
907 3632 1210 3689 laborabat
1252 3632 1395 3688 febri
1443 3632 1762 3687 admodum
1818 3629 1993 3685 vehe-

342 3720 610 3790 menti,et
650 3720 881 3776 nullum
914 3722 974 3776 in
1001 3721 1247 3777 medicis
1278 3725 1379 3777 aut
1410 3721 1718 3777 medicinis
1741 3720 1993 3792 reperie-

339 3807 442 3864 bat
471 3807 757 3877 levamen,
789 3810 972 3866 donec
1003 3815 1168 3882 pater
1196 3828 1343 3866 suus
1374 3827 1509 3867 eum
1564 3810 1996 3865 commendavit

340 3898 399 3954 S.
434 3897 773 3966 Athanasio,
805 3899 975 3970 cujus
1010 3900 1237 3956 meritis
1284 3899 1383 3955 ille
1445 3916 1579 3955 mox
1644 3904 1993 3973 persanatus

339 3987 468 4043 fuit.
488 4007 515 4039 ι

485 4100 564 4152 De
593 4096 747 4151 cultu
775 4097 923 4152 sacri
948 4098 1144 4168 capitis
1171 4098 1233 4152 in
1258 4098 1530 4168 Hispania
1566 4102 1615 4153 et
1649 4097 1849 4154 Gallia.

411 4206 651 4259 Sacrum
682 4207 739 4260 S.
766 4202 1061 4259 Athanasii
1098 4220 1452 4276 corpus,non
1481 4206 1651 4261 modo
1701 4222 1857 4263 nunc
1904 4222 1995 4261 oa-

341 4308 466 4348 rere
497 4292 685 4366 capite
715 4291 1100 4367 deprehendit
1124 4293 1189 4349 R.
1221 4294 1277 4349 P.
1331 4294 1599 4368 Aloysius
1648 4296 1952 4353 Carnolius
1978 4313 1991 4362 ;

340 4382 442 4438 sed
473 4400 508 4438 a
540 4382 829 4456 principio
847 4399 968 4440 sum
994 4384 1065 4439 ad
1088 4383 1338 4439 Venetos
1350 4384 1753 4441 translationis
1770 4385 1994 4457 absque

338 4488 405 4528 eo
438 4471 959 4544 fuisse,manifeste
990 4477 1233 4546 apparet
1261 4491 1330 4530 ex
1360 4474 1553 4531 verbis
1588 4491 1764 4547 supra
1793 4473 1993 4530 relatis

340 4577 475 4616 cum
508 4560 565 4616 S.
592 4560 952 4618 Athanasius
976 4562 1337 4618 moribundae
1370 4562 1602 4619 mulieri
1661 4569 1816 4621 esset
1866 4563 1993 4619 sine

2101 3377 2493 3436 Alexandrino
2525 3380 2700 3437 isthic
2733 3382 2994 3453 praebita,
3023 3382 3205 3439 fuisse
3235 3383 3461 3439 ordinis
3519 3381 3757 3438 Benedi-

2103 3466 2245 3521 ctini
2264 3469 2811 3525 monachum.Idem
2835 3487 2967 3527 cum
2982 3471 3229 3545 Yepesio
3251 3477 3450 3528 censet
3463 3472 3755 3544 Tamayus

2103 3555 2175 3611 de
2207 3557 2443 3615 Salazar
2471 3560 2540 3615 a’d
2576 3560 2729 3616 hunc
2760 3560 2936 3628 diem,
2970 3560 3031 3617 in
3054 3578 3161 3617 suo
3192 3562 3602 3636 Martyrologio
3634 3559 3758 3617 His-

2105 3647 2311 3717 panico
2374 3665 2387 3703 :
2444 3665 2635 3720 neque
2694 3654 2961 3705 movetur
3016 3668 3082 3707 eo
3142 3656 3493 3726 argumento
3564 3650 3753 3721 Bravi,

2106 3759 2135 3789 ‹‹
2169 3726 2320 3810 quod
2356 3739 2472 3795 fere
2497 3740 2555 3795 in
2588 3741 2867 3797 omnibus
2898 3741 3453 3817 privilegiis,gratiis
3485 3746 3541 3797 et
3568 3739 3758 3797 indul-

2104 3827 2340 3901 gentiis,
2365 3829 2583 3901 quibus
2614 3829 2773 3887 hunc
2821 3830 3013 3886 locum
3063 3830 3495 3904 Iecupletarunt
3533 3829 3750 3887 summi

2105 3918 2354 3975 Romani
2378 3920 2702 3992 pontifices,
2737 3921 3021 3977 asseritur
3048 3938 3115 3978 ea
3144 3920 3276 3978 illos
3332 3921 3646 3978 concedere
3696 3918 3753 3975 in

2105 4006 2386 4065 honorem
2418 4013 2483 4063 Β.
2518 4008 2708 4064 Mariae
2740 4015 2797 4064 et
2828 4010 2887 4065 S.
2918 4010 3221 4067 Athanasii
3246 4011 3502 4069 doctoris
3533 4007 3756 4083 magni,

2106 4096 2205 4168 qui
2233 4096 2292 4151 in
2326 4097 2426 4153 illa
2456 4097 2740 4154 habitavit
2762 4099 2934 4155 domo
2961 4116 2973 4168 ;
3007 4105 3065 4155 et
3087 4100 3240 4175 quod
3271 4097 3647 4157 Innocentius
3672 4097 3757 4153 ΙΙΙ

2106 4185 2366 4257 pontifex
2398 4188 2711 4250 maximus,
2745 4187 2845 4260 qui
2877 4187 3196 4245 Ecclesiam
3231 4189 3301 4244 ad
3325 4206 3419 4247 an.
3461 4189 3598 4246 1H7
3645 4205 3753 4262 gu-

2104 4274 2388 4348 bernavit,
2423 4282 2478 4332 et
2516 4276 2819 4334 Athanasii
2843 4277 3036 4334 Vitam
3052 4278 3759 4351 scripsit,concessithuic

2103 4365 2306 4420 domui
2337 4382 2587 4439 magnas
2625 4366 3541 4441 indulgentias,contemplatione
3572 4367 3760 4425 sancti

2104 4453 2389 4520 Doctoris,
2424 4456 2680 4512 referens
2707 4456 3113 4513 habitaculum
3144 4457 3205 4512 in
3236 4474 3327 4514 ea.
3389 4480 3417 4507 »
3450 4458 3511 4514 Si
3559 4463 3757 4513 tamen

2102 4560 2238 4616 pars
2280 4543 2461 4600 altera
2484 4546 2819 4602 traditionis
2851 4547 2921 4602 de
2950 4547 3387 4621 casula,capite,
3416 4546 3621 4622 lingua
3651 4546 3761 4603 Ro-

342 4649 530 4722 capite
560 4650 1215 4723 conspectus.Quamvis
1240 4651 1399 4708 enim
1432 4651 1628 4708 intota
1647 4652 1991 4725 praecedenti
2021 4641 2069 4706 D
2102 4650 2261 4725 ΠΨΠῚ
2294 4632 2487 4725 {illam
2517 4634 2804 4725 Sllb$i3tlta
2838 4651 3017 4707 quam
3040 4637 3275 4725 οῖ’θάθτθ
3312 4635 3441 4693 νοῙο
3489 4636 3755 4709 ipsarum

341 4739 679 4796 narratione
712 4744 768 4794 et
798 4741 1086 4809 examine,
1123 4758 1300 4813 super
1348 4740 1507 4797 allati
1558 4745 1656 4796 aut
1713 4741 1990 4798 afferendi

342 4827 602 4900 corporis
623 4828 864 4884 veritate
887 4828 1109 4900 habito,
1142 4828 1303 4885 nulla
1362 4831 1463 4886 ﬁat
1510 4830 1727 4886 mentio
1786 4831 1993 4902 capitis

339 4916 711 4985 deficientis;
747 4917 891 4974 satis
950 4923 1150 4974 tamen
1189 4918 1247 4973 id
1307 4917 1625 4991 colligitur,
1686 4919 1878 4993 primo
1925 4937 1995 4976 ex

336 5006 531 5062 verbis
572 5005 786 5063 nobilis
818 5005 979 5063 illius
999 5007 1222 5074 Veneti,
1256 5007 1355 5080 qui
1387 5008 1693 5064 dubitabat
1722 5025 1793 5064 an
1844 5025 1995 5081 saepe

338 5094 452 5151 sibi
473 5095 663 5151 visum
697 5112 910 5169 corpus
939 5102 1094 5153 esset
1123 5096 1452 5168 agniturus,
1487 5104 1619 5170 post
1650 5115 1719 5154 an
1733 5115 1835 5154 nos
1895 5115 1997 5155 sex

337 5184 551 5256 quibus
580 5186 1088 5256 Constantinopoli
1124 5203 1236 5241 non
1268 5187 1478 5254 fuerat,
1530 5187 1644 5242 nisi
1700 5205 1770 5244 ex
1827 5187 1994 5261 digiti

337 5274 516 5330 unius
549 5275 774 5331 defectu
807 5292 820 5332 :
851 5293 920 5331 ex
948 5276 1180 5333 duabus
1214 5275 1461 5332 maculis
1492 5276 1696 5350 nigris,
1741 5278 1796 5333 in
1832 5284 1994 5352 tergo

337 5362 603 5429 ejusdem
635 5364 897 5437 corporis
930 5364 1250 5436 requisitis,
1273 5365 1446 5435 juxta
1478 5365 1680 5422 Jacobi
1739 5368 1997 5423 tonsoris

336 5452 766 5508 testimonium.
800 5454 1026 5517 Quanto
1056 5453 1213 5509 enim
1263 5453 1631 5511 distinctiora
1689 5457 1996 5530 magisque

337 5539 508 5594 obvia
537 5540 753 5596 indicia
776 5558 838 5597 se
926 5542 1093 5616 signa
1122 5542 1455 5599 distinctiva
1486 5543 1720 5600 desumi
1769 5546 1993 5619 potuis—

339 5633 567 5695 sent,ex
600 5631 786 5687 forma
816 5636 873 5686 et
902 5636 1057 5688 statu
1105 5630 1302 5688 vultus
1360 5632 1592 5706 integri,
1651 5638 1754 5690 aut
1808 5640 1998 5691 extre-

342 5717 665 5777 mitatabus
684 5719 938 5793 narium,
971 5719 1226 5791 aurium,
1258 5720 1346 5777 vel
1377 5719 1668 5779 labiorum
1728 5725 1995 5782 deﬁcien-

2104 4721 2487 4796 reliquiarum
2523 4724 2877 4781 exhibitione
2909 4724 3181 4798 praesenti
3214 4724 3446 4799 probari
3470 4741 3640 4801 posse
3673 4741 3762 4793 ;eo

2102 4814 2205 4870 illa
2231 4815 2498 4871 evaderet
2521 4814 3052 4888 verosimilior,quo
3096 4816 3405 4889 integritas
3473 4815 3761 4875 hactenus

2104 4910 2342 4961 servata:
2367 4904 2577 4977 linguae
2608 4920 2740 4959 vero
2776 4921 3009 4978 quoque
3040 4904 3296 4961 similius
3327 4905 3468 4962 facit
3515 4922 3585 4961 ex
3633 4920 3760 4963 cor-

2106 5009 2246 5067 pore
2279 4992 2563 5049 hactenus
2594 4992 2821 5066 integro
2848 4994 3041 5067 ipsam
3071 5011 3219 5051 esse.

2175 5100 2391 5156 Verum
2425 5100 2699 5173 Hispanis
2730 5101 3114 5157 adversantur
3145 5100 3351 5157 Franci
3404 5100 3558 5175 apud
3614 5116 3762 5173 quos

2105 5189 2166 5245 in
2196 5189 2429 5245 dioecesi
2462 5189 2790 5246 Turonensi
2820 5207 3007 5264 pagus
3038 5194 3147 5259 est,
3175 5190 3250 5247 du
3293 5190 3491 5247 Serrin
3547 5188 3759 5260 dictus,

2103 5280 2164 5335 in
2195 5297 2380 5353 eoque
2417 5279 2664 5335 ecclesia
2713 5279 3089 5352 parochialis,
3157 5298 3284 5353 quas
3332 5280 3387 5335 S.
3447 5276 3761 5333 Athanasii

2104 5368 2477 5424 Alexandrini
2501 5373 2677 5439 caput
2708 5369 2998 5441 hodieque
3029 5373 3284 5426 ostentat
3316 5386 3329 5426 :
3364 5367 3634 5443 quod,uti
3658 5384 3765 5423 su-

2107 5476 2210 5531 per
2238 5458 2330 5513 his
2360 5462 2601 5531 rogatus
2644 5457 2711 5513 R.
2783 5457 2844 5513 P.
2899 5457 3247 5515 Guillelmus
3294 5457 3523 5524 Quirini
3591 5456 3764 5513 nobis

2107 5548 2362 5619 scripsit.
2396 5569 2425 5596 ‹‹
2453 5547 2775 5603 creduntur
2805 5546 3153 5603 Alexandria
3175 5547 3446 5605 attulisse
3470 5552 3528 5605 et
3588 5545 3767 5603 isthic

2106 5635 2453 5710 deposuisse
2482 5635 2704 5692 domini
2729 5636 2799 5692 de
2829 5637 3343 5710 SanblanseLpagi
3374 5636 3647 5694 Serrenio
3677 5635 3766 5691 vi-

2106 5726 2245 5799 cini,
2277 5725 2382 5799 qui
2414 5730 2471 5782 et
2494 5725 2675 5783 duces
2705 5726 3148 5799 Andegavenses
3174 5726 3316 5784 olim
3355 5731 3415 5784 et
3444 5743 3611 5801 reges
3632 5725 3768 5784 Hie-
