4160 6384
1549 438 1653 500 DE
1697 438 1958 500 CULTU
2000 436 2071 497 S.
2112 434 2566 498 ATHANASII.

3533 452 3795 501 (ὬικκίΙί

370 568 649 627 rusalem.
677 595 704 621 »
728 572 962 628 Tabulae
984 572 1382 646 geographica)
1405 573 1577 627 tertia
1598 572 1670 627 ab
1694 572 1836 626 urbe
1858 570 2023 625 leuca
2049 570 2107 637 Α
2135 570 2397 640 exemplo
2430 572 2499 625 ad
2525 570 2678 625 idem
2707 572 3110 642 praestandum
3132 571 3471 638 invitantes,
3499 572 3800 627 utscilicet

366 664 574 715 notant
605 662 888 733 oppidum
920 662 1309 733 Samblancay,
1360 662 1529 733 eique
1560 662 1630 715 ad
1666 661 2025 715 occidentem

368 748 629 804 vicinum
664 752 715 806 le
744 754 941 807 56min
976 753 1035 807 in
1084 770 1199 824 quo
1244 754 1370 822 jam
1412 751 1602 806 dictus
1637 752 1803 805 Pater
1828 752 2025 821 (quem

370 854 517 893 suus
540 856 643 910 pro
666 840 775 894 hoc
797 857 969 912 opere
990 841 1150 896 zelus
1174 840 1795 912 compulitipsummet
1825 856 1889 893 eo
1920 838 2026 908 ire)

374 928 599 984 invenit
673 946 768 983 an.
805 931 941 984 16³76
1002 954 1029 981 ‹‹
1063 935 1238 1002 caput
1296 931 1351 985 S.
1396 929 1719 993 Athanasii,
1755 931 2027 999 argenteo

372 1016 550 1087 capiti
583 1016 903 1086 inclusum,
964 1023 1019 1072 et
1050 1018 1358 1073 honestius
1422 1034 1598 1089 quam
1631 1017 1775 1071 alias
1809 1017 2030 1070 viderat

374 1110 761 1172 asservatum,
793 1108 893 1161 sed
926 1109 1144 1177 absque
1175 1107 1482 1179 scripturis
1515 1106 1651 1161 ullis
1687 1124 1699 1160 :
1754 1130 1773 1157 ω
1808 1105 2031 1177 accepit

372 1198 571 1249 tamen
594 1212 627 1249 a
658 1200 889 1268 pastore
924 1216 944 1243 ι
976 1196 1217 1269 lnci,qui
1250 1197 1307 1250 in
1332 1194 1898 1267 apostolicislitteris
1930 1211 2029 1266 ap-

375 1284 625 1355 pellatur
662 1286 719 1340 S.
761 1286 1087 1351 Athanasii,
1124 1308 1151 1335 ››
1184 1285 1480 1357 exemplar
1511 1283 2030 1355 archiepiSCOpalis

374 1374 635 1428 mandati
682 1378 815 1431 ante
847 1392 961 1431 non
1020 1374 1239 1431 multos
1301 1391 1534 1430 menses
1580 1374 1740 1440 editi,
1776 1374 1931 1445 quod
1964 1390 2033 1428 ex

375 1461 594 1519 Gallico
618 1464 805 1535 placet
836 1465 1105 1520 Latinum
1140 1466 1349 1520 facere.

448 1575 476 1601 ‹‹
508 1552 880 1619 Michael,Dei
914 1554 1316 1610 misericordia
1345 1558 1401 1609 et
1445 1559 1658 1609 sanctae
1688 1554 1844 1609 sedis
1892 1570 2029 1625 apo-

377 1641 594 1697 stolicae
625 1644 815 1715 gratia
836 1643 1332 1715 archiepiscopus,
1368 1644 1743 1713 Turonensis,
1778 1644 2031 1697 charita-

377 1731 509 1786 tivis
556 1732 829 1788 fidelibus
861 1738 1072 1788 nostrae
1104 1734 1371 1789 dimcesis
1402 1732 1652 1789 salutem
1709 1737 1765 1788 et
1793 1732 2030 1787 benedi-

379 1822 629 1877 ctionem
652 1823 709 1876 in
746 1823 990 1878 Domino
1020 1823 1160 1878 Jesu
1207 1823 1456 1889 Christo,
1492 1824 1591 1894 qui
1622 1827 1711 1877 est
1740 1822 1892 1877 Deus
1923 1840 2028 1893 pa-

2140 664 2455 729 przesentes
2491 659 2685 714 adsint
2742 661 3096 731 processioni
3146 666 3203 715 et
3261 661 3659 732 pradicationi
3692 661 3774 715 ibi

2139 750 2269 803 dem
2334 748 2627 817 faciendae,
2689 754 2744 803 et
2802 766 2933 804 cum
2994 750 3396 806 benedictione
3438 749 3797 807 sanctissimi

2137 837 2492 891 Sacramenli
2544 838 2942 893 terminandre.
3004 840 3212 894 Datum
3268 840 3626 910 Turonibus,
3688 842 3798 897 sub

2139 928 2308 999 signo
2342 933 2538 981 nostro
2597 933 2653 981 et
2682 928 2873 999 sigillo
2932 929 3437 1001 archiepiscopali,
3490 948 3623 985 cum
3657 931 3796 986 sub-

2140 1016 2469 1088 signatione
2522 1016 2817 1071 secretarii
2873 1035 3103 1089 quoque
3164 1019 3367 1086 nostri,
3406 1038 3546 1074 xvm
3581 1019 3797 1091 Aprilis

2142 1107 2299 1160 1676.
2334 1127 2361 1155 )›

2211 1195 2333 1249 Non
2366 1200 2454 1249 est
2496 1211 2692 1249 meum
2751 1212 3097 1266 componere
3154 1198 3629 1266 controversiam,
3667 1216 3793 1270 quae

2144 1284 2277 1338 hinc
2300 1284 2529 1339 exsistit
2552 1285 2700 1339 inter
2731 1284 3019 1355 Hispanos
3051 1289 3107 1339 et
3130 1288 3381 1341 Francos
3407 1305 3419 1342 :
3448 1305 3586 1342 nam
3622 1288 3672 1343 si
3706 1288 3798 1344 his

2142 1374 2380 1428 difficile
2434 1380 2521 1429 est
2581 1374 2845 1445 probare,
2904 1374 3251 1430 Alexandria
3310 1382 3609 1448 acceptum
3670 1396 3799 1434 esse

2142 1463 2296 1535 quod
2332 1462 2550 1517 habent
2580 1467 2790 1534 caput;
2852 1463 3235 1519 nihilominus
3284 1464 3633 1520 laborabunt
3665 1467 3796 1522 His-

2142 1552 2376 1623 pani,ut
2409 1553 2655 1623 probent
2685 1568 2745 1606 se
2781 1553 2963 1607 Roma
3005 1552 3297 1624 accepisse
3324 1556 3479 1625 quod
3512 1555 3796 1613 obtinent.

2143 1642 2200 1695 Si
2232 1641 2543 1710 obiiciatur
2564 1641 2839 1712 Hispanis
2864 1641 3140 1697 credibile
3162 1658 3312 1713 esse,
3347 1643 3622 1715 reliquias
3654 1662 3801 1716 quas

2145 1734 2463 1796 ostentant,
2499 1731 2708 1801 capitis
2739 1731 3064 1802 praesertim
3097 1735 3153 1785 et
3184 1731 3417 1803 linguae,
3446 1750 3576 1788 esse
3596 1734 3803 1789 l'ortas-

2141 1821 2221 1875 sis
2246 1819 2404 1875 illius
2427 1820 2781 1891 coqui,unde
2801 1826 3038 1892 sumpta
3066 1823 3293 1876 occasio
3315 1824 3779 1881 comminiscend

381 1911 464 1965 cis
513 1913 570 1966 et
598 1912 921 1967 charitatis.
972 1912 1177 1967 Nescio
1209 1913 1504 1984 quomodo
1536 1914 1658 1977 fiat,
1690 1916 1753 1966 ut
1783 1929 1874 1967 res
1907 1929 2029 1966 ma-
2066 1944 2112 2007 Β
2144 1910 2462 1965 incolatum
2498 1912 2555 1965 S.
2591 1910 2895 1965 Athanasii
2929 1910 3187 1981 episcopi
3221 1911 3278 1965 in
3313 1910 3411 1967 illo
3442 1911 3567 1967 loco
3596 1930 3607 1969 :
3645 1932 3807 1985 repo-

380 2000 471 2072 gis
504 2004 716 2055 sancta:
774 2006 831 2055 et
889 2002 1095 2072 majori
1154 2001 1521 2057 veneratione
1572 2001 1784 2071 digna},
1828 2001 2036 2072 majori

382 2088 729 2160 plerumque
761 2096 1104 2160 premantur
1134 2091 1426 2162 pauperie.
1473 2090 1635 2145 Certe
1668 2108 1782 2144 non
1814 2091 2038 2161 absque

383 2178 601 2250 gemitu
662 2184 860 2234 nostro
918 2179 1127 2235 intueri
1192 2197 1528 2251 possumus,
1588 2185 1842 2235 veterem
1876 2180 2034 2234 illam

384 2267 625 2322 Serrinii
657 2267 1105 2336 ecclesiam,non
1127 2269 1324 2324 minus
1352 2268 1700 2341 antiquitate
1732 2286 1839 2324 sua
1861 2286 2037 2340 quam

383 2357 773 2428 pretiosarum
818 2358 1201 2429 reliquiarum
1248 2358 1545 2414 thesauris
1594 2358 2039 2413 commendabi-

380 2445 594 2513 lem,eo
623 2447 916 2502 redactam
950 2451 1293 2520 paupertate
1343 2447 1453 2502 loci
1490 2454 1555 2503 ut
1587 2448 1817 2502 ruinam
1869 2448 2038 2503 undi-

383 2551 495 2606 que
524 2534 847 2590 minitetur.
908 2537 1183 2608 Cogimur
1208 2554 1343 2609 ergo
1398 2537 1744 2592 charitatem
1777 2537 2038 2592 ﬁdelium

383 2622 649 2679 dioecesis
682 2630 892 2680 nostrae
923 2630 980 2681 et
1010 2624 1258 2681 allarum
1315 2626 1651 2698 implorare,
1685 2631 1749 2681 ut
1780 2627 2041 2682 conferre

382 2712 562 2769 velint
591 2713 815 2784 aliquid
841 2716 912 2769 de
942 2732 1048 2771 suo
1081 2716 1405 2771 abundanti
1447 2717 1519 2771 ad
1553 2717 2041 2772 restaurationem

387 2803 560 2859 istius
606 2802 739 2873 loci,
773 2821 949 2876 supra
1000 2822 1174 2876 quem
1219 2823 1347 2860 eam
1378 2806 1841 2861 benedictionem
1875 2806 2041 2861 ccele-

388 2892 567 2947 stium
602 2892 930 2964 largitatem
955 2894 1161 2949 effudit
1190 2894 1608 2965 coelum,quam
1643 2900 1932 2950 testantur
1962 2902 2046 2951 in-

390 2980 701 3053 dulgentiae
732 2981 1007 3053 plenariae
1039 2984 1226 3039 eidem
1262 3000 1569 3051 concessae,
1599 2984 1810 3039 intuitu
1847 2984 2043 3057 magni

389 3075 446 3126 S.
476 3071 807 3138 Athanasii,
840 3073 1009 3141 cujus
1041 3078 1219 3143 caput
1270 3073 1372 3128 illa
1420 3074 1714 3144 integrum
1764 3075 2041 3145 possidet,

389 3175 525 3215 cum
557 3159 689 3215 aliis
721 3159 991 3232 pluribus
1023 3162 1293 3232 pretiosis
1328 3161 1589 3233 reliquiis
1626 3180 1637 3217 :
1672 3180 1922 3234 quarum
1954 3163 2045 3218 in-

389 3247 821 3321 dulgentiarum
855 3249 1168 3306 thesaurus
1230 3251 1522 3323 aperietur
1579 3252 1650 3307 ad
1682 3253 1903 3324 primas
1934 3253 2042 3309 Ve-

2146 2004 2287 2055 nent
2318 2000 2576 2071 Hispani,
2612 2016 2773 2069 aeque
2806 1999 2971 2053 facile
3004 2000 3125 2054 fieri
3162 2001 3440 2072 potuisse,
3476 2009 3537 2057 ut
3565 2022 3631 2059 ex
3662 2004 3806 2059 Con-

2149 2088 2669 2159 stantinopolitano
2704 2089 2897 2160 potius
2931 2106 3109 2160 quam
3142 2090 3532 2147 Alexandrino
3564 2094 3807 2164 patriar-

2148 2179 2321 2233 chatu
2355 2178 2683 2248 acceperint
2741 2177 2888 2233 Galli
2951 2184 3125 2249 caput
3174 2181 3505 2253 cujuspiam
3538 2182 3595 2237 S.
3629 2183 3805 2239 Atha-

2150 2268 2299 2323 nasii
2333 2270 2614 2339 episc0pi,
2675 2272 2815 2338 puta
2870 2267 3326 2341 Corinthiorum,
3386 2270 3483 2342 qui
3531 2271 3805 2327 colitur5

2152 2358 2310 2412 Maii.
2347 2358 2431 2411 Ad
2466 2356 2607 2422 haec,
2641 2374 2818 2428 quam
2878 2362 2966 2412 est
3003 2356 3291 2413 incertum
3346 2376 3419 2414 an
3452 2376 3674 2431 coquus
3704 2361 3804 2418 ille

2153 2454 2395 2502 sanctus
2428 2464 2688 2518 unquam
2716 2447 2773 2500 in
2802 2463 2998 2501 rerum
3022 2452 3231 2502 natura
3254 2449 3443 2519 fuerit,
3462 2455 3561 2504 aut
3592 2449 3802 2506 saltem

2151 2554 2223 2591 an
2261 2536 2562 2591 Athanasii
2597 2536 2833 2590 nomine
2866 2535 3231 2607 appellatus:
3267 2542 3385 2592 tam
3418 2524 3651 2594 videtur
3675 2557 3802 2595 cer-

2150 2629 2275 2680 tum
2309 2628 2570 2681 casulam
2605 2624 2783 2680 simul
2815 2630 3171 2680 asservatam
3189 2643 3321 2681 cum
3346 2628 3533 2699 capite
3563 2629 3801 2700 signum

2151 2714 2408 2786 episcopi
2441 2732 2588 2779 esse,
2621 2731 2737 2768 non
2770 2715 2964 2769 fratris
3023 2714 3152 2769 laici
3187 2733 3199 2770 :
3234 2716 3491 2789 itemque
3522 2718 3645 2773 sola
3675 2736 3800 2774 cra-

2154 2806 2233 2860 nii
2268 2804 2586 2869 ossa,omni
2620 2820 2791 2859 carne
2836 2806 3057 2859 nudata
3104 2822 3232 2861 esse
3264 2806 3319 2860 in
3372 2806 3591 2873 Gallia;
3628 2814 3804 2880 caput

2154 2900 2351 2950 autem
2385 2895 2538 2964 quod
2596 2899 2685 2949 est
2739 2894 2797 2947 in
2860 2894 3160 2966 Hispania,
3197 2896 3277 2950 uti
3318 2896 3581 2969 linguam
3612 2898 3805 2954 adhuc

2156 2984 2473 3055 imputrcm
2525 2989 2736 3050 servat,
2793 2983 2873 3038 ita
2913 2992 2965 3038 et
3019 3002 3245 3040 servare
3302 3003 3536 3041 carnem
3596 2987 3803 3043 saltem

2154 3089 2501 3139 exsuccam;
2537 3073 2691 3143 quod
2752 3072 2939 3143 magis
2996 3075 3264 3129 convenit
3304 3076 3351 3129 ei
3386 3076 3563 3130 statui
3598 3078 3656 3131 in
3690 3093 3806 3148 quo

2155 3167 2240 3217 est
2272 3162 2564 3232 reliquum
2612 3178 2823 3232 corpus
2850 3162 3127 3217 Venetiis.
3161 3164 3321 3227 Quod
3355 3164 3404 3219 si
3436 3165 3517 3220 ita
3548 3166 3681 3237 quis
3705 3167 3805 3236 ju-

2156 3251 2376 3305 dicaret
2406 3251 2475 3304 de
2506 3251 2693 3321 capite
2723 3250 3092 3320 Serriniensi,
3139 3252 3322 3307 multo
3382 3254 3569 3325 magis
3601 3254 3685 3309 sic
3709 3256 3807 3326 ju-

392 3314 594 3409 speras
654 3338 784 3394 festi
840 3341 1106 3409 ejusdem
1165 3314 1381 3408 Sancti,
1445 3341 1636 3412 prima
1674 3314 1766 3397 die
1795 3342 2045 3414 proximi
2076 3314 2117 3379 Ο
2157 3340 2375 3395 dicaret
2425 3340 2495 3393 de
2527 3314 2785 3406 brachio,
2842 3341 2993 3411 quod
3031 3314 3136 3395 nos
3170 3358 3262 3395 an.
3326 3314 3584 3408 1661,11"!
3616 3314 3807 3398 Martii

390 3426 832 3493 Maii,omnibus
864 3430 1132 3501 personis
1162 3429 1655 3502 charitativis,qui
1690 3432 1759 3486 de
1792 3448 1898 3486 suo
1930 3432 2047 3487 illic

388 3515 650 3571 tribuent
681 3516 927 3588 aliquid,
964 3518 1475 3590 pollicendo,quod
1508 3520 1684 3573 futuri
1719 3520 1838 3575 sint
1868 3522 2048 3592 parti-

388 3605 567 3676 cipes,
592 3607 915 3678 generatim
945 3611 1001 3661 et
1031 3608 1449 3679 particulatim,
1483 3608 1748 3663 omnium
1782 3626 2043 3681 precum,

389 3711 513 3765 quae
572 3695 790 3751 ibidem
840 3696 951 3752 loci
1010 3696 1171 3753 ﬁent.
1236 3697 1487 3753 Dilectos
1544 3701 1739 3753 autem
1816 3704 2047 3756 nostros

390 3783 613 3855 priores
646 3789 702 3839 et
734 3790 967 3841 curatos
997 3786 1217 3842 vicinos
1248 3786 1646 3855 exhortamur,
1683 3792 1747 3842 ut
1774 3805 1907 3843 cum
1938 3806 2048 3845 sua

390 3873 643 3945 quisque
684 3874 849 3947 plebe
879 3875 1018 3932 illuc
1042 3876 1554 3949 processionaliter
1585 3878 1887 3943 accedant,
1921 3881 2047 3934 red-

391 3962 598 4019 dentes
630 3969 764 4020 vota
795 3982 899 4021 sua
925 3991 939 4035 ;
971 3971 1027 4022 et
1047 3966 1396 4022 commissos
1420 3966 1793 4040 sibipopulos
1825 3969 2044 4026 efﬁcaci

2156 3429 2412 3484 vidimus
2440 3428 2497 3482 in
2531 3430 2783 3483 sacrario
2843 3429 3182 3485 monasterii
3226 3430 3613 3502 Cassinensis,
3647 3436 3704 3487 et
3735 3433 3807 3489 de

2158 3526 2522 3590 costa,quam
2555 3519 2811 3573 Joannes
2857 3518 3308 3575 Schekmannus
3340 3522 3397 3575 in
3431 3523 3674 3593 Epitome
3702 3539 3807 3579 seu

2156 3608 2398 3665 Medulla
2452 3617 2722 3676 gestorum
2785 3610 3181 3665 Trevz'rensium
3233 3628 3325 3665 an.
3383 3612 3518 3665 1617
3569 3628 3803 3679 excusa,

2157 3698 2255 3753 fol.
2287 3699 2377 3769 55,
2438 3698 2645 3753 asserit
2694 3699 2752 3752 in
2794 3700 3145 3756 monasterio
3177 3702 3233 3757 S.
3284 3700 3581 3757 Maximini
3611 3719 3805 3759 serva-

2155 3793 2314 3855 tam;
2354 3787 2575 3843 scilicet
2632 3804 2762 3843 eam
2820 3806 2934 3844 non
2994 3807 3164 3862 posse
3222 3791 3375 3846 credi
3406 3793 3465 3847 S.
3500 3791 3807 3848 Athanasii

2155 3877 2553 3947 Alexandrini,
2588 3877 2635 3932 si
2670 3879 2797 3950 ejus
2828 3884 2917 3934 est
2948 3896 3159 3952 corpus
3199 3885 3494 3937 servatum
3522 3882 3803 3957 Venetiis,

2155 3970 2224 4024 de
2255 3985 2369 4040 quo
2402 3984 2518 4023 non
2548 3967 2777 4024 videtur
2803 3970 3195 4027 dubitandum
3242 3971 3518 4046 amplius.
