4160 6388
359 432 614 486 CCLXX"

1753 421 2369 488 PHOLEGOMENA.

1834 894 2304 1000 ELOGIA

1209 1195 1258 1244 Α
1287 1188 1705 1254 QUIBUSDAM
1744 1186 2089 1245 VETERUM
2126 1187 2542 1244 ATHANASIO
2580 1187 2915 1245 TRIBUTA.

535 1665 690 1737 Greg.
725 1666 858 1722 Nam.
895 1665 1046 1723 Orat.
1073 1665 1138 1721 de
1168 1665 1223 1721 S.
1255 1665 1453 1721 Athan.
1487 1665 1550 1719 in
1586 1664 1730 1720 Edit.
1774 1665 2197 1722 Graeco-Latina
2228 1681 2467 1720 suorum
2493 1680 2743 1737 operum,
2771 1681 2902 1737 pag.
2936 1664 3061 1735 373,
3093 1664 3178 1721 vel
3208 1665 3270 1721 in
3300 1663 3598 1737 appendice

996 1738 1401 1794 Encomioram.
1435 1753 1551 1810 qua:
1576 1738 1870 1808 posteriori
1897 1745 2038 1794 tomo
2076 1753 2301 1809 operum
2341 1737 2401 1792 ι).
2442 1737 2510 1793 At

426 1917 812 1975 Athanasium
831 1917 1077 1973 laudans
1088 1916 1361 1972 virtutem
1386 1916 1638 1972 laudabo
1659 1916 1836 1984 ;idem
1849 1915 2007 1974 enim
2037 1917 2093 1983 Α

356 2012 448 2065 est
477 2007 643 2062 illum
675 2007 888 2078 dicere,
944 2006 1098 2077 quod
1157 2005 1428 2062 virtutem
1477 2005 1755 2062 laudibus
1783 2006 2007 2075 efferre,

356 2097 635 2170 quoniam
667 2113 872 2153 omnes
901 2095 1146 2151 virtutes
1193 2093 1466 2152 collectas
1514 2097 1771 2164 tenebat,
1805 2094 1913 2162 vel,
1945 2100 2014 2151 ut

352 2187 548 2245 verius
579 2188 807 2260 loquar,
840 2190 1016 2242 tenet.

2586 1738 2742 1793 nasii
2768 1737 3014 1808 subjecta
3031 1741 3133 1793 est.

2195 1916 2508 1970 ’Δθανάσιον
2556 1914 2828 1985 ἐπαινων,
2890 1917 3085 1991 αρετήν
3147 1914 3519 1990 ἐπαινέσομαι·
3578 1915 3775 1972 ταύτὸν

2122 2005 2225 2080 γάρ
2287 2003 2487 2058 ἐκεῖνόν
2535 2023 2594 2057 τε
2643 2003 2808 2059 εἰπεῖν
2839 2052 2854 2077 ,
2905 2004 2995 2058 καὶ
3046 2004 3240 2079 ἀρετὴν
3300 2003 3575 2058 ἐπαινέσαι
3630 2024 3644 2037 ’
3693 2002 3782 2061 ὅτι

2121 2099 2293 2147 πᾶσαν
2328 2091 2378 2147 ἐν
2413 2092 2586 2164 ἑαυτῷ
2615 2087 2904 2147 συλλαϐὼν
2963 2092 3079 2168 εἶχε
3122 2093 3221 2162 τὴν
3274 2093 3492 2166 ἀρετὴν,
3532 2094 3591 2165 ἢ,
3623 2093 3686 2148 τό
3717 2114 3784 2170 γε

2124 2180 2482 2259 ἀληθέστερον
2519 2182 2710 2252 εἰπεῖν,
2743 2177 2879 2259 ἔχει.

1814 2411 1880 2466 Et
1913 2410 2084 2483 paulo
2112 2418 2232 2483 post
2259 2427 2272 2466 :

422 2591 800 2664 Athanasius,
830 2591 1092 2665 quandiu
1118 2590 1427 2648 nobiscum
1450 2592 1715 2646 versatus
1734 2594 1842 2659 est,
1874 2607 2010 2648 vera

354 2681 624 2740 Ecclesiae
652 2682 927 2739 columna
958 2681 1089 2737 fuit.

2192 2588 2506 2651 ’Δθανάσιος
2556 2589 2692 2662 ἡμῖν
2754 2587 2860 2651 ἓως
2906 2594 3108 2664 παρῆν,
3162 2590 3190 2644 ὁ
3255 2590 3451 2652 στῦλος
3508 2595 3611 2658 τῆς
3662 2590 3783 2645 Ἐκ·

2118 2675 2376 2749 κλησίας.

1837 2886 1904 2942 Et
1927 2885 2026 2942 sub
2064 2885 2234 2957 ﬁnem
2259 2903 2277 2940 :

422 3071 570 3128 Cum
601 3071 798 3124 autem
832 3082 966 3122 eum
1023 3064 1151 3120 vitae
1209 3081 1451 3120 cursum
1495 3063 1799 3130 tenuisset,
1835 3069 2010 3136 atque

352 3161 434 3217 ita
464 3158 772 3215 institutus
793 3155 1269 3227 fuisset,ipseque
1291 3152 1437 3210 alios
1460 3153 1831 3224 instituisset,
1865 3154 2009 3210 adeo

351 3253 418 3306 ut
444 3248 563 3304 vita
589 3245 778 3318 ipsius
836 3260 1186 3316 morumque
1241 3243 1547 3316 integritas
1595 3245 2008 3316 episcoporum

354 3353 562 3395 norma
617 3338 793 3405 esset,
847 3342 903 3390 et
959 3334 1146 3406 ipsius
1177 3333 1458 3406 dogmata
1508 3331 1644 3388 ﬁdei
1675 3331 2008 3389 orthodoxae

2190 3063 2366 3132 Ζήσας
2424 3058 2482 3115 δὲ
2538 3059 2702 3132 οὕτω,
2760 3061 2849 3116 καὶ
2925 3059 3231 3124 παιδευθεὶς
3304 3083 3392 3117 και
3452 3062 3775 3139 παιδεύσας,

2120 3149 2259 3205 ὥστε
2289 3149 2414 3227 ὅρον
2451 3151 2545 3224 μὲν
2596 3149 2898 3220 ἐπισκοπῆς
2949 3151 3084 3205 εἶναι
3133 3151 3223 3206 τὸν
3276 3150 3481 3206 ἐκείνου
3525 3152 3643 3228 βίον
3678 3153 3773 3209 καὶ

2116 3239 2341 3315 τρόπον,
2398 3238 2566 3314 νόμον
2618 3239 2675 3294 δὲ
2725 3236 3040 3315 ὀρθοδοξίας
3094 3241 3161 3294 τὰ
3229 3239 3435 3296 ἐκείνου
3495 3239 3770 3317 δόγματα,

2117 3329 2238 3384 τίνα
2273 3329 2458 3403 μισθὸν
2488 3335 2588 3398 τῆς
2622 3323 2895 3392 εὐσεϐείας
2941 3328 3224 3402 κομίζεται
3259 3349 3274 3399 ;
3308 3331 3510 3403 [Plena
3549 3337 3640 3389 est
3679 3333 3776 3388 in-

353 3388 916 3502 l—ege—s-baberentur,
977 3388 1289 3495 duodnam)
1335 3388 1575 3478 tandem
1628 3420 1862 3494 pietatis
1891 3388 2010 3478 suae
2042 3388 2088 3453 Β
2120 3388 2380 3493 signium
2411 3388 2812 3511 encomiorum
2841 3388 2963 3477 tota
2993 3388 3366 3493 illa.0ratio.]

353 3515 620 3574 bravium
646 3512 952 3587 reportat?

531 3720 774 3776 Basilius
800 3718 1027 3790 Magnus
1053 3719 1114 3772 in
1142 3717 1301 3790 epist.
1334 3716 1406 3773 ad
1433 3717 1818 3788 Athanasium,
1849 3731 1976 3788 qua
2003 3721 2086 3774 est
2123 3719 2272 3774 inter
2307 3717 2567 3790 epistolas
2599 3717 2796 3773 Basilii
2823 3717 2884 3772 in
2911 3716 3110 3773 ordine
3139 3716 3208 3772 48
3235 3718 3368 3774 edit.
3403 3719 3594 3774 Paris.

424 3900 565 3967 Quis
591 3901 788 3954 autem
820 3898 891 3953 ad
921 3913 990 3952 ea
1045 3897 1394 3968 perﬁcienda
1435 3897 1747 3968 prudentia
1780 3901 1878 3952 tua
1908 3913 2006 3952 va-

349 3989 561 4047 lentior
598 3987 731 4044 est?
782 3987 922 4053 Quis
956 3985 1206 4053 acutius,
1239 3986 1380 4057 quid
1417 3986 1745 4041 faciendum
1777 3986 1874 4052 sit,
1906 4003 2002 4042 ex-

350 4077 611 4152 pendet?
638 4077 778 4143 Quis
799 4076 872 4132 ad
897 4092 982 4143 ea,
1015 4091 1144 4146 quas
1177 4074 1346 4130 utilia
1364 4078 1525 4142 sunt,
1555 4075 1783 4147 agenda
1811 4075 2004 4131 efﬁca-

352 4169 516 4224 cior?
544 4166 685 4233 Quis
711 4166 781 4221 ad
806 4164 1291 4221 considerandam
1316 4163 1566 4219 fratrum
1595 4164 2004 4219 necessitatem

351 4255 715 4314 condolentis
737 4256 947 4311 affectu
996 4253 1183 4326 magis
1205 4251 1482 4325 praeditus
1507 4251 1534 4306 ‘I
1563 4252 1704 4319 Quis
1733 4252 2004 4308 universo

351 4345 650 4404 Occidenti
676 4343 1006 4402 honorabili
1061 4341 1273 4400 canitie
1301 4346 1404 4398 tua
1432 4340 1862 4398 venerabilior?
1894 4342 2004 4397 Re-

347 4435 551 4507 linque
581 4437 1030 4491 monumentum
1064 4431 1301 4504 aliquod
1320 4430 1434 4486 ista
1461 4435 1575 4486 tuas
1621 4430 2006 4488 conversatio-

347 4525 438 4580 nis
468 4525 588 4580 vita
617 4524 884 4596 dignum,
944 4521 1357 4578 colendissime
1419 4520 1608 4589 Pater,
1656 4519 2002 4576 innumeros

343 4613 498 4685 illos,
528 4630 677 4686 quos
697 4629 802 4686 pro
828 4612 1042 4685 pietate
1061 4610 1248 4667 tulisti
1273 4609 1523 4680 labores,
1557 4626 1674 4665 uno
1695 4608 1809 4666 isto
1833 4625 2006 4683 opere

343 4702 655 4760 conﬁrma.

1631 4853 1696 4907 Et
1731 4853 1792 4906 in
1829 4853 2076 4924 sequenti

414 5035 708 5099 Quantum
758 5031 1157 5088 Ecclesiarum
1217 5031 1528 5103 languores
1561 5030 1850 5088 auctiores
1880 5048 2006 5089 eva-

342 5122 510 5189 dunt,
542 5127 774 5178 tantum
807 5121 1062 5176 universi
1120 5121 1194 5176 ad
1228 5125 1391 5175 tuam
1437 5119 1833 5176 convertimur
1863 5121 2006 5178 inte-

342 5210 637 5283 gritatem,
673 5228 854 5266 unam
887 5209 1056 5267 nobis
1117 5209 1405 5265 malorum
1449 5208 1909 5265 consolationem
1942 5211 2002 5267 in

341 5304 446 5354 tua
475 5299 657 5356 tutela
687 5300 947 5356 relictam
1001 5316 1130 5356 esse
1162 5299 1486 5366 credentes,
1541 5298 1639 5370 qui
1676 5302 1734 5354 et
1765 5316 2002 5371 precum

342 5389 557 5444 virtute
613 5394 670 5444 et
726 5390 972 5445 scientia
1002 5406 1196 5444 rerum
1253 5387 1662 5461 gerendarum,
1715 5404 1831 5460 qua
1861 5390 2004 5461 quid

344 5477 633 5549 Optimum
659 5478 813 5534 factu
840 5480 918 5534 sit
967 5479 1283 5534 admonere
1305 5481 1565 5549 potes,ex
1595 5476 1857 5532 horribili
1890 5478 2006 5535 ista

342 5571 688 5638 tempestate
718 5584 1059 5624 conservare
1081 5584 1188 5623 nos
1209 5567 1280 5622 ab
1305 5565 1711 5637 omnibus,qui
1743 5566 2006 5640 aliquan-

341 5655 537 5713 tulum
569 5655 964 5728 integritatem
996 5662 1160 5713 tuam
1189 5655 1277 5712 vel
1300 5655 1503 5712 auditu
1534 5653 1624 5711 vel
1647 5656 2003 5729 experientia

343 5749 760 5824 cognoverunt,
794 5745 1071 5804 crederis.

2190 3894 2266 3957 Ιίς
2325 3893 2416 3950 οὖν
2505 3900 2673 3951 ταῦτα
2729 3892 3116 3970 διαπράξασθαι
3190 3901 3293 3966 τῆς
3352 3902 3454 3966 σῆς
3512 3896 3777 3960 συνέσεως

2118 3981 2485 4061 δυνατώτερος
2539 4005 2552 4056 ;
2602 3984 2694 4047 Τίς
2754 3981 2985 4039 συνιδεῖν
3032 3985 3095 4038 τὸ
3147 3981 3263 4039 δὲον
3327 3983 3628 4061 ὀξύτερος;
3675 3984 3774 4048 Τίς

2116 4071 2401 4149 ἔνεργῆσαι
2429 4075 2496 4129 τὰ
2543 4076 2797 4151 χρήσιμα
2845 4073 3285 4150 πρακτικώτερος
3318 4093 3331 4143 ;
3364 4074 3455 4137 Τίς
3507 4075 3643 4148 πρὸς
3673 4076 3775 4145 τὴν

2113 4163 2437 4234 κατανόησιν
2486 4169 2594 4218 τῶν
2656 4160 2904 4242 ἀδελφῶν
2964 4164 3402 4241 συμπαθέστερος
3458 4184 3471 4233 ;
3520 4163 3614 4226 Τίς
3671 4170 3777 4234 τῆς

2115 4255 2452 4328 σεμνοτάτης
2483 4275 2578 4308 σου
2608 4251 2808 4316 πολιᾶς
2841 4255 2986 4328 πάσῃ
3012 4257 3081 4328 τῇ
3115 4250 3263 4308 δύσει
3295 4250 3722 4328 αἰδεσιμώτερος
3757 4269 3774 4324 ;

2115 4344 2390 4398 Κατάλιπέ
2434 4363 2488 4397 τι
2550 4342 2897 4416 μνημόσυνον
2947 4347 3026 4416 τῷ
3087 4343 3194 4419 βίῳ
3241 4349 3344 4412 τῆς
3401 4349 3504 4412 σῆς
3556 4342 3773 4413 ἐπάξιον

2113 4430 2418 4505 πολιτείας,
2465 4433 2764 4506 τιμιώτατε
2813 4433 3012 4508 Πάτερ,
3059 4431 3189 4494 τοὺς
3252 4452 3480 4509 μυριους
3532 4430 3776 4497 ἐκείνους

2116 4522 2248 4598 ὑπὲρ
2304 4527 2405 4592 τῆς
2464 4516 2737 4582 εὐσεϐείας
2797 4518 2996 4583 ἄθλους
3055 4519 3132 4576 ἐνὶ
3191 4519 3373 4594 τούτῳ
3428 4522 3773 4592 κατάστησον

2116 4608 2284 4686 ἔργῳ·

2113 4855 2184 4911 ad
2214 4854 2486 4912 eumdem.

2183 5035 2343 5087 Ὅσον
2387 5035 2496 5086 τῶν
2539 5028 2880 5100 Ἐκκλησιῶν
2929 5031 2996 5085 τὰ
3047 5032 3080 5085 ἀ
3128 5030 3534 5107 ἀρρωστήματα
3584 5029 3673 5086 ἐπὶ
3709 5031 3776 5086 τὸ

2117 5128 2299 5197 μεῖζον
2342 5120 2578 5196 πρόεισι,
2632 5125 2888 5174 τοσοῦτον
2941 5121 3138 5183 πάντες
3190 5120 3276 5175 ἐπὶ
3334 5121 3436 5190 τὴν
3496 5121 3593 5190 σὴν
3654 5117 3776 5175 ἔπι-

2114 5211 2451 5289 στρεφόμεθα
2503 5207 2846 5280 τελειότητα,
2916 5208 3037 5283 μίαν
3112 5210 3323 5272 ἑαυτοῖς
3386 5207 3774 5266 ὑπολείπεσθαι

2111 5305 2218 5355 τῶν
2279 5297 2464 5354 δεινῶν
2517 5297 2860 5373 παραμυθίαν
2908 5300 3008 5368 τὴν
3069 5301 3168 5369 σήν
3219 5298 3550 5378 προστασίαν
3610 5319 3774 5355 πεπι-

2115 5388 2413 5451 στευκότες
2448 5388 2509 5451 ’ὸς
2566 5387 2656 5442 κκὶ
2705 5391 2773 5461 τῇ
2824 5384 3047 5462 δυνάμει
3105 5393 3214 5443 τῶν
3272 5392 3620 5465 προσευχῶν,
3679 5387 3774 5443 καὶ

2111 5484 2191 5552 τῷ
2217 5476 2410 5533 εἰδέναι
2442 5478 2511 5532 κά
2564 5474 2819 5553 βέλτιστα
2869 5482 2987 5539 τοῖς
3035 5479 3348 5555 πράγμασιν
3399 5476 3772 5551 ἀποτίθεσθαι,

2115 5567 2475 5623 διασώσασθαι
2533 5568 2682 5640 ἡμᾶς
2744 5565 2802 5620 ἐκ
2847 5570 2944 5621 τοῦ
3002 5561 3236 5644 φοϐεροῦ
3293 5571 3575 5643 χειμῶνος
3624 5565 3776 5644 παρὰ

2113 5659 2328 5712 πάντων
2386 5654 2597 5728 ὁμοίως
2651 5659 2759 5709 τῶν
2806 5655 2902 5710 κπὶ
2948 5656 3084 5710 κατὰ
3147 5657 3364 5733 μικρὸν,
3426 5657 3462 5726 ἢ
3516 5655 3680 5732 ἀκοῇ,
3731 5653 3773 5731 ἢ

2112 5746 2276 5828 πείρᾳ
2303 5743 2679 5827 γνωριζόντων
2709 5745 2810 5818 τὴν
2835 5742 3158 5821 τελειότητά
3187 5767 3304 5826 σου,
3335 5744 3588 5826 πιστεύῃ.
