4160 6446
1634 439 1922 509 ELOGIA
1965 438 2373 509 VETERUM.

3478 445 3710 501 οοωικν

1483 635 1617 689 Item
1646 633 1707 688 in
1734 633 1858 688 alia
1887 631 2120 704 epistola
2147 631 2221 686 ad
2249 629 2518 686 eumdem.

355 821 516 872 Ὅταν
581 817 676 890 μὲν
723 816 860 892 πρὸς
905 815 975 869 τά
1024 813 1321 890 πράγματα
1370 806 1794 884 υποϐλέψωμεν,
1854 809 1944 863 καὶ

2130 811 2371 876 Quando
2402 811 2473 866 ad
2505 828 2597 868 res
2624 811 2784 884 ipsas
2814 810 3050 884 quidem
3082 811 3452 885 respicimus,
3501 817 3558 870 et
3595 813 3715 870 dil-

284 909 378 970 τάς
412 904 706 968 δυσκολίας
750 901 1081 977 κατίδωμεν,
1129 903 1215 980 ὑφ’
1263 901 1335 954 ὧν
1387 905 1531 954 πᾶσα
1564 900 1766 974 ἀγαθοῦ
1798 897 1942 974 ἐνέρ-

286 1017 408 1072 γεια
434 997 547 1050 οἷον
585 994 688 1048 ὑπό
717 1015 866 1055 τινος
919 991 1122 1065 δεσμοῦ
1172 986 1580 1063 ἐμποδιζομένη
1630 988 1940 1064 κατέχεται,

288 1085 363 1147 εἰς
414 1084 725 1159 ἀπόγνωσιν
776 1083 980 1138 έαυτῶν
1031 1079 1309 1157 ἐρχόμεθα
1355 1077 1596 1147 παντελῆ
1648 1097 1660 1109 ·
1711 1076 1834 1131 ὅταν
1887 1075 1945 1132 δὲ

286 1172 453 1230 πάλιν
507 1175 648 1247 πρὸς
693 1174 794 1242 τήν
849 1173 945 1241 σὴν
1004 1169 1283 1244 ἀπίδωμεν
1346 1169 1797 1245 σεμνοπρέπειαν,
1854 1167 1944 1221 καὶ

290 1263 663 1340 λογισώμεθα,
715 1261 799 1316 ὅτι
839 1282 896 1315 σε
937 1261 1117 1330 ἰατρὸν
1174 1263 1282 1314 τῶν
1339 1257 1391 1313 ἐν
1431 1263 1551 1318 ταῖς
1593 1255 1946 1326 Ἐκκλησίαις

293 1353 740 1430 ἀρρωστημάτων
800 1353 828 1406 ὁ
884 1349 1081 1425 Κύριος
1137 1351 1297 1423 ἡμῶν
1359 1347 1712 1422 ἐταμιεύσατο
1748 1391 1762 1416 ,
1825 1347 1947 1401 ἀνα-

294 1438 647 1516 λαμϐάνομεν
707 1443 908 1496 ἑαυτῶν
957 1439 1086 1500 τοὺς
1144 1436 1450 1514 λογισμοὺς
1486 1481 1499 1507 ,
1557 1437 1646 1491 καὶ
1723 1435 1781 1490 ἐκ
1850 1439 1947 1489 τοῦ

291 1535 427 1587 κατὰ
451 1533 553 1602 τήν
587 1530 895 1606 ἀπόγνωσιν
931 1529 1226 1602 πτώματος
1277 1528 1414 1605 πρὸς
1462 1528 1561 1596 τήν
1615 1523 1811 1580 ἐλπίδα
1837 1529 1944 1581 τῶν

291 1621 679 1697 χρηστοτέρων
716 1617 1122 1694 διανιστάμεθα.

2052 899 2340 955 ﬁcultates
2370 900 2783 972 expendimus,
2805 918 2840 956 a
2865 902 3080 974 quibus
3111 905 3304 961 omnis
3336 905 3473 961 boni
3505 907 3714 964 efﬁcax

2053 988 2330 1060 Operatio,
2383 989 2550 1060 quasi
2592 991 2846 1062 quodam
2880 991 3198 1049 retinaculo
3232 994 3517 1066 impedita
3558 996 3714 1052 deti-

2056 1083 2245 1149 nctur,
2279 1095 2344 1133 eo
2376 1079 2715 1147 relabimur,
2758 1085 2825 1135 ut
2857 1098 3097 1154 prorsus
3128 1083 3199 1138 de
3230 1084 3400 1140 nobis
3430 1084 3578 1157 ipsis
3611 1085 3712 1140 de-

2055 1184 2381 1240 speremus.
2415 1169 2656 1233 Quando
2687 1184 2820 1224 vero
2851 1171 2922 1225 ad
2946 1170 3254 1228 honestam
3276 1173 3438 1230 illam
3460 1174 3712 1247 gravita-

2054 1263 2173 1313 tem
2221 1261 2386 1313 tuam
2432 1257 2844 1327 convertimur,
2888 1277 2954 1315 ac
2986 1261 3310 1333 cogitamus
3342 1264 3496 1335 quod
3526 1268 3582 1319 te
3613 1281 3712 1321 eo-

2055 1347 2519 1404 clesiasticarum
2551 1349 2964 1404 infirmitatum
2997 1352 3278 1408 Dominus
3309 1357 3507 1410 noster
3528 1355 3713 1410 medi-

2058 1455 2192 1493 cum
2225 1437 2612 1505 constituerit,
2646 1438 2877 1494 animos
2911 1441 3291 1510 resumimus,
3323 1445 3380 1498 et
3409 1459 3478 1498 ex
3507 1443 3714 1518 despe-

2060 1526 2306 1582 rationis
2336 1525 2506 1599 lapsu
2538 1527 2610 1582 ad
2641 1543 2806 1599 spem
2841 1529 3380 1601 rerumjmeliorum
3411 1533 3712 1606 erigimur.

1784 1799 1850 1852 Et
1875 1797 2048 1869 paulo
2072 1800 2192 1868 post
2218 1813 2229 1852 :

367 1957 509 2031 Πρὸς
538 1959 704 2010 ταῦτα
749 1954 836 2016 τίς
885 1954 1068 2015 ἱκανὸς
1117 1947 1499 2029 κυϐερνήτης;
1532 1951 1616 2013 τίς
1669 1949 1814 2022 ἄξιος
1867 1949 1947 2005 δι-

2135 1955 2201 2006 Et
2222 1952 2292 2008 ad
2327 1951 2441 2008 ista
2466 1951 2597 2023 quis
2627 1952 2928 2010 sufficiens
2958 1955 3361 2026 gubernator?
3392 1958 3526 2031 quis
3547 1964 3721 2019 tantas

295 2051 590 2114 ἀναστῆσαι
618 2044 709 2099 τὸν
743 2043 939 2120 Κύριον
992 2041 1313 2115 ἐπιτιμῆσαι
1360 2045 1438 2113 τῷ
1489 2041 1674 2114 ἀνέμῳ
1718 2040 1808 2095 καὶ
1859 2042 1948 2095 θα-

2074 2041 2219 2110 iidei,
2274 2047 2336 2096 ut
2385 2042 2655 2098 credatur
2704 2042 3063 2101 excitaturus
3111 2045 3451 2118 Dominum,
3514 2051 3614 2123 qui
3663 2054 3722 2108 et

296 2132 507 2209 λάσσῃ;
540 2133 624 2196 τίς
653 2130 836 2207 ἕτερος
865 2134 900 2202 ἢ
935 2133 962 2186 ὁ
998 2131 1058 2186 ἐκ
1085 2129 1280 2194 παιδὸς
1328 2135 1446 2193 τοῖς
1501 2129 1632 2206 ὑπὲρ
1680 2124 1950 2193 εὐσεϐείας

296 2221 598 2295 ἐναθλήσας
630 2223 832 2298 ἀγῶσιν
863 2241 884 2286 ,⁸

2061 2135 2303 2186 ventum
2333 2129 2593 2202 increpet
2621 2134 2677 2187 ct
2707 2147 2866 2187 mare
2891 2131 2920 2186 ‘I
2960 2133 3091 2206 quis
3132 2134 3283 2191 alius
3333 2154 3510 2209 quam
3543 2139 3644 2212 qui
3690 2158 3726 2197 a

2063 2237 2242 2293 puero
2275 2220 2334 2275 in
2367 2219 2602 2293 pietatis
2631 2221 2918 2294 agonibus
2949 2223 3266 2281 decertavit
3287 2225 3316 2281 ?

1567 2429 1808 2484 Rursum
1836 2429 1898 2483 in
1927 2428 2163 2500 epistola
2191 2428 2456 2500 sequenti.

370 2611 487 2663 Τῶν
522 2605 709 2663 ἄλλων
740 2612 856 2670 τοῖς
904 2604 1184 2668 πλείστοις
1239 2605 1450 2682 ἐξαρκεῖ
1495 2605 1558 2659 τὸ
1608 2606 1724 2660 καθ’
1765 2605 1953 2660 ἑαυτὸν

301 2694 522 2753 ἕκαστον
572 2701 916 2772 περισκοπεῖν
969 2697 1052 2751 σοὶ
1104 2693 1162 2750 δὲ
1210 2694 1315 2772 οὐχ
1365 2695 1546 2750 ἱκανὸν
1596 2699 1781 2766 τοῦτο,
1832 2693 1959 2750 ἀλλ’

302 2789 337 2856 ἡ
376 2787 612 2862 μέριμνα
641 2808 727 2842 σοι
774 2791 959 2842 πασῶν
1007 2790 1114 2840 τῶν
1165 2782 1503 2854 Ἐκκλησιῶν
1557 2784 1817 2858 τοσαύτη,
1852 2784 1952 2855 ὅση

301 2877 392 2932 καὶ
423 2873 578 2938 ἰδίως
606 2876 752 2950 παρὰ
793 2880 889 2930 τοῦ
936 2879 1123 2930 κοινοῦ
1171 2873 1440 2929 Δεσπότου
1471 2876 1630 2947 ἡμῶν
1665 2872 1956 2948 ἐμπιστευ-

303 2965 483 3037 θείσης
515 2964 801 3035 ἐπίκειται,
834 2964 894 3028 ὅς
924 2987 987 3041 γε
1018 2962 1210 3020 οὐδένα
1237 2963 1435 3041 χρόνον
1489 2961 1791 3031 διαλείπεις
1842 2962 1956 3019 δια-

303 3053 622 3131 λεγόμενος,
673 3056 961 3126 νουθετῶν,
1014 3052 1392 3124 ἐπιστέλλων,
1453 3052 1747 3128 ἐκπέμπων
1801 3056 1955 3116 τινας

304 3146 554 3200 ἑκάστοτε
580 3145 708 3207 τοὺς
741 3144 1160 3218 ὑποτιθεμένους
1188 3143 1256 3198 τὰ
1291 3141 1566 3218 βέλτιστα.
1610 3145 1957 3214 [Videantur

305 3236 511 3293 iisdem
544 3237 603 3292 in
636 3235 900 3309 epistolis
931 3235 1150 3308 plura.]

2140 2608 2427 2674 Quoniam
2460 2607 2709 2664 aliorum
2741 2607 3014 2681 plurimis
3047 2610 3156 2667 hoc
3186 2613 3331 2670 satis
3359 2619 3467 2688 est,
3515 2616 3563 2673 si
3607 2618 3724 2675 sibi

2069 2697 2318 2770 quisque
2348 2697 2805 2770 circumspiciat,
2829 2703 2887 2754 at
2911 2699 3015 2755 tibi
3037 2699 3196 2758 istud
3222 2701 3379 2759 haud
3413 2705 3724 2778 satisfacit,

2068 2788 2168 2843 sed
2224 2791 2449 2843 tantam
2507 2788 2662 2860 geris
2717 2789 2986 2845 omnium
3043 2790 3434 2849 Ecclesiarum
3495 2812 3723 2867 curam,

2066 2881 2348 2948 quantam
2379 2878 2533 2949 ejus,
2565 2895 2690 2950 quae
2721 2879 2828 2934 tibi
2862 2878 3234 2952 peculiariter
3256 2899 3291 2938 a
3311 2883 3561 2941 Domino
3584 2903 3726 2943 con-

2065 2965 2286 3022 credita
2332 2970 2440 3033 est,
2497 2966 2578 3022 ita
2628 2971 2692 3022 ut
2737 2966 2900 3024 nullo
2947 2986 3062 3025 non
3111 2974 3370 3044 tempore
3419 2974 3491 3030 de
3537 2977 3723 3034 sacris

2064 3054 2378 3123 edisseras,
2404 3056 2741 3122 admoneas,
2773 3057 3018 3129 scribas,
3045 3059 3496 3135 frequenterque
3520 3066 3724 3124 mittas

2066 3144 2314 3216 aliquos,
2357 3145 2458 3216 qui
2505 3144 2803 3201 undelibet
2852 3147 2994 3218 quid
3051 3149 3342 3222 Optimum
3392 3153 3473 3208 sit
3519 3155 3726 3212 admo-

1991 3219 2033 3286 C
2073 3238 2269 3291 neant.

609 3471 792 3528 Julius
819 3471 1092 3527 Romanus
1119 3471 1180 3526 in
1208 3470 1437 3542 epistola
1464 3470 1536 3526 ad
1565 3469 1968 3526 Alexandrinos
1990 3468 2145 3543 apud
2173 3472 2469 3538 Socratem,
2503 3469 2603 3524 lib.
2636 3486 2674 3524 II
2705 3470 2854 3526 Hist.
2888 3470 3119 3544 eccles.,
3150 3489 3280 3546 cap.
3315 3475 3416 3543 23,

1715 3559 1804 3615 Gr.
1837 3558 1970 3616 edit.
2005 3561 2156 3616 inter
2183 3559 2321 3615 alia.

379 3757 479 3813 Καὶ
511 3755 716 3834 ἔγωγε,
769 3757 1065 3833 ἀγαπητοὶ,
1118 3757 1209 3812 τὸν
1269 3754 1560 3832 γενόμενον
1621 3757 1737 3811 κατ’
1797 3754 1961 3811 αὑτοῦ

305 3847 481 3900 πάντα
534 3846 833 3922 πειρασμὸν
895 3845 994 3900 οὐκ
1043 3843 1230 3916 ἄδοξον
1285 3848 1530 3920 ἠγοῦμαι
1591 3847 1959 3922 γεγενῆσθαι’

303 3935 394 3990 καὶ
423 3938 527 4013 γὰρ
558 3936 648 3990 καὶ
679 3937 714 4005 ἡ
769 3936 1002 4012 ὑμετέρα
1046 3935 1137 3990 καὶ
1187 3937 1222 4005 ἡ
1255 3934 1450 3990 τούτου
1498 3935 1680 3998 πίστις
1713 3935 1958 4012 ἐγνώσθη

305 4026 450 4101 παρά
506 4031 638 4079 πᾶσι
693 4025 783 4079 καὶ
843 4022 1248 4098 δεδοκίμασται.
1309 4024 1372 4079 Εἰ
1430 4026 1533 4102 γὰρ
1600 4026 1674 4098 μὴ
1729 4029 1962 4080 τοσαῦτα

306 4109 667 4187 συμϐεϐήκει,
715 4113 796 4175 τίς
844 4114 904 4168 ἂν
955 4113 1258 4168 ἐπίστευσεν
1309 4113 1344 4183 ἢ
1397 4114 1473 4176 εἷς
1508 4114 1646 4187 ὑμᾶς
1692 4113 1960 4183 τοσαύτην

305 4203 506 4280 κρίσιν,
561 4203 652 4258 καὶ
706 4203 972 4274 τοσαύτην
1034 4203 1249 4278 ἀγάπην
1304 4204 1428 4279 περὶ
1485 4205 1575 4258 τὸν
1633 4202 1960 4272 τηλικοῦτον

309 4292 603 4348 ἐπίσκοπον
646 4288 814 4370 ἔχειν,
865 4294 901 4362 ἢ
955 4292 1157 4348 ἐκεῖνον
1204 4292 1492 4356 τοσαύταις
1543 4293 1758 4370 ἀρεταῖς
1807 4313 1961 4368 περι-

308 4377 634 4453 ϐεϐλῆσθαι,
685 4381 754 4438 δι’
807 4382 870 4444 ἃς
915 4382 1005 4437 καὶ
1051 4388 1154 4452 τῆς
1198 4381 1249 4438 έν
1301 4383 1552 4460 οὐρανοῖς
1603 4381 1827 4446 ἐλπίδος
1866 4382 1965 4439 οὐκ

311 4469 608 4547 ἀλλότριος
639 4473 855 4547 γένοιτο
891 4491 905 4541 ;
941 4473 1204 4549 Ἐπέτκχε
1226 4471 1407 4527 τοίνυν
1457 4471 1558 4545 οἵῳ
1608 4469 1812 4544 δήποτε
1840 4473 1964 4549 τρό-

308 4582 420 4633 πῳ,
460 4560 552 4615 καὶ
587 4559 638 4615 ἐν
671 4565 752 4632 τῷ
781 4565 872 4615 νῦν
902 4559 992 4615 καὶ
1026 4559 1077 4614 ἐν
1108 4563 1187 4632 τῷ
1222 4557 1503 4632 μέλλοντι,
1534 4558 1624 4614 καὶ
1658 4557 1963 4635 ὁμολογίας

2141 3758 2330 3829 Atque
2379 3772 2471 3813 res
2519 3773 2724 3813 omnes
2753 3757 3050 3826 adversas,
3100 3777 3249 3833 quas
3296 3767 3569 3835 expertus
3615 3769 3728 3837 est,

2072 3846 2281 3901 fratres
2312 3845 2666 3914 cbarissimi,
2703 3864 2812 3902 sua
2840 3846 3013 3904 laude
3045 3849 3290 3907 minime
3328 3869 3527 3910 carere
3574 3856 3730 3911 arbi-

2071 3941 2210 3991 tror.
2268 3935 2498 3990 Etenim
2573 3935 2682 3990 hoc
2727 3937 2898 3992 modo
2939 3954 3072 3994 cum
3102 3943 3315 4011 vestra,
3365 3945 3491 3998 tum
3538 3943 3726 4016 ipsius

2073 4026 2218 4080 ﬁdes
2251 4025 2405 4096 apud
2438 4041 2642 4080 omnes
2674 4029 2976 4097 perspecta
3005 4027 3417 4102 explorataque
3446 4037 3554 4088 est.
3581 4031 3730 4088 Nam

2073 4114 2121 4170 si
2157 4119 2271 4170 tam
2305 4113 2499 4186 gravis
2531 4130 2703 4170 casus
2733 4113 2900 4170 illum
2933 4133 3049 4172 non
3082 4117 3408 4187 afflixisset,
3450 4121 3584 4194 quis
3617 4139 3730 4178 un-

2073 4220 2252 4276 quam
2275 4203 2623 4259 credidisset
2643 4202 2729 4258 vel
2755 4209 2870 4259 tam
2897 4205 3417 4277 stabilejudicium
3441 4209 3498 4264 in
3522 4209 3734 4267 vestris

2073 4292 2290 4348 animis
2347 4292 2655 4360 insedisse,
2704 4297 3054 4367 tantumque
3110 4295 3413 4353 charitatis
3461 4299 3732 4356 ardorem

2073 4398 2211 4455 erga
2239 4386 2361 4436 tam
2393 4381 2693 4454 egregium
2727 4382 3071 4456 episc0pum
3119 4385 3431 4443 incensum
3463 4404 3614 4456 esse,
3642 4388 3734 4445 vel

2073 4469 2242 4526 illum
2273 4475 2393 4526 tam
2426 4469 2705 4542 preclaris
2746 4471 3060 4530 virtutibus
3091 4474 3423 4547 praeditum,
3476 4476 3548 4532 ob
3585 4492 3736 4548 quas

2074 4559 2218 4632 spei,
2267 4577 2395 4631 quae
2444 4565 2533 4616 est
2580 4559 2748 4615 nobis
2797 4561 2856 4616 in
2907 4562 3068 4618 caelis
3117 4564 3390 4638 reposita,
3443 4564 3735 4638 particeps

311 4647 523 4722 ἔνδοξον
577 4650 898 4726 μαρτυρίαν.
952 4648 1236 4726 Διαφόρως
1273 4649 1376 4723 γὰρ
1425 4649 1561 4703 κατά
1613 4669 1673 4704 τε
1722 4656 1826 4725 γῆν
1876 4650 1957 4704 καῖ

2077 4650 2222 4706 ﬁet?
2250 4650 2638 4713 Quamobrem
2688 4665 2822 4705 cum
2867 4652 2927 4706 in
2973 4655 3245 4724 praesenti
3283 4658 3412 4711 tum
3443 4654 3503 4711 in
3535 4655 3734 4712 futuro

308 4741 447 4795 κατά
519 4739 784 4794 θάκατταν
855 4735 1043 4793 πολλά
1101 4738 1406 4812 πειρασθεὶς
1439 4784 1454 4812 ,
1513 4739 1612 4807 τὴν
1669 4738 1964 4814 σκευωρίαν

309 4835 482 4884 πᾶσαν
557 4835 662 4898 τῆς
741 4829 1026 4904 Ἀρειανῆς
1098 4828 1355 4904 αἱρέσεως
1429 4828 1767 4897 κατεπάτησε
1799 4874 1812 4900 ,
1873 4827 1966 4883 καὶ

311 4914 585 4980 πολλάκις
620 4913 711 4971 διὰ
755 4915 949 4993 φθόνον
999 4914 1089 4969 καὶ
1144 4914 1221 4977 εἷς
1251 4911 1496 4970 κίνδυνον
1537 4909 1963 4985 ἐπιϐουλευθεὶς,

311 5007 684 5085 κατεφρόνησε
741 5005 1000 5078 θανάτου,
1061 5003 1469 5083 φρουρούμενος
1530 5005 1632 5059 ὑπὸ
1686 5009 1782 5060 τοῦ
1837 5026 1968 5060 παν-

312 5098 644 5173 τοκράτορος
677 5100 832 5163 Θεοῦ,
880 5095 971 5150 καὶ
1016 5098 1113 5148 τοῦ
1145 5093 1368 5170 Κυρίου.
1400 5095 1561 5167 ἡμῶν
1603 5095 1785 5165 Ἰησοῦ
1834 5100 1964 5171 Χρι-

316 5189 463 5255 στοῦ,
498 5183 736 5253 ἐλπίζων
772 5185 886 5256 ἅμα
932 5182 1022 5237 καὶ
1069 5182 1166 5244 τὰς
1221 5178 1518 5245 ἐπιϐουλὰς
1568 5181 1831 5238 ἐκκλίνειν
1876 5184 1965 5239 καὶ

317 5274 920 5343 ἀποκατασταθήσεσθαι
1003 5271 1140 5348 πρὸς
1229 5271 1488 5346 ὑμετέραν
1576 5271 1917 5350 παράκλησιν
1948 5320 1964 5347 ,

315 5365 489 5442 φέρων
556 5365 684 5438 ὑμῖν
727 5365 842 5438 ἅμα
880 5362 940 5418 ἐκ
979 5369 1080 5431 τῆς
1131 5361 1394 5436 ὑμετέρας
1450 5360 1808 5434 συνειδήσεως
1844 5363 1966 5437 μεί-

317 5459 443 5522 ζονα
488 5455 557 5509 τά
600 5453 837 5528 τρόπαια
871 5472 883 5485 °
918 5451 970 5506 ἐν
1022 5451 1104 5513 οἷς
1158 5449 1249 5504 καὶ
1300 5447 1432 5526 ἄχρι
1459 5453 1742 5528 τερμάτων
1787 5453 1969 5524 πάσης

311 5551 412 5612 τῆς
444 5551 551 5620 γῆς
602 5541 817 5613 ἔνδοξος
871 5541 1140 5618 ἐγνώσθη,
1192 5536 1536 5612 δοκιμασθεὶς
1583 5540 1642 5596 ἐκ
1686 5547 1784 5597 τοῦ
1819 5543 1965 5619 βίου,

311 5633 828 5710 παρρησιασάμενος
892 5632 984 5704 μὲν
1040 5634 1107 5704 τῇ
1173 5628 1425 5704 προθέσει
1478 5629 1567 5684 καὶ
1617 5635 1684 5706 τῇ
1744 5631 1970 5710 οὐρανίᾳ

311 5718 677 5794 διδασκαλίᾳ,
737 5718 1082 5796 ἀποδειχθεῖς
1158 5715 1215 5773 δὲ
1280 5717 1526 5795 ἀθανάτῳ
1601 5721 1772 5797 κρίσει
1841 5723 1968 5800 παρ’

310 5812 462 5895 ὑμῶν
493 5812 883 5900 ἀγαπώμενος.

2076 4737 2285 4795 saeculo
2314 4737 2598 4795 eximium
2631 4738 3018 4797 confessionis
3048 4743 3454 4800 testimonium
3485 4747 3576 4801 est
3602 4761 3738 4801 con-

2077 4832 2334 4885 secutus.
2357 4827 2504 4882 Nam
2536 4827 2756 4883 multas
2788 4826 3152 4887 calamitates
3173 4833 3350 4889 variis
3371 4833 3560 4890 modis
3581 4837 3739 4892 terra

2077 4918 2344 4990 marique
2373 4923 2666 4989 expertus,
2701 4934 2906 4974 omnes
2935 4917 3162 4975 Arianze
3196 4921 3467 4980 factionis
3491 4922 3737 4980 insidias

2077 5006 2245 5080 quasi
2277 5005 2524 5078 pedibus
2557 5007 2932 5063 conculcavit.
2965 5010 3044 5064 Ac
3073 5026 3474 5082 saepenumero
3506 5011 3737 5069 invidia

2077 5113 2256 5152 causa
2285 5095 2342 5150 in
2388 5097 2520 5150 vitze
2553 5096 2876 5168 periculum
2909 5114 3012 5169 per
3039 5099 3406 5157 adversarios
3457 5101 3739 5158 insidiose

2079 5187 2400 5256 conjectus,
2435 5189 2681 5240 mortem
2711 5187 3066 5260 contempsit
3088 5187 3183 5243 ille
3205 5189 3443 5260 quidem
3476 5208 3489 5247 :
3525 5191 3624 5247 sed
3649 5194 3738 5248 ta-

2079 5292 2212 5331 men
2239 5275 2331 5329 Dei
2356 5274 2778 5347 omnipotentis
2804 5281 2860 5331 et
2881 5276 3110 5333 Domini
3145 5280 3330 5334 nostri
3360 5281 3496 5336 Jesu
3520 5279 3739 5337 Christi

2079 5363 2295 5420 auxilio
2326 5366 2510 5420 evasit
2539 5364 2874 5422 incolumis.
2911 5365 3074 5424 Unde
3104 5384 3266 5440 spem
3302 5369 3498 5424 animo
3529 5385 3738 5427 conce-

2080 5455 2182 5526 pit,
2219 5471 2282 5509 se
2310 5457 2436 5508 tum
2471 5453 2728 5509 hostium
2761 5455 3006 5512 insidias
3036 5457 3450 5523 devitaturum,
3481 5461 3611 5514 tum
3637 5475 3737 5514 vo-

2079 5545 2170 5600 bis
2201 5544 2272 5599 ad
2303 5549 2633 5599 vestrorum
2665 5543 2994 5600 animorum
3049 5545 3324 5602 solatium
3369 5547 3610 5602 tandem
3641 5563 3739 5602 re-

2079 5633 2354 5689 stitutum
2378 5632 2470 5700 iri,
2497 5650 2610 5704 quo
2636 5649 2704 5688 ex
2722 5640 2914 5690 vestra
2936 5638 3090 5691 recte
3115 5635 3397 5690 factorum
3429 5635 3736 5692 conscien-

2077 5723 2160 5779 tia
2193 5739 2311 5777 una
2340 5721 2642 5778 vobiscum
2675 5722 3077 5781 illustrissima
3126 5727 3338 5797 tropaea
3387 5727 3734 5796 reportaret,

2079 5811 2298 5893 quibus
2349 5827 2492 5869 sane
2548 5811 2623 5871 ad
2677 5815 2967 5875 extremas
3023 5813 3306 5876 universa
3357 5813 3530 5872 terra
3597 5828 3734 5884 om
