4160 6416
387 408 457 465 αα
464 410 646 460 LXXVI

1782 391 2398 457 PROLEGOMENA.

381 531 593 587 eximie
650 528 993 585 nobilitatus
1044 531 1153 594 est,
1204 525 1651 598 certissimaque
1699 526 1829 581 vitae
1879 524 2154 599 praeclare
2184 530 2464 582 anteactae
2498 527 2717 582 indicia
2746 526 3012 582 omnium
3043 526 3230 583 oculis
3257 526 3541 598 subjecit,
3596 520 3815 596 quippe

382 620 485 692 qui
517 636 632 675 non
664 619 840 674 modo
874 618 1006 673 ﬁdei
1039 634 1157 673 suae
1190 616 1617 688 professionem
1649 618 1709 671 et
1737 615 2065 669 doctrinam
2118 615 2408 671 caelestem
2462 616 2539 671 sit
2584 615 2765 672 libere
2813 620 3059 683 tutatus,
3111 632 3314 671 verum
3364 614 3541 670 etiam
3584 612 3814 684 judicio

379 712 539 765 certo
569 712 627 765 et
662 706 833 779 quasi
864 704 1182 763 immortali
1213 710 1475 761 vestrum
1509 721 1648 778 erga
1688 705 1886 775 ipsum
1919 704 2281 777 singularem
2315 721 2576 761 amorem
2608 704 2915 777 perspicue
2944 705 3345 761 declaraverit.

1880 875 1945 929 Et
1973 874 2142 946 paulo
2169 882 2308 945 post.

448 1002 596 1067 Quid
655 1006 850 1057 autem
885 1005 1045 1056 tanto
1102 1001 1223 1057 viro
1254 1001 1499 1074 dignum
1547 1000 1793 1072 proferri
1826 998 2034 1072 possit,
2066 1000 2121 1066 Α
2223 998 2282 1052 Tt
2336 996 2395 1053 ἄν
2445 1020 2529 1062 τις

378 1091 476 1163 qui
508 1095 593 1146 tot
623 1095 679 1145 et
708 1091 889 1146 tantis
930 1089 1326 1163 periculorum
1375 1089 1687 1145 exantlatis
1717 1089 2040 1155 laboribus,

378 1181 640 1236 redditur
688 1181 928 1236 tandem
979 1180 1143 1236 vobis
1190 1178 1526 1248 incolumis,
1587 1196 1700 1234 non
1758 1178 2038 1233 beneﬁcio

376 1270 559 1326 nostri
614 1270 1049 1338 tantummodo,
1108 1286 1309 1324 verum
1361 1268 1535 1324 etiam
1585 1268 1763 1323 totius
1808 1266 2037 1322 concilii

367 1359 593 1432 judicio
623 1358 759 1415 talis
791 1358 1166 1415 declaratus?
1196 1358 1503 1430 Siquidem
1536 1358 1645 1413 hoc
1676 1356 1789 1412 sibi
1821 1355 2037 1411 divini-

373 1455 471 1504 tus
490 1464 837 1504 concessum
862 1464 993 1504 esse
1013 1447 1289 1515 decrevit,
1312 1447 1467 1519 quod
1497 1446 1777 1501 nimirum
1800 1445 1858 1499 in
1888 1443 2037 1500 tanti

371 1538 479 1593 viri
510 1538 907 1611 cognitionem
936 1537 1133 1592 venire
1165 1536 1440 1609 potuerit.

2579 997 2723 1054 εἶ’ποι
2771 1001 2887 1054 κατ’
2919 998 3064 1070 ἀξίαν
3114 1004 3213 1054 τοῦ
3258 998 3521 1054 τοσοῦτου
3571 997 3811 1073 ἀνδρὸς,

2154 1086 2236 1158 ὃς,
2286 1085 2569 1151 κινδύνους
2599 1088 2873 1143 τοσούτων
2906 1087 3142 1163 θλίψεων
3191 1092 3438 1161 νικήσας,
3488 1086 3811 1144 ἀποδίδοται

2154 1176 2279 1250 ὑμῖν
2315 1178 2514 1248 ἀθώος,
2547 1178 2607 1232 οὗ
2641 1179 2765 1254 παρ’
2795 1180 2956 1251 ἡμῶν
2990 1179 3095 1251 (sic
3125 1179 3283 1235 enim
3315 1196 3448 1234 cum
3492 1179 3809 1252 interprete

2151 1268 2355 1323 malim
2418 1269 2628 1342 legere)
2692 1267 2876 1341 μόνον,
2934 1265 3080 1321 ἀλλὰ
3135 1267 3226 1321 καὶ
3283 1268 3429 1341 παρὰ
3476 1268 3654 1339 πάσης
3702 1274 3806 1337 τῆς

2151 1352 2375 1411 συνόδου
2410 1355 2755 1434 ἀποδειχθείς
2790 1376 2803 1427 ;
2836 1358 2944 1414 Ubi
2995 1358 3171 1414 simul
3219 1359 3400 1414 etiam
3445 1358 3557 1414 sibi
3590 1359 3700 1430 ipsi
3734 1360 3807 1416 de

2148 1445 2258 1501 hoc
2283 1446 2635 1520 gratulatur,
2685 1449 2809 1500 Ἳῐτι
2858 1446 3033 1500 θεόθεν
3085 1446 3173 1500 καὶ
3220 1450 3381 1501 τοῦτο
3433 1445 3579 1519 αὐτῷ
3609 1467 3803 1521 συγκε-

2146 1537 2433 1611 χωρῆσθαι
2485 1536 2827 1605 συνέστηκεν,
2877 1534 3027 1598 ὅπως
3076 1535 3152 1597 εἷς
3184 1540 3383 1611 γνῶσιν
3413 1540 3510 1590 τοῦ
3538 1533 3803 1605 τηλικού-

2145 1646 2241 1679 του
2273 1622 2465 1701 ἀνδρὸς
2499 1623 2672 1681 ἐλθεῖν
2708 1622 3014 1695 δεδύνηται.

959 1806 1346 1862 Constantinus
1365 1806 1566 1877 junior
1596 1805 1947 1861 Constantini
1976 1806 2043 1860 Μ.
2075 1808 2135 1862 F.
2170 1806 2304 1877 imp.
2343 1805 2403 1860 in
2429 1807 2659 1876 epistola
2689 1806 2759 1861 ad
2786 1806 3211 1863 Alexandrinos.

432 1950 561 2022 ‘Ego
626 1949 969 2022 episcopum
1037 1953 1297 2005 vestrum
1362 1948 1752 2005 Athanasium
1822 1947 2031 2004 libenti

369 2038 564 2094 animo
595 2038 932 2109 complexus
964 2055 1120 2107 sum,
1176 2043 1234 2094 et
1282 2038 1363 2093 ita
1407 2054 1541 2093 cum
1573 2037 1674 2093 illo
1707 2038 2035 2094 collocutus

370 2144 525 2199 sum,
588 2134 651 2183 ut
704 2144 837 2184 vere
893 2128 990 2183 Dei
1045 2127 1345 2183 hominem
1405 2142 1533 2182 esse
1590 2128 1737 2181 mihi
1793 2144 2034 2199 persua-

370 2232 570 2273 senm.

2217 1947 2361 2021 Ἐγὼ
2416 1948 2507 2001 τὸν
2587 1947 2845 2023 ὑμέτερον
2909 1946 3202 2002 ἐπίσκοπον
3261 1949 3575 2003 Ἀθανάσιον
3636 1948 3803 2023 ἀσμέ-

2144 2058 2253 2098 νως
2302 2037 2665 2112 προσηκάμην
2705 2081 2721 2107 ,
2780 2036 2922 2091 οὕτω
2994 2059 3052 2092 τε
3129 2037 3662 2116 προσεφθεγξάμην,
3723 2038 3804 2103 ὡς

2146 2123 2425 2202 ἄνθρωπον
2460 2125 2615 2181 αὐτὸν
2648 2131 2781 2182 Θεοῦ
2812 2122 2941 2181 ὄντα
2970 2128 3353 2201 πεπεισμένος.

877 2372 1100 2427 Ioviani
1128 2370 1479 2442 imperatoris
1509 2371 1759 2441 epistola,
1790 2369 2080 2425 Athanasii
2108 2369 2296 2426 laudes
2323 2372 2632 2440 continens,
2661 2375 2837 2426 exstat
2866 2372 3039 2443 infra,
3072 2373 3204 2427 tom.
3236 2370 3287 2426 II

439 2524 499 2579 ι).
534 2524 899 2594 Hieronymus
929 2525 992 2578 in
1021 2522 1418 2595 Scriptoribus
1450 2520 1883 2577 ecclesiasticis.

437 2647 797 2704 Athanasius
835 2647 1193 2703 Alexandrize
1246 2647 1409 2703 urbis
1457 2647 1769 2719 episcOpus
1813 2646 2031 2702 multas
2060 2651 2108 2716 B

365 2738 716 2793 Arianorum
749 2753 1062 2809 perpessus
1084 2737 1355 2802 insidias,
1379 2737 1450 2792 ad
1484 2738 1862 2792 Constantem
1887 2734 2028 2791 Gal-

365 2826 580 2882 liarum
613 2826 936 2898 principem
970 2826 1120 2899 fugit
1154 2842 1167 2882 :
1215 2826 1369 2882 unde
1401 2843 1665 2881 reversus
1699 2843 1832 2881 cum
1866 2825 2026 2881 litte-

369 2916 470 2988 ris,
521 2920 655 2988 post
705 2920 952 2970 mortem
1005 2917 1133 2987 ejus
1182 2932 1417 2971 rursum
1467 2918 1704 2987 fugatus
1738 2932 1924 2987 usque
1954 2915 2026 2971 ad

368 3004 597 3062 Joviani
646 3004 962 3077 imperium
1012 3004 1202 3077 latuit,
1254 3022 1288 3059 a
1332 3022 1447 3076 quo
1491 3011 1719 3074 recepta
1750 3004 2024 3074 Ecclesia,

372 3094 482 3150 sub
514 3093 757 3150 Valente
789 3094 1057 3150 moritur.
1092 3096 1384 3149 Eeruntur
1412 3096 1540 3166 ejus
1576 3095 1856 3149 adversus
1887 3111 2026 3165 gen-

367 3186 456 3239 tes
509 3183 642 3238 libri
702 3183 838 3251 duo,
899 3188 955 3239 et
1012 3188 1217 3239 contra
1266 3183 1566 3238 Valentem
1615 3188 1672 3237 et
1720 3182 2024 3238 Ursacium

369 3290 544 3338 unus,
574 3277 631 3328 et
654 3272 726 3328 de
757 3272 1111 3345 virginitate,
1145 3278 1202 3327 et
1231 3273 1302 3328 de
1335 3271 1845 3344 persecutionibus
1868 3272 2023 3327 Aria-

363 3378 574 3417 norum
607 3361 867 3434 plurimi,
893 3368 950 3417 et
979 3362 1050 3417 de
1074 3361 1435 3417 Psalmorum
1461 3362 1670 3427 titulis,
1705 3365 1760 3415 et
1781 3360 2027 3416 historia

362 3450 598 3507 Antonii
629 3452 991 3508 anachoreta;
1040 3450 1233 3506 Vitam
1284 3451 1612 3514 continens,
1645 3454 1700 3505 et
1747 3448 2024 3522 ἑορταστι-

360 3536 451 3593 καί
480 3540 758 3613 epistolae,
793 3545 850 3596 et
881 3540 1067 3595 multa
1098 3538 1231 3608 alia,
1258 3556 1384 3611 quas
1431 3554 1740 3595 numerare
1781 3537 2023 3610 longum

364 3632 474 3686 est.

2455 2523 2791 2595 Sophronias
2823 2524 3087 2595 interpres
3120 2523 3465 2596 Hieronymi.

2210 2647 2526 2708 Ἀθανάσιος
2579 2643 2988 2721 Ἀλεξανδρείας
3038 2644 3356 2713 ἐπίσκοπος,
3413 2643 3628 2708 πολλὰς
3681 2667 3787 2701 πα-

2140 2737 2208 2812 ρὰ
2236 2739 2343 2789 τῶν
2391 2736 2686 2808 ’Δρειανῶν
2737 2735 3035 2808 ὑπομείνας
3085 2730 3403 2804 ἐπιϐουλὰς,
3453 2734 3589 2810 πρὸς
3632 2735 3791 2790 Κών-

2140 2845 2336 2879 σταντα
2403 2829 2511 2879 τῶν
2596 2822 2846 2879 Γαλλιῶν
2910 2822 3136 2899 βασιλέα
3191 2825 3529 2904 προσέφυγεν
3590 2843 3604 2856 ⁸
3666 2824 3788 2880 ὅθεν

2140 2914 2425 2985 ἀναζεύξας
2486 2916 2621 2987 μετὰ
2677 2916 3015 2989 γραμμάτων
3052 2962 3067 2987 ,
3124 2915 3215 2970 καὶ
3272 2913 3425 2978 αὖθις
3500 2916 3636 2989 μετὰ
3684 2916 3787 2984 τήν

2137 3002 2301 3058 αὐτοῦ
2338 3001 2596 3073 τελευτὴν
2631 3001 2909 3079 διωχθεὶς,
2956 3001 3062 3066 ἕως
3110 3011 3212 3072 τῆς
3267 3001 3546 3079 βασιλείας
3592 2998 3789 3059 ’[οϐια-

2134 3098 2230 3147 νοῦ
2290 3091 2504 3148 διέλαθε
2538 3138 2550 3161 ,
2610 3093 2700 3148 καὶ
2761 3089 3048 3148 ἀναλαϐὼν
3106 3096 3205 3163 τήν
3270 3090 3639 3165 Ἐκκλησίαν,
3699 3092 3791 3149 ἐπὶ

2137 3180 2439 3243 Οὐάλεντος
2468 3179 2712 3252 τελευτᾷ.
2759 3182 3023 3257 Φέρονται
3072 3182 3236 3236 αὐτοῦ
3281 3182 3417 3236 κατὰ
3462 3186 3571 3236 τῶν
3623 3181 3790 3238 ἐθνῶν

2137 3268 2299 3344 λόγοι
2349 3268 2467 3340 δύο,
2518 3271 2654 3324 κατὰ
2684 3269 2985 3332 Οὐάλεντος
3030 3271 3120 3325 καὶ
3160 3269 3460 3345 Οὐρσακίου
3511 3272 3608 3341 εἷς,
3663 3272 3789 3346 περί

2136 3360 2421 3435 αρθενίας,
2470 3360 2594 3433 περὶ
2654 3358 2915 3435 διωγμῶν
2978 3362 3266 3434 Ἀρειανῶν
3326 3358 3598 3430 πλεῖστοι,
3659 3360 3788 3433 περὶ

2135 3448 2443 3527 ἐπιγραφῆς
2489 3447 2749 3523 ψαλμῶν,
2808 3449 2897 3503 καὶ
2946 3449 3157 3523 ἱστορία
3216 3450 3511 3505 ’Δντωνίου
3565 3451 3785 3526 ἀναχω-

2136 3540 2304 3612 ρήτου
2333 3541 2424 3593 τὸν
2473 3538 2593 3593 Βίον
2643 3540 2996 3615 περιέχουσα,
3045 3540 3135 3593 καὶ
3183 3540 3521 3616 ἑορταστικαὶ
3568 3539 3786 3595 ἐπιστο-

2135 3626 2278 3701 λαὶ,
2338 3626 2721 3707 καὶιπλεῖστα
2779 3626 2926 3683 ἄλλα
2980 3630 3121 3697 τινὰ,
3183 3628 3315 3706 ἅπερ
3375 3630 3801 3706 ἀπαριθμεὶσθαι

2136 3716 2302 3775 ὀκνῶ.

1402 3898 1651 3969 Ruﬁnus,
1687 3897 2102 3955 Ecclesiasticze
2134 3897 2282 3954 Hist.
2316 3900 2415 3954 tib.
2442 3915 2480 3970 ι,
2512 3916 2633 3971 cap.
2672 3900 2755 3954 14.

436 4041 623 4115 Igitur
649 4040 805 4115 apud
838 4039 1250 4097 Alexandriam
1284 4040 1560 4097 defuncto
1591 4040 1922 4098 Alexandro
1954 4041 2313 4098 Athanasius
2345 4048 2683 4115 susceperat
2713 4043 2933 4099 sedem.
2983 4043 3147 4107 Quod
3176 4059 3309 4099 vero
3339 4047 3495 4101 esset
3524 4043 3612 4099 vir
3641 4043 3793 4100 acris

367 4131 610 4205 ingenii,
643 4135 700 4187 et
732 4131 790 4187 in
823 4129 1238 4187 ecclesiasticis
1270 4131 1515 4202 negotiis
1548 4131 1812 4204 apprime
1842 4132 2113 4205 vigilans,
2145 4133 2292 4189 satis
2313 4134 2439 4205 jam
2469 4138 2610 4190 tunc
2630 4133 2918 4191 haereticis
2948 4132 3304 4202 innotuerat,
3326 4151 3462 4191 cum
3492 4135 3563 4191 ad
3595 4134 3793 4191 conci-

367 4220 514 4276 lium
543 4220 846 4276 Nicaenum
880 4237 1012 4276 cum
1043 4220 1315 4293 episcopo
1348 4237 1453 4277 suo
1486 4237 1625 4277 sene
1653 4219 1980 4278 Alexandro
2010 4227 2268 4293 venerat,
2303 4222 2472 4293 cujus
2503 4222 2981 4296 suggestionibus
3012 4222 3417 4280 haereticorum
3446 4223 3569 4279 ludi
3599 4240 3665 4280 ac
3686 4223 3823 4281 fal-g

366 4308 525 4366 laciaa
555 4308 868 4385 vigilanter
898 4309 1338 4383 detegebantur.

1283 4482 1519 4538 Joannes
1550 4479 1879 4550 Cassiamus,
1913 4480 2009 4536 tib.
2041 4497 2121 4537 vn
2152 4480 2232 4537 De
2262 4479 2572 4552 incarnat.,
2615 4498 2737 4555 cap.
2769 4484 2873 4538 att.

436 4624 799 4682 Athanasius
830 4623 1187 4681 Alexandriae
1219 4624 1384 4680 urbis
1414 4624 1707 4691 sacerdos,
1740 4624 2022 4681 eximium
2051 4625 2391 4681 constantiae
2413 4629 2470 4683 et
2497 4626 2730 4683 virtutis
2754 4626 3120 4699 exemplum;
3157 4643 3333 4699 quem
3356 4625 3637 4683 haereticis
3662 4641 3798 4699 per-

368 4713 695 4770 secutionis
743 4714 998 4787 procella
1045 4731 1163 4770 non
1208 4712 1503 4783 contrivit,
1554 4714 1657 4769 sed
1689 4713 1991 4785 probavit:
2025 4713 2129 4786 qui
2161 4714 2414 4771 similem
2445 4732 2679 4787 semper
2708 4716 3039 4788 splendenti
3070 4715 3304 4789 speculo
3336 4716 3517 4773 vitam
3548 4715 3800 4785 habens,

373 4803 539 4875 prius
567 4820 716 4877 pene
743 4804 1022 4877 indeptus
1054 4809 1145 4860 est
1173 4804 1449 4876 martyris
1481 4802 1778 4870 meritum,
1822 4820 2000 4876 quam
2031 4804 2385 4862 confessoris
2416 4810 2650 4878 caperet
2677 4805 3044 4878 dignitatem.

722 4946 1034 5005 Vincentius
1066 4948 1395 5015 Lirinensis,
1432 4949 1491 5004 in
1524 4948 1981 5018 Commonitorzo,
2008 4953 2199 5006 contra
2222 4951 2488 5021 pro/anas
2521 4948 2793 5005 haresum
2822 4951 3163 5022 novationes,
3194 4966 3322 5022 cap.
3356 4951 3446 5005 42.

443 5064 594 5120 Sunt
623 5079 760 5136 ergo
794 5063 854 5119 hi
886 5064 1016 5131 viri,
1049 5081 1302 5137 quorum
1334 5064 1393 5120 in
1425 5063 1525 5119 illo
1559 5063 1848 5135 (Ephesino
1879 5064 1921 5136 ι)
1951 5064 2221 5138 concilio,
2267 5065 2356 5122 vel
2403 5070 2690 5138 tanquam
2732 5066 3031 5136 judicu'm,
3086 5065 3173 5122 vel
3222 5068 3507 5138 tanquam
3555 5064 3801 5123 testium

371 5153 591 5227 scripta
616 5152 859 5210 recitata
888 5158 1065 5211 sunt:
1101 5159 1157 5209 S.
1194 5154 1398 5210 Petrus
1425 5153 1856 5211 Alexandrinus
1886 5154 2195 5227 episcopus
2226 5157 2429 5211 doctor
2460 5155 3007 5228 praestantissimus,
3055 5159 3112 5213 et
3143 5161 3368 5229 martyr
3396 5155 3802 5220 beatissimus,

370 5247 614 5301 sanctus
644 5242 1005 5300 Athanasius
1035 5243 1302 5315 ejusdem
1334 5242 1587 5299 civitatis
1615 5243 1878 5311 antistes,
1914 5244 2193 5318 magister
2221 5245 2629 5313 fidelissimus,
2669 5248 2726 5301 et
2754 5246 3055 5302 confessor
3084 5245 3613 5302 eminentissimus.

829 5403 1070 5476 Cyrittus
1099 5403 1506 5461 Alexandrinus
1536 5405 1597 5459 in
1626 5407 1785 5473 epist.
1821 5406 1895 5461 ad
1918 5407 2283 5479 presbyteros,
2311 5407 2588 5475 diaconos,
2618 5411 2669 5464 et
2696 5408 2892 5463 Patres
2924 5408 3313 5466 monachorum
3331 5452 3345 5476 ,

1408 5491 1534 5547 qua?
1557 5485 1735 5532 exstat
1766 5479 1824 5532 in
1855 5481 2002 5534 Actis
2028 5480 2221 5551 synoi.
2256 5481 2446 5552 Ephes.
2477 5497 2516 5545 1,
2548 5496 2671 5552 cap.
2708 5480 2757 5534 1.

446 5625 750 5686 Enimvero
802 5629 1153 5702 percelebris
1205 5628 1499 5685 memoriae
1546 5629 1717 5685 Pater
1763 5629 2073 5699 Athana-4

2210 5631 2311 5685 Καὶ
2370 5634 2499 5706 γοῦν
2554 5630 2581 5684 ὁ
2628 5637 2728 5701 τῆς
2785 5627 3040 5704 ἀοιδίμου
3100 5631 3328 5705 μνήμης
3384 5630 3573 5705 Πατήρ
3632 5629 3800 5701 ἡμῶν

372 5715 520 5790 eius,
553 5718 656 5794 qui
684 5721 838 5779 totos
869 5719 1257 5799 quadraginta
1279 5733 1381 5778 sex
1412 5734 1599 5778 annos
1629 5717 2032 5782 Alexandrinae

2142 5720 2512 5796 ’Δθανάσιος,
2570 5725 2675 5793 τῆς
2719 5716 3115 5802 Ἀλεξανδρέων
3186 5717 3516 5795 Ἐκκλησίας
3568 5737 3805 5775 κατακο-

2441 5891 2491 5941 l
