4160 6416
1711 447 1997 508 ELOGIA
2041 447 2446 511 VETERUM.

3510 472 3794 520 CCLXXVII

361 586 576 658 σμήσας
608 583 697 636 τὸν
731 581 920 656 θρόνον
957 580 1038 657 ἐφ’
1069 577 1223 641 ὅλοις
1254 579 1390 634 ἔτεσι
1420 580 1813 655 τεσσαράκοντα
1844 578 1935 632 καὶ

2138 578 2404 634 Ecclesiae
2431 579 2834 652 pontificatum
2867 581 3096 655 egregia
3125 600 3260 640 cum
3281 586 3454 641 laude
3485 589 3685 659 gessit,
3706 590 3792 646 lo-

357 675 449 730 τόν
530 671 760 745 ἀριθμὸν
811 716 824 740 ,
883 670 971 724 καὶ
1047 675 1166 732 ταῖς
1245 674 1352 724 τῶν
1436 669 1664 722 ἀνοσίων
1742 669 2027 744 αἱρετικῶν

359 760 758 840 εὖρεσιλογίαις
814 757 1030 835 ἄμαχόν
1076 780 1198 813 τινα
1240 758 1330 813 καὶ
1385 755 1754 826 ἁποστολικὴν
1790 758 2028 812 ἀντιτάτ-

355 875 463 908 των
515 851 748 918 σύνεσιν,
778 849 868 904 καὶ
911 850 1022 903 οἷον
1073 848 1425 921 εὐοσμοτάτῳ
1481 847 1638 923 μύρῳ
1688 853 1806 909 τοῖς
1861 843 2024 909 ἰδίοις

358 942 717 1017 συγγοὶμμασι
790 936 1192 1016 κατευφραίνων
1266 939 1364 1006 τὴν
1450 938 1536 991 ὑπ’
1607 936 1830 1013 οὐρανὸν
1868 981 1881 1006 ,
1940 935 2021 990 ἐπ’

357 1031 614 1105 ὀρθότητι
643 1029 734 1083 καὶ
765 1021 1011 1103 ἀκριϐείᾳ
1039 1027 1428 1100 παραπάντων
1467 1031 1838 1100 μαρτυρεῖται.

2143 668 2544 741 quacibusque
2574 669 2941 741 impurorum
2983 670 3389 730 haereticorum
3439 680 3791 737 commentis

2137 757 2353 814 invicta
2369 759 2655 831 planeque
2671 759 2988 832 apostolica
3019 762 3306 834 sapientia
3321 766 3556 834 restitit,
3575 769 3792 842 quippe

2141 848 2376 920 scriptis
2389 848 2512 904 suis
2533 848 2707 904 veluti
2724 851 3188 922 fragrantissimo
3212 855 3468 924 quodam
3493 863 3790 930 unguento

2133 943 2323 993 totum
2355 937 2513 993 hunc
2533 939 2732 993 orbem
2765 939 3008 994 mirifice
3039 943 3338 1010 recreavit,
3371 948 3428 998 et
3458 945 3529 999 ob
3554 946 3794 1018 dogma-

2132 1031 2261 1084 tum
2295 1025 2625 1082 absolutam
2656 1026 3047 1100 integritatem
3082 1029 3332 1102 fideique
3375 1033 3788 1092 rectitudinem

2131 1132 2347 1189 magna
2376 1115 2531 1187 apud
2581 1131 2784 1171 omnes
2841 1116 3271 1174 existimatione
3329 1123 3386 1174 et
3444 1125 3791 1180 auctoritate

2129 1206 2258 1260 fuit.

1717 1361 1785 1414 Et
1807 1358 1982 1429 paulo
2001 1363 2149 1430 post,
2195 1357 2418 1414 ibidem.

425 1476 756 1551 Ἀξιόχρεως
812 1475 904 1547 μὲν
962 1472 1052 1528 οὖν
1110 1475 1137 1528 ὁ
1198 1475 1333 1548 ἀνὴρ
1386 1474 1474 1527 καὶ
1525 1475 1833 1548 θαρςεῖσθαι
1884 1474 2014 1549 πρὲ-

352 1589 492 1640 πων,
526 1568 587 1628 ὃς
638 1565 736 1620 οὐκ
765 1565 823 1619 ἂν
867 1560 967 1642 ἔφη
1002 1586 1055 1617 τι
1100 1567 1207 1618 τῶν
1256 1563 1356 1618 ὅσα
1400 1565 1472 1635 μή
1532 1561 1642 1616 ἐστι
1685 1569 1798 1617 τοῖς
1847 1563 2014 1637 ἱεροῖς

353 1653 721 1731 συμϐαίνοντα
751 1653 964 1729 λόγοις.
1017 1658 1141 1716 Πῶς
1192 1654 1295 1728 γὰρ
1348 1653 1405 1706 ἂν
1453 1653 1688 1728 ἁμάρτοι
1740 1650 2018 1721 τάληθοῦς

357 1749 385 1802 ὁ
417 1746 670 1820 λαμπρὸς
702 1746 859 1806 οὗτος
891 1744 980 1799 καὶ
1030 1738 1446 1812 διαδόητος,καὶ
1501 1741 1550 1795 ἐν
1603 1741 1738 1815 αὐτῇ
1790 1746 1859 1814 τῇ
1891 1741 2021 1816 ἁγίᾳ

355 1837 445 1891 καὶ
481 1835 694 1910 μεγάλῃ
747 1831 978 1906 συνόδῳ,
1150 1831 1200 1886 ἐν
1244 1830 1440 1901 Ninnio;
1491 1831 1634 1907 φημὶ
1687 1850 2020 1904 συναγηγερ-

363 1927 516 1999 μένῃ,
565 1925 700 2001 πρὸς
738 1924 982 1977 ἁπάντων
1031 1919 1516 1992 τεθαυμασμένος;
1554 1915 1718 1972 Οὔπω
1771 1920 1864 1991 μὲν
1917 1920 2018 1994 γὰρ

355 2017 445 2071 τὸν
467 2023 570 2085 τῆς
603 2013 904 2081 ἐπισκοπῆς
941 2009 1113 2066 διεῖπε
1154 2009 1362 2087 θρόνον,
1415 2007 1582 2062 ἐτέλει
1618 2005 1674 2062 δὲ
1720 2005 1930 2080 μᾶλλον
1967 2008 2017 2062 ἐν

355 2102 668 2180 κληρικοῖς,
702 2099 848 2170 πλὴν
884 2099 1170 2176 ἀγχιονίας
1215 2095 1394 2165 ἕνεκα,
1437 2097 1526 2151 καὶ
1557 2104 1658 2164 τῆς
1690 2094 1867 2165 ἄλλης
1902 2097 2019 2151 ἐπι-

355 2193 552 2254 εικείας
611 2192 700 2247 καὶ
763 2191 958 2268 ἰσχνῆς
1035 2187 1170 2264 ἄγαν
1237 2187 1329 2242 καὶ
1391 2187 1721 2262 ἀσυγκρίτου
1777 2187 1968 2263 φρενὸς
2005 2235 2017 2258 ,

352 2281 682 2360 παρελήφθη
736 2282 830 2355 μὲν
881 2281 943 2334 τὸ
987 2275 1250 2350 τηνικάδε
1291 2279 1438 2352 παρὰ
1489 2281 1584 2331 τοῦ
1615 2283 1717 2346 τῆς
1753 2275 2019 2350 μακαρίας

359 2376 588 2446 μνήμης
640 2367 998 2444 Ἀλεξάνδρου
1055 2373 1152 2422 τοῦ
1222 2366 1541 2422 ἐπισκόπου.
1596 2372 1771 2434 Συνῆν
1830 2362 1887 2418 δὲ
1941 2368 2022 2436 τῷ

353 2457 650 2537 πρεσϐύτῃ,
703 2461 793 2515 οἴά
839 2479 939 2534 περ
990 2456 1107 2519 uid;
1155 2457 1346 2530 πατρὶ,
1396 2453 1655 2530 ποδηγῶν
1707 2454 1783 2516 εἷς
1823 2451 2022 2508 ἕκαστα

352 2555 460 2608 τῶν
526 2550 845 2628 χρησίμων,
903 2549 993 2603 καὶ
1040 2549 1140 2616 τήν
1194 2545 1273 2624 ἐφ’
1319 2545 1533 2619 ἑκάστῳ
1584 2549 1692 2598 τῶν
1739 2544 2020 2620 πρακτέων

358 2639 481 2697 ὁδὸν
517 2641 573 2695 εὖ
609 2639 757 2713 μάλα
785 2635 1167 2716 παραδεικνύς.

2200 1476 2351 1531 Sane
2398 1475 2642 1530 idoneus
2697 1479 2784 1530 est
2831 1475 2924 1530 hic
2971 1475 3060 1530 vir
3110 1477 3490 1550 apprimeque
3535 1481 3791 1552 dignus.

2130 1563 2223 1618 cui
2256 1563 2542 1635 intrepide
2574 1565 2749 1618 fidem
2781 1565 3120 1637 adjungere,
3148 1583 3440 1639 quemque
3472 1573 3595 1625 tuto
3620 1571 3787 1642 sequi

2131 1654 2323 1721 liceat,
2358 1658 2421 1707 ut
2453 1653 2550 1724 qui
2599 1652 2743 1708 nihil
2798 1655 3126 1726 quidquam
3186 1656 3503 1728 aliquando
3557 1660 3787 1727 dixerit,

2131 1743 2287 1814 quod
2319 1760 2353 1799 a
2374 1743 2556 1798 sacris
2589 1743 2799 1798 litteris
2824 1743 3078 1799 alienum
3093 1734 3273 1800 esset:
3293 1748 3416 1812 Quo
3443 1747 3598 1802 enim
3623 1753 3790 1819 pacto

2131 1832 2386 1888 illustris
2417 1831 2512 1888 ille
2543 1832 2988 1904 celebratusque
3019 1835 3209 1900 Pater,
3260 1835 3358 1906 qui
3393 1836 3452 1890 in
3494 1853 3660 1893 sacra
3689 1837 3790 1895 illa

2133 1938 2462 1994 magnaque
2493 1922 2713 1994 synodo
2744 1922 2978 1978 Nicaena
3013 1923 3072 1977 in
3107 1927 3270 1978 tanta
3301 1925 3566 1982 omnium
3597 1927 3790 1982 admi-

2131 2010 2360 2066 ratione
2390 2010 2628 2065 habitus
2661 2016 2767 2082 est,
2803 2029 2836 2066 a
2865 2011 3128 2067 veritatis
3169 2014 3401 2069 tramite
3439 2016 3786 2072 aberraret?

2131 2099 2279 2155 Nam
2311 2100 2422 2156 etsi
2455 2117 2558 2172 per
2590 2101 2644 2154 id
2682 2105 2911 2172 tempus
2943 2102 3203 2174 episcopi
3259 2121 3476 2159 munus
3525 2107 3790 2161 nondum

2133 2189 2473 2256 sustineret,
2529 2190 2628 2244 sed
2694 2191 2847 2245 inter
2909 2191 3201 2247 inferioris
3265 2193 3489 2249 ordinis
3546 2194 3789 2251 clericos

2133 2279 2456 2335 etiamnum
2490 2279 2744 2351 degeret,
2776 2284 3036 2336 attamen
3070 2285 3306 2354 propter
3336 2283 3674 2354 praeclaram
3698 2284 3788 2339 in-

2131 2366 2325 2422 dolem
2339 2367 2751 2439 insignemque
2768 2368 2897 2423 vitae
2923 2369 3291 2440 probitatem,
3307 2376 3363 2426 et
3383 2370 3787 2428 incredibilem

2131 2471 2397 2527 peneque
2429 2455 2946 2527 incomparabilem
3011 2459 3224 2514 mentis
3269 2460 3714 2532 perspicaciam,
3755 2479 3791 2517 a

2131 2545 2312 2600 beata:
2345 2545 2642 2600 memoriae
2677 2546 2948 2618 episcopo
2979 2546 3301 2605 Alexandro
3333 2549 3404 2605 ad
3437 2549 3788 2622 episcopalis

2133 2634 2443 2707 provincias
2474 2635 2832 2690 consortium
2865 2636 3085 2692 ascitus
3118 2637 3244 2693 fuit.
3287 2638 3648 2696 Versabatur
3686 2658 3792 2696 au-

357 2763 477 2815 tem
505 2775 641 2814 cum
674 2771 834 2827 sene,
858 2759 1144 2827 tanquam
1175 2753 1334 2808 ﬁlius
1381 2768 1519 2808 cum
1570 2754 1756 2823 patre,
1789 2750 1861 2805 ad
1912 2748 2147 2821 quidvis
2177 2748 2402 2805 utiliter
2451 2749 2884 2806 conficiendum
2932 2769 3059 2809 sese
3090 2753 3300 2808 ducem
3333 2755 3620 2826 praebens,
3656 2771 3792 2811 nec-

360 2864 475 2905 non
505 2848 566 2903 in
597 2846 898 2917 omnibus,
933 2861 1060 2917 quae
1092 2842 1365 2899 obeunda
1385 2842 1596 2911 forent,
1633 2839 2012 2894 commodum
2043 2838 2158 2894 iter
2188 2839 2532 2895 ostendens.

432 2991 747 3046 Marcianus
797 2989 1119 3058 imperator,
1152 2985 1210 3039 in
1242 3000 1401 3041 sacra
1429 2990 1620 3038 contra
1663 2982 1947 3061 hazreticos
1979 2989 2082 3061 act.
2122 2981 2332 3061 ultima
2360 2982 2558 3061 synodi
2590 2981 3066 3057 Chalcedonensis,
3127 2991 3179 3042 et
3217 2989 3276 3041 in
3309 2987 3366 3041 L.
3413 2987 3792 3061 Quicunque,

1688 3053 1746 3108 C.
1779 3055 1853 3109 De
1881 3054 2156 3110 haereticis
2176 3061 2227 3109 et
2254 3053 2599 3112 Manicha’is.

431 3197 776 3268 Quicunque
805 3209 942 3266 ergo
982 3190 1068 3249 vel
1097 3190 1156 3245 in
1187 3190 1296 3245 hac
1326 3204 1494 3244 sacra
1542 3187 1709 3256 urbe,
1740 3185 1831 3242 vel
1859 3185 1918 3240 in
1948 3184 2345 3242 Alexandrina
2363 3186 2612 3256 civitate,
2645 3187 2735 3243 vel
2762 3187 2822 3242 in
2844 3189 3003 3244 omni
3033 3189 3391 3262 1Egyptiaca,
3426 3190 3704 3259 diocesis,
3736 3195 3793 3248 et

359 3285 604 3343 diversis
637 3283 768 3341 aliis
800 3280 1115 3356 provinciis
1137 3275 1478 3351 Eutychetis
1510 3275 1816 3348 profanam
1851 3275 2292 3346 perversitatem
2313 3280 2662 3347 sequuntur,
2695 3280 2754 3332 et
2783 3277 2863 3332 ita
2883 3294 3000 3333 non
3029 3279 3298 3348 credunt,
3330 3283 3396 3334 ut
3427 3280 3667 3335 trecenti
3692 3281 3789 3337 de-

359 3392 484 3435 cem
516 3381 574 3432 et
592 3378 726 3431 octo
745 3371 936 3429 sancti
967 3374 1170 3426 Patres
1198 3366 1592 3433 tradiderunt,
1627 3362 1975 3420 catholicam
2005 3367 2274 3420 sanctam
2313 3365 2490 3420 fidem
2511 3364 2574 3421 in
2604 3365 2836 3422 Nicaena
2866 3365 3099 3422 civitate
3129 3367 3486 3423 fundentes:
3515 3368 3703 3426 velita
3724 3374 3791 3426 ut

359 3470 595 3523 centum
634 3461 1071 3536 quinquaginta
1111 3457 1210 3515 alii
1240 3453 1604 3512 venerabiles
1651 3453 1932 3526 episcopi,
1965 3452 2028 3509 in
2074 3453 2184 3510 hac
2214 3453 2370 3510 alma
2397 3455 2543 3511 urbe
2573 3458 2971 3511 convenerunt
2997 3473 3010 3510 :
3074 3459 3132 3512 et
3163 3455 3315 3512 sicut
3342 3456 3704 3515 Athanasius
3733 3462 3794 3515 et

355 3553 744 3628 Theophilus,
777 3556 836 3608 et
863 3549 1112 3624 Cyrillus
1141 3549 1354 3604 sancte
1371 3541 1796 3630 recordationis
1811 3540 2070 3615 episcopi
2092 3541 2498 3599 Alexandrinae
2519 3542 2776 3600 civitatis
2798 3543 3196 3615 crediderunt,
3232 3560 3380 3616 quos
3408 3545 3589 3602 etiam
3610 3546 3799 3620 Ephe-

359 3647 494 3703 sine.
508 3643 770 3718 synodus
791 3642 908 3712 (cui
937 3641 1121 3696 beatae
1154 3634 1451 3693 memoriae
1479 3631 1729 3705 Cyrillus
1760 3631 2014 3704 praefuit,
2065 3630 2126 3687 in
2161 3648 2279 3704 qua
2307 3631 2559 3689 Nestorii
2603 3649 2765 3689 error
2792 3632 3077 3706 expulsus
3111 3635 3220 3706 est)
3254 3634 3559 3692 universos
3589 3640 3793 3693 secuta

359 3740 450 3793 est
476 3747 624 3807 quos
652 3736 712 3790 et
741 3747 929 3804 nuper
956 3725 1310 3785 venerabilis
1336 3720 1830 3780 Chalcedonensis
1859 3721 2122 3794 synodus
2152 3726 2241 3777 est
2271 3725 2491 3791 secuta,
2525 3721 2820 3795 prioribus
2844 3722 3110 3805 conciliis
3143 3724 3518 3780 sacerdotum
3541 3740 3610 3781 ex
3625 3726 3788 3782 omni

358 3829 529 3898 parte
558 3822 954 3888 consentiens,
987 3816 1256 3888 nihilque
1283 3813 1554 3872 adimens
1585 3814 1959 3868 sacrosancto
1989 3809 2288 3883 Symbolo,
2319 3827 2509 3884 neque
2541 3812 2846 3884 adjiciens,
2883 3813 2985 3869 sed
3015 3813 3358 3885 Eutychetis
3407 3813 3642 3872 funesta
3689 3815 3802 3871 do-

357 3917 561 3990 gmata
587 3912 1008 3978 condemnans,
1040 3906 1231 3964 sciant
1258 3919 1322 3961 se
1349 3918 1480 3960 esse
1508 3900 1814 3958 haereticos
1841 3898 2318 3972 Apollinaristas,
2351 3905 2461 3958 etc.

753 4052 1005 4128 Synod‘us
1033 4028 1511 4115 Chalcedonensis,
1531 4052 1735 4119 quarta
1762 4043 2117 4111 woumenica,
2148 4049 2252 4100 aet.
2275 4059 2390 4110 ενι,
2421 4044 2484 4100 in
2512 4045 2778 4103 relatione
2807 4044 2880 4101 ad
2908 4047 3044 4117 imp.
3067 4045 3436 4102 Marcianum.

428 4194 524 4250 Sic
546 4188 857 4249 Athanasii
888 4187 961 4244 ad
987 4184 1319 4258 Epictetum
1356 4178 1777 4253 amplectimur
1805 4176 2055 4245 litteras,
2088 4176 2171 4234 sic
2193 4180 2480 4252 tanquam
2508 4179 2807 4252 propriam
2838 4179 3104 4254 Gregorii
3135 4180 3208 4237 ad
3237 4178 3648 4238 Chelidonium
3678 4182 3804 4254 epi-

353 4281 572 4340 stolam
600 4280 824 4353 ubique
856 4274 1236 4351 proferimus.

1107 4429 1465 4490 Theodoram:
1509 4428 1768 4502 Cyrensis
1797 4429 2081 4500 episcopus
2109 4430 2170 4486 in
2199 4431 2422 4504 Dialogo
2447 4433 2629 4505 primo
2653 4433 2734 4502 τῷ
2765 4428 3048 4503 Ἀτρέπτῳ

429 4578 594 4630 ’θρα
625 4569 964 4646 Ἀξι-όχρεως·
1010 4565 1142 4622 εἷναί
1191 4583 1278 4619 σοι
1328 4558 1480 4618 δοκεῖ
1518 4561 1838 4622 Ἀθανάσιος
1881 4559 2020 4615 ἐκεῖ-

2204 4552 2386 4610 Oa'rs.
2411 4547 2691 4620 Nunquid
2719 4547 2954 4604 videtur
2991 4545 3242 4602 idoneus
3280 4560 3411 4602 esse
3439 4543 3804 4646 Athanasius

357 4685 471 4733 νος,
503 4665 532 4719 ὁ
562 4632 1046 4737 πολυθρθνλλητος,
1081 4656 1109 4709 ὁ
1139 4653 1435 4733 φανότατος
1465 4657 1568 4720 τῆς
1616 4653 1725 4704 τῶν
1775 4647 2020 4718 Ἀλεξαν-

2138 4642 2254 4711 ille,
2286 4638 2735 4700 celeberrimum
2781 4639 2839 4692 et
2895 4633 3340 4692 lucidissimum
3388 4632 3800 4692 Alexandrinae

361 4722 531 4830 δρίων
581 4722 922 4821 Ἐκκλῖησίας
960 4722 1186 4825 φιᾲστήρ
1220 4761 1234 4814 ;
1272 4744 1438 4799 ’EPA.
1490 4741 1636 4830 Πάνυ
1838 4738 1982 4830 Ὄξδβ
2005 4780 2020 4794 .

2138 4730 2402 4790 Ecclesiae
2431 4729 2630 4786 lumen
2651 4725 2680 4781 ‘2
2710 4730 2850 4782 EBA.
2901 4723 3178 4781 Omnino.
3239 4723 3424 4781 On'rs.
3457 4723 3665 4796 Utpote
3694 4722 3800 4795 qui

2132 4822 2310 4880 variis
2340 4819 2680 4893 perturbata
2709 4815 2972 4872 motibus
2997 4813 3238 4872 veritate
3259 4813 3585 4870 doctrinam
3625 4829 3800 4870 suam

2136 4911 2481 4969 auctoritate
2508 4905 2746 4980 propria
2774 4901 3194 4978 comprobavit.

2205 5001 2336 5059 Haec
2364 4998 2519 5055 inter
2547 5000 2772 5066 catera,
2805 4994 2922 5050 duo
2952 4992 3056 5048 illa
3104 5007 3322 5065 magna
3367 4990 3797 5048 Alexandrino-

2134 5106 2268 5147 rum
2297 5086 2566 5145 Ecclesiaa
2598 5083 2901 5142 columina
2947 5073 3278 5140 Alexander
3305 5085 3365 5138 et
3410 5079 3794 5153 Athanasius,

2135 5181 2212 5238 ab
2225 5177 2503 5237 omnibus
2532 5191 2840 5247 nunquam
2864 5171 3010 5229 satis
3039 5173 3350 5228 decantata
3375 5169 3634 5243 pericula
3653 5186 3797 5226 una-

2134 5267 2376 5326 nimiter
2402 5265 2747 5324 tolerarunt.

357 4823 484 4905 ’έοίς
538 4841 646 4917 γὰρ
701 4845 804 4909 τῆς
862 4823 1122 4907 ἀληθείας
1171 4833 1458 4905 παθήμασι
1509 4829 1610 4899 τὴν
1668 4823 2020 4882 διδασκαλίαν

360 4929 651 5005 ἐκύρωσεν.
679 4930 845 5006 idem
875 4926 936 4983 in
961 4925 1216 4983 tractatu
1262 4919 1382 4979 MS.
1416 4919 1566 4990 Quod
1607 4921 1738 5006 post
1759 4919 2026 5006 inm-rna-

359 5002 564 5080 tionem
624 5002 771 5075 unus
812 5019 886 5073 sit
931 5014 1220 5072 Christus:
1249 5013 1427 5064 Ταῦτα
1465 5013 1568 5078 τῆς
1619 5002 2020 5080 Ἀλεξανδρέων

361 5110 416 5181 οἱ
472 5104 709 5183 μεγάλοι
765 5109 1051 5184 φωστῆρες
1101 5095 1457 5175 Ἀλέξανδρος
1509 5095 1614 5184 καὶ-
1661 5095 1977 5156 Ἀθανάσιος
2006 5139 2021 5167 ,

358 5200 448 5254 καὶ
475 5181 938 5275 δμοφρονοῧντες,
976 5189 1106 5252 τοὺς
1136 5189 1282 5262 παρὰ
1310 5187 1526 5242 πάντων
1561 5181 1863 5259 ᾀδομένους
1905 5203 2022 5238 κιν-

361 5285 553 5349 δύνους
586 5286 896 5360 ὑπέμειναν.

938 5434 1169 5506 Vigilius
1195 5432 1476 5504 episcopus
1506 5428 1854 5484 Tridentinus
1884 5429 1935 5482 et
1963 5427 2188 5496 martyr
2216 5422 2314 5478 lib.
2348 5437 2390 5476 II
2423 5418 2622 5476 Contra
2649 5415 2954 5489 Eutychen,
2977 5429 3098 5486 cap.
3133 5412 3186 5467 4.

394 5569 398 5574 ‘
427 5558 547 5614 Cur
562 5555 851 5614 formidas
881 5553 1032 5610 duas
1071 5548 1262 5606 dicere
1293 5551 1559 5615 naturas,
1592 5545 1747 5618 quod
1790 5540 2154 5599 Athanasius
2193 5537 2462 5601 omnium
2489 5532 3022 5592 ecclesiasticorum
3051 5529 3316 5618 virorum
3336 5527 3562 5618 judicio
3592 5526 3801 5600 proba-

357 5647 632 5706 tissimus
654 5643 847 5700 dixit?
870 5643 936 5698 I-n
963 5657 1084 5714 qua
1106 5637 1243 5695 fidei
1275 5615 1636 5710 professione
1667 5633 1863 5690 cuncti
1894 5632 2103 5689 Graecis
2131 5628 2349 5701 linguae
2374 5629 2930 5714 tractatores,-quos
2961 5616 3265 5714 superiore
3304 5615 3503 5714 libello
3523 5631 3798 5714 comma:

360 5704 608 5803 moravi,
635 5739 693 5792 et
721 5749 928 5791 omnes
956 5704 1470 5787 Ilatinisermonis
1501 5722 1808 5797 apostolici
1835 5720 1967 5790 viri,
2015 5719 2076 5775 id
2108 5721 2220 5786 est,
2245 5714 2526 5793 Hilarius,
2557 5711 2868 5778 Eusebius,
2902 5704 3276 5768 Ambrosius,
3307 5704 3700 5778 Augustinus,
3737 5707 3801 5758 et

356 5801 773 5899 Hieronymus,
807 5818 1140 5878 coelestibus
1170 5814 1383 5872 imbuti
1414 5813 1722 5879 doctrinis,
1750 5810 1932 5868 simul
1954 5807 2290 5882 pariterque
2319 5801 2716 5863 consentiunt.

642 5953 915 6013 Persen.
964 5949 1077 6009 Gn.
1122 5943 1307 6005 XXV.

3481 5937 3517 5977 ν
