4160 6416
1835 373 2451 438 PROLEGOMENA.

1497 508 1817 565 Maxentius
1845 509 2080 565 Joannes
2107 508 2168 564 in
2199 507 2385 565 libello
2412 506 2561 579 ﬁdei,
2591 508 2780 579 cap.2.

508 613 627 672 Has
658 613 842 687 igitur
871 614 1021 670 duas
1044 618 1282 671 naturas
1309 614 1410 671 Dei
1441 614 1613 671 Verbi
1634 614 1868 672 Domini
1898 614 2085 672 nostri
2126 614 2269 672 Jesu
2300 613 2536 682 Christi,
2564 611 2675 668 hoc
2714 615 2823 681 est,
2855 609 3185 667 divinitatis
3213 612 3270 666 et
3289 608 3679 667 humanitatis
3699 613 3879 666 natu-

438 701 641 759 raliter
670 702 790 759 sive
819 701 1308 771 substantialiter,
1334 705 1661 760 secundum
1692 705 2082 762 traditionem
2107 708 2451 761 sanctorum
2483 702 2749 766 Patrum,
2778 701 3075 783 credimus
3098 705 3155 757 et
3179 699 3532 756 conﬁtemur
3563 699 3784 767 unitas,
3818 703 3883 756 et

432 791 592 863 quod
614 796 824 847 natura
844 790 1201 849 inviolabilis
1230 792 1331 849 Dei
1356 792 1553 861 Verbi,
1585 797 1807 850 naturae
1839 794 2007 850 unita
2041 796 2131 850 est
2151 792 2419 868 passibili
2444 810 2457 847 :
2494 790 2850 848 beatissimo
2874 789 3051 846 simul
3072 788 3599 862 atquedoctissimo
3619 786 3880 844 Athana-

429 878 525 937 sio
554 881 783 937 dicente
803 899 823 935 :
857 881 1086 938 Verbum
1113 896 1264 951 caro,
1295 898 1410 939 non
1439 900 1573 940 caro
1596 883 1853 940 Verbum
1881 886 2091 955 factum
2117 891 2216 954 est,
2246 886 2355 939 etc.

422 389 739 436 CCLXXVIII

1447 1020 1801 1075 Justinianus
1832 1019 2087 1091 imperat.
2123 1018 2185 1072 in
2214 1016 2389 1073 edicto
2402 1020 2483 1073 De
2500 1016 2628 1087 ﬁde,
2655 1031 2775 1092 cap.
2794 1014 2852 1071 4.

511 1122 754 1195 Propter
783 1122 904 1179 haec
934 1124 1115 1196 igitur
1143 1126 1446 1198 oportebat
1475 1143 1595 1199 eos,
1639 1127 1688 1184 si
1722 1127 1939 1183 factum
1967 1125 2291 1183 consilium
2317 1128 2472 1181 recte
2501 1123 2890 1196 susciperent,
2925 1138 3041 1179 non
3079 1120 3229 1178 tales
3258 1119 3659 1193 blasphemiae
3687 1118 3741 1175 ei
3764 1135 3872 1192 ap-

428 1210 675 1284 plicare,
718 1212 819 1269 sed
865 1213 1033 1285 sequi
1081 1214 1351 1271 doctores
1386 1214 1687 1272 catholicas
1722 1215 2015 1284 Ecclesiae,
2077 1219 2135 1271 et
2167 1214 2424 1270 maxime
2474 1218 2744 1270 sanctum
2778 1209 3190 1282 Athanasium,
3225 1210 3324 1282 qui
3354 1208 3465 1265 fuit
3513 1207 3875 1265 Alexandriae

433 1298 802 1373 episcopum,
824 1304 882 1357 et
906 1300 1194 1374 plurimos
1214 1307 1272 1360 et
1301 1320 1548 1377 magnos
1580 1304 1811 1362 labores
1831 1304 2092 1378 suscepit
2123 1320 2229 1378 pro
2251 1308 2412 1360 recta
2440 1302 2909 1361 Christianorum
2955 1301 3071 1357 ﬁde
3112 1300 3395 1356 adversus
3424 1313 3660 1354 omnem
3689 1297 3877 1353 haere-

438 1390 555 1459 sin,
579 1396 637 1446 et
662 1391 917 1448 maxime
945 1397 1150 1449 contra
1177 1392 1564 1466 impiissimos
1612 1394 1883 1452 Arianos.
1918 1394 2071 1468 Ipsis
2102 1394 2260 1451 enim
2290 1392 2527 1450 Arianis
2557 1393 2629 1449 ad
2660 1390 3036 1464 decipiendos
3067 1387 3314 1463 populos
3341 1404 3481 1444 suos
3512 1386 3696 1443 errori
3726 1402 3873 1443 con-

438 1480 833 1554 jungentibus
862 1480 1229 1555 Dionysium,
1253 1483 1356 1556 qui
1375 1484 1577 1540 multis
1608 1485 1782 1541 annis
1813 1487 1945 1540 ante
1976 1482 2382 1540 Athanasium
2406 1481 2516 1537 fuit
2542 1480 2904 1537 Alexandria:
2940 1478 3277 1552 episcopus,
3318 1476 3673 1545 dicentibus,
3706 1475 3869 1548 quod

447 1569 652 1641 etipse
682 1569 996 1645 Dionysius
1042 1571 1261 1628 similia
1317 1575 1403 1630 eis
1450 1574 1683 1647 sapuit;
1744 1574 2111 1631 Athanasius
2176 1589 2431 1646 magnus
2472 1570 2740 1627 Ecclesia:
2783 1570 2987 1631 doctor
3037 1567 3244 1625 multis
3282 1567 3474 1623 modis
3515 1564 3773 1623 ostendit
3811 1565 3877 1621 in

457 1657 698 1730 scriptis
728 1663 945 1715 certam
977 1659 1156 1716 ﬁdem
1203 1661 1540 1735 Dionysium
1587 1663 1659 1719 ah
1705 1662 1874 1721 initio
1914 1663 2303 1737 praedicasse,
2348 1660 2624 1733 nulloque
2668 1660 2842 1716 modo
2885 1657 3233 1731 participem
3280 1656 3509 1712 Arianae
3554 1652 3884 1727 impietatis

435 1744 640 1803 fuisse.

980 1837 1376 1896 Constantinus
1409 1842 1541 1914 imp.
1576 1842 1636 1897 in
1666 1843 1831 1914 epist.
1865 1841 1935 1898 ad
1958 1840 2351 1908 Occidentales,
2383 1848 2488 1896 act.
2519 1856 2656 1895 xvm
2685 1838 2882 1911 synodi
2905 1836 3335 1894 Viaecumenica?

503 1941 576 1997 Et
604 1943 772 1999 testis
802 1943 1014 2000 horum
1048 1945 1587 2019 irreprehensibilis
1615 1947 1836 2005 athleta
1862 1948 1964 2005 Dei
1981 1946 2095 2005 cul-

2288 1945 2388 2001 Καὶ
2422 1946 2627 2021 μάρτυς
2648 1944 2856 1999 τούτων
2882 1941 3168 2016 ἄμεμπτος
3194 1938 3460 2011 ἀθλητὴς·
3492 1939 3581 1995 καὶ
3612 1932 3877 2008 θεοσεϐὴς

436 2032 528 2088 tor
549 2033 720 2087 Pater
751 2036 951 2089 noster
976 2033 1356 2093 Athanasius.

2206 2036 2235 2090 ὁ
2266 2036 2455 2112 ΙΙατὴρ
2488 2036 2649 2108 ἡμῶν
2683 2034 3019 2094 Ἀθανάσιος.

1484 2168 1882 2233 Damascenus,
1925 2165 2077 2221 Orat.
2107 2163 2174 2221 de
2200 2163 2492 2236 defunctis,
2522 2162 2624 2217 sub
2650 2161 2834 2231 ﬁnem.

502 2274 638 2331 Vita
664 2279 724 2331 et
751 2276 1017 2333 moribus
1047 2277 1439 2345 admirabilis,
1461 2284 1519 2335 et
1542 2280 1639 2336 Dei
1672 2278 1940 2336 Ecclesiae
1964 2281 2096 2336 fun-

429 2363 779 2421 damentum
808 2364 1191 2423 Athanasius.

2280 2281 2334 2331 '0
2365 2275 2417 2332 ὲν
2453 2275 2559 2353 βίῳ
2587 2274 2677 2339 καὶ
2709 2274 2863 2350 λόγῳ
2910 2268 3297 2349 περίϐλεπτος,
3344 2270 3435 2327 καὶ
3463 2276 3567 2342 τῆς
3611 2272 3709 2326 τοῦ
3738 2274 3879 2327 Θεοῦ

2218 2365 2546 2437 Ἐκκλησίας
2578 2362 2834 2439 Θεμέ).ιος
2863 2362 3198 2425 Ἀθανάσιος.

453 2486 686 2582 Photius
717 2500 780 2582 in
809 2498 1171 2582 Bibliotheca
1200 2516 1325 2569 sua,
1358 2505 1519 2582 cujus
1551 2501 1661 2582 hoe
1697 2501 2460 2582 fragmentumoptiinon'llo
2516 2502 2998 2582 uetustissimo-que
3033 2497 3420 2582 Athanasium
3449 2496 3651 2582 codice,
3685 2496 3897 2582 φλέξιδι

515 2569 815 2626 αιαάεηιίω
842 2572 1219 2645 Basileensis,
1248 2565 1553 2645 praeﬁxum
1585 2579 1663 2629 est
1693 2565 1917 2631 totidem
1943 2565 2155 2630 verbis}
2203 2572 2451 2644 illudque
2497 2573 2619 2645 jam
2646 2571 2787 2628 olim
2816 2588 2851 2627 a
2878 2565 3036 2627 Petro
3073 2570 3318 2637 Nannio,
3363 2570 3462 2641 qui
3488 2565 3679 2626 eodem
3691 2565 3885 2624 radice

506 2656 643 2697 usus
671 2645 769 2713 est,
800 2644 879 2698 sic
896 2643 1096 2700 Latine
1123 2643 1398 2700 redditum
1417 2652 1512 2701 est.

506 2746 760 2804 Photius
823 2748 1300 2823 archiepiscopus
1382 2749 2094 2824 Constantinopolitanus,

2278 2748 2499 2804 Φωτίου
2560 2747 2992 2825 ἀρχιεπισκόπου
3059 2742 3676 2807 Κωνσταντινουπόλεως
3731 2743 3878 2820 πρὸς

427 2835 503 2892 ad
525 2835 765 2893 fratrem
797 2854 974 2894 suum
999 2839 1329 2909 Tarasium,
1387 2840 1458 2896 de
1483 2840 1859 2898 sermonibus
1889 2840 2089 2915 magni

428 2924 584 2982 inter
613 2930 848 2984 sanctos
883 2928 1189 2985 Athanasii
1240 2928 1598 2989 Alexandria:
1643 2929 2086 3004 archiepiscopi.

503 3104 631 3172 Hic,
676 3104 890 3179 inquit,
921 3111 980 3162 et
1006 3106 1068 3163 in
1114 3108 1486 3165 sermonibus
1528 3108 1750 3181 ubique
1799 3108 2092 3167 locutione

433 3191 632 3251 clarus
662 3199 773 3267 est,
803 3195 992 3252 brevis
1031 3201 1089 3252 et
1114 3195 1392 3271 simplex:
1443 3187 1653 3255 acutus
1681 3203 1879 3256 tamen
1919 3202 1979 3255 et
2006 3197 2091 3256 al-

430 3283 551 3355 tus,
584 3286 643 3340 et
673 3284 1284 3357 argumentationibus
1305 3288 1547 3344 omnino
1577 3287 1912 3361 vehemens,
1944 3291 2004 3345 et
2030 3288 2091 3344 in

429 3369 525 3428 his
544 3375 711 3429 tanta
741 3374 999 3443 ubertas,
1034 3379 1101 3431 ut
1124 3376 1492 3434 admirabilis
1518 3376 1616 3435 sit.
1640 3377 1872 3452 Logicis
1892 3381 2093 3435 autem

439 3459 737 3518 methodis
767 3462 916 3519 nihil
965 3465 1241 3532 tenuiter,
1290 3464 1437 3521 nihil
1462 3466 1822 3538 juveniliter,
1855 3470 1921 3523 ut
1946 3483 2095 3541 puer

436 3551 498 3604 et
524 3550 722 3619 rudes,
765 3551 867 3607 sed
916 3552 1341 3630 philosophice,
1390 3555 1494 3612 sed
1527 3556 1838 3630 magniﬁce
1884 3556 2088 3615 utitur.

434 3636 874 3710 Scripturarum
904 3624 1260 3701 testimoniis
1290 3659 1358 3701 ac
1390 3624 1992 3704 demonstrationibus
2020 3646 2093 3702 ad

428 3726 937 3787 conﬁrmationem
962 3732 1366 3791 communitus
1382 3738 1490 3802 est,
1506 3734 1639 3790 etin
1669 3734 1879 3807 primis
1901 3751 2096 3793 sermo

434 3814 534 3872 ille
562 3821 766 3874 contra
809 3819 1058 3892 gentiles
1098 3825 1156 3878 et
1211 3822 1313 3895 qui
1370 3824 1443 3880 de
1499 3823 1871 3882 humanitate
1916 3824 2095 3882 Verbi

432 3902 538 3961 Dei
570 3904 811 3963 habitus
840 3911 952 3979 est,
975 3908 1236 3983 quinque
1261 3909 1323 3968 in
1351 3911 1556 3968 Arium
1578 3911 1735 3981 libri,
1768 3913 1871 3986 qui
1894 3930 2097 3972 revera

435 3997 583 4051 sunt
612 3994 805 4053 omnis
834 3996 1124 4055 hereseos
1150 4002 1456 4073 tropaeum,
1490 4002 1593 4058 sed
1649 4002 1880 4060 Arianm
1910 4002 2095 4077 potis-

441 4082 686 4141 simum.
720 4085 790 4141 Et
818 4085 867 4142 si
898 4085 1033 4159 quis
1063 4087 1428 4163 Theologum
1458 4091 1826 4165 Gregorium,
1857 4097 1917 4149 et
1944 4093 2098 4150 divi-

441 4188 588 4229 num
628 4173 915 4231 Basilium
947 4175 1165 4234 diceret
1191 4194 1261 4235 ex
1286 4178 1399 4236 hoc
1426 4178 1577 4237 libro
1605 4183 1889 4254 tanquam
1939 4182 2098 4241 fonte

449 4263 711 4337 quodam
741 4263 1102 4336 haurientes,
1124 4266 1406 4326 orationis
1433 4286 1553 4327 suae
1583 4270 1862 4345 pulchros
1887 4288 1954 4328 ac
1974 4287 2101 4345 per-

443 4350 676 4411 lucidos
704 4357 909 4411 contra
939 4371 1194 4413 errorem
1246 4357 1492 4415 fundere
1522 4358 1750 4433 ﬂuvios,
1810 4354 1939 4418 non
1967 4361 2097 4429 erit,

442 4444 512 4498 ut
539 4441 810 4513 arbitror,
843 4443 1048 4517 procul
1078 4460 1113 4502 a
1138 4445 1673 4506 verisimilitudine.
1704 4449 1933 4523 Scripta
1962 4453 2102 4506 sunt

452 4534 649 4588 autem
671 4532 745 4589 ab
790 4547 877 4603 eo,
910 4538 970 4591 et
1018 4533 1079 4590 in
1109 4534 1517 4594 Ecclesiastem
1551 4536 2006 4609 Commentaria,
2035 4544 2103 4595 ut

440 4619 502 4676 in
535 4621 775 4679 Cantica
804 4623 1192 4696 canticorum,
1232 4625 1319 4683 sic
1348 4630 1407 4683 et
1432 4626 1494 4684 in
1524 4626 1900 4700 Psalterium,
1954 4632 2013 4685 et
2035 4628 2101 4685 in

450 4707 568 4766 alia
595 4710 804 4768 multa.
835 4711 1037 4771 Gratia
1065 4717 1266 4771 tamen
1295 4718 1353 4772 et
1381 4720 1593 4773 ornatu
1620 4734 1754 4774 vere
1807 4716 2104 4774 excellunt

437 4801 750 4857 Sermones
781 4806 984 4859 contra
1006 4802 1462 4876 Apollinarium,
1510 4810 1569 4862 et
1598 4805 1880 4880 epistolae,
1931 4810 2103 4879 quot-

439 4894 586 4961 quot
612 4889 743 4961 ejus
773 4893 1211 4951 excusationem
1241 4893 1562 4950 continent.

2203 2838 2297 2893 τὸν
2342 2834 2483 2893 ἴδιον
2533 2835 2766 2915 ἀδελφὸν
2814 2833 3076 2913 Ταράσιον
3126 2835 3251 2912 περὶ
3292 2837 3400 2890 τῶν
3451 2830 3633 2909 λόγων
3665 2837 3763 2888 τοῦ
3813 2832 3870 2889 ἐν

2206 2925 2388 3003 ἁγίοις
2450 2924 2694 3002 μεγάλου
2749 2925 3071 2981 Ἀθανασίου
3125 2921 3559 3009 ἀρχιεπισκόπου
3616 2920 3872 2994 ’Δλεξαν-

2201 3012 2401 3091 δρείας.

2275 3105 2362 3160 Ἐν
2414 3104 2497 3167 οἷς
2553 3125 2743 3183 φησιν,
2796 3102 2881 3159 ὅτι
2930 3104 3107 3182 σαφὴς
3164 3102 3259 3171 μὶν
3316 3103 3428 3158 ἐστι
3483 3103 3585 3173 τὴν
3644 3099 3863 3181 φράσιν,

2205 3192 2386 3271 ὥσπερ
2438 3195 2750 3271 ἁπανταχοῦ
2797 3197 2905 3250 τῶν
2956 3191 3139 3269 λόγων
3190 3191 3378 3264 αὐτοῦ,
3424 3191 3516 3248 καὶ
3579 3192 3869 3269 ἀπέριττος

2205 3282 2298 3338 καὶ
2360 3279 2590 3361 ἀφελής·
2645 3280 2842 3357 δριμὺς
2901 3279 2959 3337 δὲ
3008 3280 3099 3337 καὶ
3158 3279 3361 3355 βαθὺς,
3419 3280 3511 3336 καὶ
3567 3279 3689 3336 λίαν
3746 3285 3867 3345 τοῖς

2208 3371 2635 3448 ἐπιχειρήμασιν
2686 3369 2927 3434 εὔτονος⁸
2974 3368 3062 3426 καί
3109 3371 3171 3425 τὸ
3231 3370 3461 3446 γόνιμον
3513 3367 3572 3426 δὲ
3617 3368 3781 3425 αὐτοῦ
3812 3370 3868 3426 ἐν

2201 3460 2419 3525 τύοτοις
2475 3458 2672 3531 ἡλίκον
2733 3459 2856 3516 ὅσον
2918 3460 3052 3540 φησὶ
3110 3460 3437 3533 θαυμάσιον.
3493 3464 3756 3535 Λογικοῖς
3810 3480 3874 3516 τε

2212 3553 2342 3625 [sic]
2370 3552 2509 3625 (MS.
2538 3553 2827 3626 interpres
2856 3552 3088 3609 videtur
3115 3551 3329 3625 legisse
3358 3546 3440 3622 δὲ)
3472 3546 3720 3623 μεθόδοις
3749 3545 3869 3605 aii-rt

2206 3645 2434 3718 γυμνῶς
2481 3640 2571 3695 καὶ
2623 3638 3025 3716 μειρακιωδῶς,
3076 3638 3257 3715 ὥσπερ
3289 3639 3344 3694 οἱ
3398 3636 3590 3703 παῖδες
3635 3641 3725 3695 καὶ
3776 3640 3873 3716 ἀρ-

2203 3730 2454 3804 τιμαθεῖς
2485 3774 2499 3799 ,
2564 3727 2711 3785 ἀλλά
2784 3727 3104 3808 φιλοσόφως
3158 3749 3218 3784 τε
3271 3728 3363 3783 καὶ
3432 3724 3874 3804 μεγαλοπρεπῶς

2207 3819 2607 3897 ἀποκέχρηται.
2666 3825 2963 3898 Γραφικαῖς
3009 3839 3069 3875 τε
3128 3816 3450 3894 μαρτυρίαις
3497 3816 3589 3873 καὶ
3645 3814 3869 3873 ἀποδεί-

2208 3909 2345 3980 ξεσιν
2381 3909 2459 3972 εἷς
2500 3910 2563 3964 τὸ
2590 3909 2849 3984 καρτερὸν
2900 3908 3323 3985 κατωχύρωται·
3371 3907 3463 3963 καὶ
3518 3905 3757 3982 μάλιστά
3804 3928 3871 3983 γε

2209 3999 2237 4054 ὁ
2266 3999 2405 4054 κατὰ
2433 3995 2746 4072 Ἑλλήνων,
2795 3996 2828 4053 ὅ
2852 4018 2911 4055 τε
2954 3997 3079 4071 περὶ
3125 4004 3227 4068 τῆς
3276 3997 3717 4072 ἐνσωματώσεως
3766 4001 3867 4053 τοῦ

2212 4092 2347 4144 Θεοῦ
2376 4086 2560 4163 Λόγου
2609 4088 2919 4164 εἰρημένος,
2970 4087 3061 4143 καὶ
3090 4090 3127 4158 ἡ
3174 4088 3313 4143 κατὰ
3357 4086 3573 4163 ’Δρείου
3618 4081 3871 4143 πεντάϐι-

2210 4172 2369 4249 ὅλος,
2400 4175 2661 4251 τρόπαιον
2692 4174 2825 4233 οὖσα
2853 4178 2989 4233 κατὰ
3030 4178 3210 4247 πάσης
3266 4178 3362 4252 μὲν
3412 4177 3692 4255 αἱρέσεως,
3726 4174 3870 4248 ἐξαι-

2215 4268 2385 4345 ρέτως
2435 4264 2493 4323 δὲ
2540 4273 2645 4338 τῆς
2702 4267 3008 4343 Ἀρειανῆς.
3062 4266 3163 4323 Καὶ
3216 4265 3271 4322 εἷ’
3306 4288 3393 4331 τις
3449 4267 3539 4324 τὸν
3597 4263 3872 4342 Θεολόγον

2209 4356 2539 4435 Γρηγόριον,
2567 4357 2659 4413 καὶ
2703 4357 2796 4413 τὸν
2843 4358 2984 4414 θεῖον
3034 4354 3320 4413 Βασίλειον
3352 4354 3412 4413 ἐκ
3450 4354 3655 4428 ταύτης
3687 4354 3870 4433 ὥσπερ

2210 4447 2317 4504 ἀπὸ
2363 4453 2556 4523 πηγῆς
2605 4446 2975 4521 ἀρυσαμένους
3024 4447 3157 4526 φαίη
3207 4451 3310 4516 τῆς
3363 4440 3562 4521 βίϐλου
3599 4444 3731 4509 τοὺς
3777 4465 3874 4501 κα-

2210 4535 2345 4601 λούς
2377 4537 2616 4600 ἐκείνους
2662 4536 2753 4592 καὶ
2803 4533 3043 4612 διαυγεῖς
3092 4540 3202 4592 τῶν
3251 4533 3468 4592 οἰκείων
3518 4532 3703 4612 λόγων
3732 4536 3874 4591 κατᾶ

2210 4633 2312 4698 τῆς
2342 4624 2560 4697 πλάνης
2592 4625 2773 4703 ῥεῦσαι
2804 4625 3112 4701 ποταμοὺς,
3136 4624 3236 4682 οὐκ
3284 4623 3371 4697 ἂν,
3421 4624 3599 4701 οἶμαι,
3631 4621 3867 4702 σφαλείη

2209 4720 2313 4771 τοῦ
2358 4713 2803 4793 παραδείγματος
2828 4757 2841 4771 .
2893 4715 3195 4787 Πεποίηται
3246 4711 3306 4771 δὲ
3354 4713 3521 4789 αὐτῷ,
3571 4714 3728 4793 φησὶ,
3777 4713 3871 4769 καὶ

2215 4805 2290 4869 εἷς
2320 4805 2413 4861 τὸν
2446 4803 2903 4876 Ἐκκλησιαστῆν,
2949 4805 3040 4861 καὶ
3090 4805 3168 4868 είς
3212 4805 3277 4860 τὸ
3326 4808 3513 4879 ’ᾼσμα
3557 4806 3668 4859 τῶν
3700 4802 3874 4877 ᾀσμά-

2211 4915 2321 4951 των
2372 4895 2762 4970 ὑπομνήματα,
2813 4894 2994 4971 ὥσπερ
3041 4893 3132 4950 καὶ
3172 4893 3249 4958 εἷς
3295 4893 3387 4950 τὸν
3436 4890 3730 4969 Ψαλτῆρα,
3775 4894 3870 4948 καὶ

442 4973 733 5065 ἂνὲτεροις
760 4975 1018 5065 πολλοΐς.
1050 4979 1145 5043 Εἷς
1178 4980 1274 5055 μὶν
1305 4982 1405 5052 τὴν
1442 4983 1606 5059 χάριν
1634 4984 1725 5038 καὶ
1773 4984 1837 5039 τὸ
1869 4980 2104 5059 κάλλος,
2155 4983 2397 5061 ἀτεχνῶς
2430 4981 2772 5065 διαφέρουσιν
2802 4986 2855 5039 οἱ
2883 4986 3021 5043 κατά
3069 4980 3500 5061 Ἀπολλιναρίου
3547 4979 3735 5059 λόγοι,
3775 4983 3871 5039 καὶ

446 5068 556 5123 τῶν
590 5064 893 5123 ἐπιστολῶν
925 5067 1047 5125 ὅσαι
1075 5070 1176 5140 τὴν
1208 5067 1513 5147 ἀπολογίαν
1543 5069 1693 5145 αὐτῷ
1720 5078 1824 5143 τῆς
1846 5078 2027 5151 φυγῆς
2054 5074 2429 5151 περιέχουσιν.

435 5186 549 5238 Τοῦ
580 5182 949 5259 Δοεαπάτρου,
981 5189 1080 5264 qui
1105 5204 1279 5264 manu
1305 5205 1408 5245 sua
1432 5189 1679 5264 codicem
1708 5191 1837 5264 Bas,
2043 5207 2095 5248 m

2214 5193 2427 5261 nimus,
2450 5194 2696 5264 scripsit,
2750 5188 2880 5253 ἔπος
2906 5194 2969 5248 in.
3021 5192 3217 5248 Arium
3247 5190 3315 5247 de
3345 5189 3604 5247 laudibus
3631 5189 3883 5246 Athana-

936 5260 1033 5328 sii,
1054 5261 1117 5316 in
1138 5260 1335 5317 limine
1360 5263 1616 5335 ejusdem
1884 5260 2108 5320 Editum
2128 5280 2163 5321 a
2184 5260 2674 5336 Felckmanno'qui
2700 5268 2820 5322 haec
2836 5264 3027 5334 elogia
3052 5263 3294 5334 collegit.

440 5361 566 5431 Ari,
593 5366 742 5437 tace,
774 5364 874 5437 qui
905 5362 1141 5423 silentio
1162 5365 1481 5424 damnatus
1512 5382 1597 5435 es,

437 5449 763 5510 Athanasio
793 5453 962 5511 docto
991 5453 1288 5528 loquente.

442 5538 645 5611 Inepte
674 5539 919 5613 blatero,
952 5542 1176 5616 putide,
1210 5544 1475 5618 nequitia
1505 5549 1758 5617 scatens,

429 5625 718 5700 Sophiste
739 5629 935 5687 vetule
964 5633 1362 5690 satanicorum
1391 5634 1761 5707 dogmatum,

430 5714 721 5775 Delitesce
748 5720 987 5776 tandem
1018 5723 1206 5779 multo
1236 5723 1460 5796 pudore
1486 5725 1793 5799 confusus,

2129 5371 2178 5438 D
2208 5370 2418 5444 "Apsts,
2449 5367 2596 5445 σίγα,
2625 5370 2725 5439 τήν
2760 5370 2917 5445 σιγήν
2950 5367 3296 5442 κατεκρίθης,

2203 5457 2521 5514 ’ΔΘανασίου
2548 5462 2647 5514 τοῦ
2672 5462 2842 5537 σοφοῦ
2870 5457 3222 5535 κεκραγότος.

2208 5544 2492 5626 Φλήναφε,
2520 5542 2851 5622 παμϐἑϐηλε
2879 5547 3072 5610 κακίας
3100 5546 3247 5619 πίθε,

2203 5637 2369 5712 Γὲρον
2402 5638 2629 5716 σοφιστά
2656 5642 2767 5693 τῶν
2799 5643 2972 5693 Σατᾶν
3003 5637 3377 5716 σοφισμάτων,

2201 5723 2483 5806 Κρόφθητι
2510 5724 2705 5782 λοιπὸν
2737 5725 3005 5803 αἰσχύνης
3036 5721 3260 5795 πολλῆς
3289 5725 3500 5801 γέμων.
