4160 6400
1756 376 2053 441 ELOGIA
2096 378 2507 445 VETERUM.
2705 456 2711 462 ,
3612 410 3865 458 ccuxrx

426 502 686 560 Φαίνουσι
709 504 798 559 καὶ
831 506 935 580 γὰρ
967 504 1286 561 Ἀθανασίου
1318 504 1499 582 λόγοι,

424 594 525 650 Καὶ
556 599 842 671 πανταχοῦ
874 592 1160 671 φθάνουσιν
1193 592 1650 671 ἀστραπηϐόλως.

425 682 566 747 Τοὺς
601 683 729 747 σοὺς
757 682 954 763 φίλους
986 682 1304 760 φλέγοντες,
1336 687 1371 755 ἢ
1406 688 1502 755 σήν
1535 684 1780 765 καρδίαν·

431 773 515 844 Ἐξ
541 776 609 843 ἧς
638 775 703 829 τά
735 774 903 849 σαθρά
930 778 1038 829 τῶν
1075 771 1448 851 διδαγμάτων,
1477 775 1668 850 πλάνε,

425 864 638 939 ’Δρχῆν
668 857 908 918 λαϐόντα
941 866 1038 933 τήν
1071 866 1270 942 φθορὰν
1306 868 1641 943 παρεισάγει.

426 959 880 1040 Ἐσφενδονίσθης
910 962 1219 1037 πνεύματος
1247 968 1315 1037 τῇ
1349 963 1624 1043 σφενδόνῃ’

425 1053 637 1113 Ὄντως
665 1048 921 1126 ἐπλήγης
950 1057 1068 1114 τοῖς
1100 1052 1205 1115 ἷ¹οἷς
1235 1059 1351 1116 τοῖς
1384 1053 1604 1116 ἐνθέοις·

428 1143 633 1203 ’Ὀντως
668 1135 911 1211 έϐλῆθης
942 1146 1059 1203 ταῖς
1096 1142 1289 1217 βολαῖς
1319 1149 1437 1206 ταῖς
1468 1145 1727 1216 καιρίαις,

425 1232 638 1305 ’Δσπερ
670 1231 1054 1301 κατηκόντισεν
1086 1230 1423 1295 ένθεωτάτως

422 1323 487 1381 ,Η
515 1316 741 1393 γλῶττα
768 1323 865 1374 τοῦ
901 1319 1140 1397 μάκαρος
1172 1320 1509 1378 Ἀθανασίου.

424 1416 689 1493 Αἷσχιστε
718 1420 807 1472 καὶ
841 1415 1147 1495 δόσχρηστε
1176 1426 1277 1489 τῆς
1308 1423 1665 1497 πανουργίας,

431 1505 679 1561 Οἷκτιστε
708 1508 797 1561 καὶ
830 1504 1059 1578 δύστηνε
1087 1515 1189 1578 τῆς
1226 1506 1538 1585 βδελυρίας,

427 1598 634 1658 Ὄντως
669 1593 908 1659 δέδωκας
938 1595 1084 1667 ἀξίαν
1117 1599 1409 1675 τιμωρίαν,

423 1688 545 1740 Τῶν
575 1690 682 1740 σῶν
718 1687 986 1741 λυθέντων
1023 1686 1285 1762 έγκάτων,
1318 1688 1479 1744 Ἀλλ’
1510 1688 1737 1754 ἐνδίκως

430 1778 686 1829 Τοιοῦτον
716 1771 874 1851 ’ἔσχες
908 1775 997 1830 καὶ
1027 1772 1187 1839 τέλος
1220 1798 1303 1832 σοι
1332 1783 1428 1833 τοῦ
1456 1778 1597 1853 βίου,

428 1866 603 1919 Μέσον
636 1862 936 1941 κοπρωδῶν
972 1864 1212 1921 ἐκλιπὼν
1244 1869 1427 1943 ψυχὴν
1461 1868 1665 1943 τόπων,

447 1955 632 2009 ’Ὀπυυ
663 1973 763 2028 περ
794 1952 1124 2028 ἦςβαδίζων.
1160 1962 1223 2010 Ὢ
1246 1948 1369 2011 ’θεία
1398 1955 1520 2028 δίκη

427 2044 492 2099 Ἠ
531 2049 691 2098 πᾶσιν
725 2041 856 2098 οὖσα
884 2042 1157 2121 πάνσοφος
1194 2049 1547 2121 ζυγοστάτιςί

427 2129 590 2187 Ἀλλ’
621 2130 666 2187 ὦ
697 2134 927 2208 θεράπον
956 2134 1065 2188 θεῖε
1092 2138 1187 2188 τοῦ
1218 2140 1350 2189 Θεοῦ
1383 2135 1533 2207 θύτα,

423 2221 732 2291 ’Δθατάσιε,
757 2226 864 2277 τῶν
901 2228 1079 2302 σοφῶν
1112 2224 1268 2298 πηγῆ
1301 2223 1500 2300 λόγων,

432 2311 735 2386 Ἔγχευσον
768 2312 903 2384 ἡμῖν
940 2312 1148 2387 ῥεῖθρον
1182 2312 1487 2377 ἀθανασίας.

423 2401 525 2455 Τὸν
557 2402 789 2476 ψυχικὸν
827 2399 1017 2472 δίωξον
1054 2401 1104 2472 ἐξ
1136 2404 1295 2476 ἡμῶν
1334 2404 1520 2480 μόρον·

425 2489 714 2559 ’Ἐνσταξον
744 2490 879 2563 ἡμῖν
914 2491 1106 2564 μικρὸν
1130 2490 1205 2553 εἷς
1238 2492 1534 2569 σωτηρίαν,

426 2576 529 2631 Καὶ
560 2576 856 2655 σύμμαχος
888 2579 1103 2655 φαίνοιο
1133 2579 1224 2635 καὶ
1254 2583 1450 2654 σεμνὸς
1481 2582 1716 2657 πρόμος.

424 2679 580 2749 Ὁρᾷς
613 2678 681 2730 τὰ
712 2674 860 2731 δεινᾶ
891 2677 1175 2755 συῤῥέουσί
1211 2701 1308 2753 μοι
1338 2680 1478 2735 πόσα
1512 2703 1524 2750 ;

424 2766 584 2841 Ὁρᾷς
614 2764 678 2819 τὸ
710 2764 884 2841 ῥεῦμα
913 2771 1021 2823 τῶν
1058 2766 1303 2823 ἐναντίων
1337 2771 1496 2846 μέγα,

424 2854 753 2927 Ὑψούμενον
791 2856 883 2929 μὲν
918 2856 979 2910 οὗ
1016 2862 1225 2933 μικρῶς
1255 2860 1370 2913 καθ’
1402 2861 1632 2936 ἡμέραν,

419 2946 584 3018 Ἠμῖν
619 2941 665 2999 δ’
698 2944 956 2999 ἀπειλοῦν
986 2947 1086 3015 τήν
1118 2946 1389 3002 ἀπώλειαν
1423 2950 1569 3025 τάχα
1602 2969 1616 3017 ;

430 3034 705 3107 ’Ένστηθι,
744 3031 943 3109 μάκαρ,
975 3040 1178 3090 παῦσον
1214 3036 1378 3092 αὐτοῦ
1408 3039 1506 3107 τὴν
1543 3038 1741 3115 ῥύμην,

432 3125 522 3193 Μὴ
558 3120 623 3193 δὴ
656 3124 907 3199 καταιγὶς
937 3123 1235 3181 ποντίσειεν
1271 3124 1497 3184 ὑδάτων.

435 3214 498 3267 Οἱ
532 3213 626 3286 μὶν
659 3214 981 3292 φθονοῦντες
1014 3212 1216 3288 δωρεάν
1250 3237 1343 3289 μοι
1382 3215 1640 3293 παγίδας,

433 3304 543 3361 Ἀεὶ
573 3305 812 3359 τιθοῦσιν
848 3304 1062 3382 ἀφανῶς
1092 3306 1494 3381 κεκρυμμένας,

439 3397 885 3470 Κατηγοροῦντες
915 3394 1031 3448 καθ’
1063 3394 1289 3466 ἑκάστην
1323 3396 1489 3471 μυρία

434 3483 788 3561 Λιαστρέφειν
819 3480 1073 3558 λέγοντες
1107 3486 1257 3557 ἡμᾶς
1285 3485 1380 3548 τὰς
1410 3485 1637 3561 κρίσεις,

434 3575 598 3628 Ὅταν
628 3594 682 3627 τι
710 3571 894 3627 καινὸν
925 3572 1228 3648 εἰσάγωμεν
1263 3572 1315 3627 ἐν
1353 3574 1523 3648 μέσῳ,

433 3662 536 3718 Καὶ
565 3659 746 3718 τᾶλλα
780 3684 871 3731 μοι
904 3660 1194 3725 πλέκοντες
1222 3662 1297 3725 εἷς
1329 3660 1559 3721 ἀδικίαν.

437 3752 507 3807 Δῖ
537 3750 633 3807 at!
666 3748 1096 3806 πολυπένακτον
1130 3749 1334 3827 ἄγομεν
1371 3752 1509 3827 βίον.

438 3842 674 3898 ’Άνωθεν
708 3837 1023 3909 ἐλπίζοντες
1057 3841 1228 3916 εὑρεῖν
1259 3843 1357 3910 τὴν
1392 3839 1546 3896 λύσιν

437 3934 555 3985 Τῶν
586 3933 898 3985 κακοποιῶν
928 3931 1019 3985 καὶ
1047 3930 1249 4006 φθορᾶς
1279 3930 1605 4005 παραιτίων,

440 4020 594 4075 Ὀθεν
628 4019 970 4095 παραμύθιον
1002 4018 1281 4094 ἐγγένοιτό
1316 4040 1431 4093 μοι,

446 4106 727 4165 Οἷόιτιστον
761 4107 971 4164 ἆνύοντι
1000 4106 1284 4185 δυστυχῶς
1320 4108 1459 4185 βίον.

438 4205 611 4263 Πόσοι
639 4208 754 4262 καθ’
781 4209 932 4281 ἡμᾶς
966 4208 1243 4262 ἀκονοῦσιν
1278 4207 1355 4269 ὡς
1387 4207 1513 4285 ξίφη

438 4294 700 4359 Γλώττας
732 4296 957 4367 ἑαυτῶν,
990 4296 1080 4351 καὶ
1111 4292 1376 4351 πλέκουσι
1404 4295 1534 4359 τούς
1567 4293 1787 4373 δόλους,

438 4388 908 4461 Κατηγοροῦντες,
943 4382 1319 4460 λοιδοροῦντες
1354 4384 1599 4461 ἀσχέτως
1633 4403 1650 4457 ;

435 4472 603 4531 Ἀλλ’
633 4473 758 4545 εἷ’θε,
790 4475 985 4549 Χριστὲ
1012 4478 1109 4529 τοῦ
1140 4478 1274 4529 θεοῦ
1307 4474 1519 4549 Πατρὸς
1550 4474 1714 4552 Λόγε,

439 4566 685 4642 ’Ἄναρχε
714 4563 804 4619 καὶ
834 4564 1131 4639 πάνταρχε,
1158 4562 1249 4617 καὶ
1279 4565 1609 4639 πωεργάτα,

445 4655 504 4707 Ὀ
535 4655 713 4709 πάντα
738 4657 909 4708 ταῦτα
937 4652 1305 4728 συντετευχὼς
1332 4652 1643 4731 πανσόφως,

440 4748 575 4815 Γῆν,
610 4741 865 4820 οὐρακὸν,
894 4739 1185 4811 θάλασσαν,
1218 4742 1454 4817 ἀστέρων
1490 4744 1622 4821 φάη,

442 4834 605 4907 Ὀρη,
638 4832 862 4906 πέτρας,
894 4832 1201 4909 φάραγγας,
1234 4829 1419 4908 ἄντρα,
1450 4832 1541 4886 καὶ
1571 4833 1768 4903 νάπας,

437 4921 591 4980 Δὶτῶ
623 4942 682 4976 σε
707 4925 870 4976 τοῦτο
901 4921 1107 4996 λυπρὸς
1140 4919 1355 4995 οἰκτρὸς
1388 4920 1628 4991 οἰκέτης,

438 5008 754 5086 Πειρασμὸς
786 5011 935 5085 ἡμᾶς
971 5006 1245 5084 μηδαμῶς
1284 5030 1368 5074 τις
1404 5009 1621 5087 βυθίσῃ·

439 5098 629 5172 Φύλαξ
658 5100 815 5177 γίνου
845 5120 940 5173 μοι
969 5105 1069 5169 τῆς
1100 5102 1346 5177 ψυχικῆς
1378 5098 1635 5170 ὁλκάδος,

436 5192 690 5267 Τήρησον
725 5186 1028 5258 ἀκλόνητον
1052 5187 1219 5259 αὐτήν
1256 5210 1349 5265 μοι
1384 5191 1573 5262 μόνην·

436 5281 514 5335 Τὰ
538 5276 586 5335 δ’
619 5276 765 5334 ἄλλα
796 5299 902 5352 μου
931 5278 1067 5354 πρὸς
1092 5275 1277 5348 τήνδε,
1312 5275 1564 5354 δευτέρου
1596 5278 1791 5355 λόγου,

434 5372 505 5427 ⁴Α
538 5370 615 5443 μὴ
652 5369 923 5442 μένουσιν,
948 5372 975 5393 ‘
1004 5369 1231 5422 άπτοῦσι
1260 5372 1357 5423 τοῦ
1394 5366 1534 5442 βίου.

438 5459 513 5514 Τὸ
544 5458 799 5534 λαμπρὸν
828 5455 1046 5530 ἀξίωμα
1071 5454 1287 5529 κόμπον
1318 5459 1561 5534 παρέχον

438 5546 733 5626 Παραίτιον
764 5543 1003 5620 μάλιστα
1028 5551 1131 5615 τῆς
1167 5539 1380 5620 βλάϐης
1414 5542 1512 5605 ἔνι.

440 5638 501 5691 '0
529 5635 774 5698 πλοῦτος
814 5634 874 5691 ἃν
909 5633 1013 5710 ῥεῖ,
1040 5628 1209 5689 Δαϐἱδ
1240 5630 1405 5707 ἐκϐοᾷ
1437 5637 1596 5711 μέγα·

442 5728 536 5798 Πή
567 5723 918 5804 προστίθεσθε
942 5721 1160 5801 καρδίᾳ,
1184 5728 1396 5798 τρανῶς
1426 5722 1627 5800 λέγων,

2118 514 2174 581 Α
2204 513 2471 570 Emicant
2501 518 2716 573 etenim
2744 519 3048 576 Athanasii
3082 538 3403 581 sermones.

2205 601 2271 656 Et
2296 603 2516 675 ubique
2543 606 2787 663 volitant
2819 607 3065 679 fulguris
3099 612 3155 666 in
3191 614 3456 682 modum,

2202 692 2361 747 Tuos
2392 692 2611 751 amicos
2638 700 2874 752 urentes
2904 700 2991 754 vel
3024 704 3228 771 pectus
3258 706 3426 758 tuum
3454 728 3469 771 ;

2202 780 2284 835 Ex
2314 797 2429 852 quo
2460 785 2705 854 putredo
2734 786 3075 858 dogmatum
3108 793 3368 861 tuorum,
3403 809 3434 847 o
3462 793 3771 866 impostor,

2204 869 2409 926 Ortum
2442 871 2647 927 sortita
2674 874 2777 929 tibi
2814 875 3052 932 exitium
3085 884 3271 950 parat.

2205 960 2293 1015 Tu
2325 976 2637 1031 percussus
2671 978 2732 1018 es
2759 964 3049 1034 spirituali
3082 968 3305 1025 funda:

2203 1048 2349 1104 Vere
2376 1048 2719 1107 vulneratus
2749 1069 2811 1107 es
2837 1053 3050 1111 divinis
3086 1056 3217 1113 telis
3247 1075 3259 1112 :

2204 1138 2349 1194 Vere
2381 1139 2681 1196 sauciatus
2712 1158 2773 1197 es
2796 1143 3013 1211 jaculis
3044 1144 3347 1215 lethif‘eris,

2204 1229 2341 1293 Quae
2364 1227 2625 1298 jaculata
2654 1233 2744 1285 est
2772 1230 3055 1288 divinitus
3088 1234 3372 1305 inspirata

2205 1316 2433 1390 Lingua
2462 1318 2614 1373 beati
2640 1318 2965 1376 Athanasii.
3016 1362 3019 1365 -
3212 1306 3216 1310 θ

2206 1414 2432 1483 Putide,
2459 1432 2606 1472 vane
2636 1422 2693 1474 et
2722 1417 2953 1475 inutilis
2984 1422 3229 1491 malitia,

2204 1504 2552 1573 Miserrime,
2588 1505 2791 1562 infelix
2818 1512 2921 1563 tua
2954 1508 3353 1581 impudentia:

2205 1593 2354 1650 Vere
2384 1594 2594 1651 dedisti
2630 1596 2871 1652 meritas
2902 1615 3104 1669 pcsnas

2205 1684 2465 1739 Tuorum
2497 1684 2884 1743 dissolutione
2914 1688 3470 1759 intestinorum,sed
3502 1691 3711 1747 merito
3735 1692 3868 1762 jure

2206 1773 2405 1829 Talem
2437 1775 2697 1830 habuisti
2726 1776 2856 1831 vitae
2882 1780 2994 1832 tuae
3027 1779 3275 1847 exitum,

2208 1863 2271 1918 In
2298 1863 2509 1919 mediis
2542 1870 2863 1920 stercorum
2895 1867 3156 1923 animam
3186 1866 3529 1941 relinquens
3559 1868 3727 1939 locis,

2205 1954 2328 2019 Quo
2360 1956 2423 2008 tu
2455 1970 2803 2010 secesseras.
2839 1954 2883 2009 Ο
2912 1956 3114 2011 divina
3137 1957 3395 2028 justitia,

2205 2044 2391 2108 Quam
2415 2043 2689 2099 omnibus
2720 2060 2782 2100 es
2815 2045 3051 2117 sapiens
3078 2050 3294 2103 statera
3318 2048 3330 2102 l

2206 2132 2341 2201 Sed,
2374 2148 2406 2187 o
2438 2131 2658 2188 famule
2689 2134 2884 2189 divine
2913 2135 3014 2191 Dei
3056 2137 3351 2207 sacerdos,

2204 2220 2484 2278 Athanasi
2518 2222 2853 2294 sapientum
2886 2223 3014 2279 fons
3047 2225 3404 2297 orationum,

2207 2311 2454 2366 Eﬂ'unde
2485 2311 2544 2366 in
2578 2328 2683 2368 nos
2711 2312 2935 2368 ﬂuxum
2962 2313 3423 2371 immortalitatis
3451 2332 3463 2370 :

2207 2399 2586 2471 Spiritualem
2617 2401 2841 2475 expelle
2870 2418 2905 2457 a
2935 2403 3103 2459 nobis
3136 2408 3383 2459 mortem
3409 2421 3422 2459 :

2209 2488 2436 2545 Instilla
2458 2490 2629 2546 nobis
2660 2491 2956 2547 modicum
2986 2493 3128 2564 quid
3161 2494 3234 2548 ad
3266 2491 3541 2561 salutem,

2206 2579 2277 2634 Et
2304 2580 2626 2635 commilito
2659 2598 2943 2654 appareas
2973 2586 3029 2638 et
3058 2599 3301 2655 promus
3330 2582 3605 2655 insignis.

2206 2676 2383 2733 Vides
2418 2684 2651 2750 quanta:
2679 2679 2738 2734 in
2772 2696 2865 2736 me
2892 2680 3200 2735 conﬂuunt
3232 2680 3515 2737 molestia:
3535 2682 3563 2736 ‘I

2205 2766 2383 2823 Vides
2415 2784 2662 2840 magnos
2693 2769 3162 2825 adversariorum
3192 2772 3429 2839 fluctus,

2206 2855 2314 2920 Qui
2348 2857 2607 2929 quotidie
2638 2874 2755 2913 non
2785 2857 2988 2915 leviter
3017 2859 3356 2933 insurgunt,

2204 2946 2503 3019 Nobisque
2535 2947 2853 3019 perniciem
2885 2949 3241 3005 minitantur
3270 2950 3638 3022 repentinam
3663 2951 3692 3005 ?

2205 3034 2438 3107 Insiste,
2469 3036 2653 3104 beate,
2687 3042 2743 3093 et
2772 3052 2975 3093 eorum
3008 3038 3299 3110 impetum
3332 3038 3676 3112 comprime,

2206 3124 2289 3181 Ne
2310 3124 2597 3181 ﬂuctuum
2631 3125 2887 3198 procella
2915 3143 3023 3183 nos
3053 3128 3412 3201 submergat.

2208 3217 2357 3270 Sunt
2384 3214 2565 3269 invidi
2596 3215 2697 3287 qui
2730 3215 2875 3270 mihi
2906 3215 3149 3288 laqueos

2129 3266 2173 3334 C
2213 3266 3330 3376 εὲἷτίρέῖιὲἑιιῖιῖιὶιῗέιῖέιᾶῐρῗόἐὲυιιοε.

2211 3392 2582 3450 Proferentes
2611 3393 2861 3466 singulis
2893 3394 3104 3451 diebus
3124 3395 3184 3449 in
3218 3411 3313 3450 me
3340 3399 3613 3451 sexcenta

2213 3482 2547 3539 Pervertere
2578 3500 2686 3539 nos
2716 3482 2979 3539 dicentes
3002 3483 3231 3554 judicia

2212 3572 2456 3638 Quando
2488 3588 2703 3628 novum
2736 3571 2958 3644 aliquid
2986 3572 3048 3628 in
3081 3572 3344 3629 medium
3375 3572 3788 3645 producimus,

2211 3661 2284 3717 Et
2314 3660 2431 3717 alia
2460 3661 2608 3717 mihi
2636 3662 3040 3734 contingentes
3071 3662 3143 3717 ad
3176 3661 3554 3734 injustitiam.

2212 3750 2339 3818 Hei,
2372 3750 2465 3806 hei
2492 3750 2504 3804 ι
2535 3750 2702 3806 valde
2724 3750 3057 3807 luctuosam
3088 3750 3365 3808 ducimus
3392 3750 3598 3821 vitam,

2213 3838 2495 3911 Superius
2527 3844 2835 3912 sperantes
2863 3840 3123 3896 invenire
3154 3840 3607 3898 dissolutionem

2213 3929 2659 3986 Malefactorum
2691 3934 2748 3986 et
2778 3929 3081 3986 interitum
3111 3929 3508 3987 molientium.

2214 4019 2381 4075 Unde
2412 4017 2690 4076 solatium
2723 4019 2880 4076 adsit
2906 4019 3055 4075 mihi

2213 4107 2605 4165 Miserrimam
2638 4107 2954 4166 infeliciter
2984 4108 3223 4167 ducenti
3250 4109 3457 4167 vitam.

2215 4207 2368 4273 Quot
2398 4210 2601 4263 contra
2628 4224 2740 4263 nos
2762 4211 2985 4264 acuunt
3013 4210 3081 4263 ut
3110 4206 3340 4280 gladios

2216 4295 2477 4370 Linguae
2508 4312 2671 4364 suas,
2701 4300 2760 4354 et
2798 4296 3035 4353 fraudes
3064 4297 3435 4370 conﬁngunt,

2212 4387 2577 4441 Accusantes
2606 4390 2665 4442 et
2685 4386 2963 4442 conviciis
2989 4385 3462 4442 intolerabilibus
3482 4385 3885 4444 insectantes?

2216 4475 2331 4531 Sed
2357 4474 2611 4543 utinam,
2643 4491 2676 4531 ο
2705 4475 2931 4531 Christe
2962 4474 3061 4531 Dei
3090 4475 3285 4531 Patris
3314 4474 3603 4548 Verbum,

2214 4563 2353 4621 Sine
2381 4564 2670 4637 principio
2700 4564 2968 4620 omnium
3000 4563 3360 4637 principium
3391 4567 3448 4620 et
3488 4563 3703 4636 opifex,

2135 4636 2184 4703 D
2215 4653 2322 4719 Qui
2354 4636 2474 4710 haec
2506 4636 2705 4709 omnia
2735 4636 3175 4726 sapientissime
3205 4636 3617 4726 composuisti,

2215 4744 2482 4814 Terram,
2512 4742 2745 4810 ccelum,
2778 4758 2939 4799 mare
2977 4748 3035 4799 et
3069 4746 3361 4799 astrorum
3391 4742 3641 4816 lumina,

2213 4834 2463 4900 Montes,
2491 4848 2652 4905 saxa,
2684 4832 2995 4905 convalles,
3029 4836 3218 4899 antra,
3249 4831 3493 4888 latices:

2216 4920 2377 4994 Rogo
2398 4924 2454 4977 te
2486 4920 2760 4977 infirmus
2786 4926 2844 4977 et
2872 4922 3053 4979 miser
3074 4919 3355 4989 famulus,

2213 5009 2300 5066 Ne
2323 5026 2432 5066 nos
2464 5009 2587 5066 ulla
2606 5010 2852 5067 tentatio
2882 5010 3211 5084 praecipites
3242 5010 3538 5080 deturbet,

2216 5099 2345 5156 Fiat
2373 5104 2577 5157 custos
2605 5116 2748 5157 mea
2778 5099 3106 5172 spiritualis
3136 5097 3435 5167 navicula,

2214 5191 2502 5267 Conserva
2530 5205 2659 5245 eam
2692 5188 2877 5245 solam
2909 5190 3056 5245 mihi
3088 5190 3524 5257 inconcussam,

2214 5277 2435 5336 Cetera
2462 5294 2597 5334 vero
2627 5294 2757 5335 mea
2777 5295 2893 5351 prae
2917 5278 3102 5348 hisce,
3134 5285 3275 5336 sunt
3296 5277 3638 5352 posterioris
3663 5291 3875 5333 census

2214 5367 2349 5433 Quae
2380 5383 2495 5423 non
2528 5366 2763 5437 durant,
2796 5370 2855 5423 et
2882 5367 3015 5423 vitae
3044 5373 3221 5425 tenus
3252 5368 3589 5441 expediunt.

2212 5465 2484 5539 Dignitas
2512 5464 2785 5538 illustris,
2818 5482 2946 5538 quas
2975 5466 3193 5523 fastum
3226 5466 3469 5538 praebet,

2213 5554 2405 5611 Causa
2435 5554 2690 5611 maxime
2720 5554 2996 5627 perniciei
3029 5554 3179 5612 solet
3209 5571 3360 5611 esse.

2213 5642 2441 5699 Divitiis
2472 5643 2686 5711 ﬂuunt,
2705 5642 2884 5699 David
2907 5642 3196 5700 exclamat
3225 5642 3394 5700 valde
3418 5664 3431 5701 ε

2212 5731 2296 5789 Ne
2324 5731 2734 5789 assentiamini
2766 5732 2925 5789 cordi
2955 5736 3170 5804 vestro,
3203 5730 3420 5789 diserte
3446 5732 3732 5806 loquens;
