4160 6446
2446 553 3730 597 m

1547 639 2499 877 MONITUM

865 1003 945 1063 IN
990 1001 1197 1063 DUOS
1244 999 1558 1062 CONTRA
1601 998 1907 1060 GENTES
1951 997 2054 1058 ET
2098 998 2200 1058 DE
2242 997 2833 1060 INCARNATIONE
2876 999 3178 1062 LIBROS.

1923 1190 2118 1205 μ

396 1329 440 1386 Ι.
473 1325 769 1383 Athanasii
795 1323 931 1380 duos
960 1324 1177 1380 Contra
1205 1327 1409 1396 gentes
1449 1314 1617 1379 libros
1644 1323 2088 1378 commemoravit
2118 1323 2482 1393 Hieronymus
2513 1324 2573 1378 in
2603 1323 2748 1378 libro
2779 1323 2859 1378 De
2890 1323 3279 1396 scriptoribus
3305 1325 3737 1394 ecclesiasticis,

320 1419 417 1476 hoc
439 1423 600 1490 pacto
621 1433 641 1470 :
672 1437 693 1464 ι
728 1415 1006 1470 Feruntur
1035 1414 1152 1484 ejus
1184 1411 1444 1469 adversus
1471 1419 1660 1484 gentes
1702 1412 1834 1467 libri
1863 1411 1990 1480 duo,
2024 1433 2052 1462 »
2086 1421 2212 1473 etc.;
2261 1412 2491 1468 Photius
2538 1428 2664 1468 vero
2695 1413 2806 1468 loco
2851 1415 3102 1484 superius
3149 1414 3337 1480 allato,
3387 1417 3635 1485 priorem
3665 1416 3736 1471 li-

322 1511 480 1565 brum
508 1509 723 1561 Contra
751 1506 957 1576 gentes
986 1507 1292 1574 nuncupat,
1320 1504 1678 1575 posteriorem
1705 1517 1831 1557 vero
1861 1501 1942 1556 De
1969 1501 2391 1558 incarnatione.
2425 1505 2488 1558 Et
2515 1505 2703 1557 tamen
2730 1502 3077 1574 exploratum
3105 1508 3181 1559 est
3209 1505 3362 1559 hosce
3392 1505 3577 1572 libros,
3601 1521 3743 1576 qua-

323 1596 453 1654 libet
480 1593 706 1651 tandem
733 1593 988 1664 ferantur
1017 1592 1397 1660 inscriptio-ne,
1444 1591 1654 1647 eosdem
1682 1593 1828 1661 ipsos
1857 1605 1968 1646 esse
1996 1591 2092 1662 qui
2136 1598 2513 1646 memorantur
2542 1590 2610 1646 ab
2640 1591 2992 1655 Hieronymo.
3027 1594 3180 1646 Nam
3207 1608 3277 1646 ex
3303 1592 3458 1648 modo
3489 1592 3746 1649 ordiendi

320 1688 592 1761 posterior
619 1683 760 1738 liber
781 1682 969 1737 nativa
995 1683 1137 1737 serie
1162 1681 1394 1737 cohaeret
1417 1697 1542 1737 cum
1566 1682 1753 1750 priore
1773 1698 1791 1734 :
1814 1684 1866 1736 et
1893 1696 2098 1750 magna
2120 1696 2252 1751 pars
2285 1681 2474 1746 initio,
2505 1683 2698 1735 contra
2727 1687 2910 1750 gentes
2934 1696 2999 1736 ac
3044 1680 3348 1751 faedissima
3395 1697 3491 1737 con
3499 1682 3747 1751 [ictorum

326 1776 622 1831 numinum
649 1771 973 1841 simulacra,
1003 1771 1312 1841 conscripta
1339 1771 1491 1841 fuit:
1524 1771 1741 1841 reliqua
1769 1785 1892 1826 vero
1921 1768 1986 1824 de
2037 1771 2460 1837 incarnatione;
2492 1772 2577 1825 ita
2607 1774 2668 1825 ut
2688 1770 2820 1842 jure
2851 1785 2915 1824 ac
2943 1771 3140 1826 merito
3189 1771 3350 1825 illum
3381 1775 3615 1843 utroque
3641 1789 3743 1827 no-

327 1865 478 1920 mine
505 1861 804 1918 inscribere
831 1859 1070 1932 facultas
1097 1861 1293 1936 fuerz't.
1327 1859 1476 1915 Editi
1504 1867 1683 1916 tamen
1714 1876 1778 1914 ac
1805 1859 2011 1915 codices
2039 1875 2223 1914 omnes
2245 1867 2587 1930 postremum
2616 1859 2696 1914 De
2728 1857 3131 1916 incarnatione
3163 1860 3493 1916 inscribunt.

402 1952 469 2008 II.
505 1951 618 2020 Quo
646 1952 831 2005 autem
858 1965 1004 2003 anno
1055 1933 1253 2006 istheec
1282 1939 1612 2004 Athanasius
1651 1950 1898 2003 emiserit
1926 1949 1988 2002 in
2017 1948 2212 2018 lucem,
2243 1963 2515 2019 nusquam
2559 1949 2756 2017 fertur.
2798 1947 2954 2002 Haud
3009 1948 3153 2004 leves
3210 1957 3394 2004 tamen
3420 1951 3749 2022 conjecturae

331 2050 478 2113 sunt,
535 2039 734 2114 quibus
787 2040 1040 2110 proxime
1068 2037 1137 2093 ad
1186 2040 1305 2094 veri
1334 2039 1590 2109 temporis
1643 2036 1777 2107 ﬁnes
1807 2035 2159 2093 deducamur.
2217 2037 2353 2092 Nam
2411 2036 2550 2108 quod
2579 2039 2863 2093 observatu
2900 2038 3316 2108 dignissimum,
3348 2039 3408 2094 in
3432 2043 3748 2112 posteriore,

333 2133 458 2188 licet
484 2130 554 2186 ad
583 2129 800 2186 Christi
827 2127 1084 2182 deitatem
1112 2127 1649 2184 commonstrandam
1675 2125 1862 2182 multa
1889 2127 2216 2198 offerantur,
2239 2126 2386 2182 nihil
2405 2131 2708 2198 comparet,
2743 2127 2886 2197 quod
2909 2127 2993 2182 vel
3023 2127 3290 2182 Arianam
3338 2128 3598 2186 haeresim
3618 2131 3751 2201 jam

331 2221 609 2277 subortam
637 2210 863 2287 indicet,
899 2217 982 2272 vel
1035 2233 1262 2289 pugnas
1309 2220 1452 2272 oleat
1479 2233 1604 2272 cum
1657 2216 1883 2272 Ariani:
1916 2216 2086 2270 initas
2109 2233 2128 2271 :
2158 2232 2222 2270 ac
2253 2215 2382 2270 licet
2415 2215 2660 2288 idipsum
2690 2215 2782 2271 hic
2809 2219 2999 2272 contra
3043 2216 3260 2274 Iudaeos
3287 2220 3750 2291 comprobandum

330 2311 536 2375 veniat,
567 2306 708 2381 quod
757 2315 946 2378 postea
973 2307 1163 2361 contra
1221 2306 1458 2362 Arianos
1505 2309 1778 2382 assertum
1824 2305 1953 2375 fuit,
2017 2303 2270 2360 videlicet
2297 2305 2475 2359 deitas
2533 2305 2756 2372 Christi,
2788 2306 2944 2360 varia
2989 2321 3214 2377 prorsus
3244 2312 3568 2377 argumenta
3595 2319 3749 2380 sunt,

331 2399 718 2469 diversumque
740 2394 1030 2468 pugnandi
1055 2397 1244 2466 genus.
1281 2397 1508 2451 Etenim
1534 2396 1586 2450 si
1603 2395 1724 2466 jam
1756 2410 1882 2449 cum
1907 2393 2132 2450 Arianis
2159 2393 2476 2449 dimicatum
2505 2395 2721 2465 fuisset,
2749 2394 2972 2450 etiamsi
2998 2393 3064 2450 de
3095 2395 3373 2451 industria
3400 2397 3523 2452 Arii
3549 2415 3745 2456 nomen

333 2499 513 2547 tacere
539 2486 799 2542 voluisset
828 2485 1181 2556 Athanasius,
1215 2483 1356 2556 quod
1384 2483 1539 2540 haud
1581 2484 1882 2539 verisimile
1927 2486 2025 2550 est,
2083 2484 2276 2556 aliqua
2305 2491 2486 2539 tamen
2523 2485 2647 2555 jam
2675 2485 2837 2540 inita
2861 2498 3066 2556 pugnae
3104 2485 3264 2556 signa
3292 2496 3651 2560 superessent,
3682 2505 3739 2546 ut

334 2587 453 2653 fere
497 2577 563 2648 ﬁt
601 2576 662 2631 in
690 2572 1007 2646 hujusmodi
1035 2574 1215 2630 rebus.
1252 2572 1399 2631 Unde
1428 2573 1780 2630 arbitramur
1807 2567 1934 2628 ante
1953 2566 2178 2629 exortas
2209 2571 2507 2628 Arianicas
2533 2574 2722 2628 turbas
2752 2573 2870 2630 haec
2892 2575 3198 2644 conscripta
3222 2573 3419 2648 fuisse,
3469 2593 3614 2634 anno
3641 2579 3759 2633 eir-

336 2669 473 2724 citer
498 2665 623 2722 318..
655 2665 750 2721 Sic
778 2664 955 2734 igitur
973 2663 1187 2720 Christi
1213 2663 1484 2718 militiam
1515 2664 1799 2730 ingressus
1827 2662 2177 2726 Athanasius,
2211 2679 2334 2717 cum
2361 2678 2460 2732 per
2486 2665 2706 2718 aetatem
2733 2661 2962 2717 vixdum
2989 2663 3260 2734 ejusmodi
3286 2665 3515 2721 militix
3540 2668 3760 2738 patiens

339 2743 493 2826 esset,
520 2742 709 2812 statim
731 2740 1104 2828 ferocissimos
1138 2753 1479 2810 Christianx
1507 2750 1644 2824 ﬁdei
1670 2753 1845 2808 hostes
1867 2748 2148 2823 pro/ligat,
2181 2752 2414 2821 gentiles
2453 2753 2729 2807 nimirum
2787 2758 2838 2807 et
2866 2752 3104 2809 Iudaeos.
3165 2755 3350 2824 Neque
3380 2764 3569 2810 tamen
3619 2756 3760 2813 alios

339 2839 486 2903 vim
514 2835 649 2916 ﬁdei
676 2830 1039 2901 adversarios.
1073 2830 1407 2899 Manicheeos
1434 2841 1725 2912 nimirum,
1758 2857 1993 2912 quorum
2023 2848 2138 2896 tum
2175 2841 2433 2912 temporis
2463 2842 2688 2897 haeresis
2715 2843 3095 2912 grassabatur,
3145 2843 3515 2917 Marcionitas,
3554 2847 3761 2902 Valen-

340 2923 583 2990 tinianos
611 2919 945 3001 exterasque
973 2930 1202 2984 intactos
1219 2919 1617 3001 praetermittit,
1650 2931 1761 2986 imo
1788 2929 2146 2996 validissime,
2179 2929 2356 2984 sicubi
2391 2945 2477 2985 res
2506 2932 2637 3000 fert,
2668 2929 2994 3000 aggreditur
3015 2950 3033 2984 :
3063 2932 3239 2988 multo
3289 2949 3424 2990 sane
3465 2937 3652 2990 minus
3693 2935 3763 2992 ab

342 3011 568 3078 Arianis
592 3013 963 3085 abStinuisset,
995 3019 1046 3073 si
1073 3019 1187 3087 jam
1215 3007 1403 3090 infesti
1427 3007 1616 3075 veram
1647 3006 1953 3075 doctrinam
1980 3017 2161 3074 adorti
2185 3021 2461 3088 fuissent:
2490 3019 2896 3076 vehementiore
2915 3036 3152 3091 namque
3171 3022 3397 3092 impetu,
3432 3040 3596 3094 quam
3629 3026 3764 3083 aliae

339 3099 526 3170 Omnes
553 3107 902 3181 superiorum
929 3111 1150 3163 xtatum
1182 3107 1435 3178 hxreses,
1468 3107 1821 3164 divinitatem
1851 3108 2056 3162 Christi
2082 3109 2416 3179 oppugnavit
2453 3109 2690 3164 Ariona.
2727 3109 2855 3177 Quae
2903 3111 2957 3164 si
2975 3110 3099 3180 jam
3144 3111 3306 3181 signa
3347 3111 3638 3168 adversum
3668 3131 3761 3172 ca-

340 3190 760 3272 nere'ctepisset,
790 3205 1024 3270 putasne
1054 3196 1324 3252 athletam
1353 3206 1602 3253 nostrum
1653 3214 1903 3269 pugnam
1957 3196 2383 3252 detrectaturum
2409 3198 2628 3267 fuisse?
2673 3199 2766 3253 Est
2806 3198 2961 3253 aliud
3017 3199 3162 3254 unde
3214 3200 3454 3268 fortasse
3509 3203 3760 3273 quaedam

339 3277 601 3362 temperis
630 3279 777 3343 ratio
804 3286 934 3342 duci
960 3286 1141 3341 valeat
1161 3305 1178 3340 :
1208 3290 1494 3357 postquam
1531 3287 1684 3342 enim
1717 3286 2052 3342 Athanasius
2086 3287 2380 3356 gentilium
2407 3284 2735 3346 ἀποθεώσεις
2769 3289 3091 3358 exagitavit,
3139 3287 3225 3342 his
3255 3288 3432 3345 verbis
3461 3292 3544 3345 ita
3565 3309 3758 3363 prose-

339 3368 577 3452 (γαίων,
607 3371 707 3429 Καὶ
743 3374 818 3447 μή
850 3392 936 3427 τοι
966 3373 1264 3447 θαυμάσῃς,
1303 3370 1444 3446 μηδὲ
1506 3374 1712 3446 μακρὰν
1772 3372 2007 3436 πίστεως
2067 3373 2292 3428 εἶναιτὸ
2351 3371 2648 3448 λεγόμενον
2704 3372 2957 3448 νομίσῃς,
3009 3373 3144 3428 ὅπου
3201 3376 3382 3449 γεκαὶ
3440 3376 3500 3431 οὗ
3558 3376 3759 3452 πολλῷ

340 3464 621 3542 πρότερον,
654 3463 689 3533 ἧ
720 3463 865 3537 τάχα
893 3461 982 3516 καὶ
1017 3462 1184 3538 μέχρι
1215 3466 1306 3515 νῦν
1335 3464 1370 3530 ἡ
1429 3460 1716 3535 Ῥωμαίων
1772 3459 2084 3533 σύγκλητος
2141 3460 2270 3523 τοὺς
2300 3461 2523 3534 πῴποτε
2575 3461 2752 3518 αὐτῶν
2812 3461 2862 3533 ἐξ
2903 3463 3084 3538 ἀρχῆς
3119 3461 3374 3539 ἄρξαντας
3411 3465 3688 3539 βασιλέας,
3721 3465 3759 3538 ἤ

339 3557 544 3616 πάντας
573 3550 609 3622 ἤ
643 3550 736 3614 οὕς
769 3547 988 3605 ἅναῦτοὶ
1023 3549 1329 3625 βούλωνται
1375 3551 1465 3606 καὶ
1516 3549 1765 3626 κρίνωσι,
1819 3547 2239 3626 δογματίζουσιν
2271 3549 2321 3605 ἐν
2371 3553 2512 3614 Θεοῖς
2547 3551 2702 3622 εἶναι,
2741 3550 2831 3606 καὶ
2870 3552 3255 3626 θρησκευὲσθαι
3284 3553 3437 3617 Bson;
3469 3557 3759 3634 γράφουσι,

338 3645 398 3703 Id
428 3650 511 3701 est
536 3661 549 3700 :
579 3666 608 3694 «
647 3642 809 3712 Quod
861 3641 1079 3714 quidem
1136 3658 1206 3698 ne
1252 3643 1500 3710 mireris,
1551 3657 1726 3714 neque
1751 3642 1947 3713 procul
1977 3658 2012 3697 (ι
2065 3640 2170 3711 ﬁde
2198 3657 2314 3696 esse
2343 3643 2629 3698 existimes
2653 3642 2842 3712 velim,
2876 3641 3091 3712 quando
3119 3659 3230 3698 non
3259 3646 3340 3699 ita
3383 3646 3619 3717 pridem,
3651 3648 3760 3704 sed

339 3734 595 3808 fortassis
626 3725 800 3788 etiam
827 3731 926 3787 hoc
954 3735 1192 3803 tempore
1220 3739 1439 3786 senatus
1468 3732 1768 3797 Romanus,
1799 3720 1934 3802 quos
1961 3733 2029 3786 ab
2058 3731 2222 3813 initio
2261 3729 2454 3786 habuit
2483 3733 2860 3802 imperatores,
2899 3731 2989 3786 vel
3019 3746 3226 3801 omnes,
3275 3734 3360 3789 vel
3406 3734 3606 3792 saltem
3629 3754 3768 3809 quos

343 3826 452 3897 ipsi
473 3822 676 3896 ‘placet,
701 3823 752 3877 et
779 3817 1047 3892 ejusmodi
1079 3819 1284 3875 honore
1326 3819 1517 3890 dignos
1564 3823 1762 3886 censet,
1814 3821 1961 3874 inter
1988 3819 2114 3875 deos
2159 3833 2276 3874 esse
2330 3819 2592 3889 decernit,
2626 3837 2690 3874 ac
2736 3825 3006 3891 tanquam
3059 3821 3183 3876 deos
3212 3822 3320 3878 coli
3337 3824 3515 3895 jubet.
3550 3844 3576 3877 ο
3623 3826 3770 3883 Unde

344 3905 498 3987 forte‘
515 3913 640 3986 quis
669 3901 896 3982 inferat,
929 3913 1050 3964 tum
1077 3911 1309 3981 scriptos
1337 3910 1508 3981 fuisse
1539 3909 1710 3965 libros
1741 3909 1913 3974 hosce,
1945 3923 2072 3963 cum
2095 3905 2483 3963 Constantinus
2511 3909 2735 3979 quidem
2763 3910 3082 3965 accessisset
3105 3909 3173 3964 ad
3203 3910 3364 3980 ﬁdem
3388 3933 3406 3968 :
3455 3931 3588 3969 nam
3617 3933 3769 3981 anno

345 3995 451 4058 313
471 4003 519 4057 is
551 3997 931 4056 Christianum
960 3997 1171 4054 cultum
1197 3999 1485 4069 amplexus
1514 4005 1630 4054 est:
1670 4013 1845 4070 neque
1873 4006 2058 4054 tamen
2113 3998 2366 4068 protinus
2425 3997 2793 4053 Romanorum
2847 4007 3070 4054 senatus
3127 3999 3484 4058 inveteratam
3528 4005 3690 4060 illam
3717 4013 3768 4062 et

346 4092 587 4164 impiam
614 4088 972 4160 imperatores
997 4086 1354 4143 consecrandi
1381 4087 1828 4144 consuetudinem
1874 4088 2140 4158 posuisset
2167 4106 2184 4142 :
2244 4089 2376 4158 quia
2405 4103 2518 4142 non
2545 4089 2734 4143 statim
2765 4089 2838 4144 ab
2888 4089 3050 4144 initio
3092 4091 3451 4148 exsecrandos
3497 4095 3638 4150 ritus
3667 4111 3770 4168 po-

348 4182 455 4238 tuit
488 4177 884 4236 Constantinus
915 4177 1232 4248 antiquare.
1269 4177 1426 4233 Hunc
1451 4191 1618 4249 porro
1649 4177 1827 4232 locum
1854 4176 2073 4232 erudito
2103 4177 2294 4232 lectori
2323 4176 2625 4232 sistendum
2654 4175 2938 4247 duximus,
2971 4193 3082 4234 non
3112 4195 3217 4250 quo
3243 4185 3501 4250 putemus
3519 4185 3769 4240 validum

348 4267 623 4341 quoddam
651 4265 781 4322 hinc
809 4267 931 4321 erui
960 4273 1372 4334 argumentum,
1404 4265 1496 4322 sed
1525 4269 1586 4322 ut
1615 4267 1772 4321 illius
1793 4265 2006 4338 judicio
2037 4281 2155 4320 rem
2176 4267 2581 4338 permittamus.

368 4369 378 4376 ‘
419 4355 523 4414 III.
559 4356 703 4428 Styli
728 4371 891 4428 porro
911 4361 1084 4427 genus
1113 4353 1254 4427 quod
1282 4359 1507 4428 spectat,
1539 4357 1753 4429 fateare
1782 4371 1997 4412 necesse
2025 4366 2123 4424 est,
2157 4357 2255 4411 vix
2282 4354 2571 4427 quidpiam
2600 4371 2665 4411 eo
2696 4357 2755 4410 in
2785 4371 2982 4426 genere
3017 4361 3169 4411 tanta
3215 4361 3584 4416 concinnitate
3611 4361 3770 4417 ador-

346 4452 544 4503 natum
574 4446 766 4518 fuisse,
796 4445 999 4500 mirere
1025 4460 1158 4500 sane
1185 4444 1545 4518 elegantiam,
1592 4444 1751 4512 sales,
1782 4447 1896 4499 vim
1925 4447 2261 4515 argumenti,
2311 4445 2680 4500 eruditionem
2731 4446 2970 4508 variam,
3026 4448 3271 4503 maxime
3299 4463 3422 4503 vero
3471 4449 3532 4502 in
3583 4452 3776 4521 prima

345 4533 622 4602 oratione,
655 4535 948 4606 quaeinter
979 4534 1287 4604 primarios
1317 4535 1460 4588 tanti
1491 4535 1600 4589 viri
1624 4535 1766 4604 fetus
1816 4535 1995 4590 locum
2025 4533 2206 4590 habet.
2261 4533 2413 4590 Vides
2458 4535 2845 4600 Athanasium,
2877 4531 3024 4588 nihil
3075 4549 3264 4590 eorum
3310 4550 3434 4608 quae
3478 4537 3773 4607 gentilium

349 4617 705 4696 theologiam,
733 4623 846 4679 sive
861 4616 1042 4695 pbtius
1077 4618 1470 4697 ματαιολογίαν
1525 4626 1792 4695 spectant,
1834 4625 2114 4693 ignorare,
2154 4625 2322 4694 inque
2365 4623 2523 4678 libris
2564 4623 2801 4692 Homeri,
2858 4622 3110 4678 Platonis
3156 4624 3503 4696 aliorumque
3542 4629 3774 4699 scripto-

350 4713 942 4770 rum‘versatissimum
971 4728 1104 4784 esse,
1132 4719 1194 4769 ut
1218 4711 1437 4769 decebat
1467 4729 1594 4768 eum
1623 4714 1722 4784 qui
1751 4711 2071 4784 hujusmodi
2098 4728 2320 4784 operam
2347 4713 2602 4784 suscepit.
2645 4713 2707 4767 In
2737 4713 2985 4767 oratione
3016 4727 3183 4783 porro
3231 4712 3311 4768 De
3345 4711 3770 4787 incarnatione,

349 4798 554 4860 validis
583 4803 1348 4872 argumentis'cOmmonstrat
1387 4805 1673 4858 veritatem
1712 4803 2005 4872 religionis
2037 4800 2372 4858 Christiana:
2401 4804 2453 4856 et
2482 4800 2888 4856 incarnationis
2916 4801 3045 4856 Jesu
3074 4799 3294 4856 Christi.
3327 4801 3611 4858 Laudatur
3642 4820 3767 4861 ora-

353 4893 428 4949 tio
454 4893 670 4948 Contra
697 4895 902 4964 gentes
931 4892 992 4945 in
1019 4891 1229 4962 synodo
1257 4890 1482 4948 Nicaena
1513 4907 1575 4960 II,
1611 4891 1724 4948 loco
1755 4892 1993 4963 inferius
2022 4891 2213 4948 allato.
2244 4891 2319 4947 De
2348 4892 2598 4947 oratione
2617 4905 2740 4946 vero
2761 4905 2881 4961 quae
2903 4893 2977 4944 De
2997 4888 3396 4946 incarnatione
3419 4893 3768 4967 inscribitur,

355 4983 472 5040 haec
501 4981 663 5038 habet
712 4979 1156 5036 Felckmannus:
1210 5003 1231 5030 ι
1273 4981 1488 5036 Titulus
1531 4981 1696 5048 huius
1727 4981 1990 5037 orationis
2019 4981 2082 5036 in
2129 4981 2382 5036 omnibus
2423 4981 2625 5036 nostris
2671 4979 3080 5051 exemplaribus
3125 4987 3204 5035 est
3249 4979 3380 5054 Περὶ
3429 4979 3772 5056 ἐνανθρωπή-

356 5089 514 5144 σεως,
547 5077 602 5126 et
624 5070 703 5126 sic
725 5070 931 5125 citatur
956 5070 1127 5125 etiam
1159 5086 1191 5125 a
1230 5067 1559 5126 Theodoreto
1608 5069 1828 5143 Dialog.
1865 5070 1919 5138 3,
1949 5071 2030 5139 τῷ
2061 5066 2276 5140 ἀπαθεῖ,
2329 5069 2427 5123 ubi
2455 5069 2666 5140 aliquot
2712 5069 2830 5140 ejus
2854 5069 2972 5124 Iaca
3019 5067 3259 5137 adducit,
3291 5085 3417 5140 qua
3443 5071 3566 5128 vide
3597 5073 3775 5144 infra.

355 5143 636 5216 Adrianus
663 5157 689 5213 ι
713 5174 858 5230 papa
886 5159 949 5213 in
985 5158 1145 5230 epist.
1180 5157 1257 5214 ad
1289 5158 1713 5214 Constantinum
1743 5163 1794 5214 et
1825 5163 2022 5215 Irenen
2060 5161 2255 5231 impp.,
2289 5174 2411 5230 qua:
2441 5161 2615 5214 exstat
2659 5160 2721 5213 in
2750 5159 2883 5214 actis
2912 5175 3038 5229 syn.
3064 5175 3146 5213 vn
3184 5175 3376 5214 tecum.
3423 5162 3536 5216 sive
3566 5161 3773 5218 Nissen.

356 5267 420 5322 ιι,
451 5253 559 5305 act.
594 5265 660 5316 ιι,
691 5247 836 5303 hanc
861 5248 1059 5316 citans,
1090 5249 1168 5303 sic
1195 5249 1362 5304 etiam
1392 5245 1780 5317 describit,'De
1805 5265 1871 5305 eo
1903 5249 2058 5320 quod
2091 5248 2379 5304 Dominus
2411 5265 2646 5304 carnem
2677 5247 2999 5303 humanam
3024 5247 3368 5321 assumpsit.
3399 5250 3600 5304 Locum
3619 5267 3781 5323 quem

355 5339 628 5410 excerpsit
656 5335 782 5392 vide
812 5337 986 5409 infra.
1021 5335 1247 5392 Photius
1275 5338 1332 5391 in
1365 5336 1725 5394 Bibliotheca
1753 5337 1889 5407 (loco
1919 5339 1998 5408 in]

2196 5336 2408 5408 erendo)
2456 5337 2696 5410 appellat
2744 5332 2907 5409 λόγον
2962 5335 3112 5392 hunc
3158 5335 3289 5412 Περὶ
3342 5335 3779 5410 ἐνσωματώσεως
3834 5382 3839 5390 .

353 5428 451 5480 τοῦ
483 5428 619 5482 Θεοῦ
645 5423 848 5499 Λόγου.
879 5425 957 5481 De
985 5425 1072 5481 his
1101 5426 1274 5495 enim,
1302 5441 1414 5481 non
1441 5441 1565 5482 vero
1594 5425 1660 5482 de
1687 5425 1792 5482 illo
1822 5428 1995 5498 infra,
2027 5426 2268 5498 ejusdem
2300 5429 2615 5498 argumenti
2637 5433 2826 5483 contra
2864 5426 3289 5498 Apollinarium,
3321 5443 3446 5484 eum
3477 5429 3626 5500 loqui
3653 5431 3776 5485 exi-

354 5516 538 5572 stimo.
565 5515 685 5571 Mss.
717 5514 943 5582 codices,
974 5529 1209 5586 quorum
1235 5515 1474 5586 quinque
1502 5515 1816 5587 habuimus,
1850 5516 2213 5572 Basiliensem
2251 5518 2547 5588 nimirum,
2590 5516 2978 5587 Anglicanum,
3029 5515 3414 5572 Goblerianum
3446 5519 3474 5574 Ι
3498 5523 3548 5574 et
3578 5519 3650 5587 ll,
3682 5519 3778 5575 hos

353 5619 659 5675 anonymos
687 5610 738 5659 et
767 5603 966 5659 incerti
992 5601 1248 5670 dominii,
1282 5619 1354 5658 an
1390 5599 1580 5676 λόγος,
1610 5620 1806 5672 sermo,
1841 5607 1939 5661 aut
1967 5604 2162 5675 oratio,
2193 5607 2308 5661 sive
2339 5605 2496 5673 liber,
2529 5605 2610 5660 vel
2640 5605 2888 5676 epistola,
2917 5604 2999 5660 vel
3028 5603 3183 5660 aliud
3212 5604 3344 5675 quid
3373 5605 3464 5662 hic
3508 5615 3777 5664 tractatus

353 5678 447 5760 sit,
476 5680 591 5771 non
617 5693 988 5749 consentiunt.
1021 5692 1146 5765 Bas.
1175 5693 1327 5747 enim
1354 5699 1508 5747 vocat
1538 5687 1730 5767 λόγον,
1760 5695 1965 5766 reliqui
1990 5707 2175 5750 omnes
2221 5699 2404 5750 tacent
2433 5709 2498 5748 ac
2542 5694 2601 5748 in
2635 5695 2841 5750 incerto
2891 5692 3232 5765 relinquunt.
3279 5695 3558 5752 Praeterea
3607 5693 3774 5763 illud,

355 5782 611 5854 8i’o'6,‘t'n
634 5775 997 5852 inscriptione
1025 5795 1137 5838 non
1162 5783 1243 5838 est
1269 5782 1384 5837 nisi
1412 5783 1472 5838 in
1500 5781 1611 5837 solo
1641 5785 1716 5848 II,
1752 5798 1854 5856 quo
1883 5798 2057 5861 operte
2080 5782 2142 5840 in
2166 5779 2496 5858 colligendis
2533 5781 2739 5846 litteris
2771 5795 2886 5846 usa:
2915 5786 3062 5840 sunt.
3099 5803 3126 5830 »
3172 5783 3291 5838 Haec
3347 5784 3764 5847 Felckmannus.

648 5911 910 5974 ΡΑτιοι.
959 5910 1070 5972 Gn.
1117 5907 1306 5981 XXV,

3465 5917 3495 5992 1
