4160 6436
389 429 425 486 3
931 428 996 488 S.
1042 427 1472 489 ATHANASlI
1517 430 1690 490 OPP.
1743 431 1939 493 PARS
1987 432 2033 492 Ι.
2070 465 2147 479 -
2176 433 2589 498 HISTORIGA
2636 437 2737 499 ET
2781 435 3263 501 DOGMATICA.

1370 769 1540 836 ΤΟΥ
1591 770 1711 836 ΕΝ
1765 770 2066 837 ΑΓΙΟΙΣ
2125 769 2484 837 ΠΑΤΡΟΣ
2542 770 2798 837 ΗΜΩΝ

1606 971 2581 1106 ΑΘΑΝΑΣΙΟΥ

769 1233 2114 1345 ΑΡΧΙΕΠΙΣΚΟΠΟΥ
2199 1224 3422 1349 ΑΛΕΞΑΝΔΡΕΙΑΣ

1273 1486 1722 1598 ΛΟΓΟΣ
1796 1489 2170 1596 ΚΑΤΑ
2238 1485 2909 1599 ΕΛΛΗΝΩΝ

1156 1882 1304 2046 S.
1375 1891 1537 2042 P.
1609 1888 1792 2044 N.
1931 1883 3018 2106 ATHANASII

1553 2142 2094 2202 ARCHIEPISCOPI
2139 2143 2620 2201 ALEXANDRI/E

965 2316 1596 2442 ORATIO
1692 2315 2370 2442 CONTRA
2461 2296 3213 2441 GENTES‘.

445 2695 547 2752 Dei
578 2695 814 2768 quidem
867 2693 1061 2750 cultus
1091 2709 1407 2764 rerumque
1461 2691 1728 2748 omnium
1758 2691 2020 2749 veritatis

2215 2691 2267 2748 1.
2300 2689 2360 2744 Ἥ
2391 2688 2484 2763 μὶν
2512 2689 2636 2765 περὶ
2656 2695 2758 2759 τῆς
2789 2683 3090 2753 θεοσεϐείας
3112 2689 3202 2746 καὶ
3230 2697 3332 2762 τῆς
3361 2695 3470 2748 τῶν
3494 2689 3637 2748 ὅλων
3663 2691 3804 2765 ἀλη-

377 2785 629 2859 cognitio
655 2802 772 2841 non
800 2789 921 2840 tam
951 2783 1260 2839 hominum
1287 2782 1555 2838 doctrina
1582 2782 1822 2853 indiget,
1843 2797 2024 2853 quam

375 2893 443 2931 ex
472 2874 666 2947 seipsa
693 2873 893 2930 haberi
926 2878 1138 2946 potest,
1172 2873 1388 2944 quippe
1419 2888 1545 2944 quae
1594 2871 1856 2942 quotidie
1886 2887 2023 2942 ope-

373 2965 537 3020 ribus
568 2979 746 3036 prope
776 2962 1008 3029 clamet,
1035 2966 1093 3017 et
1122 2977 1249 3016 sese
1294 2976 1396 3033 per
1437 2959 1651 3014 Christi
1696 2961 2023 3016 doctrinam

371 3054 492 3110 sole
517 3052 737 3109 clarius
767 3055 1205 3108 commonstret.
1233 3049 1380 3114 Quia
1403 3054 1599 3106 tamen
1633 3065 1701 3105 ea
1729 3050 1801 3105 de
1827 3066 1886 3106 re
1920 3051 2022 3106 do-

369 3144 484 3200 ceri
517 3143 839 3210 desideras,
899 3158 930 3197 o
987 3141 1076 3195 vir
1126 3141 1313 3210 beate,
1376 3155 1502 3211 age,
1563 3155 1750 3210 pauca
1806 3140 1876 3195 de
1908 3140 2022 3195 flde

366 3232 582 3289 Christi
607 3249 708 3304 pro
731 3231 953 3288 viribus
977 3229 1192 3285 nostris
1210 3245 1592 3300 exponamus.
1617 3228 1763 3283 Nam
1786 3228 2021 3284 tametsi

365 3321 525 3378 illam
549 3339 619 3378 ex
648 3320 860 3377 divinis
890 3319 1121 3375 Litteris
1148 3317 1253 3374 tibi
1293 3318 1418 3390 ipse
1461 3333 1802 3389 comparare
1835 3322 2020 3389 potes,

365 3430 433 3468 ex
463 3411 595 3468 aliis
624 3415 819 3467 tamen
851 3409 1027 3466 etiam
1059 3407 1281 3464 discere
1312 3412 1570 3479 exoptas.
1605 3407 1672 3462 Et
1718 3422 1851 3462 vero
1884 3424 2018 3462 san-
2057 3423 2060 3427 '

370 3507 473 3556 ctze
505 3518 571 3558 ac
600 3500 803 3556 divina:
835 3499 1146 3571 Scriptura:
1197 3498 1336 3570 ipsa)
1367 3514 1470 3569 per
1497 3511 1558 3552 se
1608 3496 1752 3551 satis
1783 3500 1923 3551 sunt
1947 3497 2020 3552 ad

364 3590 672 3646 veritatem
701 3588 1099 3644 indicandam.
1129 3588 1371 3642 Exstant
1401 3601 1637 3657 quoque
1687 3584 1926 3657 plurimi
1953 3602 2022 3641 ea

371 3680 443 3734 de
473 3695 534 3734 re
565 3695 600 3734 a
630 3678 813 3733 beatis
871 3677 1090 3732 nostris
1135 3675 1439 3747 magistris
1489 3673 1807 3745 conscripti
1862 3673 2016 3744 libri,

371 3785 518 3840 quos
545 3767 594 3823 si
616 3768 749 3838 quis
769 3766 996 3838 legerit,
1019 3765 1451 3836 Scripturarum
1476 3763 2018 3835 interpretationem

368 3859 624 3930 quodam
657 3857 829 3911 modo
870 3855 1175 3927 intelliget,
1224 3859 1281 3910 et
1307 3870 1434 3909 eam
1469 3870 1646 3925 quam
1679 3852 1894 3924 expetit
1923 3870 2017 3909 co-

363 3947 687 4020 gnitionem
720 3945 998 4016 consequi
1023 3943 1250 4015 poterit.
1283 3946 1701 3998 Verumtamen
1724 3959 1858 3997 cum
1893 3960 2016 3999 ma-

363 4037 680 4110 gistrorum
707 4034 889 4090 libros
919 4034 980 4089 in
1012 4033 1286 4088 manibus
1334 4048 1489 4086 nunc
1519 4047 1632 4087 non
1665 4031 2010 4103 habeamus,
2044 4069 2091 4134 Β
2124 4029 2191 4096 ἧς
2251 4025 2309 4082 δὲ

364 4142 602 4181 necesse
637 4129 728 4181 est
757 4141 824 4180 ea
855 4139 982 4195 quae
1013 4123 1084 4178 ab
1115 4121 1231 4177 illis
1279 4121 1597 4177 didicimus
1643 4121 1749 4178 tibi
1795 4124 2009 4193 patefa-

363 4231 491 4271 cere
521 4219 578 4270 et
606 4214 860 4270 scribere
901 4212 1130 4285 (loquor
1159 4216 1353 4268 autem
1386 4210 1456 4266 de
1489 4216 1690 4267 nostra
1717 4212 1776 4267 in
1809 4212 2011 4268 Chris-

360 4309 487 4360 tum
546 4303 903 4360 Salvatorem
963 4303 1114 4369 ﬁde),
1173 4305 1340 4356 utne
1401 4299 1533 4372 quis
1563 4299 1652 4355 vel
1683 4300 2009 4356 doctrinam

360 4392 895 4465 quainformamur
941 4390 1098 4464 parvi
1149 4390 1383 4463 pendat,
1444 4388 1527 4444 vel
1579 4389 1752 4444 fidem
1803 4389 2010 4460 quain

357 4483 654 4539 Christum
677 4483 993 4545 credimus,
1018 4478 1182 4536 nulla
1202 4479 1426 4535 ratione
1446 4477 1708 4532 innixam
1736 4493 1864 4533 esse
1884 4495 2011 4534 sus-

357 4573 616 4645 picetur;
659 4577 725 4627 ut
771 4571 1063 4626 immerito
1113 4573 1267 4626 certe
1315 4567 1578 4624 sentiunt
1605 4566 1872 4639 gentiles,
1907 4567 2007 4640 qui

355 4661 533 4718 variis
562 4660 876 4717 calumniis
897 4677 1006 4716 nos
1038 4658 1311 4715 vellicant
1331 4661 1388 4712 et
1417 4657 1673 4729 profusis
1701 4655 2005 4713 cachinnis

353 4751 618 4824 irrident,
643 4751 790 4806 nihil
822 4751 982 4806 aliud
1007 4750 1176 4806 nobis
1197 4764 1376 4820 quam
1397 4746 1612 4803 Christi
1644 4763 1875 4802 crucem
1903 4747 2002 4803 ob-

345 4840 637 4913 jicientes.
672 4840 797 4904 Qua
841 4839 1081 4911 quidem
1130 4838 1189 4892 in
1222 4853 1282 4892 re
1329 4835 1564 4893 illorum
1599 4835 2001 4907 stupidilatem

353 4931 606 4986 maxime
629 4929 893 4986 miserari
928 4928 1215 4993 convenit,
1240 4927 1395 4999 quod
1428 4924 1652 4982 scilicet
1680 4925 1822 4981 dum
1845 4925 2001 4981 cruci

349 5020 662 5087 insultant,
689 5019 955 5091 ejusdem
998 5020 1211 5072 virtute
1243 5021 1430 5071 totum
1479 5015 1677 5070 orbem
1709 5019 1999 5071 terrarum

349 5109 578 5182 repleri,
613 5113 669 5163 et
700 5126 799 5180 per
825 5123 953 5163 eam
983 5107 1190 5161 divinae
1224 5103 1574 5178 cognitionis
1607 5121 1782 5176 Opera
1808 5105 1998 5160 omni-

346 5201 458 5256 bus
486 5199 772 5272 patefacta
802 5197 985 5254 fuisse
1020 5213 1136 5252 non
1181 5196 1434 5252 videant.
1485 5194 1684 5266 Neque
1737 5193 1914 5261 enim,
1947 5193 1996 5250 si

419 5362 495 5433 (1)
525 5358 1038 5433 Ms._Colbertinus
1071 5357 1237 5433 hunc
1288 5358 1462 5433 habet
1511 5355 1996 5433 titulum:_’A01-

345 5425 987 5506 ναάίόυῃἈλεξανδρείας
1021 5429 1192 5506 ’κατα-
1225 5425 1529 5506 Ἑλλήνων.
1581 5427 1991 5506 Βεειιθνὶᾷῃυε,

343 5503 477 5558 κατᾶ
509 5499 775 5560 εἰδώλων.
811 5499 933 5558 Vox
966 5500 1133 5575 Λόγος
1163 5502 1326 5556 deest
1347 5501 1402 5555 in
1429 5505 1692 5575 utroque.
1720 5499 1995 5555 Basilien-

343 5577 424 5632 sis
455 5579 511 5630 et
552 5575 926 5630 Felckmanni
975 5572 1280 5644 secundus
1299 5579 1355 5644 et
1381 5572 1610 5644 tertius,
1639 5588 1988 5644 anonymus,

343 5654 404 5703 ut
437 5646 563 5718 ipse
586 5654 771 5711 vocat,
805 5647 1022 5702 habent
1045 5645 1180 5698 κατᾶ
1212 5640 1479 5718 εἷδῷλιυν..
1514 5640 1902 5718 Goblerianus
1933 5648 1990 5699 et

340 5712 772 5792 Felckmannil
810 5734 1155 5792 anonymus,
1187 5715 1322 5792 κατά
1352 5712 1654 5785 Ἑλλήνων.

409 5792 486 5873 (2)
516 5790 668 5869 ῌαρά
697 5791 859 5849 deest
890 5790 944 5846 in
969 5789 1091 5846 'ms.
1117 5789 1276 5846 Colb.

2135 2777 2279 2840 θείας
2312 2783 2510 2853 γνῶσις
2545 2777 2606 2834 οὗ
2653 2782 2909 2835 τοσοῦτον
2959 2786 3062 2850 τῆς
3115 2782 3262 2858 παρὰ
3313 2783 3389 2855 (2)
3437 2787 3543 2838 τῶν
3586 2782 3797 2860 ἀνθρώ.

2133 2888 2250 2922 πων
2312 2864 2664 2931 διδασκαλίας
2716 2865 2914 2943 δεῖται,
2974 2867 3098 2925 ὅσον
3158 2871 3247 2949 ἀφ’
3302 2871 3498 2942 ἑαυτῆς
3558 2871 3674 2950 ἔχει
3731 2873 3798 2930 τὸ

2134 2957 2433 3034 γνώριμονο
2471 2957 2634 3031 μόνον
2682 2959 2786 3036 γὰρ
2837 2957 2964 3035 οὐχὶ
3010 2961 3128 3015 καθ’
3175 2961 3384 3035 ἡμέραν
3435 2966 3556 3026 τοῖς
3604 2958 3794 3038 ἔργοις

2132 3046 2382 3121 κέκραγε,
2424 3046 2515 3102 καὶ
2565 3043 2732 3116 ἡλίου
2773 3044 3154 3124 λαμπρότερον
3196 3051 3274 3124 (3)
3305 3049 3500 3120 ἑαυτὴν
3554 3048 3644 3106 διὰ
3686 3058 3793 3121 τῆς

2131 3140 2364 3211 Χριστοῦ
2425 3132 2776 3198 διδασκαλίας
2827 3134 3225 3194 ἐπιδείκνυταιο
3282 3140 3539 3195 ποθοῦντι
3596 3137 3654 3196 δέ
3705 3161 3791 3196 σοι

2131 3223 2285 3297 ὅμως
2317 3225 2385 3280 τὰ
2413 3225 2536 3302 περὶ
2565 3224 2770 3297 ταύτης
2821 3226 3066 3301 ἀκοῦσαι,
3119 3229 3266 3307 φέρε,
3315 3226 3359 3283 ὦ
3412 3231 3662 3304 μακάριε,
3714 3230 3792 3294 ὡς

2132 3313 2191 3368 ἃν
2226 3313 2334 3369 οἷοί
2363 3335 2422 3369 τε
2451 3313 2622 3388 ὦμεν,
2657 3313 2822 3390 ὀλίγα
2868 3323 2969 3386 τῆς
3001 3318 3138 3372 κατὰ
3177 3318 3404 3393 Χριστὸν
3436 3318 3671 3382 πίστεως
3704 3319 3792 3375 έκ-

2129 3403 2367 3477 θώμεθα,
2403 3401 2686 3478 δυναμένῳ
2723 3399 2815 3477 μέν
2851 3426 2936 3461 σοι
2965 3405 3055 3461 καὶ
3105 3407 3212 3462 ἀπὸ
3240 3411 3346 3462 τῶν
3379 3407 3536 3464 θείων
3571 3407 3788 3485 Λογίων

2126 3491 2329 3563 ταύτην
2363 3494 2558 3568 εὑρεῖν,
2610 3491 2938 3572 φιλοκάλως
2981 3492 3038 3550 δὲ
3088 3494 3242 3570 ὅμως
3295 3496 3388 3553 καὶ
3421 3504 3547 3572 παρ’
3594 3497 3794 3576 ἑτέρων

2130 3581 2400 3640 ἀκούοντι.
2435 3581 2732 3660 Αὐτάρκεις
2769 3584 2862 3657 μὲν
2912 3585 3016 3661 γάρ
3069 3585 3199 3641 εἰσιν
3251 3587 3307 3641 αἱ
3359 3588 3510 3663 ἅγιαι
3553 3587 3644 3644 καὶ
3674 3587 3796 3644 θεό-

2128 3691 2378 3726 πνευστοι
2438 3671 2644 3749 Γραφαὶ
2697 3673 2832 3742 πρὸς
2884 3675 2984 3742 τὴν
3041 3681 3140 3744 τῆς
3203 3673 3463 3746 ἀληθείας
3520 3676 3792 3754 ἀπαγγε-

2129 3757 2248 3815 λίαν
2283 3763 2381 3835 (4)’
2415 3760 2516 3815 εἶσὶ
2548 3758 2606 3816 δὲ
2634 3762 2723 3816 καὶ
2770 3759 2974 3817 πολλοὶ
3011 3767 3120 3818 τῶν
3175 3765 3455 3840 μακαρίων
3505 3768 3668 3840 ἡμῶν
3701 3763 3794 3822 δι-

2129 3846 2412 3905 δασκάλων
2445 3849 2522 3913 εἷς
2549 3854 2718 3906 ταῦτα
2760 3851 3146 3929 συνταχθέντες
3191 3850 3354 3929 λόγοι
3387 3873 3400 3887 ·
3430 3856 3512 3920 οἷς
3563 3854 3652 3912 ἐάν
3701 3877 3790 3921 τις

2129 3937 2366 4015 ἐντύχοι,
2398 3935 2595 3994 εἷ’σεται
2629 3938 2724 4014 μέν
2758 3960 2877 4002 πως
2907 3942 3006 4011 τὴν
3049 3946 3157 3997 τῶν
3206 3947 3431 4022 Γραφῶν
3467 3944 3788 4020 ἑρμηνείαν,

2369 4027 2614 4103 ὀρέγεται
2665 4029 2920 4104 γνώσεως
2981 4036 3168 4107 τυχεῖν
3232 4029 3566 4105 δυνήσεται.
3627 4032 3788 4092 Ἀλλ’

2123 4114 2309 4187 ἐπειδὴ
2340 4118 2436 4180 τὰς
2466 4122 2573 4172 τῶν
2607 4115 2949 4174 διδασκάλων
2983 4120 3250 4192 συντάξεις
3285 4120 3336 4177 έν
3370 4123 3528 4200 χερσὶ
3557 4127 3649 4179 νῦν
3682 4123 3786 4181 οὐκ

2087 4203 2342 4281 Δἔχομεν,
2405 4207 2694 4283 ἀναγκαῖόν
2755 4207 2894 4264 ἐστιν
2955 4209 2990 4264 ἃ
3044 4211 3170 4286 παρ’
3220 4209 3438 4267 ἐκείνων
3479 4211 3779 4288 ἐμάθομεν,

2118 4300 2285 4350 ταῦτα
2311 4295 2401 4351 καὶ
2434 4295 2798 4372 ἀπαγγέλλειν
2831 4299 2920 4354 καὶ
2952 4300 3175 4379 γράφειν
3225 4320 3332 4356 σοι·
3367 4299 3516 4378 λέγω
3549 4299 3614 4373 δὴ
3670 4304 3774 4374 τήν

2118 4385 2253 4440 κατᾶ
2280 4386 2370 4441 τὸν
2419 4393 2655 4461 Σωτῆρα
2703 4389 2930 4462 Χριστὸν
2981 4387 3184 4444 πίστιν·
3230 4386 3324 4445 ’ίνα
3384 4394 3523 4465 μήτε
3577 4390 3773 4465 εὐτελῆ

2115 4496 2198 4537 τις
2226 4476 2325 4545 τὴν
2357 4480 2453 4531 τοῦ
2483 4477 2598 4530 καθ’
2646 4477 2796 4550 ἡμὰς
2845 4475 3016 4553 λόγου
3066 4475 3416 4535 διδασκαλίαν
3466 4483 3774 4556 ἡγήσηται,

2121 4566 2260 4636 μήτε
2313 4562 2514 4640 ἄλογον
2563 4567 2661 4636 τὴν
2724 4565 2801 4628 εἰς
2860 4567 3088 4641 Χριστὸν
3139 4568 3318 4623 πίστιν
3367 4563 3618 4643 ὑπολάϐῃ

2116 4654 2279 4709 ὁποῖα
2309 4650 2700 4718 διαϐάλλοντες
2748 4652 3020 4728 Ἕλληνες
3069 4655 3420 4733 χλευάζουσι,
3470 4657 3559 4714 καὶ
3587 4657 3771 4715 πλατὺ

2114 4741 2318 4818 γελῶσι
2349 4745 2464 4799 καθ’
2511 4745 2696 4818 ἡμῶν,
2748 4743 2900 4800 οὐδὲν
2949 4742 3132 4821 ἕτερον
3181 4747 3216 4816 ἢ
3267 4749 3357 4804 τὸν
3389 4747 3617 4824 σταυρὸν
3669 4753 3771 4806 τοῦ

2111 4838 2346 4909 Χριστοῦ
2402 4835 2761 4911 προφέροντες
2993 4836 3074 4914 ἐφ’
3133 4837 3178 4910 ᾧ
3235 4835 3472 4910 μάλιστα
3526 4838 3615 4894 καὶ
3664 4841 3767 4911 τὴν

2112 4923 2455 4994 ἀναισθησίαν
2521 4923 2695 4979 αὐτῶν
2756 4923 3139 5002 οἰκτειρήσειεν
3199 4924 3258 4982 ἄν
3313 4948 3422 4998 τις,
3479 4927 3611 5002 ὅτι,
3669 4928 3764 4984 τὸν

2109 5012 2335 5089 σταυρὸν
2365 5007 2776 5086 διαϐάλλοντες,
2810 5015 2917 5091 οὐχ
2946 5016 3114 5091 ὁρῶσι
3159 5017 3260 5086 τὴν
3307 5015 3503 5073 τούτου
3534 5015 3763 5093 δύναμιν

2108 5107 2278 5157 πᾶσαν
2337 5104 2436 5172 τὴν
2500 5102 2824 5177 οἰκουμένην
2900 5103 3328 5182 πεπληρωκυῖαν
3402 5107 3492 5162 καὶ
3549 5106 3630 5163 ὅτι
3691 5105 3766 5164 δι’

2109 5190 2270 5246 αὐτοῦ
2326 5193 2393 5246 τὰ
2448 5199 2551 5262 τῆς
2607 5193 2937 5269 θεογνωσίας
2997 5192 3130 5270 ἔργα
3183 5200 3317 5251 πᾶσι
3362 5196 3761 5276 πεφανέρωται.

2175 5357 2252 5434 (3)
2285 5355 2663 5434 Eelckmanni
2692 5357 3106 5434 3__anonymus,
3140 5355 3544 5434 λαμπροτέραν.

2177 5427 2252 5499 (ri)
2286 5427 2443 5505 C_olb.
2495 5433 2568 5505 et;
2598 5427 2975 5505 Anglicanus,
3028 5427 3377 5505 ἐπαγγελίαν.
3420 5427 3599 5489 Paulo
3626 5437 3760 5505 post

2101 5499 2507 5574 συνταχθέντες,
2541 5499 2716 5556 Colbf
2730 5501 2908 5574 habet
2935 5499 3282 5563 συντιθέντες.

2173 5573 2249 5644 (5)
2269 5567 2371 5644 ’8ᾗο
2399 5576 2658 5644 segnem,
2693 5572 2790 5627 alii
2821 5590 2957 5630 vero
2986 5589 3121 5629 cum
3143 5575 3316 5630 editis
3348 5567 3640 5628 ὑπολάϐοι.

2172 5641 2248 5715 (6)
2277 5641 2368 5718 Sic
2419 5641 2653 5716 Seguer.
2714 5645 2888 5718 Basil.
2951 5645 3170 5718 Anglic.
3246 5645 3477 5718 Glober.
3553 5646 3753 5718 Felck-

2099 5713 2302 5768 manui
2334 5715 2358 5768 1
2393 5719 2451 5770 et
2497 5713 2533 5770 '2
2560 5731 2734 5774 anon.
2780 5716 2892 5773 Alii
2921 5713 3067 5774 vero'
3103 5732 3240 5774 cum
3288 5716 3461 5776 editis
3510 5717 3751 5800 προσφέ-

2097 5803 2304 5867 ροντες.
