4160 6468
267 473 335 572 ε
1495 507 1786 570 ORATIO
1830 506 2144 568 CONTRA
2189 507 2521 569 GENTES.
3655 505 3694 566 6

269 639 377 696 Οὔκ
420 639 480 695 ἂν
527 641 656 716 γὰρ,
687 635 836 715 εἰ¹περ
888 638 1024 710 ἦσαν
1070 638 1160 694 καὶ
1208 638 1362 695 αὐτοὶ
1411 637 1653 714 γνησίως
1709 637 1932 710 ἐπιστή-

2072 640 2160 712 psi
2203 640 2427 697 sincero
2451 644 2787 711 attentoque
2809 639 3004 695 animo
3036 638 3165 710 ejus
3186 638 3548 694 divinitatem
3575 637 3698 694 ins-

270 749 454 792 σαντες
487 728 653 785 αὐτοῦ
681 732 751 803 τῇ
799 729 1017 799 θεότητι
1063 727 1156 783 τὸν
1207 733 1356 798 νοῦν,
1410 726 1706 804 ἐχλεύαζον
1747 728 1809 782 τὸ
1837 749 1935 796 τη-

273 818 548 875 λικοῦτον·
587 815 733 873 ἀλλὰ
766 815 980 890 μᾶλλον
1026 818 1117 872 καὶ
1162 817 1316 872 αὐτοὶ
1346 822 1538 872 τοῦτον
1569 815 1932 891 ἐπεγίνωσκον

276 914 512 985 Σωτῆρα
539 911 636 963 τοῦ
666 908 888 976 παντὸς,
920 906 1010 962 καὶ
1040 905 1133 962 τὸν
1166 907 1391 980 σταυρὸν
1427 907 1502 980 μή
1548 901 1758 980 βλάϐην
1792 903 1937 960 ἀλλὰ

275 996 559 1074 θεραπείαν
607 1003 708 1066 τῆς
756 996 986 1058 κτίσεως
1033 997 1332 1072 γεγονεναι.
1385 997 1447 1050 Et
1495 996 1598 1070 γὰρ
1646 998 1742 1048 τοῦ
1776 1013 1934 1048 σταυ-

279 1091 374 1165 ροῦ
403 1085 700 1163 γενομένου
733 1087 828 1160 (7),
861 1090 1007 1140 πᾶσα
1043 1085 1136 1158 μὲν
1170 1083 1599 1162 εἰδωλολατρεία
1646 1085 1934 1160 καθῃρέθη,

278 1177 420 1232 πᾶσα
453 1173 512 1232 δὲ
565 1172 838 1248 δαιμόνων
891 1173 1154 1253 φαντασία
1205 1180 1285 1247 τῷ
1329 1173 1546 1248 σημείῳ
1594 1172 1774 1246 τούτῳ
1815 1174 1940 1227 ἀπε-

277 1264 550 1335 λαύνεται,
595 1265 685 1319 καὶ
739 1263 904 1338 μόνος
939 1265 966 1318 6
1000 1261 1232 1340 Χριστὸς
1282 1268 1685 1339 προσκυνεῖται,
1734 1262 1824 1316 καὶ
1873 1259 1941 1316 δι’

275 1352 442 1408 αὐτοῦ
472 1352 820 1428 γινώσκεται,
854 1352 882 1405 6
929 1351 1140 1426 Πατὴρ,
1183 1351 1273 1405 καὶ
1318 1352 1371 1404 οἱ
1424 1351 1515 1424 μὲν
1568 1345 1940 1425 ἀντιλέγοντες

278 1439 754 1517 καταισχύνονται,
789 1441 816 1496 6
850 1436 907 1494 δὲ
935 1444 1043 1494 τῶν
1079 1437 1477 1515 ἀντιλεγόντων
1531 1438 1800 1515 ὁσημέραι
1844 1439 1940 1500 τὰς

282 1531 462 1608 ψυχὰς
497 1531 714 1608 ἀφανῶς
746 1527 1074 1604 μεταπείθει’
1129 1533 1247 1591 πῶς
1297 1529 1545 1602 (εἰκότως
1596 1530 1699 1604 γὰρ
1749 1525 1808 1582 ἄν
1858 1548 1940 1590 τις

310 1619 336 1642 ,Ι
568 1620 582 1640 \
724 1618 737 1639 ,
827 1619 840 1638 Ῑ
962 1617 984 1638 Ἰ
1387 1620 1398 1640 1
1631 1613 1658 1638 )I
1827 1617 1841 1637 Ἰ

283 1642 424 1677 ειποι
484 1640 622 1696 προς
681 1621 898 1692 αυτους)
960 1640 1036 1674 ετι
1097 1621 1172 1692 (8)
1231 1619 1568 1694 ἀνθρωπινον
1632 1639 1771 1673 εστιν
1824 1639 1939 1674 επι-

281 1715 422 1766 νοεῖν
450 1710 514 1764 τὸ
544 1715 792 1785 πρᾶγμα,
837 1709 925 1764 καὶ
959 1707 1019 1763 οὐ
1069 1706 1280 1782 μᾶλλον
1335 1707 1629 1784 ὁμολογεῖν
1683 1713 1816 1763 Θεοῦ
1867 1709 1943 1782 (9)

284 1798 462 1875 Λόγον
522 1797 612 1854 καὶ
676 1805 912 1873 Σωτῆρα
971 1798 1103 1853 εἶναι
1162 1802 1258 1852 τοῦ
1315 1799 1516 1860 παντὸς
1572 1795 1665 1852 τὸν
1715 1796 1802 1852 ἐπὶ
1848 1799 1945 1851 τοῦ

287 1892 522 1965 σταυροῦ
551 1881 820 1943 ἀναϐάντα
853 1905 865 1956 ;
895 1887 1125 1962 πάσχειν
1179 1884 1236 1942 δὲ
1285 1889 1375 1942 καὶ
1406 1887 1558 1942 οῦτοί
1617 1908 1708 1960 μοι
1751 1884 1942 1941 δοκοῦ-

287 1999 366 2033 σιν
401 1973 620 2051 ὅμοιον,
651 1976 727 2039 ὡς
761 1973 919 2038 εἴτις
960 1976 1050 2031 τὸν
1102 1975 1194 2050 μὲν
1245 1974 1408 2046 ἥλιον
1460 1976 1562 2031 ὑπὸ
1610 1980 1782 2053 νεφῶν
1825 1996 1942 2030 σκε-

286 2067 525 2142 πόμενον
558 2061 873 2137 διαϐάλλοι,
904 2065 966 2120 τὸ
998 2063 1055 2120 δὲ
1101 2065 1296 2120 τούτου
1343 2070 1458 2143 φῶς
1489 2067 1776 2139 θαυμάζοι,
1816 2060 1942 2140 βλέ-

287 2177 424 2230 πων,
467 2155 552 2211 ὅτι
598 2160 743 2210 πᾶσα
793 2157 828 2224 ἡ
877 2153 1050 2217 κτίσις
1101 2154 1204 2210 ὑπὸ
1259 2153 1460 2210 τούτου
1509 2153 1945 2229 καταλάμπεται.

288 2247 376 2308 Ὠς
407 2246 512 2322 γὰρ
542 2242 747 2299 καλλὸν
777 2245 840 2299 τὸ
872 2249 1009 2322 φῶς,
1035 2243 1125 2298 καὶ
1156 2242 1403 2299 καλλίων
1437 2246 1465 2300 6
1496 2249 1594 2300 τοῦ
1643 2244 1822 2322 φωτὸς
1855 2245 1947 2318 ἀρ-

289 2335 470 2411 χηγὸς
502 2331 684 2403 ἥλιος⁸
740 2332 884 2388 οὕτω
928 2334 1042 2408 (10)
1085 2332 1232 2388 θείου
1278 2335 1602 2410 πράγματος
1655 2329 1810 2396 ὄντος
1850 2337 1948 2388 τοῦ

286 2425 387 2494 τὴν
422 2422 752 2496 οἰκουμένην
804 2428 975 2478 πᾶσαν
1023 2429 1124 2492 τῆς
1166 2422 1330 2478 αὐτοῦ
1360 2424 1617 2499 γνώσεως
1645 2424 1946 2500 πεπληρῶ-

292 2515 433 2586 σθαι,
468 2513 676 2588 ἀνάγκη
709 2512 799 2567 τὸν
842 2512 1090 2588 ἀρχηγὸν
1123 2512 1212 2566 καί
1262 2512 1510 2588 ἡγεμόνα
1553 2518 1650 2568 τοῦ
1698 2512 1950 2568 τοιούτου

291 2601 720 2679 κατορθώματος
769 2601 904 2657 εἶναι
969 2602 1096 2657 Θεὸν
1155 2602 1246 2657 καὶ
1304 2607 1437 2657 Θεοῦ
1496 2602 1672 2676 Λόγον
1710 2648 1722 2660 .
1780 2601 1950 2677 Λέγο-

301 2714 393 2767 μεν
427 2693 542 2766 (11)
575 2689 666 2746 οῦν
716 2692 790 2754 ὡς
843 2691 1055 2770 ἐφικτὸν
1090 2694 1248 2766 ἡμῖν,
1281 2691 1542 2768 πρότερον
1588 2689 1951 2767 διελέγξαντες

295 2784 394 2853 τὴν
424 2785 532 2837 τῶν
580 2781 818 2836 ἀπίστων
873 2780 1124 2855 ἀμαθίαν⁶
1170 2779 1282 2849 τίνα,
1335 2787 1442 2836 τῶν
1489 2779 1700 2856 ψευδῶν
1745 2779 1956 2856 διελεγ-

298 2872 558 2948 χθὲντων,
592 2867 787 2925 λοιπὸν
819 2873 854 2941 ἡ
889 2867 1120 2941 ἀλήθεια
1164 2868 1231 2925 δι’
1277 2873 1474 2940 εαυτῆς
1525 2869 1830 2945 ἐπιλάμψῃ,
1864 2871 1955 2925 καὶ

299 2959 504 3037 θαῤῥῇς
532 2959 623 3014 καὶ
655 2957 838 3030 αὐτὸς,
873 2957 918 3013 ὦ
963 2957 1230 3034 ἄνθρωπε,
1282 2959 1366 3015 ὅτι
1414 2959 1646 3033 ἀληθείᾳ
1671 2960 1958 3016 πεπίστευ-

299 3070 419 3120 κας,
449 3047 540 3103 καὶ
568 3050 660 3104 τὸν
691 3049 919 3127 Χριστὸν
973 3050 1254 3126 γινώσκων
1309 3049 1408 3105 οὐκ
1455 3051 1765 3121 ἠπατήθης.
1818 3051 1956 3126 Πρέ-

299 3160 416 3194 πειν
451 3135 509 3193 δέ
540 3159 625 3193 σοι
676 3140 923 3214 ἡγοῦμαι
974 3138 1325 3216 φιλοχρίστῳ
1375 3133 1491 3194 ὄντι
1539 3140 1606 3194 τὰ
1653 3138 1780 3216 περὶ
1824 3145 1961 3214 Χρι-

301 3231 428 3283 στοῦ
473 3224 841 3303 διαλέγεσθαι,
899 3226 1016 3282 ἐπεὶ
1066 3228 1158 3282 καὶ
1216 3229 1430 3283 πάντων
1483 3228 1812 3304 τιμιωτέραν
1863 3229 1962 3296 τὴν

303 3315 427 3393 περὶ
457 3314 655 3371 τούτου
685 3319 886 3391 γνῶσιν
916 3317 1006 3370 καὶ
1031 3316 1210 3372 πίστιν
1235 3316 1487 3392 ἡγεῖσθαί
1520 3337 1577 3371 σε
1605 3315 1954 3372 πεπίστευκα.

369 3411 424 3462 2.
457 3405 542 3476 Ἐξ
591 3405 770 3482 ἀρχῆς
833 3406 926 3478 μὲν
978 3405 1077 3460 οὐκ
1121 3407 1187 3476 ἧν
1250 3405 1412 3462 κακία
1447 3425 1460 3438 °
1511 3403 1636 3462 οὐδὲ
1682 3407 1785 3481 γὰρ
1837 3402 1963 3460 οὐδὲ
1993 3396 2038 3465 C

301 3499 390 3550 νῦν
426 3493 477 3550 ἐν
504 3499 622 3556 τοῖς
655 3493 834 3569 ἁγίοις
866 3493 1023 3568 ἐστὶν,
1057 3493 1170 3550 οὐδ’
1211 3494 1359 3558 ὅλως
1407 3496 1524 3550 κατ’
1555 3495 1748 3557 αὐτοὺς
1796 3495 1959 3571 ὑπάρ-

304 3605 394 3662 χει
445 3582 602 3655 αὕτηο
657 3580 932 3660 ἅνθρωποι
963 3581 1020 3640 δὲ
1065 3583 1265 3656 ταύτην
1312 3584 1529 3660 ὕστερον
1577 3583 1814 3640 ἐπινοεῖν
1862 3581 1960 3659 ἤρ-

307 3672 484 3744 ξαντο,
529 3670 620 3725 καὶ
669 3671 786 3725 καθ’
837 3672 1038 3726 ἑαυτῶν
1092 3674 1205 3747 (12)
1239 3672 1652 3728 ἀνατυποῦσθαιο
1715 3673 1832 3728 ὅθεν
1893 3670 1961 3742 δὴ

307 3759 396 3816 καὶ
425 3761 524 3830 τήν
558 3764 669 3815 τῶν
720 3757 965 3816 εἰδώλων
1019 3760 1256 3816 ἐπίνοιαν
1306 3762 1518 3825 ἑαυτοῖς
1570 3760 1961 3834 ἀνεπλάσαντο,

307 3849 376 3904 τὰ
433 3848 533 3905 οὐκ
583 3843 712 3904 ὅντα
764 3849 840 3912 ὡς
899 3845 1023 3905 ὄντα
1076 3848 1448 3927 λογιζόμενοι.
1497 3853 1554 3906 Ὁ
1611 3852 1836 3929 μὲνγὰρ
1866 3856 1963 3907 τοῦ

309 3938 509 4002 παντὸς
552 3935 897 4016 δημιουργὸς
951 3940 1043 3996 καὶ
1091 3935 1470 4015 παμϐασιλεύς
1518 3943 1669 4012 Θεὸς,
1720 3943 1748 3996 6
1801 3941 1962 4017 ὑπερ-

311 4023 489 4083 έκεινα
515 4028 696 4098 πάσης
743 4027 927 4091 οὖσίας
973 4029 1062 4084 καὶ
1116 4030 1454 4106 ἀνθρωπίνης
1507 4031 1748 4094 ἐπινοίας
1796 4031 1965 4105 ὑπάρ-

311 4118 489 4173 ἑκεινα
529 4118 709 4188 πάσης
755 4117 939 4182 οὐσίας
967 4120 1056 4174 καὶ
1107 4119 1451 4196 ἀνθρωπίνης
1500 4120 1740 4184 ἐπινοίας
1793 4121 1963 4197 ὑπάρ-

310 4225 452 4281 χων,
483 4205 577 4261 ἅτε
607 4203 672 4276 δὴ
707 4206 910 4282 ἀγαθὸς
933 4207 1022 4262 καὶ
1074 4203 1376 4282 ὑπέρκαλος
1417 4199 1526 4283 ἶὸν,
1578 4207 1668 4265 διὰ
1693 4215 1790 4265 τοῦ
1826 4207 1966 4265 ἰδίου

311 4293 494 4370 Λόγου
523 4299 620 4350 τοῦ
651 4301 911 4372 Σωτῆρος
962 4298 1122 4372 ἡμῶν
1173 4301 1353 4369 Ἰησοῦ
1385 4304 1616 4374 Χριστοῦ
1646 4297 1707 4354 τὸ
1759 4300 1967 4374 ἀνθρώ-

310 4405 464 4440 πινον
496 4385 653 4461 γένος
683 4387 800 4442 κατ’
850 4385 989 4442 ἰδίαν
1041 4386 1222 4442 εἰκόνα
1268 4387 1554 4460 πεποίηκε’
1603 4385 1693 4444 καὶ
1743 4393 1850 4444 τῶν
1880 4385 1969 4445 ὄν-

309 4494 417 4530 των
473 4474 633 4530 αὐτὸν
685 4476 968 4552 θεωρητὴν
1024 4475 1114 4532 καί
1163 4475 1503 4551 ἐπιστήμονα
1549 4475 1638 4533 διά
1685 4485 1787 4548 τῆς
1833 4477 1970 4553 πρὸς

316 4562 476 4619 αὐτὸν
528 4564 848 4638 ὁμοιώσεως
907 4568 1020 4640 (13)
1073 4565 1446 4638 κατεσκεύασε,
1498 4563 1623 4630 δοὺς
1680 4566 1826 4639 αὐτῷ
1882 4569 1973 4622 καὶ

313 4658 417 4722 τῆς
477 4649 619 4715 ἰδίας
669 4651 981 4725 ἀϊδιότητος
1032 4651 1236 4710 ἔννοιαν
1296 4656 1385 4710 καὶ
1443 4661 1667 4732 γνῶσιν,
1713 4654 1826 4727 τίνα,
1875 4660 1974 4727 τὴν

2044 730 2360 802 pexissent,
2395 747 2518 785 rem
2549 735 2772 786 tantam
2806 729 3102 797 riderent;
3135 729 3238 785 sed
3287 727 3453 783 illum
3501 728 3700 800 potius

2048 820 2250 874 mundi
2285 819 2644 875 Salvatorem
2676 835 2804 874 esse
2836 823 3238 890 agnoscerent,
3281 817 3529 890 ejusque
3568 833 3672 872 cru

2047 924 2171 962 cem
2205 925 2318 963 non
2343 908 2657 979 perniciem
2689 925 2882 962 rerum
2907 909 3008 964 sed
3037 907 3389 962 medicinam
3414 907 3596 962 fuisse
3624 907 3702 962 fa-
3782 908 3784 910 ’

2045 1000 2326 1053 terentur.
2352 997 2617 1069 Namque
2649 996 2696 1052 si
2720 1002 2909 1052 erecta
2929 1013 3119 1062 cruce,
3154 997 3428 1052 universa
3454 995 3700 1052 idolola-

2047 1085 2161 1141 tria
2189 1102 2389 1141 eversa
2419 1091 2549 1154 est;
2583 1086 2634 1142 si
2659 1085 2766 1141 hoc
2803 1088 2849 1142 2
2901 1085 3068 1157 signo
3117 1103 3322 1142 omnes
3366 1087 3702 1141 daemonum

2050 1175 2357 1247 praestigias
2382 1176 2681 1247 fugantur,
2708 1174 2988 1247 solusque
3019 1176 3283 1232 Christus
3317 1176 3614 1241 adoratur,
3645 1177 3705 1229 et

2051 1282 2154 1338 per
2182 1264 2380 1337 ipsum
2405 1265 2570 1320 Pater
2592 1265 2966 1337 cognoscitur
2991 1284 3004 1333 ;
3033 1264 3083 1320 si
3109 1265 3361 1336 denique
3383 1264 3443 1319 hi
3465 1263 3703 1335 quidem

2052 1354 2153 1427 qui
2185 1354 2615 1423 contradicunt,
2645 1355 2988 1410 erubescere
3036 1357 3346 1426 coguntur,
3403 1352 3528 1424 ipse
3570 1367 3704 1407 vero

2053 1445 2578 1500 contradicentium
2599 1443 2827 1500 animos
2852 1443 3110 1515 quotidie
3130 1442 3378 1498 latenter
3398 1443 3703 1496 immutat:

2055 1537 2155 1606 qui
2187 1535 2252 1588 ﬁt
2281 1534 2511 1606 (merito
2537 1534 2694 1590 enim
2749 1534 2882 1604 quis
2930 1549 3028 1588 eos
3080 1533 3160 1587 ita
3207 1532 3602 1604 aggrediatur)
3644 1536 3710 1586 ut

2053 1623 2381 1678 humanum
2414 1641 2562 1695 opus
2595 1624 2652 1678 id
2686 1623 2877 1679 adhuc
2910 1622 3245 1694 epinentur,
3279 1638 3345 1677 ac
3377 1638 3489 1676 non
3515 1621 3708 1692 potius

2056 1714 2346 1769 fateantur
2377 1713 2474 1768 Dei
2514 1713 2790 1783 Verbum,
2824 1718 2880 1767 et
2909 1712 3271 1767 Salvatorem
3307 1711 3511 1765 mundi
3542 1709 3711 1764 illum

2055 1819 2205 1872 esse,
2239 1802 2339 1874 qui
2371 1803 2427 1856 in
2461 1819 2694 1858 crucem
2727 1800 3037 1858 ascendit?
3059 1802 3210 1856 Sane
3233 1800 3537 1854 idemistis
3563 1798 3712 1854 acci-

2057 1893 2193 1948 dere
2224 1892 2364 1946 mihi
2394 1892 2644 1958 videtur,
2679 1908 2745 1946 ac
2777 1892 2824 1946 si
2858 1891 2993 1963 quis
3024 1889 3208 1946 solem
3233 1889 3492 1945 nubibus
3509 1889 3718 1944 obscu-

2059 1985 2251 2036 ratum
2286 1981 2692 2054 reprehendat,
2729 1981 2974 2052 ejusque
2995 1979 3384 2035 nihilominus
3404 1979 3594 2034 lucem
3618 1978 3714 2032 ad-

2056 2070 2321 2135 miretur,
2358 2070 2573 2142 quippe
2604 2069 2705 2141 qui
2739 2074 2927 2124 totum
2960 2075 3249 2125 terrarum
3305 2069 3505 2123 orbem
3545 2069 3618 2123 ab
3647 2083 3716 2123 ea

2054 2158 2457 2214 illuminatum
2481 2164 2696 2214 cernat.
2729 2163 2798 2214 Ut
2816 2158 2970 2214 enim
2998 2158 3246 2230 pulchra
3267 2157 3365 2213 lux
3381 2162 3488 2225 est,
3512 2163 3569 2212 et
3589 2156 3715 2228 ipse

2058 2249 2143 2305 sol
2166 2248 2315 2304 lucis
2337 2253 2560 2319 auctor,
2588 2248 2716 2303 luce
2740 2248 3039 2320 pulchrior
3068 2252 3157 2304 est
3184 2273 3195 2306 ι
3228 2247 3309 2303 ita
3338 2263 3473 2303 cum
3510 2262 3604 2302 res
3637 2245 3720 2300 sit

2057 2337 2230 2410 plane
2243 2337 2457 2409 divina,
2483 2337 2821 2393 universum
2845 2338 3134 2394 mundum
3154 2336 3255 2393 Dei
3283 2337 3612 2410 cognitione
3637 2351 3722 2390 re-

2059 2427 2284 2500 pletum
2308 2443 2457 2498 esse,
2483 2444 2720 2483 necesse
2753 2432 2842 2482 est
2889 2428 3097 2483 ducem
3146 2431 3203 2482 et
3233 2431 3532 2483 auctorem
3563 2425 3717 2481 tanti

2060 2517 2251 2588 operis
2283 2517 2467 2571 Deum
2500 2517 2696 2589 ipsum
2725 2521 2782 2571 et
2811 2515 2911 2571 Dei
2929 2517 3187 2571 Verbum
3212 2532 3359 2571 esse.
3386 2516 3588 2587 Itaque
3611 2530 3716 2585 pro

2059 2605 2211 2661 virili
2236 2611 2398 2678 parte
2428 2606 2498 2660 de
2529 2621 2589 2660 re
2623 2609 2742 2660 tam
2770 2604 3101 2660 admirabili
3124 2604 3504 2672 disseremus,
3529 2603 3720 2675 prius-

2063 2710 2176 2767 que
2205 2693 2535 2750 infidelium
2567 2694 2860 2751 inscitiam
2895 2693 3248 2766 refellemus,
3281 2705 3344 2748 ut
3375 2692 3539 2749 falsis
3579 2709 3722 2748 con-

2064 2783 2289 2852 futatis,
2323 2783 2537 2839 veritas
2568 2801 2672 2856 per
2692 2783 2946 2856 seipsam
2978 2781 3592 2854 deincepsillucescat,
3626 2786 3724 2837 tu-

2065 2889 2180 2944 que
2212 2873 2358 2945 ipse,
2383 2873 2748 2942 charissima,
2774 2877 2997 2928 certum
3020 2887 3490 2945 persuasumque
3506 2871 3726 2926 habeas

2065 2967 2122 3018 te
2168 2961 2398 3018 veritati
2448 2962 2789 3028 credidisse,
2837 2961 3260 3033 Christumque
3319 2959 3724 3033 cognoscendo

2067 3051 2374 3123 deceptum
2407 3067 2522 3105 non
2558 3050 2758 3106 fuisse.
2793 3054 3008 3105 Tecum
3042 3067 3235 3123 porro,
3289 3050 3388 3122 qui
3421 3049 3725 3105 Christum

2069 3157 2253 3208 amas,
2287 3141 2358 3196 de
2378 3139 2606 3195 Christo
2629 3139 2914 3195 disserere
2942 3139 3194 3195 maxime
3223 3138 3533 3195 convenire
3565 3138 3728 3193 arbi-

2068 3235 2210 3300 tror,
2245 3229 2723 3301 quandoquidem
2754 3232 2810 3285 te
2840 3229 2968 3299 ejus
3011 3228 3401 3300 cognitionem
3461 3230 3517 3283 et
3548 3227 3724 3284 ﬁdem

2070 3319 2246 3375 rebus
2276 3318 2553 3374 omnibus
2584 3317 2989 3390 pretiosiorem
3019 3317 3230 3373 ducere
3264 3321 3526 3373 autumo.

2141 3499 2195 3553 2.
2229 3497 2518 3569 Principio
2551 3496 2787 3568 quidem
2820 3495 3044 3553 malitia
3095 3513 3210 3552 non
3270 3496 3400 3564 fuit,
3443 3496 3724 3568 quoniam

2072 3605 2144 3645 ne
2178 3603 2335 3643 nunc
2367 3587 2604 3659 quidem
2634 3585 2694 3641 in
2726 3586 2944 3642 sanctis
2975 3586 3284 3658 reperitur,
3337 3603 3441 3642 nec
3482 3602 3724 3657 prorsus

2073 3678 2132 3733 in
2166 3676 2281 3731 illis
2307 3675 2535 3731 exsistit
2561 3692 2574 3731 :
2609 3676 2711 3732 sed
2733 3691 2860 3730 eam
2886 3679 3086 3748 postea
3103 3674 3370 3732 homines
3400 3675 3729 3747 excogitare

2075 3775 2248 3839 atque
2279 3767 2557 3822 adversus
2588 3766 2814 3836 seipsos
2864 3764 3141 3836 effingere
3195 3769 3498 3836 cceperunt
3525 3790 3537 3832 ;
3569 3765 3727 3820 unde

2073 3856 2247 3912 etiam
2279 3854 2570 3910 idolorum
2601 3857 2932 3909 commenta
2985 3853 3279 3925 effinxere,
3339 3871 3407 3910 ea
3454 3871 3580 3925 quas
3612 3870 3729 3909 non

2075 3950 2234 4012 sunt,
2277 3944 2518 4018 perinde
2565 3960 2630 3998 ac
2682 3943 2732 3998 si
2787 3947 3004 4014 essent,
3055 3943 3253 3999 animo
3310 3944 3728 4018 concipientes.

2074 4035 2296 4106 Nempe
2327 4033 2532 4088 mundi
2555 4032 2748 4105 Opifex
2775 4037 2833 4088 et
2883 4033 3149 4088 omnium
3192 4033 3525 4090 moderator
3554 4039 3728 4104 Deus,

2077 4124 2178 4196 qui
2209 4124 2483 4180 universa
2513 4126 2724 4178 natura
2753 4125 2810 4178 et
2842 4122 3100 4179 humana
3143 4121 3526 4196 intelligentia
3559 4123 3732 4194 longe

2077 4212 2343 4287 superior
2372 4216 2479 4281 est,
2507 4215 2572 4266 ut
2621 4227 2754 4266 vere
2802 4212 2991 4268 bonus
3039 4229 3106 4268 ac
3161 4229 3394 4269 summe
3418 4211 3729 4284 benignus,

2079 4321 2182 4376 per
2212 4301 2515 4375 proprium
2535 4299 2794 4356 Verbum
2819 4305 2876 4356 et
2926 4300 3305 4357 Salvatorem.
3337 4305 3603 4358 nostrum
3634 4301 3730 4356 Je-

2081 4409 2214 4448 sum
2237 4391 2558 4457 Christum,
2593 4390 2920 4445 humanum
2951 4405 3138 4462 genus
3170 4391 3239 4445 ad
3273 4391 3566 4462 propriam
3590 4389 3733 4445 ima-

2081 4481 2276 4556 ginem
2314 4480 2467 4546 fecit,
2526 4496 2642 4551 qua
2693 4477 2795 4534 illa
2845 4495 3043 4534 secum
3096 4479 3485 4534 similitudine
3533 4478 3731 4534 homi-

2084 4587 2218 4626 nem
2251 4570 2321 4624 ad
2354 4585 2551 4624 rerum
2583 4571 2855 4623 naturam
2887 4569 3351 4639 cognoscendam
3385 4573 3443 4623 et
3471 4571 3732 4623 contem-

2084 4659 2359 4732 plandam
2387 4663 2591 4730 aptum
2627 4657 2899 4712 reddidit.
2920 4657 3066 4711 Hinc
3089 4657 3334 4729 propriae
3362 4659 3535 4713 etiam
3569 4662 3732 4714 aiter-

314 4739 623 4813 ταυτότητα
681 4743 893 4813 σώζων,
958 4745 1098 4818 μήτε
1150 4751 1253 4815 τῆς
1311 4744 1435 4819 περὶ
1487 4750 1620 4800 Θεοῦ
1680 4745 1958 4823 φαντασία‹

2085 4749 2287 4805 nitatis
2318 4746 2728 4819 cogitationem
2750 4750 2806 4801 et
2827 4745 3218 4819 cognitionem
3247 4736 3443 4802 eidem
3469 4747 3736 4819 imperti-

318 4831 453 4886 ποτὶ
507 4831 744 4903 ἀποστῆ,
778 4835 918 4906 μήτε
964 4840 1064 4903 τῆς
1127 4838 1234 4889 τῶν
1290 4833 1458 4910 ἁγίων
1519 4837 1800 4906 συζήσεως
1858 4838 1975 4910 (14)

320 4917 674 4997 ἀποπηδήσῃ,
725 4919 889 4993 ἀλλ’,
939 4917 1082 5000 ἔχων
1131 4925 1232 4994 τὴν
1282 4928 1378 4979 τοῦ
1430 4921 1734 4988 δεδωκότος
1787 4925 1972 5001 χάριν,

320 5007 464 5085 ἔχων
497 5009 588 5064 καὶ
614 5011 718 5080 τὴν
765 5007 906 5066 ἰδίαν
954 5011 1013 5067 ἐκ
1057 5016 1155 5068 τοῦ
1202 5017 1468 5089 πατρικοῦ
1509 5013 1692 5089 Λόγου
1725 5011 1973 5088 δύναμιν,

321 5096 637 5174 ἀγάλληται
665 5101 756 5155 καὶ
787 5099 1060 5177 συνομιλῇ
1088 5106 1169 5175 τῷ
1215 5103 1378 5176 Θείῳ,
1433 5107 1534 5172 ζῶν
1579 5103 1670 5158 τὸν
1719 5105 1980 5178 ἀπήμονα

321 5187 414 5242 καὶ
463 5190 725 5266 μακάριον
773 5185 942 5253 ὅντως
995 5191 1087 5246 τὸν
1139 5191 1395 5246 ἀθάνατον
1456 5191 1594 5266 βίον.
1653 5189 1816 5247 Οὐδὲν
1874 5194 1978 5270 γὰρ

325 5273 472 5352 ἔχων
504 5274 767 5355 ἐμπόδιον
800 5278 877 5342 εἰς
908 5279 1009 5349 τὴν
1042 5279 1166 5354 περὶ
1192 5285 1290 5334 τοῦ
1337 5278 1494 5335 Θείου
1534 5283 1756 5356 γνῶσιν,
1788 5282 1982 5358 θεωρεῖ

329 5419 748 5562 μὲξῖζβθευθτο
773 5421 1004 5480 Gobler.
1029 5427 1086 5480 et
1110 5422 1362 5480 Felckm.
1393 5425 1418 5478 1
1455 5440 1803 5499 anonymus,
1831 5446 1980 5500 γινο-

397 5561 479 5705 (8)
503 5563 623 5616 Ἔτι
655 5563 818 5622 deest
847 5566 910 5622 in
942 5564 1113 5623 Basil.
1145 5565 1376 5622 Gobler.
1421 5569 1479 5623 et
1524 5566 1785 5626 Eelckm.
1822 5572 1846 5626 1
1883 5588 1980 5628 an.

423 5633 458 5687 9
481 5632 741 5705 (Seguer.
776 5641 833 5693 et
861 5637 1020 5694 Colb.
1055 5634 1204 5692 Θεόν.

345 5655 349 5660 ·
401 5632 741 5706 (9)_Seguer.
776 5641 833 5693 et
861 5637 1020 5694 Colb.
1055 5634 1204 5692 Θεόν.

401 5703 768 5784 (lO)_Se_guer
796 5705 991 5784 οὕτως,
1024 5714 1081 5765 et
1109 5710 1193 5765 ita
1222 5708 1498 5784 deinceps
1547 5710 1782 5784 saepius.
1828 5713 1980 5768 Ibid.

327 5773 1148 5864 Co!9:"h3566.3t90ﬂa'7(kgtpc
1180 5797 1286 5864 pro
1314 5773 1661 5864 πράγματοξ.

403 5847 519 5931 (11)
549 5847 918 5912 Omnibonus
945 5847 1201 5910 videtur"
1231 5847 1452 5931 legisse
1472 5847 1482 5856 ’
1502 5849 1779 5938 λέγωμεν,
1813 5853 1988 5915 vertit

2085 4839 2192 4908 vit,
2231 4843 2298 4893 ut
2335 4837 2606 4893 videlicet
2635 4835 2742 4892 hac
2769 4841 3109 4893 conservata
3139 4835 3547 4905 similitudine,
3581 4855 3739 4894 nun-

2087 4943 2265 5001 quam
2280 4925 2694 4998 cogitationem
2718 4942 2751 4981 a
2771 4925 2887 4981 Deo
2910 4930 3207 4997 averteret,
3231 4942 3420 4998 neque
3441 4943 3476 4982 a
3506 4931 3738 4983 sancto-

2086 5033 2218 5073 rum
2242 5015 2511 5072 convictu
2532 5015 2893 5071 discederet:
2922 5015 3022 5071 sed
3046 5016 3244 5072 datam
3279 5016 3375 5071 Dei
3408 5015 3658 5088 gratiam
3681 5020 3741 5072 et

2087 5106 2384 5178 propriam
2408 5121 2477 5160 ex
2498 5108 2739 5177 paterno
2753 5103 2944 5162 Verbo
2959 5105 3075 5162 vim
3088 5105 3349 5162 infusam
3363 5105 3620 5162 retinens
3641 5122 3738 5162 ex-

2089 5194 2358 5264 sultaret,
2390 5197 2447 5249 et
2476 5209 2612 5249 cum
2644 5193 2758 5249 Deo
2788 5193 3156 5251 familiariter
3181 5195 3418 5262 viveret,
3451 5211 3744 5252 securam-

2091 5301 2205 5357 que
2252 5299 2319 5339 ac
2363 5299 2496 5338 vere
2541 5282 2775 5338 beatam
2823 5283 3215 5340 immortalem
3263 5284 3442 5340 vitam
3483 5285 3741 5341 duceret.

2093 5427 2272 5491 enim,
2305 5425 2569 5480 dicamus.
3477 5462 3481 5465 -

2165 5498 2278 5570 (12)
2313 5496 2630 5570 Felckm.3
2686 5515 2886 5570 anon.,
2946 5499 3058 5553 καθ’
3117 5495 3360 5560 ἑαυτούς.
3423 5499 3518 5554 Sic
3566 5499 3742 5555 etiam

2093 5568 2304 5644 legisse
2331 5568 2560 5644 videtur
2586 5568 2972 5644 Omnibonus,
3003 5572 3106 5644 qui
3163 5571 3356 5640 vertit,
3409 5587 3510 5642 per
3547 5586 3747 5644 seipsos

2094 5642 2330 5712 ﬁngere.
2357 5639 2467 5712 Alii
2497 5656 2631 5694 cum
2658 5642 2830 5696 editis
2861 5642 2974 5695 καθ’
2999 5639 3222 5698 ἑαυτῶν.
3345 5639 3352 5712 ί
3409 5639 3426 5642 “
3621 5639 3637 5644 ⁷
3689 5711 3692 5712 ν
3734 5667 3759 5712 ς

2166 5712 2280 5783 (13)
2311 5711 2404 5783 Sic
2435 5711 2675 5783 Segue‘r.
2721 5712 2954 5771 Gobler.
2993 5719 3048 5771 et
3079 5714 3270 5770 Felck.
3333 5711 3356 5768 4
3425 5729 3600 5771 anon.
3634 5710 3748 5768 Alii

2095 5779 2242 5854 cum
2260 5779 2432 5854 editis
2463 5779 2816 5854 ὁμοιότητος.

2166 5853 2278 5930 (14)
2307 5853 2458 5912 Edit.
2492 5853 2798 5936 Commel._,
2830 5856 3198 5931 συζητησεως.
