4160 6432
383 442 418 497 7
931 438 996 495 S.
1044 435 1463 496 ATHANASII
1511 435 1684 495 OPP.
1737 436 1935 495 PARS
1982 435 2028 495 l.
2063 469 2139 478 —
2170 435 2593 498 HISTORICA
2639 434 2742 496 ET
2784 432 3268 497 DOGMA'I‘ICA.
3483 463 3490 469 -
3774 431 3826 508 8,.

387 572 535 628 Nam
569 570 617 627 si
649 569 769 625 ulla
800 587 861 625 re
900 587 933 625 a
967 567 1061 624 Dei
1094 567 2034 642 cognitioneimpediatur,animaa

2155 567 2247 639 μὲν
2282 567 2362 622 ἀεὶ
2395 563 2484 622 διὰ
2520 572 2621 638 τῆς
2675 565 2838 622 αὐτοῦ
2887 563 3256 643 καθαρότητος
3303 564 3403 634 τήν
3453 583 3550 619 του
3600 563 3818 641 Πατρὸς

388 660 703 730 munditia,
731 658 1271 731 Patrisimagincm,
1303 658 1485 713 Deum
1519 658 1796 726 Verbum,
1830 658 1903 713 ad
1935 673 2039 712 cu-

379 751 485 822 jus
508 765 740 820 quoque
766 748 1084 820 imaginem
1102 746 1288 801 factus
1315 751 1666 818 est,semper
1686 745 2040 820 contempla-

386 843 505 904 tur,
529 837 899 908 maximaque
939 834 1329 891 admiratione
1377 835 1651 903 afﬁcitur,
1677 852 1809 891 cum
1846 835 2040 890 Provi-

387 927 668 993 dentiam,
699 943 816 997 qua
847 925 1105 980 mundus
1127 941 1228 996 per
1251 924 1444 997 ipsum
1471 924 2042 992 administratur,in-

385 1015 615 1088 telligit.
649 1016 737 1070 Ita
767 1015 943 1070 rebus
974 1014 1212 1086 quidem
1245 1031 1372 1086 quae
1423 1014 1532 1068 sub
1575 1031 1784 1070 sensus
1823 1013 2042 1070 cadunt

386 1109 443 1160 et
472 1120 758 1176 corporeae
791 1107 928 1158 sunt
959 1101 1242 1158 excelsior
1271 1101 1542 1170 efﬁcitur,
1603 1119 1736 1157 cum
1782 1102 1876 1158 his
1904 1118 2039 1158 vero

385 1194 437 1248 vi
469 1193 685 1250 mentis
708 1192 1108 1264 conjungitur,
1135 1191 1555 1264 quze,cmlestes
1580 1209 1645 1248 ac
1667 1192 1875 1248 divinae
1900 1195 2041 1248 sunt

385 1283 627 1356 soloque
658 1282 1044 1355 intelligentia
1072 1281 1669 1354 comprehenduntur.
1705 1281 1850 1337 Cum
1882 1281 2038 1338 enim

383 1372 728 1444 corporibus
761 1388 927 1427 mens
976 1371 1237 1426 humana
1284 1388 1400 1426 non
1448 1370 1815 1439 adhaerescit,
1850 1387 2039 1444 neque

383 1460 608 1534 aliquid
634 1478 702 1516 ex
728 1477 931 1516 eorum
963 1459 1282 1532 cupiditate
1309 1460 1667 1516 extrinsecus
1717 1459 2038 1516 admistum

383 1549 579 1612 habet,
600 1549 701 1605 sed
744 1553 863 1604 tota
891 1548 1019 1619 ipsa
1051 1565 1289 1604 sursum
1321 1564 1522 1604 secum
1554 1554 1661 1618 est,
1724 1547 1896 1604 sicuti
1928 1549 2038 1604 ini-

382 1638 464 1694 tio
495 1639 646 1694 facta
678 1642 797 1705 est;
833 1642 973 1693 tunc
1003 1653 1071 1692 ea
1101 1654 1230 1709 quae
1280 1653 1491 1692 sensus
1537 1643 1774 1693 movent
1807 1637 2039 1694 omnia-

384 1744 498 1800 que
528 1728 791 1783 humana
821 1727 1263 1798 transcendens,
1288 1726 1347 1781 in
1383 1726 1636 1783 sublime
1666 1727 1866 1795 fertur,
1898 1727 2039 1784 Ver-

383 1817 664 1889 bumque,
698 1821 754 1873 et
799 1817 858 1871 in
903 1816 1089 1872 Verbo
1148 1816 1324 1872 Verbi
1382 1815 1611 1872 Patrem
1657 1817 1837 1884 videt,
1869 1819 2040 1889 cujus

389 1905 880 1978 contemplatione
913 1905 1218 1973 delectata,
1246 1922 1352 1962 suo
1375 1922 1512 1978 erga
1554 1905 1721 1961 illum
1754 1923 1952 1962 amore
1983 1910 2040 1962 et

389 1994 675 2051 desiderio
690 1999 1030 2050 renovatur:
1053 1995 1301 2067 quemad
1314 1995 1551 2050 modum
1567 1994 1767 2066 utique
1780 1995 2039 2068 primum

387 2082 708 2147 hominem,
743 2082 844 2155 qui
876 2082 1113 2138 Hebraaa
1143 2081 1344 2154 lingua
1370 2081 1554 2137 Adam
1582 2081 1773 2138 dictus
1813 2087 1922 2154 est,
1953 2098 2043 2138 sa-

386 2189 495 2228 crae
517 2172 832 2246 Scriptura:
856 2177 1100 2228 narrant
1124 2171 1290 2227 initio
1322 2188 1558 2227 summa
1587 2188 1721 2226 cum
1772 2170 2039 2228 libertate

384 2266 442 2318 et
468 2262 684 2317 ﬁducia
715 2268 909 2318 mente
940 2262 987 2317 8
1020 2261 1136 2317 Deo
1185 2259 1522 2328 adhaesisse,
1580 2264 2038 2332 sanctorumque

384 2350 660 2406 societate
689 2353 747 2406 et
777 2351 1202 2407 consuetudine
1233 2349 1481 2422 potitum
1512 2349 1692 2405 fuisse
1727 2350 1786 2404 in
1817 2349 1918 2404 illa
1950 2365 2037 2404 re-

383 2457 516 2496 rum
548 2439 875 2496 caelestium
909 2438 1423 2512 contemplatione,
1485 2455 1600 2510 qua
1647 2437 1745 2494 illo
1806 2439 1866 2494 in
1912 2437 2038 2494 loco

381 2530 711 2600 fruebatur,
747 2547 922 2602 quem
954 2535 1196 2585 sanctus
1227 2532 1451 2600 Moyses
1476 2532 1640 2600 tropo
1663 2528 1917 2599 quodam
1935 2545 2036 2601 pa-

384 2619 648 2674 radisum
689 2618 1020 2690 appellavit.
1054 2619 1287 2675 Animae
1319 2618 1474 2673 enim
1499 2616 1794 2673 munditia
1813 2633 1941 2672 eam
1966 2616 2037 2672 ad

387 2709 570 2764 Deum
591 2723 694 2779 per
713 2707 972 2779 seipsam
999 2708 1398 2764 contuendum
1420 2707 1692 2763 idoneam
1724 2707 1936 2772 reddit,
1953 2706 2038 2761 uti

385 2799 513 2873 ipse
566 2793 851 2853 Dominus
908 2797 1027 2853 ait:
1075 2799 1235 2854 Beati
1288 2795 1493 2852 mundo
1546 2795 1721 2864 corde,
1770 2797 2041 2868 quoniam

389 2894 498 2964 ipsi
527 2898 703 2949 Deum
722 2887 976 2945 videbunt
1000 2889 1040 2941 ί.

459 2983 514 3037 3.
548 2982 643 3038 Sic
673 2996 808 3051 ergo
839 2977 1095 3048 Creator,
1158 2980 1224 3030 ut
1281 2974 1504 3030 dictum
1565 2977 1673 3047 est,
1729 2975 2040 3031 hominum

389 3087 576 3144 genus
606 3067 888 3137 condidit,
921 3082 1070 3139 quos
1096 3065 1272 3122 etiam
1303 3065 1364 3120 in
1394 3081 1461 3121 eo
1493 3068 1649 3121 statu
1673 3079 2041 3138 perseverare

388 3160 590 3218 voluit.
627 3163 694 3216 At
717 3157 823 3226 illi,
849 3157 1024 3212 rebus
1045 3154 1374 3228 potioribus
1395 3153 1697 3226 neglectis,
1731 3154 2042 3226 ignavique

393 3255 450 3307 et
480 3250 696 3306 inertes
727 3248 798 3303 ad
829 3246 961 3302 illas
991 3243 1401 3316 intelligendas
1448 3243 1656 3312 effecti,
1713 3260 1841 3300 sese
1872 3243 1944 3299 ad
1975 3260 2043 3299 ca

2150 655 2350 725 εἰκόνα,
2380 654 2473 712 τόν
2523 657 2650 712 Θεὸν
2683 657 2891 732 Λόγον,
2940 655 3002 710 οὗ
3052 653 3142 710 καὶ
3172 655 3289 710 κατ’
3339 652 3518 709 εἰκόνα
3565 654 3816 730 γέγονεν.

2152 743 2651 822 ὑπερεκπλτςττεται
2696 743 2754 800 δὲ
2806 749 3083 801 κατανοῶν
3133 744 3235 814 τὴν
3292 740 3360 799 δι’
3408 742 3573 798 αὐτοῦ
3623 742 3701 806 εἰς
3749 739 3816 798 τό

2148 840 2249 888 πᾶν
2303 834 2586 910 πρόνοιαν,
2635 835 2883 912 ὑπεράνω
2939 834 3034 908 μὶν
3083 837 3192 888 τῶν
3243 832 3514 903 αἰσθητῶν
3564 830 3656 888 καὶ
3708 831 3815 887 πά-

2150 945 2250 992 σης
2300 931 2620 997 σωματικῆς
2666 922 2956 1003 φαντασίας
3003 921 3313 999 γινόμενος,
3361 922 3500 999 πρὸς
3543 919 3601 977 δὲ
3645 921 3716 976 τὰ
3757 921 3812 976 ἐν

2149 1012 2399 1089 οὐρανοῖς
2428 1015 2544 1068 θεῖα
2573 1014 2663 1068 καὶ
2695 1014 2865 1084 νοητᾶ
2895 1017 2964 1088 τῇ
3019 1010 3250 1086 δυνάμει
3279 1015 3377 1068 τοῦ
3427 1015 3524 1067 νοῦ
3555 1009 3820 1066 συναπτό-

2153 1124 2329 1175 μενος.
2377 1105 2501 1158 Ὅτε
2542 1105 2645 1180 γὰρ
2693 1102 2753 1158 οὐ
2801 1099 3090 1176 συνομιλεῖ
3123 1107 3244 1164 τοῖς
3293 1102 3538 1176 σώμασιν
3568 1101 3598 1156 6
3623 1103 3750 1164 νοῦς
3781 1100 3814 1155 ὁ

2146 1197 2255 1246 τῶν
2285 1193 2602 1268 ἀνθρώπων,
2654 1189 2779 1247 οὐδέ
2825 1214 2876 1247 τι
2907 1198 3006 1261 τῆς
3058 1190 3119 1246 ἐκ
3153 1189 3361 1246 τούτων
3392 1187 3685 1264 ἐπιθυμίας
3720 1209 3817 1263 με·

2153 1282 2416 1356 μιγμένον
2451 1279 2639 1353 ἔξωθεν
2668 1278 2807 1358 ἔχει,
2841 1279 2966 1336 ἀλλ’
2998 1278 3131 1343 ὅλος
3163 1278 3305 1336 ἐστὶν
3339 1277 3450 1335 ἄνω
3493 1279 3667 1351 ἑαυτῷ
3696 1279 3815 1352 (15)

2149 1372 2320 1426 συνὼν
2374 1372 2449 1434 ὡς
2499 1370 2719 1448 γέγονεν
2775 1370 2826 1442 ἐξ
2875 1371 3074 1447 ἀρχῆς·
3129 1370 3254 1426 τότε
3303 1366 3369 1439 δὴ
3398 1415 3413 1442 ,
3463 1369 3531 1423 τὰ
3578 1366 3816 1438 αἰσθητὰ

2146 1461 2237 1516 καὶ
2275 1461 2448 1516 πάντα
2495 1463 2563 1516 τὰ
2608 1461 2917 1538 ἀνθρώπινα
2966 1453 3180 1532 διαϐὰς,
3228 1457 3340 1514 ἄνω
3393 1457 3680 1534 μετάρσιος
3727 1455 3817 1534 γί-

2147 1571 2315 1618 νεται,
2348 1551 2437 1606 καὶ
2467 1551 2558 1605 τὸν
2608 1549 2784 1626 Λόγον
2841 1547 2994 1620 ἰδὼν,
3043 1550 3146 1626 ὁρᾷ
3176 1549 3227 1604 ἐν
3280 1547 3427 1621 αύτῷ
3477 1547 3568 1602 καὶ
3596 1547 3688 1602 τὸν
3710 1549 3810 1602 τοῦ

2148 1639 2329 1715 Λόγου
2357 1640 2588 1718 Πατέρα,
2641 1637 2910 1716 ἡδόμενος
2961 1637 3048 1694 ἐπὶ
3085 1642 3156 1713 τῇ
3203 1636 3400 1694 τούτου
3445 1634 3668 1715 θεωρίᾳ,
3715 1633 3812 1691 καὶ

2150 1728 2602 1803 ἂνακαινούμενος
2653 1729 2740 1784 ἐπὶ
2788 1733 2870 1802 τῶ
2925 1727 3064 1806 πρὸς
3116 1732 3307 1783 τοῦτον
3363 1727 3519 1800 πόθῳ
3551 1743 3565 1758 ⁸
3626 1724 3810 1804 ὥσπερ

2151 1817 2242 1874 οῦν
2296 1820 2386 1874 τὸν
2440 1823 2658 1896 πρῶτον
2709 1823 2816 1874 τῶν
2877 1819 3174 1892 ἀνθρώπων
3223 1815 3512 1893 γενόμενον
3541 1859 3556 1886 ,
3609 1815 3670 1879 ’ὀς
3717 1814 3812 1871 καὶ

2069 1944 2118 2010 Β
2147 1910 2284 1964 κατὰ
2337 1909 2435 1978 τὴν
2485 1903 2749 1984 Ἐϐραίων
2802 1905 3052 2010 γλῶτταν
3113 1903 3294 1980 ’Δδὰμ
3341 1905 3671 2010 ῶνομάσθη,
3720 1901 3814 1960 λέ-

2148 2019 2334 2074 γουσιν
2395 1999 2448 2053 αἱ
2505 1997 2644 2074 ἱεραὶ
2718 1996 2923 2077 Γραφαὶ
2981 1998 3117 2052 κατὰ
3187 1997 3287 2066 τὴν
3349 1994 3530 2073 ἀρχὴν
3589 1994 3808 2050 ἀνεπαι-

2150 2087 2366 2164 σχύντῳ
2394 2085 2673 2164 παρῥησίᾳ
2711 2087 2803 2141 τὸν
2853 2090 2974 2141 νοῦν
3023 2084 3313 2162 ἐσχηκέναι
3343 2085 3481 2161 πρὸς
3527 2085 3618 2140 τὸν
3651 2081 3808 2155 Θεὸν,

2148 2176 2237 2231 καὶ
2268 2173 2664 2232 συνδιαιτᾶσθαι
2693 2180 2811 2238 τοῖς
2843 2173 3023 2252 ἁγίοις
3055 2173 3106 2230 ἐν
3151 2178 3221 2249 τῇ
3269 2178 3378 2230 τῶν
3425 2176 3638 2245 νοητῶν
3669 2174 3806 2230 θεω-

2150 2265 2258 2340 ρίᾳ,
2291 2266 2358 2335 ἢν
2392 2264 2536 2342 εἶχεν
2571 2263 2622 2320 ἐν
2657 2263 2847 2338 ἐκείνῳ
2874 2268 2954 2337 τῷ
2982 2263 3158 2338 τόπῳ,
3207 2263 3266 2318 ’ὸν
3315 2263 3405 2318 καὶ
3433 2263 3462 2318 6
3496 2261 3652 2338 ἅγιος
3697 2262 3810 2336 (16)

2148 2362 2384 2426 Μωυσῆς
2432 2359 2706 2430 τροπικῶς
2757 2351 3078 2431 παράδεισον
3141 2351 3457 2427 ὠνόμασεν.
3509 2350 3688 2422 Ἰκανὴ
3749 2347 3812 2406 δὲ

2148 2447 2182 2516 ἡ
2214 2451 2315 2514 τῆς
2349 2448 2534 2520 ψυχῆς
2565 2442 2871 2520 καθαρότης
2905 2441 3016 2498 ἐστὶ
3046 2444 3138 2499 τὸν
3166 2443 3293 2499 Θεὸν
3337 2439 3408 2498 δι’
3448 2441 3646 2512 ἑαυτῆς
3675 2461 3807 2496 κατ-

2149 2534 2492 2609 οπτρίζεσθαι
2541 2535 2674 2608 (17),
2713 2533 2951 2608 καθάπερ
2999 2533 3088 2588 καὶ
3139 2534 3166 2589 ὁ
3216 2530 3414 2610 Κύριός
3468 2552 3642 2610 φησι⁹
3692 2534 3810 2588 Μα-

2147 2624 2326 2698 κάριοι
2388 2623 2440 2677 οἰ
2495 2621 2721 2698 καθαροὶ
2777 2625 2845 2696 τῇ
2893 2619 3090 2700 καρδίᾳ
3123 2667 3137 2694 ,
3183 2620 3266 2678 ὅτι
3311 2620 3464 2678 αὐτοὶ
3521 2617 3613 2676 τόν
3671 2617 3803 2676 Θεὸν

2149 2715 2392 2786 ὄψονται.

2219 2983 2271 3039 3.
2308 2978 2463 3036 Οὕτω
2499 2981 2591 3055 μὲν
2623 2977 2713 3036 οῦν
2745 2981 2774 3036 ὁ
2823 2976 3197 3056 Δημιουργὸς,
3247 2976 3427 3056 ὥσπερ
3478 2974 3710 3052 εἷ’ρηται,
3742 2975 3810 3033 τὸ

2148 3075 2254 3125 τῶν
2312 3069 2609 3145 ἀνθρώπων
2655 3070 2812 3145 γένος
2858 3068 3232 3142 κατεσκεύασε,
3289 3068 3380 3122 καὶ
3442 3068 3620 3142 μένειν
3671 3066 3808 3136 ἠθέ-

2151 3159 2337 3230 λησεν·
2373 3161 2425 3214 οἰ
2457 3156 2514 3214 δὲ
2544 3157 2840 3233 ἅνθρωποι,
2869 3155 3417 3233 κατολιγωρήσαντες
3469 3159 3577 3210 τῶν
3624 3175 3807 3232 κρειτ-

2147 3249 2344 3321 τόνων,
2391 3249 2480 3304 καὶ
2517 3248 2838 3319 ὀκνήσαντες
2890 3246 3015 3322 περὶ
3063 3248 3163 3316 τήν
3218 3244 3426 3301 τούτων
3471 3242 3809 3319 κατάληψιν⁹

392 3357 518 3414 quae
551 3336 664 3396 sibi
695 3336 969 3410 pr0piora
996 3339 1181 3404 erant,
1244 3336 1594 3388 convertere.
1653 3336 1786 3388 Haec
1843 3338 2040 3389 autem

2154 3339 2218 3394 τὰ
2270 3319 2545 3414 ἐγγυτέρω
2592 3339 2704 3411 (18)
2741 3319 2971 3411 μᾶλλον-
3003 3335 3204 3391 ἑαυτῶν
3260 3332 3551 3406 ἐζήτησαν.
3609 3333 3809 3409 Ἐγγύ-

390 3445 603 3502 corpus
635 3431 690 3483 et
721 3443 932 3483 sensus
963 3423 1225 3496 corporis
1272 3426 1455 3479 erant.
1505 3422 1699 3478 Itarue
1747 3421 2038 3494 homines,

390 3523 646 3575 mentem
677 3520 735 3571 et
764 3514 1176 3587 cogitationem
1209 3528 1242 3566 a
1270 3513 1446 3566 rebus
1476 3509 1814 3567 coelestibus
1844 3529 2044 3567 avoca-

387 3611 617 3676 verunt,
649 3609 706 3661 et
752 3603 979 3676 seipsos
1019 3598 1399 3672 contemplari
1444 3605 1764 3672 coeperunt.
1807 3601 2041 3674 Seipsos

389 3699 585 3750 autem
607 3691 1080 3764 contemplando,
1105 3688 1449 3762 corporique
1472 3689 1673 3744 aliisve
1695 3689 1889 3757 rebus,
1913 3707 2040 3762 quae

390 3799 601 3840 sensus
622 3785 876 3850 movent,
909 3779 1264 3846 inherendo,
1301 3794 1366 3834 ac
1391 3778 1548 3833 velut
1577 3779 1635 3833 in
1661 3779 1911 3851 propriis
1942 3780 2044 3834 de-

391 3872 564 3944 cepti,
595 3872 653 3926 in
683 3869 774 3926 sui
802 3868 1185 3941 cupiditatem
1219 3867 1438 3939 delapsi
1471 3872 1629 3938 sunt,
1664 3868 1921 3941 propriis
1953 3885 2041 3924 re-

391 3962 503 4017 bus
535 3977 731 4016 rerum
762 3957 1092 4014 divinarum
1141 3955 1623 4028 contemplationi
1674 3958 2040 4030 antepositis.

393 4050 458 4106 In
481 4050 574 4105 his
608 4065 778 4121 porro
802 4049 1254 4111 commorantes,
1288 4044 1672 4117 nolentesque
1703 4064 1736 4102 a
1763 4047 2043 4119 proximis

394 4140 507 4196 sibi
541 4139 714 4194 rebus
745 4136 1062 4207 discedere,
1090 4151 1258 4191 suam
1288 4135 1547 4190 animam
1580 4136 1740 4192 omni
1761 4137 2044 4208 cupidita-

393 4232 520 4284 tum
552 4244 758 4300 genere
787 4227 1083 4282 turbatam
1115 4228 1172 4280 et
1209 4223 1598 4295 inquinatam,
1646 4225 1905 4298 corporis
1944 4243 2041 4280 vo-

392 4318 721 4391 luptatibus
753 4313 1172 4379 constrinxere,
1205 4329 1272 4368 ac
1301 4312 1417 4368 vim
1471 4330 1647 4386 quam
1702 4315 1774 4370 ab
1808 4315 1978 4371 initio
2010 4332 2045 4371 a

391 4413 505 4464 Deo
539 4411 900 4478 acceperant,
932 4405 1167 4476 penitus
1199 4401 1361 4458 obliti
1394 4408 1551 4458 sunt.
1594 4404 1648 4458 id
1683 4419 1815 4459 vero
1864 4404 1946 4460 ita
1977 4420 2042 4461 se

390 4497 604 4554 habere
633 4495 720 4553 vel
752 4513 818 4550 ex
847 4494 1036 4567 primo
1066 4493 1303 4548 homine
1333 4492 1526 4548 videre
1557 4491 1709 4562 licet,
1744 4497 1810 4548 ut
1847 4509 1914 4549 ex
1945 4510 2044 4550 sa-

391 4587 507 4643 cris
549 4585 864 4658 Scripturis
923 4583 1228 4640 discimus.
1279 4581 1582 4653 Siquidem
1643 4582 1904 4654 quandiu
1948 4582 2044 4640 ille

2149 3448 2277 3504 τερα
2307 3425 2364 3483 δὲ
2389 3427 2604 3489 τούτοις
2633 3425 2700 3496 ἦν
2744 3425 2807 3481 τὸ
2856 3429 3035 3499 σῶμα,
3065 3423 3158 3479 καὶ
3189 3423 3244 3478 αἱ
3271 3421 3468 3478 τούτου
3508 3421 3806 3493 αἰσθήσεις.

2150 3518 2302 3572 Ὅθεν
2351 3521 2459 3572 τῶν
2516 3517 2611 3590 μὶν
2643 3518 2852 3585 νοητῶν
2909 3515 3210 3584 ἀπέστησαν
3263 3512 3467 3567 ἑαυτῶν
3514 3511 3605 3567 τὸν
3653 3513 3807 3581 νοῦν,

2153 3604 2374 3669 ἑαυτοὺς
2407 3602 2463 3660 δὲ
2490 3609 2768 3660 κατανοεῖν
2799 3601 3032 3678 ἤρξαντο
3065 3604 3199 3677 (19).
3232 3598 3489 3662 Ἑαυτοὺς
3538 3597 3597 3655 δὲ
3643 3618 3809 3654 κατα-

2150 3699 2421 3768 νοοῦντες,
2455 3693 2546 3749 καὶ
2594 3697 2691 3748 τοῦ
2714 3713 2773 3748 τε
2822 3691 3075 3766 σώματος
3121 3688 3212 3747 καί
3257 3693 3366 3746 τῶν
3397 3685 3583 3744 ἄλλων
3617 3687 3810 3760 αἰσθη-

2148 3787 2258 3838 τῶν
2291 3776 2842 3857 ἀντιλαμὸανόμενοι,
2891 3780 2982 3836 καὶ
3022 3781 3096 3842 ὡς
3148 3777 3200 3834 ἐν
3235 3775 3398 3841 ἰδίοις
3437 3776 3813 3852 ἀπατώμενοι,

2153 3873 2229 3936 εἰς
2285 3873 2484 3928 ἑαυτῶν
2534 3871 2821 3945 ἐπιθυμίαν
2881 3867 3072 3925 ἔπεσαν
3132 3871 3268 3943 (20),
3324 3869 3394 3923 τὰ
3450 3865 3563 3923 ἴδια
3618 3886 3812 3944 προτι-

2157 3964 2424 4036 μήσαντες
2469 3967 2570 4031 τῆς
2621 3959 2759 4034 πρὸς
2799 3961 2868 4015 τὰ
2917 3962 3032 4015 θεῖα
3073 3958 3325 4035 θεωρίας’
3380 3954 3814 4034 ἐνδιατρίψαντες

2153 4049 2211 4106 δὲ
2238 4050 2474 4124 τούτοις,
2519 4049 2609 4105 καὶ
2654 4053 2759 4104 τῶν
2813 4048 3091 4126 ἐγγυτέρω
3144 4049 3220 4122 μὴ
3275 4048 3577 4118 ἀποστῆναι
3626 4045 3817 4102 θέλον-

2149 4162 2260 4213 τες,
2291 4145 2410 4203 ταῖς
2447 4140 2539 4214 μὲν
2569 4143 2666 4196 τοῦ
2709 4139 2972 4213 σώματος
3020 4134 3247 4208 ἡδοναῖς
3299 4134 3641 4194 συνέκλεισαν
3693 4135 3817 4190 ἐαυ-

2150 4235 2258 4286 τῶν
2302 4231 2401 4300 τήν
2453 4231 2661 4308 ψυχὴν,
2711 4227 3115 4304 τεταραγμένην
3164 4226 3256 4283 καὶ
3304 4225 3654 4306 πεφυρμένην
3703 4224 3818 4280 πά-

2153 4340 2270 4382 σαις
2304 4318 2634 4394 ἐπιθυμίαιςο
2665 4316 2852 4374 τέλεον
2904 4315 2962 4372 δὲ
3011 4313 3340 4372 ἐπελάθοντο
3381 4322 3484 4386 τῆς
3531 4313 3584 4386 ἐξ
3632 4314 3812 4389 ἀρχῆς

2154 4407 2328 4464 αὐτῶν
2359 4409 2506 4485 παρὰ
2534 4412 2666 4464 Θεοῦ
2699 4404 3000 4481 δυνάμεως.
3047 4409 3218 4461 Τοῦτο
3268 4401 3313 4460 δ’
3362 4402 3424 4459 ἄν
3451 4424 3538 4466 τις
3582 4399 3691 4460 ἴδοι
3719 4401 3813 4458 καὶ

2154 4497 2212 4553 ἐκ
2239 4501 2336 4552 τοῦ
2382 4498 2604 4575 πρώτου
2650 4493 2985 4559 πλασθέντος
3036 4495 3323 4567 ἀνθρώπου
3373 4491 3596 4562 ἀληθὲς,
3629 4491 3704 4554 ὡς
3755 4491 3814 4548 αἱ

2152 4587 2292 4663 ἱεραὶ
2322 4585 2446 4663 περὶ
2499 4585 2663 4640 αὐτοῦ
2712 4582 2936 4661 λέγουσι
2983 4581 3212 4662 Γραφαί.
3247 4582 3502 4643 Κάκεῖνος
3541 4579 3673 4656 γὰρ,
3701 4575 3811 4644 ἕως

391 4681 647 4732 mentem
679 4675 750 4730 ad
784 4679 965 4729 Deum
998 4677 1056 4729 et
1085 4672 1186 4728 Dei
1215 4671 1770 4744 contemplationem
1789 4672 2040 4745 applica-

2154 4677 2248 4749 μὲν
2275 4676 2366 4730 τὸν
2395 4678 2518 4730 νοῦν
2552 4674 2669 4752 εἶχε
2717 4675 2856 4748 πρὸς
2902 4674 2992 4729 τὸν
3043 4672 3170 4729 Θεὸν
3223 4671 3314 4727 καὶ
3345 4671 3444 4741 τὴν
3492 4667 3690 4726 τούτου
3720 4668 3811 4724 θε-

387 4765 488 4836 vit,
524 4763 781 4836 corporis
829 4761 1378 4834 contemplationem
1428 4761 1686 4832 respuit:
1737 4778 1872 4817 cum
1904 4779 2038 4821 vero

390 4854 678 4927 serpentis
703 4869 985 4925 persuasu
1016 4850 1427 4923 cogitationem
1473 4867 1505 4905 a
1537 4855 1648 4906 Deo
1693 4851 1919 4922 avertit,
1952 4870 2042 4910 se-

390 4959 505 5014 que
537 4940 925 5013 contemplari
951 4940 1159 5011 ccepit;
1195 4942 1334 4994 tunc
1363 4937 1448 4992 illi
1481 4938 1540 4993 in
1587 4939 1848 5011 corporis
1876 4942 2041 5014 cupi-

389 5032 632 5089 ditatem
666 5029 878 5086 misere
908 5029 1264 5097 inciderunt,
1292 5031 1349 5081 et
1378 5043 1441 5082 se
1471 5028 1660 5084 nudos
1682 5045 1812 5085 esse
1833 5046 2043 5102 cogno-

465 5159 481 5192 ι
512 5156 717 5214 Matth.
749 5173 802 5228 v,
831 5156 885 5211 8.

465 5281 575 5352 (15)
592 5281 703 5352 Sic
732 5285 969 5352 Seguer.
1000 5278 1169 5352 A_ngl,
1197 5282 1254 5352 et
1285 5277 1540 5334 Felckm.
1566 5278 1603 5332 2
1633 5296 1728 5336 an.
1759 5282 1872 5338 Alii
1903 5299 2039 5344 cum

394 5348 714 5413 θάίὶίέὸλως
746 5348 836 5409 vel
866 5348 996 5411 ὅλος
1030 5348 1168 5404 ἐστὶν
1204 5349 1396 5418 ἐαυτῷ.

464 5425 577 5496 (16)
637 5425 693 5474 Ὁ
752 5424 906 5496 ἅγιος
966 5425 1128 5479 deest
1183 5421 1240 5476 in
1293 5419 1524 5491 Gobler,
1586 5425 1642 5476 et
1698 5422 1950 5485 Felckm.
1985 5431 2036 5484 1-

392 5511 566 5551 anon.

465 5567 579 5636 (17)
610 5565 772 5623 Colb.
832 5570 889 5620 et
943 5565 1132 5622 Felck.
1164 5564 1199 5617 2
1234 5581 1375 5636 an.,
1435 5561 1854 5636 ἓνοπτρίζεσθαι.
1891 5569 2036 5628 Ibid.

395 5644 527 5707 ante
557 5635 706 5692 hanc
727 5653 924 5695 vocem
952 5637 1091 5692 editi
1112 5644 1169 5693 et
1189 5635 1395 5707 plures,
1432 5650 1577 5690 mss.
1600 5635 1770 5692 ’Com.
1821 5641 2041 5699 habent

392 5706 581 5783 αὐτῆς,
616 5710 744 5783 Seg.
776 5708 946 5783 Colb._
967 5708 1130 5765 Gobl.
1164 5706 1220 5763 et
1252 5706 1441 5764 Felck.
1480 5709 1504 5763 1
1539 5723 1658 5778 an.,
1693 5707 1908 5783 ἑαυτῆς.

463 5777 576 5860 (18)
604 5777 786 5851 Colb.,
819 5777 1129 5860 ἐγγύτερον.

2153 4763 2345 4841 ωρίαν,
2374 4764 2734 4841 ἀπεστρέφετο
2781 4763 2879 4832 τήν
2912 4761 3049 4836 πρὸς
3090 4761 3152 4815 τὸ
3202 4763 3362 4834 σῶμα
3408 4757 3636 4836 θεωρίαν

2152 4853 2243 4909 ὅτε
2291 4851 2350 4908 δὲ
2400 4847 2714 4926 συμϐουλίᾳ
2759 4855 2858 4906 τοῦ
2905 4847 3082 4926 ὄφεως
3127 4850 3330 4920 ἀπέστη
3385 4849 3480 4923 μὲν
3528 4853 3632 4918 τῆς
3669 4846 3807 4922 πρὸς

2152 4943 2242 4997 τὸν
2276 4942 2402 4998 Θεὸν
2436 4937 2702 5010 διανοίας,
2753 4938 2936 4994 ἐαυτὸν
2990 4935 3047 4994 δὲ
3082 4942 3356 4994 κατανοεῖν
3405 4934 3812 5014 ἤρξατο,’τηνιο

2153 5035 2324 5086 καῦτα
2368 5030 2459 5085 καὶ
2505 5029 2580 5092 εἰς
2631 5027 2917 5103 ἐπιθυμίαν
2962 5031 3060 5084 τοῦ
3110 5028 3365 5102 σώματος
3423 5020 3613 5083 ἔπεσαν
3643 5071 3660 5099 ,
3717 5023 3810 5080 καὶ

2225 5285 2338 5358 (19)
2369 5282 2500 5340 Hac
2518 5282 2697 5339 verba
2720 5279 2947 5358 ὲαυτοὸς
2977 5277 3036 5335 δὲ
3064 5284 3352 5358 κατανοεῖν.
3393 5275 3643 5358 ἤρξαντο,
3677 5295 3810 5358 qua

2151 5351 2413 5431 legerant
2461 5358 2520 5411 et
2546 5359 2839 5410 verterant
2894 5355 3262 5431 interpretes,
3318 5351 3812 5431 desiderabantur

2151 5419 2242 5485 in“
2268 5427 2463 5498 editis,
2523 5442 2652 5498 quae
2707 5441 2777 5480 ex
2833 5419 3274 5498 mss._Seguer.
3345 5421 3506 5481 Colb.
3567 5419 3803 5498 Gobler,

2155 5499 2408 5566 Felckm,
2439 5497 2475 5550 2
2505 5495 2560 5553 et
2589 5497 2624 5552 3
2653 5512 2826 5552 anon.
2872 5495 3265 5554 restituiinus.

2224 5572 2337 5641 (20)
2394 5565 2802 5641 ’SicUSegluer.
2870 5572 2928 5623 et
2975 5567 3147 5624 infra.
3179 5572 3256 5622 At
3297 5565 3484 5636 Colb.,
3516 5582 3802 5625 ατεπεσθν.

2151 5641 2267 5697 Alii
2300 5638 2435 5696 cum
2462 5638 2637 5695 editis
2658 5638 2868 5694 ἔπεσον.
2938 5693 2945 5700 ,

2221 5712 2330 5789 (21)
2361 5708 2520 5769 Colb.
2547 5713 2605 5770 et
2633 5709 2890 5772 Felckm.
2920 5714 2958 5769 2
2987 5724 3338 5788 anonymus,
3371 5704 3580 5793 φιλίαν.
