4160 6382
330 388 381 476 Ὦ
668 444 675 449 -
1548 406 1842 470 ORATIO
1887 405 2201 470 CONTRA
2249 406 2581 469 GENTES.
3695 406 3773 467 io

328 528 585 623 ’ἔγνωσαν
637 541 722 601 ὅτι
769 538 971 620 γυμνοὶ
1017 543 1182 615 ἦσαν,
1230 536 1322 597 καὶ
1363 538 1581 617 γνόντες
1625 538 1999 615 ᾐσχῦνθησαν.

2117 548 2344 608 verunt,
2379 558 2503 613 quae
2536 539 2682 614 ipsis
2709 556 2887 596 causa
2916 540 3027 596 fuit
3084 538 3484 596 erubescendi.
3534 538 3770 613 Seipsos

344 641 629 712 Ἔγνωσαν
664 630 722 690 δὲ
752 631 979 696 ἑαυτοὺς
1012 630 1255 708 γυμνοὺς
1288 630 1350 686 οὗ
1395 634 1650 686 τοσοῦτον
1702 629 1807 684 ἀπὸ
1857 625 2007 683 ἐνδυ-

347 726 533 800 μάτων
567 725 701 799 (22),
738 720 864 777 ἀλλ’
910 720 995 777 ὅτι
1044 720 1243 797 γυμνοὶ
1296 727 1396 789 τῆς
1442 724 1547 774 τῶν
1580 718 1735 777 θείων
1779 718 2009 791 θεωρίας

344 834 643 892 γεγονασι,
700 813 791 867 καὶ
834 811 971 888 πρὸς
1028 811 1096 866 τὰ
1156 809 1367 865 ἐναντία
1422 810 1521 878 τὴν
1579 806 1815 863 διάνοιαν
1881 828 2007 880 μετ-

343 907 601 979 ήνεγκαν.
634 898 998 963 Ἀποστοὶντες
1027 901 1131 975 γὰρ
1174 907 1276 969 τῆς
1327 898 1464 974 πρὸς
1493 898 1582 952 τὸν
1614 895 1708 953 ἕνα
1737 897 1825 951 καὶ
1858 892 2005 970 ὄντα,

343 993 474 1051 Θεὸν
507 991 683 1068 λέγω,
732 992 1112 1061 κατανοήσεως
1164 989 1253 1044 καὶ
1302 993 1399 1043 τοῦ
1440 988 1577 1063 πρὸς
1610 987 1767 1043 αὐτὸν
1814 986 2006 1054 πόθου,

343 1083 537 1141 λοιπὸν
573 1082 651 1145 εἰς
685 1079 979 1160 διαφόρους
1028 1080 1119 1134 καὶ
1164 1078 1242 1141 εἷς
1290 1079 1385 1141 τὰς
1434 1078 1570 1132 κατὰ
1625 1078 1787 1153 μέρος
1824 1076 2005 1132 ἐπιθυ-

348 1175 479 1249 μίας
510 1166 769 1243 ἐνέϐησαν
799 1172 909 1245 (23)
939 1173 1036 1225 τοῦ
1088 1169 1364 1242 σώματος.
1412 1166 1565 1235 Εἶτα,
1617 1167 1705 1221 οἶα
1744 1164 1894 1245 φιλεῖ
1924 1164 2007 1241 γί-

340 1263 519 1320 νεσθαι
552 1308 567 1333 ,
619 1261 846 1316 ἑκάστου
903 1258 993 1313 καὶ
1042 1256 1271 1314 πολλῶν
1346 1255 1632 1329 ἐπιθυμίαν
1694 1250 2002 1326 λαϐόντες,

338 1349 574 1427 ἤρξαντο
604 1350 695 1405 καὶ
725 1349 826 1419 τὴν
858 1348 994 1425 πρὸς
1056 1345 1219 1409 αὐτας
1266 1346 1451 1422 σχέσιν
1506 1341 1650 1421 ἔχειν
1686 1363 1699 1375 °
1734 1344 1872 1399 ὥστε
1915 1346 2005 1399 καὶ

341 1436 625 1520 φοϐεῖσθαι
668 1438 865 1499 ταύτας
915 1433 1261 1510 καταλεῖψαι.
1314 1436 1467 1489 Ὅθεν
1520 1432 1585 1504 δὴ
1637 1434 1727 1489 καὶ
1782 1431 2003 1506 δειλίαι,

338 1530 429 1586 καὶ
462 1524 647 1608 φόϐοι,
679 1528 770 1583 καὶ
815 1524 1032 1599 ἡδοναὶ,
1059 1525 1151 1581 καὶ
1210 1524 1379 1595 θνητὰ
1439 1529 1651 1603 φρονεῖν
1701 1527 1770 1597 τῇ
1846 1526 2001 1599 ψυχῇ

326 1619 730 1695 προσγέγονεν.
766 1615 838 1671 Οὐ
891 1613 1124 1671 θέλουσα
1170 1614 1274 1690 γὰρ
1325 1614 1625 1684 ἀποστῆναι
1671 1616 1777 1667 τῶν
1822 1611 2004 1667 έπιθυ-

349 1714 487 1785 μιῶν
518 1752 532 1778 ,
585 1703 834 1787 φοϐεῖται
880 1706 971 1761 τὸν
1023 1704 1248 1760 θάνατον
1298 1702 1389 1757 καὶ
1435 1703 1526 1757 τὸν
1572 1702 1860 1777 χωρισμὸν
1908 1705 2006 1755 τοῦ

349 1799 625 1872 σώματος.
679 1797 1047 1868 Ἐπιθυμοῦσα
1095 1790 1153 1847 δὲ
1199 1789 1387 1861 πάλιν,
1428 1792 1521 1846 καὶ
1555 1793 1629 1865 μή
1662 1791 2009 1866 τυγχάνουσα

2119 648 2291 704 porro
2324 648 2440 686 non
2458 636 2579 686 tam
2597 632 2859 687 vestibus
2878 631 3069 686 nudos
3091 647 3220 686 esse
3236 630 3766 703 deprehenderunt,

2120 737 2296 792 quam
2328 721 2482 792 quod
2512 737 2704 776 rerum
2728 719 3059 776 divinarum
3101 719 3593 792 contemplatione
3623 720 3767 776 nudi

2119 810 2253 867 facti
2278 815 2438 878 sunt,
2462 814 2634 882 atque
2657 810 2920 865 animum
2946 811 3016 865 ad
3042 809 3337 865 contraria
3360 809 3768 866 traduxerunt.

2118 901 2522 957 Desciscentes
2555 900 2711 955 enim
2739 899 2810 954 ab
2840 898 2998 954 illius
3032 898 3129 970 qui
3162 903 3217 953 et
3250 915 3405 953 unus
3436 903 3489 953 et
3520 915 3651 954 vere
3681 904 3771 955 est

2118 992 2323 1063 (Deum
2357 988 2638 1061 intelligo)
2666 988 2995 1061 cognitione
3044 992 3100 1043 et
3146 1005 3363 1054 amore,
3415 987 3475 1042 in
3509 988 3771 1044 diversas

2118 1079 2363 1151 posthac
2392 1082 2449 1133 et
2479 1076 2743 1150 singulas
2772 1078 3028 1149 corporis
3059 1077 3408 1149 cupiditates
3456 1092 3587 1133 sese
3635 1094 3768 1150 pro-

2108 1171 2321 1242 jecere.
2355 1168 2573 1225 Deinde
2607 1172 2673 1222 ut
2703 1167 2825 1221 ﬁeri
2880 1167 3046 1233 solet,
3110 1184 3242 1222 cum
3301 1166 3671 1241 singularum
3713 1172 3771 1222 et

2118 1257 2438 1313 multarum
2470 1273 2664 1311 rerum
2699 1255 3116 1326 cupiditatibus
3157 1256 3487 1327 flagrarent,
3541 1257 3600 1312 in
3631 1255 3766 1311 illas

2117 1347 2252 1404 ferri
2273 1346 2478 1402 habitu
2503 1350 2827 1417 coeperunt,
2852 1346 2993 1401 adeo
3023 1352 3085 1400 ut
3106 1362 3203 1401 eas
3225 1344 3555 1418 relinquere
3586 1345 3763 1401 etiam

2115 1437 2581 1494 reformidarent.
2616 1436 2761 1490 Hiue
2793 1436 3010 1491 factum
3041 1439 3129 1491 est
3160 1441 3222 1489 ut
3246 1436 3610 1505 timiditates,
3637 1454 3765 1491 me-

2114 1532 2213 1584 tus
2242 1544 2309 1584 ac
2338 1526 2615 1583 libidines
2647 1526 2706 1581 in
2750 1526 2947 1580 anima
2992 1524 3303 1593 orirentur,
3355 1525 3618 1598 nihilque
3666 1525 3769 1581 illa

2117 1617 2231 1673 nisi
2264 1615 2507 1672 mortale
2537 1620 2788 1687 saperet.
2823 1614 3125 1687 Siquidem
3176 1615 3381 1670 nolens
3421 1615 3768 1687 cupiditates

2118 1705 2437 1772 dimittere,
2470 1710 2718 1761 mortem
2746 1704 3123 1777 corporisque
3154 1703 3611 1775 disjunctionem
3639 1720 3766 1777 per-

2116 1796 2396 1851 timescit.
2430 1797 2575 1852 Cum
2602 1796 2743 1850 item
2776 1811 2844 1850 ea
2876 1811 3003 1865 quae
3036 1793 3491 1865 concupiscebat
3529 1810 3644 1849 non
3675 1810 3769 1849 as-

341 1892 450 1944 τῶν
484 1885 717 1961 ὁμοίων,
750 1880 919 1959 ἔμαθε
969 1881 1210 1963 φονεύειν
1259 1881 1349 1937 καὶ
1400 1880 1624 1938 ἀδικεῖν.
1659 1885 1785 1942 Πῶς
1818 1877 1876 1935 δὲ
1917 1880 2001 1935 καὶ

2118 1889 2482 1958 sequeretur,
2511 1884 2774 1941 occidere
2806 1887 2863 1939 et
2896 1883 3114 1954 injuste
3145 1899 3315 1956 agere
3347 1882 3569 1938 didicit.
3615 1882 3766 1946 Qua-

341 1981 510 2033 ταῦτα
537 1979 706 2049 ποιεῖ,
740 1970 967 2050 εὔλογον
998 1973 1135 2029 κατᾶ
1166 1969 1392 2046 δύναμιν
1435 1976 1695 2044 σημᾶναι.

412 2158 465 2215 4.
498 2156 807 2210 Ἀποστᾶσα
852 2157 955 2222 τῆς
997 2153 1105 2206 τῶν
1155 2153 1366 2219 νοητῶν
1428 2148 1678 2225 θεωρίας,
1738 2148 1828 2202 καὶ
1882 2150 2000 2209 ταῖς

340 2245 477 2301 κατὰ
527 2244 692 2320 μέρος
738 2246 837 2297 τοῦ
887 2242 1143 2315 σώματος
1198 2237 1493 2316 ἐνεργείαις
1545 2237 1947 2312 καταχρωμένη
1986 2280 1999 2305 ,

338 2335 430 2389 καὶ
460 2333 684 2403 ἡσθεῖσα
711 2335 781 2406 τῇ
810 2334 907 2386 τοῖ’)
960 2331 1214 2403 σώματος
1264 2327 1484 2405 θεωρίᾳ,
1533 2324 1625 2381 καί
1673 2323 1861 2381 ἰδοῦσα
1903 2345 1999 2380 κα-

338 2421 437 2478 λὸν
472 2423 637 2495 ἑαυτῇ
671 2420 805 2475 εἶναι
852 2421 951 2489 τὴν
994 2416 1192 2492 ἡδονὴ,
1237 2414 1576 2486 πλανηθεῖσα
1623 2416 2000 2491 κατεχρήσατο

338 2517 422 2586 τῷ
449 2516 548 2568 τοῦ
577 2508 750 2566 καλοῦ
785 2508 1034 2584 ὀνόματι,
1065 2508 1157 2563 καὶ
1206 2506 1447 2581 ἐνόμισεν
1499 2505 1633 2561 εἶναι
1662 2506 1762 2575 τὴν
1794 2502 1997 2574 ἡδονὴν

337 2601 468 2657 αὐτὸ
498 2601 561 2657 τὸ
591 2595 762 2662 ὅντως
784 2596 951 2655 καλόν
985 2617 997 2630 ·
1032 2597 1215 2673 ὥσπερ
1248 2593 1301 2651 εἷ’
1323 2617 1429 2667 τις,
1478 2596 1577 2665 τήν
1631 2591 1869 2649 διάνοιαν
1901 2616 2002 2649 πα-

340 2690 690 2767 ραπληγείς,
740 2688 831 2744 καὶ
880 2688 1121 2744 ἀπαιτῶν
1176 2686 1330 2766 ξίφος
1378 2687 1515 2740 κατὰ
1560 2688 1669 2740 τῶν
1721 2686 1999 2739 ἀπαντών-

336 2802 467 2852 των,
521 2778 742 2853 νομίζοι
791 2779 902 2853 (24)
949 2781 1115 2832 τοῦτο
1166 2776 1302 2831 εἶναι
1349 2776 1411 2829 τὸ
1460 2779 1787 2852 σωφρονεῖν·
1843 2775 2000 2849 Ἐρα-

339 2871 523 2925 σθεῖσα
552 2865 611 2924 δέ
664 2874 766 2938 τῆς
813 2865 1038 2939 ἡδονῆς,
1085 2865 1357 2928 ποικίλως
1407 2864 1572 2934 αὐτὴν
1626 2863 1855 2938 ἐνεργεῖν
1905 2861 2004 2939 ἤρ-

319 2959 483 3030 ξατο.
520 2955 664 3013 Οὗσα
691 2959 796 3034 γὰρ
840 2958 939 3027 τὴν
990 2955 1145 3035 φύσιν
1197 2954 1503 3026 εὐκίνητος,
1560 2954 1604 3009 εί
1636 2954 1726 3008 καὶ
1766 2955 1832 3008 τὰ
1860 2951 2004 3008 καλὰ

339 3046 680 3125 ἀπεστράφη,
734 3044 1006 3102 ἀλλάτοῦ
1046 3047 1307 3101 κινεῖσθαι
1356 3044 1417 3099 οὔ
1469 3042 1717 3100 παύεται.
1766 3048 2000 3098 Κινεῖται

342 3134 433 3192 οὖν
468 3136 567 3192 οὐκ
597 3132 675 3190 ἔτι
709 3135 804 3209 μὲν
833 3136 969 3191 κατὰ
996 3135 1219 3212 ἀρετὴν,
1250 3130 1376 3189 οὐδὲ
1406 3132 1543 3187 ὥστε
1562 3134 1653 3187 τὸν
1686 3132 1812 3188 Θεὸν
1847 3133 1997 3206 ὁρᾷν·

340 3224 489 3282 ἀλλὰ
517 3227 585 3280 τὰ
618 3226 693 3300 μὴ
743 3219 872 3279 ὅντα
922 3223 1285 3300 λογιζομένη,
1325 3223 1387 3278 τὸ
1419 3223 1616 3292 έαυτῆς
1649 3219 1866 3277 δυνατὸν
1906 3242 1999 3294 με-

2115 1992 2252 2032 nam
2283 1979 2479 2031 autem
2510 1974 2735 2030 ratione
2765 1973 2882 2029 ista
2911 1971 3109 2028 omnia
3130 1975 3285 2045 agat,
3306 1988 3491 2045 operae
3514 1971 3767 2045 pretium

2112 2072 2200 2121 est
2229 2083 2334 2139 pro
2366 2063 2641 2121 facultate
2672 2079 2977 2135 exponere.

2182 2157 2235 2211 4.
2268 2159 2589 2227 Postquam
2621 2170 2655 2210 a
2682 2169 2879 2209 rerum
2911 2152 3235 2208 caelestium
3276 2152 3769 2225 contemplatione

2112 2244 2353 2301 recessit
2382 2244 2601 2309 anima,
2662 2242 3028 2315 singulisque
3085 2241 3345 2315 corporis
3387 2242 3766 2299 facultatibus

2113 2350 2290 2407 prave
2321 2352 2450 2398 usa,
2511 2338 2567 2389 et
2630 2333 2888 2405 corporis
2947 2331 3439 2404 contemplatione
3479 2331 3763 2387 delectata

2112 2428 2221 2495 est,
2254 2428 2320 2479 ut
2345 2423 2493 2479 vidit
2522 2423 2743 2478 bonum
2775 2421 2885 2478 sibi
2917 2438 3045 2478 esse
3074 2421 3457 2492 voluptutem,
3490 2421 3629 2477 boni
3661 2438 3763 2477 no-

2113 2513 2291 2579 mine,
2325 2513 2572 2569 errando
2614 2513 2797 2567 abusa
2828 2516 2937 2583 est,
2966 2515 3142 2583 atque
3172 2510 3534 2583 voluptatem
3565 2512 3764 2582 ipsum

2109 2619 2312 2659 verum
2344 2602 2563 2658 bonum
2596 2618 2723 2657 esse
2743 2600 3117 2667 existimavit,
3142 2617 3256 2655 non
3279 2616 3447 2656 secus
3470 2616 3534 2655 ac
3558 2600 3606 2655 si
3630 2600 3765 2672 quis

2113 2696 2307 2747 mente
2339 2689 2665 2763 perculsus,
2700 2689 2961 2759 gladium
2994 2690 3053 2745 in
3076 2690 3312 2747 obvium
3337 2706 3631 2760 quemque
3652 2690 3767 2746 dis-

2111 2779 2488 2853 tringendum
2513 2779 2913 2851 postulaverit,
2938 2779 3112 2851 idque
3129 2779 3412 2851 sapientis
3444 2796 3573 2835 esse
3612 2779 3765 2835 arbi-

2113 2875 2321 2927 tretur.
2353 2872 2563 2925 Amore
2595 2880 2767 2941 perro
2798 2868 3116 2941 voluptatis
3146 2868 3392 2940 irrétita,
3441 2886 3569 2924 eam
3609 2867 3765 2925 varie

2112 2975 2376 3017 exercere
2404 2958 2599 3029 coepit.
2635 2959 2780 3013 Cum
2812 2957 2969 3014 enim
3008 2974 3078 3013 ex
3110 2961 3319 3013 natura
3345 2974 3456 3013 sua
3485 2957 3561 3013 sit
3599 2958 3764 3015 facile

2112 3047 2370 3115 mobilis,
2404 3048 2635 3103 tametsi
2668 3048 2739 3103 ab
2772 3047 2865 3102 his
2898 3064 3023 3119 quae
3055 3049 3209 3103 bona
3228 3051 3368 3103 sunt
3388 3063 3516 3104 sese
3537 3048 3764 3116 avertit,

2112 3137 2329 3194 moveri
2350 3141 2546 3193 tamen
2578 3154 2694 3192 non
2723 3136 2957 3192 desinit.
2990 3136 3255 3191 Movetur
3284 3136 3620 3208 itaquejam
3652 3154 3769 3192 non

2112 3227 2438 3283 secundum
2474 3226 2775 3291 virtutem,
2809 3241 2999 3296 neque
3041 3229 3105 3278 ut
3160 3229 3345 3279 Deum
3400 3225 3631 3281 videat:
3664 3225 3767 3280 sed

338 3319 576 3385 ταποιεῖ,
608 3314 1015 3390 καταχρωμένη
1064 3312 1245 3385 τούτῳ
1294 3312 1371 3374 εἷς
1402 3310 1465 3374 ἃς
1506 3310 1792 3380 ἐπενόησεν
1826 3309 2001 3365 ἐπιθυ-

2117 3317 2316 3372 inania
2348 3314 2634 3388 cogitans,
2670 3331 2808 3370 suas
2842 3314 3153 3369 facultutes
3186 3312 3297 3368 alio
3339 3314 3631 3384 transfert,
3664 3313 3767 3369 iis-

344 3404 471 3478 μίας
506 3449 520 3475 ,
579 3402 696 3460 ἐπεὶ
753 3403 845 3459 καὶ
904 3401 1247 3474 αὖτεξούσιος
1302 3402 1496 3477 γέγονε
1528 3445 1540 3458 .
1596 3399 1823 3455 Δύναται
1898 3400 2001 3475 γὰρ

340 3491 522 3571 ὥσπερ
570 3494 709 3569 πρὸς
754 3493 823 3548 τὰ
868 3490 1011 3547 καλὰ
1034 3490 1224 3561 νεύειν,
1257 3490 1401 3547 οὕτω
1430 3490 1519 3545 καὶ
1563 3491 1632 3545 τὰ
1676 3487 1819 3545 καλὰ
1865 3488 1998 3543 ἀπο-

340 3583 677 3662 στρέφεσθαι·
736 3580 1187 3660 ἀποστρεφομένη
1241 3578 1299 3637 δὶ
1343 3581 1405 3635 τὸ
1454 3579 1640 3651 καλὸν,
1691 3579 1908 3641 πάντως
1936 3579 2005 3632 τὰ

341 3671 555 3728 ἐναντία
606 3669 911 3747 λογίζεται·
969 3669 1270 3725 παύσασθαι
1324 3671 1429 3746 γὰρ
1488 3667 1723 3724 καθόλου
1770 3672 1867 3723 τοῦ
1916 3689 1998 3721 κι-

336 3763 542 3817 νεῖσθαι
589 3760 652 3818 οὐ
702 3758 942 3834 δύναται,
992 3761 1089 3830 τὴν
1151 3758 1306 3839 φύσιν
1365 3756 1527 3831 οὖσα,
1582 3758 1656 3820 ὡς
1716 3762 1998 3831 προεῖπον,

342 3851 647 3923 εὖκινητος.
697 3849 798 3905 Καί
853 3849 1200 3926 γινώσκουσα
1248 3849 1311 3903 τὸ
1366 3845 1712 3918 αὐτεξούσιον
1765 3847 1999 3917 έαυτῆς,

344 3942 445 4017 ὁρᾷ
496 3940 690 4010 έαυτήν
724 3937 974 3996 δύνασθαι
1020 3940 1136 3994 κατ’
1182 3937 1463 4017 ἀμφότερα
1505 3942 1624 3999 τοῖς
1666 3940 1762 3991 τοῦ
1812 3938 1999 4010 σώμα-

340 4051 436 4093 τος
471 4027 659 4104 μέλεσι
692 4031 805 4102 (25)
858 4029 1091 4106 χρᾶσθαι
1142 4025 1219 4090 εί¹ς
1269 4048 1328 4083 τε
1373 4028 1442 4083 τὰ
1487 4021 1615 4080 ὅντα
1666 4025 1756 4081 καὶ
1804 4027 1871 4080 τὰ
1922 4027 1996 4100 μή

341 4114 489 4175 ὄντα·
521 4113 651 4174 ὅντα
696 4115 754 4173 δέ
802 4117 913 4173 ἐστι
960 4118 1028 4171 τὰ
1076 4115 1241 4188 καλὰ,
1294 4117 1395 4173 οὐκ
1441 4111 1571 4171 ὄντα
1600 4112 1659 4170 δέ
1687 4117 1754 4170 τὰ
1798 4114 1999 4194 φαῦλα.

341 4210 504 4264 Ὄντα
552 4206 610 4264 δέ
657 4228 803 4287 φημι
860 4207 929 4262 τὰ
974 4205 1119 4262 καλὰ
1164 4208 1311 4281 (26),
1361 4204 1547 4260 καθότι
1600 4204 1659 4260 έκ
1700 4210 1796 4260 τοῦ
1845 4199 1999 4266 ὄντος

342 4302 475 4356 Θεοῦ
503 4299 572 4354 τὰ
625 4294 1045 4372 παραδείγματα
1101 4293 1241 4373 ἔχει·
1304 4293 1403 4350 οὐκ
1459 4288 1588 4349 ὄντα
1646 4292 1704 4349 δὲ
1747 4294 1816 4349 τὰ
1863 4294 2002 4349 κακὰ

339 4384 512 4463 λέγω,
568 4385 758 4442 καθότι
805 4384 1072 4448 ἐπινοίαις
1125 4385 1422 4461 ἀνθρώπων
1471 4382 1570 4440 οὐκ
1624 4378 1751 4437 ὄντα
1805 4382 2001 4438 ἀναπέ-

312 4473 597 4534 πλασται.
632 4477 899 4552 Ἐχοντος
947 4475 1051 4551 γὰρ
1098 4478 1198 4529 τοῦ
1247 4474 1503 4547 σώματος
1555 4471 1871 4549 ὀφθαλμοὺς
1923 4472 1999 4535 είς

337 4566 402 4621 τὸ
429 4567 532 4635 τήν
562 4563 734 4621 κτίσιν
764 4565 917 4635 ὁρᾷν,
957 4562 1047 4619 καὶ
1098 4560 1188 4618 διὰ
1234 4568 1336 4633 τῆς
1382 4561 1756 4637 παναρμονίου
1798 4561 1997 4632 ταύτης

2114 3422 2228 3479 que
2260 3404 2331 3461 ad
2364 3404 2679 3476 explendas
2707 3420 2847 3460 suas
2880 3408 2929 3459 4
2958 3402 3310 3475 cupiditates
3344 3401 3627 3473 abut-itur,
3670 3407 3764 3458 ut-

2113 3499 2247 3568 pote
2278 3512 2403 3566 quaz
2436 3493 2620 3549 libera
2651 3492 2805 3548 facta
2829 3492 2924 3548 sit.
2958 3492 3032 3548 Ut
3059 3492 3217 3547 enim
3246 3508 3308 3547 se
3338 3492 3409 3547 ad
3443 3491 3599 3547 bona
3627 3508 3767 3548 con-

2110 3589 2355 3653 vertere,
2391 3583 2473 3640 sic
2506 3583 2577 3638 ab
2609 3582 2820 3638 iisdem
2853 3599 2913 3638 se
2962 3585 3215 3638 avertere
3264 3585 3475 3653 potest.
3529 3586 3576 3635 A
3614 3581 3765 3638 bono

2113 3678 2311 3731 autem
2352 3690 2573 3740 aversa,
2628 3671 2923 3727 contraria
2971 3670 3210 3726 omnino
3267 3672 3503 3743 cogitat.
3554 3671 3700 3726 Nam
3735 3689 3769 3728 a

2112 3767 2276 3819 motu
2309 3761 2478 3834 plane
2510 3760 2812 3833 quiescere
2852 3777 2966 3816 non
3000 3764 3211 3832 potest,
3268 3760 3485 3832 quippe
3534 3777 3661 3833 quae
3700 3777 3769 3816 ex

2113 3856 2322 3909 natura
2353 3869 2480 3918 sua,
2514 3856 2579 3906 ut
2609 3850 2880 3922 superius
2913 3849 3053 3916 dixi,
3084 3849 3160 3905 sit
3210 3848 3622 3905 mobilissima.
3664 3848 3769 3906 Illa

2111 3958 2248 4015 ergo
2280 3941 2524 4014 proprias
2555 3940 2843 3996 libertatis
2875 3939 3129 4007 conscia,
3187 3939 3340 3995 videt
3384 3955 3447 3995 se
3485 3939 3769 3995 membris

2113 4031 2171 4087 in
2204 4035 2511 4101 utramque
2541 4034 2766 4102 partem
2792 4029 2875 4085 uti
2895 4046 3087 4102 posse,
3114 4033 3241 4085 tum
3267 4029 3337 4084 ad
3361 4045 3426 4085 ea
3456 4046 3584 4101 quae
3602 4033 3765 4100 sunt,

2111 4126 2239 4177 tum
2270 4121 2341 4176 ad
2370 4137 2438 4176 ea
2468 4137 2595 4192 quae
2627 4136 2744 4175 non
2776 4123 2935 4175 sunt.
2960 4119 3038 4174 Ea
3060 4123 3257 4174 autem
3281 4122 3438 4190 sunt,
3462 4136 3588 4191 quae
3615 4118 3769 4174 bona

2112 4214 2287 4266 sunt:
2323 4227 2391 4266 ea
2418 4225 2552 4265 vero
2584 4226 2699 4264 non
2732 4212 2889 4279 sunt,
2923 4225 3050 4279 quas
3084 4207 3239 4263 mala
3265 4212 3425 4263 sunt.
3468 4207 3643 4264 Porro
3702 4224 3769 4263 ea

2112 4315 2241 4357 esse
2269 4299 2401 4356 dico
2432 4316 2559 4371 quae
2592 4298 2746 4354 bona
2775 4301 2932 4363 sunt,
2986 4301 3279 4368 quatenus
3328 4313 3531 4352 eorum
3575 4313 3767 4352 exem-

2111 4389 2298 4463 plaria
2327 4388 2548 4443 suntin
2586 4388 2695 4443 Deo
2728 4386 2827 4459 qui
2858 4402 2989 4441 vere
3012 4390 3123 4441 est.
3170 4386 3251 4441 Ea
3301 4402 3435 4441 vero
3492 4401 3609 4440 non
3640 4402 3769 4442 esse

2111 4479 2242 4535 dico
2274 4495 2400 4550 quas
2424 4476 2580 4532 mala
2601 4479 2759 4543 sunt,
2785 4479 3100 4545 quatenus,
3127 4490 3260 4529 cum
3288 4472 3435 4528 nihil
3461 4473 3601 4542 sint,
3625 4473 3768 4531 solis

2110 4568 2421 4625 hominum
2452 4564 2797 4622 commentis
2827 4563 3073 4618 conﬁcta
3112 4565 3269 4619 sunt.
3301 4562 3447 4617 Nam
3479 4579 3614 4617 cum
3648 4579 3769 4618 cor-

340 4654 635 4726 συντάξεως
666 4654 948 4729 γινώσκειν
999 4650 1091 4708 τόν
1141 4650 1510 4727 Δημιουργόν·
1560 4648 1786 4728 ἔχοντος
1820 4648 1877 4706 δὲ
1909 4652 1999 4707 καὶ

2117 4675 2224 4729 pus
2254 4657 2469 4711 habeat
2498 4654 2698 4710 oculos
2731 4654 2801 4708 ad
2835 4668 2928 4708 res
2985 4658 3211 4707 creatas
3266 4651 3573 4720 videndas,
3605 4654 3662 4707 et
3691 4652 3766 4708 ad

322 4744 511 4814 ἀκοὴν
546 4743 623 4806 είς
655 4741 980 4818 έπακρόασιν
1028 4745 1136 4797 τῶν
1185 4740 1342 4797 θείων
1382 4738 1589 4816 λογίων
1638 4741 1728 4795 καὶ
1765 4745 1873 4795 τῶν
1906 4745 2002 4795 τοῦ

342 4837 478 4891 Θεοῦ
507 4831 716 4906 νόμων·
752 4828 980 4907 ἔχοντος
1027 4828 1085 4887 δὶ
1132 4830 1223 4886 καὶ
1273 4835 1486 4909 χεῖρας,
1537 4827 1616 4892 εἴς
1661 4850 1720 4884 τε
1760 4830 1859 4899 τήν
1891 4834 1999 4884 τῶν

342 4922 647 4999 ἀναγκαίων
680 4920 951 4997 ἐνέργειαν
998 4921 1090 4977 καὶ
1141 4920 1351 4977 ἔκτασιν
1399 4927 1502 4991 τῆς
1550 4921 1689 4996 πρὸς
1730 4919 1820 4975 τὸν
1872 4920 1998 4975 Θεὸν

316 5010 536 5091 ἐὐχῆς·
564 5014 601 5081 ἢ
633 5012 788 5089 ψυχὴ
823 5012 1102 5067 ἀποστᾶσα
1128 5018 1231 5080 τῆς
1278 5012 1417 5086 πρὸς
1463 5012 1529 5065 τὰ
1577 5009 1721 5065 καλὰ
1748 5009 1998 5085 θεωρίας,

341 5103 434 5158 καὶ
474 5107 578 5171 τῆς
609 5100 661 5156 έν
715 5100 902 5164 αὐτοῖς
951 5103 1240 5172 κινήσεως,
1291 5100 1485 5155 λοιπὸν
1534 5097 1865 5174 πλανωμένη
1917 5121 2001 5155 κι-

337 5196 510 5249 νεῖται
560 5189 638 5255 εἷς
688 5190 759 5247 τὰ
805 5188 1037 5248 ἐναντία.
1093 5189 1228 5248 Εἶτα
1282 5189 1345 5245 τὸ
1403 5186 1619 5245 δυνατὸν
1667 5189 1884 5259 ἑαυτῆς,
1926 5188 2000 5251 ὡς

337 5284 628 5359 προεῖπον,
684 5280 888 5356 ὁρῶσα,
943 5279 1035 5335 καὶ
1089 5277 1269 5351 τούτῳ
1326 5279 1730 5355 καταχρωμὲνη
1758 5325 1773 5351 ,
1836 5276 2001 5334 ἐνενό-

409 5477 531 5550 (22)
558 5480 822 5550 Segne”
853 5470 1178 5550 ὶνᾷὖματος.
1210 5475 1372 5550 ΗΜ.⁸
1398 5475 1523 5550 hm_c
1553 5475 1786 5550 verba,
1821 5472 1883 5530 οὐ
1913 5496 2003 5531 το-

339 5544 536 5607 «facit
560 5544 671 5604 ὄιπῖ
702 5544 1044 5621 ἐνδυμάτων
1082 5547 1309 5621 desunt
1356 5546 1446 5621 i_n_
1475 5546 1730 5621 Felekm.
1763 5547 1797 5603 3
1825 5564 2000 5621 anon.

416 5621 529 5694 (23)
561 5618 929 5694 SieAASeguer.
953 5623 1036 5694 At
1068 5620 1253 5694 qub;
1267 5622 1325 5675 et
1354 5618 1609 5677 Felckm.
1640 5621 1676 5675 2
1707 5636 1881 5676 anon.
1907 5618 2002 5674 έπ-

345 5682 569 5761 έϐησαν.
597 5691 707 5749 Alii
736 5682 870 5750 olim
900 5692 1093 5757 editis.
1125 5682 1416 5761 ἀνέϐησαν.

416 5760 530 5839 (24)
559 5764 657 5823 Sic
704 5767 944 5839 Seguer.
984 5762 1210 5822 Cobler.
1262 5760 1321 5820 et
1357 5760 1612 5821 Felckm.
1650 5778 1663 5817 l
1708 5778 1859 5821 anon
1890 5760 2002 5819 Alii

2110 4749 2439 4802 Creatorem
2472 4761 2573 4816 per
2605 4741 2977 4815 aptissimam
3010 4741 3351 4796 earumdem
3384 4757 3580 4796 rerum
3612 4757 3768 4797 com-

2112 4835 2465 4910 positionem
2498 4832 3008 4905 cognoscendum:
3044 4846 3180 4886 cum
3231 4845 3401 4885 aures
3450 4830 3663 4886 habeat
3693 4831 3766 4886 ad

2112 4925 2311 4979 divina
2341 4921 2577 4979 oracula
2606 4924 2663 4977 et
2699 4920 2794 4977 Dei
2823 4920 2979 4992 leges
3012 4919 3410 4975 audiendum:
3458 4934 3592 4974 cum
3642 4935 3765 4975 ma-

2111 5030 2225 5070 nus
2256 5013 2471 5069 habeat
2499 5028 2633 5067 cum
2665 5011 2737 5066 ad
2770 5009 3100 5066 necessaria
3130 5008 3480 5081 peragenda,
3532 5012 3659 5063 tum
3693 5009 3764 5064 ad

2112 5120 2211 5160 eas
2264 5103 2322 5157 in
2380 5101 2653 5175 precibus
2701 5099 3135 5156 extendendae:
3195 5097 3413 5165 anima,
3469 5097 3763 5154 bonorum

2112 5190 2609 5263 contemplatione
2629 5188 2897 5257 dimissa,
2922 5188 3023 5245 ubi
3044 5188 3103 5243 in
3126 5188 3220 5244 bis
3251 5191 3476 5243 motum
3499 5203 3765 5243 exercere

2110 5281 2306 5348 desiit,
2378 5279 2440 5335 in
2508 5278 2799 5336 contraria
2845 5279 2973 5349 jam
3032 5293 3236 5334 errans
3290 5276 3507 5333 moveri
3567 5277 3762 5349 erepit.

2112 5495 2249 5535 cum
2275 5475 2451 5534 editis
2475 5474 2709 5547 νομίζει,

2183 5550 2294 5628 (25)
2323 5548 2420 5605 Sic
2441 5544 2572 5620 Seg.
2595 5546 2956 5628 Golb.‘_l_3asil.
2982 5546 3206 5628 Anglic.
3240 5545 3470 5628 (lobler.
3504 5544 3760 5603 Felckm.

2116 5623 2138 5677 1
2174 5613 2231 5677 et
2258 5613 2293 5675 2'
2324 5613 2980 5691 anonymusnAliicum
3012 5613 3426 5691 qdltigyépecg.

2184 5689 2437 5766 (26)Ϋοὐκ
2480 5684 2644 5766 ’ὄντα-
2678 5687 2854 5766 aera
2919 5686 3113 5766 φαῦλα.
3170 5684 3330 5739 Ὄντά
3391 5684 3447 5742 δέ
3514 5685 3761 5765 φημιτᾶ

2111 5762 2253 5818 καλα
2278 5761 2496 5821 desunt
2524 5762 2584 5817 in
2612 5763 2787 5820 Basil.
2821 5766 2877 5819 et
2902 5761 3069 5834 Angl.
