4160 6390
391 355 463 423 ll
812 388 815 393 ·
933 358 1003 424 S.
1048 358 1471 425 ATHANASI!
1515 360 1691 425 OPP.
1735 360 1936 425 PARS
1978 360 2026 426 Ῑ.
2063 391 2141 410 -
2167 362 2592 429 HISTORICA
2637 365 2741 430 ET
2783 364 3270 432 DOGMATIGA.
3733 367 3815 434 12

389 496 611 558 Deinde
632 495 757 555 suis
776 495 1172 565 facultatibus,
1206 499 1271 553 ut
1298 498 1439 568 dixi,
1463 476 1801 572 perspectis,
1826 497 2039 571 hisque

2168 518 2301 567 qeev,
2351 497 2432 554 ὅτι
2480 499 2569 555 καὶ
2620 499 2696 564 εἷς
2744 501 2811 556 τὰ
2862 499 3072 557 ἐναντία
3116 497 3333 558 δύναται
3377 505 3547 559 κινεῖν
3592 500 3663 560 τὰ
3711 507 3813 563 τοῦ

393 572 664 655 abutens,
690 587 974 645 intellexit
1001 605 1063 644 se
1094 588 1353 660 corporis
1375 590 1642 645 membra
1664 606 1831 660 posse
1858 588 2038 644 etiam

392 681 454 738 in
499 679 792 737 contraria
838 694 1087 734 movere.
1148 678 1294 734 Hinc
1346 677 1473 734 loco
1532 678 2040 752 contemplationis

394 777 639 843 naturae,
671 770 869 828 oculos
899 772 972 827 ad
1004 769 1354 841 cupiditates
1386 769 1684 837 convertit,
1719 785 1782 825 se
1812 768 1870 823 id
1904 785 2043 840 quo-

395 879 510 935 que
541 878 711 935 posse
739 861 1074 929 ostendens,
1108 864 1282 932 atque
1310 860 1680 925 existimans,
1721 860 2041 917 dummodo

392 955 712 1020 moveatur,
747 966 810 1007 se
848 966 1017 1006 suam
1066 950 1411 1022 dignitatem
1461 966 1711 1021 servare,
1759 967 1865 1006 nec
1912 966 2042 1023 pec-

392 1058 543 1107 care,
577 1040 839 1097 t'aciendo
889 1040 1046 1111 quod
1097 1044 1310 1112 potest.
1360 1039 1576 1096 Verum
1628 1040 1942 1113 ignorabat
1981 1055 2043 1097 se

393 1135 648 1187 creatam
669 1146 816 1197 esse,
849 1146 966 1186 non
999 1132 1064 1185 ut
1093 1129 1439 1202 simpliciter
1464 1134 1813 1198 moveretur,
1846 1129 1947 1185 sed
1981 1132 2047 1185 ut

393 1220 465 1276 ad
494 1235 563 1275 ea
594 1236 719 1293 quae
753 1222 984 1291 oportet
1014 1222 1362 1285 moveretur,
1395 1222 1462 1274 ut
1491 1218 1613 1274 haec
1641 1235 1750 1275 vox
1789 1218 2044 1292 Apostoli

392 1308 613 1382 optime
658 1313 890 1365 monet:
922 1309 1121 1365 Omnia
1150 1309 1334 1375 licent,
1364 1309 1459 1365 sed
1501 1325 1618 1363 non
1664 1310 1852 1366 omnia
1882 1324 2044 1382 expe-

393 1398 556 1456 diunt
578 1400 620 1453 ³.

462 1490 516 1543 5.
545 1490 617 1544 At
645 1487 953 1544 hominum
985 1488 1230 1544 audacia
1260 1505 1375 1544 non
1398 1488 1470 1545 ad
1484 1466 1555 1544 id
1588 1488 1745 1560 quod
1774 1488 2047 1561 expedie-

391 1579 495 1635 bat
523 1581 581 1634 et
608 1578 870 1647 decebat,
903 1578 1004 1634 sed
1036 1578 1104 1634 ad
1152 1578 1210 1633 id
1258 1578 1415 1650 quod
1462 1581 1689 1649 poterat
1717 1578 2047 1649 attendens,

394 1667 690 1725 contraria
720 1683 892 1740 agere
921 1668 1133 1740 coepit:
1169 1668 1322 1725 unde
1361 1671 1416 1723 et
1467 1684 1678 1724 manus
1725 1666 1786 1722 in
1818 1670 2047 1724 contra-

394 1757 551 1813 rium
575 1757 1027 1827 movens,ca2des
1045 1760 1376 1829 perpetrare
1388 1757 1573 1829 jussit
1594 1775 1608 1814 ε
1634 1775 1807 1814 aures
1827 1758 1899 1814 ad
1930 1775 2047 1815 non

2152 588 2403 661 σώματος
2458 590 2598 661 μέλη
2626 607 2640 621 ·
2688 590 2777 646 καὶ
2828 587 2918 646 διὰ
2962 595 3124 647 τοῦτο
3174 591 3291 647 ἀντὶ
3344 597 3469 648 τοῦ·
3497 594 3598 664 τὴν
3636 593 3812 651 κτίσιν

2150 677 2298 753 ὁρᾷν,
2352 678 2428 741 εἷς
2484 677 2772 752 ἐπιθυμίας
2828 682 2942 755 (27)
2986 678 3079 736 τὸν
3125 678 3408 760 ὀφθαλμὸν
3461 682 3811 760 ἀποστρέφει,

2152 762 2487 837 δεικνύουσα,
2547 768 2631 823 ὅτι
2678 770 2770 824 καὶ
2824 774 2986 825 τοῦτο
3045 767 3281 825 δύναται’
3339 772 3431 827 καὶ
3488 771 3814 845 νομίζουσα,

2151 854 2256 928 ὅτι,
2310 856 2444 928 ἅπαξ
2502 858 2820 932 κινουμένη,
2868 860 3033 929 σώζει
3080 861 3179 929 τήν
3236 859 3433 931 εαυτῆς
3490 861 3663 933 ἀξίαν,
3719 862 3816 918 καὶ

2153 943 2261 1021 οὐχ
2310 947 2605 1022 ἁμαρτάνει
2650 953 2882 1003 ποιοῦσα
2923 949 2953 1003 ’ὀ
3004 946 3244 1005 δύναται·
3296 950 3386 1005 καὶ
3590 949 3691 1007 οὔκ
3740 952 3816 1006 εἷ-

2154 1031 2297 1103 δυῖα,
2329 1032 2412 1089 ὅτι
2463 1034 2571 1112 οὐχ
2601 1034 2791 1100 ἁπλῶς
2840 1039 3123 1109 κινεῖσθαι,
3173 1036 3302 1094 ἀλλ’
3352 1038 3430 1103 εἰς
3460 1038 3495 1093 ’ἆ
3526 1036 3609 1095 δεῖ
3652 1044 3821 1096 κινεῖ-

2154 1124 2271 1178 σθαι
2303 1125 2515 1199 γέγονεν
2544 1124 2741 1181 τούτου
2790 1128 2894 1202 γὰρ
2939 1128 3100 1204 χάριν
3151 1126 3242 1185 καί
3288 1126 3625 1199 ἀποστολική
3678 1150 3818 1202 παρ-

2155 1219 2325 1289 εγγυᾷ
2379 1217 2558 1293 φωνή·
2620 1216 2798 1272 Πάντα
2855 1214 3075 1289 ἔξεστιν,
3139 1216 3265 1274 ἀλλ’
3325 1217 3387 1274 ού
3445 1219 3623 1275 πάντα
3677 1240 3817 1297 συμ-

2155 1303 2322 1381 φέρει.

2224 1486 2279 1541 5.
2311 1481 2487 1539 Ἀλλὰ
2513 1488 2619 1539 τῶν
2655 1485 2953 1562 ἀνθρώπων
3004 1488 3039 1556 ἡ
3085 1483 3290 1560 τόλμα,
3342 1485 3442 1543 οὐκ
3482 1487 3560 1551 εἷς
3588 1486 3652 1546 τὸ
3681 1509 3820 1563 συμ-

2157 1574 2316 1651 φέρον
2364 1575 2455 1629 καὶ
2484 1575 2715 1650 πρέπον,
2767 1572 2893 1630 ἀλλ’
2942 1574 3020 1639 εἷς
3066 1573 3129 1630 τὸ
3177 1573 3396 1633 δυνατὸν
3609 1580 3818 1650 σκοπή-

2156 1683 2311 1735 σασα,
2342 1664 2409 1718 τὰ
2437 1662 2650 1719 ἐναντία
2677 1669 2853 1720 ποιεῖν
2905 1662 3128 1743 ¹ἤρξατο·
3178 1665 3319 1739 ὅθεν,
3349 1664 3441 1722 καί
3485 1667 3583 1730 τὰς
3622 1674 3818 1746 χεῖρας

2158 1751 2235 1815 εἷς
2290 1750 2352 1807 τὸ
2404 1752 2641 1808 ἐναντίον
2700 1755 3022 1829 κινουμένη,
3082 1754 3323 1835 φονεύειν
3376 1756 3665 1828 πεποίηκε,
3722 1758 3817 1813 καὶ

393 1845 791 1904 obediendum
821 1847 1141 1913 convertit;
1177 1848 1441 1907 membra
1468 1847 1583 1903 alia
1616 1848 1690 1903 ad
1721 1847 1937 1905 liberos
1964 1847 2047 1903 le-

2168 1843 2255 1940 τὴν
2311 1842 2506 1940 ἀκοὴν.
2540 1842 2615 1905 εἷς
2675 1845 2956 1918 παρακοήν
3015 1846 3343 1921 παρήγαγε,
3396 1846 3488 1901 καὶ
3544 1847 3614 1902 τὰ
3669 1844 3819 1903 ἄλλα

394 1936 601 2009 gitime
629 1936 1020 2007 procreandos
1051 1936 1207 2005 data,
1241 1936 1463 2009 stupris
1511 1940 1568 1993 et
1612 1936 1917 1994 adulteriis
1957 1936 2049 1993 in-

398 2025 613 2083 servire
644 2024 913 2098 permisit
939 2044 951 2081 :
986 2024 1249 2099 linguam
1282 2026 1453 2083 nobis
1483 2026 1554 2082 ad
1586 2026 2049 2083 benedicendum

398 2130 758 2182 concessam,
782 2116 854 2170 ad
877 2114 1362 2171 calumniandum
1386 2114 1976 2188 maledicendumque
1997 2118 2054 2172 et

395 2205 784 2279 pejerandum
817 2204 1121 2260 adhibuit:
1155 2205 1431 2261 manibus
1463 2205 1535 2261 ad
1559 2206 1874 2262 furandum
1896 2210 1954 2262 et
1974 2204 2053 2261 si-

398 2294 571 2352 miles
599 2294 873 2351 homines
891 2294 1303 2363 verberandos,
1323 2295 1571 2351 odoratu
1593 2294 1664 2350 ad
1689 2293 1879 2351 varios
1899 2311 2056 2352 ama-

392 2384 575 2441 torios
608 2385 817 2441 odores
849 2384 1239 2457 indagandos,
1277 2385 1494 2457 pedum
1528 2383 1904 2440 celeritatead
1928 2400 2057 2440 san-

389 2472 629 2547 guinem
660 2472 1082 2529 effundendum
1116 2472 1303 2529 abusa
1332 2477 1458 2529 est:
1492 2477 1753 2529 ventrem
1802 2473 2056 2546 denique

392 2562 660 2619 ebrietati
690 2566 747 2618 et
775 2561 1113 2635 inexplebili
1150 2562 1401 2619 satietati
1431 2562 1589 2618 dedit
1617 2581 1629 2631 ;
1664 2580 1791 2635 quae
1814 2563 2053 2635 quidem

391 2652 615 2719 omnia,
645 2652 788 2708 vitia
816 2656 875 2708 et
902 2656 1144 2725 peccata
1171 2656 1310 2708 sunt
1341 2653 1574 2717 animae,
1607 2669 1860 2725 quorum
1892 2652 2057 2709 nulla

392 2740 511 2798 alia
540 2758 721 2798 causa
748 2744 859 2807 est,
893 2757 1068 2811 quam
1101 2743 1256 2813 quod
1288 2757 1350 2798 se
1381 2759 1414 2797 a
1462 2742 1639 2797 rebus
1686 2741 2053 2813 praestantio-

396 2828 562 2886 ribus
593 2829 820 2885 avertit.
849 2829 1171 2886 Enimvero
1192 2830 1347 2885 idem
1370 2829 1454 2885 illi
1478 2830 1798 2904 contigisse
1826 2831 2057 2887 videtur

397 2934 463 2975 ac
497 2918 545 2974 si
577 2918 802 2992 auriga,
836 2919 936 2992 qui
987 2935 1171 2991 equos
1226 2919 1284 2974 in
1341 2918 1528 2977 stadio
1583 2919 1867 2985 ascendit,
1901 2924 2057 2977 meta

397 3024 515 3080 quo
549 3008 905 3064 currendum
956 3012 1045 3065 est
1095 3007 1375 3078 neglecta,
1429 3009 1501 3064 ab
1560 3024 1744 3081 eaque
1793 3025 2054 3075 aversus,

396 3114 638 3171 equum,
693 3100 758 3153 ut
808 3102 1017 3170 potest,
1072 3100 1301 3153 tantum
1361 3096 1582 3171 agitare
1629 3102 1796 3154 curet
1841 3098 2057 3170 (potest

396 3192 595 3244 autem
628 3190 693 3243 ut
721 3186 834 3243 sibi
866 3186 1141 3257 videtur),
1190 3186 1446 3259 hincque
1493 3188 1669 3244 modo
1717 3187 1777 3242 in
1818 3187 2053 3243 obvium

396 3292 693 3349 quemque
725 3275 1015 3348 impetum
1064 3271 1259 3342 faciat,
1311 3276 1486 3332 modo
1536 3275 1597 3331 in
1648 3275 1898 3348 abrupta
1928 3275 2057 3332 loca

393 3367 601 3423 tendat
629 3370 687 3421 et
706 3381 1058 3437 quocunque
1080 3381 1368 3437 equorum
1388 3364 1707 3438 pernicitas
1737 3382 1872 3422 eum
1904 3365 2057 3421 abri-

395 3454 609 3528 puerit,
633 3458 797 3510 ratus
821 3470 904 3523 se,
929 3455 1069 3510 dum
1094 3452 1175 3509 ita
1206 3455 1410 3524 currit,
1457 3471 1492 3511 a
1540 3458 1697 3511 meta
1743 3470 1858 3511 non
1890 3454 2057 3511 aber-

395 3544 789 3617 rare,‘quippe
821 3544 919 3615 qui
953 3543 1146 3599 solum
1169 3560 1407 3599 cursum
1431 3543 1649 3600 habeat
1677 3548 1811 3600 ante
1835 3543 2055 3611 oculos,

397 3651 505 3690 nec
528 3633 772 3707 proinde
792 3650 856 3689 se
883 3637 1038 3689 extra
1069 3636 1285 3689 metam
1321 3632 1454 3688 ferri
1490 3633 1935 3690 animadvertat.
1976 3635 2059 3690 Ita

399 3739 542 3780 sane
570 3723 771 3779 anima
801 3740 836 3778 a
863 3722 958 3778 via
998 3739 1124 3795 qua:
1170 3722 1241 3778 ad
1289 3725 1473 3778 Deum
1523 3722 1685 3779 ducit
1731 3739 1954 3793 aversa,
2003 3727 2059 3779 et

404 3816 612 3886 praeter
643 3811 699 3867 id
734 3812 887 3883 quod
921 3813 1087 3867 decet
1127 3811 1390 3885 corporis
1416 3812 1683 3869 membra
1726 3812 2057 3885 impellens,

399 3902 522 3959 imo
549 3917 683 3957 vero
712 3901 841 3973 ipsa
869 3917 1103 3973 quoque
1134 3918 1250 3956 una
1279 3917 1411 3957 cum
1461 3900 1578 3957 illis
1629 3919 1664 3957 a
1711 3902 1907 3975 seipsa
1941 3901 2060 3958 im—

404 3990 597 4064 pulsa,
632 3995 843 4063 peccat
864 3994 920 4046 et
945 3990 1164 4046 malum
1201 3990 1442 4046 sibimet
1462 3990 1651 4063 ﬁngit,
1674 4008 1780 4047 nec
1792 3992 2058 4048 animad-

398 4081 573 4138 vertit
602 4096 665 4137 se
694 4097 728 4135 a
753 4080 846 4136 via
876 4079 1199 4147 aberrasse,
1232 4086 1291 4136 et
1322 4083 1485 4136 extra
1531 4079 1793 4136 veritatis
1840 4084 2058 4137 metam

398 4170 619 4244 vagari,
652 4186 829 4241 quam
855 4170 1062 4225 beatus
1079 4169 1321 4234 Paulus,
1355 4169 1455 4241 qui
1488 4169 1786 4226 Christum
1814 4170 1874 4227 in
1897 4186 1960 4227 se
1984 4170 2061 4226 fe-

398 4261 584 4325 rebat,
618 4276 733 4331 prie
765 4258 952 4314 oculis
991 4258 1240 4325 habens,
1294 4258 1377 4314 ita
1434 4258 1827 4331 loquebatur:
1858 4259 1939 4316 Ad
1967 4260 2057 4315 de-

392 4351 670 4407 stinatum
697 4364 1009 4422 persequor,
1043 4347 1113 4403 ad
1147 4348 1404 4404 bravium
1450 4363 1711 4420 superna:
1764 4350 2061 4406 vocationis

396 4441 519 4497 Iesu
550 4438 766 4495 Christi
784 4439 823 4493 ³.
861 4439 1064 4510 Itaque
1096 4442 1334 4494 sanctus
1363 4437 1677 4511 Apostolus
1708 4439 2057 4512 cumipsum

397 4529 645 4594 bonum,
677 4544 922 4601 scopum
954 4532 1011 4583 et
1041 4527 1220 4584 finem
1279 4527 1542 4599 haberet,
1600 4527 1750 4584 nihil
1793 4544 2058 4601 unquam
2122 4522 2130 4532 ’

400 4617 540 4675 mali
572 4618 800 4689 agebat.

474 4707 518 4764 ὅ
550 4708 605 4763 6.
639 4706 916 4763 Nonnulli
948 4707 1188 4779 quidem
1218 4706 1540 4763 Gentilium
1573 4724 1607 4763 a
1633 4707 1754 4763 veri
1776 4706 1870 4763 via
1896 4706 2059 4763 aber-

403 4799 622 4866 rantes,
656 4812 762 4851 nec
809 4795 1109 4853 Christum
1153 4802 1593 4869 cognoscentes,
1645 4795 1879 4853 malitiae
1911 4797 2057 4853 sub-

401 4884 681 4943 stantiam
715 4884 977 4957 aliquam
1001 4900 1131 4940 esse
1159 4901 1225 4940 ac
1255 4901 1358 4957 per
1387 4885 1646 4957 seipsam
1667 4885 1949 4943 exsistere
1980 4886 2058 4942 af-

399 4976 726 5043 firmavere,
756 4990 873 5045 qua
895 4973 1150 5046 profecto
1171 4974 1229 5028 in
1253 4974 1548 5047 opinione,
1581 4973 1800 5046 duplici
1831 4975 2057 5032 ratione

465 5084 489 5118 ²
517 5083 538 5139 Ι
566 5084 692 5140 Cor.
725 5098 800 5149 v1,
833 5079 922 5136 l2.
954 5081 975 5116 ³
1008 5079 1219 5154 Pilipp.
1255 5098 1340 5149 ιιι,
1377 5083 1465 5137 14.

466 5190 580 5263 (27)
617 5189 907 5263 Felk_m._3
936 5204 1134 5263 anon”
1181 5186 1491 5263 ἐπιθυμίαν.

469 5257 589 5335 (28)
613 5259 906 5335 Particula
925 5257 1017 5313 καί
1047 5260 1213 5335 deest
1242 5260 1299 5315 in
1332 5257 1591 5335 Seguer.,
1625 5276 1732 5335 n_e_c
1754 5276 1884 5335 eam
1905 5260 2057 5335 lege-

394 5332 537 5389 runt
563 5332 933 5391 Omnibonus
980 5336 1037 5389 et
1083 5332 1435 5390 Ambrosius
1478 5332 1780 5399 Gamald.;
1820 5332 1881 5389 in
1920 5332 2055 5390 aliis

393 5421 532 5461 vero
563 5404 799 5474 legitur.

468 5478 581 5543 (29)
614 5470 851 5547 Seguer.
862 5518 875 5543 ,
908 5470 1171 5547 ἀδύνατον
1182 5518 1195 5530 .

467 5548 576 5619 (30)
610 5545 715 5619 Sic
733 5547 971 5617 Seguer.
1005 5545 1218 5603 Gobler
1247 5550 1303 5602 et
1334 5546 1589 5602 Felckm.
1625 5548 1651 5602 1
1706 5564 1904 5615 anon.,
1955 5547 2055 5604 alii

398 5635 535 5674 cum
562 5618 742 5690 deditis
768 5622 1024 5690 νομικῆς.

469 5690 584 5815 (Βξζ)
617 5687 869 5747 Colbert.
929 5687 1139 5746 Goblcr
1193 5694 1249 5748 et
1306 5690 1587 5748 Felkm.l
1649 5708 1848 5760 anon,
1888 5711 2050 5746 κατα-

474 5781 531 5815 ον
562 5781 681 5815 ισει.

399 5780 569 5842 φρονη
581 5781 681 5821 σει.

2164 1930 2306 2005 μέλη
2341 1933 2418 1994 εἰς
2447 1929 2511 1986 τὰ
2564 1931 2840 2009 μοιχεύειν
2872 1933 2990 1988 ἀντὶ
3019 1932 3272 2007 νομίμης
3444 1935 3814 2011 τεκνογονίας·

2159 2019 2250 2075 καί
2281 2022 2379 2090 τὴν
2418 2022 2511 2094 μὲν
2562 2019 2812 2096 γλῶτταν
2846 2022 2963 2077 ἀντὶ
3013 2022 3286 2101 εὐφημίας
3329 2023 3408 2087 εἷς
3462 2021 3816 2103 βλασφημίας

2160 2109 2251 2165 καὶ
2284 2107 2566 2185 λοιδορίας
2592 2112 2683 2166 καὶ
2716 2109 3018 2186 ἐπιορκίας,
3063 2113 3164 2175 τὰς
3209 2109 3268 2168 δὲ
3318 2118 3512 2190 χεῖρας
3560 2112 3626 2169 αὖ
3655 2113 3824 2170 πάλιν

2164 2199 2239 2262 είς
2269 2198 2332 2255 τι)
2362 2198 2613 2255 κλέπτειν
2643 2201 2734 2255 καὶ
2761 2199 2980 2255 τύπτειν
3018 2199 3148 2264 τοὺς
3199 2200 3428 2276 ὁμοίους
3478 2203 3819 2279 ἀνθρώπους’

2162 2290 2252 2345 καὶ
2291 2291 2391 2360 τὴν
2461 2290 2555 2363 μὲν
2615 2284 2902 2368 ὄσφρησιν,
2951 2290 3027 2353 εἷς
3076 2287 3263 2365 ὀδμῶν
3324 2291 3596 2367 ἐρωτικῶν
3642 2313 3824 2349 ποικι-

2164 2377 2309 2441 λίας·
2360 2378 2488 2441 τοὺς
2539 2376 2596 2434 δὲ
2643 2377 2813 2442 πόδας
2869 2379 2946 2442 είς
2999 2378 3232 2451 ὀξύτητα
3285 2384 3383 2435 τοῦ
3427 2379 3616 2458 ἐκχέαι
3663 2382 3819 2456 αἷμα·

2163 2469 2253 2523 καὶ
2282 2470 2383 2538 τὴν
2431 2469 2525 2542 μὲν
2577 2469 2812 2546 γαστέρα
2864 2470 2942 2533 εἱς
2994 2470 3161 2543 μέθην
3206 2470 3297 2525 καὶ
3343 2469 3507 2548 κόρον
3556 2468 3824 2550 ἀπλήρω-

2162 2579 2255 2613 τον
2289 2578 2302 2591 ·
2367 2560 2501 2635 ἅπερ
2544 2556 2721 2613 πάντα
2764 2557 2927 2613 κακία
2980 2557 3070 2613 καὶ
3123 2558 3361 2634 ἁμαρτία
3416 2562 3605 2637 ψυχῆς
3657 2559 3821 2618 ἐστιν.

2166 2648 2326 2703 Δίτία
2383 2646 2441 2703 δὲ
2494 2647 2701 2703 τούτων
2763 2644 3014 2722 οὒδεμία,
3067 2645 3193 2703 ἀλλ’
3249 2651 3285 2718 ἡ
3343 2653 3452 2705 τῶν
3501 2649 3827 2725 κρειττόνων

2166 2737 2503 2815 ἀποστροφή.
2561 2737 2650 2800 Ὠς
2699 2738 2805 2813 γὰρ
2854 2736 2942 2792 ἐὰν
2988 2737 3241 2814 ἡνίοχος,
3292 2734 3484 2802 ἐπιϐὰς
3527 2736 3722 2801 ’ίπποις
3773 2738 3827 2794 ἐν

2164 2823 2368 2898 σταδίῳ
2423 2828 2807 2905 καταφρονήσῃ
2855 2828 2969 2900 (31)
3022 2827 3116 2901 μὲν
3173 2831 3271 2881 τοῦ
3330 2832 3576 2902 σκοποῦ,
3635 2827 3714 2891 εἷς
3766 2828 3827 2883 ’ὸν

2147 2912 2410 2970 -έλαύνειν
2473 2914 2633 2971 αύτὸν
2686 2917 2981 2991 προσήκει,
3042 2916 3405 2994 ἀποστραφεὶς
3465 2914 3524 2972 δὲ
3578 2921 3769 2973 τοῦτον
3809 2959 3824 2986 ,

2167 3003 2357 3066 ἁπλῶς
2392 3001 2591 3079 ἐλαύνῃ
2614 3002 2705 3059 τὸν
2752 3003 2922 3060 ’ἱππον
2954 3003 3031 3067 ὡς
3081 3004 3139 3059 ἂν
3192 3002 3439 3075 δύνηται’
3494 3003 3712 3062 δύναται
3745 3003 3826 3076 δὲ,

2165 3092 2239 3154 ὡς
2294 3089 2569 3167 βούλεταυ
2617 3090 2708 3148 καί
2737 3090 3008 3156 πολλάκις
3062 3094 3156 3167 μὲν
3191 3093 3269 3156 είς
3296 3094 3426 3158 τοὺς
3476 3095 3825 3159 ἀπαντῶντας

2168 3182 2333 3256 ὁρμᾷ,
2378 3179 2652 3245 πολλάκις
2702 3179 2760 3237 δὲ
2800 3182 2889 3237 καὶ
2940 3184 3077 3238 κατά
3116 3186 3377 3259 κρημνῶν
3436 3181 3637 3259 ἐλαύνῃ
3688 3186 3826 3259 (32),

2168 3266 2468 3351 φερόμενος
2499 3270 2639 3327 ὅπου
2683 3270 2729 3327 δ’
2768 3272 2826 3326 ἂν
2878 3272 3063 3327 ἑαυτὸν
3108 3275 3178 3346 τῇ
3225 3271 3443 3343 ὀξύτητι
3488 3278 3596 3329 τῶν
3638 3272 3827 3330 ’ίππων

2168 3362 2343 3441 φέροι,
2392 3362 2657 3436 νομίζων,
2709 3361 2814 3431 ὅτι,
2863 3360 3007 3417 οὕτω
3056 3362 3293 3437 τρέχων,
3342 3362 3443 3418 οὐκ
3482 3360 3695 3441 ἐσφάλη
3724 3367 3827 3418 τοῦ

2168 3455 2393 3507 σκοποῦ·
2427 3448 2566 3525 πρὸς
2595 3452 2699 3527 γὰρ
2758 3449 2916 3523 μόνον
2968 3451 3062 3505 τὸν
3107 3447 3311 3527 δρόμον
3358 3447 3684 3523 ἀποϐλέπει,
3734 3453 3829 3507 καὶ

2168 3539 2277 3616 οὐχ
2316 3542 2437 3616 ὁρᾷ,
2488 3539 2573 3595 ὅτι
2622 3535 2724 3610 ἔξω
2768 3543 2865 3595 τοῦ
2914 3545 3119 3596 σκοποῦ
3171 3541 3410 3616 γέγονεν·
3465 3540 3609 3597 οὕτω
3652 3541 3742 3597 καὶ
3789 3544 3826 3596 '6

2168 3631 2321 3706 ψυχὴ
2384 3632 2787 3706 ἀποστραφεῖσα
2839 3629 2939 3699 τήν
2997 3626 3135 3705 πρὸς
3188 3628 3283 3686 τὸν
3332 3628 3460 3686 Θεὸν
3517 3627 3675 3705 ὁδὸν,
3732 3629 3828 3685 καὶ

2169 3717 2468 3774 έλαύνουσα
2511 3719 2659 3794 παρᾶ
2703 3718 2766 3773 τὸ
2821 3718 3028 3793 πρέπον
3074 3718 3141 3773 τὰ
3191 3723 3291 3775 τοῦ
3348 3719 3603 3793 σώματος
3655 3716 3853 3793 μέλην

2172 3805 2476 3883 μᾶλλονδὲ
2518 3809 2607 3863 καὶ
2660 3807 2793 3877 αὐτὴ
2850 3809 2963 3881 μετ’
3012 3807 3186 3863 αὐτῶν
3236 3808 3323 3884 ὑφ’
3370 3809 3567 3879 ἑαυτῆς
3608 3806 3831 3865 ἐλαυνο-

2173 3899 2331 3972 μένη,
2381 3897 2670 3973 ἁμαρτάνει
2720 3896 2809 3952 καὶ
2854 3898 2917 3951 τὸ
2963 3897 3127 3952 κακὸν
3180 3897 3344 3972 ἑαυτῇ
3402 3894 3653 3971 πλάττει,
3712 3897 3826 3976 οὐχ

2169 3988 2371 4062 ὁρῶσα,
2404 3986 2488 4041 ὅτι
2517 3983 2858 4057 πεπλάνηται
2888 3993 2991 4056 τῆς
3041 3983 3192 4060 ὁδοῦ,
3224 3986 3315 4041 καὶ
3363 3982 3466 4057 ἔξω
3506 3987 3701 4063 γέγονε
3727 3992 3829 4043 τοῦ

2166 4083 2268 4146 τῆς
2299 4073 2555 4146 ἀληθείας
2606 4075 2833 4151 σκοποῦ,
2884 4075 2962 4137 είς
3010 4076 3069 4131 ὃν
3115 4076 3144 4130 ὁ
3194 4075 3568 4154 χριστοφόρος
3629 4076 3763 4153 ἀνὴρ
3803 4077 3830 4133 5

2173 4163 2437 4240 μακάριος
2496 4162 2715 4226 Παῦλος
2774 4158 3103 4220 ἀποϐλέπων
3162 4162 3353 4240 ἔλεγε·
3416 4166 3564 4220 Κατά
3620 4166 3825 4221 σκοπὸν

2170 4253 2354 4311 διώκω
2391 4300 2405 4321 ,
2464 4253 2541 4316 εἷς
2598 4253 2660 4308 τὸ
2704 4248 2960 4330 βραϐεῖον
3011 4260 3112 4323 τῆς
3172 4251 3283 4309 ἄνω
3332 4251 3585 4325 κλήσεως
3646 4255 3828 4326 Ἰησοῦ

2169 4348 2426 4420 Χριστοῦ·
2478 4347 2693 4398 σκοπῶν
2747 4347 2878 4419 γοῦν
2929 4343 2992 4398 τὸ
3037 4340 3205 4398 καλὸν
3261 4344 3290 4399 6
3340 4344 3516 4419 ἅγιος,
3566 4338 3834 4401 οὐδέποτε

2165 4434 2228 4489 τὸ
2252 4434 2414 4489 κακὸν
2448 4431 2639 4489 ἐποίει.

2235 4707 2287 4759 6.
2320 4700 2605 4773 Ἑλλήνων
2661 4702 2755 4776 μὲν
2807 4699 2899 4757 οῦν
2928 4703 3042 4777 (33)
3090 4721 3256 4771 τινες,
3297 4698 3662 4771 πλανηθέντες
3721 4707 3830 4771 τῆς

2167 4789 2315 4866 ὁδοῦ,
2367 4793 2457 4847 καὶ
2503 4793 2594 4847 τὸν
2636 4792 2865 4868 Χριστὸν
2917 4791 3017 4847 οὐκ
3064 4789 3381 4866 ἐγνωκότες,
3431 4791 3484 4847 ἐν
3535 4789 3828 4848 ὑποστάσει

2164 4881 2254 4937 καὶ
2283 4883 2403 4936 καθ’
2443 4882 2636 4951 ἑαυτὴν
2680 4881 2813 4935 εἶναι
2861 4882 2962 4950 τὴν
3012 4881 3202 4936 κακίαν
3252 4880 3595 4959 ἀπεφήναντο
3645 4882 3827 4957 ἁμαρ-

2163 4972 2416 5033 τάνοντες
2446 4971 2583 5025 κατά
2631 4967 2728 5026 δύο
2774 4973 2960 5025 ταῦτα·
2993 4972 3028 5040 ἢ
3061 4972 3151 5026 τὸν
3206 4971 3554 5046 Δημιουργὸν
3601 4970 3831 5026 ἀποστε-

2238 5188 2347 5263 (32)
2381 5189 2622 5263 Seguer.
2659 5187 2909 5246 Colbert.
2956 5187 3132 5245 Basil.
3192 5192 3251 5246 et
3306 5186 3531 5246 Felkm.
3566 5188 3592 5245 1
3625 5198 3831 5255 anon.,

2144 5301 2149 5306 ι
2166 5257 2227 5314 ἒλ
2236 5257 2405 5314 αύνει.

2237 5332 2349 5405 (33)
2370 5330 2676 5405 ,Particula
2704 5327 2795 5405 οὖν
2828 5331 2996 5405 deest
3022 5331 3083 5387 in
3103 5329 3273 5405 _Colb.
3307 5331 3464 5405 Quos
3502 5332 3702 5405 autem
3733 5328 3831 5387 hic

2165 5400 2415 5460 notet'S.
2448 5402 2827 5475 Athanasius,
2862 5402 3237 5475 nobisiplane
3263 5420 3379 5460 non
3411 5402 3619 5475 liquet.
3658 5400 3834 5475 Certe

2164 5477 2415 5548 fAuraspas
2477 5474 2719 5548 quidam
2810 5470 2971 5548 apud
3015 5470 3494 5548 Xenophontem
3541 5470 3826 5548 Cyropwd.

2164 5546 2266 5619 lib.
2302 5543 2359 5601 v1
2381 5543 2526 5602 satis
2554 5545 2777 5619 indicat
2810 5543 2960 5619 hanc
2981 5543 3314 5619 aliquorum
3338 5543 3828 5619 philosophorum

2166 5617 2350 5675 fuisse
2392 5618 2765 5686 sententiam,
2820 5618 2969 5673 duas
2998 5616 3356 5675 in'homine'
3408 5632 3539 5674 esse
3569 5616 3825 5686 animas,

2161 5662 2377 5747 bonam
2412 5689 2679 5759 alteram,
2713 5662 2955 5747 alteram
2990 5662 3254 5750 malum?
3322 5662 3345 5725 ᾖ
