4160 6386
390 387 470 454 13
1578 384 1873 450 ORATIO
1918 383 2239 446 CONTRA
2283 385 2611 452 GENTES.
3739 388 3814 449 14

391 526 611 603 ροῦντες
641 525 738 580 τοῦ
762 519 894 580 εἶναι
924 521 1161 594 ποιητὴν
1188 526 1294 579 τῶν
1342 515 1532 579 ὄντων’
1569 520 1669 577 οὐκ
1715 521 1773 577 ἃν
1819 522 1922 598 γὰρ
1957 518 2038 589 ε’ίη

2167 522 2493 593 peccabant.
2554 523 2658 581 Vel
2702 524 2858 583 enim
2916 528 3210 603 negabant
3264 527 3559 585 Cratorem
3613 542 3813 583 rerum

390 619 498 672 τῶν
534 609 704 671 ὄντων
737 612 957 690 Κύριος,
987 611 1039 670 εἴ
1062 635 1125 691 γε
1144 615 1260 670 κατ’
1281 613 1473 677 αὐτοὺς
1505 616 1540 684 ἠ
1572 612 1734 669 κακία
1760 612 2047 668 ὑπόστασιν

392 700 507 782 ἔχει
547 705 665 760 καθ’
716 705 910 773 ἑαυτὴν
958 704 1047 760 καὶ
1099 703 1299 760 οὐσίαν·
1348 704 1383 774 ἢ
1429 702 1618 775 πάλιν,
1670 700 1917 763 θέλοντες
1958 700 2050 755 αὐ-

389 794 483 852 τόν
533 796 771 866 ποιητὴν
825 794 958 849 εἶναι
1006 799 1113 849 τῶν
1173 793 1337 868 ὅλων,
1400 793 1451 866 ἐξ
1510 794 1750 869 ἀνάγκης
1806 794 1895 847 καὶ
1952 797 2048 847 τοῦ

390 889 560 941 κακοῦ
592 882 855 939 δώσουσιν
889 884 1042 940 εἶναι*
1080 883 1129 939 ἐν
1180 886 1283 960 γὰρ
1330 889 1447 946 τοῖς
1493 881 1611 938 οῦσι
1656 884 1745 937 καὶ
1788 883 1850 937 τὸ
1889 882 2050 937 κακὸν

391 975 510 1031 κατ’
544 974 740 1037 αὐτούς
788 973 920 1029 ἐστι.
970 978 1137 1029 Τοῦτο
1195 971 1251 1029 δὲ
1299 972 1497 1029 ἄτοπον
1539 972 1629 1028 καὶ
1679 970 1935 1028 ἀδύνατον
1988 971 2046 1025 ἂν

393 1064 610 1141 φανείη”
645 1063 706 1120 οὐ
738 1065 842 1141 γὰρ
875 1062 934 1119 έκ
960 1068 1056 1119 τοῦ
1087 1062 1260 1119 καλοῦ
1310 1064 1372 1119 τὸ
1418 1064 1603 1133 κακὸν,
1656 1060 1781 1117 οὐδὲ
1820 1061 1870 1116 ἐν
1906 1060 2049 1133 αὐτῷ

392 1153 553 1227 ἔστιν,
586 1151 712 1210 οὐδὲ
744 1151 812 1208 δι’
844 1153 1027 1210 αὐτοῦ’
1076 1152 1190 1209 ἐπεὶ
1240 1153 1417 1209 οὐκέτι
1461 1150 1627 1207 καλὸν
1664 1152 1721 1206 ἂν
1772 1148 1853 1220 εἷή
1894 1172 2051 1224 μεμι-

388 1244 599 1320 γμένην
652 1238 779 1320 ἔχον
827 1244 927 1312 τὴν
978 1242 1154 1321 φύσιν,
1200 1243 1235 1312 ἢ
1269 1240 1440 1298 αἷίτιον
1492 1242 1777 1317 γινόμενον
1807 1243 1923 1311 (34)
1951 1261 2047 1294 κα-

388 1338 488 1390 κοῦ
541 1334 604 1388 Οἱ
663 1330 721 1389 δὲ
778 1332 883 1387 ἀπὸ
913 1337 1021 1389 τῶν
1070 1334 1346 1407 αἱρέσεων,
1399 1331 1712 1394 ἐκπεσόντες
1760 1339 1862 1400 τῆς
1892 1329 2048 1385 έκκλ-

391 1430 675 1493 σιαστικῆς
716 1419 1092 1491 διδασκαλίας,
1136 1423 1225 1477 καὶ
1274 1422 1398 1497 περὶ
1444 1424 1543 1491 τήν
1576 1422 1755 1476 πίστιν
1807 1422 2047 1495 ναυαγή-

389 1533 599 1586 σαντες,
630 1512 721 1568 καὶ
762 1512 915 1567 οὗτοι
964 1512 1057 1585 μὲν
1090 1511 1376 1568 ὑπόστασιν
1427 1516 1524 1567 τοῦ
1572 1515 1739 1566 κακοῦ
1768 1530 2048 1586 παραφρο-

387 1607 567 1658 νοῦσιν
632 1602 764 1657 εἶναι
802 1620 815 1634 ·
869 1599 1301 1657 ἀναπλάττονται
1356 1599 1413 1657 δὲ
1470 1602 1680 1663 ἑαυτοῖς
1757 1600 1903 1675 παρὰ
1955 1599 2046 1653 τὸν

396 1689 650 1761 ἀληθινὸν
702 1695 798 1746 τοῦ
833 1694 1067 1767 Χριστοῦ
1115 1692 1329 1768 Πατέρα
1374 1692 1491 1746 θεὸν
1540 1687 1745 1767 ἕτερον,
1794 1690 1885 1743 καὶ
1929 1692 2049 1743 τοῦ·

392 1802 483 1837 τον
517 1781 777 1857 ἀγένητον
808 1785 905 1836 τοῦ
936 1785 1104 1835 κακοῦ
1152 1782 1387 1851 ποιητὴν
1441 1780 1529 1835 καὶ
1579 1787 1678 1849 τῆς
1726 1778 1915 1841 κακίας
1962 1779 2050 1852 ἆρ-

394 1870 599 1946 χηγὸν,
632 1867 723 1925 τόν
756 1869 846 1925 καὶ
875 1876 977 1939 τῆς
1022 1868 1249 1932 κτίσεως
1300 1866 1659 1945 δημιουργόν.
1709 1868 1943 1930 Τούτους
1993 1864 2050 1921 ’δὲ
2080 1900 2128 1965 Β

399 1957 639 2036 εὐχερῶς
690 1956 748 2013 ἄν
807 1979 891 2021 τις
936 1955 1198 2033 ἐλέγξειεν
1251 1956 1309 2013 ἔκ
1337 1979 1395 2013 τε
1438 1962 1546 2012 τῶν
1598 1957 1752 2011 θείων
1787 1960 1897 2031 (35)
1922 1963 2052 2032 Γρα-

399 2051 510 2125 φῶν
538 2047 628 2103 καὶ
662 2047 713 2119 ἐξ
742 2046 907 2118 αὐτῆς
959 2055 1059 2118 τῆς
1110 2048 1161 2103 έν
1217 2048 1518 2125 ἀνθρώποις
1566 2044 1826 2116 διανοίας,
1860 2047 1947 2123 ἀφ’
1983 2048 2048 2115 ἧς

399 2137 490 2192 καὶ
564 2141 732 2193 ταῦτα
808 2134 1247 2211 ἀναπλασάμενοι
1318 2137 1637 2211 μαίνονται·
1688 2138 1745 2189 Ὁ
1807 2136 1900 2209 μὲν
1959 2134 2048 2190 οὖν

397 2224 596 2303 Κύριος
640 2225 730 2281 καὶ
783 2228 981 2303 Σωτὴρ
1033 2228 1193 2299 ἡμῶν
1250 2228 1461 2296 Ἰησοῦς
1528 2226 1759 2303 Χριστὸς
1828 2224 1879 2279 έν
1934 2230 2050 2286 τοῖς

397 2315 589 2372 ἑαυτοῦ
638 2314 1001 2391 Εὖαγγελίοις
1048 2317 1180 2394 φησί
1236 2311 1466 2392 βεϐαιῶν
1518 2318 1585 2371 τὰ
1632 2315 1904 2377 Μωυσέως
1952 2315 2051 2390 ῥή-

400 2425 565 2479 ματα,
625 2400 707 2460 ὅτι
758 2403 1015 2481 Κύριοςὸ
1064 2406 1193 2469 Θεὸς
1256 2407 1330 2469 εἷς
1389 2405 1519 2461 ἐστι⁸
1578 2406 1689 2478 καὶ,
1748 2402 2053 2478 Ἐξομολο-

395 2494 603 2572 γοῦμαί
660 2515 794 2563 σοι,
849 2496 1021 2572 Πάτερ
1057 2538 1072 2564 ,
1128 2495 1289 2569 Κύριε
1362 2500 1459 2551 τοῦ
1528 2494 1757 2569 ούρανοῦ
1805 2494 1894 2549 καὶ
1951 2501 2053 2563 τῆς

394 2592 523 2661 γῆς.
557 2584 621 2640 Εἰ
654 2582 712 2641 δὲ
755 2585 832 2648 εἷς
880 2584 1020 2641 ἐστιν
1071 2586 1099 2640 6
1142 2586 1295 2655 Θεὸς,
1338 2586 1428 2640 καὶ
1479 2586 1636 2648 οὗτος
1692 2584 1917 2661 οὐρανοῦ
1965 2584 2054 2638 καὶ

396 2682 502 2751 γῆς
552 2673 772 2751 Κύριος,
803 2679 923 2737 πῶς
967 2672 1141 2738 ἄλλος
1190 2674 1246 2730 ἂν
1300 2674 1383 2745 εἷή
1438 2676 1567 2738 Θεὸς
1619 2677 1766 2750 παρὰ
1810 2678 2000 2729 τοῦτον
2039 2691 2052 2741 ;

397 2769 511 2821 ΙΙοῦ
543 2761 600 2819 δὲ
623 2766 713 2820 καὶ
764 2761 911 2820 ἔσται
962 2766 990 2820 6
1040 2766 1157 2820 κατ’
1203 2764 1399 2828 αὐτοὺς
1452 2766 1602 2838 Θεὸς,
1653 2765 1720 2819 τὰ
1757 2765 1931 2819 πάντα
1958 2768 2055 2818 τοῦ

403 2854 566 2928 μόνου
596 2851 684 2908 καί
717 2850 978 2923 ἀληθινοῦ
1154 2853 1501 2929 πληροῦντος
1543 2855 1679 2910 κατὰ
1706 2856 1805 2923 τήν
1834 2858 1931 2908 τοῦ
1965 2852 2055 2909 ού-

401 2947 563 3021 ρανοῦ
592 2943 683 2999 καὶ
713 2951 819 3019 γῆς
869 2940 1167 3017 περίληψιν
1203 2962 1217 3013 ;
1251 2949 1375 3007 Πῶς
1428 2941 1486 2999 δὲ
1531 2943 1621 2998 καὶ
1654 2941 1825 3005 ἄλλος
1877 2943 1933 2997 ἂν
1969 2941 2049 3013 ε’ίη

398 3034 661 3104 ποιητὴς,
694 3034 767 3087 ὧν
803 3031 963 3095 αὐτὸς
998 3034 1025 3087 6
1056 3032 1186 3096 Θεὸς
1218 3033 1308 3089 καὶ
1340 3034 1528 3107 Πατὴρ
1553 3038 1649 3088 τοῦ
1682 3037 1914 3108 Χριστοῦ
1946 3031 2054 3086 ἐστι

399 3120 599 3199 Κύριος
646 3124 782 3177 κατὰ
828 3124 927 3192 τήν
976 3127 1075 3178 τοῦ
1129 3129 1392 3198 Σωτῆρος
1435 3125 1616 3202 φωνην
1653 3142 1667 3192 ;
1700 3123 1769 3178 Ei’
1824 3124 1897 3197 μὴ
1932 3119 2053 3199 ἄρα,

400 3212 476 3275 ὡς
508 3210 559 3267 ἐν
611 3211 921 3285 ίσοστασίῳ,
971 3210 1063 3267 καί
1107 3213 1197 3267 τὸν
1246 3218 1344 3269 τοῦ
1399 3214 1601 3288 ἀγαθοῦ
1645 3216 1776 3268 Θεοῦ
1802 3212 1891 3266 τὸν
1923 3216 2055 3290 φαῦ-

400 3299 497 3357 λον
526 3298 778 3357 δύνασθαι
830 3275 1072 3378 γενέσθαι
1123 3302 1308 3378 κύριον
1486 3300 1705 3359 εἷ’ποιεν.
1756 3298 1909 3358 Ἀλλ’
1936 3275 1944 3290 ’
1968 3298 2054 3355 ἐὰν
2088 3275 2131 3342 C

398 3396 561 3447 τοῦτο
592 3388 851 3469 λέγωσιν,
884 3390 984 3467 δρα
1015 3391 1091 3455 εἷς
1140 3392 1272 3463 ὅσην
1306 3386 1549 3447 ἀσέϐειαν
1600 3389 1972 3446 ἐκπίπτουσιν·
2004 3389 2055 3444 έν

399 3483 504 3559 γὰρ
534 3486 652 3545 τοῖς
682 3483 751 3537 τὰ
780 3478 869 3537 ἷ¹σα
912 3478 1231 3556 δυναμένοις
1284 3483 1346 3537 τὸ
1398 3483 1662 3558 ὑπερέχον
1693 3481 1783 3536 καὶ
1813 3485 2057 3557 κρεῖττον

402 3570 501 3627 οὐκ
531 3569 590 3626 ἃν
621 3569 885 3646 εὑρεθείη.
919 3570 1018 3626 Καὶ
1068 3572 1172 3648 γὰρ
1222 3571 1267 3627 εί
1304 3573 1378 3645 μή
1412 3573 1662 3634 θέκοντος
1706 3575 1802 3625 τοῦ
1852 3570 2056 3643 ἐτέρου,

398 3661 463 3716 τὸ
516 3657 700 3737 ἓτερον
754 3659 919 3716 ἔστιν·
978 3658 1067 3732 ἴση
1126 3657 1449 3740 ἀμφοτέρων
1503 3664 1538 3731 ἡ
1600 3659 1829 3734 δύναμις
1882 3659 1971 3714 καὶ
2021 3662 2055 3729 ἡ

406 3750 651 3807 ἀσθένειά
706 3750 867 3806 ἐστιν’
926 3746 1016 3821 ἴση
1063 3751 1181 3825 μὲν,
1232 3750 1315 3808 ὅτι
1365 3756 1585 3808 νικῶσιν
1634 3747 1898 3821 ἀλλήλων
1957 3750 2055 3819 τὴν

408 3839 673 3914 βούλησιν
706 3837 758 3895 ἐν
787 3843 867 3912 τῷ
918 3839 1071 3895 εἶναι·
1126 3840 1368 3897 ἀσθένεια
1416 3840 1473 3897 δὲ
1518 3841 1837 3919 ἀμφοτέρων
1893 3837 2056 3908 ἐστιν,

402 3926 487 3984 ὅτι
520 3930 595 4002 μή
650 3926 1013 4004 βουλομένοις
1060 3928 1245 3993 αὐτοῖς
1301 3931 1446 4004 παρὰ
1496 3930 1723 4005 γνώμην
1775 3922 2059 3982 ἀποϐαίνει

399 4017 469 4073 τὰ
514 4018 829 4093 πράγματα·
874 4013 1121 4096 ἔστιγὰρ
1169 4019 1261 4075 καὶ
1309 4020 1337 4075 6
1387 4020 1585 4095 ἀγαθὸς
1633 4018 1778 4093 παρὰ
1825 4016 2056 4091 γνώμην

398 4109 496 4162 τοῦ
536 4104 766 4186 φαύλου,
822 4106 933 4163 ἔστι
976 4107 1065 4164 καὶ
1118 4110 1146 4163 6
1198 4112 1405 4189 φαῦλος
1454 4109 1601 4183 παρὰ
1655 4107 1916 4185 βούλησιν
1962 4125 2057 4161 του

401 4195 626 4273 ἀγαθοῦ.

470 4377 528 4434 7.
557 4374 789 4440 ’Ἄλλως
817 4395 894 4433 τε·
946 4376 1035 4432 καὶ
1083 4380 1245 4433 τοῦτο
1294 4378 1397 4452 γὰρ
1444 4374 1504 4432 ἄν
1546 4398 1631 4440 τις
1672 4376 1857 4441 αὐτοῖς
1892 4374 2055 4432 εἷ’ποι·

400 4464 467 4523 Εἰ
493 4467 563 4522 τὰ
590 4465 891 4545 φαινόμενα
938 4464 1070 4543 ἔργα
1113 4470 1210 4522 τοῦ
1254 4464 1464 4545 φαύλου
1514 4464 1647 4537 ἐστὶ,
1695 4466 1747 4521 τί
1798 4468 1861 4522 τὸ
1898 4466 2055 4544 ἔργον

400 4558 499 4612 τοῦ
554 4555 759 4632 ἀγαθοῦ
816 4556 1115 4635 ;φαίνεται
1172 4557 1277 4633 γὰρ
1328 4553 1482 4612 οὐδὲν
1526 4553 1674 4626 πλὴν
1730 4557 1899 4627 μόνης
1955 4566 2056 4628 τῆς

2160 616 2425 673 omnium
2456 618 2782 677 effectorem
2806 639 2932 678 esse
2958 640 2969 689 ;
2996 638 3100 678 nec
3132 619 3287 677 enim
3319 620 3583 677 omnium
3616 636 3812 676 rerum

2160 707 2447 765 Dominus
2480 711 2643 778 foret,
2668 712 2739 781 si,
2764 712 2846 768 uti
2873 717 3131 779 censent,
3157 710 3381 768 malitia
3410 710 3809 768 substantiam

2160 802 2219 853 et
2248 804 2515 856 naturam
2550 819 2649 873 per
2680 802 2933 875 seipsam
2966 804 3225 859 haberet.
3258 802 3358 859 Vel
3400 819 3630 872 rursus,
3664 801 3711 856 si
3746 800 3814 855 il-

2158 888 2282 944 lum
2311 890 2515 946 volunt
2552 909 2747 947 rerum
2806 893 3069 948 omnium
3116 894 3445 949 effectorem
3494 910 3640 959 esse,
3677 890 3816 946 mali

2142 982 2393 1051 quoque
2424 985 2719 1037 auctorem
2743 999 2871 1037 esse
2893 983 3212 1038 concedant
3234 998 3472 1037 necesse
3502 986 3608 1042 est.
3638 997 3818 1052 quan-

2160 1069 2477 1141 doquidem
2502 1072 2671 1141 juxta
2697 1071 2849 1141 illos,
2870 1072 3093 1127 malum
3121 1088 3212 1127 res
3234 1072 3431 1144 aliqua
3462 1076 3568 1127 est.
3593 1070 3812 1126 Verum

2160 1159 2218 1214 id
2252 1160 2374 1215 ﬁeri
2410 1178 2523 1215 non
2552 1178 2722 1233 posse
2766 1166 2822 1216 et
2853 1163 3177 1217 absurdum
3209 1179 3358 1229 esse,
3389 1160 3557 1217 valde
3588 1161 3816 1233 perspi-

2161 1266 2337 1305 cuum
2369 1255 2491 1306 est:
2526 1268 2661 1306 nam
2696 1251 2918 1305 malum
2949 1268 3016 1306 ex
3046 1253 3196 1306 bono
3241 1268 3354 1307 non
3387 1250 3591 1320 oritur,
3627 1267 3818 1321 neque

2159 1338 2218 1395 in
2251 1340 2398 1411 ipso,
2426 1356 2613 1412 neque
2645 1358 2748 1412 per
2776 1341 2968 1412 ipsum
3000 1345 3125 1396 est:
3160 1340 3419 1411 alioquin
3446 1341 3569 1411 jam
3596 1341 3817 1396 bonum

2158 1447 2274 1486 non
2306 1434 2480 1495 esset,
2513 1431 2666 1502 quod
2701 1430 2938 1485 mistam
2972 1435 3245 1486 naturam
3268 1430 3533 1497 haberet,
3558 1430 3645 1485 vel
3678 1429 3817 1485 mali

2160 1536 2339 1575 causa
2369 1520 2690 1575 exsisteret.
2714 1520 2977 1575 Heeretici
3010 1536 3243 1591 quoque
3275 1520 3374 1591 qui
3406 1536 3473 1575 ex
3504 1520 3812 1575 ecclesias-

2158 1609 2275 1665 tica
2305 1610 2567 1665 doctrina
2584 1610 2920 1666 exciderunt
2944 1626 3009 1665 ac
3041 1610 3100 1663 in
3123 1610 3181 1663 in
3205 1610 3316 1664 ﬁde
3346 1608 3719 1681 naufragium
3744 1609 3821 1663 fe-

2160 1703 2385 1765 cerunt,
2404 1699 2540 1754 mali
2564 1699 2824 1771 aliquam
2856 1700 3251 1755 substantiam
3275 1715 3404 1754 esse
3425 1698 3601 1755 stulte
3622 1703 3679 1753 et
3701 1697 3816 1769 ipsi

2160 1788 2517 1856 existimant,
2550 1789 2779 1860 sibique
2820 1793 3029 1861 prmter
3073 1805 3275 1843 verum
3322 1787 3537 1843 Christi
3584 1787 3815 1842 Patrem

2160 1877 2341 1934 alium
2373 1880 2548 1934 deum
2599 1879 2911 1950 afﬁngunt,
2942 1895 3119 1949 quem
3167 1878 3343 1934 etiam
3384 1895 3500 1932 non
3530 1877 3819 1948 genitum,

2164 1966 2301 2023 mali
2331 1968 2661 2023 effectorem
2693 1971 2750 2023 et
2781 1967 3014 2023 malitiae
3046 1970 3342 2023 auctorem
3393 1970 3569 2038 atque
3600 1969 3821 2021 naturae

2163 2061 2367 2113 creatae
2397 2057 2664 2129 opiﬁcem
2695 2057 2900 2113 volunt
2931 2074 3079 2113 esse.
3114 2061 3332 2111 Verum
3364 2056 3449 2111 illi
3480 2054 3649 2111 facile
3672 2054 3825 2110 refu-

2162 2144 2274 2201 tari
2305 2152 2553 2218 possunt
2583 2162 2717 2201 cum
2752 2162 2819 2200 ex
2849 2146 3062 2201 divinis
3086 2144 3429 2217 Scripturis,
3459 2148 3584 2199 tum
3606 2161 3674 2199 ex
3696 2145 3827 2215 ipsa

2166 2253 2293 2307 qum
2328 2235 2387 2290 in
2409 2235 2919 2291 hominibusinest
2947 2234 3351 2307 intelligentia,
3376 2251 3492 2306 qua
3512 2234 3686 2288 etiam
3712 2234 3827 2288 ista

2164 2325 2468 2381 dementer
2495 2326 2811 2381 commenti
2840 2330 2998 2382 sunt.
3034 2327 3256 2396 Itaque,
3282 2333 3343 2379 ut
3375 2324 3446 2379 ab
3479 2322 3825 2379 auctoritate

2164 2415 2476 2486 Scriptura;
2541 2415 2827 2484 exordiar,
2885 2414 3172 2469 Dominus
3220 2418 3278 2469 et
3334 2415 3603 2468 Servator
3650 2411 3825 2467 Jesus

2164 2504 2432 2560 Christus
2461 2505 2635 2560 verba
2651 2505 2867 2577 Moysis
2888 2504 2945 2558 in
2978 2521 3084 2559 suo
3108 2503 3415 2575 Evangelio
3441 2502 3819 2569 conﬁrmans,

2167 2594 2283 2650 ait:
2335 2596 2598 2650 Dominus
2650 2596 2792 2649 Deus
2844 2611 2988 2649 unus
3044 2598 3119 2650 est
3142 2594 3182 2649 ".
3244 2594 3351 2648 Et:
3414 2592 3681 2661 Conﬁteor
3717 2592 3826 2647 tibi

2166 2686 2350 2750 Pater,
2402 2685 2639 2741 Domine
2684 2685 2805 2740 εωὶί
2845 2689 2895 2740 et
2953 2685 3183 2740 terrm“.
3227 2683 3285 2737 Si
3344 2698 3479 2753 ergo
3524 2698 3681 2736 unus
3736 2684 3827 2737 est

2166 2771 2339 2839 Deus,
2371 2775 2428 2827 et
2457 2772 2583 2844 ipse
2612 2771 2739 2827 coeli
2773 2777 2829 2826 et
2876 2777 3040 2827 terrae
3073 2771 3359 2827 Dominus
3389 2773 3496 2837 est,
3531 2770 3825 2841 quomodo

2166 2860 2316 2916 alius
2348 2866 2555 2933 praeter
2585 2862 2780 2933 ipsum
2815 2861 2970 2917 erit?
2993 2861 3240 2917 Ubinam
3260 2876 3394 2916 vero
3412 2858 3647 2914 illorum
3674 2858 3827 2915 Deus

2167 2950 2401 3006 futurus
2433 2954 2539 3021 est,
2578 2967 2712 3015 cum
2744 2950 2944 3006 omnia
2983 2967 3110 3022 quae
3150 2949 3277 3005 εωΙί
3309 2954 3367 3005 et
3394 2952 3559 3004 terras
3601 2947 3827 3003 ambitu

2167 3039 2540 3095 continentur
2572 3057 2727 3095 unus
2748 3043 2805 3095 et
2831 3056 3003 3095 verus
3035 3039 3189 3094 Deus
3216 3037 3501 3109 impleat?
3524 3037 3828 3102 Quomodo

2168 3129 2345 3184 etiam
2377 3128 2529 3184 alius
2560 3128 2750 3200 opifex
2779 3144 2981 3183 earum
3012 3144 3209 3183 rerum
3244 3126 3437 3192 fuerit,
3471 3142 3723 3197 quarum
3748 3125 3834 3196 ip-

2170 3234 2232 3273 se
2260 3218 2414 3272 Deus
2452 3221 2508 3273 et
2537 3222 2708 3272 Pater
2751 3217 2964 3273 Christi
3015 3221 3104 3272 est
3138 3215 3441 3284 Dominus,
3474 3218 3539 3269 ut
3567 3231 3674 3270 suo
3706 3214 3833 3286 ipse

2170 3323 2267 3362 ore
2295 3310 2547 3362 testatur
2575 3307 2842 3362 Salvator
2862 3307 2889 3361 ?
2919 3306 3043 3361 Nisi
3078 3307 3221 3361 forte
3252 3308 3315 3359 ut
3348 3304 3406 3359 in
3438 3302 3668 3375 parium
3701 3320 3834 3358 con-

2168 3396 2389 3451 ditione
2419 3395 2649 3461 accidit,
2682 3396 2817 3450 boni
2851 3396 2950 3451 Dei
2986 3394 3210 3450 malum
3260 3409 3431 3465 posse
3481 3408 3609 3448 esse
3641 3392 3829 3447 domi-

2168 3502 2310 3540 num
2343 3484 2615 3540 dixerint.
2649 3486 2755 3541 Sed
2790 3484 2837 3540 si
2868 3484 2951 3540 ita
2979 3483 3262 3548 sentiunt,
3294 3482 3424 3537 vide
3450 3481 3507 3536 in
3541 3484 3827 3553 quantam

2168 3574 2531 3647 impietatem
2551 3573 2833 3630 incidant.
2864 3575 3019 3629 Inter
3045 3573 3179 3629 illos
3208 3572 3363 3628 enim
3388 3571 3487 3643 qui
3512 3569 3672 3643 paria
3694 3586 3828 3641 pos-

2170 3670 2329 3731 sunt,
2363 3664 2658 3721 neminem
2683 3664 2783 3736 qui
2806 3662 3047 3719 excellat
3071 3666 3129 3718 et
3150 3662 3351 3718 fortior
3382 3661 3477 3728 sit,
3512 3660 3824 3716 inveneris.

2168 3753 2394 3810 Etenim
2424 3755 2472 3809 si
2505 3753 2737 3809 nolente
2768 3753 2969 3817 altero,
2992 3751 3139 3808 alter
3161 3748 3654 3821 exsistit,a3qualis
3675 3752 3829 3804 certe

2168 3844 2478 3900 amborum
2508 3843 2595 3898 vis
2626 3848 2683 3898 et
2726 3840 3101 3898 imbecillitas
3141 3845 3229 3897 est
3254 3859 3271 3904 :_
3319 3839 3559 3912 aequalis
3591 3838 3827 3910 quidem

2167 3934 2276 4004 vis,
2337 3933 2477 4005 quia
2532 3932 2681 3989 alter
2737 3932 2977 3988 alterius
3028 3930 3408 3995 voluntatem,
3469 3928 3827 3995 exsistendo,

2165 4023 2387 4079 vincit:
2450 4021 2825 4079 imbecillitas
2880 4039 3032 4089 vero,
3085 4021 3225 4093 quia
3289 4018 3435 4092 ipsis
3491 4018 3827 4075 nolentibus

2167 4128 2260 4168 res
2316 4116 2525 4184 praeter
2597 4115 2852 4168 mentem
2914 4110 3226 4177 eveniunt;
3286 4108 3578 4181 siquidem
3638 4108 3827 4164 bonus

2166 4201 2347 4257 invito
2380 4199 2555 4271 malo,
2588 4203 2647 4256 et
2673 4199 2935 4258 vicissim
2976 4199 3168 4256 malus
3202 4200 3354 4254 bono
3383 4197 3614 4254 nolente
3642 4196 3823 4253 exsis-

2167 4289 2260 4345 tit.

2236 4381 2291 4434 7.
2322 4378 2503 4434 Aliter
2534 4378 2709 4435 etiam
2737 4394 2837 4434 eos
2866 4377 2975 4433 hoc
2997 4378 3170 4433 modo
3192 4374 3452 4432 refellere
3484 4390 3823 4446 possumus.

2168 4468 2229 4525 Si
2260 4485 2328 4524 ea
2358 4485 2487 4540 quae
2536 4470 2839 4539 apparent,
2888 4469 3027 4521 sunt
3067 4465 3206 4521 mali
3254 4479 3467 4536 opera:
3502 4462 3821 4534 quodnam,

2170 4574 2394 4630 quaeso,
2437 4561 2526 4613 est
2554 4557 2691 4612 boni
2720 4556 2906 4628 opus?
2957 4572 3092 4609 nam
3144 4553 3290 4609 nihil
3340 4557 3581 4624 apparet
3618 4556 3825 4624 praeter

399 4649 499 4701 τοῦ
531 4649 885 4723 Δημιουργοῦ
914 4646 1160 4709 κτίσεως.
1202 4644 1263 4702 Τί
1296 4643 1353 4701 δὲ
1397 4646 1487 4701 καὶ
1533 4650 1631 4701 τοῦ
1664 4645 1797 4702 εἶναι
1825 4647 1915 4702 τὸν
1946 4649 2052 4720 (38)

2167 4651 2439 4703 naturam
2486 4663 2664 4719 quam
2714 4647 2949 4701 Creator
2986 4644 3264 4699 condidit.
3308 4643 3611 4705 Quodnam
3650 4658 3822 4713 porro

362 4734 601 4810 ’ἀγαθὸν
642 4734 1058 4812 γνώρισμα.οὐκ
1110 4730 1278 4791 ὅντων
1332 4734 1496 4791 αὐτοῦ
1544 4731 1716 4812 ἔργων
1770 4734 1839 4790 δι’
1883 4737 1954 4791 ῶν
1998 4737 2056 4790 ἃν

402 4824 671 4901 γνωσθείη
709 4841 725 4895 ;
759 4823 819 4880 ἐκ
848 4826 951 4900 γὰρ
980 4828 1088 4880 τῶν
1120 4820 1294 4902 ἔργων
1328 4826 1355 4880 6
1404 4823 1743 4902 δημιουργὸς
1793 4827 2055 4901 γινώσκε-

398 4935 510 4970 ται.
544 4918 670 4978 Πῶς
702 4911 760 4970 δὲ
789 4913 937 4977 ὅλως
962 4914 1052 4969 καὶ
1084 4911 1179 4971 δύο
1224 4914 1283 4970 ἂν
1336 4911 1442 4992 εἴη.
1468 4914 1676 4970 ἐναντία
1706 4912 1992 4987 ἀλλήλων,
2019 4914 2055 4984 ἢ

399 5005 454 5061 τί
482 5003 545 5060 τὸ
578 5001 795 5082 διαροῦν
834 5003 945 5060 ἐστι
988 5002 1269 5074 ταῦταίίνα
1316 5004 1493 5082 χωρὶς
1544 5002 1809 5075 ἀλλήλων
1857 4999 2056 5080 γένων-

398 5115 489 5151 ται
523 5114 537 5166 ;
569 5093 723 5151 Εἶναι
776 5095 880 5171 γὰρ
930 5092 1065 5150 αὐτὰ
1112 5095 1225 5169 ἅμα
1272 5092 1553 5169 ἀδύνατον,
1604 5092 1693 5150 διὰ
1738 5095 1799 5149 τὸ
1850 5095 2057 5169 ἀναιρε-

398 5185 526 5245 τικᾶ
555 5182 823 5257 ἀλλήλων
854 5182 1009 5242 εἶναι.
1045 5180 1200 5243 Ἀλλ’
1231 5181 1358 5241 οὐδὲ
1394 5180 1575 5260 ἕτερον
1609 5184 1661 5241 ἐν
1694 5185 1860 5259 ἑτέρῳ
1892 5182 2053 5255 δυνη-

399 5274 519 5346 θείη
580 5272 641 5330 ἂν
697 5272 834 5329 εἶναι
894 5269 983 5328 διὰ
1021 5272 1085 5328 τὸ
1146 5270 1373 5346 ἄμικτον
1419 5273 1510 5329 καὶ
1561 5273 1820 5348 ἀνόμοιον
1880 5273 2054 5329 αὐτῶν

469 5402 496 5440 δ
519 5404 696 5459 Maro.
727 5416 831 5470 ιιι,
859 5398 951 5456 29.
1026 5399 1048 5436 ⁸
1077 5398 1282 5457 Matth.
1307 5416 1389 5469 xI,
1418 5400 1510 5457 25.

494 5526 586 5599 34)
611 5525 888 5599 Colbert.,
915 5542 1222 5599 γενομενον.

494 5526 563 5584 34
611 5526 888 5597 Colbert.,
915 5542 1222 5599 γενομενον.

470 5526 589 5671 ἱ35ζ
619 5597 737 5654 Vos
765 5594 923 5650 θείων
956 5596 1121 5654 deest
1138 5597 1199 5653 in
1220 5596 1460 5670 Seguer.
1491 5595 1721 5653 Gobler.
1750 5601 1808 5654 et
1832 5597 2056 5655 Felkm.

402 5670 744 5820 185%?“
789 5744 925 5821 Θεου
981 5741 1222 5802 additur
1270 5740 1330 5801 in
1384 5739 1627 5801 Colbert.
1686 5745 1742 5799 et
1773 5740 2060 5816 particula

2168 4736 2453 4792 indicium
2501 4739 2589 4791 est
2636 4736 2854 4790 bonum
2905 4732 3167 4799 existere,
3229 4748 3364 4786 cum
3406 4731 3567 4787 nulla
3595 4734 3824 4787 exstent

2168 4842 2343 4897 opera
2373 4824 2588 4897 quibus
2619 4822 3048 4897 cognoscatur?
3080 4838 3147 4877 ex
3191 4820 3467 4892 operibus
3506 4819 3663 4875 enim
3696 4820 3820 4891 opi-

2168 4915 2258 4971 fex
2283 4914 2671 4987 cognoscitur.
2708 4914 2816 4978 Qui
2842 4929 2975 4969 vero
3006 4910 3129 4966 fieri
3163 4913 3353 4983 potest
3395 4913 3462 4964 ut
3505 4910 3677 4965 ambo
3709 4910 3822 4965 sibi

2166 5003 2412 5059 invicem
2445 5004 2562 5059 sint
2591 5002 2912 5059 contrarii?
2940 5000 3027 5057 vel
3059 5000 3343 5073 quidnam
3375 5002 3464 5054 est
3493 4998 3649 5069 quod
3687 4997 3820 5054 illos

2167 5092 2393 5161 dividit,
2430 5096 2493 5147 ut
2522 5091 2698 5148 simul
2730 5090 2977 5147 invicem
3011 5107 3126 5146 non
3160 5088 3323 5144 sint?
3352 5091 3616 5159 Namque
3642 5086 3822 5142 simul

2166 5199 2296 5240 esse
2325 5200 2442 5238 non
2474 5184 2742 5255 possunt,
2773 5198 2909 5236 cum
2939 5197 3067 5236 sese
3092 5178 3341 5235 invicem
3360 5177 3686 5233 destruant.
3722 5174 3820 5229 Al-

2166 5277 2254 5329 ter
2284 5287 2517 5345 quoque
2546 5271 2605 5328 in
2636 5271 2818 5327 altero
2857 5286 2985 5327 esse
3017 5287 3133 5326 non
3164 5271 3374 5341 potest,
3408 5282 3542 5323 cum
3582 5264 3820 5322 diversae

2165 5523 2255 5579 καί
2288 5529 2423 5597 post
2436 5524 2522 5597 76w
2550 5539 2685 5597 mox
2716 5534 2988 5597 sequens.

2239 5586 2353 5670 (37)
2399 5596 2526 5670 _Vo§
2572 5592 2764 5666 Κύριον
2800 5586 2973 5647 ’ἀθεεὶ
3002 5588 3062 5644 in
3117 5586 3369 5645 Colbert.
3403 5589 3548 5645 Ibid.
3589 5587 3824 5646 additur

2167 5664 2456 5743 Ραὲιὶὸυὲᾷ
2486 5664 2658 5743 5s:-
2726 5740 2733 5743 .

2242 5742 2355 5814 (38)
2386 5740 2481 5797 Sic
2512 5738 2761 5797 Colbert.
2795 5734 2904 5793 Alii
2936 5748 3070 5791 cum
3101 5729 3293 5799 editis,
3324 5729 3408 5789 τό.
