  <div class='ocr_page' id='page_1' title='image "/cluster/home/n/w/nwhite01/storage/ocr_20150623/25:no.1/coo.31924054873066/303.png"; bbox 0 0 4160 6404; ppageno 0'>
   <div class='ocr_carea' id='block_1_1' title="bbox 405 355 3831 442">
    <p class='ocr_par' dir='ltr' id='par_1_1' title="bbox 405 355 3831 442">
     <span class='ocr_line' id='line_1_1' title="bbox 405 355 3831 442; baseline 0.006 -22"><span class='ocrx_word' id='word_1_1' title='bbox 405 355 485 420; x_wconf 74' lang='lat' dir='ltr'><strong>l9</strong></span> <span class='ocrx_word' id='word_1_2' title='bbox 945 362 1012 426; x_wconf 81' lang='lat' dir='ltr'><strong>S.</strong></span> <span class='ocrx_word' id='word_1_3' title='bbox 1056 363 1488 429; x_wconf 80' lang='lat' dir='ltr'><strong>ATHANASII</strong></span> <span class='ocrx_word' id='word_1_4' title='bbox 1531 365 1706 430; x_wconf 86' lang='lat' dir='ltr'><strong>OPP.</strong></span> <span class='ocrx_word' id='word_1_5' title='bbox 1758 365 1956 428; x_wconf 83' lang='lat' dir='ltr'><strong>PARS</strong></span> <span class='ocrx_word' id='word_1_6' title='bbox 1999 365 2051 428; x_wconf 88' lang='grc' dir='ltr'><strong>Ι.</strong></span> <span class='ocrx_word' id='word_1_7' title='bbox 2081 397 2163 413; x_wconf 93' lang='grc'><strong><em>-</em></strong></span> <span class='ocrx_word' id='word_1_8' title='bbox 2190 367 2613 438; x_wconf 78' lang='lat' dir='ltr'><strong>HISTORICA</strong></span> <span class='ocrx_word' id='word_1_9' title='bbox 2655 375 2758 439; x_wconf 85' lang='lat' dir='ltr'><strong>ET</strong></span> <span class='ocrx_word' id='word_1_10' title='bbox 2802 372 3282 441; x_wconf 75' lang='lat' dir='ltr'><strong>DOGMATICA.</strong></span> <span class='ocrx_word' id='word_1_11' title='bbox 3741 376 3831 442; x_wconf 70' lang='lat'><strong>30</strong></span> 
     </span>
    </p>
   </div>
   <div class='ocr_carea' id='block_1_2' title="bbox 403 503 2043 588">
    <p class='ocr_par' dir='ltr' id='par_1_2' title="bbox 403 503 2043 574">
     <span class='ocr_line' id='line_1_2' title="bbox 403 503 2043 574; baseline 0.001 -13"><span class='ocrx_word' id='word_1_12' title='bbox 403 503 643 574; x_wconf 81' lang='lat' dir='ltr'><strong>formas,</strong></span> <span class='ocrx_word' id='word_1_13' title='bbox 676 521 810 562; x_wconf 90' lang='lat' dir='ltr'><strong>cum</strong></span> <span class='ocrx_word' id='word_1_14' title='bbox 831 505 1149 564; x_wconf 82' lang='lat' dir='ltr'><strong>viventium</strong></span> <span class='ocrx_word' id='word_1_15' title='bbox 1178 510 1306 563; x_wconf 91' lang='lat' dir='ltr'><strong>tum</strong></span> <span class='ocrx_word' id='word_1_16' title='bbox 1330 511 1699 566; x_wconf 89' lang='lat' dir='ltr'><strong>mortuorum</strong></span> <span class='ocrx_word' id='word_1_17' title='bbox 1729 507 1883 566; x_wconf 90' lang='lat' dir='ltr'><strong>inter</strong></span> <span class='ocrx_word' id='word_1_18' title='bbox 1913 508 2043 565; x_wconf 85' lang='lat' dir='ltr'><strong>deos</strong></span> 
     </span>
    </p>
   </div>
   <div class='ocr_carea' id='block_1_3' title="bbox 2155 503 3823 588">
    <p class='ocr_par' dir='ltr' id='par_1_3' title="bbox 2164 504 3823 588">
     <span class='ocr_line' id='line_1_3' title="bbox 2164 504 3823 588; baseline 0.004 -29"><span class='ocrx_word' id='word_1_19' title='bbox 2164 504 2574 578; x_wconf 83' lang='grc' dir='ltr'>τασίας,λοιπὸν</span> <span class='ocrx_word' id='word_1_20' title='bbox 2609 509 2698 564; x_wconf 88' lang='grc' dir='ltr'><strong>καὶ</strong></span> <span class='ocrx_word' id='word_1_21' title='bbox 2730 509 3048 584; x_wconf 81' lang='grc' dir='ltr'>ἀνθρώπους</span> <span class='ocrx_word' id='word_1_22' title='bbox 3095 508 3186 565; x_wconf 85' lang='grc' dir='ltr'><strong>καὶ</strong></span> <span class='ocrx_word' id='word_1_23' title='bbox 3225 507 3520 584; x_wconf 87' lang='grc' dir='ltr'>ἀνθρώπων</span> <span class='ocrx_word' id='word_1_24' title='bbox 3584 507 3823 588; x_wconf 70' lang='grc' dir='ltr'>μορφὰς,</span> 
     </span>
    </p>
   </div>
   <div class='ocr_carea' id='block_1_4' title="bbox 402 596 2052 674">
    <p class='ocr_par' dir='ltr' id='par_1_4' title="bbox 402 596 2052 674">
     <span class='ocr_line' id='line_1_4' title="bbox 402 596 2052 674; baseline 0.002 -21"><span class='ocrx_word' id='word_1_25' title='bbox 402 596 616 653; x_wconf 81' lang='lat' dir='ltr'><strong>referre</strong></span> <span class='ocrx_word' id='word_1_26' title='bbox 646 602 964 670; x_wconf 71' lang='lat' dir='ltr'><strong>coeperunt.</strong></span> <span class='ocrx_word' id='word_1_27' title='bbox 997 598 1146 665; x_wconf 90' lang='lat' dir='ltr'><strong>Quin</strong></span> <span class='ocrx_word' id='word_1_28' title='bbox 1177 600 1353 657; x_wconf 90' lang='lat' dir='ltr'><strong>etiam</strong></span> <span class='ocrx_word' id='word_1_29' title='bbox 1410 601 1609 674; x_wconf 80' lang='lat' dir='ltr'><strong>pejora</strong></span> <span class='ocrx_word' id='word_1_30' title='bbox 1665 600 1951 668; x_wconf 80' lang='lat' dir='ltr'><strong>meditati,</strong></span> <span class='ocrx_word' id='word_1_31' title='bbox 1993 601 2052 656; x_wconf 91' lang='lat' dir='ltr'><strong>in</strong></span> 
     </span>
    </p>
   </div>
   <div class='ocr_carea' id='block_1_5' title="bbox 401 685 2052 763">
    <p class='ocr_par' dir='ltr' id='par_1_5' title="bbox 401 685 2052 763">
     <span class='ocr_line' id='line_1_5' title="bbox 401 685 2052 763; baseline 0.003 -22"><span class='ocrx_word' id='word_1_32' title='bbox 401 685 627 757; x_wconf 81' lang='lat' dir='ltr'><strong>lapides</strong></span> <span class='ocrx_word' id='word_1_33' title='bbox 659 692 715 743; x_wconf 87' lang='lat' dir='ltr'><strong>et</strong></span> <span class='ocrx_word' id='word_1_34' title='bbox 743 687 988 762; x_wconf 90' lang='lat' dir='ltr'><strong>ligna,in</strong></span> <span class='ocrx_word' id='word_1_35' title='bbox 1021 689 1252 761; x_wconf 89' lang='lat' dir='ltr'><strong>reptilia</strong></span> <span class='ocrx_word' id='word_1_36' title='bbox 1285 690 1566 763; x_wconf 81' lang='lat' dir='ltr'><strong>aquatilia</strong></span> <span class='ocrx_word' id='word_1_37' title='bbox 1594 698 1651 748; x_wconf 91' lang='lat' dir='ltr'><strong>et</strong></span> <span class='ocrx_word' id='word_1_38' title='bbox 1681 697 1935 758; x_wconf 88' lang='lat' dir='ltr'><strong>terrena,</strong></span> <span class='ocrx_word' id='word_1_39' title='bbox 1967 696 2052 746; x_wconf 91' lang='lat' dir='ltr'><strong>at-</strong></span> 
     </span>
    </p>
   </div>
   <div class='ocr_carea' id='block_1_6' title="bbox 403 776 2053 848">
    <p class='ocr_par' dir='ltr' id='par_1_6' title="bbox 403 776 2053 848">
     <span class='ocr_line' id='line_1_6' title="bbox 403 776 2053 848; baseline 0.004 -18"><span class='ocrx_word' id='word_1_40' title='bbox 403 792 517 848; x_wconf 91' lang='lat' dir='ltr'><strong>que</strong></span> <span class='ocrx_word' id='word_1_41' title='bbox 545 776 600 832; x_wconf 91' lang='lat' dir='ltr'><strong>in</strong></span> <span class='ocrx_word' id='word_1_42' title='bbox 632 777 782 834; x_wconf 85' lang='lat' dir='ltr'><strong>feras</strong></span> <span class='ocrx_word' id='word_1_43' title='bbox 811 782 869 834; x_wconf 86' lang='lat' dir='ltr'><strong>et</strong></span> <span class='ocrx_word' id='word_1_44' title='bbox 889 779 1092 835; x_wconf 91' lang='lat' dir='ltr'><strong>brutas</strong></span> <span class='ocrx_word' id='word_1_45' title='bbox 1112 780 1444 838; x_wconf 82' lang='lat' dir='ltr'><strong>animantes</strong></span> <span class='ocrx_word' id='word_1_46' title='bbox 1463 781 1726 838; x_wconf 89' lang='lat' dir='ltr'><strong>divinum</strong></span> <span class='ocrx_word' id='word_1_47' title='bbox 1753 787 1810 839; x_wconf 92' lang='lat' dir='ltr'><strong>et</strong></span> <span class='ocrx_word' id='word_1_48' title='bbox 1825 781 2053 838; x_wconf 74' lang='lat' dir='ltr'><strong>caeleste</strong></span> 
     </span>
    </p>
   </div>
   <div class='ocr_carea' id='block_1_7' title="bbox 403 875 2053 953">
    <p class='ocr_par' dir='ltr' id='par_1_7' title="bbox 403 875 2053 953">
     <span class='ocr_line' id='line_1_7' title="bbox 403 875 2053 953; baseline 0.004 -21"><span class='ocrx_word' id='word_1_49' title='bbox 403 875 503 932; x_wconf 87' lang='lat' dir='ltr'><strong>Dei</strong></span> <span class='ocrx_word' id='word_1_50' title='bbox 536 892 746 932; x_wconf 88' lang='lat' dir='ltr'><strong>nomen</strong></span> <span class='ocrx_word' id='word_1_51' title='bbox 779 877 1327 946; x_wconf 90' lang='lat' dir='ltr'><strong>transtulerunt,om</strong></span> <span class='ocrx_word' id='word_1_52' title='bbox 1339 898 1561 953; x_wconf 91' lang='lat' dir='ltr'><strong>nesque</strong></span> <span class='ocrx_word' id='word_1_53' title='bbox 1575 881 1682 937; x_wconf 89' lang='lat' dir='ltr'><strong>soli</strong></span> <span class='ocrx_word' id='word_1_54' title='bbox 1700 882 1816 938; x_wconf 90' lang='lat' dir='ltr'><strong>Deo</strong></span> <span class='ocrx_word' id='word_1_55' title='bbox 1831 881 2053 938; x_wconf 87' lang='lat' dir='ltr'><strong>debitos</strong></span> 
     </span>
    </p>
   </div>
   <div class='ocr_carea' id='block_1_8' title="bbox 401 964 2050 1027">
    <p class='ocr_par' dir='ltr' id='par_1_8' title="bbox 401 964 2050 1027">
     <span class='ocr_line' id='line_1_8' title="bbox 401 964 2050 1027; baseline 0.003 -7"><span class='ocrx_word' id='word_1_56' title='bbox 401 964 652 1022; x_wconf 81' lang='lat' dir='ltr'><strong>honores</strong></span> <span class='ocrx_word' id='word_1_57' title='bbox 691 965 808 1022; x_wconf 87' lang='lat' dir='ltr'><strong>illis</strong></span> <span class='ocrx_word' id='word_1_58' title='bbox 857 967 1296 1024; x_wconf 82' lang='lat' dir='ltr'><strong>attribuerunt:</strong></span> <span class='ocrx_word' id='word_1_59' title='bbox 1356 987 1555 1027; x_wconf 89' lang='lat' dir='ltr'><strong>verum</strong></span> <span class='ocrx_word' id='word_1_60' title='bbox 1616 976 1811 1027; x_wconf 87' lang='lat' dir='ltr'><strong>autem</strong></span> <span class='ocrx_word' id='word_1_61' title='bbox 1868 972 2050 1027; x_wconf 91' lang='lat' dir='ltr'><strong>Deum</strong></span> 
     </span>
    </p>
   </div>
   <div class='ocr_carea' id='block_1_9' title="bbox 402 1053 2052 1128">
    <p class='ocr_par' dir='ltr' id='par_1_9' title="bbox 402 1053 2052 1128">
     <span class='ocr_line' id='line_1_9' title="bbox 402 1053 2052 1128; baseline 0.004 -18"><span class='ocrx_word' id='word_1_62' title='bbox 402 1053 616 1110; x_wconf 91' lang='lat' dir='ltr'><strong>Christi</strong></span> <span class='ocrx_word' id='word_1_63' title='bbox 650 1058 880 1112; x_wconf 87' lang='lat' dir='ltr'><strong>Patrem</strong></span> <span class='ocrx_word' id='word_1_64' title='bbox 907 1058 1496 1128; x_wconf 89' lang='lat' dir='ltr'><strong>rejecerunt.Utinam</strong></span> <span class='ocrx_word' id='word_1_65' title='bbox 1530 1077 1662 1116; x_wconf 89' lang='lat' dir='ltr'><strong>vero</strong></span> <span class='ocrx_word' id='word_1_66' title='bbox 1720 1060 1815 1115; x_wconf 91' lang='lat' dir='ltr'><strong>hic</strong></span> <span class='ocrx_word' id='word_1_67' title='bbox 1844 1059 2052 1116; x_wconf 85' lang='lat' dir='ltr'><strong>saltem</strong></span> 
     </span>
    </p>
   </div>
   <div class='ocr_carea' id='block_1_10' title="bbox 401 1143 2056 1216">
    <p class='ocr_par' dir='ltr' id='par_1_10' title="bbox 401 1143 2056 1216">
     <span class='ocr_line' id='line_1_10' title="bbox 401 1143 2056 1216; baseline 0.002 -16"><span class='ocrx_word' id='word_1_68' title='bbox 401 1143 662 1200; x_wconf 86' lang='lat' dir='ltr'><strong>stetisset</strong></span> <span class='ocrx_word' id='word_1_69' title='bbox 694 1145 1040 1202; x_wconf 89' lang='lat' dir='ltr'><strong>insanorum</strong></span> <span class='ocrx_word' id='word_1_70' title='bbox 1073 1149 1411 1206; x_wconf 84' lang='lat' dir='ltr'><strong>mortalium</strong></span> <span class='ocrx_word' id='word_1_71' title='bbox 1445 1150 1706 1216; x_wconf 91' lang='lat' dir='ltr'><strong>audacia,</strong></span> <span class='ocrx_word' id='word_1_72' title='bbox 1764 1166 1868 1206; x_wconf 89' lang='lat' dir='ltr'><strong>nec</strong></span> <span class='ocrx_word' id='word_1_73' title='bbox 1900 1149 2056 1205; x_wconf 89' lang='lat' dir='ltr'><strong>ultra</strong></span> 
     </span>
    </p>
   </div>
   <div class='ocr_carea' id='block_1_11' title="bbox 399 1233 2056 1312">
    <p class='ocr_par' dir='ltr' id='par_1_11' title="bbox 399 1233 2056 1312">
     <span class='ocr_line' id='line_1_11' title="bbox 399 1233 2056 1312; baseline 0.004 -25"><span class='ocrx_word' id='word_1_74' title='bbox 399 1233 694 1305; x_wconf 77' lang='lat' dir='ltr'><strong>progressi</strong></span> <span class='ocrx_word' id='word_1_75' title='bbox 726 1251 855 1291; x_wconf 89' lang='lat' dir='ltr'><strong>sese</strong></span> <span class='ocrx_word' id='word_1_76' title='bbox 885 1237 1133 1308; x_wconf 85' lang='lat' dir='ltr'><strong>graviori</strong></span> <span class='ocrx_word' id='word_1_77' title='bbox 1168 1238 1492 1310; x_wconf 86' lang='lat' dir='ltr'><strong>impietatis</strong></span> <span class='ocrx_word' id='word_1_78' title='bbox 1522 1257 1733 1312; x_wconf 81' lang='lat' dir='ltr'><strong>genere</strong></span> <span class='ocrx_word' id='word_1_79' title='bbox 1775 1241 2056 1296; x_wconf 88' lang='lat' dir='ltr'><strong>contami-</strong></span> 
     </span>
    </p>
   </div>
   <div class='ocr_carea' id='block_1_12' title="bbox 400 1324 2051 1396">
    <p class='ocr_par' dir='ltr' id='par_1_12' title="bbox 400 1324 2051 1396">
     <span class='ocr_line' id='line_1_12' title="bbox 400 1324 2051 1396; baseline 0.005 -18"><span class='ocrx_word' id='word_1_80' title='bbox 400 1328 661 1379; x_wconf 86' lang='lat' dir='ltr'><strong>nassent.</strong></span> <span class='ocrx_word' id='word_1_81' title='bbox 695 1324 995 1396; x_wconf 89' lang='lat' dir='ltr'><strong>Siquidem</strong></span> <span class='ocrx_word' id='word_1_82' title='bbox 1030 1327 1297 1384; x_wconf 91' lang='lat' dir='ltr'><strong>nonnulli</strong></span> <span class='ocrx_word' id='word_1_83' title='bbox 1331 1331 1475 1386; x_wconf 88' lang='lat' dir='ltr'><strong>adeo</strong></span> <span class='ocrx_word' id='word_1_84' title='bbox 1532 1337 1726 1386; x_wconf 87' lang='lat' dir='ltr'><strong>mente</strong></span> <span class='ocrx_word' id='word_1_85' title='bbox 1785 1330 2051 1386; x_wconf 90' lang='lat' dir='ltr'><strong>concide-</strong></span> 
     </span>
    </p>
   </div>
   <div class='ocr_carea' id='block_1_13' title="bbox 398 1416 2050 1490">
    <p class='ocr_par' dir='ltr' id='par_1_13' title="bbox 398 1416 2050 1490">
     <span class='ocr_line' id='line_1_13' title="bbox 398 1416 2050 1490; baseline 0.005 -23"><span class='ocrx_word' id='word_1_86' title='bbox 398 1416 559 1480; x_wconf 90' lang='lat' dir='ltr'><strong>runt,</strong></span> <span class='ocrx_word' id='word_1_87' title='bbox 581 1417 639 1469; x_wconf 91' lang='lat' dir='ltr'><strong>et</strong></span> <span class='ocrx_word' id='word_1_88' title='bbox 668 1430 869 1470; x_wconf 89' lang='lat' dir='ltr'><strong>eorum</strong></span> <span class='ocrx_word' id='word_1_89' title='bbox 903 1416 1138 1473; x_wconf 90' lang='lat' dir='ltr'><strong>animus</strong></span> <span class='ocrx_word' id='word_1_90' title='bbox 1169 1417 1279 1474; x_wconf 84' lang='lat' dir='ltr'><strong>fuit</strong></span> <span class='ocrx_word' id='word_1_91' title='bbox 1298 1419 1744 1487; x_wconf 90' lang='lat' dir='ltr'><strong>obscuratus,ut</strong></span> <span class='ocrx_word' id='word_1_92' title='bbox 1764 1421 1940 1476; x_wconf 88' lang='lat' dir='ltr'><strong>etiam</strong></span> <span class='ocrx_word' id='word_1_93' title='bbox 1963 1436 2050 1490; x_wconf 91' lang='lat' dir='ltr'><strong>ea,</strong></span> 
     </span>
    </p>
   </div>
   <div class='ocr_carea' id='block_1_14' title="bbox 397 1511 2054 1583">
    <p class='ocr_par' dir='ltr' id='par_1_14' title="bbox 397 1511 2054 1583">
     <span class='ocr_line' id='line_1_14' title="bbox 397 1511 2054 1583; baseline 0.005 -18"><span class='ocrx_word' id='word_1_94' title='bbox 397 1526 526 1582; x_wconf 64' lang='lat' dir='ltr'><strong>quae</strong></span> <span class='ocrx_word' id='word_1_95' title='bbox 558 1511 721 1568; x_wconf 93' lang='lat' dir='ltr'><strong>nullo</strong></span> <span class='ocrx_word' id='word_1_96' title='bbox 744 1515 916 1570; x_wconf 91' lang='lat' dir='ltr'><strong>modo</strong></span> <span class='ocrx_word' id='word_1_97' title='bbox 946 1520 1162 1583; x_wconf 90' lang='lat' dir='ltr'><strong>essent,</strong></span> <span class='ocrx_word' id='word_1_98' title='bbox 1197 1535 1301 1573; x_wconf 90' lang='lat' dir='ltr'><strong>nec</strong></span> <span class='ocrx_word' id='word_1_99' title='bbox 1332 1519 1485 1574; x_wconf 89' lang='lat' dir='ltr'><strong>inter</strong></span> <span class='ocrx_word' id='word_1_100' title='bbox 1534 1537 1626 1575; x_wconf 87' lang='lat' dir='ltr'><strong>res</strong></span> <span class='ocrx_word' id='word_1_101' title='bbox 1672 1524 1897 1576; x_wconf 89' lang='lat' dir='ltr'><strong>creatas</strong></span> <span class='ocrx_word' id='word_1_102' title='bbox 1953 1535 2054 1576; x_wconf 83' lang='lat' dir='ltr'><strong>ex-</strong></span> 
     </span>
    </p>
   </div>
   <div class='ocr_carea' id='block_1_15' title="bbox 400 1599 2050 1674">
    <p class='ocr_par' dir='ltr' id='par_1_15' title="bbox 400 1599 2050 1674">
     <span class='ocr_line' id='line_1_15' title="bbox 400 1599 2050 1674; baseline 0.005 -18"><span class='ocrx_word' id='word_1_103' title='bbox 400 1599 1419 1674; x_wconf 87' lang='lat' dir='ltr'><strong>sisterent,ipsicomminiscerentur</strong></span> <span class='ocrx_word' id='word_1_104' title='bbox 1464 1613 1522 1665; x_wconf 88' lang='lat' dir='ltr'><strong>et</strong></span> <span class='ocrx_word' id='word_1_105' title='bbox 1578 1611 1720 1665; x_wconf 93' lang='lat' dir='ltr'><strong>deos</strong></span> <span class='ocrx_word' id='word_1_106' title='bbox 1777 1609 2050 1665; x_wconf 80' lang='lat' dir='ltr'><strong>facerent.</strong></span> 
     </span>
    </p>
   </div>
   <div class='ocr_carea' id='block_1_16' title="bbox 324 1692 2054 1755">
    <p class='ocr_par' dir='ltr' id='par_1_16' title="bbox 324 1692 2054 1755">
     <span class='ocr_line' id='line_1_16' title="bbox 324 1692 2054 1755; baseline 0.005 -10"><span class='ocrx_word' id='word_1_107' title='bbox 324 1747 328 1751; x_wconf 94' lang='lat'><strong>_</strong></span> <span class='ocrx_word' id='word_1_108' title='bbox 395 1692 729 1746; x_wconf 85' lang='lat' dir='ltr'><strong>Humanam</strong></span> <span class='ocrx_word' id='word_1_109' title='bbox 760 1692 917 1748; x_wconf 90' lang='lat' dir='ltr'><strong>enim</strong></span> <span class='ocrx_word' id='word_1_110' title='bbox 951 1695 1194 1752; x_wconf 85' lang='lat' dir='ltr'><strong>formam</strong></span> <span class='ocrx_word' id='word_1_111' title='bbox 1223 1713 1356 1753; x_wconf 91' lang='lat' dir='ltr'><strong>cum</strong></span> <span class='ocrx_word' id='word_1_112' title='bbox 1408 1698 1598 1754; x_wconf 88' lang='lat' dir='ltr'><strong>brutis</strong></span> <span class='ocrx_word' id='word_1_113' title='bbox 1653 1698 2054 1755; x_wconf 90' lang='lat' dir='ltr'><strong>animantibus</strong></span> 
     </span>
    </p>
   </div>
   <div class='ocr_carea' id='block_1_17' title="bbox 396 1780 2051 1858">
    <p class='ocr_par' dir='ltr' id='par_1_17' title="bbox 396 1780 2051 1858">
     <span class='ocr_line' id='line_1_17' title="bbox 396 1780 2051 1858; baseline 0.007 -25"><span class='ocrx_word' id='word_1_114' title='bbox 396 1780 841 1852; x_wconf 87' lang='lat' dir='ltr'><strong>permiscentes,</strong></span> <span class='ocrx_word' id='word_1_115' title='bbox 867 1789 1227 1858; x_wconf 88' lang='lat' dir='ltr'><strong>naturasque</strong></span> <span class='ocrx_word' id='word_1_116' title='bbox 1258 1787 1576 1844; x_wconf 88' lang='lat' dir='ltr'><strong>dissimiles</strong></span> <span class='ocrx_word' id='word_1_117' title='bbox 1608 1789 1784 1844; x_wconf 91' lang='lat' dir='ltr'><strong>simul</strong></span> <span class='ocrx_word' id='word_1_118' title='bbox 1837 1805 2051 1845; x_wconf 90' lang='lat' dir='ltr'><strong>conne-</strong></span> 
     </span>
    </p>
   </div>
   <div class='ocr_carea' id='block_1_18' title="bbox 2162 596 3821 673">
    <p class='ocr_par' dir='ltr' id='par_1_18' title="bbox 2162 596 3821 673">
     <span class='ocr_line' id='line_1_18' title="bbox 2162 596 3821 673; baseline 0.003 -24"><span class='ocrx_word' id='word_1_119' title='bbox 2162 600 2270 650; x_wconf 81' lang='grc' dir='ltr'>τῶν</span> <span class='ocrx_word' id='word_1_120' title='bbox 2331 599 2423 670; x_wconf 74' lang='grc' dir='ltr'>μὲν</span> <span class='ocrx_word' id='word_1_121' title='bbox 2487 596 2565 653; x_wconf 82' lang='grc' dir='ltr'>ἔτι</span> <span class='ocrx_word' id='word_1_122' title='bbox 2615 599 2849 671; x_wconf 84' lang='grc' dir='ltr'><strong>ζώντων,</strong></span> <span class='ocrx_word' id='word_1_123' title='bbox 2890 603 2995 655; x_wconf 81' lang='grc' dir='ltr'>τῶν</span> <span class='ocrx_word' id='word_1_124' title='bbox 3042 597 3100 655; x_wconf 80' lang='grc' dir='ltr'>δὶ</span> <span class='ocrx_word' id='word_1_125' title='bbox 3147 598 3237 654; x_wconf 82' lang='grc' dir='ltr'><strong>καὶ</strong></span> <span class='ocrx_word' id='word_1_126' title='bbox 3289 600 3423 673; x_wconf 87' lang='grc' dir='ltr'><strong>μετά</strong></span> <span class='ocrx_word' id='word_1_127' title='bbox 3469 600 3694 655; x_wconf 78' lang='grc' dir='ltr'>θάνατον</span> <span class='ocrx_word' id='word_1_128' title='bbox 3744 599 3821 663; x_wconf 80' lang='grc' dir='ltr'><strong>είς</strong></span> 
     </span>
    </p>
   </div>
   <div class='ocr_carea' id='block_1_19' title="bbox 2164 685 3822 766">
    <p class='ocr_par' dir='ltr' id='par_1_19' title="bbox 2164 685 3822 766">
     <span class='ocr_line' id='line_1_19' title="bbox 2164 685 3822 766; baseline 0.001 -26"><span class='ocrx_word' id='word_1_129' title='bbox 2164 685 2318 748; x_wconf 73' lang='grc' dir='ltr'>θεοὺς</span> <span class='ocrx_word' id='word_1_130' title='bbox 2375 687 2664 758; x_wconf 78' lang='grc' dir='ltr'><strong>ἀνέθηκαν.</strong></span> <span class='ocrx_word' id='word_1_131' title='bbox 2718 690 2835 745; x_wconf 84' lang='grc' dir='ltr'>Ἔτι</span> <span class='ocrx_word' id='word_1_132' title='bbox 2885 686 2943 744; x_wconf 75' lang='grc' dir='ltr'>δὲ</span> <span class='ocrx_word' id='word_1_133' title='bbox 2997 688 3087 744; x_wconf 90' lang='lat' dir='ltr'><strong>xui</strong></span> <span class='ocrx_word' id='word_1_134' title='bbox 3144 688 3370 766; x_wconf 76' lang='grc' dir='ltr'>χείρονα</span> <span class='ocrx_word' id='word_1_135' title='bbox 3432 686 3822 764; x_wconf 82' lang='grc' dir='ltr'><strong>βουλευόμενοι</strong></span> 
     </span>
    </p>
   </div>
   <div class='ocr_carea' id='block_1_20' title="bbox 2165 775 3826 852">
    <p class='ocr_par' dir='ltr' id='par_1_20' title="bbox 2165 775 3826 852">
     <span class='ocr_line' id='line_1_20' title="bbox 2165 775 3826 852; baseline 0.001 -20"><span class='ocrx_word' id='word_1_136' title='bbox 2165 779 2276 849; x_wconf 84' lang='grc'>(49)</span> <span class='ocrx_word' id='word_1_137' title='bbox 2305 777 2393 831; x_wconf 84' lang='grc' dir='ltr'><strong>καὶ</strong></span> <span class='ocrx_word' id='word_1_138' title='bbox 2427 775 2801 852; x_wconf 77' lang='grc' dir='ltr'>λογιζόμενοι·</span> <span class='ocrx_word' id='word_1_139' title='bbox 2835 776 2944 847; x_wconf 77' lang='grc' dir='ltr'><strong>ἤδη</strong></span> <span class='ocrx_word' id='word_1_140' title='bbox 2997 776 3055 834; x_wconf 73' lang='grc' dir='ltr'>δὲ</span> <span class='ocrx_word' id='word_1_141' title='bbox 3083 779 3174 834; x_wconf 85' lang='grc' dir='ltr'><strong>καὶ</strong></span> <span class='ocrx_word' id='word_1_142' title='bbox 3217 777 3293 841; x_wconf 77' lang='grc' dir='ltr'>εἷς</span> <span class='ocrx_word' id='word_1_143' title='bbox 3326 777 3536 846; x_wconf 88' lang='grc' dir='ltr'>λίθους,</span> <span class='ocrx_word' id='word_1_144' title='bbox 3570 778 3658 834; x_wconf 85' lang='grc' dir='ltr'><strong>καὶ</strong></span> <span class='ocrx_word' id='word_1_145' title='bbox 3690 775 3826 849; x_wconf 79' lang='grc' dir='ltr'>ξύλα</span> 
     </span>
    </p>
   </div>
   <div class='ocr_carea' id='block_1_21' title="bbox 2163 865 3828 944">
    <p class='ocr_par' dir='ltr' id='par_1_21' title="bbox 2163 865 3828 944">
     <span class='ocr_line' id='line_1_21' title="bbox 2163 865 3828 944; baseline 0.001 -25"><span class='ocrx_word' id='word_1_146' title='bbox 2163 865 2252 920; x_wconf 82' lang='grc' dir='ltr'><strong>καὶ</strong></span> <span class='ocrx_word' id='word_1_147' title='bbox 2298 867 2513 940; x_wconf 74' lang='grc' dir='ltr'>ἑρπετὰ,</span> <span class='ocrx_word' id='word_1_148' title='bbox 2561 865 2752 942; x_wconf 76' lang='grc' dir='ltr'>ἔνυδρά</span> <span class='ocrx_word' id='word_1_149' title='bbox 2800 889 2858 924; x_wconf 91' lang='grc' dir='ltr'><strong>τε</strong></span> <span class='ocrx_word' id='word_1_150' title='bbox 2904 868 2994 922; x_wconf 89' lang='grc' dir='ltr'>καὶ</span> <span class='ocrx_word' id='word_1_151' title='bbox 3038 873 3289 944; x_wconf 76' lang='grc' dir='ltr'>χερσαῖα,</span> <span class='ocrx_word' id='word_1_152' title='bbox 3343 867 3432 922; x_wconf 89' lang='grc' dir='ltr'><strong>καὶ</strong></span> <span class='ocrx_word' id='word_1_153' title='bbox 3483 867 3558 930; x_wconf 77' lang='grc' dir='ltr'><strong>εἷς</strong></span> <span class='ocrx_word' id='word_1_154' title='bbox 3606 868 3675 923; x_wconf 82' lang='grc' dir='ltr'>τὰ</span> <span class='ocrx_word' id='word_1_155' title='bbox 3719 872 3828 922; x_wconf 81' lang='grc' dir='ltr'>τῶν</span> 
     </span>
    </p>
   </div>
   <div class='ocr_carea' id='block_1_22' title="bbox 2165 953 3828 1033">
    <p class='ocr_par' dir='ltr' id='par_1_22' title="bbox 2165 953 3828 1033">
     <span class='ocr_line' id='line_1_22' title="bbox 2165 953 3828 1033; baseline 0.001 -25"><span class='ocrx_word' id='word_1_156' title='bbox 2165 953 2383 1029; x_wconf 84' lang='grc' dir='ltr'><strong>ἀλόγων</strong></span> <span class='ocrx_word' id='word_1_157' title='bbox 2412 956 2661 1033; x_wconf 78' lang='grc' dir='ltr'>ἀνήμερα</span> <span class='ocrx_word' id='word_1_158' title='bbox 2712 961 2844 1027; x_wconf 79' lang='grc' dir='ltr'>ζῶα,</span> <span class='ocrx_word' id='word_1_159' title='bbox 2891 959 2992 1027; x_wconf 78' lang='grc' dir='ltr'><strong>την</strong></span> <span class='ocrx_word' id='word_1_160' title='bbox 3020 956 3164 1012; x_wconf 83' lang='grc' dir='ltr'>θείαν</span> <span class='ocrx_word' id='word_1_161' title='bbox 3214 956 3304 1012; x_wconf 84' lang='grc' dir='ltr'><strong>καὶ</strong></span> <span class='ocrx_word' id='word_1_162' title='bbox 3339 955 3703 1032; x_wconf 87' lang='grc' dir='ltr'>ὑπερκόσμιον</span> <span class='ocrx_word' id='word_1_163' title='bbox 3730 961 3828 1011; x_wconf 73' lang='grc' dir='ltr'>τοῦ</span> 
     </span>
    </p>
   </div>
   <div class='ocr_carea' id='block_1_23' title="bbox 2163 1043 3828 1122">
    <p class='ocr_par' dir='ltr' id='par_1_23' title="bbox 2163 1043 3828 1122">
     <span class='ocr_line' id='line_1_23' title="bbox 2163 1043 3828 1122; baseline -0.001 -22"><span class='ocrx_word' id='word_1_164' title='bbox 2163 1049 2297 1100; x_wconf 71' lang='grc' dir='ltr'>Θεοῦ</span> <span class='ocrx_word' id='word_1_165' title='bbox 2344 1046 2715 1122; x_wconf 78' lang='grc' dir='ltr'>προσηγορίαν</span> <span class='ocrx_word' id='word_1_166' title='bbox 2771 1049 3147 1122; x_wconf 70' lang='grc' dir='ltr'><strong>μετήνεγκαν,</strong></span> <span class='ocrx_word' id='word_1_167' title='bbox 3198 1052 3368 1100; x_wconf 78' lang='grc' dir='ltr'>πᾶσαν</span> <span class='ocrx_word' id='word_1_168' title='bbox 3412 1046 3582 1119; x_wconf 84' lang='grc' dir='ltr'>τιμὴν</span> <span class='ocrx_word' id='word_1_169' title='bbox 3641 1043 3828 1108; x_wconf 78' lang='grc' dir='ltr'>αὐτοῖς</span> 
     </span>
    </p>
   </div>
   <div class='ocr_carea' id='block_1_24' title="bbox 2163 1130 3824 1209">
    <p class='ocr_par' dir='ltr' id='par_1_24' title="bbox 2163 1130 3824 1209">
     <span class='ocr_line' id='line_1_24' title="bbox 2163 1130 3824 1209; baseline 0.001 -22"><span class='ocrx_word' id='word_1_170' title='bbox 2163 1138 2298 1187; x_wconf 75' lang='grc' dir='ltr'>Θεοῦ</span> <span class='ocrx_word' id='word_1_171' title='bbox 2359 1135 2721 1208; x_wconf 88' lang='grc' dir='ltr'>ἀπονέμοντες</span> <span class='ocrx_word' id='word_1_172' title='bbox 2760 1183 2775 1209; x_wconf 93' lang='grc'><strong>,</strong></span> <span class='ocrx_word' id='word_1_173' title='bbox 2834 1137 2924 1191; x_wconf 88' lang='grc' dir='ltr'><strong>καὶ</strong></span> <span class='ocrx_word' id='word_1_174' title='bbox 2997 1137 3088 1190; x_wconf 88' lang='grc' dir='ltr'>τὸν</span> <span class='ocrx_word' id='word_1_175' title='bbox 3172 1134 3429 1205; x_wconf 86' lang='grc' dir='ltr'>ἀληθινὸν</span> <span class='ocrx_word' id='word_1_176' title='bbox 3504 1135 3594 1190; x_wconf 85' lang='grc' dir='ltr'><strong>καὶ</strong></span> <span class='ocrx_word' id='word_1_177' title='bbox 3652 1130 3824 1189; x_wconf 76' lang='grc' dir='ltr'>ὅντως</span> 
     </span>
    </p>
   </div>
   <div class='ocr_carea' id='block_1_25' title="bbox 2165 1217 3824 1303">
    <p class='ocr_par' dir='ltr' id='par_1_25' title="bbox 2165 1217 3824 1303">
     <span class='ocr_line' id='line_1_25' title="bbox 2165 1217 3824 1303; baseline 0.003 -28"><span class='ocrx_word' id='word_1_178' title='bbox 2165 1217 2293 1277; x_wconf 79' lang='grc' dir='ltr'>ὅντα</span> <span class='ocrx_word' id='word_1_179' title='bbox 2322 1225 2434 1297; x_wconf 88' lang='grc'><strong>(50)</strong></span> <span class='ocrx_word' id='word_1_180' title='bbox 2465 1225 2593 1281; x_wconf 84' lang='grc' dir='ltr'>Θεὸν</span> <span class='ocrx_word' id='word_1_181' title='bbox 2633 1226 2724 1281; x_wconf 91' lang='grc' dir='ltr'>τὸν</span> <span class='ocrx_word' id='word_1_182' title='bbox 2785 1230 2883 1281; x_wconf 76' lang='grc' dir='ltr'>τοῦ</span> <span class='ocrx_word' id='word_1_183' title='bbox 2935 1230 3170 1303; x_wconf 79' lang='grc' dir='ltr'><strong>Χριστοῦ</strong></span> <span class='ocrx_word' id='word_1_184' title='bbox 3229 1226 3439 1301; x_wconf 88' lang='grc' dir='ltr'>Πατέρα</span> <span class='ocrx_word' id='word_1_185' title='bbox 3482 1224 3824 1303; x_wconf 75' lang='grc' dir='ltr'>ἀποστρεφό-</span> 
     </span>
    </p>
   </div>
   <div class='ocr_carea' id='block_1_26' title="bbox 2168 1311 3823 1392">
    <p class='ocr_par' dir='ltr' id='par_1_26' title="bbox 2168 1311 3823 1392">
     <span class='ocr_line' id='line_1_26' title="bbox 2168 1311 3823 1392; baseline 0 -24"><span class='ocrx_word' id='word_1_186' title='bbox 2168 1333 2337 1384; x_wconf 89' lang='grc' dir='ltr'>μενοι.</span> <span class='ocrx_word' id='word_1_187' title='bbox 2371 1311 2495 1368; x_wconf 76' lang='grc' dir='ltr'>Εἴθε</span> <span class='ocrx_word' id='word_1_188' title='bbox 2526 1312 2583 1370; x_wconf 74' lang='grc' dir='ltr'>δὲ</span> <span class='ocrx_word' id='word_1_189' title='bbox 2612 1314 2708 1370; x_wconf 64' lang='grc' dir='ltr'>κᾶν</span> <span class='ocrx_word' id='word_1_190' title='bbox 2745 1317 2911 1391; x_wconf 91' lang='grc' dir='ltr'>μέχρι</span> <span class='ocrx_word' id='word_1_191' title='bbox 2955 1315 3164 1370; x_wconf 88' lang='grc' dir='ltr'>τούτων</span> <span class='ocrx_word' id='word_1_192' title='bbox 3219 1316 3452 1385; x_wconf 77' lang='grc' dir='ltr'>εἱστήκει</span> <span class='ocrx_word' id='word_1_193' title='bbox 3501 1318 3608 1369; x_wconf 80' lang='grc' dir='ltr'>τῶν</span> <span class='ocrx_word' id='word_1_194' title='bbox 3657 1313 3823 1392; x_wconf 70' lang='grc' dir='ltr'>ἀφρό-</span> 
     </span>
    </p>
   </div>
   <div class='ocr_carea' id='block_1_27' title="bbox 2161 1401 3825 1479">
    <p class='ocr_par' dir='ltr' id='par_1_27' title="bbox 2161 1401 3825 1479">
     <span class='ocr_line' id='line_1_27' title="bbox 2161 1401 3825 1479; baseline 0.001 -24"><span class='ocrx_word' id='word_1_195' title='bbox 2161 1423 2268 1456; x_wconf 89' lang='grc' dir='ltr'>νων</span> <span class='ocrx_word' id='word_1_196' title='bbox 2298 1404 2332 1471; x_wconf 82' lang='grc' dir='ltr'>ἡ</span> <span class='ocrx_word' id='word_1_197' title='bbox 2391 1401 2595 1475; x_wconf 86' lang='grc' dir='ltr'>τόλμα,</span> <span class='ocrx_word' id='word_1_198' title='bbox 2653 1405 2743 1460; x_wconf 88' lang='grc' dir='ltr'>καὶ</span> <span class='ocrx_word' id='word_1_199' title='bbox 2796 1405 2872 1477; x_wconf 78' lang='grc' dir='ltr'>μὴ</span> <span class='ocrx_word' id='word_1_200' title='bbox 2920 1404 3223 1479; x_wconf 72' lang='grc' dir='ltr'>περαιτέρω</span> <span class='ocrx_word' id='word_1_201' title='bbox 3274 1403 3551 1479; x_wconf 79' lang='grc' dir='ltr'>βαίνοντες</span> <span class='ocrx_word' id='word_1_202' title='bbox 3602 1402 3825 1464; x_wconf 69' lang='grc' dir='ltr'>ἑαυτοὺς</span> 
     </span>
    </p>
   </div>
   <div class='ocr_carea' id='block_1_28' title="bbox 2160 1488 3824 1572">
    <p class='ocr_par' dir='ltr' id='par_1_28' title="bbox 2160 1488 3824 1572">
     <span class='ocr_line' id='line_1_28' title="bbox 2160 1488 3824 1572; baseline 0.001 -26"><span class='ocrx_word' id='word_1_203' title='bbox 2160 1497 2281 1554; x_wconf 88' lang='grc' dir='ltr'>ταῖς</span> <span class='ocrx_word' id='word_1_204' title='bbox 2329 1488 2595 1556; x_wconf 86' lang='grc' dir='ltr'>ἀσεϐείαις</span> <span class='ocrx_word' id='word_1_205' title='bbox 2645 1495 2938 1572; x_wconf 78' lang='grc' dir='ltr'>ένέφυρονῐ</span> <span class='ocrx_word' id='word_1_206' title='bbox 2983 1498 3248 1549; x_wconf 75' lang='grc' dir='ltr'><strong>Τοσοῦτον</strong></span> <span class='ocrx_word' id='word_1_207' title='bbox 3303 1495 3408 1568; x_wconf 76' lang='grc' dir='ltr'><strong>γὰρ</strong></span> <span class='ocrx_word' id='word_1_208' title='bbox 3460 1513 3602 1554; x_wconf 91' lang='grc' dir='ltr'>τινες</span> <span class='ocrx_word' id='word_1_209' title='bbox 3661 1513 3824 1547; x_wconf 85' lang='grc' dir='ltr'>κατα-</span> 
     </span>
    </p>
   </div>
   <div class='ocr_carea' id='block_1_29' title="bbox 2161 1581 3821 1658">
    <p class='ocr_par' dir='ltr' id='par_1_29' title="bbox 2161 1581 3821 1658">
     <span class='ocr_line' id='line_1_29' title="bbox 2161 1581 3821 1658; baseline -0.001 -21"><span class='ocrx_word' id='word_1_210' title='bbox 2161 1583 2473 1638; x_wconf 85' lang='grc' dir='ltr'>πεπτώκασι</span> <span class='ocrx_word' id='word_1_211' title='bbox 2531 1588 2600 1658; x_wconf 79' lang='grc' dir='ltr'><strong>τῇ</strong></span> <span class='ocrx_word' id='word_1_212' title='bbox 2661 1581 2872 1656; x_wconf 78' lang='grc' dir='ltr'>διανοίᾳ</span> <span class='ocrx_word' id='word_1_213' title='bbox 2927 1584 3017 1638; x_wconf 88' lang='grc' dir='ltr'><strong>καὶ</strong></span> <span class='ocrx_word' id='word_1_214' title='bbox 3078 1583 3460 1652; x_wconf 84' lang='grc' dir='ltr'>έσκοτίσθησαν</span> <span class='ocrx_word' id='word_1_215' title='bbox 3518 1583 3609 1638; x_wconf 86' lang='grc' dir='ltr'>τὸν</span> <span class='ocrx_word' id='word_1_216' title='bbox 3665 1586 3821 1656; x_wconf 76' lang='grc' dir='ltr'>νοῦν,</span> 
     </span>
    </p>
   </div>
   <div class='ocr_carea' id='block_1_30' title="bbox 2164 1668 3819 1748">
    <p class='ocr_par' dir='ltr' id='par_1_30' title="bbox 2164 1668 3819 1748">
     <span class='ocr_line' id='line_1_30' title="bbox 2164 1668 3819 1748; baseline 0.001 -23"><span class='ocrx_word' id='word_1_217' title='bbox 2164 1670 2303 1726; x_wconf 80' lang='grc' dir='ltr'>ὥστε</span> <span class='ocrx_word' id='word_1_218' title='bbox 2330 1671 2508 1726; x_wconf 75' lang='grc' dir='ltr'>καὶτὰ</span> <span class='ocrx_word' id='word_1_219' title='bbox 2559 1669 2686 1746; x_wconf 80' lang='grc' dir='ltr'>μηδ’</span> <span class='ocrx_word' id='word_1_220' title='bbox 2717 1671 2864 1736; x_wconf 78' lang='grc' dir='ltr'>ὅλως</span> <span class='ocrx_word' id='word_1_221' title='bbox 2915 1670 3188 1746; x_wconf 81' lang='grc' dir='ltr'>μηδαμῶς</span> <span class='ocrx_word' id='word_1_222' title='bbox 3223 1669 3558 1748; x_wconf 77' lang='grc' dir='ltr'>ὑπάρχοντα,</span> <span class='ocrx_word' id='word_1_223' title='bbox 3595 1668 3737 1744; x_wconf 69' lang='grc' dir='ltr'>μηδὲ</span> <span class='ocrx_word' id='word_1_224' title='bbox 3767 1670 3819 1728; x_wconf 82' lang='grc' dir='ltr'>έν</span> 
     </span>
    </p>
   </div>
   <div class='ocr_carea' id='block_1_31' title="bbox 2160 1759 3823 1840">
    <p class='ocr_par' dir='ltr' id='par_1_31' title="bbox 2160 1759 3823 1840">
     <span class='ocr_line' id='line_1_31' title="bbox 2160 1759 3823 1840; baseline 0 -26"><span class='ocrx_word' id='word_1_225' title='bbox 2160 1766 2276 1823; x_wconf 84' lang='grc' dir='ltr'>τοῖς</span> <span class='ocrx_word' id='word_1_226' title='bbox 2327 1763 2642 1836; x_wconf 84' lang='grc' dir='ltr'>γενομένοις</span> <span class='ocrx_word' id='word_1_227' title='bbox 2693 1762 3017 1840; x_wconf 73' lang='grc' dir='ltr'>φαινόμενα,</span> <span class='ocrx_word' id='word_1_228' title='bbox 3068 1761 3224 1834; x_wconf 81' lang='grc' dir='ltr'>ὅμως</span> <span class='ocrx_word' id='word_1_229' title='bbox 3273 1762 3484 1823; x_wconf 69' lang='grc' dir='ltr'>ἑαυτοῖς</span> <span class='ocrx_word' id='word_1_230' title='bbox 3537 1759 3823 1830; x_wconf 78' lang='grc' dir='ltr'>ἐπινοῆσαι</span> 
     </span>
    </p>
   </div>
   <div class='ocr_carea' id='block_1_32' title="bbox 399 1849 2043 1958">
    <p class='ocr_par' dir='ltr' id='par_1_32' title="bbox 399 1873 2043 1944">
     <span class='ocr_line' id='line_1_32' title="bbox 399 1873 2043 1944; baseline 0.005 -18"><span class='ocrx_word' id='word_1_231' title='bbox 399 1873 640 1935; x_wconf 86' lang='lat' dir='ltr'><strong>ctentes,</strong></span> <span class='ocrx_word' id='word_1_232' title='bbox 665 1875 948 1944; x_wconf 90' lang='lat' dir='ltr'><strong>tanquam</strong></span> <span class='ocrx_word' id='word_1_233' title='bbox 981 1874 1120 1930; x_wconf 85' lang='lat' dir='ltr'><strong>deos</strong></span> <span class='ocrx_word' id='word_1_234' title='bbox 1175 1878 1436 1933; x_wconf 90' lang='lat' dir='ltr'><strong>venerari</strong></span> <span class='ocrx_word' id='word_1_235' title='bbox 1496 1895 1612 1934; x_wconf 90' lang='lat' dir='ltr'><strong>non</strong></span> <span class='ocrx_word' id='word_1_236' title='bbox 1667 1880 2043 1935; x_wconf 84' lang='lat' dir='ltr'><strong>erubuerunt.</strong></span> 
     </span>
    </p>
   </div>
   <div class='ocr_carea' id='block_1_33' title="bbox 2155 1849 3818 1958">
    <p class='ocr_par' dir='ltr' id='par_1_33' title="bbox 2161 1849 3818 1958">
     <span class='ocr_line' id='line_1_33' title="bbox 2161 1849 3818 1928; baseline -0.001 -23"><span class='ocrx_word' id='word_1_237' title='bbox 2161 1850 2250 1905; x_wconf 83' lang='lat' dir='ltr'><strong>xui</strong></span> <span class='ocrx_word' id='word_1_238' title='bbox 2273 1853 2614 1920; x_wconf 79' lang='grc' dir='ltr'>θεοποιῆσαι.</span> <span class='ocrx_word' id='word_1_239' title='bbox 2646 1854 2855 1927; x_wconf 83' lang='grc' dir='ltr'>Λογικά</span> <span class='ocrx_word' id='word_1_240' title='bbox 2883 1854 2986 1928; x_wconf 79' lang='grc' dir='ltr'><strong>γὰρ</strong></span> <span class='ocrx_word' id='word_1_241' title='bbox 3037 1849 3263 1927; x_wconf 83' lang='grc' dir='ltr'>ἀλόγοις</span> <span class='ocrx_word' id='word_1_242' title='bbox 3315 1849 3679 1924; x_wconf 76' lang='grc' dir='ltr'>ἐπιμίξαντες,</span> <span class='ocrx_word' id='word_1_243' title='bbox 3725 1850 3818 1905; x_wconf 85' lang='grc' dir='ltr'><strong>καὶ</strong></span> 
     </span>
     <span class='ocr_line' id='line_1_34' title="bbox 2172 1938 3782 1958; baseline 0 0"><span class='ocrx_word' id='word_1_244' title='bbox 2172 1939 2185 1958; x_wconf 71' lang='grc'><strong>9</strong></span> <span class='ocrx_word' id='word_1_245' title='bbox 2242 1939 2254 1958; x_wconf 81' lang='grc'><strong><em>1</em></strong></span> <span class='ocrx_word' id='word_1_246' title='bbox 2460 1945 2486 1956; x_wconf 85' lang='grc'><strong>..</strong></span> <span class='ocrx_word' id='word_1_247' title='bbox 2593 1943 2605 1958; x_wconf 86' lang='grc'><strong><em>,</em></strong></span> <span class='ocrx_word' id='word_1_248' title='bbox 2748 1941 2763 1958; x_wconf 80' lang='lat'>.</span> <span class='ocrx_word' id='word_1_249' title='bbox 2839 1941 2849 1958; x_wconf 71' lang='grc' dir='ltr'><strong>ι</strong></span> <span class='ocrx_word' id='word_1_250' title='bbox 3074 1943 3180 1958; x_wconf 54' lang='grc' dir='ltr'><strong>ι...κ</strong></span> <span class='ocrx_word' id='word_1_251' title='bbox 3271 1941 3284 1958; x_wconf 86' lang='grc'><em>.</em></span> <span class='ocrx_word' id='word_1_252' title='bbox 3371 1942 3397 1958; x_wconf 56' lang='grc' dir='ltr'><strong>,ι</strong></span> <span class='ocrx_word' id='word_1_253' title='bbox 3465 1939 3477 1957; x_wconf 64' lang='grc' dir='ltr'><strong>ε</strong></span> <span class='ocrx_word' id='word_1_254' title='bbox 3554 1941 3581 1958; x_wconf 72' lang='grc' dir='ltr'>ι.</span> <span class='ocrx_word' id='word_1_255' title='bbox 3769 1938 3782 1958; x_wconf 79' lang='grc' dir='ltr'><em>ι</em></span> 
     </span>
    </p>
   </div>
   <div class='ocr_carea' id='block_1_34' title="bbox 398 1967 2046 2051">
    <p class='ocr_par' dir='ltr' id='par_1_34' title="bbox 398 1967 2046 2051">
     <span class='ocr_line' id='line_1_35' title="bbox 398 1967 2046 2051; baseline 0.006 -27"><span class='ocrx_word' id='word_1_256' title='bbox 398 1967 748 2038; x_wconf 88' lang='lat' dir='ltr'><strong>Hujusmodi</strong></span> <span class='ocrx_word' id='word_1_257' title='bbox 773 1972 975 2044; x_wconf 87' lang='lat' dir='ltr'><strong>utique</strong></span> <span class='ocrx_word' id='word_1_258' title='bbox 1004 1974 1242 2029; x_wconf 90' lang='lat' dir='ltr'><strong>suntdii</strong></span> <span class='ocrx_word' id='word_1_259' title='bbox 1275 1975 1357 2030; x_wconf 93' lang='lat' dir='ltr'><strong>illi</strong></span> <span class='ocrx_word' id='word_1_260' title='bbox 1389 1976 1489 2048; x_wconf 90' lang='lat' dir='ltr'><strong>qui</strong></span> <span class='ocrx_word' id='word_1_261' title='bbox 1542 1978 1694 2049; x_wconf 92' lang='lat' dir='ltr'><strong>apud</strong></span> <span class='ocrx_word' id='word_1_262' title='bbox 1745 1976 2046 2051; x_wconf 66' lang='lat' dir='ltr'><strong>Egyptios</strong></span> 
     </span>
    </p>
   </div>
   <div class='ocr_carea' id='block_1_35' title="bbox 396 2057 2044 2140">
    <p class='ocr_par' dir='ltr' id='par_1_35' title="bbox 396 2057 2044 2140">
     <span class='ocr_line' id='line_1_36' title="bbox 396 2057 2044 2140; baseline 0.005 -27"><span class='ocrx_word' id='word_1_263' title='bbox 396 2057 578 2125; x_wconf 91' lang='lat' dir='ltr'><strong>canis,</strong></span> <span class='ocrx_word' id='word_1_264' title='bbox 605 2061 892 2131; x_wconf 90' lang='lat' dir='ltr'><strong>serpentis</strong></span> <span class='ocrx_word' id='word_1_265' title='bbox 940 2066 997 2117; x_wconf 90' lang='lat' dir='ltr'><strong>et</strong></span> <span class='ocrx_word' id='word_1_266' title='bbox 1027 2063 1174 2118; x_wconf 91' lang='lat' dir='ltr'><strong>asini</strong></span> <span class='ocrx_word' id='word_1_267' title='bbox 1201 2069 1380 2137; x_wconf 89' lang='lat' dir='ltr'><strong>caput</strong></span> <span class='ocrx_word' id='word_1_268' title='bbox 1408 2066 1644 2136; x_wconf 89' lang='lat' dir='ltr'><strong>habent,</strong></span> <span class='ocrx_word' id='word_1_269' title='bbox 1677 2072 1733 2123; x_wconf 89' lang='lat' dir='ltr'><strong>et</strong></span> <span class='ocrx_word' id='word_1_270' title='bbox 1761 2069 1916 2140; x_wconf 92' lang='lat' dir='ltr'><strong>apud</strong></span> <span class='ocrx_word' id='word_1_271' title='bbox 1953 2067 2044 2123; x_wconf 89' lang='lat' dir='ltr'><strong>Li-</strong></span> 
     </span>
    </p>
   </div>
   <div class='ocr_carea' id='block_1_36' title="bbox 385 2145 2043 2230">
    <p class='ocr_par' dir='ltr' id='par_1_36' title="bbox 385 2145 2043 2230">
     <span class='ocr_line' id='line_1_37' title="bbox 385 2145 2043 2230; baseline 0.006 -28"><span class='ocrx_word' id='word_1_272' title='bbox 385 2145 494 2202; x_wconf 67' lang='lat' dir='ltr'><strong>bite</strong></span> <span class='ocrx_word' id='word_1_273' title='bbox 529 2150 775 2220; x_wconf 89' lang='lat' dir='ltr'><strong>populos</strong></span> <span class='ocrx_word' id='word_1_274' title='bbox 818 2152 1069 2208; x_wconf 88' lang='lat' dir='ltr'><strong>Ammon</strong></span> <span class='ocrx_word' id='word_1_275' title='bbox 1102 2153 1300 2211; x_wconf 89' lang='lat' dir='ltr'><strong>arietis</strong></span> <span class='ocrx_word' id='word_1_276' title='bbox 1354 2156 1542 2226; x_wconf 86' lang='lat' dir='ltr'><strong>capite</strong></span> <span class='ocrx_word' id='word_1_277' title='bbox 1596 2157 1868 2230; x_wconf 82' lang='lat' dir='ltr'><strong>insignis.</strong></span> <span class='ocrx_word' id='word_1_278' title='bbox 1929 2157 2043 2212; x_wconf 88' lang='lat' dir='ltr'><strong>Alii</strong></span> 
     </span>
    </p>
   </div>
   <div class='ocr_carea' id='block_1_37' title="bbox 384 2239 2040 2317">
    <p class='ocr_par' dir='ltr' id='par_1_37' title="bbox 384 2239 2040 2317">
     <span class='ocr_line' id='line_1_38' title="bbox 384 2239 2040 2317; baseline 0.007 -27"><span class='ocrx_word' id='word_1_279' title='bbox 384 2251 520 2292; x_wconf 89' lang='lat' dir='ltr'><strong>vero</strong></span> <span class='ocrx_word' id='word_1_280' title='bbox 553 2239 820 2310; x_wconf 89' lang='lat' dir='ltr'><strong>corporis</strong></span> <span class='ocrx_word' id='word_1_281' title='bbox 852 2245 1070 2311; x_wconf 89' lang='lat' dir='ltr'><strong>partes,</strong></span> <span class='ocrx_word' id='word_1_282' title='bbox 1103 2248 1168 2298; x_wconf 93' lang='lat' dir='ltr'><strong>ut</strong></span> <span class='ocrx_word' id='word_1_283' title='bbox 1215 2249 1408 2316; x_wconf 90' lang='lat' dir='ltr'><strong>caput,</strong></span> <span class='ocrx_word' id='word_1_284' title='bbox 1442 2245 1742 2316; x_wconf 88' lang='lat' dir='ltr'><strong>humeros,</strong></span> <span class='ocrx_word' id='word_1_285' title='bbox 1775 2263 2040 2317; x_wconf 89' lang='lat' dir='ltr'><strong>manum,</strong></span> 
     </span>
    </p>
   </div>
   <div class='ocr_carea' id='block_1_38' title="bbox 386 2335 2042 2415">
    <p class='ocr_par' dir='ltr' id='par_1_38' title="bbox 386 2335 2042 2415">
     <span class='ocr_line' id='line_1_39' title="bbox 386 2335 2042 2415; baseline 0.007 -26"><span class='ocrx_word' id='word_1_286' title='bbox 386 2335 869 2406; x_wconf 89' lang='lat' dir='ltr'><strong>pedem,seorsim</strong></span> <span class='ocrx_word' id='word_1_287' title='bbox 902 2339 1416 2415; x_wconf 75' lang='lat' dir='ltr'><strong>divisas,singulas</strong></span> <span class='ocrx_word' id='word_1_288' title='bbox 1448 2344 1602 2400; x_wconf 91' lang='lat' dir='ltr'><strong>inter</strong></span> <span class='ocrx_word' id='word_1_289' title='bbox 1633 2345 1773 2400; x_wconf 93' lang='lat' dir='ltr'><strong>deos</strong></span> <span class='ocrx_word' id='word_1_290' title='bbox 1799 2344 2042 2400; x_wconf 88' lang='lat' dir='ltr'><strong>colloca-</strong></span> 
     </span>
    </p>
   </div>
   <div class='ocr_carea' id='block_1_39' title="bbox 384 2425 2040 2504">
    <p class='ocr_par' dir='ltr' id='par_1_39' title="bbox 384 2425 2040 2504">
     <span class='ocr_line' id='line_1_40' title="bbox 384 2425 2040 2504; baseline 0.008 -27"><span class='ocrx_word' id='word_1_291' title='bbox 384 2439 537 2491; x_wconf 88' lang='lat' dir='ltr'><strong>vere,</strong></span> <span class='ocrx_word' id='word_1_292' title='bbox 570 2429 628 2481; x_wconf 92' lang='lat' dir='ltr'><strong>et</strong></span> <span class='ocrx_word' id='word_1_293' title='bbox 657 2425 871 2483; x_wconf 85' lang='lat' dir='ltr'><strong>divinis</strong></span> <span class='ocrx_word' id='word_1_294' title='bbox 901 2429 1224 2486; x_wconf 88' lang='lat' dir='ltr'><strong>honoribus</strong></span> <span class='ocrx_word' id='word_1_295' title='bbox 1257 2436 1396 2487; x_wconf 89' lang='lat' dir='ltr'><strong>sunt</strong></span> <span class='ocrx_word' id='word_1_296' title='bbox 1419 2433 1904 2504; x_wconf 89' lang='lat' dir='ltr'><strong>prosecuti,quasi</strong></span> <span class='ocrx_word' id='word_1_297' title='bbox 1925 2451 2040 2490; x_wconf 91' lang='lat' dir='ltr'><strong>non</strong></span> 
     </span>
    </p>
   </div>
   <div class='ocr_carea' id='block_1_40' title="bbox 388 2514 2041 2595">
    <p class='ocr_par' dir='ltr' id='par_1_40' title="bbox 388 2514 2041 2595">
     <span class='ocr_line' id='line_1_41' title="bbox 388 2514 2041 2595; baseline 0.007 -28"><span class='ocrx_word' id='word_1_298' title='bbox 388 2514 644 2570; x_wconf 88' lang='lat' dir='ltr'><strong>contenti</strong></span> <span class='ocrx_word' id='word_1_299' title='bbox 676 2515 951 2580; x_wconf 72' lang='lat' dir='ltr'><strong>religione</strong></span> <span class='ocrx_word' id='word_1_300' title='bbox 983 2536 1121 2592; x_wconf 88' lang='lat' dir='ltr'><strong>erga</strong></span> <span class='ocrx_word' id='word_1_301' title='bbox 1156 2525 1338 2576; x_wconf 91' lang='lat' dir='ltr'><strong>totum</strong></span> <span class='ocrx_word' id='word_1_302' title='bbox 1371 2525 1429 2577; x_wconf 88' lang='lat' dir='ltr'><strong>et</strong></span> <span class='ocrx_word' id='word_1_303' title='bbox 1481 2521 1775 2595; x_wconf 87' lang='lat' dir='ltr'><strong>integrum</strong></span> <span class='ocrx_word' id='word_1_304' title='bbox 1829 2539 2041 2594; x_wconf 91' lang='lat' dir='ltr'><strong>corpus</strong></span> 
     </span>
    </p>
   </div>
   <div class='ocr_carea' id='block_1_41' title="bbox 387 2610 2038 2692">
    <p class='ocr_par' dir='ltr' id='par_1_41' title="bbox 387 2610 2038 2692">
     <span class='ocr_line' id='line_1_42' title="bbox 387 2610 2038 2692; baseline 0.005 -25"><span class='ocrx_word' id='word_1_305' title='bbox 387 2610 672 2668; x_wconf 87' lang='lat' dir='ltr'><strong>adhibita.</strong></span> <span class='ocrx_word' id='word_1_306' title='bbox 700 2614 813 2668; x_wconf 85' lang='lat' dir='ltr'><strong>Alii</strong></span> <span class='ocrx_word' id='word_1_307' title='bbox 847 2616 1146 2688; x_wconf 90' lang='lat' dir='ltr'><strong>impietate</strong></span> <span class='ocrx_word' id='word_1_308' title='bbox 1188 2617 1366 2674; x_wconf 90' lang='lat' dir='ltr'><strong>latius</strong></span> <span class='ocrx_word' id='word_1_309' title='bbox 1423 2619 1636 2676; x_wconf 79' lang='lat' dir='ltr'><strong>diﬂ‘usa</strong></span> <span class='ocrx_word' id='word_1_310' title='bbox 1680 2620 2038 2692; x_wconf 88' lang='lat' dir='ltr'><strong>voluptatem</strong></span> 
     </span>
    </p>
   </div>
   <div class='ocr_carea' id='block_1_42' title="bbox 385 2701 2041 2778">
    <p class='ocr_par' dir='ltr' id='par_1_42' title="bbox 385 2701 2041 2778">
     <span class='ocr_line' id='line_1_43' title="bbox 385 2701 2041 2778; baseline 0.006 -23"><span class='ocrx_word' id='word_1_311' title='bbox 385 2703 443 2755; x_wconf 88' lang='lat' dir='ltr'><strong>et</strong></span> <span class='ocrx_word' id='word_1_312' title='bbox 468 2701 1006 2776; x_wconf 56' lang='lat' dir='ltr'><strong>cupiditatemque),</strong></span> <span class='ocrx_word' id='word_1_313' title='bbox 1037 2707 1298 2778; x_wconf 90' lang='lat' dir='ltr'><strong>ipsorum</strong></span> <span class='ocrx_word' id='word_1_314' title='bbox 1333 2708 1568 2764; x_wconf 76' lang='lat' dir='ltr'><strong>malitiae.</strong></span> <span class='ocrx_word' id='word_1_315' title='bbox 1599 2713 1656 2766; x_wconf 92' lang='lat' dir='ltr'><strong>et</strong></span> <span class='ocrx_word' id='word_1_316' title='bbox 1713 2714 1886 2765; x_wconf 77' lang='lat' dir='ltr'><strong>tantas</strong></span> <span class='ocrx_word' id='word_1_317' title='bbox 1935 2710 2041 2765; x_wconf 86' lang='lat' dir='ltr'><strong>im-</strong></span> 
     </span>
    </p>
   </div>
   <div class='ocr_carea' id='block_1_43' title="bbox 383 2787 2041 2870">
    <p class='ocr_par' dir='ltr' id='par_1_43' title="bbox 383 2787 2041 2870">
     <span class='ocr_line' id='line_1_44' title="bbox 383 2787 2041 2870; baseline 0.007 -27"><span class='ocrx_word' id='word_1_318' title='bbox 383 2787 622 2862; x_wconf 89' lang='lat' dir='ltr'><strong>pietatis</strong></span> <span class='ocrx_word' id='word_1_319' title='bbox 653 2793 884 2848; x_wconf 89' lang='lat' dir='ltr'><strong>occasio</strong></span> <span class='ocrx_word' id='word_1_320' title='bbox 916 2795 1043 2862; x_wconf 85' lang='lat' dir='ltr'><strong>fuit,</strong></span> <span class='ocrx_word' id='word_1_321' title='bbox 1077 2796 1216 2852; x_wconf 92' lang='lat' dir='ltr'><strong>deos</strong></span> <span class='ocrx_word' id='word_1_322' title='bbox 1248 2797 1432 2854; x_wconf 88' lang='lat' dir='ltr'><strong>fecere</strong></span> <span class='ocrx_word' id='word_1_323' title='bbox 1453 2803 1511 2854; x_wconf 89' lang='lat' dir='ltr'><strong>et</strong></span> <span class='ocrx_word' id='word_1_324' title='bbox 1535 2799 1866 2865; x_wconf 90' lang='lat' dir='ltr'><strong>adoravere,</strong></span> <span class='ocrx_word' id='word_1_325' title='bbox 1900 2815 2041 2870; x_wconf 86' lang='lat' dir='ltr'><strong>qua-</strong></span> 
     </span>
    </p>
   </div>
   <div class='ocr_carea' id='block_1_44' title="bbox 386 2876 2036 2960">
    <p class='ocr_par' dir='ltr' id='par_1_44' title="bbox 386 2876 2036 2960">
     <span class='ocr_line' id='line_1_45' title="bbox 386 2876 2036 2960; baseline 0.008 -29"><span class='ocrx_word' id='word_1_326' title='bbox 386 2876 462 2932; x_wconf 89' lang='lat' dir='ltr'><strong>lis</strong></span> <span class='ocrx_word' id='word_1_327' title='bbox 495 2882 584 2934; x_wconf 91' lang='lat' dir='ltr'><strong>est</strong></span> <span class='ocrx_word' id='word_1_328' title='bbox 618 2881 774 2952; x_wconf 88' lang='lat' dir='ltr'><strong>apud</strong></span> <span class='ocrx_word' id='word_1_329' title='bbox 805 2899 902 2938; x_wconf 90' lang='lat' dir='ltr'><strong>eos</strong></span> <span class='ocrx_word' id='word_1_330' title='bbox 923 2885 1101 2940; x_wconf 86' lang='lat' dir='ltr'><strong>Amor</strong></span> <span class='ocrx_word' id='word_1_331' title='bbox 1130 2889 1188 2940; x_wconf 92' lang='lat' dir='ltr'><strong>et</strong></span> <span class='ocrx_word' id='word_1_332' title='bbox 1212 2886 1410 2943; x_wconf 90' lang='lat' dir='ltr'><strong>Venus</strong></span> <span class='ocrx_word' id='word_1_333' title='bbox 1451 2887 1511 2942; x_wconf 91' lang='lat' dir='ltr'><strong>in</strong></span> <span class='ocrx_word' id='word_1_334' title='bbox 1569 2887 1766 2960; x_wconf 91' lang='lat' dir='ltr'><strong>Papho</strong></span> <span class='ocrx_word' id='word_1_335' title='bbox 1820 2887 2036 2944; x_wconf 89' lang='lat' dir='ltr'><strong>insula.</strong></span> 
     </span>
    </p>
   </div>
   <div class='ocr_carea' id='block_1_45' title="bbox 385 2974 2038 3058">
    <p class='ocr_par' dir='ltr' id='par_1_45' title="bbox 385 2974 2038 3058">
     <span class='ocr_line' id='line_1_46' title="bbox 385 2974 2038 3058; baseline 0.007 -27"><span class='ocrx_word' id='word_1_336' title='bbox 385 2974 499 3031; x_wconf 84' lang='lat' dir='ltr'><strong>Alii</strong></span> <span class='ocrx_word' id='word_1_337' title='bbox 529 2975 688 3033; x_wconf 90' lang='lat' dir='ltr'><strong>velut</strong></span> <span class='ocrx_word' id='word_1_338' title='bbox 717 2979 916 3050; x_wconf 88' lang='lat' dir='ltr'><strong>pejora</strong></span> <span class='ocrx_word' id='word_1_339' title='bbox 945 2981 1256 3040; x_wconf 89' lang='lat' dir='ltr'><strong>ambitiose</strong></span> <span class='ocrx_word' id='word_1_340' title='bbox 1287 2984 1713 3052; x_wconf 70' lang='lat' dir='ltr'><strong>aamulati,suos</strong></span> <span class='ocrx_word' id='word_1_341' title='bbox 1746 2985 2038 3058; x_wconf 86' lang='lat' dir='ltr'><strong>principes</strong></span> 
     </span>
    </p>
   </div>
   <div class='ocr_carea' id='block_1_46' title="bbox 388 3067 2036 3147">
    <p class='ocr_par' dir='ltr' id='par_1_46' title="bbox 388 3067 2036 3147">
     <span class='ocr_line' id='line_1_47' title="bbox 388 3067 2036 3147; baseline 0.008 -28"><span class='ocrx_word' id='word_1_342' title='bbox 388 3073 488 3121; x_wconf 84' lang='lat' dir='ltr'><strong>aut</strong></span> <span class='ocrx_word' id='word_1_343' title='bbox 520 3067 692 3122; x_wconf 90' lang='lat' dir='ltr'><strong>etiam</strong></span> <span class='ocrx_word' id='word_1_344' title='bbox 727 3067 962 3125; x_wconf 90' lang='lat' dir='ltr'><strong>illorum</strong></span> <span class='ocrx_word' id='word_1_345' title='bbox 994 3070 1207 3129; x_wconf 90' lang='lat' dir='ltr'><strong>liberos</strong></span> <span class='ocrx_word' id='word_1_346' title='bbox 1225 3074 1313 3129; x_wconf 90' lang='lat' dir='ltr'><strong>vel</strong></span> <span class='ocrx_word' id='word_1_347' title='bbox 1346 3091 1449 3146; x_wconf 91' lang='lat' dir='ltr'><strong>pro</strong></span> <span class='ocrx_word' id='word_1_348' title='bbox 1476 3092 1584 3131; x_wconf 91' lang='lat' dir='ltr'><strong>sua</strong></span> <span class='ocrx_word' id='word_1_349' title='bbox 1604 3093 1741 3147; x_wconf 88' lang='lat' dir='ltr'><strong>erga</strong></span> <span class='ocrx_word' id='word_1_350' title='bbox 1787 3092 1886 3132; x_wconf 93' lang='lat' dir='ltr'><strong>eos</strong></span> <span class='ocrx_word' id='word_1_351' title='bbox 1934 3076 2036 3132; x_wconf 90' lang='lat' dir='ltr'><strong>ob-</strong></span> 
     </span>
    </p>
   </div>
   <div class='ocr_carea' id='block_1_47' title="bbox 2161 1938 3816 2019">
    <p class='ocr_par' dir='ltr' id='par_1_47' title="bbox 2161 1938 3816 2019">
     <span class='ocr_line' id='line_1_48' title="bbox 2161 1938 3816 2019; baseline 0.001 -25"><span class='ocrx_word' id='word_1_352' title='bbox 2161 1939 2393 2013; x_wconf 88' lang='grc' dir='ltr'>ἀνόμοια</span> <span class='ocrx_word' id='word_1_353' title='bbox 2421 1945 2489 2015; x_wconf 82' lang='grc' dir='ltr'><strong>τῇ</strong></span> <span class='ocrx_word' id='word_1_354' title='bbox 2541 1943 2695 2019; x_wconf 77' lang='grc' dir='ltr'>φύσει</span> <span class='ocrx_word' id='word_1_355' title='bbox 2745 1941 3043 2018; x_wconf 83' lang='grc' dir='ltr'>ένείραντες</span> <span class='ocrx_word' id='word_1_356' title='bbox 3070 1943 3204 2015; x_wconf 87' lang='grc'><strong>(51),</strong></span> <span class='ocrx_word' id='word_1_357' title='bbox 3255 1941 3332 2003; x_wconf 85' lang='grc' dir='ltr'>ὡς</span> <span class='ocrx_word' id='word_1_358' title='bbox 3370 1939 3524 2003; x_wconf 75' lang='grc' dir='ltr'>θεοὺς</span> <span class='ocrx_word' id='word_1_359' title='bbox 3553 1938 3816 2017; x_wconf 88' lang='grc' dir='ltr'>θρησκεύ-</span> 
     </span>
    </p>
   </div>
   <div class='ocr_carea' id='block_1_48' title="bbox 2157 2028 3812 2109">
    <p class='ocr_par' dir='ltr' id='par_1_48' title="bbox 2157 2028 3812 2109">
     <span class='ocr_line' id='line_1_49' title="bbox 2157 2028 3812 2109; baseline -0.001 -24"><span class='ocrx_word' id='word_1_360' title='bbox 2157 2051 2326 2085; x_wconf 79' lang='grc' dir='ltr'>ουσιν·</span> <span class='ocrx_word' id='word_1_361' title='bbox 2360 2029 2466 2085; x_wconf 79' lang='grc' dir='ltr'>οἶοί</span> <span class='ocrx_word' id='word_1_362' title='bbox 2517 2030 2646 2085; x_wconf 83' lang='grc' dir='ltr'>εἰσιν</span> <span class='ocrx_word' id='word_1_363' title='bbox 2699 2031 2751 2085; x_wconf 77' lang='grc' dir='ltr'>οἱ</span> <span class='ocrx_word' id='word_1_364' title='bbox 2793 2032 2918 2107; x_wconf 87' lang='grc' dir='ltr'>παρ’</span> <span class='ocrx_word' id='word_1_365' title='bbox 2963 2030 3285 2106; x_wconf 78' lang='grc' dir='ltr'>Αἰγυπτίοις</span> <span class='ocrx_word' id='word_1_366' title='bbox 3329 2028 3692 2109; x_wconf 72' lang='grc' dir='ltr'>κυνοκέφαλοι</span> <span class='ocrx_word' id='word_1_367' title='bbox 3724 2029 3812 2084; x_wconf 74' lang='grc' dir='ltr'><strong>καὶ</strong></span> 
     </span>
    </p>
   </div>
   <div class='ocr_carea' id='block_1_49' title="bbox 2155 2114 3813 2198">
    <p class='ocr_par' dir='ltr' id='par_1_49' title="bbox 2155 2114 3813 2198">
     <span class='ocr_line' id='line_1_50' title="bbox 2155 2114 3813 2198; baseline 0.001 -26"><span class='ocrx_word' id='word_1_368' title='bbox 2155 2116 2510 2197; x_wconf 76' lang='grc' dir='ltr'>ὀφιοκέφαλοι</span> <span class='ocrx_word' id='word_1_369' title='bbox 2560 2120 2649 2174; x_wconf 89' lang='grc' dir='ltr'><strong>καὶ</strong></span> <span class='ocrx_word' id='word_1_370' title='bbox 2704 2118 3050 2198; x_wconf 77' lang='grc' dir='ltr'>ὀνοκέφαλοι,</span> <span class='ocrx_word' id='word_1_371' title='bbox 3081 2120 3171 2174; x_wconf 81' lang='grc' dir='ltr'><strong>καὶ</strong></span> <span class='ocrx_word' id='word_1_372' title='bbox 3199 2121 3228 2175; x_wconf 99' lang='lat'><strong>6</strong></span> <span class='ocrx_word' id='word_1_373' title='bbox 3256 2120 3403 2195; x_wconf 87' lang='grc' dir='ltr'><strong>παρά</strong></span> <span class='ocrx_word' id='word_1_374' title='bbox 3439 2114 3634 2174; x_wconf 89' lang='grc' dir='ltr'>Λίϐυσι</span> <span class='ocrx_word' id='word_1_375' title='bbox 3663 2139 3813 2194; x_wconf 91' lang='grc' dir='ltr'>κριο-</span> 
     </span>
    </p>
   </div>
   <div class='ocr_carea' id='block_1_50' title="bbox 2151 2206 3812 2285">
    <p class='ocr_par' dir='ltr' id='par_1_50' title="bbox 2151 2206 3812 2285">
     <span class='ocr_line' id='line_1_51' title="bbox 2151 2206 3812 2285; baseline 0 -22"><span class='ocrx_word' id='word_1_376' title='bbox 2151 2206 2388 2285; x_wconf 76' lang='grc' dir='ltr'>κέιραλος</span> <span class='ocrx_word' id='word_1_377' title='bbox 2441 2210 2700 2282; x_wconf 68' lang='grc' dir='ltr'><strong>1Ἄμμων.</strong></span> <span class='ocrx_word' id='word_1_378' title='bbox 2751 2207 2953 2267; x_wconf 79' lang='grc' dir='ltr'>Ἄλλοι</span> <span class='ocrx_word' id='word_1_379' title='bbox 2998 2209 3055 2265; x_wconf 74' lang='grc' dir='ltr'>δὲ</span> <span class='ocrx_word' id='word_1_380' title='bbox 3105 2210 3172 2264; x_wconf 80' lang='grc' dir='ltr'><strong>τὰ</strong></span> <span class='ocrx_word' id='word_1_381' title='bbox 3205 2209 3342 2284; x_wconf 89' lang='grc' dir='ltr'>μέρη</span> <span class='ocrx_word' id='word_1_382' title='bbox 3374 2213 3481 2264; x_wconf 81' lang='grc' dir='ltr'>τῶν</span> <span class='ocrx_word' id='word_1_383' title='bbox 3517 2210 3812 2282; x_wconf 77' lang='grc' dir='ltr'>σωμάτων,</span> 
     </span>
    </p>
   </div>
   <div class='ocr_carea' id='block_1_51' title="bbox 2151 2295 3813 2377">
    <p class='ocr_par' dir='ltr' id='par_1_51' title="bbox 2151 2295 3813 2377">
     <span class='ocr_line' id='line_1_52' title="bbox 2151 2295 3813 2377; baseline -0.001 -24"><span class='ocrx_word' id='word_1_384' title='bbox 2151 2296 2418 2376; x_wconf 79' lang='grc' dir='ltr'>κεφαλὴν,</span> <span class='ocrx_word' id='word_1_385' title='bbox 2473 2298 2563 2353; x_wconf 90' lang='lat' dir='ltr'><strong>xui</strong></span> <span class='ocrx_word' id='word_1_386' title='bbox 2623 2297 2799 2372; x_wconf 86' lang='grc' dir='ltr'>ὦμον,</span> <span class='ocrx_word' id='word_1_387' title='bbox 2830 2299 2920 2354; x_wconf 87' lang='grc' dir='ltr'>καὶ</span> <span class='ocrx_word' id='word_1_388' title='bbox 2970 2305 3152 2377; x_wconf 84' lang='grc' dir='ltr'>χεῖρα,</span> <span class='ocrx_word' id='word_1_389' title='bbox 3198 2299 3288 2354; x_wconf 82' lang='grc' dir='ltr'><strong>καὶ</strong></span> <span class='ocrx_word' id='word_1_390' title='bbox 3321 2295 3461 2354; x_wconf 83' lang='grc' dir='ltr'>πόδα</span> <span class='ocrx_word' id='word_1_391' title='bbox 3508 2300 3622 2352; x_wconf 83' lang='grc' dir='ltr'>καθ’</span> <span class='ocrx_word' id='word_1_392' title='bbox 3652 2299 3813 2354; x_wconf 70' lang='grc' dir='ltr'>ἑαυτά</span> 
     </span>
    </p>
   </div>
   <div class='ocr_carea' id='block_1_52' title="bbox 2152 2385 3813 2459">
    <p class='ocr_par' dir='ltr' id='par_1_52' title="bbox 2152 2385 3813 2459">
     <span class='ocr_line' id='line_1_53' title="bbox 2152 2385 3813 2459; baseline 0 -17"><span class='ocrx_word' id='word_1_393' title='bbox 2152 2385 2452 2454; x_wconf 83' lang='grc' dir='ltr'>διελόντες,</span> <span class='ocrx_word' id='word_1_394' title='bbox 2500 2385 2723 2444; x_wconf 76' lang='grc' dir='ltr'>ἕκαστον</span> <span class='ocrx_word' id='word_1_395' title='bbox 2784 2389 2861 2452; x_wconf 85' lang='grc' dir='ltr'><strong>εἰς</strong></span> <span class='ocrx_word' id='word_1_396' title='bbox 2907 2389 3061 2452; x_wconf 73' lang='grc' dir='ltr'>θεοὺς</span> <span class='ocrx_word' id='word_1_397' title='bbox 3117 2389 3402 2458; x_wconf 79' lang='grc' dir='ltr'>ἀνέθηκαν,</span> <span class='ocrx_word' id='word_1_398' title='bbox 3450 2387 3542 2442; x_wconf 85' lang='grc' dir='ltr'><strong>καὶ</strong></span> <span class='ocrx_word' id='word_1_399' title='bbox 3591 2386 3813 2459; x_wconf 70' lang='grc' dir='ltr'>έξεθείαυ</span> 
     </span>
    </p>
   </div>
   <div class='ocr_carea' id='block_1_53' title="bbox 2151 2473 3812 2554">
    <p class='ocr_par' dir='ltr' id='par_1_53' title="bbox 2151 2473 3812 2554">
     <span class='ocr_line' id='line_1_54' title="bbox 2151 2473 3812 2554; baseline -0.001 -22"><span class='ocrx_word' id='word_1_400' title='bbox 2151 2498 2267 2546; x_wconf 91' lang='grc' dir='ltr'>σαν,</span> <span class='ocrx_word' id='word_1_401' title='bbox 2304 2476 2484 2554; x_wconf 82' lang='grc' dir='ltr'>ὥσπερ</span> <span class='ocrx_word' id='word_1_402' title='bbox 2528 2477 2627 2532; x_wconf 86' lang='grc' dir='ltr'><strong>ούκ</strong></span> <span class='ocrx_word' id='word_1_403' title='bbox 2674 2478 3003 2551; x_wconf 73' lang='grc' dir='ltr'>ἀρκούμενοι</span> <span class='ocrx_word' id='word_1_404' title='bbox 3055 2477 3106 2548; x_wconf 81' lang='grc' dir='ltr'>έξ</span> <span class='ocrx_word' id='word_1_405' title='bbox 3156 2475 3474 2550; x_wconf 79' lang='grc' dir='ltr'>ὁλοκλήρου</span> <span class='ocrx_word' id='word_1_406' title='bbox 3522 2480 3619 2532; x_wconf 74' lang='grc' dir='ltr'>τοῦ</span> <span class='ocrx_word' id='word_1_407' title='bbox 3678 2473 3812 2531; x_wconf 76' lang='grc' dir='ltr'>ὅλου</span> 
     </span>
    </p>
   </div>
   <div class='ocr_carea' id='block_1_54' title="bbox 2149 2562 3810 2642">
    <p class='ocr_par' dir='ltr' id='par_1_54' title="bbox 2149 2562 3810 2642">
     <span class='ocr_line' id='line_1_55' title="bbox 2149 2562 3810 2642; baseline -0.001 -22"><span class='ocrx_word' id='word_1_408' title='bbox 2149 2567 2403 2639; x_wconf 86' lang='grc' dir='ltr'>σώματος</span> <span class='ocrx_word' id='word_1_409' title='bbox 2457 2563 2602 2641; x_wconf 82' lang='grc' dir='ltr'>ἔχειν</span> <span class='ocrx_word' id='word_1_410' title='bbox 2649 2567 2749 2636; x_wconf 81' lang='grc' dir='ltr'><strong>τήν</strong></span> <span class='ocrx_word' id='word_1_411' title='bbox 2800 2565 3108 2642; x_wconf 90' lang='grc' dir='ltr'>θρησκείαν.</span> <span class='ocrx_word' id='word_1_412' title='bbox 3161 2565 3552 2628; x_wconf 87' lang='grc' dir='ltr'>Ἐπιτείνοντες</span> <span class='ocrx_word' id='word_1_413' title='bbox 3601 2562 3659 2620; x_wconf 74' lang='grc' dir='ltr'>δὲ</span> <span class='ocrx_word' id='word_1_414' title='bbox 3710 2567 3810 2634; x_wconf 77' lang='grc' dir='ltr'>τήν</span> 
     </span>
    </p>
   </div>
   <div class='ocr_carea' id='block_1_55' title="bbox 2150 2651 3811 2735">
    <p class='ocr_par' dir='ltr' id='par_1_55' title="bbox 2150 2651 3811 2735">
     <span class='ocr_line' id='line_1_56' title="bbox 2150 2651 3811 2735; baseline 0 -25"><span class='ocrx_word' id='word_1_415' title='bbox 2150 2651 2393 2711; x_wconf 87' lang='grc' dir='ltr'>ἀσέϐειαν</span> <span class='ocrx_word' id='word_1_416' title='bbox 2442 2652 2643 2732; x_wconf 69' lang='grc' dir='ltr'>ἕτεροι,</span> <span class='ocrx_word' id='word_1_417' title='bbox 2695 2657 2794 2725; x_wconf 77' lang='grc' dir='ltr'>τήν</span> <span class='ocrx_word' id='word_1_418' title='bbox 2842 2656 3110 2735; x_wconf 76' lang='grc' dir='ltr'>πρόφασιν</span> <span class='ocrx_word' id='word_1_419' title='bbox 3154 2662 3255 2725; x_wconf 82' lang='grc' dir='ltr'><strong>τῆς</strong></span> <span class='ocrx_word' id='word_1_420' title='bbox 3308 2653 3516 2710; x_wconf 87' lang='grc' dir='ltr'>τούτων</span> <span class='ocrx_word' id='word_1_421' title='bbox 3552 2654 3811 2732; x_wconf 84' lang='grc' dir='ltr'>εύρέσεως</span> 
     </span>
    </p>
   </div>
   <div class='ocr_carea' id='block_1_56' title="bbox 2147 2743 3809 2817">
    <p class='ocr_par' dir='ltr' id='par_1_56' title="bbox 2147 2743 3809 2817">
     <span class='ocr_line' id='line_1_57' title="bbox 2147 2743 3809 2817; baseline 0 -19"><span class='ocrx_word' id='word_1_422' title='bbox 2147 2743 2236 2798; x_wconf 82' lang='grc' dir='ltr'><strong>καὶ</strong></span> <span class='ocrx_word' id='word_1_423' title='bbox 2267 2751 2368 2813; x_wconf 80' lang='grc' dir='ltr'><strong>τῆς</strong></span> <span class='ocrx_word' id='word_1_424' title='bbox 2399 2744 2604 2800; x_wconf 71' lang='grc' dir='ltr'>ἑαυτῶν</span> <span class='ocrx_word' id='word_1_425' title='bbox 2638 2744 2828 2807; x_wconf 88' lang='grc' dir='ltr'>κακίας</span> <span class='ocrx_word' id='word_1_426' title='bbox 2857 2747 2956 2815; x_wconf 71' lang='grc' dir='ltr'><strong>τὴν</strong></span> <span class='ocrx_word' id='word_1_427' title='bbox 3006 2743 3210 2815; x_wconf 72' lang='grc' dir='ltr'>ἡδονὴν</span> <span class='ocrx_word' id='word_1_428' title='bbox 3257 2745 3348 2799; x_wconf 82' lang='grc' dir='ltr'>καὶ</span> <span class='ocrx_word' id='word_1_429' title='bbox 3390 2745 3489 2812; x_wconf 64' lang='grc' dir='ltr'>τὴν</span> <span class='ocrx_word' id='word_1_430' title='bbox 3525 2743 3809 2817; x_wconf 73' lang='grc' dir='ltr'>ἐπιθυμίαν</span> 
     </span>
    </p>
   </div>
   <div class='ocr_carea' id='block_1_57' title="bbox 2147 2832 3811 2910">
    <p class='ocr_par' dir='ltr' id='par_1_57' title="bbox 2147 2832 3811 2910">
     <span class='ocr_line' id='line_1_58' title="bbox 2147 2832 3811 2910; baseline 0 -22"><span class='ocrx_word' id='word_1_431' title='bbox 2147 2835 2565 2904; x_wconf 69' lang='grc' dir='ltr'>θεοποιήσαντες</span> <span class='ocrx_word' id='word_1_432' title='bbox 2614 2839 3028 2910; x_wconf 77' lang='grc' dir='ltr'>προσκυνοῦσιν’</span> <span class='ocrx_word' id='word_1_433' title='bbox 3092 2834 3208 2897; x_wconf 82' lang='grc' dir='ltr'>οἷός</span> <span class='ocrx_word' id='word_1_434' title='bbox 3267 2833 3406 2889; x_wconf 78' lang='grc' dir='ltr'>ἐστιν</span> <span class='ocrx_word' id='word_1_435' title='bbox 3465 2834 3493 2888; x_wconf 96' lang='lat'><strong>6</strong></span> <span class='ocrx_word' id='word_1_436' title='bbox 3543 2834 3669 2908; x_wconf 86' lang='grc' dir='ltr'>παρ’</span> <span class='ocrx_word' id='word_1_437' title='bbox 3716 2832 3811 2888; x_wconf 84' lang='grc' dir='ltr'><strong>αὐ-</strong></span> 
     </span>
    </p>
   </div>
   <div class='ocr_carea' id='block_1_58' title="bbox 2145 2920 3809 3003">
    <p class='ocr_par' dir='ltr' id='par_1_58' title="bbox 2145 2920 3809 3003">
     <span class='ocr_line' id='line_1_59' title="bbox 2145 2920 3809 3003; baseline -0.001 -25"><span class='ocrx_word' id='word_1_438' title='bbox 2145 2928 2264 2986; x_wconf 83' lang='grc' dir='ltr'>τοῖς</span> <span class='ocrx_word' id='word_1_439' title='bbox 2292 2925 2491 2998; x_wconf 89' lang='grc' dir='ltr'>Ἔρως,</span> <span class='ocrx_word' id='word_1_440' title='bbox 2539 2925 2628 2979; x_wconf 90' lang='lat' dir='ltr'><strong>xui</strong></span> <span class='ocrx_word' id='word_1_441' title='bbox 2659 2927 2694 2994; x_wconf 76' lang='grc' dir='ltr'>ἠ</span> <span class='ocrx_word' id='word_1_442' title='bbox 2746 2923 2796 2979; x_wconf 80' lang='grc' dir='ltr'><strong>έν</strong></span> <span class='ocrx_word' id='word_1_443' title='bbox 2855 2926 3022 3001; x_wconf 83' lang='grc' dir='ltr'>Πάρῳ</span> <span class='ocrx_word' id='word_1_444' title='bbox 3072 2921 3394 3003; x_wconf 75' lang='grc' dir='ltr'>’Δφροδίτη.</span> <span class='ocrx_word' id='word_1_445' title='bbox 3427 2924 3490 2978; x_wconf 82' lang='grc' dir='ltr'><strong>Οἱ</strong></span> <span class='ocrx_word' id='word_1_446' title='bbox 3521 2920 3579 2978; x_wconf 76' lang='grc' dir='ltr'>δὲ</span> <span class='ocrx_word' id='word_1_447' title='bbox 3610 2922 3809 2994; x_wconf 80' lang='grc' dir='ltr'>αὐτῶν,</span> 
     </span>
    </p>
   </div>
   <div class='ocr_carea' id='block_1_59' title="bbox 2148 3009 3812 3092">
    <p class='ocr_par' dir='ltr' id='par_1_59' title="bbox 2148 3009 3812 3092">
     <span class='ocr_line' id='line_1_60' title="bbox 2148 3009 3812 3092; baseline -0.001 -24"><span class='ocrx_word' id='word_1_448' title='bbox 2148 3011 2327 3089; x_wconf 80' lang='grc' dir='ltr'>ὥσπερ</span> <span class='ocrx_word' id='word_1_449' title='bbox 2361 3012 2817 3092; x_wconf 78' lang='grc' dir='ltr'>φιλοτιμούμενοι</span> <span class='ocrx_word' id='word_1_450' title='bbox 2863 3019 2982 3077; x_wconf 85' lang='grc' dir='ltr'>τοῖς</span> <span class='ocrx_word' id='word_1_451' title='bbox 3032 3012 3298 3090; x_wconf 76' lang='grc' dir='ltr'>χείροσιν,</span> <span class='ocrx_word' id='word_1_452' title='bbox 3333 3009 3641 3086; x_wconf 81' lang='grc' dir='ltr'>ἐτόλμησαν</span> <span class='ocrx_word' id='word_1_453' title='bbox 3681 3011 3812 3074; x_wconf 82' lang='grc' dir='ltr'>τοὺς</span> 
     </span>
    </p>
   </div>
   <div class='ocr_carea' id='block_1_60' title="bbox 2147 3097 3812 3180">
    <p class='ocr_par' dir='ltr' id='par_1_60' title="bbox 2147 3097 3812 3180">
     <span class='ocr_line' id='line_1_61' title="bbox 2147 3097 3812 3180; baseline -0.002 -22"><span class='ocrx_word' id='word_1_454' title='bbox 2147 3104 2272 3180; x_wconf 89' lang='grc' dir='ltr'>παρ’</span> <span class='ocrx_word' id='word_1_455' title='bbox 2304 3102 2478 3158; x_wconf 75' lang='grc' dir='ltr'>αὐτῶν</span> <span class='ocrx_word' id='word_1_456' title='bbox 2531 3101 2800 3180; x_wconf 79' lang='grc' dir='ltr'>ἄρχοντας</span> <span class='ocrx_word' id='word_1_457' title='bbox 2854 3103 2888 3173; x_wconf 78' lang='grc' dir='ltr'>ἧ</span> <span class='ocrx_word' id='word_1_458' title='bbox 2922 3103 3011 3158; x_wconf 86' lang='lat' dir='ltr'><strong>xui</strong></span> <span class='ocrx_word' id='word_1_459' title='bbox 3049 3102 3177 3165; x_wconf 89' lang='grc' dir='ltr'>τούς</span> <span class='ocrx_word' id='word_1_460' title='bbox 3220 3102 3426 3158; x_wconf 88' lang='grc' dir='ltr'>τούτων</span> <span class='ocrx_word' id='word_1_461' title='bbox 3481 3097 3678 3162; x_wconf 83' lang='grc' dir='ltr'>παῖδας</span> <span class='ocrx_word' id='word_1_462' title='bbox 3731 3101 3812 3163; x_wconf 75' lang='grc' dir='ltr'>εἷς</span> 
     </span>
    </p>
   </div>
   <div class='ocr_carea' id='block_1_61' title="bbox 387 3156 2043 3266">
    <p class='ocr_par' dir='ltr' id='par_1_61' title="bbox 387 3156 2036 3236">
     <span class='ocr_line' id='line_1_62' title="bbox 387 3156 2036 3236; baseline 0.005 -24"><span class='ocrx_word' id='word_1_463' title='bbox 387 3156 792 3229; x_wconf 85' lang='lat' dir='ltr'><strong>servantia,vel</strong></span> <span class='ocrx_word' id='word_1_464' title='bbox 815 3162 1155 3217; x_wconf 90' lang='lat' dir='ltr'><strong>eorumdem</strong></span> <span class='ocrx_word' id='word_1_465' title='bbox 1177 3163 1506 3236; x_wconf 83' lang='lat' dir='ltr'><strong>tyrannidis</strong></span> <span class='ocrx_word' id='word_1_466' title='bbox 1525 3169 1686 3220; x_wconf 91' lang='lat' dir='ltr'><strong>metu</strong></span> <span class='ocrx_word' id='word_1_467' title='bbox 1717 3164 1870 3221; x_wconf 92' lang='lat' dir='ltr'><strong>inter</strong></span> <span class='ocrx_word' id='word_1_468' title='bbox 1898 3164 2036 3220; x_wconf 87' lang='lat' dir='ltr'><strong>deos</strong></span> 
     </span>
    </p>
   </div>
   <div class='ocr_carea' id='block_1_62' title="bbox 2155 3156 3813 3266">
    <p class='ocr_par' dir='ltr' id='par_1_62' title="bbox 2155 3156 3813 3266">
     <span class='ocr_line' id='line_1_63' title="bbox 2155 3156 3813 3266; baseline -0.002 -18"><span class='ocrx_word' id='word_1_469' title='bbox 2155 3156 2300 3256; x_wconf 64' lang='grc' dir='ltr'><strong>θεᾶὺς</strong></span> <span class='ocrx_word' id='word_1_470' title='bbox 2363 3193 2630 3248; x_wconf 82' lang='grc' dir='ltr'>ἀναθεῖναι</span> <span class='ocrx_word' id='word_1_471' title='bbox 2673 3193 2708 3262; x_wconf 74' lang='grc' dir='ltr'>ἢ</span> <span class='ocrx_word' id='word_1_472' title='bbox 2756 3189 2845 3248; x_wconf 71' lang='grc' dir='ltr'><strong>διὰ</strong></span> <span class='ocrx_word' id='word_1_473' title='bbox 2891 3193 3058 3266; x_wconf 76' lang='grc' dir='ltr'>τιμήν</span> <span class='ocrx_word' id='word_1_474' title='bbox 3115 3196 3223 3247; x_wconf 80' lang='grc' dir='ltr'>τῶν</span> <span class='ocrx_word' id='word_1_475' title='bbox 3284 3191 3579 3266; x_wconf 78' lang='grc' dir='ltr'>ἀρξάντων,</span> <span class='ocrx_word' id='word_1_476' title='bbox 3634 3190 3670 3260; x_wconf 71' lang='grc' dir='ltr'><strong>ἢ</strong></span> <span class='ocrx_word' id='word_1_477' title='bbox 3722 3187 3813 3245; x_wconf 75' lang='grc' dir='ltr'><strong>διὰ</strong></span> 
     </span>
    </p>
   </div>
   <div class='ocr_carea' id='block_1_63' title="bbox 383 3249 2111 3323">
    <p class='ocr_par' dir='ltr' id='par_1_63' title="bbox 383 3249 2111 3323">
     <span class='ocr_line' id='line_1_64' title="bbox 383 3249 2111 3323; baseline 0.005 -22"><span class='ocrx_word' id='word_1_478' title='bbox 383 3261 694 3302; x_wconf 88' lang='lat' dir='ltr'><strong>numerare</strong></span> <span class='ocrx_word' id='word_1_479' title='bbox 723 3249 851 3304; x_wconf 89' lang='lat' dir='ltr'><strong>ausi</strong></span> <span class='ocrx_word' id='word_1_480' title='bbox 883 3255 1040 3306; x_wconf 90' lang='lat' dir='ltr'><strong>sunt.</strong></span> <span class='ocrx_word' id='word_1_481' title='bbox 1073 3251 1232 3308; x_wconf 88' lang='lat' dir='ltr'><strong>Talis</strong></span> <span class='ocrx_word' id='word_1_482' title='bbox 1262 3257 1350 3309; x_wconf 91' lang='lat' dir='ltr'><strong>est</strong></span> <span class='ocrx_word' id='word_1_483' title='bbox 1380 3254 1437 3309; x_wconf 91' lang='lat' dir='ltr'><strong>in</strong></span> <span class='ocrx_word' id='word_1_484' title='bbox 1496 3254 1665 3310; x_wconf 89' lang='lat' dir='ltr'><strong>Creta</strong></span> <span class='ocrx_word' id='word_1_485' title='bbox 1731 3253 2034 3310; x_wconf 89' lang='lat' dir='ltr'><strong>celeberri-</strong></span> <span class='ocrx_word' id='word_1_486' title='bbox 2067 3253 2111 3323; x_wconf 70' lang='grc' dir='ltr'>α</span> 
     </span>
    </p>
   </div>
   <div class='ocr_carea' id='block_1_64' title="bbox 385 3337 2034 3412">
    <p class='ocr_par' dir='ltr' id='par_1_64' title="bbox 385 3337 2034 3412">
     <span class='ocr_line' id='line_1_65' title="bbox 385 3337 2034 3412; baseline 0.006 -23"><span class='ocrx_word' id='word_1_487' title='bbox 385 3350 522 3390; x_wconf 90' lang='lat' dir='ltr'><strong>mus</strong></span> <span class='ocrx_word' id='word_1_488' title='bbox 551 3337 706 3408; x_wconf 93' lang='lat' dir='ltr'><strong>apud</strong></span> <span class='ocrx_word' id='word_1_489' title='bbox 737 3337 898 3411; x_wconf 90' lang='lat' dir='ltr'><strong>ipsos</strong></span> <span class='ocrx_word' id='word_1_490' title='bbox 930 3339 1178 3412; x_wconf 86' lang='lat' dir='ltr'><strong>Jupiter,</strong></span> <span class='ocrx_word' id='word_1_491' title='bbox 1212 3342 1259 3398; x_wconf 85' lang='lat'><strong>8</strong></span> <span class='ocrx_word' id='word_1_492' title='bbox 1293 3344 1352 3398; x_wconf 92' lang='lat' dir='ltr'><strong>in</strong></span> <span class='ocrx_word' id='word_1_493' title='bbox 1400 3344 1647 3400; x_wconf 88' lang='lat' dir='ltr'><strong>Arcadia</strong></span> <span class='ocrx_word' id='word_1_494' title='bbox 1695 3342 2034 3410; x_wconf 79' lang='lat' dir='ltr'><strong>Mercurius,</strong></span> 
     </span>
    </p>
   </div>
   <div class='ocr_carea' id='block_1_65' title="bbox 383 3434 2036 3514">
    <p class='ocr_par' dir='ltr' id='par_1_65' title="bbox 383 3434 2036 3514">
     <span class='ocr_line' id='line_1_66' title="bbox 383 3434 2036 3514; baseline 0.004 -24"><span class='ocrx_word' id='word_1_495' title='bbox 383 3434 547 3506; x_wconf 89' lang='lat' dir='ltr'><strong>apud</strong></span> <span class='ocrx_word' id='word_1_496' title='bbox 575 3435 750 3491; x_wconf 85' lang='lat' dir='ltr'><strong>Indos</strong></span> <span class='ocrx_word' id='word_1_497' title='bbox 783 3437 1095 3511; x_wconf 89' lang='lat' dir='ltr'><strong>Dionysius</strong></span> <span class='ocrx_word' id='word_1_498' title='bbox 1126 3439 1244 3496; x_wconf 86' lang='lat' dir='ltr'><strong>sive</strong></span> <span class='ocrx_word' id='word_1_499' title='bbox 1267 3440 1548 3510; x_wconf 87' lang='lat' dir='ltr'><strong>Bacchus,</strong></span> <span class='ocrx_word' id='word_1_500' title='bbox 1582 3446 1639 3498; x_wconf 93' lang='lat' dir='ltr'><strong>et</strong></span> <span class='ocrx_word' id='word_1_501' title='bbox 1685 3442 1837 3514; x_wconf 92' lang='lat' dir='ltr'><strong>apud</strong></span> <span class='ocrx_word' id='word_1_502' title='bbox 1868 3442 2036 3514; x_wconf 70' lang='lat' dir='ltr'><strong>Egy-</strong></span> 
     </span>
    </p>
   </div>
   <div class='ocr_carea' id='block_1_66' title="bbox 381 3523 2038 3603">
    <p class='ocr_par' dir='ltr' id='par_1_66' title="bbox 381 3523 2038 3603">
     <span class='ocr_line' id='line_1_67' title="bbox 381 3523 2038 3603; baseline 0.004 -26"><span class='ocrx_word' id='word_1_503' title='bbox 381 3523 536 3596; x_wconf 90' lang='lat' dir='ltr'><strong>ptios</strong></span> <span class='ocrx_word' id='word_1_504' title='bbox 569 3523 698 3581; x_wconf 87' lang='lat' dir='ltr'><strong>Isis.</strong></span> <span class='ocrx_word' id='word_1_505' title='bbox 742 3525 925 3582; x_wconf 89' lang='lat' dir='ltr'><strong>Osiris</strong></span> <span class='ocrx_word' id='word_1_506' title='bbox 956 3531 1012 3582; x_wconf 91' lang='lat' dir='ltr'><strong>et</strong></span> <span class='ocrx_word' id='word_1_507' title='bbox 1041 3527 1211 3584; x_wconf 91' lang='lat' dir='ltr'><strong>Orus.</strong></span> <span class='ocrx_word' id='word_1_508' title='bbox 1241 3528 1399 3586; x_wconf 88' lang='lat' dir='ltr'><strong>Talis</strong></span> <span class='ocrx_word' id='word_1_509' title='bbox 1430 3530 1521 3586; x_wconf 88' lang='lat' dir='ltr'><strong>his</strong></span> <span class='ocrx_word' id='word_1_510' title='bbox 1543 3531 1719 3586; x_wconf 92' lang='lat' dir='ltr'><strong>etiam</strong></span> <span class='ocrx_word' id='word_1_511' title='bbox 1755 3530 2038 3603; x_wconf 89' lang='lat' dir='ltr'><strong>tempori-</strong></span> 
     </span>
    </p>
   </div>
   <div class='ocr_carea' id='block_1_67' title="bbox 384 3612 2036 3693">
    <p class='ocr_par' dir='ltr' id='par_1_67' title="bbox 384 3612 2036 3693">
     <span class='ocr_line' id='line_1_68' title="bbox 384 3612 2036 3693; baseline 0.004 -25"><span class='ocrx_word' id='word_1_512' title='bbox 384 3612 499 3668; x_wconf 89' lang='lat' dir='ltr'><strong>bus</strong></span> <span class='ocrx_word' id='word_1_513' title='bbox 517 3613 807 3671; x_wconf 87' lang='lat' dir='ltr'><strong>Antinous</strong></span> <span class='ocrx_word' id='word_1_514' title='bbox 823 3616 1063 3672; x_wconf 86' lang='lat' dir='ltr'><strong>Adriani</strong></span> <span class='ocrx_word' id='word_1_515' title='bbox 1083 3618 1478 3676; x_wconf 83' lang='lat' dir='ltr'><strong>Romanorum</strong></span> <span class='ocrx_word' id='word_1_516' title='bbox 1498 3620 2036 3693; x_wconf 89' lang='lat' dir='ltr'><strong>imperatorisama-</strong></span> 
     </span>
    </p>
   </div>
   <div class='ocr_carea' id='block_1_68' title="bbox 385 3700 2039 3781">
    <p class='ocr_par' dir='ltr' id='par_1_68' title="bbox 385 3700 2039 3781">
     <span class='ocr_line' id='line_1_69' title="bbox 385 3700 2039 3781; baseline 0.006 -25"><span class='ocrx_word' id='word_1_517' title='bbox 385 3700 714 3773; x_wconf 85' lang='lat' dir='ltr'><strong>sius,quem</strong></span> <span class='ocrx_word' id='word_1_518' title='bbox 735 3705 971 3760; x_wconf 89' lang='lat' dir='ltr'><strong>tametsi</strong></span> <span class='ocrx_word' id='word_1_519' title='bbox 1001 3706 1300 3763; x_wconf 90' lang='lat' dir='ltr'><strong>hominem</strong></span> <span class='ocrx_word' id='word_1_520' title='bbox 1334 3708 1515 3764; x_wconf 85' lang='lat' dir='ltr'><strong>fuisse</strong></span> <span class='ocrx_word' id='word_1_521' title='bbox 1545 3713 1600 3765; x_wconf 93' lang='lat' dir='ltr'><strong>et</strong></span> <span class='ocrx_word' id='word_1_522' title='bbox 1639 3710 1877 3781; x_wconf 88' lang='lat' dir='ltr'><strong>quidem</strong></span> <span class='ocrx_word' id='word_1_523' title='bbox 1935 3709 2039 3765; x_wconf 88' lang='lat' dir='ltr'><strong>ho-</strong></span> 
     </span>
    </p>
   </div>
   <div class='ocr_carea' id='block_1_69' title="bbox 361 3788 2040 3870">
    <p class='ocr_par' dir='ltr' id='par_1_69' title="bbox 361 3788 2040 3870">
     <span class='ocr_line' id='line_1_70' title="bbox 361 3788 2040 3870; baseline 0.005 -24"><span class='ocrx_word' id='word_1_524' title='bbox 361 3788 608 3846; x_wconf 85' lang='lat' dir='ltr'><strong>&#39;minem</strong></span> <span class='ocrx_word' id='word_1_525' title='bbox 638 3791 883 3849; x_wconf 88' lang='lat' dir='ltr'><strong>minime</strong></span> <span class='ocrx_word' id='word_1_526' title='bbox 913 3811 1144 3867; x_wconf 89' lang='lat' dir='ltr'><strong>gravem</strong></span> <span class='ocrx_word' id='word_1_527' title='bbox 1167 3801 1222 3851; x_wconf 93' lang='lat' dir='ltr'><strong>et</strong></span> <span class='ocrx_word' id='word_1_528' title='bbox 1243 3796 1581 3867; x_wconf 89' lang='lat' dir='ltr'><strong>honestum,</strong></span> <span class='ocrx_word' id='word_1_529' title='bbox 1613 3799 1714 3855; x_wconf 90' lang='lat' dir='ltr'><strong>sed</strong></span> <span class='ocrx_word' id='word_1_530' title='bbox 1759 3798 2040 3870; x_wconf 89' lang='lat' dir='ltr'><strong>impuris-</strong></span> 
     </span>
    </p>
   </div>
   <div class='ocr_carea' id='block_1_70' title="bbox 386 3877 2042 3960">
    <p class='ocr_par' dir='ltr' id='par_1_70' title="bbox 386 3877 2042 3960">
     <span class='ocr_line' id='line_1_71' title="bbox 386 3877 2042 3960; baseline 0.005 -25"><span class='ocrx_word' id='word_1_531' title='bbox 386 3877 606 3936; x_wconf 86' lang='lat' dir='ltr'><strong>simum</strong></span> <span class='ocrx_word' id='word_1_532' title='bbox 634 3897 752 3937; x_wconf 90' lang='lat' dir='ltr'><strong>non</strong></span> <span class='ocrx_word' id='word_1_533' title='bbox 783 3881 1076 3955; x_wconf 88' lang='lat' dir='ltr'><strong>ignorant,</strong></span> <span class='ocrx_word' id='word_1_534' title='bbox 1097 3900 1232 3941; x_wconf 92' lang='lat' dir='ltr'><strong>eum</strong></span> <span class='ocrx_word' id='word_1_535' title='bbox 1264 3889 1460 3942; x_wconf 89' lang='lat' dir='ltr'><strong>tamen</strong></span> <span class='ocrx_word' id='word_1_536' title='bbox 1493 3887 1565 3943; x_wconf 92' lang='lat' dir='ltr'><strong>ob</strong></span> <span class='ocrx_word' id='word_1_537' title='bbox 1610 3891 1828 3944; x_wconf 90' lang='lat' dir='ltr'><strong>metum</strong></span> <span class='ocrx_word' id='word_1_538' title='bbox 1863 3887 2042 3960; x_wconf 91' lang='lat' dir='ltr'><strong>impe-</strong></span> 
     </span>
    </p>
   </div>
   <div class='ocr_carea' id='block_1_71' title="bbox 382 3976 2039 4057">
    <p class='ocr_par' dir='ltr' id='par_1_71' title="bbox 382 3976 2039 4057">
     <span class='ocr_line' id='line_1_72' title="bbox 382 3976 2039 4057; baseline 0.004 -26"><span class='ocrx_word' id='word_1_539' title='bbox 382 3976 571 4032; x_wconf 88' lang='lat' dir='ltr'><strong>rantis</strong></span> <span class='ocrx_word' id='word_1_540' title='bbox 600 3984 972 4036; x_wconf 88' lang='lat' dir='ltr'><strong>venerantur.</strong></span> <span class='ocrx_word' id='word_1_541' title='bbox 1006 3985 1148 4038; x_wconf 88' lang='lat' dir='ltr'><strong>Cum</strong></span> <span class='ocrx_word' id='word_1_542' title='bbox 1180 3983 1360 4049; x_wconf 89' lang='lat' dir='ltr'><strong>enim,</strong></span> <span class='ocrx_word' id='word_1_543' title='bbox 1387 3984 1640 4040; x_wconf 87' lang='lat' dir='ltr'><strong>Adriano</strong></span> <span class='ocrx_word' id='word_1_544' title='bbox 1700 3984 1758 4040; x_wconf 90' lang='lat' dir='ltr'><strong>in</strong></span> <span class='ocrx_word' id='word_1_545' title='bbox 1816 3984 2039 4057; x_wconf 70' lang='lat' dir='ltr'><strong>Egypti</strong></span> 
     </span>
    </p>
   </div>
   <div class='ocr_carea' id='block_1_72' title="bbox 387 4065 2038 4146">
    <p class='ocr_par' dir='ltr' id='par_1_72' title="bbox 387 4065 2038 4146">
     <span class='ocr_line' id='line_1_73' title="bbox 387 4065 2038 4146; baseline 0.004 -25"><span class='ocrx_word' id='word_1_546' title='bbox 387 4065 624 4138; x_wconf 88' lang='lat' dir='ltr'><strong>regione</strong></span> <span class='ocrx_word' id='word_1_547' title='bbox 653 4067 1300 4136; x_wconf 84' lang='lat' dir='ltr'><strong>diversante,Antinous</strong></span> <span class='ocrx_word' id='word_1_548' title='bbox 1331 4071 1490 4128; x_wconf 91' lang='lat' dir='ltr'><strong>illius</strong></span> <span class='ocrx_word' id='word_1_549' title='bbox 1521 4071 1838 4146; x_wconf 91' lang='lat' dir='ltr'><strong>voluptatis</strong></span> <span class='ocrx_word' id='word_1_550' title='bbox 1865 4072 2038 4128; x_wconf 89' lang='lat' dir='ltr'><strong>mini-</strong></span> 
     </span>
    </p>
   </div>
   <div class='ocr_carea' id='block_1_73' title="bbox 390 4157 2036 4234">
    <p class='ocr_par' dir='ltr' id='par_1_73' title="bbox 390 4157 2036 4234">
     <span class='ocr_line' id='line_1_74' title="bbox 390 4157 2036 4234; baseline 0.004 -22"><span class='ocrx_word' id='word_1_551' title='bbox 390 4158 562 4212; x_wconf 89' lang='lat' dir='ltr'><strong>stere</strong></span> <span class='ocrx_word' id='word_1_552' title='bbox 590 4157 709 4213; x_wconf 91' lang='lat' dir='ltr'><strong>vita</strong></span> <span class='ocrx_word' id='word_1_553' title='bbox 739 4158 1074 4231; x_wconf 84' lang='lat' dir='ltr'><strong>migrasset,</strong></span> <span class='ocrx_word' id='word_1_554' title='bbox 1131 4177 1267 4217; x_wconf 79' lang='lat' dir='ltr'><strong>eum</strong></span> <span class='ocrx_word' id='word_1_555' title='bbox 1314 4161 1634 4234; x_wconf 87' lang='lat' dir='ltr'><strong>imperator</strong></span> <span class='ocrx_word' id='word_1_556' title='bbox 1671 4162 1779 4218; x_wconf 92' lang='lat' dir='ltr'><strong>coli</strong></span> <span class='ocrx_word' id='word_1_557' title='bbox 1821 4161 2036 4234; x_wconf 87' lang='lat' dir='ltr'><strong>jussit:</strong></span> 
     </span>
    </p>
   </div>
   <div class='ocr_carea' id='block_1_74' title="bbox 395 4256 2040 4333">
    <p class='ocr_par' dir='ltr' id='par_1_74' title="bbox 395 4256 2040 4333">
     <span class='ocr_line' id='line_1_75' title="bbox 395 4256 2040 4333; baseline 0.005 -25"><span class='ocrx_word' id='word_1_558' title='bbox 395 4269 511 4326; x_wconf 88' lang='lat' dir='ltr'><strong>quo</strong></span> <span class='ocrx_word' id='word_1_559' title='bbox 539 4257 740 4328; x_wconf 92' lang='lat' dir='ltr'><strong>utique</strong></span> <span class='ocrx_word' id='word_1_560' title='bbox 771 4256 923 4313; x_wconf 89' lang='lat' dir='ltr'><strong>facto</strong></span> <span class='ocrx_word' id='word_1_561' title='bbox 954 4262 1012 4315; x_wconf 91' lang='lat' dir='ltr'><strong>et</strong></span> <span class='ocrx_word' id='word_1_562' title='bbox 1035 4274 1097 4315; x_wconf 89' lang='lat' dir='ltr'><strong>se</strong></span> <span class='ocrx_word' id='word_1_563' title='bbox 1126 4258 1514 4316; x_wconf 82' lang='lat' dir='ltr'><strong>adolescentis</strong></span> <span class='ocrx_word' id='word_1_564' title='bbox 1544 4259 1719 4316; x_wconf 89' lang='lat' dir='ltr'><strong>etiam</strong></span> <span class='ocrx_word' id='word_1_565' title='bbox 1753 4264 1884 4333; x_wconf 92' lang='lat' dir='ltr'><strong>post</strong></span> <span class='ocrx_word' id='word_1_566' title='bbox 1911 4261 2040 4330; x_wconf 87' lang='lat' dir='ltr'><strong>ejus</strong></span> 
     </span>
    </p>
   </div>
   <div class='ocr_carea' id='block_1_75' title="bbox 391 4346 2038 4422">
    <p class='ocr_par' dir='ltr' id='par_1_75' title="bbox 391 4346 2038 4422">
     <span class='ocr_line' id='line_1_76' title="bbox 391 4346 2038 4422; baseline 0.004 -24"><span class='ocrx_word' id='word_1_567' title='bbox 391 4346 639 4400; x_wconf 90' lang='lat' dir='ltr'><strong>mortem</strong></span> <span class='ocrx_word' id='word_1_568' title='bbox 663 4361 863 4402; x_wconf 90' lang='lat' dir='ltr'><strong>amore</strong></span> <span class='ocrx_word' id='word_1_569' title='bbox 885 4346 1232 4420; x_wconf 84' lang='lat' dir='ltr'><strong>ﬂagrareest</strong></span> <span class='ocrx_word' id='word_1_570' title='bbox 1259 4351 1528 4418; x_wconf 87' lang='lat' dir='ltr'><strong>testatus,</strong></span> <span class='ocrx_word' id='word_1_571' title='bbox 1561 4353 1618 4405; x_wconf 91' lang='lat' dir='ltr'><strong>et</strong></span> <span class='ocrx_word' id='word_1_572' title='bbox 1637 4350 1814 4421; x_wconf 67' lang='lat' dir='ltr'><strong>justas</strong></span> <span class='ocrx_word' id='word_1_573' title='bbox 1845 4364 2038 4422; x_wconf 85' lang='lat' dir='ltr'><strong>repre-</strong></span> 
     </span>
    </p>
   </div>
   <div class='ocr_carea' id='block_1_76' title="bbox 384 4431 2039 4511">
    <p class='ocr_par' dir='ltr' id='par_1_76' title="bbox 384 4431 2039 4511">
     <span class='ocr_line' id='line_1_77' title="bbox 384 4431 2039 4511; baseline 0.002 -21"><span class='ocrx_word' id='word_1_574' title='bbox 384 4431 688 4491; x_wconf 89' lang='lat' dir='ltr'><strong>hensionis</strong></span> <span class='ocrx_word' id='word_1_575' title='bbox 718 4440 1129 4509; x_wconf 87' lang='lat' dir='ltr'><strong>argumentum</strong></span> <span class='ocrx_word' id='word_1_576' title='bbox 1159 4437 1218 4492; x_wconf 90' lang='lat' dir='ltr'><strong>in</strong></span> <span class='ocrx_word' id='word_1_577' title='bbox 1247 4437 1507 4510; x_wconf 91' lang='lat' dir='ltr'><strong>seipsum</strong></span> <span class='ocrx_word' id='word_1_578' title='bbox 1531 4437 1800 4511; x_wconf 84' lang='lat' dir='ltr'><strong>praebuit,</strong></span> <span class='ocrx_word' id='word_1_579' title='bbox 1843 4453 1908 4494; x_wconf 87' lang='lat' dir='ltr'><strong>ac</strong></span> <span class='ocrx_word' id='word_1_580' title='bbox 1940 4437 2039 4494; x_wconf 82' lang='lat' dir='ltr'><strong>dc-</strong></span> 
     </span>
    </p>
   </div>
   <div class='ocr_carea' id='block_1_77' title="bbox 389 4520 2042 4597">
    <p class='ocr_par' dir='ltr' id='par_1_77' title="bbox 389 4520 2042 4597">
     <span class='ocr_line' id='line_1_78' title="bbox 389 4520 2042 4597; baseline 0.003 -20"><span class='ocrx_word' id='word_1_581' title='bbox 389 4520 568 4593; x_wconf 86' lang='lat' dir='ltr'><strong>nique</strong></span> <span class='ocrx_word' id='word_1_582' title='bbox 594 4523 826 4597; x_wconf 89' lang='lat' dir='ltr'><strong>insigne</strong></span> <span class='ocrx_word' id='word_1_583' title='bbox 847 4527 1132 4583; x_wconf 88' lang='lat' dir='ltr'><strong>adversus</strong></span> <span class='ocrx_word' id='word_1_584' title='bbox 1150 4527 1485 4584; x_wconf 83' lang='lat' dir='ltr'><strong>universam</strong></span> <span class='ocrx_word' id='word_1_585' title='bbox 1506 4527 1896 4584; x_wconf 88' lang='lat' dir='ltr'><strong>idololatriam</strong></span> <span class='ocrx_word' id='word_1_586' title='bbox 1929 4531 2042 4583; x_wconf 89' lang='lat' dir='ltr'><strong>sta-</strong></span> 
     </span>
    </p>
   </div>
   <div class='ocr_carea' id='block_1_78' title="bbox 386 4610 2043 4699">
    <p class='ocr_par' dir='ltr' id='par_1_78' title="bbox 386 4610 2038 4690">
     <span class='ocr_line' id='line_1_79' title="bbox 386 4610 2038 4690; baseline 0.003 -25"><span class='ocrx_word' id='word_1_587' title='bbox 386 4610 504 4666; x_wconf 88' lang='lat' dir='ltr'><strong>tuit</strong></span> <span class='ocrx_word' id='word_1_588' title='bbox 532 4617 1126 4690; x_wconf 80' lang='lat' dir='ltr'><strong>monumentum,quo</strong></span> <span class='ocrx_word' id='word_1_589' title='bbox 1177 4630 1387 4689; x_wconf 91' lang='lat' dir='ltr'><strong>nempe</strong></span> <span class='ocrx_word' id='word_1_590' title='bbox 1436 4620 1658 4688; x_wconf 90' lang='lat' dir='ltr'><strong>pateret</strong></span> <span class='ocrx_word' id='word_1_591' title='bbox 1699 4615 1860 4672; x_wconf 90' lang='lat' dir='ltr'><strong>illam</strong></span> <span class='ocrx_word' id='word_1_592' title='bbox 1921 4631 2038 4671; x_wconf 90' lang='lat' dir='ltr'><strong>non</strong></span> 
     </span>
    </p>
   </div>
   <div class='ocr_carea' id='block_1_79' title="bbox 2155 4610 2580 4699">
    <p class='ocr_par' dir='ltr' id='par_1_79' title="bbox 2155 4620 2580 4699">
     <span class='ocr_line' id='line_1_80' title="bbox 2155 4620 2580 4699; baseline 0 -21"><span class='ocrx_word' id='word_1_593' title='bbox 2155 4643 2236 4678; x_wconf 82' lang='grc' dir='ltr'><strong>ται</strong></span> <span class='ocrx_word' id='word_1_594' title='bbox 2295 4620 2532 4699; x_wconf 89' lang='grc' dir='ltr'>λέγουσα</span> <span class='ocrx_word' id='word_1_595' title='bbox 2568 4641 2580 4654; x_wconf 79' lang='grc'><strong><em>⁸</em></strong></span> 
     </span>
    </p>
   </div>
   <div class='ocr_carea' id='block_1_80' title="bbox 391 4697 2044 4775">
    <p class='ocr_par' dir='ltr' id='par_1_80' title="bbox 391 4697 2044 4775">
     <span class='ocr_line' id='line_1_81' title="bbox 391 4697 2044 4775; baseline 0.004 -21"><span class='ocrx_word' id='word_1_596' title='bbox 391 4697 561 4756; x_wconf 90' lang='lat' dir='ltr'><strong>aliter</strong></span> <span class='ocrx_word' id='word_1_597' title='bbox 590 4702 663 4757; x_wconf 89' lang='lat' dir='ltr'><strong>ab</strong></span> <span class='ocrx_word' id='word_1_598' title='bbox 687 4702 1024 4761; x_wconf 90' lang='lat' dir='ltr'><strong>hominibus</strong></span> <span class='ocrx_word' id='word_1_599' title='bbox 1081 4706 1377 4762; x_wconf 89' lang='lat' dir='ltr'><strong>inventam</strong></span> <span class='ocrx_word' id='word_1_600' title='bbox 1424 4706 1605 4762; x_wconf 81' lang='lat' dir='ltr'><strong>fuisse</strong></span> <span class='ocrx_word' id='word_1_601' title='bbox 1661 4722 1833 4775; x_wconf 89' lang='lat' dir='ltr'><strong>quam</strong></span> <span class='ocrx_word' id='word_1_602' title='bbox 1893 4720 2044 4761; x_wconf 89' lang='lat' dir='ltr'><strong>vana</strong></span> 
     </span>
    </p>
   </div>
   <div class='ocr_carea' id='block_1_81' title="bbox 399 4788 2045 4868">
    <p class='ocr_par' dir='ltr' id='par_1_81' title="bbox 399 4788 2045 4868">
     <span class='ocr_line' id='line_1_82' title="bbox 399 4788 2045 4868; baseline 0.002 -25"><span class='ocrx_word' id='word_1_603' title='bbox 399 4788 973 4850; x_wconf 90' lang='lat' dir='ltr'><strong>comminiscentium</strong></span> <span class='ocrx_word' id='word_1_604' title='bbox 1005 4795 1324 4867; x_wconf 87' lang='lat' dir='ltr'><strong>cupiditate</strong></span> <span class='ocrx_word' id='word_1_605' title='bbox 1351 4813 1363 4858; x_wconf 87' lang='lat'>;</span> <span class='ocrx_word' id='word_1_606' title='bbox 1389 4795 1544 4868; x_wconf 94' lang='lat' dir='ltr'><strong>quod</strong></span> <span class='ocrx_word' id='word_1_607' title='bbox 1563 4799 1621 4851; x_wconf 90' lang='lat' dir='ltr'><strong>et</strong></span> <span class='ocrx_word' id='word_1_608' title='bbox 1640 4795 1740 4851; x_wconf 94' lang='lat' dir='ltr'><strong>Dei</strong></span> <span class='ocrx_word' id='word_1_609' title='bbox 1757 4793 2045 4868; x_wconf 89' lang='lat' dir='ltr'><strong>sapientia</strong></span> 
     </span>
    </p>
   </div>
   <div class='ocr_carea' id='block_1_82' title="bbox 394 4885 2046 4963">
    <p class='ocr_par' dir='ltr' id='par_1_82' title="bbox 394 4885 2046 4963">
     <span class='ocr_line' id='line_1_83' title="bbox 394 4885 2046 4963; baseline 0.004 -21"><span class='ocrx_word' id='word_1_610' title='bbox 394 4885 488 4942; x_wconf 83' lang='lat' dir='ltr'><strong>his</strong></span> <span class='ocrx_word' id='word_1_611' title='bbox 519 4887 711 4944; x_wconf 84' lang='lat' dir='ltr'><strong>verbis</strong></span> <span class='ocrx_word' id='word_1_612' title='bbox 741 4889 1045 4947; x_wconf 90' lang='lat' dir='ltr'><strong>declarat:</strong></span> <span class='ocrx_word' id='word_1_613' title='bbox 1096 4893 1323 4948; x_wconf 78' lang='lat' dir='ltr'><strong>Initium</strong></span> <span class='ocrx_word' id='word_1_614' title='bbox 1381 4894 1764 4963; x_wconf 77' lang='lat' dir='ltr'><strong>fornicationis</strong></span> <span class='ocrx_word' id='word_1_615' title='bbox 1821 4901 1898 4950; x_wconf 80' lang='lat' dir='ltr'><strong>est</strong></span> <span class='ocrx_word' id='word_1_616' title='bbox 1952 4909 2046 4948; x_wconf 76' lang='lat' dir='ltr'><strong>ea:-</strong></span> 
     </span>
    </p>
   </div>
   <div class='ocr_carea' id='block_1_83' title="bbox 391 4976 2043 5055">
    <p class='ocr_par' dir='ltr' id='par_1_83' title="bbox 391 4976 2043 5055">
     <span class='ocr_line' id='line_1_84' title="bbox 391 4976 2043 5055; baseline 0.005 -25"><span class='ocrx_word' id='word_1_617' title='bbox 391 4977 620 5046; x_wconf 74' lang='lat' dir='ltr'><strong>quiu&#39;tio</strong></span> <span class='ocrx_word' id='word_1_618' title='bbox 640 4976 916 5034; x_wconf 76' lang='lat' dir='ltr'><strong>idolorum</strong></span> <span class='ocrx_word' id='word_1_619' title='bbox 935 4981 977 5036; x_wconf 83' lang='grc'><strong>⁸.</strong></span> <span class='ocrx_word' id='word_1_620' title='bbox 1007 4981 1168 5046; x_wconf 88' lang='lat' dir='ltr'><strong>Quod</strong></span> <span class='ocrx_word' id='word_1_621' title='bbox 1202 4981 1440 5052; x_wconf 90' lang='lat' dir='ltr'><strong>quidem</strong></span> <span class='ocrx_word' id='word_1_622' title='bbox 1468 4998 1540 5038; x_wconf 90' lang='lat' dir='ltr'><strong>ne</strong></span> <span class='ocrx_word' id='word_1_623' title='bbox 1577 4981 1828 5050; x_wconf 87' lang='lat' dir='ltr'><strong>mireris,</strong></span> <span class='ocrx_word' id='word_1_624' title='bbox 1853 4998 2043 5055; x_wconf 91' lang='lat' dir='ltr'><strong>neque</strong></span> 
     </span>
    </p>
   </div>
   <div class='ocr_carea' id='block_1_84' title="bbox 348 5065 2044 5144">
    <p class='ocr_par' dir='ltr' id='par_1_84' title="bbox 348 5065 2044 5144">
     <span class='ocr_line' id='line_1_85' title="bbox 348 5065 2044 5144; baseline 0.005 -24"><span class='ocrx_word' id='word_1_625' title='bbox 348 5082 352 5085; x_wconf 92' lang='grc'><strong>·</strong></span> <span class='ocrx_word' id='word_1_626' title='bbox 390 5065 593 5137; x_wconf 89' lang='lat' dir='ltr'><strong>procul</strong></span> <span class='ocrx_word' id='word_1_627' title='bbox 625 5083 658 5122; x_wconf 90' lang='lat' dir='ltr'><strong>a</strong></span> <span class='ocrx_word' id='word_1_628' title='bbox 682 5067 796 5124; x_wconf 83' lang='lat' dir='ltr'><strong>{ide</strong></span> <span class='ocrx_word' id='word_1_629' title='bbox 825 5085 956 5125; x_wconf 90' lang='lat' dir='ltr'><strong>esse</strong></span> <span class='ocrx_word' id='word_1_630' title='bbox 985 5069 1284 5126; x_wconf 81' lang='lat' dir='ltr'><strong>existimes</strong></span> <span class='ocrx_word' id='word_1_631' title='bbox 1314 5069 1508 5142; x_wconf 88' lang='lat' dir='ltr'><strong>velim,</strong></span> <span class='ocrx_word' id='word_1_632' title='bbox 1533 5072 1771 5144; x_wconf 88' lang='lat' dir='ltr'><strong>quando</strong></span> <span class='ocrx_word' id='word_1_633' title='bbox 1802 5088 1918 5128; x_wconf 89' lang='lat' dir='ltr'><strong>non</strong></span> <span class='ocrx_word' id='word_1_634' title='bbox 1961 5072 2044 5128; x_wconf 88' lang='lat' dir='ltr'><strong>ita</strong></span> 
     </span>
    </p>
   </div>
   <div class='ocr_carea' id='block_1_85' title="bbox 385 5153 2042 5233">
    <p class='ocr_par' dir='ltr' id='par_1_85' title="bbox 385 5153 2042 5233">
     <span class='ocr_line' id='line_1_86' title="bbox 385 5153 2042 5233; baseline 0.004 -22"><span class='ocrx_word' id='word_1_635' title='bbox 385 5153 635 5227; x_wconf 89' lang='lat' dir='ltr'><strong>pridem,</strong></span> <span class='ocrx_word' id='word_1_636' title='bbox 671 5157 773 5214; x_wconf 91' lang='lat' dir='ltr'><strong>sed</strong></span> <span class='ocrx_word' id='word_1_637' title='bbox 805 5158 1077 5215; x_wconf 83' lang='lat' dir='ltr'><strong>fortassis</strong></span> <span class='ocrx_word' id='word_1_638' title='bbox 1109 5160 1285 5216; x_wconf 90' lang='lat' dir='ltr'><strong>etiam</strong></span> <span class='ocrx_word' id='word_1_639' title='bbox 1318 5160 1427 5217; x_wconf 90' lang='lat' dir='ltr'><strong>hoc</strong></span> <span class='ocrx_word' id='word_1_640' title='bbox 1487 5166 1748 5233; x_wconf 87' lang='lat' dir='ltr'><strong>tempore</strong></span> <span class='ocrx_word' id='word_1_641' title='bbox 1801 5164 2042 5219; x_wconf 87' lang='lat' dir='ltr'><strong>senatus</strong></span> 
     </span>
    </p>
   </div>
   <div class='ocr_carea' id='block_1_86' title="bbox 464 5254 898 5328">
    <p class='ocr_par' dir='ltr' id='par_1_86' title="bbox 464 5254 898 5328">
     <span class='ocr_line' id='line_1_87' title="bbox 464 5254 898 5328; baseline 0.005 -18"><span class='ocrx_word' id='word_1_642' title='bbox 464 5255 485 5290; x_wconf 78' lang='grc'><strong>⁸</strong></span> <span class='ocrx_word' id='word_1_643' title='bbox 508 5254 643 5328; x_wconf 91' lang='lat' dir='ltr'><strong>Sap.</strong></span> <span class='ocrx_word' id='word_1_644' title='bbox 675 5273 791 5325; x_wconf 74' lang='lat' dir='ltr'><strong>xxv,</strong></span> <span class='ocrx_word' id='word_1_645' title='bbox 813 5257 898 5313; x_wconf 88' lang='grc'><strong>12.</strong></span> 
     </span>
    </p>
   </div>
   <div class='ocr_carea' id='block_1_87' title="bbox 465 5369 2042 5448">
    <p class='ocr_par' dir='ltr' id='par_1_87' title="bbox 465 5369 2042 5448">
     <span class='ocr_line' id='line_1_88' title="bbox 465 5369 2042 5448; baseline 0.004 -24"><span class='ocrx_word' id='word_1_646' title='bbox 465 5369 577 5441; x_wconf 85' lang='grc'>(49)</span> <span class='ocrx_word' id='word_1_647' title='bbox 608 5371 699 5426; x_wconf 86' lang='lat' dir='ltr'><strong>Sic</strong></span> <span class='ocrx_word' id='word_1_648' title='bbox 729 5372 966 5446; x_wconf 89' lang='lat' dir='ltr'><strong>Seguer.</strong></span> <span class='ocrx_word' id='word_1_649' title='bbox 998 5379 1055 5430; x_wconf 90' lang='lat' dir='ltr'><strong>et</strong></span> <span class='ocrx_word' id='word_1_650' title='bbox 1084 5373 1201 5430; x_wconf 93' lang='lat' dir='ltr'><strong>Col.</strong></span> <span class='ocrx_word' id='word_1_651' title='bbox 1237 5373 1353 5430; x_wconf 83' lang='lat' dir='ltr'><strong>Alii</strong></span> <span class='ocrx_word' id='word_1_652' title='bbox 1405 5390 1540 5430; x_wconf 90' lang='lat' dir='ltr'><strong>cum</strong></span> <span class='ocrx_word' id='word_1_653' title='bbox 1596 5373 1791 5444; x_wconf 88' lang='lat' dir='ltr'><strong>editis,</strong></span> <span class='ocrx_word' id='word_1_654' title='bbox 1847 5371 2042 5448; x_wconf 89' lang='grc' dir='ltr'>βουλό-</span> 
     </span>
    </p>
   </div>
   <div class='ocr_carea' id='block_1_88' title="bbox 394 5459 1418 5588">
    <p class='ocr_par' dir='ltr' id='par_1_88' title="bbox 394 5459 1418 5588">
     <span class='ocr_line' id='line_1_89' title="bbox 394 5459 1418 5588; baseline -0.003 -14"><span class='ocrx_word' id='word_1_655' title='bbox 602 5512 725 5588; x_wconf 75' lang='lat' dir='ltr'><strong>Yex</strong></span> <span class='ocrx_word' id='word_1_656' title='bbox 743 5507 880 5588; x_wconf 27' lang='grc' dir='ltr'>’ὄντα</span> <span class='ocrx_word' id='word_1_657' title='bbox 908 5517 1072 5572; x_wconf 90' lang='lat' dir='ltr'><strong>deest</strong></span> <span class='ocrx_word' id='word_1_658' title='bbox 1101 5516 1161 5573; x_wconf 94' lang='lat' dir='ltr'><strong>in</strong></span> <span class='ocrx_word' id='word_1_659' title='bbox 1183 5519 1418 5588; x_wconf 76' lang='lat' dir='ltr'><strong>Seguer.</strong></span> 
     </span>
    </p>
   </div>
   <div class='ocr_carea' id='block_1_89' title="bbox 466 5584 2039 5712">
    <p class='ocr_par' dir='ltr' id='par_1_89' title="bbox 466 5584 2039 5712">
     <span class='ocr_line' id='line_1_90' title="bbox 466 5584 2039 5712; baseline 0.003 -73"><span class='ocrx_word' id='word_1_660' title='bbox 466 5584 706 5712; x_wconf 38' lang='lat' dir='ltr'><strong>(51%Sic</strong></span> <span class='ocrx_word' id='word_1_661' title='bbox 735 5585 974 5659; x_wconf 89' lang='lat' dir='ltr'><strong>Seguer.</strong></span> <span class='ocrx_word' id='word_1_662' title='bbox 1007 5588 1165 5646; x_wconf 87' lang='lat' dir='ltr'><strong>Colb.</strong></span> <span class='ocrx_word' id='word_1_663' title='bbox 1199 5584 1510 5662; x_wconf 51' lang='lat' dir='ltr'><strong>et&#39;Anglic.</strong></span> <span class='ocrx_word' id='word_1_664' title='bbox 1566 5589 1735 5658; x_wconf 88' lang='lat' dir='ltr'><strong>Editi,</strong></span> <span class='ocrx_word' id='word_1_665' title='bbox 1794 5587 2039 5665; x_wconf 87' lang='grc' dir='ltr'>όγείραν-</span> 
     </span>
     <span class='ocr_line' id='line_1_91' title="bbox 466 5655 2039 5712; baseline 0 0"><span class='ocrx_word' id='word_1_666' title='bbox 466 5675 502 5712; x_wconf 89' lang='lat'><strong>:.</strong></span> <span class='ocrx_word' id='word_1_667' title='bbox 609 5655 822 5712; x_wconf 82' lang='lat' dir='ltr'><strong>elckm.</strong></span> <span class='ocrx_word' id='word_1_668' title='bbox 853 5659 888 5712; x_wconf 79' lang='grc'>2</span> <span class='ocrx_word' id='word_1_669' title='bbox 918 5676 1090 5712; x_wconf 79' lang='lat' dir='ltr'><strong>anon.</strong></span> <span class='ocrx_word' id='word_1_670' title='bbox 1127 5659 1508 5712; x_wconf 78' lang='grc' dir='ltr'>ένεγείοαντες.</span> <span class='ocrx_word' id='word_1_671' title='bbox 1543 5662 1724 5712; x_wconf 81' lang='lat' dir='ltr'><strong>Paulo</strong></span> <span class='ocrx_word' id='word_1_672' title='bbox 1766 5667 1899 5712; x_wconf 76' lang='lat' dir='ltr'><strong>noat</strong></span> <span class='ocrx_word' id='word_1_673' title='bbox 1945 5663 2039 5712; x_wconf 78' lang='lat' dir='ltr'><strong>de-</strong></span> 
     </span>
    </p>
   </div>
   <div class='ocr_carea' id='block_1_90' title="bbox 392 5655 2041 5792">
    <p class='ocr_par' dir='ltr' id='par_1_90' title="bbox 392 5655 2041 5792">
     <span class='ocr_line' id='line_1_92' title="bbox 392 5655 2041 5738; baseline 0.008 -31"><span class='ocrx_word' id='word_1_674' title='bbox 392 5673 502 5717; x_wconf 88' lang='grc' dir='ltr'>τες.</span> <span class='ocrx_word' id='word_1_675' title='bbox 561 5655 888 5714; x_wconf 66' lang='grc' dir='ltr'><strong>ΡοΙοιίωῗὲ</strong></span> <span class='ocrx_word' id='word_1_676' title='bbox 918 5676 1090 5719; x_wconf 88' lang='lat' dir='ltr'><strong>anon.</strong></span> <span class='ocrx_word' id='word_1_677' title='bbox 1127 5655 1508 5738; x_wconf 56' lang='lat' dir='ltr'><strong>éveyslpuv&#39;rsc.</strong></span> <span class='ocrx_word' id='word_1_678' title='bbox 1543 5655 1729 5720; x_wconf 87' lang='lat' dir='ltr'><strong>Paulo</strong></span> <span class='ocrx_word' id='word_1_679' title='bbox 1764 5655 2041 5738; x_wconf 69' lang='lat' dir='ltr'><strong>po&#39;st&#39;de-</strong></span> 
     </span>
     <span class='ocr_line' id='line_1_93' title="bbox 393 5727 862 5792; baseline 0.002 -7"><span class='ocrx_word' id='word_1_680' title='bbox 393 5727 534 5792; x_wconf 69' lang='lat' dir='ltr'><strong>sinit</strong></span> <span class='ocrx_word' id='word_1_681' title='bbox 561 5745 673 5789; x_wconf 90' lang='lat' dir='ltr'><strong>ms.</strong></span> <span class='ocrx_word' id='word_1_682' title='bbox 705 5729 862 5788; x_wconf 88' lang='lat' dir='ltr'><strong>Colb.</strong></span> 
     </span>
    </p>
   </div>
   <div class='ocr_carea' id='block_1_91' title="bbox 2148 3277 3813 3362">
    <p class='ocr_par' dir='ltr' id='par_1_91' title="bbox 2148 3277 3813 3362">
     <span class='ocr_line' id='line_1_94' title="bbox 2148 3277 3813 3362; baseline -0.002 -25"><span class='ocrx_word' id='word_1_683' title='bbox 2148 3277 2314 3362; x_wconf 80' lang='grc' dir='ltr'>φόϐον</span> <span class='ocrx_word' id='word_1_684' title='bbox 2367 3289 2468 3352; x_wconf 77' lang='grc' dir='ltr'><strong>τῆς</strong></span> <span class='ocrx_word' id='word_1_685' title='bbox 2528 3281 2704 3338; x_wconf 81' lang='grc' dir='ltr'>αὐτῶν</span> <span class='ocrx_word' id='word_1_686' title='bbox 2762 3280 3104 3357; x_wconf 86' lang='grc' dir='ltr'>τυραννίδος,</span> <span class='ocrx_word' id='word_1_687' title='bbox 3161 3282 3235 3343; x_wconf 85' lang='grc' dir='ltr'><strong>ὡς</strong></span> <span class='ocrx_word' id='word_1_688' title='bbox 3272 3282 3301 3336; x_wconf 94' lang='lat'><strong>6</strong></span> <span class='ocrx_word' id='word_1_689' title='bbox 3346 3278 3398 3336; x_wconf 85' lang='grc' dir='ltr'>έν</span> <span class='ocrx_word' id='word_1_690' title='bbox 3457 3281 3642 3356; x_wconf 69' lang='grc' dir='ltr'>Κρήτῃ</span> <span class='ocrx_word' id='word_1_691' title='bbox 3687 3285 3813 3356; x_wconf 83' lang='grc' dir='ltr'>παρ’</span> 
     </span>
    </p>
   </div>
   <div class='ocr_carea' id='block_1_92' title="bbox 2147 3366 3811 3446">
    <p class='ocr_par' dir='ltr' id='par_1_92' title="bbox 2147 3366 3811 3446">
     <span class='ocr_line' id='line_1_95' title="bbox 2147 3366 3811 3446; baseline -0.002 -18"><span class='ocrx_word' id='word_1_692' title='bbox 2147 3372 2330 3435; x_wconf 74' lang='grc' dir='ltr'>αὐτοῖς</span> <span class='ocrx_word' id='word_1_693' title='bbox 2380 3366 2714 3446; x_wconf 88' lang='grc' dir='ltr'>περιϐόητος</span> <span class='ocrx_word' id='word_1_694' title='bbox 2767 3371 2916 3444; x_wconf 74' lang='grc' dir='ltr'>Ζεὺς,</span> <span class='ocrx_word' id='word_1_695' title='bbox 2968 3371 3058 3427; x_wconf 83' lang='grc' dir='ltr'><strong>καὶ</strong></span> <span class='ocrx_word' id='word_1_696' title='bbox 3087 3371 3115 3426; x_wconf 92' lang='lat'><strong>6</strong></span> <span class='ocrx_word' id='word_1_697' title='bbox 3143 3371 3254 3445; x_wconf 88' lang='grc'>(52)</span> <span class='ocrx_word' id='word_1_698' title='bbox 3285 3369 3338 3425; x_wconf 80' lang='grc' dir='ltr'><strong>έν</strong></span> <span class='ocrx_word' id='word_1_699' title='bbox 3391 3366 3655 3446; x_wconf 79' lang='grc' dir='ltr'>Ἀρκαδίᾳ</span> <span class='ocrx_word' id='word_1_700' title='bbox 3683 3369 3811 3444; x_wconf 75' lang='grc' dir='ltr'><strong>Ἐρ-</strong></span> 
     </span>
    </p>
   </div>
   <div class='ocr_carea' id='block_1_93' title="bbox 2151 3455 3810 3538">
    <p class='ocr_par' dir='ltr' id='par_1_93' title="bbox 2151 3455 3810 3538">
     <span class='ocr_line' id='line_1_96' title="bbox 2151 3455 3810 3538; baseline -0.002 -21"><span class='ocrx_word' id='word_1_701' title='bbox 2151 3469 2280 3536; x_wconf 74' lang='grc' dir='ltr'><strong>μῆςο</strong></span> <span class='ocrx_word' id='word_1_702' title='bbox 2313 3461 2584 3538; x_wconf 83' lang='grc' dir='ltr'>καὶπαρά</span> <span class='ocrx_word' id='word_1_703' title='bbox 2632 3461 2726 3535; x_wconf 80' lang='grc' dir='ltr'><strong>μὶν</strong></span> <span class='ocrx_word' id='word_1_704' title='bbox 2771 3458 2963 3524; x_wconf 85' lang='grc' dir='ltr'>Ἰνδοῖς</span> <span class='ocrx_word' id='word_1_705' title='bbox 3013 3459 3290 3532; x_wconf 84' lang='grc' dir='ltr'>Διόνυσος,</span> <span class='ocrx_word' id='word_1_706' title='bbox 3338 3459 3488 3535; x_wconf 88' lang='grc' dir='ltr'><strong>παρά</strong></span> <span class='ocrx_word' id='word_1_707' title='bbox 3535 3455 3595 3514; x_wconf 75' lang='grc' dir='ltr'>δὲ</span> <span class='ocrx_word' id='word_1_708' title='bbox 3643 3457 3810 3532; x_wconf 79' lang='grc' dir='ltr'>Δίγυ-</span> 
     </span>
    </p>
   </div>
   <div class='ocr_carea' id='block_1_94' title="bbox 2145 3547 3807 3627">
    <p class='ocr_par' dir='ltr' id='par_1_94' title="bbox 2145 3547 3807 3627">
     <span class='ocr_line' id='line_1_97' title="bbox 2145 3547 3807 3627; baseline -0.004 -20"><span class='ocrx_word' id='word_1_709' title='bbox 2145 3551 2327 3614; x_wconf 87' lang='grc' dir='ltr'>πτίοις</span> <span class='ocrx_word' id='word_1_710' title='bbox 2375 3553 2508 3613; x_wconf 87' lang='grc' dir='ltr'>Ἶσις</span> <span class='ocrx_word' id='word_1_711' title='bbox 2541 3552 2674 3624; x_wconf 91' lang='grc'>(53),</span> <span class='ocrx_word' id='word_1_712' title='bbox 2713 3549 2803 3606; x_wconf 82' lang='grc' dir='ltr'><strong>καὶ</strong></span> <span class='ocrx_word' id='word_1_713' title='bbox 2850 3553 3078 3627; x_wconf 88' lang='grc' dir='ltr'>Ὄσιρις,</span> <span class='ocrx_word' id='word_1_714' title='bbox 3130 3549 3221 3604; x_wconf 86' lang='grc' dir='ltr'><strong>καὶ</strong></span> <span class='ocrx_word' id='word_1_715' title='bbox 3269 3553 3455 3624; x_wconf 82' lang='grc' dir='ltr'>Ὦρος,</span> <span class='ocrx_word' id='word_1_716' title='bbox 3503 3547 3594 3603; x_wconf 83' lang='grc' dir='ltr'><strong>καὶ</strong></span> <span class='ocrx_word' id='word_1_717' title='bbox 3650 3550 3678 3604; x_wconf 90' lang='lat'><strong>6</strong></span> <span class='ocrx_word' id='word_1_718' title='bbox 3717 3550 3807 3602; x_wconf 82' lang='grc' dir='ltr'><strong>νῦν</strong></span> 
     </span>
    </p>
   </div>
   <div class='ocr_carea' id='block_1_95' title="bbox 2147 3634 3807 3713">
    <p class='ocr_par' dir='ltr' id='par_1_95' title="bbox 2147 3634 3807 3713">
     <span class='ocr_line' id='line_1_98' title="bbox 2147 3634 3807 3713; baseline -0.005 -15"><span class='ocrx_word' id='word_1_719' title='bbox 2147 3638 2434 3710; x_wconf 86' lang='grc' dir='ltr'>Ἀδριανοῦ</span> <span class='ocrx_word' id='word_1_720' title='bbox 2479 3643 2578 3694; x_wconf 79' lang='grc' dir='ltr'>τοῦ</span> <span class='ocrx_word' id='word_1_721' title='bbox 2635 3639 2923 3712; x_wconf 80' lang='grc' dir='ltr'>Ῥωμαίων</span> <span class='ocrx_word' id='word_1_722' title='bbox 2992 3637 3262 3713; x_wconf 89' lang='grc' dir='ltr'>βασιλέως</span> <span class='ocrx_word' id='word_1_723' title='bbox 3319 3634 3572 3700; x_wconf 84' lang='grc' dir='ltr'>παιδικὸς</span> <span class='ocrx_word' id='word_1_724' title='bbox 3635 3635 3807 3695; x_wconf 87' lang='grc' dir='ltr'>Ἀντί-</span> 
     </span>
    </p>
   </div>
   <div class='ocr_carea' id='block_1_96' title="bbox 2145 3725 3807 3804">
    <p class='ocr_par' dir='ltr' id='par_1_96' title="bbox 2145 3725 3807 3804">
     <span class='ocr_line' id='line_1_99' title="bbox 2145 3725 3807 3804; baseline -0.002 -20"><span class='ocrx_word' id='word_1_725' title='bbox 2145 3750 2295 3800; x_wconf 87' lang='grc' dir='ltr'>νοος,</span> <span class='ocrx_word' id='word_1_726' title='bbox 2341 3729 2399 3784; x_wconf 83' lang='grc' dir='ltr'><strong>ὃν</strong></span> <span class='ocrx_word' id='word_1_727' title='bbox 2428 3727 2622 3804; x_wconf 88' lang='grc' dir='ltr'>καίπερ</span> <span class='ocrx_word' id='word_1_728' title='bbox 2673 3725 2876 3790; x_wconf 81' lang='grc' dir='ltr'>εἰδότες</span> <span class='ocrx_word' id='word_1_729' title='bbox 2931 3725 3229 3802; x_wconf 77' lang='grc' dir='ltr'>ἄνθρωπον,</span> <span class='ocrx_word' id='word_1_730' title='bbox 3269 3727 3361 3782; x_wconf 88' lang='grc' dir='ltr'><strong>καὶ</strong></span> <span class='ocrx_word' id='word_1_731' title='bbox 3415 3725 3697 3801; x_wconf 82' lang='grc' dir='ltr'>ἄνθρωπον</span> <span class='ocrx_word' id='word_1_732' title='bbox 3745 3725 3807 3781; x_wconf 83' lang='grc' dir='ltr'>οὗ</span> 
     </span>
    </p>
   </div>
   <div class='ocr_carea' id='block_1_97' title="bbox 2149 3810 3812 3895">
    <p class='ocr_par' dir='ltr' id='par_1_97' title="bbox 2149 3810 3812 3895">
     <span class='ocr_line' id='line_1_100' title="bbox 2149 3810 3812 3895; baseline -0.002 -21"><span class='ocrx_word' id='word_1_733' title='bbox 2149 3819 2368 3892; x_wconf 87' lang='grc' dir='ltr'>σεμνὸν,</span> <span class='ocrx_word' id='word_1_734' title='bbox 2401 3815 2524 3874; x_wconf 85' lang='grc' dir='ltr'>ἀλλ’</span> <span class='ocrx_word' id='word_1_735' title='bbox 2556 3814 2840 3892; x_wconf 85' lang='grc' dir='ltr'>ἀσελγείας</span> <span class='ocrx_word' id='word_1_736' title='bbox 2873 3814 3152 3890; x_wconf 79' lang='grc' dir='ltr'>ἔμπλεων,</span> <span class='ocrx_word' id='word_1_737' title='bbox 3185 3813 3276 3872; x_wconf 83' lang='grc' dir='ltr'><strong>διὰ</strong></span> <span class='ocrx_word' id='word_1_738' title='bbox 3324 3810 3492 3895; x_wconf 77' lang='grc' dir='ltr'>φόϐον</span> <span class='ocrx_word' id='word_1_739' title='bbox 3520 3820 3617 3871; x_wconf 79' lang='grc' dir='ltr'><strong>τοῦ</strong></span> <span class='ocrx_word' id='word_1_740' title='bbox 3646 3835 3812 3891; x_wconf 86' lang='grc' dir='ltr'>προσ-</span> 
     </span>
    </p>
   </div>
   <div class='ocr_carea' id='block_1_98' title="bbox 2145 3902 3807 3982">
    <p class='ocr_par' dir='ltr' id='par_1_98' title="bbox 2145 3902 3807 3982">
     <span class='ocr_line' id='line_1_101' title="bbox 2145 3902 3807 3982; baseline -0.001 -20"><span class='ocrx_word' id='word_1_741' title='bbox 2145 3908 2401 3980; x_wconf 80' lang='grc' dir='ltr'>τάξαντος</span> <span class='ocrx_word' id='word_1_742' title='bbox 2454 3902 2700 3963; x_wconf 86' lang='grc' dir='ltr'>σέϐουσιν</span> <span class='ocrx_word' id='word_1_743' title='bbox 2734 3951 2748 3965; x_wconf 93' lang='grc'><strong>.</strong></span> <span class='ocrx_word' id='word_1_744' title='bbox 2802 3903 3184 3980; x_wconf 76' lang='grc' dir='ltr'>Ἐπιδημήσας</span> <span class='ocrx_word' id='word_1_745' title='bbox 3244 3907 3349 3982; x_wconf 79' lang='grc' dir='ltr'><strong>γὰρ</strong></span> <span class='ocrx_word' id='word_1_746' title='bbox 3406 3903 3689 3982; x_wconf 79' lang='grc' dir='ltr'>Ἀδριανός</span> <span class='ocrx_word' id='word_1_747' title='bbox 3736 3908 3807 3980; x_wconf 76' lang='grc' dir='ltr'><strong>τῇ</strong></span> 
     </span>
    </p>
   </div>
   <div class='ocr_carea' id='block_1_99' title="bbox 2147 3991 3807 4074">
    <p class='ocr_par' dir='ltr' id='par_1_99' title="bbox 2147 3991 3807 4074">
     <span class='ocr_line' id='line_1_102' title="bbox 2147 3991 3807 4074; baseline -0.002 -22"><span class='ocrx_word' id='word_1_748' title='bbox 2147 3997 2308 4074; x_wconf 80' lang='grc' dir='ltr'>χώρᾳ</span> <span class='ocrx_word' id='word_1_749' title='bbox 2334 4000 2442 4051; x_wconf 82' lang='grc' dir='ltr'>τῶν</span> <span class='ocrx_word' id='word_1_750' title='bbox 2489 3995 2830 4072; x_wconf 79' lang='grc' dir='ltr'>Αἰγυπτίων,</span> <span class='ocrx_word' id='word_1_751' title='bbox 2878 3993 3275 4066; x_wconf 82' lang='grc' dir='ltr'>τελευτήσαντα</span> <span class='ocrx_word' id='word_1_752' title='bbox 3320 3996 3412 4051; x_wconf 86' lang='grc' dir='ltr'>τὸν</span> <span class='ocrx_word' id='word_1_753' title='bbox 3459 4002 3561 4064; x_wconf 85' lang='grc' dir='ltr'><strong>τῆς</strong></span> <span class='ocrx_word' id='word_1_754' title='bbox 3600 3991 3807 4064; x_wconf 78' lang='grc' dir='ltr'>ἡδονῆς</span> 
     </span>
    </p>
   </div>
   <div class='ocr_carea' id='block_1_100' title="bbox 2149 4081 3797 4161">
    <p class='ocr_par' dir='ltr' id='par_1_100' title="bbox 2149 4081 3797 4161">
     <span class='ocr_line' id='line_1_103' title="bbox 2149 4081 3797 4161; baseline -0.002 -19"><span class='ocrx_word' id='word_1_755' title='bbox 2149 4085 2312 4142; x_wconf 80' lang='grc' dir='ltr'>αὐτοῦ</span> <span class='ocrx_word' id='word_1_756' title='bbox 2373 4086 2648 4160; x_wconf 84' lang='grc' dir='ltr'>ὑπηρέτην</span> <span class='ocrx_word' id='word_1_757' title='bbox 2721 4083 2993 4142; x_wconf 87' lang='grc' dir='ltr'>Ἀντίνοον</span> <span class='ocrx_word' id='word_1_758' title='bbox 3053 4081 3303 4140; x_wconf 78' lang='grc' dir='ltr'>ἐκέλευσε</span> <span class='ocrx_word' id='word_1_759' title='bbox 3365 4083 3749 4161; x_wconf 83' lang='grc' dir='ltr'>θρησκεύεσθαι</span> <span class='ocrx_word' id='word_1_760' title='bbox 3780 4130 3797 4158; x_wconf 88' lang='grc'><strong>,</strong></span> 
     </span>
    </p>
   </div>
   <div class='ocr_carea' id='block_1_101' title="bbox 2149 4171 3812 4250">
    <p class='ocr_par' dir='ltr' id='par_1_101' title="bbox 2149 4171 3812 4250">
     <span class='ocr_line' id='line_1_104' title="bbox 2149 4171 3812 4250; baseline 0 -20"><span class='ocrx_word' id='word_1_761' title='bbox 2149 4174 2309 4238; x_wconf 81' lang='grc' dir='ltr'>αὐτός</span> <span class='ocrx_word' id='word_1_762' title='bbox 2346 4175 2440 4248; x_wconf 73' lang='grc' dir='ltr'><strong>μὲν</strong></span> <span class='ocrx_word' id='word_1_763' title='bbox 2467 4174 2558 4230; x_wconf 83' lang='grc' dir='ltr'><strong>καὶ</strong></span> <span class='ocrx_word' id='word_1_764' title='bbox 2608 4175 2744 4249; x_wconf 86' lang='grc' dir='ltr'><strong>μετά</strong></span> <span class='ocrx_word' id='word_1_765' title='bbox 2788 4173 3012 4230; x_wconf 83' lang='grc' dir='ltr'>θάνατον</span> <span class='ocrx_word' id='word_1_766' title='bbox 3066 4173 3204 4250; x_wconf 79' lang='grc' dir='ltr'>ἐρῶν</span> <span class='ocrx_word' id='word_1_767' title='bbox 3252 4177 3350 4228; x_wconf 78' lang='grc' dir='ltr'>τοῦ</span> <span class='ocrx_word' id='word_1_768' title='bbox 3388 4171 3605 4245; x_wconf 84' lang='grc' dir='ltr'>παιδὸς,</span> <span class='ocrx_word' id='word_1_769' title='bbox 3657 4172 3812 4249; x_wconf 82' lang='grc' dir='ltr'>ἔλεγ-</span> 
     </span>
    </p>
   </div>
   <div class='ocr_carea' id='block_1_102' title="bbox 2147 4261 3808 4342">
    <p class='ocr_par' dir='ltr' id='par_1_102' title="bbox 2147 4261 3808 4342">
     <span class='ocr_line' id='line_1_105' title="bbox 2147 4261 3808 4342; baseline 0 -23"><span class='ocrx_word' id='word_1_770' title='bbox 2147 4285 2249 4342; x_wconf 85' lang='grc' dir='ltr'><strong>χον</strong></span> <span class='ocrx_word' id='word_1_771' title='bbox 2311 4261 2369 4320; x_wconf 78' lang='grc' dir='ltr'>δὶ</span> <span class='ocrx_word' id='word_1_772' title='bbox 2424 4262 2580 4338; x_wconf 74' lang='grc' dir='ltr'>ὅμως</span> <span class='ocrx_word' id='word_1_773' title='bbox 2609 4265 2724 4319; x_wconf 88' lang='grc' dir='ltr'>καθ’</span> <span class='ocrx_word' id='word_1_774' title='bbox 2777 4264 3086 4335; x_wconf 78' lang='grc' dir='ltr'>έαυτοῦ,καὶ</span> <span class='ocrx_word' id='word_1_775' title='bbox 3133 4263 3424 4338; x_wconf 88' lang='grc' dir='ltr'>γνώρισμα</span> <span class='ocrx_word' id='word_1_776' title='bbox 3464 4263 3602 4320; x_wconf 86' lang='grc' dir='ltr'><strong>κατά</strong></span> <span class='ocrx_word' id='word_1_777' title='bbox 3629 4264 3808 4335; x_wconf 84' lang='grc' dir='ltr'>πάσης</span> 
     </span>
    </p>
   </div>
   <div class='ocr_carea' id='block_1_103' title="bbox 2149 4348 3806 4431">
    <p class='ocr_par' dir='ltr' id='par_1_103' title="bbox 2149 4348 3806 4431">
     <span class='ocr_line' id='line_1_106' title="bbox 2149 4348 3806 4431; baseline -0.001 -22"><span class='ocrx_word' id='word_1_778' title='bbox 2149 4350 2608 4429; x_wconf 82' lang='grc' dir='ltr'>εἰδωλολατρείας</span> <span class='ocrx_word' id='word_1_779' title='bbox 2666 4353 2947 4430; x_wconf 85' lang='grc' dir='ltr'>παρέχων,</span> <span class='ocrx_word' id='word_1_780' title='bbox 2999 4350 3082 4408; x_wconf 80' lang='grc' dir='ltr'><strong>ὅτι</strong></span> <span class='ocrx_word' id='word_1_781' title='bbox 3140 4351 3241 4408; x_wconf 81' lang='grc' dir='ltr'><strong>οὐκ</strong></span> <span class='ocrx_word' id='word_1_782' title='bbox 3298 4348 3490 4415; x_wconf 77' lang='grc' dir='ltr'>ἄλλως</span> <span class='ocrx_word' id='word_1_783' title='bbox 3548 4351 3806 4431; x_wconf 76' lang='grc' dir='ltr'>έφευρέθη</span> 
     </span>
    </p>
   </div>
   <div class='ocr_carea' id='block_1_104' title="bbox 2147 4437 3811 4520">
    <p class='ocr_par' dir='ltr' id='par_1_104' title="bbox 2147 4437 3811 4520">
     <span class='ocr_line' id='line_1_107' title="bbox 2147 4437 3811 4520; baseline -0.001 -22"><span class='ocrx_word' id='word_1_784' title='bbox 2147 4443 2294 4520; x_wconf 85' lang='grc' dir='ltr'><strong>παρά</strong></span> <span class='ocrx_word' id='word_1_785' title='bbox 2322 4448 2437 4506; x_wconf 87' lang='grc' dir='ltr'>τοῖς</span> <span class='ocrx_word' id='word_1_786' title='bbox 2471 4443 2777 4519; x_wconf 89' lang='grc' dir='ltr'>ἀνθρωποις</span> <span class='ocrx_word' id='word_1_787' title='bbox 2821 4441 2955 4512; x_wconf 77' lang='grc' dir='ltr'>αὕτη</span> <span class='ocrx_word' id='word_1_788' title='bbox 2995 4442 3031 4512; x_wconf 73' lang='grc' dir='ltr'><strong>ἢ</strong></span> <span class='ocrx_word' id='word_1_789' title='bbox 3084 4437 3152 4498; x_wconf 83' lang='grc' dir='ltr'><strong>δι’</strong></span> <span class='ocrx_word' id='word_1_790' title='bbox 3201 4440 3488 4516; x_wconf 75' lang='grc' dir='ltr'>ἐπιθυμίαν</span> <span class='ocrx_word' id='word_1_791' title='bbox 3531 4445 3640 4496; x_wconf 81' lang='grc' dir='ltr'>τῶν</span> <span class='ocrx_word' id='word_1_792' title='bbox 3669 4438 3811 4496; x_wconf 84' lang='grc' dir='ltr'>πλα-</span> 
     </span>
    </p>
   </div>
   <div class='ocr_carea' id='block_1_105' title="bbox 2149 4529 3811 4610">
    <p class='ocr_par' dir='ltr' id='par_1_105' title="bbox 2149 4529 3811 4610">
     <span class='ocr_line' id='line_1_108' title="bbox 2149 4529 3811 4610; baseline -0.001 -22"><span class='ocrx_word' id='word_1_793' title='bbox 2149 4534 2418 4606; x_wconf 89' lang='grc' dir='ltr'>σαμένων,</span> <span class='ocrx_word' id='word_1_794' title='bbox 2467 4533 2647 4596; x_wconf 87' lang='grc' dir='ltr'>καθὼς</span> <span class='ocrx_word' id='word_1_795' title='bbox 2676 4533 2766 4588; x_wconf 87' lang='grc' dir='ltr'><strong>καὶ</strong></span> <span class='ocrx_word' id='word_1_796' title='bbox 2823 4534 2858 4602; x_wconf 77' lang='grc' dir='ltr'><strong>ἡ</strong></span> <span class='ocrx_word' id='word_1_797' title='bbox 2914 4531 3076 4610; x_wconf 78' lang='grc' dir='ltr'>σοφία</span> <span class='ocrx_word' id='word_1_798' title='bbox 3123 4534 3221 4587; x_wconf 80' lang='grc' dir='ltr'>τοῦ</span> <span class='ocrx_word' id='word_1_799' title='bbox 3269 4534 3402 4587; x_wconf 79' lang='grc' dir='ltr'>Θεοῦ</span> <span class='ocrx_word' id='word_1_800' title='bbox 3431 4529 3811 4606; x_wconf 85' lang='grc' dir='ltr'>προμαρτύρε-</span> 
     </span>
    </p>
   </div>
   <div class='ocr_carea' id='block_1_106' title="bbox 2639 4615 3806 4698">
    <p class='ocr_par' dir='ltr' id='par_1_106' title="bbox 2639 4615 3806 4698">
     <span class='ocr_line' id='line_1_109' title="bbox 2639 4615 3806 4698; baseline -0.005 -20"><span class='ocrx_word' id='word_1_801' title='bbox 2639 4623 2815 4698; x_wconf 80' lang='grc' dir='ltr'>’Δρχή</span> <span class='ocrx_word' id='word_1_802' title='bbox 2889 4619 3146 4694; x_wconf 85' lang='grc' dir='ltr'>πορνείας</span> <span class='ocrx_word' id='word_1_803' title='bbox 3222 4618 3434 4676; x_wconf 72' lang='grc' dir='ltr'>ἐπίνοια</span> <span class='ocrx_word' id='word_1_804' title='bbox 3507 4615 3754 4675; x_wconf 78' lang='grc' dir='ltr'>εἲδώλων</span> <span class='ocrx_word' id='word_1_805' title='bbox 3791 4663 3806 4679; x_wconf 90' lang='grc'><strong>,</strong></span> 
     </span>
    </p>
   </div>
   <div class='ocr_carea' id='block_1_107' title="bbox 2152 4706 3805 4786">
    <p class='ocr_par' dir='ltr' id='par_1_107' title="bbox 2152 4706 3805 4786">
     <span class='ocr_line' id='line_1_110' title="bbox 2152 4706 3805 4786; baseline -0.003 -19"><span class='ocrx_word' id='word_1_806' title='bbox 2152 4712 2250 4767; x_wconf 82' lang='grc' dir='ltr'><strong>Καὶ</strong></span> <span class='ocrx_word' id='word_1_807' title='bbox 2287 4714 2452 4786; x_wconf 81' lang='grc' dir='ltr'>μήτοι</span> <span class='ocrx_word' id='word_1_808' title='bbox 2485 4714 2600 4786; x_wconf 80' lang='grc'>(54)</span> <span class='ocrx_word' id='word_1_809' title='bbox 2631 4711 2906 4785; x_wconf 81' lang='grc' dir='ltr'>θαυμάσῃς</span> <span class='ocrx_word' id='word_1_810' title='bbox 2969 4707 3112 4785; x_wconf 76' lang='grc' dir='ltr'>μηδὶ</span> <span class='ocrx_word' id='word_1_811' title='bbox 3170 4709 3378 4784; x_wconf 83' lang='grc' dir='ltr'>μακρὰν</span> <span class='ocrx_word' id='word_1_812' title='bbox 3433 4706 3670 4773; x_wconf 89' lang='grc' dir='ltr'>πίστεως</span> <span class='ocrx_word' id='word_1_813' title='bbox 3730 4707 3805 4764; x_wconf 82' lang='grc' dir='ltr'><strong>εἶ-</strong></span> 
     </span>
    </p>
   </div>
   <div class='ocr_carea' id='block_1_108' title="bbox 2149 4796 3807 4876">
    <p class='ocr_par' dir='ltr' id='par_1_108' title="bbox 2149 4796 3807 4876">
     <span class='ocr_line' id='line_1_111' title="bbox 2149 4796 3807 4876; baseline -0.001 -20"><span class='ocrx_word' id='word_1_814' title='bbox 2149 4823 2236 4856; x_wconf 90' lang='grc' dir='ltr'><strong>ναι</strong></span> <span class='ocrx_word' id='word_1_815' title='bbox 2263 4801 2326 4857; x_wconf 87' lang='grc' dir='ltr'>τὸ</span> <span class='ocrx_word' id='word_1_816' title='bbox 2359 4799 2655 4876; x_wconf 86' lang='grc' dir='ltr'>λεγόμενον</span> <span class='ocrx_word' id='word_1_817' title='bbox 2686 4800 2938 4875; x_wconf 87' lang='grc' dir='ltr'>νομίσῃς,</span> <span class='ocrx_word' id='word_1_818' title='bbox 2970 4799 3108 4855; x_wconf 81' lang='grc' dir='ltr'>ὅπου</span> <span class='ocrx_word' id='word_1_819' title='bbox 3137 4820 3200 4876; x_wconf 91' lang='grc' dir='ltr'><strong>γε</strong></span> <span class='ocrx_word' id='word_1_820' title='bbox 3227 4799 3318 4855; x_wconf 82' lang='grc' dir='ltr'><strong>καὶ</strong></span> <span class='ocrx_word' id='word_1_821' title='bbox 3349 4797 3410 4855; x_wconf 79' lang='grc' dir='ltr'>οὐ</span> <span class='ocrx_word' id='word_1_822' title='bbox 3441 4796 3642 4873; x_wconf 83' lang='grc' dir='ltr'>πολλῳ</span> <span class='ocrx_word' id='word_1_823' title='bbox 3671 4797 3807 4875; x_wconf 83' lang='grc' dir='ltr'>πρό-</span> 
     </span>
    </p>
   </div>
   <div class='ocr_carea' id='block_1_109' title="bbox 2149 4887 3808 4968">
    <p class='ocr_par' dir='ltr' id='par_1_109' title="bbox 2149 4887 3808 4968">
     <span class='ocr_line' id='line_1_112' title="bbox 2149 4887 3808 4968; baseline -0.001 -22"><span class='ocrx_word' id='word_1_824' title='bbox 2149 4911 2326 4965; x_wconf 87' lang='grc' dir='ltr'>τερον,</span> <span class='ocrx_word' id='word_1_825' title='bbox 2359 4891 2396 4960; x_wconf 73' lang='grc' dir='ltr'>ἢ</span> <span class='ocrx_word' id='word_1_826' title='bbox 2427 4892 2572 4968; x_wconf 80' lang='grc' dir='ltr'>τάχα</span> <span class='ocrx_word' id='word_1_827' title='bbox 2612 4891 2702 4946; x_wconf 86' lang='grc' dir='ltr'>καὶ</span> <span class='ocrx_word' id='word_1_828' title='bbox 2754 4891 2920 4967; x_wconf 79' lang='grc' dir='ltr'>μέχρι</span> <span class='ocrx_word' id='word_1_829' title='bbox 2961 4893 3051 4944; x_wconf 78' lang='grc' dir='ltr'>νῦν</span> <span class='ocrx_word' id='word_1_830' title='bbox 3082 4891 3118 4959; x_wconf 78' lang='grc' dir='ltr'>ἡ</span> <span class='ocrx_word' id='word_1_831' title='bbox 3163 4888 3450 4963; x_wconf 84' lang='grc' dir='ltr'>Ῥωμαίων</span> <span class='ocrx_word' id='word_1_832' title='bbox 3498 4887 3808 4965; x_wconf 84' lang='grc' dir='ltr'>σύγκλητος</span> 
     </span>
    </p>
   </div>
   <div class='ocr_carea' id='block_1_110' title="bbox 2149 4974 3804 5056">
    <p class='ocr_par' dir='ltr' id='par_1_110' title="bbox 2149 4974 3804 5056">
     <span class='ocr_line' id='line_1_113' title="bbox 2149 4974 3804 5056; baseline -0.001 -20"><span class='ocrx_word' id='word_1_833' title='bbox 2149 4979 2278 5043; x_wconf 76' lang='grc' dir='ltr'>τοὺς</span> <span class='ocrx_word' id='word_1_834' title='bbox 2328 4982 2552 5036; x_wconf 88' lang='grc' dir='ltr'>πώποτε</span> <span class='ocrx_word' id='word_1_835' title='bbox 2596 4978 2769 5035; x_wconf 74' lang='grc' dir='ltr'>αὐτῶν</span> <span class='ocrx_word' id='word_1_836' title='bbox 2817 4978 2868 5050; x_wconf 79' lang='grc' dir='ltr'><strong>ἐξ</strong></span> <span class='ocrx_word' id='word_1_837' title='bbox 2923 4979 3103 5056; x_wconf 83' lang='grc' dir='ltr'>ἀρχῆς</span> <span class='ocrx_word' id='word_1_838' title='bbox 3156 4975 3418 5055; x_wconf 75' lang='grc' dir='ltr'>ἄρξαντας</span> <span class='ocrx_word' id='word_1_839' title='bbox 3463 4974 3804 5054; x_wconf 73' lang='grc' dir='ltr'>βασιλέας,ἢ</span> 
     </span>
    </p>
   </div>
   <div class='ocr_carea' id='block_1_111' title="bbox 2150 5063 3806 5145">
    <p class='ocr_par' dir='ltr' id='par_1_111' title="bbox 2150 5063 3806 5145">
     <span class='ocr_line' id='line_1_114' title="bbox 2150 5063 3806 5145; baseline -0.001 -20"><span class='ocrx_word' id='word_1_840' title='bbox 2150 5071 2374 5140; x_wconf 76' lang='grc' dir='ltr'>πάντας,</span> <span class='ocrx_word' id='word_1_841' title='bbox 2406 5070 2441 5141; x_wconf 78' lang='grc' dir='ltr'>ἤ</span> <span class='ocrx_word' id='word_1_842' title='bbox 2475 5069 2569 5133; x_wconf 78' lang='grc' dir='ltr'><strong>οὓς</strong></span> <span class='ocrx_word' id='word_1_843' title='bbox 2599 5069 2658 5126; x_wconf 79' lang='grc' dir='ltr'>ἂν</span> <span class='ocrx_word' id='word_1_844' title='bbox 2706 5067 2859 5126; x_wconf 77' lang='grc' dir='ltr'>αὐτοὶ</span> <span class='ocrx_word' id='word_1_845' title='bbox 2904 5064 3211 5144; x_wconf 86' lang='grc' dir='ltr'>βούλωνται</span> <span class='ocrx_word' id='word_1_846' title='bbox 3255 5067 3346 5124; x_wconf 85' lang='grc' dir='ltr'><strong>καὶ</strong></span> <span class='ocrx_word' id='word_1_847' title='bbox 3394 5067 3642 5145; x_wconf 87' lang='grc' dir='ltr'>κρίνωσι,</span> <span class='ocrx_word' id='word_1_848' title='bbox 3675 5063 3806 5142; x_wconf 85' lang='grc' dir='ltr'>δογ-</span> 
     </span>
    </p>
   </div>
   <div class='ocr_carea' id='block_1_112' title="bbox 2155 5155 3806 5235">
    <p class='ocr_par' dir='ltr' id='par_1_112' title="bbox 2155 5155 3806 5235">
     <span class='ocr_line' id='line_1_115' title="bbox 2155 5155 3806 5235; baseline -0.002 -19"><span class='ocrx_word' id='word_1_849' title='bbox 2155 5160 2466 5234; x_wconf 82' lang='grc' dir='ltr'>ματίζουσιν</span> <span class='ocrx_word' id='word_1_850' title='bbox 2521 5159 2573 5215; x_wconf 83' lang='grc' dir='ltr'><strong>έν</strong></span> <span class='ocrx_word' id='word_1_851' title='bbox 2631 5161 2776 5222; x_wconf 87' lang='grc' dir='ltr'>θεοῖς</span> <span class='ocrx_word' id='word_1_852' title='bbox 2833 5158 2968 5215; x_wconf 79' lang='grc' dir='ltr'>εἶναι</span> <span class='ocrx_word' id='word_1_853' title='bbox 3001 5201 3016 5228; x_wconf 91' lang='grc'><strong>,</strong></span> <span class='ocrx_word' id='word_1_854' title='bbox 3068 5156 3160 5214; x_wconf 83' lang='grc' dir='ltr'><strong>καὶ</strong></span> <span class='ocrx_word' id='word_1_855' title='bbox 3212 5157 3600 5235; x_wconf 75' lang='grc' dir='ltr'>θρησκεύεσθαι</span> <span class='ocrx_word' id='word_1_856' title='bbox 3652 5155 3806 5220; x_wconf 74' lang='grc' dir='ltr'>θεοὺς</span> 
     </span>
    </p>
   </div>
   <div class='ocr_carea' id='block_1_113' title="bbox 2221 5370 3803 5504">
    <p class='ocr_par' dir='ltr' id='par_1_113' title="bbox 2221 5370 3803 5504">
     <span class='ocr_line' id='line_1_116' title="bbox 2221 5370 3803 5504; baseline -0.003 -71"><span class='ocrx_word' id='word_1_857' title='bbox 2221 5377 2336 5504; x_wconf 50' lang='lat'><strong>(522</strong></span> <span class='ocrx_word' id='word_1_858' title='bbox 2368 5375 2610 5433; x_wconf 81' lang='lat' dir='ltr'><strong>Articul.</strong></span> <span class='ocrx_word' id='word_1_859' title='bbox 2641 5375 2670 5432; x_wconf 81' lang='grc' dir='ltr'><strong>ὁ</strong></span> <span class='ocrx_word' id='word_1_860' title='bbox 2702 5375 2865 5433; x_wconf 86' lang='lat' dir='ltr'><strong>deest</strong></span> <span class='ocrx_word' id='word_1_861' title='bbox 2888 5375 2950 5433; x_wconf 91' lang='lat' dir='ltr'><strong>in</strong></span> <span class='ocrx_word' id='word_1_862' title='bbox 2979 5370 3803 5449; x_wconf 80' lang='lat' dir='ltr'><strong>Seguer.Colb.Basil.Gobler.</strong></span> 
     </span>
     <span class='ocr_line' id='line_1_117' title="bbox 2229 5448 2882 5504; baseline -0.002 0"><span class='ocrx_word' id='word_1_863' title='bbox 2229 5448 2303 5504; x_wconf 85' lang='lat' dir='ltr'><strong>Fe</strong></span> <span class='ocrx_word' id='word_1_864' title='bbox 2329 5449 2482 5504; x_wconf 84' lang='lat' dir='ltr'><strong>ckm.</strong></span> <span class='ocrx_word' id='word_1_865' title='bbox 2507 5449 2532 5504; x_wconf 91' lang='grc'><strong>1</strong></span> <span class='ocrx_word' id='word_1_866' title='bbox 2567 5451 2625 5504; x_wconf 91' lang='lat' dir='ltr'><strong>et</strong></span> <span class='ocrx_word' id='word_1_867' title='bbox 2652 5448 2688 5503; x_wconf 85' lang='lat'>2</span> <span class='ocrx_word' id='word_1_868' title='bbox 2708 5464 2882 5504; x_wconf 88' lang='lat' dir='ltr'><strong>anon.</strong></span> 
     </span>
    </p>
   </div>
   <div class='ocr_carea' id='block_1_114' title="bbox 2150 5448 2882 5505">
    <p class='ocr_par' dir='ltr' id='par_1_114' title="bbox 2150 5448 2882 5505">
     <span class='ocr_line' id='line_1_118' title="bbox 2150 5448 2882 5505; baseline -0.001 0"><span class='ocrx_word' id='word_1_869' title='bbox 2150 5453 2208 5505; x_wconf 90' lang='lat' dir='ltr'><strong>et</strong></span> <span class='ocrx_word' id='word_1_870' title='bbox 2229 5448 2482 5505; x_wconf 84' lang='lat' dir='ltr'><strong>Felckm.</strong></span> <span class='ocrx_word' id='word_1_871' title='bbox 2507 5449 2532 5504; x_wconf 91' lang='grc'><strong>1</strong></span> <span class='ocrx_word' id='word_1_872' title='bbox 2567 5451 2625 5504; x_wconf 91' lang='lat' dir='ltr'><strong>et</strong></span> <span class='ocrx_word' id='word_1_873' title='bbox 2652 5448 2688 5503; x_wconf 85' lang='lat'>2</span> <span class='ocrx_word' id='word_1_874' title='bbox 2708 5464 2882 5504; x_wconf 88' lang='lat' dir='ltr'><strong>anon.</strong></span> 
     </span>
    </p>
   </div>
   <div class='ocr_carea' id='block_1_115' title="bbox 2217 5513 3802 5595">
    <p class='ocr_par' dir='ltr' id='par_1_115' title="bbox 2217 5513 3802 5595">
     <span class='ocr_line' id='line_1_119' title="bbox 2217 5513 3802 5595; baseline 0 -21"><span class='ocrx_word' id='word_1_875' title='bbox 2217 5521 2332 5595; x_wconf 73' lang='grc'>(53)</span> <span class='ocrx_word' id='word_1_876' title='bbox 2355 5519 2462 5595; x_wconf 81' lang='lat' dir='ltr'><strong>Isis</strong></span> <span class='ocrx_word' id='word_1_877' title='bbox 2487 5519 2710 5595; x_wconf 68' lang='lat' dir='ltr'><strong>Graecis</strong></span> <span class='ocrx_word' id='word_1_878' title='bbox 2739 5523 2830 5595; x_wconf 78' lang='lat' dir='ltr'><strong>est</strong></span> <span class='ocrx_word' id='word_1_879' title='bbox 2858 5525 2932 5588; x_wconf 90' lang='grc' dir='ltr'>Δη</span> <span class='ocrx_word' id='word_1_880' title='bbox 2946 5518 3221 5595; x_wconf 59' lang='grc' dir='ltr'>μήτηρριι</span> <span class='ocrx_word' id='word_1_881' title='bbox 3253 5520 3344 5575; x_wconf 87' lang='lat' dir='ltr'><strong>est</strong></span> <span class='ocrx_word' id='word_1_882' title='bbox 3372 5513 3802 5595; x_wconf 64' lang='lat' dir='ltr'><strong>Ceres,0siris:</strong></span> 
     </span>
    </p>
   </div>
   <div class='ocr_carea' id='block_1_116' title="bbox 2149 5587 3804 5663">
    <p class='ocr_par' dir='ltr' id='par_1_116' title="bbox 2149 5587 3804 5663">
     <span class='ocr_line' id='line_1_120' title="bbox 2149 5587 3804 5663; baseline 0.001 -18"><span class='ocrx_word' id='word_1_883' title='bbox 2149 5587 2424 5662; x_wconf 63' lang='grc' dir='ltr'>Διόνυτοδ,</span> <span class='ocrx_word' id='word_1_884' title='bbox 2448 5591 2504 5647; x_wconf 89' lang='lat' dir='ltr'><strong>id</strong></span> <span class='ocrx_word' id='word_1_885' title='bbox 2536 5596 2626 5648; x_wconf 89' lang='lat' dir='ltr'><strong>est</strong></span> <span class='ocrx_word' id='word_1_886' title='bbox 2657 5587 2966 5648; x_wconf 66' lang='lat' dir='ltr'><strong>Bacchusi</strong></span> <span class='ocrx_word' id='word_1_887' title='bbox 3014 5587 3313 5663; x_wconf 29' lang='lat' dir='ltr'><strong>’et&quot;0rus,</strong></span> <span class='ocrx_word' id='word_1_888' title='bbox 3369 5587 3598 5663; x_wconf 85' lang='lat' dir='ltr'><strong>Apollo,</strong></span> <span class='ocrx_word' id='word_1_889' title='bbox 3653 5590 3804 5647; x_wconf 81' lang='lat' dir='ltr'><strong>teste</strong></span> 
     </span>
    </p>
   </div>
   <div class='ocr_carea' id='block_1_117' title="bbox 2150 5663 2813 5722">
    <p class='ocr_par' dir='ltr' id='par_1_117' title="bbox 2150 5663 2813 5722">
     <span class='ocr_line' id='line_1_121' title="bbox 2150 5663 2813 5722; baseline 0 -2"><span class='ocrx_word' id='word_1_890' title='bbox 2150 5663 2438 5722; x_wconf 80' lang='lat' dir='ltr'><strong>Herodoto</strong></span> <span class='ocrx_word' id='word_1_891' title='bbox 2468 5663 2528 5720; x_wconf 91' lang='lat' dir='ltr'><strong>in</strong></span> <span class='ocrx_word' id='word_1_892' title='bbox 2559 5666 2813 5722; x_wconf 73' lang='lat' dir='ltr'><strong>Euterpe.</strong></span> 
     </span>
    </p>
   </div>
   <div class='ocr_carea' id='block_1_118' title="bbox 2217 5735 2915 5812">
    <p class='ocr_par' dir='ltr' id='par_1_118' title="bbox 2217 5735 2915 5812">
     <span class='ocr_line' id='line_1_122' title="bbox 2217 5735 2915 5812; baseline -0.03 1"><span class='ocrx_word' id='word_1_893' title='bbox 2217 5735 2333 5812; x_wconf 67' lang='grc'>(54)</span> <span class='ocrx_word' id='word_1_894' title='bbox 2362 5735 2602 5811; x_wconf 65' lang='grc'><strong>8831101⁵.</strong></span> <span class='ocrx_word' id='word_1_895' title='bbox 2622 5735 2741 5797; x_wconf 75' lang='lat' dir='ltr'><strong>Alii</strong></span> <span class='ocrx_word' id='word_1_896' title='bbox 2761 5753 2915 5812; x_wconf 83' lang='grc' dir='ltr'>μητι.</span> 
     </span>
    </p>
   </div>
  </div>
