4160 6390
399 397 475 461 91
1605 402 1897 467 ORATIO
1940 401 2255 469 CONTRA
2299 402 2631 468 GENTES.
3740 399 3821 461 22

401 529 724 610 γράφουσιν.
774 531 869 595 Οἷς
919 531 1012 607 μὲν
1064 531 1166 608 γὰρ
1220 532 1651 611 ἀπεχθάνονται,
1704 535 1931 599 τούτους
1982 536 2055 599 ὡς

2174 540 2468 596 Romanus
2499 556 2647 611 quos
2694 538 2765 595 ab
2814 537 2979 595 initio
3022 536 3231 594 habuit
3272 535 3674 608 imperatores,
3726 530 3817 588 vel

405 618 714 695 πολεμίους
745 622 843 691 τὴν
873 620 1028 701 φύσιν
1061 620 1423 699 ὁμολογοῦσι,
1468 626 1557 680 καὶ
1603 627 1916 701 ἀνθρώπους
1952 625 2063 681 ὀνο-

410 713 688 785 μάζουσιν
753 711 846 774 οὓς
905 709 962 767 δὲ
1008 712 1376 787 καταθυμίους
1436 713 1653 791 ἔχουσι,
1708 714 1934 779 τούτους
1993 714 2061 771 δι’

406 799 764 877 ἀνδραγαθίαν
816 801 1200 875 θρησκεύεσθαι
1246 806 1698 880 προστάττουσιν,
1751 805 1931 883 ὥσπερ
1982 806 2064 862 ἐπ’

403 889 646 962 ἐξουσίας
850 889 1071 968 ἔχοντες
1117 895 1179 947 τὸ
1236 896 1525 963 Θεοποιεῖν,
1580 895 1729 950 αὐτοὶ
1787 894 2061 972 ἅνθρωποι

398 981 878 1056 τυγχάνοντες,καὶ
913 980 1049 1036 εἶναι
1080 984 1269 1053 θνητοὶ
1326 985 1399 1056 μή
1448 984 1792 1060 ἀρνούμενοι.
1827 984 1972 1041 Ἔδει
2005 984 2062 1042 δὲ

402 1072 785 1133 θεοποιοῦντας
841 1070 1035 1134 αὐτοὺς
1089 1069 1301 1144 μᾶλλον
1348 1072 1541 1135 αὐτοὺς
1589 1075 1718 1129 εἶναι
1766 1076 1939 1138 θεούς.
1999 1078 2061 1131 τὸ

402 1162 508 1236 γὰρ
541 1165 731 1215 ποιοῦν
786 1165 883 1215 τοῦ
916 1162 1248 1235 ποιουμένου
1296 1168 1540 1239 κρεῖττον
1570 1164 1702 1219 εἶναι
1759 1162 1858 1233 δεῖ,
1910 1166 2000 1221 καὶ
2034 1168 2061 1221 ό

401 1249 601 1325 κρίνων
633 1253 729 1304 τοῦ
760 1250 1083 1325 κρινομένου
1112 1250 1163 1321 ἐξ
1197 1248 1437 1326 ἀνάγκης
1488 1251 1666 1329 ἄρχει,
1699 1255 1785 1308 καὶ
1818 1256 1845 1309 ὁ
1878 1252 2062 1318 διδοὺς

403 1341 621 1401 πάντως
680 1339 708 1393 ὃ
758 1338 894 1415 ἔχει,
946 1339 1278 1416 χαρίζεται·
1334 1341 1512 1417 ὥσπερ
1566 1341 1758 1416 ἀμέλει
1805 1345 1894 1398 καὶ
1955 1352 2060 1408 πᾶς

409 1428 665 1505 βασιλεὺς
697 1429 725 1483 ὃ
761 1430 855 1501 μὲν
907 1426 1021 1505 ἔχει
1056 1431 1363 1506 χαρίζεται,
1414 1436 1519 1486 τῶν
1571 1430 1627 1487 δέ
1671 1428 2062 1506 λαμϐανόντων

403 1517 663 1593 κρείττων
708 1518 798 1572 καὶ
856 1520 1053 1592 μείζων
1112 1518 1271 1574 ἐστίν.
1323 1518 1488 1595 Εἴπερ
1541 1519 1629 1576 οὖν
1676 1522 1769 1585 οὒς
1813 1521 2058 1577 θέλουσιν

403 1608 578 1679 αὐτοὶ,
627 1607 852 1671 τούτους
911 1608 1064 1671 θεοὺς
1110 1607 1528 1684 δογματίζουσιν
1584 1612 1757 1681 εἶναι,
1811 1608 1916 1667 ἔδει
1970 1612 2059 1667 καὶ

403 1697 596 1761 αὐτοὺς
626 1703 841 1775 πρῶτον
878 1699 1010 1753 εἶναι
1043 1698 1218 1761 θεούς.
1268 1698 1444 1756 Ἀλλὰ
1487 1702 1549 1756 τὸ
1597 1702 1900 1775 θαυμαστόν
1952 1702 2061 1757 ἐστι

399 1791 585 1857 τοῦτο,
619 1782 723 1859 ὅτι,
766 1787 918 1843 αὐτοὶ
967 1789 1395 1858 ἀποθνήσκοντες
1440 1790 1515 1851 ὡς
1566 1789 1861 1867 ἄνθρωποι,
1914 1789 2062 1867 έλέγ-

402 1897 563 1954 χουσι
595 1879 693 1946 τήν
730 1878 931 1932 ἑαυτῶν
965 1878 1090 1954 περὶ
1119 1882 1225 1932 τῶν
1272 1880 1699 1949 θεοποιηθέντων
1747 1881 1835 1936 ὑπ’
1883 1880 2057 1936 αὐτῶν

403 1969 583 2045 ψῆφον
618 1967 746 2021 εἶναι
779 1964 949 2041 ψευδῆ
963 2011 974 2022 .

2090 1924 2139 1989 Β

2171 646 2394 700 omnes,
2427 630 2512 686 vel
2548 629 2751 686 saltem
2785 646 2932 701 quos
2964 626 3076 701 ipsi
3109 627 3296 699 placet
3323 630 3379 680 et
3399 621 3690 695 ejusmodi
3719 620 3819 677 ho-

2171 736 2310 775 nore
2340 721 2550 792 dignos
2578 724 2795 789 censet,
2844 720 2997 774 inter
3051 719 3190 773 deos
3242 731 3371 771 esse
3418 712 3695 778 decernit,
3752 727 3817 766 ac

2169 812 2451 881 tanquam
2485 810 2623 866 deos
2655 810 2761 866 coli
2785 811 2975 881 jubet.
3007 808 3273 879 Namque
3306 805 3541 859 illorum
3572 801 3813 873 quidem

2171 899 2389 970 quibus
2421 898 2503 954 illi
2534 900 2746 955 infensi
2768 904 2923 955 sunt:
2949 904 3219 953 naturam
3247 896 3576 967 agnoscunt
3596 905 3812 961 eosque

2172 993 2373 1059 utpote
2404 988 2694 1059 inimicos,
2729 989 2997 1044 homines
3054 985 3381 1058 appellant;
3416 987 3474 1039 at
3502 998 3635 1038 vero
3667 997 3815 1052 quos

2170 1077 2424 1148 diligunt
2452 1082 2510 1132 et
2540 1077 2746 1132 charos
2777 1078 3009 1140 habent,
3034 1076 3216 1131 eosob
3238 1076 3512 1129 virtutem
3536 1070 3645 1126 coli
3671 1086 3815 1142 prae-

2170 1166 2416 1239 cipiunt,
2449 1168 2617 1239 quasi
2649 1168 2788 1223 deos
2811 1166 3057 1221 faciendi
3105 1168 3451 1237 potestatem
3495 1160 3605 1233 ipsi
3635 1159 3813 1215 habe-

2170 1262 2319 1325 rent,
2344 1256 2443 1327 qui
2485 1257 2689 1328 utique
2720 1256 2987 1311 homines
3015 1258 3173 1323 sunt,
3207 1257 3263 1311 et
3292 1270 3353 1309 se
3392 1248 3666 1307 mortales
3686 1264 3816 1304 esse

2171 1363 2285 1401 non
2320 1346 2677 1401 inficiantur.
2716 1345 2779 1399 lli
2812 1344 2968 1400 enim
3002 1343 3258 1415 profecto
3290 1342 3483 1413 potius
3518 1339 3618 1411 qui
3675 1339 3814 1394 deos

2170 1434 2395 1491 faciunt
2416 1434 2497 1490 dii
2527 1451 2656 1491 esse
2686 1434 2962 1489 censendi
2992 1437 3148 1502 sunt,
3183 1440 3365 1502 quam
3393 1446 3539 1501 quos
3569 1428 3683 1500 ipsi
3736 1427 3815 1482 fa-

2169 1524 2335 1580 ciunt
2357 1525 2513 1580 deos.
2548 1524 2853 1595 Siquidem
2894 1540 3020 1595 quae
3068 1522 3221 1589 facil,
3267 1538 3336 1576 ea
3380 1537 3507 1592 quae
3556 1519 3621 1573 fit
3671 1534 3813 1588 prse-

2169 1614 2415 1670 stantior
2443 1631 2572 1670 esse
2601 1614 2805 1681 debet;
2838 1617 2895 1670 et
2924 1610 3551 1684 quialiquemjudicat,
3570 1608 3699 1679 ejus
3713 1606 3815 1679 qui

2161 1704 2486 1775 judicatur,
2518 1704 2795 1759 dominus
2844 1703 2921 1758 sit
2970 1718 3207 1757 necesse
3256 1703 3371 1755 est:
3423 1698 3474 1754 is
3521 1698 3660 1753 item
3716 1696 3813 1767 qui

2170 1793 2389 1866 aliquid
2413 1793 2855 1863 donat,omnino
2877 1791 2934 1846 id
2954 1791 3108 1863 quod
3126 1790 3303 1845 habet
3318 1788 3566 1859 largitur
3585 1806 3598 1855 ;
3616 1803 3817 1860 quem-

2170 1883 2489 1939 admodum
2522 1886 2674 1938 certe
2704 1886 2759 1937 et
2790 1881 2983 1937 omnis
3026 1880 3363 1952 imperator,
3395 1878 3452 1933 id
3507 1878 3661 1949 quod
3692 1876 3818 1948 ipse

2171 1973 2364 2039 habet,
2387 1973 2589 2039 donat,
2621 1972 2811 2044 iisque
2843 1972 2943 2042 qui
2974 1969 3270 2042 accipiunt
3301 1968 3589 2041 potentior
3605 1971 3665 2023 et
3694 1983 3820 2022 ma-

395 2057 498 2128 jor
521 2061 628 2113 cst.
664 2059 1029 2129 Quapropter
1059 2056 1109 2114 si
1141 2074 1289 2129 quos
1323 2058 1439 2131 ipsi
1471 2059 1778 2129 voluerint,
1813 2063 1953 2118 deos
1983 2078 2113 2117 esse
2142 2063 2503 2118 decernunt:
2535 2079 2633 2118 eos
2660 2078 2800 2116 sane
2821 2061 3077 2133 primum
3106 2060 3245 2114 deos
3266 2072 3637 2130 quoqueesse
3658 2073 3823 2128 opor-

404 2150 573 2203 teret.
608 2150 827 2203 Verum
861 2146 968 2202 hoc
1007 2146 1159 2203 inter
1207 2152 1413 2203 caetera
1461 2150 1846 2207 admiratione
1889 2152 2136 2224 dignum
2192 2151 2444 2219 videtur,
2479 2152 2632 2223 quod
2676 2151 2787 2222 ipsi
2828 2156 3110 2222 tanquam
3159 2149 3429 2205 homines
3480 2145 3815 2217 morientes,

405 2252 581 2292 suum
613 2236 685 2292 de
716 2235 829 2301 his,
862 2252 1011 2308 quos
1040 2237 1184 2292 deos
1216 2237 1502 2306 fecerunt,
1538 2238 1749 2295 falsum
1783 2257 1911 2296 esse
1944 2241 2291 2315 suffragium
2326 2246 2523 2313 aperte
2555 2245 2821 2313 arguant.

477 2327 545 2380 10
593 2328 763 2377 Τοῦτο
795 2320 852 2377 δὲ
876 2324 937 2378 τὸ
982 2320 1068 2378 ἔθο
1191 2324 1203 2343 ’
1392 2326 1404 2341 “
1532 2326 1613 2361 ·’“
1679 2328 1692 2347 ’
1750 2328 1763 2345 “
1841 2336 1867 2345 ”
1936 2330 1947 2346 ’

550 2368 563 2381 .
1076 2345 1100 2386 ς
1150 2345 1210 2379 ου
1261 2346 1464 2396 καινον,
1500 2344 1625 2381 ουοε
1668 2349 1773 2383 απο
1802 2350 1901 2398 της
1956 2336 2063 2383 Ρω-

412 2411 587 2485 μαίων
619 2410 820 2487 ἤρξατο
857 2411 1085 2487 βουλῆς,
1120 2412 1247 2469 ἀλλ’
1293 2416 1359 2483 ἦν
1401 2415 1598 2471 ἄνωθεν
1631 2417 2059 2492 προγιγνόμενον

404 2502 498 2556 καὶ
530 2499 1026 2576 προμελετώμενον
1074 2502 1160 2558 ἐπὶ
1210 2506 1309 2573 τὴν
1359 2509 1466 2559 τῶν
1520 2503 1764 2561 εἰδώλων
1816 2505 2059 2566 ἔννοιαν.

403 2590 505 2646 Καὶ
537 2592 640 2666 γὰρ
693 2592 745 2645 οἱ
799 2591 974 2646 πάλαι
1022 2594 1149 2669 παρ’
1195 2591 1435 2664 Ἕλλησι
1481 2590 1902 2669 διαϐεϐοημένοι
1952 2599 2063 2653 θεοὶ

403 2679 553 2749 Ζεὺς,
614 2680 704 2735 καὶ
760 2674 1055 2753 Ποσειδῶν,
1105 2684 1194 2737 καὶ
1243 2682 1555 2756 Ἀπόλλων,
1606 2685 1695 2740 καὶ
1742 2689 2060 2764 ”Ηφαιστος,

398 2769 489 2826 καὶ
516 2771 747 2844 Ἑρμῆς,
779 2771 871 2825 καὶ
916 2770 968 2826 έν
1018 2768 1267 2841 θηλείαις
1320 2776 1480 2849 ”Ηρα,
1529 2774 1619 2828 καὶ
1646 2777 1934 2851 Δήμητρα,
1974 2776 2062 2831 καὶ

398 2860 600 2929 Ἀθήνη
649 2860 804 2933 (56),
853 2860 944 2914 καὶ
995 2862 1283 2937 ’Δρτεμις,
1331 2868 1451 2925 ταῖς
1501 2865 1723 2933 Θησέως
1769 2869 1866 2919 τοῦ
1920 2867 2066 2942 παρὰ

397 2954 516 3010 τοῖς
545 2945 817 3019 Ἕλλησιν
868 2950 1258 3026 ἱστορουμένου
1311 2949 1591 3029 διαταγαῖς
1654 2952 1937 3031 ἐκρίθησαν
1972 2954 2062 3010 λέ-

400 3040 585 3114 γεσθαι
634 3038 768 3093 θεοί·
818 3039 909 3093 καὶ
960 3040 1012 3095 οἱ
1069 3041 1162 3114 μὲν
1214 3038 1608 3116 διαταξάμενοι,
1665 3044 1741 3106 ὡς
1790 3042 2066 3118 ἄνθρωποι

400 3127 835 3199 ἀποθνήσκοντες
866 3175 882 3202 ,
916 3130 1261 3205 θρηνοῦνται’
1313 3131 1407 3194 οὓς
1455 3130 1512 3186 δὲ
1544 3130 1871 3207 διετάξαντο,
1914 3135 2064 3190 οὗτοι

400 3216 478 3279 ὡς
507 3217 621 3272 θεοὶ
670 3223 1117 3293 προσκυνοῦνται.
1169 3226 1233 3275 Ὢ
1281 3218 1502 3292 πολλῆς
1555 3222 1929 3293 ἐναντιότητος
1976 3226 2066 3280 καὶ

2246 2334 2329 2386 10.
2364 2332 2479 2387 Nec
2504 2347 2635 2387 vero
2668 2347 2867 2387 recens
2915 2334 3006 2386 est
3057 2327 3389 2385 istiusmodi
3432 2326 3817 2391 consuetudo,

2172 2438 2364 2493 neque
2394 2438 2428 2475 a
2458 2421 2719 2476 Romano
2753 2424 2959 2476 senatu
2982 2420 3214 2474 initium
3233 2417 3419 2481 duxit,
3446 2417 3545 2472 sed
3565 2416 3664 2471 diu
3685 2419 3819 2471 ante

2176 2512 2246 2567 ad
2280 2510 2556 2582 ﬁngenda
2587 2510 2743 2565 idola
2767 2510 3003 2564 inventa
3033 2514 3089 2563 et
3119 2508 3389 2564 instituta
3410 2510 3516 2563 est.
3551 2504 3639 2561 llli
3661 2504 3818 2560 enim

2175 2600 2274 2673 qui
2308 2618 2340 2655 a
2370 2603 2530 2655 tanto
2562 2602 2823 2671 tempore
2852 2598 2931 2653 dii
2966 2599 3119 2670 apud
3161 2597 3389 2653 Graacos
3434 2594 3819 2658 celebrantur,

2171 2689 2418 2761 Jupiter,
2452 2688 2779 2761 Neptunus,
2810 2686 3375 2761 Apollo,Vulganus,
3400 2684 3742 2750 Mercurius,
3766 2686 3823 2738 et

2174 2796 2205 2835 e
2236 2778 2469 2835 feminis
2490 2778 2666 2845 Juno,
2695 2777 2882 2844 Ceres,
2902 2777 3112 2845 Pallas,
3137 2776 3339 2846 Diana,
3364 2774 3571 2831 edictis
3589 2771 3821 2838 Thesei,

2175 2883 2351 2940 quem
2383 2871 2713 2923 Graecorum
2746 2866 3002 2922 historiae
3052 2865 3339 2939 praecipue
3382 2862 3821 2932 commendant,

2175 2957 2536 3013 divinitatem
2574 2960 2712 3012 sunt
2741 2956 3060 3013 consecuti.
3093 2956 3240 3012 Hinc
3272 2954 3355 3009 illi
3387 2953 3487 3025 qui
3520 2952 3576 3007 id
3629 2950 3823 3007 sanci—

2174 3062 2329 3110 vere,
2362 3050 2428 3102 ut
2456 3046 2748 3111 homines,
2783 3045 2999 3101 mortui
3033 3044 3306 3116 lugentur
3329 3061 3341 3099 :
3365 3042 3424 3099 hi
3452 3046 3646 3098 autem
3676 3056 3821 3111 quos

2176 3136 2315 3192 deos
2345 3152 2473 3192 esse
2504 3139 2858 3201 statuerunt,
2891 3139 3173 3207 tanquam
3208 3132 3284 3189 dii
3319 3130 3719 3188 adorantur.0
3741 3130 3826 3184 in-

2177 3224 2514 3281 credibilem
2545 3223 2993 3297 repugnantiam
3036 3228 3208 3295 atque
3254 3220 3583 3277 insaniam!
3641 3219 3825 3275 Notus

405 3305 597 3378 μανίας
625 3308 637 3362 !
669 3307 767 3361 Τὸν
802 3304 1187 3381 διαταξάμενον
1220 3307 1443 3378 εἰδότες,
1478 3310 1570 3373 οὓς
1602 3308 1877 3383 διετάξατο
1922 3314 2057 3387 (57),

2174 3315 2317 3388 ipsis
2351 3320 2439 3370 est
2469 3314 2569 3386 qui
2604 3314 2744 3370 deos
2776 3312 2907 3369 illos
2936 3329 3065 3369 esse
3087 3310 3300 3379 sanxit,
3332 3315 3391 3367 et
3410 3307 3668 3381 quosille
3688 3323 3822 3363 san-

398 3400 738 3472 προτιμῶσι.
794 3396 895 3451 Καὶ
948 3396 1053 3453 ε’ίθε
1103 3400 1301 3476 μέχρις
1361 3399 1599 3475 ἀρρένων
1657 3401 1895 3471 εἱστήκει
1938 3401 2064 3457 τού-

396 3506 504 3540 των
533 3488 568 3555 ἠ
603 3483 980 3560 εἶδωλομανία
1010 3489 1146 3562 (58),
1196 3488 1285 3543 καὶ
1341 3491 1415 3562 μὴ
1472 3489 1549 3551 εἷς
1584 3488 1810 3559 θηλείας
1839 3492 2062 3570 κατέφε-

401 3594 493 3651 ρον
522 3576 623 3645 τήν
658 3573 802 3630 θείαν
834 3576 1235 3653 προσηγορίαν.
1273 3578 1374 3633 Καὶ
1427 3580 1530 3656 γὰρ
1558 3578 1649 3634 καὶ
1691 3585 1969 3655 γυναῖκας,
2002 3580 2065 3643 ἃς

401 3661 526 3719 οὐδὲ
556 3664 635 3727 εἷς
665 3666 855 3734 κοινήν
897 3665 1022 3743 περὶ
1070 3668 1411 3744 πραγμάτων
1461 3664 1798 3742 συμϐουλίαν
1845 3665 2061 3743 λαμϐά-

406 3773 514 3808 νειν
563 3750 823 3832 ἀσφαλὲς,
854 3752 1052 3818 ταύτας
1090 3759 1159 3829 τῇ
1207 3760 1304 3811 τοῦ
1342 3761 1475 3812 Θεοῦ
1522 3762 1660 3831 τιμῇ
1710 3757 2066 3834 θρησκεύουσι

404 3841 497 3898 καὶ
547 3838 820 3914 σέϐουσιν,
860 3844 935 3906 ὡς
990 3845 1044 3899 αἱ
1099 3844 1192 3918 μὲν
1244 3847 1391 3921 παρά
1436 3846 1656 3916 Θησέως
1706 3844 2065 3922 διαταγεῖσαι,

402 3930 465 3994 ἃς
497 3934 610 4006 (59)
653 3935 1083 4009 προειρήκαμεν,
1134 3935 1280 4008 παρὰ
1327 3933 1384 3991 δὲ
1434 3935 1757 4011 Αἰγυπτίοις
1805 3937 1938 3999 Ἶσις
1975 3937 2064 3992 καὶ

402 4021 549 4097 Κόρη
582 4022 673 4077 καὶ
703 4023 959 4095 Νεωτέρα
991 4025 1127 4096 (60),
1156 4025 1247 4080 καὶ
1278 4026 1404 4099 παρ’
1437 4023 1631 4088 ἄλλοις
1665 4022 2066 4105 ’Δφροδίτη.Τά

402 4112 507 4186 γὰρ
538 4115 646 4166 τῶν
676 4109 863 4166 ἄλλων
919 4111 1163 4187 ὀνόματα
1210 4112 1335 4170 οὐδὲ
1368 4113 1547 4191 λέγειν
1577 4114 1765 4191 εὐαγὲς
1794 4117 2063 4191 ἡγοῦμαι,

401 4200 582 4270 πάσης
606 4198 821 4275 χλεύης
869 4199 999 4256 ὅντα
1055 4204 1240 4276 μεστά.
1293 4200 1505 4259 Πολλοὶ
1556 4205 1658 4281 γὰρ
1705 4204 1765 4259 ού
1820 4205 1978 4278 μόνον
2010 4204 2062 4260 έν

399 4293 519 4351 τοῖς
551 4288 746 4356 πάλαι,
781 4288 927 4346 ἀλλὰ
954 4290 1043 4345 καὶ
1085 4290 1136 4346 έν
1166 4298 1283 4354 τοῖς
1326 4294 1438 4346 καθ¹
1480 4288 1630 4365 ἡμᾶς
1679 4293 1903 4371 χρόνοις
1935 4295 2066 4350 ἀπο-

402 4371 665 4440 ϐαλόντες
698 4376 934 4457 φίλτατα
965 4379 1055 4435 καὶ
1090 4378 1356 4459 ἀδελφοὺς
1388 4381 1477 4436 καὶ
1519 4388 1797 4458 συγγενεῖς
1835 4382 1924 4438 καὶ
1967 4406 2063 4459 γυ-

400 4471 611 4539 ναῖκας,
644 4465 853 4523 πολλαὶ
890 4465 947 4523 δὲ
995 4469 1085 4524 καὶ
1129 4467 1327 4545 ἄνδρας
1376 4466 1771 4541 ἀποϐαλοῦσαι,
1807 4472 1899 4535 οὓς
1932 4475 2065 4528 πάν-

401 4576 497 4619 τας
528 4557 564 4625 ἠ
600 4554 759 4634 φύσις
791 4554 1017 4633 ἤλεγξεν
1075 4560 1412 4634 ἀνθρώπους,
1466 4559 1597 4615 εἶναι
1647 4560 1902 4631 θνητοὺς,
1940 4561 2065 4617 τού-

2174 3405 2278 3471 xit,
2312 3403 2501 3459 eidem
2533 3402 2932 3475 anteponunt!
2966 3402 3180 3457 Verum
3231 3399 3459 3456 utinam
3510 3397 3717 3454 saltem
3767 3397 3827 3451 in

2177 3493 2440 3550 maribus
2471 3493 2728 3549 stetisset
2756 3509 2958 3548 eorum
2988 3489 3341 3558 idololatria,
3377 3504 3563 3560 neque
3590 3485 3825 3542 feminis

2176 3583 2437 3639 divinum
2469 3597 2681 3637 nomen
2713 3579 3095 3637 detulissent!
3132 3578 3434 3652 Siquidem
3461 3576 3639 3632 etiam
3692 3592 3824 3630 mu-

2174 3672 2365 3740 lieres,
2388 3688 2535 3744 quas
2566 3687 2756 3743 neque
2788 3670 2859 3725 ad
2888 3669 3120 3742 publica
3143 3666 3387 3724 concilia
3412 3666 3718 3723 admittere
3738 3668 3827 3720 tu-

2174 3766 2305 3817 tum
2338 3766 2447 3829 est,
2482 3760 2694 3816 divinis
2737 3758 3059 3815 honoribus
3108 3756 3308 3814 colunt
3354 3759 3409 3811 et
3450 3757 3826 3819 venerantur,

2176 3850 2381 3923 quales
2416 3855 2573 3917 sunt,
2608 3867 2754 3923 qusi,
2776 3853 2838 3905 ut
2867 3865 3046 3920 supra
3075 3847 3351 3917 diximus,
3412 3841 3622 3901 Thesei
3678 3860 3825 3915 prae-

2176 3940 2393 4012 scripto
2425 3939 2579 3995 inter
2610 3939 2855 3995 numina
2876 3942 3016 3994 sunt
3038 3936 3252 4004 relatae,
3276 3939 3332 3991 et
3353 3934 3507 4004 apud
3531 3931 3827 4005 )Egyptios

2176 4028 2305 4099 Isis,
2340 4027 2537 4084 Puella
2567 4032 2623 4083 et
2647 4024 3117 4094 Adolescentula,
3148 4029 3323 4097 atque
3353 4022 3508 4096 apud
3552 4020 3698 4077 alios
3731 4020 3827 4078 Ve-

2176 4134 2309 4173 nus.
2342 4117 2487 4173 Nam
2521 4116 2767 4173 aliarum
2792 4116 3037 4172 ridicula
3058 4113 3298 4171 nomina
3314 4114 3570 4185 proferre
3590 4111 3678 4166 fas
3699 4124 3827 4166 esse

2176 4222 2291 4262 non
2330 4223 2478 4262 reor.
2514 4205 2681 4262 Multi
2714 4207 2869 4262 enim
2898 4223 3013 4262 non
3046 4204 3256 4278 priscis
3286 4207 3539 4271 tantum,
3578 4199 3676 4255 sed
3721 4216 3822 4255 no-

2176 4295 2314 4353 stris
2340 4295 2514 4352 etiam
2542 4296 2929 4368 temporibus,
2952 4297 3083 4367 post
3104 4292 3355 4349 amissos
3368 4307 3513 4364 quos
3530 4288 3826 4344 habebant

2176 4384 2579 4454 charissimos,
2614 4386 2661 4441 0
2694 4389 2819 4439 tum
2863 4384 3070 4439 fratres
3099 4387 3227 4437 tum
3259 4384 3537 4453 cognatos
3586 4393 3651 4432 ac
3683 4394 3825 4433 uxo-

2174 4489 2306 4530 res:
2344 4474 2542 4529 multaa
2590 4473 2727 4529 item
2779 4471 3054 4527 mulieres
3112 4469 3417 4525 exstinctis
3463 4465 3603 4521 viris
3651 4466 3824 4538 (quos

2176 4579 2318 4619 sane
2346 4579 2572 4631 omnes,
2608 4560 2880 4618 mortales
2910 4560 3178 4616 homines
3209 4558 3391 4614 fuisse
3428 4561 3639 4613 natura
3686 4570 3822 4611 con-

399 4665 531 4708 τους
555 4645 645 4701 καὶ
674 4644 871 4709 ταύτας
905 4644 995 4703 διὰ
1021 4650 1083 4703 τὸ
1129 4646 1275 4704 πολὺ
1323 4648 1446 4724 περί
1494 4648 1668 4705 αὐτῶν
1714 4650 1906 4713 πένθος
1939 4652 2060 4707 ἀνα-

2174 4651 2395 4724 vincit),
2428 4650 2561 4708 illos
2582 4655 2638 4707 et
2668 4650 2823 4715 illas,
2854 4653 3094 4723 cogente
3123 4648 3319 4703 luctus
3348 4644 3681 4712 acerbitate,
3742 4643 3828 4715 pi-

405 4737 884 4813 ζωγραφήσαντες,
933 4735 1023 4791 καί
1072 4738 1257 4801 θυσίας
1306 4735 1728 4809 ἀναπλάσαντεξ,
1782 4740 2063 4812 ἀνέθηκαν,

360 4866 363 4867 ν
402 4821 495 4885 οὓς
530 4823 581 4877 οἱ
617 4824 753 4897 μετᾶ
780 4829 949 4881 ταῦτα
979 4822 1069 4881 διὰ
1111 4829 1213 4897 τήν
1261 4825 1482 4898 πλάσιν,
1513 4826 1603 4883 καί
1630 4829 1731 4898 τήν
1762 4832 1858 4883 τοῦ
1887 4829 2063 4905 τεχνί-

397 4933 496 4968 του
545 4910 865 4991 φιλοτιμίαν
917 4915 1071 4979 θεοὺς
1117 4915 1498 4994 ἐθρήσκευσαν,
1549 4924 1778 4994 πρᾶγμα
1826 4919 2065 4996 πάσχον-

399 5020 489 5063 τες
521 5001 583 5057 οὐ
632 5004 771 5057 κατὰ
801 5004 980 5078 φύσιν.
1031 5004 1136 5068 Οὓς
1185 5008 1289 5081 γὰρ
1324 5009 1375 5063 o't
1424 5013 1603 5084 γονεῖς
1653 5008 1729 5071 ὡς
1780 5009 1853 5081 μή
1907 5003 2063 5069 ὄντας

399 5091 555 5154 θεοὺς
597 5090 901 5167 έθρήνησαν
951 5094 1073 5169 (οὐκ
1118 5094 1178 5149 ἃν
1225 5097 1349 5173 γὰρ,
1403 5095 1551 5174 εἷεπερ
1601 5093 1819 5171 ᾔδεισαν
1870 5096 2064 5160 αὐτοὺς

471 5201 586 5273 (55)
614 5200 707 5284 Sic
738 5201 914 5259 Baeil.
945 5206 1003 5284 et
1028 5204 1256 5284 anglic.
1290 5205 1480 5284 Editio
1519 5205 1804 5284 Commel.
1841 5209 1922 5284 _et
1963 5205 2064 5262 alii

400 5288 555 5347 mss.
570 5274 758 5347 unica
786 5289 926 5331 voce
954 5274 1175 5347 habent
1198 5275 1641 5347 έπεξουσὶας,εθά
1684 5277 1986 5335 mendose.

392 5424 399 5425 ί
618 5344 887 5425 §eguer.,
912 5346 986 5425 Δῄ
999 5365 1179 5425 μήτρα
1208 5352 1267 5405 et
1296 5344 1501 5417 ’Ἀθηνᾶ

468 5345 586 5556 (ὗϐἐ
618 5345 887 5418 Seguer.,
912 5346 1179 5421 Δήμητρα
1208 5352 1267 5405 et

491 5415 565 5470 57
616 5416 881 5489 Segner.,
942 5414 1269 5491 διετάξαντο,

491 5487 583 5554 58)
611 5487 703 5543 Sic
734 5488 973 5556 Seguer.
1009 5491 1181 5548 Basil.
1226 5494 1269 5548 A

491 5487 585 5571 58)
611 5487 973 5571 εἰσβοευειι.
1009 5487 1191 5571 Baé_i_l._
1226 5487 1455 5571 Anglic.
1489 5492 1741 5571 ‘Gobler.
1804 5492 2056 5549 Felckm.

401 5557 428 5613 1
463 5561 589 5638 et“?
617 5576 715 5638 an.
750 5557 855 5615 Alii
886 5577 1023 5638 cum
1054 5563 1249 5638 editis,
1283 5557 1732 5638 εἴδωλολατρεὶα.

470 5630 585 5703 (59)
615 5630 855 5703 Seguer.
881 5631 1114 5691 Gobler.
1147 5634 1404 5693 Felckm.
1441 5636 1466 5689 1
1492 5640 1550 5691 et
1571 5630 1607 5691 2'
1636 5653 1837 5703 anon.,
1875 5635 1971 5697 ὡς.

473 5701 886 5779 {60)_A_mbros.
935 5706 1284 5779 Gamaldul.,
1332 5707 1588 5768 Puellam
1632 5711 1689 5765 et
1743 5701 2058 5779 Adclescen-

398 5774 583 5831 tulam
604 5773 700 5834 hic
726 5775 925 5836 vertit:
958 5773 1345 5851 Omnibonus,
1377 5782 1778 5854 Proserpinam
1809 5784 1866 5838 et
1913 5778 2052 5839 Neo-

2178 4745 2271 4797 ctu
2283 4758 2347 4797 ra
2369 4744 2786 4813 expresserunt
2812 4744 2869 4795 et
2897 4738 3161 4795 conﬁctis
3192 4735 3495 4793 sacrificiis
3522 4750 3824 4791 consecra-

2176 4835 2315 4887 runt
2336 4847 2483 4902 quos
2515 4830 2725 4886 deinde
2755 4828 2970 4901 posteri
3002 4828 3073 4884 ob
3100 4826 3320 4899 pictum
3353 4822 3740 4881 simulacrum
3769 4826 3825 4878 et

2177 4920 2420 4976 artificis
2453 4919 2808 4975 industriam
2831 4923 3111 4991 tanquam
3129 4916 3267 4972 deos
3288 4914 3542 4970 venerati
3561 4912 3823 4983 sunt,id-

2178 5026 2292 5083 que
2325 5013 2534 5081 praeter
2563 5025 2798 5065 omnem
2832 5013 3054 5065 naturae
3109 5005 3414 5061 rationem.
3476 5006 3629 5070 Quos
3666 5000 3823 5057 enim

2174 5098 2285 5173 ipsi
2320 5102 2589 5172 parentes
2618 5098 2815 5154 luxere
2846 5102 2911 5154 ut
2940 5097 3039 5171 qui
3072 5096 3152 5152 dii
3186 5112 3299 5151 non
3330 5096 3824 5163 essent(namque

2172 5209 2399 5279 terram,
2425 5207 2546 5263 Nan
2555 5205 2690 5263 nius
2707 5208 3095 5279 Proserpinam
3113 5204 3376 5279 minorem
3391 5201 3556 5279 quasi
3571 5199 3821 5279 Νεῳτέρα

2176 5279 2271 5335 ad.
2323 5276 2469 5353 Κόρη
2526 5272 3080 5353 referretur._l{69nv
3137 5272 3818 5353 LatinisAProserpinam

2175 5366 2304 5407 esse
2337 5342 2509 5407 nemo
2539 5350 2746 5407 nescit.
2779 5349 2927 5417 Quid
2976 5342 3169 5404 autem
3228 5342 3635 5419 εἱιίΝεωτέραί
3675 5342 3821 5419 nihil

2180 5422 2324 5478 certi
2348 5422 2539 5478 dicere
2569 5408 2876 5478 habemus.
2934 5422 3095 5476 Forte
3122 5418 3371 5476 Junonis
3413 5408 3613 5471 filia'm'
3644 5408 3817 5482 Ἥϐην

2174 5494 2343 5566 deam
2366 5493 2695 5566 juventutis
2726 5492 3034 5566 significat.
3067 5494 3280 5566 _Verum
3315 5487 3602 5566 quidquid
3633 5486 3727 5542 hic
3748 5486 3825 5542 sit

2174 5563 2318 5639 ῐξόρη
2340 5560 2415 5639 et
2444 5564 2694 5639 Νεωτέρα
2723 5560 3016 5639 Ambrosii
3063 5560 3659 5639 interpr_etationem,_
3692 5573 3817 5629 quae

2172 5631 2387 5765 Glr'aefis
2414 5635 2604 5693 verbis
2622 5631 2970 5709 simpliciter
2991 5632 3321 5704 reSpondet,
3358 5631 3549 5686 visum
3579 5634 3668 5686 est
3697 5644 3818 5686 am-

2172 5724 2206 5765 n
2235 5725 2297 5765 ec
2328 5726 2366 5764 ι.

2170 5709 2366 5781 plecti.
