4160 6388
324 395 410 483 ’93
866 420 932 484 s.
977 418 1405 484 ATHANASII
1434 377 1625 483 app.
1670 417 1875 480 mas
1920 414 1971 478 I.
2003 448 2081 462 —
2109 413 2536 478 HISTORICA
2577 413 2679 476 ET
2720 407 3206 477 DOGMA'l‘lCA.
3667 374 3750 466 ἐι

329 553 380 611 si
407 553 544 611 deos
574 552 706 611 illos
732 570 861 612 esse
883 571 1228 628 persuasum
1250 554 1618 624 habuissent,
1646 552 1890 609 minime
1911 555 1976 608 ut

2101 547 2264 614 θεοὺς,
2298 547 2373 610 ὡς
2414 543 2794 620 ἀπολομένους
2843 542 3124 617 έκόψαντοο
3170 537 3366 612 τούτου
3412 537 3518 616 γὰρ
3564 537 3750 615 χάριν,

331 643 591 717 perditos
620 649 677 699 et
725 649 986 700 mortuos
1029 645 1432 700 deflevissent:
1483 644 1622 716 quia
1672 659 1806 698 vero
1867 659 1981 698 non

331 735 562 788 tantum
597 750 708 789 non
741 750 869 789 esse
916 735 1074 800 deos,
1131 734 1233 790 sed
1294 751 1399 789 nec
1452 733 1698 789 existere
1743 732 1979 804 quidem

335 821 644 895 putabant,
674 822 890 878 idcirco
922 821 1156 878 illorum
1189 823 1437 878 formam
1488 823 1746 895 imagine
1794 824 1980 895 expri-

336 911 592 977 mébant,
627 915 692 965 ut
717 927 916 966 eorum
940 911 1192 984 effigiem
1218 929 1329 982 prae
1353 911 1539 969 oculis
1554 912 1855 981 habentes,
1878 911 1979 966 do-

332 998 514 1055 lorem
548 999 901 1071 mitigarent,
927 1017 1101 1070 quem
1134 1018 1202 1056 ex
1221 1018 1287 1057 eo
1310 1003 1463 1074 quod
1488 1000 1841 1072 illiamplius
1866 1017 1981 1056 non

333 1087 674 1144 exsisterent
703 1095 1066 1162 acceperant,
1098 1090 1239 1145 istos
1270 1089 1656 1146 nihilominus
1703 1088 1980 1145 stultissi-

335 1176 414 1232 mi
447 1180 727 1248 tanquam
761 1177 901 1234 deos
959 1183 1292 1250 precantur,
1351 1184 1409 1234 et
1449 1180 1568 1235 veri
1611 1179 1708 1235 Dei
1764 1179 1982 1234 honore

333 1272 788 1340 prosequuntur.
823 1267 986 1324 Certe
1015 1269 1192 1324 etiam
1247 1269 1420 1324 hodie
1477 1269 1534 1323 in
1585 1269 1851 1341 Egypto,
1890 1266 1978 1322 lu-

335 1359 466 1412 ctus
497 1355 702 1427 Osiris,
737 1357 852 1423 Ori,
887 1358 1303 1430 Typhonisque
1334 1363 1393 1414 et
1429 1357 1676 1412 aliorum
1733 1356 1982 1412 interius

335 1445 683 1502 celebratur.
708 1447 999 1502 Dodonaea
1023 1447 1164 1503 item
1184 1464 1332 1502 azrea
1351 1451 1408 1503 et
1425 1449 1602 1504 Cretae
1625 1446 1980 1518 Corybantes

335 1539 682 1606 argumento
713 1540 853 1590 sunt
878 1536 1081 1592 Jovem
1109 1553 1224 1592 non
1257 1536 1438 1592 fuisse
1465 1536 1775 1607 deum,sed
1800 1535 1985 1590 homi-

339 1638 495 1691 nem,
528 1639 780 1696 eumque
809 1642 877 1680 ex
902 1629 1063 1696 patre
1093 1625 1392 1682 carnivoro
1423 1629 1790 1698 procreatum
1830 1640 1979 1679 esse.

335 1710 554 1767 Verum
584 1728 699 1784 praa
731 1713 951 1770 caeteris
1003 1731 1105 1785 per
1134 1713 1279 1769 mihi
1312 1714 1526 1770 mirum
1570 1713 1817 1780 videtur,
1855 1711 1980 1768 Pla-

335 1804 533 1857 tonem
568 1817 848 1874 magnum
879 1800 1046 1858 illum
1078 1802 1268 1858 virum
1299 1803 1587 1875 sapientia
1625 1803 1778 1872 apud
1827 1801 1982 1858 Gras-

2094 637 2155 693 οὐ
2192 636 2354 711 μόνον
2387 636 2448 692 οὐ
2493 638 2604 709 (61)
2635 634 2951 708 νομίζοντες
3000 629 3196 694 αὐτοὺς
3229 629 3362 685 εἶναι
3395 627 3570 700 θεοὺς,
3605 625 3753 683 ἀλλὰ

2099 724 2225 797 μηδ’
2256 724 2404 788 ὅλως
2451 726 2736 801 ὑπάρχειν,
2789 722 2840 779 έν
2891 721 3057 778 εἰκόνι
3105 719 3330 783 τούτους
3383 717 3752 787 έτυπώσαντο,

2087 813 2182 870 ἳνα
2227 820 2322 871 τοῦ
2375 815 2571 888 μηκέτι
2620 814 2774 882 εἶναι,
2823 813 2921 882 τήν
2977 809 3066 866 διὰ
3111 816 3212 880 τῆς
3267 808 3476 871 εἰκόνος
3527 806 3749 878 δόκησιν

2093 905 2347 980 ὁρῶντες,
2376 904 2844 979 παραμυθῶνται),
2875 900 3089 964 τούτοις
3139 899 3294 974 ὅμως
3331 900 3384 954 οἰ
3415 897 3643 978 ἄφρονες
3673 897 3750 960 ὡς

2092 996 2236 1056 θεοῖς
2291 991 2568 1070 εὔχονται,
2625 993 2715 1047 καὶ
2768 993 2868 1061 τὴν
2921 995 3019 1046 τοῦ
3076 988 3340 1058 ἀληθινοῦ
3389 992 3523 1044 Θεοῦ
3579 988 3749 1060 τιμὴν

2090 1082 2306 1146 τούτοις
2365 1083 2745 1158 περιτιθέασιν.
2802 1082 2887 1137 Ἐν
2939 1085 3068 1156 γοῦν
3132 1077 3396 1155 Αἰγύπτῳ
3449 1077 3613 1133 εἰσέτι
3660 1077 3752 1131 καὶ

2090 1178 2182 1228 νῦν
2224 1174 2252 1228 6
2303 1173 2427 1250 περὶ
2481 1173 2754 1247 Ὀσίρεως,
2804 1172 2895 1226 καὶ
2943 1172 3136 1247 Ὥρου,
3185 1169 3275 1224 καὶ
3324 1173 3601 1247 Τυφῶνος,
3660 1165 3753 1222 καί

2090 1267 2198 1318 τῶν
2232 1260 2419 1318 ἄλλων
2451 1264 2650 1338 θρῆνος
2679 1268 2780 1330 τῆς
2831 1258 3109 1322 ἀπωλείας
3163 1257 3511 1315 ἐπιτελεῖται·
3543 1256 3634 1312 καὶ
3686 1251 3756 1311 τὰ

2093 1352 2144 1408 ἐν
2176 1349 2412 1426 Δωδώνῃ
2441 1351 2696 1428 χαλκεῖα,
2728 1350 2818 1405 καὶ
2850 1351 2902 1406 οἰ
2936 1349 2987 1405 έν
3035 1351 3220 1424 Κρήτῃ
3265 1340 3628 1424 Κορύϐαντες,
3657 1345 3751 1400 τὸν

2093 1451 2190 1497 Δια
2250 1445 2324 1515 μὴ
2387 1441 2520 1496 εἶναι
2565 1441 2680 1496 θεὸν
2725 1438 3070 1515 ἐλέγχουσιν,
3135 1436 3261 1493 ἀλλ’
3319 1433 3625 1512 ἄνθρωπον,
3664 1435 3755 1489 καὶ

2089 1535 2279 1587 τοῦτον
2343 1530 2402 1587 ἐκ
2437 1531 2643 1607 πατρὸς
2690 1523 2986 1606 ὠμοϐόρου
3044 1527 3356 1604 γενόμενον.
3416 1525 3515 1581 Καὶ
3571 1525 3634 1579 τό
3692 1545 3758 1600 γε

2091 1621 2420 1694 θαυμαστὸν,
2474 1619 2558 1676 δτι
2609 1619 2700 1675 καὶ
2732 1619 2760 1674 6
2789 1620 2928 1673 πάνυ
2976 1623 3102 1694 παρ’
3148 1614 3388 1687 Ἕλλησι
3437 1615 3604 1693 σοφὸς
3661 1614 3755 1668 καὶ

2091 1708 2276 1764 πολλὰ
2335 1705 2772 1785 καυχησάμενος,
2834 1708 2910 1770 ὡς
2967 1706 3091 1781 περὶ
3150 1709 3288 1761 Θεοῦ
3343 1701 3674 1775 διανοηθεὶς,
3722 1703 3752 1758 6

2094 1797 2344 1871 Πλάτων,
2378 1799 2454 1860 εἰς
2483 1797 2574 1852 τὸν
2627 1802 2855 1870 Πειραῖα
2900 1798 3011 1870 (62)
3048 1796 3182 1870 μετᾶ
3213 1795 3539 1869 Σωκράτους
3566 1794 3753 1867 κατέρ-

337 1906 436 1946 cos
469 1892 612 1946 adeo
640 1889 947 1958 celebrem,
1007 1891 1107 1963 qui
1156 1891 1228 1947 de
1275 1892 1370 1947 Dei
1420 1891 1749 1963 cognitione
1800 1888 1983 1964 pluri-

2101 1909 2270 1964 χεται,
2300 1889 2400 1958 τὴν
2434 1887 2719 1960 ἀνθρώπου
2749 1886 2918 1962 τέχνῃ
2937 1882 3264 1940 πλασθεῖσαν
3294 1885 3555 1959 ’Ἄρτεμιν
3587 1901 3753 1956 προσ-

341 1995 502 2035 mum
535 1978 910 2051 gloriabatur,
943 1979 1002 2035 in
1062 1979 1310 2036 Piraeum
1342 1996 1475 2036 cum
1515 1981 1754 2037 Socrate
1790 1995 1984 2035 acces-

339 2067 508 2138 sisse,
542 2074 606 2125 ut
662 2068 906 2126 Dianam
965 2069 1223 2128 hominis
1282 2073 1405 2126 arte
1463 2069 1716 2126 efﬁctam
1777 2069 1983 2125 adora-

335 2161 444 2216 ret.

409 2249 495 2304 11.
524 2247 655 2304 Haec
685 2252 882 2304 autem
913 2253 971 2306 et
1000 2249 1218 2306 similia
1239 2247 1580 2305 idololatriae
1601 2248 1838 2304 inventa
1855 2247 1983 2319 jam

334 2335 474 2393 olim
505 2337 808 2409 Scriptura
859 2337 952 2394 his
993 2337 1186 2394 verbis
1235 2337 1536 2410 complexa
1577 2342 1705 2394 est:
1756 2338 1988 2394 Initium

333 2427 717 2498 fornicationis
741 2435 820 2482 est
854 2429 1155 2500 exquisitio
1212 2428 1513 2484 idolorum:
1568 2431 1624 2482 et
1670 2426 1986 2482 adinventia

332 2516 580 2584 illorum,
610 2517 885 2588 corruptio
913 2520 1044 2574 vitae
1071 2521 1168 2573 est.
1202 2517 1384 2589 Neque
1401 2519 1550 2573 enim
1595 2524 1757 2571 erant
1775 2517 1843 2571 ab
1873 2517 1986 2571 ini-

332 2606 430 2674 tio,
452 2621 625 2676 neque
643 2615 808 2661 erunt
838 2607 893 2660 in
925 2614 1264 2678 perpetuum.
1322 2607 1470 2662 Vana
1517 2607 1663 2661 enim
1702 2605 1987 2661 hominum

334 2694 520 2762 gloria
541 2696 600 2749 in
622 2694 892 2750 mundum
922 2697 1163 2766 ingressa
1189 2701 1343 2766 sunt,
1374 2699 1425 2752 et
1454 2696 1660 2752 idcirco
1692 2695 1865 2751 brevis
1922 2695 1986 2748 il-

335 2783 516 2839 lorum
559 2784 688 2854 ﬁnis
717 2789 799 2839 est
855 2785 1126 2840 inventus.
1160 2785 1359 2842 Acerba
1410 2787 1562 2840 enim
1603 2785 1753 2841 luctu
1793 2783 1986 2840 dolens

331 2874 511 2944 pater,
544 2873 646 2927 cito
669 2872 777 2927 sibi
813 2875 961 2944 rapti
987 2874 1096 2944 ﬁlii
1113 2874 1240 2944 fecit
1272 2875 1588 2946 imaginem,
1612 2877 1662 2929 et
1692 2874 1855 2928 illum
1891 2873 1990 2945 qui

337 2969 468 3016 tunc
493 2963 761 3034 tanquam
792 2960 946 3017 homo
978 2965 1224 3018 mortuus
1265 2966 1474 3034 fuerat,
1521 2979 1671 3018 nunc
1726 2970 1988 3033 tanquam

335 3050 608 3105 viventem
635 3049 815 3106 colere
843 3052 1025 3122 coepit,
1056 3051 1396 3124 subditisque
1425 3053 1541 3108 suis
1570 3067 1726 3107 sacra
1757 3061 1809 3107 et
1853 3050 1990 3108 carri

337 3139 552 3194 manias
579 3139 827 3194 tradidit.
889 3141 1095 3197 Deinde
1138 3143 1313 3212 impia
1365 3127 1693 3198 consuetudo
1750 3149 1991 3212 tempore

335 3227 700 3294 invalescens,
721 3232 992 3299 tanquam
1025 3230 1117 3285 lea:
1145 3230 1415 3286 custodita
1451 3235 1549 3301 est,
1601 3233 1657 3285 et
1713 3233 1985 3302 tyranno-

2092 1980 2225 2049 κυνή
2236 1999 2340 2033 σων
2351 2021 2364 2034 .

2169 2246 2253 2303 11.
2283 2244 2489 2306 Ταύτας
2521 2240 2580 2298 δὲ
2619 2242 2708 2298 καὶ
2752 2243 2850 2304 τὰς
2897 2255 3155 2303 τοιαυτας
3201 2246 3303 2309 τῆς
3350 2236 3751 2312 εἰδωλομανίας

2096 2335 2331 2410 εὑρέσεις
2357 2329 2557 2388 ἄνωθεν
2589 2330 2678 2386 καί
2709 2331 2814 2387 ποὸ
2862 2327 3079 2386 πολλοῦ
3125 2325 3511 2404 προεδίὸασκεν
3545 2331 3582 2398 ἡ
3614 2334 3750 2406 Γρα-

2096 2426 2169 2502 φή
2229 2421 2513 2498 λέγουσα’
2572 2421 2752 2498 ’Δρχή
2831 2418 3088 2497 πορνείας
3166 2417 3378 2474 ἐπίνοια
3456 2415 3702 2473 εἰδώλων
3737 2434 3751 2448 ⁸

2096 2512 2302 2587 εὕρεσις
2363 2508 2420 2566 δὲ
2473 2509 2646 2566 αὐτῶν
2709 2509 2882 2588 φθορὰ
2941 2513 3124 2578 ζωῆς.
3186 2504 3322 2562 Οὔτε
3376 2508 3480 2583 γὰρ
3538 2507 3606 2575 ἦν
3665 2506 3754 2561 ἀπ’

2096 2602 2277 2678 ἀρχῆς
2310 2649 2325 2674 ,
2384 2597 2506 2655 οὔτε
2564 2599 2643 2662 εἰς
2699 2599 2790 2653 τὸν
2845 2597 3014 2653 αἰῶνα
3069 2595 3244 2651 ἔσται.
3303 2593 3592 2667 Κενοδοξίᾳ
3649 2596 3754 2669 γὰρ

2096 2691 2394 2767 ἀνθρώπων
2461 2686 2625 2758 ἦλθεν
2691 2687 2767 2750 εἰς
2830 2687 2922 2742 τὸν
2979 2685 3219 2759 κόσμον,
3285 2683 3375 2740 καί
3441 2682 3530 2740 διὰ
3592 2688 3755 2739 τοῦτο

2096 2779 2360 2853 σύντομον
2422 2777 2597 2834 αὐτῶν
2652 2778 2811 2839 τέλος
2872 2775 3161 2847 ἐπενοήθη.
3217 2776 3416 2852 ’Δώρῳ
3471 2775 3576 2850 γὰρ
3625 2773 3751 2829 πέν-

2094 2871 2174 2925 θει
2230 2868 2572 2945 τρυχόμενος
2631 2867 2813 2942 πατὴρ
2851 2909 2866 2934 ,
2931 2869 3029 2920 τοῦ
3095 2865 3310 2942 ταχέως
3377 2862 3753 2942 ἀφαιρεθέντος

2093 2959 2284 3014 τέκνου
2352 2956 2534 3012 εἰκόνα
2593 2958 2828 3027 ποιήσας
2863 2999 2878 3025 ,
2947 2954 3038 3009 τὸν
3104 2953 3230 3008 τότε
3291 2953 3480 3028 νεκρὸν
3551 2949 3756 3029 ἄνθρω-

2095 3069 2219 3118 πον,
2267 3051 2359 3102 νῦν
2429 3047 2506 3109 ὡς
2574 3049 2749 3115 ζῶντα
2817 3042 3063 3118 ἐτίμησε,
3131 3041 3222 3098 καὶ
3289 3039 3576 3118 παρέδωκε
3636 3045 3752 3103 τοῖς

2099 3135 2440 3214 ὑποχειρίοις
2513 3135 2784 3210 μνστήρια
2846 3132 2938 3188 καὶ
3003 3129 3224 3194 τελετάς
3271 3176 3284 3190 .
3325 3130 3438 3188 Εἶτ’
3496 3128 3548 3186 έν
3616 3127 3754 3207 χρόέ

2096 3249 2175 3300 νῳ
2248 3225 2534 3302 κρατυνθὶν
2812 3222 2876 3277 τὸ
2941 3215 3130 3284 ἀσεϐὲς
3199 3219 3365 3293 ἔθος,
3429 3221 3507 3282 ὡς
3583 3219 3753 3293 νόμος

336 3332 464 3372 rum
491 3316 726 3388 imperio
757 3318 1078 3374 colebantur
1112 3320 1325 3391 sculpta
1350 3320 1670 3387 simulacra,
1706 3334 1839 3391 quos
1863 3335 1987 3374 cum

2101 3292 2382 3396 ἐφυλάχθη
2419 3358 2433 3370 .
2501 3292 2638 3368 Καὶ·
2685 3292 2959 3384 τυράννων
3048 3292 3354 3386 ἐπιταγαῖς
3400 3307 3755 3388 έθρησκεὺετο

336 3421 521 3461 coram
539 3407 813 3462 honorare
833 3410 1078 3464 homines
1106 3425 1219 3464 non
1268 3413 1532 3481 posssent,
1577 3425 1637 3466 eo
1675 3408 1817 3482 qnod
1857 3423 1988 3480 pro-

336 3497 428 3551 cul
458 3493 790 3561 habitarent,
812 3495 996 3570 forma
1025 3513 1148 3569 quae
1177 3499 1334 3570 longe
1353 3498 1541 3553 aberat
1573 3513 1830 3568 expressa
1873 3496 1990 3552 eai-

341 3580 556 3637 dentem
584 3579 886 3652 iinaginem
913 3586 1060 3652 regis
1095 3601 1254 3658 quem
1297 3586 1564 3640 honorare
1599 3585 1868 3656 volebant,
1908 3585 1990 3655 fe-

341 3674 553 3736 cerunt,
586 3673 645 3726 ut
669 3671 947 3743 pbsentem
975 3681 1239 3745 tanquam
1261 3681 1586 3746 praesentem
1618 3673 1799 3729 studio
1859 3671 1992 3727 adu-

345 3759 616 3815 larentur.
648 3760 728 3816 Ad
758 3755 1047 3830 religienis
1071 3767 1269 3818 autem
1293 3771 1346 3819 et
1371 3764 1746 3820 venerationis
1791 3761 1994 3834 ampli-

348 3838 657 3906 ﬁcationem
699 3851 874 3905 etiam
905 3852 1127 3920 ignaros
1175 3852 1459 3922 instigavit
1502 3853 1737 3924 artiﬁcis
1780 3852 1995 3908 eximia

344 3935 652 4007 diligentia.
686 3937 788 3992 Ille
816 3939 967 3993 enim
983 3937 1172 3995 volens
1201 3942 1433 4012 fortasse
1457 3941 1676 4012 placere
1721 3940 1992 4013 principi,

343 4039 562 4082 omnem
589 4029 766 4081 artem
785 4034 836 4082 et
863 4026 1210 4084 industriam
1234 4046 1394 4085 suam
1445 4030 1721 4100 adhibuit,
1751 4039 1812 4086 ut
1841 4031 1996 4086 simi-

349 4113 649 4170 litudinem
677 4131 843 4185 quam
871 4117 1077 4187 optime
1096 4120 1451 4190 exprimeret.
1481 4121 1681 4190 Vulgus
1700 4135 1866 4192 porro
1885 4120 1997 4176 ele-

347 4204 544 4273 gantia
580 4206 757 4275 operis
787 4206 1052 4277 illectum,
1081 4224 1209 4264 eum
1238 4210 1334 4280 qui
1358 4209 1525 4280 paulo
1554 4219 1683 4266 ante
1721 4215 1784 4264 ut
1839 4209 1997 4266 homo

364 4291 659 4359 colebatur,
681 4311 829 4350 nunc
855 4311 1062 4352 numen
1119 4313 1232 4353 esse
1285 4300 1599 4368 reputavit;
1658 4298 1818 4372 idque
1866 4299 1999 4357 vita?

353 4383 415 4436 in
440 4381 676 4438 insidias
703 4385 916 4454 factum
936 4394 1038 4453 est,
1072 4388 1334 4458 quoniam
1363 4391 1458 4443 aut
1503 4389 1749 4445 miserim
1776 4395 1873 4443 aut
1911 4394 1997 4460 ty-

351 4471 581 4527 rannidi
601 4473 969 4531 deservientes
998 4475 1782 4544 hamines,incommunicabile
1799 4492 1998 4532 nomen

353 4560 635 4631 lapidibus
665 4566 717 4618 et
748 4563 918 4633 lignis
947 4566 1326 4636 imposuerunt
1354 4568 1396 4621 ‘.
1428 4565 1574 4622 Cum
1604 4565 1786 4639 igitur
1814 4563 1997 4621 idolo-

2097 3407 2164 3460 τὰ
2210 3407 2323 3478 (64)
2375 3401 2612 3480 γλυπτὰ,
2671 3401 2765 3464 οὓς
2821 3401 2874 3456 ἐν
2932 3395 3052 3476 ὄψει
3117 3401 3192 3474 μὴ
3253 3397 3542 3473 δυνάμενοι
3591 3402 3756 3473 τιμᾷν

2099 3491 2372 3569 ἄνθρωποι
2405 3541 2420 3568 ,
2492 3489 2581 3548 διὰ
2642 3492 2705 3546 τὸ
2775 3492 2980 3567 μακρὰν
3033 3489 3200 3546 οἰκεῖν
3232 3533 3247 3560 ,
3313 3491 3414 3558 τὴν
3480 3487 3759 3565 πόῤῥωθεν

2099 3578 2220 3659 ὄψιν
2291 3583 2774 3656 ἀνατυπωσάμενοι
2827 3579 3097 3658 ,ἐμφανῆ
3184 3578 3366 3635 εἰκόνα
3427 3582 3525 3634 τοῦ
3588 3597 3702 3635 τετι
3734 3607 3757 3620 ·

2105 3673 2353 3747 μημένου
2424 3669 2694 3748 βασιλέως
2759 3667 3043 3739 ἐποίησαν,
3103 3665 3198 3723 ’ίνα
3260 3668 3352 3723 τὸν
3422 3667 3627 3724 ἀπόντα
3681 3667 3758 3729 ὡς

2099 3761 2338 3839 παρόντα
2399 3757 2743 3817 κολακεύωσι
2809 3755 2898 3813 διὰ
2959 3765 3064 3828 τῆς
3130 3753 3371 3827 σπουδῆς
3409 3801 3422 3816 .
3489 3755 3587 3820 Εἰς
3648 3753 3762 3812 ὶπί-

2099 3873 2251 3906 τασιν
2317 3847 2375 3906 δὲ
2441 3847 2730 3926 θρησκείας
2805 3847 2896 3903 καὶ
2977 3847 3105 3910 τοὺς
3186 3848 3512 3922 ἀγνοοῦντας
3577 3848 3614 3917 ἡ
3661 3850 3758 3901 τοῦ

2100 3939 2353 4018 τεχνίτου
2413 3938 2783 4016 προετρέψατο
2841 3934 3149 4016 φιλοτιμία’
3206 3937 3234 3992 6
3295 3936 3390 4018 μὶν
3449 3937 3574 4012 γὰρ,
3625 3932 3758 3999 ἴσως

2101 4034 2182 4102 τῷ
2246 4032 2531 4107 κρατοῦντι
2604 4024 2942 4103 βουλόμενος
3008 4026 3250 4104 ἀρέσαι,
3319 4019 3626 4108 έξεϐιάσατο
3687 4029 3757 4100 τῇ

2102 4119 2268 4195 τέχνῃ
2321 4119 2422 4187 τήν
2476 4117 2780 4191 ὁμοιότητα
2843 4115 2932 4171 ἐπὶ
2985 4116 3050 4171 τὸ
3106 4112 3337 4171 κάλλιον
3369 4137 3382 4151 ο
3422 4115 3485 4171 τὸ
3524 4111 3582 4171 δὶ
3619 4111 3762 4184 πλῆ-

2105 4209 2220 4281 θος,
2279 4205 2639 4285 ἐφελκόμενον
2690 4202 2780 4260 διὰ
2828 4205 2891 4259 τὸ
2931 4206 3043 4278 (65)
3100 4201 3294 4281 εὔχαρι
3330 4211 3434 4275 τῆς
3483 4201 3759 4284 ἐργασίας,

2103 4296 2197 4352 τὸν
2235 4297 2342 4372 πρὸ
2403 4293 2598 4370 ὀλίγου
2653 4294 2954 4368 τιμηθέντα
3010 4291 3315 4370 ἄνθρωπον,
3370 4296 3463 4348 νῦν
3521 4294 3635 4368 (66)
3676 4292 3762 4348 σέ-

2111 4387 2293 4462 βασμα
2354 4377 2674 4459 έλογίσαντο
2736 4405 2748 4418 ·
2807 4382 2897 4438 καὶ
2958 4385 3123 4438 τοῦτο
3207 4379 3442 4459 ἐγεγόνει
3507 4386 3587 4454 τῷ
3621 4379 3763 4465 ,βίῳ

2108 4475 2185 4538 εἰς
2225 4477 2338 4550 (67)
2377 4471 2612 4549 ἔνεδρον·
2657 4471 2761 4542 ὅτι,
2907 4476 3160 4550 συμφορᾷ
3195 4471 3231 4542 ἢ
3298 4467 3575 4548 τυραννίδι
3624 4464 3762 4525 νδου-

2107 4561 2391 4627 λεύσαντες
2449 4561 2747 4639 ἄνθρωποι,
2785 4562 2847 4618 τὸ
2913 4560 3282 4632 ἀκοινώνητον
3348 4555 3526 4633 ὄνομα
3582 4555 3760 4639 λίθοις

356 4666 488 4704 rum
519 4649 772 4708 inventio
804 4652 914 4710 hoc
947 4658 1132 4726 pacto,
1166 4659 1314 4711 teste
1345 4637 1669 4728 Scriptura,
1703 4656 1775 4710 ab
1805 4654 1987 4712 homi-

2105 4654 2196 4709 καὶ
2255 4646 2439 4726 ξύλοις
2497 4637 2818 4726 περιέθηκαν
2853 4691 2868 4708 .
2925 4641 3195 4721 Τοιαύτης
3251 4648 3434 4734 τοίνυν
3487 4655 3590 4719 τῆς

354 4739 531 4796 nibus
552 4741 787 4798 initium
818 4743 1087 4801 habuerit
1109 4749 1166 4801 et
1185 4746 1376 4802 efficta
1397 4745 1494 4816 sit,
1510 4746 1638 4817 jam
1659 4750 1894 4819 tempus
1912 4749 1987 4802 est

2105 4745 2214 4797 τῶν
2271 4739 2517 4798 εἰδώλων
2588 4741 2847 4816 εὑρέσεως
2891 4733 3002 4796 ’ἐπὶ

3089 4740 3320 4817 μάρτυρι
3407 4743 3478 4813 τῇ
3572 4741 3761 4818 Γραφῇ

352 4831 420 4882 ut
450 4828 522 4884 ad
553 4829 682 4900 ejus
721 4832 1185 4890 confutationem
1235 4834 1684 4907 aggrediamur:
1730 4818 1884 4906 quod
1937 4839 1987 4890 ut

2107 4832 2254 4909 παρὰ
2289 4837 2407 4893 τοῖς
2467 4830 2775 4906 ἀνθρώποις
2828 4821 3142 4904 ἀρξαμένης
3167 4828 3258 4883 καὶ
3288 4818 3763 4906 ’ἀναπλασθείσης,

351 4920 720 4987 prastemus,
755 4925 1022 4978 nontam
1053 4921 1416 4978 extrinsecus
1458 4923 1804 4995 colligemus
1835 4939 2003 4997 argu-

2109 4904 2225 4998 ὥρά
2263 4918 2458 4976 λοιπόν
2499 4904 2603 4982 ,σοι
2657 4918 2747 4975 καὶ
2799 4918 2890 4973 τὸν
2947 4918 3063 4974 κατ’
3119 4916 3289 4987 αὐτῆς
3319 4995 3323 4998 φ
3348 4914 3582 4999 ἔλεγχον
3633 4904 3764 4972 ἀπο-

351 5009 552 5062 menta
580 5023 757 5079 quam
787 5025 857 5066 ex
884 5009 979 5067 his
1009 5010 1154 5084 ipsis
1176 5028 1305 5084 quae
1334 5011 1418 5069 illi
1433 5011 1503 5070 de
1520 5013 1646 5069 suis
1659 5011 1987 5071 numinibus

2109 5007 2298 5084 δεῖξαι,
2339 5009 2400 5065 οὑ
2440 5013 2696 5066 τοσοῦτον
2758 5006 2972 5080 ἔξωθεν,
3012 5005 3136 5065 ὅσον
3167 5006 3280 5085 ’ἀφ’
3316 5007 3391 5063 ὢν
3433 5006 3584 5064 οὗτοι
3639 5004 3765 5080 περὶ

426 5151 439 5185 ¹
477 5149 613 5224 Sap.
645 5168 760 5222 xxv,
795 5153 975 5210 12-21.

425 5315 538 5393 (64)
571 5311 1023 5393 ΡξιιῄἰραΙεω-οιξ
1041 5316 1410 5393 restituimus
1439 5334 1508 5374 ex
1535 5322 1773 5393 Seguer.
1822 5319 2001 5376 Basil.

356 5384 581 5446 Anglic.
601 5384 816 5443 Gobler
843 5391 902 5444 et
932 5386 1186 5446 Felckm.
1217 5389 1244 5444 1
1275 5404 1450 5446 anon.

423 5408 442 5444 ι
491 5407 581 5446 uc.
601 5407 816 5443 uomer
843 5407 902 5444 et
932 5407 1186 5446 r'eicxm.
1217 5407 1244 5444 1
1275 5407 1450 5446 anon.

423 5407 532 5535 (ἕὲ)
564 5459 808 5535 seguer.
842 5459 1111 5535 Basi_l._e_t
1137 5459 1392 5535 Felckm.
1421 5463 1459 5515 2
1491 5477 1693 5530 anon.,
1751 5466 1989 5535 ῌειρειᾰ.

352 5529 580 5606 Anglic.
611 5529 841 5606 Gobler.
874 5534 933 5586 et
956 5530 1208 5606 Felckm.
1244 5534 1270 5589 1
1304 5550 1502 5606 anon.,
1533 5538 1754 5606 Πειρειᾶ

421 5602 534 5678 (63)
566 5602 930 5679 Sic__Seguer.
950 5603 1222 5679 _et_Basil.
1257 5608 1326 5679 ut
1347 5610 1407 5678 et
1424 5602 1657 5662 Gracus
1679 5605 1991 5679 Scriptura

348 5672 564 5750 tentus.
595 5672 709 5731 Alii
732 5672 868 5750 cum
899 5673 1072 5750 editis
1092 5675 1384 5750 κρατηθέν.

423 5747 535 5828 (64)
563 5751 688 5807 Art.
719 5744 787 5802 τά
815 5745 1055 5805 doestin
1085 5744 1323 5822 Beguer.

2183 5316 2300 5460 (σε)
2328 5287 3213 5395 τοιοιιω.ἐιηοιι..-ιιςμρρφον.
3261 5369 3266 5376 ,
3493 5355 3496 5358 .
3565 5369 3572 5378 ,
3611 5380 3631 5396 ﬁ

2185 5388 2278 5460 (ὅθ
2333 5385 2591 5460 Felckm.
2620 5385 2887 5454 2anon.,
2935 5382 3014 5448 sic
3065 5380 3243 5447 θεούς.
3294 5382 3444 5443 Ibid.
3499 5380 3680 5441 Bent.
3709 5383 3769 5440 et

2321 5528 2774 5669 Ξξῗίιτίῆέυίίἒοεῐ
2800 5599 2861 5658 in
2881 5598 3136 5659 Felckm.
3164 5599 3202 5656 2
3230 5615 3406 5657 anon.
3457 5595 3606 5655 Ibid.
3653 5593 3764 5651 τῶν

2117 5675 2282 5733 deest
2307 5673 2369 5731 in
2397 5673 2636 5747 Seguer.
2668 5676 2725 5730 et
2752 5671 2979 5746 Anglic.

2226 5691 2282 5733 ετ.
2307 5691 2369 5731 ιιι
2397 5691 2636 5733 nomen
2668 5691 2725 5730 οι
2752 5691 2979 5733 Λοκιιο.
