4160 6396
408 400 486 481 25
1615 384 1909 455 ORATIO
1953 386 2267 455 CONTRA
2312 394 2635 459 GENTES.
3751 409 3829 469 26

410 528 585 603 αὐτῶν
638 530 898 606 φρονοῦσι
955 524 1022 582 τὰ
1071 524 1344 601 τεκμήρια
1402 518 1778 600 λαμϐανόντας
1829 526 1963 598 (69).
2006 524 2071 579 Ei

2191 528 2531 585 sentiunt.Si
2566 529 2697 603 quis
2718 530 2873 587 enim
2893 531 3307 608 illorum,quos
3331 536 3469 593 deos
3493 538 3829 610 praedicant,

409 621 513 695 γὰρ
538 639 623 681 τις
652 621 759 672 τῶν
787 618 912 692 παρ’
944 615 1130 678 αὐτοῖς
1182 614 1492 691 λεγομὲνων
1535 616 1691 685 θεῶν,
1721 612 1814 668 *ίνα
1860 618 2074 688 πρῶτον

413 709 517 765 ἀπὸ
562 709 771 763 τούτων
820 710 928 761 τῶν
978 706 1215 760 κάτωθεν
1262 701 1547 781 ἄρξωμαι,
1599 698 1763 759 λάϐοι
1808 704 1903 765 τὰς
1944 704 2076 778 πρά-

412 798 538 870 ξεις,
573 798 791 873 εὑρήσει
826 796 901 869 μὴ
940 794 1102 868 μόνον
1149 793 1249 849 οὐκ
1296 792 1429 848 εἶναι
1481 790 1676 855 αὐτούς
1720 792 1896 865 θεοὺς,
1931 790 2075 847 ἀλλᾶ

412 887 501 943 καὶ
548 891 655 942 τῶν
703 885 1001 961 ἀνθρώπων
1046 884 1174 945 τοὺς
1228 882 1542 959 αἰσχίστους
1593 881 1904 957 γεγονότας.
1947 883 2070 936 Οἴον

412 978 538 1051 γάρ,
590 973 703 1030 οἶόν
759 972 899 1029 ἐστιν
951 971 1082 1028 ἰδεῖν
1129 971 1257 1034 τοὺς
1304 972 1451 1045 παρά
1498 976 1754 1041 ποιηταῖς
1804 975 1900 1025 τοῦ
1949 971 2072 1032 Διὸς

416 1065 643 1141 ἔρωτας,
692 1064 782 1120 καὶ
828 1064 926 1125 τὰς
986 1059 1270 1137 ἀσελγείας
1306 1081 1319 1131 ;
1353 1060 1475 1115 Οἶόν
1534 1059 1674 1116 ἐστιν
1737 1059 1897 1115 αὐτὸν
1958 1062 2071 1133 (70)

415 1154 628 1211 ἀκούειν
662 1154 963 1231 ἁρπάζοντα
999 1152 1092 1225 μὶν
1136 1148 1229 1205 τὸν
1281 1147 1633 1224 Γανυμήδην,
1684 1148 1773 1204 καί
1816 1150 1911 1212 τὰς
1942 1146 2073 1203 κλο-

411 1244 675 1319 πιμαίους
718 1241 1079 1320 ἐργαζόμενον
1129 1240 1405 1317 μοιχείας,
1458 1237 1671 1294 δεδιότα
1720 1236 1776 1294 δὲ
1821 1238 1910 1293 καὶ
1961 1235 2070 1293 δει-

415 1333 617 1389 λιῶντα
650 1334 725 1406 μή
758 1332 906 1408 παρά
933 1330 1160 1407 γνώμην
1211 1329 1374 1384 αὐτοῦ
1422 1329 1489 1383 τὰ
1535 1332 1641 1383 τῶν
1690 1327 1889 1402 Τρώων
1938 1325 2071 1381 ἀπό-

415 1422 579 1495 ληται
626 1420 929 1498 (71)τείχη
965 1437 980 1488 ;
1010 1418 1134 1475 Οἴόν
1184 1417 1323 1473 ἐστιν
1374 1414 1507 1472 ΐδεῖν
1561 1414 1719 1472 αὖτὸν
1770 1416 2071 1494 ἀχθόμενον

416 1509 501 1568 ἐπὶ
530 1515 611 1584 τῷ
642 1510 853 1583 θανάτῳ
882 1512 978 1564 τοῦ
1030 1508 1175 1570 υῖὲος
1221 1506 1384 1562 αὐτοῦ
1428 1503 1783 1582 Σαρπηδόνος
1816 1507 1953 1579 (72),
1982 1505 2072 1559 καὶ

421 1600 759 1679 βουλόμενον
810 1597 956 1671 αὐτῷ
1009 1598 1279 1673 βοηθῆσαι
1326 1597 1416 1651 καὶ
1469 1598 1544 1669 μὴ
1598 1593 1926 1669 δυνάμενον’
1983 1596 2074 1649 καὶ

419 1685 907 1764 ἰπιόουλευόμενον
946 1688 1040 1762 μὲν
1071 1687 1187 1759 (73)
1236 1686 1338 1740 ὑπὸ
1380 1689 1488 1740 τῶν
1522 1682 1707 1739 ἄλλων
1758 1683 2072 1760 λεγομὲνων

416 1782 573 1849 θεῶν,
625 1779 859 1850 Ἀθηνᾶς
909 1774 974 1847 δὴ
1022 1773 1171 1850 λέγω
1218 1774 1309 1829 καὶ
1358 1776 1530 1848 ⁴Ήρας
1573 1774 1662 1829 καὶ
1711 1771 2072 1845 Ποσειδῶνος,

422 1866 791 1946 βοηθούμενον
822 1863 880 1921 δὲ
912 1866 1015 1921 ὑπὸ
1047 1861 1268 1927 Θέτιδος
1299 1864 1552 1971 γυναικὸς
1602 1864 1691 1918 καὶ
1716 1868 1829 1971 δτοῦ
1861 1864 2077 1969 ἕκατον·
2107 1904 2157 1971 Β

416 1956 676 2035 ταχείρου
709 1954 1037 2033 Δίγαίωνοςο
1070 1952 1159 2010 καί
1189 1954 1487 2027 νικώμενον
1524 1952 1626 2008 61:6
1668 1950 1909 2023 ἡδονῶν,
1952 1950 2078 2007 δου-

421 2045 647 2103 λεύοντα
680 2044 737 2101 δὲ
788 2043 1023 2121 γυναιξὶ,
1062 2043 1152 2098 καὶ
1200 2039 1271 2097 δι’
1319 2041 1481 2105 αὐτὰς
1533 2041 1585 2097 ἐν
1631 2039 1859 2119 ἀλόγοις
1915 2042 2076 2111 ζώοις

416 2135 706 2211 τετράποσί
734 2154 794 2189 τε
820 2134 911 2190 καὶ
942 2137 1174 2205 πτηνοῖς
1218 2137 1339 2195 ταῖς
1388 2130 1703 2210 φαντασίαις
1748 2128 2078 2208 παρακινδυ-

419 2224 659 2297 νεύοντα·
710 2222 800 2295 καί
850 2221 1015 2278 πάλιν
1072 2222 1230 2278 αὐτὸν
1281 2221 1375 2296 μὲν
1424 2221 1799 2296 κρυπτόμενον
1851 2218 1939 2275 διὰ
1974 2222 2073 2290 τήν

416 2319 515 2370 τοῦ
560 2314 766 2389 πατρὸς
816 2307 1141 2382 ἐπιϐουλὴν,
1190 2312 1281 2367 τὸν
1340 2308 1397 2366 δὲ
1428 2310 1622 2382 Κρόνον
1676 2310 1763 2365 ὑπ’
1796 2311 1960 2365 αὐτοῦ
1993 2307 2077 2365 δε-

420 2403 756 2477 σμευόμενον
788 2403 924 2477 (74),
973 2402 1218 2457 κάκεῖνον
1267 2400 1638 2473 ἀποτέμνοντα
1680 2400 1770 2455 τὸν
1824 2400 2076 2476 πατὲρα;

419 2494 541 2569 Ἆρ’
590 2490 681 2563 οὗν
740 2490 885 2563 ἄξιον
932 2495 1122 2546 τοῦτον
1174 2491 1420 2546 ὑπονοεῖν
1471 2490 1607 2560 θεὸν,
1665 2493 1899 2545 τοσαῦτα
1951 2487 2078 2565 δρά-

422 2603 634 2652 σαντα,
689 2581 780 2636 καὶ
838 2575 1199 2653 διαϐληθέντα
1231 2623 1246 2645 ,
1302 2578 1336 2634 a
1397 2576 1539 2653 μηδὲ
1614 2581 1666 2634 οἱ
1722 2579 1897 2634 κοινοὶ
1954 2580 2082 2633 Ῥω-

424 2670 599 2746 μαίων
626 2670 790 2745 νόμοι
828 2669 920 2725 καὶ
962 2670 1089 2732 νοὺς
1135 2666 1335 2732 ἁπλῶς
1371 2668 1683 2744 ἀνθρώπους
1734 2666 2079 2745 ἐπιτρέπουσι

418 2765 593 2817 ποιεῖν
628 2778 643 2831 ;

494 2852 582 2908 12.
613 2852 728 2905 ’Ἰνα
756 2850 862 2924 γὰρ
912 2847 972 2905 ἐκ
1018 2846 1246 2904 πολλῶν
1298 2845 1465 2923 ὀλίγα
1516 2846 1871 2922 μνημονεύσω
1902 2844 1991 2902 διὰ
2018 2849 2081 2902 τὸ

419 2935 655 3009 πλῆθος,
686 2939 770 3001 τίς
804 2935 932 2993 ἰδὼν
966 2937 1131 2994 αὐτοῦ
1171 2938 1272 3007 τήν
1323 2936 1398 3000 εἷς
1434 2936 1708 3011 Σεμέλην,
1747 2937 1837 2992 καὶ
1869 2934 2078 3011 Λήδαν,

417 3029 509 3099 καὶ
543 3024 889 3101 Ἀλκμήνην,
921 3027 1012 3082 καὶ
1052 3028 1334 3103 Ἄρτεμιν,
1383 3026 1473 3081 καὶ
1522 3026 1712 3097 Λητὼ,
1743 3025 1835 3081 καὶ
1880 3030 2078 3099 Μαῖαν,

418 3116 509 3173 καὶ
535 3115 830 3191 Εὐρώπην,
870 3116 959 3171 καὶ
1013 3116 1246 3186 Δανάην,
1275 3115 1366 3170 καί
1414 3114 1706 3184 Ἀντιόπην
1739 3114 2082 3192 παρανομίαν

420 3208 511 3263 καὶ
542 3208 764 3285 φθοράν·
797 3206 834 3276 ἢ
882 3204 989 3275 τίς,
1038 3203 1167 3261 ἰδὼν
1215 3206 1315 3275 τὴν
1367 3204 1444 3267 εἷς
1490 3206 1590 3274 τὴν
1644 3202 1781 3259 ἰδίαν
1840 3201 2078 3282 ἀδελφὴν

420 3295 583 3352 αὐτοῦ
633 3295 976 3372 ἐπιχείρησιν
1027 3294 1117 3350 καὶ
1161 3292 1396 3368 τόλμαν,
1442 3293 1524 3349 ὅτι
1563 3294 1663 3363 τήν
1707 3292 1872 3362 αὐτὴν
1926 3290 2085 3347 ἀδελ-

421 3386 526 3465 φὴν
554 3385 670 3462 εἶχε
696 3383 786 3441 καὶ
817 3389 1069 3461 γυναῖκα,
1121 3382 1221 3439 οὐκ
1271 3382 1330 3438 ἂν
1379 3382 1689 3459 χλευάσειε,
1734 3382 1826 3437 καὶ
1873 3386 1934 3453 Cr,
1950 3382 2088 3456 μιώ-

421 3497 531 3531 σειε
575 3474 829 3548 θανάτῳ;
880 3474 998 3528 Ὀτι
1058 3474 1132 3547 μή
1188 3471 1349 3547 μόνον
1403 3470 1747 3548 ἐμοίχευσεν,
1794 3468 1942 3525 ἀλλὰ
1994 3470 2085 3525 καὶ

418 3562 547 3626 τοὺς
598 3561 657 3618 ἐκ
696 3567 798 3633 τῆς
852 3561 1105 3639 μοιχείας
1157 3561 1483 3637 γενομένους
1531 3559 1676 3632 αὐτῷ
1722 3557 1917 3622 παῖδας
1966 3562 2083 3615 θεο-

420 3654 657 3725 ποιήσας
700 3653 975 3724 ἀνέθηκεν,
1031 3648 1391 3725 ἐπικάλυμμα
1437 3656 1539 3720 τῆς
1586 3650 1939 3726 παρανομίας
1993 3649 2085 3704 αὑ-

419 3747 518 3798 τοῦ
572 3744 673 3811 τήν
716 3748 818 3812 τῆς
862 3740 1141 3803 θεοποιίας
1190 3738 1479 3819 φαντασίαν
1538 3740 1970 3809 κατασκευάζων·
2005 3739 2080 3794 ὧν

423 3833 526 3903 εἰσι
556 3830 812 3894 Διόνυσος
841 3830 930 3885 καὶ
970 3827 1274 3907 Ἡρακλῆς,
1302 3830 1393 3884 καὶ
1442 3828 1782 3906 Διόσκουροι,
1830 3828 1920 3883 καὶ
1961 3830 2083 3902 Ἑρ-

426 3928 556 3996 μῆς,
587 3921 677 3976 καὶ
709 3920 962 3996 Περσεὺς,
1012 3920 1103 3974 καὶ
1156 3920 1403 3995 Σώτειρα
1450 3921 1585 3993 (75).
1639 3918 1754 3989 Τίς,
1806 3915 1935 3973 ἰδὼν
1979 3920 2078 3988 την

418 4015 525 4067 τῶν
554 4009 873 4087 λεγομὲνων
906 4011 1039 4064 θεῶν
1071 4006 1480 4064 ἀκατάλλακτον
1526 4009 1663 4085 πρὸς
1713 4007 1936 4071 ἑαυτοὺς
1968 4005 2079 4083 ἔριν

419 4100 471 4156 ὲν
505 4099 657 4173 Ἰλίῳ
684 4103 793 4155 τῶν
821 4096 1105 4170 Ἑλλήνων
1137 4099 1228 4154 καὶ
1255 4102 1361 4153 τῶν
1404 4098 1606 4175 Τρώων
1651 4099 1838 4175 χάριν,
1888 4097 1949 4153 o6
1981 4118 2078 4153 κα-

415 4190 749 4265 ταγνώσεται
796 4194 898 4258 τῆς
951 4186 1223 4251 ἀσθενείας
1275 4187 1473 4261 αὐτῶν,
1525 4186 1609 4243 ὅτι
1659 4185 1749 4243 διὰ
1793 4189 1891 4257 την
1942 4188 2078 4265 πρὸς

418 4276 705 4350 ἀλλήλους
752 4275 1086 4356 φιλονεικίαν
1134 4276 1224 4332 καὶ
1281 4276 1407 4339 τοὺς
1458 4277 1771 4352 ἀνθρώπους
1827 4277 2079 4353 παρώξυ-

416 4386 561 4436 ναν;
609 4366 723 4441 Τίς,
773 4364 903 4422 ἰδὼν
956 4366 1057 4421 ὑπὸ
1115 4366 1208 4439 μὲν
1251 4362 1562 4439 Διομήδους
1610 4365 2078 4442 τιτρωσκομένους

418 4456 587 4532 ’Δρεα
614 4454 703 4511 καὶ
738 4450 1089 4532 Ἀφροδίτην,
1126 4453 1228 4507 ὑπὸ
1277 4450 1335 4507 δὲ
1383 4450 1713 4529 Ἡρακλέους
1758 4454 1860 4523 τήν
1908 4456 2075 4529 Ἥραν

418 4542 509 4598 καὶ
556 4544 648 4599 τὸν
694 4541 1046 4619 Ὑποχθόνιον
1100 4542 1157 4597 ὃν
1206 4542 1433 4599 καλοῦσι
1485 4542 1625 4612 θεὸν,
1680 4539 1945 4613 Ἀἰδονὲα,
1986 4544 2077 4598 καὶ

2187 622 2251 672 ut
2276 619 2411 674 inde
2443 620 2698 691 primum
2731 622 3013 690 exordiar,
3048 641 3140 679 res
3172 630 3366 697 gestas
3395 626 3533 683 velit
3583 645 3829 701 perpen-

2184 707 2340 774 dere,
2373 725 2471 764 eos
2502 726 2615 764 non
2649 709 2841 767 solum
2874 729 2987 767 non
3020 729 3147 769 esse
3178 715 3339 782 deos,
3376 717 3473 772 sed
3508 717 3685 793 etiam
3724 718 3828 775 ho-

2187 796 2412 851 minum
2458 798 2833 870 turpissimos
2883 801 3065 858 tuisse
3112 804 3378 875 reperiet.
3441 806 3589 870 Quid
3647 807 3828 875 enim,

2185 902 2401 955 quaeso,
2438 887 2668 958 turpius
2700 906 2875 960 quam
2908 890 2991 945 illi
3011 891 3173 947 Jovis
3192 900 3505 964 amores,et
3527 895 3832 968 impudici-

2183 974 2297 1037 tiae,
2330 991 2476 1046 quas
2500 977 2654 1047 apud
2686 982 2886 1048 poetas
2905 978 3095 1051 legere
3121 979 3252 1036 licet
3271 982 3299 1037 ?
3319 983 3467 1047 Quid
3483 983 3689 1040 foedius
3714 984 3828 1040 dici

2184 1067 2375 1134 potest
2404 1080 2583 1134 quam
2608 1081 2740 1119 cum
2772 1082 2905 1121 eum
2937 1068 3105 1123 audis
3157 1086 3357 1141 rapere
3406 1070 3825 1144 Ganymedem,

2184 1152 2287 1207 10
2319 1151 2531 1208 furtiva
2559 1153 2845 1209 adulteria
2874 1161 3123 1227 patrare,
3156 1157 3361 1214 timere
3392 1164 3449 1215 et
3505 1177 3711 1231 pavere
3758 1180 3830 1219 ne

2183 1246 2386 1298 contra
2407 1240 2595 1314 ipsius
2628 1248 2882 1298 mentem
2909 1245 3297 1316 Trojanorum
3330 1249 3543 1304 mcenia
3589 1250 3829 1307 diruan-

2181 1334 2280 1386 tur
2301 1330 2329 1385 ?
2353 1330 2499 1395 Quid
2533 1331 2834 1403 indignius
2863 1333 3225 1405 cogitaveris,
3274 1352 3452 1407 quam
3482 1354 3616 1393 cum
3637 1338 3834 1413 ipsum

2181 1420 2343 1475 vides
2376 1426 2621 1475 mortem
2656 1421 2760 1476 ﬁlii
2791 1422 2881 1476 sui
2912 1423 3261 1494 Sarpedonis
3292 1425 3541 1496 graviter
3567 1429 3830 1497 ferre,ei-

2184 1526 2297 1581 que
2329 1508 2604 1580 opitulari
2632 1509 2794 1577 velle,
2813 1528 2916 1566 nec
2940 1512 3146 1583 posse?
3169 1513 3338 1581 Quid,
3366 1514 3629 1587 inquam,
3655 1519 3829 1574 mise-

2185 1599 2305 1653 rius
2338 1604 2529 1669 potest
2558 1615 2687 1654 esse
2716 1616 2894 1671 quam
2942 1618 3076 1656 cum
3127 1602 3316 1658 cernis
3367 1604 3417 1659 ei
3467 1605 3711 1663 insidias
3758 1608 3829 1663 ab

2185 1686 2337 1756 aliis,
2369 1688 2469 1759 qui
2493 1688 2771 1743 dicuntur
2790 1689 2891 1761 dii,
2920 1689 3329 1762 fieri,Minerva
3349 1709 3577 1766 nempe,
3602 1695 3833 1752 Junone

2186 1782 2244 1831 et
2273 1777 2560 1849 Neptuno,
2597 1794 2885 1849 opemque
2918 1780 3053 1834 ferri
3085 1797 3119 1836 a
3166 1780 3409 1837 Thetide
3441 1782 3683 1839 muliere
3713 1789 3770 1840 et
3802 1802 3835 1840 a

2187 1867 2519 1922 centimano
2566 1866 2850 1939 {Egeonez
2904 1884 3037 1923 cum
3088 1868 3226 1924 item
3275 1870 3574 1943 voluptate
3617 1874 3834 1930 victum

2192 1955 2537 2011 mulieribus
2568 1956 2781 2012 servire
2811 1956 2996 2024 vides,
3029 1957 3387 2031 illarumque
3420 1978 3601 2017 causa
3631 1962 3836 2019 bruto-

2189 2061 2321 2101 rum
2353 2044 2765 2111 animantium,
2798 2046 3247 2119 quadrupedum
3279 2052 3336 2104 et
3366 2048 3672 2106 volucrum
3721 2053 3836 2108 for-

2190 2151 2317 2190 mas
2348 2152 2462 2190 non
2495 2134 2620 2191 sine
2651 2135 2744 2190 sui
2776 2136 3033 2208 periculo
3092 2138 3359 2195 induere:
3412 2156 3546 2195 cum
3596 2158 3834 2197 rursum

2189 2225 2462 2280 eumdem
2492 2228 2556 2280 ut
2586 2225 2769 2297 patris
2798 2225 3045 2282 insidias
3077 2226 3553 2299 fugiat,latebras
3579 2247 3838 2303 quaerere

2191 2313 2494 2386 perspicis,
2525 2330 2590 2368 ac
2620 2314 2828 2369 deinde
2859 2315 3175 2371 Saturnum
3207 2333 3379 2371 suum
3404 2322 3625 2389 patrem
3650 2318 3837 2375 abillo

2188 2402 2394 2458 vinciri
2416 2403 2766 2458 etcastrari?
2788 2409 2874 2458 An
2902 2420 3037 2475 ergo
3059 2421 3292 2476 mquum
3314 2409 3403 2461 est
3426 2405 3590 2461 illum
3612 2408 3838 2465 censeri

2191 2492 2388 2559 deum,
2422 2492 2520 2564 qui
2553 2509 2621 2547 ea
2644 2491 2864 2563 flagitia
2907 2493 3222 2561 commisit,
3271 2498 3328 2549 et
3372 2499 3669 2551 tantorum
3716 2513 3837 2552 sce-

2190 2580 2378 2637 lerum
2411 2599 2545 2637 reus
2576 2587 2685 2650 est,
2719 2599 2843 2654 qua:
2874 2599 3418 2655 nequecommunes
3437 2583 3836 2642 Romanorum

2189 2661 2345 2744 leges
2375 2670 2461 2726 vel
2492 2671 2639 2743 ipsis
2671 2670 3011 2727 hominibus
3042 2672 3230 2728 facere
3260 2673 3655 2745 permittunt?

2263 2851 2349 2905 12.
2383 2848 2458 2905 Ut
2485 2849 2641 2906 enim
2665 2849 3044 2906 multitudine
3088 2867 3275 2923 pauca
3319 2867 3387 2906 ex
3432 2850 3638 2907 multis
3676 2869 3834 2908 com-

2193 2956 2533 3010 memorem,
2567 2939 2701 3012 quis
2730 2938 2979 3013 cognitis
3010 2938 3244 3009 ﬂagitiis
3273 2944 3331 2996 et
3351 2941 3592 3014 stupris,
3626 2942 3842 3014 quibus

2191 3027 2497 3094 Semelem,
2529 3028 2764 3097 Ledam,
2799 3027 3165 3095 Alcmenam,
3212 3029 3476 3098 Dianam,
3539 3031 3843 3098 Latonam,

2194 3116 2430 3188 Maiam,
2464 3117 2774 3189 Europam,
2813 3118 3043 3172 Danaen
3074 3122 3129 3172 et
3150 3119 3464 3190 AntiOpam
3485 3119 3735 3187 vitiavit,
3750 3122 3837 3176 vel

2194 3207 2326 3280 quis
2356 3210 2659 3278 perspecta
2688 3206 2815 3276 ejus
2847 3205 2904 3260 in
2938 3205 3235 3277 propriam
3257 3223 3517 3262 sororem
3542 3207 3844 3279 impudica

2118 3281 2160 3347 C
2198 3294 2463 3357 audacia,
2496 3310 2675 3365 quam
2708 3293 2989 3349 nimirum
3021 3294 3199 3350 simul
3232 3300 3289 3350 et
3321 3312 3582 3351 sororem
3614 3301 3671 3351 et
3700 3314 3841 3352 uxo-

2199 3400 2320 3439 rem
2354 3382 2580 3452 habuit,
2615 3382 2782 3438 illum
2810 3401 2925 3440 non
2958 3384 3263 3455 despiciat,
3295 3388 3355 3439 et
3383 3389 3568 3440 morte
3594 3385 3840 3457 dignum

2197 3472 2492 3528 aestimet?
2520 3470 2825 3528 Enimvero
2856 3490 2971 3528 non
3003 3477 3209 3545 stupra
3234 3477 3465 3529 tantum
3524 3474 3839 3543 commisit,

2196 3560 2297 3617 sed
2320 3561 2495 3617 etiam
2523 3578 2671 3633 quos
2693 3577 2761 3616 ex
2783 3562 3004 3634 stupris
3048 3563 3373 3635 procreavit
3403 3561 3641 3633 liberos,
3690 3564 3843 3620 inter

2195 3652 2335 3707 deos
2365 3650 2581 3718 retulit,
2615 3650 2939 3707 divinitatis
2969 3651 3162 3724 specie
3195 3652 3267 3707 ad
3300 3668 3468 3708 suam
3490 3652 3840 3724 pravitatem

2194 3739 2502 3812 tegendam
2535 3740 2775 3795 abusus.
2809 3739 3024 3796 Horum
3049 3757 3118 3796 ex
3131 3757 3372 3796 numero
3395 3746 3533 3797 sunt
3557 3740 3839 3809 Bacchus,

2192 3828 2492 3899 Hercules,
2524 3828 2807 3895 Dioscuri,
2841 3829 3184 3900 Mercurius,
3219 3829 3466 3886 Perseus
3498 3835 3557 3887 et
3586 3831 3838 3903 Sospita.

2192 3916 2333 3980 Quis
2364 3917 2722 3990 implacabili
2752 3918 3125 3976 contentione
3155 3920 3376 3991 audita,
3430 3936 3548 3992 qua
3604 3920 3686 3976 dii
3734 3920 3838 3991 illi,

2192 4007 2523 4064 Grecorum
2554 4012 2611 4062 et
2640 4008 3025 4079 Trojanorum
3060 4026 3257 4074 causa,
3290 4010 3444 4081 apud
3480 4009 3645 4065 Ilium
3691 4010 3845 4067 inter

2192 4112 2253 4153 se
2284 4096 2645 4169 pugnabant,
2678 4114 2881 4153 eorum
2920 4096 3377 4155 imbecillitatem
3412 4115 3527 4155 non
3571 4099 3849 4156 condem-

2192 4191 2308 4253 net,
2343 4187 2441 4258 qui
2477 4202 2685 4259 nempe
2717 4192 2925 4243 mutua
2956 4186 3111 4243 inter
3139 4204 3201 4244 se
3262 4187 3386 4243 rixa
3431 4189 3607 4245 etiam
3656 4188 3843 4244 homi-

2190 4292 2293 4331 nes
2326 4274 2721 4331 irritaverint‘?
2752 4276 2894 4342 Quis
2927 4277 2976 4332 si
3002 4277 3214 4332 viderit
3254 4276 3499 4333 Martem
3548 4282 3608 4334 et
3655 4278 3842 4336 Vene-

2189 4381 2365 4420 rema
2399 4365 2667 4421 Diomede
2699 4365 3015 4421 vulnerari.
3047 4366 3340 4421 Junonem
3372 4383 3505 4423 vero
3552 4372 3611 4422 et
3667 4366 3843 4423 infer-

2190 4470 2330 4509 num
2362 4470 2534 4526 quem
2566 4459 2772 4510 vocant
2803 4454 3007 4520 Deum,
3042 4455 3369 4511 Aidoneum
3392 4456 3512 4511 sive
3535 4454 3840 4513 Plutonem

2189 4543 2261 4599 ab
2291 4542 2558 4611 Hercule,
2591 4543 3003 4616 Bacchumque
3033 4560 3067 4598 a
3086 4542 3316 4615 Perseo,
3349 4549 3407 4599 et
3428 4544 3743 4600 Minervam
3767 4547 3838 4602 ab

419 4631 672 4705 Διόνυσον
726 4632 821 4708 μὲν
873 4629 975 4686 ὑπὸ
1026 4630 1296 4707 Περσέως,
1346 4630 1573 4701 Ἀθηνᾶν
1626 4627 1684 4685 δὲ
1732 4631 1833 4685 ὑπὸ
1880 4632 2075 4707 Ἀρκά-

2191 4632 2428 4702 Arcade,
2460 4630 2794 4687 Vulcanum
2826 4636 3024 4687 autem
3052 4648 3083 4687 e
3111 4631 3253 4688 cmlo
3273 4632 3472 4705 projici
3498 4648 3682 4705 eoque
3702 4651 3841 4691 casu

422 4719 554 4799 804’,
586 4721 675 4777 καὶ
722 4722 814 4776 τὸν
855 4723 1149 4800 ’Ήφαιστον
1197 4719 1519 4797 ῥιπτόμενον
1566 4718 1653 4775 καί
1703 4718 2074 4797 χωλαίνοντα,

420 4810 482 4867 o6
537 4810 940 4886 καταγνώσεται
995 4816 1096 4880 τῆς
1157 4808 1404 4887 φύσεως,
1462 4809 1553 4865 καὶ
1602 4808 2076 4888 ἀποστραφήσεται

422 4900 515 4975 μὲν
546 4902 643 4955 τοῦ
692 4897 869 4974 λέγειν
920 4897 1114 4961 αὐτοὺς
1150 4896 1230 4953 ἔτι
1278 4898 1414 4953 εἶναι
1462 4898 1639 4971 θεοὺς,
1695 4898 1962 4976 φθαρτοὺς
2017 4896 2074 4955 δὲ

404 5038 409 5043 '
488 5024 604 5096 ‘69)
634 5023 731 5096 Sic
755 5024 978 5096 Seguer
1021 5024 1252 5082 Gobler.
1287 5028 1345 5081 et
1401 5026 1633 5083 Feckm.
1664 5025 1701 5082 2
1731 5042 1905 5082 anon.
1963 5024 2076 5082 Alii

418 5094 785 5169 cum_editis__
824 5094 1182 5169 ἆμοάνοντες.

486 5166 580 5239 70)
614 5166 844 5239 Anglic.
865 5164 939 5222 'et
968 5167 1294 5239 Felckm.,2
1323 5184 1522 5239 anon.,
1558 5164 1757 5223 αότῶν.

482 5238 576 5306 ’11)
605 5238 700 5294 Sic
715 5238 976 5311 Beguer.
1014 5244 1072 5311 et
1100 5238 1275 5311 Basil.
1336 5238 1600 5311 Gobler._
1625 5238 1990 5311 etAFelckm.
2043 5241 2070 5296 1

418 5325 620 5392 anon.,
640 5313 701 5366 at
727 5306 899 5392 Angl.
931 5314 998 5392 et.
1020 5310 1277 5392 Fglckm.
1307 5311 1343 5365 2
1371 5306 1895 5383 αῐιοη.,ἀπώληται.
1951 5311 2073 5368 (ἓω-

419 5379 519 5437 ιείο
546 5376 682 5438 eum
735 5376 932 5449 editis,
972 5376 1308 5449 ἀπόλληται·

493 5452 590 5525 72)
639 5452 1091 5527 Sic_Seguer.__et
1140 5453 1311 5509 Basil.
1350 5453 1591 5527 _Anglic.
1650 5453 2009 5527 etiFelckm.
2040 5455 2076 5508 2

424 5519 598 5598 anon.
632 5519 913 5598 Aliicum
944 5524 1117 5581 editis
1149 5519 1539 5598 Καρπηδῶνὸς,
1574 5526 1872 5583 mendose.
1932 5525 2077 5581 Vide

430 5594 662 5655 Homeri
690 5594 831 5652 Iliad
855 5595 927 5651 ll.

495 5666 611 5741 (73)
643 5666 941 5741 Particula
972 5666 1066 5741 μέν
1097 5668 1263 5741 deest
1293 5667 1352 5741 in
1382 5667 1695 5741 Felckm.h3
1725 5684 1901 5725 anon.
1926 5669 2073 5727 Ibid.

425 5734 536 5803 τοὶ
565 5734 879 5817 λεγομενων
909 5734 1073 5799 deest
1100 5740 1161 5800 in
1192 5739 1368 5801 Basil.
1401 5745 1458 5801 et
1501 5739 1731 5833 Anglic.
1762 5741 1908 5801 Ibid.
1944 5758 2077 5819 par-
2148 5777 2168 5794 ν

2187 4720 2463 4776 claudum
2497 4719 2657 4787 ﬁeri;
2693 4720 2847 4792 quis,
2880 4721 3145 4793 inquam,
3198 4721 3318 4776 haec
3367 4722 3581 4778 intueri
3628 4723 3837 4796 possit,

2188 4808 2330 4880 quin
2354 4809 2554 4865 statim
2584 4809 2926 4878 hujusmodi
2954 4810 3194 4866 deorum
3222 4815 3494 4867 naturam
3516 4818 3753 4885 spernat
3773 4830 3839 4869 ac

2184 4898 2490 4971 vituperet,
2523 4898 3012 4972 vehementerque
3042 4898 3316 4972 deinceps
3362 4899 3675 4957 abhorreat
3695 4917 3839 4974 quo-

2185 5018 2461 5107 “031.9%
2498 5024 2661 5107 deest
2688 5022 2748 5079 in
2779 5024 3017 5107 Ssauer-

2256 5096 2369 5168 (74)
2400 5096 2494 5168 Sic
2526 5096 2755 5168 Siguer.
2786 5094 2897 5151 Alii
2928 5113 3071 5152 cum
3102 5096 3298 5163 editis,
3331 5094 3722 5168 δεσμούμενον.

2254 5166 2367 5241 (75)
2397 5166 2641 5223 Dianam
2664 5167 2769 5241 hic
2801 5168 3120 5239 significari
3150 5166 3466 5241 verisimile
3496 5166 3601 5241 est,
3636 5186 3831 5241 quam

2184 5238 2480 5310 Sospitam
2511 5238 2877 5310 appellatam
2893 5255 3022 5295 esse
3052 5242 3322 5296 observat
3350 5240 3572 5296 Natalis
3622 5238 3832 5297 Gomos

2182 5311 2411 5384 Mythol.
2445 5310 2545 5384 lib.
2581 5327 2664 5384 in,
2698 5311 3097 5384 c._18,nempe
3118 5312 3272 5384 quod
3293 5311 3830 5384 parientibusauxi-

2185 5381 2315 5436 liari
2344 5382 2699 5455 crederetur.
2731 5382 2884 5455 Juno
2914 5381 3153 5455 quoque
3176 5381 3409 5455 Sospita
3436 5382 3831 5455 dicebatur,ut

2226 5457 2343 5509 atet
2372 5469 2441 5508 ex
2461 5452 2735 5508 Cicerone
2765 5452 2864 5507 lib.
2898 5452 3021 5509 {De
3054 5452 3169 5509 ’παι
3224 5452 3381 5510 deor:
3439 5459 3496 5511 et
3547 5454 3704 5512 alibi.
3747 5452 3832 5511 'At

2230 5525 2282 5581 ic
2311 5524 2605 5580 Junonem
2640 5542 2763 5599 non_
2784 5524 3028 5599 intelligi
3062 5524 3439 5599 manifestum
3469 5526 3833 5599 est,quiaJu-

2188 5613 2260 5652 no
2287 5612 2452 5675 soror
2474 5599 2712 5675 etuxor
2739 5596 3064 5675 Joviserat,
3110 5614 3225 5653 non
3277 5596 3419 5654 filia.
3472 5596 3673 5675 qualis
3709 5602 3836 5657 erat

2186 5682 2313 5743 qua
2346 5666 2440 5725 hic
2470 5664 2718 5745 Σώτειρα
2737 5664 3083 5744 appellatur.
