4160 6386
308 426 383 492 27
845 427 912 490 8.
959 421 1390 486 ATHANASII
1434 419 1608 489 OPP.
1655 418 1858 482 PARS
1905 413 1951 481 Ι.
1988 453 2066 463 -
2097 415 2515 481 HISTORIGA
2562 413 2664 481 ET
2707 413 3190 482 DOGMATICA.
3645 415 3726 484 28

308 565 506 622 minus
527 563 668 618 deos
697 559 827 616 illos
857 574 985 615 esse
1013 557 1188 621 dicat,
1212 555 1311 610 sed
1344 553 1537 626 potius
1567 569 1701 609 cum
1751 568 1945 608 corru-

2063 550 2152 604 καὶ
2199 547 2474 619 παθητοῦς
2522 548 2715 612 αὐτοὺς
2776 549 3009 621 ἀκούων,
3052 546 3205 606 ούδὶν
3258 544 3398 607 ἄλλο
3429 551 3465 620 ἢ
3512 552 3724 627 ἀνθρώ-

308 654 493 729 ptioni
524 653 819 724 subjectos
849 653 907 705 et
936 645 1192 720 patibilis
1223 651 1441 700 natura:
1492 660 1620 700 esse
1651 641 1950 698 intellexe-

309 747 406 811 rit,
439 741 587 800 nihil
615 741 869 814 profecto
893 737 1048 793 aliud
1081 752 1178 792 eos
1209 751 1385 806 quam
1434 733 1727 798 homines,
1776 737 1951 804 atque

307 832 627 891 imbecilles
659 829 926 886 homines
956 841 1084 882 esse
1135 829 1432 896 agnoscet,
1457 822 1766 894 magisque
1816 820 1951 877 illos

307 924 408 997 qui
443 921 764 986 vulnerant,
799 933 976 990 quam
1010 914 1109 987 qui
1141 913 1542 982 vulnerantur,
1567 912 1702 982 jure
1732 915 1789 965 et
1824 925 1950 964 me-

306 1015 419 1069 rito
463 1005 892 1067 admirabitur?
938 1004 1080 1069 Quis
1129 1003 1267 1058 item
1315 1000 1518 1056 Martis
1565 1017 1697 1056 cum
1729 999 1950 1055 Venere

305 1100 679 1169 adulterium,
714 1100 771 1153 et
799 1096 1033 1166 utrique
1064 1096 1297 1166 paratas
1328 1107 1361 1146 a
1389 1089 1647 1145 Vulcano
1679 1088 1948 1158 insidias,

305 1192 567 1262 aliosque
595 1205 746 1262 quos
783 1189 995 1241 vocant
1024 1185 1162 1239 deos
1210 1181 1282 1237 ad
1313 1181 1501 1252 stupri
1551 1177 1948 1251 spectaculum

304 1283 378 1339 ab
407 1282 612 1338 eodem
641 1276 902 1333 Vulcano
933 1271 1248 1329 accersitos
1281 1270 1613 1334 adventare,
1647 1266 1949 1323 etillorum

304 1368 736 1444 impudicitiam
768 1363 1031 1421 contueri
1076 1358 1462 1432 conspiciens,
1521 1358 1707 1413 risum
1755 1362 1950 1413 tenere

301 1465 497 1534 queat,
527 1473 742 1528 eosque
774 1470 889 1509 non
921 1451 1088 1507 valde
1115 1449 1507 1522 aspernetur?
1535 1447 1676 1513 Quis
1709 1463 1822 1502 non
1872 1445 1947 1500 ri-

300 1553 454 1620 deat,
487 1548 537 1605 si
567 1543 872 1602 Herculem
892 1539 1103 1597 viderit
1123 1555 1240 1611 prie
1259 1537 1536 1594 ebrietate
1556 1535 1867 1592 libidinose
1887 1534 1947 1590 in

300 1636 649 1711 Omphalem
679 1630 984 1690 insanire?
1013 1629 1158 1684 Nam
1188 1626 1504 1682 libidinosa
1524 1624 1757 1681 illorum
1786 1628 1950 1697 gesta

301 1727 796 1802 turpissimosque
816 1736 1065 1785 amores,
1097 1734 1164 1773 ac
1195 1733 1398 1772 eorum
1448 1714 1735 1787 imagines
1781 1729 1948 1780 auro,

302 1821 566 1891 argento,
597 1831 727 1884 azre,
759 1813 930 1882 ferro,
962 1807 1259 1880 lapidibus
1289 1810 1346 1862 et
1393 1803 1570 1878 lignis
1616 1818 1944 1876 expressas,

302 1906 449 1964 nihil
475 1909 566 1962 est
594 1921 698 1959 cur
727 1903 994 1958 accurate
1025 1895 1468 1969 reprehendam,
1502 1910 1637 1950 cum
1669 1909 1762 1950 res
1809 1893 1947 1965 ipsa:

301 2013 370 2053 ex
400 2011 527 2052 sese
551 1989 916 2049 exsecranda
948 1987 1089 2053 sint,
1122 1990 1180 2040 et
1209 1983 1580 2040 manifestam
1603 1982 1817 2038 erroris
1850 1997 1950 2038 no-

302 2086 425 2142 tam
458 2084 730 2140 habeant.
763 2081 887 2145 Qua
913 2092 1054 2132 sane
1085 2075 1143 2130 in
1175 2091 1257 2140 re,
1289 2089 1515 2141 eorum,
1547 2071 1648 2144 qui
1705 2071 1799 2127 his
1842 2069 1948 2126 fal-

254 2162 463 2232 .laciis
494 2173 876 2236 seducuntur,
936 2164 1187 2221 maxime
1231 2162 1494 2218 misereri
1542 2162 1828 2218 convenit.
1882 2161 1949 2217 Hi

299 2265 457 2322 enim
489 2262 589 2335 qui
623 2259 975 2326 adulterum,
1009 2254 1108 2328 qui
1123 2255 1192 2309 ad
1218 2254 1480 2326 ipsorum
1507 2268 1744 2306 uxorem
1770 2253 1948 2309 aude-

299 2359 388 2410 ret
419 2351 713 2416 accedere,
746 2346 1001 2402 maximo
1032 2343 1164 2399 odio
1214 2343 1727 2414 prosequerentur,
1779 2338 1946 2394 adul-

299 2440 429 2498 terii
461 2438 775 2511 magistros
806 2435 945 2490 deos
977 2433 1163 2488 facere
1196 2447 1310 2486 non
1340 2433 1650 2485 verentur:
1695 2444 1949 2499 cumque

302 2530 414 2602 ipsi
447 2545 582 2584 cum
625 2525 925 2583 sororibus
975 2523 1070 2576 ll
1125 2517 1494 2576 commisceri
1544 2516 1948 2584 reformidant,

301 2636 398 2677 eos
430 2618 529 2690 qui
561 2617 817 2688 idipsum
855 2613 1094 2677 faciunt,
1124 2612 1508 2665 venerantur:
1543 2606 1644 2678 qui
1675 2607 1846 2662 fidem
1861 2606 1948 2661 ni-

301 2707 624 2765 hilominus
653 2704 852 2760 colunt
883 2701 980 2772 qui
1011 2701 1257 2770 hujusce
1288 2697 1491 2770 ﬂagitii
1525 2695 1605 2752 rei
1633 2712 1762 2752 esse
1809 2713 1950 2768 prae-

304 2799 704 2853 dicanturzac
763 2791 1015 2862 denique
1070 2805 1157 2856 ea,
1219 2803 1345 2858 qua:
1399 2785 1556 2857 leges
1608 2784 1950 2841 hominibus

305 2885 645 2959 prohibent,
678 2880 822 2949 suis,
857 2884 922 2935 ut
950 2876 1267 2951 appellant,
1301 2875 1415 2931 diis
1444 2891 1560 2931 non
1592 2874 1951 2932 erubescunt

305 2975 614 3032 ascribere.

377 3065 465 3120 13.
498 3066 780 3118 Ρνωῐειιεε
810 3073 944 3115 cum
977 3055 1202 3128 lapides
1234 3060 1290 3111 et
1335 3055 1498 3130 ligna
1531 3056 1796 3124 adorant,
1833 3073 1948 3112 non

301 3155 612 3212 attendunt
640 3167 702 3207 se
723 3167 816 3206 res
837 3163 1080 3221 prorsus
1093 3145 1315 3202 similes
1338 3145 1584 3218 pedibus
1608 3147 1950 3205 conculcare

2061 660 2198 702 πους
2247 639 2558 710 αὐτους,καὶ
2616 639 2928 716 ἀνθρώπους
2988 642 3100 714 (76)
3133 641 3369 703 ἀσθενεῖς
3427 640 3725 717 ἐπιγνώσε-

2060 749 2168 799 ται,
2217 729 2306 783 καὶ
2360 725 2572 800 μᾶλλον
2620 729 2749 792 τοὺς
2797 730 3108 805 τρώσαντας
3168 730 3201 799 ἢ
3247 729 3375 794 τοὺς
3421 731 3722 803 τρωθέντας

2067 819 2381 892 θαυμάσειεν
2411 836 2424 886 ;
2456 824 2520 873 Ἠ
2549 817 2655 886 τίς,
2706 816 2832 874 ἰδὼν
2881 820 2982 888 τήν
3032 826 3228 894 ’Ἀρεος
3278 821 3416 896 πρὸς
3467 817 3722 899 Ἀφροδί-

2058 927 2156 976 την
2193 906 2464 982 μοιχείαν,
2496 908 2585 962 καὶ
2631 907 2720 961 τὸν
2772 907 3064 985 Ἡφαίστου
3094 909 3212 964 κατ’
3261 908 3588 988 ἀμφοτέρων
3617 931 3720 965 κα-

2056 995 2515 1070 τασκευαζόμενον
2565 994 2763 1070 δόλον,
2809 997 2898 1052 καὶ
2946 996 3072 1059 τοὺς
3126 995 3334 1061 ἄλλους
3381 997 3720 1075 λεγομένους

2059 1084 2210 1147 θεοὺς
2267 1083 2352 1140 ἐπὶ
2403 1086 2523 1140 θέαν
2555 1094 2658 1156 τῆς
2712 1086 2966 1163 μοιχείας
3009 1087 3111 1142 ὑπὸ
3157 1091 3254 1142 τοῦ
3304 1088 3596 1166 Ἡφαίστου
3624 1111 3721 1145 κα-

2060 1173 2384 1248 λουμένους,
2417 1177 2506 1230 καὶ
2555 1175 2752 1238 αὐτούς
2802 1176 3160 1253 ἐρχομένους,
3210 1178 3300 1232 καὶ
3350 1179 3588 1255 ὁρῶντας
3620 1178 3718 1236 αύ-

2057 1267 2164 1318 τῶν
2195 1265 2294 1333 την
2346 1262 2650 1338 ἀσέλγειαν,
2685 1265 2784 1320 οὐκ
2831 1266 2890 1319 ἃν
2938 1265 3187 1341 γελάσειε
3233 1268 3323 1322 καὶ
3370 1269 3718 1344 καταγνώσε-

2056 1373 2145 1406 ται
2175 1359 2274 1422 τῆς
2307 1351 2650 1431 φαυλότητος
2701 1354 2876 1410 αὐτῶν
2911 1373 2924 1424 ;
2957 1356 3028 1412 ’Ή
3075 1354 3160 1418 τίς
3213 1355 3311 1411 οὐκ
3351 1357 3410 1411 ἂν
3442 1355 3722 1432 γελάσειεν

2062 1442 2203 1516 ὁρῶν
2252 1443 2352 1511 τὴν
2386 1441 2716 1516 Ἡρακλέους
2764 1445 2901 1518 πρὸς
2949 1446 3049 1514 τὴν
3102 1443 3388 1524 Ὀμφάλην
3440 1446 3498 1501 ἐκ
3549 1448 3720 1520 μέθης

2060 1531 2480 1610 παραφροσύνην
2532 1533 2622 1588 καὶ
2683 1534 2914 1589 ἀσωτίαν
2963 1555 2976 1604 ;
3018 1536 3121 1598 Τὰς
3179 1536 3283 1612 γὰρ
3342 1538 3459 1592 καθ’
3511 1535 3718 1609 ἡδονὴν

2061 1621 2232 1677 αὐτῶν
2268 1622 2504 1698 πράξεις,
2554 1622 2643 1677 καὶ
2691 1623 2820 1686 τοὺς
2868 1622 3221 1700 παραλόγους
3271 1625 3444 1682 αὐτῶν
3488 1625 3718 1703 ἔρωτας,

2058 1711 2148 1767 καὶ
2176 1713 2270 1773 τὰς
2307 1711 2356 1766 ἐν
2390 1715 2581 1788 χρυσῷ
2609 1713 2697 1767 καὶ
2749 1712 2994 1790 ἀργύρῳ,
3045 1714 3135 1787 καὶ
3185 1713 3382 1791 χαλκῷ
3429 1718 3518 1772 καὶ
3560 1714 3720 1789 σιδή-

2061 1819 2162 1876 ρῳ,
2215 1801 2304 1855 καὶ
2355 1798 2531 1864 λίθοις
2584 1802 2673 1856 καὶ
2724 1801 2911 1874 ξύλοις
2959 1801 3341 1874 θεοπλαστίας,
3386 1805 3448 1862 ού
3503 1803 3586 1862 δεῖ
3633 1805 3716 1862 δι-

2061 1887 2310 1966 ελέγχειν
2348 1891 2483 1963 μετὰ
2529 1888 2903 1961 σπουδῆς,τῶν
2954 1894 3290 1968 πραγμάτων
3339 1893 3429 1949 καὶ
3470 1895 3560 1973 ἀφ’
3592 1897 3713 1951 έαυ-

2056 1983 2162 2033 τῶν
2197 1978 2434 2056 ἐχόντων
2478 1981 2542 2034 τὸ
2575 1984 2744 2054 μῦσος
2769 1984 2904 2055 (77),
2935 1980 3025 2037 καί
3059 1980 3128 2037 δι’
3177 1983 3380 2038 ἑαυτῶν
3416 1982 3714 2042 ἐπιδεικνυ-

2063 2069 2235 2142 μένων
2264 2069 2326 2123 τὸ
2354 2076 2456 2138 τῆς
2485 2067 2697 2140 πλάνης
2743 2072 3027 2145 γνώρισμα
3062 2091 3072 2102 ·
3107 2070 3186 2150 ἐφ’
3235 2074 3316 2136 οἷς
3361 2072 3598 2148 μάλιστα
3624 2076 3714 2131 καὶ

2059 2158 2443 2234 οἶκτειρήσειεν
2476 2159 2535 2213 ἅν
2565 2180 2649 2222 τις
2680 2159 2808 2222 τοὺς
2850 2161 3242 2236 ἀπατωμένους
3265 2175 3268 2178 ’
3295 2161 3347 2218 ἐν
3395 2162 3606 2228 αὐτοῖς.
3638 2167 3714 2240 Τῇ

2059 2249 2161 2324 γὰρ
2193 2248 2394 2302 ἑαυτῶν
2436 2249 2650 2324 γυναικὶ
2708 2253 2987 2322 μισοῦντες
3041 2252 3134 2306 τὸν
3185 2247 3719 2328 ὃτὶιϐαίνονταίμοι-
3763 2265 3772 2268 “

2058 2338 2181 2413 χὸν,
2211 2338 2338 2400 τοὺς
2363 2345 2464 2408 τῆς
2501 2340 2752 2415 μοιχείας
2785 2336 3144 2403 διδασκάλους
3187 2343 3598 2407 θεοποιοῦντες
3621 2343 3719 2400 οὒκ
3747 2347 3780 2376 ’λ

2060 2425 2426 2503 αἰσχύνονται·
2459 2427 2549 2482 καὶ
2596 2433 2717 2490 ταῖς
2766 2426 3026 2509 ἀδελφαῖς
3077 2431 3232 2488 αὐτοὶ
3284 2432 3384 2488 οὐκ

2063 2537 2214 2590 μενοι
2261 2518 2375 2589 (78)
2412 2515 2540 2578 τοὺς
2583 2521 2743 2572 τοῦτο
2793 2521 3126 2590 ποιήσαντας
3180 2516 3566 2597 προσκονοῧσιο
3625 2524 3742 2579 καὶ
3775 2541 3789 2558 -‘

2059 2605 2463 2681 ὁμολογοῦντες
2499 2608 2630 2660 εῖναι
2660 2607 2840 2682 κακὸν.
2872 2610 2972 2677 τήν
3021 2605 3713 2688 παιδοφθορίαῆ,’τοῖιςίέπὶ
3794 2647 3800 2652 -

2056 2694 2223 2768 ταύτῃ
2281 2690 2752 2768 διαϐαλλομένους
2811 2685 3211 2772 θρησκεύουσι(
3243 2685 3335 2753 κάς
3455 2693 3613 2772 ’μηδδ
3658 2699 3711 2755 έν

2058 2784 2362 2858 ἀνθρώποις
2418 2784 2550 2838 εἶναι
2588 2783 2962 2858 ἐπιτρέπουσιν
3009 2788 3061 2842 οἱ
3117 2787 3278 2861 νόμοι
3307 2811 3340 2858 ,’
3378 2793 3548 2844 ταῦτα
3583 2795 3714 2852 τοῖς

2061 2873 2147 2929 ὑπ’
2180 2873 2352 2928 αὐτῶν
2389 2873 2817 2947 ὀνομαζομένοις
2860 2877 2973 2948 (79)
3013 2877 3157 2939 θεοῖς
3210 2879 3570 2952 περιτιθέντες
3616 2878 3715 2935 οὐκ

2061 2962 2398 3039 ἐρυθριῶσιν.

2132 3055 2218 3109 13.
2253 3053 2385 3107 Εἶτα
2412 3057 2839 3128 προσκυνοῦντες
2872 3053 3051 3116 λίθοις
3097 3055 3187 3110 καὶ
3221 3053 3407 3126 ξύλοις
3438 3059 3572 3132 (80),
3607 3057 3715 3134 οὐχ

2059 3144 2278 3217 ὁρῶσιν,
2311 3141 2392 3196 δτι
2423 3143 2488 3196 τα
2519 3142 2611 3215 μὲν
2645 3141 2813 3216 ὅμοια
2840 3147 2959 3206 τοῖς
3006 3142 3138 3198 ποσί
3186 3149 3415 3200 πατοῦσι
3465 3145 3553 3202 καί
3596 3147 3713 3202 καί-

299 3251 354 3301 et
384 3243 749 3307 comburere,
781 3254 1031 3312 quarum
1064 3241 1260 3310 partes
1290 3235 1431 3291 deos
1479 3242 1842 3310 nuncupant,
1892 3242 1945 3294 et

2059 3253 2197 3302 ουσι,
2227 3233 2294 3286 τὰ
2325 3228 2382 3286 δὲ
2429 3230 2636 3286 τούτων
2677 3232 2812 3308 μέρη
2865 3231 3018 3295 θεοὺς
3075 3233 3541 3310 προσαγορεύουσι
3579 3256 3593 3268 °
3625 3235 3718 3292 καί

300 3351 425 3406 quae
457 3331 628 3405 paulo
659 3335 796 3386 ante
824 3327 882 3383 in
909 3343 1083 3382 usum
1116 3325 1513 3394 assumebant,
1573 3325 1692 3381 haec
1741 3327 1944 3382 eadem

2057 3321 2090 3375 ἆ
2121 3321 2226 3395 πρὸ
2260 3318 2454 3395 ὀλίγου
2489 3319 2564 3382 είς
2612 3306 2810 3396 χρῆσιν
2864 3321 3039 3396 εἶχον,
3087 3306 3276 3378 ταῦτα’
3303 3306 3393 3378 διὰ
3437 3346 3716 3404 παραφρο-

298 3421 529 3494 sculpta
579 3418 924 3491 insipienter
975 3415 1279 3472 venerari:
1333 3429 1461 3486 quea
1507 3415 1649 3470 dum
1696 3415 1943 3487 faciunt,

299 3529 413 3568 non
428 3516 580 3566 certe
601 3509 911 3564 advertunt
928 3522 1031 3562 nec
1054 3504 1294 3561 omnino
1312 3505 1566 3576 cogitant
1581 3521 1642 3560 se
1669 3523 1779 3562 non
1805 3507 1946 3563 deos

297 3602 399 3658 sed
430 3599 713 3656 caalatoris
734 3604 918 3653 artem
947 3596 1208 3651 adorare.
1234 3594 1536 3665 Siquidem
1560 3595 1818 3666 quandiu
1840 3597 1946 3652 im-

296 3689 516 3762 politus
545 3692 635 3743 est
654 3686 805 3758 lapis
834 3690 891 3740 et
919 3684 1165 3740 materia
1195 3683 1380 3753 rudis,
1420 3683 1625 3738 tandiu
1673 3683 1788 3740 ista
1835 3685 1947 3740 cal-

298 3782 433 3834 cant
464 3782 521 3833 et
547 3777 618 3832 ad
650 3792 790 3831 suos
823 3789 970 3845 saepe
1000 3789 1146 3828 usus
1174 3771 1350 3827 etiam
1379 3771 1610 3828 viliores
1640 3773 1941 3831 adhibent.

300 3869 445 3923 Cum
474 3882 608 3921 vero
639 3866 806 3918 fictor
835 3867 1024 3917 artem
1055 3877 1226 3916 suam
1257 3862 1315 3914 in
1347 3860 1464 3916 iliis
1493 3865 1833 3933 exercuerit,
1889 3871 1946 3922 et

293 3955 401 4010 viri
429 3953 517 4009 vel
552 3952 815 4008 mulieris
865 3952 1051 4006 forma
1107 3949 1413 4005 materiam
1464 3950 1751 4022 ﬁgurarit,
1803 3958 1943 4011 tunc

292 4042 512 4118 gratias
543 4045 725 4115 agunt
753 4038 983 4103 artiﬁci,
1007 4039 1253 4109 jamque
1285 4041 1347 4092 ut
1376 4038 1515 4094 deos
1543 4040 1762 4110 colunt,
1795 4060 1943 4115 quos

299 4133 566 4188 mercede
615 4147 648 4185 a
703 4128 966 4184 calatore
1022 4130 1310 4182 emerunt.
1369 4127 1700 4190 Quinetiam
1754 4132 1942 4204 ﬁctor,

296 4220 466 4294 quasi
497 4219 714 4277 oblitus
746 4235 871 4290 qua:
903 4218 1027 4289 ipse
1047 4215 1366 4282 fabricavit,
1396 4218 1646 4288 pr0priis
1667 4222 1942 4292 operibus

293 4309 610 4382 supplicat,
638 4313 695 4364 et
721 4325 848 4380 quae
882 4305 1053 4380 paulo
1077 4309 1209 4360 ante
1231 4305 1527 4378 scalpebat
1547 4311 1603 4363 et
1627 4309 1940 4380 incidebat,

292 4400 413 4455 hec
445 4401 669 4466 eadem,
705 4397 956 4470 perfecto
987 4412 1178 4470 opere,
1215 4397 1354 4452 deos
1386 4397 1624 4454 salutat.
1657 4401 1834 4473 Atqui
1892 4403 1942 4459 si

291 4489 392 4544 illa
421 4488 807 4544 admiratione
837 4487 1015 4558 digna
1045 4491 1232 4554 erant,
1267 4487 1554 4544 caalatoris
1586 4505 1725 4546 sane
1757 4494 1941 4548 artem

288 4578 529 4634 laudare
555 4583 612 4633 et
637 4575 934 4644 admirari,
969 4592 1084 4632 non
1119 4580 1313 4632 autem
1346 4593 1470 4649 quas
1497 4578 1632 4634 ficta
1661 4585 1828 4636 erant
1871 4581 1939 4636 fi-

2058 3411 2216 3482 σύνην
2263 3407 2567 3486 γλύψαντες
2617 3405 2904 3465 σέϐουσιν·
2967 3410 3072 3488 οὐχ
3130 3413 3384 3486 ὁρῶντες,
3442 3411 3566 3470 οὐδὲ
3620 3413 3714 3470 λο-

2055 3500 2337 3576 γιζόμενοι
2363 3499 2426 3554 τὸ
2459 3497 2706 3570 σύνολον,
2740 3498 2823 3553 ὅτι
2855 3499 2916 3554 οὗ
2961 3499 3138 3565 θεοὺς,
3190 3499 3336 3556 ἀλλὰ
3380 3504 3480 3572 τήν
3511 3504 3712 3580 τέχνην

2053 3594 2149 3644 τοῦ
2180 3587 2488 3665 γλύψαντος
2533 3593 2946 3664 προσκυνοῦσιν.
2992 3592 3136 3652 Ἕως
3191 3591 3284 3663 μὲν
3339 3595 3442 3669 γὰρ
3491 3591 3710 3663 ἅξυστός

2055 3679 2192 3734 ἐστιν
2228 3679 2256 3733 ὁ
2288 3675 2462 3744 λίθος,
2494 3677 2583 3731 καὶ
2613 3679 2647 3746 ἡ
2683 3675 2788 3746 ὕλη
2819 3679 2984 3753 ἀργὴ,
3009 3677 3096 3733 ἐπὶ
3118 3683 3380 3734 τοσοῦτον
3411 3685 3578 3736 ταῦτα
3606 3703 3710 3737 τια-

2053 3773 2224 3839 τοῦσι,
2257 3767 2346 3822 καὶ
2375 3764 2590 3828 τούτοις
2621 3765 2696 3827 εἰς
2731 3766 3026 3842 ὑπηρεσίας
3051 3769 3148 3830 τὰς
3180 3769 3382 3824 ἑαυτῶν
3434 3768 3708 3835 πολλάκις

2053 3857 2264 3918 καὶτὰς
2326 3855 2650 3931 ἀτιμοτέρας
2703 3860 2963 3931 χρῶνται·
3020 3855 3233 3912 ἐπειδὰν
3287 3855 3343 3914 δὲ
3393 3860 3422 3914 ὁ
3454 3859 3711 3937 τεχνίτης

2054 3945 2132 4008 είς
2179 3945 2313 4000 αὐτὰ
2353 3950 2456 4012 τῆς
2515 3941 2655 4006 ἰδίας
2700 3942 3010 4018 ἐπιστήμης
3060 3941 3296 4021 ἐπιϐάλῃ
3345 3949 3442 4011 τὰς
3502 3971 3712 4023 συμμε-

2051 4035 2228 4111 τρίας,
2259 4034 2348 4088 καὶ
2376 4029 2568 4105 ἀνδρὸς
2599 4033 2634 4101 ἢ
2665 4033 2916 4107 γυναικὸς
2966 4034 3042 4096 εἷς
3087 4036 3186 4104 τὴν
3219 4034 3359 4108 ὕλην
3400 4045 3595 4114 σχῆμα
3620 4059 3710 4093 τυ-

2052 4125 2230 4198 πώσῃ,
2287 4123 2412 4178 τότε
2470 4119 2562 4192 δὴ,
2612 4123 2773 4198 χάριν
2825 4121 3272 4200 ὁμολογήσαντες
3328 4131 3409 4199 τῷ
3465 4126 3708 4202 τεχνίτῃ,

2051 4212 2244 4268 λοιπὸν
2278 4212 2353 4274 ὡς
2384 4210 2538 4273 θεοὺς
2587 4217 2970 4288 προσκυνοῦσι,
3020 4214 3212 4287 μισθοῦ
3243 4216 3390 4289 παρὰ
3427 4221 3526 4271 τοῦ
3578 4213 3711 4292 γλύ-

2052 4305 2250 4376 ψαντος
2290 4300 2483 4364 αὐτοὺς
2528 4300 2912 4377 ἀγοράσαντες.
2966 4300 3253 4358 ΙΙολλάκισ
3298 4301 3355 4359 δὲ
3403 4307 3494 4360 καὶ
3551 4304 3710 4367 αὐτὸς

2053 4395 2082 4448 ὁ
2115 4390 2584 4468 ἀγαλματοποιὸς,
2616 4390 2795 4468 ὥσπερ
2839 4389 3234 4466 ἐπιλαθόμενος
3282 4394 3357 4448 ὦν
3407 4394 3568 4457 αὐτὸς
3599 4394 3708 4469 εἰρ-

2051 4483 2274 4558 γάσατο,
2321 4486 2439 4543 τοῖς
2486 4477 2648 4543 ἰδίοις
2693 4477 2877 4557 έργοις
2926 4481 3309 4559 προσεύχεται·
3365 4483 3453 4537 καὶ
3513 4483 3546 4536 ἃ
3602 4482 3709 4558 πρὸ

2053 4570 2247 4648 ὀλίγου
2277 4571 2488 4642 κατέξεε
2515 4571 2604 4625 καὶ
2651 4571 2967 4642 κατέκοπτε,
2998 4575 3169 4626 ταῦτα
3216 4573 3348 4646 μετὰ
3371 4573 3471 4640 τήν
3501 4572 3705 4646 τέχνην

291 4669 437 4724 ctori
472 4669 740 4740 praeferre
771 4667 1032 4723 decebat.
1059 4667 1363 4738 Siquidem
1396 4685 1510 4723 non
1543 4671 1789 4726 materia
1845 4688 1936 4727 ar-

2057 4661 2198 4726 )εοὺς
2255 4659 2668 4737 προσαγορεύει.
2727 4657 2875 4716 Ἔδει
2931 4659 3023 4731 δὲ,
3085 4658 3234 4737 εἷ’περ
3294 4661 3360 4731 ἦν
3415 4662 3706 4735 θαυμάζειν

292 4761 410 4813 tem
447 4759 544 4814 sed
576 4753 669 4813 ars
699 4756 998 4812 materiam
1029 4757 1254 4812 ornavit
1287 4761 1344 4813 et
1372 4758 1546 4814 deum
1579 4759 1727 4818 fecit.
1754 4759 1938 4819 Multo

291 4846 472 4920 igitur
490 4845 714 4918 aequius
735 4850 860 4902 erat
891 4844 1109 4902 abillis
1139 4845 1245 4901 coli
1281 4846 1585 4917 artificem,
1642 4865 1821 4920 quam
1869 4867 1938 4908 ea

291 4952 418 5008 quae
449 4937 574 5008 ipse
597 4936 830 5006 fecerat,
862 4940 989 4991 tum
1045 4935 1185 5007 quia
1239 4935 1363 5007 ipse
1421 4935 1536 4992 diis
1585 4943 1707 4994 arte
1767 4940 1936 4996 factis

290 5030 550 5098 tempore
580 5025 739 5097 prior
757 5029 864 5090 est,
896 5028 1024 5080 tum
1055 5024 1212 5096 quia.
1257 5029 1322 5079 ut
1364 5024 1565 5094 voluit,
1600 5026 1683 5082 sic
1727 5027 1812 5083 illi
1861 5031 1939 5086 ef-

284 5105 418 5161 fecti
449 5111 606 5162 sunt.
639 5111 805 5161 Nunc
834 5121 986 5172 vero,
1021 5107 1232 5175 rejecta
1264 5106 1937 5182 equitate,scicntiaque

286 5197 342 5251 et
366 5199 488 5252 arte
517 5193 889 5268 posthabitis,
923 5210 991 5250 ea
1021 5185 1267 5250 adorant
1295 5210 1422 5265 quae
1454 5195 1701 5252 scientia
1731 5203 1784 5254 et
1813 5205 1938 5256 arte

363 5337 475 5462 $76)
509 5337 603 5393 Hae
632 5355 804 5394 voces
852 5333 1068 5406 αύτούς,
1101 5335 1192 5389 καὶ
1251 5335 1567 5463 ἀνθὲὡπους
1615 5340 1829 5398 desunt
1875 5345 1935 5402 in

292 5407 364 5463 Fe
391 5409 543 5463 ckm.
575 5412 608 5463 3
639 5427 812 5463 anon.
848 5415 903 5463 et
930 5409 1152 5463 Anglic.
1216 5410 1278 5463 In
1387 5412 1571 5463 ubler.
1631 5419 1827 5463 autem
1879 5423 1935 5463 at

294 5411 543 5465 Felckm.
575 5412 608 5465 3
639 5427 812 5466 anon.
848 5415 903 5465 et
930 5411 1152 5482 Anglic,
1216 5411 1278 5463 ln
1336 5411 1571 5464 Gubler.
1631 5419 1829 5470 autem
1879 5423 1938 5475 et

294 5478 546 5556 Felclimr.
580 5484 604 5535 1
640 5499 790 5556 anon
822 5481 1037 5537 desunt
1066 5485 1293 5536 tantum
1318 5480 1409 5534 καὶ
1440 5479 1777 5556 ἀνθρώπους·

508 5553 756 5625 Anglic.,
795 5562 970 5625 μῖσος.

363 5622 474 5714 ς78)
504 5621 833 5714 ,Segue‘rji
857 5621 1308 5714 esttﬁtqyépsvo:
1373 5624 1628 5714 Grobler.,
1660 5699 1672 5714 ’
1715 5625 1936 5714 ἐπισμιτ

289 5677 566 5779 γνιξμενυιῖ
586 5677 951 5769 ‘Baaia'posr
966 5677 1220 5755 lfelck‘m.
1248 5677 1289 5754 *3
1319 5677 1940 5772 αοόὶιῖἶάέήγᾝεὶὲει

288 5767 387 5830 ubi
419 5765 516 5828 alii
547 5765 733 5828 κακόν.

2044 4756 2229 4824 ταῦτα,
2262 4752 2361 4820 τὴν
2391 4754 2489 4806 τοῦ
2520 4749 2886 4824 ἐπιστήμονος
2932 4751 3134 4827 τέχνην
3185 4747 3584 4826 ἀποδέχεσθαι,
3616 4750 3707 4806 καὶ

2049 4842 2124 4915 μὴ
2158 4841 2222 4896 τὰ
2254 4841 2342 4895 ὑπ’
2391 4839 2555 4894 αὐτοῦ
2604 4837 2911 4894 πλασθέντα
2955 4844 3051 4894 τοῦ
3097 4840 3467 4912 πεποιηκότος
3515 4859 3708 4915 προτι-

2049 4935 2173 5004 μᾷν.
2209 4929 2281 4984 Οὐ
2330 4930 2433 5005 γὰρ
2484 4930 2518 4998 ἡ
2570 4925 2676 4998 ὕλη
2725 4929 2824 4998 τήν
2876 4930 3101 5006 τέχνην,
3156 4927 3281 4983 ἀλλ’
3330 4932 3365 4999 ἡ
3405 4930 3572 5006 τέχνη
3605 4930 3706 4999 τὴν

2045 5019 2185 5091 ὕλην
2237 5018 2508 5093 ἐκόσμησε
2548 5017 2637 5073 καὶ
2687 5017 3038 5090 ἐθεοποίησε.
3093 5016 3299 5091 Πολλῷ
3347 5018 3436 5074 οὗν
3493 5015 3704 5092 μᾶλλον

2047 5107 2378 5186 δικαιότερον
2411 5108 2477 5177 ἦν
2510 5108 2600 5162 τὸν
2633 5107 2888 5183 τεχνίτην
2940 5106 3134 5169 αὐτοὺς
3183 5113 3524 5185 προσκυνεῖν,
3562 5104 3705 5184 ἤπερ

2042 5200 2110 5253 τὰ
2141 5199 2229 5253 ὑπ’
2259 5197 2422 5252 αὐτοῦ
2481 5198 2844 5270 πεποιημένα,
2879 5196 2960 5252 ὅτι
3003 5217 3063 5252 τε
3103 5197 3193 5251 καὶ
3236 5203 3567 5273 προϋπῆρχε
3595 5199 3702 5251 τῶν

2116 5344 2230 5416 (79)
2261 5343 2478 5400 Omnes
2499 5341 2592 5398 hic
2624 5343 2853 5400 addunt
2882 5342 3017 5396 εἰναι
3043 5347 3254 5416 praeter
3281 5357 3395 5399 ms.
3446 5339 3703 5397 Felckm.

2046 5417 2079 5471 3
2110 5433 2359 5556 ῗὲὥηῐῖαἷ
2383 5482 2567 5554 ξύλοις
2587 5486 2802 5544 desunt
2832 5488 2889 5543 in
2918 5487 3156 5556 Seguer.
3193 5487 3352 5542 Idem
3369 5446 3550 5556 paulo
3574 5486 3707 5556 post

2116 5503 2249 5613 (ξςυᾶ
2263 5503 2359 5540 hat
2383 5503 2567 5554 ξύλοις
2587 5503 2802 5572 desunt
2832 5504 2889 5572 ip
2918 5503 3156 5614 seguer.
3195 5503 3352 5542 luem
3375 5503 3550 5611 paulo
3574 5503 3704 5556 post

2046 5555 2996 5683 3323.530???e‘iblai‘ié‘trﬁf’
3030 5577 3060 5683 ῗ
3101 5555 3316 5683 όεῖιξέἓῖ·
3351 5560 3547 5683 eiii?
3595 5571 3704 5683 Εέῗ

2044 5625 2560 5762 ἒάιοῖσιίῦουιθτ.
2619 5635 2677 5688 et
2729 5625 3055 5690 Felckmll
3119 5625 3294 5688 anon.
3351 5625 3528 5698 ξέουσι
3595 5625 3703 5685 ha-

2088 5719 2159 5760 en
2193 5744 2206 5762 .
