4160 6398
316 383 387 441 31
858 379 925 438 S.
971 373 1402 438 ATHANASII
1448 371 1622 436 OPP.
1666 371 1868 435 PARS
1912 371 1962 434 Ι.
1994 407 2072 418 -
2102 369 2521 435 HISTORICA
2568 373 2666 434 ET
2709 365 3193 434 DOGMATICA.
3657 369 3741 450 33

315 513 590 584 reliquam
617 525 740 566 vero
774 513 998 580 partem
1051 507 1308 563 adoravit
1362 506 1550 562 dicens
1573 525 1590 559 :
1643 506 1812 574 Eripe
1858 520 1961 573 me,

2218 502 2386 574 αὐτῷ,
2433 503 2494 558 τὸ
2555 499 2612 558 δὲ
2664 499 2849 558 λοικὸν
2907 501 3225 577 εἰργάσαντο
3279 499 3357 563 είς
3415 502 3590 572 θεους,
3644 499 3738 556 καὶ

317 603 451 675 quia
476 601 618 656 Deus
649 615 798 655 meus
817 614 875 654 es
907 607 983 654 tu.
1015 598 1340 652 Nescierunt
1358 611 1576 668 sapere,
1609 597 1744 667 quia
1775 595 1968 652 obscu-

319 692 430 746 rati
456 693 604 756 sunt,
636 703 704 744 ne
732 688 904 743 oculis
933 685 1194 750 viderent,
1235 687 1288 740 et
1340 684 1500 740 corde
1554 684 1966 754 intelligerent:

318 795 494 851 neque
512 794 693 835 secum
722 777 881 833 homo
895 774 1153 846 cogitavit
1183 775 1242 828 in
1272 772 1432 830 corde
1450 789 1567 842 suo,
1586 773 1669 829 vel
1689 775 1749 829 in
1778 775 1971 830 anima

320 885 452 936 sua,
480 883 652 939 neque
678 867 828 922 novit
853 864 1170 937 prudentia,
1221 865 1355 936 quia
1409 861 1650 918 mediam
1695 863 1811 934 ejus
1837 879 1967 935 par-

321 967 428 1014 tem
457 959 585 1027 igne
610 956 921 1025 combussit,
954 956 1006 1010 et
1031 969 1201 1026 panes
1228 954 1290 1007 in
1320 952 1479 1008 illius
1518 953 1846 1008 carbonibus
1875 968 1968 1009 co-

318 1050 424 1113 xit,
446 1054 786 1116 assatamque
812 1059 1036 1100 carnem
1058 1041 1440 1110 manducavit,
1460 1049 1512 1098 et
1532 1042 1682 1112 quod
1695 1043 1972 1113 reliquum

321 1153 394 1193 ea:
420 1151 480 1191 eo
508 1137 640 1207 fuit,
689 1136 751 1189 in
798 1131 1238 1190 abominandum
1291 1130 1653 1186 simulacrum
1681 1129 1970 1202 formavit,

321 1225 462 1297 quod
489 1234 543 1280 et
573 1226 681 1297 ipsi
709 1223 966 1279 adorant.
1001 1221 1199 1277 Scitote
1253 1221 1385 1292 quia
1441 1221 1580 1275 cinis
1636 1235 1730 1276 cor
1783 1235 1971 1274 eorum

322 1322 419 1383 est,
449 1320 500 1369 et
529 1316 738 1382 errant,
769 1317 816 1367 et
867 1326 1023 1366 nemo
1066 1313 1239 1382 potest
1264 1311 1413 1380 eripe
1463 1310 1713 1364 animam
1761 1323 1969 1364 eorum.

328 1404 527 1475 Videte,
558 1418 656 1457 nec
683 1401 893 1468 dicetis,
917 1401 1053 1471 quia
1071 1397 1420 1455 mendacium
1442 1399 1504 1452 in
1533 1396 1729 1452 dextra
1760 1412 1879 1452 mea
1906 1396 1970 1450 ¹¹.

325 1493 626 1562 Quomodo
658 1490 854 1562 itaque
879 1505 995 1544 non
1027 1488 1100 1543 ab
1132 1487 1407 1542 omnibus
1438 1485 1602 1559 impii
1652 1502 1782 1542 esse
1805 1485 1974 1557 judi-

324 1581 496 1638 candi
527 1585 687 1649 sunt,
720 1596 868 1651 quos
899 1576 1220 1649 impietatis
1259 1580 1458 1648 aperte
1505 1576 1857 1632 condemnat
1886 1575 1972 1630 di-

325 1671 463 1726 vina
483 1669 786 1740 Scriptura
805 1665 833 1722 ?
849 1665 934 1722 vel
957 1665 1250 1738 quomodo
1272 1663 1530 1720 infelices
1553 1669 1611 1720 et
1633 1664 1834 1719 miseri
1856 1681 1974 1719 non

328 1764 489 1830 sunt,
522 1758 622 1830 qui
646 1762 767 1813 tam
795 1755 1099 1810 manifeste
1121 1753 1546 1809 convincuntur
1567 1769 1660 1810 res
1682 1753 1974 1809 inanimes

330 1865 446 1922 prie
475 1846 715 1903 veritate
745 1843 974 1901 colere?
1005 1844 1282 1908 Quaenam
1312 1858 1451 1898 vero
1482 1839 1565 1896 illi
1605 1859 1739 1914 spes
1770 1858 1976 1914 super-

329 1941 456 1994 est:
490 1951 691 2008 quam,
724 1949 938 2006 quaeso,
995 1931 1226 1987 veniam
1284 1947 1518 2003 sperare
1570 1935 1841 2002 possunt,
1873 1929 1974 2003 qui

332 2027 508 2082 rebus
540 2025 754 2080 ratione
785 2027 842 2078 et
897 2027 1060 2080 motu
1119 2019 1418 2076 destitutis
1471 2020 1794 2087 conﬁdunt,
1827 2037 1976 2092 quas

330 2115 454 2172 loco
485 2115 603 2170 veri
635 2113 736 2170 Dei
766 2109 1029 2167 venerari
1061 2126 1174 2166 non
1207 2108 1477 2164 dubitant
1506 2108 1534 2163 *Ρ

2075 590 2480 668 προσεκύνησαν
2537 591 2722 654 αὐτοῖς
2755 635 2769 661 ,
2830 588 2892 646 οῦ
2959 591 3022 645 τὸ
3092 590 3266 664 ἥμισυ
3301 584 3306 590 ’
3337 588 3502 646 αὐτοῦ
3555 583 3742 646 κατέ-

2076 701 2274 736 καυσαν
2332 679 2462 756 πυρί
2497 725 2510 738 .
2566 681 2665 736 Καὶ
2724 680 2813 736 έπὶ
2867 683 2964 736 τοῦ
3037 678 3276 754 ἡμίσους
3355 679 3520 736 αὐτοῦ
3575 671 3738 758 κρέας

2082 770 2324 842 ὀπτήσας
2358 816 2374 842 ,
2436 765 2601 849 ἔφαγε
2676 768 2767 824 καὶ
2842 763 3149 842 ἐνεπλήσθη
3187 789 3200 805 ο
3259 768 3350 824 καὶ
3423 759 3742 843 θερμανθεῒς

2080 859 2252 914 εἶπεν·
2314 855 2444 914 Ἡδύ
2507 879 2644 932 μοι,
2699 853 2782 912 ὅτι
2840 855 3195 934 ἐθερμάνθῃν,
3232 853 3323 912 xui
3382 851 3524 912 εἶδον
3577 854 3738 936 πῦρ.

2077 949 2147 1004 Τὸ
2198 946 2254 1004 δὲ
2308 947 2516 1004 ’λοιπὸν
2574 946 2891 1022 προσεκύνει
2946 945 3164 1024 λέγων·
3225 944 3444 1018 Ἐξέλου
3509 968 3597 1020 με,

2079 1037 2210 1100 Θεός
2258 1040 2371 1111 (89)
2438 1057 2542 1110 μου
2603 1017 2654 1092 εἴ
2707 1035 2788 1094 σύ.
2853 1017 3252 1113 Οὐκέγνωσαν
3311 1017 3601 1118 φρονῆσαι,
3659 1017 3746 1116 ότι

2080 1127 2563 1202 ἀπημαυρώθησαν
2608 1131 2705 1182 τοῦ
2777 1123 2997 1203 βλέπειν
3073 1123 3194 1188 τοῖς
3271 1122 3580 1205 ὀφθαλμοῖς
3646 1121 3742 1204 αύ-

2079 1220 2185 1272 τῶν
2232 1260 2246 1285 ,
2299 1215 2390 1270 xui
2440 1221 2537 1270 τοῦ
2604 1223 2798 1284 νοῆσαι
2861 1220 2930 1290 τῇ
2996 1213 3193 1289 καρδίᾳ
3245 1234 3258 1248 ·
3301 1213 3392 1270 καὶ
3477 1209 3568 1269 οὖν
3611 1205 3742 1268 ἀν”ο

2083 1304 2373 1381 ελογίσατο
2441 1305 2492 1359 ὲν
2559 1309 2628 1378 τῇ
2710 1302 2907 1381 καρδίᾳ
2980 1304 3143 1360 αὐτοῦ
3185 1352 3200 1378 ,
3267 1301 3392 1360 οὐδὲ
3459 1302 3682 1380 ἀνελογί
3721 1292 3750 1350 ξ

2084 1415 2213 1450 σατο
2260 1397 2330 1470 τῇ
2380 1397 2534 1470 ψυχῇ
2572 1393 2736 1448 αὐτοῦ
2767 1441 2782 1465 ,
2832 1391 2958 1450 οὐδὲ
3012 1391 3154 1470 ἔγνω
3199 1397 3269 1467 τῇ
3319 1395 3605 1476 ἐρροσήσει,
3656 1391 3742 1448 ὅτι

2079 1484 2142 1539 τὸ
2202 1483 2376 1558 ἥμισυ
2450 1483 2614 1538 αὑτοῦ
2686 1484 3006 1539 κατέκαυσεν
3069 1481 3118 1539 ἐν
3181 1471 3342 1560 napi,
3381 1471 3492 1538 xui.
3549 1477 3740 1557 ἓπεψεν

2084 1573 2171 1629 ἐπὶ
2239 1578 2347 1628 τῶν
2418 1574 2693 1651 ἀνθράκων
2771 1575 2938 1630 αὐτοῦ
3019 1572 3213 1649 ἄρτους
3263 1592 3277 1606 ⁸
3326 1567 3418 1628 καὶ
3501 1566 3754 1651 ὀπτήσας

2081 1663 2244 1740 κρέας
2303 1647 2526 1742 ἔφαγε,
2571 1661 2661 1718 xui
2719 1665 2781 1719 τὸ
2840 1647 3063 1719 λοιπὸν-
3099 1663 3262 1719 αὐτοῦ
3321 1663 3398 1725 εἷς
3461 1647 3756 1750 βδέλυγμα

2086 1749 2333 1824 ἐποίησε,
2392 1752 2481 1806 καὶ
2534 1756 2924 1826 προσκυνοῦσιν
2983 1751 3144 1811 αὐτό.
3207 1756 3384 1814 Γνῶτε
3585 1797 3600 1824 ,
3659 1750 3743 1808 δτι

2087 1839 2291 1917 σποδὸς
2337 1842 2374 1912 ἡ
2419 1838 2616 1916 καρδία
2663 1841 2862 1911 αὐτῶν,
2914 1843 3003 1896 xui
3044 1835 3377 1912 πλανῶνται,
3424 1831 3516 1896 xui
3565 1828 3743 1904 οὐδεῖς

2085 1927 2304 1985 δύναται
2359 1926 2628 2001 ἐξελέσθαι
2678 1932 2778 2001 τήν
2851 1931 3035 2006 ψυχὴν
3095 1925 3268 1986 αὐτῶν
3308 1974 3321 1988 .
3377 1926 3548 2010 Ἴδετε
3580 1975 3594 2000 ,
3652 1919 3745 2010 xui

2087 2019 2185 2074 οὐκ
2234 2019 2423 2096 ἐρεῖτε,
2478 2017 2562 2074 ὅτι
2613 2017 2810 2094 ψεῦδος
2870 2005 3038 2095 ἐνητῇ
3101 2016 3244 2092 δεξιᾷ
3297 2043 3420 2094 μου.
3463 2005 3602 2082 ’Πῶς
3650 2005 3753 2078 οὖν’

2089 2108 2188 2163 οὐκ
2218 2107 2362 2163 ἄθεοι
2408 2110 2555 2183 ποιρά
2601 2116 2729 2163 πᾶσι
2779 2110 2980 2185 κριθεῖν
3033 2110 3086 2165 οἱ
3132 2111 3224 2164 καὶ
3267 2100 3415 2188 παρᾶ
3461 2103 3564 2180 τῆς
3595 2101 3744 2174 θείας

330 2208 549 2280 Γραφῆς
582 2194 826 2261 ἀσεϐείας
855 2194 1324 2272 κατηγορούμενοι
1359 2215 1372 2264 ;
1404 2200 1470 2250 ’Π
1502 2200 1616 2258 πῶς
1651 2195 1749 2250 οὐκ
1779 2195 1836 2250 ἂν
1868 2196 1968 2252 εἶεν
2017 2195 2407 2272 κακοδαίμονες
2461 2199 2511 2252 oi
2559 2198 2703 2253 οὕτω
2751 2203 2998 2278 φανερῶς
3047 2186 3411 2276 ἐλεγχόμενοι
3456 2200 3531 2280 τὰ
3557 2186 3745 2278 ἄψυχα

330 2279 713 2370 θρησκεύοντες
745 2288 860 2344 ἀντὶ
890 2293 990 2357 τῆς
1025 2284 1284 2356 ἀληθείας
1317 2302 1330 2354 ;
1363 2285 1500 2339 Ποία
1533 2281 1590 2338 δὲ
1619 2284 1832 2346 τούτοις
1867 2283 2045 2358 ἐλπὶς,
2078 2287 2113 2356 ἢ
2148 2285 2230 2350 τίς
2264 2286 2323 2342 ἂν
2357 2286 2542 2352 αύτοῖς
2588 2289 2799 2365 γένοιτο
2847 2289 3172 2366 συγγνώμη,
3212 2279 3532 2354 πεποιθόσιν
3562 2287 3649 2346 ἐπὶ
3677 2289 3746 2345 τὰ

333 2369 510 2458 ἄλογα
537 2381 626 2436 καὶ
658 2377 906 2451 ἀκίνητα,
937 2377 970 2431 ’ἀ
1002 2376 1119 2430 ἀντὶ
1145 2379 1242 2429 τοῦ
1273 2373 1532 2445 ἀληθινοῦ
1555 2378 1688 2428 Θεοῦ
1722 2369 1989 2432 σέϐουσιν.

405 2476 492 2530 15.
526 2473 759 2530 Utinam
777 2469 956 2541 enim,
982 2469 1208 2524 utinam
1239 2465 1446 2522 saltem
1478 2465 1605 2521 sine
1635 2466 1825 2538 ﬁgura
1845 2466 1984 2523 deos

331 2567 451 2623 illis
483 2563 749 2619 ﬁnxisset
803 2560 1028 2630 artifex,
1079 2573 1152 2612 ne
1181 2555 1416 2612 evidens
1448 2554 1692 2628 propriae
1732 2555 1982 2627 stupidi-

330 2655 474 2712 tatis
493 2655 906 2725 argumentum
938 2647 1255 2703 haberent!
1289 2643 1658 2717 Simplicium
1692 2642 1981 2715 siquidem

334 2745 562 2802 animos
593 2741 882 2797 adducere
912 2737 1258 2810 potuissent,
1293 2738 1359 2789 ut
1387 2749 1627 2790 sensum
1655 2732 1828 2788 idolis
1854 2748 1983 2788 esse

331 2833 654 2900 crederent,
686 2829 798 2884 nisi
831 2827 1000 2900 signa
1030 2841 1312 2882 sensuum
1369 2824 1454 2878 uti
1512 2821 1734 2888 oculos,
1786 2838 1980 2890 nares,

331 2938 526 2988 aures,
552 2935 763 2975 manus
785 2921 842 2972 et
862 2932 948 2984 os,
971 2912 1298 2969 immobilia
1326 2912 1608 2967 haberent
1636 2911 1706 2966 ad
1730 2912 1982 2967 sentien-

334 3013 499 3068 dum.
522 3009 688 3065 Nunc
711 3011 906 3063 autem
920 3003 1201 3059 habentes
1223 3018 1338 3056 non
1361 3000 1596 3068 habent,
1619 3004 1842 3056 stantes
1864 3016 1978 3056 non

331 3103 512 3168 stant,
545 3102 602 3154 et
658 3097 927 3153 sedentes
984 3109 1098 3147 non
1148 3091 1370 3147 sedent.
1429 3088 1627 3161 Neque
1671 3089 1826 3145 enim
1859 3088 1981 3145 haec

2166 2470 2250 2524 15.
2311 2466 2618 2555 Εἷθεᾼγάρ,
2666 2466 2772 2524 εἴθε
2819 2468 2914 2524 κᾶν
2983 2468 3162 2546 χωρὶς
3215 2471 3505 2555 σχήματος
3563 2468 3746 2553 αὐτοῖς

2091 2555 2217 2618 τοὺς
2247 2556 2401 2620 θεοὺς
2445 2553 2709 2613 ἔπλαττεν
2745 2559 2772 2612 ὁ
2800 2557 3080 2635 τεχνίτης,
3115 2555 3206 2612 ’ίνα
3361 2549 3748 2638 casamo”;

2093 2645 2209 2707 σίας
2239 2647 2464 2724 φανερὸν
2500 2645 2670 2723 ἔχωσι
2711 2648 2800 2703 τὸν
2853 2645 3106 2724 ἔλεγχον.
3149 2640 3476 2722 Ὑπέκλεψαν
3527 2637 3630 2725 γὰρ
3684 2637 3746 2703 ἄν

2089 2734 2188 2802 τήν
2225 2733 2476 2789 ὑπόνοιαν
2508 2740 2616 2790 τῶν
2671 2735 2957 2813 ἀκεραίων,
3006 2737 3081 2798 ὡς
3135 2732 3470 2811 αἰσθομένων
3513 2741 3621 2792 τῶν
3669 2735 3747 2792 εί-

2091 2819 2311 2892 δώλων,
2343 2824 2388 2878 εἰ
2423 2827 2498 2898 μὴ
2530 2825 2597 2880 τά
2629 2820 2882 2899 σύμϐολα
2910 2830 3015 2880 τῶν
3045 2826 3367 2898 αἰσθήσεων,
3389 2821 3514 2882 ὀἷον
3547 2823 3750 2906 ὀφθαλ-

2094 2911 2250 2984 μούς,
2281 2912 2369 2967 καὶ
2402 2913 2572 2988 ῥῖνας,
2621 2914 2711 2969 καὶ
2760 2913 2893 2986 ὦτα,
2942 2915 3032 2970 xui
3083 2921 3296 2992 χεῖρας,
3327 2914 3420 2971 xui
3469 2916 3645 2990 στόμα
3671 2915 3747 2971 εἷ-

2088 3019 2187 3077 χον
2220 3000 2493 3073 ἀκινήτως
2521 3003 2740 3077 κείμενα
2768 3005 2904 3079 πρὸς
2934 3006 3034 3074 τήν
3062 3012 3165 3075 τῆς
3197 3005 3497 3076 αἰσθήσεως
3540 3011 3739 3082 χρῆσιν

2086 3088 2175 3144 καί
2203 3092 2303 3160 τὴν
2334 3095 2442 3146 τῶν
2474 3091 2742 3164 αἰσθητῶν
2796 3091 3104 3167 ἀντίληψιν.
3142 3098 3246 3148 Νῦν
3297 3091 3354 3152 δὲ
3393 3091 3612 3173 ἔχοντες
3645 3094 3746 3150 οὐκ

333 3187 542 3263 agendi
571 3186 688 3241 vim
720 3185 960 3248 habent,
994 3181 1095 3237 sed
1124 3186 1188 3236 ut
1219 3179 1405 3235 lictori
1454 3178 1692 3251 placuit,
1745 3178 1824 3234 ita
1854 3195 1977 3234 ma-

2093 3173 2281 3256 ἕχουσι
2329 3179 2418 3237 xui
2467 3184 2756 3253 στήκοντες
2805 3182 2866 3238 ού
2919 3185 3200 3256 στήκουσι,
3253 3181 3344 3238 xui
3391 3183 3742 3258 καθεζόμενοι

2133 3269 2145 3286 ,
2256 3270 2344 3286 Α...
2568 3271 2630 3286 Α.
2733 3273 2745 3286 ι
2840 3271 2862 3286 τ.
3154 3271 3167 3286 ,
3347 3274 3361 3286 .
3453 3272 3468 3286 .
3516 3275 3526 3286 .

335 3283 477 3335 nent
503 3281 560 3334 et
583 3277 804 3349 jaceat,
839 3271 1187 3343 nullumque
1217 3269 1542 3324 divinitatis
1572 3268 1853 3324 indicium
1887 3285 1978 3324 ex-

335 3366 561 3434 hibent,
577 3365 678 3421 sed
699 3361 962 3418 inanima
984 3375 1226 3432 prorsus
1251 3363 1390 3414 sunt
1411 3356 1652 3429 solaque
1671 3356 1982 3412 hominum

337 3463 461 3514 arte
482 3455 795 3512 exsistunt.
825 3450 1059 3507 Utinam
1075 3465 1308 3521 quoque
1330 3447 1674 3519 hujusmodi
1699 3445 1984 3502 falsorum

333 3547 576 3603 deorum
603 3541 1010 3616 praedicatores
1041 3545 1098 3593 et
1124 3543 1284 3594 vates
1313 3539 1538 3609 (poetas
1569 3540 1625 3590 et
1674 3534 1983 3590 historicos

333 3635 485 3707 dico)
506 3635 645 3689 deos
674 3631 807 3686 illos
837 3646 964 3686 esse
995 3629 1138 3684 satis
1168 3627 1515 3683 habuissent
1567 3624 1845 3692 scribere,
1878 3640 1983 3680 nec

331 3741 534 3782 eorum
565 3727 728 3795 gesta
757 3717 968 3774 litteris
1000 3717 1400 3783 mandassent,
1433 3731 1560 3786 quas
1592 3731 1801 3787 nempe
1850 3712 1983 3770 illos

333 3812 577 3869 minime
597 3826 724 3865 esse
750 3809 889 3864 deos
914 3807 1015 3863 sed
1049 3809 1277 3878 turpem
1308 3805 1484 3859 vitam
1511 3803 1746 3860 duxisse
1783 3807 1982 3859 essent

333 3905 680 3974 argumento
706 3898 719 3953 l
755 3899 1020 3969 Namque
1041 3895 1126 3951 vel
1152 3893 1276 3950 solo
1295 3892 1613 3948 divinitatis
1636 3891 1872 3948 nomine
1892 3908 1982 3948 ve-

333 3992 565 4048 ritatem
597 3988 899 4060 subripere
929 3990 1032 4041 aut
1059 3984 1255 4056 potius
1285 3981 1572 4054 plurimos
1603 3981 1674 4036 ab
1724 3998 1791 4037 ea
1820 3999 1980 4037 aver-

333 4086 453 4138 tere
483 4079 829 4152 potuissent.
863 4076 994 4132 Jam
1025 4089 1159 4129 vero
1191 4088 1327 4128 cum
1357 4071 1514 4127 Jovis
1547 4087 1775 4126 amores
1796 4074 1853 4126 et
1875 4069 1981 4126 im-

333 4168 640 4242 puritates,
664 4183 798 4222 cum
823 4167 1127 4235 corruptos
1149 4163 1220 4218 ab
1243 4161 1376 4217 aliis
1398 4177 1628 4233 pueros,
1673 4176 1806 4215 cum
1839 4159 1978 4215 alio-

334 4275 490 4325 rum,
521 4273 637 4330 prae
670 4272 777 4311 sua
803 4255 860 4310 in
906 4253 1156 4309 feminas
1210 4249 1473 4320 libidine,
1533 4249 1898 4322 suspiciones
1923 4253 1982 4304 et

330 4345 780 4410 sollicitudines,
804 4348 996 4399 metus
1022 4357 1381 4415 pavoresque
1406 4356 1471 4395 ac
1495 4339 1612 4396 alia
1632 4338 1770 4394 vitia
1787 4355 1980 4394 recen-

328 4445 477 4509 sent,
506 4434 653 4492 nihil
683 4433 843 4491 aliud
869 4436 1023 4489 certe
1055 4431 1317 4488 efﬁciunt
1343 4444 1520 4502 quam
1579 4433 1644 4483 ut
1670 4428 1980 4484 videantur

331 4527 400 4582 de
431 4526 545 4582 diis
575 4543 638 4583 se
668 4543 783 4582 non
816 4523 1006 4580 solum
1041 4538 1155 4577 non
1189 4521 1370 4592 loqui,
1402 4519 1522 4573 imo
1552 4534 1658 4573 nec
1685 4518 1756 4574 de
1778 4516 1976 4590 probis

2092 3269 2152 3324 ού
2185 3270 2511 3340 καθέζονται.
2564 3271 2636 3326 Οὐ
2684 3273 2787 3349 γάρ
2838 3271 3024 3348 ἔχουσι
3074 3271 3279 3328 τούτων
3302 3274 3404 3343 τὴν
3450 3272 3742 3350 ἐνέργειαν,

2093 3356 2218 3413 ἀλλ’
2249 3359 2324 3421 ὡς
2359 3360 2386 3414 ὁ
2418 3357 2629 3423 πλάσας
2659 3359 2944 3433 ἠθέλησεν,
2995 3361 3140 3417 οὕτω
3181 3363 3271 3417 καὶ
3306 3363 3525 3436 μένουσι
3555 3362 3741 3436 κείμε-

2090 3468 2196 3518 νοι,
2248 3453 2382 3503 Θεοῦ
2435 3449 2528 3523 μὲν
2585 3451 2873 3527 γνώρισμα
2926 3448 3094 3524 μηδὲν
3139 3452 3495 3529 παρέχοντες,
3542 3451 3747 3530 ἄψυχοι

2093 3535 2150 3591 δὲ
2177 3536 2413 3593 καθόλου
2466 3539 2628 3613 μόνον
2683 3539 2968 3613 ἀνθρώπου
3011 3540 3177 3618 τέχνῃ
3225 3541 3540 3620 φαινόμενοι
3570 3541 3746 3598 τεθέν-

2089 3647 2195 3688 τες.
2231 3624 2355 3682 Εἶ¹θε
2386 3625 2443 3682 δὲ
2472 3627 2560 3682 xui
2603 3629 2655 3683 οἱ
2701 3633 2808 3690 τῶν
2857 3629 3118 3688 τοιούτων
3168 3628 3470 3705 ψευδοθέων
3515 3632 3750 3703 κήρυκες

2088 3716 2178 3770 καὶ
2231 3714 2466 3790 μάντεις,
2512 3718 2737 3788 ποιηταὶ
2793 3717 2942 3794 λέγω
2988 3719 3084 3774 κπὶ
3134 3727 3462 3800 συγγραφεῖς
3491 3764 3504 3789 ,
3556 3709 3746 3784 ἁπλῶς

2089 3804 2243 3869 θεοὺς
2304 3806 2498 3870 αὐτοὺς
2549 3807 2682 3862 εἶναι
2749 3811 3184 3886 γεγραφήκεισαν
3236 3832 3247 3845 ·
3299 3808 3446 3868 ἀλλὰ
3520 3811 3594 3886 μὴ
3654 3809 3748 3870 καὶ

2087 3895 2184 3957 τάς
2230 3895 2449 3972 πράξεις
2489 3896 2662 3952 αὐτῶν
2709 3897 2846 3975 πρὸς
2901 3885 3133 3975 ἔλεγχον
3185 3899 3476 3971 ἀθεότητος
3527 3900 3616 3955 καὶ
3660 3885 3745 3954 ui;

2090 3989 2394 4060 σχροποιοῦ
2457 3985 2740 4048 πολιτείας
2817 3988 3348 4066 ἀναγεγραφήκεισαν
3394 4033 3406 4046 .
3459 3980 3745 4045 Ἠδύναντο

2088 4073 2191 4149 γάρ
2221 4073 2311 4128 καὶ
2346 4073 2497 4147 μόνῳ
2521 4079 2599 4148 τῷ
2640 4083 2742 4145 τῆς
2795 4077 3051 4148 θεότητος
3103 4076 3328 4151 ὀνόματι
3359 4080 3457 4148 τήν
3486 4078 3740 4149 ἀλήθειαν

2091 4163 2419 4240 ὑφαρπάσαι,
2475 4162 2688 4236 μᾶλλον
2739 4162 2796 4220 δὲ
2842 4165 2970 4228 τοὺς
3022 4160 3266 4230 ποϐλοὺς
3326 4168 3431 4222 ἀπὸ
3477 4173 3578 4236 τῆς
3611 4166 3746 4237 ἀλη-

2088 4251 2234 4314 θείας
2265 4249 2560 4323 πλανῆσαι.
2594 4257 2708 4309 Μῦν
2734 4250 2792 4310 δὲ
2840 4252 3043 4330 ἔρωτας
3079 4253 3170 4310 xui
3199 4253 3487 4332 ἀσελγείας
3517 4253 3744 4332 διηγού·

2093 4361 2245 4414 μενοι
2269 4345 2365 4396 τοῦ
2398 4342 2542 4413 Διὸς,
2572 4343 2662 4398 καὶ
2694 4341 3085 4424 παιδοφθορίας
3132 4349 3240 4400 τῶν
3286 4343 3496 4420 ἄλλων,
3528 4347 3618 4401 καὶ
3651 4349 3746 4416 ζη-

2089 4427 2352 4493 λοτυπίας
2401 4431 2538 4508 πρὸς
2582 4429 2786 4503 ἡδονὴν
2833 4438 2942 4488 τῶν
2991 4431 3251 4506 θηλειῶν,
3283 4433 3374 4490 xui
3421 4423 3624 4517 φόϐους
3652 4435 3746 4489 καὶ

2091 4516 2318 4594 δειλίας,
2350 4519 2440 4575 καῖ
2484 4521 2581 4584 τάς
2629 4519 2803 4586 ἄλλας
2848 4522 3061 4596 κακίας,
3094 4521 3246 4580 οὐδὲν
3279 4519 3420 4578 ἄλλο
3441 4516 3487 4593 ἢ
3521 4522 3748 4600 ἑαυτούς

331 4615 690 4686 hominibus,
713 4614 810 4670 sed
838 4591 1400 4686 deturpibusomnis
1423 4606 1746 4663 honestatis
1769 4605 1977 4663 alienis

2093 4591 2433 4686 ἐλέγχουσιν,
2480 4611 2564 4666 ὅτι
2612 4611 2674 4668 ού
2722 4611 2884 4686 μόνον
2933 4612 2994 4668 ού
3043 4591 3167 4688 περί
3214 4615 3346 4669 θεῶν
3406 4591 3743 4690 διηγοῦνται,

331 4703 733 4762 commentitia
765 4717 1019 4758 narrare.

403 4885 492 4939 16.
525 4886 598 4938 At
625 4896 758 4938 vero
788 4879 886 4935 hic
916 4879 1162 4935 fortasse
1190 4876 1356 4950 impii
1385 4876 1460 4933 ad
1490 4875 1792 4949 ingenium
1837 4891 1978 4948 poe-

331 4979 526 5030 tarum
559 4971 917 5043 confugient,
951 4985 1017 5024 ac
1048 4967 1399 5024 contendent
1445 4966 1747 5038 proprium
1779 4969 1978 5037 poeta-

333 5079 466 5120 rum
497 5077 645 5129 esse,
681 5065 746 5117 ut
773 5075 843 5116 ea
880 5074 1008 5132 quae
1059 5073 1176 5114 non
1225 5055 1503 5123 existunt,
1535 5054 1982 5112 comminiscun-

407 5336 450 5370 ιι
484 5334 596 5391 ιιι.
618 5347 766 5403 ων,
801 5329 982 5388 ιο-εο.

413 5601 522 5676 (89)
551 5603 672 5676 Art:
705 5600 734 5655 ὁ
765 5602 860 5658 hic
887 5600 1088 5676 nullus
1131 5604 1220 5656 est
1275 5597 1334 5654 in
1392 5598 1629 5676 seguer.
1669 5599 1924 5676 Felckm,
1950 5602 1987 5658 2

340 5669 514 5758 anon;
546 5679 603 5730 et
632 5674 827 5730 Greco
856 5673 1164 5744 Scriptura
1195 5676 1390 5727 textu:
1433 5669 1496 5726 in
1524 5669 1656 5728 aliis
1684 5677 1879 5729 autem
1902 5674 1984 5731 le-

552 5822 787 5876 Grmcus
832 5816 1143 5890 Scriptura
1173 5819 1368 5874 textus
1393 5813 1580 5890 γνῶθι.
1613 5816 1795 5873 Paulo
1852 5823 1986 5894 post

2089 4695 2213 4753 ἀλλ’
2242 4697 2368 4755 οὐδὲ
2398 4701 2523 4776 περὶ
2556 4701 2852 4778 ἀνθρώπων
2881 4707 3111 4777 σεμνῶν,
3133 4701 3259 4780 περί
3291 4700 3349 4758 δὲ
3379 4702 3617 4781 αἷσχρῶν
3654 4702 3746 4760 καὶ

2085 4791 2182 4842 τοῦ
2212 4786 2385 4844 καλοῦ
2421 4791 2626 4867 μακράν
2658 4786 2827 4846 ὄντων
2860 4790 3280 4867 μυθολογοῦσιν.

2163 4880 2249 4934 16.
2281 4876 2435 4936 Ἀλλ’
2492 4877 2622 4941 ἴσως
2671 4879 2794 4956 περῖ
2841 4879 3048 4936 τούτων
3097 4882 3148 4936 οἱ
3198 4876 3473 4946 δυσσεϐεῖς
3525 4881 3613 4938 ἐπὶ
3641 4884 3742 4953 τὴν

2093 4963 2338 5039 ἰδιότητα
2374 4974 2483 5025 τῶν
2534 4975 2779 5040 ποιητῶν
2823 4970 3263 5051 καταφεύξονται,
3326 4969 3580 5049 λέγοντες
3635 4976 3743 5030 τῶν

2089 5063 2334 5129 ποιητῶν
2409 5056 2547 5116 ἴδιον
2606 5059 2738 5116 εἶναι
2790 5062 2901 5137 (94)
2961 5048 3284 5140 χαρακτῆρᾶ
3337 5048 3414 5118 “tu?
3464 5063 3540 5136 μὴ
3617 5056 3745 5119 ὄντα

2099 5600 2351 5658 Felckm.
2381 5598 2416 5654 3
2438 5616 2614 5673 anon.
2647 5595 2845 5673 ἐρεῖται
2871 5600 3067 5673 habet,
3099 5598 3200 5673 ubi
3241 5597 3340 5673 alii
3370 5591 3558 5673 ἑρεῖτε.
3593 5599 3744 5652 Pau-

2094 5673 2150 5731 lo
2225 5677 2316 5728 ost
2342 5676 2453 5729 art.
2480 5671 2533 5724 ot
2563 5670 2697 5745 post
2725 5692 2759 5726 κ
2799 5672 2954 5725 ιθεῖεν
2985 5670 3151 5728 deest
3181 5671 3238 5726 in
3271 5670 3512 5743 Seguer.

2170 5690 2281 5799 (gl)
2313 5745 2434 5799 Art.
2465 5740 2582 5799 τόν.
2614 5743 2713 5799 aui
2746 5690 2910 5799 deest
2943 5744 3002 5798 in
3029 5742 3268 5799 Seauer.
3294 5739 3478 5798 ‘Basil.
3508 5759 3512 5782 ι

2170 5737 2281 5874 ς91)
2313 5745 2434 5800 Art.
2465 5737 2584 5812 τόν,
2614 5743 2713 5816 qui
2746 5737 2910 5826 deest
2943 5744 3002 5798 in
3029 5742 3268 5828 segnem
3294 5737 3478 5826 ‘Bgsil.
3508 5737 3743 5806 Gobler.

2101 5818 2175 5876 Fe
2202 5817 2356 5874 ckm.
2396 5824 2413 5874 ι
2451 5820 2509 5889 et
2535 5816 2571 5872 2
2600 5832 2796 5887 anon.,
2830 5815 2926 5872 hic
2951 5815 3164 5890 legitur
3191 5831 3252 5871 in
3285 5812 3436 5871 alus.
3619 5837 3622 5839 λ
3673 5833 3701 5840 -ι
