4160 6452
305 489 382 598 se
1574 533 1865 594 ORATIO
1909 532 2222 594 CONTRA
2269 533 2601 594 GENTES.
3654 536 3733 594 34

305 663 632 720 πλάττεσθαι
687 663 777 718 καὶ
836 660 1117 738 ψεύδεσθαι
1176 663 1300 738 περὶ
1364 664 1544 736 μύθων
1624 665 1700 726 εἰς
1759 660 1962 732 ἡδονὴν

2091 670 2176 720 tur
2206 671 2260 722 ct
2293 665 2520 721 fabulas
2551 667 2621 720 ad
2664 666 3030 721 audientium
3080 664 3442 722 voluntatem
3500 667 3729 739 excogi-

304 760 408 810 τῶν
457 753 784 823 ἀκουόντων,
840 754 902 808 οὗ
952 751 1114 830 χάριν
1167 753 1258 808 καὶ
1305 754 1371 808 τά
1415 754 1538 828 περὶ
1589 755 1721 808 θεῶν
1776 752 1970 815 αὐτοὺς

305 844 664 914 πεποιηκέναι
697 846 983 921 φήσουσιν.
1033 841 1190 897 Ἀλλ’
1241 840 1375 913 αὕτη
1428 845 1520 897 καὶ
1569 845 1782 897 πάντων
1831 840 1969 916 μᾶλ-

308 932 401 990 λον
463 936 498 1002 ἡ
553 931 822 1011 πρόφασις
874 931 1056 994 αὐτοῖς
1110 929 1288 994 ἕωλος
1349 928 1705 1009 δειχθήσεται
1753 933 1839 1011 ἀφ’
1897 933 1968 985 ὧν

308 1024 460 1079 αὐτοὶ
491 1023 614 1098 περὶ
658 1022 865 1077 τούτων
914 1021 1103 1098 ἔχουσι
1155 1019 1331 1092 δόξαν,
1383 1023 1471 1076 καὶ
1512 1021 1872 1096 προτίθενται.
1908 1021 1973 1076 Εἴ

307 1113 408 1189 γὰρ
469 1113 537 1166 τὰ
580 1112 726 1186 παρά
772 1116 1031 1180 ποιηταῖς
1083 1109 1193 1164 ἐστι
1246 1108 1542 1183 πλάσματα
1600 1110 1689 1165 καὶ
1749 1107 1917 1183 ψευδῆ
1956 1157 1968 1181 ,

305 1197 510 1276 ψευδὴς
541 1200 599 1256 ἂν
635 1198 717 1269 εἶή
749 1201 839 1255 καὶ
891 1199 1025 1268 αὐτὴ
1081 1201 1114 1268 ἡ
1165 1199 1290 1275 περὶ
1340 1204 1436 1253 τοῦ
1494 1201 1638 1271 Διὸς,
1690 1198 1779 1254 καί
1829 1199 1972 1276 Κρό-

305 1312 422 1364 νου,
447 1290 537 1345 καὶ
585 1295 778 1367 ’Ήρας,
830 1289 921 1344 καὶ
974 1290 1193 1363 Ἀρεος,
1243 1289 1331 1343 καὶ
1382 1294 1488 1343 τῶν
1537 1287 1722 1343 ἄλλων
1770 1289 1968 1362 ὀνομα-

305 1381 409 1436 σία.
443 1382 602 1441 Ἴσως
635 1381 761 1454 γὰρ,
796 1379 894 1449 ὡς,
933 1379 1083 1433 αὐτοί
1135 1399 1284 1455 φασι,
1335 1379 1424 1432 καὶ
1474 1381 1540 1432 τα
1585 1379 1828 1451 ὀνόματα
1876 1379 1970 1432 πέ-

305 1469 560 1538 πλασται,
593 1470 681 1524 καὶ
715 1468 814 1522 ούκ
865 1465 974 1522 ἔστι
1036 1469 1128 1542 μὲν
1182 1467 1329 1530 ὅλως
1381 1468 1528 1538 Ζεὺς,
1580 1466 1704 1522 οὐδὲ
1745 1469 1968 1542 Κρόνος,

307 1559 430 1615 οὐδὲ
459 1561 655 1636 Ἄρης·
688 1556 1017 1613 πλάττονται
1052 1556 1107 1612 δὲ
1136 1557 1364 1618 τούτους
1396 1559 1468 1619 ὡς
1524 1554 1681 1619 ὄντας
1723 1560 1774 1611 οἱ
1804 1579 1967 1626 ποιη-

306 1650 392 1704 ταί
449 1649 584 1722 πρὸς
647 1648 855 1718 ἀπάτην
900 1653 1005 1702 τῶν
1085 1648 1386 1701 ἀκουόντων
1425 1692 1436 1704 .
1498 1645 1852 1702 ιΙλαττὸντων
1915 1646 1972 1702 δὲ

307 1743 410 1793 τῶν
469 1742 717 1808 ποιητῶν
767 1739 834 1791 τὰ
887 1739 960 1810 μή
1012 1733 1156 1808 ὄντα,
1207 1741 1326 1798 πῶς
1379 1737 1452 1798 ὡς
1505 1739 1615 1811 (9‘2)
1667 1733 1824 1798 ὄντας
1876 1737 1968 1790 αύ-

306 1828 432 1890 τοὺς
476 1827 861 1902 θρησκεύουσιν
899 1846 911 1896 ;
945 1832 1011 1882 Ἢ
1058 1825 1187 1889 ἴσως
1236 1828 1340 1901 γὰρ
1395 1825 1452 1880 ἂν
1498 1824 1663 1880 πάλιν
1717 1828 1970 1904 φήσουσι,

306 1918 374 1971 τὰ
401 1917 496 1991 μὲν
535 1916 776 1992 ὀνόματα
819 1916 879 1970 ού
924 1916 1280 1984 πλάττονται,
1328 1917 1424 1977 τὰς
1476 1913 1532 1970 δὲ
1578 1914 1796 1991 πράξεις
1846 1913 1972 1989 ψεύ-

309 2005 490 2062 δονται
519 2007 634 2062 κατ’
668 2005 842 2060 αὐτῶν
877 2026 890 2075 ;
924 2003 1099 2060 Ἀλλὰ
1129 2004 1219 2059 καὶ
1248 2009 1409 2059 τοῦτο
1442 2002 1594 2059 οὐδὲν
1640 2007 1802 2073 ἦττον
1835 2004 1971 2080 πρὸς

309 2094 609 2173 ἀπολογίαν
663 2094 835 2150 αὐτῶν
888 2095 986 2149 ούκ
1035 2091 1293 2172 ἀσφαλές.
1344 2094 1402 2148 Εἰ
1454 2095 1556 2169 γὰρ
1606 2095 1701 2157 τὰς
1749 2095 1968 2169 πράξεις

309 2183 616 2259 ἐψεύσαντο,
636 2210 659 2236 τ’·
681 2183 970 2258 ἐψεύσαντο
1005 2187 1116 2256 (93)
1150 2184 1363 2244 πάντως
1425 2183 1514 2236 καὶ
1573 2183 1638 2236 τὰ
1696 2181 1965 2256 ὀνόματα,

307 2276 671 2336 ὧνιςκγαὶιετὰς
718 2274 1128 2348 πράξεὲιςςξ-ἐῖναι
1177 2271 1542 2347 διηγήσαντο.
1602 2278 1667 2325 Ἢ
1728 2272 1772 2325 εἰ
1827 2270 1966 2343 ἀλη-

304 2362 1107 2438 θενὲὺυσι-Ξπερὶλἓτάῖτόπόματα,
1161 2360 1490 2431 ἀληθεύουσι
1548 2361 1638 2415 καὶ
1690 2361 1815 2436 περὶ
1872 2363 1967 2423 τὰς

304 2453 523 2528 πράξεις
583 2451 634 2522 ἐξ
697 2453 940 2525 ἀνάγκης
976 2497 987 2508 .
1045 2449 1272 2513 Ἀλλως
1323 2472 1382 2504 τε
1439 2451 1491 2504 οἱ
1549 2449 1681 2504 εἶναι
1741 2449 1968 2512 τούτους

302 2538 1176 2616 θεοὺςυτβυθολστῖέσαητεςεῖσασιν
1227 2539 1450 2611 ἀληθῶς
1482 2540 1571 2594 καὶ
1624 2540 1657 2593 ἃ
1691 2538 1772 2594 δεῖ
1816 2539 1967 2602 θεοὺς

304 2629 1092 2707 πράξςλῦοιν,ιίὲιοτί’⁵ούκ·ἀνικποτε·
1131 2632 1227 2692 τὰς
1282 2631 1576 2706 ἀνθρώπων
1629 2632 1772 2691 θεοῖς
1806 2649 1970 2705 προσ-

307 2719 997 2795 άψοῑενοὲννο-ίαςτίῶσπερ
1050 2717 1176 2774 οὐδὲ
1215 2721 1277 2774 τὸ
1328 2725 1428 2774 τοῦ
1473 2720 1644 2793 πυρὸς
1697 2715 1853 2794 ἔργον
1893 2723 1972 2790 τῷ

311 2811 336 2832 υ
621 2811 633 2830 3
882 2816 888 2824 ¹
949 2810 952 2812 ’
1073 2811 1089 2827 \
1221 2810 1232 2826 ς
1407 2809 1417 2830 Ι
1579 2809 1593 2826 \
1648 2806 1688 2826 '.\\
1735 2804 1759 2824 ΊΙ

311 2809 462 2868 υδατί
492 2810 980 2880 τιςτανιαθήοειδτὸ
1034 2831 1126 2884 μεν
1173 2829 1276 2885 γαρ
1328 2830 1492 2879 καιει,
1540 2831 1602 2864 το
1644 2827 1700 2862 οε
1734 2807 1968 2882 εμπαλιν

309 2902 408 2972 τὴν
441 2899 628 2956 οὐσίαν
675 2895 1061 2976 ἔχει-ψυχράν.
1095 2898 1160 2953 Εἰ
1213 2899 1308 2972 μὲν
1359 2897 1450 2953 οὖν
1501 2901 1554 2953 αἱ
1601 2898 1820 2974 πράξεις
1871 2897 1971 2952 εἶσὶ

311 2993 444 3046 θεῶν
490 2989 652 3062 ἄξιαι,
703 2989 814 3043 θεοὶ
865 2988 923 3043 ἃν
978 2988 1078 3042 εἷεν
1131 2986 1220 3043 καὶ
1271 2989 1323 3042 οἱ
1372 2987 1579 3042 τούτων
1634 2988 1876 3064 ἐργάται⁸
1928 2987 1972 3040 εἰ

313 3078 370 3135 δὲ
417 3080 712 3157 ἀνθρώπων
773 3077 883 3133 ἐστὶ
917 3081 1027 3152 (94)
1066 3078 1156 3132 καὶ
1203 3077 1501 3152 ἀνθρώπων
1565 3077 1625 3132 ού
1683 3076 1866 3132 καλῶν
1912 3078 1973 3131 τὸ

314 3170 608 3246 μοιχεύειν,
663 3170 753 3223 καὶ
801 3169 868 3223 τὰ
924 3168 1297 3245 προειρημένα
1355 3167 1526 3243 ἔργα,
1581 3166 1856 3240 ἄνθρωποι
1913 3168 1972 3222 ἂν

313 3260 418 3315 εἶεν
472 3261 524 3313 οἱ
570 3263 739 3314 ταῦτα
769 3258 1181 3333 πράξαντες,καὶ
1231 3257 1291 3312 ού
1345 3257 1477 3312 θεοί.
1525 3263 1648 3312 Κατ’
1690 3255 1972 3327 ἀλλήλους

310 3351 413 3425 γὰρ
446 3353 564 3411 ταῖς
616 3347 824 3410 οὐσίαις
855 3346 942 3402 καί
982 3351 1078 3409 τὰς
1124 3347 1345 3423 πράξεις
1400 3347 1534 3401 εἶναι
1584 3348 1720 3422 χρὴ,
1765 3345 1857 3400 ’ἱνα
1886 3345 1974 3400 καί

2085 761 2410 827 lent,quam
2444 757 2543 811 13
2576 756 2645 811 ob
2670 773 2907 812 causam
2939 773 3038 812 eos
3069 756 3187 812 ista
3217 756 3288 812 de
3319 754 3431 810 diis
3464 756 3731 812 ﬁnxisse.

2082 844 2300 899 Verum
2320 844 2780 900 hancceillorum
2795 845 3231 901 excusationem
3255 845 3532 901 omnibus
3555 844 3733 901 etiam

2085 932 2216 988 aliis
2249 933 2656 990 obsoletiorem
2692 939 2747 990 et
2775 933 3088 990 futiliorem
3121 950 3250 991 esse
3307 951 3377 990 ex
3434 934 3526 991 his
3586 934 3732 1007 ipsis

2084 1025 2487 1080 demonstrare
2514 1023 2670 1092 licet,
2705 1041 2832 1095 quae
2861 1023 2974 1096 ipsi
3005 1025 3076 1079 de
3108 1024 3222 1080 diis
3268 1023 3386 1080 illis
3417 1024 3734 1097 opinantur

2083 1119 2140 1169 et
2170 1114 2505 1186 praedicant.
2541 1114 2600 1168 Si
2632 1113 2786 1168 enim
2849 1131 2975 1185 quae
3034 1118 3217 1186 poetae
3277 1117 3521 1170 narrant
3579 1130 3734 1170 com-

2084 1204 2304 1259 mentia
2328 1208 2384 1260 et
2416 1203 2562 1259 falsa
2593 1207 2750 1270 sunt,
2786 1203 2931 1259 falsa
2977 1219 3210 1274 quoque
3239 1203 3418 1270 Jovis,
3468 1203 3730 1270 Saturni,

2080 1293 2352 1363 Junonis,
2384 1293 2586 1348 Martis
2617 1290 2983 1363 aliorumque
3015 1291 3255 1347 nomina
3286 1291 3731 1364 fuerint.Siqui-

2083 1383 2235 1446 dem,
2270 1386 2333 1436 ut
2362 1381 2472 1454 ipsi
2501 1383 2776 1447 fatentur,
2807 1382 2952 1436 forte
2983 1382 3110 1453 ipsa
3139 1383 3314 1436 etiam
3339 1381 3577 1438 nomina
3600 1381 3732 1437 ﬁcta

2083 1472 2318 1539 fuerint,
2353 1489 2458 1527 nec
2491 1471 2650 1526 ullus
2689 1472 2930 1526 omnino
2963 1471 3190 1526 exsistit
3219 1471 3448 1542 Jupiter
3475 1470 3566 1526 vel
3627 1471 3732 1526 Sa-

2082 1567 2292 1616 turnus
2323 1562 2409 1616 vel
2444 1562 2598 1616 Mars
2635 1579 2646 1616 :
2682 1561 2783 1616 sed
2817 1577 2915 1615 eos
2938 1560 3109 1631 quasi
3143 1560 3491 1616 exsistentes
3524 1561 3596 1614 ad
3628 1578 3731 1616 au-

2083 1651 2298 1706 ditores
2331 1650 2705 1722 decipiendos
2737 1651 3033 1706 ﬁnxerunt
3064 1648 3449 1720 poetaa.Atqui
3481 1649 3530 1704 si
3554 1653 3732 1722 poetae

2083 1757 2176 1796 res
2205 1758 2330 1812 quae
2364 1757 2478 1796 non
2511 1740 2797 1796 exsistant
2826 1740 3267 1811 ﬁngunt,quare
3298 1739 3437 1794 deos
3469 1735 3602 1794 illos
3621 1737 3736 1794 vel-

2083 1835 2148 1884 ut
2179 1829 2525 1894 exsistentes
2557 1829 2758 1885 colunt
2784 1828 2812 1883 ?
2842 1833 2930 1884 An
2971 1828 3128 1884 enim
3191 1829 3337 1884 forte
3395 1828 3736 1900 responsuri

2083 1924 2222 1975 sunt
2255 1918 2496 1974 nomina
2526 1918 2763 1990 quidem
2795 1935 2911 1973 non
2950 1917 3070 1989 figi,
3127 1917 3229 1973 sed
3260 1917 3410 1972 facta
3440 1915 3588 1973 falso
3617 1915 3735 1972 illis

2085 2009 2297 2064 ascribi
2323 2010 2349 2063 ?
2378 2011 2450 2064 At
2480 2009 2533 2062 id
2552 2009 2728 2064 etiam
2748 2009 2818 2063 ad
2841 2007 3076 2062 illorum
3119 2006 3517 2063 defensionem
3550 2004 3736 2061 nihilo

2078 2099 2268 2154 tutius
2299 2103 2405 2154 est.
2435 2098 2581 2154 Nam
2614 2099 2660 2153 si
2697 2098 2850 2153 facta
2881 2096 3200 2153 commenti
3259 2100 3419 2164 sunt,
3473 2095 3646 2168 plane
3679 2101 3736 2152 et

2078 2205 2280 2245 eorum
2311 2189 2554 2244 nomina
2584 2204 2835 2260 quorum
2871 2188 3020 2242 facta
3057 2202 3187 2242 esse
3209 2186 3516 2258 scripsere,
3552 2185 3731 2241 etiam

2080 2282 2220 2333 sunt
2249 2276 2584 2332 commenti.
2617 2276 2717 2332 Vel
2751 2276 2798 2331 si
2829 2276 2888 2331 in
2918 2275 3231 2348 vulgandis
3263 2273 3605 2330 nominibus
3637 2290 3731 2336 ve-

2081 2383 2243 2423 races
2275 2372 2538 2437 sunt,eos
2572 2382 2808 2438 quoque
2844 2367 2898 2420 in
2927 2367 3095 2421 factis
3126 2365 3473 2420 enarrandis
3499 2380 3732 2420 veraces

2081 2473 2209 2514 esse
2239 2472 2477 2511 necesse
2508 2460 2615 2511 est.
2650 2457 2929 2511 Praelerea
2961 2454 3062 2526 qui
3097 2453 3228 2510 illos
3283 2454 3423 2509 deos
3463 2469 3592 2509 esse
3624 2453 3732 2509 ﬁn-

2078 2563 2212 2602 xere
2242 2550 2522 2601 noverant
2554 2544 2758 2616 utique
2789 2561 2916 2616 quas
2947 2545 3086 2599 deos
3119 2559 3290 2615 agere
3321 2543 3505 2612 decet,
3541 2559 3731 2614 neque

2082 2653 2345 2708 unquam
2368 2635 2676 2689 hominum
2697 2638 2863 2690 notas
2889 2633 3003 2689 diis
3026 2633 3424 2689 afﬁnxissent:
3455 2633 3541 2688 uti
3563 2647 3735 2688 nemo

2082 2726 2238 2798 ignis
2267 2725 2538 2780 effectum
2583 2741 2746 2793 aqua
2815 2723 3166 2790 attribuerit,
3215 2739 3349 2777 cum
3407 2722 3562 2795 ignis
3621 2721 3738 2778 vim

2083 2812 2465 2870 comburendi
2496 2811 2900 2884 habeat,aqua3
2934 2815 3130 2867 autem
3158 2809 3371 2882 frigida
3400 2809 3479 2865 sit
3506 2813 3737 2865 natura.

2083 2907 2450 2976 Quapropter
2479 2903 2528 2958 si
2560 2903 2711 2958 facta
2741 2902 2921 2974 digna
2961 2904 3099 2957 sunt
3154 2900 3424 2972 deorum,
3457 2899 3538 2954 dii
3597 2915 3740 2955 sane

2085 2994 2301 3048 fuerint
2333 2993 2435 3065 qui
2465 2992 2581 3047 ista
2612 2996 2875 3064 egerunt.
2918 2991 3018 3046 Sin
3079 2994 3281 3045 autem
3348 2987 3657 3046 hominum
3689 2992 3748 3044 et

2085 3083 2320 3154 quidem
2353 3099 2468 3137 non
2491 3081 2873 3137 honestorum
2907 3080 2984 3136 sit
3014 3077 3588 3150 adulterari,aliaque
3616 3094 3743 3149 quze

2084 3189 2263 3244 supra
2287 3170 2745 3227 memoravimus
2779 3169 3000 3225 scelera
3035 3168 3399 3224 committere
3433 3167 3744 3224 :homines

2085 3261 2287 3336 procul
2327 3261 2506 3316 dubio
2538 3259 2772 3328 fuerint,
2806 3276 2922 3314 non
2965 3258 3067 3328 dii,
3118 3258 3221 3330 qui
3260 3256 3363 3312 illa
3415 3262 3734 3329 patravere.

2084 3356 2262 3407 Actus
2292 3351 2448 3406 enim
2480 3350 2708 3406 naturis
2741 3365 3060 3422 congruere
3075 3348 3307 3418 debent,
3343 3351 3404 3402 ut
3424 3351 3480 3403 et
3499 3345 3742 3404 effectus

311 3439 372 3494 ἐκ
414 3446 515 3509 τῆς
565 3436 833 3513 ἐνεργείας
893 3438 920 3490 ὁ
971 3437 1172 3510 πράξας
1224 3439 1577 3513 μαρτυρηθῇ,
1620 3437 1708 3490 καὶ
1765 3435 1822 3490 ἐκ
1872 3443 1972 3504 τῆς

2091 3446 2386 3498 auctorem
2417 3443 2684 3506 testetur,
2718 3444 2775 3495 et
2803 3456 2870 3494 ex
2912 3442 3123 3494 natura
3179 3440 3344 3492 actus
3404 3435 3586 3508 possit
3643 3451 3743 3490 co-

311 3527 497 3590 οὐσίας
526 3527 719 3602 πρᾶξις
750 3529 1058 3603 γνωσθῆναι
1108 3524 1336 3600 δυνηθῇ.
1386 3529 1588 3601 Ὥσπερ
1642 3524 1732 3581 οὖν
1787 3524 1838 3580 εἷ’
1870 3546 1975 3594 τις,

312 3615 701 3692 διαλεγόμενος
747 3615 871 3691 περὶ
917 3612 1111 3677 ὕδατος
1158 3617 1250 3670 καὶ
1300 3614 1521 3691 πυρὰς,
1571 3617 1660 3670 καὶ
1707 3618 1803 3677 τὰς
1851 3617 1977 3669 τού-

308 3729 419 3764 των
470 3706 743 3783 ἒνεργείας
796 3703 1186 3780 ἀπαγγέλλων,
1241 3705 1338 3760 ούκ
1388 3705 1634 3777 ἂνκεῖπε,
1688 3707 1750 3760 τὸ
1793 3706 1885 3778 μὲν
1920 3702 1977 3758 ὕ-

310 3795 426 3872 δωρ
456 3796 650 3865 καίειν,
681 3796 743 3849 τὸ
779 3792 835 3850 δὲ
863 3799 970 3870 πῦρ
1021 3794 1239 3871 ψύχειν·
1292 3793 1405 3850 οὐδ’
1458 3793 1616 3858 εἷ’τις
1648 3795 1771 3870 περὶ
1812 3793 1980 3864 ἡλίου

308 3886 553 3962 καὶ-γῆς
601 3883 868 3962 διηγεῖτο,
913 3882 1094 3960 ἔλεγεν
1151 3884 1209 3940 ἂν
1258 3886 1357 3955 τὴν
1406 3885 1500 3958 μὲν
1547 3893 1650 3961 γῆν
1705 3883 1978 3964 φωτίζειν,

308 3975 403 4032 τὸν
452 3974 510 4031 δὲ
562 3973 723 4045 ’ἥλιον
791 3975 1019 4051 βοτάνας
1077 3974 1166 4029 καὶ
1213 3973 1455 4049 καρποὺς
1507 3977 1619 4048 (95)
1650 3973 1980 4049 σπείρεσθαι,

252 4102 254 4104 τ
314 4065 462 4120 ἀλλά
518 4067 609 4120 καὶ
661 4063 864 4140 λέγων,
922 4070 1094 4119 πᾶσαν
1156 4061 1542 4141 παραπληξίαν
1603 4059 1928 4140 ὑπερέϐαλεν
1968 4083 1980 4094 ·

312 4150 488 4217 οὕτως
540 4153 639 4208 οὐκ
668 4153 727 4208 ἂν
764 4155 814 4208 οἳ
859 4155 985 4228 παρ’
1031 4152 1215 4214 αύτοῖς
1265 4158 1618 4231 συγγραφεῖς,
1670 4154 1759 4208 καὶ
1817 4151 1979 4226 μάλι-

312 4265 412 4299 στα
469 4245 497 4299 ὁ
555 4244 768 4298 πάντων
821 4243 1166 4318 ἐξοχώτατος
1223 4244 1494 4316 ποιητὴς,
1552 4242 1700 4318 εἷ’περ
1762 4239 1979 4314 ᾔδεισαν

313 4333 468 4395 θεοὺς
501 4333 631 4388 εἶναι
657 4333 748 4387 τὸν
784 4331 880 4387 Δία
920 4331 1168 4393 καὶτοὺς
1213 4330 1442 4401 ἄλλους,
1492 4331 1746 4393 τοιαύτας
1798 4332 1981 4394 αὐτοῖς

311 4423 638 4497 περιέθηκαν
672 4422 912 4498 πράξεις,
966 4421 1020 4474 αἲ
1075 4422 1164 4494 μὴ·
1203 4420 1338 4474 εἶναι
1384 4418 1536 4481 θεοὺς
1588 4419 1782 4482 αὐτοὺς
1824 4419 1980 4495 ἐλέγ-

313 4533 532 4589 χουσιν,
567 4509 714 4566 ἀλλὰ
747 4508 958 4584 μᾶλλον
994 4510 1306 4585 ἀνθρώπους
1354 4510 1511 4579 εἶναι,
1544 4509 1634 4564 καὶ
1667 4509 1984 4585 ἀνθρώπους

315 4601 380 4657 οὗ
431 4602 744 4678 σώφρονας.
801 4604 872 4655 ’Ή
924 4600 967 4654 εἷ
1020 4598 1310 4673 ἐψεύσαντο
1363 4600 1437 4661 ὡς
1483 4600 1732 4668 ποιηταὶ,
1782 4599 1872 4653 καὶ
1923 4599 1984 4653 σὺ

312 4689 524 4746 τούτων
577 4687 906 4765 καταψεύδῃ,
959 4686 1047 4744 διὰ
1094 4689 1146 4742 τί
1199 4691 1274 4762 μὴ
1326 4689 1415 4743 καὶ
1449 4691 1562 4762 (96)
1613 4687 1699 4743 ἐπὶ
1749 4695 1849 4758 τῆς
1898 4690 1985 4743 ἀν-

2090 3529 2831 3604 gnosci.Quemadmodum
2863 3544 3000 3601 ergo
3026 3527 3075 3582 si
3099 3526 3232 3598 quis
3263 3525 3333 3580 de
3353 3542 3505 3597 aqua
3534 3528 3592 3580 et
3610 3523 3745 3596 igne

2092 3620 2410 3692 disputare,
2443 3635 2767 3690 eorumque
2817 3618 3056 3674 effectus
3113 3616 3318 3671 afferre
3369 3613 3564 3683 vellet,
3595 3631 3743 3668 nun-

2092 3727 2268 3782 quam
2301 3710 2558 3781 profecto
2592 3709 2786 3763 dicere
2816 3708 3057 3763 auderet
3115 3723 3329 3778 aquam
3380 3704 3744 3774 comburere,

2091 3799 2286 3872 ignem
2313 3798 2676 3870 refrigerare.
2709 3795 2990 3855 Similiter
3021 3795 3068 3852 si
3101 3794 3233 3867 quis
3264 3795 3334 3850 de
3365 3793 3486 3850 sole
3517 3798 3574 3849 et
3595 3796 3748 3850 terra

2091 3889 2378 3944 disserere
2409 3888 2844 3960 aggrederetur,
2871 3885 3216 3957 neutiquam
3250 3888 3403 3940 certe
3425 3882 3750 3939 afﬁrmaret

2090 3983 2306 4033 terram
2359 3975 2718 4043 illuminare,
2745 3975 2929 4032 solem
2964 3980 3160 4031 autem
3191 3973 3404 4030 herbas
3432 3977 3489 4029 et
3520 3973 3746 4028 fructus

2093 4069 2413 4140 producere
2474 4065 2782 4138 ;alioquin
2842 4061 3247 4138 stupiditatem
3310 4062 3748 4134 amcntiamque

2094 4173 2327 4213 omnem
2359 4159 2680 4228 superaret.
2717 4156 2802 4209 Ita
2827 4154 2872 4211 si
2910 4155 3049 4211 deos
3074 4170 3203 4210 esse
3232 4153 3433 4209 Jovem
3482 4156 3746 4208 caeteros-

2095 4263 2208 4319 que
2238 4246 2380 4301 alios
2411 4251 2636 4301 certum
2672 4244 3020 4300 habuissent
3051 4243 3290 4298 illorum
3315 4243 3649 4314 scriptores,
3682 4257 3748 4296 ac

2100 4336 2385 4410 praecipue
2410 4335 2677 4390 omnium
2726 4333 3250 4406 praestantissimus
3308 4336 3497 4404 poeta,
3547 4331 3749 4401 hujus-

2097 4425 2252 4481 modi
2286 4430 2454 4480 actus
2487 4423 2604 4479 illis
2639 4441 2753 4478 non
2785 4420 3216 4494 ascripsissent,
3261 4421 3479 4492 quibus
3510 4436 3609 4474 eos
3631 4435 3746 4474 non

2096 4517 2234 4572 deos
2261 4516 2360 4570 sed
2390 4514 2587 4586 potius
2618 4511 3489 4582 homines,homines,inquam,
3515 4525 3629 4563 non
3654 4523 3748 4562 sa-

2098 4606 2325 4677 pientes
2356 4603 2537 4659 fuisse
2570 4602 2946 4658 manifestum
3005 4601 3189 4655 fieret.
3250 4598 3351 4655 Vel
3410 4597 3458 4653 si
3520 4596 3750 4652 mentiti

2097 4699 2238 4750 sunt
2267 4692 2471 4766 poetae,
2503 4697 2686 4764 tuque
2716 4689 2847 4747 illos
2880 4688 3010 4744 falsi
3062 4688 3285 4760 arguis,
3317 4703 3498 4759 quare
3546 4687 3617 4742 de
3652 4681 3752 4742 he;

318 4778 501 4858 δρείας
531 4786 640 4835 τῶν
685 4781 886 4855 ἡρώων
938 4778 1249 4853 ἐψεύσαντο,
1284 4779 1372 4832 καὶ
1429 4778 1543 4832 ἀντὶ
1598 4779 1691 4851 μὲν
1740 4775 1975 4851 ἀνδρείας

2100 4801 2268 4840 roum
2294 4783 2635 4838 fortitudine
2668 4780 2812 4836 falsa
2843 4778 3059 4835 dixisse
3091 4794 3206 4834 non
3237 4777 3345 4843 vis,
3379 4793 3485 4832 nec
3517 4792 3620 4848 pro
3642 4776 3757 4831 fora

319 4871 590 4926 ἀσθένειαν
629 4916 642 4941 ,
704 4868 818 4924 ἀντὶ
879 4867 936 4924 δὲ
994 4869 1265 4931 ἀσθενείας
1325 4866 1570 4944 ἀνδρείαν
1633 4866 1986 4938 ἐπλάσαντο;

318 4956 471 5014 Ἔδει
499 4962 603 5036 γὰρ
636 4958 816 5035 ὥσπερ
870 4957 957 5014 ἐπὶ
1007 4963 1102 5013 τοῦ
1147 4958 1271 5021 Διὸς
1317 4958 1406 5013 καὶ
1456 4965 1556 5028 τῆς
1607 4961 1800 5034 ⁰Ηρας,
1848 4958 1990 5014 οὕτω

316 5048 412 5105 καί
467 5053 565 5105 τοῦ
627 5050 721 5124 μὲν
790 5047 1107 5126 ’Δχιλλέως
1168 5046 1482 5125 ἀνανδρείαν
1535 5047 1986 5123 καταψεύσασθαι,

318 5144 418 5195 τοῦ
475 5137 534 5194 δὲ
589 5139 847 5215 Θερσίτου
907 5137 1132 5213 δύναμιν
1193 5136 1509 5213 θαυμάσαι·
1572 5137 1661 5194 καὶ

323 5225 621 5292 Ὀδυσσέως
701 5228 977 5285 ἀσυνεσίαν
1041 5223 1318 5283 διαϐαλεῖν
1362 5273 1380 5302 ,
1436 5234 1533 5284 τοῦ
1609 5228 1665 5284 δὲ
1725 5231 1991 5305 Νέστορος

321 5317 745 5396 παραφροσύνην
803 5316 1154 5373 πλάσασθαι·
1215 5317 1304 5372 καὶ
1362 5322 1459 5373 τοῦ
1523 5319 1615 5391 μὲν
1677 5315 1988 5392 Διομήδους

1735 5144 1832 5193 τοῦ
1895 5140 1987 5212 μὲν

396 5461 510 5534 (92)
543 5461 634 5523 Ὣς
668 5463 833 5519 deest
883 5461 944 5518 in
1002 5462 1176 5518 Basil.
1239 5463 1466 5534 Anglic.
1530 5469 1586 5518 et
1637 5463 1894 5519 Felckm.

321 5533 507 5608 anon.
541 5533 721 5608 Paulo
753 5539 889 5608 poct
916 5538 1153 5608 Seguer.
1186 5539 1243 5590 et
1301 5533 1530 5608 A’nglic.
1593 5555 1827 5608 φησουσι
1887 5536 1991 5592 ha-

324 5607 496 5683 bent,
529 5605 633 5683 alii
655 5595 855 5683 autem
881 5595 1025 5683 cuni
1051 5595 1520 5683 editis_c9:r§ant._
1605 5595 1614 5611 ⁸

402 5678 518 5751 (93)
549 5675 877 5751 Ἐψεύσαντο
908 5679 1071 5751 deest
1103 5679 1162 5751 in
1209 5675 1464 5751 Félckm.
1492 5679 1527 5730 2
1585 5696 1757 5736 anon.
1815 5678 1992 5735 Paulo

323 5747 465 5824 post
493 5747 846 5824 particulam
879 5749 930 5824 ei
953 5747 1148 5824 postw’i
1182 5749 1569 5824 restituimus
1583 5766 1652 5824 ex
1683 5768 1828 5808 mss.
1890 5751 1986 5808 Se-

321 5819 705 5896 _guer._Basil.
765 5819 991 5894 Anglic.
1055 5821 1284 5879 Gobler.
1339 5827 1397 5877 et
1423 5819 1699 5880 Felchim.
1758 5826 1784 5879 1
1845 5826 1902 5880 et
1957 5826 1992 5879 2

324 5911 509 5955 811011.

613 6023 879 6089 PATROL.
928 6023 1040 6088 Gn.
1084 6022 1279 6088 XXV.

2102 4874 2352 4930 titudine
2385 4871 2868 4940 imbecillitatem,
2904 4873 3005 4924 aut
3035 4885 3138 4940 pro
3169 4865 3568 4923 imbecillitate
3598 4865 3756 4921 forti-

2103 4963 2368 5021 tudinem
2403 4963 2768 5018 commentos
2799 4976 2928 5016 esse
2952 4960 2979 5013 ?
3008 4958 3228 5030 Nempe
3259 4956 3624 5023 debuissent,
3669 4953 3756 5009 uti

2103 5054 2173 5110 de
2204 5057 2341 5108 Jove
2400 5056 2456 5107 et
2519 5051 2754 5107 Junone
2819 5048 3137 5104 commenti
3205 5051 3366 5112 sunt,
3429 5044 3512 5101 ita
3577 5043 3754 5100 etiam

2102 5141 2387 5198 Achillem
2422 5141 2662 5214 ignavia:
2696 5136 3044 5195 insimulare
3077 5140 3133 5193 et
3162 5135 3445 5193 Thersitae
3474 5134 3626 5190 vires
3657 5133 3755 5188 ad-

2103 5231 2559 5304 mirari,Ulyssis
2591 5228 3051 5301 imprudentiam
3085 5231 3141 5283 et
3162 5226 3570 5299 stupiditatem
3601 5224 3755 5280 inse-

2103 5320 2270 5392 ctari,
2297 5319 2526 5376 Nestori
2582 5316 2985 5391 insipientiam
3045 5316 3320 5385 tribuere,
3381 5313 3642 5371 Diomedi
3698 5317 3756 5369 et

2175 5463 2289 5552 (94)
2321 5464 2414 5519 Sic
2447 5464 2684 5534 Seguer.
2710 5465 2766 5516 et
2795 5459 3024 5552 Gobler.
3059 5459 3170 5552 Alii
3233 5475 3365 5552 cum
3397 5457 3591 5552 editis,
3625 5453 3751 5552 εἰσί,

2103 5529 2224 5592 νόχ
2258 5529 2408 5611 ἔργα.
2444 5529 2571 5606 quae
2605 5551 2739 5589 mox
2764 5532 3049 5604 sequitur,
3091 5532 3256 5586 deest
3314 5531 3373 5585 in
3433 5529 3658 5586 Felkm.
3719 5531 3754 5583 2

2103 5626 2286 5752 “(iiii
2320 5679 2413 5736 Sic
2443 5679 2679 5752 Seguer.
2709 5675 2936 5733 Gobler.
2982 5673 3260 5752 F_elckm.__
3295 5675 3320 5728 1
3374 5679 3430 5729 et
3485 5677 3520 5729 2
3578 5689 3751 5730 anon.

2110 5745 2228 5807 Alii
2259 5745 2392 5824 eum
2424 5745 2617 5824 editis,
2656 5745 3025 5824 Bocavauixai
3056 5749 3310 5824 καρποῖς.

2175 5825 2288 5896 (96)
2345 5817 2697 5896 Particulam
2753 5819 2843 5875 καί
2901 5817 3138 5893 Seguer,
3197 5817 3418 5874 habet:
3458 5817 3554 5874 alii
3612 5827 3748 5870 cum

2103 5893 2278 5953 editis
2309 5893 2608 5955 omittunt.

3439 6017 3481 6084 2
