4160 6404
349 462 430 522 35
892 459 962 520 8.
1005 456 1427 519 ATHANASII
1473 457 1648 518 OPP.
1692 456 1892 518 PARS
1935 457 1986 518 Ι.
2019 485 2098 502 -
2126 455 2551 519 HISTORICA
2597 456 2700 518 ET
2745 457 3229 520 DOGMATIGA.
3687 463 3771 524 36

341 592 575 651 Hectori
609 591 927 649 muliebres
957 590 1239 658 actiones,
1267 589 1513 646 Hecubae
1539 606 1672 646 vero
1705 589 1992 646 fortitudi-

2109 587 2196 642 καὶ
2254 590 2519 664 Ἕκτορος
2576 590 2884 665 γυναικείας
2939 589 3194 666 πράξεις,
3253 597 3354 661 τῆς
3414 588 3473 648 δὲ
3528 588 3767 666 Ἑκάϐης

346 700 482 740 nem
515 682 793 754 afﬁngere
825 699 838 748 ;
873 681 1188 753 siquidem,
1213 685 1277 735 ut
1306 679 1418 752 ipsi
1443 679 1666 751 volunt,
1691 679 1996 752 proprium

342 778 650 844 poetarum
673 776 797 828 erat
817 771 875 825 in
909 769 1184 825 omnibus
1207 770 1425 841 ﬁngere
1445 774 1503 824 et
1545 769 1801 825 mentiri.
1821 768 1996 840 Atqui

349 879 483 919 cum
515 863 588 917 de
616 860 959 916 hominibus
991 859 1230 931 quidem
1277 859 1660 930 scripserunt,
1692 861 1996 914 veritatem

349 966 624 1007 servare:
659 967 794 1005 cum
826 953 1023 1005 autem
1076 950 1147 1004 de
1206 949 1302 1014 iis,
1361 965 1509 1020 quos
1570 950 1706 1005 deos
1765 952 1993 1017 vocant,

347 1056 677 1096 sermonem
706 1039 1064 1106 habuerunt,
1095 1039 1405 1094 mendaces
1436 1054 1566 1094 esse
1595 1055 1711 1094 non
1743 1041 1884 1093 sunt
1909 1052 1998 1092 ve-

344 1129 461 1186 riti.
497 1130 643 1185 Nam
674 1129 734 1184 id
765 1129 944 1185 etiam
993 1129 1140 1184 forte
1195 1128 1412 1200 aliquis
1471 1127 1708 1184 illorum
1765 1125 1994 1196 dixerit,

354 1217 504 1274 falsa
534 1221 738 1290 poetas
769 1218 1047 1285 scribere,
1081 1233 1213 1272 cum
1248 1215 1549 1289 impudica
1577 1217 1820 1272 deorum
1853 1216 2006 1271 facta

344 1311 589 1364 narrant
619 1324 632 1364 :
666 1312 724 1363 at
745 1324 880 1364 cum
907 1323 1007 1363 eos
1039 1305 1304 1375 laudant,
1337 1323 1472 1362 cum
1505 1307 1708 1363 Jovem
1768 1309 1995 1377 patrem

344 1399 590 1455 deorum
619 1413 1084 1470 supremumque
1101 1413 1166 1452 ac
1189 1396 1525 1469 Olympium
1549 1401 1607 1451 et
1635 1398 1694 1450 in
1709 1394 1870 1450 ccelis
1890 1393 1997 1448 im-

341 1492 647 1560 perantem
681 1487 1021 1559 praedicant,
1053 1485 1184 1541 illos
1235 1485 1381 1541 nihil
1439 1484 1834 1552 comminisci,
1893 1483 1995 1538 sed

341 1593 477 1634 vera
506 1577 721 1633 dicere.
755 1577 968 1633 Verum
999 1575 1058 1630 id
1100 1575 1365 1647 responsi
1417 1580 1621 1631 contra
1679 1573 1813 1629 illos
1843 1588 1992 1640 esse,

341 1683 459 1723 non
486 1665 633 1722 mihi
664 1665 794 1736 soli,
829 1665 931 1721 sed
962 1664 1145 1720 cuivis
1178 1664 1341 1720 facile
1393 1669 1482 1720 est
1528 1663 1861 1727 ostendere,
1893 1661 1996 1716 ite-

341 1772 594 1827 rumque
621 1755 836 1811 veritas
866 1755 1078 1811 iisdem
1111 1753 1631 1826 argumentis,qua3
1655 1754 1782 1824 jam
1814 1767 1996 1823 supra

343 1844 675 1912 attulimus,
707 1859 835 1900 sese
866 1843 1144 1899 adversus
1175 1859 1275 1898 eos
1314 1843 1596 1898 tuebitur.
1631 1842 1804 1896 Facta
1833 1841 1991 1895 enim

343 1933 476 1990 illos
503 1935 606 1989 14
645 1933 828 1990 fuisse
876 1932 1144 1988 homines
1204 1932 1398 2006 palam
1456 1933 1808 1988 convincunt
1841 1948 1854 1998 ;
1890 1930 1991 1986 sed

343 2022 550 2080 laudes
588 2023 804 2096 quibus
859 2038 960 2079 eos
1018 2023 1290 2092 eli‘erunt,
1350 2022 1658 2078 hominum
1717 2025 1991 2076 naturam

342 2111 515 2186 longe
545 2118 930 2185 superant.At
946 2113 1045 2185 qui
1077 2116 1399 2185 utrumque
1419 2112 1631 2168 horum
1661 2127 1861 2167 secum
1893 2126 1996 2181 pu-

343 2207 483 2275 gnat
513 2219 527 2260 :
563 2219 700 2259 nam
747 2218 936 2276 neque
994 2203 1298 2275 proprium
1357 2206 1445 2259 est
1496 2201 1820 2258 caelestium
1882 2200 1996 2256 ista

345 2309 539 2366 agere,
572 2309 762 2365 neque
793 2293 896 2366 qui
925 2291 1047 2349 hazc
1085 2297 1289 2365 agunt,
1349 2292 1490 2348 deos
1547 2290 1836 2362 suspicari
1893 2289 1995 2361 qui

340 2387 496 2439 recte
526 2383 733 2455 possit.

417 2473 504 2528 17.
538 2473 687 2538 Quid
719 2472 901 2545 igitur
930 2475 1129 2539 restat,
1161 2487 1338 2544 quam
1371 2475 1438 2527 ut
1461 2469 1866 2543 intelligamus
1888 2469 1996 2525 fal-

341 2578 440 2618 sas
461 2561 701 2634 quidem
731 2567 789 2618 et
818 2561 1173 2618 adulationis
1202 2578 1336 2633 ergo
1357 2562 1522 2616 ﬁctas
1552 2559 1735 2616 fuisse
1763 2558 1992 2630 laudes,

342 2651 497 2706 facta
527 2655 724 2707 autem
757 2668 893 2708 vera
921 2667 1049 2708 esse
1076 2651 1104 2708 'i
1136 2652 1314 2722 quue
1355 2651 1436 2705 ita
1465 2665 1595 2706 esse
1643 2667 1710 2706 ex
1767 2649 1994 2722 vulgari

347 2755 512 2795 more
541 2739 677 2796 licet
717 2757 1086 2814 cognoscere.
1119 2740 1301 2796 Nemo
1356 2741 1514 2795 enim
1573 2740 1674 2811 qui
1735 2739 1993 2811 aliquem

340 2828 584 2886 laudare
614 2831 970 2903 aggreditur,
994 2831 1124 2901 ejus
1152 2830 1328 2886 vitam
1361 2829 1654 2902 vituperat
1685 2847 1696 2884 :
1734 2830 1835 2885 sed
1861 2845 1995 2885 con-

348 2923 458 2986 tra,
493 2935 746 2990 quorum
767 2918 890 2974 vita
913 2918 1103 2990 turpis
1133 2917 1319 2984 est,ad
1349 2916 1842 2988 vituperationem
1865 2932 1994 2987 quas

347 3007 484 3063 inde
518 3007 685 3080 sequi
710 3006 859 3065 solet
887 3007 1321 3078 removendam,
1355 3005 1451 3062 illo
1510 3005 1786 3061 laudibus
1817 3023 1997 3078 supra

351 3097 600 3153 modum
632 3097 1011 3164 extollunt,ut
1040 3101 1097 3152 et
1127 3097 1368 3153 laudum
1391 3095 1798 3168 magnitudine
1827 3094 1993 3150 audi-

341 3192 501 3246 tores
531 3187 846 3260 decipiant,
877 3191 935 3243 et
962 3186 1223 3254 illorum,
1274 3202 1422 3258 quos
1471 3184 1736 3252 laudant,
1798 3184 2000 3257 nequi-

347 3279 492 3335 tiam
524 3277 838 3335 occultent.
873 3277 1073 3350 Itaque
1095 3276 1594 3348 quemadmodum
1618 3277 1717 3347 qui
1739 3274 1996 3347 aliquem

2024 1982 2071 2047 B

2108 675 2352 754 ἀνδρείαν
2409 677 2807 755 μυθολογῆσαι.
2869 680 2990 736 Ἐπὶ
3036 681 3252 736 πάντων
3300 683 3428 758 γὰρ,
3477 681 3556 746 ὡς
3610 683 3769 739 αὐτοὶ

2107 764 2378 841 λέγουσιν,
2438 765 2545 823 ἔδει
2572 769 2700 832 τοὺς
2756 771 2992 840 ποιητὰς
3047 767 3375 825 πλάττεσθαι
3431 770 3522 826 καὶ
3579 770 3768 846 ψεύδε-

2106 858 2246 913 σθαι.
2281 862 2386 913 Νῦν
2420 855 2478 912 δὲ
2521 864 2638 920 τοῖς
2695 860 2788 931 μὲν
2841 860 3147 934 ἀνθρώποις
3194 861 3293 929 τήν
3344 858 3603 930 ἀλήθειαν
3637 861 3765 940 ἐφύ-

2107 944 2293 1016 λαξαν,
2319 952 2426 1002 τῶν
2459 945 2517 1003 δὲ
2559 946 2872 1023 λεγομὲνων
2921 951 3055 1003 θεῶν
3099 949 3198 1004 οὐκ
3229 945 3571 1028 ἐφοϐήθησαν
3597 972 3763 1007 κατα-

2105 1035 2390 1108 ψεύδεσθαι
2437 1040 2571 1111 (97).
2624 1039 2720 1092 Καὶ
2768 1043 2928 1093 τοῦτο
2972 1040 3076 1116 γὰρ
3131 1039 3189 1093 ἄν
3238 1060 3324 1102 τις
3372 1039 3548 1095 αὐτῶν
3596 1038 3764 1110 ετίποι,

2108 1125 2159 1181 ἐν
2215 1128 2308 1199 μὲν
2353 1133 2472 1191 ταῖς
2526 1127 2648 1202 περὶ
2694 1127 2980 1204 ἀσελγείας
3028 1129 3202 1184 αὐτῶν
3272 1129 3494 1205 πράξεσι
3539 1128 3765 1205 ψεύδον-

2105 1238 2212 1271 ται·
2243 1217 2292 1271 ἐν
2327 1215 2385 1272 δὲ
2426 1222 2544 1280 τοῖς
2595 1217 2857 1290 ἐπαίνοις,
2908 1218 3032 1274 ὅταν
3082 1221 3288 1294 πατὲρα
3332 1221 3466 1287 θεῶν
3516 1220 3606 1275 καὶ
3654 1220 3767 1276 ῧπα

2104 1327 2195 1361 τον
2228 1307 2317 1361 καὶ
2347 1305 2646 1380 Ὀλύμπιον
2698 1307 2787 1363 καὶ
2838 1307 2888 1362 ἐν
2938 1307 3150 1382 ούρανῷ
3201 1307 3553 1384 βασιλεύοντα
3583 1307 3764 1386 λέγω·

2107 1416 2155 1450 σι
2190 1399 2301 1469 (98)
2331 1397 2422 1451 τὸν
2457 1397 2573 1467 Δία,
2626 1396 2687 1451 ού
2737 1395 3087 1468 πλάττονται,
3122 1396 3248 1452 ἀλλ’
3280 1397 3641 1468 ἀληθεύοντες
3671 1397 3765 1455 λέ-

2104 1506 2282 1560 γουσι.
2335 1488 2540 1542 Τοῦτον
2575 1484 2632 1541 δὲ
2663 1485 2724 1541 ού
2759 1486 2920 1560 μόνος
2968 1487 3100 1563 ἐγὼ,
3132 1485 3277 1543 ἀλλά
3325 1487 3416 1543 καὶ
3462 1489 3566 1552 πάς
3615 1487 3764 1552 ὅστις

2106 1572 2340 1649 ἐλέγξειε
2368 1576 2484 1630 κατ’
2514 1575 2687 1630 αὐτῶν
2740 1576 2868 1630 εἶναι
2911 1573 3004 1631 τὸν
3055 1573 3244 1651 λόγον.
3279 1574 3451 1632 Πάλιν
3501 1578 3605 1655 γὰρ
3641 1583 3765 1641 ταῖς

2103 1665 2348 1738 πρώταις
2391 1662 2722 1736 ἀποδείξεσιν
2772 1668 2807 1735 ἡ
2860 1663 3090 1738 ἀλήθεια
3134 1667 3251 1721 κατ’
3301 1665 3476 1722 αὐτῶν
3534 1670 3764 1746 φανήσε-

2101 1773 2210 1810 ται.
2273 1755 2340 1808 Αἱ
2400 1755 2493 1828 μὲν
2552 1755 2655 1830 γὰρ
2712 1755 2933 1832 πράξεις
3002 1757 3319 1830 ἀιθρώπους
3376 1755 3573 1820 αὐτοὺς
3629 1757 3765 1813 εἶναι

2105 1842 2418 1920 ἐλέγχουσι,
2467 1846 2533 1898 τά
2577 1842 2634 1899 δέ
2683 1844 2932 1921 ἐγκώμια
2985 1845 3118 1921 ὑπὲρ
3159 1846 3257 1915 τήν
3312 1845 3609 1922 ἀνθρώπων
3651 1846 3765 1902 ἐστὶ

2103 1933 2258 2010 φύσιν
2288 1953 2300 1965 ·
2357 1933 2604 2009 ἑκάτερον
2655 1931 2712 1989 δὲ
2757 1934 2963 1990 τούτων
3018 1932 3404 2005 ἀκατάλληλόν
3462 1934 3573 1991 ἐστι
3625 1937 3763 2012 πρὸς

2102 2022 2280 2076 ἑαυτό·
2332 2019 2454 2078 οὔτε
2493 2025 2597 2100 γὰρ
2635 2029 2744 2078 τῶν
2790 2023 2840 2080 ἐν
2895 2023 3144 2101 οὐρανοῖς
3195 2022 3332 2079 ἴδιόν
3384 2024 3497 2080 ἐστι
3540 2030 3765 2082 τοιαῦτα

2100 2113 2376 2185 πράττειν,
2410 2109 2533 2168 οὕτε
2571 2112 2700 2176 τούς
2745 2115 2814 2170 τὰ
2856 2118 3082 2170 τοιαῦτα
3126 2112 3464 2189 πράττοντας
3513 2116 3761 2171 ὑπονοεῖν

2100 2221 2184 2264 τις
2217 2198 2429 2257 δύναται
2463 2201 2637 2266 θεοὺς.

2177 2473 2262 2528 17.
2296 2470 2357 2525 Τί
2408 2471 2497 2526 οὗν
2548 2469 2900 2527 ὑπολείπεται
3109 2477 3277 2546 νοεῖν,
3327 2475 3362 2544 ἢ
3427 2472 3511 2530 ὅτι
3547 2475 3617 2530 τὰ
3671 2475 3764 2549 μὲν

2105 2560 2355 2636 ἐγκώμια
2410 2558 2580 2634 ψευδῆ
2649 2562 2738 2615 καὶ
2802 2563 3173 2637 κεχαρισμένα
3227 2564 3535 2640 τυγχάνει,
3592 2565 3648 2618 αἱ
3705 2561 3765 2620 δὲ

2102 2650 2320 2722 πράξεις
2373 2649 2727 2720 ἀληθεύονται
2758 2653 2835 2725 (1)
2864 2652 2980 2706 κατ’
3027 2650 3200 2707 αύτῶν
3236 2673 3250 2723 ;
3286 2651 3382 2707 Καί
3424 2656 3584 2708 τοῦτο
3616 2653 3760 2724 ἀλη-

2102 2741 2187 2802 θὲς
2222 2739 2282 2794 ἐκ
2309 2747 2410 2808 τῆς
2458 2739 2740 2810 συνηθείας
2789 2738 2848 2795 ἄν
2896 2762 2980 2804 τις
3031 2740 3402 2817 ἐπιγνώσεται.
3435 2740 3624 2806 Οὐδεὶς
3654 2745 3762 2819 γάρ

2105 2827 2463 2904 ἐγκωμιάζων
2493 2830 2615 2884 τινα
2644 2833 2740 2904 (2),
2789 2829 2880 2885 καὶ
2925 2836 3224 2907 κατηγορεῖ
3251 2839 3350 2902 τῆς
3381 2831 3574 2887 τούτου
3603 2830 3766 2888 πολι-

2102 2917 2268 2981 τείας·
2306 2917 2451 2973 ἀλλά
2484 2917 2696 2992 μᾶλλον
2729 2922 2813 2982 οἷς
2857 2919 2987 2974 εἰσιν
3025 2920 3078 2976 αἱ
3107 2921 3328 2997 πράξεις
3359 2922 3606 2998 αἰσχραὶ,
3635 2922 3761 2977 τού-

2101 3028 2230 3070 τους
2263 3005 2352 3062 διὰ
2392 3009 2484 3062 τὸν
2526 3007 2584 3063 ἐκ
2630 3009 2838 3064 τούτων
2890 3009 3061 3086 ψόγον
3106 3009 3386 3086 ἐπαίρουσι
3431 3016 3550 3074 τοῖς
3595 3011 3765 3087 ἐγκω-

2110 3097 2278 3171 μίοις,
2306 3095 2417 3168 ἵνα,
2449 3101 2519 3171 τῇ
2565 3096 2776 3153 τούτων
2813 3095 3092 3175 ὑπερϐολῇ
3133 3098 3260 3162 τούς
3302 3098 3596 3164 ἀκούοντας
3622 3100 3760 3156 ἀπα-

2103 3188 2368 3258 τήσαντες
2402 3231 2416 3256 ,
2476 3186 2814 3264 ἐπικρύψωσι
2884 3190 2984 3258 τὴν
3055 3187 3272 3243 ἐκείνων
3350 3189 3698 3265 παρανομίαν
3741 3233 3754 3246 .

2105 3278 2305 3350 ’Ὠσπερ
2355 3274 2445 3331 οὖν
2499 3273 2552 3330 εἷ’
2583 3298 2690 3345 τις,
2736 3276 3076 3351 ἐγκωμιάσαι
3121 3278 3243 3332 τινὰ
3285 3279 3643 3355 προθέμενος,
3693 3282 3770 3354 μὴ

352 3367 593 3426 laudare
613 3368 894 3436 instituit,
925 3367 975 3422 si
1007 3366 1230 3422 nullam
1260 3365 1348 3421 vel
1380 3366 1438 3420 in
1462 3366 1652 3431 factis,
1683 3365 1770 3420 vel
1791 3363 1852 3419 in
1885 3381 1992 3420 mo.

2117 3366 2353 3442 εὑρίσκοι
2390 3367 2482 3439 μὲν
2517 3365 2576 3420 ἐκ
2604 3363 2892 3428 πολιτείας
2943 3364 3084 3440 μηδὲ
3114 3365 3164 3437 ἐξ
3207 3367 3402 3442 ἀρετῆς
3432 3373 3534 3438 τῆς
3584 3371 3774 3444 ψυχῆς

354 3464 518 3520 ribus
547 3459 742 3516 laudis
774 3456 1080 3513 materiam
1112 3455 1409 3527 repererit,
1443 3453 1660 3527 quippe
1689 3470 1824 3509 cum
1857 3453 2000 3510 nihil

353 3552 467 3610 nisi
497 3555 667 3621 turpe
695 3547 756 3603 in
788 3546 883 3602 his
920 3549 1208 3612 occurrat,
1241 3543 1355 3600 alio
1404 3543 1856 3599 commendandi
1904 3559 2004 3615 ge-

351 3658 489 3698 nere
518 3640 604 3696 uti
635 3636 882 3711 cogitur,
913 3633 1136 3706 illique,
1170 3649 1346 3704 quem
1377 3631 1675 3699 laudat,ea
1708 3648 1836 3703 quae
1868 3649 2000 3703 pro-

351 3731 496 3803 priis
526 3726 750 3784 meritis
773 3727 998 3796 majora
1027 3728 1166 3778 sunt
1195 3720 1461 3778 attribuit
1495 3738 1507 3775 :
1540 3721 1621 3777 ita
1669 3737 1804 3776 cum
1838 3737 2000 3794 egre-

349 3820 478 3894 gios
508 3817 640 3874 illos
670 3821 874 3888 poetas
903 3814 1148 3870 deorum
1179 3828 1422 3868 suorum
1469 3810 1856 3883 turpitudinis
1889 3828 1997 3883 pu-

347 3911 734 3978 dere,nomen
765 3906 1028 3962 humana
1073 3909 1284 3958 natura
1313 3903 1506 3972 majus
1557 3902 1642 3957 eis
1699 3902 1996 3960 afﬁnxere.

344 4000 563 4057 Verum
594 4013 709 4052 non
745 3993 1158 4050 intellexerunt
1204 4009 1267 4048 se
1324 3991 1694 4060 commentis,
1751 4007 1878 4062 quas
1935 3991 1995 4046 in

346 4088 686 4146 mortalium
716 4083 1111 4142 conditionem
1143 4082 1385 4137 minime
1416 4081 1998 4154 quadrant,humana

344 4179 584 4236 illorum
618 4177 769 4233 facta
799 4191 916 4231 non
948 4173 1261 4230 obscurare
1305 4171 1391 4227 vel
1456 4171 1830 4238 abscondere,
1892 4173 1993 4228 sed

343 4269 542 4344 potius
569 4266 849 4324 humanis
882 4279 1085 4320 eorum
1115 4261 1275 4318 vitiis
1333 4265 1530 4334 aperte
1589 4261 1995 4317 demonstrare

346 4359 451 4417 Dei
482 4358 748 4415 notiones
778 4354 894 4419 illis
924 4368 1298 4424 nequaquam
1330 4367 1669 4423 congruere.
1705 4351 1821 4423 Ego
1851 4367 1994 4407 sane

340 4449 597 4506 arbitror
628 4463 728 4503 eos
757 4447 962 4500 contra
982 4441 1280 4514 propriam
1313 4446 1568 4497 mentem
1596 4439 1827 4496 illorum
1855 4441 1993 4498 vitia

339 4545 399 4596 et
429 4540 581 4595 facta
610 4550 938 4604 enarrasse,
971 4533 1072 4588 sed
1102 4548 1236 4587 cum
1294 4530 1869 4600 incommunicabile,
1927 4536 1992 4588 ut

338 4629 604 4701 loquitur
633 4627 935 4697 Scriptura
967 4624 1030 4692 ¹²,
1069 4621 1163 4678 Dei
1195 4638 1406 4678 nomen
1439 4625 1498 4677 et
1554 4622 1855 4692 honorem,
1892 4622 1986 4695 iis,

2113 3457 2212 3525 τήν
2275 3455 2542 3530 πρόφασιν
2600 3460 2707 3510 τῶν
2768 3455 3058 3531 ἐγκωμίων
3138 3453 3227 3511 ’διά
3293 3459 3392 3526 τήν
3445 3455 3498 3512 ἐν
3555 3457 3772 3520 τούτοις

2112 3545 2398 3622 αἰσχύνην,
2452 3543 2642 3608 ἄλλως
2673 3543 2730 3600 δὲ
2775 3545 2969 3609 αὐτοὺς
3020 3545 3256 3622 ἐπαίροι,
3285 3548 3355 3601 τὰ
3394 3547 3526 3624 ὑπὲρ
3576 3546 3772 3610 αὐτοὺς

2111 3637 2294 3698 αὐτοῖς
2325 3635 2689 3713 χαριζόμενος
2726 3657 2738 3670 ο
2791 3636 2934 3690 οὕτω
2985 3636 3075 3690 καὶ
3107 3637 3159 3691 o't
3188 3637 3314 3712 παρ’
3343 3636 3527 3698 αὑτοῖς
3559 3638 3772 3711 θαυμα-

2110 3727 2227 3780 στοὶ
2266 3747 2512 3798 ποιηται,
2567 3723 2979 3799 δυσωπούμενοι
3030 3724 3119 3780 ἐπὶ
3164 3732 3284 3789 ταῖς
3335 3725 3590 3803 αἰσχραῖς
3638 3729 3772 3802 πρά-

2108 3815 2215 3885 ξεσι
2263 3819 2372 3870 τῶν
2424 3813 2737 3890 λεγομὲνων
2783 3816 2910 3891 παρ’
2960 3814 3145 3878 αὐτοῖς
3190 3817 3348 3886 θεῶν,
3399 3817 3463 3871 τὸ
3514 3817 3645 3892 ὑπὲρ
3675 3813 3770 3871 ἅν-

2107 3907 2321 3979 θρωπον
2357 3905 2542 3967 αὐτοῖς
2593 3909 2879 3981 προσῆψαν
2923 3900 3115 3979 ὄνομα,
3167 3905 3266 3960 ούκ
3315 3903 3540 3978 εἰδότες,
3588 3905 3671 3961 ὅτι
3701 3905 3766 3961 ού

2104 3999 2224 4057 ταῖς
2281 3994 2412 4070 ὑπὲρ
2462 3991 2742 4070 ἄνθρωπον
2799 3994 3080 4058 ὑπονοίαις
3134 3993 3532 4050 ἐπισκιάσουσιν
3587 3993 3764 4050 αὐτῶν

2102 4084 2170 4138 τὰ
2200 4085 2530 4159 ἀνθρώπινα,
2565 4081 2711 4138 ἀλλά
2760 4081 2972 4157 μᾶλλον
3013 4089 3130 4147 τοῖς
3177 4084 3540 4160 ἀνθρωπίνοις
3587 4083 3764 4140 αὐτῶν

2105 4170 2454 4246 ἐλαττώμασι
2501 4174 2598 4234 τὰς
2653 4177 2786 4228 Θεοῦ
2845 4172 3054 4236 ἐννοίας
3117 4175 3192 4248 μὴ
3262 4173 3518 4250 ἁρμόζειν
3576 4173 3764 4238 αὐτοῖς

2105 4259 2438 4337 διελέγξουσι
2473 4307 2485 4320 ,
2547 4263 2646 4317 Καὶ
2706 4261 2882 4338 ἔγωγε
2927 4263 3140 4337 νομίζω
3188 4264 3279 4318 καὶ
3330 4265 3476 4340 παρά
3535 4263 3767 4339 γνώμην

2103 4350 2286 4414 αὐτοῖς
2347 4352 2588 4427 εἰρῆσθαι
2647 4353 2714 4407 τὰ
2777 4351 2984 4408 τούτων
3037 4354 3180 4422 πάθη
3259 4353 3351 4408 καὶ
3406 4354 3503 4415 τὰς
3552 4352 3762 4408 τούτων

2100 4442 2339 4518 πράξεις.
2377 4439 2594 4510 Ἐπειδὴ
2645 4443 2750 4519 γὰρ
2792 4443 2892 4511 τήν
2938 4446 3035 4496 τοῦ
3085 4446 3219 4497 Θεοῦ
3269 4443 3649 4513 ἀκοινώνητον,
3683 4441 3766 4504 ὡς

2101 4530 2243 4586 εἶπεν
2275 4533 2310 4600 ἡ
2349 4532 2554 4609 Γραφή,
2604 4530 2975 4606 προσηγορίαν
3025 4531 3115 4586 καὶ
3153 4533 3320 4606 τιμήν
3363 4536 3479 4593 τοῖς
3510 4530 3610 4585 οὐκ
3639 4528 3763 4586 οὖσι

2099 4622 2263 4691 θεοῖς,
2299 4618 2425 4675 ἀλλ’
2475 4621 2781 4698 ἀνθρώποις
2810 4622 3030 4692 θνητοῖς
3081 4618 3408 4690 ἐσπούδαζον
3462 4619 3762 4693 ἀναθεῖναι,

339 4719 442 4791 qui
471 4735 588 4773 non
619 4716 699 4772 dii
723 4715 824 4771 sed
857 4713 1138 4770 mortales
1163 4711 1433 4768 homines
1464 4711 1643 4780 fuere,
1699 4712 1991 4770 ascribere

2109 4711 2186 4766 ιαὶ
2242 4711 2382 4787 μέγά
2427 4711 2516 4766 καὶ
2561 4705 2814 4774 δυσσεϐὲς
2854 4712 2921 4781 ἦν
2971 4712 3034 4766 τὸ
3083 4712 3172 4766 ὑπ’
3219 4711 3393 4766 αὑτῶν
3459 4711 3763 4786 τολμώμε-

338 4807 662 4876 studerent,
695 4804 849 4877 quod
882 4817 1164 4874 magnum
1196 4807 1250 4856 et
1279 4799 1697 4872 gravissimum
1737 4799 1850 4854 fuit
1878 4800 1981 4856 fla-

336 4896 548 4971 gitium
584 4911 597 4950 :
631 4894 848 4950 idcirco
881 4891 1045 4947 inviti
1089 4889 1326 4946 illorum
1383 4889 1544 4957 vitia,
1600 4887 1984 4962 compellente

330 4986 594 5054 veritate,
627 4998 914 5056 exponere
944 4981 1128 5037 coacti
1161 4983 1319 5047 sunt,
1348 4983 1412 5034 ut
1429 4995 1497 5034 ea
1520 4978 1755 5050 scriptis
1777 4995 1982 5034 exara-

329 5082 411 5146 ta,
446 5074 694 5149 posteris
726 5072 1005 5129 omnibus
1031 5070 1270 5127 evidens
1311 5073 1730 5141 argumentum
1761 5073 1978 5142 essent,

328 5164 463 5222 illos
492 5181 610 5220 non
641 5180 771 5220 esse
802 5163 962 5217 deos.

402 5283 448 5319 ¹²
476 5283 614 5355 Sap.
645 5297 762 5348 x1v,
791 5281 883 5336 21.

673 5399 913 5472 Seguer.
940 5394 1051 5472 ﬁlii
1075 5392 1448 5472 _cum_editis,
1478 5388 1930 5472 καταψεύσασθαι.

402 5466 514 5551 (98)
546 5470 640 5524 Sic
669 5466 909 5551 Seguer.
942 5468 1172 5551 Gobler.
1219 5466 1450 5551 Ifelckm
1476 5467 1534 5551 n1
1565 5550 1568 5551 ν
1597 5470 1654 5518 et
1709 5466 1783 5551 2n
1802 5481 1977 5551 anon.

328 5537 439 5624 ﬁlii
467 5537 601 5624 cum
632 5537 806 5624 editis
837 5537 1303 5624 Xéyo'Jo'...Pa‘ulo‘
1327 5541 1461 5624 post
1476 5537 1729 5624 Seguer'.‘
1746 5539 1976 5624 Gobler.

329 5612 588 5670 Felckm.
624 5614 648 5666 1
684 5630 859 5668 anon.
896 5607 1062 5683 μόνος
1094 5607 1342 5675 habent,
1367 5608 1464 5683 alii
1490 5607 1982 5683 μόνοιμΡδῐῘίουΙα

324 5683 439 5754 καί,
473 5700 600 5756 quae
631 5700 766 5739 mox
796 5680 1084 5756 sequitur,
1117 5683 1280 5738 deest
1311 5683 1368 5736 in
1401 5681 1631 5736 Gobler.
1695 5685 1751 5734 et
1783 5680 1976 5737 Felck.

324 5778 346 5813 ζ
387 5775 485 5813 an.

394 5831 509 5913 (99)
537 5828 774 5902 Seguer.
807 5827 1038 5885 Gobler.
1072 5826 1264 5884 Felck.
1300 5826 1326 5882 1
1363 5841 1560 5898 anon.,
1595 5819 1976 5885 ἀπολείπεται.

2096 4823 2231 4874 νον,
2282 4800 2478 4856 τούτου
2521 4797 2698 4856 ἕνεκεν
2755 4802 2845 4856 καὶ
2902 4799 3122 4864 ἄκοντες
3182 4801 3284 4856 ὑπὸ
3340 4807 3440 4870 τῆς
3502 4799 3764 4872 ἀληθείας

2101 4891 2514 4966 ἡναγκάσθησαν
2571 4891 2640 4944 τὰ
2693 4890 2900 4946 τούτων
2960 4889 3201 4946 ἐκθέσθαι
3255 4892 3399 4962 πάθη
3431 4909 3444 4922 ·
3497 4887 3589 4945 ἵνα
3642 4894 3762 4953 τοῖς

2107 4981 2240 5053 μετά
2265 4984 2434 5034 ταῦτα
2461 4980 2528 5034 τὰ
2554 4978 2760 5034 τούτων
2788 4981 2930 5052 πάθη
2967 4983 3042 5055 (3)
3074 4981 3211 5056 πρὸς
3262 4978 3494 5056 ἔλεγχον
3537 4983 3635 5034 τοῦ
3677 4981 3756 5052 μὴ

2093 5069 2482 5131 εἶναιτούτους
2541 5067 2694 5131 θεοὺς
2742 5068 2794 5124 ἐν
2845 5075 2966 5133 ταῖς
2997 5070 3122 5144 περὶ
3173 5069 3349 5124 αὐτῶν
3382 5073 3620 5146 γραφαῖς
3647 5068 3759 5122 κεί-

2095 5179 2246 5232 μενα,
2277 5164 2406 5214 πᾶσι
2433 5157 2712 5237 φαίνηται.

2166 5395 2243 5466 (1)
2279 5394 2374 5467 Sic
2403 5395 2531 5467 Seg.
2583 5393 2816 5451 Gobler.
2874 5393 3032 5451 Felk.
3093 5396 3118 5450 1
3181 5413 3274 5452 an.
3327 5394 3441 5451 Alii
3471 5398 3529 5452 et
3583 5393 3756 5467 editi,

2091 5461 2476 5533 ἀληθεύουσαι.

2163 5539 2239 5611 (2)
2270 5539 2362 5593 Sic
2394 5539 2632 5611 Seguer.
2668 5543 2725 5594 et
2757 5537 3175 5611 posteato-icou.
3210 5539 3338 5594 Alii
3391 5555 3528 5595 cum
3561 5535 3738 5611 editis

2087 5608 2231 5669 τινός
2265 5615 2321 5664 et
2348 5608 2578 5664 τούτων.
2639 5608 2936 5666 Particula
2964 5609 3053 5664 καί
3087 5612 3227 5667 ibid.
3262 5612 3424 5668 deest
3463 5611 3524 5665 in
3555 5609 3740 5666 Basil.

2160 5682 2235 5753 (3)
2261 5683 2352 5737 Hae
2381 5697 2551 5738 voces
2579 5681 2646 5735 τὰ
2673 5681 2879 5736 τούτων
2913 5683 3054 5750 πάθη
3087 5683 3458 5740 restituimus
3486 5699 3556 5739 ex
3585 5697 3739 5739 mss.

2088 5753 2326 5829 Seguer.
2361 5753 2536 5810 Basil.
2569 5753 2798 5812 Gobler.
2838 5755 3056 5812 Fclkm.
3087 5758 3111 5812 1
3145 5761 3204 5813 et
3233 5757 3268 5810 2
3297 5773 3481 5812 anon.
