4160 6418
319 493 396 553 3'7
1558 490 1852 551 ORATIO
1896 489 2209 551 CONTRA
2258 488 2591 551 GENTES.
3648 491 3748 551 ‘38

395 624 483 680 18.
514 618 608 683 Τίς
639 617 729 676 οὗν
762 618 1057 696 ἀπολογία,
1104 619 1189 683 τὶς
1235 617 1507 691 ἀπόδειξις
1554 620 1677 696 περὶ
1717 625 1814 675 τοῦ
1848 619 2038 694 sint}

2168 622 2254 676 18.
2288 622 2435 689 Quid
2466 622 2644 693 igitur
2687 622 3081 695 superstitiosi
3137 623 3596 697 respondebunt,
3629 642 3745 697 quo

320 711 550 774 τούτους
579 710 735 773 θεοὺς
784 711 982 786 γένοιτ’
1028 710 1087 765 ἂν
1134 714 1251 772 τοῖς
1284 709 1336 765 ἐν
1384 708 1599 772 τούτοις
1651 707 1954 783 δεισιδαιμο

2104 716 2442 784 argumento
2476 712 2604 767 illos
2636 712 2773 767 deos
2804 729 2933 769 esse
2965 713 3324 768 ostendent?
3353 714 3500 769 Nam
3533 730 3602 769 ex
3632 713 3747 781 his,

320 798 504 857 νοῦσιν
539 819 553 870 ;
581 806 676 856 Ἐκ
709 801 803 874 μὲν
835 801 939 875 γάρ
977 803 1085 854 τῶν
1119 798 1421 875 λεχθέντων
1478 804 1657 874 μικρῷ
1698 798 1961 876 πρότερον

2106 816 2225 871 quae
2258 800 2432 873 paulo
2464 800 2735 873 superius
2765 801 3047 869 diximus,
3077 802 3348 857 homines
3378 817 3497 870 eos,
3534 806 3589 858 et
3620 802 3749 874 qui-

234 922 235 925 π
323 892 644 966 ἀνθρώπους
703 888 921 960 αὐτοὺς,
980 890 1070 944 καὶ
1132 890 1447 963 ἀνθρώπους
1508 888 1569 943 ού
1630 889 1861 962 σεμνοὺς

2106 890 2230 944 dem
2262 893 2462 961 turpes
2493 890 2781 958 homines,
2808 890 2989 946 fuisse
3004 891 3316 963 probatum
3346 895 3455 947 est.
3487 896 3563 946 At
3591 892 3749 947 enim

322 977 500 1052 ὄντας,
537 981 565 1034 6
597 977 767 1055 λόγος
816 976 1088 1048 ἀπέδειξεν
1120 996 1133 1008 ”
1170 977 1246 1040 εἷς
1299 976 1468 1033 ἐκεῖνο
1515 975 1571 1032 δὲ
1598 979 1744 1053 τάχα
1771 980 1965 1055 τραπήη

2104 994 2165 1034 eo
2196 979 2342 1034 forte
2371 983 2734 1050 postremum
2780 995 2842 1034 se
2889 984 3135 1051 vertent,
3184 984 3270 1051 ut,
3322 996 3448 1052 quae
3502 980 3584 1035 illi
3617 980 3747 1036 vitae

323 1090 509 1126 σονται
544 1114 557 1139 ,
616 1068 707 1123 καὶ
760 1068 901 1142 μέγα
947 1069 1304 1145 φρονήσουσιν
1358 1066 1443 1122 ἐπὶ
1490 1072 1607 1130 τοῖς
1668 1069 1755 1122 ὑπ’
1812 1068 1966 1122 αὐτῶε

2109 1069 2408 1125 hominum
2449 1069 2618 1124 utilia
2647 1069 2936 1139 invenere,
2970 1069 3277 1141 magniﬁce
3317 1070 3562 1141 jactent,
3597 1086 3752 1127 asse-

324 1160 586 1233 εὑρεθεῖσι
615 1162 694 1229 τῷ
729 1156 835 1233 βίῳ
866 1156 1191 1233 χρησίμοις,
1245 1155 1498 1233 λέγοντες
1551 1155 1639 1212 διὰ
1688 1161 1855 1213 ταῦτα
1901 1157 1964 1212 αὖ

2107 1162 2414 1231 verentque
2458 1175 2585 1214 eam
2630 1159 2702 1213 ob
2735 1174 2856 1213 rem
2897 1159 3034 1214 deos
3066 1159 3289 1227 haberi,
3322 1159 3459 1233 quia
3489 1158 3750 1216 homini-

321 1248 449 1311 τοὺς
479 1247 570 1303 καὶ
610 1246 765 1308 θεοὺς
811 1248 1083 1322 ἡγεῖσθαι,
1131 1246 1215 1301 ὅτι
1263 1252 1382 1309 τοῖς
1433 1248 1734 1322 ἀνθρώποις
1785 1248 1956 1322 χρήσι

2108 1252 2211 1305 bus
2266 1249 2424 1303 fuere
2476 1247 2669 1303 utiles.
2711 1248 2940 1319 Jupiter
2968 1248 3125 1303 enim
3156 1248 3429 1320 plastices
3461 1250 3578 1306 sive
3608 1250 3751 1306 artis

329 1359 422 1412 μοι
453 1338 730 1413 γεγόνασι,
764 1335 891 1398 Ζεὺς
928 1337 1021 1405 μὲν
1054 1338 1158 1411 γὰρ
1188 1336 1404 1412 λέγεται
1432 1334 1735 1405 πλαστικὴν
1782 1338 1972 1413 τέχνην

2108 1337 2315 1410 figlinze
2344 1341 2544 1393 auctor
2576 1338 2757 1393 fuisse
2787 1337 3039 1408 dicitur;
3071 1337 3399 1409 Neptunus,
3438 1340 3685 1395 nautica:
3739 1356 3751 1406 ;

326 1427 671 1505 ἐσχηκέναι,
722 1423 993 1481 Ποσειδῶν
1052 1423 1110 1480 δὲ
1154 1427 1253 1496 τὴν
1311 1430 1409 1481 τοῦ
1461 1421 1796 1503 κυϐερνήτου
1832 1444 1844 1456 ⁸
1896 1447 1964 1480 κα

2111 1427 2422 1497 Vulcanus,
2452 1426 2712 1494 fabrilis;
2747 1425 3025 1495 Minerva,
3060 1426 3321 1482 textrina:
3348 1445 3362 1496 ;
3391 1427 3754 1500 Apollo,mu-

323 1520 622 1595 ’Ἥφαιστος
677 1516 770 1589 μὲν
826 1513 1219 1591 χαλκευτικήν,
1263 1517 1466 1584 Ἀθηνᾶ
1515 1513 1572 1570 δὲ
1628 1518 1727 1584 τὴν
1772 1516 1959 1594 ὑφαντι

2113 1516 2272 1584 sica;
2320 1518 2503 1571 Diana
2530 1517 2670 1571 item
2702 1516 2948 1571 venandi
2994 1519 3201 1581 artem,
3249 1520 3438 1572 vestes
3484 1517 3603 1573 sive
3632 1534 3756 1573 cor-

323 1607 447 1675 κήν⁸
490 1606 581 1661 καὶ
626 1602 920 1660 Ἀπόλλων
975 1605 1068 1678 μὲν
1117 1607 1217 1674 τὴν
1275 1606 1573 1677 μουσικὴν,
1623 1606 1885 1679 Ἄρτεμις
1935 1604 1962 1659 δ

2114 1605 2261 1677 poris
2294 1610 2566 1660 ornatum
2610 1605 2783 1674 Juno,
2833 1605 3003 1661 Ceres
3051 1603 3497 1677 agriculturam,
3543 1606 3757 1679 aliique

322 1698 422 1766 την
472 1695 871 1770 κυνηγητικήν,
916 1694 1007 1749 καὶ
1058 1696 1134 1768 (5)
1159 1697 1301 1770 Ἥρα
1350 1692 1670 1768 στολισμὸν,
1724 1697 1965 1771 Δήμητρι

2110 1694 2249 1750 alias
2301 1699 2456 1751 artes
2511 1695 2801 1763 invenere,
2856 1698 2921 1749 ut
2963 1695 3119 1766 apud
3159 1694 3471 1750 historicos
3521 1695 3753 1768 legitur.

326 1780 622 1859 γεωργίαν,
652 1782 743 1836 καὶ
791 1778 958 1836 ἄλλοι
1007 1778 1202 1853 ἄλλας,
1256 1782 1331 1843 ὡς
1382 1781 1433 1835 οἱ
1479 1783 1819 1859 ἱστοροῦντες
1864 1802 1965 1857 περ

2113 1783 2319 1839 Verum
2349 1785 2435 1839 ha:
2471 1788 2528 1840 et
2558 1783 2782 1840 similes
2809 1788 2966 1839 artes
2998 1800 3114 1838 non
3146 1782 3265 1839 illis
3296 1784 3437 1840 solis
3468 1785 3570 1840 sed
3601 1800 3756 1841 com-

326 1871 500 1927 αὐτῶν
559 1870 914 1945 ἐξηγήσαντο.
952 1867 1131 1924 Ἀλλά
1177 1868 1375 1932 ταύτας
1434 1871 1523 1925 καὶ
1580 1872 1678 1933 τὰς
1735 1869 1969 1926 τοιαύτας

2110 1872 2266 1927 muni
2285 1872 2593 1929 hominum
2616 1876 2836 1928 naturae
2857 1876 3024 1928 erant
3045 1873 3437 1939 ascribendze;
3458 1874 3753 1946 siquidem

328 1960 633 2034 ἐπιστήμας
682 1958 781 2014 οὐκ
839 1958 1024 2021 αὐτοῖς
1077 1958 1260 2032 μόνοις
1320 1956 1427 2014 ἔδει
1491 1960 1617 2022 τοὺς
1647 1961 1971 2036 ςάνθρώπουι

340 2049 355 2065 ⁸)
431 2050 457 2068 Α
488 2053 510 2063 υ
655 2047 702 2068 9‘
720 2046 741 2068 Χ
768 2049 782 2066 \
854 2052 881 2063 ~
1038 2051 1065 2062 υ
1137 2052 1165 2063 ~
1268 2049 1281 2067 Ἵ
1324 2051 1348 2068 n
1412 2049 1424 2068 I
1658 2049 1669 2068 Ι
1854 2050 1867 2068 9
1936 2050 1958 2068 η

2109 1961 2389 2033 homines,
2450 1962 2715 2035 diligenti
2773 1965 2997 2019 naturae
3028 1962 3539 2034 comtemplatione
3568 1968 3625 2019 et
3650 1964 3752 2019 ob-

330 2049 614 2121 ἆναθεῖναι,
644 2046 792 2104 ἀλλά
815 2052 885 2123 τῇ
912 2051 1068 2122 κοινῇ
1098 2052 1204 2103 τῶν
1258 2049 1554 2123 ἀνθρώπων
1605 2049 1781 2128 φύσει,
1825 2050 1901 2113 εἰς

2110 2053 2446 2119 servatione,
2479 2057 2634 2107 artes
2664 2052 2971 2107 inveniunt
3022 2070 3034 2106 :
3095 2051 3233 2106 hinc
3263 2053 3323 2107 in
3354 2052 3621 2108 omnium
3655 2069 3753 2109 ore

330 2136 655 2207 ἀτενίζοντες
701 2134 975 2214 ἄνθρωποι
1022 2139 1117 2199 τὰς
1174 2139 1373 2213 τέχνας
1431 2138 1823 2216 ἐφευρίσκουσι.
1880 2140 1973 2208 Τὴη

2109 2145 2193 2197 est
2250 2146 2433 2197 artem
2468 2145 2690 2197 natura
2722 2158 2849 2197 esse
2881 2141 3289 2197 imitationem.
3322 2141 3378 2196 Si
3411 2158 3547 2215 ergo
3577 2141 3661 2197 illi
3692 2142 3752 2198 in

328 2228 433 2303 γάρ
464 2228 664 2303 τέχνην
695 2227 785 2281 καὶ
819 2227 871 2281 οἱ
918 2224 1123 2281 πολλοὶ
1174 2224 1395 2302 λέγουσι
1446 2227 1656 2305 φύσεως
1705 2227 1871 2298 αὐτὴν
1914 2230 1969 2302 (6

2113 2231 2195 2287 his
2225 2232 2474 2298 artibus,
2506 2232 2722 2302 quibus
2752 2235 3041 2287 navarunt
3070 2246 3328 2302 operam,
3360 2230 3531 2302 periti
3563 2247 3756 2288 evase-

331 2317 467 2371 εἷται
503 2316 752 2390 μίμημα.
784 2317 845 2370 Εἰ
876 2315 1053 2370 τοίνυν
1107 2315 1469 2387 ἐπιστήμονες
1519 2317 1643 2393 περί
1695 2316 1759 2379 ἃς
1799 2316 1974 2371 ἐσπού⁴

2110 2324 2261 2388 runt,
2322 2337 2437 2375 non
2492 2319 2707 2375 idcirco
2766 2320 2846 2375 dii
2898 2321 2998 2375 sed
3030 2320 3226 2392 potius
3256 2319 3524 2376 homines
3555 2321 3753 2377 existi-

330 2403 495 2460 δασαν
520 2406 719 2480 τέχνας
768 2406 1072 2480 γεγόνασιν,
1121 2404 1183 2460 οὐ
1229 2402 1317 2460 διὰ
1360 2411 1522 2460 τοῦτο
1570 2407 1660 2461 καὶ
1702 2406 1854 2469 θεοὺς
1903 2405 1967 2461 αὐ

2110 2410 2307 2464 mandi
2340 2413 2499 2465 sunt.
2538 2409 2652 2465 Nec
2682 2409 2839 2464 enim
2871 2414 3024 2465 artes
3054 2410 3125 2464 ab
3154 2408 3273 2464 illis
3300 2414 3440 2465 sunt
3464 2410 3753 2481 profectae:

325 2494 457 2557 τοὺς
508 2493 752 2567 νομίζειν
804 2494 1033 2569 ἀνάγκη,
1079 2492 1225 2549 ἀλλά
1281 2493 1492 2568 μᾶλλον
1545 2496 1884 2573 ἀνθρώπους.
1918 2499 1968 2548 Οι

2123 2498 2209 2554 sed
2240 2498 2356 2570 ipsi
2387 2498 2446 2551 in
2480 2498 2705 2553 artibus
2724 2501 2993 2552 naturam
3025 2496 3238 2551 imitati
3270 2500 3428 2552 sunt.
3458 2497 3605 2552 Nam
3629 2514 3766 2553 cum

328 2586 436 2659 γὰρ
486 2581 539 2653 ἐξ
590 2583 764 2637 αὐτῶν
814 2584 870 2637 αἱ
916 2583 1124 2659 τέχναι,
1178 2582 1303 2639 ἀλλ’
1351 2583 1402 2639 ἐν
1447 2583 1668 2647 ταύταις
1719 2585 1809 2639 καὶ
1840 2583 1969 2639 αὐτο

2125 2587 2489 2658 10mines,uti
2522 2603 2591 2642 ex
2620 2586 2880 2641 hominis
2910 2586 3248 2641 definitione
3279 2590 3526 2655 constat,
3554 2591 3768 2644 natura

328 2674 429 2741 τὴν
487 2672 644 2750 φύσιν
700 2670 1068 2746 ἐμιμήσαντο.
1121 2674 1305 2735 Ὄντες
1362 2674 1466 2750 γάρ
1526 2670 1803 2750 ἅνθρωποι
1859 2694 1971 2728 κατι

2122 2676 2226 2732 sint
2254 2676 2512 2731 scientias
2543 2692 2782 2748 capaces
2819 2694 2832 2731 :
2867 2675 2948 2730 nil
3006 2675 3250 2744 mirum,
3285 2675 3335 2730 si
3384 2673 3471 2729 illi
3504 2676 3765 2731 humano

332 2761 486 2840 φύσιν
540 2758 775 2818 δεκτικοί
825 2761 1137 2835 ἐπιστήμης
1183 2764 1320 2817 κατὰ
1364 2761 1455 2817 τὸν
1506 2763 1629 2840 περὶ
1682 2762 1857 2818 αὐτῶν
1903 2783 1975 2818 τε·

2122 2766 2341 2838 ηηεθῐιίο
2374 2766 2433 2821 in
2465 2782 2634 2820 suam
2662 2765 2928 2837 ipsorum
2961 2768 3233 2820 naturam
3266 2764 3583 2831 intuentes,
3610 2765 3765 2836 ejus-

333 2851 486 2906 θέντα
533 2850 691 2926 ὅρον,
742 2847 895 2905 οὐδὲν
948 2851 1251 2924 θαυμαστὸν
1303 2852 1349 2905 εἰ
1396 2855 1466 2926 τῇ
1516 2851 1824 2927 ἀνθρωπίνῃ
1875 2850 1976 2907 δια·

2118 2872 2220 2927 que
2303 2859 2575 2927 percepta
2640 2854 2985 2924 cognitione,
3066 2858 3223 2910 artes
3290 2853 3761 2927 excogitaverint.

332 2939 456 3011 νοίᾳ
498 2940 589 2995 καὶ
635 2939 787 2995 αὐτοὶ
842 2940 919 3003 εἷς
965 2941 1063 3010 τὴν
1116 2940 1316 2996 ἐαυτῶν
1366 2940 1520 3019 φύσιν
1568 2937 1969 3004 ἀποϐλέποντες

2115 2945 2281 3001 Porro
2323 2943 2370 2999 si
2409 2944 2481 2999 ob
2532 2944 2797 2999 inventas
2848 2948 3001 2998 artes
3053 2944 3148 2999 l5
3212 2944 3351 2998 deos
3401 2960 3499 2999 eos
3549 2941 3758 2998 merito

270 3026 283 3037 ’
334 3029 425 3086 καὶ
453 3030 658 3102 ταύτης
693 3029 1002 3104 ἐπιστήμην
1055 3025 1314 3093 λαϐόντες
1363 3033 1461 3104 (7),
1510 3032 1606 3093 τὰς
1653 3030 1845 3107 τέχνας
1900 3030 1913 3085 ἐ

2115 3033 2531 3104 nuncupandos
2561 3048 2689 3087 esse
2719 3032 3095 3099 contendant,
3136 3036 3320 3088 restat
3350 3036 3413 3086 ut
3446 3036 3503 3087 et
3529 3030 3627 3086 alii
3661 3048 3758 3087 ar-

338 3119 564 3191 ενόησαν
592 3161 603 3174 .
653 3126 720 3175 Ἠ
770 3119 818 3174 εἰ
861 3116 951 3174 διά
995 3120 1093 3182 τὰς
1154 3124 1259 3174 τῶν
1303 3124 1513 3195 τεχνῶν
1565 3121 1798 3196 εὑρέσεις
1841 3119 1981 3181 θεοὺς

2115 3123 2255 3177 lium
2289 3121 2622 3176 inventores
2644 3120 2847 3176 eodem
2870 3136 2984 3190 quo
3006 3118 3243 3190 illijure
3266 3120 3346 3174 dii
3367 3119 3758 3192 appellentur.

339 3208 533 3272 αὐτοὺς
578 3205 723 3279 ἄξιον
772 3207 1181 3284 ἀναγορεύεσθαι
1232 3206 1483 3283 λέγουσιν
1518 3227 1531 3240 ’
1570 3208 1686 3283 ὥρα
1730 3210 1819 3263 καὶ
1866 3208 1982 3269 τοὺς

2117 3211 2332 3265 Etenim
2360 3209 2587 3265 litteras
2635 3208 2937 3265 Phoenices
2966 3209 3271 3277 invenere;
3305 3209 3527 3281 poesim
3560 3208 3760 3265 heroi-

335 3303 444 3354 τῶν
486 3296 671 3355 ἄλλων
719 3302 928 3374 τεχνῶν
976 3297 1195 3374 εὑρετὰς
1245 3297 1396 3361 θεοὺς
1458 3298 1825 3375 ἀναγορεύειν,
1880 3300 1977 3353 καθ

2114 3316 2258 3365 cam,
2291 3298 2617 3365 Homerus;
2650 3297 3036 3363 dialecticam,
3071 3298 3223 3351 Zeno
3265 3296 3528 3364 Eleates;
3564 3296 3757 3353 rheto-

335 3387 395 3442 ’ὃν
445 3384 612 3463 λόγον
660 3388 899 3443 κάκεῖνοι
947 3393 1049 3457 τῆς
1105 3386 1365 3457 τοιαύτης
1417 3388 1712 3461 ὀνομασίας
1760 3388 1978 3458 ἠξιώθη

2113 3388 2292 3444 ricam
2325 3387 2509 3443 Corax
2539 3386 2927 3459 Syracusius;
2961 3402 3139 3457 apum
3190 3401 3386 3457 opera,
3430 3385 3710 3442 Aristaeus
3744 3403 3756 3440 :

336 3498 472 3533 σαν.
526 3478 829 3552 Γράμματα
880 3477 974 3551 μὲν
1023 3478 1126 3552 γὰρ
1177 3477 1397 3556 ἐφεῦρον
1450 3478 1724 3545 Φοίνικες,
1775 3476 1979 3546 ποίησιπ

2117 3476 2388 3533 frumenti
2421 3479 2767 3543 sementem,
2788 3474 3222 3547 Triptolemus;
3256 3474 3434 3547 leges,
3461 3475 3760 3547 Lycurgus

336 3565 395 3623 δὲ
449 3568 700 3641 ἡρωϊκὴν
754 3569 1031 3642 Ὅμηρος⁶
1070 3567 1160 3621 καὶ
1212 3564 1558 3637 διαλεκτικὴν
1594 3568 1687 3641 μὲν
1750 3569 1979 3638 Ζήνωνὸ

2120 3565 2427 3639 Spartiates
2481 3569 2539 3621 et
2587 3564 2761 3620 Solon
2792 3564 3174 3620 Atheniensis
3203 3582 3215 3620 :
3249 3564 3575 3620 litterarum
3606 3565 3763 3620 ordi-

334 3653 622 3729 Ἐλεάτης,
674 3655 971 3733 ῥητορικήν
1025 3652 1082 3710 δὲ
1136 3656 1339 3731 τέχνην
1398 3655 1571 3730 Κόραξ
1630 3658 1658 3711 6
1720 3655 1977 3732 Συρακούη

2119 3673 2244 3711 nem
2276 3659 2333 3711 et
2364 3670 2675 3710 numerum
2708 3670 3134 3725 mensurasque
3177 3658 3234 3709 et
3274 3654 3551 3725 pondera,
3601 3653 3762 3710 Pala-

334 3766 451 3808 σιος
487 3764 499 3776 ·
558 3746 649 3800 καὶ
697 3746 903 3822 καρπὸν
968 3745 1063 3819 μὲν
1126 3743 1395 3819 μελισσῶν
1453 3747 1789 3822 Ἀρισταῖος,
1850 3746 1977 3799 σίτοε

2121 3746 2332 3801 medes.
2368 3743 2474 3799 Alii
2501 3744 2751 3815 denique
2801 3743 2945 3798 alias
2991 3747 3048 3797 et
3078 3742 3268 3799 varias
3316 3759 3408 3799 res
3454 3743 3764 3800 hominum

338 3832 397 3890 δὲ
448 3834 649 3910 σπορὰν
694 3831 1091 3909 Τριπτόλεμος’
1142 3832 1233 3888 καὶ
1278 3833 1481 3908 νόμους
1538 3834 1631 3907 μὲν
1684 3839 1981 3909 Λυκοῦργοι

2219 3851 2242 3890 e
2272 3832 2576 3905 perutiles,
2616 3837 2681 3888 ut
2712 3836 3008 3888 testantur
3056 3832 3338 3899 historici,
3370 3832 3765 3905 protulerunt.
3856 3882 3862 3889 .

337 3925 366 3979 6
400 3925 747 4001 Σπαρτιάτης
775 3922 867 3978 καὶ
916 3922 1110 3978 Σόλων
1146 3923 1173 3977 6
1210 3924 1520 3993 Ἀθηναῖος·
1575 3928 1683 3978 τῶν
1736 3920 1793 3978 δὲ
1823 3944 1976 4000 γραμ

2124 3924 2300 3996 [gitur
2329 3924 2379 3978 si
2412 3922 2655 3978 scientia
2687 3922 2828 3977 deos
2858 3921 3016 3990 facit,
3050 3926 3225 3994 atque
3281 3922 3411 3977 ideo
3443 3921 3523 3977 dii
3555 3922 3767 3995 sculpti

343 4014 525 4089 μάτων
576 4014 677 4082 τὴν
725 4011 967 4083 σύνταξιν
1018 4011 1107 4067 καὶ
1168 4011 1434 4088 ἀριθμοὺς
1468 4057 1484 4083 ,
1540 4013 1630 4067 καὶ
1693 4033 1862 4089 μετρα
1912 4034 1981 4067 κα

2125 4012 2374 4069 existunt
2407 4029 2419 4067 :
2455 4027 2694 4067 necesse
2723 4012 2962 4067 omnino
2993 4015 3083 4067 est
3104 4010 3235 4067 illos
3268 4027 3524 4083 quoque,
3550 4012 3649 4084 qui
3673 4028 3768 4083 po-

339 4104 576 4177 στάθμια
634 4099 981 4177 Παλαμήδης
1043 4100 1274 4179 ἐφεῦρε·
1341 4102 1432 4156 καὶ
1492 4099 1655 4156 ἄλλοι
1711 4100 1857 4157 ἄλλα
1912 4124 1980 4157 κα

2125 4106 2238 4158 stes.
2269 4101 2518 4157 aliorum
2550 4101 2767 4156 artium
2799 4105 3069 4157 auctores
3102 4101 3280 4168 fuere,
3314 4100 3467 4156 inter
3494 4101 3633 4157 deos
3664 4118 3768 4156 nu-

340 4190 574 4271 διάφορα
600 4196 681 4264 τῷ
850 4196 960 4246 τῶν
994 4192 1292 4267 ἀνθρώπων
1343 4189 1685 4266 ἀπήγγειλαν
1729 4195 1981 4268 χρήσιμα

2124 4191 2347 4247 merari.
2383 4189 2485 4245 Vel
2520 4195 2673 4246 certe
2705 4190 2755 4245 si
2784 4207 2883 4246 eos
2942 4190 3153 4246 divinis
3206 4190 3528 4246 honoribus
3560 4190 3767 4263 dignos

336 4268 475 4337 κατά
528 4282 627 4350 τὴν
684 4268 793 4335 τῶν
846 4281 1246 4355 ἱστορησάντων
1304 4283 1380 4353 (8)
1442 4279 1775 4357 μαρτυρίαν.
1834 4278 1979 4357 Εἷίπεγ

2126 4298 2229 4337 non
2255 4280 2657 4351 judicant,sed
2690 4278 2961 4335 homines
2991 4296 3119 4335 esse
3151 4284 3480 4351 agnoscunt
3515 4297 3528 4335 :
3561 4296 3769 4336 conse-

338 4367 432 4426 οὖν
463 4370 519 4424 αἱ
550 4369 847 4444 ἐπιστῆμαι
875 4372 1207 4440 θεοποιοῦσι,
1238 4370 1328 4424 καὶ
1380 4367 1468 4424 διὰ
1512 4369 1708 4432 ταύτας
1759 4370 1860 4425 εἶσὶ
1891 4372 1979 4426 θεο

2128 4386 2303 4443 ruens
2333 4373 2440 4438 est,
2476 4373 2540 4423 ut
2601 4385 2704 4423 nec
2734 4368 2984 4439 Jupiter,
3017 4385 3123 4425 nec
3161 4368 3336 4440 Juno,
3378 4384 3483 4423 nec
3539 4367 3658 4435 alii,
3688 4368 3771 4423 dii

338 4458 599 4536 γλυπτοὶ,
632 4459 839 4535 ἀνάγκη
874 4460 964 4515 καὶ
1001 4458 1130 4521 τούς
1183 4458 1401 4533 ὕστερον
1453 4458 1668 4514 ἐκείνων
1720 4458 1981 4534 ἐφευρετά.

2129 4458 2506 4532 ιρρθιὶθοῐυιι,
2558 4458 2659 4513 sed
2707 4473 2839 4511 vere
2887 4456 3158 4513 homines
3215 4458 3397 4512 fuisse
3434 4457 3772 4527 credantur,

338 4553 447 4605 τῶν
481 4545 667 4603 ἄλλων
695 4550 1045 4624 γενομένους,
1080 4548 1213 4603 εἶναι
1262 4549 1379 4603 κατ’
1410 4547 1604 4610 αὐτοὺς
1654 4547 1808 4609 θεούς
1843 4567 1855 4579 ’
1889 4549 1925 4617 ἢ
1962 4570 1981 4602 ε

2132 4565 2303 4620 aeque
2336 4547 2545 4620 magis,
2599 4546 2752 4619 quod
2785 4545 2953 4618 probi
2986 4562 3101 4602 non
3158 4546 3415 4602 fuerunt.
3463 4546 3630 4601 Certe
3660 4546 3775 4617 ipsi

345 4639 422 4713 μὴ
471 4635 700 4701 τούτους
752 4637 959 4708 ἀξιοῦσι
1007 4644 1111 4707 τῆς
1157 4641 1255 4692 τοῦ
1305 4638 1382 4711 (9)
1441 4641 1574 4692 Θεοῦ
1630 4643 1822 4710 τιμῆς,
1854 4640 1857 4643 ¹
1886 4635 1988 4692 ἀλλ

2132 4638 2298 4694 etiam
2333 4634 2650 4691 idololatrae
2682 4633 2929 4706 sculptis
2961 4634 3202 4689 deorum
3235 4634 3573 4691 simulacris
3626 4634 3775 4691 nihil

343 4728 664 4804 ἀνθρώπους
712 4726 1168 4802 ἐπιγινώσκουσιν
1203 4744 1217 4758 ⁸
1272 4724 1568 4782 ἀκόλουθον
1619 4726 1709 4781 καὶ
1763 4726 1853 4780 τὸν
1916 4726 1986 4780 Δίς

1798 4726 1853 4780 ὸν
1916 4726 2013 4781 Δία
2122 4727 2283 4783 aliud
2318 4742 2417 4782 eos
2448 4740 2627 4795 quam
2659 4723 2931 4779 homines
2961 4739 3089 4780 esse
3120 4722 3438 4779 declarant.

341 4815 435 4872 καὶ
462 4817 564 4887 τὴν
599 4819 793 4891 ’Ήραν,
825 4817 1077 4880 καὶτοὺς
1112 4814 1319 4880 ἄλλους
1358 4814 1498 4891 μηδὲ
1546 4815 1900 4890 ὀνομάζεσθαι
1952 4815 2128 4885 θεοὺς,
2181 4813 2326 4869 ἀλλὰ
2372 4812 2462 4868 καὶ
2514 4811 2707 4873 αὐτοὺς
2761 4811 3077 4885 ἀνθρώπους
3128 4812 3450 4887 γεγενῆσθαι
3484 4812 3778 4884 πιστεύειν,

342 4906 437 4981 καὶ
466 4907 605 4962 κατὰ
632 4907 910 4983 περιττὸν,
946 4906 1031 4962 ὅτι
1060 4904 1203 4981 μηδὲ
1232 4907 1417 4982 σεμνοὶ
1447 4906 1757 4983 γεγόνασιν,
1788 4906 1864 4969 ὡς
1893 4907 1983 4961 καὶ
2015 4908 2103 4962 ἀπ’
2137 4904 2304 4974 αὐτῆς
2334 4909 2436 4973 τῆς
2462 4904 2574 4975 (10)
2601 4905 2709 4956 τῶν
2743 4899 3074 4977 ἀγαλμάτων
3125 4900 3343 4981 γλυφῆς
3389 4899 3546 4957 οὐδὲν
3594 4899 3779 4977 ἕτερον

341 4994 377 5065 ἢ
414 4996 737 5072 ἀνθρώπους
768 4995 962 5060 αὐτοὺς
996 4994 1311 5074 ἐλέγχουσι.

421 5199 497 5272 (4)
529 5199 930 5275 Sic___Seguer.
985 5200 1163 5261 Basil.
1189 5274 1193 5275 7
1223 5198 1456 5262 Gobler.
1519 5203 1773 5261 Felckm.
1834 5203 1859 5259 1
1898 5208 1957 5261 et
1982 5207 2019 5261 2
2129 5202 2429 5275 desuntin
2460 5197 2652 5257 Felck.
2687 5214 2859 5275 anon.

350 5270 680 5347 angn._Al_ii
714 5270 847 5347 cnim
881 5275 1079 5342 editis,
1111 5274 1395 5347 ἀσέμνους.
1518 5346 1523 5347 7

2200 5275 2278 5347 (8)
2309 5274 2402 5347 Sic
2433 5275 2666 5347 S7eguer_.
2700 5272 2809 5326 Alii
2842 5287 2975 5326 curn
3009 5270 3205 5347 editis,

383 5414 395 5426 7
424 5343 505 5416 (5)
536 5342 639 5399 Καί
698 5346 864 5402 deest
922 5347 980 5401 in
1032 5338 1261 5404 Gobler.
1322 5354 1379 5403 et
1437 5346 1690 5404 Felckm.
1746 5349 1781 5418 71
1842 5364 2016 5404 anon.
2202 5338 2277 5471 (9)
2308 5346 2417 5398 Τοῦ
2451 5338 2613 5400 (1εέδὶ
2642 5344 2702 5398 in
2731 5350 2980 5430 Seguern
3027 5338 3204 5398 Paulo
3236 5344 3368 5414 post
3405 5340 3536 5467 Seg.
3570 5338 3784 5421 Gobler

383 5415 662 5471 Idemque
695 5422 828 5471 post
858 5422 1002 5471 Ἦοα
1033 5420 1260 5471 addunt
1305 5418 1423 5471 τόν.
1455 5425 1513 5471 et
1562 5425 1695 5471 nost
1724 5419 1804 5471 Λτξ
1819 5438 2017 5471 amca-
2133 5419 2207 5471 Fe
2234 5420 2324 5471 ek.
2359 5419 2407 5471 1.
2442 5434 2615 5471 anon.
2642 5415 2858 5470 habent
2886 5410 3181 5467 ακολουθον
3214 5412 3323 5468 καί.
3349 5414 3477 5468 Basn
3512 5458 3522 5468 .
3551 5410 3782 5471 Anglic.

350 5410 667 5492 ﬁdemque
694 5422 828 5492 post
858 5422 1002 5492 λῌρα
1033 5420 1260 5492 addunt
1305 5418 1423 5484 τόν,
1455 5425 1547 5492 et__
1561 5425 1695 5492 post
1724 5416 1804 5492 ᾼή
1818 5438 1993 5492 μητρα

2138 5410 2324 5492 Eelclr.
2359 5419 2407 5471 1.
2442 5434 2615 5492 anon.
2642 5410 2860 5492 habent
2886 5410 3181 5492 ἀκόλουθον
3214 5410 3323 5492 καί..
3349 5410 3522 5492 hasil.
3551 5410 3781 5492 Anglic.

351 5482 584 5563 addunt
617 5484 673 5563 δέ
694 5482 831 5563 τήν.
860 5482 1050 5563 iidem
1082 5496 1140 5546 et
1167 5491 1299 5563 Seg.
1333 5482 1469 5547 ante
1500 5482 1663 5544 ἅλ’λοι
1696 5482 1994 5563 addbnt'ol

2136 5490 2325 5563 Felck.
2358 5492 2419 5563 2,
2448 5484 2736 5540 ἀκολουθεῖ
2773 5484 2882 5563 καί.
2916 5486 3029 5540 Alii
3062 5503 3205 5563 (iure
3228 5484 3429 5563 editis,
3474 5482 3779 5563 fixe/7.05603

349 5558 413 5638 in
443 5555 870 5638 _a_li_i3_deest.0t
902 5566 1099 5618 autem
1134 5555 1275 5619 moi
1289 5565 1543 5635 Sequens
1575 5564 1738 5618 deest
1758 5562 1817 5617 in
1845 5555 2019 5619 Basil.
2136 5560 2195 5614 ἅν
2226 5558 2332 5628 εἴη.
2367 5560 2498 5638 Mc);
2522 5575 2759 5638 quoque
2791 5558 3028 5638 seguer:
3065 5555 3531 5638 Gobler:77Felcl§.
3588 5558 3612 5610 1
3665 5559 3721 5610 et
3750 5556 3787 5609 2

352 5635 414 5688 et
442 5629 704 5687 Felckm.
745 5634 781 5685 2
813 5649 988 5689 anon.
1372 5626 1392 5635 ’
2136 5626 2311 5688 anon.
2351 5626 2491 5699 μηδέ
2522 5626 2761 5695 habent,
2794 5626 2895 5684 ubi
2924 5627 3021 5683 alii
3052 5645 3186 5683 cum
3226 5628 3398 5699 editis
3435 5628 3533 5699 μή.

424 5703 504 5775 (6)
538 5699 727 5780 Aeg-{ﬁxi
764 5702 984 5780 habent
1015 5706 1254 5780 Seguer.
1289 5703 1526 5763 Gobler.
1560 5703 1817 5761 Felckm.
1859 5704 1965 5761 let
1994 5706 2029 5759 2
2149 5779 2153 5780 7
2207 5695 2456 5780 (lO)7Hic
2480 5718 2691 5780 omnes
2724 5705 2932 5773 praeter
2960 5705 3196 5773 Seguer.
3239 5695 3328 5753 διά
3381 5695 3669 5757 inutiliter
3695 5696 3787 5754 ln-

356 5773 536 5850 anon.
568 5774 685 5830 Alii
717 5773 1123 5850 nonhabent.‘
1221 5848 1229 5850 7
1392 5848 1401 5850 _
1579 5849 1586 5850 7
1769 5844 1783 5850 _
1849 5839 1905 5850 Δ,
2139 5773 2451 5850 terjectum
2480 5773 2718 5832 habent.

423 5847 502 5925 (7)
553 5850 689 5906 Haec
750 5848 930 5915 verba
985 5848 1076 5907 καὶ
1134 5848 1339 5923 ταύτης
1392 5848 1708 5924 ἐπιστήμην
1769 5839 2030 5915 λαϐόντες
