4160 6382
392 473 472 534 39
934 467 1001 527 S.
1045 461 1467 525 ATHANASlI
1512 462 1687 523 OPP.
1735 460 1938 524 PARS
1983 462 2142 527 l.-—
2170 464 2595 529 HISTORICA
2641 467 2744 528 ET
2786 466 3276 529 DOGMATICA.
3739 467 3823 528 40

464 606 553 661 19.
586 605 773 670 Quam
804 600 982 671 enim,
1015 613 1229 670 quaeso,
1280 597 1529 653 formam
1576 595 1871 653 caelatores
1929 595 2044 652 diis
2073 598 2129 664 Α

394 695 515 752 illis
573 694 884 764 efﬁngunt,
910 689 1022 745 nisi
1053 688 1303 743 marium
1326 692 1382 742 et
1412 685 1785 753 feminarum,
1812 686 1931 742 imo
1963 703 2048 741 re-

397 799 531 841 rum
561 781 738 837 etiam
769 778 939 850 longe
967 775 1325 846 viliorum,et
1347 792 1474 847 quae
1505 781 1718 831 natura
1747 793 1855 831 sua
1878 776 2047 831 ratio-

398 872 491 931 nis
521 873 661 928 sunt
690 871 972 939 expertes,
1005 870 1071 921 ut
1098 864 1400 921 volucrum
1430 866 1744 937 variarum,
1788 866 2045 937 quadru-

399 961 616 1034 pedum
647 957 907 1015 cicurum
928 960 997 1012 .et
1026 955 1405 1024 forocium,ac
1436 955 1754 1027 reptilium,
1780 972 2051 1028 quaecun-

400 1067 514 1122 que
544 1054 700 1105 terra
741 1050 799 1102 et
847 1062 1008 1102 mare
1065 1062 1131 1101 ac
1182 1046 1453 1101 universa
1510 1063 1799 1117 aquarum
1838 1050 2050 1101 natura

399 1138 670 1213 producit
690 1137 717 1193 ?
740 1136 1032 1191 Nimirum
1064 1152 1199 1191 cum
1228 1135 1498 1191 homines
1530 1134 1859 1192 belluarum
1891 1135 2049 1190 insa-

398 1245 505 1286 nos
530 1227 789 1300 impetus
820 1241 887 1282 ac
915 1224 1190 1281 libidines
1221 1224 1503 1297 praecipiti
1532 1223 1701 1296 lapsu
1733 1225 1940 1296 secuti,
1972 1223 2055 1279 ni-

397 1318 480 1375 hil
508 1320 717 1391 praater
741 1315 1075 1388 voluptates
1106 1318 1162 1370 et
1191 1315 1385 1370 carnis
1428 1315 1781 1387 cupiditates
1810 1315 1883 1370 ob
1914 1332 2052 1370 ocu-

395 1407 487 1465 los
514 1407 802 1463 haberent
833 1422 848 1462 :
881 1408 947 1461 ut
976 1408 1237 1460 mentem
1268 1404 1327 1459 in
1376 1404 1537 1460 hisce
1574 1406 1865 1476 pecudum
1896 1404 2054 1460 vitiis

399 1497 652 1555 deﬁxam
673 1500 732 1552 et
761 1498 1109 1567 occupatam
1136 1493 1525 1562 tenebant,sic
1556 1496 1734 1551 etiam
1758 1495 1816 1549 in
1842 1494 2054 1549 belluis

400 1603 504 1661 pro
537 1586 853 1642 affectuum
882 1584 1164 1641 varietate
1185 1600 1403 1639 numen
1437 1587 2056 1656 expresserunt,atque

401 1681 491 1733 tot
520 1677 661 1731 deos
692 1678 830 1731 sunt
859 1673 1149 1729 fabricati.
1186 1674 1331 1728 Hinc
1377 1673 1537 1729 enim
1580 1674 2052 1745 quadrupedum,

402 1764 703 1838 reptilium
736 1768 792 1819 et
818 1763 1018 1819 avium
1053 1763 1373 1819 simulacra
1428 1763 1584 1835 apud
1642 1762 1775 1819 illos
1802 1767 2051 1833 exstant,

405 1853 907 1928 quemadmodum
955 1852 1161 1909 divinae
1209 1856 1267 1909 et
1295 1869 1439 1907 verae
1471 1851 1705 1924 pietatis
1763 1853 2055 1924 interpres

402 1943 499 2000 his
553 1943 750 2000 verbis
807 1944 975 1999 docet
1028 1962 1042 1999 :

400 2035 544 2102 suis,
574 2041 626 2090 et
651 2034 1000 2091 obscuratum
1025 2036 1106 2088 est
1134 2034 1404 2104 insipiens
1432 2048 1524 2087 cor
1551 2048 1742 2088 eorum
1771 2050 1789 2086 :
1821 2032 2060 2088 dicentes

402 2140 459 2180 se
496 2139 611 2181 esse
666 2125 961 2196 sapientes,
1014 2123 1175 2179 stulti
1229 2124 1369 2193 facti
1414 2126 1589 2185 sunt;
1622 2126 1672 2177 et
1700 2126 2058 2179 mutaverunt

403 2214 640 2285 gloriam
668 2212 1113 2282 incorruptibilis
1142 2212 1245 2268 Dei
1270 2213 1336 2267 in
1350 2211 1773 2267 similitudinem
1795 2214 2057 2282 imaginis

405 2302 786 2375 carruptibitis
814 2301 1075 2368 hominis,
1133 2307 1189 2357 et
1246 2302 1534 2357 volucrum
1561 2304 1613 2356 et
1642 2301 2058 2373 quadrupedum

404 2401 455 2448 et
481 2393 852 2465 serpentium;
880 2398 1167 2463 propterea
1185 2390 1425 2446 tradidit
1448 2390 1572 2445 illos
1601 2391 1742 2445 Deus
1763 2390 1822 2445 in
1845 2393 2056 2463 passio-
2104 2398 2108 2403 ‘

401 2498 498 2538 nes
527 2483 854 2554 ignominia
877 2480 1265 2552 13.Postquam
1299 2479 1457 2535 enim
1490 2478 1769 2547 animam,
1795 2484 1857 2535 ut
1882 2481 2055 2537 modo

401 2570 666 2641 memini,
697 2569 1097 2643 voluptatibus
1127 2568 1458 2625 belluarum
1501 2570 1753 2641 propriis
1779 2570 2057 2641 inquina-

402 2659 639 2729 runt,ad
671 2658 1017 2730 hujusmodi
1046 2659 1186 2715 deos
1217 2658 1581 2730 efﬁngendos
1611 2664 1751 2714 sunt
1782 2658 2007 2713 inducti
2039 2676 2052 2727 ;

400 2748 654 2819 hincque
683 2748 903 2804 factum
935 2751 1023 2803 est
1050 2752 1135 2814 ut,
1194 2746 1309 2803 Deo
1367 2746 1663 2819 derelicto,
1716 2748 1845 2819 jam
1875 2746 2054 2802 veluti

403 2836 623 2904 traditi,
658 2852 786 2893 sese
814 2836 876 2892 in
906 2835 1023 2892 illis
1052 2835 1289 2908 ﬂagitiis
1316 2833 1656 2904 volutarint,
1690 2841 1747 2892 et
1774 2836 1833 2891 in
1880 2836 2056 2892 rebus

405 2943 534 2999 quis
584 2924 829 2982 rationis
881 2929 1148 2998 expertes
1196 2929 1356 2995 sunt,
1404 2930 1584 2980 Deum
1635 2925 1880 2981 rationis
1933 2927 2056 2981 sive

403 3016 580 3072 Verbi
610 3020 844 3071 Patrem
876 3015 1199 3087 exprimere
1226 3015 1352 3070 ausi
1413 3015 1651 3071 fuerint.
1681 3014 1953 3085 Sane_his
1985 3014 2066 3069 de.

404 3105 580 3163 rebus
611 3104 856 3161 convicti
885 3104 1254 3160 ethnicorum
1288 3103 1621 3176 philosophi
1680 3109 1737 3159 et
1768 3105 2056 3175 doctores,

405 3212 521 3252 non
550 3199 695 3251 eunt
722 3194 950 3250 inficias
971 3194 1279 3249 hominum
1296 3198 1353 3249 et
1382 3194 1717 3249 belluarum
1748 3194 1968 3249 formas
1990 3210 2057 3249 ac

403 3286 626 3359 ﬁguras
648 3301 777 3342 esse
792 3301 933 3341 suos
955 3282 1088 3340 illos
1108 3284 1249 3340 deos
1270 3284 1369 3356 qui
1400 3282 1594 3356 palam
1617 3288 1759 3340 sunt
1786 3284 2054 3356 expositi.

1102 1948 1469 1999 Evanuerunt
1524 1944 1584 1997 in
1631 1944 2054 2013 cogitationibus
2087 1980 2134 2045 B
2166 1942 2341 1996 αὐτῶν
2416 1940 2613 2017 καρδία
2644 1963 2657 1976 -

2232 598 2318 652 19.
2359 596 2484 653 Τίνα
2513 601 2617 674 γὰρ
2650 596 2830 670 ἄλλην
2876 597 3061 661 αὐτοῖς
3108 596 3411 677 γλύφοντες
3459 592 3828 653 ἐπιϐάλλουσι

2159 686 2373 763 μορφὴν
2420 689 2455 756 ἢ
2502 689 2600 757 τήν
2653 688 2890 765 ἀρρένων
2939 690 3031 743 καὶ
3081 693 3347 763 γυναικῶν
3378 732 3391 758 ,
3439 687 3532 743 καὶ
3581 691 3692 743 τῶν
3745 683 3830 763 ἔτι

2153 777 2443 851 κατωτέρω
2503 777 2709 833 τούτων
2760 777 2849 833 καὶ
2904 776 3122 852 ἀλόγων
3165 773 3333 832 ὄντων
3377 778 3477 848 τὴν
3538 776 3693 856 φύσιν
3726 797 3825 833 πε·

2154 870 2342 921 τεινῶν
2393 867 2687 941 παντοίων,
2719 865 3066 943 τετραπόδων
3096 869 3321 945 ἡμέρων
3364 888 3423 922 τε
3450 868 3542 922 καὶ
3593 865 3824 943 ἀγρίων,

2156 954 2244 1008 καὶ
2306 956 2565 1029 ἑρπετῶν,
2625 956 2725 1011 ὅσα
2779 964 2850 1031 γῆ
2912 957 3003 1011 καὶ
3057 955 3317 1026 θάλαττα,
3374 956 3463 1011 καὶ
3521 962 3665 1012 πᾶσα
3718 961 3829 1011 τῶν

2161 1042 2368 1099 ὑδάτων
2398 1048 2431 1114 ἡ
2484 1046 2640 1123 φύσις
2681 1048 2831 1124 φέρει
2867 1066 2881 1117 ;
2914 1047 3009 1108 Εἷς
3057 1047 3161 1121 γάρ
3205 1048 3306 1115 τήν
3347 1050 3455 1100 τῶν
3501 1047 3683 1101 παθῶν
3734 1045 3827 1101 καὶ

2159 1131 2372 1202 ἡδονῶν
2408 1133 2633 1211 ἀλογίαν
2678 1136 2927 1197 πεσόντες
2981 1137 3034 1190 οἱ
3083 1133 3381 1212 ἅνθρωποι,
3412 1134 3503 1190 καὶ
3534 1134 3702 1191 πλέον
3732 1134 3827 1190 οὐ-

2162 1220 2245 1278 δὲν
2297 1226 2529 1301 ὁρῶντες
2578 1227 2612 1295 ἢ
2654 1224 2855 1296 ἡδονὰς
2894 1227 2984 1280 καὶ
3034 1226 3232 1302 σαραὸς
3282 1224 3594 1300 ἐπιθυμίας,
3643 1226 3722 1287 ὡς
3774 1224 3826 1280 ἐν

2160 1313 2375 1375 τούτοις
2405 1320 2521 1377 τοῖς
2552 1313 2779 1390 ἀλόγοις
2808 1316 2908 1385 τὴν
2940 1312 3180 1370 διάνοιαν
3212 1313 3453 1391 ἔχοντες,
3488 1314 3540 1370 ἐν
3598 1312 3828 1390 ἀλόγοις

2161 1403 2250 1456 καὶ
2275 1404 2335 1458 τὸ
2367 1410 2518 1460 Θεῖον
2548 1403 2919 1460 ἀνεπλάσαντο
2950 1406 3087 1460 κατὰ
3113 1406 3214 1474 τήν
3247 1402 3529 1459 ποικιλίαν
3579 1409 3688 1459 τῶν
3726 1425 3829 1460 πα-

2163 1493 2268 1546 θῶν
2302 1493 2526 1565 ἑαυτῶν,
2571 1494 2661 1549 καὶ
2710 1494 2865 1557 θεοὺς
2910 1493 3207 1557 τοσούτους
3252 1493 3579 1569 γλύψαντες.
3630 1500 3828 1571 Τετρα-

2162 1581 2345 1661 πόδων
2376 1605 2434 1639 τε
2464 1586 2577 1658 (11)
2610 1586 2713 1659 γὰρ
2747 1584 2948 1647 εἰκόνες
2996 1585 3085 1639 καὶ
3138 1585 3398 1660 ἑρπετῶν,
3430 1584 3519 1639 καὶ
3568 1587 3827 1639 πετεινῶν

2166 1672 2264 1726 είσι
2294 1674 2421 1749 παρ’
2463 1672 2669 1747 αὐτοῖς,
2715 1675 2896 1737 καθὼς
2923 1674 3015 1729 καὶ
3045 1675 3074 1728 ὁ
3101 1680 3205 1743 τῆς
3250 1673 3398 1736 θείας
3446 1673 3536 1729 καὶ
3584 1671 3827 1745 ἀληθοῦς

3100 1764 3545 1837 Ἐματαιώθησαν
3600 1762 3651 1819 ἐν
3709 1767 3827 1825 τοῖς

2166 1850 2553 1927 διαλογισμοῖς
2630 1853 2803 1909 αὐτῶν
2859 1897 2874 1923 ,
2941 1853 3031 1908 καί
3096 1853 3379 1924 ἐσκοτίσθη
3456 1855 3492 1923 ἡ
3573 1852 3826 1915 ἀσύνετος

2722 1946 3017 2022 φάσκοντες
3093 1943 3224 1998 εἶναι
3288 1944 3495 2021 σοφοὶ,
3556 1942 3773 2017 ἐμωράν
3804 1974 3829 1985 -

2166 2034 2355 2103 θησαν,
2434 2033 2524 2087 καὶ
2610 2032 2853 2104 ἤλλαξαν
2938 2035 3038 2103 τήν
3125 2029 3277 2104 δόξαν
3351 2037 3450 2089 τοῦ
3525 2033 3665 2111 ἀφθά
3729 2053 3828 2088 του

2166 2126 2300 2176 Θεοῦ
2375 2122 2426 2176 ἐν
2507 2123 2823 2195 ὁμοιώματι
2897 2122 3103 2184 εἰκόνος
3192 2124 3430 2201 φθαρτοῦ
3516 2122 3825 2198 ἀνθρώπου,

2164 2211 2254 2265 καὶ
2317 2216 2570 2266 πετεινῶν
2604 2257 2617 2281 ,
2677 2212 2768 2266 καὶ
2833 2209 3179 2287 τετραπόδων
3245 2211 3334 2267 καὶ
3395 2211 3634 2287 ἑρπετῶν
3669 2234 3681 2248 ο
3744 2208 3829 2267 διὸ

2165 2301 2254 2355 καὶ
2312 2299 2623 2376 παρέδωκεν
2669 2301 2865 2363 αύτούς
2926 2303 2954 2355 ὸ
3015 2302 3144 2363 Θεὸς
3206 2302 3320 2376 (12)
3377 2302 3466 2363 εἰς
3510 2300 3653 2371 πάθη
3714 2300 3829 2355 ἀτι-

2171 2390 2323 2463 μίας.
2364 2390 2739 2467 Προπαθόντες
2786 2394 2888 2467 γὰρ
2928 2393 3029 2461 τὴν
3081 2391 3267 2467 ψυχήν
3313 2396 3433 2453 ταῖς
3474 2394 3581 2446 τῶν
3614 2387 3828 2460 ἡδονῶν

2167 2478 2441 2555 ἀλογίαις,
2472 2481 2548 2543 ὡς
2578 2486 2864 2557 προεῖπον,
2898 2480 2986 2536 ἐπὶ
3027 2483 3127 2551 τήν
3173 2480 3429 2551 τοιαύτην
3471 2478 3826 2537 θεοπλαστίαν

2164 2568 2453 2625 κατέπεσον
2486 2589 2499 2603 ο
2556 2572 2646 2625 καὶ
2702 2571 2956 2633 πεσόντες
2990 2616 3003 2641 ,
3056 2568 3249 2625 λοιπὸν
3307 2571 3384 2632 ὡς
3440 2566 3829 2646 παραδοθέντες

2167 2661 2279 2732 (13)
2307 2658 2357 2713 ἐν
2404 2664 2484 2731 τῷ
2537 2660 2948 2738 ἀποστραφῆναι
2984 2660 3076 2715 τὸν
3127 2661 3255 2716 Θεὸν
3304 2657 3497 2721 αὐτοὺς
3547 2658 3722 2720 οὕτως
3772 2657 3824 2713 ἐν

2167 2747 2351 2810 αὐτοῖς
2405 2746 2708 2822 κυλίονται,
2758 2750 2847 2803 καὶ
2895 2748 2948 2803 ἐν
2999 2747 3226 2824 ἀλόγοις
3272 2749 3362 2804 τὸν
3392 2752 3488 2803 τοῦ
3527 2744 3698 2823 λόγου
3729 2767 3830 2802 πα-

2164 2837 2293 2912 τέρα
2342 2838 2470 2891 Θεὸν
2504 2838 2873 2907 ἀπεικάζουσι.
2920 2838 3051 2915 Περὶ
3099 2839 3174 2892 ὧν
3209 2838 3262 2893 o't
3313 2844 3437 2914 παρ’
3465 2834 3706 2907 Ἕλλησι
3739 2846 3828 2892 λε·-

2165 2926 2393 3001 γόμενοι
2424 2925 2715 3005 φιλόσοφοι
2763 2928 2853 2982 καὶ
2903 2926 3286 3002 ἐπιστήμονες,
3318 2926 3679 3005 ἐλεγχόμενοι
3731 2926 3825 3000 μὶν

2167 3016 2267 3071 οὐκ
2320 3016 2603 3091 ἀρνοῦνται
2662 3017 2959 3086 ἀνθρώπων
3023 3018 3158 3072 εἶναι
3210 3018 3301 3073 καὶ
3346 3015 3564 3093 ἀλόγων
3616 3017 3827 3096 μορφὰς

2166 3105 2255 3160 καὶ
2286 3104 2489 3167 τύπους
2518 3105 2646 3168 τοὺς
2679 3107 3038 3184 φαινομένους
3064 3106 3238 3163 αὐτῶν
3278 3105 3454 3169 θεούςο
3514 3104 3829 3183 ἀπολογού-

2172 3215 2323 3267 μενοι
2357 3192 2414 3248 δὲ
2446 3192 2688 3269 λέγουσι,
2722 3192 2811 3249 διὰ
2837 3200 2999 3250 τοῦτο
3039 3195 3234 3257 αὐτοὺς
3266 3192 3436 3272 ἔχειν,
3462 3193 3556 3250 ’ίνα
3585 3192 3675 3250 διὰ
3702 3193 3826 3249 τού-

2166 3305 2272 3339 των
2317 3285 2379 3338 τὸ
2430 3289 2581 3339 Θεῖον
2616 3284 2799 3347 αὐτοῖς
2854 3283 3213 3360 ἀποκρίνηται
3258 3286 3347 3340 καὶ
3397 3283 3673 3363 φαίνηται·
3735 3282 3834 3339 οὐκ

2167 1758 2435 1825 εὐσεϐείας
2499 1763 2768 1837 ἑρμηνεύς
2816 1785 2977 1843 φησιν
3023 1782 3036 1796 ·

405 3375 618 3433 Verum
647 3374 1004 3448 respondent
1024 3373 1154 3429 ideo
1182 3373 1264 3430 ita
1292 3380 1514 3442 esse,ut
1542 3381 1695 3429 Deus
1727 3390 1830 3446 per
1859 3374 1965 3429 has
1989 3374 2056 3428 ﬁ-

2172 3373 2359 3437 ἄλλως
2400 3376 2502 3450 γὰρ
2556 3374 2713 3429 αὐτὸν
2746 3376 2837 3430 τὸν
2883 3376 3110 3452 ἀόρατον
3143 3361 3419 3431 δύνασθαι-
3443 3379 3647 3451 γνῶναι
3676 3374 3713 3444 ἢ
3746 3371 3837 3429 διὰ

406 3480 585 3538 guras
611 3463 759 3536 ipsis
788 3464 888 3519 det
916 3478 1200 3534 responsa
1230 3465 1406 3533 atque
1437 3465 1714 3533 appareat
1746 3477 1872 3517 :nec
1903 3461 2059 3516 enim

406 3570 564 3625 eum,
592 3553 694 3626 qui
723 3551 910 3608 oculis
940 3550 1122 3607 videri
1155 3567 1269 3606 non
1302 3555 1514 3623 potest,
1560 3549 1732 3607 aliter
1761 3566 1934 3623 posse
1963 3567 2059 3606 co-

406 3641 611 3717 gnosci
643 3658 820 3713 quam
851 3657 954 3713 per
983 3640 1327 3712 hujusmodi
1358 3638 1681 3695 simulacra
1707 3644 1765 3695 et
1787 3656 2061 3696 caeremo-

406 3732 558 3789 nias.
615 3730 731 3787 Alii
778 3747 910 3786 vero
967 3730 1376 3803 praesantiores
1434 3729 1790 3803 philosophi,
1853 3729 2063 3785 altiora

408 3821 520 3879 rati
547 3820 759 3889 dicere,
790 3820 957 3875 aiunt
1012 3820 1134 3875 haec
1166 3820 1319 3876 facta
1348 3824 1405 3874 et
1453 3836 1729 3892 eXpressa
1777 3820 1959 3876 fuisse
1988 3820 2061 3875 ad

411 3910 642 3967 divinos
672 3907 909 3981 angelos
938 3913 995 3964 et
1024 3913 1339 3981 potestates
1368 3908 1759 3965 invocandum
1790 3914 1848 3964 et
1875 3925 2064 3964 accer-

412 4000 686 4069 sendum,
717 4002 805 4066 ut,
836 4014 941 4070 per
968 3999 1089 4053 haec
1115 3997 1431 4054 simulacra
1461 3998 1934 4070 apparentes,Dei
1962 4014 2063 4055 co-

413 4088 741 4162 gnitionem
770 4087 931 4159 ipsos
961 4088 1275 4143 docerent:
1306 4103 1552 4159 esseque
1601 4087 1944 4144 hominibus
1975 4088 2066 4143 in-

415 4182 543 4235 star
571 4176 921 4247 litterarum,
963 4192 1208 4248 quaram
1258 4175 1525 4246 lectione,
1580 4175 1793 4232 divinis
1843 4175 2067 4248 angelis

416 4284 521 4341 per
547 4265 649 4323 illa
677 4264 1254 4333 advenientibus,Dei
1286 4265 1589 4321 scientiam
1612 4265 1909 4338 percipere
1932 4282 2066 4338 pos-

415 4357 556 4415 sint.
590 4357 684 4413 Sic
740 4355 825 4411 illi
856 4355 1062 4412 inscite
1093 4358 1412 4429 nugantur,
1446 4372 1563 4412 non
1598 4360 1663 4410 ut
1694 4355 1948 4429 theologi
1978 4354 2068 4411 lo-

416 4451 717 4520 quuntur:
742 4446 898 4502 absit
920 4445 1076 4501 enim
1099 4450 1165 4501 ut
1184 4445 1297 4500 ista
1318 4444 1725 4517 theologorum
1761 4446 2061 4501 dicantur!

417 4540 635 4593 Verum
666 4535 717 4593 si
746 4534 880 4608 quis
911 4535 969 4590 id
1003 4533 1268 4607 responsi
1298 4533 1607 4608 diligenter
1658 4535 1797 4591 velit
1849 4551 2069 4608 expen-

416 4624 748 4697 dere,facile
768 4624 1017 4697 reperiet
1053 4640 1171 4680 non
1215 4624 1317 4681 16
1349 4624 1548 4681 minus
1578 4624 1789 4681 falsam
1820 4626 2069 4682 istorum

414 4715 750 4789 opinionem
780 4729 932 4783 esse,
962 4729 1141 4785 quam
1171 4730 1297 4786 qua:
1328 4730 1507 4786 supra
1538 4732 1570 4769 a
1619 4713 1790 4771 nobis
1824 4715 2074 4772 refutata
2103 4742 2150 4807 D

416 4808 576 4863 sunt.

486 4895 578 4951 20.
612 4896 698 4951 Ita
725 4893 883 4950 enim
933 4910 1033 4950 eos
1086 4892 1300 4967 aliquis
1328 4893 1521 4963 velim,
1544 4895 1795 4964 ,veritate
1842 4895 2063 4968 judice,

415 4984 607 5042 ﬁdens
636 4984 955 5057 interroget
987 5000 999 5039 :
1033 4986 1297 5050 Quonam
1330 4985 1504 5039 modo
1534 4984 1689 5040 Deus
1718 5001 1820 5057 per
1849 4986 1971 5041 haec
1991 4986 2067 5041 si-

417 5073 683 5132 mulacra
704 5074 1019 5146 respondet
1037 5078 1095 5128 et
1115 5073 1489 5145 cognoscitur
1512 5073 1523 5127 l
1558 5076 1643 5129 An
1667 5074 1739 5130 ob
1762 5075 2067 5131 materiam

400 5181 488 5226 ex
517 5180 637 5237 qua
666 5167 962 5234 constant,
991 5178 1067 5218 an
1098 5163 1172 5217 ob
1203 5162 1453 5217 formam
1486 5179 1664 5234 quam
1703 5162 1921 5219 habent
1948 5164 1975 5218 ‘I
2006 5164 2067 5219 Si

418 5255 491 5311 ob
524 5253 830 5310 materiam
865 5271 878 5309 :
912 5251 1045 5325 quis
1093 5267 1229 5323 ergo
1260 5250 1459 5307 formae
1496 5269 1659 5323 usus,
1682 5256 1739 5307 et
1766 5269 1872 5307 cur
1901 5258 2068 5308 ante-

491 5398 534 5433 ¹³
565 5397 733 5454 Rom.
769 5415 808 5467 1,
838 5396 1022 5452 21-24.

489 5540 599 5667 (11)
653 5539 1011 5595 Particulam
1039 5558 1100 5622 τε
1154 5538 1374 5620 habent
1401 5540 1665 5622 .Segu'er.
1725 5541 1954 5600 Gobler.
2014 5549 2072 5600 et

417 5612 492 5669 Fe
519 5611 674 5667 ckm.
704 5613 729 5664 1
766 5628 937 5666 anon.
966 5610 1077 5666 Alu
1110 5628 1243 5666 cum
1274 5611 1449 5667 editis
1474 5618 1775 5668 omittunt.

462 5618 674 5668 elckm.
704 5618 729 5664 1
766 5628 937 5666 anon.
966 5618 1077 5666 Alii
1110 5628 1243 5666 cum
1274 5618 1449 5667 editis
1474 5618 1775 5668 omittunt.

488 5683 603 5756 (12)
634 5682 690 5733 ’0
720 5680 1081 5756 Geoglegitur
1098 5683 1165 5756 in
1195 5683 1433 5756 Seguer.
1467 5688 1523 5739 et
1550 5684 1804 5741 Felckm.
1832 5689 1854 5740 1
1892 5704 2066 5744 anon.

417 5759 483 5841 et
497 5753 673 5841 Rom.
729 5770 790 5841 1',“
818 5753 1026 5841 Wffin
1063 5753 1194 5841 aliis
1242 5753 1557 5841 amittitur.
1590 5756 1765 5814 Paulo
1799 5763 1931 5831 post
1960 5765 2067 5817 art.

416 5831 526 5892 τῶν
551 5830 687 5886 ante
717 5826 933 5901 ἡδονῶν
959 5828 1123 5884 deest
1150 5827 1210 5883 in
1241 5826 1481 5899 Seguer.

2168 3469 2275 3519 τῶν
2305 3463 2569 3519 τοιούτων
2600 3462 2932 3539 ἀγαλμάτων
2969 3466 3060 3520 καὶ
3108 3463 3364 3520 τελετῶν.
3398 3465 3460 3518 Οἱ
3503 3461 3562 3519 δὲ
3603 3461 3681 3519 ἔτι
3707 3463 3838 3517 τού-

2168 3577 2277 3608 των
2327 3552 2766 3631 φιλοσοφώτεροι
2823 3554 2913 3608 καὶ
2976 3553 3241 3631 βαθύτερα
3293 3552 3471 3630 λέγειν
3521 3552 3835 3628 νομίζοντές

2172 3665 2297 3721 φασι
2356 3642 2444 3698 διὰ
2492 3648 2654 3699 τοῦτο
2699 3648 2867 3699 ταῦτα
2916 3646 3332 3700 κατεσκευάσθαι
3372 3646 3485 3718 (14)
3541 3642 3632 3699 καὶ
3688 3662 3839 3697 τετυ-

2171 3736 2379 3788 πῶσθαι
2436 3734 2575 3806 πρὸς
2626 3732 2912 3805 ἐπίκλησιν
2964 3734 3053 3789 καὶ
3102 3733 3412 3812 ἐπιφάνειαν
3462 3734 3620 3789 θείων
3677 3730 3839 3807 ἀγγέι

2173 3821 2284 3879 λων
2344 3823 2435 3878 καὶ
2498 3821 2819 3896 δυνάμεων,
2871 3822 2965 3880 ’ίνα
3017 3822 3105 3879 διά
3158 3823 3366 3879 τούτων
3425 3821 3835 3902 ἐπιφαινόμενοι

2173 3913 2511 3989 γνωρίζωσιν
2564 3913 2748 3975 αὐτοῖς
2788 3913 2911 3989 περὶ
2957 3921 3060 3984 τῆς
3107 3918 3205 3969 τοῦ
3256 3919 3390 3969 Θεοῦ
3438 3914 3714 3990 γνώσεως·
3744 3911 3837 3966 καὶ

2175 4004 2308 4057 εἶναι
2366 4002 2592 4065 τούτους
2641 4002 2820 4079 ὥσπερ
2869 4005 3167 4080 γράμματα
3210 4009 3327 4067 τοῖς
3378 4003 3704 4078 ἀνθρώποις,
3752 4004 3841 4065 οἷς

2176 4091 2595 4168 ἐντυγχάνοντες
2632 4136 2645 4161 ,
2706 4089 2959 4146 δύνανται
3017 4095 3299 4167 γινώσκειν
3374 4092 3500 4167 περὶ
3575 4098 3677 4163 τῆς
3735 4094 3835 4146 τοῦ

2175 4186 2308 4236 Θεοῦ
2356 4179 2740 4254 καταλήψεως,
2774 4181 2879 4236 ἀπὸ
2927 4188 3028 4251 τῆς
3073 4179 3142 4236 δι’
3198 4181 3343 4237 αὐτῶ
3400 4181 3699 4258 γινομένης
3725 4184 3837 4236 τῶν

2175 4271 2331 4325 θείων
2384 4268 2635 4345 ἀγγέλων
2697 4270 3030 4349 ἐπιφανείας.
3092 4274 3267 4327 Ταῦτα
3328 4273 3423 4345 μὶν
3481 4272 3657 4334 οὕτως
3705 4269 3840 4326 ἐκεῖ·

2175 4382 2260 4415 νοι
2297 4358 2694 4436 μυθολογοῦσιν
2731 4379 2744 4392 ·
2797 4359 2858 4415 οὐ
2910 4361 3014 4437 γὰρ
3058 4358 3399 4437 θεολογοῦσι·
3456 4364 3531 4435 μή
3576 4361 3785 4437 γένοιτο
3823 4361 3837 4417 !

2178 4451 2298 4505 Ἐἀν
2332 4448 2388 4504 δὲ
2417 4471 2501 4513 τις
2550 4448 2766 4524 ἐξετάσῃ
2802 4451 2893 4505 τὸν
2943 4449 3108 4526 λόγον
3158 4452 3272 4525 μετ’
3303 4448 3641 4525 ἐπιμελείας,
3673 4450 3841 4524 εὑρή-

2177 4560 2256 4595 σει
2284 4538 2489 4595 τούτων
2524 4539 2622 4594 οὐκ
2653 4537 2877 4595 ἔλαττον
2925 4545 3033 4597 τῶν
3081 4540 3343 4617 πρότερον
3387 4532 3837 4616 δειχθέντωντήν

2180 4626 2334 4700 δόξαν
2363 4628 2498 4685 εἶναι
2528 4626 2724 4703 ψευδῆ.

2244 4902 2333 4957 20.
2363 4896 2520 4956 Εἴποι
2575 4898 2679 4976 γὰρ
2733 4896 2794 4955 ἄν
2842 4920 2927 4963 τις
2976 4901 3113 4980 πρὸς
3168 4900 3362 4965 αὐτοὺς
3408 4899 3694 4980 παρελθὼν
3757 4898 3842 4957 ἐπ’

2177 4988 2406 5061 ἀληθείᾳ
2461 4988 2763 5066 κρινούσῃ·
2820 4994 2946 5054 Πῶς
3014 4991 3363 5068 ἀποκρίνεται
3419 4993 3455 5062 ἢ
3514 4991 3841 5069 γνωρίζεται

2177 5076 2305 5141 Θεὸς
2356 5075 2445 5132 διὰ
2483 5078 2689 5133 τούτων
2722 5097 2735 5147 ;
2770 5076 3005 5155 Πότερον
3056 5077 3145 5134 8ιά
3171 5082 3273 5150 τὴν
3328 5079 3711 5158 περικειμένην
3746 5079 3840 5135 αύ-

2175 5172 2291 5229 τοῖς
2351 5165 2514 5238 ὕλην,
2544 5169 2579 5236 ἢ
2614 5165 2704 5223 8ιά
2751 5169 2849 5237 τὴν
2894 5167 2944 5224 ἐν
2989 5168 3172 5233 αὐτοῖς
3209 5172 3425 5247 μορφήν
3463 5191 3476 5242 ;
3509 5170 3571 5226 Εἰ
3608 5170 3702 5244 μὲν
3734 5170 3843 5245 γὰρ

2178 5253 2267 5310 διὰ
2294 5260 2391 5326 τήν
2430 5256 2591 5327 ὕλην,
2630 5257 2714 5320 τίς
2755 5261 2790 5328 ἡ
2825 5258 2986 5336 χρεία
3026 5266 3128 5329 τῆς
3176 5266 3416 5339 μορφῆς,
3454 5259 3544 5315 καὶ
3580 5261 3681 5335 μή,
3711 5259 3838 5334 πρὶν

2251 5548 2363 5620 (13)
2392 5547 2484 5603 Sic
2514 5549 2747 5620 Seguer.
2800 5549 3031 5605 Gobler.
3082 5549 3339 5607 Felckm.
3403 5552 3429 5605 1
3491 5567 3669 5606 anon.
3724 5550 3843 5607 Alii

2181 5620 2972 5705 ouaegiitiamapoeémc-

2181 5691 2480 5822 mgﬂogieo
2509 5693 2642 5765 Seg.
2665 5690 2790 5749 'Alii
2836 5709 2972 5749 cum
3027 5692 3221 5764 editis,
3253 5690 3702 5766 κατασκευάσθαι,
3738 5694 3842 5752 sed
