4160 6410
285 501 382 563 41·
740 508 746 514 ’
1491 494 1783 558 ORATIO
1829 493 1972 555 CON

2089 493 2147 553 Α
2192 493 2516 556 GENTES.
3647 496 3725 558 42

284 631 593 704 πλασθῆναι
640 635 829 704 ταῦτα,
884 628 972 687 διὰ
1015 630 1192 702 πάσης
1237 627 1427 692 ἁπλῶς
1482 630 1621 699 ὕλης
1672 625 1944 705 ἐπιφαίνε-

2089 648 2242 702 [uam
2271 631 2392 685 hac
2422 631 2612 687 efﬁcta
2642 637 2856 700 essent,
2891 647 2993 703 per
3040 631 3366 704 quamlibet
3417 633 3720 693 materiam

286 727 403 780 σθαι
437 725 528 778 τὸν
563 723 691 779 Θεόν
727 741 740 792 ;
775 724 964 793 Μάτην
1010 721 1068 777 δὲ
1119 722 1207 777 καὶ
1257 721 1383 784 τοῦς
1422 719 1584 782 ναοὺς
1617 720 1764 773 οὗτοι
1796 739 1950 794 περι-

284 815 636 890 τετειχισθαι,
671 812 1051 888 συγκλείοντες
1100 808 1194 865 ἕνα
1239 809 1413 882 λίθον,
1447 812 1480 879 ἦ
1536 809 1716 880 ξύλον,
1750 810 1783 877 ἢ
1820 828 1953 883 χρυ-

287 910 382 960 σοῦ
420 904 607 980 μέρος,
639 903 817 971 πάσης
847 909 950 972 τῆς
993 908 1096 976 γῆς
1128 899 1575 976 πεπληρωμένης
1617 906 1715 967 τῆς
1747 897 1950 953 τοότων

285 993 491 1056 οὐσίας.
526 993 592 1048 Εἰ
625 990 681 1047 δὲ
729 995 762 1061 ἡ
812 991 1128 1065 ἐπικειμένη
1188 993 1370 1068 μορφὴ
1425 989 1569 1044 αἰτία
1616 988 1822 1064 γίνεται
1852 995 1953 1057 τῆς

281 1084 428 1146 θείας
481 1082 809 1161 ἐπιφανείας,
859 1080 943 1144 τίς
975 1084 1010 1150 ἡ
1054 1081 1218 1157 χρεία
1259 1087 1358 1149 τῆς
1414 1078 1554 1150 ὕλης
1601 1083 1696 1133 τοῦ
1746 1081 1953 1154 χρυσοῦ

281 1174 509 1228 καὶτῶν
545 1170 755 1244 ἄλλων,
787 1171 876 1226 καὶ
913 1172 988 1244 μὴ
1049 1168 1262 1244 μᾶλλον
1313 1168 1382 1224 δι’
1415 1169 1590 1224 αὐτῶν
1640 1173 1746 1223 τῶν
1801 1167 1951 1247 φύσει

284 1265 464 1333 ζώων,
496 1263 569 1316 ὧν
603 1261 705 1315 εἰσι
742 1261 947 1338 μορφαὶ
978 1263 1044 1314 τὰ
1074 1258 1397 1336 γλύμματα,
1428 1259 1519 1314 τὸν
1553 1259 1679 1314 Θεὸν
1738 1257 1951 1334 ἐπιφαί-

279 1354 462 1408 νεσθαι
497 1371 511 1420 ;
548 1349 804 1407 Καλλίων
858 1353 960 1425 γὰρ
1016 1349 1073 1404 ἂν
1127 1353 1160 1418 ἡ
1213 1350 1336 1425 περὶ
1385 1354 1480 1403 τοῦ
1512 1351 1622 1421 (15)
1657 1353 1789 1403 Θεοῦ
1831 1345 1956 1417 δόξα

277 1445 417 1500 κατά
440 1443 531 1498 τὸν
567 1441 724 1498 αὐτὸν
751 1440 917 1517 λόγον
956 1441 1222 1516 ἐγεγόνει,
1261 1441 1304 1494 εἰ
1357 1438 1444 1494 ’διά
1498 1441 1650 1509 ζώων
1687 1438 1951 1513 ἐμψύχων

281 1532 526 1609 λογικῶν
556 1553 615 1587 τε
641 1531 732 1586 καὶ
784 1530 1002 1607 ἀλόγων
1058 1529 1389 1608 ἐπεφαίνετο,
1441 1529 1530 1583 καὶ
1585 1531 1658 1601 μὴ
1713 1528 1762 1582 ἐν
1818 1525 1952 1600 ἀψύ-

283 1644 412 1699 χοις
469 1622 560 1677 καὶ
620 1622 899 1691 ἀκινήτοις
956 1617 1322 1695 προσεδοκᾶτο
1375 1636 1387 1650 ·
1438 1617 1517 1695 ἐφ’
1572 1621 1654 1680 οἷς
1721 1615 1955 1691 μάλιστα

281 1715 402 1769 καθ’
432 1712 633 1767 ἑαυτῶν
669 1706 911 1768 ἀσέϐειαν
968 1710 1308 1785 ἐργάζονται.
1363 1711 1437 1762 Ti
1485 1711 1587 1785 γὰρ
1639 1708 1790 1786 φύσει
1847 1712 1957 1776 ζῶα

279 1799 588 1875 τετράποδά
627 1822 688 1856 τε
732 1803 822 1856 καὶ
871 1802 1088 1856 πετεινά
1139 1801 1229 1854 καὶ
1282 1799 1478 1873 ἑρπετά
1534 1797 1956 1874 βδελυττόμενοι

281 1893 376 1947 καὶ
407 1890 873 1968 ἀποστρεφόμενοι
927 1891 961 1958 ἢ
1017 1888 1104 1944 διὰ
1149 1890 1249 1958 τὴν
1303 1888 1606 1963 ἀγριότητα
1657 1890 1691 1956 ἢ
1737 1885 1826 1942 διὰ
1855 1888 1952 1954 τὴν

285 1981 552 2059 ῥυπαρίαν
581 2028 596 2052 ,
647 1979 799 2054 ὅμως
849 1978 979 2043 τοῦς
1027 1978 1233 2033 τούτων
1281 1979 1484 2040 τύπους
1539 1977 1588 2032 ἐν
1641 1975 1818 2040 λίθοις
1867 1977 1955 2030 καὶ
1987 2007 2033 2070 Β

1906 2066 1928 2084 (κ

282 2070 478 2142 ξύλοις
536 2071 627 2125 καὶ
678 2075 868 2146 χρυσῷ
915 2067 1220 2144 γλύψαντες
1268 2071 1606 2123 θεοποιοῦσιν
1636 2109 1646 2122 .
1699 2064 1845 2122 Ἔδει
1902 2066 1958 2121 δὲ

292 2160 434 2215 αὐτά
467 2157 679 2233 μᾶλλον
707 2160 774 2213 τὰ
807 2163 978 2228 ζῶντα
1025 2157 1339 2235 θρησκεύειν
1395 2156 1587 2220 αὐτοὺς
1623 2160 1733 2231 (16)
1831 2155 1956 2218 τοῦς

292 2249 504 2306 τούτων
563 2248 768 2310 τύπους
830 2247 880 2303 ἐν
938 2247 1152 2310 τούτοις
1207 2250 1644 2322 προσκυνεῖσθαι.
1702 2249 1772 2303 Ἢ
1817 2243 1962 2321 τάχα

287 2337 502 2394 τούτων
548 2339 641 2410 μὲν
696 2335 872 2406 οὐδὲν,
927 2334 1112 2407 οὕτεὴ
1171 2338 1353 2416 μορφὴ
1403 2333 1525 2390 οὔτε
1571 2339 1605 2405 ἡ
1658 2334 1763 2405 ὕλη
1817 2335 1964 2390 αἰτία

285 2435 395 2498 τῆς
427 2432 562 2482 Θεοῦ
593 2426 892 2500 παρουσίας
940 2425 1068 2481 ἐστί·
1129 2426 1264 2500 μόνη
1321 2424 1378 2482 δέ
1425 2429 1458 2495 ἡ
1507 2427 1618 2499 μετ’
1652 2425 1962 2498 ἐπιστήμης

291 2519 470 2594 τέχνη
502 2517 564 2571 τὸ
589 2522 740 2570 Θεῖον
777 2515 1101 2589 ἐκκαλεῖται,
1138 2518 1228 2572 ἅτε
1259 2516 1324 2586 δὴ
1366 2516 1594 2590 μίμημα
1622 2524 1722 2585 τῆς
1755 2516 1964 2593 φύσεως

295 2606 435 2676 αὐτή
488 2608 857 2683 τυγχάνουσα.
915 2605 1070 2661 Ἀλλ’
1119 2607 1164 2662 εἰ
1209 2605 1298 2661 διὰ
1339 2608 1437 2675 τὴν
1491 2606 1798 2678 ἐπιστήμην
1854 2605 1967 2660 ἐπι-

309 2700 473 2775 φοιτᾷ
500 2697 562 2750 τὸ
603 2699 754 2751 Θεῖον
782 2700 900 2758 τοῖς
947 2693 1257 2770 γλύμμασι,
1287 2696 1372 2756 τίς
1420 2696 1582 2750 πάλιν
1615 2697 1648 2764 ἡ
1684 2695 1844 2770 χρεία
1866 2702 1968 2764 τῆς

312 2786 475 2855 ὕλης,
528 2782 695 2856 οὔσης
745 2793 845 2855 τῆς
894 2785 1206 2859 ἐπιστήμης
1258 2786 1307 2840 ἐν
1356 2790 1473 2847 τοῖς
1522 2787 1876 2860 ἀνθρώποιςς
1926 2785 1970 2838 εἰ

313 2878 416 2951 γὰρ
449 2875 596 2938 ὅλως
631 2876 719 2930 διὰ
754 2877 852 2944 τὴν
903 2877 1101 2952 τεχνην
1156 2874 1488 2953 ἐπιφαίνεται
1519 2876 1546 2928 ὁ
1579 2876 1730 2944 Θεὸς,
1762 2874 1850 2928 καὶ
1885 2872 1974 2929 διὰ

310 2970 472 3020 τοῦτο
504 2965 890 3038 θρησκεύονται
920 2965 996 3028 ὡς
1042 2963 1151 3020 θεοὶ
1202 2967 1269 3018 τὰ
1314 2963 1616 3040 γλύμματα
1651 2987 1662 2998 ·
1700 2961 1806 3019 ἔδει
1845 2963 1972 3025 τοὺς

313 3055 632 3131 ἀνθρώπους
679 3063 781 3124 τῆς
845 3056 1046 3131 τέχνης
1116 3042 1272 3116 ὄντας
1315 3053 1602 3130 ἀρχηγοὺς
1653 3059 1971 3127 προσκυνεῖ-

345 3146 374 3198 θ
534 3145 549 3163 ε
796 3145 850 3178 ,ιβ
1070 3143 1076 3160 ν
1243 3147 1274 3166 η
1399 3144 1410 3160 ε
1598 3165 1608 3174 ,
1669 3143 1680 3160 ι
1815 3143 1828 3160 ε
1922 3144 1932 3158 .

314 3165 344 3198 σ
378 3164 431 3199 αι
461 3165 551 3199 και
591 3146 995 3217 θρησκεύεσθαι,
1047 3146 1158 3216 ὅσῳ
1185 3145 1298 3216 (1ι)
1326 3165 1414 3198 και
1467 3142 1684 3218 λογικοι
1742 3165 1830 3197 και
1876 3165 1974 3211 την

317 3232 624 3307 ἐπιστήμην
658 3228 876 3309 ἔχουσιν
911 3233 962 3288 ἐν
997 3233 1228 3295 ἑαυτοῖς.

383 3326 474 3381 21.
498 3322 629 3398 Περὶ
666 3319 722 3376 δὲ
751 3331 851 3392 τῆς
903 3321 1153 3397 δευτέρας
1205 3322 1378 3378 αὐτῶν
1413 3322 1501 3376 καὶ
1549 3319 1837 3398 βαθυτέρας
1872 3319 1967 3390 δῆ-

2064 739 2126 778 se
2154 721 2472 776 videndum
2506 726 2654 777 Deus
2685 739 2798 777 non
2833 722 3164 793 praebebat?
3195 724 3436 780 Frustra
3485 740 3721 797 quoque

2064 811 2281 882 templa
2314 811 2498 865 muris
2531 812 2827 881 muniunt,
2858 812 3234 884 lapidemque
3267 831 3472 885 unum,
3510 820 3612 870 aut
3639 815 3719 870 li-

2064 917 2269 972 gnum,
2305 905 2404 955 aut
2429 901 2683 970 aliquam
2734 902 2861 957 auri
2916 907 3138 973 partem
3167 904 3226 958 in
3259 904 3353 960 his
3385 904 3719 972 includunt,

2065 1007 2198 1045 cum
2232 990 2503 1045 universa
2533 997 2688 1046 terra
2716 992 3058 1062 hujusmodi
3093 994 3266 1049 rebus
3318 995 3395 1052 sit
3435 994 3628 1067 plena.
3660 996 3718 1051 Si

2065 1097 2199 1136 vero
2249 1080 2525 1152 imposita
2574 1081 2760 1135 forma
2804 1081 2984 1136 divini
3037 1083 3322 1139 adventus
3372 1101 3550 1140 causa
3606 1089 3718 1153 est,

2065 1170 2198 1242 quis
2229 1187 2374 1225 usus
2406 1171 2659 1224 materias
2693 1171 2816 1224 auri
2849 1171 3167 1228 aliarumve
3198 1175 3434 1229 rerum?
3466 1192 3573 1230 cur
3601 1193 3718 1231 non

2064 1262 2260 1333 potius
2293 1276 2393 1331 per
2424 1260 2552 1331 ipsa
2582 1276 2716 1314 vera
2742 1261 3301 1333 animalia,quorum
3332 1264 3555 1337 efﬁgies
3579 1269 3720 1321 sunt

2066 1351 2403 1416 simulacra,
2433 1355 2583 1405 Deus
2607 1351 2884 1421 apparet?
2917 1350 3155 1423 Dignior
3185 1352 3478 1425 siquidem
3501 1356 3572 1411 de
3605 1360 3716 1412 Deo

2066 1439 2263 1511 opinio
2297 1441 2498 1494 eadem
2531 1440 2602 1494 de
2633 1456 2811 1494 causa
2842 1439 3172 1512 haberetur,
3221 1441 3267 1496 si
3308 1459 3412 1513 per
3441 1443 3717 1500 animalia

2063 1529 2316 1585 viventia
2346 1529 2464 1584 sive
2495 1529 2721 1584 ratione
2755 1529 2995 1600 praedita
3020 1530 3140 1586 sive
3171 1531 3414 1588 rationis
3463 1534 3720 1605 expertia

2066 1623 2392 1692 appareret,
2425 1635 2613 1690 neque
2639 1619 2698 1674 in
2722 1619 3000 1674 inanimis
3031 1624 3089 1675 et
3126 1621 3531 1679 immobilibus
3571 1640 3714 1680 con-

2066 1709 2402 1782 spiciendus
2435 1713 2884 1782 exspectaretur.
2921 1711 3227 1766 Summam
3258 1712 3415 1767 enim
3452 1713 3720 1785 impieta-

2066 1803 2182 1854 tem
2215 1800 2495 1854 adversus
2546 1800 2773 1870 seipsos
2823 1800 3220 1870 committunt,
3256 1803 3356 1874 qui
3406 1819 3539 1858 cum
3587 1820 3724 1860 vera

2067 1888 2363 1957 animalia,
2399 1889 2831 1960 quadrupedes,
2885 1908 3018 1946 aves
3067 1894 3125 1946 et
3175 1895 3474 1963 serpentes
3505 1911 3606 1950 seu
3648 1895 3720 1950 ob

2069 1979 2356 2034 feritatem
2389 1995 2492 2034 seu
2523 1980 2595 2034 ob
2624 1979 2945 2034 foeditatem
2998 1981 3226 2053 fugiant
3255 1985 3311 2038 et
3345 1982 3717 2055 abhorreant,

2067 2069 2279 2124 horum
2311 2073 2506 2124 tamen
2538 2069 2754 2124 formas
2786 2069 3106 2140 lapidibus,
3137 2070 3314 2144 lignis
3347 2077 3404 2127 et
3435 2090 3577 2129 auro
3629 2073 3720 2128 in-

2069 2158 2499 2230 sculptas'deos
2533 2159 2769 2214 faciant.
2795 2159 3245 2216 Convenientius
3267 2178 3407 2217 sane
3438 2166 3562 2218 erat
3590 2163 3723 2236 ipsa

2069 2248 2318 2303 viventia
2366 2265 2542 2319 quam
2593 2265 2796 2303 eorum
2852 2250 3070 2304 formas
3119 2249 3249 2306 coli.
3285 2255 3361 2306 At
3394 2251 3540 2308 forte
3571 2269 3720 2308 neu-
3756 2253 3760 2257 ⁷

2071 2341 2228 2392 trum
2257 2337 2490 2404 horum,
2527 2354 2736 2408 nempe
2767 2353 2955 2408 neque
2985 2339 3192 2407 forma,
3243 2356 3432 2411 neque
3476 2340 3722 2396 materia

2073 2428 2175 2483 Dei
2207 2428 2491 2482 adventus
2523 2444 2703 2482 causa
2733 2429 2822 2482 est
2849 2444 2861 2482 ε
2896 2428 2996 2483 sed
3029 2427 3154 2484 sola
3184 2445 3279 2485 ars
3311 2447 3447 2485 cum
3477 2430 3725 2486 scientia

2075 2518 2392 2588 conjuncta
2412 2516 2674 2572 divinum
2707 2533 2927 2572 numen
2959 2521 3174 2586 evocat,
3193 2519 3408 2591 quippe
3435 2536 3568 2575 cum
3599 2519 3731 2592 ipsa

2078 2607 2154 2662 sit
2183 2610 2404 2661 naturae
2433 2605 2702 2661 imitatio.
2737 2606 2848 2661 Sed
2881 2607 2930 2661 si
2965 2611 3199 2679 propter
3229 2607 3538 2664 scientiam
3562 2613 3619 2665 et
3636 2626 3726 2665 ar-

2076 2700 2194 2752 tem
2229 2700 2379 2750 Deus
2419 2696 2489 2749 ad
2523 2694 2839 2751 simulacra
2869 2695 3108 2767 accedit,
3142 2699 3273 2769 quis
3305 2715 3516 2755 rursus
3549 2701 3732 2754 mate-

2080 2785 2177 2840 riae
2210 2801 2376 2853 usus,
2418 2801 2552 2838 cum
2602 2800 2697 2839 ars
2746 2789 2801 2839 et
2852 2786 3098 2841 scientia
3126 2787 3186 2842 in
3217 2786 3558 2844 hominibus
3590 2789 3734 2845 resi-

2082 2875 2297 2930 deant?
2351 2874 2400 2929 si
2448 2874 2605 2928 enim
2665 2891 2907 2944 prorsus
2959 2879 3196 2947 propter
3252 2881 3434 2934 artem
3496 2882 3738 2950 apparet

2081 2964 2257 3029 Deus,
2293 2967 2348 3017 et
2381 2963 2597 3018 idcirco
2630 2961 2946 3019 simulacra
2977 2967 3261 3037 tanquam
3296 2967 3374 3021 dii
3409 2967 3683 3023 coluntur
3717 2984 3731 3023 :

2081 3053 2193 3124 ipsi
2226 3053 2481 3124 proiecto
2513 3051 2782 3107 homines
2814 3053 2956 3108 artis
2989 3058 3256 3111 auctores
3303 3056 3492 3113 multo
3546 3057 3736 3129 magis

2082 3141 2394 3196 venerandi
2426 3145 2483 3195 et
2513 3141 2738 3195 colendi
2765 3146 2949 3209 erant,
2984 3143 3136 3212 quod
3169 3143 3392 3200 ratione
3425 3145 3545 3201 sint
3593 3162 3737 3218 prae-

2083 3231 2189 3286 diti.
2222 3231 2648 3301 scientiamque
2679 3234 2736 3284 et
2768 3234 2951 3285 artem
2986 3230 3044 3286 in
3079 3232 3290 3303 seipsis
3322 3233 3598 3290 habeant.

2152 3321 2241 3374 21.
2283 3319 2367 3374 Ad
2427 3318 2669 3374 alteram
2720 3322 2915 3374 autem
2962 3323 3020 3375 et
3068 3319 3474 3377 sublimiorem
3532 3331 3775 3378 eorum'

314 3413 398 3467 θεν
429 3409 754 3488 ἀπολογίας,
787 3411 877 3467 καὶ
919 3417 1086 3468 ταῦτα
1134 3409 1191 3466 ἄν
1243 3433 1324 3473 τις
1360 3411 1674 3473 ἀκολούθως
1717 3409 1878 3465 εἷ’ποι·
1909 3412 1972 3465 Ei.

2089 3409 2525 3481 responsionem
2571 3407 2692 3464 11ch
2725 3411 3058 3480 reponenda
3106 3411 3356 3466 arbitror
3390 3428 3402 3468 :
3436 3412 3495 3468 Si
3528 3430 3644 3469 non
3675 3415 3742 3468 ut

317 3501 380 3558 οὐ
441 3499 530 3557 διὰ
583 3503 681 3571 τὴν
745 3502 908 3557 αὐτοῦ
943 3504 1056 3575 (18)
1103 3506 1200 3556 τοῦ
1256 3506 1388 3558 Θεοῦ
1449 3501 1756 3580 ἐπιφάνειαν
1812 3506 1980 3558 ταῦτα

319 3591 446 3664 ὑμῖν
495 3590 813 3661 πεποίηται,
847 3589 1210 3662 ὦπἙλληνες,
1261 3589 1406 3646 ἀλλὰ
1455 3589 1543 3645 διὰ
1571 3593 1670 3660 τήν
1727 3589 1978 3666 ἀγγέλων

317 3680 428 3736 ἐκεῖ
469 3680 788 3751 παρουσίαν·
838 3677 926 3735 8ιά
967 3681 1018 3734 τί
1065 3682 1132 3735 τὰ
1183 3679 1495 3756 ἀγάλματα,
1549 3679 1616 3734 δι’
1678 3682 1750 3734 ὧν
1801 3680 1981 3735 ἐπικα-

318 3768 497 3825 λεῖσθε
550 3771 648 3832 τὰς
694 3767 972 3843 δυνάμεις,
1019 3769 1301 3846 κρείττονα
1338 3772 1427 3825 καὶ
1474 3771 1604 3844 ὑπὲρ
1664 3770 1824 3832 αὐτὰς
1885 3772 1980 3833 τας

320 3857 704 3929 ἐπικληθείσας
753 3857 1004 3934 δυνάμεις
1055 3866 1261 3915 ποιεῖτε
1295 3879 1307 3928 ;
1342 3862 1506 3935 Χάριν
1556 3861 1658 3934 γὰρ
1707 3867 1808 3928 τῆς
1857 3859 1981 3934 περὶ

320 3952 454 4004 Θεοῦ
482 3946 846 4022 καταλήψεως
897 3946 1199 4026 γλύφοντες
1250 3951 1344 4011 τὰς
1409 3951 1641 4027 μορφὰς,
1704 3948 1778 4011 ὥς
1829 3969 1980 4026 φατε,

320 4037 485 4094 αὐτοῦ
538 4041 636 4092 τοῦ
691 4042 826 4094 Θεοῦ
877 4039 976 4108 τήν
1030 4040 1196 4112 τιμὴν
1238 4039 1328 4092 καὶ
1376 4039 1747 4114 προσηγορίαν
1798 4039 1982 4098 αὐτοῖς

320 4129 434 4201 (19)
463 4131 583 4189 τοῖς
641 4126 933 4202 γλύμμασι
983 4128 1333 4201 περιτίθετε,
1383 4135 1613 4203 πρᾶγμα
1678 4129 1983 4202 πάσχοντες

321 4217 422 4272 οὐκ
459 4215 670 4291 εὐαγὲς.
725 4214 1152 4292 Ὀμολογοῦντες
1211 4219 1314 4293 γὰρ
1377 4218 1680 4294 ὑπεραίρειν
1741 4219 1839 4285 τὴν
1889 4221 1985 4270 τοῦ

320 4309 456 4363 Θεοῦ
507 4303 731 4381 δύναμιν
764 4313 864 4376 τῆς
911 4311 1018 4362 τῶν
1070 4304 1403 4382 ἀγαλμάτων
1455 4305 1844 4383 σμικρότητος,
1896 4305 1985 4360 καὶ

322 4393 412 4451 διὰ
436 4400 599 4451 τοῦτο
657 4398 732 4468 μή
778 4394 1094 4470 τολμῶντες
1143 4395 1233 4450 τόν
1268 4397 1394 4450 Θεὸν
1452 4393 1520 4449 δι’
1574 4395 1769 4468 αὐτῶν,
1804 4396 1896 4457 τὰς
1931 4393 1987 4449 δὲ

321 4484 534 4542 ἐλάττω
587 4482 843 4559 δυνάμεις
896 4473 1306 4556 ἐπικαλεῖσθαι,
1365 4484 1518 4539 αὐτοὶ
1575 4483 1770 4546 ταύτας
1833 4485 1987 4558 ὑπερ-

322 4571 557 4649 ϐάντες,
616 4575 678 4630 οὗ
739 4577 837 4644 τήν
895 4573 1193 4652 παρουσίαν
1250 4569 1574 4652 ἐφοϐήθητε,
1636 4573 1830 4627 τούτου
1886 4574 1984 4641 τὴν

321 4665 696 4741 προσηγορίαν
756 4669 872 4727 τοῖς
932 4663 1108 4727 λίθοις
1160 4664 1249 4720 καὶ
1280 4667 1391 4739 (2-0)
1423 4662 1606 4734 ξύλοις
1649 4663 1939 4732 ἀνεθήκατε
1971 4682 1984 4694 ’

321 4755 414 4818 καὶ
446 4756 600 4815 θεοὺς
658 4753 774 4808 ἀντὶ
823 4751 992 4809 λίθων
1047 4753 1137 4809 καὶ
1194 4755 1392 4829 τέχνης
1443 4751 1759 4829 ἀνθρώπιον.
1789 4751 1989 4824 ὀνομά-

325 4849 442 4914 ζετε
499 4845 590 4899 καὶ
648 4849 1042 4918 προσκυνεῖτε.
1105 4844 1165 4899 Εἰ
1224 4845 1328 4920 γάρ
1389 4844 1477 4898 καὶ
1538 4844 1612 4905 ὡς
1691 4839 1992 4917 γράμματά

323 4934 457 4989 εἰσιν
517 4934 644 5006 ὑμῖν
700 4937 888 5008 ταῦτα,
951 4933 1027 4997 ὡς
1086 4931 1362 5008 ψεύδεσθε,
1419 4941 1521 5003 τῆς
1551 4932 1639 4987 ἐπὶ
1697 4929 1824 4986 Θεὸν
1857 4932 1989 4986 θεω-

324 5021 468 5099 ρίας,
529 5022 590 5078 οὐ
653 5019 861 5077 δίκαιον
921 5023 988 5077 τά
1044 5019 1397 5097 σημαίνοντα
1437 5028 1535 5077 τοῦ
1588 5022 1992 5095 σημαινομένου

319 5116 620 5188 προτιμᾷν.
685 5108 821 5165 Οὐδὲ
878 5112 980 5186 γὰρ
1041 5112 1086 5166 εἰ
1119 5113 1320 5191 γράφοι
1371 5134 1454 5174 τις
1485 5113 1545 5166 τὸ
1581 5109 1849 5186 βασιλέως
1882 5114 1994 5185 (21)

324 5200 522 5275 ὄνομα,
558 5197 853 5262 ἀκινδύνως
909 5199 1029 5276 ἔχοι
1075 5202 1136 5256 τὸ
1179 5205 1410 5276 γράμμα
1448 5206 1733 5277 προτιμῶν
1764 5205 1859 5255 τοῦ
1898 5202 1992 5274 βα-

399 5365 516 5490 (15)
549 5367 675 5420 Art.
709 5367 806 5417 τοῦ
840 5381 1014 5447 quem
1051 5382 1163 5449 non
1207 5364 1427 5447 habent
1473 5370 1712 5448 Seguer.
1762 5363 1994 5445 Gobler.

324 5438 399 5494 Fe
427 5437 586 5494 ckm.
622 5439 648 5492 1
684 5452 862 5493 anon.
897 5454 958 5492 1n
993 5436 1122 5492 alus
1154 5441 1220 5492 ut
1249 5441 1305 5492 et
1334 5454 1394 5491 1n
1428 5438 1603 5493 editis
1633 5437 1727 5492 hic
1757 5437 1992 5494 legitur.

326 5452 586 5494 r'eicKm.
622 5452 648 5492 1
684 5452 862 5493 anon.
897 5454 958 5492 1n
993 5452 1122 5492 auls
1154 5452 1220 5492 ut
1249 5452 1305 5492 et
1334 5454 1394 5491 1n
1428 5452 1603 5493 cuius
1635 5452 1727 5492 mc
1759 5452 1992 5509 legitur.

326 5509 464 5566 Mox
494 5507 639 5581 ibid,
674 5525 780 5580 pro
812 5506 998 5577 αὐτόν,
1028 5508 1724 5581 Basil.Anglic.Felckm.
1757 5511 1791 5562 2
1822 5525 1993 5564 anon.

327 5581 551 5648 habent
580 5577 777 5634 αὐτῶν.

404 5653 518 5723 [16)
549 5649 762 5711 Αὐτούς
797 5653 962 5708 deest
1011 5652 1070 5706 in
1122 5653 1362 5723 Seguer.
1397 5650 1628 5706 Gobler.
1681 5650 1931 5706 Felckm.
1971 5652 1994 5703 1

336 5741 523 5879 alii?)
557 5795 655 5852 Sic
685 5795 936 5879 segnem.
974 5795 1152 5852 Basil.
1203 5793 1643 5879 Anglic."Gobl.
1680 5792 1933 5849 Felckm.
1971 5793 1995 5847 1

333 5872 392 5925 et
419 5871 456 5925 2
486 5867 664 5927 anon.
698 5867 812 5924 Alii
843 5870 1042 5924 autem
1073 5884 1208 5925 cum
1241 5867 1412 5924 editis
1443 5867 1547 5922 ὅτι.

2085 3500 2210 3572 ipse
2242 3499 2418 3564 Deus,
2452 3499 2548 3554 sed
2603 3503 2667 3554 ut
2719 3497 2910 3571 angeli
2956 3498 3074 3555 illic
3128 3505 3469 3573 appareant,
3521 3501 3654 3569 ista,
3707 3519 3740 3558 o

2089 3589 2357 3662 gentiles,
2384 3589 2646 3644 fabricati
2680 3589 2820 3644 estis
2855 3605 2868 3642 :
2899 3605 3002 3644 cur
3031 3590 3350 3646 simulacra
3373 3609 3475 3664 per
3496 3609 3623 3664 quae
3646 3609 3744 3664 po-

2094 3683 2329 3735 testates
2361 3678 2662 3743 invocatis,
2699 3676 2873 3732 iidem
2909 3695 3056 3750 quas
3109 3679 3392 3737 invocatis
3441 3681 3742 3753 potestati-

2091 3769 2201 3824 bus
2231 3767 2415 3840 pluris
2447 3766 2679 3822 facitis?
2708 3766 2823 3822 Vos
2853 3768 3008 3822 enim
3061 3768 3159 3840 qui
3209 3769 3311 3824 Dei
3356 3770 3747 3843 cognoscendi

2092 3858 2281 3931 gratia
2311 3857 2418 3913 has
2450 3858 2669 3929 ﬁguras
2701 3856 2961 3929 scalpere
2992 3858 3208 3926 dicitis,
3229 3858 3420 3930 ipsius
3447 3862 3545 3916 Dei
3567 3860 3748 3916 hono-

2094 3964 2216 4004 rem
2249 3952 2304 4003 et
2334 3964 2547 4003 nomen
2580 3947 2672 4003 his
2703 3947 2849 4019 ipsis
2879 3948 3213 4006 simulacris
3245 3949 3746 4023 imponitis,quod

2094 4038 2351 4109 profecto
2383 4037 2630 4110 impium
2663 4042 2718 4093 et
2750 4038 3101 4111 sacrilegum
3148 4045 3254 4095 est.
3289 4039 3436 4096 Nam
3483 4057 3585 4097 vos
3632 4041 3747 4113 ipsi

2095 4127 2193 4199 qui
2250 4127 2528 4204 divinam.
2562 4132 2912 4198 potestatem
2962 4128 3416 4185 simulacrorum
3464 4129 3750 4188 tenuitate

2095 4216 2266 4289 longe
2296 4221 2571 4286 praestare
2600 4216 3141 4289 fatemini,eamque
3161 4219 3234 4274 ob
3267 4235 3501 4274 causam
3525 4236 3628 4291 per
3652 4218 3753 4275 illa

2097 4324 2212 4362 non
2244 4306 2463 4362 auditis
2508 4305 2704 4378 ipsum
2759 4306 2966 4375 Deum,
3018 4307 3119 4364 sed
3172 4307 3474 4364 inferiores
3520 4311 3751 4364 tantum

2097 4399 2416 4468 potestates
2466 4395 2734 4451 invocare
2770 4411 2782 4452 :
2816 4413 2939 4463 vos,
2975 4395 3242 4466 inquam,
3274 4395 3408 4468 ipsi,
3440 4395 3555 4452 illis
3602 4413 3755 4468 prae-

2096 4484 2408 4552 termissis,
2460 4485 2630 4555 cujus
2683 4484 3049 4555 praesentiam
3107 4484 3535 4554 formidabatis,
3576 4485 3756 4556 hujus

2100 4591 2310 4630 nomen
2354 4573 2650 4644 lapidibus
2699 4578 2755 4628 et
2802 4572 2979 4645 lignis
3032 4572 3420 4645 imposuistis,
3457 4589 3583 4645 quae
3615 4573 3758 4630 deos

2098 4664 2400 4720 nominare
2432 4662 2765 4734 divinisque
2797 4661 3121 4718 honoribus
3149 4662 3379 4719 afﬁcere
3426 4679 3542 4718 non
3591 4679 3755 4718 vere-

2022 4766 2068 4830 D
2100 4752 2266 4819 mini,
2300 4768 2433 4806 cum
2467 4768 2598 4806 vere
2626 4750 2769 4806 nihil
2803 4749 2916 4806 nisi
2947 4749 3172 4822 lapides
3203 4755 3258 4806 et
3288 4751 3604 4807 artiﬁcium
3650 4751 3755 4808 ho-

2103 4841 2331 4896 minum
2364 4839 2612 4896 debeant
2634 4838 2933 4912 appellari.
2969 4840 3295 4908 Enimvero,
3331 4839 3378 4894 si
3424 4845 3490 4895 ut
3538 4843 3758 4897 menti-

2103 4930 2267 4998 mini,
2304 4930 2425 4984 haec
2455 4928 2836 4985 vobisinstar
2874 4929 3206 4986 litterarum
3259 4933 3399 4987 sunt
3447 4929 3519 4985 ad
3569 4934 3752 4986 Deum

2104 5019 2620 5091 contemplandum
2652 5035 2665 5074 :
2694 5036 2930 5091 aequum
2965 5023 3118 5076 certe
3149 5037 3264 5075 non
3296 5023 3386 5074 est
3417 5035 3510 5074 res
3541 5018 3761 5091 signiﬁ-

2105 5113 2303 5165 cantes
2354 5109 2444 5164 bis
2497 5126 2641 5180 quas
2675 5108 3008 5181 signiﬁcant
3036 5109 3342 5165 anteferre.
3374 5108 3573 5180 Neque
3603 5107 3760 5164 enim

2106 5199 2154 5255 si
2178 5198 2312 5270 quis
2345 5197 2628 5270 scriptum
2649 5197 3021 5270 imperatoris
3053 5215 3265 5254 nomen
3287 5196 3398 5269 ipsi
3422 5197 3764 5269 imperatori

2178 5360 2546 5433 (18)Gobler.
2580 5360 2836 5416 Felckm.
2885 5361 2903 5414 1
2941 5377 3114 5433 anon.
3149 5357 3340 5433 αὐτην,

2179 5431 2292 5506 (19)
2326 5431 2522 5493 Abt-ot:
2574 5433 2737 5488 deest
2790 5433 2851 5506 in
2895 5432 3125 5506 Gobler.
3166 5431 3527 5506 _Felckm.d
3590 5446 3764 5486 anon.

2110 5502 2284 5560 Paulo
2319 5510 2452 5576 post
2482 5520 2734 5575 sequens
2762 5503 2851 5556 καί
2884 5505 3049 5560 deest
3077 5504 3136 5558 in
3166 5502 3422 5576 Felckm.
3454 5503 3489 5558 3
3518 5518 3694 5576 anon_.

2181 5571 2461 5646 ('20ji'Art.
2512 5571 2649 5645 τοῖς,
2704 5577 2803 5647 qui
2857 5576 2910 5630 in
2962 5571 3767 5647 Seguer.__,Gobler._Anglic.

2111 5643 2368 5703 Fclckm.
2412 5653 2430 5700 1
2462 5653 2518 5700 et
2546 5649 2580 5700 2.
2613 5643 2784 5702 anon.
2822 5649 3001 5713 deest,
3039 5643 3110 5700 'in
3159 5644 3290 5700 aliis
3321 5653 3392 5701 ut
3420 5651 3478 5700 et
3505 5645 3563 5700 in
3594 5643 3768 5698 editis

2111 5720 2203 5774 hic
2236 5719 2491 5793 legit_ur._
2772 5790 2798 5793 _
2846 5790 2858 5793 _
2886 5789 2898 5793 _
3047 5791 3082 5793 _
3120 5788 3133 5793 _
3176 5789 3189 5793 _
3366 5791 3374 5793 _

2185 5783 2422 5862 (‘31)VSic
2468 5791 2704 5862 Segucr.
2746 5789 2987 5862 ,Gobler.
3043 5788 3298 5846 Felckm.
3355 5791 3382 5844 1
3436 5805 3608 5846 anon.
3658 5783 3770 5837 Alii

2111 5857 2245 5926 cum
2277 5857 2469 5927 editis,
2503 5857 2582 5930 τῷ
2619 5857 2850 5934 βασιλεῖ.
