4160 6386
392 478 471 544 43
929 474 995 541 s.
1038 474 1466 541 ATHANASII
1509 473 1683 539 OPP.
1728 473 1934 538 mas
1977 472 2140 536 1.-
2168 471 2595 542 HISTORICA
2635 475 2740 542 ΕΤ
2781 456 3273 544 οοαΜΑτιοΑ.
3740 474 3827 542 u

391 610 800 688 praetuleritﬁd
828 611 1077 687 impune
1098 611 1359 668 facturus
1388 615 1479 667 est
1510 627 1522 666 :
1557 609 1659 666 sed
1688 608 1786 666 ille
1807 609 2045 683 quidem

2174 606 2379 672 τιλέως·
2412 607 2541 666 ἀλλ’
2571 611 2600 667 6
2626 616 2877 676 τοιοῦτος
2907 607 3131 667 θάνατον
3187 610 3281 686 μὲν
3314 605 3434 687 ἔχει
3460 608 3563 681 τήν
3598 608 3826 688 ζημίαν,

395 707 584 761 morte
632 701 1006 771 multabitur;
1055 696 1344 773 scriptum
1394 705 1590 757 autem
1640 716 1854 756 nomen
1901 697 2049 755 nihil

398 794 606 867 utique
634 792 794 849 aliud
825 791 937 847 nisi
968 790 1276 847 scribentis
1308 806 1457 863 opus
1489 790 1620 845 erit.
1655 791 1758 858 Ita,
1794 788 1844 845 si
1881 787 2049 845 vobis

399 901 545 942 sana
575 899 742 939 mens
771 885 945 948 esset,
968 884 1091 937 tam
1123 884 1441 953 augustum
1472 878 1799 935 divinitatis
1818 877 2051 951 insigne

397 988 702 1045 nunquam
750 971 1006 1027 materias
1055 968 1497 1036 attribuissetis,
1528 985 1718 1041 neque
1759 967 2049 1040 scalptum

394 1060 781 1119 simulacrum
811 1059 1097 1133 scalpenti
1127 1058 1353 1115 homini
1384 1062 1739 1131 anteponere
1761 1057 1889 1114 ausi
1912 1055 2052 1113 fuis-

393 1151 556 1208 setis.
585 1149 845 1206 Tametsi
875 1148 1034 1205 enim
1063 1147 1253 1205 instar
1279 1147 1609 1204 litterarum
1650 1146 1754 1203 Dei
1798 1162 2051 1219 prasen-

389 1238 534 1297 tiam
573 1236 928 1313 signiﬁcant,
961 1241 1138 1310 atque
1180 1237 1398 1293 idcirco
1451 1241 1517 1293 ut
1566 1239 1664 1292 17
1719 1236 1821 1293 Dei
1883 1235 2054 1308 signa

389 1328 697 1386 divinitate
724 1328 902 1401 digna
929 1327 1273 1399 judicantur
1303 1345 1321 1382 :
1356 1326 1745 1383 nihilominus
1768 1324 2052 1382 artiﬁcem

391 1418 492 1492 qui
521 1417 625 1475 illa
653 1416 873 1475 caelavit
900 1421 957 1473 et
986 1416 1319 1489 insculpsit,
1360 1417 1536 1473 deum
1569 1415 1692 1471 ﬁeri
1726 1414 1899 1487 longe
1931 1417 2056 1470 erat

392 1506 855 1571 convenientius,
883 1510 1083 1579 utpote
1113 1506 1215 1579 qui
1245 1505 1362 1561 illis
1393 1505 1472 1561 sit
1502 1505 1795 1577 potentior
1822 1507 1879 1561 et
1908 1501 2052 1558 divi-

396 1595 547 1662 nior,
579 1613 716 1653 cum
747 1594 851 1651 illa
884 1595 954 1651 ad
986 1597 1113 1665 ejus
1145 1594 1457 1651 arbitrium
1487 1594 1647 1651 edita
1675 1598 1733 1650 et
1760 1591 2056 1664 insculpta

398 1685 637 1741 fuerint.
669 1685 729 1741 Si
759 1683 942 1757 igitur
968 1683 1180 1740 littera:
1220 1688 1361 1740 sunt
1407 1683 1796 1741 admiratione
1840 1682 2052 1756 dignas,

401 1773 587 1831 multo
619 1790 760 1831 sane
789 1774 979 1847 magis
1009 1773 1135 1847 ipse
1163 1774 1412 1847 scriptor
1461 1778 1698 1847 propter
1745 1789 1915 1829 suam
1968 1787 2056 1826 ar-

401 1868 522 1921 tem
550 1867 609 1920 et
637 1863 846 1920 animae
883 1862 1188 1919 scientiam
1219 1867 1308 1919 est
1337 1863 1742 1919 admirandus.
1775 1861 2058 1929 Quocirca

2157 696 2219 752 τὸ
2253 695 2311 753 δὲ
2353 699 2587 775 γράμμα
2632 703 2700 775 τῇ
2748 704 2847 756 τοῦ
2893 701 3202 777 γράψαντος
3252 698 3530 774 ἐπιστήμῃ
3575 698 3827 756 τετύπω-

2156 807 2267 843 ται.
2311 787 2466 842 Οὕτω
2512 788 2603 843 καὶ
2660 790 2837 863 ὑμεῖς,
2899 787 3049 867 εἷεπερ
3100 787 3409 866 ἐρρωμένον
3469 786 3649 865 εἴχετε

2157 876 2249 931 τὸν
2281 873 2572 952 λογισμὸν,
2632 877 2731 934 ούκ
2788 878 2846 934 ἃν
2900 877 2964 934 τὸ
3017 876 3347 949 τηλικοῦτον
3405 884 3508 948 τῆς
3559 877 3825 949 θεότητος

2159 967 2447 1043 γνώρισμα
2495 967 2570 1030 εἰς
2620 966 2760 1039 ὅλην
2792 968 3112 1047 κατεφέρετε
3152 987 3166 1000 ·
3202 964 3349 1023 ἀλλά
3377 968 3470 1023 καὶ
3497 968 3561 1023 τὸ
3588 966 3831 1044 γλύμμα

2162 1054 2261 1111 οὐκ
2304 1054 2364 1110 ἂν
2420 1059 2827 1131 προετιμήσατε
2870 1061 2969 1112 τοῦ
3001 1056 3311 1133 γλύψαντος
3358 1055 3645 1134 ἀνθρώπου
3695 1101 3709 1115 .
3764 1057 3832 1114 Εἰ

2161 1145 2265 1221 γάρ
2295 1144 2385 1200 καὶ
2416 1144 2564 1209 ὅλως
2595 1146 2672 1209 ὡς
2702 1146 3003 1223 γράμματα
3050 1145 3383 1219 σημαίνουσι
3430 1147 3532 1216 τήν
3562 1150 3662 1203 τοῦ
3691 1151 3835 1203 Θεοῦ

2163 1233 2498 1314 ἐπιφάνειαν,
2529 1236 2620 1291 καὶ
2651 1234 2740 1292 διὰ
2785 1241 2947 1292 τοῦτο
2998 1236 3075 1299 ὡς
3123 1236 3254 1293 Θεὸν
3305 1235 3668 1310 σημαίνοντα,
3718 1239 3843 1292 θεο-

2161 1324 2345 1388 ποιίας
2370 1325 2503 1381 εἰσὶν
2535 1323 2655 1397 ἂὶξια
2685 1348 2698 1362 ·
2735 1324 2882 1382 ἀλλά
2909 1331 3041 1402 γοῦν
3071 1324 3165 1382 τὸν
3197 1331 3366 1383 ταῦτα
3413 1323 3702 1402 γλύψαντα
3739 1326 3839 1382 καὶ

2163 1415 2494 1491 χαράξαντα,
2527 1438 2598 1494 φη
2612 1417 2674 1489 μὶ
2710 1413 2776 1486 δή
2810 1414 2977 1471 πάλιν
3005 1417 3097 1471 τὸν
3128 1415 3408 1493 τεχνίτην,
3428 1414 3629 1489 πολλῷ
3659 1415 3836 1472 πλέον

2164 1499 2271 1560 ἔδει
2315 1506 2701 1575 θεοποιηθῆναι
2735 1550 2749 1577 ,
2782 1506 2858 1568 ὡς
2920 1502 3132 1580 μᾶλλον
3183 1505 3396 1562 ἐκείνων
3456 1503 3829 1582 δυνατώτερον

2162 1592 2254 1649 καὶ
2307 1594 2574 1670 θειότερον
2636 1595 2954 1671 ὑπάρχοντα
2982 1640 3002 1668 ,
3059 1594 3172 1668 ὅσῳ
3244 1594 3463 1651 κάκεῖνα
3531 1597 3670 1652 κατά
3722 1598 3827 1667 τήν

2166 1683 2331 1740 αὐτοῦ
2380 1683 2644 1760 βούλησιν
2681 1683 2863 1757 ἐξέσθη
2910 1686 3002 1741 καὶ
3047 1684 3373 1741 τετύπωται.
3424 1684 3491 1741 Ei
3534 1685 3716 1741 τοίνυν
3761 1687 3837 1741 τὰ

2166 1775 2465 1849 γράμματα
2510 1774 2783 1849 θαύματός
2831 1774 2963 1830 εἰσιν
3175 1773 3325 1846 ἄξιασ,
3363 1772 3567 1848 πολλῷ
3600 1773 3771 1832 πλέον
3799 1776 3833 1831 6

2166 1865 2380 1942 γράψας
2405 1863 2684 1942 ὑπεραίρει
2712 1869 2793 1937 τῷ
2836 1863 3072 1939 θαύματι
3121 1862 3212 1920 διὰ
3237 1865 3337 1934 τήν
3371 1866 3575 1941 τέχνην
3604 1864 3696 1922 καὶ
3724 1866 3831 1935 τὴν

401 1953 451 2010 si
484 1969 552 2009 ea
581 1969 761 2009 causa
787 1951 953 2009 nulla
978 1955 1070 2008 est
1097 1969 1203 2009 cur
1232 1953 1312 2008 dii
1342 1952 1774 2021 existimentur,
1805 1968 1906 2009 eos
1948 1950 2054 2007 ite-

2174 1961 2264 2024 τῆς
2294 1956 2484 2030 ψυχῆς
2514 1953 2841 2029 ἐπιστήμην.
2876 1953 3080 2009 Ούκοῦν
3122 1954 3169 2010 εἰ
3226 1954 3302 2029 μὴ
3354 1951 3444 2010 διὰ
3468 1958 3632 2011 τοῦτο
3672 1953 3836 2017 θεοὺς

401 2060 533 2099 rum
582 2043 655 2099 de
711 2041 1002 2099 idolorum
1054 2042 1288 2099 insania
1331 2042 1700 2115 percunctari
1748 2040 1959 2116 placet,
1992 2044 2060 2097 ut

2174 2042 2362 2107 αὐτοὺς
2394 2045 2509 2118 (24)
2539 2040 2681 2115 ἄξιον
2712 2042 2980 2117 νομίζειν,
3012 2042 3175 2099 πάλιν
3210 2043 3404 2107 αὐτοὺς
3446 2042 3507 2099 ἄν
3533 2063 3617 2108 τις
3650 2039 3836 2122 ἔροιτο

398 2149 639 2190 causam
670 2131 1014 2204 hujusmodi
1044 2130 1280 2188 illorum
1310 2132 1512 2205 ﬁgurae
1538 2149 1647 2190 nos
1677 2132 1913 2189 tandem
1953 2130 2058 2187 do-

398 2238 531 2280 cere
563 2239 638 2279 ne
668 2224 1005 2295 graventur.

468 2314 560 2367 22.
584 2312 734 2371 Nam
759 2310 807 2368 si
832 2311 1048 2368 idcirco
1071 2327 1292 2367 numen
1316 2327 1451 2369 cum
1473 2311 1735 2368 humana
1754 2310 1948 2383 efﬁgie
1967 2326 2063 2366 ex-

401 2416 671 2474 pressum
702 2404 811 2472 est,
845 2400 987 2473 quia
1014 2399 1270 2456 hominis
1321 2403 1569 2457 formam
1621 2400 1798 2457 habet
1829 2416 1843 2455 :
1879 2416 2060 2473 quare

398 2489 733 2548 belluarum
757 2488 1009 2563 speciem
1032 2490 1223 2547 eidem
1238 2490 1579 2564 .afﬁngnnt?
1597 2490 1697 2547 Sin
1721 2494 1916 2546 autem
1939 2491 2061 2547 ani-

405 2579 652 2636 malium
675 2578 919 2636 rationis
940 2580 1265 2652 expertinm
1289 2580 1537 2637 formam
1568 2580 1747 2637 habet
1764 2596 1890 2653 ,cur
1910 2581 2059 2654 ﬁgu-

403 2685 534 2726 ram
566 2667 915 2725 animalium
943 2668 1170 2725 ratione
1201 2668 1582 2742 prazditorum
1613 2669 1727 2742 ipsi
1760 2669 2061 2726 tribuunt?

404 2758 464 2814 Si
489 2773 624 2814 vero
655 2760 972 2829 utrumque
1003 2756 1182 2813 simul
1222 2763 1330 2826 est,
1365 2762 1423 2814 et
1459 2758 1646 2815 Deum
1694 2776 1765 2815 ex
1812 2764 2061 2832 utraque

403 2845 598 2919 specie
609 2845 1002 2919 compositum
1016 2846 1442 2919 hominumque
1455 2852 1511 2904 et
1522 2847 2062 2906 belluarumformis

402 2935 715 2994 inductum
734 2935 1206 3009 concipiunt,cur
1220 2938 1534 3008 conjuncta
1563 2936 2061 3010 disjungunt,bel-

398 3025 756 3098 luarumque
768 3028 824 3081 et
836 3025 1142 3082 hominum
1158 3026 1377 3082 formas
1393 3026 2062 3100 separant,nequeillum

400 3130 636 3188 semper
664 3131 800 3171 cum
828 3121 1076 3188 utraque
1101 3116 1290 3172 forma
1314 3115 1544 3184 caslant,
1564 3117 1897 3189 cujusmodi
1930 3117 2061 3190 plu-

397 3204 551 3261 rima
599 3208 741 3261 sunt
788 3204 1124 3261 fabularum
1174 3210 1523 3277 commenta,
1558 3211 1624 3262 ut
1667 3205 1879 3280 Scylla,
1910 3206 2059 3263 Cha-

402 3294 626 3368 rybdis,
654 3293 1186 3367 Hippocentaurus,
1236 3299 1295 3351 et
1342 3295 1497 3368 apud
1533 3297 1823 3370 [Egyptios
1852 3297 2062 3354 canino

399 3358 590 3455 capite
610 3358 878 3440 Anubis?
898 3358 1191 3456 siquidem
1209 3384 1297 3441 vel
1318 3358 1451 3441 cum
1469 3358 1688 3458 duplici
1711 3390 1942 3442 tantum
1967 3404 2064 3443 na-
2093 3358 2137 3428 C

402 3477 539 3531 tura
568 3472 848 3546 pingendi
879 3472 1182 3530 erantwel
1214 3473 1263 3530 si
1295 3474 1545 3530 formam
1569 3474 1803 3531 unicam
1826 3475 2061 3545 habent,

401 3561 521 3619 alia
550 3561 699 3633 ipsis
729 3562 1070 3635 efﬁngenda
1101 3580 1217 3620 non
1268 3568 1411 3620 erat.
1470 3564 1698 3621 Rursus
1728 3564 1778 3620 si
1810 3565 2063 3622 marium

399 3651 623 3708 formas
652 3650 891 3717 habent,
924 3669 1029 3707 cur
1058 3652 1412 3709 feminarum
1443 3652 1802 3710 lineamenta
1832 3654 1953 3711 illis
1972 3658 2063 3711 at-

401 3739 712 3796 tribuunt?
742 3739 792 3795 si
822 3744 1017 3797 autem
1049 3740 1403 3797 feminarum
1438 3742 1659 3799 habent
1688 3744 1927 3813 formas,
1960 3761 2067 3801 cur

400 3828 659 3886 marium
691 3829 914 3901 ﬁguras
964 3830 1049 3885 eis
1098 3831 1431 3904 afﬁngunt?
1460 3832 1509 3887 si
1544 3849 1712 3902 porro
1745 3837 2065 3907 utrumque

400 3915 581 3973 simul
613 3920 774 3985 sunt,
803 3934 919 3974 non
939 3917 1196 3976 dividere
1225 3919 1327 3975 sed
1361 3924 1681 3992 utrumque
1710 3923 2065 3997 conjungere

398 4006 728 4078 oportebat,
762 4006 1107 4079 similesque
1136 4007 1397 4081 ﬁngendi
1427 4014 1597 4065 erant
1625 4010 1740 4077 his,
1760 4027 1909 4083 quos
1931 4012 2062 4069 her-

400 4094 814 4167 maphroditos
845 4094 1234 4168 appellant,ut
1266 4113 1477 4170 nempe
1498 4103 1619 4154 tam
1652 4100 1834 4156 stulta
1866 4119 2064 4174 super-

400 4183 564 4242 stitio
608 4201 726 4240 non
773 4184 966 4241 solum
998 4184 1360 4258 impietatem
1392 4194 1451 4243 et
1477 4187 1785 4245 infamiam
1835 4207 1953 4263 pra:
2000 4207 2064 4247 se

400 4276 709 4345 ferret,scd
740 4275 917 4332 etiam
950 4275 1139 4333 risum
1161 4277 1589 4349 spectatoribus
1617 4282 2062 4346 moveret.Quod

403 4366 455 4422 si
484 4365 727 4422 demum
760 4380 979 4421 numen
1007 4382 1351 4439 corporeum
1372 4384 1501 4425 esse
1529 4369 2063 4442 suspicantur,ven-

402 4459 672 4527 tremque
701 4458 761 4511 et
788 4471 1024 4522 manus,
1060 4455 1259 4528 pedes,
1291 4456 1803 4531 cervicem,pectus
1834 4459 2064 4532 aliaque

400 4546 474 4602 ad
506 4545 907 4618 generandum
941 4545 1270 4602 necessaria
1292 4548 1559 4603 membra
1588 4547 1802 4605 habere
1835 4550 2065 4623 ﬁngunt

398 4638 459 4691 et
488 4634 1020 4691 comminiscuntur
1053 4652 1065 4691 :
1099 4635 1229 4691 vide
1275 4634 1335 4691 in
1386 4641 1669 4709 quantam
1700 4637 2061 4711 impietatem

2166 2132 2291 2211 περὶ
2320 2140 2421 2202 τῆς
2450 2137 2555 2188 τῶν
2590 2130 2837 2189 εἰδώλων
2874 2132 3090 2207 μανίας,
3137 2134 3237 2202 τήν
3288 2132 3463 2189 αἰτίαν
3511 2140 3615 2204 τῆς
3641 2133 3831 2189 τοιαύ-

2165 2244 2266 2293 της
2298 2221 2470 2278 αὐτῶν
2511 2229 2727 2301 μορφῆς
2757 2228 2880 2298 παρ’
2910 2222 3084 2279 αὐτῶν
3115 2222 3278 2294 ἀξιῶν
3313 2224 3521 2297 μαθεῖν.

2239 2316 2326 2369 22.
2360 2311 2426 2368 Εἰ
2469 2313 2564 2387 μὲν
2596 2314 2723 2390 γὰρ,
2756 2312 2841 2368 ὅτι
2880 2312 3348 2392 ἀνθρωπόμορφόν
3403 2311 3517 2369 ἐστι
3563 2314 3628 2368 τὸ
3656 2318 3833 2385 Θεῖον,

2170 2400 2260 2458 διὰ
2284 2406 2452 2458 τοῦτο
2483 2401 2627 2458 οὕτω
2673 2401 3001 2472 τετύπωται,
3052 2400 3141 2458 διὰ
3185 2401 3240 2458 τί
3282 2403 3374 2458 καὶ
3428 2401 3647 2479 ἀλόγων
3686 2402 3838 2475 αύτῷ

2166 2492 2372 2556 τύπους
2400 2493 2760 2570 περιτιθέασιν
2792 2511 2806 2563 ;
2840 2493 2904 2549 El
2935 2490 2992 2549 δὲ
3022 2494 3175 2563 ζώων
3216 2492 3436 2569 ἀλόγων
3466 2493 3605 2550 ἐστὶν
3639 2495 3668 2549 6
3703 2491 3833 2549 τού-

2167 2604 2264 2637 του
2292 2580 2486 2650 τύπος,
2519 2578 2609 2637 διὰ
2635 2582 2688 2637 τί
2726 2582 2816 2636 καὶ
2848 2579 3086 2657 λογικῶν
3131 2581 3279 2655 αὐτῷ
3324 2581 3651 2656 περιτιθέασι
3700 2580 3840 2656 γλυ-

2170 2671 2274 2751 φάς
2306 2690 2321 2741 ;
2354 2671 2418 2727 Εἰ
2451 2668 2509 2727 δὲ
2554 2670 2617 2727 τὸ
2663 2670 3060 2751 συναμφότερόν
3103 2669 3234 2743 ἐστι,
3281 2670 3372 2725 καὶ
3403 2670 3455 2741 ἐξ
3503 2669 3832 2749 ἀμφοτέρων

2168 2760 2531 2840 κατειλήφασι
2584 2761 2676 2816 τὸν
2728 2761 2882 2831 Θεὸν,
2930 2759 3015 2816 ὅτι
3058 2781 3119 2816 τε
3170 2758 3388 2837 ἀλόγων
3443 2759 3535 2815 καὶ
3589 2756 3835 2835 λογικῶν

2172 2845 2291 2927 ἔχει
2341 2850 2471 2914 τοὺς
2527 2849 2754 2913 τύπους·
2797 2849 2852 2905 τί
2901 2847 3167 2925 διαιροῦσι
3216 2851 3286 2906 τὰ
3330 2851 3685 2925 συλημμένα,
3740 2848 3833 2905 καί

2172 2939 2476 3016 χωρίζουσι
2506 2941 2607 3010 τήν
2641 2937 2861 3015 ἀλόγων
2909 2936 3001 2995 καί
3047 2938 3348 3016 ἀνθρώπων
3379 2938 3619 3019 γλυφὴν,
3651 2939 3741 2994 καὶ
3773 2937 3836 2995 ού

2173 3030 2403 3085 πάντοτε
2451 3028 2503 3100 ἐξ
2550 3028 2875 3107 ἀμφοτέρων
2941 3027 3101 3084 αὐτὸν
3167 3027 3509 3107 γλύφουσιν,
3560 3029 3723 3084 ὁποῖα
3768 3028 3840 3083 τὰ

2172 3119 2319 3196 παρά
2363 3122 2482 3181 τοῖς
2535 3117 2728 3192 μύθοις
2770 3116 2882 3173 έστί
2915 3115 3233 3192 πλάσματα,
3283 3120 3319 3188 ἡ
3372 3114 3620 3187 Σκύλλα,
3666 3115 3758 3171 καὶ
3796 3118 3835 3185 ἠ

2171 3202 2469 3285 Χάρυϐδις,
2521 3208 2612 3263 καὶ
2661 3209 2690 3263 6
2738 3207 3224 3284 Ἱπποκένταυρος,
3266 3208 3358 3263 καὶ
3409 3209 3438 3263 6
3485 3207 3611 3283 παρ’
3664 3205 3833 3281 Δίγυ-

2171 3298 2353 3360 πτίοις
2383 3295 2755 3375 κυνοκέφαλος
2786 3291 3042 3360 ’Ἄνουϐις
3077 3316 3091 3367 ;
3125 3293 3274 3353 Ἔδει
3303 3298 3408 3372 γὰρ
3437 3297 3475 3366 ἢ
3510 3295 3708 3371 μόνους
3740 3294 3834 3351 αὖ·

2172 3386 2300 3450 τοὺς
2333 3386 2477 3443 οὕτω
2507 3387 2805 3464 γράφεσθαι
2855 3384 3084 3464 διφυεῖς,
3117 3387 3152 3455 ἣ
3190 3385 3316 3459 μίαν
3366 3383 3543 3441 αὐτῶν
3596 3384 3836 3463 ἐχόντων

2178 3478 2419 3555 μορφὴν,
2477 3477 2553 3550 μή
2586 3478 2676 3531 καὶ
2723 3476 2823 3545 τήν
2875 3473 3054 3546 ἄλλην
3108 3473 3541 3531 ἀναπλάττεσθαι
3590 3475 3707 3531 κατ’
3753 3473 3844 3530 αύ-

2171 3570 2304 3622 τῶν.
2338 3565 2437 3620 Καὶ
2468 3562 2633 3620 πάλιν
2670 3564 2717 3619 εί
2758 3562 3033 3641 ἀρῥενικαί
3079 3563 3288 3619 τούτων
3340 3564 3472 3619 εἰσὶν
3504 3565 3561 3619 αἱ
3610 3563 3842 3642 μορφαὶ,

2175 3651 2264 3709 διὰ
2293 3653 2347 3708 τί
2391 3655 2481 3709 καὶ
2529 3652 2767 3724 θηλειῶν
2806 3653 2990 3716 αὐτοῖς
3039 3654 3373 3728 περιτιθέασι
3419 3652 3626 3716 τύπους
3657 3672 3671 3724 ;
3705 3652 3751 3709 εἰ
3782 3650 3843 3709 δὲ

2171 3742 2428 3815 θηλυκῶν
2481 3743 2580 3798 εἶσι
2614 3744 2751 3817 (25),
2785 3740 2874 3798 διὰ
2917 3742 2972 3798 τί
3020 3743 3111 3799 καὶ
3154 3742 3452 3821 ἀρρενικῶν
3493 3744 3612 3798 κατ’
3661 3741 3838 3799 αὐτῶν

2172 3829 2462 3907 ψεύδονται
2490 3834 2585 3894 τάς
2623 3834 2836 3910 μορφάς
2868 3850 2883 3901 ;
2919 3832 2964 3887 εί
3014 3830 3073 3888 δὲ
3120 3830 3285 3888 πάλιν
3337 3832 3401 3887 τὸ
3431 3831 3836 3911 συναμφότερόν

2173 3922 2330 3993 εἰσιν,
2373 3918 2482 3977 ἔδει
2528 3924 2610 3995 μὴ
2664 3919 3008 3999 διαιρεῖσθαι,
3062 3919 3209 3976 ἀλλὰ
3252 3922 3534 4001 ἀμφότερα
3580 3922 3842 3977 συνάπτε-

2173 4014 2333 4082 σθαι,
2381 4011 2472 4065 καὶ
2522 4010 2764 4087 γίνεσθαι
2814 4011 2950 4067 κατὰ
2993 4010 3123 4073 τοὺς
3181 4011 3526 4087 λεγομένους
3573 4012 3843 4089 έρμαφροο

2175 4098 2380 4163 δίτουςο
2408 4099 2501 4155 ’ίνα
2536 4101 2612 4174 μή
2650 4100 2814 4173 μόνον
2844 4095 3090 4157 ἀσέϐειαν
3136 4100 3227 4156 καὶ
3270 4101 3648 4181 συκοφαντίαν,
3693 4097 3844 4155 ἀλλά

2171 4190 2262 4247 καὶ
2294 4191 2544 4266 γέλωτας
2574 4190 2754 4246 αὐτῶν
2783 4192 2818 4261 ἡ
2853 4186 3248 4264 δεισιδαιμονία
3288 4197 3407 4254 τοῖς
3458 4192 3626 4268 ὁρῶσι
3665 4186 3842 4267 παρεὶ-

2172 4302 2300 4358 σχῃ-
2331 4279 2422 4335 καὶ
2454 4278 2604 4343 ὅλως
2635 4280 2680 4335 εἰ
2711 4277 3079 4354 σωματοειδὲς
3121 4280 3184 4334 τὸ
3234 4286 3388 4335 Θεῖον
3423 4275 3846 4354 ὑπολαμϐάνου-

2172 4391 2277 4441 σιν,
2310 4368 2449 4425 ὥστε
2476 4369 2567 4425 καὶ
2593 4370 2829 4445 γαστέρα
2866 4369 2956 4425 καὶ
3005 4374 3198 4446 χεῖρας
3246 4370 3336 4425 καὶ
3383 4367 3577 4438 πόδας,
3618 4369 3707 4424 καὶ
3732 4369 3843 4425 πά-

2173 4457 2259 4514 λιν
2288 4459 2493 4536 αύχένα
2538 4457 2628 4513 καί
2677 4461 2849 4530 στήθη
2905 4456 2994 4513 καὶ
3041 4459 3108 4513 τὰ
3156 4455 3303 4513 ἄλλα
3347 4458 3415 4513 τὰ
3460 4456 3596 4533 πρὸς
3638 4457 3844 4532 γένεσιν

2172 4547 2472 4625 ἀνθρώπων
2519 4545 2660 4621 μέλη
2712 4546 2945 4603 ἐπινοεῖν
3000 4546 3148 4620 αὐτῷ
3195 4546 3285 4601 καὶ
3334 4543 3844 4621 ἀναπλάττεινιδρα

2174 4638 2252 4700 εἰς
2283 4636 2413 4707 ὅσην
2468 4632 2711 4693 ἀσέϐειαν
2763 4637 2854 4692 καὶ
2886 4635 3151 4707 ἀθεότητα
3191 4635 3584 4692 καταπέπτωκε
3628 4632 3841 4691 τούτων

400 4738 572 4779 mens
601 4722 838 4779 illorum
879 4723 1172 4794 ceciderit,
1222 4729 1288 4780 ut
1337 4724 1460 4781 haec
1508 4726 1580 4782 de
1628 4727 1743 4783 Deo
1789 4728 2061 4801 cogitent.

2178 4727 2206 4781 6
2237 4731 2385 4797 νοῦς,
2439 4724 2578 4781 ὥστε
2622 4730 2847 4782 τοιαῦτα
2886 4726 3136 4781 ὑπονοεῖν
3340 4724 3465 4801 περὶ
3510 4728 3613 4780 τοῦ
3660 4724 3841 4780 Θείου.

401 4811 546 4868 Inde
596 4812 754 4868 enim
805 4812 1077 4885 sequitur
1126 4816 1332 4870 caetera
1375 4815 1576 4881 etiam,
1626 4832 1755 4888 quas
1802 4819 2063 4890 corporis

403 4901 643 4975 propria
671 4905 833 4968 sunt,
859 4901 1205 4977 hujusmodi
1236 4920 1455 4959 numen
1487 4905 1728 4961 omnino
1758 4907 1900 4979 pati,
1920 4909 2064 4966 adeo

406 4994 472 5048 ut
501 4990 710 5056 secari,
731 4990 911 5047 dividi
945 5008 1308 5065 prorsusque
1338 4994 1637 5066 corrumpi
1669 4996 1875 5067 possit.
1902 5000 2067 5054 Certe

406 5081 529 5153 haec
559 5084 615 5137 et
648 5080 760 5138 alia
788 5080 1007 5137 similia
1029 5098 1143 5137 non
1177 5082 1413 5155 propria
1437 5083 1540 5139 Dei
1572 5086 1843 5150 sunt,sed
1869 5089 2067 5159 potius

407 5169 776 5227 terrestrium
798 5175 1289 5242 corporum.Dens
1310 5170 1469 5226 enim
1492 5189 1598 5229 nec
1619 5190 1934 5247 corporeus
1959 5181 2070 5243 est,

414 5276 519 5316 nec
549 5260 846 5332 corrumpi
874 5258 963 5316 vel
995 5260 1146 5316 mori
1178 5261 1675 5336 potest,nullaque
1696 5281 1756 5321 re
1785 5266 1858 5321 ad
1882 5265 2069 5323 ullum

424 5365 599 5405 usum
631 5349 875 5422 indiget.
902 5354 1033 5405 Haec
1064 5354 1263 5407 autem
1295 5354 1353 5406 et
1380 5358 1924 5425 corrumpuntur,et
1953 5374 2076 5412 cor-

426 5455 635 5512 porum
659 5444 799 5495 sunt
818 5439 1498 5513 efﬁgies,hominumque
1518 5458 1661 5498 cura
1684 5448 1740 5499 et
1763 5444 2072 5514 industria,

500 5544 611 5617 (22)
641 5544 1144 5624 Sic_Seguer._Al_ii
1175 5564 1320 5624 cum_
1340 5547 1533 5624 editis,
1570 5545 1741 5624 ἔχετε.
1779 5551 1934 5609 Idem
1980 5553 2074 5611 Se-

428 5616 601 5690 gu_e_r_.
626 5616 799 5690 paulo
833 5616 964 5690 post
993 5618 1275 5686 θειότητος
1307 5618 1503 5676 habet.

501 5687 613 5759 (23)
629 5687 743 5763 'Sic‘
758 5687 1004 5763 Seguer._
1022 5689 1202 5763 Basil.
1235 5690 1460 5763 Anglic.
1493 5691 1720 5749 Gobler.
1754 5693 1987 5752 Felckm
2049 5698 2075 5752 1

427 5758 605 5833 anOn.
634 5758 747 5833 Alii
775 5758 911 5833 cum
940 5761 1133 5833 editis,
1167 5760 1326 5833 ἐστίν.

502 5832 615 5904 (24)
644 5829 852 5892 Αύτούς
885 5832 1045 5889 deesi
1074 5829 1134 5890 in
1164 5832 1397 5891 Gobler.
1432 5833 1684 5893 Felckm.
1728 5841 1749 5894 ι
1782 5854 1959 5897 anon.

2171 4813 2495 4871 Ἀκολουθεῖ
2519 4817 2623 4891 γὰρ
2663 4815 2810 4888 αύτῴ
2854 4815 2946 4870 καὶ
2993 4816 3061 4870 τὰ
3091 4810 3239 4870 ἄλλα
3282 4818 3380 4871 τοῦ
3425 4815 3683 4888 σώματος
3712 4814 3843 4869 πάν-

2173 4926 2281 4967 τως
2340 4906 2595 4981 πάσχειν,
2656 4903 2793 4959 ὣστε
2849 4904 2940 4960 καὶ
2993 4904 3303 4978 τέμνεσθαι,
3354 4905 3445 4960 καὶ
3497 4901 3843 4979 διαιρεῖσθαι,

2175 4995 2265 5049 καὶ
2296 4991 2460 5049 πάλιν
2490 4992 2542 5065 ἐξ
2573 4990 2708 5048 ὅλου
2738 4992 3067 5071 φθείρεσθαν
3092 4997 3261 5048 ταῦτα
3311 4990 3370 5048 δὲ
3414 4991 3505 5049 καί
3549 4995 3619 5048 τά
3656 4994 3843 5047 τοιαῦ-

2175 5105 2243 5139 τα
2272 5082 2370 5139 οὐκ
2401 5080 2514 5139 ἴδια
2558 5086 2714 5153 Θεοῦ,
2747 5079 2895 5138 ἀλλά
2937 5079 3152 5157 μᾶλλον
3204 5086 3313 5138 τῶν
3366 5081 3457 5140 ἐπὶ
3504 5090 3613 5159 γῆς
3658 5079 3848 5156 σωμά-

2177 5196 2286 5230 των
2319 5173 2482 5229 έστίνο
2515 5174 2545 5227 6
2577 5172 2671 5247 μέν
2703 5173 2807 5249 γὰρ
2840 5172 2970 5235 Θεὸς
3020 5172 3311 5247 ἀσώματός
3362 5172 3473 5229 ἐστι
3520 5173 3613 5227 καὶ
3640 5169 3845 5252 ἄφθαρ-

2179 5284 2272 5326 τος
2304 5264 2394 5318 καὶ
2426 5261 2713 5331 ἀθάνατος,
2743 5259 2962 5324 οὐδενὸς
2995 5262 3071 5325 εἰς
3120 5264 3302 5319 ὁτιοῦν
3348 5259 3624 5338 δεόμενος·
3677 5264 3849 5317 ταῦτα

2184 5351 2243 5409 δὲ
2268 5353 2357 5408 καὶ
2391 5352 2597 5429 φθαρτά
2625 5352 2714 5407 καὶ
2763 5354 3032 5425 σωμάτων
3081 5351 3183 5408 εἰσὶ
3229 5351 3413 5425 τύποι,
3458 5352 3548 5409 καὶ
3577 5358 3693 5422 τῆς
3718 5358 3855 5430 παρ’

2185 5443 2361 5499 αὐτῶν
2394 5439 2716 5515 ἐπιδεὸμενα
2765 5442 2980 5519 χρείας,
3029 5440 3212 5517 ὥσπερ
3261 5444 3351 5499 καὶ
3398 5441 3663 5519 πρότερον
3697 5436 3849 5520 εἰρη-

2278 5551 2371 5678 25)
2389 5549 2565 5607 Basil.
2589 5550 2686 5606 hic
2714 5550 2878 5608 addit
2904 5547 3015 5606 καί.
3041 5551 3263 5607 Ibidem
3295 5555 3430 5625 post
3457 5549 3581 5622 εἰσί,
3607 5550 3845 5611 Gobler.

2278 5623 2344 5678 Fe
2373 5624 2527 5678 ckm.
2561 5623 2583 5677 l
2626 5638 2799 5678 anon.
2833 5623 3059 5678 addunt
3089 5622 3144 5675 at
3176 5622 3403 5678 μορφαι.

2186 5627 2241 5680 et
2267 5622 2527 5679 Felckm.
2561 5623 2583 5677 l
2626 5638 2799 5679 anon.
2833 5623 3059 5680 addunt
3089 5622 3144 5675 at
3175 5622 3403 5700 μορφαί.

2259 5694 2371 5766 (26)
2400 5693 2492 5749 Sic
2521 5697 2781 5766 Seguer.,
2814 5694 2913 5766 alii
2943 5710 3077 5766 cum
3115 5694 3312 5765 editis,
3363 5693 3403 5750 ἐι

2259 5694 2371 5765 (26)
2400 5693 2492 5749 Sic
2521 5697 2781 5765 Seguer.,
2814 5694 2913 5750 alii
2943 5710 3077 5765 cum
3115 5693 3312 5765 editis,
3363 5693 3621 5752 ἐπινοεῖν.
3664 5693 3847 5754 Paulo

2191 5763 2324 5841 post
2352 5763 2567 5822 πάντως
2599 5763 2853 5823 deestin
2885 5763 3062 5824 Basil.
3235 5770 3239 5773 ’
