4160 6450
343 500 420 566 45
1550 502 1847 565 ORATIO
1890 501 2204 564 CONTRA
2250 475 2617 563 GENTESX
3704 492 3784 553 46

338 641 445 692 ται·
480 631 754 699 πολλάκις
788 635 891 713 γὰρ
1070 636 1285 712 ὁρῶμεν
1332 634 1817 711 ἀνακαινουμένους
1866 634 1992 698 τοὺς

2117 641 2174 694 ut
2203 654 2381 709 supra
2412 637 2689 703 diximus,
2722 654 2870 710 opus
2902 635 3138 693 habent.
3178 635 3326 693 Hinc
3353 652 3469 693 non
3499 653 3631 693 raro
3656 647 3780 693 cer-

341 724 773 799 παλαιωθέντας,
823 726 914 781 καὶ
966 726 1057 788 οὓς
1090 727 1118 781 6
1148 726 1372 803 χρόνος,
1404 727 1439 796 ἦ
1477 728 1649 795 ὑετὸς,
1690 728 1724 795 ἢ
1762 724 1903 781 ἄλλο
1949 747 2001 779 τι

341 822 450 872 τῶν
487 815 575 871 ἐπὶ
607 823 715 891 γῆς
748 818 901 885 ζώων
934 814 1183 894 ἠφάνισε,
1208 816 1434 880 τούτους
1468 815 1997 889 ἀναπλαττομένους.

343 908 459 984 Ἐφ’
507 908 553 978 ᾧ
603 904 661 961 ἅν
710 927 795 968 τις
846 905 1021 960 αὐτῶν
1068 907 1483 981 καταγνώσηται
1515 914 1616 976 τῆς
1658 904 2001 983 παραφροσύ-

341 997 460 1067 νης²
493 994 577 1051 ὅτι
626 996 699 1050 ὧν
731 994 885 1050 αὐτοὶ
934 996 1159 1066 ποιηταὶ
1210 997 1562 1072 τυγχάνουσι,
1589 995 1814 1057 τούτους
1847 996 2000 1056 θεοὺς

340 1084 750 1162 ἀναγορεύουσι·
786 1086 875 1140 καὶ
906 1084 998 1148 οὓς
1030 1084 1183 1140 αὐτοὶ
1230 1090 1349 1148 ταῖς
1390 1086 1611 1161 τέχναις
1642 1089 2001 1162 περικοσμοῦ-

338 1197 417 1230 σιν
473 1172 630 1231 ἕνεκα
684 1179 781 1230 τοῦ
846 1176 1247 1253 μηνφθαρῆναι
1323 1177 1469 1251 παρὰ
1525 1175 1731 1231 τούτων
1770 1222 1783 1247 ,
1846 1173 1999 1229 αύτοὶ

336 1266 612 1343 σωτηρίαν
661 1265 890 1320 αἰτοῦσι·
946 1265 1037 1320 καὶ
1078 1264 1171 1327 οὓς
1232 1264 1333 1319 οὐκ
1391 1266 1646 1341 ἀγνοοῦσι
1707 1262 1998 1338 δεομένους

330 1361 432 1424 νῆς
483 1354 661 1410 αὐτῶν
709 1352 1050 1428 ἐπιμελείας,
1094 1356 1241 1427 παρά
1286 1355 1493 1410 τούτων
1530 1354 1683 1409 αὐτοὶ
1732 1356 1829 1416 τὰς
1881 1355 2000 1409 εαυ-

328 1449 437 1499 τῶν
470 1443 663 1521 χρείας
715 1444 954 1514 ἀξιοῦσιν
1008 1442 1459 1520 ἀποπληροῦσθαι
1512 1446 1644 1518 (28)·
1680 1444 1768 1499 καὶ
1819 1442 1911 1505 οὖς
1946 1442 1996 1498 έν

333 1540 553 1607 μικροῖς
608 1533 875 1595 οἷ’κίσκοις
923 1531 1328 1603 κατακλείοοσι,
1375 1532 1603 1596 τούτους
1650 1535 1880 1610 ούρανοῦ
1909 1532 1999 1587 καὶ

328 1631 434 1699 γῆς
468 1624 683 1695 ἀπάσης
716 1620 979 1685 δεσπότας
1009 1622 1108 1679 οὐκ
1137 1622 1484 1699 αἲσχύνονται
1512 1622 1831 1684 καλοῦντες.

401 1715 492 1769 23.
552 1712 625 1768 Οὐ
688 1712 851 1785 μόνον
911 1710 969 1767 δὲ
1028 1712 1087 1767 ἐκ
1136 1712 1343 1767 τούτων
1404 1710 1461 1766 ἄν
1517 1733 1599 1774 τις
1658 1712 1833 1767 αὐτῶν
1895 1712 1999 1779 τὴν

335 1802 600 1871 ἀθεότητα
627 1800 952 1876 καταμάθοι,
1005 1800 1153 1857 ἀλλά
1195 1802 1285 1857 καὶ
1336 1803 1423 1881 ἀφ’
1454 1804 1527 1856 ὧν
1562 1800 1614 1857 έν
1667 1801 1850 1864 αὐτοῖς
1881 1806 1997 1862 τοῖς

337 1889 595 1955 εἰδώλοις
629 1891 803 1947 αὐτῶν
856 1890 995 1947 ἐστιν
1050 1891 1378 1970 ἀσύμφωνος
1409 1895 1444 1961 ἡ
1480 1889 1625 1962 δόξα.
1660 1892 1723 1946 Εἰ
1773 1893 1876 1966 γὰρ
1911 1890 2000 1945 αύ-

2114 730 2312 786 nimus
2342 728 2442 783 illa
2471 728 2542 783 ob
2574 733 2921 783 vetustatem
2955 728 3220 784 renovari
3246 744 3258 782 :
3285 726 3373 782 vel
3408 726 3455 783 si
3486 731 3777 799 tempore,

2114 819 2439 893 pluvia,aut
2468 819 2716 890 alicujus
2746 820 3040 875 terrestris
3072 817 3348 873 animalis
3378 818 3599 887 injuria
3622 815 3780 872 labe-

2113 911 2329 965 factata
2358 909 2810 977 fuerint,iterum
2836 909 3247 980 efﬁngi.Quare
3269 908 3482 963 merito
3509 906 3774 962 stultitia

2112 1004 2252 1057 sunt
2283 998 2839 1070 condemnandi,qui
2872 998 3294 1068 illos,quorum
3327 998 3438 1069 ipsi
3472 997 3774 1052 effectores

2113 1094 2269 1157 sunt,
2305 1091 2444 1145 deos
2476 1105 2601 1144 esse
2632 1087 2943 1159 pradicare
2992 1088 3246 1143 audeant
3282 1104 3294 1143 :
3328 1086 3426 1159 qui
3461 1102 3608 1159 quos
3656 1103 3770 1141 sua

2112 1186 2232 1237 arte
2265 1183 2474 1234 curant
2504 1194 2575 1233 ne
2606 1178 3157 1249 corrumpantur,ab
3190 1176 3282 1232 his
3313 1177 3564 1232 salutem
3597 1176 3772 1232 effla-

2110 1271 2295 1343 gitare
2326 1286 2442 1325 non
2476 1268 2780 1323 dubitent:
2806 1268 2903 1339 qui
2929 1284 3078 1339 quos
3109 1284 3216 1322 sua
3245 1284 3421 1339 opera
3450 1283 3617 1339 egere
3649 1283 3767 1322 non

2109 1359 2481 1433 ignorant,ab
2514 1356 2631 1413 illis
2663 1374 2834 1413 suam
2867 1357 3254 1429 indigentiam
3279 1356 3493 1428 expleri
3532 1372 3770 1428 precen-

2110 1455 2207 1505 tur
2240 1467 2252 1504 :
2288 1450 2389 1521 qui
2421 1448 2675 1519 denique
2708 1464 2856 1519 quos
2890 1447 2948 1501 in
2981 1447 3173 1517 parvis
3223 1446 3483 1502 adiculis
3528 1445 3765 1502 conclu-

2110 1538 2427 1605 dunt,illos
2458 1537 2738 1595 caelorum
2770 1540 2827 1592 et
2854 1540 3021 1592 terra
3049 1535 3331 1592 universa
3358 1536 3629 1592 dominos
3663 1553 3765 1607 ap-

2109 1628 2328 1702 pellare
2355 1646 2472 1684 non
2504 1628 2871 1683 erubescant.

2179 1718 2502 1774 23.Verum
2535 1734 2650 1773 non
2675 1733 2742 1772 ex
2763 1716 2855 1771 his
2878 1720 3109 1772 tantum
3142 1714 3379 1771 illorum
3406 1714 3765 1787 impietatem

2108 1809 2331 1864 discere
2362 1824 2702 1880 possumus,
2728 1806 2828 1862 sed
2861 1806 3035 1861 etiam
3067 1823 3136 1861 ex
3166 1804 3511 1877 opinionum
3543 1803 3765 1860 discor-

2107 1898 2225 1964 dia,
2261 1915 2408 1969 quas
2437 1896 2551 1969 ipsi
2584 1912 2816 1968 quoque
2847 1896 2917 1950 de
2950 1894 3123 1951 idolis
3153 1895 3391 1950 habent.
3424 1894 3483 1950 Si
3515 1894 3768 1965 enim,ut

332 1981 420 2037 τοὶ
465 1981 579 2037 θεοί
628 1982 757 2037 εἰσιν
786 2026 799 2051 ,
850 1982 927 2044 ὡς
972 1982 1191 2056 Λέγουσι
1238 1982 1329 2036 καὶ
1374 1982 1499 2058 περὶ
1551 1981 1724 2037 αὐτῶν
1776 1980 1973 2060 φιλοσο

2117 1988 2427 2061 pradicant
2456 1990 2511 2042 et
2537 1985 3049 2058 philos0phantur,
3081 1984 3166 2039 illi
3197 2000 3331 2039 vere
3361 1983 3441 2038 dii
3474 1983 3767 2067 sunt,cui-—

335 2076 519 2149 φοῦσι,
544 2071 653 2127 τίνι
682 2092 767 2134 τις
796 2071 1097 2147 πρόσθηται
1148 2071 1374 2144 τούτων,
1426 2072 1517 2126 καὶ
1566 2070 1758 2133 ποίους
1806 2071 1864 2126 ἂν
1898 2071 1991 2125 αύ-

332 2166 444 2217 τῶν
503 2161 657 2237 κρίνῃ
711 2162 1123 2239 κυριωτέρους,
1177 2160 1269 2216 ἵνα
1324 2161 1360 2231 ἣ
1418 2162 1509 2216 τὸν
1566 2161 1693 2216 Θεὸν
1751 2160 1996 2237 θαρρήσῃ

332 2256 682 2328 προσκυνῶν,
724 2252 783 2325 ἢ,
828 2251 903 2314 ὥς
958 2272 1134 2330 φασιν,
1183 2250 1233 2307 ἐν
1289 2250 1473 2313 αὐτοῖς
1523 2254 1597 2323 μή
1651 2248 1869 2324 διστάζῃ
1910 2271 1995 2325 γι-

332 2342 562 2397 νώσκων
593 2339 656 2396 τὸ
690 2346 844 2397 Θεῖον
880 2340 990 2409 ;Ού
1036 2342 1140 2417 γὰρ
1198 2342 1250 2397 ο¹ι
1298 2341 1451 2396 αὐτοὶ
1498 2343 1645 2415 παρὰ
1683 2346 1842 2394 πᾶσιν
1877 2339 1995 2394 ὀνο-

337 2432 601 2505 μάζονται
632 2430 765 2484 θεοί·
802 2427 927 2485 ἀλλ’
962 2429 1059 2485 ὅσα
1105 2432 1241 2485 κατὰ
1268 2432 1331 2486 τὸ
1363 2429 1619 2486 πλεῖστόν
1673 2429 1811 2485 ἐστιν
1848 2428 1995 2501 ἔθνη,

332 2523 591 2575 τοσοῦτοι
640 2519 731 2573 καὶ
778 2518 890 2575 θεοὶ
940 2517 1386 2577 ἀναπλάττονται,
1433 2521 1584 2575 Ἔστι
1632 2517 1676 2574 δ’
1725 2518 1861 2574 ὅπου
1908 2518 1998 2573 καὶ

344 2610 444 2683 μία
476 2610 638 2685 χώρα
685 2609 775 2664 καὶ
832 2608 931 2682 μία
980 2606 1145 2672 πόλις
1195 2611 1332 2687 πρὸς
1382 2610 1573 2671 ἑαυτὰς
1621 2611 1734 2682 (29)
1784 2609 1999 2664 στασιά-

341 2704 491 2768 ζουσι
523 2698 648 2771 περὶ
677 2706 779 2768 τῆς
808 2704 915 2754 τῶν
968 2696 1216 2755 εἰδώλων
1268 2696 1715 2773 δεισιδαιμονίας.
1750 2698 2000 2759 Φοίνικες

342 2792 473 2862 γοῦν
553 2787 651 2843 οὐκ
723 2784 863 2842 ἴσασι
917 2787 1046 2851 τοὺς
1102 2790 1228 2865 παρ’
1288 2788 1609 2864 Αἰγυπτίοις
1672 2785 2001 2862 λεγομένους

346 2876 524 2947 θεοὺς,
585 2873 709 2932 οὐδὲ
767 2876 1061 2951 Αἰγύπτιοι
1117 2879 1184 2932 τὰ
1240 2877 1375 2933 αὐτὰ
1428 2883 1545 2940 τοῖς
1604 2878 1747 2951 παρά
1793 2874 2001 2946 Φοίνιξι

349 2971 744 3043 προσκυνοῦσιν
786 2964 1007 3023 εἷ’δωλα.
1055 2966 1156 3022 Καὶ
1206 2967 1404 3023 Σκύθαι
1454 2968 1547 3041 μὲν
1600 2967 1729 3029 τούς
1761 2970 2001 3041 Περσῶν,

350 3057 550 3130 Πέρσαι
585 3053 642 3111 δὲ
672 3055 801 3119 τοὺς
830 3055 1019 3129 Σύρων
1064 3056 1124 3111 ού
1157 3054 1560 3134 παραδέχονται
1609 3055 1780 3118 θεούς.
1834 3053 2007 3116 Ἄλλά

350 3144 443 3200 καὶ
474 3143 748 3220 Πελασγοὶ
785 3145 878 3218 μὲν
922 3144 1050 3207 τοὺς
1099 3145 1149 3200 έν
1202 3146 1381 3221 Θρᾴκῃ
1429 3144 1582 3208 θεοὺς
1623 3140 2005 3200 διαϐάλλουσι·

358 3239 560 3309 Θρᾷκες
594 3236 707 3308 (30)
741 3231 797 3289 δὲ
827 3233 957 3296 τοὺς
1004 3237 1148 3311 παρά
1199 3230 1462 3305 Θηϐαίοις
1511 3235 1573 3290 οὐ
1624 3236 2004 3310 γινώσκουσιν.

352 3320 514 3383 Ἰνδοὶ
547 3320 604 3378 δὲ
629 3324 765 3379 κατά
814 3321 1082 3397 ’Δράϐων,
1131 3325 1221 3380 καὶ
1268 3320 1507 3401 ’Ἄραϐες
1547 3326 1664 3380 κατ’
1709 3324 2008 3393 Αἰθιόπων,

345 3414 435 3468 καὶ
467 3412 725 3475 Αἰθίοπες
755 3414 871 3467 κατ’
900 3412 1073 3469 αὐτῶν
1109 3414 1160 3469 ἐν
1192 3418 1309 3476 τοῖς
1346 3398 1606 3477 εἰδώλοις
1639 3411 2001 3492 διαφέρονται.
2034 3398 2078 3465 C

347 3502 447 3557 Καὶ
481 3502 646 3578 Σύροι
683 3503 778 3577 μὲν
826 3504 894 3558 τὰ
944 3503 1184 3559 Κιλίκων
1224 3504 1285 3560 ού
1339 3499 1575 3560 σέϐουσι·
1634 3500 2005 3561 Καππαδοκῶν

347 3588 405 3647 δὲ
433 3592 495 3647 τὸ
525 3593 681 3667 γένος
722 3589 929 3655 ἄλλους
982 3594 1129 3668 παρά
1174 3594 1401 3656 τούτους
1456 3594 1783 3668 ὀνομάζουσι
1827 3591 2002 3654 θεούς,

344 3682 444 3736 Καὶ
472 3682 687 3737 Βιθυνοί
742 3682 837 3751 μὲν
892 3683 1132 3759 ἑτέρους,
1184 3684 1467 3760 Ἀρμένιοι
1516 3682 1574 3739 δὲ
1622 3681 1827 3745 ἄλλους
1882 3683 2002 3737 ἑαυ-

345 3775 463 3834 τοῖς
496 3768 888 3828 ἀνεπλάσαντο.
920 3770 1018 3827 Καὶ
1048 3772 1101 3827 τί
1135 3793 1229 3845 μοι
1260 3770 1341 3828 δεῖ
1372 3775 1484 3847 (31)
1514 3771 1740 3829 πολλῶν
1773 3791 1787 3841 ;
1822 3774 2003 3827 Ἠπει-

348 3862 691 3935 ρῶταιπαρά
735 3859 864 3924 τοὺς
908 3859 959 3917 ἐν
1008 3867 1128 3924 ταῖς
1174 3865 1362 3933 νήσοις
1413 3861 1619 3925 ἄλλους
1650 3862 1803 3925 θεοὺς
1834 3881 2002 3935 προσ-

344 3954 607 4005 κυνοῦσι·
660 3951 749 4005 καὶ
798 3955 1063 4020 νησιῶται
1115 3953 1263 4027 παρά
1305 3952 1434 4014 τοὺς
1486 3952 1537 4006 ἐν
1582 3956 1701 4013 ταῖς
1755 3950 2006 4026 ἠπείροις

350 4040 731 4114 θρησκεύουσι.
766 4040 864 4095 Καὶ
897 4039 1045 4103 ὅλως
1076 4040 1271 4111 έκάστη
1304 4041 1468 4103 πόλις
1512 4042 1602 4096 καὶ
1644 4042 1832 4114 κώμη,
1878 4040 2006 4103 τοὺς

349 4127 411 4184 ἐκ
440 4128 699 4205 γειτόνων
732 4128 832 4184 οὐκ
858 4126 1031 4185 εἰδυῖα
1076 4128 1255 4199 θεοὺς,
1285 4128 1412 4193 τοὺς
1461 4130 1656 4199 ἑαυτῆς
1706 4129 2005 4206 προκρίνει,

346 4217 437 4272 καὶ
492 4216 689 4291 μόνους
735 4218 869 4273 εἶναι
920 4218 1148 4280 τούτους
1199 4218 1412 4293 νομίζει
1462 4219 1615 4281 θεούς
1650 4262 1661 4273 .
1714 4220 1843 4295 Περὶ
1902 4221 2005 4295 γὰρ

343 4311 452 4362 τῶν
487 4304 538 4361 ἐν
573 4305 836 4382 Αἰγύπτῳ
889 4312 1143 4385 μυσαρῶν
1194 4305 1319 4363 οὐδὲ
1350 4305 1527 4383 λέγειν
1568 4308 1700 4382 ἐστὶ,
1732 4315 1889 4363 πᾶσιν
1926 4308 2006 4364 ἐπ’

346 4393 648 4473 ὀφθαλμῶν
705 4399 813 4471 (32)
846 4392 1039 4469 ὄντων,
1089 4396 1173 4452 ὅτι
1232 4396 1475 4460 ἐναντίας
1533 4399 1622 4452 καὶ
1687 4399 2006 4473 μαχομένας

342 4481 626 4555 ἀλλήλαις
660 4480 849 4561 ἔχουσι
896 4488 993 4549 τάς
1040 4486 1330 4561 θρησκείας
1380 4487 1434 4540 αἱ
1479 4484 1693 4558 πόλεις,
1743 4488 1833 4541 καὶ
1866 4488 1918 4542 οἱ
1950 4486 2009 4541 ἐκ

344 4573 605 4648 γειτόνων
668 4574 750 4629 ἀεὶ
819 4572 1179 4645 σπουδάζονσι
1253 4577 1391 4630 κατά
1463 4580 1571 4629 τῶν
1630 4573 1883 4646 πλησίων
1941 4578 2008 4631 τά

343 4661 559 4719 ἐναντία
608 4658 807 4719 σέϐειν·
862 4666 891 4719 6
940 4669 1069 4741 γοῦν
1118 4666 1245 4742 παρ’
1296 4665 2006 4741 έτέροιςὶπροσκυνούμενος

2105 2094 2265 2144 nam,
2298 2093 2516 2148 quaso,
2549 2076 2760 2131 horum
2794 2092 2855 2130 se
2888 2074 3117 2129 addicet
3164 2074 3358 2141 homo,
3404 2090 3768 2145 quosnamve

2105 2167 2465 2240 potentiores
2489 2165 2877 2236 judicabit,ut
2895 2163 2983 2220 vel
3014 2164 3200 2219 Deum
3231 2180 3365 2219 cum
3396 2162 3612 2218 ﬁducia
3632 2163 3766 2218 ado-

2106 2256 2306 2327 ret,vel
2338 2255 2505 2325 nihil,
2540 2259 2607 2310 ut
2636 2255 2821 2323 aiunt,
2854 2254 2913 2308 in
2946 2253 3350 2325 cognoscendo
3376 2252 3619 2309 numine
3640 2251 3767 2307 ha-

2108 2346 2282 2402 sitet?
2311 2346 2428 2401 Nec
2458 2345 2614 2401 enim
2645 2344 2824 2400 iidem
2847 2344 3002 2415 apud
3025 2359 3229 2398 omnes
3252 2343 3634 2398 nominantur
3650 2341 3761 2396 dii:

2109 2437 2211 2493 sed
2232 2439 2374 2509 quot
2394 2436 2510 2491 fere
2529 2439 2668 2490 sunt
2688 2437 3001 2506 gentes,tot
3018 2432 3196 2488 etiam
3218 2432 3297 2487 dii
3325 2433 3761 2503 conﬁnguntur.

2110 2526 2260 2593 Quin
2292 2525 2466 2581 etiam
2498 2524 2693 2580 videre
2726 2524 2826 2579 18
2858 2524 2994 2579 licet
3023 2540 3203 2579 unam
3249 2523 3635 2593 eamdemque
3676 2538 3765 2577 re-

2110 2615 2343 2687 gionem
2377 2618 2433 2670 et
2462 2614 2753 2669 civitatem
2786 2629 2918 2668 cum
2952 2613 3147 2685 seipsa
3176 2612 3331 2668 circa
3361 2611 3653 2667 idolorum
3676 2627 3772 2666 su-

2110 2704 2515 2778 perstitionem
2565 2703 2871 2760 dissidere.
2900 2702 3043 2757 Hinc
3074 2702 3378 2758 Phoenices
3427 2702 3587 2771 deos,
3620 2717 3769 2772 quos

2112 2792 2363 2866 Egyptii
2409 2792 2628 2856 colunt,
2680 2792 2952 2863 ignorant
2985 2808 2997 2847 :
3033 2795 3089 2847 et
3118 2795 3321 2847 contra
3348 2789 3599 2863 Egyptii
3651 2806 3768 2845 non

2113 2884 2319 2940 eadem
2358 2882 2515 2938 idola
2556 2899 2622 2936 ac
2661 2881 2962 2937 Phoenices
2992 2884 3363 2936 venerantur.
3394 2878 3508 2936 Nec
3539 2878 3768 2952 Scytha

2116 2974 2447 3039 Persarum,
2476 2989 2581 3027 nec
2612 2976 2801 3026 Persa
2834 2972 3114 3043 Syrorum
3146 2969 3393 3026 numina
3422 2969 3767 3025 admittunt.

2114 3061 2344 3135 Pelasgi
2367 3078 2601 3135 quoque
2628 3060 2885 3116 Thracia
2916 3062 3056 3116 deos
3088 3061 3484 3132 reprobant,et
3514 3058 3769 3116 Thraces

2117 3150 2685 3208 Thebanorum.lndi
2701 3150 3388 3216 cumArabibus,Arabes
3401 3166 3534 3204 cum
3556 3148 3777 3204 {Ethio-
3802 3196 3805 3197 ν

2118 3242 2315 3315 pibus,
2349 3245 2405 3296 et
2434 3240 2727 3312 Ethiopes
2770 3257 2905 3295 cum
2936 3238 3055 3294 illis
3087 3239 3158 3294 de
3188 3238 3361 3294 idolis
3392 3237 3772 3293 dissentiunt.

2119 3330 2249 3402 Syri
2294 3329 2540 3385 Cilicum
2586 3330 2726 3385 deos
2770 3345 2884 3384 non
2932 3327 3176 3384 colunt:
3210 3327 3583 3398 Cappadoces
3631 3326 3774 3383 item

2117 3418 2262 3475 alios
2291 3420 2432 3475 deos
2464 3422 2671 3490 prater
2700 3418 2846 3473 istos
2877 3420 3222 3491 agnoscunt.
3256 3416 3486 3487 Bithyni
3504 3414 3777 3472 similiter

2116 3508 2551 3580 alios,aliosque
2567 3506 2807 3563 Armeni
2828 3508 2966 3563 deos
2991 3505 3105 3562 sibi
3134 3505 3529 3570 ﬁnxere.0uid
3551 3504 3775 3561 multa?

2115 3598 2222 3663 Qui
2254 3598 2310 3652 in
2338 3595 2659 3653 continenti
2692 3595 2960 3652 habitant
2989 3594 3135 3651 alios
3166 3595 3328 3661 deos,
3358 3610 3537 3665 quam
3578 3594 3637 3649 hi
3670 3593 3774 3667 qui

2114 3686 2343 3743 insulas
2374 3687 2594 3752 colunt,
2616 3690 2995 3751 venerantur;
3023 3689 3080 3740 et
3104 3684 3386 3752 vicissim,
3411 3683 3510 3755 qui
3532 3684 3590 3740 in
3614 3683 3777 3741 insu-

2116 3776 2191 3832 lis
2221 3780 2483 3843 manent,
2508 3776 2653 3831 alios
2676 3792 2852 3847 quam
2885 3775 2986 3847 qui
3018 3775 3075 3829 in
3107 3773 3463 3839 continente,
3496 3775 3635 3830 deos
3669 3774 3772 3829 ad-

2118 3867 2381 3922 mittunt.
2414 3865 2678 3937 Denique
2700 3863 2946 3937 singula
2969 3864 3232 3920 civitates
3262 3867 3319 3919 et
3340 3862 3470 3930 vici,
3503 3864 3645 3919 deos
3688 3861 3773 3918 vi-

2118 3956 2384 4011 cinorum
2418 3954 2711 4021 nesciunt,
2746 3970 3005 4027 suosque
3028 3953 3159 4008 aliis
3191 3956 3773 4025 anteponunt,atque

2116 4044 2225 4100 hos
2243 4043 2398 4100 solos
2417 4044 2556 4099 deos
2578 4059 2705 4099 esse
2728 4042 3262 4098 arbitrantur.Nam
3284 4042 3441 4113 quod
3463 4042 3535 4097 ad
3555 4040 3775 4097 abomi-

2117 4134 2346 4191 nandos
2376 4132 2775 4206 Egyptiorum
2809 4131 2957 4187 ritus
2979 4131 3249 4205 pertinet,
3278 4130 3469 4186 dicere
3492 4129 3640 4186 nihil
3671 4146 3773 4186 ne-

2117 4240 2280 4280 cesse
2311 4209 2585 4293 est,'cum
2619 4222 2886 4278 omnium
2940 4221 3125 4277 oculis
3174 4223 3369 4291 pateat
3416 4220 3675 4276 diversas
3706 4237 3774 4277 ac

2117 4312 2270 4368 inter
2299 4329 2362 4368 se
2386 4315 2718 4385 pugnantes
2748 4310 3058 4383 religiones
3088 4310 3390 4365 civitatum
3437 4325 3585 4377 esse,
3633 4309 3773 4365 vici-

2119 4418 2344 4473 nosque
2374 4401 2666 4457 contraria
2696 4399 2904 4455 vicinis
2950 4414 3182 4469 semper
3229 4396 3417 4455 colere
3448 4397 3771 4454 studuisse.

2118 4491 2261 4547 Hinc
2294 4489 2640 4559 crocodilus,
2675 4504 2848 4560 quem
2872 4486 2969 4542 alii
2993 4491 3277 4559 tanquam
3298 4487 3473 4541 deum
3505 4487 3773 4553 adorant,

2117 4580 2271 4652 apud
2304 4579 2526 4635 vicinos
2558 4575 2940 4633 exsecrationi
2971 4579 3080 4631 est.
3116 4576 3229 4630 Leo
3262 4574 3440 4630 etiam
3474 4591 3650 4647 quem
3675 4573 3773 4629 alii

2117 4672 2184 4723 ut
2214 4668 2389 4723 deum
2422 4665 2643 4733 colunt,
2668 4681 2701 4719 a
2722 4662 2992 4719 finitimis
3022 4678 3137 4717 non
3169 4661 3361 4717 solum
3393 4678 3509 4716 non
3540 4659 3773 4729 colitur,

340 4753 419 4844 ώς
449 4753 569 4817 θεὸς
601 4750 981 4844 κροκόδειλος,
1034 4754 1192 4817 οὗτος
1240 4756 1385 4829 παρά
1425 4760 1541 4817 τοῖς
1591 4752 1829 4825 πλησίον
1881 4753 2001 4831 βδέ-

2119 4757 2221 4813 sed
2273 4756 2545 4812 inventus
2598 4759 2883 4825 tanquam
2935 4751 3057 4807 fera
3103 4749 3388 4806 occiditur
3420 4750 3555 4822 (33).
3586 4749 3774 4807 Piscis

342 4840 533 4918 λυγμα
577 4843 905 4918 νομίζεται·
938 4844 1029 4900 καὶ
1061 4846 1089 4900 6
1139 4846 1266 4922 παρ’
1316 4845 1519 4921 ἑτέροις
1569 4844 1707 4899 λέων
1760 4845 1836 4907 ὡς
1880 4846 1998 4907 θεὸς

339 4932 803 5010 θρησκευόμενος,
834 4939 1026 4991 τοῦτον
1083 4935 1136 4989 οἱ
1182 4934 1554 5011 ἀστυγείτονες
1607 4934 1668 4990 οὐ
1724 4934 1887 5009 μόνον
1938 4935 1998 4989 οὐ

340 5022 773 5097 θρησκεύουσιν,
820 5021 967 5079 ἀλλά
1021 5024 1111 5079 καὶ
1171 5023 1415 5101 εὑρόντες
1470 5023 1875 5080 ἀποκτείνουσιν
1925 5026 1999 5088 ὡς

435 5150 528 5225 27)
558 5154 797 5225 Sesuer.
829 5154 985 5225 γοῦν,

435 5153 528 5222 27)
558 5154 797 5223 Seguer.
829 5154 985 5225 γοῦν.

415 5153 528 5305 ξξβ)
555 5222 651 5305 Sic
679 5221 1184 5305 Seguer.AGobler.
1208 5222 1464 5280 Felckm.
1493 5225 1519 5279 1
1541 5241 1714 5280 anon.
1739 5223 1845 5280 Alii
1867 5240 2001 5281 cum

340 5290 537 5369 editis,
568 5290 1036 5369 ἀναπλῆρορσθαι.

415 5365 530 5435 (29)
561 5364 805 5493 Seguerl
836 5366 1071 5423 Gobler.
1120 5366 1377 5455 Felckm.
1429 5367 1455 5455 1
1510 5384 1683 5424 anon.
1735 5364 1861 5441 περὶ
1907 5365 2001 5421 αύ-

415 5457 459 5493 ς.
521 5441 706 5493 Pauo
767 5444 901 5493 nost
957 5440 1222 5493 Sequen.
1275 5457 1374 5491 ουκ
1433 5458 1571 5492 ισασι
1639 5440 1817 5493 habet
1870 5444 2001 5493 nost

338 5436 465 5511 cuiq.
521 5434 901 5511 Paulopost
957 5440 1222 5511 Seguer.,
1275 5436 1374 5491 οὐκ
1429 5434 1571 5492 ἴσασι
1639 5434 1817 5496 habet
1870 5444 2005 5511 post

338 5509 468 5572 παρ’
503 5508 863 5572 Δίγυπτίοῖςς

437 5529 451 5562 7
503 5529 574 5563 Δι
614 5529 850 5572 υπτιοις.

437 5581 539 5653 30)
574 5529 669 5637 Sic
716 5585 961 5655 Seguer.
994 5580 1304 5655 iAlii_cum
1363 5581 1558 5653 editis,
1604 5587 1827 5655 Θρᾷκες.
1880 5586 2008 5638 Mox

337 5651 642 5723 iAdem‘ms.
676 5651 831 5723 ut‘e—t
863 5653 1093 5711 Gobler.
1133 5653 1325 5723 Felck.
1374 5655 1400 5708 1
1454 5651 1848 5711 anem'habet
1898 5660 2005 5723 Θη-

335 5718 533 5800 ϐαίων,
576 5718 855 5800 Ἀῥράϐων
891 5730 949 5800 et
978 5718 1269 5800 Ἀῗρῥ-αϐες.

414 5796 526 5869 (31)
572 5796 876 5855 Δεῖόεοει
925 5798 986 5854 in
1038 5796 1295 5855 Felckm.
1352 5797 1385 5853 3
1439 5814 1615 5854 anon.
1676 5798 1824 5854 Ibid.
1876 5814 2011 5853 mox

347 5868 453 5943 pro
509 5868 659 5947 παρά
711 5869 942 5927 Gobler.
992 5869 1249 5928 Felckm.
1293 5871 1319 5927 1
1371 5886 1546 5928 anon.
1596 5869 1720 5945 περί
1766 5868 2006 5941 habent,

2113 4846 2254 4903 item
2287 4862 2461 4918 quem
2495 4843 2592 4901 alii
2621 4843 2775 4899 inter
2804 4840 3051 4897 numina
3081 4839 3440 4908 referunt,ab
3463 4838 3594 4896 aliis
3614 4838 3770 4895 idem

2116 4936 2183 4991 in
2201 4936 2400 4991 cibum
2431 4934 2679 5006 capitur.
2714 4932 2856 4989 Inde
2904 4945 3046 4987 sane
3092 4928 3265 4999 bella,
3311 4928 3617 4997 seditione,
3649 4944 3771 4984 cre-

2114 5027 2348 5098 braque
2375 5022 2621 5079 cadium
2655 5021 2993 5078 occasiones
3042 5018 3196 5074 inter
3225 5034 3325 5075 eos
3357 5016 3703 5073 exoriuntur
3753 5032 3767 5070 :

2115 5155 2171 5208 et
2199 5152 2438 5233 Seguer.
2469 5146 2585 5233 tot;
2619 5165 2721 5220 pro
2762 5142 2919 5233 τούς..
2944 5148 3240 5233 Taic‘seq.
3286 5145 3450 5228 deest
3486 5142 3545 5197 in
3581 5141 3769 5233 ‘Basil.

2116 5228 2247 5278 Hac
2275 5212 2418 5277 item
2449 5212 2981 5291 verba-sequentia,
3013 5215 3103 5291 καὶ
3153 5212 3418 5291 νησιῶται
3460 5213 3606 5287 παρὰ
3641 5212 3769 5291 τρὺς

2119 5294 2169 5350 ἐν
2198 5300 2315 5355 ταῖς
2348 5291 2601 5366 ᾓπείροις
2631 5285 2988 5366 θρησκεύουσι
3017 5289 3232 5366 desunt
3277 5288 3337 5366 in
3377 5285 3623 5366 _Seg_uer.
3658 5285 3773 5366 go:

2116 5356 2561 5423 bler.Felckm.1
2598 5356 2769 5418 anon.
2806 5368 2943 5417 Esse
2977 5360 3035 5415 in
3068 5359 3242 5415 Basil.
3277 5362 3334 5413 et
3361 5356 3530 5429 Angl.
3569 5356 3773 5413 scribit

2120 5440 2569 5496 Felckmannus.
2604 5436 2684 5491 Ea
2730 5436 2867 5489 item
2920 5432 3189 5503 legerunt
3216 5430 3604 5497 Omnibonus,
3633 5430 3772 5484 Am-

2120 5512 2277 5576 bros,
2310 5508 2635 5565 Camaldul.
2668 5511 2725 5561 et
2755 5504 3041 5563 Nannius.

2192 5569 2305 5654 (3‘3)
2372 5581 2635 5654 Felcktp‘.
2670 5579 2736 5654 __3
2802 5594 3035 5654 anon.,_
3080 5572 3129 5654 ἐν
3180 5569 3550 5654 Δὀφθαλμοῖςἶ
3612 5572 3773 5627 Idem

2121 5644 2298 5726 paulo
2344 5646 2812 5726 post_o’_t)\)crj)._au;
2845 5665 2973 5726 non
3022 5644 3413 5726 habet.;ltem
3466 5644 3773 5726 intrapro

2118 5714 2363 5793 ἓτλησίοεῖ
2418 5714 2677 5779 Gobltﬂ
2713 5721 2966 5776 Felckm.
3032 5720 3054 5772 1
3119 5720 3175 5773 et
3228 5717 3264 5769 2
3322 5734 3495 5773 anon.
3557 5714 3777 5771 habent

2118 5794 2232 5866 πλη
2244 5794 2391 5852 σίων.

2192 5818 2519 5942 ὢὲίωῦευὰ
2570 5866 2673 5922 abs
2723 5882 2780 5921 re
2831 5863 2941 5918 erit
2990 5862 3085 5918 hic
3133 5860 3349 5918 referre
3394 5859 3550 5933 quod
3596 5855 3773 5913 habet
