4160 6394
407 445 496 508 49
1624 449 1918 512 ORATIO
1961 447 2275 512 CONTRA
2317 446 2643 511 GENTES.

3756 438 3841 505 30

418 595 526 632 νων
559 571 938 652 χλευάζεσθαι,
972 575 1054 634 ὅτι
1085 579 1166 653 μὴ
1199 577 1376 649 θεοὺς,
1431 578 1577 636 ἀλλά
1626 582 1691 635 τὰ
1739 585 1854 635 τῶν·
1886 577 2064 636 ἄλλων

2190 580 2458 648 deantur,
2492 581 2650 653 quod
2682 594 2930 653 res,qum
2961 576 3042 635 dii
3076 593 3193 636 non
3224 579 3385 642 sunt,
3404 577 3506 634 sed
3529 592 3655 649 quas
3676 575 3834 649 apud

420 659 500 722 ἔτι
545 687 604 721 τε
649 667 740 721 καὶ
787 669 914 744 παρ’
964 668 1150 732 αύτοῖς
1201 670 1690 746 ἀποτροπιάσματα
1743 673 1833 726 καὶ
1890 669 2074 733 Θυσίας

420 751 549 810 ὄντα
578 758 937 813 θεοποιοῦσιν.

487 846 576 901 25.
613 842 751 914 Ἤδη
788 844 843 900 δέ
873 866 1014 908 τινες
1048 846 1124 909 εἰς
1167 846 1432 917 τοσαύτην
1486 844 1727 904 ἀσέϐειαν
1779 849 1867 902 καὶ
1907 868 2075 924 παρα-

421 933 693 1012 φροσύνην
744 933 1116 1011 ἐξενέχθησαν,
1171 937 1244 999 ὡς
1293 938 1382 991 καὶ
1443 936 1636 1000 αὐτοὺς
1693 937 1820 1000 τοὺς
1867 937 2074 1011 ἀνθρώ-

417 1044 578 1096 πους,
637 1025 710 1077 ὦν
763 1024 862 1079 εἰσι
913 1024 1075 1080 τύποι
1122 1026 1212 1080 καὶ
1262 1028 1486 1105 μορφαὶ,
1537 1033 1653 1089 τοῖς
1707 1028 1833 1103 παρ’
1893 1027 2076 1089 αὐτοῖς

418 1110 732 1187 ψευδοθέοις
781 1116 1165 1193 κατασφάττειν
1213 1116 1304 1170 καὶ
1363 1115 1547 1179 θυσίας
1596 1115 1887 1192 προσάγειν
1921 1163 1933 1174 .
1976 1117 2074 1171 Καὶ

419 1202 528 1278 οὐχ
584 1203 781 1278 ὁρῶσιν
843 1205 895 1258 οἱ
952 1203 1372 1278 κακοδαίμονες,
1421 1205 1508 1260 ἀτι
1555 1207 1622 1260 τὰ
1671 1206 2076 1283 σφαγιαζόμενα

416 1291 630 1367 θύματα
677 1293 960 1370 ἀρχέτυπά
1008 1295 1107 1349 εἰσι
1165 1300 1273 1351 τῶν
1336 1296 1421 1350 ὑπ’
1482 1295 1653 1350 αὐτῶν
1727 1293 2072 1352 πλασθέντων

416 1382 506 1436 καὶ
562 1384 1050 1458 προσκυνουμένων
1085 1385 1241 1455 θεῶν,
1292 1385 1380 1440 καὶ
1436 1387 1522 1448 οἷς
1567 1386 1900 1460 προσάγουσι
1947 1385 2074 1448 τοὺς

418 1471 758 1548 ἀνθρώπους.
792 1470 1001 1547 Σχεδὸν
1034 1474 1138 1548 γάρ
1167 1475 1234 1528 τὰ
1265 1472 1432 1548 ὅμοια
1458 1480 1576 1538 τοῖς
1609 1474 1825 1548 ὁμοίοις
1856 1476 1890 1545 ἢ
1932 1473 2070 1548 μᾶλ-

418 1556 514 1615 λον
544 1561 611 1614 τὰ
648 1559 930 1637 κρείττονα
975 1566 1092 1625 τοῖς
1145 1560 1394 1618 ἐλάττοσι
1441 1565 1826 1640 προσάγουσιν.
1862 1568 2073 1638 ’Ἐμψυ-

324 1705 328 1710 ,
415 1669 491 1724 χα
543 1650 646 1727 γὰρ
701 1650 938 1726 ἀψύχοις
990 1651 1196 1724 θύουσι,
1248 1653 1338 1707 καὶ
1390 1651 1589 1729 λογικά
1634 1659 1751 1716 τοῖς
1798 1654 2076 1725 ἀκινήτοις

413 1741 773 1814 προσάγουσι.
829 1740 1028 1796 Σκύθαι
1077 1743 1179 1817 γὰρ
1233 1744 1284 1796 οἱ
1314 1741 1646 1817 καλούμενοι
1683 1742 1930 1820 Ταύρειοι
1963 1747 2073 1819 (39)

412 1832 481 1904 τῇ
533 1830 659 1904 παρ’
709 1828 894 1891 αὐτοῖς
945 1830 1205 1906 Παρθένῳ
1257 1833 1370 1906 (40)
1428 1829 1742 1906 καλουμένῃ
1789 1831 1915 1894 τοὺς
1970 1833 2074 1888 ἀπὸ

2187 669 2332 726 alios
2365 674 2540 742 atque
2569 670 2746 726 etiam
2779 670 2934 743 apud
2978 668 3138 742 ipsos
3196 666 3428 741 piacula
3481 671 3540 722 et
3585 665 3833 722 victima

2187 757 2502 824 habentur,
2534 760 2686 815 inter
2715 760 2855 815 deos
2888 763 3218 815 numerent.

2255 849 2344 901 25.
2379 848 2529 914 Quin
2560 849 2736 905 etiam
2768 848 3031 904 nonnulli
3061 865 3128 904 eo
3149 846 3477 921 impietatis
3507 849 3565 903 et
3589 845 3830 902 insanias

2184 953 2411 1005 venere,
2443 942 2506 993 ut
2537 939 2705 1010 ipsos
2734 955 2969 1012 quoque
3007 938 3299 1004 homines,
3347 953 3601 1010 quorum
3633 934 3720 990 illi
3752 934 3834 990 dii

2185 1026 2504 1084 simulacra
2531 1031 2590 1084 et
2616 1028 2904 1101 imagines
2935 1033 3093 1096 sunt,
3126 1029 3251 1085 suis
3280 1026 3447 1084 falsis
3479 1027 3592 1082 diis
3620 1025 3834 1082 immo-

2183 1116 2308 1174 lent
2337 1122 2393 1173 et
2423 1121 2705 1190 tanquam
2728 1119 2953 1176 hostias
2982 1118 3369 1175 oil‘erant.Nec
3392 1117 3704 1173 advertunt
3724 1115 3834 1188 mi-f

2187 1206 2300 1263 seri
2333 1207 2600 1264 victimas
2629 1225 2778 1280 quas
2800 1207 3098 1281 jugulant,
3130 1209 3374 1264 deorum
3409 1223 3523 1280 quo
3554 1205 3831 1263 efﬁnxere

2185 1312 2252 1350 ac
2281 1299 2654 1368 venerantur,
2683 1300 2739 1352 et
2779 1297 2996 1368 quibus
3053 1295 3320 1352 homines
3379 1292 3708 1364 immolant,
3740 1309 3835 1348 ar-

2185 1385 2432 1458 chetypa
2461 1385 2580 1441 sive
2609 1384 2964 1458 exemplaria
3011 1401 3158 1450 esse,
3221 1383 3643 1457 propemodum
3675 1382 3832 1438 enim

2184 1473 2404 1530 similia
2437 1473 2844 1546 similibus,vel
2866 1473 3062 1546 potius
3092 1474 3498 1546 praestantiora
3531 1470 3831 1527 deteriori-

2185 1563 2296 1618 bus
2328 1562 2690 1620 immolanda
2721 1564 2992 1619 offerunt.
3027 1563 3173 1618 Nam
3216 1561 3475 1618 animata
3529 1559 3831 1626 inanimis,

2187 1651 2411 1708 ratione
2441 1653 2705 1724 praedita,
2741 1658 2901 1709 motu
2935 1657 2992 1708 et
3018 1669 3195 1708 sensu
3243 1650 3579 1706 carentibus
3611 1648 3833 1704 sacriﬁ-

2186 1742 2645 1814 cant.Siquidem
2675 1743 2901 1816 Scythae
2915 1743 3013 1815 qui
3047 1742 3220 1798 Tauri
3238 1736 3626 1808 dicuntur,illi
3657 1755 3834 1810 quam

2182 1831 2482 1906 Virginem
2515 1833 3161 1906 appellant,naufragos
3192 1835 3249 1887 et
3278 1834 3567 1903 quotquot
3595 1847 3664 1886 ex
3683 1830 3837 1885 Grae-

413 1917 684 1993 ναυαγίων
717 1918 808 1973 καὶ
840 1917 999 1982 ὅσους
1043 1919 1101 1974 ἂν
1136 1915 1347 1975 λάϐωσι
1377 1925 1486 1976 τῶν
1521 1919 1830 1994 Ἑλλήνων,
1875 1923 1949 1985 εἷς
1983 1924 2064 1978 θυ-

423 2007 532 2030 AI",
606 2008 819 2030 1,,,,I-,
1161 2014 1188 2024 *ι’
1372 2010 1386 2030 θ
1461 2006 1554 2030 ρ’*
1870 2013 1882 2030 \
2005 2018 2031 2027 ~

2185 1921 2267 1978 cis
2289 1924 2550 1995 ceperint
2573 1922 2634 1978 in
2665 1923 3019 1980 sacriﬁcium
3068 1923 3322 1979 offerunt
3355 1939 3368 1977 :
3405 1937 3523 1992 qua
3552 1919 3695 1975 adeo
3726 1918 3837 1973 im-

2506 2011 2638 2030 ,
2710 2013 2722 2024 .
2799 2012 2862 2030 ,ί
2947 2013 2957 2023 .
3018 2028 3060 2030 η
3228 2010 3443 2030 λμηη
3501 2008 3806 2030 η-,ῌμῌ

416 2007 534 2070 σίας
598 2008 972 2086 ἀναφέρουσι,
1028 2014 1285 2065 τοσοῦτον
1362 2006 1679 2074 ἀσεϐοῦντες
1759 2013 1893 2067 κατά
1967 2018 2074 2068 τῶν

377 2116 382 2118 ·
415 2097 697 2171 ὁμογενῶν
733 2098 1044 2174 ἀνθρώσων,
1077 2101 1166 2154 καὶ
1201 2098 1372 2163 οὕτως
1427 2099 1752 2177 ἐλέγχοντες
1801 2107 1908 2156 τῶν
1941 2105 2074 2157 θεῶν

413 2186 590 2241 αὑτῶν
623 2188 724 2255 τὴν
755 2187 1036 2261 ὠμότητα·
1073 2187 1157 2243 ὅτι
1188 2189 1280 2252 οὓς
1311 2193 1346 2260 ἡ
1382 2189 1618 2265 Πρόνοια
1648 2191 1751 2245 ἀπὸ
1801 2189 2074 2263 θαλάσσης

415 2273 474 2330 ἐκ
528 2272 786 2331 κινδύνων
859 2277 1108 2349 διέσωσε,
1156 2278 1381 2341 τούτους
1423 2278 1576 2335 αὐτοί
1623 2283 2073 2359 κατασφάττουσι,

418 2365 711 2441 μονονουχὶ
743 2366 881 2421 κατὰ
909 2374 1010 2437 τῆς
1041 2368 1307 2444 Προνοίας
1337 2368 1634 2443 γινόμενοι·
1672 2368 1752 2424 ὅτι
1785 2372 1884 2440 τὴν
1936 2370 2071 2426 ὲκεί-

410 2472 515 2523 νης
565 2452 869 2530 εὐεργεσίαν
923 2459 990 2529 τῇ
1045 2457 1244 2511 ἑαυτῶν
1297 2455 1558 2533 θηριώδει
1606 2461 1760 2534 ψυχῇ
1808 2460 2072 2538 κατακρύ-

413 2563 659 2600 πτουσιν.
722 2541 923 2599 ’Ἄλλοι
971 2542 1154 2618 δὲ’τῷ
1202 2549 1378 2623 Ἄρει,
1427 2545 1638 2603 ἐπειδὰν
1698 2548 1756 2604 ἐκ
1813 2547 2072 2625 πολέμων

413 2630 750 2688 ἔπανέλθωσι
782 2635 872 2688 καὶ
915 2635 1067 2696 νίκας
1120 2637 1347 2714 φέρωσι,
1396 2638 1456 2692 τὸ
1506 2640 1616 2712 (41)
1664 2643 1958 2709 τηνικαῦτα
1998 2641 2072 2704 εἰς

414 2719 772 2785 ἑκατοντάδας
829 2721 1103 2787 διελόντες
1146 2724 1275 2787 τοὺς
1323 2723 1649 2804 ληφθέντας,
1699 2730 1789 2783 καὶ
1831 2730 1918 2808 ἀφ’
1950 2730 2070 2785 ἑκά-

412 2831 544 2879 στης
602 2807 695 2866 ἕνα
755 2807 1166 2885 λαμϐάνοντες,
1224 2815 1519 2877 τοσούτους
1577 2807 2072 2895 κατασφάττουσιν,

414 2899 575 2962 ὅσους
627 2901 685 2955 ἂν
731 2903 867 2956 κατά
921 2904 1046 2976 μίαν
1101 2902 1429 2960 έκατοντάδα
1473 2904 1816 2976 ἐκλέξωνται.
1867 2909 1939 2964 Οὐ
1977 2910 2074 2983 μό-

412 3011 499 3045 νοι
531 2987 588 3044 δὲ
639 2990 839 3046 Σκύθαι
872 2989 963 3046 διά
1010 2993 1109 3062 τὴν
1164 2992 1216 3048 ἐν
1254 2989 1551 3069 βαρϐάροις
1601 2991 1837 3074 ἔμφυτον
1888 2998 2073 3062 αύτοῖς

414 3077 717 3154 ἀγριότητα
745 3081 811 3134 τὰ
839 3086 1066 3136 τοιαῦτα
1099 3084 1312 3156 μυσαρά
1343 3080 1564 3160 δρῶσιν,
1599 3083 1724 3140 ἀλλ’
1777 3084 1910 3142 ἴδιόν
1961 3087 2071 3143 ἐστι

406 3174 510 3237 τῆς
541 3172 650 3223 τῶν
685 3166 932 3226 εἰδώλων
965 3171 1057 3225 καὶ
1090 3169 1360 3245 δαιμόνων
1391 3173 1581 3236 κακίας
1629 3179 1790 3230 τοῦτο
1832 3176 1894 3229 τὸ
1942 3173 2068 3251 δρᾶ-

415 3277 508 3329 μα.
538 3255 638 3312 Καὶ
669 3259 772 3332 γὰρ
806 3259 896 3313 καὶ
947 3260 1060 3332 (42)
1105 3259 1400 3336 Αἰγύπτιοι
1445 3258 1597 3317 ἔθυον
1645 3264 1739 3336 μὲν
1782 3262 1952 3320 πάλαι
2002 3270 2070 3340 τῇ

2187 2013 2346 2067 mani
2378 2011 2680 2085 impietate
2709 2013 2768 2068 in
2799 2012 3070 2068 homines
3096 2012 3188 2068 sui
3221 2010 3446 2068 similes
3495 2008 3833 2074 commissa,

2186 2117 2427 2157 suorum
2463 2102 2705 2158 deorum
2737 2101 3145 2158 crudelitatem
3177 2099 3372 2173 palam
3421 2099 3699 2171 produnt,
3734 2095 3835 2168 qui

2186 2207 2399 2262 nempe
2429 2207 2577 2262 quos
2606 2191 2976 2247 Providentia
3004 2207 3072 2246 ex
3095 2189 3274 2244 maris
3297 2185 3570 2261 periculis
3599 2184 3834 2257 eripuit,

2185 2278 2293 2335 hos
2324 2280 2436 2352 ipsi
2461 2280 2763 2353 jugulant,
2797 2283 2972 2352 atque
3005 2279 3087 2335 ita
3119 2277 3506 2348 Providentiae
3561 2274 3837 2332 videntur

2185 2369 2491 2438 obsistere,
2526 2371 2696 2442 cujus
2727 2370 3078 2427 beneﬁcium
3110 2386 3219 2426 sua
3266 2365 3609 2424 crudelitate
3639 2363 3834 2421 occul-

2184 2462 2311 2515 tant
2340 2463 2396 2515 et
2421 2459 2654 2515 irritum
2685 2459 2925 2516 faciunt.
2972 2461 3193 2515 Rursus
3226 2457 3321 2514 alii
3353 2475 3420 2514 ex
3450 2455 3624 2526 bello,
3653 2454 3833 2510 victo-

2185 2550 2272 2604 ria
2301 2553 2596 2621 reportata
2625 2549 2861 2617 reversi,
2908 2549 3166 2622 captivos
3194 2548 3253 2604 in
3309 2545 3604 2603 centurias
3634 2542 3831 2600 distri-

2185 2638 2376 2693 buunt
2397 2655 2427 2695 e
2449 2638 2664 2710 quibus
2686 2639 2936 2712 singulis
2950 2655 3135 2694 unum
3160 2636 3646 2710 seligunt,totque
3659 2632 3830 2690 Marti

2186 2727 2513 2797 immolant,
2538 2733 2682 2800 quot
2711 2747 2779 2785 ex
2809 2728 3070 2802 qualibet
3093 2727 3362 2796 centuria
3390 2722 3836 2798 delegerint.Ve-

2185 2834 2314 2872 rum
2340 2834 2456 2874 non
2490 2817 2600 2874 soli
2629 2819 2852 2890 Scythae
2884 2837 2987 2892 pro
3017 2817 3221 2874 innata
3276 2814 3542 2873 barbaris
3586 2812 3832 2883 feritate,

2186 2922 2278 2963 res
2313 2907 2656 2978 hujusmodi
2683 2909 3072 2964 exsecrandas
3102 2904 3523 2980 peragunt:sed
3539 2903 3833 2960 idolorum

2183 3000 2240 3050 et
2269 2996 2605 3053 daemonum
2636 2999 2876 3070 propria
2905 2997 3025 3053 haec
3043 3001 3186 3052 sunt
3206 2994 3637 3063 facinora,Nam
3671 2993 3835 3066 {Egy-
3883 3059 3888 3064 ,

2183 3084 2289 3157 ptii
2321 3085 2495 3141 etiam
2532 3085 2755 3143 similes
2777 3087 3046 3143 victimas
3064 3085 3284 3142 Junoni
3307 3084 3604 3156 quondam
3626 3082 3835 3138 immo-

2183 3172 2401 3229 labant.
2437 3174 2738 3232 Phoenices
2770 3192 3004 3248 quoque
3063 3180 3121 3230 et
3177 3175 3482 3230 Cretenses
3511 3171 3832 3228 liberorum

2183 3264 2438 3319 caedibus
2469 3265 2790 3320 Saturnum
2823 3263 2932 3320 sibi
2948 3263 3270 3336 propitium
3284 3262 3526 3318 reddere
3546 3260 3836 3318 conaban-

409 3346 550 3424 ’Ήρᾳ
592 3351 818 3404 τοιαῦτα
867 3349 1097 3427 σφάγια⁶
1149 3348 1396 3405 Φοίνικες
1456 3349 1513 3406 δὲ
1572 3353 1663 3406 καὶ
1722 3358 1930 3430 Κρῇτες
1978 3339 2064 3410 τὸν

2183 3353 2300 3407 tur.
2332 3352 2517 3410 Prisci
2545 3352 2684 3409 item
2716 3353 2960 3408 Romani
3021 3351 3324 3420 Latialem,
3359 3354 3425 3406 ut
3478 3353 3704 3416 vocant,
3735 3348 3834 3405 Jo-

407 3436 609 3512 Κρόνον
662 3436 712 3493 ἐν
763 3442 884 3501 ταῖς
932 3439 1300 3502 τεκνοθυσίαις
1350 3440 1548 3496 έαυτῶν
1610 3441 1915 3499 ἱλάσκοντο.
1973 3445 2070 3499 Καὶ

405 3525 460 3579 οἱ
488 3523 660 3581 πάλαι
697 3523 753 3582 δὲ
793 3528 1056 3601 Ῥωμαῖοι
1103 3528 1193 3582 τὸν
1245 3526 1585 3603 καλούμενον
1634 3533 1922 3605 Λατιάριον
1974 3533 2071 3590 Δία

404 3614 870 3688 ἀνθρωποθυσίαις
931 3615 1276 3690 ἐθρήσκευον·
1341 3617 1433 3672 καί
1492 3617 1656 3674 ἄλλοι
1711 3618 1934 3692 ἄλλως,
1979 3625 2068 3678 καὶ

401 3706 598 3768 πάντες
643 3704 834 3769 ἁπλῶς
890 3705 1133 3780 ἐμίαινον
1185 3708 1276 3762 καὶ
1329 3707 1662 3782 έμιαίνοντο.
1719 3711 2067 3784 Ἐμιαίνοντο

408 3795 500 3867 μὲν
536 3794 689 3850 αὐτοὶ
749 3792 982 3870 δρῶντες
1029 3799 1096 3852 τά
1143 3798 1357 3874 φονικά*
1415 3797 1656 3871 ἐμίαινον
1690 3797 1748 3855 δὲ
1785 3799 1914 3864 τοὺς
1946 3803 2067 3858 έαυ-

401 3883 730 3948 τῶνναοὺς
775 3884 1053 3948 τοιαύταις
1109 3886 1457 3956 καπνίζοντες
1516 3888 1743 3951 θυσίαις.
1801 3891 1936 3945 Ἀπὸ
1997 3890 2062 3963 δὴ

398 3972 606 4028 τούτων
651 3975 719 4029 τά
753 3975 895 4030 κακὰ
939 3980 1057 4038 τοῖς
1109 3977 1414 4049 ἀνθρώποις
1465 3977 1539 4041 εἰς
1570 3976 1784 4049 πλῆθος
1819 3978 2062 4059 ἔφθασενο

402 4064 638 4139 ὁρῶντες
669 4065 772 4140 γὰρ
817 4063 869 4118 ἐν
901 4062 1118 4128 τούτοις
1170 4065 1300 4129 τοὺς
1349 4069 1475 4142 παρ’
1523 4068 1706 4132 αὐτοῖς
1756 4067 2064 4144 ἡδομένους

399 4149 683 4227 δαίμονας,
739 4153 936 4217 εὐθέως
985 4155 1074 4210 καὶ
1125 4154 1278 4210 αὐτοὶ
1324 4162 1440 4219 τοῖς
1491 4158 1762 4221 τοιούτοις
1795 4157 2061 4235 πλημμε-

397 4238 612 4317 λήμασι
641 4241 769 4305 τοὺς
800 4243 1002 4298 ἑαυτῶν
1033 4245 1188 4308 θεοὺς
1228 4243 1594 4318 ἐμιμήσαντο,
1626 4244 1762 4303 ἴδιον
1815 4249 2062 4324 ἡγούμε-

399 4353 484 4387 νοι
514 4331 846 4408 κατόρθωμα
890 4335 991 4402 τήν
1041 4333 1177 4408 πρὸς
1225 4335 1292 4388 τὰ
1336 4333 1642 4407 κρείττονα,
1677 4337 1754 4399 ὡς
1783 4337 1936 4393 αὐτοὶ
1966 4361 2056 4394 νο-

398 4420 637 4493 μίζουσι,
695 4422 946 4496 μίμησιν.
982 4423 1163 4478 Ἔνθεν
1213 4420 1595 4502 ἀνδροφονίαις
1640 4427 1730 4480 καὶ
1778 4448 2059 4484 τεκνοκτο-

391 4509 534 4574 νίαις
580 4511 672 4567 καὶ
718 4513 916 4574 πάσαις
965 4509 1274 4588 ἀσελγείαις
1320 4514 1634 4584 ἡττήθησαν
1674 4515 1727 4570 οἱ
1759 4514 2052 4592 ἅνθρωποι.

393 4600 493 4654 Καὶ
552 4602 657 4676 γὰρ
711 4599 914 4682 ,σχεδὸν
964 4607 1110 4656 πᾶσα
1155 4599 1318 4664 πόλις
1366 4604 1546 4674 πάσης
1596 4601 1880 4679 ἀσελγείας
1944 4606 2055 4662 ἔστὶ

2180 3457 2308 3496 vem
2340 3441 2618 3498 humanis
2648 3441 2859 3499 hostiis
2890 3441 3177 3498 colebant.
3209 3439 3470 3512 Denique
3522 3437 3618 3494 alii
3665 3437 3834 3494 aliter

2180 3547 2504 3604 omnesque
2530 3548 2773 3603 prorsus
2801 3530 3142 3604 polluebant
3171 3535 3227 3586 et
3248 3527 3829 3602 polluebantur.Ipsi,

2179 3619 2704 3693 inquam,pr0priis
2719 3617 3615 3692 polluebanturhomicidiis,sua
3634 3619 3831 3673 autem

2180 3709 2401 3782 templa
2423 3710 2630 3766 talium
2655 3709 3078 3766 sacrificiorum
3097 3709 3257 3764 fumo
3274 3705 3832 3778 etsuffimentispol-

2177 3799 2436 3857 luebant.
2475 3800 2555 3854 Ex
2584 3799 2678 3855 his
2703 3798 2829 3855 sine
2861 3798 3038 3854 dubio
3070 3796 3512 3870 quamplurima
3540 3795 3697 3852 mala
3725 3795 3828 3852 ho-

2177 3889 2436 3945 minibus
2465 3893 2604 3946 sunt
2634 3889 3005 3945 exorta.Nam
3028 3905 3161 3943 cum
3186 3904 3325 3943 suos
3348 3887 3488 3943 deos
3510 3884 3626 3942 illis
3651 3885 3828 3941 rebus

2174 3978 2449 4034 obiectari
2484 3983 2913 4050 cernerent,eos
2945 3977 3146 4034 statim
3178 3976 3475 4034 similibus
3505 3975 3828 4048 peccatiset

2175 4067 2414 4141 ﬂagitiis
2447 4073 2586 4125 sunt
2614 4067 2978 4136 imitati,rem
3001 4067 3297 4141 egregiam
3321 4083 3382 4123 se
3407 4067 3666 4122 facturos
3686 4080 3824 4121 con-

2173 4157 2441 4230 ﬁdentes,
2493 4158 2566 4226 si,
2620 4163 2687 4213 ut
2740 4159 3044 4231 putabant,
3100 4157 3348 4230 potiora,
3402 4154 3523 4212 sive
3579 4155 3821 4210 deorum

2172 4246 2440 4319 exempla
2471 4247 3034 4320 sequerentur.Inde
3067 4263 3171 4302 nec
3201 4245 3651 4316 homicidia,nec
3676 4243 3820 4300 libe-

2171 4351 2370 4391 rorum
2405 4337 2590 4393 caedes
2620 4337 2917 4393 horruere:
2952 4336 3087 4392 inde
3117 4352 3178 4392 se
3204 4338 3357 4391 totos
3391 4333 3666 4390 omnibus
3687 4331 3822 4387 libi-

2170 4424 2407 4481 dinibus
2439 4425 2983 4497 dedere.Siquidem
3015 4423 3178 4480 nulla
3212 4425 3330 4480 fere
3351 4427 3438 4480 est
3459 4421 3817 4493 civitas,qua

2168 4513 2240 4570 ob
2275 4532 2503 4571 morum
2537 4514 3007 4585 similitudinem,
3041 4530 3219 4586 quam
3251 4529 3386 4570 cum
3417 4510 3542 4568 suis
3571 4510 3683 4566 diis
3714 4510 3818 4566 ha-

2167 4605 2304 4661 bere
2334 4605 2532 4678 gestit,
2566 4603 2726 4660 omni
2757 4602 2997 4659 luxurias
3043 4619 3252 4676 genere
3308 4618 3423 4657 non
3481 4599 3771 4656 redundet
3801 4616 3814 4654 :

399 4690 566 4762 μεστή
620 4687 690 4753 δι’
744 4690 1049 4764 ὁμοιότητα
1097 4693 1208 4766 (43)
1248 4691 1466 4768 τρόπων
1524 4697 1632 4749 τῶν
1687 4696 1813 4771 παρ’
1873 4695 2058 4759 αὐτοῖς

2180 4711 2277 4750 nec
2310 4695 2464 4767 apud
2501 4693 2838 4750 idololatras
2871 4692 3027 4748 ullus
3059 4693 3278 4764 probus
3305 4694 3412 4759 est,
3472 4688 3587 4769 nisi
3643 4688 3817 4761 cujus

345 4809 350 4812 -
390 4779 528 4835 θεῶν
559 4779 849 4854 γινομένη·
899 4782 989 4836 καὶ
1040 4780 1140 4836 οὒκ
1188 4778 1301 4836 ἔστι
1351 4784 1580 4861 σώφρων
1637 4783 1688 4838 ἐν
1737 4789 1855 4847 τοῖς
1889 4783 2050 4842 εἷ’δώ-

389 4865 536 4941 λοις,
571 4868 616 4924 εἷ
651 4870 726 4942 μὴ
766 4869 932 4942 μόνος
963 4871 990 4925 ὁ
1021 4872 1148 4945 παρ’
1179 4870 1364 4935 αὐτοῖς
1413 4871 1496 4927 ἐπ’
1548 4870 1805 4950 ἀσελγείᾳ
1851 4896 2050 4953 μαρτυ-

388 4955 678 5032 ρούμενος.

454 5157 570 5230 (39)
600 5157 695 5232 Sic
725 5159 966 5232 Seguer.
1027 5158 1260 5232 Gobler.
1323 5159 1576 5232 Felckm.
1641 5163 1872 5232 lanon.
1933 5163 2045 5220 Alii

385 5229 523 5286 cum
555 5229 727 5286 editis
756 5229 994 5305 τᾶύριοι.
1032 5229 1212 5287 Iidem
1245 5231 1421 5304 paulo
1454 5237 1584 5305 post
1616 5231 1692 5295 είς
1724 5234 1907 5296 θυσίας
1940 5235 2040 5292 ha-

388 5301 548 5359 bent.
583 5301 683 5357 alii
711 5299 787 5359 εἶς
814 5300 1029 5358 θυσίαν.

416 5319 548 5368 ient,
583 5319 683 5357 aui
711 5319 787 5363 εις
814 5319 1003 5357 υυσιαν
1015 5343 1029 5358 .

453 5373 568 5449 (40)
599 5373 784 5432 Diana
811 5373 922 5430 hoc
953 5373 1193 5430 nomine
1223 5374 1539 5449 indicatur,
1602 5395 1781 5450 quam
1831 5378 2037 5436 Tauri-

382 5460 512 5529 cam
545 5461 780 5529 quoque
805 5449 974 5529 vocat
1003 5443 1273 5529 Clemens
1303 5446 1739 5529 alexandrinus
1759 5450 2036 5529 Αιζτῃοηίι.

380 5517 453 5654 git
473 5517 860 5644 {gntes-Vide
885 5519 1028 5575 item
1058 5517 1270 5575 Euseb.
1302 5520 1550 5592 Przpar.
1601 5537 1792 5595 evang.
1829 5521 1928 5579 lib.
1962 5540 2036 5595 1v,

452 5660 569 5732 (41)
594 5658 664 5713 Τό
697 5660 860 5717 deest
887 5660 948 5718 in
1006 5660 1241 5718 Gobler.
1302 5660 1524 5718 Felkm.
1587 5665 1612 5718 1
1647 5681 1821 5720 anon.
1855 5664 2037 5722 Paulo

379 5728 670 5820 post‘tobq
697 5727 1012 5820 ,ληφθέντας
1036 5731 1128 5820 uani
1161 5731 1249 5810 ἀφ’
1310 5732 1537 5820 ἑκάστης
1569 5731 1664 5788 ἕνα
1713 5730 2034 5820 ,λαμϐάνον-

377 5821 466 5866 τες
498 5804 716 5862 desunt
744 5804 807 5862 in
835 5805 1056 5864 Felkm.
1087 5806 1121 5860 3
1151 5804 1324 5864 anon.
1360 5805 1506 5864 Ibid.
1543 5824 1646 5882 pro
1703 5804 2036 5886 cie’legitur

2164 4782 2440 4842 libidines
2471 4789 2696 4842 testatae
2727 4788 2784 4841 et
2811 4781 3132 4840 manifesta
3165 4786 3323 4838 sunt.

2159 5162 2240 5242 ἐφ’
2264 5165 2322 5220 in
2353 5163 2833 5242 ngl._Felck_m,_
2851 5165 2888 5242 l_
2911 5180 3084 5242 anon.
3121 5161 3264 5217 lbid.
3299 5143 3826 5242 Βθευθιηηκαταφάξ

2160 5231 2363 5305 zeum.
2399 5235 2744 5308 Gobler.__et
2794 5235 2989 5291 Felck.
3018 5237 3265 5308 tanien.
3324 5231 3730 5308 κάτασφᾴζωσι,
3753 5238 3812 5290 et

2154 5301 2328 5382 palau
2358 5313 2492 5380 post
2523 5303 2851 5376 έκλέξονται.
2884 5312 3012 5362 Mox
3045 5307 3188 5363 ibid.
3249 5310 3384 5360 ante
3448 5301 3649 5356 Σκύθαι
3698 5301 3806 5362 art.

2155 5381 2206 5434 oi.
2237 5379 2337 5434 aui
2371 5379 2568 5434 eratin
2598 5378 2793 5434 editis.
2827 5379 2988 5434 abest
3019 5378 3092 5433 ab
3116 5375 3347 5432 omibus
3379 5393 3521 5434 mss,

2155 5395 2206 5434 οι
2237 5397 2337 5451 qui
2371 5395 2568 5435 eratin
2598 5395 2793 5446 cuius,
2827 5395 2988 5434 anesr
3019 5395 3092 5433 an
3116 5395 3347 5432 OIIllDllS
3379 5395 3521 5440 mss,

2223 5454 2337 5522 (42)
2368 5449 2468 5506 Καί
2501 5451 2745 5522 Seguer.
2779 5450 2971 5522 habet,
3007 5449 3105 5503 alii
3131 5449 3440 5522 omittunt.
3475 5447 3651 5522 Paulo
3674 5454 3807 5522 post

2149 5519 2351 5577 ἑαυτῶν
2385 5526 2518 5578 ante
2550 5519 2841 5594 ἱλάσκοντο
2873 5521 3091 5577 habent
3120 5521 3358 5593 Seguer.
3418 5519 3592 5575 Basil.
3627 5519 3797 5594 Angl.

2145 5594 2256 5650 Alii
2281 5602 2338 5650 et
2364 5594 2524 5664 editi,
2556 5592 2755 5648 αὐτῶν.

2219 5667 2334 5738 (43)
2365 5666 2424 5721 Si
2455 5666 2697 5738 Seguer.
2733 5669 2791 5738 et
2819 5663 2978 5738 Edit.
3030 5663 3315 5719 Commel.
3352 5663 3592 5738 aliique
3651 5680 3794 5738 mss.

2146 5733 2357 5794 hraa'te'r
2386 5733 2562 5793 (ἔοι)ιῖ
2586 5741 2643 5794 et
2670 5736 2923 5794 Felckm.
2961 5735 2985 5791 1
3018 5750 3233 5792 annon.
3267 5734 3370 5808 qui
3402 5733 3670 5808 ὠμότητα
3700 5735 3797 5798 ha-

2147 5809 2302 5869 bent.
