4160 6384
324 449 399 514 51
830 453 897 516 8.
939 451 1371 518 ATHANASII
1414 455 1589 519 OPP.
1638 455 1838 520 PARS
1882 456 1931 520 Ῑ.
1965 489 2045 506 -
2071 455 2486 522 HISTORIGA
2531 457 2634 523 ET
2675 456 3160 524 DOGMATIGA.
3673 457 3760 522 82

398 586 502 644 20
524 587 787 647 26.Sane
810 587 950 647 olim
975 589 1284 648 Phoenicim
1317 591 1970 650 mulieresinidolorum

2155 594 2246 648 26.
2281 596 2532 654 Γυναῖκες
2582 596 2711 666 γοῦν
2765 590 2816 648 ἐν
2858 588 3171 654 είδωλείοις
3201 590 3316 665 (44)
3343 595 3446 662 τῆς
3492 589 3759 664 Φοινίκης

330 676 571 750 templis
591 678 754 752 prius
778 681 1357 755 prostabant,suique
1382 683 1697 740 meretricii
1722 687 1976 756 quaestus

2099 679 2271 736 πάλαι
2329 682 2793 755 προεκαθέζοντο,
2840 680 3223 758 ἀπαρχόμεναι
3271 686 3390 744 τοῖς
3447 679 3557 737 ἐκεῖ
3611 683 3755 745 θεοῖς

324 766 655 839 primordia
683 769 821 838 diis,
853 770 952 843 qui
985 769 1106 826 illic
1137 771 1502 842 colebantur,
1541 773 1976 839 consecrabant;

2100 770 2300 825 ἑαυτῶν
2331 772 2431 841 τήν
2461 776 2558 826 τοῦ
2607 773 2862 844 σώματος
2907 771 3082 826 αὐτῶν
3115 773 3228 844 (45)
3275 770 3613 848 μισθαρνίαν,
3660 793 3752 828 νο-

327 871 508 912 suam
539 858 708 913 deam
738 859 960 930 stupris
990 861 1302 932 propitiam
1337 861 1976 935 reddi,benevolamqu£

2103 860 2355 934 μίζουσαι
2382 865 2450 934 τῇ
2501 861 2726 938 πορνείᾳ
2760 863 2859 930 τήν
2892 861 3007 916 θεὸν
3041 863 3151 935 (46)
3183 861 3385 916 ἑαυτῶν
3415 861 3752 930 ἱλάσκεσθαι,

324 943 434 1001 hoc
464 950 637 1018 pacto
669 947 820 1003 efﬁci
853 952 1010 1004 ratae.
1042 949 1162 1004 Viri
1193 967 1428 1024 quoque
1459 952 1757 1025 propriam
1787 968 1976 1009 emen-

2097 950 2188 1005 xui
2241 950 2317 1012 εἰς
2366 949 2642 1024 εὐμένειαν
2693 949 2840 1027 ἄγειν
2892 950 3057 1020 αὐτην
3110 948 3199 1006 διὰ
3243 949 3476 1009 τούτων.
3526 949 3751 1026 ’Ἄνδρες

326 1033 424 1114 titi
456 1039 754 1102 naturam,
790 1053 894 1093 nec
926 1038 1182 1111 amplius
1214 1057 1406 1098 mares
1437 1059 1498 1098 se
1517 1059 1645 1098 esse
1677 1043 1986 1114 patientes,

321 1112 386 1180 in
417 1123 674 1181 feminas
703 1143 764 1182 se
797 1134 1234 1195 converterunt,
1269 1137 1600 1204 pergratam
1633 1112 1693 1188 et
1717 1132 1991 1189 honorifi-

322 1229 450 1270 cam
484 1214 657 1270 matri
687 1216 929 1273 deorum
962 1235 1024 1274 se
1054 1219 1134 1275 ita
1167 1220 1426 1278 facturos
1456 1222 1745 1278 arbitrati.
1769 1223 1986 1280 Omnes

324 1303 579 1375 denique
600 1322 719 1362 una
740 1323 874 1362 cum
891 1308 1312 1379 perditissimis
1333 1311 1622 1382 vivunt,et
1643 1329 1842 1368 secum
1868 1313 1980 1385 ipsi

323 1397 591 1465 pugnant
621 1399 686 1450 ut
712 1397 960 1467 pejores,
982 1399 1242 1470 quotidie
1271 1401 1540 1467 evadant,
1560 1406 1736 1474 atque
1766 1402 1989 1459 utdixit

323 1487 564 1539 sanctus
594 1483 810 1541 Christi
843 1486 1112 1544 minister
1140 1490 1641 1559 Paulus,chinae
1676 1508 1866 1548 eorum
1887 1495 1988 1548 im-

320 1577 681 1629 mutaverunt
705 1578 1023 1634 naturalem
1067 1595 1252 1650 usum,
1284 1583 1346 1635 in
1399 1597 1524 1637 eum
1570 1599 1734 1637 usum
1789 1584 1988 1653 quiest

314 1670 514 1718 contra
537 1667 832 1722 naturam.
870 1669 1148 1724 Similiter
1177 1674 1365 1725 autem
1395 1680 1448 1726 et
1512 1673 1984 1738 masculi,relicto

318 1752 578 1808 naturali
604 1769 707 1809 usu
735 1756 990 1824 feminae,
1023 1763 1362 1814 exarserunt
1392 1761 1451 1814 in
1475 1759 1766 1817 desideriis
1786 1763 1902 1818 suis
1923 1763 1984 1817 in

322 1843 561 1898 invicem
577 1844 832 1907 ,masculi
852 1847 913 1900 in
936 1849 1208 1904 masculos
1223 1848 1630 1920 turpitudinem
1650 1853 1984 1922 operantes“

323 1930 455 1988 Haec
483 1936 679 1989 autem
709 1937 764 1990 et
794 1934 1015 1992 similia
1042 1938 1290 2010 agendo,
1329 1938 1594 1995 fatentur
1623 1944 1780 1996 certe
1809 1944 1867 1996 et
1887 1958 1976 1996 ar-

2093 1934 2145 1990 ἐν
2217 1939 2286 2009 τῇ
2351 1935 2523 2012 ὀρέξει
2599 1935 2806 2040 αὐτῶν,
2847 1936 2923 1999 εἰς
2997 1933 3344 2040 ἀλλήλους,

324 2025 516 2092 guunt
544 2022 705 2089 deos,
738 2041 886 2096 quos
908 2025 1020 2098 ipsi
1051 2025 1631 2100 colunt,hujusmodi
1661 2029 1840 2086 vitam
1871 2031 1978 2086 du-

321 2109 730 2177 xisse,scilicet
757 2129 825 2170 ex
853 2113 992 2172 Jove
1024 2133 1344 2188 puerorum
1377 2120 1782 2191 corruptiones
1804 2123 1980 2192 atque

323 2199 634 2269 adulteria,
666 2218 734 2258 ex
763 2202 984 2260 Venere
1017 2205 1407 2262 meretriciam
1455 2207 1659 2275 vitam,
1719 2225 1789 2264 ex
1819 2209 1981 2266 Rhea

323 2287 716 2357 luxuriam,ex
746 2292 929 2351 Marte
958 2296 1242 2363 caedes,ex
1271 2295 1401 2353 aliis
1432 2297 1547 2353 alia
1577 2295 1795 2354 similia
1824 2299 1976 2354 didi-

323 2394 606 2447 cere,quaa
637 2381 876 2454 quidem
907 2400 1041 2440 cum
1072 2384 1230 2460 leges
1262 2387 1670 2460 puniunt,tum
1693 2388 1856 2458 probi
1881 2389 1980 2445 ho-

325 2467 515 2526 mines
545 2470 879 2529 abhorrent.
903 2474 1056 2531 Num
1087 2475 1267 2548 igitur
1299 2475 1380 2531 dii
1411 2477 1614 2532 haberi
1643 2476 1806 2550 digni
1837 2483 1978 2533 sunt

325 2558 426 2630 qui
461 2559 576 2616 ista
597 2563 813 2633 agant?
841 2567 1052 2620 Annon
1085 2565 1280 2637 potius
1303 2582 1418 2638 prae
1436 2582 1669 2622 morum
1691 2568 1978 2640 perversi-

323 2650 443 2702 tate
473 2664 538 2703 ac
567 2649 798 2707 luxuria
843 2652 1048 2710 bestiis
1099 2654 1417 2712 deteriores
1465 2660 1608 2712 sunt
1655 2655 1980 2713 censendi?

325 2735 480 2792 Num
512 2737 612 2810 qui
643 2737 775 2796 illos
803 2740 1193 2816 colunt,digni
1215 2749 1356 2801 sunt
1375 2745 1474 2817 qui
1493 2745 1764 2802 homines
1786 2746 1981 2802 existi-

326 2827 601 2883 mentur?
628 2830 837 2886 Annon
869 2832 1087 2902 potius,
1122 2837 1188 2889 ut
1217 2833 1430 2891 belluis
1459 2835 1815 2907 stupidiores
1835 2840 1895 2893 et
1913 2840 1980 2892 ut

325 2914 608 2974 inanimis
638 2921 815 2976 rebus
847 2921 1036 2994 magis
1057 2922 1711 2990 inanimi,miseratione
1732 2930 1869 2982 sunt
1889 2926 1977 2981 di-

324 3003 470 3077 gni?
497 3005 556 3062 Si
588 3007 744 3063 enim
779 3025 897 3065 suae
926 3010 1532 3086 ipsorum(49)animaa
1563 3019 1820 3071 mentem
1844 3019 1978 3072 tan-

325 3093 511 3166 tisper
538 3097 1028 3168 considerassent,
1086 3101 1144 3156 in
1197 3101 1318 3159 haec
1359 3103 1465 3160 toti
1505 3104 1830 3178 praecipites
1861 3121 1976 3161 non

323 3183 601 3257 ruissent,
653 3202 759 3244 nec
807 3205 1010 3246 verum
1057 3190 1270 3250 Christi
1319 3192 1547 3250 Patrem
1583 3199 1763 3251 Deum
1795 3211 1976 3268 nega-

325 3277 476 3328 rent.

2099 1037 2177 1111 δὲ,
2209 1041 2308 1108 τὴν
2352 1039 2507 1118 φύσιν
2561 1041 2905 1114 ἀρνούμενοι,
2937 1041 3026 1096 καὶ
3076 1041 3270 1114 μηκέτι
3321 1039 3456 1095 εἶναι
3501 1037 3753 1103 θέλοντες

2099 1127 2312 1204 ἄρρενες
2347 1175 2360 1201 ,
2418 1132 2518 1198 τήν
2575 1135 2842 1205 γυναικῶν
2900 1127 3232 1184 πλάττονται
3291 1127 3446 1207 φύσιν
3483 1173 3498 1199 ,
3559 1130 3634 1192 ὡς
3695 1128 3756 1185 ἐκ

2094 1217 2301 1274 τούτων
2339 1219 2645 1294 καταθύμια
2672 1221 2761 1275 καὶ
2807 1222 2976 1293 τιμὴν
3024 1223 3093 1293 τῇ
3146 1218 3315 1294 μητρὶ
3364 1222 3472 1274 τῶν
3509 1225 3635 1295 παρ’
3666 1218 3757 1275 αὖ·

2094 1314 2213 1372 τοῖς
2288 1307 2606 1385 λεγομένων
2666 1312 2800 1366 θεῶν
2859 1313 3179 1371 ποιοῦντες.
3243 1309 3446 1371 Πάντες
3498 1305 3556 1364 δὲ
3615 1310 3757 1382 ὁμοῦ

2093 1404 2212 1460 τοῖς
2269 1398 2574 1476 αἰσχίστοις
2634 1402 2862 1475 βιοῦσι,
2909 1400 2999 1454 καὶ
3057 1404 3175 1461 τοῖς
3233 1397 3480 1475 χείροσιν
3539 1399 3752 1462 ἑαυτοῖς

2096 1485 2447 1561 ἁμιλλῶνται
2481 1508 2494 1522 ·
2553 1489 2641 1544 καὶ
2697 1490 2772 1552 ὡς
2849 1488 2992 1544 εἶπεν
3053 1489 3081 1544 ὁ
3140 1489 3296 1563 ἅγιος
3350 1492 3448 1543 τοῦ
3522 1493 3756 1565 Χριστοῦ

2097 1573 2342 1640 διάκονος
2390 1576 2648 1641 Παῦλος”
2711 1576 2782 1633 A'i
2835 1599 2895 1633 τε
2951 1579 3054 1654 γὰρ
3111 1575 3328 1648 θήλειαι
3385 1575 3560 1632 αὐτῶν
3629 1597 3757 1650 μετ-

2094 1665 2337 1738 ήλλαξαν
2427 1670 2541 1740 (47)
2622 1669 2724 1737 τήν
2823 1669 3056 1745 φυσικὴν
3162 1673 3361 1743 χρῆσιν
3471 1667 3549 1728 εἰς
3653 1667 3754 1736 τὴν

2093 1758 2239 1832 παρὰ
2278 1757 2432 1834 φύσιν
2472 1800 2485 1814 .
2544 1758 2782 1830 Ὁμοίως
2842 1755 2900 1812 δὲ
2955 1759 3044 1813 καὶ
3104 1758 3156 1811 oi
3213 1754 3474 1833 ἄρρενες,
3532 1750 3752 1832 ἀφέντες

2090 1846 2190 1913 τήν
2268 1847 2500 1924 φυσικὴν
2578 1853 2779 1923 χρῆσιν
2855 1853 2957 1916 τῆς
3031 1844 3259 1916 θηλείας
3314 1890 3328 1916 ,
3396 1844 3749 1916 ἐξεκαύθησαν

3405 1932 3622 2010 ἅρῥενες
3700 1933 3752 1990 ἐν

2091 2023 2275 2100 ἄρσεσι
2331 2026 2432 2094 τήν
2516 2023 2912 2100 ἀσχημοσύνην
2987 2023 3449 2100 κατεργαζόμενοι
3483 2067 3497 2080 .
3575 2029 3752 2080 Ταῦτα

2091 2110 2149 2168 δὲ
2179 2114 2268 2168 καὶ
2297 2116 2365 2169 τά
2407 2119 2631 2170 τοιαῦτα
2677 2116 3028 2190 πράσσοντες,
3078 2111 3425 2189 ὁμολογοῦσι
3470 2113 3560 2169 καὶ
3594 2111 3751 2190 ἐλέγ-

2089 2223 2250 2280 χουσι
2304 2204 2394 2259 καὶ
2452 2204 2583 2267 τοὺς
2643 2202 2981 2280 λεγομένους
3039 2203 3214 2259 αὐτῶν
3275 2202 3428 2266 θεοὺς
3498 2207 3749 2259 τοιοῦτον

2089 2291 2380 2369 ἐσχηκέναι
2433 2315 2528 2348 τον
2596 2294 2753 2370 βίον.
2807 2294 2907 2349 Ἐκ
2970 2294 3066 2367 μὶν
3123 2294 3229 2369 γάρ
3284 2293 3407 2355 Διὸς
3463 2291 3564 2362 τὴν
3623 2313 3748 2347 παι-

2088 2378 2377 2459 δοφθορίαν
2423 2384 2512 2438 καὶ
2559 2385 2659 2452 τήν
2715 2382 3005 2459 μοιχείαν,
3059 2382 3119 2439 ἐκ
3166 2380 3223 2439 δὲ
3271 2379 3602 2461 Ἀφροδίτης
3648 2384 3748 2452 τὴν

2087 2471 2360 2547 πορνείαν,
2421 2475 2511 2527 καὶ
2569 2472 2628 2528 ἐκ
2689 2473 2782 2546 μὲν
2845 2473 2991 2535 Ῥέας
3049 2474 3149 2541 τὴν
3209 2470 3521 2547 ἀσέλγειαν,
3584 2471 3645 2528 ἐκ
3694 2469 3753 2528 3i»:

2086 2561 2279 2633 ’Ἄρεος
2335 2560 2464 2624 τοὺς
2518 2561 2716 2640 φόνους
2748 2607 2762 2634 ,
2817 2561 2908 2618 καί
2967 2561 3019 2632 ἐξ
3074 2558 3261 2617 ἄλλων
3321 2559 3468 2617 ἄλλα
3523 2566 3750 2618 τοιαῦτα

2091 2651 2489 2722 μεμαθήκασιν,
2544 2651 2578 2706 ἃ
2638 2653 2690 2706 oi
2745 2651 2908 2726 νόμοι
2970 2653 3064 2725 μὶν
3118 2649 3465 2723 κολάζουσι,
3524 2657 3632 2714 πᾶς
3689 2649 3748 2708 δὲ

2088 2739 2320 2816 σώφρων
2371 2741 2506 2814 ἀνὴρ
2558 2742 2969 2820 ἀποστρέφεται.
3023 2743 3144 2814 Ἆρ’
3195 2739 3287 2796 οῦν
3338 2739 3481 2812 ἄξιον
3527 2737 3746 2815 ἕτιμὸ)

2085 2826 2312 2890 τούτους
2389 2829 2633 2902 νομίζειν
2708 2830 2842 2885 εἶναι
2918 2829 3077 2893 θεοὺς
3113 2874 3127 2899 ,
3179 2828 3308 2894 τοὺς
3381 2831 3447 2884 τά
3520 2834 3747 2886 τοιαῦτα

2086 2921 2399 2989 ποιοῦντας,
2431 2920 2521 2974 καὶ
2557 2921 2632 2993 μή
2669 2917 2881 2993 μᾶλλον
2925 2924 3032 2975 τῶν
3084 2917 3302 2996 ἀλόγων
3356 2917 3742 2994 ἀλογωτέρους

2085 3008 2337 3081 ἡγεῖσθαι
2391 3008 2616 3073 τούτους
2676 3007 2764 3065 διὰ
2814 3011 2913 3079 τήν
2970 3006 3254 3084 ἀσέλγειαν
3306 3013 3414 3064 τῶν
3466 3007 3736 3082 τρόπωνς

2085 3097 2226 3172 Ἀρα
2273 3096 2416 3169 ἄξιον
2453 3098 2582 3162 τούς
2640 3098 3035 3172 θρησκεύοντας
3093 3096 3287 3160 αὐτοὺς
3345 3097 3587 3171 νομίζειν
3647 3096 3739 3152 ἀν-

2085 3189 2359 3266 θρώπους,
2407 3191 2497 3245 xui
2551 3190 2626 3262 μή
2684 3186 2896 3262 μᾶλλον
2938 3189 3013 3251 ὡς
3063 3185 3282 3262 ἀλόγων
3328 3183 3739 3262 ἀλογωτέρους,

2084 3282 2175 3336 xui
2229 3284 2336 3334 τῶν
2396 3277 2624 3355 ἀψύχων
2684 3279 3083 3355 ἀψυχοτέρους,
3142 3276 3425 3352 οἰκτείρειν
3463 3275 3575 3345 ;Ei
3635 3277 3741 3352 γὰρ

323 3355 639 3436 ἐλογίζοντο
666 3370 768 3435 τῆς
817 3365 1018 3423 ἑαυτῶν
1073 3371 1259 3446 ψυχῆς
1295 3371 1386 3426 τὸν
1437 3375 1581 3443 νοῦν,
1617 3369 1715 3426 ούκ
1746 3370 1803 3426 ἃν
1837 3370 1890 3426 ἐν
1926 3369 2143 3434 τούτοις
2192 3368 2692 3424 κατεπεπτώκεισαν
2743 3365 2865 3424 ὅλοι
2913 3372 3166 3443 πρηνεῖς,
3212 3367 3303 3421 καὶ
3345 3366 3438 3422 τὸν
3486 3363 3745 3437 ἀληθινὸν

321 3449 587 3523 ἠρνοῦντο
615 3458 712 3509 τοῦ
742 3461 974 3532 Χριστοῦ
1005 3459 1218 3533 Πατέρα
1246 3459 1393 3518 Θεόν.

391 3542 483 3598 27.
515 3545 588 3599 At
617 3545 766 3602 forte
796 3548 896 3620 qui
928 3548 1082 3605 inter
1109 3565 1208 3606 eos
1238 3551 1624 3623 sapientiores
1651 3551 1836 3608 videri
1868 3569 1973 3609 vo-

2156 3551 2246 3605 27.
2280 3544 2437 3606 Ἀλλ’
2467 3544 2599 3609 ἴσως
2644 3547 2696 3602 oi
2748 3540 3216 3615 ἑπαναϐεϐηκότες
3261 3543 3472 3601 τούτων
3504 3544 3596 3599 xui
3627 3545 3750 3620 περὶ

321 3627 538 3698 lunt,et
563 3649 759 3690 rerum
792 3641 1124 3693 creatarum
1155 3638 1544 3697 admiratione
1574 3644 1976 3705 tenentur,no-

327 3718 469 3775 stris
491 3723 858 3792 argumentis
873 3725 1064 3781 multo
1077 3743 1210 3782 cum
1234 3728 1454 3800 pudore
1469 3728 1636 3784 evicti
1647 3746 1784 3796 ,non
1807 3729 1980 3786 ibunt

323 3806 554 3864 inficias
585 3808 707 3866 haec
738 3811 812 3867 ab
841 3814 1116 3870 omnibus
1167 3815 1334 3872 facile
1373 3817 1661 3874 confutari
1691 3822 1749 3873 et
1778 3818 1975 3874 redar-

324 3896 424 3969 gui
457 3913 630 3970 posse
673 3915 687 3954 :
735 3901 838 3956 sed
889 3906 1078 3960 tutam
1108 3909 1166 3961 ct
1194 3904 1472 3962 invictam
1513 3906 1625 3962 sibi
1656 3905 1816 3963 illam
1846 3923 1977 3965 esse

325 3985 661 4058 opinionem
675 3991 1975 4065 autumabunt,quaadducunturutmundum

327 4075 655 4150 mundique
685 4083 880 4150 partes
911 4079 1132 4150 colant;
1167 4087 1345 4156 atque
1365 4083 1424 4139 in
1447 4100 1513 4140 eo
1543 4083 1974 4158 gloriabuntur,

326 4167 482 4238 quod
515 4182 628 4222 non
661 4166 904 4240 lapides,
937 4169 1118 4243 ligna,
1151 4171 1574 4247 hominumque
1604 4178 1662 4230 et
1702 4173 1976 4231 animan-

324 4255 823 4323 tium,volatilium
859 4258 1226 4332 reptiliumve
1255 4279 1358 4318 seu
1389 4263 1842 4337 quadrupedum
1867 4264 1978 4321 for-

325 4360 454 4401 mas
483 4351 855 4415 venerentur,
891 4349 992 4405 sed
1026 4348 1231 4420 solem,
1291 4351 1514 4420 lunam,
1575 4357 1974 4427 cunctumque

324 4433 616 4492 cmlestem
648 4437 962 4507 mundum,
997 4455 1221 4497 necnon
1269 4444 1488 4498 terram
1547 4447 1603 4498 et
1637 4442 1970 4500 universam

325 4537 612 4595 aquarum
644 4529 1071 4584 naturam.lmo
1102 4545 1208 4586 nec
1238 4531 1588 4588 contendere
1612 4531 1974 4589 dubitabunt

323 4613 620 4670 neminem
651 4617 959 4673 ostendere
985 4634 1158 4691 posse
1177 4635 1271 4676 res
1299 4619 1432 4677 illas
1454 4638 1570 4678 non
1600 4638 1730 4680 esse
1761 4626 1973 4679 natura

321 4701 463 4758 deos
494 4717 507 4757 :
542 4719 680 4760 cum
712 4704 988 4762 omnibus
1018 4707 1397 4765 manifestum
1428 4709 1601 4779 sit,ea
1628 4726 1817 4785 neque
1843 4711 1964 4768 ina-

321 4790 486 4849 nima
513 4809 704 4866 neque
732 4795 956 4852 ratione
981 4813 1186 4866 vacua,
1203 4799 1304 4855 sed
1334 4799 1511 4856 etiam
1534 4799 1843 4857 hominum
1865 4818 1967 4858 na-

394 4909 439 4945 ιι
466 4912 633 4966 Rom.
667 4927 708 4979 ι,
738 4891 830 4984 26,
859 4913 950 4967 27.
985 4991 988 4997 λ

388 5026 503 5108 (ωε)
533 5026 626 5084 Sic
654 5027 883 5102 Anglic.
916 5030 1137 5108 caeteriz
1171 5025 1452 5108 εξδῴλοιῇ
1488 5033 1651 5108 Idem
1710 5033 1962 5108 Anglic,,

319 5103 577 5188 γυναῖκας
644 5116 748 5172 pro
774 5105 1062 5188 “Yuv‘ui'xsc
1095 5102 1319 5188 habet:
1415 5104 1595 5188 Paulo
1662 5102 1966 5188 pogtiprb

318 5168 1002 5246 unupxéuevui,_Gobler.
1056 5177 1114 5229 et
1153 5173 1359 5246 AFelck.
1421 5177 1444 5231 1
1511 5168 1686 5232 anon:
1749 5168 1969 5235 habent

319 5241 714 5324 ξπαρχόμεναιζ
743 5244 920 5300 Basil.
952 5243 1322 5320 παρεχόμενοι
1352 5250 1410 5302 et
1446 5247 1504 5303 in
1567 5249 1831 5322 margine
1861 5269 1969 5324 γρ-

319 5314 718 5387 ἀπαρχόμενοι.

388 5334 427 5368 τα
509 5331 536 5368 ο
589 5335 718 5370 ενοι.

695 5390 813 5475 τοῦ..
847 5387 1106 5475 edituros
1162 5386 1336 5443 αὐτῶν
1377 5396 1716 5475 'nonnsunt
1771 5393 1830 5449 in
1856 5393 1966 5475 ‘Se-

317 5457 744 5528 gnerJGobler.
776 5457 1028 5517 Felckm.
1077 5462 1103 5516 1
1139 5477 1314 5518 anon.
1377 5462 1441 5517 In
1501 5462 1632 5520 aliis
1690 5481 1824 5520 vero
1856 5463 1966 5521 ha-

317 5531 554 5605 bentur,
601 5547 797 5605 eaque
863 5531 1141 5605 legerunt
1207 5532 1520 5590 Omnibon.
1578 5540 1637 5605 et
1693 5537 1964 5593 Ambros.

317 5547 554 5595 nentur,
615 5547 680 5585 ea
726 5548 797 5587 ue
863 5547 1141 5605 legerunt
1207 5547 1520 5590 ummnon.
1579 5547 1637 5590 et
1693 5547 1964 5593 Ambros.

315 5547 815 5679 Camaldul._l(igid.
851 5620 954 5676 pro
980 5603 1207 5673 ἑαυτῶν,
1239 5605 1469 5679 Anglic.
1532 5604 1708 5662 αὐτῶν
1768 5607 1966 5679 habet,

315 5679 374 5801 ξι
403 5677 609 5760 contra
641 5673 894 5730 Felckm.
927 5679 962 5731 2
991 5693 1165 5732 anon.
1218 5673 1554 5750 ριόἀύτῶν
1612 5695 1734 5752 seq.
1795 5673 1972 5738 habet

343 5765 537 5801 αυτων.

343 5765 516 5800 αυτων
525 5788 537 5801 .

386 5820 501 5893 (46)
531 5817 760 5894 Anglic,
793 5822 852 5878 et
881 5818 1060 5877 editio
1110 5820 1394 5882 Commel.
1451 5821 1542 5877 τὸν
1605 5820 1757 5881 Θεόν.
1818 5824 1968 5884 Ibid.

1997 4927 2046 4994 D

2085 3638 2184 3707 τήν
2261 3635 2432 3692 κτίσιν
2506 3635 2838 3710 ἐπτοημένοι
2871 3680 2886 3707 ,
2948 3633 3367 3706 δυσωπούμενοι
3437 3638 3555 3696 τοῖς
3627 3633 3750 3708 περὶ

2085 3731 2193 3781 τῶν
2251 3723 2646 3801 βδελυγμάτων
2696 3724 2986 3802 ἐλέγχοις,
3038 3723 3456 3799 εύκατάγνωστα
3508 3722 3603 3796 μὲν
3656 3721 3748 3776 καὶ

2088 3815 2379 3892 εὐέλεγκτα
2428 3815 2575 3892 παρά
2630 3821 2791 3870 πᾶσιν
2847 3809 2976 3870 ὅντα
3029 3817 3200 3869 ταῦτα
3257 3811 3358 3868 οὐκ
3421 3813 3747 3886 ἀρνήσονται

2085 3907 2175 3961 καὶ
2233 3903 2409 3962 αὐτοίο
2471 3902 2680 3975 ἐκείνην
2741 3902 2799 3960 δὲ
2855 3904 3038 3966 αὐτοῖς
3113 3900 3333 3980 ἀσφαλῆ
3411 3903 3512 3970 τήν
3589 3898 3743 3972 δόξαν

2084 3996 2174 4050 καὶ
2206 3993 2590 4071 ἀναντίρρητον
2622 3993 2756 4049 εἶναι
2788 3993 3067 4065 οἰήσονται
3095 3993 3198 4062 τήν
3229 3992 3369 4068 πρὸς
3397 3989 3488 4047 τόν
3535 3989 3738 4062 κόσμον

2085 4085 2173 4140 xui
2225 4087 2294 4141 τὰ
2346 4087 2444 4140 τοῦ
2501 4083 2711 4157 κόσμου
2772 4077 2912 4159 μέρη
2971 4079 3258 4158 θρησκείαν
3302 4101 3315 4115 ο
3367 4081 3737 4158 καυχήσονται

2085 4174 2188 4249 γάρ
2219 4173 2326 4250 οὐχ
2373 4175 2448 4236 ὡς
2504 4170 2692 4235 λίθους
2718 4219 2732 4243 ,
2762 4169 2853 4228 xui
2879 4169 3036 4244 ξύλα,
3068 4171 3162 4226 καὶ
3197 4172 3413 4250 μορφὰς
3442 4171 3739 4247 ἀνθρώπων

2083 4263 2174 4318 καὶ
2216 4262 2432 4338 ἀλόγων
2475 4267 2696 4332 πτηνῶν
2727 4283 2788 4318 τε
2832 4259 2922 4316 xui
2969 4261 3209 4336 ἑρπετῶν
3257 4260 3349 4315 καὶ
3396 4255 3742 4335 τετραπόδων

2084 4349 2298 4420 ἁπλῶς,
2331 4350 2454 4407 ἀλλ’
2484 4350 2644 4421 ἥλιον
2676 4351 2767 4406 xui
2815 4348 3077 4422 σελήνην,
3130 4351 3221 4406 xui
3270 4350 3450 4406 πάντα
3491 4350 3583 4404 τὸν
3628 4349 3744 4403 κατ’

2083 4440 2308 4517 οὐρανόν
2342 4439 2571 4515 κόσμον,
2601 4441 2691 4497 xui
2722 4447 2826 4516 γῆν
2868 4438 2933 4495 αὖ
2963 4437 3129 4495 πάλιν
3179 4438 3269 4493 καὶ
3317 4437 3600 4512 σύμπασαν
3643 4440 3742 4491 τοῦ

2083 4530 2250 4606 ὑγροῦ
2279 4532 2378 4601 τὴν
2431 4528 2587 4609 φύσιν
2640 4524 2889 4592 σέϐοντες
2935 4529 3026 4584 καὶ
3075 4525 3480 4601 θρησκεύοντες·
3511 4525 3602 4580 xui
3633 4525 3741 4602 φή-

2081 4641 2233 4676 σουσι
2289 4622 2364 4694 μή
2424 4617 2678 4675 δύνασθαί
2727 4640 2874 4682 τινας
2915 4615 3193 4689 ἀποδεῖξαι
3247 4613 3336 4669 xui
3381 4614 3612 4676 τούτους
3665 4615 3741 4688 μὴ

2081 4709 2214 4765 εἶναι
2266 4708 2419 4789 φύσει
2465 4707 2619 4771 θεοὺς
2652 4753 2668 4779 ,
2711 4713 2871 4764 πᾶσιν
2935 4703 3088 4769 ὄντος
3154 4707 3387 4785 φανεροῦ
3418 4749 3434 4778 ,
3485 4702 3572 4760 ὅτι
3619 4700 3746 4760 οὕτε

2079 4797 2288 4876 ἀψυχα,
2320 4795 2444 4854 οὔτε
2475 4796 2653 4872 ἄλογα
2680 4799 2967 4874 τυγχάνει,
2998 4792 3145 4851 ἀλλά
3172 4790 3264 4848 xui
3289 4793 3392 4864 τήν
3443 4793 3744 4868 ἀνθρώπων

2076 5031 2314 5118 Gobler.
2368 5034 2426 5087 et
2474 5029 2743 5118 Εθὲίξιίω·
2798 4997 3735 5118 .1eeoes,&¢?=°i<:__E.tPaa‘°

2077 5109 2211 5180 post
2237 5103 2416 5184 iidem
2471 5101 2703 5184 Gobler.
2733 5100 3127 5184 _et_‘F_e_lckm,
3280 5093 3734 5184 αηοῑιέειξωξία,

2077 5168 2181 5251 pro
2213 5173 2490 5264 εύμένειαν
2530 5173 2771 5230 habent.
2834 5173 2981 5229 Ibid.
3044 5168 3274 5245 Anglic.
3336 5168 3515 5225 αὐτῶν
3559 5169 3738 5227 habet

2077 5248 2481 5397 “Emisit
2509 5312 2944 5397 μετηλλάξαντο.
2971 5315 3130 5397 Infra
3157 5318 3291 5397 post
3323 5313 3522 5397 locum
3558 5286 3736 5397 Ἀρο-

2078 5383 2216 5450 stoli
2243 5383 2358 5460 xui,
2389 5383 2524 5447 ante
2551 5383 2895 5459 τὰτοιαῦτα,
2936 5405 3054 5446 non
3083 5383 3303 5462 legitur
3359 5386 3421 5444 in
3477 5383 3735 5444 Felclim.

2075 5466 2490 5620 ῗῖὶῗὲἲὲτειοιεο
2888 5529 3046 5620 est.
3103 5528 3296 5620 seu
3367 5526 3738 5620 Euboeam

2079 5600 2398 5665 Ιὺὶἀ.ἐῖναι
2428 5604 2592 5661 deest
2619 5604 2678 5659 in
2710 5602 2943 5661 Gobler.
2987 5600 3047 5661 et
3103 5600 3298 5658 Felck.
3363 5602 3389 5656 1
3451 5617 3549 5657 an.
3606 5600 3738 5662 τοὺς

2075 5680 2396 5735 τὰτοιαῦτα
2436 5678 2728 5738 ποιοῦντας
2786 5692 2904 5732 non
2960 5674 3284 5749 leguunlur
3338 5671 3400 5727 in
3449 5671 3646 5729 Felck.
3702 5673 3740 5728 2

2078 5770 2267 5898 ξω(49)
2293 5821 2410 5895 Sio,
2445 5821 2532 5880 uti
2575 5821 2635 5879 in
2693 5819 2892 5880 Graeco
2945 5824 3056 5894 est,
3113 5816 3422 5889 vertimus,
3479 5815 3623 5892 quia
3676 5818 3736 5874 Β.
