4160 6396
398 476 481 542 53
1608 478 1900 544 ORATIO
1943 480 2257 546 comm
2300 480 2632 547 cumras.
2756 452 2761 458 ’
3741 482 3823 547 34

403 609 680 688 ὑπεραίρει
709 608 884 691 φύσιν,
921 614 1142 688 τῷ
1191 613 1259 669 τὰ
1313 612 1405 687 μὲν
1459 612 1511 669 ἐν
1562 613 1834 689 οὐρανοῖς,
1881 616 1948 670 τὰ
1998 612 2055 670 δὲ

2174 624 2302 676 tura
2330 618 2632 693 superiora
2659 635 2809 687 esse,
2859 636 2926 678 eo
2959 619 3115 694 quod
3172 618 3303 693 ipsa
3358 618 3419 676 in
3452 618 3632 687 coalis,
3663 617 3726 676 hi
3756 618 3817 677 in

406 701 492 758 ἐπὶ
520 708 623 771 τῆς
671 707 777 776 γῆς
826 708 1117 761 κατοικεῖν.
1169 704 1351 775 Ἀξιον
1403 702 1493 759 οῦν
1542 703 1630 759 καὶ
1679 705 1803 779 περὶ
1848 704 2054 759 τούτων

407 789 536 848 ἰδεῖν
586 792 677 846 καὶ
729 789 1115 868 διερευνῆσαι.
1169 794 1393 856 Πάντως
1440 795 1543 870 γὰρ
1590 795 1680 849 καὶ
1739 794 1790 849 ἐν
1842 794 2057 857 τούτοις

406 882 621 957 εὑρήσει
655 883 683 937 ὁ
715 880 881 957 λόγος
912 883 1002 937 τὸν
1036 881 1267 960 ἔλεγχον
1320 882 1497 954 ἀληθῆ
1550 886 1666 940 κατ’
1698 884 1887 941 αὐτῶν.
1924 885 2055 960 Πρὶν

406 968 465 1026 δὲ
493 975 643 1045 ἡμᾶς
677 969 807 1027 ἰδεῖν
856 974 970 1046 (51)
1011 973 1233 1043 καὶτῆς
1280 972 1605 1045 ἀποδείξεως
1658 972 1930 1052 ἄρξασθαι,
1967 976 2056 1051 ἀρ-

402 1065 489 1115 κεῖ
524 1062 623 1130 τὴν
669 1060 841 1116 κτίσιν
891 1061 1058 1131 αὐτὴν
1099 1064 1217 1117 κατ’
1263 1062 1437 1119 αὐτῶν
1493 1064 1789 1141 μονονουχὶ
1838 1066 2057 1139 βοῆσαι,

401 1151 492 1205 καὶ
524 1147 689 1221 δεῖξαι
733 1150 824 1205 τὸν
873 1150 1040 1221 αὐτῆς
1088 1154 1324 1222 ποιητὴν
1378 1153 1467 1207 καὶ
1519 1152 1857 1229 δημιουργὸν
1903 1156 2052 1225 Θεὸν,

400 1240 492 1294 τὸν
521 1240 610 1295 καὶ
638 1240 841 1310 ταύτης
871 1243 983 1315 (52)
1026 1241 1115 1296 καὶ
1166 1247 1263 1297 τοῦ
1314 1244 1512 1306 παντὸς
1564 1241 1923 1317 βασιλεύοντα
1962 1246 2052 1299 τὸν

401 1330 613 1405 Πατέρα
659 1334 756 1385 τοῦ
805 1331 1005 1406 Κυρίου
1055 1334 1217 1405 ἡμῶν
1272 1335 1454 1401 Ἰησοῦ
1498 1338 1731 1410 Χριστοῦ
1759 1352 1770 1366 ·
1818 1335 1877 1388 ’ὀν
1928 1336 2056 1389 ἀπο-

400 1421 719 1497 στρέφονται
757 1422 851 1495 μὲν
881 1422 933 1475 οἱ
964 1418 1319 1501 δοκησίσοφοι
1370 1425 1505 1497 (53),
1539 1425 1638 1493 τήν
1688 1421 1745 1478 δὲ
1791 1425 1918 1500 παρ’
1960 1424 2053 1479 αύ-

400 1514 497 1563 τοῦ
547 1510 846 1585 γενομένην
897 1509 1070 1565 κτίσιν
1123 1516 1487 1587 προσκυνοῦσι
1543 1513 1633 1567 καὶ
1692 1515 2055 1580 θεοποιοῦσι,

399 1598 577 1655 καίτοι
638 1605 1040 1676 προσκυνοῦσαν
1101 1601 1191 1656 καὶ
1267 1600 1434 1671 αὐτὴν
1512 1602 1602 1656 καὶ
1672 1600 2051 1677 ὁμολογοῦσαν

398 1690 458 1744 ὃν
509 1688 702 1744 ἐκεῖνοι
753 1686 822 1744 δι’
870 1689 1037 1759 αὐτὴν
1100 1692 1383 1767 ἀρνοῦνται
1444 1690 1681 1765 Κύριον.
1739 1692 1893 1747 Οὕτω
1950 1694 2052 1768 γὰρ

395 1778 524 1841 τοὺς
567 1778 888 1855 ἀνθρώπους
938 1779 1017 1842 εἰς
1068 1782 1135 1834 τὰ
1182 1780 1385 1852 ταύτης
1442 1782 1579 1856 μέρη
1631 1781 1934 1859 κεχηνότας
1963 1783 2053 1837 καὶ

399 1867 553 1930 θεοὺς
583 1868 903 1943 νομίζοντας
954 1874 1121 1925 ταῦτα
1172 1867 1469 1945 δυσωπήσῃ
1515 1870 1573 1925 ἂν
1623 1869 1811 1934 καλῶς
1858 1871 2052 1934 αὐτοὺς

402 1960 437 2028 ἡ
484 1963 591 2013 τῶν
645 1963 823 2034 μερῶν
876 1959 1015 2035 πρὸς
1060 1957 1284 2029 ἄλληλα
1322 1959 1503 2037 χρεία’
1554 1961 1809 2036 γνωρίζει
1859 1959 1917 2016 δὲ
1962 1962 2052 2016 καὶ

403 2044 660 2120 σημαίνει
688 2047 780 2103 τὸν
812 2047 902 2103 καὶ
930 2048 1104 2104 αὐτῶν
1152 2044 1281 2105 ὄντα
1328 2049 1524 2127 Κύριον
1574 2050 1663 2104 καὶ
1694 2052 1931 2122 ποιητὴν
1963 2052 2055 2106 τὸν

400 2142 497 2191 τοῦ
543 2135 724 2211 Λόγου
772 2138 1004 2214 Πατέρα,
1056 2142 1126 2213 τῇ
1180 2139 1557 2215 ἀναντιρῥήτῳ
1615 2138 1899 2213 προστάξει
1955 2147 2057 2211 τῆς

403 2225 480 2288 εἷς
510 2225 667 2281 αὐτὸν
705 2227 973 2297 ὑπακοῆς,
1074 2249 1205 2306 φησι
1252 2230 1342 2283 καὶ
1372 2231 1485 2303 (54)
1516 2231 1550 2298 ἡ
1582 2229 1697 2284 θεία
1742 2230 2052 2304 νομοθεσία⁶

402 2316 467 2369 Οἱ
543 2314 766 2389 οὐρανοὶ
846 2312 1165 2391 διηγοῦνται
1241 2315 1393 2389 δόξαν
1471 2322 1604 2374 Θεοῦ
1640 2336 1652 2348 ·
1712 2319 1933 2390 ποίησιν
2001 2317 2058 2375 δὲ

403 2408 606 2480 χειρῶν
664 2404 831 2459 αὐτοῦ
888 2403 1216 2481 ἀναγγέλλει
1267 2407 1329 2461 τὸ
1390 2409 1696 2485 στερέωμα.
1756 2408 1942 2471 Πίστις
2002 2407 2059 2463 δὲ

399 2492 607 2548 τούτων
636 2494 736 2549 οῦκ
786 2494 1014 2571 ἀφανὴς,
1066 2492 1213 2550 ἀλλὰ
1240 2496 1329 2550 καὶ
1361 2493 1482 2551 λίαν
1536 2497 1770 2573 ἐναργής
1801 2497 1912 2553 ἐστι
1938 2503 2057 2559 τοῖς

398 2584 491 2638 τὸν
547 2581 827 2660 ὀφθαλμὸν
874 2590 975 2654 τῆς
1020 2583 1255 2647 διανοίας
1308 2588 1384 2660 μή
1436 2588 1611 2657 πάντη
1656 2589 2056 2664 πεπηρωμένον

402 2666 643 2749 ἔχουσιν.
680 2672 743 2727 Εἰ
774 2674 878 2750 γάρ
907 2694 991 2737 τις
1022 2673 1146 2729 καλ’
1191 2676 1351 2730 ἑαυτᾶ
1398 2677 1465 2731 τὰ
1518 2677 1653 2751 μέρη
1698 2684 1801 2747 τῆς
1832 2676 2060 2739 κτίσεως

401 2757 589 2833 λάϐοι,
618 2763 708 2817 καὶ
736 2758 959 2818 ἕκαστον
996 2762 1107 2836 ἰδίᾳ
1153 2768 1363 2836 νοήσει,
1415 2768 1527 2822 οἷον
1578 2764 1739 2835 ἥλιον
1790 2768 1905 2821 καθ’
1936 2768 2056 2822 ἑαυ-

399 2851 491 2907 τὸν
530 2850 717 2924 μόνον,
748 2852 838 2907 καὶ
872 2851 1107 2924 σελήνην
1140 2855 1341 2929 χωρὶς,
1389 2856 1478 2910 καὶ
1533 2862 1637 2930 γῆν
1684 2854 1748 2911 αῦ
1777 2856 1868 2911 καὶ
1909 2853 2057 2929 ἀέρα,

400 2940 491 2995 καὶ
520 2942 621 3009 τήν
655 2941 862 3017 θερμὴν
908 2942 997 2996 καὶ
1030 2944 1268 3018 ψυχρὰν,
1307 2943 1397 2998 καὶ
1430 2944 1593 3019 ξηρὰν
1770 2946 1860 2999 καὶ
1893 2946 2058 3021 ὑγρὰν

406 3029 588 3085 οὐσίαν
621 3027 817 3085 διελὼν
850 3030 955 3085 ἀπὸ
985 3037 1087 3100 τῆς
1108 3032 1243 3107 πρὸς
1278 3029 1503 3103 ἄλληλα
1533 3041 1796 3111 συναφῆς,
1836 3030 2059 3088 ἕκαστον

404 3113 628 3174 ἐκλάϐοι
660 3121 777 3174 καθ’
809 3119 965 3175 ἐαυτὸ
1013 3120 1103 3174 καὶ
1139 3118 1249 3193 ἰδίᾳ
1300 3123 1647 3195 θεωρήσειεν·
1682 3124 1900 3196 εὑρήσει
1930 3124 2061 3177 πάν-

401 3230 510 3271 τως
564 3206 733 3283 μηδέν
767 3208 1119 3283 ἱκανούμενον
1162 3211 1354 3285 ἐαυτῷ,
1404 3209 1550 3266 ἀλλᾶ
1596 3212 1766 3267 πάντα
1810 3219 1913 3281 τῆς
1962 3210 2059 3267 ἀλ-

404 3296 597 3369 λήλων
641 3298 829 3376 χρείας
877 3295 1126 3372 δεόμενα,
1168 3299 1257 3355 καὶ
1303 3306 1425 3362 ταῖς
1473 3302 1599 3377 παρ’
1649 3299 2061 3377 ἀλλήλων

2166 710 2337 765 terris
2358 710 2855 781 habitent.1taque
2874 710 2996 767 haec
3018 728 3053 767 a
3081 709 3250 767 nobis
3271 709 3483 767 discuti
3514 713 3571 766 et
3599 709 3818 766 exami-

2169 798 2296 855 nari
2320 816 2423 871 par
2446 800 2674 857 est.Nec
2705 801 2861 855 enim
2878 800 3081 856 dubito
3104 800 3246 871 quin
3268 800 3328 855 in
3350 799 3443 856 his
3466 815 3702 872 quoque
3722 798 3816 854 ﬁr-

2168 890 2504 945 missimum
2521 889 2867 945 contraillos
2882 894 3299 961 argumentum
3318 890 3605 962 reperturi
3624 890 3816 945 simus

2168 980 2339 1036 Prius
2362 996 2496 1035 vero
2518 978 2765 1052 quamid
2789 980 3076 1053 dispicere
3106 984 3162 1036 et
3195 981 3599 1036 demonstrare
3630 979 3818 1035 ordia-

2168 1087 2324 1135 mur,
2357 1069 2502 1125 satis
2532 1070 2789 1140 profecto
2816 1070 2989 1125 fuerit
3031 1069 3222 1141 ipsam
3281 1085 3477 1125 rerum
3538 1072 3816 1124 naturam

2166 1159 2446 1215 adversus
2476 1157 2607 1213 illos
2639 1158 3059 1230 propemodum
3083 1157 3659 1228 clamare,suumque
3679 1157 3815 1213 effe-

2166 1253 2446 1304 rectorem
2479 1252 2537 1303 et
2566 1250 2862 1302 auctorem
2898 1252 3099 1313 Deum,
3126 1247 3218 1303 sui
3250 1264 3317 1302 ac
3342 1246 3528 1302 totius
3559 1244 3816 1302 universi

2166 1342 2448 1394 rectorem
2482 1336 2714 1393 Domini
2750 1336 2932 1392 nostri
2953 1337 3089 1393 Jesu
3119 1335 3335 1393 Christi
3355 1336 3585 1392 Patrem
3618 1339 3817 1407 aperte

2164 1427 2369 1483 testari
2406 1445 2417 1482 :
2453 1443 2626 1498 quem
2659 1426 2877 1496 injuste
2893 1426 3211 1481 admodum
3244 1425 3517 1493 reiiciunt
3541 1423 3676 1479 falsi
3710 1440 3805 1479 sa-

2165 1517 2415 1589 pientes,
2448 1516 2547 1587 qui
2578 1520 2853 1571 naturam
2886 1516 2956 1571 ab
2986 1515 3115 1587 ipso
3147 1514 3442 1569 conditam
3472 1514 3721 1569 adorant
3750 1517 3807 1568 et

2162 1606 2349 1663 Deum
2385 1605 2899 1678 habentzquamvis
2931 1605 3060 1677 ipsa
3080 1620 3313 1677 quoque
3337 1604 3539 1659 adoret
3558 1606 3615 1659 et
3627 1602 3815 1658 Domi-

2164 1712 2306 1751 num
2340 1696 2900 1767 conﬁteatur,quem
2920 1694 3005 1749 illi
3028 1694 3156 1764 ejus
3182 1710 3361 1749 causa
3390 1690 3811 1764 respuunt.Sa-

2164 1801 2235 1841 ne
2267 1787 2362 1842 21
2400 1788 2688 1857 quotquot
2717 1789 2911 1857 partes
2926 1783 3179 1840 universi
3202 1782 3815 1852 admirantur,easque

2162 1874 2407 1931 totidem
2440 1875 2578 1930 deos
2608 1891 2739 1931 esse
2764 1873 3120 1942 existimant,
3155 1890 3226 1929 ex
3282 1875 3492 1927 mutua
3550 1870 3814 1943 ipsarum

2164 1967 2316 2020 inter
2345 1980 2407 2020 se
2438 1964 2770 2020 necessaria
2798 1980 2905 2035 ope
2925 1962 3197 2035 praeclare
3218 1965 3469 2035 possunt
3488 1957 3816 2031 coarguin

2168 2054 2326 2110 enim
2355 2052 2590 2109 illarum
2624 2053 2941 2109 Dominum
2972 2053 3369 2108 eteﬂ‘ectorem
3391 2049 3559 2107 Verbi
3582 2052 3814 2105 Patrem

2166 2142 2379 2199 invicto
2410 2142 2658 2214 imperio
2687 2148 2745 2199 et
2766 2142 3105 2215 praescripto
3128 2158 3243 2215 quo
3265 2143 3315 2198 ei
3339 2141 3817 2212 obediunt,egre-

2167 2233 2260 2306 gie
2290 2232 2581 2305 signiﬁcat
2606 2236 2663 2288 et
2681 2232 2993 2305 indicat,ut
3021 2232 3199 2288 etiam
3229 2231 3321 2287 lex
3351 2229 3548 2286 divina
3572 2229 3665 2285 his
3687 2245 3813 2285 ver-

2167 2322 2259 2379 bis
2290 2322 2458 2378 docet
2488 2340 2500 2377 :
2538 2323 2686 2379 Caeli
2712 2331 2986 2378 enarrant
3016 2322 3256 2392 gloriam
3287 2322 3389 2377 Dei
3424 2324 3477 2376 et
3504 2335 3666 2391 opera
3695 2335 3814 2378 ma-

2166 2428 2341 2467 nuum
2368 2412 2485 2483 ejus
2504 2413 2816 2468 annuntiat
2837 2413 3270 2483 ﬁrmamentum.
3308 2412 3369 2467 ⁸⁵.
3404 2409 3519 2466 Νθο
3545 2425 3682 2466 vero
3715 2424 3816 2464 oo-

2168 2501 2327 2558 culta
2354 2505 2413 2558 et
2444 2501 2719 2557 abstrusa
2747 2506 2836 2558 est
2864 2501 3044 2571 hujus
3077 2500 3156 2557 rei
3189 2500 3461 2571 fides,sed
3494 2499 3816 2555 admodum

2170 2590 2391 2647 claraet
2402 2591 2711 2663 perspicua
2724 2590 2815 2647 his
2833 2591 2933 2662 qui
2956 2591 3169 2647 mentis
3183 2589 3417 2647 oculum
3440 2606 3556 2645 non
3578 2588 3819 2645 omnino

2169 2681 2523 2737 obcaecatum
2555 2680 2792 2736 habent.
2826 2679 2886 2735 Si
2918 2680 3050 2753 quis
3081 2679 3239 2735 enim
3271 2682 3491 2735 natura;
3521 2680 3718 2749 partes
3748 2676 3823 2732 si-

2170 2769 2421 2843 gillatim
2452 2769 2910 2842 circumspiciat,
2943 2774 3002 2826 et
3032 2768 3298 2841 singulas
3329 2783 3597 2824 seorsum
3628 2764 3821 2822 consi-

2170 2860 2353 2925 deret,
2384 2862 2450 2914 ut
2479 2858 2663 2916 solem
2695 2859 2909 2931 solum,
2941 2859 3029 2915 vel
3061 2858 3247 2915 solam
3278 2857 3503 2925 lunam,
3562 2855 3824 2928 itemque

2170 2953 2389 3004 terram
2420 2953 2477 3004 et
2507 2965 2721 3016 aerem,
2756 2964 2981 3005 necnon
3011 2948 3261 3005 calidam
3297 2964 3364 3004 ac
3396 2946 3690 3017 frigidam,
3716 2943 3825 3000 sic-

2171 3054 2419 3109 camque
2452 3042 2510 3093 et
2538 3038 2848 3094 humidam
2882 3042 3154 3095 naturam
3190 3056 3204 3106 ;
3255 3037 3302 3093 si
3337 3036 3495 3108 quis.
3553 3035 3823 3107 inquam,

2176 3131 2451 3183 mutuam
2485 3144 2681 3183 rerum
2702 3126 2937 3183 illarum
2968 3127 3123 3183 inter
3141 3141 3203 3182 se
3215 3124 3689 3197 conjunctionem
3711 3122 3830 3179 dis-

2175 3216 2381 3283 solvat,
2413 3216 2800 3290 singulasque
2831 3216 3147 3289 separatim
3193 3214 3443 3287 accipiat
3480 3217 3538 3269 et
3565 3217 3826 3269 contem-

2173 3304 2385 3377 pletur;
2419 3304 2646 3362 nullam
2676 3304 2915 3362 omnino
2964 3305 3074 3362 sibi
3138 3304 3253 3377 ipsi
3308 3303 3452 3359 satis
3510 3319 3660 3369 esse,
3722 3302 3827 3357 sed

406 3386 744 3475 ἐπικουρίαις
793 3389 1187 3463 συνιστάμενα.
1242 3388 1436 3453 ’Ἠλιος
1487 3375 1581 3463 μὲν
1633 3393 1737 3465 γὰρ
1793 3396 1872 3463 τῷ
1924 3375 2058 3465 σύμ-

2177 3411 2380 3451 omnes
2413 3399 2621 3450 mutua
2641 3411 2750 3467 ope
2778 3394 3061 3467 indigere,
3096 3394 3326 3466 hocque
3373 3397 3579 3448 mutuo
3609 3390 3826 3447 auxilio

413 3498 573 3532 παντι
624 3476 838 3549 οὐρανῷ
885 3478 1341 3555 συμπεριφέρεται
1386 3478 1475 3534 καί
1525 3479 1929 3557 ἐμπεριέχεται,
1977 3482 2067 3536 καὶ

402 3566 556 3629 ἐκτὸς
588 3574 691 3636 τῆς
724 3566 933 3622 ἐκείνου
981 3564 1351 3645 κυκλοφορίας
1401 3567 1500 3623 οὐκ
1553 3566 1611 3623 ἄν
1654 3590 1787 3624 ποτε
1833 3570 2063 3645 γένοιτο’

402 3656 607 3729 σελήνη
638 3654 696 3712 δὲ
724 3656 919 3713 καὶτὰ
967 3654 1115 3713 ἄλλα
1163 3655 1330 3733 ἄστρα
1389 3663 1722 3735 μαρτυροῦσι
1772 3662 1872 3730 τήν
1922 3664 2069 3735 παρὰ

399 3745 567 3817 ἡλίου
598 3749 941 3823 γιγνομένην
976 3750 1089 3821 (57)
1138 3747 1322 3811 αὐτοῖς
1368 3748 1699 3823 ἐπικουρίαν·
1735 3757 1806 3825 γῆ
1860 3748 1918 3805 δὲ
1962 3752 2065 3805 πά-

400 3834 487 3892 λιν
521 3836 620 3892 οῦκ
670 3833 795 3891 ἄνευ
852 3838 1018 3892 ὑετῶν
1062 3837 1191 3901 τοὺς
1239 3837 1482 3913 καρποὺς
1514 3835 1851 3894 ἀποδιδοῦσα
1889 3841 2067 3918 φαίνε-

400 3929 511 3982 raw
540 3927 594 3982 οἱ
626 3924 697 3982 δὲ
874 3927 1019 3983 ὑετοὶ
1068 3927 1245 4002 χωρὶς
1293 3934 1396 3997 τῆς
1439 3932 1547 3983 τῶν
1587 3927 1828 4008 νεφελῶν
1877 3929 2067 4006 χρείας

404 4015 504 4071 οὐκ
533 4015 592 4071 ἂν
623 4011 916 4071 καταϐαῖεν
952 4014 1041 4071 ἐπὶ
1072 4023 1197 4091 γῆς·
1234 4014 1358 4072 ἀλλ’
1410 4015 1535 4073 οὐδὲ
1581 4018 1713 4097 νέφη
1764 4019 1941 4095 χωρὶς
1970 4024 2069 4075 τοῦ

406 4106 564 4182 ἀέρος
613 4107 732 4160 καθ’
784 4104 947 4160 ἑαυτά
988 4104 1047 4160 ἂν
1100 4105 1291 4183 φανείη
1342 4108 1433 4161 καὶ
1484 4106 1707 4179 συσταίη
1761 4109 1912 4163 ποτέ.
1945 4111 2070 4164 Ὅτε

405 4194 511 4269 ἆήρ
541 4192 648 4271 οὐχ
697 4194 784 4273 ὑφ’
814 4194 1037 4265 ἑαυτοῦ,
1072 4193 1195 4251 ἀλλ’
1245 4196 1347 4250 ὑπὸ
1401 4197 1495 4270 μὲν
1548 4199 1661 4271 (59)
1708 4202 1805 4253 τοῦ
1854 4198 2067 4275 αἰθέρος

405 4281 725 4354 διακαίεται,
778 4284 880 4339 ὑπὸ
930 4281 988 4338 δὲ
1026 4288 1124 4339 τοῦ
1168 4284 1335 4353 ἡλίου
1383 4284 1881 4360 καταλαμπόμενος
1922 4287 2065 4361 λαμ-

402 4372 657 4450 πρύνεται
695 4418 707 4431 .
764 4374 865 4429 Καὶ
924 4372 1099 4449 πηγαί
1162 4374 1257 4446 μὲν
1328 4374 1418 4429 καὶ
1488 4377 1729 4449 ποταμοὶ
1789 4377 1888 4433 οὐκ
1944 4375 2067 4433 ἄνευ

396 4469 501 4533 τῆς
551 4469 658 4539 γῆς
711 4460 1072 4533 συστήσονταί
1126 4481 1294 4517 ποτε·
1349 4469 1420 4538 γῆ
1474 4461 1531 4518 δὲ
1579 4462 1678 4519 οῦκ
1725 4466 1813 4543 ἀφ’
1870 4467 2066 4537 ἑαυτῆς

401 4550 708 4629 ἐρήρεισται
740 4554 873 4626 (60),
909 4549 1035 4607 ἀλλ’
1066 4549 1155 4606 ἐπὶ
1187 4552 1281 4622 μὶν
1309 4553 1409 4622 τήν
1451 4556 1561 4607 τῶν
1618 4551 1825 4610 ὑδάτων
1880 4555 2064 4611 οὐσίαν

400 4642 742 4711 συνέστηκεν,
777 4638 1161 4717 ἐμπεριέχεται
1209 4639 1267 4696 δὲ
1314 4642 1407 4697 καὶ
1461 4640 1593 4713 αὕτη
1630 4645 1765 4699 κατά
1806 4646 1868 4699 τὸ
1903 4647 2063 4718 μέσον

2177 3484 2497 3541 consistere
2525 3483 2802 3541 inveniet.
2836 3483 2933 3541 Sol
2992 3483 3149 3541 enim
3202 3500 3320 3539 una
3376 3498 3512 3538 cum
3553 3481 3826 3538 universo

2177 3573 2320 3630 coelo
2350 3574 2763 3630 circumfertur
2790 3590 2975 3645 eoque
3009 3573 3364 3640 continetur,
3422 3587 3529 3627 nec
3558 3586 3825 3643 unquam

2176 3666 2339 3721 extra
2367 3661 2667 3736 proprium
2692 3662 2977 3718 circulum
3012 3650 3510 3735 egreditur.Luna
3536 3676 3672 3716 vero
3689 3658 3830 3715 alia-

2178 3769 2291 3825 que
2322 3755 2794 3824 astra,quantum
2826 3768 2894 3808 ex
2922 3751 3044 3807 sole
3073 3749 3588 3823 pendeant,palam
3606 3752 3829 3805 testan-

2176 3842 2541 3897 tur.Terram
2576 3857 2809 3913 quoque
2840 3840 2966 3897 sine
2980 3839 3192 3913 pluviis
3206 3839 3430 3895 fructus
3444 3836 3639 3894 nullos
3660 3837 3829 3893 edere

2178 3929 2497 3987 cernimus.
2533 3930 2758 3985 Rursus
2788 3929 2999 4001 pluviae
3030 3929 3159 3986 sine
3188 3928 3438 3986 nubium
3471 3925 3736 3984 subsidio
3767 3926 3828 3982 in

2178 4023 2391 4076 terram
2427 4018 2693 4075 decidere
2723 4036 2838 4075 non
2869 4018 3318 4092 queunt.Nubes
3335 4021 3531 4074 autem
3555 4016 3682 4073 sine
3699 4031 3829 4071 aere

2179 4124 2283 4182 per
2313 4125 2375 4164 se
2395 4107 2716 4164 consistere
2742 4125 3047 4181 nunquam
3076 4108 3301 4164 videas.
3342 4108 3449 4163 Aer
3475 4106 3616 4162 item
3648 4120 3766 4162 non
3796 4122 3831 4161 a

2181 4197 2376 4270 seipso
2397 4198 2497 4252 sed
2531 4197 2604 4252 ab
2638 4197 2850 4254 aethere
2879 4197 3155 4267 calorem,
3178 4201 3236 4253 et
3260 4196 3459 4252 lumen
3492 4212 3525 4251 a
3556 4195 3678 4251 sole
3698 4210 3829 4251 mu-

2176 4286 2519 4343 tuatur.Nec
2549 4286 2725 4342 etiam
2761 4289 2951 4343 fontes
2982 4302 3088 4343 nec
3110 4285 3272 4342 fluvii
3304 4288 3532 4341 remota
3547 4287 3704 4341 terra
3726 4300 3830 4356 per

2178 4375 2406 4448 seipsos
2436 4378 2724 4432 constant.
2759 4375 2875 4432 Nec
2904 4378 3059 4430 terra
3108 4390 3170 4430 se
3198 4391 3306 4430 sua
3360 4374 3415 4428 vi
3476 4372 3662 4439 fulcit,
3722 4374 3825 4429 sed

2177 4481 2467 4537 aquarum
2490 4468 2699 4520 natura
2719 4464 3248 4535 sustinetur,atque
3271 4463 3328 4517 in
3357 4460 3548 4517 medio
3570 4460 3827 4518 universi

2177 4553 2495 4610 constricta
2521 4557 2755 4608 tenetur
2781 4568 2846 4608 ac
2867 4550 3503 4607 circumsidetur.Mare
3532 4548 3825 4619 similiter,

2177 4642 2398 4715 quique
2431 4640 2763 4697 universam
2795 4646 3011 4697 terram
3044 4639 3407 4695 extrinsecus
3446 4637 3711 4710 undique
3740 4638 3826 4693 al-

403 4727 710 4787 συνδεθεῖσα
754 4734 851 4785 τοῦ
894 4730 1115 4794 παντός.
1168 4733 1237 4785 Ἥ
1284 4752 1344 4786 τε
1391 4729 1635 4788 θάλασσα
1680 4733 1831 4790 καὶὸ
1872 4732 2058 4805 ἔξωθεν

2176 4732 2289 4789 luit
2316 4746 2569 4803 magnus
2593 4746 2871 4799 oceanus,
2902 4746 2936 4785 a
2956 4729 3146 4785 ventis
3212 4732 3481 4785 movetur
3527 4730 3585 4784 et
3639 4727 3827 4784 fertur

477 4857 521 4894 ¹⁵
548 4856 702 4915 Psal.
732 4874 897 4926 xvm,
926 4859 984 4913 2.

401 4981 804 5068 athanasius,
825 4987 892 5040 ut
921 4984 1257 5058 complures
1288 4984 1410 5055 alii,
1469 4988 1728 5045 mentem
1758 4986 1831 5043 ab
1861 4988 2063 5046 anima

401 5055 834 5128 distinguebat.
1057 5055 1075 5058 ’

403 5196 445 5211 ἢ
472 5125 589 5211 (59)
617 5127 859 5211 Seguer.
892 5127 1124 5211 Gobler.
1154 5127 1410 5211 Felclim,
1445 5130 1471 5184 1
1507 5145 1682 5211 anon.
1714 5130 1943 5211 Anglic.
1974 5128 2058 5186 τό.

403 5196 749 5284 ‘Pa‘ulopost
774 5196 1454 5284 aﬁioy.Seguerz_gobler.
1506 5199 1764 5258 Felckm.
1806 5196 1845 5259 ’1
1883 5219 2057 5260 anon.

400 5267 633 5327 habent
651 5272 744 5324 οὖν
784 5312 796 5326 .
821 5267 933 5327 Alii
963 5267 1099 5328 cum
1129 5270 1324 5341 editis,
1359 5267 1436 5327 δέ.

475 5340 850 5417 (51)(Ξοδὶειι.
883 5345 941 5399 et
967 5343 1516 5417 Felokmttanonq
1577 5340 1732 5417 Πλήν
1794 5341 1851 5400 δὲ
1908 5346 2057 5417 ἡμᾶς

401 5408 721 5499 ἐπέξεζνεεει
747 5414 874 5472 ead.
906 5431 1089 5473 manu
1118 5414 1441 5499 in_G_o_b_ler.
1592 5408 1741 5490 πρίν.

473 5484 588 5559 (52)
620 5485 716 5544 Sic
748 5502 954 5545 omnes
985 5504 1129 5546 mss.
1189 5487 1342 5545 Editi
1397 5484 1645 5558 autém,‘
1676 5486 1767 5543 καί
1797 5492 1898 5558 τῆς
1926 5485 2058 5544 ταύ-

399 5573 584 5701 τηίέἆ)
615 5627 838 5702 Seguer
864 5627 1095 5688 Gobler.
1128 5634 1188 5687 et
1228 5628 1482 5687 Felckm.
1541 5632 1565 5686 1
1611 5647 1811 5699 anon.,
1854 5627 2058 5685 δοκισί-

398 5717 580 5783 σρφοι,
614 5701 768 5783 utet
794 5701 982 5783 infra:
1002 5702 1114 5759 Sed
1146 5703 1427 5783 mendum
1458 5708 1550 5783 est
1578 5719 1648 5759 ex
1704 5702 2054 5783 pronuntia-

399 5772 557 5831 tione
587 5776 808 5830 ortum.
843 5773 1074 5832 Gobler.
1106 5778 1166 5833 et
1196 5772 1451 5833 Felckm.
1487 5776 1514 5831 1
1550 5772 1725 5834 anon:
1788 5792 1922 5833 mox
1954 5774 2055 5833 ha-

400 5844 544 5903 bent
572 5842 891 5922 γινομένην.

615 5864 891 5915 ινομενην.

2242 4984 2356 5054 (54)
2388 4980 2485 5054 Καί
2517 4981 2685 5054 abest
2711 4979 2951 5054 aBasil.
2975 4978 3289 5054 gnglicet
3308 4976 3565 5035 Felckm.
3587 4980 3623 5032 2
3644 4994 3820 5035 anon.

2240 5049 2354 5129 (55)
2385 5052 2485 5109 Καὶ
2516 5049 2945 5129 ξηρᾶνμοοβειῄρ.
2974 5049 3230 5129 Felckm.
3329 5066 3505 5129 anon;

2242 5118 2697 5200 Ταῖς’παρ’
2753 5120 3021 5200 ἀλλήλων
3081 5124 3298 5179 desunt
3352 5121 3410 5176 in
3469 5118 3702 5200 Gobler.
3763 5121 3821 5175 et

2171 5188 2428 5272 Felck'm.
2464 5200 2487 5253 1
2525 5188 2699 5253 anou.
2727 5188 2940 5272 _Paulo
2998 5200 3131 5268 post
3177 5211 3293 5272 pro.
3335 5188 3814 5272 συμπεριφέρεται,

2168 5242 2487 5329 iusim
2510 5242 2699 5343 ξιῑςςιῖ·
2727 5242 2937 5323 διῇξεν
2960 5242 3702 5343 σιμιέρῖφοῖίνέττάιῑεδει..
3762 5242 3819 5318 ei

2166 5339 2807 5417 Αηεὶὶοεπεριφέρεται.-
2886 5410 2977 5417 ___
3072 5411 3083 5417 _
3212 5339 3220 5343 ’
3693 5404 3732 5417 ν

2242 5402 2359 5489 (57)
2383 5414 2476 5471 Sic
2500 5402 2634 5487 'se'gl
2668 5410 2832 5470 Gobl.
2886 5410 3002 5468 Fel.
3064 5411 3220 5465 lan.
3281 5407 3393 5463 Alii
3449 5422 3585 5463 cum
3642 5402 3816 5461 editis

2166 5506 2488 5563 γενομενην.
3620 5524 3621 5527 η

2237 5560 2351 5636 (ἒξ)
2378 5560 2599 5636 seguer
2629 5554 2857 5636 Gobler.
2893 5553 3154 5636 Eelckm.
3199 5552 3225 5606 1
3260 5566 3435 5607 anon.
3470 5545 3616 5604 οὑδέ.

2258 5626 2349 5687 59)
2383 5626 2489 5685 Μέῦ
2519 5630 2683 5686 deest
2712 5629 2771 5683 in
2803 5626 2977 5682 Basil.

2256 5690 2346 5769 60)
2373 5699 2603 5759 Gobler.
2638 5700 2895 5756 Felckm.
2932 5699 2952 5750 1
2991 5710 3162 5769 anon.
3213 5690 3477 5769 ἐρείρεται
3528 5690 3677 5769 forte
3707 5702 3811 5759 pro

2234 5712 2346 5775 (60)
2373 5712 2603 5759 Gobler.
2638 5712 2895 5756 lt‘elclim.
2932 5712 2952 5750 1
2991 5712 3162 5749 anon.
3213 5712 3477 5820 agapen“
3528 5712 3677 5746 Ione
3707 5712 3811 5759 pro

2164 5771 2445 5850 ἐρείδεται.
2496 5772 2682 5850 Paulo
2731 5774 2864 5847 post
2922 5766 3176 5827 Felckm.
3303 5781 3477 5823 anon.
3538 5759 3671 5829 αὐτή
3706 5773 3812 5833 pro

2164 5842 2302 5918 αὕτη
2337 5846 2531 5903 habet.
2646 5864 2653 5871 °
2732 5842 2750 5847 ⁷
2954 5856 2971 5862 ’

2234 5562 2254 5775 ἕ

2329 5561 2351 5775 ἔ
