4160 6396
297 444 376 506 55
839 445 907 508 S.
953 444 1387 513 ATHANASII
1430 448 1606 513 OPP.
1651 447 1857 513 PARS
1901 448 1950 513 Ι.
1985 481 2063 496 -—
2093 448 2515 515 HISTORIGA
2558 450 2660 514 ET
2702 446 3185 516 DOGMATICA.
3645 453 3726 521 56

297 599 655 658 quocunque
681 581 771 641 vis
801 582 1035 641 illorum
1068 582 1392 657 impulerit.
1442 584 1519 641 Isi
1569 601 1741 659 porro
1795 585 1949 642 venti

2065 583 2367 661 περιῤῥέων
2416 585 2515 653 τήν
2583 582 2866 659 σύμπασαν
2919 592 3024 661 γῆν
3091 585 3261 661 μέγας
3319 582 3557 649 ὠκεανὸς
3618 586 3724 644 ὑπὸ

302 691 419 750 non
448 691 552 748 per
580 674 828 747 seipsos,
854 675 977 743 sed,
1005 678 1071 731 ut
1095 676 1308 733 docent
1324 676 1425 748 qui
1444 675 1565 733 haec
1594 679 1949 745 tractant,ex

2065 673 2280 748 ἀνέμων
2330 679 2557 729 κινεῖται
2606 674 2698 730 καὶ
2747 676 2965 753 φέρεται
3021 673 3146 730 ὅποι
3179 672 3226 731 δ’
3258 674 3318 729 ἂν
3358 674 3518 731 αὐτὸν
3549 679 3584 746 ἡ
3616 681 3726 733 τῶν

297 765 505 822 ardore
526 769 584 821 et
614 764 804 822 calore
835 766 945 822 orti
969 782 1145 839 quem
1169 765 1240 822 ab
1271 765 1483 823 aethere
1512 782 1612 822 aer
1636 766 1862 838 recipit,
1888 765 1948 822 in

2065 763 2276 837 ἀνέμων
2326 767 2644 841 προσρήσσῃ
2693 766 2804 839 (61)
2841 763 2951 840 βία.
3002 765 3103 819 Καὶ
3146 762 3300 820 αὐτοὶ
3350 763 3409 821 δὲ
3448 768 3501 821 οἱ
3531 763 3723 841 ἄνεμοι

296 853 428 929 ipso
461 870 594 911 aere
624 854 1048 920 consistunt,ac
1080 872 1185 928 per
1211 871 1348 912 eum
1381 856 1526 912 ﬂant
1558 854 1950 929 ubique.Nam

2065 852 2160 909 οὐκ
2189 852 2241 909 έν
2274 854 2508 925 ἑαυτοῖς,
2542 852 2709 923 ἀλλὰ,
2738 855 2875 910 κατὰ
2896 852 3026 917 τοὺς
3054 854 3179 930 περὶ
3206 852 3415 910 τούτων
3450 856 3720 930 εἰπόντας,

308 946 465 1018 quod
496 945 567 1000 ad
598 948 851 1017 quatuor
872 943 1163 1001 elementa
1178 944 1666 1018 pertinet,nempe
1696 945 1952 1001 calidum

2067 941 2126 998 έκ
2178 949 2280 1013 τῆς
2326 944 2464 1020 πρὸς
2513 944 2605 999 τὸν
2661 944 2791 1020 ἀέρα
2835 948 2931 999 τοῦ
2979 942 3195 1020 αἰθέρος
3247 940 3580 1008 διακαύσεως
3631 945 3724 1001 καὶ

297 1038 354 1090 et
387 1033 687 1106 frigidum,
720 1033 942 1091 siccum
966 1037 1024 1090 et
1055 1034 1390 1102 humidum,
1425 1050 1493 1091 ex
1512 1034 1729 1108 quibus
1755 1051 1953 1107 corpo—

296 1140 431 1181 rum
462 1126 675 1181 natura
699 1123 1092 1196 componitur,
1126 1124 1260 1199 quis
1289 1125 1435 1181 adeo
1492 1130 1690 1181 mente
1744 1133 1950 1197 captus

297 1217 405 1282 est,
441 1216 506 1269 ut
530 1212 756 1271 nesciat
784 1213 909 1270 haec
939 1213 1119 1270 simul
1149 1214 1388 1287 quidem
1419 1214 1735 1286 conjuncta
1763 1214 1951 1270 consi-

298 1307 474 1368 stere,
511 1302 702 1361 divisa
728 1319 864 1359 vero
893 1306 951 1360 et
988 1308 1260 1376 separata
1301 1304 1431 1375 jam
1480 1319 1609 1359 sese
1665 1302 1936 1369 invicem,

297 1395 473 1464 prout
503 1392 781 1465 quodque
841 1392 1113 1464 superius
1164 1392 1357 1463 fuerit,
1407 1392 1729 1449 destruere.
1783 1391 1956 1449 Calor

296 1482 453 1537 enim
488 1481 859 1537 redundante
888 1480 1103 1554 frigore
1132 1481 1545 1555 exstinguitur:
1582 1480 1951 1555 frigusvicis-

295 1571 410 1626 sim
439 1571 496 1625 vi
527 1570 739 1628 caloris
768 1571 1087 1628 evanescit.
1127 1570 1379 1628 Siccitas
1440 1588 1649 1627 rursus
1706 1571 1954 1628 humore

293 1660 571 1717 madeﬁt:
600 1665 659 1716 et
686 1660 905 1717 humor
934 1660 1194 1717 siccitate
1226 1660 1593 1717 exhauritur.

2063 1031 2399 1106 θερμότητος
2450 1032 2502 1088 ἐν
2563 1032 2710 1105 αὐτῷ
2765 1038 2844 1106 τῷ
2903 1034 3019 1108 ἀέρι
3064 1031 3404 1089 συνίστανται
3437 1081 3453 1107 ,
3502 1035 3593 1090 καὶ
3654 1031 3726 1089 δι’

2064 1121 2227 1177 αὐτοῦ
2271 1128 2553 1199 πανταχοῦ
2610 1123 2863 1180 πνέουσι.
2925 1123 3056 1198 Περὶ
3119 1125 3224 1200 γάρ
3282 1127 3391 1178 τῶν
3450 1125 3722 1199 τεσσάρων

2063 1212 2377 1289 στοιχείων,
2429 1212 2481 1284 ἐξ
2527 1211 2599 1268 ῶν
2656 1213 2748 1268 καὶ
2805 1213 3124 1283 συνέστηκεν
3184 1215 3220 1282 ἡ
3278 1217 3386 1268 τῶν
3449 1214 3718 1287 σωμάτων

2063 1301 2244 1380 φύσις,
2275 1304 2376 1371 τὴν
2410 1304 2524 1377 (62)
2563 1303 2768 1377 θερμὴν
2799 1300 2949 1378 λέγω
2992 1302 3083 1357 καὶ
3129 1303 3230 1371 τὴν
3283 1304 3519 1380 ψυχρὰν,
3551 1303 3717 1374 ξηοάν

2060 1412 2118 1447 τε
2165 1392 2255 1446 καὶ
2309 1392 2473 1467 ὑγρὰν
2529 1391 2737 1463 οὐσίαν,
2768 1392 2853 1454 τίς
2900 1396 3157 1448 τοσοῦτον
3207 1391 3576 1466 ἀπέστραπται
3622 1394 3724 1461 τὴν

2063 1478 2326 1551 διάνοιαν,
2360 1480 2500 1541 ὥστε
2546 1483 2620 1556 μή
2674 1479 2894 1553 εἰδέναι,
2939 1480 3021 1537 ὅτι
3072 1482 3214 1555 ὁμοῦ
3266 1480 3360 1555 μὶν
3406 1483 3725 1555 συνημμένα

2060 1574 2230 1625 ταῦτα
2284 1570 2623 1626 συνίστανται
2677 1572 2839 1645 (63),
2899 1567 3250 1647 διαιρούμενα
3321 1566 3379 1625 δὲ
3454 1591 3542 1624 και
3604 1572 3723 1626 καθ’

2064 1660 2225 1715 ἑαυτὰ
2252 1660 2535 1734 γινόμενα,
2570 1659 2760 1716 λοιπὸν
2799 1658 2889 1715 καί
2925 1658 3195 1731 ἀλλήλων
3244 1659 3375 1715 εἰσὶν
3409 1659 3723 1737 ἀναιρετικὰ

292 1751 462 1803 ταῦτα
484 1749 621 1803 κατὰ
647 1749 746 1818 τήν
776 1753 874 1804 τοῦ
906 1747 1304 1818 πλεονάζοντος
1332 1747 1384 1803 έν
1414 1748 1599 1812 αὐτοῖς
1630 1746 1971 1825 ἐπικράτειαν
2002 1768 2016 1818 ;
2049 1749 2257 1825 Θερμόν
2289 1770 2347 1805 τε
2398 1750 2501 1825 γὰρ
2553 1750 2655 1805 ὑπὸ
2685 1753 2902 1826 ψυχροῦ
2950 1747 3351 1812 πλεονάσαντος
3399 1748 3718 1824 ἀναιρεῖται-

296 1837 387 1892 καὶ
417 1838 626 1915 ψυχρὸν
660 1836 824 1893 πάλιν
856 1838 959 1893 ὑπὸ
987 1845 1090 1908 τῆς
1118 1840 1327 1914 θερμῆς
1362 1837 1668 1913 ἀφανίζεται
1712 1836 2013 1913 δυνάμεως·
2067 1838 2228 1915 ξηρόν
2282 1859 2342 1895 τε
2390 1836 2454 1894 αὖ
2509 1840 2611 1894 ὑπὸ
2649 1843 2747 1894 τοῦ
2800 1840 2968 1915 ὑγροῦ
3017 1836 3405 1914 διυγραίνεται,
3437 1839 3529 1894 καὶ
3557 1844 3719 1896 τοῦτο

300 1926 402 1982 ὑπὸ
430 1931 526 1982 τοῦ
557 1927 742 2005 ἑτέρου
773 1929 1104 2004 ξηραίνεται.

366 2019 458 2075 28.
489 2018 597 2083 Qui
623 2018 804 2093 igitur
833 2018 961 2075 ﬁeri
1000 2022 1196 2092 potest
1231 2022 1296 2076 ut
1325 2036 1419 2076 res
1449 2018 1560 2076 illae
1604 2019 1685 2076 dii
1707 2018 1947 2087 fuerint,

2126 2020 2214 2075 28.
2250 2021 2375 2080 Πῶς
2409 2014 2504 2072 οὖν
2535 2022 2702 2073 ταῦτα
2754 2017 2812 2072 ἂν
2865 2020 2978 2092 (64)
3024 2017 3126 2072 εἷεν
3176 2016 3289 2072 θεοὶ
3341 2014 3574 2091 δεόμενα
3616 2023 3723 2086 τῆς

297 2124 428 2180 quae
455 2112 658 2165 mutua
683 2125 791 2181 ope
821 2109 1088 2182 indigent
1114 2109 1143 2165 ?
1170 2109 1259 2166 vel
1293 2126 1409 2183 quo
1430 2113 1594 2183 paots
1627 2109 1849 2183 aliquid
1876 2109 1949 2166 ab

297 2197 383 2255 eis
408 2202 603 2271 petere
633 2215 974 2271 possumus,
1006 2216 1134 2273 qum
1184 2203 1456 2256 mutuam
1514 2199 1654 2273 ipsae
1710 2198 1952 2271 exigunt

303 2287 572 2358 operam?
582 2286 845 2359 Namque
859 2286 910 2344 si
922 2287 1191 2344 omnium
1209 2302 1496 2345 consensu
1512 2291 1744 2344 constat
1764 2287 1946 2344 Deum

296 2374 459 2432 nulla
488 2392 552 2433 re
580 2375 862 2450 indigere,
898 2377 1000 2435 sed
1031 2376 1225 2433 solum
1258 2377 1371 2433 sibi
1418 2376 1563 2434 satis
1610 2393 1740 2434 esse
1769 2392 1949 2451 seque

296 2464 425 2539 ipso
456 2464 698 2539 plenum
729 2482 879 2538 esse,
911 2465 1227 2539 omniaque
1256 2467 1317 2523 in
1348 2467 1449 2524 illo
1482 2466 1948 2537 consistere,imo

299 2552 498 2628 ipsum
528 2555 807 2613 omnibus
837 2557 977 2613 dare
1024 2561 1091 2612 ut
1144 2556 1473 2614 consistant
1500 2574 1513 2612 :
1543 2574 1678 2629 qua,
1726 2572 1946 2629 quasso,

300 2642 525 2700 ratione
554 2643 738 2701 solem
768 2644 1042 2702 etlunam
1074 2643 1338 2718 aliasque
1356 2649 1561 2703 creatas
1583 2650 1807 2702 naturas
1822 2661 1952 2717 par-

300 2734 412 2800 tes,
444 2749 571 2805 quae
601 2733 750 2790 tales
779 2735 982 2807 utique
1010 2751 1128 2791 non
1156 2738 1316 2803 sunt,
1350 2735 1453 2792 sed
1494 2740 1702 2793 mutuo
1731 2732 1947 2792 auxilio

305 2836 454 2892 opus
499 2820 739 2889 habent,
773 2823 913 2880 deos
941 2821 1236 2896 appellare
1266 2841 1501 2896 aequum
1531 2828 1621 2881 est
1647 2825 1674 2880 ?
1706 2827 1773 2881 At
1800 2825 1949 2881 forte

297 2908 486 2967 divisa
512 2910 701 2977 illa_et
728 2912 974 2969 seorsim
997 2917 1239 2986 sumpta
1257 2913 1663 2988 aliisindigere
1686 2914 1950 2972 fatebun-

297 3003 417 3072 tur,
448 3001 604 3073 quod
633 3000 692 3057 in
723 3000 989 3059 omnium
1019 3001 1207 3059 oculis
1237 3007 1433 3077 pateat
1470 3022 1483 3061 :
1515 3020 1719 3060 verum
1751 3005 1951 3061 omnia

299 3090 477 3161 simul
510 3092 932 3164 conjungentes
972 3108 1041 3148 ac
1066 3091 1225 3149 velut
1253 3109 1439 3149 unum
1497 3093 1706 3166 ingens
1735 3110 1951 3167 corpus

302 3197 373 3238 ex
390 3180 485 3238 his
515 3184 1162 3254 componentes,totum
1191 3181 1339 3240 illud
1360 3182 1545 3239 Deum
1563 3200 1691 3240 esse
1717 3200 1951 3257 respon-

299 3270 544 3328 debunt.
581 3271 681 3329 22
714 3270 860 3328 Toto
891 3271 1108 3344 quippe
1141 3271 1479 3340 constituto,
1502 3271 1665 3329 nulla
1694 3272 1949 3347 amplius

2060 2108 2187 2184 παρ’
2227 2107 2423 2181 ἑτέρων
2473 2105 2787 2183 ἐπικουρίας
2821 2125 2836 2175 ;
2868 2107 2904 2176 ἢ
2955 2110 3075 2169 πῶς
3119 2107 3266 2182 παρὰ
3310 2105 3519 2161 τούτων
3561 2106 3727 2161 αἰτεῖ-

2058 2194 2177 2251 σθαί
2224 2218 2279 2252 τι
2325 2199 2613 2273 προσήκει,
2659 2197 2750 2251 καὶ
2793 2194 2971 2251 αὐτῶν
3024 2195 3395 2251 ἀπαιτούντων
3440 2196 3569 2271 παρ’
3620 2192 3718 2250 ἀλ-

2059 2282 2251 2355 λήλων
2281 2287 2381 2356 τὴν
2426 2286 2502 2348 εἷς
2537 2286 2699 2341 ἑαυτὰ
2736 2285 2928 2361 χρείαν
2963 2305 2976 2355 ;
3012 2284 3074 2341 Εἰ
3096 2286 3201 2362 γὰρ
3232 2284 3356 2361 περὶ
3387 2290 3522 2341 Θεοῦ
3549 2284 3717 2360 λόγος

2059 2372 2169 2431 ἐστὶ
2203 2371 2438 2449 μηδενὸς
2491 2374 2649 2429 αὐτὸν
2703 2372 2890 2444 ἐπιδεῆ
2944 2373 3101 2445 εἶναι,
3152 2372 3279 2429 ἀλλ’
3324 2373 3567 2448 αὐτάρκη
3616 2375 3706 2430 καὶ

2057 2461 2248 2542 πλήρη
2302 2464 2514 2536 ἑαυτοῦ,
2562 2462 2652 2519 καὶ
2703 2463 2755 2519 ἐν
2787 2463 2935 2536 αὐτῷ
2962 2465 3029 2518 τὰ
3065 2464 3241 2519 πάντα
3288 2466 3541 2535 συστήκει
3573 2467 3707 2538 (65),

2055 2552 2145 2608 καὶ
2180 2550 2393 2627 μᾶλλον
2427 2552 2585 2609 αὐτὸν
2613 2557 2730 2615 τοῖς
2752 2558 2912 2608 πᾶσιν
2938 2549 3259 2608 ἐπιδιδόναι·
3293 2558 3411 2617 πῶς
3434 2552 3595 2623 ἥλιον
3619 2554 3708 2609 καὶ

2056 2640 2313 2713 σελήνπν,
2344 2643 2434 2698 καὶ
2461 2643 2527 2699 τά
2549 2640 2695 2699 ἄλλα
2720 2643 2857 2718 μέρη
2879 2650 2982 2713 τῆς
3010 2643 3239 2706 κτίσεως
3260 2642 3361 2700 οὐκ
3386 2638 3511 2699 ὅντα
3529 2647 3709 2699 τοιαῦ-

2054 2753 2140 2805 τα,
2175 2730 2322 2787 ἀλλὰ
2349 2732 2439 2786 καὶ
2612 2732 2681 2788 τὰ
2710 2729 3011 2807 λειπόμενα
3052 2738 3153 2803 τῆς
3195 2729 3461 2804 ἀλλήλων
3494 2733 3705 2810 χρείας,

2056 2819 2401 2896 ἀναγορεύειν
2448 2817 2593 2892 ἄξιον
2639 2820 2794 2884 θεούς
2828 2848 2843 2892 ;
2877 2818 3036 2877 Ἀλλ’
3066 2818 3198 2884 ἴσως
3231 2819 3586 2898 διαιρούμενα
3618 2822 3711 2895 μὲν

2056 2912 2146 2967 καὶ
2180 2911 2298 2966 καθ’
2346 2910 2510 2966 ἑαυτὰ
2557 2905 2967 2984 λαμϐανόμενα,
3019 2907 3205 2981 ἐπιδεῆ
3254 2910 3388 2965 εἶναι
3439 2910 3574 2966 αὐτὰ
3621 2910 3712 2966 καὶ

2058 3000 2212 3056 αὐτοὶ
2256 2997 2716 3075 συνομολογοῦσι,
2764 3006 2869 3070 τῆς
2916 2997 3241 3071 ἀποδείξεως
3294 2998 3377 3055 ἐπ’
3409 2998 3706 3077 ὀφθαλμῶν

2059 3086 2247 3161 οὔσηςσ
2300 3090 2445 3163 ὁμοῦ
2487 3086 2545 3145 δὲ
2590 3091 2768 3145 πάντα
2817 3088 3193 3164 συνάπτοντες,
3240 3090 3332 3145 καὶ
3376 3089 3451 3152 ὡς
3495 3091 3609 3163 (67)
3653 3088 3711 3145 ἓν

2060 3178 2454 3244 ἀποτελοῦντες
2490 3182 2631 3256 μέγα
2663 3183 2846 3254 σῶμα,
2874 3181 2938 3236 τὸ
2968 3179 3099 3237 ὅλον
3132 3180 3258 3237 Θεὸν
3292 3178 3425 3236 εἶναι
3455 3182 3709 3258 φήσουσι.

2062 3270 2363 3333 Συστάντος
2411 3270 2515 3345 γὰρ
2564 3274 2662 3325 τοῦ
2710 3268 2867 3342 ὅλου,
2920 3268 3020 3324 οὐκ
3048 3266 3128 3324 ἔτι
3161 3267 3255 3342 μὲν
3302 3262 3490 3341 ἔξωθεν
3527 3267 3715 3332 αὐτοῖς

300 3376 363 3417 re
389 3364 628 3417 externa
657 3359 776 3418 illis
803 3376 953 3433 opus
982 3360 1093 3417 erit
1123 3361 1225 3418 sed
1253 3364 1444 3418 totum
1499 3362 1611 3419 sibi
1644 3363 1716 3419 ad
1749 3363 1948 3420 omnia

2065 3359 2222 3437 χρεία
2250 3360 2559 3434 γενήσεται·
2591 3358 2766 3433 ἑαυτῷ
2797 3354 2855 3414 δὶ
2878 3355 2942 3414 τὸ
2974 3355 3103 3413 ὅλον
3137 3357 3319 3413 ἱκανὸν
3340 3355 3432 3414 καί
3455 3354 3713 3433 αὔταρκες

298 3449 444 3507 satis
473 3450 583 3506 erit
609 3453 667 3506 et
697 3449 969 3506 sufﬁciet.
1001 3449 1154 3518 Haec,
1186 3451 1456 3530 inquam,
1505 3451 1773 3509 eﬂ‘utient
1812 3452 1947 3509 falsi

303 3538 621 3612 sapientes.
655 3542 721 3595 ut
745 3554 957 3612 nempe
982 3538 1092 3595 hac
1123 3539 1299 3596 etiam
1316 3557 1386 3598 ex
1414 3544 1579 3613 parte
1608 3541 1839 3614 possint
1868 3557 1954 3599 re-

302 3628 534 3702 dargui.
566 3628 716 3685 Nam
739 3644 808 3684 ex
836 3628 947 3687 hoc
977 3643 1261 3701 responso
1292 3646 1406 3687 non
1439 3630 1639 3687 minus
1674 3647 1853 3703 quam
1884 3648 1951 3687 ex

304 3717 401 3774 his
430 3733 558 3790 qua:
587 3732 768 3789 supra
798 3715 953 3773 dicta
978 3721 1140 3790 sunt,
1171 3734 1471 3776 summam
1512 3734 1716 3776 eorum
1742 3719 1948 3792 impie-

300 3809 420 3864 tem
453 3810 630 3878 atque
656 3805 952 3863 inscitiam
974 3806 1379 3864 demonstrare
1400 3806 1622 3865 licet.Si
1643 3808 1802 3865 enim
1824 3810 1951 3866 sin-

300 3895 452 3970 gula
483 3899 680 3968 partes
709 3894 886 3951 simul
909 3897 1231 3968 conjunctae
1243 3900 1433 3954 totum
1445 3897 1954 3970 efﬂeiunt,totum-

304 4000 420 4058 que
451 3984 648 4058 ipsum
680 4001 748 4040 ex
772 3983 1022 4058 singulis
1052 3985 1320 4058 partibus
1345 3988 1751 4059 componitur;
1773 3988 1955 4063 igitur

308 4077 497 4153 totum
530 4091 600 4131 ex
630 4073 885 4147 singulis
913 4074 1184 4148 partibus
1208 4079 1458 4143 constat,
1502 4093 1631 4148 quas
1680 4076 1949 4151 singulae,

301 4164 484 4221 totius
514 4167 711 4237 partes
737 4163 1077 4237 sunt.Atqui
1107 4163 1169 4221 in
1201 4164 1300 4220 Dei
1334 4164 1670 4223 nationibus
1701 4167 1954 4225 maxime

304 4258 395 4312 est
425 4254 683 4312 alienum
717 4272 732 4325 ;
765 4255 920 4312 Deus
953 4254 1111 4311 enim
1141 4257 1356 4324 totum,
1409 4272 1524 4312 non
1591 4260 1784 4330 partes
1814 4262 1905 4315 est
1936 4275 1949 4314 :

305 4359 493 4416 neque
523 4359 594 4399 ex
623 4342 868 4401 diversis
899 4343 1075 4400 rebus
1104 4346 1354 4412 constat;
1388 4345 1489 4401 sed
1520 4344 1647 4419 ipse
1667 4347 1952 4403 constitu-

309 4432 487 4490 tionis
517 4449 714 4491 rerum
746 4432 1013 4491 omnium
1045 4440 1249 4491 auctor
1278 4438 1391 4492 est.
1449 4435 1696 4493 Adverte
1753 4440 1952 4494 autem

304 4539 483 4598 quam
514 4523 700 4597 impia
726 4522 1047 4596 proferant,
1078 4524 1179 4597 qui
1209 4523 1292 4581 ita
1321 4524 1392 4581 de
1434 4524 1551 4581 Deo
1608 4524 1950 4599 loquuntur.

304 4611 613 4669 Enimvero
645 4612 695 4669 si
715 4612 867 4670 Deus
888 4629 955 4670 ex
982 4613 1249 4687 partibus
1274 4617 1673 4685 constat,sane
1694 4616 1807 4672 sibi
1828 4617 1954 4688 ipse

305 4701 636 4773 dissimilis,
662 4706 839 4774 atque
867 4719 936 4759 ex
961 4702 1354 4761 dissimilibus
1385 4703 1713 4777 completus
1732 4703 1953 4762 videbi-

305 4796 421 4848 tur.
456 4792 602 4848 Nam
634 4791 686 4848 si
717 4773 805 4849 sol
837 4796 946 4861 est,
978 4791 1122 4849 luna
1151 4809 1269 4849 non
1297 4796 1405 4850 est.
1425 4793 1486 4849 Si
1514 4773 1659 4850 luna
1688 4798 1960 4863 est,terra
1987 4773 2034 4841 Ῑ)

305 4898 423 4939 non
453 4885 543 4938 est
573 4900 587 4952 ;
620 4881 670 4938 si
700 4885 857 4938 terra
884 4885 1117 4953 est,non
1148 4886 1238 4938 est
1266 4898 1449 4940 mare:
1480 4883 1733 4957 denique
1761 4883 1812 4941 si
1841 4884 1959 4941 sin-

304 4970 475 5045 gulas
495 4970 701 5029 mundi
732 4975 928 5045 partes
965 4987 1403 5045 percurramus,
1462 4988 1642 5045 quam
1672 4972 1797 5030 haec
1827 4973 1955 5030 illo-

398 5098 492 5173 61)
522 5101 766 5173 Bessan
789 5096 993 5165 Βαείιη
1025 5098 1333 5173 receptan-

398 5101 492 5172 61)
522 5101 766 5172 Seguer.
789 5101 993 5165 Basil.,
1025 5101 1333 5173 προσρήσῃ.

373 5101 490 5244 (62)
509 5170 618 5241 Τήν
650 5169 745 5227 hic
773 5174 831 5227 et
860 5186 999 5226 mox
1029 5170 1193 5227 deest
1237 5170 1299 5225 in
1332 5168 1564 5226 Gobler.
1611 5185 1669 5226 et
1698 5169 1955 5228 Felckm.

311 5245 344 5407 ᾗ
371 5260 747 5407 ῗὲὥηξςεπθς
775 5313 892 5370 Fel.
924 5314 959 5367 2
988 5329 1162 5370 anon.
1224 5309 1558 5370 συνίσταται.
1617 5312 1798 5371 Paulo
1828 5318 1963 5387 post

399 5385 813 5583 iiirgvaiiézét
841 5459 901 5513 in
927 5456 1103 5515 Basil.
1137 5456 1311 5529 Angl.
1344 5455 1524 5513 Paulo
1566 5460 1699 5530 post
1726 5457 1958 5514 Gobler.

399 5529 467 5583 Fe
497 5569 509 5583 .
546 5530 570 5583 1
609 5545 783 5583 anon.
831 5529 1095 5583 προσήκει
1144 5528 1367 5583 habent
1420 5546 1433 5583 :
1484 5531 1726 5583 Sequar.
1793 5548 1958 5583 ποοσ-

296 5528 783 5614 ςιῈεΙκξηεῐιοο.
831 5529 1095 5614 προσήκει
1144 5528 1367 5614 habent
1420 5546 1433 5585 :
1484 5528 1726 5602 Seguer.
1793 5548 1960 5605 προσ-

304 5598 605 5673 ῆκει-ῳΞῇ
635 5616 770 5673 cum
798 5598 1001 5669 editis,
1017 5605 1281 5673 προσῆκε.

376 5670 491 5746 (65_)
515 5670 749 5746 F_el_cl;m
793 5674 879 5746 ⁸3Δ
908 5670 1097 5746 anon.
1132 5671 1567 5746 συνεστηκέναι,
1617 5672 1801 5729 Paulo
1826 5676 1965 5746 post

304 5738 751 5872 ἓιὲοδξπζίιδόναι
780 5743 1012 5802 Gobler.
1046 5749 1103 5801 et
1130 5738 1386 5802 Felckm.
1424 5747 1474 5816 1,
1537 5738 1707 5803 anon.
1743 5738 1965 5804 habent

333 5836 359 5871 ν
405 5836 419 5869 ι
486 5836 513 5871 ν
594 5855 608 5876 ο

2060 3451 2345 3527 γενήσεται
2550 3449 2689 3525 πρὸς
2737 3449 2913 3504 πάντα
2944 3492 2960 3519 ,
3014 3444 3259 3519 λέξουσιν
3315 3449 3368 3503 οἱ
3426 3446 3715 3519 δοκησίσο-

2061 3560 2174 3617 φοι,
2200 3536 2293 3593 ’ίνα
2336 3537 2426 3593 καὶ
2471 3535 2704 3593 ἐντεῦθεν
2752 3534 3112 3615 ἐλεγχθῶσιν·
3161 3536 3321 3600 οὗτος
3369 3535 3428 3594 δὲ
3474 3538 3503 3592 ὁ
3550 3536 3717 3612 λόγος

2059 3628 2149 3684 καὶ
2186 3625 2397 3701 μᾶλλον
2431 3625 2606 3683 αὐτῶν
2636 3628 2735 3697 τὴν
2790 3620 3033 3683 ἀσέϐειαν
3087 3627 3221 3700 μετὰ
3273 3624 3526 3702 μεγάλης
3555 3626 3713 3682 ἀπαι-

2061 3715 2275 3780 δευσίας
2315 3715 2415 3772 οὐκ
2461 3713 2683 3772 ἔλαττον
2726 3719 2836 3772 τῶν
2888 3715 3118 3791 πρόσθεν
3155 3712 3447 3787 ἀποδείξει.
3499 3716 3563 3772 Εἰ
3613 3716 3714 3791 γὰρ

2058 3807 2121 3862 τὸ
2165 3806 2283 3862 καθ’
2334 3802 2558 3861 ἕκαστον
2611 3805 2893 3883 συναφθέν,
2937 3802 3002 3860 τὰ
3049 3801 3178 3860 ὅλον
3228 3803 3578 3881 ἀναπληροῖ,
3627 3803 3718 3861 καί

2058 3897 2120 3952 τὸ
2150 3894 2282 3952 ὅλον
2329 3894 2389 3951 έκ
2432 3899 2541 3950 τῶν
2584 3895 2699 3951 καθ’
2745 3893 2801 3950 ἓν
2854 3892 3178 3949 συνίσταται*
3234 3895 3297 3948 τὸ
3342 3892 3473 3949 ὅλον
3526 3895 3628 3969 ἄρα
3657 3894 3716 3950 ἐκ

2068 3990 2245 4063 μερῶν
2279 3986 2525 4054 συνέστη·
2558 3985 2649 4039 καὶ
2678 3981 2899 4041 ἕκαστον
2930 3987 3029 4039 τοῦ
3080 3981 3216 4040 ὅλου
3252 3983 3415 4060 μέρος
3447 3985 3560 4059 (69)
3589 4002 3716 4057 τυγ-

2062 4076 2239 4153 χάνει.
2271 4078 2439 4130 Τοῦτο
2473 4072 2531 4130 δὲ
2577 4078 2686 4129 τῶν
2732 4074 2858 4150 περὶ
2890 4076 3025 4129 Θεοῦ
3070 4072 3291 4129 ἐννοιῶν
3322 4070 3466 4128 πολύ
3495 4070 3712 4149 πόῤῥω-

2062 4166 2148 4219 θεν
2180 4166 2526 4234 καθέστηκεν.
2579 4165 2635 4218 Ὀ
2678 4165 2782 4241 γὰρ
2831 4162 2961 4225 Θεὸς
3015 4160 3146 4219 ὅλον
3181 4162 3294 4219 ἐστὶ
3334 4163 3424 4219 καὶ
3454 4160 3516 4219 οὗ
3553 4162 3717 4239 μέρη,

2061 4252 2153 4311 καί
2204 4254 2303 4311 οὐκ
2362 4253 2421 4310 ἐκ
2469 4251 2743 4331 διαφόρων
2803 4253 3161 4325 συνέστηκεν,
3222 4250 3351 4308 ἀλλ’
3403 4252 3567 4316 αὐτὸς
3617 4258 3719 4324 τῆς

2062 4346 2278 4400 πάντων
2311 4343 2616 4406 συστάσεώς
2668 4342 2778 4399 ἐστι
2815 4344 3079 4415 ποιητής.
3134 4343 3239 4399 Θέα
3288 4343 3393 4418 γὰρ
3436 4340 3567 4413 ὅσην
3599 4342 3719 4397 ἀσέ-

2064 4429 2211 4490 ϐειαν
2244 4434 2382 4489 κατὰ
2406 4437 2506 4490 τοῦ
2554 4431 2711 4489 Θείου
2741 4436 2909 4489 ταῦτα
2955 4432 3211 4507 λέγοντες
3265 4429 3604 4508 ἐξηγοῦνται.
3652 4428 3718 4485 Εἰ

2063 4525 2167 4601 γὰρ
2218 4524 2278 4580 ἐκ
2334 4527 2509 4599 μερῶν
2566 4523 2877 4597 συνέστηκε,
2926 4524 3142 4583 πάντως
3183 4519 3344 4583 αὐτὸς
3387 4519 3579 4575 ἑαυτοῦ
3629 4519 3719 4573 ἀν-

2064 4614 2257 4688 όμοιος
2289 4616 2600 4692 φανήσεται,
2630 4612 2721 4668 καὶ
2748 4614 2862 4687 (70)
2894 4611 2945 4684 ἐξ
2972 4610 3240 4686 ἀνομοίων
3270 4604 3412 4685 ἔχων
3438 4609 3540 4678 τὴν
3582 4629 3718 4682 συμ-

2063 4701 2375 4780 πλήρωσιν.
2409 4703 2471 4758 Εἰ
2520 4704 2623 4779 γὰρ
2672 4699 2836 4771 ἥλιός
2866 4700 3029 4771 ἐστιν,
3062 4697 3162 4754 οὐκ
3205 4693 3323 4753 ἔστι
3366 4694 3599 4770 σελήνη*
3629 4695 3722 4753 καὶ

2068 4793 2115 4849 εἰ
2146 4791 2350 4864 σελήνη
2382 4790 2546 4863 ἐστὶν,
2580 4790 2681 4847 οὐκ
2708 4788 2819 4847 ἔστι
2863 4797 2962 4866 γῆο
2991 4788 3081 4844 καὶ
3116 4786 3163 4842 εἰ
3201 4793 3274 4863 γῆ
3306 4787 3592 4864 τυγχάνει,
3625 4786 3726 4843 οὐκ

2069 4882 2127 4938 ἂν
2162 4879 2244 4953 εἷή
2278 4879 2538 4937 θάλασσα·
2571 4880 2662 4936 καὶ
2691 4879 2866 4944 οὕτως
2917 4879 2998 4959 ἐφ’
3045 4876 3272 4933 ἑκάστου
3320 4871 3619 4952 λαμϐάνων
3662 4872 3722 4931 ἄν

2066 4991 2150 5036 τις
2180 4970 2397 5046 εὑρήσει
2441 4970 2542 5039 τήν
2592 4968 2819 5027 ἀτοπίαν
2863 4972 2963 5025 τοῦ
3008 4963 3262 5024 τοιούτου
3304 4965 3481 5024 αὐτῶν
3528 4964 3725 5042 λόγου.

2137 5098 2246 5172 (66)
2277 5093 2378 5172 Kal
2407 5098 2577 5172 deest
2626 5096 2688 5153 in
2747 5095 2986 5172 Gobler;
3033 5098 3092 5172 et
3145 5092 3404 5172 Felekm.
3465 5095 3533 5172 1Δ
3548 5110 3727 5172 a_n_on.

2068 5164 2206 5243 Po'st
2229 5164 2344 5243 καί,
2376 5173 2485 5226 art.
2516 5168 2585 5224 τά
2613 5184 2791 5241 quem
2823 5164 3726 5243 non_habentseguer._§obl_er.

2067 5235 2341 5300 Felckmf
2357 5243 2409 5313 1,,
2430 5244 2467 5297 2
2492 5235 2667 5313 anon.
2701 5237 3015 5313 etﬁnglic.
3072 5235 3379 5313 legitu'r'in
3400 5235 3585 5313 _al_iis.
3621 5237 3733 5313 lbi-

2069 5315 2201 5388 dem
2230 5330 2336 5388 pro
2384 5306 2703 5388 λειπόμενα.
2751 5306 3026 5388 _Fe_lékm.
3072 5306 3341 5381 2'anon,
3400 5309 3579 5368 habet
3636 5306 3727 5365 λε-

2070 5381 2278 5462 γόμενῗα
2297 5385 2453 5462 stin
2485 5381 3027 5462 ωέιείρθβεόμενριο.
3204 5456 3205 5459 χ

2161 5460 2254 5516 67)
2286 5457 2517 5515 Gobler.
2551 5451 2616 5514 et
2638 5451 2896 5514 Felckm.
2932 5457 2961 5514 1
2997 5456 3172 5512 anon.
3204 5451 3307 5516 εἰς.

2161 5519 2254 5602 68)
2283 5530 2494 5601 Ἑαυτῷ
2527 5525 2679 5602 δετρ
2705 5524 2837 5584 ὅλον
2882 5525 3064 5602 ἱκανὸν
3116 5525 3209 5579 καὶ
3253 5519 3513 5602 αὔταρκες
3564 5526 3728 5601 γενή-

2072 5600 2218 5656 σεται
2237 5600 2473 5658 desunt
2495 5602 2557 5657 in
2588 5600 2848 5658 Felckm.
2881 5601 2919 5655 2
2940 5614 3119 5655 anon.

2143 5673 2257 5747 (69)
2302 5674 2521 5748 Seguer
2570 5671 2734 5750 μέρη.
2775 5672 2938 5731 Idem
2974 5667 3154 5743 paulo
3215 5670 3354 5741 post
3403 5685 3509 5742 pro
3558 5668 3731 5746 μέρη,

2079 5745 2228 5820 μέρει
2246 5744 2472 5820 ,Ιιᾶὺᾳιη
2685 5818 2725 5820 _
2761 5816 2776 5820 _
2817 5817 2832 5820 _
2978 5815 3003 5820 Δ

2184 5765 2228 5799 ει
2253 5762 2449 5802 nabet.

2149 5764 2228 5822 ρει
2253 5764 2449 5803 nabet.

2146 5818 2262 5893 (70)
2292 5816 2394 5874 Καί
2424 5818 2591 5877 abest
2620 5835 2656 5876 a
2683 5816 2941 5876 Felckm.
2973 5815 3010 5872 3
3039 5826 3216 5885 anon,
