4160 6424
382 489 462 551 57
1582 485 1872 550 ORATIO
1917 483 2233 546 CONTRA
2279 485 2612 549 GENTES.
3727 491 3809 554 58

385 623 554 676 Τοῦτο
589 616 632 673 δ’
662 614 720 672 ἅν
753 640 838 682 τις
866 618 956 674 καὶ
990 617 1048 674 ἐκ
1074 623 1172 674 τοῦ
1215 621 1331 674 καθ’
1376 619 1525 693 ἡμᾶς
1557 615 1894 695 ἀνθρωπείου
1935 617 2040 670 σώ-

2185 633 2284 672 um
2315 618 2459 674 ratio
2491 620 2746 677 absurda
2794 624 2851 676 et
2909 620 3108 695 inepto
3169 624 3246 679 sit
3305 625 3504 682 statim
3562 629 3810 700 patebit.

390 730 560 786 ματος
593 706 722 764 ἰδὼν
770 708 1062 785 καταγνοίη
1113 707 1343 767 τούτων.
1393 710 1482 771 Ὡς
1533 710 1637 783 γὰρ
1689 709 1716 762 ὁ
1763 704 2043 785 ὀφθαλμὸς

389 799 488 856 οὐκ
512 796 652 854 ἔστιν
686 799 844 868 ἀκοὴ,
878 796 1004 854 οὐδὲ
1033 801 1068 868 ἡ
1105 799 1240 869 ἀκοὴ
1269 799 1418 876 χεὶρ,
1451 796 1575 853 οὐδὲ
1606 800 1640 867 ἡ
1676 798 1884 872 γαστήρ
1938 793 2047 849 ἐστι

390 889 601 962 στέρνα,
636 885 749 943 οὐδ’
782 886 845 943 αὖ
875 886 1041 944 πάλιν
1073 890 1100 943 6
1124 888 1302 966 αὐχήν
1337 887 1448 944 ἐστι
1478 891 1637 949 ποῦς⁸
1668 884 1793 942 ἀλλ’
1822 882 2044 940 ἕκαστον

387 977 595 1034 τούτων
631 975 768 1033 ἰδίαν
803 976 918 1055 ἔχει
967 980 1065 1047 τὴν
1117 977 1406 1054 ἐνέργειαν,
1453 977 1544 1032 καὶ
1594 977 1654 1031 έκ
1679 974 1886 1030 τούτων
1932 971 2046 1028 δια-

391 1068 571 1146 φόρων
633 1062 797 1122 ὄντων
853 1066 907 1121 ἓν
964 1067 1268 1123 συνίσταται
1326 1073 1522 1143 σῶμα,
1579 1065 1901 1139 συνημμένα
1953 1063 2045 1136 μὲν

390 1156 520 1234 ἔχον
553 1158 619 1212 τὰ
662 1160 775 1231 (71)
829 1156 966 1232 μέρη
1017 1159 1153 1212 κατά
1199 1159 1299 1227 τήν
1352 1157 1564 1233 χρείαν,
1611 1154 1961 1230 διαιρούμενα
1993 1149 2050 1206 δὲ

389 1248 526 1301 κατά
553 1248 652 1316 τὴν
679 1250 776 1300 τοῦ
829 1247 1034 1322 χρόνου
1078 1246 1402 1323 παρουσίαν,
1439 1245 1563 1301 ὅταν
1597 1248 1632 1315 ἡ
1676 1243 1833 1323 φύσις
1935 1263 2044 1296 συν-

393 1338 556 1406 ἀξασα
585 1341 752 1390 ταῦτα
804 1334 978 1410 διέλῃ,
1032 1336 1108 1398 ὡς
1157 1338 1184 1391 ὁ
1241 1336 1546 1412 προστάξας
1595 1335 1725 1396 Θεὸς
1770 1331 2046 1409 βούλεται·

394 1425 536 1480 οὕτω
567 1426 925 1501 (συγγνώμην
959 1428 1075 1497 (72)
1115 1423 1171 1479 δὲ
1203 1426 1231 1480 6
1265 1424 1431 1501 λόγος
1487 1423 1663 1500 ἐχέτω
1713 1424 1839 1497 παρ’
1887 1421 2051 1476 αὐτοῦ

390 1520 488 1570 τοῦ
518 1515 871 1590 κρείττονος),
905 1515 973 1588 εἰ,
1019 1516 1086 1570 τὰ
1114 1515 1251 1591 μέρη
1300 1521 1401 1584 τῆς
1427 1515 1656 1576 κτίσεως
1696 1513 2050 1572 συνάπτοντες

395 1605 472 1666 εἰς
499 1604 554 1659 ἓν
605 1609 784 1679 σῶμα,
834 1605 950 1658 θεὸν
998 1603 1438 1681 ἀναγορεύουσιν,
1481 1601 1686 1679 ἀνάγκη
1741 1601 1898 1658 αὐτὸν
1957 1601 2049 1674 μέν

392 1695 508 1749 καθ’
557 1695 742 1750 ἑαυτὸν
787 1693 1045 1768 ἀνόμοιον
1091 1695 1264 1767 ἑαυτῷ
1310 1693 1484 1766 εἶναι,
1544 1691 1726 1766 ὥσπερ
1788 1688 2008 1764 ἐδείχθη
2037 1732 2052 1759 ,

397 1781 716 1859 διαιρεῖσςαι
747 1782 804 1839 δὲ
833 1783 998 1839 πάλιν
1046 1786 1183 1839 κατὰ
1209 1785 1308 1854 τὴν
1354 1787 1460 1838 τῶν
1511 1786 1687 1859 μερῶν
1735 1780 1814 1843 εἷς
1855 1779 1917 1834 τὸ
1966 1799 2056 1854 με·

399 1873 634 1950 ρίζεσθαι
665 1875 968 1950 γενομένην
1003 1872 1175 1951 φύσιν.

466 1965 558 2021 29.
591 1964 692 2018 Καὶ
722 1961 911 2025 ἄλλως
945 1960 1002 2018 δὲ
1033 1961 1092 2017 ἄν
1141 1984 1225 2026 τις
1277 1963 1450 2017 αὐτῶν
1485 1960 1722 2036 ἐλέγξειε
1768 1963 1868 2030 τὴν
1902 1958 2052 2014 ἀθεό-

396 2073 536 2124 τητα
563 2055 698 2108 κατὰ
727 2055 827 2123 τήν
857 2060 959 2124 τῆς
988 2052 1246 2124 ἀληθείας
1296 2053 1541 2129 θεωρίαν.
1595 2052 1660 2106 El
1709 2052 1812 2125 γὰρ
1848 2051 1876 2104 6
1924 2047 2055 2112 Θεὸς

401 2143 689 2217 ἀσώματός
721 2142 853 2215 ἐστι,
896 2143 986 2198 καὶ
1036 2142 1290 2219 ἀόρατος,
1318 2143 1408 2196 καὶ
1440 2139 1709 2215 ἄψαυστος
1756 2144 1826 2214 τῇ
1879 2139 2052 2218 φύσει,

399 2237 518 2296 πῶς
543 2237 702 2306 σῶμα
728 2234 819 2287 τὸν
853 2234 980 2288 Θεὸν
1018 2231 1312 2303 ἐπινοοῦσι,
1340 2231 1434 2286 καὶ
1480 2233 1550 2285 τὰ
1597 2229 1892 2309 φαινόμενα
1937 2234 2056 2292 τοῖς

405 2323 714 2400 ὀφθαλμοῖς
745 2323 835 2376 καὶ
868 2324 940 2376 ὧν
975 2321 1217 2396 ψαύομεν
1246 2325 1314 2395 τῇ
1363 2322 1533 2397 χειρὶ,
1588 2318 1944 2395 θρησκεύουσι
1987 2323 2056 2393 τῇ

399 2417 497 2466 τοῦ
529 2413 641 2485 (73)
672 2416 805 2466 Θεοῦ
833 2414 970 2485 τιμῇ
1003 2429 1019 2479 ;
1053 2412 1152 2466 Καὶ
1182 2408 1368 2481 πάλιν,
1402 2410 1446 2464 εἷ
1477 2411 1504 2464 ὁ
1552 2409 1676 2485 περὶ
1709 2414 1842 2464 Θεοῦ
1873 2413 2061 2485 κρατεῖ

404 2499 612 2576 λόγος,
664 2497 880 2554 δυνατὸν
932 2499 1088 2555 αὐτὸν
1141 2499 1271 2554 εἶναι
1318 2502 1455 2555 κατά
1500 2499 1692 2571 πάντα,
1744 2500 1834 2554 καὶ
1889 2496 2055 2573 μηδὲν

407 2591 500 2664 μὲν
558 2589 722 2645 αὐτοῦ
764 2595 1010 2664 κρατεῖν,
1062 2588 1217 2644 αὐτὸν
1275 2587 1332 2644 δὲ
1381 2595 1488 2644 τῶν
1548 2595 1761 2645 πάντων
1821 2593 2058 2666 κρατεῖν,

401 2678 490 2735 καί
536 2677 832 2748 δεσπόζειν*
884 2683 1003 2741 πῶς
1052 2680 1104 2733 οἱ
1155 2681 1254 2749 τήν
1299 2677 1470 2734 κτίσιν
1531 2681 1905 2742 θεοποιοῦντες
1954 2678 2062 2754 οὐχ

404 2771 599 2845 ὁρῶσιν
663 2769 830 2838 αὐτὴν
892 2767 1044 2830 ἐκτὸς
1091 2766 1250 2823 οὖσαν
1287 2773 1384 2823 τοῦ
1441 2768 1696 2824 τοιούτου
1745 2770 1869 2844 περὶ
1927 2773 2060 2824 Θεοῦ

406 2857 536 2937 δρου
568 2876 583 2928 ;
615 2856 806 2914 Ἡλίου
842 2859 934 2932 μὲν
968 2878 1071 2934 γαρ
1123 2859 1225 2913 ὑπὸ
1270 2866 1374 2934 γῆν
1418 2860 1737 2935 γενομένων
1768 2857 1830 2913 τδ
1877 2862 1994 2936 φῶς
2023 2860 2058 2928 ἡ

406 2955 478 3024 γῆ
521 2949 723 3016 σκιάζει
780 2949 854 3021 μὴ
907 2948 1149 3024 ὁρᾶσθαι·
1204 2946 1440 3020 σελήνην
1492 2947 1550 3003 δὲ
1604 2950 1716 3024 μεθ’
1766 2948 1976 3026 ἡμέραν
2035 2949 2064 3002 6

406 3035 568 3105 ἥλιος
605 3035 922 3112 ἐπικρύπτει
949 3041 1018 3111 τῇ
1049 3041 1145 3090 τοῦ
1194 3037 1374 3115 φωτὸς
1421 3035 1758 3112 λαμπηδόνι.
1808 3038 1908 3092 Καὶ
1958 3045 2064 3112 γῆς

416 3127 508 3201 μὲν
537 3124 667 3189 τούς
713 3125 955 3204 καρπούς
985 3124 1260 3190 πολλάκις
1309 3124 1528 3201 χάλαζα
1575 3123 1826 3182 ϐλοὶπτει⁹
1867 3130 1928 3182 τὸ
1959 3131 2065 3204 πῦρ

413 3214 490 3283 δὲ,
526 3215 570 3270 εἰ
621 3215 833 3291 γένοιτό
877 3238 962 3279 τις
1011 3213 1219 3270 ὑδάτων
1265 3215 1602 3293 πλημμύρα,
1636 3211 1933 3274 σϐέννυται.
1967 3219 2066 3271 Καὶ

412 3310 662 3382 χειμῶνα
711 3306 804 3381 μὲν
857 3303 949 3381 ἔαρ
1000 3303 1490 3380 παραγκωνίζεται,
1541 3306 1696 3381 θέρος
1760 3303 1816 3360 δὲ
1864 3308 1924 3360 τὸ
1974 3305 2065 3384 ἔαρ

2158 706 2317 762 Idem
2348 711 2543 764 autem
2574 727 2642 765 ex
2671 710 2916 766 humani
2945 728 3178 785 quoque
3203 715 3465 787 corporis
3487 717 3817 775 considera-

2153 796 2313 852 tione
2335 802 2524 868 potest
2549 799 2750 855 refelli.
2788 801 2856 857 Ut
2887 803 3042 857 enim
3076 801 3282 859 oculus
3310 821 3425 860 non
3470 810 3559 862 est
3603 807 3765 864 auris
3797 827 3810 878 ;

2157 902 2263 941 nec
2295 887 2475 951 auris,
2501 905 2710 945 manus
2743 908 2754 956 ;
2791 906 2896 946 nec
2928 896 3148 960 venter,
3182 899 3421 965 pectus;
3457 911 3562 951 nec
3593 897 3810 967 cervix,

2158 991 2260 1046 pes
2287 993 2300 1041 ;
2334 976 2435 1031 sed
2469 976 2704 1048 singula
2729 977 2830 1033 illa
2852 980 3150 1052 propriam
3173 981 3390 1038 habent
3412 984 3811 1056 efficientiam,

2158 1081 2226 1120 ex
2257 1064 2473 1135 quibus
2505 1065 2749 1122 diversis
2782 1084 2964 1122 unum
2996 1085 3208 1141 corpus
3238 1072 3632 1142 constituitur,
3655 1075 3812 1147 quod

2158 1171 2272 1210 usu
2305 1153 2543 1226 quidem
2574 1155 2918 1226 conjunctas
2950 1156 3126 1214 habet
3147 1165 3362 1232 partes,
3389 1162 3489 1218 sed
3515 1180 3641 1235 quae
3672 1168 3813 1221 tunc

2159 1243 2598 1316 disjungentur,
2631 1261 2766 1300 cum
2788 1251 3021 1317 natura,
3045 1263 3173 1318 quae
3198 1247 3329 1304 illas
3350 1250 3662 1322 copulavit,
3687 1269 3812 1310 eas-

2160 1333 2294 1388 dem
2324 1333 2423 1388 Dei
2448 1333 2628 1403 jussu
2660 1336 2977 1406 separabit.
3017 1338 3101 1392 Ita
3131 1337 3229 1392 sed
3257 1339 3379 1410 ipse
3409 1339 3565 1397 Deus
3591 1343 3811 1400 dicenti

2161 1423 2446 1496 ignoscat)
2481 1423 2529 1479 si
2562 1427 2766 1480 creatae
2794 1429 3014 1480 naturae
3047 1429 3244 1498 partes
3271 1427 3332 1482 in
3365 1445 3550 1486 unum
3595 1447 3811 1504 corpus

2162 1513 2806 1585 coagmentatas,deum
2831 1513 3131 1586 appellant
3156 1531 3168 1571 :
3194 1519 3521 1575 necessarie
3546 1521 3816 1593 sequitur

2163 1619 2297 1658 eum
2328 1602 2388 1657 in
2412 1602 2602 1674 seipso
2627 1603 2718 1659 sui
2743 1619 2870 1658 esse
2888 1602 3264 1671 dissimilem,
3294 1611 3361 1660 ut
3392 1611 3693 1665 ostensum
3708 1616 3816 1680 est,

2162 1708 2228 1748 ac
2251 1696 2528 1763 praeterea
2550 1691 2753 1760 dividi,
2787 1692 3261 1764 quandoquidem
3285 1702 3481 1767 partes
3512 1713 3580 1754 ex
3609 1703 3821 1756 natura

2163 1781 2412 1838 dividua
2441 1786 2600 1838 sunt.

2234 1963 2325 2017 29.
2356 1961 2572 2018 Verum
2597 1961 2710 2018 alia
2733 1978 2965 2036 quoque
2984 1964 3227 2037 ratione,
3256 1965 3305 2021 si
3341 1965 3640 2024 veritatem
3675 1985 3821 2025 con-

2165 2051 2454 2123 sulamus,
2477 2051 2714 2107 illorum
2740 2051 3100 2125 impietatem
3124 2053 3280 2115 haud
3296 2055 3533 2112 difﬁcile
3553 2058 3663 2113 erit
3683 2074 3820 2114 con-

2164 2141 2414 2198 vincere.
2447 2141 2591 2198 Nam
2623 2140 2672 2197 si
2701 2141 2854 2198 Deus
2875 2143 3247 2216 incorporeus
3267 2149 3378 2213 est,
3413 2146 3461 2202 si
3494 2162 3599 2204 nec
3642 2147 3824 2204 videri

2168 2247 2274 2286 nec
2305 2230 2466 2303 tangi
2499 2235 2711 2286 natura
2754 2235 2985 2303 potest:
3039 2250 3143 2288 cur
3189 2249 3325 2307 ergo
3374 2235 3560 2291 Deum
3609 2253 3825 2311 corpus

2170 2338 2297 2378 esse
2319 2319 2667 2391 excogitant,
2699 2337 2928 2394 resque,
2964 2339 3109 2394 quas
3127 2323 3310 2380 oculis
3330 2324 3597 2382 videmus
3619 2331 3677 2383 et
3698 2345 3826 2384 ma-

2171 2410 2349 2466 nibus
2380 2415 2832 2479 contrectamus,
2885 2412 3080 2468 divino
3128 2413 3285 2469 cultu
3337 2417 3827 2489 prosequuntur?

2172 2501 2420 2571 Rursus,
2457 2500 2503 2555 si
2535 2517 2739 2556 verum
2788 2507 2878 2556 est
2933 2507 3113 2558 Deum
3173 2504 3634 2576 omnipotentem
3668 2523 3820 2576 esse,

2169 2605 2425 2662 eumque
2456 2607 2489 2645 a
2518 2589 2682 2646 nulla
2711 2606 2772 2646 re
2803 2594 3085 2664 superari,
3135 2593 3237 2649 sed
3286 2596 3483 2651 omnia
3510 2596 3740 2653 vincere
3770 2601 3829 2654 et

2170 2682 2455 2751 tanquam
2484 2679 2796 2736 Dominum
2831 2697 3027 2754 regere
3052 2699 3064 2737 :
3101 2699 3283 2754 quare
3312 2685 3413 2757 qui
3446 2690 3701 2742 creatam
3724 2704 3826 2743 na-

2172 2772 2367 2824 turam
2392 2768 2577 2825 Deum
2601 2770 2845 2840 faciunt,
2867 2771 3018 2827 hanc
3041 2772 3142 2828 Dei
3172 2773 3572 2832 definitionem
3603 2776 3687 2831 illi
3717 2777 3828 2832 mi-

2175 2858 2332 2914 nime
2363 2859 2671 2915 convenire
2701 2877 2816 2916 non
2866 2862 3224 2918 attendunt?
3272 2881 3528 2938 namque
3573 2883 3706 2922 cum
3739 2866 3828 2922 sol

2177 2948 2608 3004 subterterram
2632 2954 2741 3016 est,
2787 2952 3108 3022 quominus
3156 2954 3285 3025 ejus
3305 2953 3503 3011 lumen
3534 2955 3825 3028 videatur,

2176 3041 2340 3093 terrae
2369 3039 2579 3093 umbra
2599 3038 2864 3110 impedit.
2915 3041 3140 3097 Lunam
3172 3047 3366 3099 autem
3407 3044 3496 3100 sol
3525 3044 3651 3117 ipse
3681 3044 3830 3101 lucis

2178 3144 2297 3184 suae
2320 3126 2546 3196 fulgore
2561 3143 2665 3200 per
2685 3127 2840 3183 diem
2867 3129 3192 3186 abscondit.
3222 3133 3412 3188 Terrae
3443 3135 3580 3190 item
3606 3135 3833 3191 fructus

2178 3231 2294 3271 non
2325 3231 2456 3270 raro
2487 3216 2710 3286 grando
2733 3214 2893 3272 laedit
2919 3235 2932 3273 :
2967 3218 3122 3291 ignis
3155 3235 3285 3276 vero
3316 3238 3472 3293 aqua
3505 3222 3832 3280 inundante

2179 3304 2590 3373 exstinguitur.
2625 3303 2889 3361 Hiemem
2918 3307 3191 3364 similiter
3217 3326 3316 3365 ver
3336 3311 3610 3384 propellit
3635 3317 3834 3380 ;aestas

414 3390 715 3471 ὑπερϐῆναι
743 3395 872 3457 τοὺς
927 3394 1089 3470 ὅρους
1137 3394 1235 3449 οὔκ
1288 3393 1582 3472 ἐπιτρέπει,
1619 3395 1708 3450 καὶ
1740 3394 1867 3450 αὐτὸ
1899 3395 2063 3452 πάλιν

2182 3410 2282 3449 ver
2309 3393 2642 3464 transgredi
2671 3394 2955 3452 terminos
2985 3413 3101 3451 non
3134 3397 3295 3466 sinit,
3330 3403 3387 3454 et
3434 3399 3696 3457 vicissim
3727 3419 3830 3457 au-

413 3486 517 3541 ὑπὸ
545 3490 643 3540 τοῦ
679 3486 1001 3561 μετοπώρου
1031 3483 1391 3558 κωλυόμενον
1425 3485 1523 3547 τὰς
1559 3483 1698 3548 ἰδίας
1745 3484 1889 3563 ὥρας
1923 3485 2066 3562 ἐξέρ-

412 3575 626 3653 χεσθαι.
673 3573 840 3652 Εἴπερ
895 3573 985 3630 οὖν
1043 3576 1179 3645 ἦσαν
1228 3574 1360 3647 θεοὶ,
1412 3572 1519 3630 ἔδει
1564 3575 1792 3638 τούτους
1855 3577 1928 3650 μὴ
1983 3577 2070 3632 ὑπ’

414 3663 680 3737 ἀλλήλων
710 3667 970 3736 ἡττᾶσθαι
1018 3665 1109 3720 καὶ
1149 3663 1562 3740 ἐπικρύπτεσθαι
1597 3667 1730 3739 (74),
1761 3663 1907 3720 ἀλλὰ
1942 3667 2072 3721 πάν-

412 3775 536 3810 τοτε
566 3753 839 3826 ἀλληλοις
872 3759 1125 3826 συνεῖναι,
1157 3755 1247 3809 καὶ
1278 3755 1464 3818 κοινὰς
1496 3756 1610 3829 ἅμα
1655 3756 1749 3818 τὰς
1801 3753 2072 3831 ἐνεργείας

418 3842 700 3900 ἀποτελεῖν
761 3847 912 3920 (75)·
975 3842 1083 3900 ἔδει
1145 3845 1259 3919 μεθ’
1309 3845 1520 3921 ἡμέραν
1579 3845 1670 3900 καὶ
1729 3846 1862 3919 μετά
1913 3844 2075 3900 νύκτα

416 3933 577 4004 ἥλιον
611 3935 752 4009 ὁμοῦ
801 3933 891 3988 καὶ
943 3932 1179 4004 σελήνην
1225 3933 1314 3988 καὶ
1365 3935 1456 3989 τὸν
1491 3932 1662 3990 ἄλλον
1698 3939 1806 3990 τῶν
1838 3935 2072 4009 ἀστέρων

418 4022 588 4100 χορδν
620 4021 734 4079 ἴσον
768 4026 880 4096 (76)
913 4023 1058 4099 ἔχειν
1091 4023 1153 4078 τὸ
1185 4024 1417 4100 φῶς,καὶ
1448 4028 1610 4079 τοῦτο
1635 4030 1765 4080 πᾶσι
1813 4021 2072 4099 λάμπειν,

417 4113 510 4169 καὶ
559 4114 732 4168 πάντα
798 4119 923 4190 παρ’
975 4112 1149 4168 αὐτῶν
1207 4114 1630 4188 καταυγάζεσθαι
1663 4132 1675 4145 ·
1743 4109 1852 4169 ἔδει
1921 4117 2076 4192 θέρος

422 4205 562 4276 ὁμοῦ
599 4202 688 4257 καὶ
734 4206 984 4278 χειμῶνα
1035 4203 1125 4257 καὶ
1173 4201 1264 4280 ἔαρ
1312 4202 1401 4257 καὶ
1462 4203 1777 4279 μετόπωρον
1830 4205 2075 4283 ἀπαραλ-

421 4289 636 4354 λάκτως
683 4292 941 4347 καὶκατὰ
982 4292 1044 4346 τὸ
1097 4289 1226 4346 αὐτὸ
1277 4291 1637 4348 συνίστασθαι·
1693 4291 1800 4349 ἔδει
1833 4296 1933 4364 τὴν
1983 4297 2077 4350 θά-

421 4380 622 4438 λασσαν
673 4386 792 4444 ταῖς
850 4386 1059 4455 πηγαῖς
1133 4379 1514 4456 ἐπιμίγνυσθαι
1754 4384 1843 4439 καὶ
1900 4386 2076 4440 κοινὸν

419 4471 728 4548 ἀνθρώποις
756 4469 819 4526 τδ
849 4470 1004 4545 πόμα
1047 4471 1328 4547 παρέχειν·
1374 4468 1484 4526 ἔδει
1532 4473 1789 4547 νηνεμίας
1838 4475 1926 4529 καὶ
1973 4480 2080 4530 τῶν

422 4561 632 4635 ἀνέμων
705 4562 800 4623 τὰς
849 4561 1043 4628 ,πνοὰς
1091 4559 1143 4615 ἐν
1191 4559 1372 4632 ταύτῷ
1401 4560 1659 4636 γίνεσθαι’
1714 4558 1820 4619 ἔδει
1867 4564 1930 4618 τὸ
1973 4569 2078 4641 πῦρ

421 4651 564 4724 ὁμοῦ
620 4648 711 4705 καὶ
767 4651 830 4704 τὸ
875 4647 1020 4726 ὕδωρ
1073 4651 1260 4718 κοινὴν
1305 4651 1396 4704 καὶ
1444 4649 1567 4724 μίαν
1620 4651 1920 4727 ἀνθρώποις
1978 4655 2077 4723 τὴν

2178 3487 2425 3538 tumnus
2456 3486 2717 3538 aestatem
2749 3483 2902 3539 intra
2931 3487 3199 3558 proprios
3228 3486 3444 3544 limites
3492 3488 3698 3545 sistere
3737 3507 3830 3545 co-

2181 3571 2284 3643 git.
2319 3575 2517 3642 Itaque
2567 3571 2618 3627 si
2662 3571 2742 3626 dii
2788 3579 3004 3646 essent,
3055 3592 3430 3649 nequaquam
3480 3594 3542 3634 se
3583 3579 3832 3635 invicem

2181 3661 2480 3716 vincerent
2507 3664 2565 3716 et
2595 3661 3037 3736 absconderent,
3088 3665 3190 3722 sed
3235 3666 3431 3738 potius
3480 3683 3714 3741 semper
3755 3668 3834 3724 si-

2184 3748 2308 3805 mul
2339 3747 2588 3804 invicem
2614 3766 2764 3820 esse,
2792 3768 3253 3827 communesque
3275 3756 3515 3813 effectus
3545 3775 3665 3814 una
3702 3775 3836 3831 pro-

2185 3840 2396 3896 ducere
2428 3857 2534 3912 par
2552 3847 2728 3898 esset.
2757 3843 3062 3916 Oporteret
3093 3861 3230 3920 ergo
3263 3863 3368 3919 per
3397 3847 3520 3904 dies
3555 3852 3611 3905 et
3639 3852 3838 3906 noctes

2185 3930 2367 3986 solem
2389 3929 2567 3985 simul
2608 3935 2664 3986 et
2701 3930 2904 3988 lunam
2929 3939 3252 4006 caeteraque
3283 3936 3473 3993 sidera
3503 3954 3610 4010 par
3637 3936 3838 3993 lumen

2187 4019 2421 4087 habere,
2454 4018 2630 4092 idque
2652 4022 2930 4079 omnibus
2962 4023 3174 4093 lucere,
3210 4042 3275 4081 ac
3307 4043 3399 4083 res
3430 4027 3736 4084 universas
3767 4027 3841 4083 ab

2186 4109 2308 4166 illis
2330 4107 2681 4166 collustrari.
2703 4110 3002 4183 Oporteret
3014 4117 3276 4170 aestatem
3290 4115 3469 4172 simul
3487 4121 3542 4171 et
3557 4114 3812 4172 hiemem
3825 4158 3840 4183 ,

2187 4216 2286 4256 ver
2303 4203 2477 4269 atque
2499 4204 2873 4270 autumnum,
2897 4202 3039 4275 absq
3051 4219 3120 4259 ue
3132 4203 3558 4272 vicissitudine,
3574 4222 3693 4260 una
3712 4220 3840 4278 per-

2189 4287 2412 4347 sistere.
2430 4294 2734 4364 Oporteret
2757 4307 2918 4347 mare
2939 4307 3073 4347 cum
3099 4293 3359 4350 fontibus
3382 4292 3753 4349 commisceri
3785 4297 3843 4348 et
3921 4333 3923 4337 ι

2189 4399 2564 4440 communem
2598 4380 2938 4436 hominibus
2969 4384 3171 4453 potum
3199 4383 3475 4454 praebere.
3529 4381 3837 4454 Oporteret

2190 4491 2383 4531 aerem
2401 4471 2580 4530 simul
2601 4471 2702 4527 28
2734 4468 3119 4541 tranquillum
3151 4487 3280 4528 esse
3308 4476 3366 4527 et
3392 4469 3580 4526 ventis
3611 4470 3842 4544 agitari.

2189 4564 2430 4637 Oportet
2458 4561 2710 4632 denique
2734 4559 2930 4632 ignem
2955 4559 3131 4614 simul
3152 4565 3209 4616 et
3231 4576 3447 4632 aquam
3475 4560 3654 4616 unius
3684 4561 3843 4633 ejus-

2191 4654 2443 4724 demque
2471 4666 2616 4706 usus
2646 4663 2774 4704 esse
2803 4647 3163 4703 hominibus.
3197 4647 3436 4706 Nullum
3467 4649 3756 4720 siquidem
3777 4666 3847 4706 ex

419 4739 611 4816 χρείαν
660 4740 946 4815 παρέχειν.
1001 4735 1138 4793 Οὐδὲ
1184 4739 1289 4816 γάρ
1345 4737 1469 4794 οὐδὲ
1522 4735 1735 4814 βλάϐην
1782 4739 1842 4797 ἄν
1892 4764 1977 4805 τις
2025 4742 2064 4804 ἐξ

2186 4743 2282 4800 his
2310 4741 2727 4798 detrimentum
2760 4737 3030 4805 oriretur,
3066 4737 3136 4809 si,
3168 4741 3234 4792 ut
3259 4742 3490 4811 putant,
3512 4739 3594 4794 dii
3618 4743 3842 4806 essent,

422 4829 596 4884 αὐτῶν
629 4829 902 4903 ὑπέμεινε,
936 4830 1067 4884 θεῶν
1113 4824 1283 4884 ὄντων
1334 4830 1450 4884 κατ’
1502 4829 1718 4902 αὐτοὺς,
1773 4832 1863 4886 καὶ
1908 4829 2076 4906 μηδὲν

423 4917 513 4974 ἐπὶ
549 4913 749 4994 βλάϐη,
778 4918 860 4974 ἐπ’
890 4916 1130 4996 ὠφελείᾳ
1177 4916 1234 4973 δέ
1286 4917 1498 4992 μᾶλλον
1539 4918 1712 4974 πάντα
1755 4921 2077 4980 ποιούντων.

425 5009 487 5064 Et
521 5005 578 5064 δὲ
604 5013 772 5064 ταῦτα
799 5007 1040 5084 γίνεσθαι
1073 5005 1330 5063 ἀδύνατον
1384 5005 1473 5062 διὰ
1521 5011 1620 5079 τήν
1666 5008 1806 5073 ποδς
1855 5007 2082 5080 ἄλληλα

498 5117 733 5190 (7i)Sic
785 5118 1024 5190 Seguer.
1070 5115 1249 5172 Basil.
1295 5116 1525 5190 Gobler.
1577 5117 1831 5190 Felckm.
1885 5119 1910 5172 1
1963 5122 2083 5175 et2

426 5186 603 5264 anon.
632 5186 1194 5264 ῌάὶιῇ-νεῖιογὲχοντα.
1226 5189 1455 5264 Anglic.
1488 5186 1634 5264 ’ἔχων
1667 5189 1751 5264 τά.

499 5262 615 5336 (72)
649 5259 828 5317 Basil.
856 5259 1099 5336 _Goblér.
1141 5259 1565 5336 et_F:elckm.’i
1602 5266 1661 5317 et
1687 5263 1722 5315 2
1747 5277 1920 5336 anon.
1953 5281 2082 5336 συγ-

424 5331 682 5408 γνώμης.
732 5332 912 5408 Paulo
959 5337 1089 5408 post
1140 5331 1395 5388 Felckm.
1444 5333 1477 5384 7
1538 5350 1712 5408 anon.
1767 5331 2084 5408 συνάγοντες

425 5403 604 5461 habet
633 5423 736 5479 pro
759 5403 1135 5467 συνάπτοντες.
1170 5409 1316 5460 Item
1365 5421 1500 5460 mox
1547 5405 1724 5464 Basil.
1787 5403 2082 5480 ἀναγορεύ-

428 5496 632 5533 σουσιν.

499 5551 611 5622 (.73)
641 5553 747 5604 Τοῖ’)
811 5551 976 5622 deest
1027 5549 1083 5604 in
1129 5547 1384 5622 Felckm.
1435 5549 1469 5601 3
1516 5566 1689 5605 anon.
1741 5553 1798 5607 et
1843 5551 2080 5622 Seguer.

425 5619 607 5678 Paulo
640 5625 774 5694 post
806 5621 900 5694 μέν
929 5623 1093 5678 deest
1113 5621 1192 5694 in
1212 5621 1471 5694 Felclgn.
1504 5622 1538 5694 3
1569 5639 1750 5681 anon.

500 5695 614 5767 (74)
640 5691 762 5750 ἐἰσ
808 5691 1046 5767 Seguer.
1090 5691 1630 5767 GobleyFelckm.
1662 5696 1742 5767 ί1γ
1785 5710 1957 5767 anon.
2014 5697 2086 5767 At

427 5764 656 5895 Anggc.
715 5764 1190 5841 περικρύπτεσθαι.
1249 5764 1359 5821 Alii
1415 5781 1550 5821 cum
1609 5766 1784 5824 editis
1842 5764 2087 5843 ὑποκρύ-

427 5856 564 5895 πτεσ
600 5857 677 5895 αι.

427 5856 677 5901 πτεσυαι,

2190 4832 2293 4906 qui
2323 4830 2566 4905 proinde
2596 4825 2744 4884 nihil
2792 4827 3039 4884 nocendi
3089 4843 3268 4884 causa
3316 4829 3417 4884 sed
3467 4829 3666 4902 potius
3696 4828 3845 4885 nihil

2191 4921 2305 4976 nisi
2326 4919 2481 4991 quod
2503 4917 2649 4972 utile
2680 4916 2826 4972 foret
2855 4919 3113 4989 agerent.
3146 4916 3207 4973 Si
3253 4934 3389 4974 vero
3436 4917 3558 4974 haec
3605 4917 3679 4974 ob
3713 4933 3845 4974 mu-

2190 5017 2356 5067 tuam
2376 5007 2604 5063 interse
2626 5005 3054 5079 oppositionem
3077 5005 3255 5063 simul
3264 5007 3434 5081 jungi
3450 5023 3565 5064 non
3590 5011 3842 5079 queunt:

2265 5117 2377 5189 (75)
2429 5113 2522 5189 Sic
2571 5115 2809 5189 Seguer.
2870 5113 3117 5189 Gobler;
3154 5113 3468 5189 Felcka
3523 5130 3697 5189 anon.
3731 5115 3846 5189 Alii

2193 5182 2328 5245 cum
2360 5182 2551 5243 'editis
2573 5182 2866 5240 έπῦεελεῖν.
2897 5186 3042 5242 Ibid.
3077 5186 3332 5243 Felckm.
3391 5189 3424 5242 3
3455 5203 3630 5243 anon.
3665 5185 3846 5244 habet

2190 5260 2287 5321 τὰς
2327 5257 2654 5332 εὑεργεσίας.

2265 5333 2378 5404 (75)
2408 5325 2503 5404 Sic
2533 5332 2776 5404 Seguer.
2807 5328 2918 5404 Alii
2940 5344 3073 5384 cum
3113 5330 3286 5385 editis
3331 5325 3677 5404 i’gw;._Idem
3709 5345 3846 5404 mox

2193 5409 2252 5461 et
2274 5400 2508 5475 Gobler.
2542 5406 2599 5458 et
2618 5400 2820 5475 Felck.
2857 5403 2880 5456 1
2931 5417 3025 5456 an.
3077 5407 3229 5473 post.
3280 5400 3370 5454 καί
3401 5402 3625 5458 addunt
3652 5402 3844 5475 πάντα,

2195 5491 2471 5550 quaagvoxr
2491 5474 2551 5528 in
2584 5473 2715 5529 aliis
2748 5489 2862 5550 non
2895 5477 3002 5550 est.

2269 5547 2710 5621 (77)_Seguer.A
2751 5541 3150 5621 ἐπιμίσγεσθαι,
3205 5544 3436 5621 Gobler.
3497 5543 3750 5600 Felckm.
3814 5547 3840 5600 1
3887 5559 3896 5572 ’

2197 5613 2372 5677 anon.
2397 5613 2793 5691 ἐπισῖιίγεσθαι.
2825 5613 2972 5680 Ibid,
2993 5613 3173 5691 κοινόν
3206 5615 3425 5691 habent
3453 5632 3659 5691 omnes
3699 5631 3842 5671 mss.

2197 5697 2406 5765 praeter
2436 5686 2689 5765 Fel'ck'm.
2713 5689 2746 5745 3
2776 5704 2948 5745 anon.
2984 5687 3086 5760 qui
3120 5693 3183 5743 ut
3212 5688 3354 5744 editi
3385 5686 3646 5743 κοινωνόν
3679 5703 3840 5745 men-

2195 5763 2336 5822 dose
2361 5763 2554 5820 habet.
