4160 6382
331 436 412 499 59
879 431 945 495 S.
989 429 1417 495 ATHANASII
1460 429 1637 493 OPP.
1683 429 1888 492 PARS
1932 429 1982 492 Ι.
2013 460 2092 478 —
2124 428 2552 493 HISTORICA
2593 429 2695 493 ET
2738 427 3226 494 DOGMATIGA.
3665 435 3749 498 60

331 568 437 641 qui
469 565 595 624 ﬁeri
624 568 820 640 potest
846 568 912 622 ut
938 581 1030 622 res
1060 563 1194 636 illis,
1228 579 1355 637 quae
1387 563 1538 619 inter
1568 577 1630 620 se
1678 561 1976 620 contraria:

2096 560 2459 631 ἐναντιότητα,
2489 565 2610 624 πῶς
2640 559 2752 617 οἷόν
2780 582 2839 617 τε
2865 565 3034 617 ταῦτα
3081 559 3356 633 ἀλλήλοις
3406 560 3620 620 ἐναντία
3655 563 3747 622 καὶ

333 662 476 715 sunt
504 661 561 714 et
592 659 876 729 pugnant,
909 669 1014 711 nec
1051 653 1299 710 invicem
1344 653 1666 709 consistere
1713 656 1983 724 possunt,

334 747 417 803 dii
447 745 638 804 adhuc
669 745 1068 812 nominentur,
1099 741 1189 799 vel
1237 742 1324 800 eis
1368 741 1548 798 divini
1592 741 1843 798 honores
1880 741 1984 797 tri-

333 834 786 900 buantur?Quie
810 833 948 888 item
978 831 1237 888 discordi
1267 831 1424 888 inter
1465 848 1529 889 se
1576 835 1714 905 sunt
1752 835 1983 902 natura,

336 925 630 998 quomodo
661 922 793 978 aliis
815 921 1213 994 precantibus,
1240 937 1443 993 pacem
1467 921 1724 993 praebere
1751 936 1986 978 concor-

335 1015 561 1086 diaeque
591 1016 857 1068 auctores
886 1027 1015 1067 esse
1045 1009 1312 1082 queunt?
1341 1011 1541 1066 Merito
1573 1010 1754 1082 igitur
1795 1026 1988 1083 neque

336 1103 444 1170 sol,
469 1117 656 1174 neque
678 1100 838 1172 luna,
867 1117 1057 1171 neque
1100 1099 1216 1155 alia
1245 1116 1382 1172 pars
1413 1103 1635 1156 naturae
1666 1103 1893 1169 creatae,
1917 1116 1983 1155 ac

333 1193 576 1265 proinde
605 1190 793 1246 multo
825 1189 1014 1263 magis
1046 1205 1235 1262 neque
1283 1205 1353 1246 ex
1399 1189 1592 1262 lapide
1638 1204 1848 1244 aurove
1879 1205 1982 1245 seu

330 1297 399 1338 ex
428 1280 544 1338 alia
590 1279 836 1336 materia
881 1278 1133 1335 conflata
1180 1278 1518 1346 simulacra,
1580 1293 1767 1350 neque
1803 1277 1981 1334 etiam

331 1370 432 1444 qui
461 1375 766 1444 poetarum
815 1367 1033 1424 fabulis
1063 1367 1436 1424 celebrantur
1489 1367 1738 1440 Jupiter,
1779 1365 1982 1440 Apollo

330 1462 640 1532 ceterique
670 1457 918 1526 similes,
954 1458 1034 1513 dii
1064 1473 1193 1514 esse
1239 1457 1516 1513 censendi
1564 1461 1722 1525 sunt,
1765 1455 1851 1511 uti
1883 1456 1981 1512 de-

331 1549 827 1607 monstravimus:
864 1547 966 1603 sed
997 1545 1096 1602 alii
1126 1563 1194 1601 ex
1243 1546 1583 1618 hujusmodi
1635 1544 1748 1601 diis
1787 1550 1983 1617 partes

329 1643 470 1697 sunt
499 1643 720 1695 natura;
743 1642 968 1704 creatas,
994 1634 1094 1690 alii
1125 1651 1218 1692 res
1248 1641 1390 1690 sunt
1419 1635 1712 1704 inanimae,
1745 1634 1843 1690 alii
1876 1634 1980 1690 ho-

330 1729 521 1786 mines
551 1725 830 1784 mortales
858 1728 1145 1781 duntaxat
1177 1725 1355 1781 fuere.
1391 1723 1554 1780 Unde
1583 1724 1684 1797 qui
1725 1723 1856 1779 illos
1887 1740 1982 1780 co-

328 1819 460 1875 lunt
488 1823 545 1874 et
575 1819 728 1874 inter
747 1817 887 1872 deos
908 1813 1212 1880 collocant,
1236 1831 1353 1870 non
1375 1813 1672 1886 pietatem,
1698 1814 1798 1870 sed
1823 1830 1983 1869 sum-

329 1926 488 1966 mam
533 1907 894 1980 impietatem
940 1905 1305 1978 proﬁtentur,
1336 1903 1696 1975 maximique
1743 1902 1979 1973 erroris,

331 2013 446 2070 quo
475 1998 548 2054 ab
580 1997 758 2052 unius
786 2000 845 2052 et
874 1993 1058 2051 solius
1087 1993 1204 2050 veri
1255 1993 1374 2062 Dei,
1394 1991 1608 2048 Christi
1632 1991 1853 2048 scilicet
1877 1996 1979 2048 Pa-

329 2089 457 2158 tris,
491 2085 822 2160 cognitione
851 2099 1162 2151 recessere,
1193 2081 1526 2139 certissima
1567 2082 1710 2137 dant
1737 2081 1976 2139 indicia.

329 2179 692 2249 Quapropter
721 2174 998 2248 quoniam
1030 2172 1152 2228 haec
1184 2173 1266 2228 ita
1295 2189 1328 2228 a
1358 2170 1527 2227 nobis
1545 2173 1798 2228 refutatu
1817 2175 1978 2238 sunt,

327 2265 814 2336 ostendimusque
834 2261 1162 2318 inﬁdelium
1192 2259 1582 2317 idololatriam
1597 2259 1980 2332 omniimpie-

326 2355 463 2412 tatis
487 2370 698 2429 genere
730 2351 962 2425 repleri,
997 2367 1185 2424 neque
1205 2350 1276 2406 ad
1300 2351 1520 2406 bonum
1547 2349 1649 2405 sed
1679 2349 1750 2405 ad
1783 2347 1979 2420 perni-

327 2446 475 2502 ciem
488 2443 908 2500 humanaevitaa
925 2440 1324 2495 introductam
1349 2439 1561 2494 fuisse:
1585 2453 1711 2510 age,
1735 2437 1978 2495 utinitio

327 2533 732 2607 promisimus,
784 2529 1018 2604 repulso
1065 2545 1280 2596 errore,
1331 2527 1485 2582 viam
1534 2527 1798 2584 veritatis
1848 2529 1977 2599 jam

326 2624 615 2690 ineamus,
648 2626 705 2676 et
733 2621 943 2676 ducem
975 2623 1151 2690 atque
1199 2617 1470 2690 opiﬁcem
1520 2615 1745 2686 mundi,
1790 2615 1978 2672 Patris

291 2721 293 2723 ‘
325 2711 585 2768 Verbum
616 2707 1104 2780 contemplemur,
1135 2711 1200 2762 ut
1228 2723 1329 2778 per
1349 2708 1568 2778 ipsum,
1596 2706 1725 2776 ejus
1745 2721 1979 2777 quoque

326 2800 559 2857 Patrem
591 2799 778 2855 Deum
797 2811 1246 2870 cognoscamus,
1265 2793 1710 2866 intelligantque
1731 2794 1977 2866 gentiles

329 2905 506 2962 quam
534 2887 739 2961 procul
769 2887 994 2958 seipsos
1023 2901 1058 2940 a
1089 2883 1327 2940 veritate
1358 2883 1725 2940 removerint.

397 3069 485 3123 30.
520 3065 731 3123 Omnia
759 3065 997 3138 quidem
1025 3063 1129 3120 illa
1158 3079 1284 3136 quae
1316 3079 1497 3136 supra
1525 3061 1868 3130 refellimus,
1894 3063 1978 3118 ni-

326 3156 409 3213 hil
441 3155 596 3212 aliud
629 3169 759 3212 esse
788 3157 1090 3210 ostensum
1122 3158 1212 3210 est
1237 3169 1413 3225 quam
1446 3151 1660 3208 erroris
1704 3152 1976 3209 tenebras

324 3247 456 3302 vita:
478 3245 788 3302 hominum
811 3244 1050 3300 effusas.
1072 3244 1144 3298 At
1170 3243 1266 3299 via
1295 3241 1552 3298 veritatis
1570 3243 1640 3297 ad
1669 3242 1852 3298 Deum
1879 3259 1974 3298 ve-

2099 651 2404 727 μαχόμενα,
2434 652 2523 705 καὶ
2560 653 2634 724 μή
2686 648 2955 724 δυνάμενα
3007 648 3284 721 ἀλλήλοις
3334 659 3614 724 συστῆναι,
3667 653 3748 710 ἔτι

2094 737 2247 800 θεοὺς
2313 737 2621 812 ὀνομάζειν,
2679 738 2716 806 ἢ
2773 742 2906 793 Θεοῦ
2964 736 3350 814 θρησκεύεσθαι
3403 747 3613 816 τιμαῖς·
3671 744 3750 799 Τά

2096 824 2153 882 δὲ
2181 828 2316 901 πρὸς
2347 828 2511 882 ἑαυτά
2548 826 2872 906 ἀσύμφωνον
2920 828 3020 897 τήν
3070 826 3225 906 φύσιν
3273 824 3474 906 ἔχοντα
3519 836 3638 895 πῶς
3684 832 3745 888 ἂν

2095 914 2288 978 ἄλλοις
2334 911 2655 992 εὐχομένοις
2710 916 2932 989 εἰρήνην
2982 918 3297 994 παρέχοιεν,
3344 920 3434 974 καὶ
3485 919 3748 994 ὁμονοίας

2095 1005 2278 1068 αὐτοῖς
2318 1007 2563 1081 γένοιντο
2607 1009 2894 1083 πρυτάνεις
2943 1009 3056 1080 (78)
3088 1027 3102 1078 ;
3135 1004 3270 1064 Οίῖτε
3316 1007 3406 1064 οῦν
3455 1007 3621 1080 ἥλιος
3674 1012 3748 1067 εἶ·-

2093 1095 2293 1166 κότως,
2323 1091 2445 1151 οὕτε
2477 1093 2708 1167 σελήνη,
2739 1093 2863 1151 οὔτε
2893 1093 3034 1151 ἄλλο
3063 1118 3117 1152 τι
3152 1096 3317 1173 μέρος
3345 1105 3444 1168 τῆς
3492 1101 3744 1175 κτίσεως,

2093 1183 2293 1258 πολλῷ
2323 1183 2381 1242 δὲ
2409 1183 2576 1241 πλέον
2609 1183 2734 1240 οὐδὲ
2762 1187 2831 1240 τά
2856 1184 2907 1240 ἐν
2951 1183 3126 1248 λίθοις
3157 1187 3247 1241 καὶ
3294 1194 3485 1264 χρυσῷ
3509 1189 3601 1245 καὶ
3625 1197 3747 1256 ταῖς

2094 1273 2292 1337 ἄλλαις
2343 1273 2501 1338 ὕλαις
2534 1273 2847 1351 ἀγάλματα,
2883 1273 3008 1329 οὐδὲ
3057 1276 3109 1330 οἱ
3153 1278 3302 1352 παρά
3349 1285 3606 1349 ποιηταῖς
3643 1303 3743 1355 μυ-

2093 1364 2376 1438 θευόμενοι
2409 1367 2522 1438 (79)
2553 1365 2683 1427 Ζεὺς
2711 1365 2800 1419 καὶ
2845 1361 3136 1420 Ἀπόλλων
3184 1366 3274 1421 καὶ
3327 1369 3379 1422 οἱ
3430 1366 3594 1424 ἄλλοι
3642 1369 3742 1427 εἶεν

2095 1452 2315 1525 ἀληθῶς
2344 1453 2477 1525 θεοῖ,
2511 1455 2587 1516 ὡς
2619 1456 2646 1509 6
2678 1451 2849 1528 λόγος
2895 1451 3186 1525 ἀπέδειξενο
3219 1453 3366 1511 ἀλλά
3409 1459 3477 1512 τά
3519 1460 3614 1532 μὲν
3648 1459 3742 1514 αὐ-

2089 1547 2197 1598 τῶν
2235 1544 2371 1620 μέρη
2405 1551 2506 1612 τῆς
2537 1542 2766 1605 κτίσεώς
2793 1542 2924 1614 ἐστι,
2973 1543 3041 1598 τὰ
3071 1541 3129 1599 δὲ
3177 1544 3351 1600 αὐτῶν
3404 1544 3590 1624 ἄψυχα
3617 1569 3745 1626 τυγ-

2091 1631 2283 1708 χάνει,
2329 1634 2398 1687 τά
2445 1630 2502 1687 δὲ
2555 1632 2716 1704 μόνον
2768 1631 3042 1707 ἅνθρωποι
3089 1635 3279 1704 θνητοὶ
3326 1635 3599 1713 γεγόνασι.
3652 1641 3746 1694 Διὸ
3803 1677 3807 1681 -

2090 1721 2180 1776 καὶ
2233 1724 2268 1790 ἠ
2319 1720 2441 1795 περὶ
2484 1726 2652 1778 ταῦτα
2693 1721 2954 1798 θρησκεία
3012 1722 3102 1777 καὶ
3149 1724 3396 1780 θεοποιία
3446 1724 3546 1782 οὐκ
3597 1727 3742 1783 εὗσε-

2092 1805 2264 1882 ϐείας,
2293 1808 2439 1865 ἀλλά
2472 1810 2760 1882 ἀθεότητος
2788 1811 2879 1865 καὶ
2926 1812 3106 1881 πάσης
3155 1809 3397 1877 ἀσεϐείας
3448 1813 3590 1872 ἐστὶν
3639 1817 3746 1873 εἰσ-

2089 1901 2313 1975 ήγησις,
2345 1900 2433 1958 καὶ
2468 1899 2717 1975 μεγάλης
2764 1898 2983 1972 πλάνης
3037 1899 3270 1979 ἔλεγχος
3315 1904 3421 1958 ἀπὸ
3469 1912 3572 1976 τῆς
3607 1907 3744 1984 πρὸς

2089 1990 2180 2044 τὸν
2211 1986 2304 2044 ἕνα
2332 1990 2422 2044 καὶ
2455 1988 2619 2064 μόνον
2655 1987 2912 2060 ἀληθινὸν
2939 1991 3066 2046 Θεὸν
3089 1989 3524 2070 γνώσεως,λέγω
3557 1993 3623 2066 δὴ
3651 1997 3740 2052 τὸν

2089 2083 2186 2134 τοῦ
2243 2083 2475 2155 Χριστοῦ
2534 2078 2765 2156 Πατέρα.
2810 2082 2934 2135 Ὅτε
2979 2081 3160 2136 τοίνυν
3207 2083 3320 2156 (80)
3368 2085 3517 2139 ταῦθ’
3568 2085 3742 2150 οὕτως

2091 2166 2377 2246 ἐλέγχεται
2425 2169 2516 2224 καὶ
2548 2167 2877 2239 δέδεικταιὴ
2909 2171 3056 2244 παρά
3099 2176 3217 2233 τοῖς
3267 2170 3534 2244 Ἕλλησιν
3588 2173 3741 2231 εἰδω-

2090 2257 2386 2336 λολατρεία
2414 2260 2592 2329 πάσης
2625 2259 2916 2329 ἀθεότητος
2949 2257 3080 2315 οὖσα
3132 2263 3322 2334 μεστὴ,
3373 2264 3463 2318 καὶ
3514 2263 3612 2320 οὐκ
3658 2266 3742 2320 ἐπ’

2089 2346 2356 2425 ὠφελείᾳ,
2410 2347 2533 2403 ἀλλ’
2582 2347 2664 2404 ἐπ’
2711 2346 2960 2421 ἀπωλείᾳ
3003 2354 3084 2421 τῷ
3138 2351 3242 2424 βίῳ
3290 2355 3398 2407 τῶν
3447 2354 3738 2428 ἀνθρώπων

2090 2437 2418 2513 εἰσαχθεῖσα·
2469 2439 2594 2516 φέρε
2643 2436 2856 2510 λοιπὸν,
2890 2439 2965 2501 ὡς
3000 2437 3052 2510 ἐξ
3092 2440 3272 2516 ἀρχῆς
3305 2443 3333 2495 6
3365 2439 3533 2519 λόγος
3567 2443 3740 2520 ἐπηγ-

2088 2525 2332 2602 γείλατο,
2363 2533 2466 2596 τῆς
2497 2526 2708 2598 πλάνης
2739 2525 3176 2605 διελεγχθείσης,
3206 2531 3304 2599 τήν
3346 2537 3448 2601 τῆς
3481 2529 3741 2604 ἀληθείας

2089 2613 2211 2670 ὁδὸν
2262 2613 2594 2690 ὁδεύσωμεν,
2647 2615 2736 2672 καὶ
2782 2619 3146 2693 θεωρήσωμεν
3200 2620 3292 2674 τὸν
3347 2621 3596 2695 ἡγεμόνα
3649 2624 3740 2678 καὶ

2089 2703 2428 2782 δημιουργὸν
2472 2709 2570 2760 τοῦ
2617 2707 2817 2768 παντὸς
2864 2709 2976 2779 (81)
3017 2707 3108 2761 τὸν
3138 2711 3237 2762 τοῦ
3284 2709 3494 2785 Πατρὸς
3537 2709 3738 2786 Λόγον,

2081 2792 2171 2850 ’ίνα
2201 2791 2270 2849 δι’
2318 2794 2482 2850 αὐτοῦ
2521 2795 2610 2850 καὶ
2656 2795 2747 2850 τὸν
2792 2794 2988 2850 τούτου
3032 2797 3244 2874 Πατέρα
3293 2799 3420 2853 Θεὸν
3469 2803 3739 2872 κατανοή-

2087 2904 2289 2958 σωμεν,
2321 2882 2410 2939 καί
2445 2888 2642 2958 γνῶσιν
2690 2882 2965 2955 ’Έλληνες
3008 2884 3133 2941 ὅσον
3181 2893 3284 2956 τῆς
3334 2885 3594 2957 ἀληθείας
3624 2890 3741 2945 ἑαυ-

2085 2973 2213 3036 τοὺς
2245 2973 2506 3049 ἀπεσχοίν
2518 2995 2652 3031 ισαν.

2157 3066 2247 3121 30.
2276 3064 2351 3117 Τά
2386 3063 2479 3137 μὲν
2512 3065 2625 3137 (82)
2669 3065 3037 3138 προειρημένα
3081 3063 3231 3120 οὐδὲν
3268 3062 3450 3142 ἕτερον
3480 3066 3517 3135 ἢ
3549 3069 3731 3138 πλάνη

2084 3155 2164 3224 τῷ
2198 3151 2302 3226 βίῳ
2333 3147 2670 3227 διηλέγχθη’
2702 3152 2737 3220 ἡ
2771 3149 2828 3205 δὲ
2855 3157 2958 3220 τῆς
2989 3151 3247 3221 ἀληθείας
3305 3151 3431 3216 ὁδὸς
3462 3154 3599 3226 πρὸς
3641 3155 3734 3210 τὸν

2087 3235 2254 3302 ὅντως
2285 3236 2410 3294 ὄντα
2438 3240 2566 3296 Θεὸν
2597 3237 2702 3311 ἕξει
2726 3241 2817 3294 τὸν
2843 3241 3065 3298 σκοπόν.
3100 3243 3242 3316 Πρὸς
3292 3239 3349 3298 δὲ
3394 3244 3494 3313 τὴν
3532 3243 3736 3315 ταύτης

324 3352 456 3391 rum
483 3331 707 3391 tendit:
743 3334 816 3390 ad
847 3350 1026 3406 quam
1057 3331 1522 3403 cognoscendam
1553 3335 1611 3386 et
1656 3336 1814 3387 certo
1854 3348 1976 3404 per-

2092 3334 2285 3405 γνῶσιν
2335 3330 2426 3383 καὶ
2475 3324 2672 3405 ἀκριϐῆ
2708 3332 2821 3404 (83)
2869 3329 3176 3404 κατάληψιν
3228 3331 3329 3386 οὐκ
3379 3330 3565 3388 ἄλλων
3599 3333 3740 3389 ἐστὶν

324 3425 686 3498 spiciendam
719 3440 835 3479 non
865 3423 997 3478 aliis
1022 3437 1200 3493 quam
1233 3421 1405 3476 nobis
1435 3421 1580 3493 ipsis
1611 3437 1760 3493 opus
1799 3421 1976 3478 habe-

324 3531 457 3570 mus
481 3532 493 3570 :
527 3529 737 3586 neque,
773 3518 841 3568 ut
869 3517 960 3568 est
987 3511 1114 3584 ipse
1142 3509 1300 3566 Deus
1321 3525 1501 3582 supra
1523 3510 1742 3582 omnia,
1761 3510 1844 3566 ita
1861 3511 1972 3580 via,

323 3620 449 3676 quae
480 3604 552 3659 ad
583 3602 752 3658 illum
784 3602 964 3671 ducit,
1013 3600 1154 3656 foris
1201 3604 1258 3655 et
1305 3597 1509 3671 procul
1560 3615 1593 3653 a
1637 3598 1808 3653 nobis
1847 3603 1972 3654 est:

326 3708 528 3761 verum
559 3693 620 3747 in
652 3689 822 3747 nobis
843 3690 992 3762 ipsis
1010 3694 1121 3755 est,
1155 3689 1401 3760 ejusque
1425 3687 1662 3742 initium
1695 3686 1851 3742 haud
1883 3693 1974 3743 est

321 3780 560 3836 difﬁcile
583 3797 618 3836 a
648 3779 819 3835 nobis
849 3777 1122 3850 reperire,
1157 3781 1222 3832 ut
1277 3781 1334 3832 et
1382 3777 1612 3848 Moyses
1660 3776 1752 3832 his
1781 3777 1975 3834 verbis

323 3869 523 3925 docuit
543 3869 654 3941 (84)
679 3885 694 3926 :
732 3868 960 3925 Verbum
989 3866 1118 3937 ﬁdei
1137 3868 1301 3922 intra
1315 3873 1584 3922 cortuum
1611 3869 1688 3921 est
1713 3867 1775 3920 ιθ.
1809 3867 1972 3932 Quod

319 3959 478 4014 idem
522 3957 786 4015 Salvator
837 3955 1149 4012 declaravit
1195 3961 1252 4012 et
1317 3955 1688 4010 conﬁrmavit
1732 3955 1972 4012 dicens:

323 4049 571 4118 Regnum
589 4048 686 4102 Dei
702 4049 856 4102 intra
885 4062 976 4101 vos
1011 4049 1089 4101 est
1124 4045 1188 4101 ¹’¹.
1221 4043 1367 4108 Quia
1394 4043 1554 4100 enim
1586 4043 1747 4100 intus
1779 4045 1838 4099 in
1869 4061 1973 4100 no-

325 4136 543 4192 bismet
561 4137 706 4206 ipsis
727 4136 903 4191 ﬁdem
935 4149 1301 4207 regnumque
1337 4134 1431 4190 Dei
1462 4133 1772 4204 habemus,
1807 4133 1973 4191 facile

320 4243 641 4299 possumus
673 4224 1070 4282 universitatis
1119 4229 1421 4290 rectorem,
1472 4223 1666 4278 Patris
1715 4222 1972 4280 salutare

326 4317 577 4371 Verbum
611 4314 939 4387 intelligere
961 4318 1017 4371 et
1038 4312 1441 4384 contemplari.
1469 4312 1583 4368 Nec
1604 4329 1736 4369 vero
1769 4313 1863 4369 hic
1883 4330 1975 4369 ex-

319 4406 624 4463 cusatione
650 4410 894 4462 utantur
938 4404 1187 4478 gentiles
1234 4401 1574 4470 idololatria,
1624 4419 1729 4458 nec
1779 4403 1971 4475 quivis

319 4495 472 4552 alius
493 4497 754 4568 seipsum
783 4509 1090 4568 perperam
1123 4492 1396 4564 decipiat,
1429 4491 1596 4564 quasi
1627 4491 1971 4564 hujusmodi

319 4586 414 4642 via
437 4587 712 4652 caruerit,
761 4600 826 4639 ac
855 4583 1100 4656 proinde
1123 4584 1348 4654 justam
1380 4581 1699 4654 impietatis
1729 4599 1970 4639 causam

2085 3422 2220 3493 ἡμῖν
2254 3419 2436 3495 χρεία,
2473 3416 2598 3474 ἀλλ’
2627 3420 2788 3492 ἡμῶν
2823 3419 3018 3476 αὐτῶν·
3053 3417 3164 3476 οὐδ’
3196 3419 3377 3496 ὥσπερ
3410 3421 3551 3477 ἐστὶν
3579 3422 3738 3486 αὐτὸς

2086 3511 2114 3564 6
2145 3509 2273 3572 Θεὸς
2307 3509 2552 3584 ὑπεράνω
2581 3508 2815 3580 πάντων,
2844 3508 2988 3564 οὕτω
3019 3509 3109 3565 καὶ
3139 3513 3175 3580 ἡ
3208 3512 3346 3588 πρὸς
3374 3516 3579 3570 ,τοῦτον
3614 3509 3738 3575 ὁδὸς

2084 3597 2361 3674 πόρρωθεν
2462 3595 2650 3668 ἔξωθεν
2682 3600 2841 3671 ἡμῶν
2876 3597 3037 3653 ἐστιν·
3072 3597 3198 3654 ἀλλ’
3228 3598 3283 3655 ἐν
3313 3603 3450 3673 ἡμῖν
3486 3601 3617 3670 ἐστι,
3648 3601 3738 3656 καὶ

2087 3688 2174 3765 ἀφ’
2204 3689 2366 3760 ἡμῶν
2386 3688 2557 3761 εὑρεῖν
2580 3689 2678 3756 τήν
2709 3688 2888 3764 ἀρχὴν
2912 3685 3156 3758 δυνατὸν,
3177 3689 3357 3752 καθὼς
3387 3690 3476 3745 καὶ
3499 3697 3736 3761 Μωϋσῆς

2087 3773 2331 3831 ἐδίδασκε
2389 3775 2566 3852 λέγων
2602 3794 2616 3808 ·
2665 3776 2735 3830 Τὸ
2786 3777 2938 3852 ῥῆμα
2982 3785 3084 3847 τῆς
3138 3777 3376 3842 πίστεως
3434 3779 3580 3844 ἐντὸς
3635 3787 3736 3850 τῆς

2083 3864 2307 3940 καρδίας
2339 3870 2436 3920 σοῦ
2463 3865 2622 3923 ἐστιν.
2677 3869 2844 3940 Ὅπερ
2887 3867 2976 3922 καὶ
3009 3869 3037 3922 6
3071 3869 3268 3942 Σωτὴρ
3317 3870 3600 3943 σημαίνων
3646 3869 3735 3925 καὶ

2089 3949 2322 4030 βεϐαιῶν
2379 3953 2584 4031 ἔλεγεν·
2637 3956 2699 4010 Ἡ
2750 3954 3000 4032 βασιλεία
3045 3961 3143 4011 τοῦ
3193 3962 3328 4012 Θεοῦ
3383 3957 3530 4020 ἐντὸς
3583 3959 3733 4032 ὑμῶν

2084 4043 2248 4101 ἐστιν.
2281 4041 2467 4099 Ἔνδον
2520 4045 2624 4121 γὰρ
2669 4044 2720 4100 ἐν
2767 4045 2977 4108 ἑαυτοῖς
3027 4044 3247 4123 ἔχοντες
3294 4048 3395 4116 τήν
3433 4045 3612 4102 πίστιν
3643 4047 3732 4102 καὶ

2080 4136 2179 4203 τήν
2218 4132 2494 4208 βασιλείαν
2535 4138 2632 4188 τοῦ
2686 4138 2842 4204 Θεοῦ,
2892 4131 3158 4209 δυνάμεθα
3200 4137 3416 4211 ταχέως
3466 4137 3734 4212 θεωρῆσαι

2081 4224 2170 4278 καὶ
2201 4229 2393 4293 νοῆσαι
2425 4224 2515 4278 τὸν
2547 4227 2645 4278 τοῦ
2676 4224 2876 4286 παντὸς
2931 4223 3176 4300 βασιλέα,
3225 4229 3324 4280 τοῦ
3365 4225 3576 4300 Πατρὸς
3627 4247 3735 4282 σωο

2079 4314 2271 4389 τήριον
2297 4311 2495 4388 Λόγον.
2540 4314 2638 4368 Καὶ
2691 4315 2766 4386 μή
2816 4315 3327 4392 προφασιζέσθωσαν
3379 4313 3652 4386 Ἕλληνες
3687 4316 3741 4372 οἱ

2079 4407 2199 4464 τοῖς
2226 4399 2481 4464 εἰδώλοις
2497 4401 2904 4477 θρησκεύοντες·
2935 4400 3075 4477 μηδὲ
3104 4401 3277 4467 ἄλλος
3299 4425 3382 4465 τις
3409 4401 3601 4467 ἁπλῶς
3625 4407 3739 4477 (85)

2083 4489 2267 4546 ἑαυτὸν
2301 4492 2580 4564 ἀπατάτω,
2613 4492 2688 4554 ὡς
2717 4494 2817 4562 τὴν
2848 4493 3105 4563 τοιαύτην
3156 4490 3278 4548 ὁδὸν
3313 4492 3411 4548 οὐκ
3449 4490 3615 4567 ἔχων,
3645 4493 3736 4549 καὶ

2083 4579 2173 4636 διά
2200 4585 2364 4636 τοῦτο
2414 4588 2515 4652 τῆς
2549 4580 2840 4651 ἀθεότητος
2893 4580 3084 4638 ἑαυτοῦ
3132 4583 3397 4661 πρόφασιν
3448 4579 3733 4656 εὑρίσκων.

319 4674 610 4731 habuerit.
644 4673 948 4746 Siquidem
979 4689 1183 4729 omnes
1213 4671 1274 4726 in
1304 4688 1434 4728 eam
1460 4671 1616 4728 viam
1646 4687 1856 4728 sumus
1886 4671 1972 4727 in-

2092 4672 2282 4734 Πάντες
2314 4672 2418 4746 γάρ
2470 4671 2546 4734 εἷς
2592 4670 2758 4741 αὐτὴν
2804 4665 3207 4748 ἐπιϐεϐήκαμεν
3255 4672 3346 4727 καὶ
3396 4667 3597 4747 ἔχομεν
3625 4714 3640 4742 ,
3689 4671 3736 4728 εί

389 4801 434 4836 ¹⁶
464 4799 697 4857 Denter.
729 4815 859 4866 xxx,
894 4799 981 4853 14.
1015 4798 1058 4833 ³⁷
1089 4798 1227 4854 Luc.
1259 4812 1400 4864 xvu,
1431 4798 1523 4853 21.

395 4925 508 4998 (78)
537 4928 773 4998 Seguer.
798 4925 1041 4998 Gobler.
1072 4923 1326 4979 Felckm.
1361 4925 1398 4998 1-
1413 4939 1515 4998 an.
1546 4919 1830 4998 πρύτανις.

317 4994 426 5052 Sed
454 4994 684 5070 Goblér,
712 5001 769 5070 et
796 4995 1042 5070 Felcli._4
1093 5012 1268 5070 anon.
1318 4994 1684 5070 soli_habent
1740 4995 1968 5070 γένοιτο.

318 5073 451 5124 Mox
477 5073 611 5124 ante
641 5067 836 5128 εἱκόως
866 5068 1051 5123 Felck.
1088 5069 1176 5139 43,
1210 5083 1306 5122 an.
1341 5066 1507 5123 addit
1535 5066 1647 5122 καί.

389 5139 504 5193 (79)
536 5140 775 5193 Sezuer.
815 5135 1306 5193 μυθολογούιιενοι.

389 5140 504 5212 (79)
536 5140 775 5264 Βθῗςυθν.
815 5140 1306 5212 μυθολογούμενοι.

391 5211 504 5284 (80)
535 5215 604 5265 To
631 5232 722 5265 νυν
756 5213 922 5284 abest
950 5228 984 5266 8.
1031 5209 1214 5284 Basili
1234 5211 1347 5284 _Ib.
1408 5205 1695 5284 ἐλέγχεται
1743 5209 1911 5284 abest
1939 5226 1974 5267 8.

323 5281 500 5338 Basil.
531 5288 591 5356 et
625 5283 854 5356 Anglic.
873 5283 1017 5356 Item
1036 5299 1173 5356 mea
1185 5281 1415 5356 Glober.
1438 5281 1714 5356 et_P‘elck.
1742 5283 1969 5356 lanon.

363 5352 849 5436 rojrapa’rhabent
876 5353 1020 5436 napi.
1053 5354 1348 5436 In‘iisdem
1363 5352 1553 5436 paulo
1598 5359 1726 5436 post
1759 5355 1969 5436 desunt

321 5370 600 5478 Exiguae
633 5370 849 5446 habent
876 5370 1020 5436 napi.
1053 5370 1117 5409 1n
1138 5370 1553 5444 1180091,!)8010
1598 5370 1726 5426 ροει
1759 5370 1860 5409 aes

393 5425 1387 5550 (81ιπείῖπὲἐςξῦἷύθᾶἐιῗι,ξῗδίηίὲιῖἶμ
1675 5425 1860 5550 (Egit

393 5497 506 5570 (81)
539 5497 632 5553 Sic
662 5500 899 5572 Seguer.
923 5497 1088 5554 Gobl.
1113 5502 1169 5552 et
1199 5497 1387 5554 Felck.
1423 5499 1444 5552 l
1485 5513 1657 5554 anon.
1692 5498 1800 5552 Alii
1834 5513 1969 5552 cum

317 5568 489 5624 editis
511 5570 790 5626 omittunt
824 5572 921 5623 τοῦ
946 5567 1166 5629 παντός.
1198 5570 1475 5626 Eamdem
1509 5584 1741 5640 quoque
1770 5584 1968 5624 vocem

315 5641 652 5713 exprimunt
670 5643 838 5697 Amb.
865 5643 1026 5698 Cam.
1050 5647 1108 5697 et
1128 5641 1394 5713 _Nannius
1421 5656 1434 5694 :
1457 5656 1570 5713 non
1604 5657 1736 5696 vero
1765 5640 1968 5696 Omni-

310 5711 466 5788 bonu
476 5730 537 5788 s._
549 5713 734 5788 Paulo
752 5720 886 5788 post
911 5731 1020 5788 vox
1039 5711 1175 5788 Θεόν
1199 5715 1365 5788 abest
1386 5712 1694 5788 aFelckm.
1713 5713 1760 5788 A3
1789 5729 1964 5788 anon.

381 5784 480 5872 (82
505 5785 645 5849 Post
665 5782 772 5867 μέν’
793 5784 1018 5862 Anglic.
1043 5784 1209 5844 addit
1243 5783 1370 5866 γάρ,
1415 5782 1580 5844 Gobl.
1613 5788 1672 5845 et
1710 5783 1900 5844 Felck.
1937 5784 1962 5845 1

2083 4942 2259 4984 anon.
2292 4920 2407 4980 οῦν.

2153 4999 2266 5074 (83)
2296 4997 2429 5074 S_eg.
2485 4995 2652 5054 Gobl.
2701 4997 2819 5055 Fel.
2871 4997 2896 5054 1
2947 5015 3045 5056 an.
3106 4997 3346 5068 ἀπλανῆ.
3382 4999 3736 5074 Interpretes

2083 5063 2281 5144 ἀκριεῆ
2315 5063 2600 5144 lasanum-

2153 5140 2266 5214 (84)
2315 5140 2418 5214 Hic
2458 5140 2624 5214 locus
2659 5141 3052 5214 est,ex_Deut.
3105 5159 3238 5214 xxx,
3294 5143 3383 5214 ili,
3435 5141 3536 5198 ubi
3585 5140 3736 5214 legi:

2082 5209 2183 5267 tur
2213 5209 2408 5302 Ἐγγές
2468 5231 2562 5297 σου
2734 5211 2796 5265 τὸ
2851 5211 3003 5302 ῥῆμία
3059 5209 3266 5302 σφόὸρα
3308 5209 3475 5302 ’ἐντῷ
3505 5209 3734 5302 στόματί

2081 5303 2177 5337 σου
2207 5280 2297 5337 καὶ
2323 5280 2393 5336 ’έν
2441 5287 2510 5356 τῇ
2542 5280 2737 5358 καρδίᾳ
2776 5280 3115 5358 σουζῚιιφιίί
3165 5280 3213 5342 ιὲ
3240 5290 3321 5342 est
3366 5280 3737 5358 sermopalde

2081 5359 2142 5430 in
2173 5372 2264 5430 ore
2285 5365 2377 5430 tuo
2407 5365 2457 5410 et
2487 5353 2547 5430 ir;
2577 5353 2740 5412 corde
2769 5365 2880 5430 tuo.
2915 5358 2998 5430 Et
3017 5357 3186 5415 Rom.
3218 5360 3379 5430 x,_8_:
3405 5353 3604 5430 Ἐγγύς
3638 5376 3734 5430 σου

2078 5428 2139 5481 τὸ
2173 5426 2326 5502 ῥῆμά
2357 5424 2494 5502 ἐστιν
2528 5425 2578 5482 ἐν
2635 5430 2716 5502 τῷ
2751 5427 2999 5502 ’στόματί
3059 5447 3158 5502 σου
3210 5424 3300 5482 καὶ
3333 5426 3404 5502 ἐν.
3439 5424 3736 5502 τῇκᾳρδίᾳ

2080 5495 2370 5574 σου’,τοῦτ’
2425 5495 2562 5568 ἓστι,
2615 5495 2697 5574 τὸ
2737 5495 2889 5574 ῥῆμα
2941 5505 3044 5568 τῆς
3096 5497 3332 5554 πίστεωτ
3373 5497 3404 5552 6'
3457 5495 3735 5574 κηρύσσοέ-

2126 5589 2198 5626 εν.
2231 5572 2409 5642 Prope
2436 5574 2512 5646 est
2568 5571 2797 5646 verbum
2845 5575 2906 5646 in
2935 5588 3030 5628 ore
3066 5580 3172 5646 _tuo
3222 5581 3273 5628 et
3300 5575 3362 5629 in
3418 5571 3576 5630 corde
3619 5584 3734 5646 tuo,

2117 5651 2318 5728 οεςηςει,⁸
2338 5641 2565 5728 tertium
2744 5643 2892 5728 _quod
2911 5644 3314 5728 praedicamus.

2149 5715 2261 5790 (85)
2292 5713 2510 5789 Anglic.
2545 5711 3003 5778 οέηἰιῐὶῑὰπλῶς.
