4160 6396
381 461 454 522 δι
700 428 703 429 ί
1570 455 1867 519 ORATIO
1910 455 2225 518 CONTRA
2268 455 2602 518 GENTES.

3722 459 3803 520 62

379 592 471 648 καὶ
523 592 598 665 μὴ
644 591 840 653 πάντες
886 589 1053 659 αὐτὴν
1103 587 1344 659 ὁδεύειν,
1401 586 1546 645 ἀλλὰ
1596 585 1913 663 παροδεύειν
1949 586 2035 643 έκ-

2168 589 2359 661 ;ressi,
2381 604 2586 645 omnes
2616 606 2745 646 eam
2775 589 3087 661 habemus,
3118 590 3254 648 licet
3273 609 3388 648 non
3410 608 3617 649 omnes
3637 592 3801 649 illam

381 677 655 744 ϐαίνοντες
711 679 929 736 θέλουσι
984 677 1072 735 διὰ
1111 680 1206 743 τάς
1259 678 1449 750 ἔξωθεν
1520 678 1714 741 αὐτοὺς
1774 676 2041 739 ἑλκούσας

379 769 584 841 ἡδονὰς
612 774 709 826 τοῦ
744 769 887 846 βίου.
920 770 1021 825 Καὶ
1054 766 1107 825 εἷ’
1127 791 1210 833 τις
1238 768 1298 823 ἂν
1332 764 1531 844 ἔροιτο,
1563 767 1648 830 τίς
1680 768 1738 822 ἃν
1771 764 1853 838 εἷή
1881 766 2040 836 αὕτη’

380 858 625 937 φημὶδή
665 861 766 929 τὴν
814 860 1039 915 ἑκάστου
1079 860 1263 936 ψυχὴν
1312 857 1467 927 εἶναι,
1516 858 1608 912 καὶ
1654 858 1745 912 τὸν
1800 856 1851 911 έν
1902 855 2037 925 αὖτῆ

376 953 504 1005 νοῦν
707 948 785 1002 Δι’
810 946 974 1003 αὐτοῦ
1005 948 1109 1024 γάρ
1146 946 1310 1020 μόνου
1334 943 1551 1001 δύναται
1574 945 1704 1008 Θεὸς
1725 946 2047 1019 θεωρεῖσθαι

377 1038 470 1096 καὶ
502 1038 761 1093 νοεῖσθαι⁸
793 1036 946 1099 ἐκτὸς
979 1037 1023 1091 εἰ
1060 1037 1159 1111 μὴ,
1193 1034 1372 1110 ὥσπερ
1402 1036 1495 1089 τὸν
1552 1035 1679 1091 Θεὸν
1713 1036 2046 1111 ἠρνήσαντο,

380 1127 564 1185 οὕτωκ
597 1128 651 1182 αἰ
682 1129 867 1203 ψυχὴν
912 1125 1057 1202 ἔχειν
1108 1126 1535 1198 παραιτήσονται
1592 1127 1644 1179 οἱ
1691 1118 1927 1192 ἀσεϐεῖς,
1974 1123 2045 1178 εἰ-

378 1217 558 1281 κότως
599 1220 775 1271 τοῦτο
822 1216 929 1294 πρὸ
957 1220 1065 1271 τῶν
1115 1212 1300 1269 ἄλλων
1339 1211 1610 1289 λέγοντες.
1645 1212 1718 1268 Ού
1750 1215 1852 1289 γὰρ
1885 1212 2050 1288 ἐχόν-

378 1329 494 1364 των
520 1306 637 1362 ἔστι
665 1310 792 1362 νοῦν
824 1308 936 1381 (86)
983 1304 1267 1381 ἀρνεῖσθαθ
1294 1303 1384 1359 τὸν
1429 1301 1626 1359 τούτου
1670 1303 1908 1372 ποιητὴν
1957 1317 2050 1371 καὶ

384 1395 730 1472 δημιουργὸν
785 1394 912 1451 Θεόν
949 1438 962 1452 .
995 1396 1112 1449 Ὅτι
1169 1393 1262 1467 μὲν
1322 1389 1411 1447 οῦν
1462 1389 1687 1455 ἕκαστος
1744 1392 2049 1467 ἀνθρώπων

388 1488 577 1564 ψυχὴν
610 1481 725 1561 ἔχει
754 1482 844 1540 καί
892 1484 1094 1555 ταύτην
1141 1480 1397 1559 λογικὴν,
1444 1484 1534 1537 καὶ
1562 1487 1726 1538 τοῦτο
1757 1480 2047 1557 ἀναγκαῖόν

391 1576 504 1633 ἐστι
538 1572 705 1646 δεῖξαι
735 1571 805 1629 δι’
855 1571 1062 1649 ὀλίγων
1113 1570 1202 1627 διὰ
1245 1571 1374 1634 τοὺς
1424 1570 1727 1647 ἀκεραίους,
1778 1572 1894 1626 ἐπεὶ
1949 1572 2049 1645 μά-

382 1664 547 1723 λιστά
590 1685 733 1728 τινες
779 1664 884 1718 ἀπὸ
930 1667 1037 1717 τῶν
1089 1662 1346 1735 αἱρέσεων
1396 1660 1684 1738 ἀρνοῦνται
1731 1660 1823 1715 καὶ
1865 1665 2050 1745 τοῦτο,

382 1755 629 1829 οἰόμενοι
666 1750 835 1828 μηδὲν
866 1750 1035 1807 πλέον
1083 1753 1196 1825 (87)
1248 1750 1379 1805 εἶναι
1424 1751 1516 1805 τὸν
1567 1748 1871 1826 ἄνθρωπον,
1913 1750 1950 1819 ἢ
1989 1751 2052 1805 τὸ

384 1843 708 1923 φαινόμενον
742 1838 888 1903 εἶδος
918 1844 1017 1895 τοῦ
1045 1840 1320 1913 σώματος’
1345 1836 1439 1893 ἵνα
1463 1838 1668 1907 ταύτης
1719 1835 2052 1914 δειχθείσης,

387 1933 753 2013 φανερώτερον
788 1930 858 1986 δι’
890 1931 1092 1986 έαυτῶν
1122 1928 1214 1983 τὸν
1261 1929 1397 1983 κατὰ
1439 1932 1550 1984 τῶν
1588 1926 1834 1982 εἰδώλων
1870 1924 2052 2003 ἔλεγε-

384 2042 486 2100 χον
518 2021 662 2098 ἔχειν
697 2019 991 2093 δυνηθῶσι.

460 2204 550 2260 31.
610 2204 834 2277 Πρῶτον
913 2199 1007 2274 μὶν
1071 2194 1167 2252 οῦν
1237 2195 1299 2251 ού
1363 2197 1552 2272 μικρὸν
1610 2197 1900 2275 γνώρισμα
1948 2201 2045 2252 τοῦ

390 2289 625 2367 λογικὴν
658 2289 796 2345 εἶναι
822 2290 922 2358 τὴν
953 2291 1061 2343 τῶν
1112 2286 1410 2363 ἀνθρώπων
1441 2288 1650 2363 ψυχὴν,
1684 2285 1745 2342 ἐκ
1783 2290 1880 2341 τοῦ
1908 2288 2046 2363 πρὸς

388 2382 459 2435 τὰ
506 2378 684 2455 ἄλογα
732 2375 1080 2433 διαλλάττειν
1132 2375 1322 2446 αύτήψ
1375 2373 1465 2431 διὰ
1510 2380 1674 2432 τοῦτο
1721 2377 1825 2452 γάρ
1876 2376 2048 2431 ἑκεῖνα

397 2468 490 2543 μὶν
522 2466 709 2524 καλεῖν
742 2464 919 2543 ἄλογα
947 2469 982 2537 ἡ
1016 2464 1172 2546 φύσις
1225 2461 1431 2539 εἷ’ωθεν,
1477 2463 1664 2536 ἐπειδὴ
1695 2471 1803 2521 τῶν
1838 2467 2042 2543 ἀνθρώ-

390 2579 508 2613 πων
538 2558 601 2613 τὸ
627 2556 784 2633 γένος
816 2556 927 2611 ἐστὶ
980 2554 1226 2633 λογικόν·
1282 2555 1467 2612 ἔπειτα
1514 2552 1571 2610 δὲ
1616 2556 1706 2610 καὶ
1744 2557 1857 2630 (88)
1886 2561 2047 2611 τοῦτο

389 2648 525 2725 πρὸς
559 2644 830 2717 ἀπόδειξιν
864 2645 926 2701 οὐ
957 2646 1020 2701 τὸ
1054 2648 1222 2723 τυχὸν
1275 2646 1333 2701 ἂν
1385 2643 1493 2719 εἷή,
1529 2644 1587 2700 ἐκ
1614 2649 1711 2700 τοῦ
1762 2645 1923 2719 μόνον
1954 2646 2045 2700 τὸν

392 2734 674 2812 ἄνθρωπον
723 2736 792 2790 τά
822 2729 1011 2806 ἔξωθεν
1046 2736 1236 2791 ἑαυτοῦ
1280 2734 1613 2811 λογίζεσθαι,
1662 2734 1753 2789 καὶ
1801 2733 2046 2809 ἐνθυμεῖ-

392 2828 512 2882 σθαι
566 2827 635 2881 τὰ
687 2827 763 2899 μὴ
820 2826 1085 2901 παρόντα,
1138 2827 1229 2881 καὶ
1278 2823 1444 2881 πάλιν
1499 2823 1900 2901 ἐπιλογίζεσθαι
1960 2825 2051 2880 καὶ

391 2916 563 2992 κρίσει
593 2916 656 2970 τὸ
700 2919 945 2990 κρεῖττον
993 2920 1101 2971 τῶν
1152 2914 1437 2992 λογισμῶν
1489 2916 1798 2990 αἱρεῖσθαι·
1828 2916 1894 2970 τὰ
1954 2916 2049 2989 μὲν

393 3007 497 3082 γὰρ
529 3002 729 3081 ἄλογα,
768 3005 909 3079 μόνα
952 3006 1021 3060 τὰ
1071 3005 1313 3080 παρόντα
1370 3002 1582 3081 βλέπει,
1614 3005 1870 3077 καὶπρὸς
1919 3006 2054 3078 μόνα

392 3097 458 3153 τὰ
492 3094 543 3151 έν
575 3092 889 3173 ὀφθαλμοῖς
942 3096 1111 3170 ὁρμᾷ,
1162 3094 1257 3149 κᾶν
1316 3094 1449 3169 μετά
1495 3098 1665 3149 ταῦτα
1704 3095 1803 3163 τὴν
1839 3091 2050 3171 βλάϐην

398 3183 518 3261 ἔχῃ.
552 3186 609 3237 Ὃ
643 3181 700 3239 δὲ
724 3180 1009 3260 ἄνθρωπος
1044 3182 1106 3237 ού
1128 3185 1265 3261 πρὸς
1294 3184 1362 3238 τὰ
1397 3181 1706 3257 βλεπόμενα
1736 3182 2056 3260 ὁρμᾷ.ἀλλά

404 3278 485 3346 τῷ
515 3270 770 3348 λογισμῷ
794 3272 861 3326 τὰ
892 3268 982 3325 διὰ
1028 3275 1136 3325 τῶν
1183 3270 1482 3350 ὀφθαλμῶν
1514 3274 1626 3345 (09)
1652 3272 1905 3347 ὁρώμενα
1934 3272 2053 3349 κρί-

2079 1976 2129 2043 Β

2154 678 2319 750 sequi
2350 682 2407 733 et
2436 696 2694 753 pergere,
2728 682 2830 737 sed
2862 681 3147 754 plerique,
3175 682 3429 741 externis
3478 685 3606 739 vitae
3637 683 3803 740 volu-

2154 768 2415 839 ptatibus
2447 769 2861 842 allicientibus,
2895 772 3159 829 deserere
3188 773 3386 830 velint.
3415 773 3475 829 Si
3507 774 3642 846 quis
3669 790 3804 830 vero

2155 857 2618 928 interrogaverit,
2643 876 2910 931 quaenam
2941 862 3180 917 tandem
3212 861 3312 917 illa
3340 862 3419 919 sit
3443 863 3538 920 via
3563 881 3576 919 :
3602 863 3807 919 unius-

2156 947 2444 1019 cujusque
2466 946 2722 1003 animam
2745 954 2802 1004 et
2814 949 3021 1005 anima":
3040 955 3296 1006 mentem
3313 967 3441 1007 esse
3457 953 3806 1025 respondeo.

2156 1035 2288 1092 Sola
2316 1036 2474 1091 enim
2506 1041 2700 1092 mente
2746 1037 2930 1093 Deum
2966 1040 3349 1113 contemplari
3398 1045 3453 1096 et
3482 1041 3807 1114 intelligere

2155 1124 2418 1181 valemus
2446 1143 2457 1181 :
2484 1125 2598 1181 nisi
2622 1126 2790 1195 forte,
2824 1129 3320 1199 quemadmodum
3352 1130 3534 1187 Deum
3559 1148 3689 1188 esse
3713 1148 3811 1188 ne-

2159 1219 2300 1287 gant
2320 1214 2511 1287 impii,
2534 1215 2616 1271 ita
2635 1216 2895 1272 animam
2920 1234 3151 1290 quoque
3182 1236 3245 1275 se
3289 1219 3504 1277 habere
3544 1220 3807 1277 inﬁcien-

2158 1310 2257 1359 tur
2284 1320 2297 1358 :
2330 1304 2486 1376 quod
2519 1305 2758 1377 quidem
2787 1306 3163 1363 verisimilius
3195 1324 3370 1379 quam
3403 1314 3610 1367 caetera
3648 1311 3806 1367 dixe-

2158 1392 2298 1448 rint.
2323 1393 2438 1449 Nec
2458 1396 2615 1450 enim
2638 1398 2896 1451 mentem
2938 1394 3279 1452 habentium
3308 1402 3421 1466 est,
3453 1400 3668 1457 mentis
3699 1417 3808 1457 au-

2159 1486 2379 1539 ctorem
2410 1488 2467 1539 et
2496 1484 2763 1555 opiﬁcem
2816 1484 3001 1541 Deum
3052 1502 3282 1559 negare.
3332 1487 3532 1561 Itaque
3580 1492 3682 1547 24
3709 1507 3808 1546 ru-

2160 1572 2325 1628 dium
2353 1572 2660 1629 hominum
2687 1573 2877 1646 gratia
2898 1577 3101 1647 paucis
3132 1577 3439 1633 ostendere
3455 1595 3691 1637 necesse
3720 1586 3810 1637 est

2162 1662 2412 1735 singulis
2442 1662 2783 1719 hominibus
2805 1680 2933 1719 esse
2956 1665 3216 1720 animam
3238 1664 3461 1722 ratione
3482 1669 3804 1739 praeditam,

2162 1751 2485 1824 praesertim
2508 1768 2642 1808 cum
2666 1753 2723 1807 id
2746 1757 2961 1825 negent
2992 1753 3258 1809 nonnulli
3281 1754 3556 1825 heretici,
3582 1758 3681 1830 qui
3715 1759 3814 1815 ho-

2162 1841 2381 1897 minem
2405 1840 2551 1896 nihil
2583 1840 2841 1914 amplius
2864 1858 2993 1899 esse
3023 1843 3385 1900 arbitrantur
3411 1862 3587 1918 quam
3615 1864 3813 1921 corpo-

2163 1931 2244 1987 ris
2268 1935 2565 1987 externam
2596 1934 2891 2003 speciem:
2929 1936 2993 1988 ut
3021 1933 3303 1989 nimirum
3350 1950 3418 1991 ea
3464 1952 3523 1991 re
3567 1954 3601 1993 a
3639 1938 3809 1995 nobis

2159 2022 2578 2090 demonstrata,
2611 2021 2726 2093 ipsi
2755 2021 3084 2078 evidentius
3114 2023 3393 2079 adversus
3433 2024 3588 2083 idola
3634 2044 3807 2101 argu-

2163 2115 2431 2167 mentum
2464 2127 2566 2183 per
2597 2110 2823 2183 seipsos
2852 2111 3065 2168 habere
3094 2113 3344 2185 possint.

2225 2201 2315 2255 31.
2351 2199 2612 2255 Primum
2645 2215 2781 2273 ergo
2813 2217 2918 2257 nec
2950 2217 3194 2273 parvum
3225 2203 3510 2262 indicium
3556 2211 3665 2276 est,
3698 2207 3808 2264 ho-

2157 2290 2387 2345 minum
2420 2290 2680 2346 animam
2704 2290 2929 2347 ratione
2952 2292 3255 2363 praeditam
3278 2310 3429 2363 esse,
3452 2297 3608 2367 quod
3632 2314 3666 2352 a
3686 2297 3810 2354 bel-

2155 2377 2292 2446 luis,
2313 2395 2440 2450 quae
2474 2378 2718 2435 rationis
2738 2384 2878 2435 sunt
2905 2386 3193 2452 expertes,
3218 2381 3469 2440 differat.
3504 2385 3810 2458 Siquidem

2156 2467 2371 2523 idcirco
2401 2466 2628 2524 belluas
2659 2467 2937 2524 animalia
2966 2469 3329 2527 irrationalia
3356 2473 3650 2545 appellare
3698 2493 3811 2531 na-

2156 2561 2293 2612 tura
2322 2558 2644 2626 consuevit,
2672 2558 2813 2629 quia
2842 2558 3149 2615 hominum
3179 2576 3367 2632 genus
3397 2563 3679 2621 rationale
3699 2570 3809 2624 est.

2158 2645 2400 2713 Deinde,
2434 2662 2540 2701 nec
2570 2645 2713 2701 illud
2769 2646 2945 2702 etiam
2977 2648 3051 2703 ad
3081 2647 3137 2703 id
3183 2650 3553 2720 probandum
3584 2652 3693 2709 levi
3723 2660 3814 2710 est

2160 2740 2479 2806 momento,
2512 2736 2669 2807 quod
2701 2735 2863 2792 solus
2892 2735 3067 2793 homo
3096 2754 3189 2793 res
3237 2738 3511 2796 absentes
3559 2746 3617 2797 et
3652 2748 3815 2800 extra

2161 2841 2223 2881 se
2245 2825 2468 2897 positas
2484 2825 2680 2881 animo
2702 2830 2760 2881 et
2780 2826 3134 2898 cogitatione
3158 2828 3635 2903 comprehendat,
3657 2835 3811 2905 quod

2160 2916 2365 2970 eadem
2398 2930 2597 2970 secum
2648 2915 2863 2987 saepius
2907 2916 3200 2972 examinet
3241 2934 3307 2974 ac
3352 2921 3690 2992 perpendat,
3724 2922 3811 2979 id-

2163 3021 2275 3077 que
2306 3004 2461 3075 quOd
2493 3003 2646 3059 inter
2674 3020 2763 3071 ea,
2797 3021 2925 3076 quas
2955 3006 3185 3078 cogitat,
3222 3006 3335 3063 sibi
3368 3007 3577 3066 melius
3615 3012 3810 3069 visum

2163 3093 2355 3163 fuerit,
2381 3093 2607 3164 judicio
2637 3092 2834 3165 eligat.
2886 3093 3035 3149 Nam
3084 3094 3290 3151 belluas
3334 3097 3459 3155 sola
3500 3102 3813 3172 praesentia

2164 3188 2433 3253 cernunt,
2466 3186 2523 3237 et
2552 3182 2623 3237 ad
2657 3194 2725 3238 ea
2754 3185 3007 3249 tantum,
3042 3199 3168 3255 quae
3191 3189 3324 3241 ante
3346 3186 3545 3246 oculos
3561 3195 3703 3246 sunt
3720 3208 3819 3263 pO-

2165 3272 2298 3339 sita,
2335 3272 2555 3342 impetu
2584 3271 2870 3341 feruntur,
2904 3271 3137 3328 etiamsi
3168 3278 3370 3345 postea
3401 3277 3686 3335 damnum
3717 3279 3821 3336 ali-

403 3381 506 3419 vst'
536 3359 816 3424 πολλάκις
859 3364 989 3436 γοῦν
1038 3361 1285 3435 ὁρμήσας
1333 3361 1659 3436 κεκράτηται
1856 3366 1934 3434 τῷ
1964 3361 2055 3417 λο-

2172 3361 2326 3432 quod
2360 3365 2658 3432 sequatur.
2690 3362 2763 3414 At
2791 3360 2966 3417 homo
2996 3377 3112 3416 non
3158 3362 3241 3417 ita
3284 3365 3356 3419 ad
3388 3381 3456 3421 ea
3484 3382 3612 3437 quae
3642 3367 3817 3442 videt,

404 3455 609 3529 γισμῷ⁶
664 3451 755 3507 καὶ
811 3448 1220 3526 λογισάμενος,
1278 3447 1443 3504 πάλιν
1503 3448 1863 3525 έπελογίσατο
1897 3498 1910 3523 ,
1970 3453 2061 3507 καὶ

404 3542 706 3598 αἰσθάνεται
752 3536 1006 3610 ἕκαστος,
1049 3540 1094 3595 εἰ
1146 3546 1247 3609 τῆς
1296 3536 1562 3609 ἀληθείας
1611 3538 1822 3615 γένοιτο
1875 3539 2060 3619 φίλος,

404 3630 488 3687 ὅτι
546 3630 719 3693 ἄλλος
776 3631 924 3708 παρά
967 3630 1065 3692 τὰς
1130 3628 1445 3703 σωματικὰς
1496 3628 1774 3699 αἰσθήσεις
1832 3628 1974 3685 ἐστὶν
2035 3632 2063 3685 ὁ

402 3725 510 3778 τῶν
558 3721 874 3798 ἀνθρώπων.
905 3723 1052 3781 νοῦς*
1107 3716 1195 3773 διὰ
1243 3722 1403 3773 τοῦτο
1455 3723 1584 3794 γοῦν
1639 3719 1715 3781 ὡς
1760 3716 1933 3783 ἄλλος
1965 3719 2063 3792 ὢν,

405 3812 578 3867 αὐτῶν
627 3814 733 3865 τῶν
775 3807 1073 3879 αῗσθήσέων
1126 3806 1328 3884 γίνεται
1380 3808 1582 3881 κριτής
1608 3828 1620 3842 ·
1664 3807 1753 3862 καὶ
1804 3806 1876 3881 ὧν
1927 3807 2063 3864 ἐκεῖ·

403 3922 490 3957 ναι
525 3901 639 3973 (91)
670 3892 1190 3972 ἀντιλαμϐάνονται,
1220 3902 1390 3951 ταῦτα
1440 3896 1599 3958 οὗτος
1650 3893 1929 3973 διακρίνει,
1973 3901 2069 3955 καὶ

405 3990 805 4064 ἀναμιμνήσκει
840 4033 853 4059 ,
912 3988 1003 4041 καὶ
1062 3984 1327 4041 δείκνυσιν
1404 3984 1590 4049 αὐταῖς
1645 3986 1708 4041 τὸ
1767 3993 2013 4063 κρεῖττον
2055 4045 2075 4064 ο

403 4078 723 4159 Ὀφθαλμοῦ
759 4078 851 4151 μὲν
899 4077 1002 4153 γὰρ
1037 4075 1148 4132 ἐστι
1184 4076 1345 4149 μόνον
1378 4075 1441 4129 τὸ
1489 4077 1641 4152 ὁρᾷν,
1692 4076 1787 4131 καὶ
1821 4072 1976 4134 ὤτων
2007 4081 2071 4137 τὸ

409 4168 646 4240 ἀκούειν,
696 4166 788 4221 καὶ
836 4164 1105 4239 στόματος
1155 4163 1217 4218 τὰ
1428 4163 1723 4239 γεύεσθαι,
1773 4167 1863 4221 καὶ
1924 4167 2069 4244 ῥινὸς

411 4257 599 4334 ὀδμῶν
657 4250 1175 4329 ἀντιλαμϐάνεσθαι,
1232 4253 1322 4308 καὶ
1380 4257 1587 4329 χειρῶν
1648 4254 1711 4309 τὸ
1762 4256 2061 4314 ἄπτεσθαι’

404 4347 531 4405 ἀλλ’
566 4347 600 4402 ἃ
651 4344 733 4401 δεῖ
783 4346 913 4421 ὁρᾷν
964 4343 1056 4399 καὶ
1106 4344 1339 4415 ἀκούειν,
1388 4343 1479 4398 καὶ
1529 4344 1601 4397 ὧν
1654 4344 1908 4401 ἅπτεσθαι
1968 4346 2068 4420 δεῖ,

400 4438 491 4494 καὶ
536 4434 809 4514 γεύεσθαι,
860 4433 951 4489 καὶ
1018 4430 1307 4506 ὀδμὰσθαι,
1369 4431 1549 4487 οὐκέτι
1605 4436 1713 4488 τῶν
1769 4434 2068 4508 αἰσθήσεών

403 4527 571 4595 ἐστιν,
595 4523 741 4581 ἀλλά
769 4528 958 4600 ψυχῆς
987 4521 1078 4577 καὶ
1122 4524 1237 4596 (93)
1264 4524 1362 4576 τοῦ
1391 4520 1598 4591 ταύτης
1637 4526 1733 4578 νοῦ
1778 4522 2068 4600 διακρῖναι.

416 4615 629 4693 Δμέλει
660 4615 751 4670 καὶ
805 4612 990 4690 ξίφους
1040 4606 1299 4667 λαϐέσθαι
1350 4608 1576 4666 δύναται
1605 4613 1641 4681 ἡ
1678 4612 1821 4689 χεὶρ,
1854 4615 1944 4669 καὶ
1976 4614 2071 4688 δη-

2174 3466 2308 3506 cum
2338 3450 2563 3522 impetu
2606 3450 2870 3521 rapitur:
2928 3451 3028 3507 sed
3078 3452 3302 3508 ratione
3355 3458 3414 3509 et
3469 3456 3821 3528 cogitatione

2172 3556 2240 3595 ea
2269 3555 2396 3610 qua:
2429 3538 2612 3594 oculis
2643 3539 2847 3608 cernit,
2898 3539 3203 3611 dijudicat.
3252 3543 3453 3615 Itaque
3500 3562 3652 3618 saape
3683 3546 3825 3603 inci-

2172 3633 2356 3697 tatus,
2386 3628 2611 3684 ratione
2636 3628 2946 3686 retinetur:
2975 3634 3030 3686 et
3050 3645 3119 3687 ea
3142 3647 3267 3703 quae
3289 3633 3583 3707 cogitavit,
3608 3635 3822 3694 iterum

2176 3719 2472 3791 recogitat.
2526 3718 2788 3791 Denique
2830 3719 3100 3792 quisquis
3147 3722 3407 3779 veritatis
3457 3730 3685 3782 amator
3712 3730 3824 3797 est,

2175 3808 2487 3864 hominum
2519 3812 2775 3863 mentem
2807 3807 2983 3864 aliam
3032 3811 3273 3868 omnino
3320 3828 3450 3870 esse
3493 3830 3526 3871 a
3567 3817 3827 3889 corporis

2179 3896 2451 3954 sensibus
2482 3915 2544 3953 se
2573 3898 2632 3952 in
2663 3898 2858 3971 seipso
2889 3898 3105 3955 sentire
3152 3902 3446 3960 fatebitur.
3472 3932 3475 3935 -
3498 3905 3645 3971 Quia
3690 3922 3828 3979 ergo

2181 4003 2347 4045 mens
2381 3987 2496 4043 alia
2524 3991 2613 4043 est
2641 4005 2675 4043 a
2698 3987 2993 4057 sensibus,
3024 4006 3309 4046 sensuum
3340 3991 3468 4065 ipsa
3497 3994 3673 4065 iudex
3717 4002 3830 4066 est,

2180 4086 2235 4135 et
2263 4095 2390 4150 quae
2414 4076 2495 4131 illi
2518 4077 3034 4150 apprehenderint,
3052 4079 3182 4152 ipsa
3211 4080 3491 4139 discernit
3514 4087 3571 4139 et
3590 4084 3829 4141 remini-

2182 4166 2385 4238 scitur,
2429 4168 2689 4240 quidque
2736 4167 2949 4223 melius
2996 4168 3172 4225 fuerit
3216 4170 3336 4226 illis
3384 4178 3828 4232 commonstrat.

2181 4258 2443 4328 Namque
2472 4256 2777 4313 oculorum
2804 4260 2895 4313 est
2918 4261 3150 4314 tantum
3178 4259 3407 4317 videre:
3443 4262 3700 4329 aurium,
3732 4279 3835 4319 au-

2181 4348 2344 4404 dire:
2378 4347 2517 4418 oris,
2552 4351 2826 4419 gustare:
2869 4346 3125 4415 narium,
3178 4348 3462 4407 Olfacere:
3518 4368 3829 4425 manuum,

2179 4442 2456 4511 tangere;
2490 4436 2593 4491 sed
2624 4452 2750 4507 quae
2781 4435 2993 4503 videre,
3028 4437 3251 4506 audire,
3284 4442 3540 4511 tangere,
3593 4446 3833 4513 gustare

2181 4532 2238 4583 et
2266 4526 2513 4583 olfacere
2533 4523 2856 4592 conveniat,
2883 4541 2998 4580 non
3020 4541 3302 4582 sensuum
3327 4528 3428 4584 sed
3449 4529 3658 4585 animae
3680 4532 3835 4603 ejus.

2181 4633 2294 4689 que
2324 4615 2540 4671 mentis
2569 4617 2658 4669 est
2685 4612 3028 4684 dijudicare.
3062 4613 3271 4671 Manus
3301 4616 3539 4688 quidem
3569 4618 3835 4691 gladium

403 4705 681 4783 λητηρίου
734 4702 1025 4780 γεύσασθαι
1071 4702 1135 4757 τὸ
1184 4700 1378 4797 noua:
1432 4698 1559 4755 ἀλλ’
1611 4700 1711 4757 οὐκ
1757 4701 1934 4776 οἶδεν,
1985 4706 2055 4761 ὅτι

2185 4706 2463 4778 accipere,
2496 4709 2553 4760 et
2581 4720 2645 4759 os
2669 4717 2959 4758 venenum
3006 4708 3242 4776 gustare
3283 4710 3515 4778 potest:
3577 4710 3679 4766 sed
3711 4709 3835 4767 haec

318 4860 327 4863 ,
406 4796 638 4874 βλάπτει
668 4798 856 4866 ταῦτα,
891 4793 937 4847 εἰ
990 4794 1066 4866 μή
1101 4792 1129 4847 ὁ
1165 4796 1290 4855 νοῦς
1346 4788 1624 4866 διακρίνῃ.
1680 4792 1779 4846 Καὶ
1835 4792 1981 4850 ἔοικέ
2010 4817 2055 4871 γη

2189 4812 2397 4854 nocere
2428 4793 2632 4857 nescit.
2664 4792 2779 4849 nisi
2810 4809 2977 4849 mens
2999 4793 3312 4851 discernat.
3364 4799 3439 4852 Ut
3489 4804 3685 4855 autem
3711 4816 3836 4857 rem

399 4887 463 4944 τὰ
493 4890 763 4958 τοιοῦτον,
808 4881 902 4938 τίνα
943 4880 1031 4938 ἐπὶ
1080 4881 1286 4944 εἰκόνος
1337 4880 1466 4937 αὐτὸ
1496 4881 1889 4958 θεωρήσωμεν,
1924 4881 2066 4960 λύρᾳ

475 5032 534 5105 (8
572 5031 590 5105 )
621 5030 722 5105 Sic
748 5044 955 5105 omnes
977 5044 1122 5105 mss.
1147 5032 1358 5105 praeter
1377 5026 1635 5105 Eelckm.
1668 5028 1703 5083 3
1734 5045 1913 5085 anon.
1949 5031 2071 5104 qui,

403 5097 556 5160 ιη’θι
572 5097 750 5173 editi,
786 5099 925 5155 ἐστὶν
958 5097 1049 5173 οῦν
1083 5100 1414 5173 habethed
1445 5101 1749 5173 mendose.

476 5175 590 5247 (87)
622 5175 717 5230 Sic
735 5171 987 5247 'Seguer.
1011 5172 1242 5229 Gobler.
1263 5171 1454 5227 Felck.
1482 5172 1508 5225 1
1535 5188 1630 5227 an.
1654 5171 1770 5227 Alii
1790 5189 1927 5230 cum
1947 5175 2069 5231 edi-

405 5252 503 5304 tus
524 5250 741 5300 πλεῖον.

500 5319 591 5390 88)
627 5316 883 5374 Felckm.
915 5316 950 5371 3
979 5318 1255 5390 anpn._ut
1286 5318 1352 5390 et
1373 5313 1536 5390 editi,
1558 5312 1935 5390 submittit.

500 5319 591 5390 88)
627 5319 883 5374 Felckm.
915 5319 950 5371 3
979 5332 1155 5371 anon.
1190 5319 1255 5370 ut
1286 5319 1345 5370 et
1373 5319 1536 5383 editi,
1568 5319 1659 5367 καί
1695 5319 1935 5372 omittit.

474 5319 588 5464 (89)
621 5390 715 5446 Sic
743 5390 981 5464 Seguer.
1034 5385 1505 5464 Gobler.__B_asil._
1538 5385 1767 5464 Anglic.
1804 5387 2061 5464 Felclim.

408 5463 434 5518 1
468 5458 527 5519 et
554 5458 590 5518 2
619 5478 791 5518 anon.
823 5458 957 5526 Alii,
1010 5466 1075 5514 ut
1122 5464 1180 5515 et
1226 5458 1388 5525 editi,
1439 5459 1547 5510 τῶν
1603 5458 1907 5517 omittunt.
1943 5461 2067 5517 Fel-

406 5535 560 5591 ckm.
593 5534 627 5590 3
658 5550 834 5589 anon.
868 5532 1043 5605 habet
1073 5526 1487 5605 év_6<pea_lpoic.
1540 5604 1545 5605 γ
1910 5538 1913 5539 ⁷

475 5608 587 5681 (90)
613 5606 706 5681 _S_ic
735 5605 976 5681 Seguer.
1009 5601 1239 5660 Gobler.
1274 5601 1469 5658 Felck.
1526 5604 1552 5657 1
1606 5618 1792 5662 anon.
1833 5608 1909 5659 At
1962 5604 2062 5660 alii

402 5674 538 5738 cum
569 5677 743 5734 editis
770 5674 1090 5748 κεκράτηκε.

475 5752 587 5824 (91)
619 5742 945 5824 b’icomnes
979 5742 1126 5824 mss;
1153 5745 1305 5824 Editi
1336 5748 1534 5824 autem
1568 5742 1765 5824 ἐκεῖνα.

476 5816 591 5907 (92(
618 5818 691 5881 Τό
721 5820 782 5880 in
812 5820 1052 5897 Seguer.
1085 5817 1317 5881 Gobler.
1368 5816 1623 5878 Felckm.
1676 5819 1702 5877 1
1758 5834 1934 5892 anon,
1967 5818 2054 5887 ιο-

2187 4887 2388 4959 aliqua
2404 4882 2837 4955 comparatione
2863 4887 2920 4938 et
2938 4882 3193 4956 imagine
3221 4883 3611 4958 illustremus,
3640 4889 3700 4946 id
3731 4906 3835 4946 no-

2184 5029 2377 5104 gitur:
2412 5028 2471 5083 in
2500 5026 2636 5104 aliis
2664 5026 3148 5104 etedjtisdeest;
3177 5026 3323 5084 ibid.
3347 5033 3488 5104 ante
3538 5028 3832 5104 στόματος,

2180 5097 2271 5175 ἰαί
2302 5101 2468 5175 deest
2497 5100 2557 5153 in
2589 5097 2753 5154 Gobl.
2787 5097 3042 5175 Felqkm.
3076 5100 3101 5154 1
3138 5116 3313 5175 anon.
3346 5101 3536 5175 Paulo
3558 5097 3691 5175 post
3704 5097 3835 5157 ἀλλ⁵

2181 5174 2215 5227 ἅ
2246 5172 2469 5256 habent
2483 5186 2689 5256 omnes
2710 5186 2856 5252 mss.
2881 5170 3045 5256 .E‘diti
3076 5188 3210 5226 vero
3240 5171 3537 5256 ὧνφιιοηᾶ
3560 5170 3831 5256 habent:

2179 5247 2335 5317 quod
2350 5244 2628 5317 additum
2642 5242 2826 5297 fuisse
2840 5243 3090 5317 videtur,
3107 5259 3174 5299 eo
3187 5242 3416 5317 quodin
3430 5244 3665 5317 aliquod
3686 5262 3833 5304 mss.

2177 5310 2247 5373 ex
2275 5313 2402 5369 ἀλλ’
2434 5314 2467 5368 ἅ
2497 5317 2715 5370 factum
2749 5318 2827 5370 sit
2855 5310 3023 5385 ἀλλά,
3078 5310 3146 5370 ut
3203 5310 3349 5371 forte
3404 5316 3465 5372 in
3514 5310 3770 5374 Felckm.
3803 5319 3838 5373 3

2176 5405 2351 5456 anon,
2381 5388 2440 5442 in
2472 5403 2587 5459 quo
2617 5386 2691 5439 ὢν
2724 5387 2927 5459 deesse
2960 5390 3121 5442 notat
3174 5386 3624 5459 Felckmannus,
3676 5395 3745 5445 et
3775 5391 3835 5447 in

2175 5460 2421 5588 reliiguis
2450 5456 2596 5514 mss.
2630 5459 2741 5530 leg.
2776 5456 2826 5511 ἅ.
2859 5463 3097 5529 Seguer.
3128 5474 3260 5513 vero
3292 5458 3470 5515 habet
3498 5457 3624 5515 ἀλλ’
3651 5461 3702 5517 ἅ.

2246 5532 2315 5588 (9⁸
2360 5533 2373 5588 )
2435 5530 2734 5587 Particula
2805 5526 2919 5588 καί.
2977 5546 3105 5588 qua:
3171 5529 3229 5583 in
3303 5536 3542 5588 Sequer.
3604 5532 3743 5588 Gobl

2247 5530 2373 5605 ’93,)
2435 5530 2734 5587 Particula
2805 5530 2919 5595 καί,
2977 5546 3105 5601 qua:
3171 5530 3229 5583 in
3303 5536 3542 5604 Seguer.
3604 5532 3834 5589 Gobler.

2173 5572 2427 5683 Κέλερ-1
2462 5619 2638 5683 anon.
2698 5617 2820 5683 non
2846 5602 3028 5683 es‘t',_in
3054 5600 3213 5683 “aliis
3228 5604 3370 5683 ut_et
3392 5603 3564 5659 editis
3587 5604 3836 5683 hic_legj-

2168 5681 2284 5732 tur.
2318 5680 2424 5744 Τῆς
2456 5675 2633 5730 etiam
2667 5672 2827 5728 addit
2850 5672 3026 5746 editio
3050 5672 3329 5746 Cgmmel.
3357 5692 3487 5746 quae
3520 5694 3626 5733 vox
3657 5672 3833 5733 sim'i.

2189 5748 2301 5807 iter
2329 5743 2491 5805 deest
2515 5747 2575 5804 in
2606 5743 3344 5819 Seguer.Gobler.Felokm.
3373 5743 3406 5807 1
3442 5764 3617 5813 anon.
