4160 6392
308 469 411 532 63'
856 461 924 521 S.
969 446 1400 519 ATHANASII
1443 448 1618 512 OPP.
1661 446 1865 512 PARS
1908 448 1961 513 Ι.
1994 483 2073 495 -
2102 448 2523 515 HISTORICA
2567 452 2667 514 ET
2707 447 3194 516 DOGMATICA.

3668 456 3750 518 64

310 599 404 657 bis
433 595 627 655 simile
652 594 883 650 videtur
910 589 1046 663 lyrae
1078 589 1214 659 apte
1262 582 1579 657 disposite,
1633 587 1693 638 et
1740 580 1961 639 musico

2082 578 2268 644 καλῶς
2323 584 2788 658 κατεσκευασμένῃ
2823 625 2837 653 ,
2895 582 2987 639 καὶ
3042 588 3124 657 τῷ
3178 583 3380 657 ταύτην
3455 590 3743 663 κρατοῦντι

313 690 418 764 qui
436 705 507 746 ea
520 702 658 745 cum
679 687 803 741 arte
821 679 1028 737 utitur.
1051 676 1199 735 Nam
1226 678 1292 730 ut
1320 673 1380 729 in
1411 672 1538 747 lyra
1568 668 1731 731 nervi
1752 670 1973 745 singuli

313 760 621 853 proprium
634 788 846 831 sonum
860 763 1256 834 habent,alius
1268 765 1776 853 gravem,acutum
1796 760 1970 853 alius,

315 850 468 927 alius
498 864 782 927 medium,
832 858 984 915 alius
1033 853 1469 921 acutissimum,
1521 851 1673 908 alius
1718 850 1973 924 denique

315 958 521 1024 alium,
554 966 804 1027 quorum
854 944 1122 1004 omnium
1169 948 1492 1000 concentus
1540 945 1598 998 et
1626 940 1972 1013 compositio

312 1047 427 1105 nisi
458 1063 492 1103 a
522 1044 645 1099 viro
676 1041 858 1112 hujus
888 1036 1031 1093 artis
1062 1033 1247 1108 perito
1279 1032 1565 1106 distingui
1615 1036 1675 1088 et
1716 1030 1971 1087 discerni

310 1153 428 1194 non
455 1137 682 1209 potest;
715 1134 858 1187 tunc
888 1127 1053 1183 enim
1084 1139 1326 1182 suavem
1357 1121 1731 1179 harmoniam
1763 1124 1821 1177 et
1844 1136 1973 1192 gra-

310 1225 610 1284 tissimum
642 1222 996 1278 concentum
1026 1213 1310 1285 efﬁciunt,
1345 1228 1481 1268 cum
1533 1211 1607 1278 is,
1655 1210 1754 1283 qui
1782 1209 1970 1283 lyram

311 1319 490 1384 tenet,
522 1328 729 1370 nervos
752 1307 971 1382 pulsat,
996 1309 1056 1362 et
1084 1302 1499 1376 singulosapte
1512 1300 1722 1374 tangit.
1752 1300 1968 1356 Eodem

313 1406 509 1473 modo,
538 1400 812 1459 sensibus
846 1397 906 1453 in
938 1410 1180 1467 corpore
1226 1394 1415 1450 instar
1461 1390 1596 1464 lyrae
1642 1388 1968 1462 dispositis,

311 1511 448 1551 cum
479 1492 669 1565 perita
697 1504 866 1545 mens
896 1484 1016 1541 illis
1050 1481 1363 1556 prmiverit,
1412 1484 1552 1537 tunc
1600 1478 1884 1535 discernit
1911 1484 1970 1534 et

311 1584 475 1642 novit
502 1581 721 1648 anima,
746 1576 889 1649 quid
911 1575 1106 1643 faciat,
1130 1572 1345 1644 quidve
1375 1574 1531 1643 agat.
1567 1569 1629 1625 Id
1651 1572 1848 1625 autem
1869 1566 1969 1624 ho-

312 1674 544 1731 minum
574 1669 862 1726 duntaxat
889 1666 978 1722 est
1007 1661 1336 1735 propnium,
1366 1660 1613 1733 ipsaque
1644 1662 1736 1715 est
1757 1656 1968 1714 animas

312 1760 567 1820 facultas
595 1753 1006 1821 ratiocinandi,
1038 1768 1156 1824 qua
1185 1750 1402 1807 utendo
1432 1748 1627 1804 diﬁ'ert
1656 1747 1760 1803 illa
1790 1763 1825 1803 a
1853 1746 1971 1804 bel-

310 1853 453 1922 luis,
478 1855 537 1908 et
566 1866 629 1906 se
658 1848 949 1904 diversam
981 1858 1112 1899 esse
1141 1840 1213 1897 ab
1243 1838 1526 1896 exteriore
1549 1836 1810 1909 corporis
1841 1852 1971 1910 spe-

310 1943 399 2000 cie
430 1939 741 1998 manifeste
767 1938 1043 2027 testatur.
1071 1930 1219 1986 Hinc
1238 1927 1885 2027 Ibo-mo-smpe,.jace‘nte
1904 1924 1967 1981 in
1997 1962 2046 2027 Β

308 2038 467 2089 terra
518 2043 776 2101 corpore,
829 2022 1086 2082 coelestia
1127 2020 1343 2094 cogitat
1405 2022 1464 2075 et
1511 2014 1961 2088 contemplatur.

311 2122 475 2195 Saepe
499 2119 641 2175 item
672 2113 820 2172 nihil
858 2116 1088 2186 agente,
1139 2109 1475 2183 quiescente
1522 2111 1582 2162 et
1637 2104 1964 2161 dormiente

272 2258 275 2261 .
309 2224 569 2284 corpore,
600 2206 763 2263 intus
792 2203 969 2260 homo
997 2204 1266 2257 movetur
1294 2213 1505 2269 resque
1554 2199 1718 2252 extra
1767 2211 1828 2250 se
1859 2210 1962 2267 po-

309 2300 456 2357 sitas
483 2298 769 2364 intuetur,
800 2296 1055 2349 remotas
1087 2288 1355 2362 regiones
1405 2286 1503 2343 25
1555 2285 1701 2358 petit
1739 2288 1797 2341 et
1827 2299 1964 2357 per-

307 2393 495 2464 agrat,
526 2385 733 2444 amicis
763 2383 1036 2453 notisque
1064 2377 1338 2446 occurrit,
1387 2392 1495 2432 nec
1524 2391 1655 2431 raro
1685 2391 1787 2447 per
1816 2373 1959 2464 haec,

307 2463 451 2552 quid
487 2494 589 2551 per
617 2474 772 2531 diem
806 2476 1047 2529 acturus
1076 2469 1155 2526 sit
1202 2466 1516 2540 praenoscit
1567 2467 1625 2520 et
1666 2463 1959 2536 praesagit.

306 2568 458 2636 Quid
480 2582 615 2623 vero
636 2563 797 2621 aliud
829 2563 890 2617 id
917 2577 1048 2617 esse
1065 2561 1276 2632 potest,
1299 2571 1479 2629 quam
1501 2553 1701 2610 anima
1716 2552 1963 2609 rationis

308 2657 625 2732 particeps,
656 2670 775 2726 qua
804 2653 979 2708 homo
1009 2665 1079 2706 ea
1107 2664 1235 2720 quis
1267 2662 1448 2719 supra
1479 2659 1542 2701 se
1571 2646 1711 2700 sunt
1747 2642 1964 2715 cogitat

308 2752 367 2804 et
392 2743 667 2816 intelligit
685 2742 716 2798 ?

380 2924 472 2981 32.
505 2922 617 2979 Sed
647 2924 706 2977 et
732 2918 877 2975 illud
910 2931 1143 2990 quoque
1174 2914 1247 2970 ad
1296 2913 1532 2987 penitus
1580 2911 1959 2967 coercendam

310 3030 514 3073 eorum
540 3009 992 3085 impudentiam,
1024 3005 1128 3079 qui
1159 3003 1420 3061 animam
1451 3001 1676 3058 ratione
1706 3000 1959 3073 privant,

307 3104 521 3161 addere
567 3103 739 3173 juvat
761 3116 774 3155 :
799 3097 907 3163 Qui
930 3095 997 3152 ﬁt
1016 3099 1083 3151 ut
1101 3110 1235 3150 cum
1257 3109 1467 3165 corpus
1489 3098 1698 3147 natura
1717 3089 1962 3147 mortale

306 3194 405 3266 sit,
428 3193 605 3249 homo
636 3190 709 3246 de
738 3184 1181 3244 immortalitate
1211 3182 1444 3256 cogitet,
1494 3196 1765 3254 saepeque
1803 3196 1960 3236 mor-

301 3288 420 3340 tem
442 3279 675 3338 virtutis
705 3293 904 3335 amore
935 3273 1213 3348 expetat?
1244 3271 1353 3339 Qui
1377 3271 1443 3327 fit
1472 3274 1557 3341 ut,
1590 3287 1724 3326 cum
1748 3285 1959 3342 corpus

304 3332 671 3446 evelli—(1'55
937 3332 1221 3436 temporis
1242 3332 1498 3434 spatium
1516 3332 1707 3428 duret,
1741 3332 1960 3415 aeterna
1989 3332 2032 3401 (ἶ

305 3461 482 3518 homo
506 3459 844 3526 meditetur,
858 3460 1033 3527 atque
1046 3453 1261 3509 idcirco
1274 3449 1587 3525 praesentia
1599 3452 1956 3506 contemnat.

303 3555 363 3607 et
381 3550 455 3607 ad
481 3550 635 3606 bona
655 3545 757 3603 illa
777 3545 976 3602 futura
997 3539 1550 3599 tendat'desiderio?
1570 3540 1734 3596 Certe
1760 3538 1956 3611 ipsum

303 3655 517 3712 corpus
538 3636 687 3694 nihil
706 3635 821 3692 tale
850 3635 922 3691 de
951 3633 1167 3706 seipso,
1202 3647 1308 3687 nec
1333 3647 1426 3687 res
1449 3633 1613 3686 extra
1641 3645 1703 3684 se
1733 3629 1959 3701 positas

302 3730 499 3803 potest
516 3725 797 3800 cogitare.
823 3723 1091 3795 Namque
1114 3718 1362 3778 mortale
1409 3721 1517 3787 est,
1568 3734 1673 3774 nec
1713 3716 1827 3775 nisi
1857 3733 1961 3790 per

303 3818 530 3891 aliquot
545 3820 780 3887 tempus
800 3813 992 3869 durat.
1023 3811 1273 3867 Necesse
1292 3813 1382 3865 est
1403 3812 1599 3865 autem
1617 3807 1766 3863 illud
1798 3807 1957 3880 quod

304 3904 602 3965 contraria
623 3907 850 3961 natura:
871 3900 1133 3974 corporis
1153 3899 1389 3973 cogitet,
1415 3896 1573 3954 aliud
1604 3914 1735 3954 esse
1765 3914 1800 3953 a
1829 3913 1956 3954 cor-

305 4011 465 4070 pore.
499 3992 791 4060 Quidnam
821 4006 994 4064 porro
1018 3988 1168 4045 illud
1183 3988 1377 4056 fuerit,
1410 3986 1524 4043 nisi
1552 3987 1754 4043 anima
1781 3986 1956 4043 ratio-

306 4083 458 4142 nalis
486 4089 544 4141 et
573 4080 924 4139 immortalis
946 4080 975 4134 ?
996 4078 1111 4135 Nec
1143 4077 1300 4134 enim
1332 4078 1473 4133 foris
1504 4076 1605 4133 sed
1637 4075 1798 4133 intus
1829 4076 1959 4149 ipsa

304 4172 557 4247 corpori,
580 4176 647 4227 ut
676 4169 940 4227 musicus
969 4168 1126 4240 lyrae,
1170 4167 1324 4240 quod
1357 4164 1571 4223 melius
1600 4166 1955 4239 congruerit,

305 4266 499 4319 sonat.
534 4260 842 4319 Enimvero
870 4274 1051 4331 quare
1081 4273 1217 4313 cum
1257 4253 1463 4313 oculus
1511 4255 1585 4311 ad
1635 4254 1956 4312 videndum

304 4356 518 4410 natura
547 4354 723 4424 aptus
741 4348 819 4406 sit
838 4353 895 4405 et
912 4347 1074 4405 auris
1100 4346 1173 4403 ad
1203 4345 1582 4412 audiendum,
1615 4343 1731 4401 alia
1758 4349 1957 4403 tamen

302 4442 622 4515 refugiunt,
655 4438 771 4496 alia
818 4435 1095 4512 eligunt?
1139 4435 1282 4504 Quis
1303 4433 1459 4492 enim
1508 4434 1745 4493 oculum
1795 4453 1829 4492 a
1873 4435 1957 4491 vi-

304 4532 495 4589 dendo
525 4529 783 4587 avertit?
820 4528 907 4585 vel
953 4527 1085 4600 quis
1136 4541 1361 4595 aurem,
1410 4524 1504 4581 cui
1549 4523 1837 4582 naturalis
1867 4530 1959 4583 est

303 4619 582 4678 audiendi
609 4618 880 4687 facultas,
932 4617 1005 4674 ab
1049 4616 1341 4674 audiendo
1387 4614 1592 4671 arcet?
1637 4614 1778 4679 Quis
1814 4630 1955 4689 gus-

2086 676 2331 745 μουσικῷ
2365 678 2477 746 μετ’
2508 671 2843 747 ἐπιστήμης.
2876 674 2967 737 Ὠς
3013 674 3119 750 γὰρ
3170 673 3226 729 αἱ
3259 672 3311 730 ἐν
3348 676 3419 749 τῇ
3452 672 3596 754 λύρᾳ
3623 697 3744 733 νευ-

2082 760 2170 835 ραὶ
2195 757 2411 816 ἕκασται
2447 761 2539 835 μὲν
2576 760 2768 837 ἔχουσι
2815 765 2928 837 (94)
2956 763 3046 818 τὸν
3095 760 3233 819 ἴδιον
3280 763 3545 843 φθόγγον,
3573 769 3610 836 ἡ
3647 768 3743 841 μὶν

2084 848 2273 924 βαρὺν,
2302 852 2338 920 ἡ
2390 848 2448 905 δὲ
2497 850 2642 923 ὀξὺν,
2673 854 2708 923 ἡ
2744 849 2803 907 δὲ
2858 854 3044 926 μέσον,
3094 855 3130 923 ἡ
3183 850 3242 909 δὲ
3290 852 3557 925 ὀξύτονονο
3606 858 3642 926 ἡ
3685 854 3745 912 δὲ

2081 934 2274 1028 ἀλλον·
2338 937 2651 1017 ἀδιάκριτος
2709 939 2768 997 δέ
2826 941 2968 998 ἐστιν
3032 942 3208 999 αὐτῶν
3364 942 3598 1021 ἁρμονία
3651 947 3743 1005 καὶ

2079 1023 2445 1104 ἀδιάγνωστος
2478 1032 2513 1099 ἡ
2548 1029 2786 1094 σύνθεσις
2819 1030 2995 1108 χωρίς
3034 1036 3132 1087 τοῦ
3182 1023 3574 1108 ἐπιστήμονος·
3616 1035 3741 1091 τότε

2079 1116 2183 1193 γὰρ
2214 1118 2305 1173 καὶ
2352 1120 2387 1188 ἠ
2438 1119 2674 1194 ἁρμονία
2720 1119 2895 1176 αὐτῶν
2941 1119 3211 1178 δείκνυται
3265 1122 3356 1178 καὶ
3408 1126 3445 1194 ἡ
3496 1123 3741 1197 σύνταξις

2082 1206 2239 1283 ὀρθὴ,
2272 1206 2396 1263 ὅταν
2429 1210 2543 1283 (95)
2573 1210 2603 1264 6
2631 1211 2879 1287 κατέχων
2906 1213 3007 1281 τήν
3058 1210 3227 1287 λύραν
3268 1210 3453 1287 πλήξῃ
3502 1214 3602 1278 τὰς
3630 1235 3742 1270 νευ-

2080 1297 2198 1370 ρὰς,
2229 1296 2319 1352 καὶ
2352 1296 2634 1373 ἁρμοδίως
2847 1301 3076 1373 ἑκάστης
3127 1304 3352 1377 ἅψηται⁸
3401 1307 3595 1359 τοῦτον
3644 1305 3737 1360 τὸν

2078 1386 2278 1459 τρόπον
2310 1387 2400 1442 καὶ
2451 1392 2559 1444 τῶν
2610 1389 2908 1461 αἰσθήσεων
2945 1390 2996 1446 έν
3042 1395 3124 1464 τῷ
3171 1392 3386 1466 σώματι
3434 1392 3514 1456 ὡς
3565 1392 3740 1470 λύρας

2078 1478 2470 1551 ἡρμοσμένων,
2524 1477 2649 1533 ὅταν
2683 1480 2712 1534 6
2762 1478 3080 1554 ἐπιστήμων
3131 1486 3256 1545 νοῦς
3301 1481 3475 1537 αὐτῶν
3525 1484 3736 1560 ἡγεμο-

2076 1564 2223 1640 νεύῃ·
2254 1566 2377 1622 τότε
2424 1567 2516 1622 καὶ
2565 1565 2827 1644 διακρίνει
2875 1572 2910 1639 ἡ
2962 1572 3142 1647 ψυχὴ,
3184 1571 3275 1626 καὶ
3325 1568 3468 1626 οἶδεν
3520 1573 3550 1627 ’ὀ
3592 1579 3742 1629 ποιεῖ

2076 1655 2167 1710 καὶ
2195 1654 2440 1731 πράττει.
2471 1662 2639 1713 Τοῦτο
2675 1655 2732 1713 δὲ
2767 1658 2931 1732 μόνον
2964 1661 3077 1733 (97)
3102 1656 3247 1716 ἵδιον
3270 1659 3571 1737 ἀνθρώπων
3601 1660 3734 1738 ἐστὶ,

2076 1744 2166 1799 καί
2195 1745 2356 1801 τοῦτό
2387 1744 2500 1801 ἐστι
2528 1745 2591 1802 τὸ
2623 1745 2846 1823 λογικὸν
2878 1755 2979 1817 τῆς
3024 1752 3211 1825 ψυχῆς
3254 1754 3363 1805 τῶν
3411 1751 3735 1828 ἀνθρώπων,

2079 1835 2124 1905 ᾧ
2173 1835 2436 1910 χρωμένη
2490 1832 2804 1892 διαλλάττει
2854 1842 2965 1893 τῶν
3010 1836 3253 1914 ἀλόγων,
3302 1837 3395 1894 καὶ
3448 1838 3732 1917 δείκνυσιν,

2076 1923 2161 1978 ὅτι
2193 1922 2414 1995 ἀληθῶς
2447 1922 2595 1997 ἄλλη
2647 1927 2795 2001 παρά
2843 1928 2906 1983 τὸ
2956 1927 3279 2006 φαινόμενόν
3331 1931 3445 2004 (98)
3498 1929 3642 1987 ἐστιν
3681 1932 3735 1988 ἐν

2077 2014 2311 2087 σώματι.
2362 2012 2642 2078 Πολλάκις
2693 2020 2823 2091 γοῦν
2872 2017 3128 2091 κειμένου
3176 2023 3272 2073 τοῦ
3329 2020 3584 2093 σώματος
3644 2022 3734 2078 ἐπὶ

2070 2110 2198 2179 γῆς,
2229 2105 2297 2159 τὰ
2326 2103 2378 2159 έν
2411 2103 2661 2178 οὐρανοῖς
2705 2102 3024 2183 φαντάζεται
3071 2106 3161 2163 καί
3210 2109 3405 2186 θεωρεῖ
3447 2111 3476 2164 6
3526 2108 3731 2188 ἄνθρω-

2070 2213 2192 2255 πος·
2222 2193 2310 2249 καὶ
2341 2192 2616 2257 ποΛλάκις
2645 2200 2742 2250 τοῦ
2793 2196 3051 2271 σώματος
3100 2199 3441 2275 ἠρεμοῦντος
3479 2198 3571 2256 καί
3600 2203 3733 2272 ἡσυ-

2070 2281 2335 2359 χάζοντος
2393 2284 2485 2339 καὶ
2536 2282 2916 2359 καθεύδοντος,
2968 2292 3196 2342 κινεῖται
3250 2284 3400 2342 ἔνδον
3453 2290 3482 2344 6
3529 2288 3737 2368 ἅνθρω-

2069 2394 2193 2444 πος,
2225 2374 2314 2428 καὶ
2343 2374 2411 2428 τὰ
2441 2372 2631 2445 ἔξωθεν
2685 2375 2878 2430 ἑαυτοῦ
2917 2377 3133 2453 θεωρεῖ,
3185 2378 3377 2455 χώρας
3427 2377 3733 2455 ἀποδημῶν

2068 2463 2157 2517 καὶ
2215 2469 2557 2540 περιπατῶν,
2614 2464 2705 2519 καὶ
2764 2466 3014 2521 ἀπαντῶν
3075 2470 3192 2529 τοῖς
3250 2467 3585 2545 γνωρίμοις,
3644 2471 3734 2526 καὶ

2068 2550 2342 2616 πολλάκις
2392 2551 2482 2609 διὰ
2508 2552 2716 2609 τούτων
2747 2556 2843 2617 τὰς
2881 2556 2996 2629 μεθ’
3026 2556 3235 2631 ἡμέραν
3287 2558 3511 2634 πράξεις
3542 2560 3733 2615 ἑαυτοῦ

2074 2642 2472 2716 μαντευόμενος
2518 2642 2609 2698 καί
2653 2646 3045 2721 προγινῶσκων
3093 2648 3227 2721 (99).
3276 2651 3447 2703 Τοῦτο
3478 2646 3537 2704 δὲ
3564 2648 3617 2704 τί
3668 2649 3726 2705 ἂν

2072 2728 2154 2802 εἷή
2185 2727 2367 2808 ἓτερον
2418 2735 2453 2802 ἢ
2487 2736 2639 2809 ψυχὴ
2684 2731 2908 2811 λογική,
2959 2734 3010 2791 έν
3151 2733 3429 2811 λογίζεται
3476 2736 3568 2794 καῖ
3610 2744 3731 2795 νοεῖ

2068 2822 2136 2876 τὰ
2168 2822 2299 2897 ὑπὲρ
2332 2822 2517 2877 ἑαυτὸν
2550 2824 2579 2878 6
2611 2819 2894 2897 ἅνθρωπος
2928 2842 2942 2895 ;

2140 2912 2230 2969 32.
2264 2913 2363 2967 Καὶ
2391 2916 2553 2967 τοῦτο
2585 2910 2629 2968 δ’
2660 2912 2718 2967 ἂν
2751 2911 2835 2984 εἴη
2886 2915 3022 2990 πρὸς
3045 2912 3343 2987 ’ἀπόδειξιν
3379 2913 3579 2994 ἀκριϐῆ
3611 2924 3729 2982 τοῖς

2070 2998 2148 3056 ἔτι
2177 3001 2315 3077 πρὸς
2356 2999 2623 3058 ἀναίδειαν
2672 3010 2780 3074 τῆς
2829 3003 3057 3081 ἀλογίας
3105 3008 3522 3081 τετραμμένοις.
3573 3012 3722 3081 Πῶς,

2068 3094 2163 3145 τοῦ
2231 3092 2484 3165 σώματος
2540 3094 2740 3162 θνητοῦ
2787 3095 2924 3149 κατά
2972 3092 3127 3171 φύσιν
3191 3090 3382 3165 ὄντος,
3443 3094 3724 3171 λογίζεται

2071 3178 2354 3256 ἄνθρωπος
2403 3183 2471 3235 τά
2515 3180 2640 3253 περὶ
2693 3182 3010 3253 ἀθανασίας,
3068 3184 3161 3238 καὶ
3216 3181 3489 3248 πολλάκις
3551 3186 3727 3259 ἑαυτῷ

2067 3270 2158 3323 τὸν
2212 3267 2434 3325 θάνατον
2483 3270 2616 3347 ὑπὲρ
2668 3272 2864 3347 ἀρετῆς
2915 3272 3272 3346 προκαλεῖται
3304 3274 3381 3347 (Ι)
3413 3291 3428 3345 ;
3460 3279 3527 3329 Ἣ
3581 3279 3723 3347 πῶς,

2068 3359 2404 3435 προσκαίρου
2451 3364 2549 3416 τοῖ’)
2590 3361 2845 3436 σώματος
2878 3356 3055 3433 ὄντος,
3104 3363 3174 3417 τὰ
3223 3363 3419 3418 αἰώνια
3467 3361 3724 3441 φαντάζε-

2066 3469 2152 3505 ται
2204 3448 2509 3525 ἅνθρωπος,
2554 3448 2693 3506 ὥστε
2739 3455 2849 3506 τῶν
2903 3451 2996 3525 μὲν
3047 3449 3303 3525 ἐμποδὼν
3351 3459 3725 3531 καταφρονεῖν,

2070 3539 2144 3602 εἷς
2178 3537 2357 3595 ἐκεῖνα
2385 3536 2444 3594 δὲ
2469 3540 2561 3595 τὸν
2611 3540 2776 3595 πόθον
2822 3534 2968 3617 ἔχειν
3004 3559 3017 3609 ;
3048 3542 3119 3595 Τὸ
3154 3542 3247 3615 μὶν
3283 3539 3374 3597 οὖν
3425 3547 3588 3617 σῶμα
3630 3543 3727 3598 οὐκ

2070 3628 2129 3683 ἂν
2164 3629 2320 3684 ἑαυτὸ
2350 3631 2427 3704 (2)
2457 3631 2581 3707 περὶ
2614 3629 2805 3685 ἑαυτοῦ
2849 3635 3074 3686 τοιαῦτα
3122 3629 3437 3707 λογίσηται,
3487 3632 3579 3687 καὶ
3629 3631 3728 3687 οὐκ

2069 3717 2128 3774 ἃν
2153 3719 2221 3774 τὰ
2250 3716 2440 3790 ἔξωθεν
2472 3720 2663 3774 ἑαυτοῦ
2694 3718 2997 3796 λογίζοιτο·
3039 3721 3232 3791 θνητὸν
3252 3714 3260 3720 ’
3283 3723 3387 3797 γὰρ
3434 3722 3525 3777 καὶ
3555 3721 3723 3797 πρόσ-

2066 3808 2252 3885 καιρόν
2300 3808 2464 3864 ἐστιν·
2512 3810 2718 3885 ἀνάγκη
2771 3807 2828 3865 δὲ
2879 3806 3062 3887 ἕτερον
3118 3810 3248 3867 εἶναι
3300 3813 3363 3866 τὸ
3409 3812 3477 3867 τὰ
3516 3812 3725 3868 ἐναντία

2065 3897 2156 3953 καὶ
2212 3900 2358 3973 παρά
2411 3900 2513 3968 τὴν
2572 3898 2727 3977 φύσιν
2784 3904 2882 3955 τοῦ
2928 3902 3185 3974 σώματος
3236 3898 3619 3977 λογιζόμενον.
3662 3901 3722 3956 Τί

2068 3984 2160 4047 οξῦν
2193 3986 2251 4043 ἂν
2286 3987 2369 4058 εἷή
2394 3992 2558 4043 τοῦτο
2584 3986 2775 4059 πάλιν,
2803 3989 2839 4059 ἢ
2871 3991 3027 4065 ψυχὴ
3059 3991 3259 4064 λογική
3293 3992 3383 4046 καὶ
3415 3991 3672 4054 ἀθάνατος
3703 4009 3719 4059 ;

2066 4076 2167 4131 Καὶ
2191 4078 2295 4153 γὰρ
2329 4076 2430 4132 οὐκ
2460 4075 2804 4151 ἔξωθεν,ἀλλ’
2833 4074 3042 4135 ἔνδοθεν
3088 4078 3224 4149 αὕτη
3269 4084 3349 4153 τῷ
3379 4081 3593 4154 σώματι
3622 4082 3722 4155 (3),

2068 4167 2144 4228 ὡς
2167 4168 2196 4222 ὁ
2231 4167 2491 4240 μουσικὸς
2519 4170 2588 4242 τῇ
2621 4164 2781 4245 λύρᾳ,
2815 4167 3007 4244 ένηχεῖ
3055 4169 3123 4224 τὰ
3170 4169 3471 4244 κρείττονα.
3507 4174 3634 4232 Πῶς
3664 4165 3723 4224 δὲ

2067 4253 2232 4311 πάλιν
2261 4258 2397 4312 κατὰ
2426 4256 2584 4336 φύσιν
2607 4254 2680 4312 ὣν
2731 4259 2760 4313 ὁ
2806 4254 3088 4336 ὀφθαλμὸς
3130 4258 3209 4321 εἷς
3251 4259 3315 4313 τὸ
3363 4259 3517 4335 ὁρᾷν,
3564 4258 3654 4315 καὶ
3684 4261 3720 4328 ἡ

2068 4346 2204 4415 ἀκοὴ
2263 4345 2339 4409 εἷς
2397 4347 2461 4402 τὸ
2509 4344 2744 4420 ἀκούειν,
2800 4348 2868 4403 τὰ
2920 4347 3015 4421 μὲν
3063 4347 3513 4427 ἀποστρέφονται,
3561 4349 3628 4404 τὰ
3666 4346 3725 4404 δὲ

2067 4436 2343 4510 αἱροῦνται
2378 4454 2392 4504 ;
2423 4435 2516 4498 Τίς
2560 4437 2664 4512 γὰρ
2714 4438 2744 4492 6
2783 4437 2874 4492 τὸν
2929 4435 3211 4517 ὀφθαλμὸν
3259 4442 3357 4494 τοῦ
3405 4438 3532 4513 ὁρᾷν
3588 4437 3723 4493 ἀπο-

2068 4526 2310 4604 στρέφων
2342 4544 2355 4594 ;
2384 4527 2420 4595 ἢ
2451 4525 2534 4589 τίς
2565 4528 2664 4596 τήν
2715 4525 2883 4596 ἀκοὴν
2914 4528 3049 4582 κατά
3088 4527 3245 4606 φύσιν
3276 4525 3435 4583 οὖσαν
3471 4527 3721 4582 ἀκουστι-

2065 4616 2167 4686 κήν
2197 4612 2478 4671 ἀποκλείει
2520 4620 2618 4670 τοῦ
2670 4615 2889 4671 ἀκούειν
2921 4635 2935 4685 ;
2969 4618 3039 4673 Ἦ
3082 4615 3169 4680 τίς
3220 4618 3319 4687 τὴν
3354 4619 3558 4692 γεῦσιν,
3585 4618 3724 4673 κατά

300 4714 433 4766 tum
463 4709 537 4765 ad
556 4708 921 4782 gustandum
933 4723 1002 4765 ex
1022 4709 1235 4763 natura
1254 4704 1533 4762 idoneum
1556 4720 1709 4777 saepe
1729 4722 1761 4760 a
1784 4710 1953 4761 natu-

2074 4705 2219 4785 φύσιν
2254 4702 2415 4760 οὖσαν
2459 4706 2775 4782 γευστικὴν,
2806 4705 3007 4762 κωκύει
3051 4704 3326 4769 πολλάκις
3355 4712 3458 4777 τῆς
3489 4709 3724 4786 φυσικῆς

302 4799 409 4857 rali
426 4798 686 4872 appetitu
717 4795 1020 4854 refrenat?
1048 4795 1191 4861 Quis
1214 4795 1355 4852 item
1378 4811 1622 4851 manum
1654 4810 1723 4850 ex
1743 4800 1956 4853 natura

300 4890 374 4946 ad
404 4889 698 4963 agendum
725 4892 922 4960 aptam
953 4886 1026 4942 ab
1078 4883 1378 4958 aliquibus
1426 4885 1604 4942 rebus
1643 4886 1954 4958 tangendis

391 5031 482 5105 94)
513 5032 761 5105 Saeuam
793 5028 999 5105 ἑκάστῃ
1033 5027 1126 5105 ei?
1153 5025 1296 5105 ἔχεις

389 5098 482 5160 95)
529 5098 625 5160 Sic
679 5102 916 5160 Seguer.
965 5098 1143 5157 Basil.
1190 5098 1425 5157 Gobler.
1475 5098 1729 5157 Felckm.
1777 5102 1955 5157 let2

296 5167 475 5301 anei).
498 5175 608 5301 [flii
623 5180 681 5231 et
701 5167 865 5244 editi,
895 5169 1007 5229 ὅτε.
1039 5172 1186 5230 Ibid.
1230 5171 1329 5240 τὴν
1377 5167 1544 5245 λύραν
1595 5187 1709 5228 non
1742 5171 1956 5246 legitur

298 5266 358 5301 1n
437 5264 517 5301 n2
543 5262 618 5301 lC.

298 5250 759 5402 ωὲὣεθάἒὲεβ.
790 5315 998 5402 ‘Basil.
1050 5319 1247 5402 autem
1294 5318 1352 5402 et
1381 5314 1637 5371 Felckm.
1668 5316 1703 5369 2
1734 5332 1832 5374 an.
1864 5315 1956 5388 ἂρ.

302 5385 535 5463 μονίιιές.
562 5385 809 5447 Εόὶιῖθι
838 5387 938 5463 alii
969 5403 1113 5445 mss.
1148 5385 1437 5462 ἁρμονίας.

368 5463 481 5537 (9:!)
514 5462 753 5537 segnem
794 5458 997 5537 εόγῳνο

370 5480 481 5537 (νη
515 5480 753 5534 beguer.
790 5480 997 5588 Eovmv.

370 5532 754 5614 (98)'Segu_er.
813 5531 1022 5614 .obler,
1056 5528 1312 5614 Felckm:
1359 5531 1626 5614 luanonf.‘
1668 5528 1951 5614 “1.39:1:ch-

304 5601 556 5678 μεναίξῐι
575 5601 786 5678 iisdem
809 5601 1104 5678 ἐνσώματι
1135 5618 1250 5678 n_on
1298 5601 1530 5676 legitur.
1555 5675 1568 5678 _
1587 5601 1954 5678 Omnibonus

304 5624 456 5678 μενα.
491 5624 556 5659 1n
576 5624 786 5659 nauem
809 5624 861 5657 εν
891 5624 969 5656 σω
1017 5624 1104 5657 ατι
1135 5624 1250 5658 ΠΟΠ
1298 5624 1530 5676 legitur.
1587 5624 1951 5661 υωωοοηιιε

300 5683 359 5757 et
384 5675 659 5757 Ambros.
682 5624 1017 5757 'Camaldull.
1047 5676 1140 5757 ita.
1160 5673 1428 5757 legerunt
1440 5675 1951 5757 utuhicnbabetur.

300 5749 569 5809 Nannius
584 5745 798 5821 legisse
815 5747 1053 5821 videtur
1084 5749 1150 5801 ut
1178 5745 1242 5801 in
1268 5746 1400 5821 seg.
1434 5746 1599 5803 Golb.
1636 5748 1888 5804 Felckm.
1924 5750 1949 5803 1

300 5838 502 5895 anon.,
532 5817 672 5879 nam
702 5817 788 5879 ita
815 5818 973 5877 hunc
1002 5817 1196 5877 locum
1226 5817 1441 5891 reddit,
1482 5824 1692 5895 praeter
1735 5837 1803 5880 ea
1829 5836 1956 5898 quae

2065 4795 2244 4871 ὁρμῆς
2279 4794 2414 4864 ;Τίς
2462 4792 2521 4850 δὲ
2566 4796 2666 4865 τὴν
2716 4800 2897 4872 χεῖρα,
2938 4797 3076 4852 κατὰ
3123 4795 3280 4877 φύσιν
3330 4793 3490 4853 οὖσαν
3537 4796 3619 4860 εἷς
3661 4798 3724 4853 τὸ

2064 4882 2299 4959 ἐνεργεῖν
2352 4882 2538 4960 ἐπέχει
2586 4887 2666 4960 (4)
2710 4889 2809 4940 τοῦ
2857 4884 3045 4960 ψαύειν
3104 4885 3301 4957 τινός;
3355 4884 3448 4950 Τίς
3507 4882 3566 4942 δὲ
3620 4887 3723 4957 τὴν

2062 5026 2237 5083 oculis
2257 5037 2549 5099 apparent.

2134 5099 2247 5177 (‘99)
2273 5099 2501 5177 gobler.
2538 5101 2863 5177 Felckm._t
2889 5118 3066 5177 anon“.
3093 5100 3411 5177 γινώσκων.

2142 5172 2227 5245 (1)
2277 5172 2375 5248 §ic
2426 5178 2664 5248 Seguer.
2722 5173 2954 5230 Gobler.
3004 5171 3335 5248 _Felckm,_1
3397 5191 3575 5248 anon.
3609 5171 3719 5248 Alii

2064 5241 2209 5307 cum
2229 5242 2415 5320 editis
2435 5241 2852 5320 κεκεροιιξκιιιλεἷται.⁸
2878 5245 3059 5320 Paulo
3098 5252 3233 5320 post
3258 5241 3721 5320 193039,)qude

2062 5321 2145 5378 ita
2173 5321 2232 5377 in
2265 5316 2442 5391 basi].
2467 5316 2765 5391 scribitur,
2797 5316 3068 5391 ultimam
3099 5316 3509 5376 circumflectit
3536 5316 3601 5374 in
3626 5316 3724 5374 Se-

2062 5409 2227 5467 guer.
2261 5388 2492 5467 Gobler.
2527 5388 2903 5467 εδῌξθιιξιίιιι.Δ
2929 5390 2982 5460 1,
3030 5390 3067 5443 2
3117 5395 3175 5447 et
3221 5392 3255 5446 3
3299 5406 3576 5464 anonym.
3610 5391 3723 5467 An-

2063 5456 2203 5539 éli‘c.‘
2232 5466 2428 5539 autem
2460 5456 2976 5539 έκλτοδιῖυνᾘιὶὺθίὶ.⁷
3025 5531 3037 5539 ⁸
3161 5536 3185 5539 μ
3296 5538 3301 5539 7
3458 5456 3508 5539 '__
3585 5530 3599 5539 _
3656 5464 3659 5467 ’

2135 5532 2471 5617 (2)-βΟδῙΘΓ.
2505 5532 2696 5616 Felck.
2731 5533 2755 5587 1
2790 5549 2997 5617 anon“
3024 5531 3218 5617 έαυτς),
3252 5538 3429 5617 atque
3472 5530 3726 5617 ita‘legit

2063 5603 2454 5674 omnibonus,
2518 5605 2620 5677 qui
2684 5607 2861 5677 vertit
2925 5605 3086 5677 sibi,
3119 5603 3251 5661 Max
3274 5603 3417 5662 ibid.
3489 5603 3719 5662 Goblér.

2066 5679 2321 5737 Felckm.
2354 5675 2706 5751 anonymus,
2739 5675 2903 5730 αὐτοῦ
2936 5693 3042 5751 pro
3074 5676 3286 5734 ἑαυτοῦ.
3761 5680 3769 5691 ‘

2160 5753 2216 5820 3)
2245 5747 2421 5805 Basil.
2454 5747 2552 5801 τοῖ’)
2581 5747 2859 5820 σώματος.

2160 5753 2216 5820 3)
2245 5753 2421 5805 Basil.
2454 5753 2552 5801 τοῦ
2581 5753 2859 5820 σώματος.

2135 5753 2214 5904 (4)
2242 5821 2339 5882 Sic
2367 5835 2571 5880 omnes
2595 5835 2741 5879 mss.
2774 5820 2925 5878 Editi
2953 5836 3111 5895 vero,
3146 5820 3358 5901 ὑπέχει.
