4160 6448
354 448 429 506 6'7
896 444 961 504 S.
1006 443 1433 505 ATHANASII
1478 446 1651 506 ΟΡΡ.
1702 446 1902 507 PARS
1948 446 1997 507 Ι.
2032 479 2110 490 -
2144 448 2566 512 HISTOBICA
2609 449 2711 512 ET
2758 449 3247 512 DOGMATICA.
3709 454 3793 515 68

356 579 533 652 gavit,
557 578 975 636 evidentiorem
1005 577 1466 633 immortalitatis
1496 578 1889 651 cognitionem
1920 583 2006 635 est

2120 584 2207 648 τᾷ,
2239 579 2330 633 καὶ
2374 581 2510 655 πρὸς
2560 580 2756 644 αὐτοὺς
2803 583 3103 654 ἀφικνεῖται
3152 586 3221 657 τῇ
3252 586 3351 637 τοῦ
3388 585 3485 637 νοῦ
3515 582 3795 661 θαῤῥουσα

360 669 673 726 habitura?
712 669 772 725 Si
801 669 959 725 enim
990 668 1049 723 in
1083 684 1322 739 corpore
1348 668 1539 724 adhuc
1566 667 1779 735 vincta,
1811 669 2013 737 vitam,

363 775 493 832 quas
550 762 712 816 extra
768 775 980 831 corpus
1036 761 1143 829 est,
1172 757 1359 813 vivit:
1397 756 1581 813 multo
1640 758 1830 831 magis
1888 762 2019 829 post

364 854 617 906 mortem
660 849 921 921 corporis
948 848 1118 914 vivet,
1162 864 1265 902 nec
1296 847 1485 903 vivere
1515 846 1743 903 desinet
1788 847 1886 902 Dei
1918 848 2016 903 be—

368 939 595 1008 neﬁcio,
629 938 731 1011 qui
761 954 891 994 eam
927 954 1030 1010 per
1067 953 1245 993 suum
1275 936 1533 992 Verbum
1563 937 1878 993 Dominum
1909 953 2016 993 no-

367 1032 559 1085 strum
588 1027 792 1084 Jesum
820 1026 1116 1083 Christum
1146 1026 1325 1083 talem
1364 1026 1569 1098 utique
1609 1026 1762 1082 fecit.
1794 1026 2016 1081 Idcirco

364 1118 523 1175 enim
552 1116 912 1174 immortalia
951 1122 1009 1173 et
1053 1120 1268 1173 aeterna
1313 1116 1527 1189 cogitat
1575 1121 1631 1172 et
1676 1116 1849 1188 sapit,
1878 1115 2018 1188 quia

361 1206 713 1264 immortalis
743 1210 852 1264 est.
879 1206 1148 1279 Namque
1177 1211 1245 1261 ut
1294 1204 1561 1262 mortalis
1591 1206 1852 1278 corporis
1882 1222 2016 1261 sen-

360 1314 461 1354 sus
493 1296 640 1354 nihil
672 1296 789 1354 nisi
818 1295 1066 1353 mortale
1109 1294 1441 1369 percipiunt
1473 1312 1487 1350 :
1521 1294 1605 1352 sic
1634 1294 1893 1351 animam
1923 1310 2017 1351 res

360 1386 726 1444 immortales
756 1385 1254 1460 contemplantem
1276 1389 1333 1441 et
1352 1384 1758 1450 meditantem,
1783 1384 2019 1440 immor-

356 1476 537 1534 talem
582 1493 814 1549 quoque
857 1492 987 1532 esse
1015 1480 1073 1533 et
1102 1491 1335 1548 semper
1388 1475 1579 1531 vivere
1636 1490 1874 1530 necesse
1904 1477 2014 1529 est.

360 1566 667 1639 Siquidem
698 1582 1006 1638 nunquam
1054 1564 1216 1621 illam
1249 1566 1528 1620 deserunt
1556 1562 2017 1620 immortalitatis

359 1659 628 1712 notiones
659 1661 717 1712 et
745 1655 1149 1728 cogitationes,
1178 1655 1279 1711 sed
1312 1654 1372 1709 in
1404 1669 1472 1710 ea
1498 1653 1570 1709 ad
1602 1651 2016 1709 immortalita-

360 1745 441 1801 tis
473 1745 851 1802 securitatem
881 1746 1071 1801 instar
1113 1744 1333 1800 fomitis
1370 1748 1706 1799 constanter
1736 1743 2013 1799 resident.

363 1833 513 1891 Hinc
543 1851 680 1908 ergo
710 1834 1223 1907 contemplationis
1258 1833 1359 1889 Dei
1391 1833 1686 1889 notionem
1717 1844 1775 1889 et
1804 1832 2018 1905 cogita-

361 1924 582 1983 tionem
613 1925 809 1993 habet,
836 1924 1068 1996 sibique
1096 1924 1210 1996 ipsi
1260 1924 1327 1979 ﬁt
1372 1922 1485 1990 via,
1516 1939 1705 1994 neque
1734 1923 2014 1977 extrinse-

366 2029 495 2085 cus,
525 2014 628 2070 sed
659 2030 728 2070 ex
755 2014 952 2086 seipsa
978 2013 1081 2070 Dei
1109 2012 1286 2069 Verbi
1336 2011 1728 2086 cognitionem
1758 2016 1815 2068 et
1856 2027 2014 2067 com-

360 2102 813 2175 prehensionem
844 2102 1072 2175 accipit.

2127 668 2475 744 καθαρότητι·
2533 676 2652 733 πῶς
2710 669 2838 747 οὐχὶ
2897 668 3110 744 μᾶλλον
3170 669 3261 727 καί
3319 669 3520 745 πολλῷ
3575 672 3787 747 πλέον,

2128 755 2458 814 ἀπολυθεῖσα
2504 764 2601 815 τοῦ
2650 761 2928 833 σώματος,
2962 759 3053 815 ὅτε
3083 762 3112 816 ὁ
3144 758 3413 833 συνδήσας
3458 760 3628 832 αὐτὴν
3666 764 3792 839 βοό-

2127 844 2275 901 λεται
2335 849 2464 910 Θεὸς
2498 893 2512 918 ,
2573 850 2943 927 φανερωτέραν
3004 847 3108 921 ἕξει
3167 852 3266 920 τήν
3324 858 3428 921 τῆς
3498 852 3791 918 ἀθανασίας

2125 940 2356 1009 γνῶσιν;
2390 938 2451 992 Εἰ
2482 938 2586 1013 γὰρ
2637 939 2727 992 καὶ
2777 936 3079 994 συνδεθεῖσα
3112 940 3329 1013 σώματι
3359 942 3459 1012 τὴν
3507 940 3659 1006 ἐκτὸς
3687 947 3787 999 τοῦ

2127 1024 2382 1097 σώματος
2434 1028 2577 1096 ζωήν
2611 1022 2731 1098 ἔζη,
2778 1026 2979 1101 πολλῷ
3028 1026 3198 1084 πλέον
3251 1031 3341 1085 καὶ
3395 1031 3531 1104 μετὰ
3558 1033 3783 1089 θάνατον

2122 1117 2221 1167 τοῦ
2251 1113 2505 1187 σώματος
2554 1118 2792 1187 ζήσεται,
2843 1115 2933 1171 καί
2984 1117 3046 1172 οὐ
3097 1117 3356 1174 παύσεται
3398 1124 3497 1175 τοῦ
3553 1125 3649 1196 ζῇν
3699 1120 3791 1179 διὰ

2124 1203 2215 1255 τὸν
2247 1202 2420 1265 οὕτως
2449 1203 2615 1274 αὐτὴν
2637 1208 2945 1276 ποιήσαντα
2974 1207 3102 1263 Θεὸν
3124 1205 3213 1263 διὰ
3227 1213 3325 1264 τοῦ
3357 1209 3550 1265 ἑαυτοῦ
3580 1212 3786 1288 Λόγου,

2123 1296 2221 1346 τοῦ
2251 1293 2450 1366 Κυρίου
2480 1295 2641 1368 ἡμῶν
2686 1296 2868 1366 Ἰησοῦ
2922 1300 3175 1371 Χριστοῦ.
3212 1298 3311 1352 Διά
3354 1303 3518 1355 τοῦτο
3560 1300 3666 1377 γὰρ
3694 1300 3787 1357 καὶ

2127 1381 2359 1436 ἀθάνατα
2414 1383 2504 1437 καὶ
2564 1383 2761 1439 αἰώνια
2818 1382 3098 1460 λογίζεται
3156 1387 3247 1442 καὶ
3300 1394 3532 1466 φρονεῖ,
3593 1388 3784 1461 ἐπειδή

2124 1470 2215 1524 καὶ
2246 1470 2506 1533 ἀθάνατός
2555 1470 2686 1529 ἐστι.
2741 1473 2841 1528 Καὶ
2890 1472 3094 1551 ὥσπερ,
3141 1480 3239 1531 τοῦ
3287 1478 3545 1552 σώματος
3587 1479 3790 1551 θνητοῦ

2122 1561 2515 1635 τυγχάνοντος,
2572 1562 2743 1631 θνητά
2791 1563 2883 1617 καὶ
2931 1565 2987 1617 αἱ
3032 1562 3229 1620 τούτου
3268 1565 3562 1640 θεωροῦσιν
3598 1568 3789 1642 αἰσθή-

2126 1669 2259 1719 σεις,
2291 1649 2463 1711 οὕτως
2499 1650 2728 1705 ἀθάνατα
2773 1653 3079 1727 θεωροῦσαν
3131 1653 3222 1708 καὶ
3272 1651 3641 1731 λογιζομένην
3685 1660 3788 1729 τὴν

2125 1740 2337 1815 ψυχὴν,
2369 1739 2575 1814 ἀνάγκη
2609 1740 2701 1795 καὶ
2750 1741 2918 1811 αὐτὴν
2973 1743 3230 1799 ἀθάνατον
3264 1743 3399 1799 εἶναι
3437 1746 3528 1801 καὶ
3572 1748 3655 1803 ἀεὶ
3690 1751 3784 1823 ζῇν

2124 1829 2197 1884 Αἱ
2222 1829 2326 1905 γὰρ
2357 1829 2481 1904 περὶ
2510 1836 2612 1899 τῆς
2652 1830 2939 1894 ἀθανασίας
2986 1826 3185 1888 ἔννοιαι
3234 1833 3325 1888 καὶ
3372 1836 3595 1912 θεωρίαι
3634 1834 3787 1894 οὐδέ-

2124 1938 2257 1972 ποτε
2309 1917 2475 1987 αὐτὴν
2537 1919 2720 1996 ἀφιᾶσι
2796 1921 3048 1993 μένουσαι
3119 1921 3170 1977 ἐν
3234 1923 3392 1998 αὐτῇ,
3450 1925 3542 1980 καὶ
3604 1926 3785 2007 ὥσπερ

2125 2005 2385 2081 ἔκκαυμα³
2419 2006 2471 2063 ἐν
2510 2007 2647 2083 αὐτῇ
2699 2009 2981 2085 γινόμεναι
3011 2012 3150 2088 πρὸς
3199 2012 3494 2091 ἀσφάλειαν
3519 2022 3622 2086 τῆς
3656 2005 3785 2072 ἀθαξ·

2122 2095 2326 2160 νασίας.
2387 2099 2485 2153 Διὰ
2529 2102 2692 2153 τοῦτο
2740 2104 2870 2175 γοῦν
2929 2099 3018 2155 καὶ
3064 2107 3166 2171 τῆς
3214 2103 3339 2179 περὶ
3369 2108 3504 2159 Θεοῦ
3546 2106 3787 2183 θεωρίας

356 2186 474 2269 ἔχει
500 2191 600 2262 τὴν
634 2185 862 2262 ἔννοιαν,
890 2189 981 2246 καὶ
1011 2188 1148 2260 αὐτή
1182 2189 1378 2259 ἑαυτῆς
1404 2187 1612 2264 γίνεται
1642 2185 1790 2260 ὁδὸς,
1845 2187 1944 2244 οὐκ
1975 2181 2188 2260 ἔξωθεν,
2222 2184 2349 2242 ἀλλ’
2381 2186 2433 2259 ἐξ
2474 2187 2670 2258 εαυτῆς
2721 2184 3077 2263 λαμϐάνουσα
3122 2191 3221 2261 τήν
3270 2196 3369 2247 τοῦ
3417 2197 3553 2250 Θεοῦ
3603 2181 3786 2272 Λόγου

355 2282 470 2356 (15)
498 2283 693 2357 γνῶσιν
725 2278 817 2336 καὶ
846 2277 1177 2353 κατάληψιν.

426 2372 516 2429 34.
553 2373 756 2444 Itaque
785 2373 942 2445 quod
992 2375 1165 2427 antea
1209 2371 1435 2427 dictum
1470 2370 1580 2426 fuit
1626 2369 1840 2426 iterum
1866 2368 2013 2425 dici-

356 2479 512 2530 mus,
545 2461 961 2530 illos'scilicet,
996 2461 1501 2535 quemadmodum
1550 2460 1739 2517 Deum
1769 2474 2014 2532 negave-

358 2555 520 2622 runt,
551 2556 610 2608 et
650 2567 745 2609 res
793 2550 1091 2608 inanimas
1120 2549 1341 2621 colunt,
1376 2549 1462 2606 sic
1518 2548 1697 2605 etiam
1753 2547 2015 2605 animam

358 2640 604 2698 rationis
656 2640 1001 2714 participem
1054 2655 1116 2696 se
1146 2656 1263 2695 non
1321 2639 1536 2695 habere
1588 2637 2011 2705 existimantes,

358 2730 513 2787 hanc
541 2746 662 2787 sum
691 2728 1042 2802 insipientia;
1091 2744 1325 2801 poenam
1356 2732 1566 2801 sponte
1598 2743 1707 2784 sua
1736 2726 1920 2797 luere,
1950 2730 2017 2781 ut

367 2820 523 2876 inter
576 2820 831 2893 pecudes
874 2822 1274 2875 numerentur.
1305 2817 1494 2882 Quare
1539 2816 1720 2873 veluti
1764 2814 2014 2871 inanimi

366 2909 710 2984 religionem
740 2909 801 2964 in
833 2908 1010 2964 rebus
1050 2906 1330 2963 inanimis
1361 2906 1767 2979 superstitiose
1797 2904 2015 2960 consti-

365 3002 623 3068 tuentes,
645 2997 1019 3055 miseratione
1046 2996 1301 3070 profecto
1327 2995 1492 3068 digni
1519 2998 1657 3052 sunt
1687 2999 1745 3051 et
1772 2995 2014 3050 ductore

363 3103 514 3161 opus
545 3087 782 3144 habent.
805 3085 865 3142 Si
894 3102 1028 3141 vero
1069 3084 1328 3141 animam
1361 3099 1423 3139 se
1452 3083 1668 3139 habere
1694 3085 1925 3155 putant,
1958 3084 2017 3137 et

363 3179 437 3234 de
465 3175 850 3235 ratiocinandi
883 3173 1160 3231 facultate
1180 3172 1435 3229 multum
1465 3172 1815 3245 gloriantur,
1837 3170 2014 3244 idque

2192 2368 2281 2423 34.
2344 2367 2589 2442 Λέγομεν
2666 2364 2757 2425 οὗν
2791 2413 2806 2439 ,
2863 2369 3103 2446 καθάπερ
3176 2366 3387 2446 εἴρηται
3461 2371 3728 2451 πρότερον
3761 2419 3778 2449 ,

2124 2453 2304 2529 ὥσπερ
2350 2455 2442 2511 τὸν
2501 2458 2629 2511 Θεὸν
2686 2458 3015 2531 ἠρνήσαντο,
3070 2459 3160 2513 καὶ
3219 2455 3409 2535 ἄψυχα
3456 2463 3781 2537 θρησκεύου-

2124 2566 2204 2599 σιν
2235 2547 2372 2619 (16),
2401 2544 2544 2600 οὕτω
2575 2546 2665 2601 καὶ
2711 2547 2809 2616 τήν
2860 2549 3044 2625 ψυχὴν
3097 2548 3196 2603 οὐκ
3245 2547 3390 2626 ἔχειν
3424 2548 3660 2628 λογικήν
3692 2574 3783 2611 νο-

2128 2634 2374 2708 μίζοντες
2408 2681 2421 2708 ,
2481 2632 2698 2690 αὒτόθεν
2759 2634 2950 2713 ἔχουσι
3022 2644 3126 2708 τῆς
3196 2640 3621 2719 παραφροσύνης
3677 2644 3777 2713 τὴν

2125 2724 2399 2796 ἐπιτιμίαν
2452 2726 2564 2798 (17)
2615 2724 2667 2780 έν
2722 2723 2952 2801 ἀλόγοις
2996 2728 3512 2803 καταριθμούμενον
3545 2731 3638 2786 καί
3687 2729 3779 2787 διὰ

2120 2817 2282 2868 τοῦτο
2313 2814 2387 2875 ὡς
2421 2810 2627 2889 ἅψυχοι
2653 2814 2703 2869 ἐν
2755 2815 2990 2893 ἀψύχοις
3042 2813 3262 2893 ἔχοντες
3306 2820 3406 2889 τὴν
3440 2815 3781 2896 δεισιδαιμο-

2121 2902 2263 2973 νίαν,
2295 2899 2482 2965 ἐλέους
2510 2902 2601 2958 καὶ
2626 2903 3000 2980 χειραγωγίας
3033 2906 3165 2961 εἰσὶν
3200 2905 3359 2978 ἄξιοι.
3391 2908 3455 2965 Εἰ
3486 2906 3545 2965 δὲ
3591 2912 3778 2987 ψυχὴν

2125 2991 2358 3063 ἀξιοῦσιν
2390 2994 2503 3066 (18)
2533 2990 2698 3070 ἔχειν,
2747 2994 2838 3049 καὶ
2887 2992 2975 3049 ἐπὶ
3002 2999 3084 3068 τῷ
3124 2994 3336 3073 λογικῷ
3371 2999 3512 3075 μέγα
3542 3004 3781 3077 φρονοῦ-

2124 3102 2230 3151 σιν,
2260 3081 2485 3144 εἰκότως
2512 3086 2673 3137 τοῦτο
2718 3087 3023 3148 ποιοῦντες’
3071 3082 3160 3141 διὰ
3195 3085 3250 3141 τί
3299 3087 3377 3150 ὡς
3429 3090 3506 3162 μὴ
3554 3085 3779 3165 ἔχοντες

2121 3171 2305 3246 ψυχήν
2350 3172 2496 3247 παρὰ
2542 3169 2708 3247 λόγον
2741 3171 3016 3247 τολμωσι,
3071 3174 3161 3230 καὶ
3210 3174 3318 3252 οὐχ
3368 3175 3401 3231 ἃ
3440 3174 3524 3232 δεῖ
3553 3183 3771 3256 φρονεῖν

352 3268 489 3341 jure
517 3266 727 3324 merito
759 3283 774 3322 :
807 3282 912 3321 cur
938 3267 1221 3336 tanquam
1260 3262 1459 3319 anima
1488 3265 1775 3333 carentes,
1806 3265 2006 3317 contra

2121 3264 2409 3352 φρονοῦσιν
2442 3306 2458 3333 ,
2508 3258 2656 3315 ἀλλὰ
2717 3260 3027 3340 κρείττονας
3079 3264 3307 3352 ἑαυτοὺς,
3355 3267 3468 3340 (19)
3524 3267 3616 3323 καὶ
3673 3271 3775 3323 τοῦ

360 3358 647 3433 rationem
693 3371 863 3429 agere
909 3370 1026 3410 non
1054 3356 1348 3423 verentur,
1376 3368 1482 3407 nec
1528 3368 1598 3407 ea
1627 3367 1755 3424 quae
1804 3366 2006 3423 sapere

2120 3348 2276 3405 Θείου
2306 3353 2559 3419 ποιοῦσι;
2594 3352 2795 3428 Ψυχὴν
2827 3352 2931 3427 γάρ
2979 3352 3234 3409 ἀθάνατον
3282 3350 3506 3431 ἔχοντες
3550 3357 3642 3411 καὶ
3692 3357 3771 3431 μὴ

360 3450 589 3520 oportet
624 3445 882 3518 sapiunt,
911 3444 1013 3500 sed
1061 3442 1287 3514 seipsos
1334 3440 1588 3497 Numine
1634 3440 1811 3496 etiam
1861 3456 2011 3512 pras-

359 3535 674 3594 stantioros
701 3532 963 3591 faciunt?
984 3532 1289 3604 Siquidem
1313 3529 1427 3603 ipsi
1445 3529 1764 3585 immortali
1786 3529 2008 3599 anima,

358 3641 539 3698 quam
569 3641 676 3681 nec
705 3623 892 3681 oculis
917 3622 1114 3678 videre
1149 3624 1421 3693 possunt,
1455 3618 1700 3692 praediti,
1736 3619 1916 3674 Deum
1948 3618 2007 3674 in

358 3715 709 3787 rebus,quae
738 3712 925 3770 oculis
970 3710 1245 3767 videntur
1285 3712 1343 3765 et
1386 3709 1618 3765 caducae
1666 3712 1826 3774 sunt,
1857 3708 2007 3780 ﬁgu-

354 3808 512 3862 rant.
545 3804 661 3859 Cur
689 3803 830 3859 item
874 3798 1376 3873 quemadmodum
1407 3815 1441 3853 a
1468 3803 1580 3854 Deo
1620 3802 2004 3867 recesserunt,

353 3895 438 3951 ita
466 3908 672 3950 rursus
703 3893 775 3948 ad
805 3891 1081 3948 eumdem
1102 3906 1219 3945 non
1239 3886 1621 3960 confugiunt?
1645 3886 1910 3959 Namque
1942 3891 2007 3943 ut

351 3982 538 4041 Deum
569 3985 764 4037 mente
794 3980 1121 4049 deseruere,
1141 3982 1198 4033 et
1230 3994 1322 4033 res
1343 3993 1468 4047 quas
1500 3974 1675 4030 nullm
1698 3979 1838 4031 sunt
1865 3977 2003 4033 deos

351 4072 646 4141 efﬁnxere,
672 4070 755 4126 sic
774 4069 979 4127 eadem
1000 4084 1120 4124 suae
1150 4066 1359 4123 animae
1388 4068 1582 4121 mente
1612 4065 1925 4121 ascendere
1947 4070 2005 4123 et

355 4176 422 4219 se
461 4159 679 4217 iterum
709 4160 782 4216 ad
810 4159 997 4215 Deum
1046 4159 1297 4229 possunt
1342 4158 1698 4211 convertere.
1725 4154 1998 4228 Possunt,

350 4250 686 4323 inquam,si
703 4265 851 4322 quas
872 4246 1138 4304 omnium
1159 4244 1552 4318 cupiditatum
1578 4243 1780 4300 sordes
1800 4244 2003 4301 indue-

348 4340 490 4409 rint,
520 4340 840 4413 deponant,
870 4340 928 4393 et
954 4334 1161 4392 tandiu
1202 4333 1464 4402 abluant,
1498 4334 1680 4390 donec
1710 4334 1999 4408 quidquid

348 4429 608 4486 alienum
653 4428 861 4485 animae
909 4424 1220 4483 accesserit
1264 4424 1603 4495 abjecerint,
1634 4440 1883 4497 eamque
1908 4442 2000 4482 so-

344 4519 485 4589 lam,
509 4517 702 4592 qualis
748 4521 943 4573 creata
984 4519 1091 4584 est,
1124 4513 1494 4570 exhibuerint
1527 4531 1540 4569 :
1577 4517 1644 4570 ut
1669 4513 1780 4570 hoc
1827 4518 1997 4586 pacto

2124 3436 2469 3513 βλεπομένην
2503 3438 2709 3513 αὐτοῖς,
2738 3441 2830 3496 τὸν
2862 3442 2990 3497 Θεὸν
3023 3441 3076 3498 ἐν
3104 3448 3223 3506 τοῖς
3276 3441 3643 3520 βλεπομένοις
3683 3446 3777 3502 καὶ

2117 3529 2337 3598 θνητοῖς
2391 3529 2791 3599 ἀπεικάζουσιν.
2826 3532 2895 3589 *Η
2954 3528 3043 3587 διὰ
3097 3532 3173 3605 τί,
3232 3532 3416 3609 ὥσπερ
3474 3533 3778 3605 ἀπέστησαν

2116 3617 2221 3672 ἀπὸ
2248 3622 2346 3673 τοῦ
2405 3622 2561 3690 Θεοῦ,
2620 3618 2793 3683 οὕτως
2850 3620 2913 3675 οὐ
2971 3622 3369 3701 καταφεύγουσι
3424 3622 3592 3679 πάλιν
3634 3622 3776 3701 πρὸς

2117 3706 2274 3761 αὐτόν
2311 3725 2326 3776 ;
2371 3705 2629 3762 Δύνανται
2672 3709 2799 3784 γὰρ,
2846 3707 3030 3788 ὥσπερ
3077 3712 3490 3790 ἀπεστράφησαν
3534 3716 3604 3788 τῇ
3653 3710 3775 3769 δια-

2114 3816 2236 3868 νοιᾳ
2259 3796 2350 3850 τὸν
2379 3797 2529 3868 Θεὸν,
2559 3796 2651 3852 καὶ
2680 3798 2748 3852 τὰ
2778 3796 2879 3853 οὐκ
2907 3793 3037 3854 ὄντα
3065 3798 3435 3857 ἀνεπλάσαντο
3467 3802 3545 3865 εἰς
3595 3803 3773 3875 θεοὺς,

2115 3884 2290 3947 οὕτως
2350 3879 2615 3955 ἀναϐῆναι
2667 3890 2748 3959 τῷ
2802 3891 2881 3960 νῷ
2909 3895 3013 3958 τῆς
3069 3892 3278 3965 ψυχῆς,
3329 3890 3420 3946 καὶ
3460 3889 3625 3947 πάλιν
3651 3890 3772 3948 ἐπι-

2113 3974 2338 4050 στρέψαι
2367 3975 2505 4049 πρὸς
2532 3973 2623 4030 τὸν
2676 3975 2831 4035 Θεόν.
2886 3978 3234 4053 Ἐπιστρέψαι
3280 3978 3339 4035 δὲ
3369 3978 3640 4055 δύνανται,
3679 3982 3769 4039 ἐὰν

2111 4063 2168 4117 ’ὸν
2232 4061 2544 4119 ἐνεδύσαντο
2604 4063 2771 4141 ῥύπον
2832 4066 3013 4137 πάσης
3066 4065 3381 4143 ἐπιθυμίας,
3433 4070 3770 4144 ἀπόθωνται,

2110 4150 2201 4207 καὶ
2231 4157 2485 4209 τοσοῦτον
2520 4152 2908 4229 ἀπονίψωνται,
2957 4152 3064 4219 ἕως
3115 4156 3174 4212 ἂν
3209 4157 3517 4216 ἀπόθωνται
3566 4167 3672 4217 πᾶν
3702 4162 3767 4218 τὸ

2109 4237 2460 4315 συμϐεϐηκὸς
2492 4241 2785 4321 ἀλλότριον
2817 4248 2888 4320 τῇ
2919 4248 3098 4323 ψυχῇ,
3128 4247 3219 4302 καὶ
3245 4246 3418 4320 μόνην
3449 4250 3616 4320 αὐτὴν

2109 4329 2289 4408 ὥσπερ
2349 4332 2569 4409 γέγονεν
2601 4378 2614 4404 ,
2663 4331 3016 4406 ἀποδείξωσιν
3050 4379 3065 4405 ,
3126 4333 3197 4390 i'v’
3253 4336 3427 4401 οὕτως
3499 4338 3551 4395 ἐν
3623 4339 3762 4417 αὐτῇ

2106 4421 2379 4495 θεωρῆσαι
2423 4420 2515 4477 τόν
2564 4427 2662 4479 τοῦ
2709 4425 2922 4501 Πατρὸς
2968 4424 3168 4502 Λόγον,
3216 4428 3333 4482 καθ’
3381 4429 3439 4484 ὃν
3469 4427 3562 4484 καὶ
3608 4428 3773 4506 γεγό-

2106 4531 2254 4567 νασιν
2313 4510 2363 4581 ἐξ
2425 4512 2628 4587 ἀρχῆς,
2674 4510 2986 4584 δυνηθῶσι.
3040 4516 3167 4570 Κατ’
3219 4515 3401 4572 εἷ’κόνα
3457 4519 3561 4594 γὰρ
3627 4522 3766 4576 Θεοῦ

341 4608 533 4666 Patris
560 4607 843 4672 Verbum,
877 4606 949 4661 ad
996 4605 1167 4677 cujus
1205 4602 1653 4660 similitudinem
1703 4604 1775 4659 ab
1825 4603 1994 4660 initio

2120 4599 2422 4675 πεποίηται,
2454 4602 2544 4656 καὶ
2588 4603 2706 4657 καθ’
2752 4602 3017 4677 ὁμοίωσιν
3073 4606 3318 4681 γέγονεν,
3356 4607 3433 4670 ὡς
3457 4608 3548 4663 καὶ
3578 4610 3613 4677 ἡ
3646 4607 3768 4668 θεία

341 4696 481 4754 facti
511 4700 673 4766 sunt,
707 4696 766 4752 in
798 4667 901 4750 illa
927 4667 1143 4750 intueri
1174 4692 1425 4749 valeant.
1459 4692 1540 4747 Ad
1569 4692 1889 4765 imaginem
1920 4694 1993 4750 si-

2120 4667 2353 4764 ιημαίνει
2405 4667 2591 4767 Ϋραφὴ
2646 4690 2705 4746 ἐκ
2760 4667 3060 4768 προσώπου
3087 4667 3222 4749 ’τὸῦ
3280 4667 3429 4751 Θεοῦ*
3472 4667 3762 4772 λέγόυσαο

340 4785 579 4859 quidem
607 4790 666 4841 et
706 4784 1157 4842 similitudinem
1207 4781 1304 4837 Dei
1359 4782 1512 4838 facta
1556 4786 1614 4837 et
1660 4786 1857 4838 creata
1902 4786 1992 4839 est

338 4874 559 4945 anima,
582 4878 650 4932 ut
677 4875 773 4932 27
807 4878 864 4930 et
892 4873 1091 4929 divina
1137 4871 1437 4943 Scriptura
1484 4870 1726 4943 innicat,
1759 4888 1890 4944 quae
1920 4887 1991 4928 ex

335 4979 590 5037 persona
631 4963 730 5021 Dei
780 4963 861 5018 ita
903 4961 1207 5034 loquitur:
1240 4962 1533 5017 Faciamus
1588 4961 1863 5018 hominem
1917 4962 1989 5018 ad

333 5056 637 5125 imaginem
699 5058 753 5110 et
815 5051 1245 5107 similitudinem
1305 5053 1555 5105 nostram
1584 5050 1646 5105 ιε.
1705 5050 1988 5113 Quocirca

335 5158 469 5198 cum
502 5159 708 5199 omnes
734 5139 953 5215 peccati
975 5139 1260 5207 maculas,
1284 5140 1500 5211 quibus
1525 5156 1764 5211 aspersa
1788 5140 1981 5210 fuerit,

330 5232 694 5304 absterserit,
744 5235 802 5287 et
844 5232 1031 5286 solam
1080 5229 1241 5284 illam
1275 5228 1725 5284 similitudinem
1771 5246 1983 5301 puram

400 5348 443 5384 ¹⁸
470 5352 678 5406 Genes.
711 5366 752 5417 ι,
782 5348 871 5404 26.

542 5483 719 5575 Dasil.
750 5483 1004 5575 Anlgli‘c‘”
1034 5478 1159 5575 1:58;;
1191 5483 1293 5575 ποῦ
1324 5483 1477 5575 Θεοῦ.

398 5547 511 5629 (16)
542 5557 781 5629 seguer.
833 5547 1064 5629 Cobler.
1106 5547 1368 5609 'Felckm.
1403 5556 1428 5607 1
1474 5569 1674 5621 anon.,
1707 5547 1975 5615 σέϐουσιν.

326 5625 507 5700 Iidem
535 5625 647 5700 τήν
670 5643 793 5700 seq.
827 5644 942 5700 non
972 5627 1213 5700 habent.

399 5698 511 5770 (17)
543 5691 774 5755 ῦοῦιθτῖ
807 5714 867 5754 et
894 5698 1147 5754 Felckm.
1183 5700 1208 5751 1
1245 5713 1445 5770 anon.,
1486 5691 1828 5770 ἐπιμισθίαν,
1861 5716 1976 5770 quo

322 5768 499 5828 etiam
530 5771 703 5843 modo
749 5769 961 5843 legisse
989 5769 1266 5826 videntur
1310 5768 1575 5843 Nannius
1596 5768 1663 5826 et
1692 5768 1975 5831 Omnibo-

322 5858 458 5917 nus,
477 5843 582 5918 qui
612 5842 767 5905 hanc
792 5840 994 5902 vocem
1023 5844 1281 5915 vertunt,
1309 5840 1631 5904 mercedem.

2100 4783 2426 4854 Ποιήσωμεν
2479 4777 2761 4855 ἄνθρωπον
2829 4784 2946 4837 κατ’
2995 4781 3176 4838 εἰκόνα
3230 4785 3320 4840 καὶ
3376 4786 3493 4841 καθ’
3550 4786 3761 4857 ὁμοίω-

2096 4890 2176 4923 σιν
2215 4871 2502 4947 ἡμετέραν.
2558 4871 2710 4926 Ὅθεν
2769 4870 2858 4926 καὶ
2916 4870 3006 4927 ὅτε
3059 4874 3235 4928 πάντα
3279 4874 3373 4929 τὸν
3426 4874 3758 4952 ἐπιχυθέντα

2098 4958 2265 5034 ῥύπον
2337 4967 2437 5030 τῆς
2498 4959 2766 5037 ἁμαρτίας
2844 4961 2931 5037 ἀφ’
2992 4962 3188 5032 ἑαυτῆς
3243 4963 3606 5031 ἀποτίθεται,
3663 4966 3758 5023 καὶ

2099 5048 2262 5121 μόνον
2319 5050 2382 5104 τὸ
2440 5056 2555 5104 κατ’
2629 5049 2810 5105 εἰκόνα
2860 5051 3092 5126 καθαρὸν
3153 5049 3444 5131 φυλάττει,
3503 5053 3756 5125 εἰκότως,

2097 5135 2628 5214 διαλαμπρυνθέντος
2680 5139 2879 5195 τούτου
2915 5187 2929 5211 ,
2989 5140 3065 5203 ὡς
3132 5141 3183 5198 ἐν
3242 5143 3500 5216 κατόπτῳ
3557 5145 3757 5221 θεωρεῖ

2093 5228 2192 5297 τήν
2225 5227 2406 5283 εἰκόνα
2447 5233 2544 5283 τοῦ
2592 5229 2803 5306 Πατρὸς
2848 5230 2939 5285 τὸν
2992 5232 3194 5307 Λόγον,
3240 5231 3333 5288 καὶ
3380 5230 3432 5289 ἐν
3479 5232 3629 5306 αὐτῷ
3654 5233 3752 5290 τὸν

2163 5480 2561 5557 (18)Ρε1ο1ίαι.
2592 5481 2629 5535 2
2658 5479 3173 5557 anon.,_aexoscw.
3209 5482 3369 5539 Idem
3410 5480 3586 5555 paulo
3618 5487 3755 5557 post

2092 5556 2414 5630 cppovoﬁvjcec
2446 5553 2641 5630 habet,
2677 5553 2777 5609 ubi
2810 5554 2909 5630 alii
2937 5553 3243 5630 τὲόιοῦντες.

2160 5626 2272 5696 (19)
2293 5624 2549 5701 Ἑαυτορς
2576 5641 2691 5701 non
2714 5630 2804 5701 est
2824 5626 2883 5681 in
2903 5624 3383 5701 S_egyer,_Gobler.
3403 5627 3467 5701 e_t_
3486 5623 3747 5690 Felckm.

2092 5698 2114 5752 1
2148 5694 2367 5771 annon.
2401 5695 2563 5771 Ihid._
2588 5694 2679 5750 καί
2721 5698 2887 5771 deest
2916 5694 3185 5771 in'Basil.
3217 5701 3274 5753 et
3299 5695 3526 5771 Anglic.

2156 5769 2270 5844 (20)
2298 5764 2479 5843 Αὐτήν
2513 5768 2680 5827 abest
2707 5786 2741 5826 a
2771 5770 3028 5829 Felckm.
3061 5770 3097 5844 3
3126 5764 3443 5857 anonymo]
