4160 6386
306 510 384 572 69
1511 508 1802 569 ORATIO
1848 505 2163 567 CON'l‘ltA
2210 509 2534 569 GlﬂN’l‘ES.
3652 511 3734 570 70

307 641 538 716 Πατέρα,
592 637 655 695 οὗ
701 638 791 694 καὶ
840 635 980 694 ἔστιν
1032 639 1188 694 εἰκὼν
1244 639 1272 692 6
1307 640 1524 712 Σωτήρ,
1573 637 1869 712 λόγίζεται.
1901 643 1966 691 Ἠ

2097 643 2255 710 itque
2286 641 2572 710 integram
2603 643 2934 712 servaverit,
2960 643 3168 698 merito
3198 641 3258 697 in
3285 659 3353 697 ea
3383 647 3634 715 purgata
3665 659 3731 700 ac

309 730 354 786 εἰ
386 731 500 803 (21)
537 731 611 802 μὴ
648 726 919 805 αὗτάρκης
970 728 1108 784 ἐστὶν
1160 731 1194 797 ἡ
1242 729 1389 804 παρά
1432 735 1531 797 τῆς
1583 731 1770 802 ψυχῆς
1816 724 1965 781 διδα-

307 818 505 876 σκαλία
535 817 625 873 διὰ
671 821 738 873 τὰ
787 817 1146 874 ἐπιθολοῦντα
1187 819 1390 889 ταύτης
1441 817 1628 888 ἔξωθεν
1679 818 1769 872 τὸν
1816 821 1966 886 νοῦν,

304 907 394 964 καί
428 909 504 982 μή
538 910 665 984 ὁρᾷν
701 907 870 977 αὐτὴν
899 907 962 962 τὸ
1011 913 1279 984 κρεῖττον·
1327 906 1454 962 ἀλλ’
1509 904 1620 962 ἔστι
1670 905 1834 960 πάλιν
1877 905 1968 959 καὶ

306 999 412 1054 ἀπὸ
439 1002 546 1052 τῶν
600 998 938 1075 φαινομένων
987 999 1086 1067 τὴν
1130 997 1254 1074 περὶ
1301 1002 1399 1052 τοῦ
1449 1002 1582 1052 Θεοῦ
1631 1001 1829 1072 γνῶσιν
1869 1016 1966 1049 κα-

304 1081 562 1143 ταλαϐεῖν
601 1130 614 1156 ,
668 1094 768 1156 τῆς
827 1087 1055 1149 κτίσεως
1116 1085 1296 1163 ὥσπερ
1371 1088 1655 1161 γράμμασι
1723 1083 1810 1140 διὰ
1865 1091 1968 1153 τῆς

305 1177 506 1247 τάξεως
535 1176 626 1231 καὶ
655 1176 919 1252 ἁρμονίας
947 1176 1038 1231 τὸν
1070 1177 1262 1246 ἑαυτῆς
1296 1174 1561 1245 δεσπότην
1594 1175 1684 1230 καὶ
1729 1175 1966 1244 ποιητὴν

305 1264 681 1340 σημαινούσης
712 1266 802 1320 καὶ
837 1266 1075 1342 βοώσης.

2079 727 2540 799 splendescentc,
2573 734 2851 801 tanquam
2903 731 2960 786 in
3008 731 3268 803 speculo,
3291 731 3548 788 Verbum
3581 732 3727 787 ima-

2078 817 2273 888 ginem
2308 817 2495 872 Patris
2527 822 3041 892 contemplabitur;
3078 826 3134 876 et
3163 821 3222 876 in
3261 821 3444 876 Verbo
3475 821 3732 889 Patrem,

2078 907 2250 976 cujus
2280 910 2335 960 et
2374 907 2638 962 Salvator
2682 909 2872 980 imago
2925 916 3032 981 est,
3065 909 3419 982 cogitatione
3467 926 3731 983 compre-

2079 994 2312 1050 hendet.
2336 995 2440 1051 Vel
2469 996 2519 1051 si
2554 997 2682 1068 ipsa
2705 1015 2806 1069 per
2836 1015 2897 1054 se
2931 999 3129 1054 anima
3158 999 3280 1054 haec
3309 1004 3583 1071 praestare
3602 1000 3732 1070 jam

2080 1101 2191 1139 non
2226 1088 2421 1156 queat,
2465 1102 2600 1140 cum
2647 1088 2718 1141 ob
2768 1104 2835 1142 ea
2885 1105 3014 1158 quas
3063 1093 3322 1144 mentem
3369 1089 3734 1145 extrinsecus

2078 1175 2320 1229 turbant
2371 1179 2427 1229 et
2474 1175 2808 1247 inquinant,
2843 1181 2967 1231 tum
3001 1177 3139 1247 quia
3183 1178 3314 1248 ipsa
3361 1178 3501 1249 quid
3535 1177 3734 1249 potius

2079 1262 2416 1335 eligendum
2459 1265 2536 1319 sit
2566 1281 2680 1320 non
2712 1264 2937 1320 videat:
2963 1270 3115 1321 certe
3146 1282 3213 1320 ex
3243 1265 3421 1322 rebus
3469 1271 3734 1338 aspecta-

307 1357 527 1414 bilibus
556 1357 658 1412 Dei
688 1356 1082 1429 cognitionem
1131 1356 1368 1412 haurire
1414 1359 1628 1428 potest,
1661 1352 2140 1427 quandoquidem
2188 1369 2281 1408 res
2329 1357 2554 1420 creatae,
2586 1353 2916 1410 admirabili
2966 1354 3168 1409 ordine
3211 1359 3268 1410 et
3301 1359 3584 1411 concentu
3618 1373 3733 1428 quo

308 1446 644 1520 compositae
692 1451 851 1515 sunt,
889 1446 1246 1518 quibusdam
1297 1445 1477 1502 veluti
1527 1444 1759 1513 litteris,
1806 1442 2123 1499 Dominum
2173 1446 2230 1498 et
2279 1442 2611 1499 Creatorem
2670 1442 2934 1498 indicant
2989 1447 3048 1498 et
3105 1443 3275 1514 quasi
3332 1459 3468 1499 voce
3525 1445 3736 1516 praedi-

309 1538 466 1591 cant.

378 1624 468 1680 35.
503 1621 737 1696 Ἀγαθὸς
779 1623 883 1697 γὰρ
936 1619 1026 1676 οὖν
1081 1621 1170 1677 καὶ
1203 1619 1588 1700 φιλάνθρωπος
1622 1622 1650 1676 ὁ
1694 1622 1843 1692 Θεὸς,
1875 1620 1966 1675 καὶ

305 1709 612 1786 κηδόμενος
657 1715 767 1766 τῶν
827 1712 915 1766 ὑπ’
969 1711 1130 1766 αὐτοῦ
1197 1712 1505 1786 γενομένων
1566 1713 1679 1783 (22)
1729 1714 1966 1786 ψυχῶν,

310 1799 497 1871 ἐπειδή
558 1800 787 1878 ἀόρατος
844 1801 933 1855 καὶ
992 1799 1377 1870 ἀκατάληπτός
1439 1799 1550 1856 ἐστι
1604 1801 1704 1869 τὴν
1767 1798 1966 1876 φύσιν,

309 1889 552 1946 ἐπέκεινα
608 1891 787 1960 πάσης
845 1897 1077 1966 γενητῆς
1139 1889 1324 1952 οὐσίας
1387 1891 1688 1965 ὑπάρχων,
1740 1889 1831 1943 καὶ
1883 1885 1972 1941 διὰ

306 1984 467 2035 τοῦτο
500 1976 702 2054 ἔμελλε
730 1980 793 2035 τὸ
845 1980 1181 2054 ἀνθρώπινον
1236 1980 1394 2054 γένος
1446 1980 1664 2054 ἀτυχεῖν
1714 1984 1818 2046 τῆς
1846 1976 1970 2049 περὶ

309 2069 473 2125 αὐτοῦ
503 2069 780 2144 γνώσεως,
829 2073 908 2140 τῶ
954 2072 1020 2124 τὰ
1070 2071 1179 2142 (23)
1233 2069 1326 2142 μὲν
1373 2068 1425 2138 ἐξ
1476 2067 1575 2122 οὐκ
1614 2064 1783 2122 ὄντων
1814 2066 1970 2134 εἶναι,

306 2160 397 2214 τὸν
433 2159 489 2213 δὲ
521 2159 807 2233 ἀγένητον·
857 2157 1052 2212 τούτου
1101 2155 1276 2212 ἕνεκεν
1327 2160 1426 2227 τὴν
1472 2157 1644 2211 κτίσιν
1695 2156 1838 2210 οὕτω
1869 2152 1975 2208 διε-

308 2247 557 2321 κόσμησε
605 2251 684 2317 τῷ
734 2247 924 2300 ἐαυτοῦ
979 2246 1144 2321 Λόγῳ
1197 2248 1226 2300 6
1271 2247 1422 2316 Θεὸς,
1470 2244 1544 2299 θίν’

1566 2293 1580 2317 ,
1631 2243 1819 2314 ἐπειδή
1872 2246 1972 2314 τήν

2150 1622 2237 1676 35.
2271 1621 2468 1677 Bonus
2491 1620 2647 1677 enim
2669 1627 2726 1677 et
2748 1620 3006 1677 clemens
3030 1622 3206 1691 Deus,
3231 1621 3564 1678 animarum
3589 1639 3737 1694 quas

2080 1710 2294 1765 creavit
2319 1727 2520 1766 curam
2549 1725 2779 1781 gerens,
2809 1710 2947 1781 quia
2976 1711 3104 1782 ejus
3136 1715 3358 1765 naturae
3388 1714 3479 1765 est
3505 1726 3631 1782 qua
3661 1711 3742 1766 vi-

2081 1799 2201 1853 deri
2234 1803 2290 1854 et
2320 1799 2738 1872 comprehendi
2783 1803 3054 1870 nequeat,
3083 1815 3436 1870 omnemque
3483 1803 3740 1855 creatam

2083 1889 2474 1943 substantiam
2493 1889 2890 1957 transcendat,
2909 1892 3086 1959 atque
3104 1887 3317 1944 idcirco
3336 1888 3600 1944 futurum
3618 1892 3743 1945 erat

2082 1983 2148 2032 ut
2170 1977 2496 2034 humanum
2519 1993 2709 2049 genus
2733 1976 2893 2032 illius
2916 1977 3309 2050 cognitionem
3335 1995 3449 2034 non
3473 1994 3745 2050 asseque-

2085 2071 2264 2134 retur,
2291 2083 2354 2121 eo
2383 2067 2536 2138 quod
2569 2066 2743 2122 homo
2785 2068 2860 2121 sit
2909 2083 2978 2122 ex
3029 2066 3211 2122 nihilo
3244 2067 3454 2139 factus,
3484 2074 3541 2123 et
3587 2067 3742 2125 Deus

2085 2156 2212 2211 sine
2239 2156 2354 2210 ullo
2390 2157 2466 2211 sit
2495 2156 2782 2227 principio
2810 2172 2822 2211 :
2863 2173 2990 2211 eam
3025 2157 3096 2212 ob
3131 2174 3251 2212 rem
3283 2161 3553 2213 naturam
3584 2173 3743 2213 crea-

2086 2250 2205 2301 tam
2239 2263 2345 2301 suo
2367 2246 2554 2300 Verbo
2587 2250 2706 2300 tam
2739 2251 2870 2318 apte
2895 2246 3243 2318 composuit,
3271 2251 3335 2302 ut
3361 2247 3500 2318 quia
3529 2247 3652 2319 ipse
3674 2263 3744 2302 ex

321 2337 477 2415 (ρόσιν
511 2333 650 2389 ἐστὶν
691 2334 942 2408 ἀόρατος,
989 2334 1086 2388 κᾶν
1138 2334 1196 2388 ἐκ
1240 2339 1350 2389 τῶν
1404 2333 1578 2409 ἔργων
1622 2335 1978 2410 γινώσκεσθαι

325 2423 348 2437 ,ι
463 2426 523 2437 λ-
623 2423 872 2437 -....
1070 2424 1122 2437 ,κ
1239 2424 1251 2437 .
1381 2422 1509 2437 ...ι
1782 2421 1885 2437 μ,

2097 2336 2181 2390 sui
2214 2340 2422 2390 natura
2441 2334 2623 2390 videri
2657 2352 2769 2390 non
2803 2340 3014 2406 potest,
3038 2335 3241 2391 saltem
3275 2351 3344 2390 ex
3373 2335 3648 2408 operibus
3671 2335 3743 2392 ab

321 2423 527 2497 δυνηθῇ
557 2427 674 2484 τοῖς
708 2423 1035 2496 ἀνθρώποις.
1069 2424 1162 2476 Ἐκ
1190 2424 1293 2498 γὰρ
1340 2428 1447 2478 τῶν
1484 2422 1657 2498 ἔργων
1705 2421 1976 2485 πολλάκις

318 2514 348 2566 6
380 2511 639 2587 τεχνίτης
672 2511 762 2566 καὶ
799 2511 873 2584 μὴ
928 2512 1210 2585 ὁρώμενος
1258 2514 1602 2587 γινώσκεται⁶
1652 2513 1742 2567 καὶ
1775 2511 1885 2566 οἷόν
1926 2533 1980 2566 τι

319 2599 545 2676 λέγουσι
575 2600 698 2673 περὶ
729 2604 825 2654 τοῦ
857 2598 1312 2675 ἀγαλματοποιοῦ
1362 2600 1607 2672 Φειδίου,
1642 2601 1718 2662 ὠς
1757 2603 1825 2655 τὰ
1851 2600 1977 2656 τού-

316 2709 414 2744 του
447 2686 914 2762 δημιουργήματα
970 2687 1028 2742 ἐκ
1073 2696 1172 2758 τῆς
1206 2689 1544 2765 συμμετρίας
1591 2691 1682 2744 καὶ
1711 2697 1811 2760 τῆς
1843 2691 1980 2766 πρὸς

319 2776 544 2848 ἄλληλα
571 2782 679 2832 τῶν
717 2782 892 2854 μερῶν
929 2780 1046 2850 (24)
1098 2775 1393 2853 ἀναλογίας
1448 2778 1726 2856 ἐμφαίνειν
1776 2778 1865 2833 καὶ
1903 2780 1976 2852 μὴ

317 2867 560 2942 παρόντα
589 2865 809 2921 Φειδίαν
854 2872 970 2928 τοῖς
1023 2868 1242 2943 ὁρῶσιν’
1291 2867 1433 2921 οὕτω
1483 2865 1564 2922 δεῖ
1609 2874 1747 2922 νοεῖν
1792 2867 1850 2922 ἐκ
1879 2875 1980 2938 τῆς

317 2961 415 3011 τοῦ
445 2955 656 3030 κόσμου
680 2954 881 3026 τάξεως
912 2956 1002 3010 τὸν
1034 2955 1230 3010 τούτου
1256 2959 1494 3027 ποιητὴν
1526 2956 1616 3012 καὶ
1643 2955 1978 3033 δημιουργὸν

321 3047 472 3117 Θεὸν,
521 3045 618 3100 κᾶν
663 3051 780 3108 τοῖς
831 3050 929 3100 τοῦ
980 3047 1232 3119 σώματος
1285 3045 1590 3124 ὀφθαλμοῖς
1647 3049 1720 3120 μὴ
1780 3049 1985 3121 θεωρῆ-

319 3137 578 3210 ται
612 3134 685 3188 Οὐ
718 3136 821 3210 γὰρ
869 3138 1249 3211 κατεχρήσατο
1294 3140 1364 3210 τῇ
1419 3136 1634 3210 ἀοράτῳ
1684 3135 1836 3215 φύσει
1888 3135 1982 3192 αὖ·

321 3229 418 3280 τοῦ
451 3225 479 3279 ὁ
509 3224 660 3287 Θεός·
718 3227 791 3298 μή
845 3246 929 3286 τις
977 3228 1140 3279 τοῦτο
1188 3227 1620 3302 προφασιζέσθωο
1669 3226 1758 3280 καὶ
1798 3247 1985 3281 παντε-

325 3313 439 3376 λῶς
482 3314 667 3369 ἑαυτὸν
714 3311 991 3389 ἄγνωστον
1040 3318 1160 3376 τοῖς
1213 3314 1516 3388 ἀνθρώποις
1563 3316 1763 3389 ἀφῆκεν
1792 3337 1804 3350 ο
1860 3312 1984 3368 ἀλλ’

325 3405 402 3467 ὡς
432 3408 718 3478 προεῖπον,
775 3402 918 3458 οῦτω
961 3400 1291 3476 διεκόσμησε
1332 3405 1431 3472 τήν
1459 3402 1656 3471 κτίσιν,
1711 3403 1848 3458 ὥστε
1891 3404 1982 3458 καὶ

331 3495 406 3567 μή
453 3494 732 3568 ὁρώμενον
784 3491 943 3548 αὑτὸν
991 3496 1061 3566 τῇ
1115 3491 1289 3570 φύσει,
1341 3493 1494 3566 ὅμως
1547 3492 1605 3548 ἐκ
1650 3497 1756 3548 τῶν
1795 3492 1983 3568 -ἕργων

324 3583 697 3658 γινώσκεσθαι.
749 3581 847 3637 Καὶ
881 3586 1042 3636 τοῦτο
1087 3581 1147 3636 οὐ
1191 3583 1316 3658 παρ’
1370 3581 1606 3655 ἐμαυτοῦ
1658 3605 1825 3661 φημι,
1859 3581 1984 3637 ἀλλ’

325 3673 416 3751 ἀφ’
445 3672 518 3726 ὧν
553 3671 658 3726 ἀπὸ
689 3673 800 3745 (26)
829 3676 935 3726 τῶν
982 3668 1258 3746 θεολόγων
1300 3668 1509 3747 ἀνδρῶν
1544 3665 1766 3745 ἔμαθον,
1799 3672 1873 3726 ὧν
1904 3673 1981 3734 εἷς

2091 2424 2434 2480 hominibus
2466 2424 2736 2496 cognosci
2767 2429 2984 2497 posset.
3011 2425 3171 2497 Saepe
3199 2425 3356 2480 enim
3379 2442 3447 2481 ex
3467 2425 3745 2498 operibus

2091 2514 2321 2581 artifex,
2345 2514 2574 2569 etiamsi
2602 2531 2715 2569 non
2739 2513 3025 2585 videatur,
3051 2515 3424 2587 cognoscitur
3448 2532 3459 2569 :
3485 2519 3660 2587 atque
3682 2518 3748 2570 ut

2092 2605 2161 2658 de
2192 2603 2474 2658 statuario
2524 2603 2728 2658 Phidia
2775 2607 3033 2675 narrant,
3066 2605 3195 2674 ejus
3235 2620 3443 2676 nempe
3474 2621 3650 2677 opera
3678 2621 3749 2660 ex

2094 2698 2300 2748 mutua
2330 2691 2584 2764 partium
2615 2693 2768 2748 inter
2791 2709 2853 2747 se
2877 2693 3250 2764 proportione
3280 2697 3337 2748 et
3366 2693 3748 2765 dispositione

2093 2781 2354 2836 Phidiam
2389 2781 2524 2836 licet
2573 2782 2877 2837 absentem
2929 2782 3330 2854 spectantibus
3378 2783 3744 2852 exbibuisse;

2092 2871 2172 2926 ita
2201 2887 2270 2926 ex
2298 2870 2504 2925 mundi
2538 2871 2972 2927 constructione
3020 2871 3178 2927 illius
3209 2873 3443 2928 effector
3472 2877 3529 2930 et
3559 2873 3751 2946 opifex

2092 2960 2247 3016 Deus
2272 2959 2688 3031 intelligendus
2719 2965 2826 3026 cst,
2858 2960 3093 3015 tametsi
3126 2960 3313 3017 oculis
3345 2961 3606 3034 corporis
3631 2979 3747 3018 non

2093 3049 2527 3122 aspicitur.Nec
2549 3049 2705 3104 enim
2729 3066 2836 3105 sua
2867 3049 3144 3104 invisibili
3169 3055 3378 3106 natura
3406 3053 3631 3107 abusus
3660 3058 3750 3107 est

2093 3139 2246 3194 Deus
2279 3140 2473 3210 (nemo
2501 3137 2559 3193 id
2591 3139 2908 3209 causetur),
2942 3155 3046 3194 nec
3095 3156 3156 3194 se
3205 3139 3544 3196 hominibus
3576 3140 3748 3212 plane

2095 3231 2362 3300 ignotum
2395 3227 2628 3300 reliquit
2655 3253 2666 3284 :
2691 3244 2915 3295 verum,
2940 3233 3005 3282 ut
3027 3229 3199 3284 modo
3232 3228 3520 3297 dicebam,
3545 3228 3628 3284 sic
3650 3246 3750 3285 na-

2094 3323 2286 3373 turam
2319 3321 2572 3373 creatam
2617 3317 2964 3389 composuit,
2988 3322 3051 3371 ut
3090 3317 3360 3388 quamvis
3391 3317 3515 3389 ipse
3545 3335 3614 3374 ex
3642 3335 3746 3375 na-

2094 3411 2227 3462 tura
2257 3423 2365 3462 sua
2393 3406 2577 3461 videri
2609 3423 2725 3461 non
2777 3412 2970 3476 queat,
3004 3423 3072 3462 ex
3101 3406 3378 3478 operibus
3425 3411 3620 3463 tamen
3653 3424 3748 3465 co-

2096 3500 2433 3568 gnoscatur.
2467 3495 2581 3553 Nec
2625 3511 2760 3550 vero
2792 3495 2912 3550 hinc
2943 3512 2977 3550 a
3012 3512 3106 3550 me
3151 3495 3279 3566 ipso
3324 3495 3550 3568 loquor,
3583 3497 3684 3553 sed
3717 3514 3754 3554 θ.

2095 3586 2234 3640 viris
2264 3583 2552 3657 theologis
2583 3585 2780 3648 didici.
2812 3585 2965 3640 inter
2994 3601 3141 3656 quos
3170 3590 3261 3640 est
3301 3585 3515 3642 Paulus
3546 3586 3647 3658 qui
3677 3587 3752 3642 ad

2097 3676 2395 3730 Romanos
2427 3674 2507 3729 ita
2538 3673 2778 3730 scribit:
2818 3675 3130 3729 Invisibilia
3159 3676 3307 3730 enim
3337 3676 3510 3747 ipsius
3533 3692 3571 3731 a
3599 3691 3753 3733 erea-

326 3747 469 3817 ἐστιν
519 3762 548 3816 ὁ
601 3759 838 3831 Παῦλος,
897 3760 1194 3834 Ῥωμαίοις
1255 3763 1348 3835 μὲν
1407 3762 1629 3838 γράφων
1687 3761 1851 3816 οὕτω·
1911 3763 1984 3816 Τὰ

2097 3767 2225 3819 tura
2253 3763 2472 3832 mundi,
2501 3780 2598 3834 per
2621 3779 2683 3818 ea
2706 3778 2831 3836 quae
2866 3767 3022 3835 facta
3051 3776 3196 3831 sunt,
3230 3765 3514 3821 intellecta
3540 3767 3756 3838 conspi-

324 3853 430 3928 γὰρ
492 3850 694 3926 ἀόρατα
742 3850 904 3906 αὐτοῦ
956 3851 1059 3905 ἀπὸ
1108 3850 1334 3914 κτίσεως
1391 3851 1602 3925 κόσμου
1656 3854 1772 3914 τοῖς
1822 3853 1985 3922 ποιή-

332 3945 461 4016 μασι
532 3939 802 4014 νοούμετα
862 3942 1156 4016 καθορᾶται
1191 3982 1203 3996 .
1256 3942 1491 3995 Λυκάοσι
1554 3938 1611 3995 δὲ
1685 3941 1986 4018 παρρησια-

332 4030 557 4104 ζόμενος
609 4029 698 4084 καὶ
762 4029 975 4104 λέγων·
1036 4030 1134 4084 Καὶ
1193 4031 1358 4102 ἡμεῖς
1417 4031 1769 4104 ὁμοιοπαθεῖς
1827 4030 1984 4105 ἐσμεν

333 4121 459 4193 ὑμῖν
537 4118 812 4194 ἅνθρωποι
848 4163 862 4187 ,
922 4117 1406 4194 εὐαγγελιζόμενοι
1487 4121 1626 4194 ὑμᾶς
1699 4121 1804 4175 ἀπὸ
1877 4125 1984 4176 τῶν

335 4208 578 4283 ματαίων
635 4208 971 4286 ἐπιστρέφειν
1030 4207 1115 4263 ἐπί
1176 4209 1304 4264 Θεὸν
1367 4213 1541 4278 ζῶντα
1576 4257 1589 4278 ,
1647 4210 1707 4272 ὃς
1767 4210 1991 4282 ἐποίησε

329 4299 424 4355 τὸν
483 4298 708 4370 οὐρανὸν
767 4299 858 4352 καὶ
913 4299 1012 4367 τήν
1069 4306 1172 4372 γῆν
1233 4298 1321 4352 καὶ
1379 4301 1477 4368 τήν
1541 4298 1845 4372 θάλασσαν,
1900 4300 1990 4355 καὶ

333 4389 508 4445 πάντα
576 4387 642 4442 τὰ
711 4386 761 4441 ἐν
841 4386 1025 4448 αὐτοῖς
1061 4431 1074 4456 ,
1130 4387 1190 4449 ὃς
1251 4386 1302 4442 ἐν
1379 4393 1497 4450 ταῖς
1556 4391 1992 4466 παρῳχημέναις

331 4482 545 4556 γενεαῖς
633 4473 777 4531 εἷάσε
861 4477 1038 4530 πάντα
1117 4476 1184 4530 τὰ
1266 4472 1390 4546 ἔθνη
1479 4477 1798 4553 πορεύεσθαι
1875 4485 1993 4541 ταῖς

335 4565 487 4629 ὁδοῖς
547 4565 760 4621 αὐτῶν.
824 4564 1010 4620 Καίτοι
1069 4586 1130 4640 γε
1178 4568 1292 4637 (27)
1347 4565 1446 4620 οὐκ
1504 4568 1813 4644 ἀμάρτυρον
1873 4569 1994 4623 ἐαυ-

332 4655 426 4712 τὸν
516 4657 718 4734 ἀφῆκεν
801 4655 1158 4732 ἀγαθουργῶν
1195 4701 1209 4726 ,
1279 4653 1566 4728 οὐρανόθεν
1656 4658 1791 4728 ἡμῖν
1883 4660 1996 4732 (28)

339 4744 523 4808 διδοὺς
613 4744 797 4808 ὑετοὺς
879 4745 971 4800 καὶ
1037 4744 1260 4822 καιροὺς
1325 4744 1707 4823 καρποφόρους
1748 4793 1763 4819 ,
1834 4745 1996 4820 ἐμπι-

336 4833 494 4891 πλῶν
609 4842 818 4914 τροφῆς
929 4834 1020 4890 καὶ
1134 4833 1468 4913 εὐφροσύνης
1578 4835 1672 4898 τὰς
1773 4832 2000 4912 καρδίας

415 4955 460 4991 ιο
491 4953 660 5010 Rom.
694 4971 735 5022 ι,
765 4953 856 5008 20.
933 4954 979 4988 ιο
1006 4955 1131 5008 Act.
1164 4970 1278 5017 xw,
1315 4953 1503 5008 14-16.

415 5071 529 5144 (21)
561 5075 650 5124 An
694 5069 944 5136 licanus,
970 5065 1007 5137 ἥ
1041 5065 1116 5138 δέ,
1153 5069 1296 5126 forte
1328 5087 1430 5144 pro
1459 5068 1503 5122 εἰ
1536 5065 1611 5126 δέ.
1639 5071 1794 5128 Idem
1827 5071 2001 5144 paulo

415 5147 478 5196 .st
502 5141 626 5196 περί
656 5085 835 5196 Eabet
866 5158 968 5196 oro
998 5141 1163 5196 παρά.

342 5141 626 5218 ροεᾼῐ-περί
659 5141 835 5197 habet
866 5158 968 5213 pro
998 5141 1163 5218 παρά.

415 5215 529 5286 (22)
561 5212 836 5287 Seguer.,
857 5212 1182 5287 γινομένων.
1215 5212 1394 5269 Paulo
1440 5219 1570 5287 post
1615 5215 1769 5270 idem
1803 5220 1862 5271 et
1894 5217 1999 5272 Ba-

343 5284 532 5360 8il._t}t
559 5284 790 5360 anglic.
825 5284 1043 5360 habent
1066 5289 1354 5360 γεννητῇς.
1393 5284 1816 5360 ΑΙίἱλγενητῇς,

418 5358 529 5430 (23)
559 5354 828 5430 Βαεῖιιει
873 5354 1202 5430 Αῐιειγὶοζμτῶ
1231 5354 1344 5410 τόν.
1378 5354 1606 5430 Anglic.
1650 5359 1794 5414 ibid.
1819 5358 2005 5430 habet

342 5424 632 5504 ἀγένητον.
657 5428 775 5504 _Ali_i
807 5433 864 5484 et
892 5424 1396 5504 editi,_&_yévvm:0:.
1416 5424 1558 5504 _MDX
1590 5435 1722 5502 post
1755 5428 1940 5504 Λόγῳ,
1975 5431 2002 5483 ὁ

344 5498 625 5592 Θεόξιηση
656 5500 869 5592 legitur
899 5502 958 5556 in
987 5498 1217 5592 GnobLl‘er.
1248 5504 1306 5554 et
1341 5498 1649 5592 Felck‘rnfl
1686 5498 2000 5592 anonymo.

361 5625 374 5655 _.
397 5571 952 5655 SicmSeghuer.
1011 5571 1240 5655 G‘obler‘.
1267 5577 1362 5654 “et
1391 5571 1675 5655 __Felckm.
1740 5577 1778 5655 1_
1828 5571 2004 5655 anon.

345 5639 460 5772 [gilii
493 5639 550 5767 sit
579 5643 755 5700 editio
791 5639 1111 5711 'Commel.,
1151 5639 1353 5715 μελῶν.
1391 5644 1534 5699 Ibid.
1570 5663 1703 5701 mox
1754 5646 2008 5719 Anglic.,

381 5735 495 5772 μφα
522 5735 621 5768 νει.

465 5735 621 5768 αινει.

691 5803 920 5862 seguer.
955 5788 1060 5862 Alii
1088 5797 1285 5849 autem
1317 5803 1452 5862 cum
1480 5786 1677 5862 editis,
1705 5786 2008 5862 θεωρεῖται.

421 5857 537 5939 (26)
571 5857 811 5935 Seguer.
846 5859 1022 5919 Basil.
1070 5864 1245 5943 Angl.
1297 5868 1355 5924 et
1401 5857 1520 5917 Fel.
1551 5862 1588 5917 2
1612 5857 1824 5932 anon.,'
1843 5860 2009 5943 παρά.

2113 5105 2345 5130 UUUIUI.
2403 5105 2654 5126 [0anon
2694 5105 2715 5124 Ι-
2760 5105 2960 5137 ηιιυιι.,
3018 5105 3071 5123 με

2031 5129 2078 5194 Ι)
2110 5141 2350 5210 Παῦλος,
2385 5142 2413 5194 6
2447 5144 2612 5198 abest.
2653 5160 2688 5197 a
2718 5141 2948 5198 Gobler.
2999 5145 3071 5198 Fe

2094 3857 2322 3913 ciuntur
2348 3856 2410 3908 ‘9.
2447 3854 2603 3909 Idem
2655 3869 2889 3925 quoque
2921 3853 3242 3927 Lycaonios
3291 3854 3384 3910 his
3412 3855 3606 3912 verbis
3653 3872 3757 3912 au-

2097 3945 2296 4002 dacter
2329 3943 2573 3998 docebat
2606 3959 2618 3995 :
2653 3945 2729 3998 lit
2778 3959 2874 3998 nos
2922 3944 3131 4000 similes
3160 3961 3349 3999 sumus
3383 3945 3530 4001 vobis
3577 3947 3758 4002 homi-

2096 4050 2212 4101 nes,
2235 4033 2636 4088 annuntiantes
2668 4031 2814 4087 vobis
2835 4032 2902 4086 ab
2929 4033 3019 4087 his
3040 4035 3198 4088 vanis
3224 4035 3471 4090 converti
3489 4033 3560 4090 ad
3589 4035 3761 4091 Deum

2098 4126 2393 4192 viventem,
2416 4123 2512 4193 qui
2539 4123 2668 4192 fecit
2697 4122 2891 4176 coelum
2921 4129 2971 4177 et
2998 4131 3224 4193 terram,
3248 4126 3297 4178 et
3314 4139 3468 4179 mare
3494 4128 3544 4180 et
3574 4125 3763 4181 omnia

2101 4230 2219 4285 qua
2251 4214 2309 4267 in
2342 4212 2420 4266 eis
2448 4214 2575 4266 sunt
2604 4230 2623 4266 :
2658 4213 2754 4283 qui
2784 4213 2842 4265 in.
2868 4214 3170 4283 praeteritis
3193 4214 3642 4283 generationibus
3673 4215 3764 4270 di-

2103 4303 2258 4358 misit
2286 4317 2472 4357 omnes
2510 4304 2694 4370 gentes
2727 4301 2947 4372 ingredi
2977 4303 3092 4356 vias
3120 4318 3267 4357 suas.
3301 4304 3365 4357 Et
3395 4302 3618 4373 quidem
3646 4319 3763 4358 non

2101 4393 2225 4447 sine
2253 4391 2582 4446 testimoniis
2611 4392 2958 4460 semetipsum
2988 4389 3242 4462 reliquit,
3275 4392 3618 4462 bene/aciem
3648 4410 3667 4446 :
3698 4391 3763 4448 de

2104 4482 2235 4537 c0310
2266 4480 2421 4536 nobis
2463 4483 2600 4535 dans
2646 4479 2863 4550 pluvias
2912 4484 2963 4534 et
3012 4488 3252 4551 tempora
3301 4482 3617 4551 fructifera,
3650 4482 3764 4536 im-

2106 4573 2260 4643 plens
2289 4571 2408 4626 cibo
2456 4574 2504 4624 et
2557 4570 2755 4626 laetitia
2803 4572 2968 4625 corda
3023 4578 3209 4625 nostra
3230 4571 3294 4624 ²⁰.
3329 4569 3543 4641 Ecquis
3603 4571 3762 4628 enim

2110 4660 2238 4715 cceli
2271 4659 2560 4715 ambitum
2595 4656 2852 4730 solisque
2883 4663 2940 4713 et
2969 4659 3119 4714 lunas
3151 4675 3411 4726 cursum,
3445 4658 3768 4715 aliorumve

2111 4749 2374 4805 siderum
2409 4748 2729 4820 positiones
2769 4752 2825 4804 et
2869 4747 3410 4817 circumvectiones,
3444 4749 3768 4807 contrarias

2111 4839 2349 4910 quidem
2393 4855 2459 4894 ac
2505 4837 2845 4909 dissimiles,
2880 4839 2984 4894 sed
3017 4839 3075 4894 in
3106 4838 3235 4911 ipsa
3282 4837 3770 4896 dissimilitudine

2113 5071 2345 5130 Gobler.
2402 5070 2715 5126 Felckm.l
2760 5087 2960 5137 anon.,
3010 5069 3156 5127 πεί-ί.
3211 5069 3388 5126 Paulo
3447 5076 3580 5143 post
3637 5074 3772 5128 ante

2113 5141 2350 5198 Παῦλος.
2385 5142 2413 5194 ὁ
2447 5144 2612 5198 abest
2653 5160 2688 5197 a
2718 5141 2948 5198 Gobler.
2999 5101 3253 5198 Ferckm.
3288 5145 3312 5197 1
3352 5159 3525 5198 anon.
3573 5145 3622 5198 ei
3674 5143 3768 5198 μέν

3099 5145 3253 5199 ckm.
3288 5145 3312 5197 1
3352 5159 3525 5198 anon.
3573 5145 3622 5199 ei
3674 5143 3768 5215 μέν

2114 5234 2238 5288 seq.
2275 5233 2308 5270 a
2340 5213 2591 5288 Felckm.
2624 5218 2676 5268 2.
2713 5231 2886 5288 anon.

2185 5285 2296 5360 (27)
2327 5287 2421 5342 Sic
2477 5292 2714 5360 Seguer.
2749 5286 2980 5360 Gobler.
3015 5291 3070 5341 et
3128 5285 3249 5360 Fel,
3280 5288 3303 5340 1
3349 5303 3560 5360 anon.,_
3601 5293 3666 5342 ut
3715 5291 3776 5344 et

2112 5357 2326 5434 legitur
2358 5362 2483 5414 Act.
2517 5357 2630 5422 xiv,
2667 5359 2752 5412 17.
2788 5357 2897 5412 Alii
2948 5375 3081 5412 eum
3115 5358 3286 5412 editis
3319 5358 3666 5430 particulam
3706 5378 3770 5434 γε

2217 5433 2414 5484 ittunt.
2438 5470 2443 5475 ι

2115 5437 2443 5488 omittunt.

2189 5503 2301 5573 (28)
2328 5503 2420 5556 Sic
2472 5502 2711 5573 Seguer.
2744 5500 2909 5555 Gobl.
2947 5498 3078 5573 Fel.
3114 5501 3135 5553 1
3189 5506 3246 5554 et
3287 5502 3327 5573 2
3374 5518 3572 5568 anon.,
3608 5505 3671 5556 ut
3719 5505 3777 5557 et

2116 5571 2366 5630 habetur
2407 5571 2609 5628 eodem
2661 5572 2784 5627 loco
2816 5576 2940 5626 Act.
2974 5571 3083 5625 Alii
3127 5573 3185 5625 et
3231 5572 3321 5626 ed.
3355 5573 3636 5638 Commel,
3671 5589 3776 5629 nec

2121 5665 2234 5702 non
2270 5663 2379 5700 ms.
2415 5647 2438 5698 1
2477 5643 2823 5699 Oxoniensis
2853 5642 2991 5698 Novi
3036 5643 3191 5697 Test.
3225 5643 3363 5698 edit.
3399 5644 3580 5700 Oxon.
3615 5645 3774 5711 1675,

2121 5715 2269 5803 ῥμζν.
2308 5716 2490 5803 Paulo.
2525 5720 2656 5803 post
2701 5714 2931 5803 Gobler.
2964 5718 3020 5770 et
3067 5712 3321 5770 Felckm.
3358 5718 3384 5771 1
3417 5732 3593 5772 anon.
3629 5719 3776 5787 ζωῆς

2119 5787 2362 5858 habent,
2395 5787 2494 5844 ubi
2526 5787 2627 5844 alii
2653 5793 2830 5869 τροιρῆ
2846 5805 2888 5851 ς.
