4160 6424
386 439 459 501 71
922 435 989 497 S.
1034 429 1458 495 ATHANASII
1501 429 1676 493 OPP.
1721 429 1926 493 PARS
1971 431 2019 492 Ι.
2052 463 2131 475 -
2163 430 2586 495 HISTORICA
2631 432 2731 495 ET
2777 431 3267 499 DOGMATIGA.
3726 443 3807 523 72

389 569 676 645 aqualem
703 568 970 627 ordinem
1000 566 1074 623 ab
1103 565 1380 623 omnibus
1423 562 1599 620 simul
1630 567 1925 620 servatum
1955 563 2042 618 in-

2157 562 2312 636 ἠμῶν
2359 565 2491 637 (29).
2534 564 2628 627 Τίς
2685 565 2811 641 γάρ,
2863 566 3005 642 ὁρῶν
3052 566 3145 621 τὸν
3198 566 3430 644 ούρανοῦ
3475 567 3678 627 κύκλον
3722 573 3816 629 καὶ

389 660 545 719 tueri
578 662 790 733 potest,
813 655 957 731 quin
986 672 1188 713 secum
1218 654 1434 727 cogitet
1468 653 1591 709 haec
1621 669 1737 710 non
1767 670 1802 709 a
1829 657 2043 710 semet-

389 750 540 824 ipsis
568 749 671 807 sed
701 748 773 805 ab
806 746 942 814 alio,
973 761 1183 817 nempe
1230 745 1303 800 ab
1351 748 1607 812 auctore,
1642 742 2045 800 administrari

393 844 454 899 et
480 838 649 913 regi?
674 837 817 906 Quis
846 835 1030 894 solem
1058 834 1154 891 die
1183 833 1393 891 exoriri
1424 837 1483 890 et
1511 832 1716 890 lunam
1749 839 1917 889 nocte
1946 849 2046 905 ap-

392 943 616 1004 parere,
647 925 1125 998 immutabilique
1165 923 1294 998 lege
1340 939 1445 997 per
1490 922 1773 997 aequalem
1805 922 2046 979 omnino

396 1018 499 1077 28
527 1018 757 1075 dierum
786 1031 1103 1074 numerum
1132 1016 1467 1072 decrescere
1487 1017 1546 1070 et
1568 1027 1847 1080 crescere,
1871 1015 2049 1083 atque

396 1125 468 1167 ex
521 1108 816 1166 sideribus
872 1105 992 1165 alia
1045 1104 1283 1179 quidem
1340 1104 1666 1161 discurrere
1721 1116 2048 1174 cursusque

390 1197 549 1257 varie
602 1197 940 1267 immutare,
986 1194 1104 1253 alia
1142 1211 1278 1251 vero
1335 1193 1658 1251 iuerrantia
1713 1194 2050 1248 constanter

394 1286 614 1347 moveri
643 1286 961 1362 aspiciens,
988 1301 1105 1342 non
1133 1281 1428 1358 intelligat
1473 1280 1577 1338 illa
1614 1279 1945 1339 necessario
1974 1279 2049 1337 ab

396 1376 606 1452 opiﬂee
634 1376 831 1451 aliquo
860 1372 1221 1450 gubernari?

2151 651 2242 708 τὸν
2277 649 2479 727 δρόμον
2511 651 2677 723 ἡλίου
2723 653 2813 709 καὶ
2860 653 3117 727 σελήνης,
3149 655 3240 711 καὶ
3287 660 3395 712 τῶν
3438 653 3625 715 ἄλλων
3660 662 3814 718 ἀστέ-

2155 760 2262 817 ρων
2307 743 2406 805 τὰς
2449 743 2623 806 θέσεις
2665 744 2756 799 καὶ
2802 744 2899 806 τὰς
2946 742 3363 820 περιπολήσεις,
3422 746 3666 814 ἐναντίας
3712 752 3815 826 μὲν

2153 830 2244 885 καὶ
2274 828 2572 911 διαφόρους
2621 833 2973 909 γιγνομένας,
3020 832 3072 889 ἐν
3128 831 3187 891 δὲ
3230 839 3300 910 τῇ
3335 833 3569 917 διαφορᾷ
3614 841 3813 915 ὁμοίαν

2152 920 2252 989 τήν
2299 921 2447 991 τάξιν
2491 922 2639 999 παρᾶ
2699 923 2916 978 πάντων
2963 923 3105 995 ὁμοῦ
3159 924 3479 999 σωζομένην
3531 929 3667 1002 (30),
3718 929 3821 988 οὐκ

2157 1007 2483 1084 ἐνθυμεῖται,
2517 1010 2601 1066 δτι
2653 1011 2753 1067 οὐκ
2799 1012 2933 1067 αὒτά
2981 1012 3164 1085 ἑαυτὰ,
3214 1012 3344 1070 ἀλλ’
3385 1011 3574 1092 ἕτερός
3618 1016 3758 1075 ἐστιν
3787 1020 3819 1077 6

2157 1095 2469 1174 διακοσμῶν
2516 1099 2651 1156 αὐτὰ
2700 1103 2813 1175 (31)
2859 1105 3101 1175 ποιητής
3133 1121 3148 1174 ;
3178 1101 3271 1167 Τίς
3321 1102 3400 1176 δὲ,
3460 1107 3605 1183 ὁρῶν
3651 1107 3819 1180 ἥλιον

2161 1189 2256 1263 μὶν
2287 1187 2655 1246 ἀνατέλλοντα
2681 1192 2799 1246 καθ’
2845 1192 3076 1268 ἡμέραν,
3126 1190 3368 1266 σελήνην
3423 1192 3482 1253 δὲ
3520 1198 3815 1277 φαίνουσαν

2154 1280 2292 1333 κατά
2347 1279 2534 1352 νύκτα,
2593 1280 2683 1335 καὶ
2736 1279 3046 1360 φθίνουσαν,
3102 1282 3193 1337 καὶ
3239 1281 3637 1361 πληρουμένην
3682 1289 3821 1345 ἀπα-

2159 1365 2480 1445 ρακλάκτως
2510 1371 2647 1425 κατὰ
2673 1370 2766 1426 τὸν
2790 1374 2899 1426 τῶν
2930 1373 3154 1450 ἡμερῶν
3178 1369 3291 1429 ἴσον
3323 1375 3540 1440 πάντως
3562 1376 3820 1455 ἀριθμὸν,

390 1460 485 1523 καῖ
511 1467 622 1523 τῶν
647 1460 855 1542 ἄστρων
884 1464 955 1520 τὰ
987 1464 1080 1538 μὲν
1113 1459 1471 1539 διατρέχοντα
1497 1461 1588 1515 καὶ
1619 1457 1892 1521 ποικίλως
1921 1452 2321 1544 ἐναλλάττοντα
2348 1460 2463 1534 (32)
2485 1458 2615 1523 τοὺς
2666 1456 2927 1537 δρόμους,
2974 1462 3044 1517 τὰ
3090 1459 3149 1518 δὲ
3198 1461 3458 1529 ἀπλανῶς
3496 1452 3821 1544 κινούμενα,

400 1553 503 1613 οὐκ
531 1554 592 1611 ἂν
624 1553 829 1611 ἔννοιαν
861 1547 1049 1627 λάϐοι,
1080 1550 1165 1608 ὅτι
1190 1553 1407 1616 πάντως
1439 1548 1577 1606 ἐστὶν
1606 1550 1635 1604 6
1665 1543 1940 1625 κυϐερνῶν
1971 1544 2107 1602 αὐτὰ
2135 1543 2481 1624 δημιουργός
2513 1565 2527 1618 ;

466 1647 558 1705 36.
590 1646 734 1714 Quis
771 1644 1097 1703 contrarias
1135 1647 1375 1700 naturas
1430 1657 1631 1698 secum
1682 1636 1959 1710 conjungi
1989 1641 2049 1693 et

397 1752 718 1794 consonam
736 1735 964 1793 efﬁcere
979 1732 1348 1790 harmoniam
1371 1726 1899 1801 cernens,exempli
1921 1743 2050 1800 gra-

398 1826 484 1884 tia
504 1843 519 1884 :
543 1825 677 1899 quis
704 1824 909 1899 ignem
928 1840 1061 1880 cum
1095 1822 1308 1896 frigida
1335 1824 1547 1877 natura
1574 1819 2051 1890 oonjunctum,et

400 1919 674 1973 naturam
704 1914 921 1972 siccam
954 1929 1088 1971 cum
1131 1911 1379 1969 humida
1407 1908 1779 1967 commistam
1820 1906 2046 1973 videns,

400 2021 509 2063 nec
537 2008 735 2062 tamen
766 2003 878 2062 sibi
908 2002 1160 2060 invicem
1201 2001 1494 2069 resistam,
1528 1998 1631 2056 sed
1660 2013 1845 2054 unum
1879 1994 2050 2069 quasi

402 2111 473 2153 ex
495 2112 613 2153 uno
633 2110 845 2169 corpus
870 2093 1175 2161 conﬁcere,
1201 2108 1319 2149 non
1342 2090 1480 2147 inde
1504 2087 1743 2162 colligat
1771 2086 1953 2144 alium
1974 2086 2050 2142 ab

2228 1639 2318 1697 36.
2348 1637 2461 1709 Τίς,
2497 1638 2640 1715 ὁρῶν
2669 1638 2735 1694 τὰ
2774 1637 2986 1696 ἐναντία
3029 1644 3099 1715 τῇ
3148 1640 3304 1721 φύσει
3351 1647 3696 1721 συνημμένα,
3727 1647 3820 1705 καὶ

2158 1726 2448 1805 σύμφωνον
2483 1722 2681 1804 ἔχοντα
2723 1730 2825 1798 τὴν
2878 1727 3163 1807 ἁρμονίαν,
3214 1733 3354 1802 οἷον,
3401 1732 3509 1807 τίς,
3554 1732 3685 1792 ἰδὼν
3710 1740 3820 1816 πῦρ

2158 1818 2376 1892 ψυχρῷ,
2407 1818 2497 1872 καὶ
2528 1818 2689 1893 ξηρὸν
2743 1818 2893 1895 ὑγρῷ
2940 1820 3344 1897 κεκραμμένον,
3391 1823 3483 1879 καὶ
3530 1830 3700 1882 ταῦτα
3741 1828 3820 1901 μὴ

2161 1907 2575 1962 ἀντιστατοῦντα
2628 1908 2766 1985 πρὸς
2824 1904 3051 1979 ἄλληλα
3083 1957 3097 1983 ,
3157 1908 3284 1966 ἀλλ’
3337 1910 3394 1968 ’ἑν
3450 1912 3824 1973 ἀποτελοῦντα

2161 1995 2238 2057 ὡς
2267 1994 2320 2067 ἐξ
2352 1995 2470 2059 ένὸς
2498 1997 2561 2051 τὸ
2592 2001 2772 2071 σῶμα,
2824 1996 2924 2052 ούκ
2970 1996 3031 2053 ἂν
3082 1997 3408 2074 ἐνθυμηθείη
3460 1998 3650 2074 ἔξωθεν
3684 2003 3820 2059 εἶναι

2158 2084 2365 2141 τούτων
2396 2087 2487 2141 τὸν
2516 2090 2687 2142 ταῦτα
2712 2084 3019 2162 συνάψαντα
3194 2106 3209 2158 ;
3239 2087 3354 2163 Τίς,
3392 2087 3520 2147 ἰδὼν
3565 2096 3824 2170 χειμῶνα

401 2184 497 2243 his
525 2200 656 2243 esse
684 2184 785 2258 qui
840 2182 944 2241 illa
990 2181 1168 2240 simul
1218 2179 1551 2254 copulavit?
1607 2177 1749 2244 Quis
1797 2176 2042 2233 hiemem

2162 2180 2600 2254 παραχωροῦντα
2647 2177 2788 2254 ἀέρι,
2834 2177 2926 2231 καὶ
2981 2173 3073 2254 ἔαρ
3122 2176 3289 2255 θέρει,
3337 2178 3430 2235 καί
3473 2181 3631 2259 θέρος
3694 2203 3824 2258 μετ-

394 2274 653 2348 veri,ver
670 2273 882 2347 aetati,
908 2276 1170 2330 aestatem
1200 2275 1487 2328 autumno
1516 2266 1828 2325 succedere
1849 2266 2050 2322 obser-

397 2381 567 2435 vans,
596 2380 782 2438 eaque
805 2362 1078 2437 quamvis
1123 2359 1414 2418 contraria
1453 2357 1606 2415 inter
1654 2373 1718 2413 se
1770 2355 1891 2412 sint
1941 2370 2051 2411 na-

396 2459 535 2511 tura
563 2454 725 2527 (nam
773 2452 931 2510 aliud
979 2451 1305 2526 refrigerat,
1337 2448 1498 2506 aliud
1542 2446 1683 2517 urit,
1715 2444 1872 2501 aliud
1923 2442 2049 2515 alit,

394 2543 565 2602 aliud
578 2542 906 2617 corrumpit
925 2544 988 2599 et
1002 2540 1298 2613 destruit),
1319 2542 1519 2596 tamen
1542 2536 1743 2593 omnia
1765 2534 2050 2608 aqualem

399 2636 457 2691 et
485 2648 760 2690 securum
789 2631 882 2689 sui
914 2646 1091 2688 usum
1138 2628 1481 2687 hominibus
1531 2629 1840 2700 praestare;
1890 2622 2048 2695 quis,

399 2722 666 2797 inquam,
695 2721 837 2778 hinc
864 2737 983 2778 non
1022 2722 1304 2794 agnoscat
1333 2717 1589 2791 aliquem
1621 2730 1748 2775 esse
1778 2713 1872 2770 his
1903 2729 2049 2785 prae-

400 2811 777 2878 stantiorem,
829 2810 933 2885 qui
992 2809 1386 2883 aequalitatem
1440 2805 1718 2863 omnibus
1774 2803 2048 2877 praebeat,

401 2897 720 2972 omniaque
747 2897 1140 2970 administret,
1172 2895 1404 2953 etiamsi
1435 2893 1531 2951 ille
1558 2910 1592 2951 a
1619 2892 1789 2949 nobis
1816 2908 1933 2948 non
1961 2890 2048 2947 vi-

397 2986 646 3045 deatur?
673 2987 817 3055 Quis
846 2987 1034 3044 nubes
1065 3002 1170 3061 per
1196 3001 1390 3043 aerem
1433 2983 1593 3053 ferri,
1614 2986 1672 3039 et
1696 2982 1757 3038 in
1789 2981 2048 3037 nubibus

395 3077 630 3151 pondus
657 3093 949 3151 aquarum
993 3074 1255 3150 colligari
1298 3075 1698 3141 considerans,
1730 3088 1847 3129 non
1878 3070 2047 3127 illum

397 3166 614 3241 cogitet
632 3166 735 3241 qui
757 3167 877 3224 ista
896 3165 1201 3239 conjunxit
1219 3170 1278 3223 et
1299 3164 1424 3221 ﬁeri
1442 3162 1661 3236 jussit?
1684 3162 1826 3230 Quis
1854 3160 2046 3234 ipsam

396 3262 632 3327 terram,
652 3273 780 3331 qua
809 3259 1022 3314 natura
1040 3255 1393 3329 gravissima
1419 3257 1510 3311 est
1537 3252 1709 3326 aquis
1739 3251 2046 3307 fundatam

395 3348 455 3402 et
481 3344 846 3403 immobilem
870 3359 1050 3419 super
1071 3342 1431 3400 elementum
1450 3344 1662 3397 natura
1681 3337 1895 3396 mobile
1915 3352 2046 3410 per-

392 3449 633 3492 manere
661 3433 1048 3509 conspiciens,
1085 3449 1199 3490 non
1243 3430 1531 3504 intelligat
1572 3429 1827 3502 aliquem
1861 3431 2045 3483 Deum

391 3539 524 3581 esse
554 3524 658 3598 qui
704 3524 859 3581 hanc
888 3523 973 3580 ita
999 3520 1372 3580 constituerit
1394 3525 1452 3577 et
1481 3518 1723 3577 fecerit?
1766 3517 1907 3585 Quis
1937 3533 2041 3573 an-

395 3628 547 3670 nuos
566 3616 733 3670 terrae
748 3614 993 3683 fructus,
1008 3610 1238 3685 pluvias
1258 3627 1289 3668 e
1309 3609 1451 3667 coelo
1467 3609 1759 3682 delapsas,
1775 3606 2041 3664 amnium

395 3701 706 3771 ﬂuxiones,
732 3703 983 3759 fontium
1013 3700 1424 3776 scaturigines,
1447 3697 1793 3755 animalium
1824 3713 1894 3753 ex
1924 3696 2046 3752 dis-

394 3790 691 3849 similibus
737 3792 1190 3865 procreationes,
1230 3791 1472 3863 hzecque
1500 3806 1616 3846 non
1663 3803 1897 3861 semper
1942 3786 2045 3844 sed

393 3881 632 3939 statutis
668 3882 1035 3955 temporibus
1064 3881 1190 3938 fieri
1211 3880 1685 3938 animadvertens
1716 3896 1731 3934 :
1764 3877 1898 3951 quis
1943 3876 2043 3933 de-

394 3971 575 4044 nique
596 3971 656 4028 in
675 3975 797 4028 tam
823 3970 1214 4030 dissimilibus
1236 3975 1294 4029 et
1312 3968 1621 4027 contrariis
1651 3969 1828 4025 rebus
1855 3983 2045 4041 aequa-

390 4058 510 4118 lem
538 4064 598 4118 et
641 4059 897 4118 similem
928 4061 1001 4118 ab
1030 4061 1240 4118 iisdem
1285 4059 1508 4118 absolvi
1539 4058 1857 4134 perﬁcique
1886 4058 2041 4114 ordi-

393 4165 531 4206 nem
560 4150 891 4223 attendens,
924 4167 1041 4207 non
1073 4150 1272 4207 statim
1304 4148 1588 4223 percipiat
1621 4147 1879 4221 aliquam
1912 4163 2041 4205 esse

388 4237 677 4312 vim,quaa
696 4238 825 4314 ipsa
844 4238 1167 4297 immobilis
1187 4256 1455 4308 manens,
1470 4237 1573 4296 illa
1591 4242 1658 4295 ut
1678 4237 1790 4294 sibi
1811 4237 2044 4294 videtur

388 4327 667 4403 disponat
694 4333 752 4386 et
780 4330 977 4405 regal?
1005 4330 1309 4403 Siquidem
1336 4346 1640 4403 nunquam
1672 4327 1773 4385 illa
1801 4331 2042 4401 propter

388 4423 740 4477 naturarum
779 4420 1133 4477 discordiam
1188 4438 1291 4493 per
1345 4421 1541 4494 seipsa
1587 4419 1906 4476 consistere
1948 4417 2039 4474 vel

383 4509 561 4565 etiam
588 4510 864 4567 exsistere
897 4514 1157 4584 possent.
1189 4513 1356 4584 Aqua
1396 4509 1554 4567 enim
1604 4506 1813 4566 natura
1841 4508 2038 4581 gravis

381 4601 473 4655 est
500 4604 559 4655 et
586 4600 860 4657 deorsum
896 4599 1063 4657 ﬂuit:
1097 4601 1284 4656 nubes
1315 4605 1519 4657 contra
1560 4598 1715 4657 leves
1745 4604 1804 4656 et
1830 4603 2038 4655 tenues

381 4702 623 4745 sursum
647 4689 917 4747 feruntur
938 4707 950 4746 :
969 4694 1028 4747 et
1046 4693 1245 4748 tamen
1268 4688 1655 4747 nihilominus
1676 4705 1889 4761 aquam
1910 4703 2039 4761 gra-

378 4775 599 4834 viorem
628 4777 691 4835 in
721 4779 981 4836 nubibus
1026 4780 1163 4836 ferri
1193 4778 1483 4837 videmus.
1514 4778 1693 4836 Terra
1731 4779 1870 4835 item
1899 4793 2034 4851 gra-

377 4865 623 4923 vissima
651 4871 761 4941 est,
785 4872 843 4925 et
870 4885 1027 4942 aqua
1072 4868 1255 4926 levior
1298 4873 1387 4925 est
1433 4885 1613 4941 quam
1643 4872 1801 4926 terra
1831 4883 1845 4924 :
1880 4872 2035 4925 atta-

2162 2266 2394 2342 οπώρῳ,
2424 2266 2514 2322 καὶ
2546 2264 2631 2322 ὅτι
2661 2263 2871 2322 ἐναντία
2918 2263 3049 2322 ὅντα
3093 2271 3263 2324 ταῦτα
3312 2273 3382 2345 τῇ
3414 2268 3589 2350 φύσειο
3634 2272 3698 2328 τὸ
3730 2272 3826 2347 μὶν

2163 2357 2268 2432 γὰρ
2299 2354 2488 2431 ψύχει,
2533 2356 2597 2410 τὸ
2648 2352 2707 2411 δὶ
2757 2355 2920 2427 καίει,
2963 2355 3035 2441 ⁸τὸ
3080 2353 3147 2441 δὲ
3191 2358 3401 2438 τρέφει,
3448 2360 3512 2416 τὸ
3544 2357 3604 2417 δὶ
3631 2360 3820 2441 φθίνει⁶

2159 2444 2314 2516 ὅμως
2344 2446 2412 2501 τὰ
2438 2446 2609 2500 πάντα
2639 2442 2761 2516 ἴσην
2789 2444 2880 2500 καὶ
2909 2439 3130 2517 ἀϐλαϐῆ
3173 2452 3294 2512 τοῖς
3341 2439 3654 2527 ἀνθρώποις
3685 2450 3821 2507 ἀπο-

2157 2533 2423 2591 τελοῦντα
2445 2536 2545 2605 τὴν
2578 2541 2800 2612 χρῆσιν
2850 2534 2951 2591 οὐκ
2997 2534 3057 2591 ἂν
3106 2534 3427 2611 ἐννοήσειεν,
3474 2539 3558 2596 ὅτι
3600 2539 3713 2596 ἐστί
3739 2559 3825 2605 τις

2157 2624 2418 2700 κρείττων
2462 2625 2692 2698 τούτων,
2745 2624 2773 2679 6
2821 2625 2921 2694 τὴν
2971 2624 3195 2697 ἰσότητα
3251 2628 3512 2704 παρέχων
3557 2633 3689 2684 πᾶσι
3731 2628 3825 2685 καὶ

2156 2709 2401 2791 κυϐερῶν
2426 2714 2496 2769 τὰ
2521 2714 2716 2783 πάντα,
2748 2713 2844 2769 κᾶν
2901 2715 2976 2787 μὴ
3035 2712 3209 2790 βλέπῃ
3248 2720 3438 2771 τοῦτον
3473 2735 3488 2788 ;
3522 2718 3638 2786 Τίς,
3670 2718 3815 2793 ὁρῶν

2157 2804 2210 2860 έν
2243 2805 2359 2881 ἀέρι
2408 2803 2503 2866 τὰς
2550 2800 2780 2882 νεφέλας
2832 2797 3363 2878 ὑποϐασταζομένας,
3408 2804 3501 2862 καὶ
3549 2804 3602 2863 ἓν
3652 2807 3807 2887 νεφέ-

2156 2893 2282 2958 λαις
2308 2895 2408 2963 τὴν
2431 2896 2540 2948 τῶν
2577 2890 2783 2949 ὑδάτων
2834 2890 3072 2948 δεθεῖσαν
3123 2893 3421 2971 βαρύτητα,
3455 2895 3555 2952 οὐκ
3607 2895 3812 2953 ἔννοιαν

2157 2977 2427 3059 λαμϐάνει
2490 2986 2587 3038 τοῦ
2669 2986 2837 3038 ταῦτα
2915 2979 3178 3054 δήσαντος
3247 2983 3340 3040 καὶ
3412 2986 3811 3061 προστάξαντος

2155 3074 2396 3150 γενέσθαι
2429 3090 2443 3143 ;
2475 3074 2544 3128 Ἦ
2587 3072 2695 3143 τίς,
2768 3072 2913 3150 ὁρῶν
2968 3072 3136 3143 αὐτὴν
3196 3076 3296 3145 τήν
3347 3082 3452 3151 γῆν
3502 3077 3808 3154 βαρυτάτην

2157 3162 2317 3220 οὖσαν
2348 3167 2417 3238 τῇ
2451 3160 2626 3241 φύσει,
2683 3160 2772 3217 ἐπὶ
2817 3160 2882 3218 τὰ
2930 3159 3077 3240 ὕδωρ
3127 3160 3465 3240 ἑδρασθεῖσαν
3494 3166 3586 3221 καὶ
3615 3164 3811 3237 ἀκίνη-

2152 3274 2247 3310 τον
2283 3253 2540 3326 μένουσαν
2559 3251 2648 3307 ἐπὶ
2676 3251 2739 3307 τὸ
2770 3250 2925 3331 φύσει
2953 3251 3366 3327 κινούμενον,ού
3393 3251 3812 3327 διανοηθήσεται

2157 3342 2291 3398 εἷναί
2310 3363 2433 3399 τινα
2459 3342 2551 3397 τὸν
2571 3341 2774 3414 ταύτην
2818 3344 2935 3416 (34)
2963 3340 3347 3417 διαταξάμενον
3384 3343 3477 3400 καὶ
3507 3345 3812 3416 ποιήσαντα

2154 3432 2282 3488 Θεόν
2319 3450 2333 3503 ;
2365 3430 2480 3506 Υίς,
2514 3428 2643 3487 ἰδὼν
2673 3432 2773 3501 τὴν
2817 3432 2956 3487 κατὰ
2999 3432 3185 3509 καιρὸν
3229 3439 3334 3504 τῆς
3375 3440 3483 3510 γῆς
3528 3453 3809 3514 καρποφο-

2157 3520 2297 3600 ρίαν,
2328 3522 2420 3577 καὶ
2467 3520 2755 3599 οὐρανόθεν
2814 3519 3022 3593 ὑετοὺς,
3053 3521 3144 3577 καὶ
3189 3527 3452 3597 ποταμῶν
3503 3523 3807 3603 ἐπιρροίας,

2153 3612 2244 3667 καὶ
2272 3616 2470 3688 πηγῶν
2520 3607 2865 3680 ἀναϐλύσεις,
2914 3613 3004 3667 καὶ
3034 3614 3187 3682 ζώων
3229 3610 3282 3685 ἐξ
3313 3613 3586 3689 ἀνομοίων
3617 3615 3808 3690 γονὰς,

2153 3702 2241 3756 καὶ
2293 3706 2462 3757 ταῦτα
2510 3699 2611 3756 οὐκ
2655 3699 2738 3755 ἀεὶ
2794 3699 2941 3756 ἀλλὰ
2993 3702 3131 3757 κατὰ
3187 3701 3412 3779 καιροὺς
3467 3703 3811 3781 ὡρισμένους

2153 3790 2434 3868 γινόμενα·
2466 3790 2555 3847 καὶ
2603 3789 2752 3854 ὅλως
2789 3790 2895 3865 τίς,
2945 3792 3281 3863 κατανοήσας
3318 3791 3371 3848 έν
3405 3792 3689 3868 ἀνομοίοις
3713 3792 3808 3851 καὶ

2154 3880 2415 3944 ἐναντίοις
2443 3882 2544 3951 τὴν
2582 3877 2707 3953 ἴσην
2751 3882 2842 3936 καὶ
2895 3880 3089 3955 ὁμοίαν
3135 3882 3264 3958 παρ’
3294 3881 3468 3938 αὐτῶν
3502 3881 3810 3940 ἀποτελου-

2156 3974 2322 4048 μένην
2353 3971 2521 4043 τάξιν,
2555 3970 2654 4027 οὐκ
2683 3971 2743 4026 ἂν
2778 3969 3128 4045 ἐνθυμηθείη,
3159 3968 3241 4025 ὅτι
3294 3969 3407 4027 ἐστὶ
3451 3972 3550 4046 μία
3578 3970 3809 4049 δύναμις

2150 4065 2186 4133 ἦ
2218 4066 2387 4118 ταῦτα
2417 4058 2829 4135 διακοσμήσασα
2858 4060 2979 4134 (35)
3006 4059 3097 4115 καὶ
3137 4057 3418 4130 διέπουσα,
3446 4060 3524 4125 ὡς
3557 4061 3617 4118 ἂν
3666 4061 3808 4138 αὐτῇ

2153 4150 2312 4228 δοκῇ,
2349 4152 2583 4227 μένουσα
2628 4148 2852 4219 καλῶς;
2887 4148 3036 4205 Δύτᾶ
3082 4150 3176 4223 μὲν
3210 4151 3315 4227 γὰρ
3354 4152 3473 4207 καθ’
3515 4151 3679 4208 έαυτὰ
3708 4151 3809 4209 οὐκ

2153 4241 2211 4297 ἃν
2243 4242 2464 4312 συσταίη
2498 4239 2588 4296 καὶ
2619 4238 2852 4319 φανῆναί
2895 4259 3029 4295 ποτε
3071 4236 3326 4311 δυνηθείη
3381 4237 3472 4296 διὰ
3515 4243 3617 4312 τήν
3664 4239 3808 4320 πρδς

2152 4329 2377 4402 ἄλληλα
2423 4336 2523 4401 τῆς
2575 4329 2785 4407 φύσεως
2838 4327 3205 4400 ἐναντιότητα.
3248 4329 3319 4385 Τὸ
3366 4329 3459 4404 μὶν
3508 4332 3613 4407 γὰρ
3657 4328 3805 4408 ὕδωρ

2149 4421 2303 4500 φύσει
2336 4419 2473 4498 βαρῦ
2524 4419 2615 4475 καὶ
2658 4420 2808 4475 κάτω
2857 4418 2975 4497 ῥέον
3027 4417 3190 4490 ἐστὶν,
3232 4420 3287 4474 αἱ
3331 4416 3390 4476 δὶ
3417 4420 3635 4498 νεφέλαι
3671 4424 3806 4477 κοῦ-

2148 4532 2243 4591 φαι
2271 4511 2361 4566 καὶ
2390 4514 2498 4565 τῶν
2551 4507 2800 4588 ἐλαφρῶν
2851 4508 2943 4565 καὶ
2972 4513 3080 4565 τῶν
3123 4510 3414 4587 ἀνωφερῶν
3442 4510 3802 4587 τυγχάνουσιο

2144 4601 2235 4656 καὶ
2267 4599 2422 4674 ὅμως
2450 4600 2514 4656 τὸ
2568 4599 2863 4678 βαρύτερον
2904 4596 3051 4676 ὕδωρ
3103 4599 3317 4674 ὁρῶμεν
3370 4598 3422 4655 έν
3470 4604 3593 4663 ταῖς
3642 4601 3807 4681 νεφέ-

2146 4688 2269 4753 λαις
2322 4688 2720 4765 βασταζόμενον
2749 4733 2761 4747 .
2810 4689 2911 4744 Καὶ
2958 4685 3123 4743 πάλιν
3173 4690 3209 4758 ἠ
3257 4688 3352 4763 μὲν
3398 4695 3470 4766 γῆ
3522 4683 3803 4767 ϐαρυτάτη

2144 4778 2278 4850 ἐστὶ,
2327 4780 2391 4835 τὸ
2438 4776 2485 4834 δ’
2532 4776 2597 4833 αὖ
2639 4777 2805 4835 πάλιν
2861 4776 3009 4855 ὕδωρ
3060 4776 3388 4856 κουφότερόν
3438 4776 3802 4851 έστιιιταύτης⁸

2142 4870 2232 4925 καὶ
2264 4867 2419 4945 ὅμως
2451 4869 2553 4924 ὑπὸ
2581 4873 2688 4926 τῶν
2722 4867 3101 4948 ἐλαφροτέρων
3151 4866 3213 4923 τι)
3268 4866 3561 4946 βαρύτερον
3600 4869 3801 4944 βαστά-

379 4972 517 5014 men
547 4954 606 5013 id
627 4932 784 5031 quod
813 4932 1051 5032 gravius
1083 4961 1175 5015 est
1204 4958 1275 5015 ab
1306 4973 1372 5015 eo
1396 4932 1553 5029 quod
1583 4958 1769 5015 levius
1797 4961 1887 5014 est
1917 4957 2029 5014 fer-

2157 4932 2312 5033 ξεται,
2342 4960 2432 5015 καὶ
2481 4958 2543 5014 οὐ
2585 4932 2961 5037 καταφέρέται,
2994 4932 3141 5013 ἀλλ’
3186 4932 3412 5029 ἔστηκεν
3461 4932 3723 5030 ἀκίνητος
3759 4959 3798 5030 ἡ

376 5047 495 5116 tur,
522 5062 629 5105 nec
656 5046 1171 5133 demergitur,.sed
1216 5050 1332 5104 stat
1359 5051 1515 5104 terra
1560 5046 1905 5108 immobilis.
1933 5047 2031 5104 Si-

442 5225 829 5302 (29)_Seguer.
853 5226 1084 5285 Gobler.
1106 5225 1374 5302 _Felcknc_i.
1408 5228 1436 5282 1
1470 5227 1898 5302 nouunt-clm,
1928 5230 2028 5287 alii

373 5298 532 5371 vero,
564 5298 740 5373 ὑμῶν,
784 5301 932 5357 forte
959 5316 1063 5429 ire
1092 5300 1278 5381 ἡμῶν.
1320 5298 1446 5355 Duo
1490 5315 1634 5356 mss.
1675 5299 1818 5357 Novi
1866 5298 2024 5359 Test.

374 5370 466 5443 ed.
493 5376 675 5429 Oxon.
709 5372 850 5428 1675
891 5372 966 5429 ha
1010 5376 1111 5429 ent
1140 5377 1281 5428 item
1314 5370 1490 5443 ὑμῶν,
1524 5372 1713 5428 caeteri
1761 5378 1819 5428 et
1861 5375 2024 5443 editi,

372 5441 558 5569 ἡμυῶ
588 5513 802 5573 Gobler
830 5520 889 5572 et
915 5515 1171 5573 Felckm.
1204 5516 1229 5570 1
1266 5528 1615 5588 anonymus,
1640 5519 1782 5584 σωζο
1833 5517 1987 5576 ένων.

374 5655 408 5661 Α
445 5515 558 5661 ξ31ζ
589 5584 739 5661 Δύρτα,
774 5589 939 5661 deest
985 5589 1043 5661 in
1072 5587 1349 5661 rFelckm.
1381 5588 1416 5642 3
1462 5604 1636 5661 anon.
1669 5536 1848 5646 Paulle
1894 5608 1987 5661 po:

465 5584 557 5659 31)
589 5584 745 5664 Δύλτα
773 5589 1043 5664 deest_i_n
1065 5587 1349 5664 _Felcltm.
1381 5584 1636 5664 3'anon.
1669 5584 1848 5664 Paulo
1894 5598 2027 5664 post

2140 5056 2237 5128 γῆ.
2271 5050 2372 5107 Καὶ
2400 5048 2464 5105 τὸ
2516 5050 2612 5126 μὶν
2663 5048 2820 5128 ἄῤῥεν
2875 5047 2938 5105 ού
2982 5045 3177 5104 ταύτόν
3226 5045 3340 5104 ἐστι
3379 5050 3462 5121 τῷ
3492 5046 3673 5123 θήλει,
3706 5048 3802 5104 καὶ

2209 5232 2324 5376 ἓ32)
2353 5229 2607 5288 Felckm.
2641 5246 2707 5287 ιιι
2731 5246 3063 5305 anonymus
3094 5223 3505 5283 διαλλάττοντα.

2232 5304 2323 5375 33)
2354 5302 2581 5376 Gobler.
2608 5301 2864 5376 Felckm.
2894 5306 2918 5357 1
2946 5319 3146 5369 anon.,
3168 5298 3505 5376 γράψαντα.1

2232 5297 2323 5375 33)
2354 5302 2581 5376 Gobler.
2608 5301 2864 5376 Felckm.
2891 5297 2918 5357 ἰ
2946 5319 3146 5369 anon.,
3168 5301 3472 5376 γράψαντα.
3494 5297 3629 5355 Mox
3650 5297 3795 5376 ibid.

2137 5372 2376 5449 Seguer.
2421 5375 2652 5432 Gobler.
2712 5374 2969 5431 Felckm.
3022 5376 3047 5429 1
3101 5372 3300 5441 anon;
3349 5372 3800 5448 παραχωροῦντι.

2135 5448 2317 5502 Paulo
2348 5452 2500 5502 post.
2532 5441 2662 5501 ὅντα
2691 5447 2857 5502 deest
2885 5446 2946 5502 in
2978 5446 3155 5502 Basil.
3188 5448 3246 5502 et
3270 5442 3442 5502 Aug].

2182 5464 2317 5505 8.1110

2425 5452 2500 5513 st,
2532 5441 2662 5501 ὅντα
2691 5447 2857 5533 deest
2885 5446 2946 5502 in
2978 5446 3155 5504 Basil.
3188 5448 3246 5502 et
3270 5441 3442 5519 Angli

2396 5535 2618 5592 eguer.,
2640 5537 2837 5592 ταυτα.

2229 5520 2322 5588 34)
2352 5520 2618 5592 Seguer.,
2649 5521 2837 5574 ταῦτα.

2205 5522 2320 5664 ἕ35)
2350 5592 2590 5664 seguer.
2623 5590 2857 5664 Gobler.
2892 5588 3235 5664 Felckmai‘
3259 5603 3462 5664 anou.,
3495 5580 3801 5664 διακοσμης

371 5653 903 5738 geguer._(_}_obl._et
933 5660 1186 5738 Felcltm.
1220 5662 1248 5715 1
1282 5677 1457 5717 anon.
1496 5659 1847 5738 péygaddunt
1893 5653 2027 5738 post

2157 5653 2578 5738 ταμὲνηηΡῖιυιο
2626 5668 2778 5738 post,
2810 5661 3042 5721 Gobler.
3090 5659 3343 5719 Felckm.
3380 5661 3406 5716 1
3436 5653 3613 5718 anon.
3646 5653 3801 5719 δοκεῖ

370 5726 567 5816 filios,
724 5731 1006 5816 omittunt
1038 5748 1052 5789 :
1085 5732 1264 5792 iidem
1311 5747 1448 5791 mox
1497 5726 1615 5809 μεθ’
1658 5732 1868 5816 ἡμέραν
1894 5726 2023 5796 Ἰω-

373 5802 550 5880 bent,
565 5802 665 5863 alii
686 5802 805 5860 καθ’
832 5802 1066 5885 ἡμέραν.

2131 5731 2240 5814 pro
2272 5731 2430 5812 δοκῇ.
