4160 6388
342 405 421 471 75
882 408 954 476 ες
994 405 1422 475 ATHANASII
1465 412 1639 473 OPP.
1686 410 1889 474 PARS
1931 409 1980 471 Ῑ.
2011 437 2084 457 -
2119 408 2543 473 HISTORIGA
2586 409 2688 472 ET
2731 408 3215 474 DOGMATIGA.
3683 409 3767 473 76

337 544 429 603 vel
457 560 529 604 ex
557 541 685 604 solo
712 546 898 604 calido
929 546 1235 612 elemento,
1267 546 1355 602 vel
1388 562 1454 603 ex
1486 546 1609 603 solo
1642 546 1870 619 frigido,
1902 546 1988 602 vel

2120 563 2231 611 εστη
2280 563 2332 596 τι
2380 546 2486 595 τῶν
2537 540 2681 597 ὅλων
2731 543 2867 616 (43)·
2916 539 3042 597 ἀλλ’
3086 542 3154 612 ἦν
3203 538 3405 597 ἄτακτα
3460 540 3639 599 πάντα
3675 543 3769 600 καί

336 648 415 692 ex
441 636 565 694 solo
591 635 837 693 humido
868 640 969 693 aut
998 636 1151 693 sicco
1201 636 1469 708 componi
1521 638 1810 709 potuisset
1841 654 1855 693 :
1889 637 1989 693 sed

336 727 544 783 omnia
570 725 841 783 universe
878 726 1210 782 inordinata
1236 730 1293 782 et
1322 726 1624 782 incondita
1654 730 1867 783 essent.
1881 729 1991 781 Ve-

339 830 477 873 rum
508 832 696 889 neque
742 816 919 872 etiam
966 814 1112 870 illud
1161 815 1317 887 quod
1358 814 1649 872 dominari
1681 816 1991 883 videretur,

339 904 468 961 sine
497 903 747 962 aliorum
778 903 1138 961 adminiculo
1182 909 1383 977 posset
1429 906 1725 975 exsistere,
1776 904 1993 978 quippe

340 994 498 1066 quod
529 1010 686 1050 nunc
716 993 951 1050 nonnisi
983 994 1093 1050 hoc
1123 1000 1292 1067 pacto
1322 994 1583 1051 exsistat.

354 1114 361 1117 ν
411 1083 501 1139 38.
534 1082 897 1156 Quapropter
925 1099 1061 1139 cum
1094 1101 1210 1140 non
1243 1084 1510 1141 confusio
1534 1085 1634 1141 sed
1662 1085 1803 1141 ordo
1825 1083 1903 1141 sit
1932 1084 1992 1140 in

337 1172 610 1228 universo
644 1189 658 1228 :
693 1189 828 1229 cum
860 1172 1009 1228 nihil
1039 1172 1101 1229 in
1129 1190 1195 1229 eo
1228 1174 1524 1230 incondite
1545 1178 1601 1230 et
1623 1174 1875 1243 turbide,
1892 1174 1993 1230 sed

337 1261 537 1318 omnia
581 1261 868 1318 concinne
916 1263 1359 1335 compositeque
1390 1267 1448 1318 et
1479 1280 1657 1336 quam
1691 1263 1998 1335 aptissime

337 1349 686 1420 cohaereant,
717 1367 959 1408 necesse
987 1356 1076 1408 est
1105 1351 1423 1408 Dominum
1456 1354 1555 1425 qui
1587 1352 1689 1409 illa
1719 1370 1837 1409 una
1866 1370 1997 1409 con-

338 1436 629 1514 gregavit,
658 1440 1026 1507 constrinxit,
1059 1445 1117 1497 et
1146 1441 1499 1509 conciliavit,
1533 1447 1729 1499 mente
1759 1448 1815 1498 et
1844 1443 1998 1516 cogi-

337 1530 562 1587 tatione
584 1529 1118 1603 attingamus.Nam
1150 1532 1384 1587 tametsi
1417 1530 1603 1588 oculis
1634 1550 1749 1589 non
1774 1533 1999 1605 conspi-

341 1618 517 1688 citur,
548 1634 617 1675 ex
646 1619 853 1676 ordine
881 1624 1079 1675 tamen
1109 1624 1167 1677 et
1196 1621 1509 1678 concordia
1538 1638 1736 1678 rerum
1766 1627 1997 1678 contra-

342 1708 591 1775 riarum,
618 1724 822 1766 earum
850 1710 1201 1778 moderator,
1235 1715 1425 1767 rector
1452 1715 1509 1767 et
1536 1711 1855 1782 imperator
1901 1712 1999 1767 in--

342 1797 528 1871 telligi
555 1798 726 1854 facile
754 1799 1207 1871 potest.Etenim
1241 1801 1740 1871 quemadmodum
1774 1801 1824 1857 si
1859 1801 1997 1856 civi-

342 1890 544 1988 tatem.
560 1902 632 1943 ex
646 1885 862 1993 imultis
890 1891 949 1943 et
978 1887 1225 1945 diversis
1257 1888 1633 1993 .bominibus,
1666 1889 2000 1993 pusillis‘et
2031 1927 2079 1993 B

345 1976 601 2050 magnis,
630 1975 913 2033 divitibus
941 1981 1000 2033 et
1028 1978 1408 2051 pauperibus,
1442 1979 1684 2036 senibus
1716 1985 1774 2036 et
1803 1980 1999 2036 adole-

343 2062 667 2134 scentibus,
698 2065 843 2122 viris
888 2070 946 2122 et
996 2066 1348 2124 mulieribus
1396 2070 1803 2142 compositam,
1854 2087 1997 2143 prae-

345 2153 500 2212 clare
528 2154 928 2212 administrari
959 2160 1017 2212 et
1046 2157 1169 2229 regi
1199 2173 1599 2227 cerneremus,
1620 2159 1870 2232 illosque
1900 2160 2001 2232 qui

343 2259 475 2302 eam
505 2248 888 2316 componunt,
904 2247 1145 2302 tametsi
1176 2247 1781 2317 diversos,concordes
1802 2253 2000 2306 tamen

343 2332 497 2390 inter
545 2348 609 2389 se
660 2349 810 2401 esse,
862 2351 1053 2407 neque
1099 2335 1310 2391 divites
1356 2337 1636 2394 adversus
1692 2354 2003 2411 pauperes,

343 2438 535 2494 neque
563 2422 816 2495 majores
847 2428 1049 2480 contra
1080 2425 1357 2495 minores,
1390 2431 1494 2482 aut
1510 2426 1781 2498 juniores
1801 2431 2005 2483 contra

346 2527 517 2568 senes
547 2514 942 2585 pugnare,sed
966 2529 1173 2569 omnes
1194 2514 1497 2586 aequaliter
1530 2532 1730 2587 pacem
1758 2516 2002 2585 habere;

346 2599 400 2657 si
444 2599 592 2668 haec,
620 2600 886 2673 inquam,
915 2601 1270 2674 videremus,
1322 2605 1494 2677 plane
1542 2605 2005 2680 intelligeremus

349 2687 632 2762 principis
653 2691 1025 2762 praesentiam
1045 2692 1225 2763 hujus
1245 2693 1567 2749 concordiae
1593 2710 1831 2751 causam
1851 2710 2003 2762 esse,

350 2778 584 2835 etiamsi
615 2794 751 2835 eum
782 2779 968 2835 oculis
1000 2796 1113 2837 non
1144 2781 1529 2838 intueremur.
1569 2784 1874 2840 Enimvero
1906 2785 2004 2839 ubi

349 2867 497 2925 ordo
527 2884 643 2926 non
674 2872 765 2925 est
788 2870 891 2925 sed
924 2869 1214 2937 confusio,
1249 2878 1595 2944 argumento
1636 2878 1724 2930 est
1773 2873 2006 2929 nullum

352 2952 438 3010 ibi
471 2954 898 3012 moderatorem
931 2973 1060 3014 esse
1091 2974 1105 3014 :
1141 2964 1201 3015 at
1229 2961 1391 3032 ordo,
1443 2962 1609 3019 ducis
1662 2968 1720 3019 et
1767 2963 2008 3020 rectoris

355 3042 592 3101 evidens
624 3043 754 3118 sign
766 3061 862 3100 um
884 3051 993 3102 est.
1025 3046 1304 3105 Similiter
1323 3048 1458 3107 cum
1480 3052 1539 3107 in
1562 3069 1801 3124 corpore
1823 3069 2007 3109 mem-

353 3132 599 3191 brorum
620 3131 774 3189 inter
800 3151 863 3190 se
893 3137 1264 3194 concordiam
1298 3140 1701 3213 observamus,
1733 3157 1840 3199 nec
1870 3159 2007 3199 ocu-

351 3219 479 3279 lum
501 3221 628 3277 auri
648 3222 966 3292 adversari,
981 3241 1088 3282 nec
1110 3243 1352 3284 manum
1376 3246 1509 3285 cum
1535 3230 1680 3302 pede
1699 3231 2007 3300 dissidere,

2105 629 2361 685 ἀσύνθετα
2389 628 2647 686 καθόλου.
2682 629 2840 686 Ἀλλ’
2872 628 2982 686 οὐδ’
3024 630 3084 685 ἃν
3135 630 3265 685 αὐτὸ
3307 630 3370 685 τὸ
3411 627 3606 687 δοκοῦν
3638 652 3770 708 κρα-

2098 724 2209 773 τεῖν
2241 717 2486 791 ἠδυνήθη
2521 720 2579 775 ἂν
2635 727 2889 790 συστῆναι
2922 719 3102 796 χωρὶς
3145 727 3246 789 τῆς
3277 725 3386 777 τῶν
3422 718 3611 778 ἄλλων
3646 722 3768 778 ἐπι-

2099 808 2346 883 κουρίας·
2380 808 2524 864 οὕτω
2554 811 2659 886 γὰρ
2691 810 2781 864 καὶ
2810 813 2902 864 νῦν
2935 810 3277 879 συνέστηκεν.

2172 1080 2262 1135 38.
2299 1078 2447 1133 Ἐπεὶ
2480 1078 2571 1133 οὗν
2618 1077 2718 1133 οὐκ
2765 1078 2952 1150 ἀταξία
3004 1076 3151 1135 ἀλλὰ
3193 1078 3348 1151 τάξις
3397 1077 3539 1135 ἐστὶν
3591 1078 3644 1136 ἐν
3688 1085 3770 1154 τῷ

2102 1168 2285 1238 παντὶ,
2325 1169 2415 1224 καὶ
2466 1167 2565 1223 οὐκ
2620 1166 2851 1242 ἀμετρία
2916 1165 3062 1225 ἀλλά
3117 1168 3469 1245 συμμετρία,
3518 1170 3612 1224 καὶ
3669 1169 3771 1226 οὐκ

2105 1258 2341 1333 ἀκοσμία
2390 1256 2536 1314 ἀλλά
2581 1258 2791 1332 κόσμος
2837 1258 2929 1313 καὶ
2976 1258 3186 1332 κόσμου
3234 1258 3613 1335 παναρμόνιος
3641 1259 3769 1315 σύν-

2102 1349 2275 1419 ταξις·
2310 1349 2518 1423 ἀνάγκη
2571 1346 2882 1423 λογίζεσθαι
2927 1348 3018 1402 καὶ
3066 1342 3364 1422 λαμϐάνειν
3414 1347 3623 1404 ἔννοιαν
3670 1355 3770 1406 τοῦ

2103 1442 2271 1493 ταῦτα
2319 1437 2720 1513 συναγαγόντος
2766 1438 2857 1492 καὶ
2907 1437 3338 1515 συσφίγξαντος,
3398 1460 3490 1493 και
3550 1460 3774 1518 συμφω-

2104 1526 2220 1582 νίαν
2272 1526 2643 1604 ἐργαζομένου
2689 1528 2827 1603 πρὸς
2870 1526 3007 1582 αὐτά
3055 1527 3345 1586 Δεσπότου.
3397 1527 3504 1583 Κᾶν
3551 1529 3656 1604 γὰρ
3693 1530 3768 1602 μή

2104 1622 2224 1679 τοῖς
2257 1616 2565 1695 ὀφθαλμοῖς
2599 1610 2970 1693 ὁρᾶται,’ἀλλ’
3003 1617 3108 1671 ἀπὸ
3136 1622 3238 1685 τῆς
3267 1616 3472 1687 τάξεως
3500 1617 3593 1672 καὶ
3630 1639 3772 1692 συμ-

2108 1706 2313 1784 φωνίας
2342 1711 2452 1761 τῶν
2484 1705 2762 1774 ἐναντίων,
2792 1705 2992 1762 ἐννοεῖν
3029 1704 3139 1761 ἐστι
3165 1706 3255 1760 τὸν
3287 1705 3499 1762 τούτων
3529 1704 3774 1784 ἄρχοντα

2106 1797 2197 1851 καὶ
2243 1798 2565 1871 κοσμήτορα
2612 1796 2703 1851 καὶ
2757 1793 2991 1874 βαφιλέα
3020 1836 3033 1849 .
3083 1798 3287 1871 Ὥσπερ
3343 1797 3449 1873 γάρ
3494 1794 3657 1851 πόλιν
3712 1797 3774 1852 ἐκ

2108 1883 2336 1941 πολλῶν
2369 1883 2459 1940 καί
2489 1882 2761 1963 διαφόρων
2809 1885 3108 1961 ἀνθρώπων
3159 1888 3519 1957 συνεστῶσαν,
3562 1890 3769 1962 μικρῶν

2108 1975 2199 2031 καὶ
2237 1972 2516 2049 μεγάλων,
2546 1975 2635 2030 καὶ
2667 1972 2943 2029 πλουσίων
2992 1972 3057 2029 αὗ
3088 1976 3200 2050 (44)
3251 1975 3342 2029 καὶ
3377 1976 3649 2046 πενήτων,
3679 1976 3771 2031 καὶ

2109 2063 2276 2120 πάλιν
2307 2064 2578 2141 γερόντων
2628 2064 2719 2119 καὶ
2767 2064 3064 2139 νεωτέρων,
3111 2064 3203 2119 καὶ
3252 2064 3488 2142 ἀρῥένων
3538 2064 3631 2120 καὶ
3674 2066 3772 2137 θη-

2112 2152 2277 2222 λέων,
2311 2153 2357 2210 εἰ
2388 2156 2762 2230 θεωρήσαιμεν
2814 2154 3075 2216 ιύτάγτως
3128 2153 3477 2227 οἰκουμένην,
3522 2153 3771 2218 καὶτοὺς

2113 2242 2166 2299 ἐν
2225 2243 2360 2317 αὐτῇ
2410 2241 2703 2322 διαφόρους
2755 2243 2851 2316 μὲν
2898 2238 3081 2311 ὄντας,
3135 2245 3506 2317 ὁμονοοῦντας
3559 2240 3618 2299 δὲ
3665 2244 3772 2320 πρὸ

2114 2332 2360 2405 ἑαυτοὺς,
2410 2332 2501 2387 καὶ
2557 2335 2697 2406 μήτε
2742 2332 2870 2395 τοὺς
2920 2330 3223 2396 πλουσίους
3269 2335 3408 2388 κατά
3452 2336 3563 2388 τῶν
3609 2335 3774 2404 πενή-

2111 2444 2246 2493 των,
2311 2426 2450 2496 μήτε
2494 2420 2624 2485 τδὺς
2673 2421 2950 2498 μεγάλους
2998 2423 3135 2477 κατὰ
3180 2426 3289 2477 τῶν
3344 2426 3574 2500 μικρῶν,
3640 2425 3777 2497 μήτε

2112 2511 2240 2575 τοὺς
2284 2513 2439 2574 νέους
2495 2513 2632 2566 κατά
2687 2516 2793 2566 τῶν
2853 2510 3123 2587 γερόντων
3172 2506 3556 2587 γιγνομένους,
3631 2509 3778 2566 ἀλλά

2113 2601 2314 2664 πάντας
2362 2603 2499 2657 κατά
2549 2602 2646 2671 τήν
2706 2600 3015 2677 ἰσομοιρίαν
3072 2600 3467 2677 εἰρηνεύοντας·
3512 2600 3559 2653 εἰ
3606 2603 3775 2654 ταῦτα

2119 2691 2442 2769 βλέποιμεν,
2474 2693 2690 2753 πάντως
2725 2689 3012 2764 ἐννοοῦμεν
3045 2693 3178 2764 (45),
3211 2688 3296 2745 ὅτι
3338 2687 3609 2766 ἄρχοντος
3638 2707 3774 2761 παρ-

2116 2782 2273 2838 ουσία
2322 2783 2421 2851 τὴν
2472 2780 2732 2855 ὁμόνοιαν
2779 2778 3114 2855 πρυτανεύει,
3142 2778 3239 2834 κᾶν
3297 2780 3373 2852 μὴ
3430 2779 3646 2854 ὁρῶμεν
3680 2777 3776 2833 αὖ·

2113 2870 2229 2929 τόν.
2273 2872 2336 2927 Ἣ
2389 2871 2483 2944 μὲν
2533 2872 2637 2946 γὰρ
2689 2870 2880 2942 ἀταξία
2928 2868 3189 2946 ἀναρχίας
3237 2868 3349 2924 ἐστὶ
3397 2868 3707 2944 γνώρισμα·
3737 2869 3775 2936 ἡ

2116 2959 2175 3017 δὲ
2202 2960 2350 3032 τάξις
2379 2962 2470 3015 τὸν
2496 2959 2906 3036 ἡγεμονεύοντα
2953 2957 3211 3017 δείκνυσι.
3242 2957 3343 3014 Καὶ
3391 2959 3497 3035 γὰρ
3543 2959 3659 3030 (46)
3686 2957 3779 3012 καὶ

2114 3053 2214 3121 τὴν
2250 3049 2302 3105 ἐν
2329 3054 2408 3122 τῷ
2437 3051 2653 3124 σώματι
2679 3054 2789 3105 τῶν
2826 3047 3006 3123 μελῶν
3057 3049 3196 3123 πρὸς
3247 3048 3410 3103 ἑαυτά
3456 3045 3777 3125 συμφωνίαν

2119 3143 2372 3216 ὁρῶντες,
2406 3138 2491 3195 ὅτι
2522 3140 2584 3195 οὐ
2622 3141 2856 3216 μάχεται
2886 3140 2915 3193 ὁ
2950 3136 3236 3217 ὀφθαλμὸς
3272 3142 3342 3212 τῇ
3390 3138 3551 3210 ἀκοῇ,
3585 3133 3712 3192 οὐδὲ
3739 3137 3776 3206 ἡ

2120 3230 2245 3307 χεὶρ
2277 3234 2357 3302 τῷ
2385 3227 2513 3285 ποδὶ
2544 3230 2836 3299 στασιάζει,
2888 3227 3014 3284 ἀλλ’
3058 3224 3281 3283 ἕκαστον
3324 3228 3427 3297 τήν
3461 3223 3601 3281 ἰδίαν
3644 3226 3784 3280 ἀπο-

353 3311 455 3368 sed
474 3309 709 3384 singula
730 3314 996 3369 membra
1018 3318 1319 3388 proprium
1332 3318 1591 3375 ofﬁcium
1616 3322 1838 3393 absque
1860 3321 2006 3377 sedi-

2120 3317 2270 3376 τελεῖ
2314 3319 2503 3396 ’χρείαν
2551 3320 2942 3386 ἀστασιάστως,
2987 3316 3276 3391 ἐννοοῦμεν
3310 3316 3371 3372 ἐκ
3414 3315 3611 3371 τούτου
3642 3316 3777 3370 πάν-

352 3399 513 3456 tione
538 3401 885 3473 persolvere,
918 3402 1056 3460 inde
1085 3406 1496 3465 concludimus
1525 3411 1874 3478 necessario,
1907 3412 2010 3467 ιθ

353 3488 613 3545 animam
644 3489 707 3545 in
739 3506 979 3564 corpore
1027 3510 1157 3551 esse
1204 3512 1332 3568 quae
1380 3497 1482 3552 illa
1520 3504 1703 3571 regat,
1738 3500 2011 3572 quamvis

352 3576 517 3635 illam
547 3593 663 3633 non
691 3578 999 3637 videamus
1034 3599 1047 3638 :
1082 3582 1163 3639 ita
1192 3590 1330 3657 ergo
1354 3603 1424 3642 ex
1453 3588 1658 3644 ordine
1688 3593 1746 3644 et
1774 3588 2009 3645 harmo-

355 3665 455 3722 nia
481 3665 900 3725 universitatis.
926 3669 1111 3727 Deum
1139 3674 1344 3729 mundi
1376 3676 1830 3747 gubernatorem
1854 3679 2011 3751 cogi-

354 3758 550 3809 temus
580 3770 819 3812 necesse
847 3763 1216 3833 est,eumque
1245 3779 1585 3836 unum,non
1614 3767 1833 3824 multos
1859 3785 2009 3825 esse.

359 3841 663 3914 Siquidem
696 3844 822 3916 ipse
852 3845 1258 3919 dispositionis
1290 3852 1452 3920 ordo,
1473 3857 1857 3928 omniumque
1880 3874 2014 3929 par-

353 3929 507 3988 tium
556 3947 799 3987 concors
846 3936 1203 4007 conspiratio
1252 3956 1368 3995 non
1419 3942 1638 4000 multos
1686 3946 1787 4001 sed
1827 3963 2014 4003 unum

358 4019 567 4075 mundi
596 4021 807 4077 ducem
832 4026 890 4078 et
918 4025 1346 4084 moderatorem
1383 4029 1642 4089 Verbum
1673 4048 1802 4090 esse
1825 4038 2013 4093 mani-

357 4108 506 4164 feste
525 4110 953 4167 ostendit.Nam
977 4113 1027 4169 si
1052 4113 1251 4186 plures
1272 4120 1494 4176 mundo
1516 4129 1855 4193 praeessent,
1872 4127 2015 4182 ordo

360 4195 462 4253 ille
493 4198 711 4254 servari
744 4217 858 4256 non
892 4209 1112 4273 posset,
1164 4207 1265 4262 sed
1319 4209 1518 4265 omnia
1564 4212 1909 4271 confusione
1960 4220 2019 4273 et

358 4286 801 4359 perturbatione
821 4288 993 4361 plena
1008 4296 1374 4361 essent,dum
1388 4302 1798 4375 unusquisque
1819 4304 2018 4362 omnia

360 4375 435 4431 ad
464 4392 641 4432 suum
672 4378 981 4436 arbitrium
1015 4382 1356 4454 traheret,et
1386 4388 1668 4447 adversus
1698 4391 1878 4449 alium
1903 4411 2014 4466 pu-

359 4469 586 4537 gnaret.
620 4470 888 4540 Namque
917 4473 984 4525 ut
1012 4471 1231 4531 multos
1261 4476 1422 4543 deos,
1475 4479 1669 4537 nullos
1709 4482 1848 4539 deos
1887 4500 2017 4540 esse

360 4554 837 4614 dicebamuszsic
869 4560 1088 4617 multos
1119 4568 1391 4634 rectores,
1422 4568 1615 4625 nullos
1647 4576 1867 4628 rectore
1887 4588 2017 4630 esse

2118 3430 2229 3472 τως
2261 3409 2393 3464 εἶναι
2437 3410 2625 3484 ψυχὴν
2671 3407 2721 3463 ἐν
2772 3412 2852 3481 τῷ
2899 3408 3112 3481 σώματι
3154 3409 3254 3476 τὴν
3306 3404 3516 3461 τούτων
3568 3406 3781 3480 ἠγεμο-

2117 3500 2396 3570 νεύουσαν,
2427 3497 2523 3553 κᾶν
2581 3500 2655 3573 μή
2709 3496 3001 3574 βλέπωμεν
3044 3496 3209 3567 αὐτήν
3240 3497 3374 3570 (47).
3406 3495 3594 3557 Οὕτως
3626 3494 3679 3550 ἐν
3708 3497 3779 3569 τῇ

2118 3593 2216 3644 τοῦ
2264 3586 2464 3651 παντὸς
2501 3588 2646 3659 τάξει
2693 3587 2783 3643 καὶ
2832 3586 3069 3662 ἁρμονίᾳ
3110 3584 3203 3640 τὸν
3252 3589 3351 3640 τοῦ
3400 3584 3604 3646 παντὸς
3650 3585 3781 3658 ἡγε-

2126 3677 2263 3752 μόνα
2290 3684 2432 3732 νοεῖν
2467 3678 2674 3752 ἀνάγκη
2726 3676 2878 3747 Θεὸν,
2921 3676 3011 3731 καὶ
3059 3679 3250 3731 τοῦτον
3298 3670 3389 3729 ἕνα
3415 3674 3506 3729 καὶ
3547 3673 3611 3729 οὗ
3641 3670 3782 3729 πολ-

2122 3765 2275 3829 λούς.
2310 3766 2409 3822 Καὶ
2439 3768 2475 3836 ἡ
2506 3766 2653 3837 τάξις
2699 3764 2757 3821 δὲ
2808 3766 2941 3836 αὕτη
2992 3772 3094 3835 τῆς
3140 3761 3578 3838 διακοσμήσεως,
3621 3762 3714 3818 καὶ
3743 3763 3781 3831 ἡ

2120 3861 2228 3913 τῶν
2260 3858 2475 3912 πάντων
2516 3857 2631 3929 μεθ’
2662 3855 2925 3930 ὁμονοίας
2957 3853 3213 3930 ἁρμονία,
3248 3853 3310 3909 οὗ
3350 3851 3621 3925 πολλοὺς,
3656 3848 3787 3907 ἀλλ’

2120 3944 2214 4003 ἕνα
2262 3947 2353 4000 τὸν
2406 3945 2575 4015 αὐτῆς
2606 3943 2847 4023 ἄρχοντα
2899 3946 2990 4000 καὶ
3034 3944 3283 4019 ἡγεμόνα
3314 3940 3550 3998 δείκνυσι
3582 3941 3781 4016 Λόγον.

2124 4035 2234 4090 Οὐκ
2264 4034 2323 4090 ἃν
2356 4036 2483 4112 γὰρ,
2525 4035 2675 4110 εἷ’περ
2723 4038 2857 4103 ἦσαν
2912 4031 3119 4091 πολλοὶ
3166 4040 3268 4103 τῆς
3316 4032 3545 4094 κτίσεως
3587 4030 3787 4107 ἄρχον-

2122 4146 2231 4193 τες,
2286 4124 2517 4193 ἐσώζετο
2565 4123 2793 4194 τοιαύτη
2847 4125 2998 4196 τάξις
3051 4127 3159 4178 τῶν
3228 4125 3439 4178 πάντων
3475 4140 3489 4154 ·
3546 4118 3673 4177 ἀλλ’
3719 4122 3787 4189 ἦν

2123 4212 2289 4269 πάλιν
2321 4211 2523 4269 ἄτακτα
2546 4215 2722 4269 πάντα
2752 4211 2843 4268 διὰ
2886 4213 3017 4275 τοὺς
3064 4210 3334 4283 πολλοὺς,
3370 4208 3627 4273 ἕλκοντος
3658 4210 3791 4266 ἐκά-

2125 4324 2252 4359 στου
2298 4303 2437 4379 πρὸς
2484 4303 2583 4372 τὴν
2625 4302 2818 4358 ἑαυτοῦ
2872 4298 3139 4378 βούλησιν
3186 4301 3255 4356 τά
3298 4302 3412 4375 (48)
3452 4300 3649 4368 πάντα,
3696 4301 3789 4356 καὶ

2129 4394 2450 4470 μαχομένου
2498 4393 2635 4468 πρὸς
2682 4393 2776 4448 τὸν
2834 4389 3041 4465 ἕτερον.
3103 4394 3306 4468 Ὥσπερ
3356 4390 3460 4466 γὰρ
3519 4386 3786 4464 ἐλέγομεν

2123 4485 2221 4552 τήν
2274 4480 2653 4552 πολυθεότητα
2699 4481 2965 4551 ἀθεότητα
3009 4481 3164 4550 εἰναι,
3215 4478 3391 4543 οὕτως
3441 4479 3652 4555 ἀνάγκη
3684 4480 3787 4549 τὴν

2126 4571 2471 4648 πολυαρχίαν
2525 4570 2786 4648 ἀναρχίαν
2837 4571 2972 4626 εἶναι
3007 4614 3019 4627 .
3070 4571 3329 4626 Ἑκάστου
3385 4569 3491 4644 γὰρ
3537 4570 3639 4639 τὴν
3686 4572 3788 4624 τοῦ

360 4642 676 4701 dicendum
717 4651 825 4703 est.
881 4653 1031 4704 Dum
1064 4651 1219 4708 enim
1253 4654 1401 4711 alter
1429 4656 1670 4715 alterius
1703 4660 2006 4733 imperium

2126 4642 2319 4737 ἑτέρου·
2348 4642 2547 4737 ’ἀρχὴν
2605 4642 2991 4735 ἀναιροῦντος,
3049 4659 3228 4722 οὐδεὶς
3288 4642 3531 4736 ἐφαίνετο
3590 4655 3788 4713 λοιπον

361 4735 661 4801 everteret,
695 4735 893 4792 nullus
934 4743 1089 4795 certe
1136 4746 1291 4799 esset
1334 4744 1434 4815 qui
1485 4746 1800 4819 imperaret
1826 4753 1885 4805 et
1912 4750 2017 4807 do-

362 4819 710 4893 minaretur,
744 4840 917 4882 nemo
967 4826 1066 4898 qui
1122 4836 1348 4902 regeret
1397 4838 1455 4888 et
1503 4836 1872 4907 gubernaret.
1908 4839 2016 4895 Ubi

363 4912 560 4965 autem
593 4910 794 4968 nullus
824 4919 1013 4970 rector
1042 4916 1277 4982 est,illic
1300 4925 1631 4980 necessario
1655 4926 1855 4983 nullus
1875 4929 2017 4985 ordo

362 5001 475 5067 est,
510 5000 611 5055 sed
642 5004 875 5059 tantum
901 5005 1419 5065 confusio.Contra
1445 5027 1578 5069 vero
1609 5015 1931 5073 multorum
1962 5022 2020 5073 et

580 5123 676 5213 Sic
704 5125 1204 5213 ﬁegueg‘gcbler.
1238 5136 1294 5187 et
1324 5133 1578 5191 Felckm.
1615 5139 1639 5192 1
1667 5155 2015 5213 anonymus.

362 5192 480 5248 Alii
510 5192 647 5251 cum
676 5192 873 5265 editis,
904 5196 1081 5254 ἄλλωκ
1101 5242 1114 5256 .

438 5265 563 5355 (114),
579 5268 818 5355 βςβψξικ
852 5270 1014 5355 solus
1054 5272 1149 5328 hic
1198 5273 1484 5355 additgx‘g'.’
1512 5278 1689 5336 Paulo
1738 5290 1871 5355 post
1914 5290 2019 5342 Go-

364 5333 510 5422 bler.
536 5333 597 5422 ἐἰ
614 5333 882 5422 Felckm.
904 5345 957 5422 _1_
978 5352 1323 5422 anon._pos_t
1354 5333 1879 5422 άρῥένωνξτεῖἆίῖἀ

544 5402 783 5493 Seguer.
817 5414 1046 5493 Gobler.
1079 5422 1135 5473 et
1155 5402 1345 5493 Fls-191;.
1384 5402 1615 5493 i'anon’.
1649 5402 2018 5493 θ’ἦλᾶἰῖιῖιὶἶ

364 5474 737 5603 ξὲΕξὲιῇυε
768 5485 1154 5558 penultimam
1178 5474 2014 5557 Gobler.elﬁl'lelcltmflwano‘n.

581 5626 746 5705 [forte
776 5623 1057 5705 évsooﬁpsv
1090 5631 1177 5686 vel
1211 5628 1489 5705 ἐνοοῦμεν.

437 5687 551 5777 (46)
594 5687 1050 5777 _Seguer._solus
1097 5687 1400 5777 postjatp',
1436 5687 1525 5759 καί
1568 5706 1782 5767 iterum
1831 5712 2013 5769 addit.

365 5757 537 5818 Idem
556 5768 612 5819 et
642 5757 1047 5842 Goblerianus,
1077 5757 1540 5837 εἷοέλέιόιίὲτίαήὴί
1570 5757 2014 5859 fandi“;

2127 4753 2156 4806 6
2184 4750 2395 4827 ἄρχων,
2427 4749 2556 4807 ἀλλ’
2585 4751 2652 4820 ἦν
2705 4750 2941 4826 ἀναρχία
2985 4750 3133 4826 παρά
3178 4753 3359 4804 πᾶσιν.
3391 4749 3552 4802 ’Ένθα
3593 4744 3654 4802 δὲ
3707 4748 3783 4820 μή

2126 4838 2265 4895 ἔστιν
2300 4839 2511 4917 ἅρχων,
2565 4838 2677 4895 ἐκεῖ
2723 4841 2931 4901 πάντως
2987 4838 3173 4908 ἀταξία
3220 4837 3441 4912 γίνεται.
3476 4836 3578 4891 Καὶ
3605 4833 3786 4910 ’ἐμπα-

2127 4926 2212 4984 λιν
2240 4932 2409 5000 ἡτῶν
2457 4926 2686 4984 πολλῶν
2735 4929 2825 4984 καὶ
2877 4926 3149 5006 διαφόρων
3208 4925 3307 5001 μία
3334 4926 3483 4997 τάξις
3531 4926 3623 4981 καὶ
3653 4925 3789 4999 ὁμό-

2122 5040 2246 5074 νοια
2275 5015 2368 5073 ἕνα
2396 5018 2487 5073 καὶ
2516 5018 2608 5073 τὸν
2662 5017 2904 5094 άρχοντα
2934 5015 3188 5073 δείκνυσι.
3239 5016 3487 5091 Καθάπερ
3536 5015 3642 5091 γὰρ
3673 5016 3788 5088 (49)

2122 5140 2259 5211 λῶν,
2294 5144 2431 5214 πρὸς
2464 5143 2627 5197 tau-cat
2656 5144 2882 5200 addunt
2913 5161 2927 5199 :
2964 5142 3063 5201 alii
3095 5159 3228 5214 cum
3274 5141 3450 5199 editis
3481 5139 3784 5214 omittunt.

2198 5208 2311 5289 (47)
2339 5208 2346 5214 ’
2377 5216 2510 5289 Haec
2572 5217 2768 5289 verba,
2839 5214 2892 5289 ἐν
2923 5218 3053 5289 Λτῷ
3131 5213 3348 5289 σώματι
3379 5214 3512 5289 ’τήν
3579 5208 3789 5289 τούτων

2125 5283 2586 5360 ἡγεμονεύουσαν,
2637 5285 2733 5341 κᾶν
2770 5287 2862 5360 ,μή
2917 5283 3229 5360 βλέπωμεν
3254 5283 3447 5360 αὐτήν,
3481 5285 3698 5360 desunt
3726 5284 3787 5340 in

2127 5356 2383 5415 Felckm.
2416 5362 2451 5417 3
2476 5376 2650 5415 anon.
2700 5356 2847 5416 Ibid.
2899 5356 3131 5416 Gobler;
3165 5363 3224 5415 et
3252 5356 3511 5414 Felckm.
3545 5358 3572 5412 1
3604 5372 3783 5413 anon.

2130 5428 2404 5503 βλέπομεν
2432 5431 2671 5503 habent.

2199 5501 2319 5571 (~18)
2338 5502 2412 5555 Τά
2442 5504 2607 5558 deest
2634 5502 2693 5557 in
2731 5501 3058 5559 Basiliensi.

2199 5569 2311 5648 (49⁷)
2340 5572 2448 5647 Γάρ
2481 5574 2577 5648 hic
2609 5574 2833 5648 addunt
2863 5575 2997 5648 Seg.
3026 5573 3218 5648 ﬁobl;
3233 5574 3290 5648 et
3315 5569 3511 5648 Felck:
3541 5572 3566 5627 1
3600 5585 3786 5630 anon.

2124 5642 3145 5717 Aliicum'editisomittunt.’Ibid.
3180 5642 3431 5701 Felckm.
3482 5645 3518 5698 3
3564 5658 3784 5717 anon.,

2127 5712 2337 5769 ἀκούων
2370 5732 2474 5788 pro
2504 5714 2709 5775 ἀκούει.
