4160 6398
391 486 470 554 '77
1592 493 1885 559 ORATIO
1928 497 2244 559 CONTRA
2287 498 2622 564 GENTES.‘
3738 491 3820 558 78

392 621 449 682 εἷ’
468 644 552 690 τις
581 620 858 704 πόρρωθεν
909 621 1092 683 ἀκούει
1138 620 1305 704 λόρας
1358 625 1417 683 ἐκ
1459 625 1688 682 πολλῶν
1739 629 1827 683 καὶ
1858 627 2046 706 διαφό-

2166 632 2526 690 diversorum
2559 655 2712 693 unus
2743 637 2884 693 ordo
2912 639 2969 694 et
2998 626 3543 706 consensus;unius
3571 625 3816 690 rectoris

396 736 503 793 ρων
543 721 748 794 νευρῶν
796 719 908 791 (50)
957 719 1341 793 συγκειμένης,
1393 716 1482 773 καὶ
1531 720 1797 792 θαυμάζοι
1846 718 2051 774 τούτων

393 808 492 877 τήν
525 806 788 883 ἁρμονίαν
821 814 923 876 τῆς
955 806 1294 886 συμφωνίας,
1329 807 1409 863 ὅτι
1447 809 1521 881 μή
1571 807 1708 881 μόνη
1741 812 1854 882 (51)
1885 811 1919 878 ἡ
1959 811 2054 884 βα-

397 902 513 974 ρεῖα
541 897 632 952 τὸν
663 897 806 972 ἦχον
842 896 1270 972 ἀποτελεῖ,μηδὲ
1303 899 1436 971 μόνη
1473 901 1507 967 ἡ
1545 898 1708 970 ὀξεῖα,
1748 896 1887 970 μηδὲ
1913 898 2048 972 μόνη

395 988 430 1055 ἡ
471 985 632 1060 μέση,
666 984 810 1041 ἀλλά
841 993 1005 1042 πᾶσαι
1051 990 1187 1042 κατά
1231 989 1328 1057 την
1389 985 1507 1058 ἴσην
1546 987 1848 1043 ἀντίστασιν
1879 986 2054 1058 ἀλλή-

394 1073 519 1138 λαις
583 1080 911 1152 συνηχοῖκτι·
961 1076 1051 1131 καὶ
1100 1078 1315 1139 πάντως
1367 1075 1426 1132 ἐκ
1472 1075 1680 1131 τούτων
1729 1076 1900 1132 ἐννοεῖ
1948 1077 2055 1154 οὐχ

395 1165 557 1235 ἑαυτή
591 1171 757 1220 κινεῖν
785 1167 885 1236 τήν
919 1165 1110 1242 λύραν,
1146 1165 1271 1222 ἀλλ’
1305 1164 1431 1221 οὐδὲ
1480 1166 1582 1221 ὑπὸ
1613 1163 1840 1220 πολλῶν
1884 1166 2049 1236 αὐτὴν

389 1253 700 1309 τύπτεσθαι’
731 1251 826 1310 ἕνα
857 1252 914 1310 δὲ
945 1255 1080 1310 εἶναι
1118 1258 1401 1329 μουσικὸν,
1443 1254 1534 1310 τὸν
1588 1256 1814 1326 ἑκάστης
1861 1263 2052 1333 νευρᾶς

389 1343 534 1422 ἦχον
566 1345 704 1421 πρὸς
756 1346 854 1414 τήν
903 1345 1223 1420 ἐναρμόνιον
1276 1344 1590 1424 συμφωνίαν
1641 1348 1938 1422 κεράσαντα
1982 1350 2049 1420 τῇ

393 1431 689 1508 ἐπιστήμῃ,
740 1435 835 1488 κᾶν
873 1437 946 1508 μὴ
989 1440 1178 1489 τοῦτον
1231 1434 1426 1511 βλέπῃ*
1487 1434 1629 1490 οὕτω
1678 1436 2052 1512 παναρμονίου

393 1519 561 1594 οὔσης
591 1531 692 1594 τῆς
722 1525 924 1595 τάξεως
957 1525 1008 1580 ἐν
1058 1530 1136 1597 τῷ
1176 1525 1369 1599 κόσμῳ
1416 1526 1601 1596 παντὶ,
1630 1526 1719 1580 καὶ
1774 1529 1910 1599 μήτε
1947 1531 2053 1581 τῶν

393 1610 504 1668 ἅνω
535 1613 672 1690 πρὸς
729 1615 798 1668 τὰ
852 1613 1022 1684 κάτω,
1079 1619 1217 1688 μήτε
1271 1619 1379 1670 τῶν
1439 1615 1586 1670 κάτω
1641 1617 1779 1690 πρὸς
1826 1619 1892 1670 τὰ
1943 1613 2052 1671 ἅνω

393 1703 812 1776 στασιαζόντων,
846 1701 992 1758 ἀλλά
1026 1710 1153 1778 μιᾶς
1183 1709 1291 1759 τῶν
1339 1706 1552 1760 πάντων
1605 1704 2052 1780 ἀποτελουμένης

390 1793 615 1861 τάξεως,
645 1790 738 1848 ἕνα
766 1795 856 1848 καὶ
893 1795 967 1867 μὴ
1001 1791 1249 1856 πολλοὺς
1297 1800 1433 1851 νοεῖν
1479 1793 1776 1850 ἀκόλουθόν
1821 1794 1930 1849 ἐστι
1960 1797 2050 1849 τὸν

394 1878 636 1958 ἄρχοντα
663 1882 754 1937 καὶ
786 1881 1012 1959 βασιλέα
1041 1890 1140 1953 τῆς
1175 1887 1290 1958 (52)
1338 1887 1516 1956 πάσης
1567 1883 1814 1956 κτίσεως,
1856 1886 1945 1938 τὸν
1972 1890 2051 1956 τῷ

395 1969 587 2025 ἑαυτοῦ
638 1972 779 2050 φωτὶ
831 1973 897 2027 τὰ
943 1974 1118 2029 πάντα
1163 1971 1592 2048 καταλάμποντα
1639 1974 1728 2028 καὶ
1777 1977 2046 2030 κινοῦντα.
2081 2011 2130 2076 Β

462 2245 551 2299 39.
586 2240 724 2297 Οὐδὲ
752 2243 854 2316 γὰρ
885 2240 1133 2305 πολλσὺς
1183 2243 1315 2297 εἶναι
1368 2241 1450 2297 δεῖ
1496 2243 1734 2316 νομίζειν
1783 2242 1911 2305 τοὺς
1948 2250 2048 2313 τῆς

389 2330 618 2392 κτίσεως
652 2327 924 2405 ἄρχοντας
970 2332 1062 2385 καὶ
1094 2334 1348 2405 ποιητὰς,
1399 2330 1545 2388 ἀλλὰ
1592 2333 1729 2408 πρὸς
1783 2328 2051 2387 εὐσέϐειαν

393 2414 591 2494 ἀκριϐῆ
651 2420 741 2473 καὶ
801 2417 1057 2489 ἀλήθειαν
1089 2418 1178 2476 ἕνα
1206 2422 1297 2477 τὸν
1329 2423 1530 2492 ταύτης
1565 2421 1903 2497 δημιουργὸν
1957 2445 2048 2476 πι-

392 2507 597 2564 στεύειν
657 2511 969 2582 προσήκει·
1028 2511 1119 2565 καὶ
1193 2516 1355 2566 τοῦτο
1413 2519 1515 2582 τῆς
1578 2513 1806 2575 κτίσεως
1882 2514 2047 2582 αὐτῆς

393 2596 647 2674 ἐμφανῶς
707 2595 1057 2668 δεικνυούσης
1091 2644 1104 2657 .
1154 2602 1443 2675 Γνώρισμα
1499 2603 1602 2676 γὰρ
1663 2600 1898 2679 ἀσφαλὲς
1953 2607 2049 2657 τοῦ

389 2681 484 2741 ἕνα
513 2687 604 2740 τὸν
655 2689 894 2756 ποιητήν
945 2688 1080 2744 εἶναι
1129 2695 1226 2744 τοῖ’)
1275 2691 1475 2753 παντός
1522 2689 1631 2746 ἐστι
1659 2697 1841 2763 τοῦτο,
1873 2695 1936 2746 τὸ
1971 2694 2045 2765 μή

390 2772 640 2838 πολλοὺς
675 2774 801 2830 ἀλλ’
828 2773 923 2831 ἕνα
972 2778 1106 2833 εἶναι
1151 2780 1242 2834 τὸν
1292 2779 1519 2854 κόσμον.
1552 2779 1700 2836 Ἔδει
1739 2783 1863 2857 γὰρ,
1900 2779 2046 2856 εἶ’περ

391 2866 528 2935 ἦσαν
557 2863 762 2921 πολλοὶ
794 2867 925 2935 θεοὶ,
976 2865 1228 2931 πολλοὺς
1280 2869 1414 2925 εἶναι
1458 2871 1548 2926 καὶ
1599 2869 1890 2949 διαφόρους
1920 2871 2048 2934 τοὺς

390 2955 654 3029 κόσμους.
691 2951 823 3011 Οὔτε
854 2959 957 3033 γάρ
990 2956 1189 3035 ἔπρεπε
1229 2958 1357 3022 τοὺς
1405 2958 1654 3023 πολλοὺς
1706 2958 1796 3016 ἕνα
1840 2961 2044 3035 κόσμον

389 3047 824 3116 κατασκευάζειν,
859 3044 982 3102 οὕτε
1010 3048 1100 3103 τὸν
1131 3045 1225 3103 ἕνα
1255 3049 1357 3104 ὑπὸ
1387 3048 1614 3105 πολλῶν
1658 3053 1927 3106 ποιεῖσθαι
1961 3051 2049 3106 διὰ

389 3137 457 3190 τὰ
506 3135 566 3190 ἐκ
612 3135 820 3191 τούτων
877 3133 1194 3202 δεικνύμενα
1241 3135 1664 3214 ἅτοπα.Πρῶτον
1721 3141 1813 3214 μὲν
1857 3139 1960 3211 ὅτι,
2002 3141 2047 3195 εἰ

394 3225 497 3280 ὑπὸ
527 3222 756 3280 πολλῶν
791 3227 818 3280 ὁ
852 3228 928 3288 εἴς
961 3226 1200 3302 ἐγεγόνει
1230 3227 1713 3302 κόσμος,ἀσθὲνεια
1740 3235 1847 3285 τῶν
1880 3252 2043 3299 ποιη-

391 3316 596 3370 σάντων
629 3315 717 3384 ἧν·
753 3314 835 3370 ὅτι
892 3315 956 3370 ἐκ
995 3314 1224 3372 πολλῶν
1275 3317 1329 3372 ἓν
1381 3317 1538 3394 ἔργον
1569 3319 1922 3389 ἀπετελέσθη·
1957 3320 2047 3374 καὶ

392 3403 451 3460 ἐκ
479 3403 676 3459 τούτου
705 3405 996 3481 γνώρισμα
1026 3406 1087 3460 οὐ
1117 3405 1180 3461 τὸ
1209 3409 1377 3482 τυχὸν
1408 3409 1475 3477 ἦν
1507 3416 1609 3478 τῆς
1648 3407 1873 3471 ἀτελοῦς
1924 3410 2046 3464 ἑκά·
2077 3383 2122 3454 C

391 3516 519 3550 στου
551 3496 688 3570 πρὸς
717 3496 779 3548 τὸ
808 3502 983 3550 ποιεῖν
1019 3495 1350 3569 ἐπιστήμης.
1383 3498 1447 3552 Εἰ
1477 3499 1580 3574 γὰρ
1611 3496 1766 3573 ἤρκει
1819 3501 1917 3568 εἷς,
1953 3498 2052 3554 οὐκ

394 3583 452 3638 ἂν
479 3584 530 3638 οἱ
550 3581 869 3654 πολλοὶτὴν
890 3582 1158 3656 ἀλλήλων
1182 3585 1522 3662 ἀνεπλήρουν
1548 3585 1911 3661 ἔλλειψιν.Ἐν
1936 3593 2052 3660 Θεῴ

395 3671 452 3729 δὲ
482 3671 662 3750 λέγειν
695 3673 828 3728 εἶναί
857 3695 911 3728 τι
942 3672 1195 3737 ἐλλειπὶς
1228 3676 1288 3730 οὐ
1325 3676 1488 3749 μόνον
1541 3673 1748 3746 ἀσεϐὲς,
1788 3675 1933 3732 ἀλλά
1959 3679 2050 3732 καὶ

392 3765 532 3840 πέρα
587 3767 695 3818 τῶν
755 3763 1023 3837 ἀθεμίτων
1072 3763 1203 3822 ἐστί.
1257 3767 1354 3820 Καὶ
1405 3767 1508 3842 γάρ
1557 3766 1647 3821 καὶ
1694 3765 1948 3843 τεχνίτην
1999 3766 2051 3821 ἐν

394 3853 706 3929 ἀνθρώποις
735 3853 835 3908 οὐκ
865 3853 922 3909 ἅν
955 3875 1039 3917 τις
1089 3852 1232 3909 εἷ’ποι
1278 3853 1513 3924 τέλειον,
1560 3854 1706 3910 ἀλλά
1754 3858 1969 3927 ἀσθενῆ,
2004 3856 2050 3911 εἴ

397 3943 472 4016 μὴ
512 3941 699 4016 μόνος,
748 3941 896 3998 ἀλλὰ
947 3945 1081 4016 μετά
1126 3942 1353 4000 πολλῶν
1401 3944 1455 3999 ἓν
1497 3944 1794 4017 ἀποτελοίη
1843 3945 1905 4002 τὸ
1937 3949 2050 4019 (53)

391 4030 576 4110 ἔργον.
632 4033 695 4088 Εἰ
745 4031 803 4088 δὲ
849 4030 1076 4096 ἕκαστος
1132 4035 1225 4108 μὲν
1282 4033 1518 4105 ἠδύνατο
1571 4037 1633 4090 τὸ
1687 4033 1816 4091 ἀλον
1858 4036 2048 4090 ἀποτε-

389 4123 544 4178 λὲσαι
577 4167 593 4193 ,
653 4125 705 4178 οἱ
762 4125 956 4186 πάντες
1014 4122 1072 4179 δὲ
1130 4123 1448 4200 εἰργάσαντο
1508 4124 1598 4181 διὰ
1657 4128 1754 4196 τὴν
1812 4131 1908 4181 τοῦ
1965 4147 2050 4200 γι-

385 4213 653 4288 γνομένου
687 4216 800 4287 (54)
832 4214 1142 4269 κοινωνίαν·
1177 4213 1398 4289 γελοῖον
1435 4216 1530 4289 μὲν
1565 4215 1621 4270 ἂν
1658 4214 1739 4286 εἷή
1774 4216 1836 4270 τὸ
1866 4221 2047 4270 τοιοῦ-

382 4322 502 4366 τον,
573 4301 619 4356 εἰ
685 4303 802 4376 (55)
872 4301 962 4357 διὰ
1028 4300 1181 4373 δόξαν
1250 4300 1477 4367 ἕκαστος
1560 4305 1890 4379 εἰργάσατο·
1956 4303 2050 4359 ⁸ίνα

390 4392 465 4464 μὴ
501 4391 576 4454 ὡς
625 4388 886 4455 ἀδύνατος
944 4392 1256 4466 ὑπονοηθῇ.
1307 4390 1622 4463 Κενοδοξίαν
1675 4393 1732 4447 δὲ
1778 4395 1942 4448 πάΛιν
1993 4394 2044 4449 ἐν

384 4481 531 4542 θεοῖς
563 4478 746 4556 λέγειν
776 4485 883 4536 τῶν
938 4482 1300 4536 ἀτοπωτάτων
1348 4480 1513 4540 ἐστίν.
1565 4484 1807 4552 Ἔπειτα,
1853 4483 1897 4537 εἰ
1928 4480 2049 4538 ἕκα-

385 4589 512 4630 στος
545 4570 732 4633 ἱκανὸς
913 4571 979 4640 ἦν
1027 4572 1167 4647 πρὸς
1216 4573 1316 4640 τὴν
1363 4575 1461 4626 τοῦ⁹
1491 4571 1623 4626 ὅλου
1657 4569 2044 4647 δημιουργίαν,

384 4658 471 4722 τίς
502 4661 536 4730 ἡ
570 4660 735 4737 χρεία
761 4665 868 4716 τῶν
899 4658 1152 4733 πολλῶν,
1205 4661 1322 4722 ἑνὸς
1372 4659 1670 4736 αὐτάρκους
1721 4663 2047 4736 γιγνομένου

2166 727 2389 779 certum
2420 726 2698 783 indicium
2729 731 2836 784 est.
2870 728 3380 792 Quemadmodum
3403 725 3560 782 enim
3599 723 3648 780 si
3680 723 3814 794 quis

2167 814 2350 886 lyram
2371 832 2436 869 ex
2455 816 2654 871 multis
2668 822 2723 871 et
2736 817 2907 872 variis
2931 817 3166 873 chordis
3197 815 3586 886 compositam
3608 811 3811 885 procul

2165 903 2438 972 audierit,
2471 921 2720 976 quarum
2747 911 3092 962 concentum
3123 911 3178 962 et
3208 904 3578 961 harmoniam
3622 901 3811 958 admi-

2165 997 2343 1059 retur,
2379 995 2528 1064 quod
2566 993 2786 1049 scilicet
2817 1012 2928 1049 non
2953 995 3076 1050 sola
3103 995 3316 1066 gravis,
3350 1009 3457 1048 nec
3483 990 3609 1047 sola
3637 994 3812 1047 acuta

2165 1087 2268 1138 aut
2292 1082 2417 1138 sola
2446 1083 2641 1137 media
2671 1099 2879 1138 sonum
2905 1084 3246 1150 efﬁciat,sed
3275 1098 3478 1138 omnes
3502 1079 3627 1152 pari
3647 1078 3811 1135 velut

2164 1173 2536 1228 contentione
2565 1172 2718 1226 inter
2746 1190 2807 1227 se
2839 1177 3159 1228 consonent
3192 1189 3203 1226 :
3238 1187 3305 1227 ex
3333 1170 3426 1227 his
3457 1169 3812 1243 planeintel—

2164 1261 2295 1332 ligit
2325 1261 2509 1333 lyram
2541 1278 2656 1316 non
2690 1261 2927 1333 quidem
2975 1280 3008 1316 a
3056 1262 3249 1334 seipsa
3281 1260 3518 1328 moveri,
3553 1275 3741 1332 neque
3771 1276 3807 1316 a

2168 1350 2368 1406 multis
2400 1351 2643 1422 pulsari,
2676 1352 2774 1412 sed
2806 1368 2989 1406 unum
3020 1367 3149 1406 esse
3179 1351 3472 1406 musicum
3495 1349 3592 1420 qui
3614 1350 3814 1422 singu-

2164 1441 2352 1496 larum
2369 1440 2720 1495 chordarum
2737 1457 2946 1496 sonum
2965 1441 3037 1496 ad
3054 1441 3396 1494 concordem
3416 1443 3473 1494 et
3489 1439 3813 1511 perfectum

2164 1535 2513 1586 concentum
2566 1547 2674 1585 sua
2721 1534 2842 1586 arte
2891 1529 3311 1594 accommodet,
3345 1528 3612 1598 quamvis
3643 1526 3814 1582 illum

2165 1620 2408 1676 minime
2437 1620 2651 1675 videat.
2682 1621 2767 1676 Ita
2799 1637 2933 1675 cum
2966 1619 3025 1674 in
3059 1617 3329 1673 universo
3376 1618 3599 1672 mundo
3631 1632 3812 1690 quam

2164 1709 2510 1782 aptissimus
2543 1710 2618 1764 sit
2648 1711 2810 1779 ordo,
2843 1724 3033 1780 neque
3066 1706 3369 1780 superiora
3398 1707 3675 1762 adversus
3721 1707 3813 1761 in-

2164 1798 2486 1866 feriora,vel
2519 1799 2795 1855 inferiora
2817 1800 3097 1854 adversus
3128 1797 3435 1868 superiora
3464 1794 3810 1864 dissideant,

2163 1889 2263 1942 sed
2315 1905 2499 1944 unum
2551 1889 2817 1944 ordinem
2878 1888 3075 1944 omnia
3123 1887 3406 1957 efﬁciant,
3444 1901 3816 1958 consequens

2162 1993 2304 2032 sane
2335 1977 2512 2033 fuerit
2539 1982 2606 2033 ut
2633 1994 2749 2033 non
2781 1978 2998 2033 multos
3020 1977 3121 2032 sed
3152 1993 3338 2032 unum
3367 1975 3551 2032 totius
3580 1974 3814 2033 univer-

2161 2065 2212 2121 si
2242 2066 2652 2139 imperatorem
2686 2070 2742 2122 et
2773 2066 3219 2135 moderatorem,
3245 2065 3346 2137 qui
3375 2064 3577 2120 omnia
3601 2079 3708 2120 suo
3729 2063 3819 2120 lu-

2161 2154 2319 2211 mine
2349 2155 2651 2211 collustret
2679 2160 2738 2210 et
2767 2161 3016 2223 moveat,
3047 2171 3176 2211 esse
3204 2153 3624 2227 intelligamus.

2231 2244 2320 2298 39.
2353 2245 2466 2300 Nec
2497 2245 2653 2300 enim
2684 2245 3015 2317 putandum
3048 2249 3137 2300 est
3168 2243 3386 2300 multos
3417 2259 3547 2300 esse
3591 2246 3816 2298 naturas

2159 2337 2411 2389 rectores
2441 2339 2498 2389 et
2526 2335 2969 2390 eﬁectoreszsed
2995 2349 3180 2389 unum
3212 2332 3370 2387 illius
3401 2332 3668 2405 opiﬁcem
3691 2349 3818 2388 cre-

2159 2423 2315 2489 dere,
2347 2439 2638 2495 germanas
2684 2424 2916 2496 pietatis
2960 2427 3017 2479 et
3045 2422 3306 2479 veritatis
3353 2426 3459 2492 est,
3502 2422 3678 2492 idque
3723 2421 3816 2478 vel

2158 2511 2289 2584 ipsa
2319 2517 2528 2568 natura
2557 2518 2752 2585 aperte
2783 2511 3366 2584 declarat.Siquidem
3398 2510 3815 2566 ﬁrmissimum

2160 2601 2305 2657 illud
2321 2608 2736 2674 argumentum
2756 2607 2845 2659 est
2858 2619 3041 2658 unum
3066 2601 3324 2657 universi
3338 2617 3467 2657 esse
3481 2604 3802 2668 auctorem,

2160 2693 2316 2763 quod
2338 2692 2560 2748 scilicet
2577 2711 2691 2748 non
2711 2692 2878 2748 multi
2899 2694 3000 2748 sed
3028 2709 3181 2748 unus
3205 2692 3281 2747 sit
3304 2690 3736 2747 mundus.Nam
3759 2690 3813 2746 si

2160 2781 2336 2836 multi
2365 2786 2563 2837 essent
2591 2782 2693 2851 dii,
2725 2783 2941 2838 multos
2988 2786 3045 2838 et
3092 2782 3351 2838 diversos
3395 2781 3651 2837 mundos
3680 2795 3812 2837 esse

2159 2871 2671 2943 oporteret.Neque
2692 2872 2848 2926 enim
2881 2873 3046 2927 decet
3073 2870 3160 2927 vel
3188 2871 3404 2927 multos
3427 2887 3612 2927 unum
3635 2887 3808 2925 mun-

2160 2960 2300 3014 dum
2338 2965 2697 3027 construere,
2720 2961 2807 3015 vel
2840 2978 3025 3016 unum
3060 2978 3093 3016 a
3122 2960 3326 3017 multis
3350 2959 3807 3017 aediﬁcarizhinc

2157 3050 2314 3105 enim
2347 3067 2461 3106 non
2495 3067 2680 3122 pauca
2717 3051 2974 3106 absurda
3004 3054 3410 3123 sequerentur.
3443 3049 3708 3105 Primum
3755 3049 3808 3105 si

2158 3155 2313 3194 unus
2341 3141 2600 3195 mundus
2630 3158 2663 3194 ιι
2694 3139 2898 3195 multis
2945 3140 3133 3195 factus
3180 3142 3354 3204 esset,
3387 3138 3446 3193 id
3497 3143 3808 3194 auctorum

2156 3227 2616 3284 imbecillitatem
2650 3232 3145 3301 argueret,utpote
3177 3245 3310 3284 cum
3336 3245 3370 3283 a
3390 3227 3593 3284 multis
3619 3244 3808 3285 unum

2158 3333 2304 3387 opus
2336 3318 2545 3374 fuisset
2574 3319 2900 3374 confectum
2935 3337 2948 3374 :
2981 3335 3086 3374 nec
3114 3317 3238 3373 leve
3275 3317 3533 3390 profecto
3564 3317 3622 3372 id
3653 3321 3811 3374 esset

2160 3406 2394 3478 signum
2414 3408 2766 3480 imperfectae
2785 3407 3152 3479 singulorum
3171 3409 3242 3463 ad
3260 3407 3594 3462 faciendum
3617 3406 3808 3463 scien—

2160 3498 2276 3552 tiae.
2309 3496 2616 3552 Enimvero
2649 3496 2698 3552 si
2729 3514 2884 3552 unus
2915 3495 3263 3563 sufﬁciebat,
3314 3512 3431 3550 non
3475 3494 3644 3552 mulli
3673 3511 3813 3552 mu-

2159 3589 2322 3641 tuam
2357 3586 2617 3659 in0piam
2649 3586 2964 3657 explerent.
2996 3585 3170 3658 Atqui
3205 3585 3264 3641 in
3296 3591 3410 3641 Deo
3437 3583 3658 3656 aliquid
3708 3585 3810 3641 de-

2161 3692 2433 3744 esse,non
2465 3675 2656 3731 solum
2687 3677 2848 3731 dictu
2876 3675 3124 3747 impium
3155 3679 3263 3742 est,
3287 3675 3389 3731 sed
3421 3690 3595 3730 omne
3643 3675 3808 3731 nefas

2161 3765 2653 3837 superat.Quippe
2679 3782 2784 3822 nec
2805 3766 2981 3821 etiam
3014 3765 3166 3821 inter
3195 3764 3466 3820 homines
3488 3764 3812 3837 perfectum

2161 3855 2442 3910 artiﬁcem
2492 3855 2595 3910 sed
2645 3855 2996 3910 imbecillem
3022 3854 3532 3928 appellaverimus,
3565 3855 3665 3926 qui
3693 3870 3812 3910 non

2161 3945 2321 3999 solus
2353 3945 2454 4000 sed
2486 3961 2621 3999 cum
2654 3944 2856 4000 multis
2888 3961 3074 4019 unum
3106 3961 3255 4017 opus
3286 3943 3619 4000 absolverit.
3645 3943 3811 4009 Quod

2161 4033 2210 4088 si
2241 4032 2506 4105 singulos
2537 4035 2830 4090 mundum
2862 4035 3204 4089 universum
3238 4034 3484 4090 condere
3525 4033 3811 4105 potuisse,

2161 4125 2264 4179 sed
2295 4139 2499 4179 omnes
2530 4127 2766 4196 propter
2795 4123 2988 4193 operis
3018 4124 3520 4193 communitatem,
3540 4126 3810 4178 mutuam

2160 4230 2397 4285 operam
2431 4213 2750 4270 contulisse
2782 4213 3036 4269 dicatur:
3054 4212 3201 4268 illud
3225 4228 3366 4270 sane
3386 4211 3809 4284 perridiculum

2160 4303 2353 4371 fuerit,
2387 4308 2436 4358 si
2463 4302 2658 4376 glorize
2686 4303 3090 4375 comparanda:
3118 4319 3297 4358 causa
3326 4299 3542 4374 singuli
3572 4300 3810 4356 labora-

2157 4393 2368 4459 verint,
2392 4410 2464 4449 ne
2485 4395 2580 4448 31
2608 4393 2828 4448 scilicet
2857 4393 2992 4464 quis
3021 4408 3224 4448 eorum
3256 4391 3548 4463 impotens
3577 4393 3634 4444 et
3651 4389 3812 4445 inﬁr-

2159 4499 2293 4538 mus
2326 4483 2905 4538 haberetur.lnanem
2931 4481 3088 4537 enim
3112 4485 3169 4538 et
3186 4497 3397 4536 vanam
3421 4477 3669 4552 gloriam
3693 4477 3808 4533 diis

2160 4572 2450 4628 ascribere
2463 4571 2692 4628 nonnisi
2708 4571 3138 4642 perabsurdum
3151 4569 3331 4625 videri
3350 4566 3806 4641 potest.Deinde,

2159 4662 2208 4718 si
2243 4661 2460 4734 singuli
2483 4663 2555 4717 ad
2583 4660 2839 4716 universi
2862 4659 3215 4715 creationem
3237 4657 3432 4714 idonei
3453 4661 3640 4727 erant,
3664 4655 3807 4728 quid

387 4749 527 4824 πρὸς
555 4750 617 4804 τὸ
645 4755 786 4819 πᾶν;
821 4747 1008 4813 ἄλλως
1040 4771 1100 4805 τε
1129 4745 1315 4813 ἀσεϐὲς
1362 4753 1453 4806 καὶ
1503 4749 1700 4806 ἄτοπον
1737 4753 1796 4806 ἂν
1830 4751 2046 4829 φανείη,

2165 4750 2362 4808 multis
2376 4769 2524 4823 opus
2543 4751 2812 4818 fuit,cum
2830 4767 2988 4805 unus
3009 4750 3079 4805 ad
3095 4749 3294 4805 omnia
3313 4746 3636 4804 sufﬁceret?
3651 4747 3809 4818 quod

389 4838 436 4892 εἰ
465 4839 528 4892 τὸ
560 4839 654 4913 μὲν
685 4838 818 4910 ποίη
832 4860 906 4912 μα
951 4838 1007 4895 ἓν
1036 4841 1320 4916 τυγχάνει,
1373 4841 1425 4895 οἱ
1457 4838 1516 4895 δὲ
1561 4843 1885 4912 ποιήσαντες
1930 4838 2045 4896 διά-

388 4947 548 5004 φοροι
580 4929 672 4983 καὶ
699 4925 930 5001 πολλοὶ,
967 4927 1140 5005 λόγου
1169 4924 1327 4992 ὄντος
1373 4935 1600 5009 φυσικοῦ
1643 4931 1704 4984 τὸ
1734 4930 1787 4985 ἓν
1838 4930 1927 4985 καὶ
1957 4932 2044 4986 τὲ-

387 5015 538 5072 λειον
591 5023 701 5074 τῶν
758 5015 1030 5097 διαφόρων
1089 5024 1333 5093 κρεῖττον
1391 5020 1544 5076 εἶναι.
1602 5021 1701 5075 Καὶ
1769 5026 1930 5076 τοῦτο
1989 5019 2047 5076 δὲ

388 5106 582 5177 ἰστέον,
617 5106 724 5181 ὅτι,
758 5107 805 5161 εί
837 5107 940 5162 ὑπὸ
983 5105 1210 5162 πολλῶν
1243 5110 1272 5164 ὁ
1301 5108 1507 5183 κόσμος
1553 5110 1812 5186 ἐγεγόνει,
1858 5109 2045 5189 διαφό-

386 5235 572 5361 δᾶξῗο)
601 5239 839 5308 Seguer.
890 5234 1121 5292 Gobler.
1173 5239 1231 5291 et
1278 5235 1532 5293 Felckm.
1583 5238 1612 5290 1
1667 5253 1864 5308 anon,
1907 5255 2044 5310 χορ-

421 5326 576 5451 ω(51)
605 5378 697 5453 Sic
727 5377 1093 5453 S_eguer.Alii_
1121 5395 1263 5453 cum
1293 5377 1686 5453 edjtisiudvov.
1708 5379 1884 5436 Paulo
1907 5385 2048 5453 (post

386 5446 492 5544 pro
518 5446 672 5544 μηδὲ
705 5446 870 5544 pagg,
903 5451 962 5507 in
994 5450 1224 5508 Gobler.
1256 5455 1314 5507 et
1344 5446 1596 5507 Felckm.
1633 5453 1657 5506 1
1694 5469 1867 5508 anon.
1901 5446 2045 5525 legi-

389 5528 490 5579 tur
518 5527 752 5579 tantum
782 5527 842 5590 ἥ.

462 5595 578 5667 (52)
603 5599 714 5664 Τῆς
744 5596 910 5651 abest
935 5611 966 5650 a
994 5592 1352 5667 BasiILIbid.
1375 5593 1442 5647 τά
1464 5598 1598 5650 ante
1627 5595 1800 5649 πάντα
1831 5595 2050 5653 habent

391 5665 634 5750 seguer.
680 5666 1059 5750 Angl._Gobl.
1093 5670 1150 5722 et
1179 5665 1432 5722 Felckm.
1472 5667 1497 5720 1
1535 5684 1708 5723 anon.
1760 5667 1871 5722 Alii
1911 5685 2046 5725 cum

393 5738 568 5795 editis
603 5738 903 5795 omittunt.

467 5811 562 5879 (53
612 5808 683 5863 Τό
713 5815 848 5867 ante
878 5806 1034 5884 ἔργον
1066 5810 1287 5866 habent
1313 5814 1382 5865 Se
1427 5827 1550 5866 uer.
1581 5809 2044 5882 Anglic.Gob1er.

483 5812 678 5941 Feick.
712 5883 740 5941 1
774 5898 949 5941 anon.
983 5883 1094 5941 Sed
1125 5881 1224 5941 alii
1253 5825 1480 5941 σιειιῇῐὶ
1509 5883 1812 5941 omittunt.

395 5881 678 5956 et_Felck.
712 5883 740 5942 1
774 5881 1094 5958 anon.;Sed
1125 5881 1812 5958 alii-et,editi_omittunt.

2160 4842 2397 4914 quidem
2422 4840 2713 4913 praecipue
2735 4840 2985 4912 impium
3007 4843 3064 4895 et
3089 4839 3412 4894 absurdum
3435 4835 3809 4904 videbitur,si

2156 4947 2306 5003 opus
2339 4949 2524 4986 unum
2556 4930 2751 4997 fuerit,
2785 4934 3051 4986 auctores
3089 4932 3289 4985 autem
3330 4926 3475 4984 varii
3503 4930 3562 4983 et
3590 4925 3804 4994 multi;

2156 5021 2372 5093 quippe
2403 5037 2537 5076 cum
2585 5020 2731 5076 ratio
2764 5019 3049 5075 naturalis
3080 5019 3283 5074 doceat
3309 5033 3497 5072 unum
3528 5020 3588 5072 et
3616 5015 3806 5087 perfe-

2156 5115 2315 5166 ctum
2348 5109 2595 5167 diversis
2625 5109 2881 5166 multum
2903 5108 3268 5182 praestareJd
3299 5107 3476 5164 etiam
3507 5103 3804 5162 silendum

2227 5237 2339 5309 (54)
2372 5235 2602 5293 Gobler.
2636 5235 2890 5293 Felckm.
2926 5237 2950 5290 1
2985 5251 3157 5291 anon.
3191 5236 3248 5289 et
3277 5230 3529 5304 Anglic,
3578 5229 3807 5305 γενομὲ-

2153 5327 2274 5364 νου.

2227 5380 2337 5451 (55)
2368 5379 2724 5435 Particulam
2758 5375 2814 5432 δέ
2846 5379 2984 5434 editi
3017 5378 3112 5433 hic
3141 5374 3810 5451 habebant,_quaa_abest

2157 5469 2191 5506 a
2234 5446 2481 5524 'Seguer.
2533 5451 2764 5524 Gobler.
2815 5451 3040 5524 Anglic.
3095 5448 3266 5524 Basil:
3321 5446 3574 5524 Felckm.
3609 5446 3637 5502 1
3668 5449 3727 5524 et
3769 5446 3809 5524 _2

2156 5516 2470 5606 anonrnec
2502 5540 2630 5579 eam
2661 5523 2801 5606 legit
2831 5516 3216 5606 Omnibonus.
3244 5522 3310 5606 In
3336 5519 3468 5606 aliis
3490 5516 3808 5606 ‘mss.‘1‘egi-

2157 5600 2273 5678 tur,
2307 5591 2553 5678 eamque
2585 5589 2917 5678 caprimunt
2968 5593 3236 5647 Ambros.
3272 5589 3532 5678 Gamald.
3565 5594 3623 5646 et
3649 5589 3806 5646 Nan-

2158 5669 2311 5724 nius.
2345 5667 2680 5722 Sed’omitti
2714 5667 3014 5735 deberegex
3047 5680 3220 5735 sensu
3252 5667 3429 5735 patet.

2231 5741 2343 5811 (56)
2376 5739 2677 5811 Felckm.3
2708 5755 2904 5806 anon.,
2930 5733 3171 5811 δυνατός.
3211 5733 3386 5792 Paulo
3415 5737 3549 5807 post
3568 5733 3803 5806 Seguor.

2159 5809 2438 5887 αὐτάρκως
2471 5828 2574 5883 pro
2607 5810 2903 5887 αὐτάρκους
2933 5809 3126 5866 habet.
