4160 6382
350 450 433 519 79

886 447 957 514 S.
1004 445 1432 515 ATHANASII
1476 450 1653 513 OPP.
1697 448 1903 513 PARS
1947 446 1997 511 Ι.
2029 478 2109 493 -
2138 446 2564 512 HISTORIGA
2604 448 2702 513 ET
2741 438 3231 512 DOGMATIGK.

3695 446 3780 517 Θθ

355 600 474 664 non
503 585 614 652 est,
645 581 699 642 si
724 602 758 643 a
787 584 991 642 multis
1020 585 1209 642 factus
1240 590 1329 641 est
1358 585 1638 649 mundus,
1662 584 1920 640 diversos
1951 587 2007 638 et

2153 601 2246 642 ους
2278 583 2390 655 (57)
2422 580 2539 656 εἶχε
2568 580 2657 635 καὶ
2687 580 2782 644 τὰς
2811 581 2933 651 κινῆ
2944 598 3054 643 σεις
3102 580 3193 637 καὶ
3236 575 3534 654 ἀνομοίους
3578 576 3776 656 ἐαυτῷ.

355 674 471 737 sibi
503 674 617 749 ipsi
651 674 970 733 dissimiles
1003 678 1197 733 motus
1226 675 1524 732 habuisse.
1556 676 1704 731 Nam
1737 673 1857 730 ﬁeri
1895 689 2008 730 non

356 763 551 841 potuit
582 764 723 838 quin
757 765 828 822 ad
858 765 1125 837 singulos
1157 769 1423 821 auctores
1453 763 1772 836 respiciens
1818 762 2011 819 varios

359 862 558 917 motus
587 853 875 911 habuerit.
910 855 974 909 In
1007 853 1107 910 illa
1136 860 1334 911 autem
1372 854 1671 921 varietate,
1723 858 1789 908 ut
1832 868 2015 924 supra

356 944 583 1015 dictum
613 947 724 1014 est,
756 941 986 1000 nullum
1019 960 1226 999 rursus
1270 944 1411 999 ordo
1444 943 1502 999 in
1536 943 1757 999 mundo
1796 939 2013 998 servari

360 1036 581 1108 posset,
630 1032 732 1091 sed
782 1033 1026 1090 confusa
1073 1036 1131 1089 et
1180 1033 1518 1105 perturbata
1555 1032 1753 1088 omnia
1801 1030 2013 1086 forent.

354 1121 507 1185 Nam
538 1137 644 1178 nec
665 1120 830 1179 navis
856 1139 892 1178 a
920 1120 1124 1179 multis
1151 1122 1477 1196 gubernata
1499 1126 1656 1177 recto
1679 1138 1856 1177 cursu
1879 1120 2014 1177 ferri

358 1210 704 1289 potest,nisi
735 1212 865 1281 ejus
894 1209 1126 1268 clavum
1160 1228 1316 1268 unus
1347 1212 1705 1284 gubernator
1725 1210 2013 1267 tenuerit:

364 1317 471 1361 nec
488 1300 613 1375 lyra
632 1317 666 1357 a
690 1300 895 1358 multis
918 1299 1156 1374 pulsata
1184 1301 1506 1374 perfectum
1529 1305 1878 1357 concentum
1901 1300 2021 1357 efﬂ-

365 1390 499 1456 ciet,
532 1388 647 1447 nisi
676 1389 939 1448 musicus
961 1407 1118 1447 unus
1139 1407 1268 1447 eam
1292 1390 1861 1463 percusserit.Quare
1883 1406 2018 1446 cum

366 1497 487 1537 una
503 1480 582 1537 sit
602 1484 796 1537 creata
818 1483 1110 1549 natura,et
1131 1481 1389 1537 mundus
1413 1497 1568 1536 unus
1590 1497 1655 1535 ac
1678 1496 1836 1536 unus
1860 1478 2021 1536 illius

368 1569 512 1627 ordo
545 1584 558 1624 :
593 1585 776 1625 unum
808 1585 1043 1643 quoque
1074 1571 1202 1640 ejus
1234 1574 1513 1626 rectorem
1537 1573 1597 1625 et
1617 1568 1885 1641 opiﬁcem
1908 1566 2022 1625 Do-

350 1658 600 1727 _minum
632 1675 761 1717 esse
788 1657 1236 1731 intelligendum
1277 1664 1384 1715 est.
1416 1659 1716 1732 Siquidem
1748 1676 1816 1715 ea
1844 1658 2020 1715 etiam

370 1748 443 1806 de
486 1763 667 1805 causa
713 1748 839 1821 ipse
887 1748 1078 1822 opifex
1125 1747 1464 1805 universum
1513 1749 1805 1805 mundum
1838 1764 2023 1820 unum

369 1836 602 1910 fecit,ut
623 1854 693 1895 ne
728 1836 931 1895 multis
960 1837 1313 1894 constructis
1339 1838 1508 1894 multi
1530 1855 1764 1911 quoque
1786 1838 2025 1911 Opiﬁces

362 1930 737 2005 putarentur,
771 1927 872 1984 sed
905 1931 971 1984 ut
999 1942 1171 2000 opere
1200 1944 1318 1983 uno
1350 1927 1653 1995 existente,
1687 1944 1843 1983 unus
1880 1944 2024 2000 quo-

372 2031 488 2091 que
515 2017 646 2091 ejus
697 2020 902 2073 auctor
951 2032 1081 2074 esse
1134 2017 1485 2075 crederetur.
1518 2017 1633 2073 Nec
1663 2020 1860 2073 tamen
1891 2016 2033 2090 quia

372 2122 529 2162 unus
558 2108 647 2171 est
674 2106 935 2179 eti'ector,
966 2123 1122 2165 unus
1153 2122 1382 2180 quoque
1430 2110 1519 2164 est
1567 2108 1848 2163 mundus.
1881 2107 2029 2166 Nam

371 2193 519 2271 alios
549 2194 727 2267 etiam
759 2196 1015 2255 mundos
1037 2196 1191 2253 Deus
1216 2195 1484 2252 fabricari
1509 2196 1873 2270 poterat.Sed
1893 2196 2033 2269 quia

372 2301 530 2343 unus
560 2289 650 2343 est
678 2286 937 2343 mundus
967 2284 1071 2359 qui
1117 2289 1349 2341 creatus
1379 2290 1488 2352 est,
1522 2287 1650 2358 ejus
1681 2302 1914 2358 quoque
1947 2286 2032 2342 fa-

377 2373 731 2447 bricatorem
762 2392 947 2432 unum
980 2391 1107 2432 esse
1137 2375 1371 2431 credere
1404 2391 1640 2431 necesse
1670 2379 1777 2431 est.

452 2463 764 2522 40.Verum
783 2465 1059 2539 quisnam
1077 2465 1313 2521 tandem
1328 2464 1422 2520 ille
1436 2464 1563 2522 est?
1584 2465 1645 2519 1d
1665 2465 1821 2521 enim
1845 2465 1901 2520 in
1922 2464 2035 2538 pri-

380 2554 496 2629 mis
518 2553 813 2615 declarare
833 2557 890 2610 et
910 2554 1101 2611 dicere
1122 2571 1298 2628 opera
1317 2555 1572 2629 pretium
1597 2554 1791 2623 fuerit,
1810 2570 1879 2610 ne
1902 2553 2034 2626 quis

378 2642 563 2717 huius
591 2642 956 2717 ignoratione
980 2644 1283 2712 seductus,
1314 2644 1499 2701 alium
1524 2660 1653 2700 esse
1679 2643 2032 2716 suspicetur,

377 2736 438 2790 et
456 2732 517 2788 in
541 2733 811 2791 eamdem
833 2733 1025 2789 denuo
1047 2732 1618 2806 impietatem,quam
1640 2750 1821 2806 supra
1840 2749 2034 2806 repre-

377 2820 1053 2889 hendimus,delabatur.
1079 2821 1348 2878 Arbitror
1378 2826 1574 2879 autem
1608 2822 1905 2879 neminem
1927 2821 2036 2878 hac

379 2910 453 2977 _de
473 2927 534 2968 re
551 2911 681 2983 jam
713 2909 1267 2985 ambigere.Etenim
1290 2911 1340 2967 si
1363 2928 1511 2983 quos
1543 2916 1722 2984 poetae
1746 2912 1885 2967 deos
1907 2927 2036 2967 esse

378 2998 606 3070 dicunt,
635 3016 751 3059 non
783 3015 914 3057 esse
943 3001 1081 3057 deos
1113 3005 1313 3057 nostra
1344 3000 1605 3058 oratione
1637 3000 2032 3073 probavimus,

282 3126 291 3131 ι
380 3088 863 3160 ostendimusque
892 3087 1025 3145 illos
1058 3105 1251 3145 errare
1283 3089 1381 3161 qui
1413 3106 1536 3146 rem
1568 3095 1820 3146 creatam
1860 3090 2036 3147 deum

378 3177 1013 3251 faciunt,etuniversim
1030 3178 1296 3253 gentium
1314 3178 2037 3251 idololatriam,summam

379 3256 746 3343 impietatem
782 3284 911 3325 esse
942 3268 1302 3325 convicimus
1334 3286 1347 3324 :
1381 3268 1494 3325 diis
1526 3267 1644 3325 illis
1668 3268 2040 3337 sublatis,ne-

2120 672 2264 744 Πρὸς
2291 667 2513 726 ἕκαστον
2560 670 2663 745 γὰρ
2707 674 2813 725 τῶν
2860 670 3204 740 ποιησάντων
3251 665 3608 742 ἀποϐλέπων,
3660 669 3778 731 δια·

2122 759 2325 838 φόρους
2352 760 2470 837 εἶχε
2523 760 2613 814 καὶ
2666 760 2763 822 τὰς
2819 761 3080 831 κινήσεις.
3302 761 3389 818 Ἐν
3445 758 3505 817 δὲ
3549 765 3620 838 τῇ
3667 760 3782 819 δια-

2123 854 2283 928 φορᾷ,
2331 850 2567 925 καθάπερ
2618 846 2830 925 εἷ’ρηται
2876 849 3162 925 πρότερον,
3212 848 3377 906 πάλιν
3423 854 3489 922 ἦν
3542 851 3782 926 ἀκοσμία

2122 937 2338 993 καὶτοῦ
2386 940 2582 1001 παντὸς
2634 937 2837 1009 ἀταξία·
2890 936 3079 1009 ἐπειδὴ
3132 937 3259 996 οὐδὲ
3307 945 3433 1004 ναῦς
3482 942 3587 999 ὑπὸ
3638 939 3780 1000 πολ-

2124 1023 2237 1082 λῶν
2285 1021 2669 1102 κυϐερνωμένη
2710 1029 2825 1084 κατ’
2877 1027 3035 1103 ὀρθὰν
3085 1027 3422 1103 πλευσεῖται,
3468 1031 3515 1093 εί
3567 1034 3645 1106 μή
3702 1033 3784 1095 εἷς

2125 1115 2329 1187 ταύτης
2358 1116 2485 1180 τοὺς
2535 1115 2727 1181 οἷάκας
2774 1119 3000 1192 κρατοίη
3054 1114 3416 1196 κυϐερνήτης·
3467 1119 3593 1178 οὐδὲ
3641 1119 3786 1197 λύρα

2132 1206 2233 1263 ὑπὸ
2289 1204 2518 1262 πολλῶν
2586 1209 2896 1285 κρουομένη
2966 1207 3260 1288 σύμφωνον
3319 1209 3635 1271 ἀποτελέσει
3689 1212 3781 1277 τὸν

2129 1298 2295 1372 ἦχον,
2323 1296 2369 1352 εί
2403 1298 2480 1371 μή
2514 1296 2590 1360 εἷς
2622 1296 2649 1352 ὀ
2680 1297 2880 1369 ταύτην
2930 1301 3189 1370 πληττων
3223 1297 3306 1371 εἴη
3339 1301 3621 1377 τεχνίτης.
3648 1301 3788 1358 Οὐκ-

2130 1389 2221 1441 οὖν
2251 1392 2377 1459 μιᾶς
2432 1382 2597 1458 οὔσης
2628 1394 2730 1457 τῆς
2756 1388 3004 1461 κτίσεως,
3036 1389 3126 1444 καὶ
3175 1390 3292 1453 ἐνὸς
3351 1385 3503 1456 ὄντος
3550 1391 3788 1465 κόσμου,

2128 1475 2219 1531 ναὶ
2274 1482 2400 1549 μιᾶς
2446 1482 2548 1546 τῆς
2594 1475 2795 1532 τούτου
2841 1476 3063 1550 τάξεως,
3112 1474 3205 1535 ἕνα
3253 1477 3335 1535 δεῖ
3378 1486 3516 1536 νοεῖν
3554 1482 3670 1555 (59)
3698 1482 3791 1541 καὶ

2129 1567 2220 1621 τὸν
2271 1565 2474 1635 ταύτης
2537 1563 2766 1641 βασιλέα
2833 1566 2923 1621 καὶ
2983 1564 3323 1643 δημιουργὸν
3387 1568 3584 1646 Κύριον
3618 1615 3633 1628 .
3694 1572 3795 1635 Διά

2130 1659 2291 1710 τοῦτο
2324 1656 2426 1730 γὰρ
2475 1656 2565 1711 καὶ
2616 1656 2776 1718 αὐτὸς
2808 1657 2836 1712 6
2868 1654 2933 1728 δη
2946 1655 3210 1735 μιουργὸς
3257 1654 3349 1715 ἕνα
3374 1660 3465 1715 τὸν
3507 1659 3795 1736 σύμπαντα

2133 1744 2337 1818 κόσμον
2368 1744 2688 1817 πεποίηκεν,
2730 1744 2820 1802 ’ίνα
2869 1748 2944 1820 μὴ
2994 1752 3063 1821 τῇ
3109 1752 3214 1802 τῶν
3264 1746 3493 1807 πολλῶν
3546 1752 3795 1815 συστάσει

2134 1832 2341 1890 πολλοὶ
2372 1835 2463 1891 καὶ
2494 1836 2550 1889 οἰ
2584 1832 2916 1912 δημιουργοὶ
2946 1836 3283 1908 νομίζοιντο,
3313 1835 3443 1894 ἀλλ’
3471 1836 3591 1904 ἒνδς
3638 1836 3795 1904 ὄντος

2134 1929 2231 1980 τοῦ
2263 1927 2598 1997 ποιήματος,
2643 1926 2718 1988 εἷς
2750 1926 2839 1983 καὶ
2866 1926 2895 1981 6
2924 1925 3121 1982 τούτου
3167 1929 3409 1999 ποιητὴς
3451 1928 3795 2000 πιστεύηται.

2143 2014 2242 2070 Καὶ
2276 2013 2384 2090 οὐχ
2430 2014 2515 2069 ὅτι
2566 2016 2642 2077 εἷς
2689 2014 2827 2069 ἐστιν
2878 2016 2907 2069 ὁ
2954 2012 3315 2091 δημιουργὸς,
3357 2014 3447 2071 διὰ
3491 2021 3653 2073 τοῦτο
3701 2018 3795 2073 καὶ

2142 2104 2219 2167 εἷς
2254 2102 2393 2159 ἐστιν
2427 2104 2455 2159 6
2485 2103 2711 2177 κόσμος
2764 2101 3001 2174 ἠδύνατο
3045 2106 3149 2180 γάρ
3181 2105 3271 2161 καὶ
3318 2102 3521 2169 ἄλλους
3550 2104 3795 2180 κόσμους

2139 2201 2369 2264 ποιῆσαι
2403 2194 2431 2249 6
2462 2194 2612 2257 Θεός.
2670 2192 2829 2250 Ἀλλ’
2876 2193 2959 2250 ὅτι
3010 2196 3086 2258 εἷς
3118 2193 3259 2252 ἐστιν
3291 2196 3320 2252 6
3350 2195 3554 2270 κόσμος
3582 2198 3610 2252 6
3639 2195 3793 2271 γενό-

2146 2304 2337 2357 μενος,
2392 2281 2600 2360 ἀνάγκη
2649 2283 2739 2339 καὶ
2785 2284 2877 2338 τὸν
2926 2283 3123 2341 τούτου
3171 2282 3511 2362 δημιουργὸν
3559 2282 3654 2342 ’ἐνα
3700 2307 3796 2344 πι-

2144 2369 2345 2426 στεύειν
2380 2370 2537 2428 εἶναι.

2215 2462 2301 2517 40.
2336 2460 2428 2523 Τίς
2459 2458 2548 2516 οὗν
2584 2463 2692 2535 (60)
2721 2460 2779 2517 ἂν
2811 2458 2893 2532 εἴη
2930 2461 3088 2527 οὗτος
3123 2481 3137 2533 ;
3172 2462 3272 2519 Καὶ
3300 2468 3463 2521 τοῦτο
3501 2466 3607 2541 γὰρ
3637 2465 3804 2541 ἀναγ-

2143 2554 2295 2605 καῖον
2332 2547 2569 2623 μάλιστα
2612 2547 2859 2621 δηλῶσαι
2904 2551 2996 2606 καὶ
3046 2549 3245 2628 λέγειν,
3292 2551 3388 2609 ’ἱνα
3434 2554 3539 2626 μή,
3578 2558 3648 2628 τῇ
3677 2555 3804 2629 περὶ

2143 2643 2339 2699 τοῦτον
2393 2642 2505 2714 (61)
2556 2639 2749 2715 ἀγνοίᾳ
2795 2637 3090 2709 πλανηθείς
3140 2661 3244 2711 τις,
3293 2638 3475 2718 ’ἕτερον
3527 2637 3801 2717 ὑπολάϐῃ,

2144 2728 2235 2784 καὶ
2268 2727 2344 2791 εἰς
2370 2730 2470 2798 τήν
2517 2727 2683 2800 αὐτὴν
2734 2727 2899 2786 πάλιν
2944 2735 3060 2801 τοῖς
3108 2729 3370 2807 πρότερον
3407 2729 3673 2801 ἀθεότητα
3702 2730 3803 2806 ἐμ.-

2145 2818 2300 2892 πέση.
2354 2819 2581 2892 Νομίζω
2629 2815 2687 2874 δὲ
2741 2817 2950 2894 μηδένα
2995 2820 3119 2894 περὶ
3166 2819 3365 2876 τούτου
3407 2821 3511 2891 τήν
3562 2817 3804 2881 διάνοιαν

2148 2902 2459 2987 ἀμφίϐολον
2495 2906 2664 2985 ἔχειν.
2714 2908 2779 2966 Ei‘
2828 2910 2932 2986 γὰρ
2982 2907 3049 2980 δὴ
3079 2909 3205 2973 τοὺς
3246 2912 3395 2988 παρά
3421 2915 3679 2983 ποιηταῖς
3712 2909 3804 2971 λε-

2146 2998 2420 3072 γομένους
2468 2997 2621 3062 θεοὺς
2672 2998 2772 3055 οὐκ
2820 2998 2954 3055 εἶναι
3004 2998 3158 3063 θεοὺς
3202 3000 3231 3055 6
3262 2998 3431 3078 λόγος
3484 2996 3670 3074 ἔδειξε,
3715 3001 3807 3059 καὶ

2145 3086 2273 3150 τοὺς
2330 3089 2430 3157 τὴν
2485 3086 2656 3144 κτίσιν
2711 3090 3096 3153 θευποιοῦντας
3151 3088 3351 3166 ἤλεγξε
3392 3088 3809 3165 πλανωμένους,

2146 3178 2236 3233 καὶ
2267 3175 2508 3234 καθόλου
2538 3179 2637 3248 τὴν
2668 3182 2775 3236 τῶν
2817 3176 2980 3235 ἐθνῶν
3036 3175 3493 3255 εἶδωλολατρείαν
3545 3179 3812 3251 ἀθεότητα

2148 3267 2239 3322 καὶ
2291 3263 2535 3323 ἀσέϐειαν
2593 3264 2754 3324 οὖσαν
2831 3265 3102 3341 ἀπέδειξεν
3141 3287 3154 3301 ’
3217 3270 3423 3347 ἀνάγκη
3484 3275 3631 3337 πᾶσα
3683 3267 3811 3329 τού·

380 3373 543 3421 casse
571 3362 660 3416 est
685 3358 927 3415 omnino
958 3359 1115 3432 apud
1148 3375 1254 3414 nos
1283 3362 1516 3415 tantum
1548 3358 1706 3431 piam
1736 3375 1865 3416 esse
1911 3357 2031 3416 reli-

2149 3378 2257 3413 των
2291 3357 2721 3432 ἀναιρουμένων,
2755 3355 2947 3415 λοιπὸν
2998 3358 3125 3434 παρ’
3165 3360 3301 3433 ἡμῖν
3332 3345 3489 3415 εἶναι
3528 3360 3628 3430 τήν
3660 3358 3809 3419 εὗσε-

378 3446 633 3525 εἱοηθω,
666 3446 954 3521 illumque
1000 3464 1177 3520 quem
1223 3447 1470 3503 colimus
1521 3453 1578 3503 et
1623 3448 2037 3520 prmdicamus,

380 3535 573 3597 solum
603 3553 808 3595 verum
841 3542 1021 3594 Deum
1047 3536 1305 3610 esse,qui
1332 3537 1487 3594 idem
1514 3541 1570 3593 et
1590 3554 1786 3594 rerum
1811 3542 2038 3595 creata-

381 3642 516 3703 rum
540 3625 819 3687 dominus
850 3630 907 3687 et
936 3626 1116 3683 totius
1148 3631 1371 3683 naturae
1404 3627 1594 3699 opifex
1624 3627 1870 3693 sit.Quis
1902 3644 2039 3701 ergo

380 3713 536 3783 alius
564 3714 664 3773 ille
696 3715 872 3773 fuerit
902 3733 1081 3788 quam
1113 3715 1531 3774 sanctissimus
1560 3721 1618 3773 et
1650 3717 1827 3773 rebus
1848 3717 2039 3773 omni-

382 3803 495 3873 bus
543 3804 757 3863 creatis
804 3804 977 3881 longe
1018 3803 1394 3867 excellentior
1441 3803 1653 3861 Christi
1704 3808 1898 3873 Pater,
1940 3806 2041 3880 qui

387 3896 673 3971 tanquam
704 3893 966 3967 optimus
996 3894 1354 3967 gubernator
1385 3894 1622 3968 propria
1662 3895 1956 3969 sapientia
1985 3900 2044 3953 et

382 3982 620 4061 proprio
649 3982 862 4050 Verbo,
894 3982 1139 4041 Domino
1171 3988 1371 4040 nostro
1397 3988 1454 4040 et
1474 3989 1764 4042 servatore
1790 3985 2041 4055 Christo,

383 4071 589 4139 omnia
644 4071 861 4147 ubique
910 4070 1247 4129 salutariter
1291 4072 1604 4146 gubernat,
1636 4074 1942 4147 dispensat
1988 4078 2046 4132 et

383 4160 721 4235 £acit,prout
750 4166 974 4219 rectum
1007 4178 1136 4220 esse
1166 4161 1413 4219 viderit?
1455 4162 1699 4219 Rectum
1729 4166 1818 4219 est
1848 4167 2044 4221 autem

382 4248 486 4313 illa
513 4266 643 4309 esse
674 4254 738 4307 ut
767 4251 921 4309 facta
952 4255 1091 4308 sunt
1112 4257 1168 4307 et
1188 4250 1313 4308 fieri
1336 4251 2043 4325 conspicimus,quoniam

384 4339 444 4417 id
477 4339 561 4417 ita
588 4338 714 4414 ipse
741 4338 891 4409 vult,
915 4341 1071 4413 quod
1104 4355 1246 4399 sane
1269 4357 1440 4397 nemo
1463 4342 1780 4415 negaverit.
1816 4342 1961 4399 Nam
1994 4343 2044 4400 si

383 4445 583 4509 rerum
615 4434 945 4488 creatarum
978 4434 1174 4488 motus
1204 4430 1426 4504 absque
1477 4430 1699 4489 ratione
1738 4432 1921 4501 ﬁeret,
1957 4436 2046 4489 te-

385 4535 660 4597 mereque
684 4519 942 4577 mundus
964 4518 1311 4586 volveretur,
1338 4520 1473 4592 jure
1506 4520 1719 4578 merito
1744 4521 1909 4577 nulla
1932 4522 2046 4579 ﬁde

385 4608 558 4671 dictis
585 4616 743 4673 esset
773 4610 1134 4668 adhibenda.
1168 4611 1282 4668 Sed
1312 4611 1363 4666 si
1394 4610 1643 4677 ratione,
1672 4612 1962 4685 sapientia
1993 4618 2050 4670 et

2148 3441 2217 3517 ϐῆ
2260 3447 2575 3521 θρησκείαν,
2627 3448 2716 3504 καὶ
2764 3448 2853 3504 τὸν
2914 3449 3041 3525 παρ’
3098 3450 3259 3522 ἡμῶν
3309 3449 3810 3525 προσκυνούμενον,

2146 3536 2237 3592 καὶ
2297 3535 2700 3613 κηρυττόμενον
2754 3540 2945 3594 τοῦτον
3004 3537 3167 3611 μόνον
3223 3538 3360 3594 εἶναι
3417 3538 3544 3597 Θεὸν
3603 3537 3809 3611 ἀληθῆ,

2147 3622 2238 3682 τὸν
2271 3626 2361 3681 καὶ
2393 3627 2509 3700 (62)
2554 3633 2655 3697 τῆς
2707 3625 2934 3690 κτίσεως
2976 3625 3172 3704 Κύριον
3217 3628 3308 3684 καὶ
3357 3629 3537 3699 πάσης
3571 3625 3810 3687 ὑποστά-

2150 3735 2284 3777 σεως
2319 3712 2682 3794 δημιουργόν.
2717 3715 2817 3779 Τίς
2869 3714 2935 3786 δὴ
2981 3715 3073 3775 οὖν
3123 3717 3262 3774 ἐστιν
3315 3718 3498 3790 οὗτος,
3547 3717 3674 3775 ἀλλ’
3709 3719 3746 3789 ἢ
3779 3718 3809 3773 6

2149 3806 2411 3881 πανάγιος
2459 3805 2551 3863 καὶ
2607 3806 2990 3881 ὑπερεπέκεινα
3038 3810 3151 3882 (63)
3205 3809 3386 3880 πάσης
3433 3815 3671 3883 γενητῆς
3710 3808 3809 3867 οὐ·

2151 3894 2291 3966 σίας,
2344 3895 2373 3949 6
2423 3899 2522 3950 τοῦ
2569 3900 2805 3973 Χριστοῦ
2858 3898 3066 3971 Πατὴρ,
3100 3895 3270 3969 ὅστις,
3318 3898 3558 3974 καθάπερ
3590 3896 3808 3975 ἄριστος

2152 3978 2518 4059 κυϐερνήτης,
2548 3987 2618 4057 τῇ
2675 3980 2786 4055 ἰδίᾳ
2825 3983 2989 4063 σοφίᾳ
3014 3984 3105 4040 καὶ
3132 3989 3212 4058 τῷ
3248 3981 3373 4059 ἰδίῳ
3403 3984 3570 4062 Λόγῳ
3596 3989 3677 4059 τῷ
3706 3991 3812 4045 Κυ-

2155 4072 2261 4149 ρίῳ
2318 4075 2477 4146 ἡμῶν
2535 4073 2626 4128 καὶ
2686 4078 2905 4148 Σωτῆρι
2965 4077 3183 4147 Χριστῷ
3228 4076 3366 4149 (64),
3416 4074 3484 4131 τὰ
3526 4078 3812 4150 πανταχοῦ

2154 4155 2476 4237 διακυϐερνᾷ
2506 4161 2797 4239 σωτηρίως
2828 4162 2919 4221 καὶ
2952 4160 3259 4238 διακοσμεῖ,
3308 4163 3400 4219 καὶ
3446 4168 3616 4236 ποιεῖ,
3646 4165 3722 4228 ὡς
3753 4163 3814 4223 ἃν

2155 4250 2301 4324 αὐτῷ
2332 4254 2517 4315 καλῶς
2568 4250 2714 4327 ἔχειν
2766 4249 2902 4327 δοκῇ
2927 4271 2941 4323 ;
2974 4258 3134 4329 Ἔχει
3188 4250 3247 4309 δὲ
3274 4250 3485 4325 καλῶς,
3515 4253 3593 4323 ὡς
3621 4250 3815 4330 γέγονε

2152 4340 2242 4396 καὶ
2293 4341 2507 4418 ὁρῶμεν
2557 4340 2880 4418 γιγνόμενα,
2931 4339 3119 4412 ἐπειδὴ
3173 4342 3264 4399 καὶ
3320 4348 3481 4399 τοῦτο
3534 4340 3811 4420 βούλεται’

2154 4430 2244 4487 καὶ
2273 4435 2437 4488 τοῦτο
2470 4430 2571 4487 οὐκ
2613 4452 2671 4486 αν
2699 4453 2783 4495 τις
2817 4432 3183 4504 ἀπιστήσειεν.
3231 4432 3292 4489 Εἰ
3328 4433 3422 4507 μὲν
3471 4433 3576 4511 γὰρ
3608 4429 3813 4509 ἄλογος

2154 4523 2219 4591 ἦν
2252 4520 2286 4591 ἠ
2318 4527 2419 4591 τῆς
2451 4520 2679 4588 κτίσεως
2726 4519 2959 4592 κίνησις,
3003 4521 3094 4579 καὶ
3118 4521 3311 4585 ἁπλῶς
3343 4521 3562 4603 ἐφέρετο
3591 4522 3661 4581 τὸ
3683 4528 3811 4583 πᾶν

2154 4607 2341 4674 καλῶς
2372 4608 2431 4667 ἄν
2482 4632 2566 4674 τις
2615 4610 2705 4668 καὶ
2750 4616 2868 4675 τοῖς
2917 4611 3241 4686 λεγομένοις
3290 4611 3609 4683 ἠπίστησεν·
3668 4612 3715 4667 εἰ
3759 4610 3818 4669 δὲ

385 4698 631 4777 scientia
660 4700 933 4763 conditus
964 4705 1140 4774 atque
1162 4699 1325 4756 omni
1347 4704 1556 4758 ornata
1588 4700 1916 4759 instructus
1937 4707 2026 4759 est

2158 4696 2314 4776 λόγῳ
2345 4700 2435 4755 καὶ
2482 4698 2649 4778 σοφίᾳ
2694 4700 2785 4755 καὶ
2834 4698 3111 4776 ἐπιστήμῃ
3159 4701 3469 4781 συνέστηκε,
3520 4702 3611 4763 καὶ
3653 4707 3816 4763 παντί

386 4804 626 4865 necesse
673 4792 763 4851 est
808 4789 994 4863 hujus
1046 4794 1347 4847 auctorem
1392 4793 1449 4846 et
1498 4795 1900 4849 exornatorem
1934 4808 2031 4849 nor

2160 4789 2355 4864 κόσμῳ
2410 4786 2853 4865 διακεκόσμηται·
2914 4789 3121 4865 ἀνάγκη
3183 4790 3273 4847 τὸν
3333 4789 3675 4866 ἐπικείμενον
3725 4791 3817 4849 καὶ

384 4875 570 4957 alium
590 4894 718 4955 esse
740 4895 921 4953 quam
942 4879 1203 4936 Verbum
1228 4895 1333 4936 seu
1364 4879 1668 4937 Rationem
1692 4880 1813 4939 Dei.
1851 4879 2051 4943 Ratio-

476 5058 572 5135 s2)
600 5060 876 5135 ἐρευενει
897 5052 1245 5135 ἀδιαφόεονςε

554 5131 571 5203 )
600 5127 707 5203 Hic
729 5127 967 5203 _Gobler.
1001 5127 1369 5203 et_Felckm._
1410 5130 1434 5184 1
1488 5146 1667 5203 anon.
1699 5129 1913 5187 iterum
1936 5133 2048 5203 _ad-

386 5199 669 5261 ωηικαι
717 5199 1014 5274 ἀνομοίους
1062 5199 1254 5272 ἑαυτῷ-
1291 5201 1474 5257 Iidem
1523 5202 1698 5274 paulo
1746 5208 1881 5276 post
1931 5201 2047 5258 ἐπεί

389 5290 494 5343 pro
522 5268 739 5343 ἐπειδή.
1780 5342 1789 5343 7

431 5290 494 5329 νο
524 5290 739 5329 επειοη.

389 5290 841 5419 Ρῗὸὃῗὲἓέίιθΐ.
876 5344 979 5419 hie
1015 5345 1181 5402 addit
1206 5343 1373 5419 sim.
1395 5344 1567 5414 Ibid.,
1601 5349 1751 5417 post,
1773 5342 2045 5417 δημιουο-

386 5415 505 5491 γᾴν,
540 5415 790 5491 Βεειξβῐι.
840 5416 1070 5477 Gobler.
1123 5421 1181 5491 et
1215 5416 1485 5491 _Felcliim.
1532 5420 1555 5473 1
1602 5415 1782 5491 anon.
1819 5415 2044 5477 addunt

384 5484 599 5560 Κύριον,
627 5484 727 5560 alii
754 5505 890 5547 vero
922 5506 1054 5546 cum
1086 5489 1340 5547 editione
1367 5488 1651 5545 Commel.
1686 5490 1985 5547 omittunt.

418 5557 702 5649 ηζὸοὶλοῦν
736 5562 901 5645 deest
931 5562 991 5618 in
1024 5562 1262 5634 Seguer.
1316 5559 1461 5617 Ibid.
1496 5562 1747 5617 Felckm.
1778 5563 1811 5617 3
1841 5580 2038 5632 anon.,

385 5649 541 5692 ουτος
575 5652 603 5684 0
634 5651 902 5693 τοιουτος.

368 5758 426 5832 _t_
456 5706 472 5776 (
519 5703 696 5793 1)’Sic
726 5704 964 5775 Seguer.
994 5705 1068 5762 At
1096 5702 1295 5776 Basil.,
1326 5701 1545 5761 τούτου.
1577 5704 1690 5762 Alii
1737 5721 1873 5763 cum
1914 5707 2038 5764 edi-

412 5792 482 5832 18.
509 5794 739 5831 τουτων.

412 5792 482 5832 18.
509 5794 715 5830 τουτων
727 5818 739 5831 .

453 5821 569 5922 (δὲ)
582 5821 710 5903 vlidi,
725 5821 894 5904 deest
919 5845 980 5903 in
1012 5845 1265 5904 Felckm.
1301 5848 1335 5903 3
1365 5862 1539 5905 anon.

2162 4876 2627 4954 διακοσμήσαντα,
2658 4884 2847 4937 τούτον
2880 4878 2982 4939 οὐκ
3026 4876 3198 4953 ἄλλον
3242 4882 3365 4941 τινὰ
3391 4880 3429 4952 ἢ
3468 4881 3647 4958 Λόγον
3682 4883 3819 4945 εἶναι

2230 5060 2346 5134 (63)
2374 5060 2614 5145 Seguer.
2647 5059 2879 5135 Anglic.
2935 5064 2992 5143 et
3036 5059 3306 5144 Felckm._
3342 5061 3379 5117 3
3425 5077 3623 5150 anon.,

2230 5151 2356 5189 εινα,
2393 5133 2539 5189 Ibid.
2572 5132 2808 5191 Seguer.
2842 5132 3019 5190 Basil.
3053 5136 3111 5190 et
3138 5132 3389 5191 Anglic"
3417 5152 3676 5191 γενητης.
3781 5152 3820 5191 ιι

2159 5130 2356 5189 ἐκεινα,
2393 5130 2539 5189 Ibid.
2572 5130 2808 5206 Segue'r.
2842 5131 3019 5190 Basil.
3053 5136 3111 5190 et
3138 5132 3389 5208 Anglic,.
3417 5130 3683 5211 γενητῆςέ
3707 5130 3823 5191 Alii

2159 5209 2213 5261 et
2240 5204 2400 5261 editi.
2436 5210 2722 5261 vevvn'tﬁc.

2156 5209 2213 5261 et
2240 5204 2400 5270 editi,
2436 5204 2722 5270 γεννητῆς.

2240 5224 2400 5270 salu,
2436 5224 2722 5278 γεννητης.

2225 5278 2339 5349 (64)
2369 5277 2723 5350 sicSeguer.
2755 5275 2988 5350 Gobler.
3022 5274 3395 5350 etgFelckm,
3418 5278 3445 5350 t
3467 5293 3669 5350 anon.
3701 5277 3820 5335 Ah’i

2154 5364 2290 5405 cum
2347 5348 2545 5419 editis,
2569 5348 2756 5421 ‘63;ch
2820 5348 3000 5429 Ἰησοιξ
3052 5348 3297 5445 Χριστῷ.
3357 5348 3506 5407 Ibid.
3561 5366 3674 5479 {me
3728 5350 3818 5420 τά,

2154 5421 2310 5479 quod
2340 5421 2560 5478 habent
2589 5421 2827 5479 Seauer.
2867 5418 3045 5479 Basil.
3095 5419 3326 5478 bohler.
3378 5425 3436 5478 et
3479 5421 3741 5479 Eeokm.
3788 5424 3816 5479 1

2154 5421 2310 5491 quod
2340 5418 2560 5495 habent
2589 5418 2827 5495 Séguer.
2867 5418 3045 5495 Basil.
3095 5418 3326 5495 Gobler.
3360 5425 3436 5495 Aet
3479 5418 3741 5494 Eelokm.
3788 5418 3816 5480 1

2155 5492 2484 5566 anon.,ialii
2517 5491 2943 5566 cumfeditione
2972 5491 3256 5566 Commel.
3281 5492 3502 5566 habent
3527 5491 3814 5566 pigmen-

2150 5563 2311 5621 (lose.
2368 5565 2512 5621 Item
2561 5565 2705 5622 ibid.
2752 5565 2993 5628 Seguer.
3044 5564 3277 5621 Gobler.
3308 5569 3370 5622 et
3401 5563 3661 5628 Felckri
3692 5569 3751 5623 et
3778 5567 3816 5622 2

2150 5653 2325 5692 anon.
2383 5629 2724 5709 διακυϐερνᾷ,
2770 5629 2885 5709 alii
2936 5636 3297 5709 eumieditis
3341 5639 3598 5708 κυοιρνᾷ.
3629 5636 3813 5699 Paulo

2190 5713 2413 5839 ostpfo
2446 5702 2616 5776 δοκῇ,
2639 5702 2972 5765 Goblerian.
3006 5713 3065 5766 et
3093 5707 3351 5766 Felckm.
3402 5710 3433 5765 1
3473 5702 3533 5767 et
3558 5702 3609 5765 ⁷2
3628 5725 3808 5768 anon.

2190 5796 2297 5835 »κει
2369 5779 2565 5843 abeat.

2212 5796 2297 5835 κει
2324 5796 2565 5839 οεοοιιι.
