4160 6382
447 399 521 491 si
1645 409 1936 474 osum
1978 407 2284 472 CONTRA
2336 407 2665 475 sumas.
3785 400 3867 470 se

451 544 548 597 τοῦ
578 543 732 598 Θεοῦ.
759 539 936 620 Λόγον
968 537 1025 599 δὲ
1055 562 1202 623 φημι
1231 540 1292 600 οὗ
1321 543 1413 600 τὸν
1453 540 1503 599 έν
1555 542 1760 616 ἑκάστῳ
1809 547 1916 599 τῶν
1948 566 2100 619 γενο-

2240 566 2351 607 lem
2382 554 2576 608 autem
2599 549 2884 626 intelligo,
2917 567 3034 609 non
3095 569 3223 627 qua
3253 547 3316 610 in
3371 547 3624 628 singulis
3681 551 3861 610 rebus

459 631 633 705 μένων
859 631 1346 710 συμπεπλεγμένον
1404 635 1496 689 καὶ
1551 634 1937 712 συμπεφυκότα
1969 682 1982 706 ,
2043 635 2101 689 ’ὀν

457 718 522 791 δὴ
582 721 671 776 καὶ
722 723 1085 798 σπερματικόν
1141 745 1283 787 τινες
1344 724 1559 779 εἰώθασι
1618 721 1841 794 καλεῖν,
1893 721 2104 800 ἄψυχον

455 805 585 867 ὅντα
633 811 724 867 καί
775 810 942 887 μηδὲν
993 812 1346 890 λογιζόμενον
1402 817 1541 889 μήτε
1567 819 1815 883 νοοῦντα,
1850 812 1997 870 ἀλλά
2037 817 2106 888 τῇ

457 901 646 972 εξωθεν
672 902 838 980 τέχνῃ
871 903 1030 978 μόνον
1083 903 1404 981 ἐνεργοῦντα
1449 906 1585 960 κατά
1613 906 1712 975 τὴν
1746 909 1845 960 τοῦ
1877 901 2105 959 ἐπιϐαλ-

455 989 648 1055 λοντος
700 992 857 1047 αὐτὸν
912 991 1242 1066 έπιστήμην³
1295 992 1420 1050 οὐδὲ
1469 995 1580 1050 οἷον
1632 989 1746 1071 ἔχει
1777 994 1838 1049 τὸ
1885 991 2109 1069 λογικὸν

457 1083 614 1158 γένος
671 1079 838 1158 λόγον
884 1084 974 1138 τὸν
1031 1083 1088 1140 ἐκ
1147 1079 1435 1140 συλλαϐῶν
1496 1083 1870 1160 συγκείμενον,
1931 1083 2020 1138 καὶ
2062 1081 2113 1138 έν

459 1171 577 1250 ἀέρι
627 1172 1028 1247 σημαινόμενον
1063 1193 1075 1206 ·
1128 1172 1273 1229 ἀλλὰ
1321 1174 1412 1230 τὸν
1457 1178 1555 1230 τοῦ
1614 1175 1815 1250 ἀγαθοῦ
1847 1175 1934 1228 καὶ
1979 1177 2113 1229 Θεοῦ

461 1267 569 1319 τῶν
600 1261 744 1319 ὅλων
780 1267 956 1335 ζῶντα
1001 1265 1090 1318 καὶ
1142 1263 1334 1342 ένεργῆ
1369 1263 1497 1320 Θεὸν
1547 1263 1847 1339 αὖτολόγον
1882 1266 1993 1338 (66)
2026 1261 2115 1319 λέ-

463 1374 567 1429 γω,
601 1353 661 1416 ’ὸς
695 1349 868 1416 ἄλλος
913 1353 1006 1427 μὲν
1057 1352 1170 1408 ἔστι
1199 1359 1304 1408 τῶν
1356 1358 1598 1430 γενητῶν
1650 1356 1740 1409 καὶ
1789 1354 1968 1424 πάσης
2014 1358 2116 1422 τῆς

461 1441 709 1512 κτίσεως,
738 1439 878 1507 ἴδιος
912 1440 970 1498 δὲ
998 1443 1089 1498 καὶ
1124 1444 1291 1518 μόνος
1321 1448 1418 1499 τοῦ
1452 1445 1653 1519 ἀγαθοῦ
1685 1444 1894 1519 Πατρὸς
1945 1443 2114 1519 ὑπάρ-

461 1551 552 1610 χει
578 1530 780 1608 Λόγος,
813 1532 872 1595 ’ὸς
903 1531 1028 1588 τόδε
1055 1534 1117 1588 τὸ
1147 1540 1250 1589 πᾶν
1303 1531 1631 1606 διεκόσμησε
1659 1533 1749 1588 καὶ
1795 1532 2017 1611 φωτίζει
2046 1535 2116 1605 τῇ

463 1615 656 1676 ἑαυτοῦ
686 1619 934 1697 προνοίᾳ.
971 1623 1205 1698 Ἀγαθοῦ
1227 1625 1330 1701 γὰρ
1353 1625 1463 1698 (67)
1485 1624 1694 1699 Πατρὸς
1718 1623 1916 1699 ἀγαθὸς
1939 1621 2118 1697 Λόγος

467 1707 752 1784 ὑπάρχων,
808 1709 968 1772 αὐτὸς
1016 1713 1114 1780 τήν
1160 1716 1266 1766 τῶν
1323 1713 1537 1767 πάντων
1583 1709 1911 1786 διεκόσμησε
1942 1710 2121 1766 διάτα-

465 1796 566 1869 ξιν,
597 1800 665 1853 τὰ
697 1798 790 1873 μὲν
824 1798 1035 1854 ἐναντία
1081 1805 1202 1863 τοῖς
1244 1799 1506 1865 ἐναντίοις
1556 1803 1858 1875 συνάπτων,
1911 1800 1970 1856 έκ
1997 1799 2122 1854 τού-

465 1908 572 1942 των
607 1884 664 1943 δέ
698 1888 822 1962 μίαν
870 1886 1182 1964 διακοσμῶν
1234 1890 1520 1968 ἁρμονίαν.
1562 1892 1753 1962 Οὗτος,
1796 1893 1928 1946 Θεοῦ
1962 1887 2119 1944 δύνα-
2150 1924 2200 1990 Β

470 1998 562 2050 μις
613 1977 704 2033 καὶ
755 1983 888 2034 Θεοῦ
943 1978 1107 2057 σοφία
1164 1977 1262 2050 ὢν,
1321 1979 1546 2057 οὐρανὸν
1612 1980 1704 2054 μὲν
1756 1980 2119 2057 περιστρέφει,

466 2074 571 2143 γῆν
604 2065 661 2122 δὲ
708 2069 1013 2142 ἀναρτήσας
1043 2070 1179 2143 (68),
1211 2069 1303 2125 καὶ
1335 2069 1422 2124 ἐπὶ
1475 2067 1706 2144 μηδενὸς
1753 2070 2006 2142 κειμένην
2046 2073 2125 2140 τῷ

468 2154 595 2230 ἰδίῳ
632 2156 859 2232 νεύματι
905 2156 1129 2234 ἤδρασε.
1163 2159 1351 2233 Τούτῳ
1393 2159 1766 2239 φωτιζόμενος
1814 2157 1978 2229 ἥλιος
2024 2159 2124 2228 τὴν

470 2245 793 2320 οἰκουμένην
849 2249 1175 2324 καταυγάζει
1212 2294 1225 2320 ,
1283 2249 1372 2303 καὶ
1428 2250 1632 2320 σελήνη
1715 2249 2124 2323 μεμετρημένον

470 2333 588 2411 ἔχει
615 2335 677 2389 τὸ
709 2339 846 2414 φῶς.
881 2337 977 2391 Διὰ
1020 2341 1211 2392 τοῦτον
1264 2339 1375 2412 (69)
1417 2337 1507 2392 καὶ
1554 2339 1616 2392 τὸ
1647 2335 1792 2413 ὕδωρ
1845 2337 1931 2392 ἐπὶ
1970 2358 2130 2416 νεφε-

472 2420 585 2479 λῶν
617 2431 905 2500 κρεμᾶται,
936 2425 1027 2480 καὶ
1061 2425 1207 2482 ὑετοί
1257 2429 1357 2498 τὴν
1395 2434 1500 2504 γῆν
1555 2425 1926 2498 έπικλύζουσι,
1969 2428 2058 2482 καὶ
2089 2429 2124 2498 ἡ

477 2513 570 2589 μὲν
602 2511 843 2569 θάλασσα
889 2516 1277 2591 περιορίζεται,
1325 2519 1360 2588 ἡ
1413 2515 1470 2572 δὲ
1501 2524 1572 2593 γῆ
1627 2517 1908 2580 παντοίοις
1938 2522 2128 2596 φυτοῖς

470 2602 561 2658 καί
594 2606 705 2679 (70)
735 2612 885 2680 κομᾷ
914 2608 1003 2661 καὶ
1052 2613 1385 2686 χ..οηφορεῖ.
1436 2608 1537 2663 Καὶ
1569 2604 1622 2662 εἷ’
1656 2630 1739 2671 τις
1771 2606 1993 2670 ἄπιστος
2031 2613 2127 2679 ζη-

439 2692 595 2763 ’τοίη
629 2694 751 2768 περὶ
781 2698 887 2750 τῶν
937 2694 1277 2772 λεγομένων,
1311 2696 1356 2751 εἰ
1403 2696 1552 2761 ὅλως
1599 2697 1708 2753 ἐστὶ
1757 2697 1936 2774 Λόγος
1971 2702 2128 2768 Θεοῦ,

478 2783 731 2858 μαίνοιτο
766 2785 859 2858 μὲν
893 2786 921 2841 6
949 2790 1201 2850 τοιοῦτος
1223 2782 1590 2866 ἀμφιϐάλλων
1623 2787 1746 2865 περὶ
1770 2787 1950 2864 Λόγου
1971 2792 2126 2843 Θεοῦ·

474 2870 591 2951 ἔχει
641 2871 698 2929 δὲ
746 2872 900 2949 ὅμως
951 2874 1010 2930 έκ
1051 2880 1158 2930 τῶν
1210 2877 1504 2952 ὁρωμένων
1551 2878 1651 2947 τήν
1702 2875 1994 2948 ἀπόδειξιν,
2045 2876 2128 2932 ὅτι

469 2964 645 3018 πάντα
669 2962 834 3040 Λόγῳ
865 2969 999 3020 Θεοῦ
1028 2964 1117 3020 καὶ
1153 2966 1330 3045 Σοφίᾳ
1380 2968 1493 3041 (71)
1534 2967 1842 3039 συνέστηκε,
1893 2969 1982 3022 καὶ
2033 2966 2132 3022 οὐκ

470 3051 530 3108 ἂν
561 3050 807 3130 ἡδράσθη
855 3075 907 3108 τι
937 3058 1044 3110 τῶν
1097 3055 1422 3130 γενομένων,
1475 3055 1521 3110 si
1576 3057 1651 3130 μή
1695 3056 1860 3133 Λόγῳ
1893 3055 2130 3134 ἐγεγόνει

469 3141 559 3214 καί
591 3143 758 3220 Λόγῳ
785 3148 866 3217 τῷ
896 3142 1049 3218 θείῳ,
1080 3145 1319 3222 καθάπερ
1347 3143 1574 3222 ἐλέχθη.

541 3322 840 3399 41.Λόγος
900 3320 958 3378 δὲ
1014 3320 1127 3395 ὣν,
1184 3323 1244 3379 οὗ
1303 3325 1439 3380 κατά
1492 3326 1592 3395 τήν
1660 3329 1766 3380 τῶν
1828 3326 2126 3406 ἀνθρώπων
2159 3299 2203 3368 C

471 3411 797 3487 ὁμοιότητα,
850 3410 1032 3489 ὥσπερ
1085 3413 1258 3488 εἶπον³
1312 3413 1424 3469 ἐστὶ
1481 3413 1834 3489 συγκείμενος
1889 3415 1950 3471 ἐκ
2005 3417 2133 3473 συλ-

472 3497 678 3558 λαϐῶνο
713 3500 860 3567 ἀλλᾷ
903 3507 1000 3558 τοῦ
1050 3503 1242 3572 έαυτοῦ
1272 3504 1484 3582 Πατρὸς
1517 3504 1676 3568 εἰκών
1707 3503 1846 3562 ἐστιν
1880 3507 2134 3586 ἀπαράλ-

474 3591 695 3656 λακτος.
745 3594 1062 3670 Ἄνθρωποι
1120 3594 1213 3667 μὲν
1265 3594 1369 3671 γὰρ
1421 3594 1480 3650 ἐκ
1535 3599 1714 3672 μερῶν
1766 3596 2132 3672 συγκείμενοι,

471 3681 562 3736 καὶ
611 3682 670 3738 έκ
713 3687 813 3738 τοῦ
866 3684 940 3757 μή
989 3678 1146 3746 ὄντος
1195 3683 1500 3759 γενόμενοι,
1549 3685 1900 3760 συγκείμενον
1947 3682 2135 3765 ἔχουσι

473 3772 564 3827 καὶ
598 3769 957 3849 διαλυόμενον
1007 3773 1098 3828 τὸν
1150 3775 1264 3848 (72)
1295 3774 1498 3828 ἑαυτῶν
1530 3773 1718 3850 λόγον·
1755 3776 1782 3829 6
1813 3773 1870 3831 δὲ
1900 3778 2030 3839 Θεὸς
2060 3772 2133 3832 ὧν

477 3859 609 3932 ἐστι,
668 3861 759 3917 καὶ
818 3861 879 3917 οὐ
940 3863 1213 3925 σύνθετος’
1264 3860 1348 3918 διὸ
1397 3863 1487 3918 καὶ
1539 3865 1567 3920 6
1609 3863 1806 3920 τούτου
1855 3866 2033 3943 Λόγος
2065 3861 2138 3922 ὥν

475 3953 608 4027 ἐστι,
641 3951 732 4007 καὶ
763 3950 826 4006 οὐ
858 3950 1132 4015 σύνθετος·
1168 3951 1296 4018 ἀλλ’
1327 3954 1408 4016 εἷς
1450 3952 1540 4009 καὶ
1577 3956 1875 4032 μονογενὴς
1921 3957 2073 4028 Θεὸς,
2110 3959 2138 4014 6

473 4043 564 4098 καὶ
592 4042 652 4100 ἐκ
681 4041 893 4117 Πατρὸς
923 4043 1013 4097 οἷα
1042 4049 1234 4118 πηγῆς
1268 4044 1479 4118 ἀγαθῆς
1512 4044 1711 4120 ἀγαθὸς
1741 4042 2048 4122 προελθὼν,
2070 4049 2137 4102 τὰ

473 4134 646 4190 πάντα
699 4130 988 4206 διακοσμεῖ
1035 4132 1129 4187 καὶ
1178 4131 1416 4210 συνέχει.
1467 4135 1530 4188 Ἣ
1578 4131 1635 4190 δὲ
1682 4135 1850 4204 αἰτία,
1902 4134 1970 4190 δι’
2012 4138 2073 4207 ἢν
2107 4139 2136 4192 6

474 4222 654 4300 Λόγος
685 4223 821 4298 (73),
856 4222 1005 4277 ὁτοῦ
1053 4225 1188 4278 Θεοῦ
1243 4221 1448 4299 Λόγος,
1491 4228 1608 4287 τοῖς
1659 4225 1977 4300 γενομένοις
2017 4225 2135 4282 ἐπι-

441 4307 726 4385 ¹ϐέϐηκεν,
785 4310 924 4367 ἐστὶν
987 4308 1213 4381 ἀληθῶς
1266 4311 1548 4386 θαυμαστή
1606 4314 1696 4368 καὶ
1749 4314 2132 4392 γνωρίζουσα,

475 4400 558 4458 ὅτι
590 4402 689 4457 οὐκ
727 4398 916 4464 ἄλλως
966 4398 1216 4477 ἔπρεπεν,
1263 4400 1301 4471 ἢ
1353 4399 1495 4456 οὕτω
1539 4403 1784 4478 γενέσθαι
1833 4403 2014 4483 ὥσπερ
2043 4407 2134 4460 καὶ

477 4487 606 4548 ἔστι.
640 4495 757 4546 Τῶν
797 4491 890 4565 μὶν
946 4491 1049 4566 γὰρ
1099 4493 1344 4566 γενητῶν
1397 4493 1508 4566 (74)
1549 4495 1583 4562 ἡ
1635 4491 1814 4572 φύσις,
1846 4495 1939 4548 ἅτε
1985 4492 2052 4566 δὴ
2082 4495 2134 4567 ἐξ

477 4581 576 4638 οὐκ
605 4575 772 4636 ὄντων
807 4580 1101 4650 ὁποστᾶσα,
1135 4578 1327 4657 ρευστή
1361 4601 1448 4642 τις
1493 4581 1583 4636 καὶ
1615 4581 1841 4651 ἀσθενὴς
1883 4584 1973 4637 καὶ
2003 4587 2133 4655 θνη-

2216 641 2425 698 creatis
2454 641 2758 715 implicita,
2789 645 2967 701 insita
3023 647 3200 716 atque
3248 643 3454 700 innata
3510 647 3618 714 est,
3679 658 3856 716 quem

2217 732 2392 787 etiam
2449 733 2716 789 nonnulli
2793 734 3140 791 seminalem
3189 751 3395 792 vocare
3454 734 3666 805 solent,
3725 751 3853 806 quas

2220 820 2460 894 quidem
2507 822 2831 880 inanimata
2874 828 2982 890 est,
3015 841 3120 880 nec
3168 824 3466 898 cogitandi
3526 824 3617 881 vel
3687 822 3859 880 intel-

2219 911 2439 984 ligendi
2469 911 2522 967 vi
2556 914 2936 986 est,praedita,
2970 916 3072 971 sed
3105 918 3342 972 externa
3368 919 3600 972 tantum
3625 917 3749 972 arte
3772 915 3875 972 82

2219 1021 2323 1077 pro
2354 1003 2666 1060 inserentis
2692 1005 2937 1061 scientia
2967 1005 3105 1078 agit.
3145 1011 3346 1079 Neque
3391 1005 3567 1062 etiam
3598 1005 3857 1062 Verbum

2221 1091 2507 1165 intelligo,
2535 1092 2703 1165 quale
2731 1099 2821 1151 est
2850 1095 3157 1152 hominum
3180 1097 3336 1168 quod
3366 1110 3576 1167 nempe
3599 1111 3670 1150 ex
3698 1093 3868 1167 sylla-

2223 1181 2313 1238 bis
2345 1186 2574 1238 constat
2602 1186 2658 1238 et
2685 1182 2745 1238 in
2773 1201 2903 1240 aere
2931 1185 3275 1257 exprimitur
3304 1203 3316 1241 :
3351 1185 3451 1240 sed
3503 1183 3693 1257 ipsius
3730 1183 3872 1240 boni

2223 1274 2282 1329 et
2311 1271 2410 1326 Dei
2440 1288 2638 1328 rerum
2683 1272 3089 1330 universarum
3136 1274 3422 1330 viventem
3472 1277 3528 1331 et
3573 1273 3871 1330 efﬁcacem

2225 1361 2408 1417 Deum
2441 1362 2571 1417 dico
2601 1362 2701 1433 qui
2735 1378 2840 1434 per
2868 1379 2929 1418 se
2960 1367 3048 1419 est
3078 1362 3631 1436 Verbum,quiidem
3655 1364 3726 1420 ab
3746 1380 3871 1420 om-

2226 1450 2401 1507 nibus
2433 1451 2642 1507 creatis
2673 1451 2940 1509 diversus
2969 1457 3078 1519 est,
3119 1453 3541 1526 propriumque
3569 1457 3626 1509 et
3681 1453 3872 1510 solum

2226 1540 2364 1596 boni
2390 1541 2578 1597 Patris
2606 1545 2695 1598 est
2723 1543 3183 1614 Verbum,cujus
3214 1543 3580 1615 providentia
3606 1546 3764 1600 totus
3785 1543 3881 1598 hic

2229 1631 2509 1698 mundus,
2545 1648 2722 1704 quem
2744 1636 2801 1688 et
2830 1631 3108 1699 condidit,
3139 1632 3679 1706 illuminatur.1pse
3723 1632 3880 1688 enim
3955 1649 3959 1651 ·

2231 1719 2331 1792 qui
2359 1720 2498 1775 boni
2530 1721 2719 1778 Patris
2753 1723 2973 1779 bonum
2992 1722 3253 1778 Verbum
3271 1725 3582 1790 est,rerum
3614 1721 3880 1778 omnium

2232 1809 2498 1866 ordinem
2530 1811 3142 1885 disposuit,contraria
3161 1829 3295 1868 cum
3319 1811 3628 1868 contrariis
3641 1812 3884 1880 conjun—

2231 1899 2333 1972 xit,
2368 1917 2672 1972 unumque
2701 1907 3049 1958 concentum
3081 1919 3151 1959 ex
3178 1902 3272 1959 his
3330 1901 3682 1976 composuit.
3717 1902 3878 1958 Idem

2235 1988 2361 2063 ipse
2392 1990 2493 2061 qui
2525 1990 2624 2046 Dei
2655 1990 2841 2047 virtus
2872 1996 2929 2047 et
2959 1993 3250 2065 sapientia
3293 1997 3403 2060 est,
3463 1993 3674 2050 cmlum
3705 1991 3882 2049 volvit

2233 2081 2600 2151 terrramque
2631 2098 2981 2154 suspensam
3003 2099 3068 2139 ac
3090 2082 3254 2140 nulla
3275 2099 3336 2139 re
3357 2081 3882 2156 innixam,proprio

2237 2171 2383 2224 nutu
2415 2169 2683 2225 fundavit
2731 2175 2787 2226 et
2835 2171 3108 2229 ﬁrmavit.
3157 2173 3242 2228 Ab
3292 2172 3392 2229 illo
3441 2172 3529 2228 sol
3589 2171 3884 2229 collucens

2237 2257 2578 2313 universum
2603 2259 3144 2318 orbemillustratet
3173 2261 3526 2318 lunalumen
3544 2261 3884 2318 dimensum

2237 2345 2434 2403 habet.
2484 2349 2626 2419 Ejus
2657 2350 2900 2406 numine
2929 2367 3084 2423 aqua
3108 2351 3164 2406 in
3200 2351 3459 2409 nubibus
3483 2351 3888 2425 suspenditur,

2238 2435 2446 2508 pluviae
2472 2441 2690 2494 terram
2722 2439 3158 2514 irrigant,mare
3187 2440 3480 2497 limitibus
3511 2439 3891 2497 circumscri-

2236 2524 2415 2591 bitur,
2448 2530 2604 2583 terra
2633 2528 2808 2584 variis
2841 2528 3057 2602 plantis
3086 2530 3403 2587 frondescit
3433 2534 3489 2587 et
3511 2529 3678 2586 viret.
3711 2529 3886 2585 Deni-

2240 2630 2352 2686 que
2381 2615 2431 2672 si
2461 2617 2593 2689 quis
2625 2616 2882 2674 infidelis
2912 2635 3117 2693 eaquae
3139 2619 3394 2677 diximus
3415 2621 3475 2675 in
3502 2619 3889 2692 quastionem

2236 2722 2444 2762 vocare
2471 2706 2740 2777 voluerit,
2773 2725 2848 2764 an
2879 2709 3119 2766 omnino
3151 2710 3227 2767 sit
3279 2709 3538 2766 Verbum
3587 2727 3690 2766 seu
3719 2709 3888 2766 Ratio

2239 2794 2339 2850 Dei
2371 2794 2421 2851 is
2452 2800 2607 2852 certe
2636 2814 2782 2854 sana
2812 2802 3007 2855 mente
3032 2816 3148 2855 non
3166 2816 3294 2856 esse
3323 2800 3654 2856 censendus
3685 2798 3887 2872 sit,qui

2239 2885 2310 2940 de
2342 2885 2442 2940 Dei
2468 2885 2656 2942 Verbo
2689 2904 2792 2943 seu
2814 2888 3061 2946 Ratione
3091 2889 3303 2946 audeat
3332 2889 3622 2946 dubitare.
3650 2892 3895 2944 Verum-

2239 2978 2438 3031 tamen
2469 2993 2539 3032 ex
2568 2975 2662 3033 his
2692 2977 2890 3044 rebus,
2913 2995 3042 3050 quas
3070 2979 3458 3051 aspectabiles
3490 2978 3890 3047 sunt,discere

2240 3063 2290 3120 ei
2321 3063 2456 3121 licet
2485 3067 2684 3122 omnia
2709 3067 2898 3124 Verbo
2926 3072 2984 3124 et
3011 3068 3309 3141 Sapientia
3338 3068 3439 3124 Dei
3499 3069 3650 3125 facta
3683 3068 3886 3136 fuisse,

2240 3170 2346 3210 nec
2393 3171 2516 3212 rem
2567 3155 2749 3212 ullam
2808 3156 3127 3214 consistere
3192 3158 3475 3230 potuisse,
3529 3157 3644 3214 nisi
3698 3158 3890 3215 Verbo

2240 3247 2298 3299 et
2325 3244 2564 3316 quidem
2582 3245 2770 3302 Verbo
2793 3245 3080 3314 divino,ut
3107 3245 3332 3302 dictum
3355 3246 3680 3315 est,fuisset
3709 3247 3883 3304 facta.

2314 3334 2404 3390 41.
2436 3333 2555 3390 Hoc
2587 3339 2781 3392 autem
2811 3335 3093 3407 Verbum,
3123 3352 3240 3391 non
3273 3339 3339 3392 ut
3395 3335 3705 3392 hominum
3761 3353 3889 3394 ver-

2242 3423 2407 3492 bum,
2437 3424 2938 3495 quemadmodum
2970 3425 3112 3492 dixi,
3143 3442 3213 3481 ex
3236 3424 3476 3499 syllabis
3506 3429 3755 3484 constat.
3789 3426 3891 3484 sed

2244 3512 2337 3568 sui
2367 3513 2558 3586 ipsius
2589 3513 2778 3570 Patris
2811 3531 2988 3587 quam
3018 3513 3324 3570 simillima
3354 3519 3443 3571 est
3472 3515 3895 3589 imago.Homi-

2243 3619 2349 3660 nes
2379 3601 2534 3658 enim
2567 3602 2705 3676 quia
2734 3620 2803 3659 ex
2832 3603 3099 3676 partibus
3156 3604 3463 3678 compositi
3520 3609 3577 3660 et
3605 3621 3676 3660 ex
3706 3603 3888 3661 nihilo

2246 3697 2388 3750 sunt
2416 3691 3014 3766 creati,compositum
3045 3710 3279 3767 quoque
3309 3697 3364 3751 et
3393 3693 3737 3768 dissipabile
3763 3709 3896 3752 ver-

2245 3783 2388 3839 bum
2419 3781 2660 3838 habent.
2692 3783 2848 3839 Deus
2881 3787 3075 3840 autem
3109 3783 3249 3858 quia
3274 3802 3404 3840 vere
3453 3789 3560 3854 est,
3595 3801 3704 3843 nec
3734 3801 3899 3841 com-

2245 3871 2477 3946 positus
2502 3875 2610 3940 est,
2644 3873 2772 3943 ejus
2804 3889 3039 3945 quoque
3091 3873 3351 3930 Verbum
3381 3891 3512 3931 vere
3566 3879 3676 3945 est,
3705 3890 3894 3948 neque

2245 3961 2638 4034 campositum
2671 3965 2778 4034 est,
2813 3962 2910 4019 sed
2946 3979 3100 4020 unus
3129 3966 3188 4020 et
3229 3963 3572 4037 unigenitus
3601 3964 3758 4021 Deus
3788 3967 3898 4033 est,

2247 4051 2385 4124 quia
2415 4067 2484 4106 ex
2513 4054 2685 4107 Patre
2707 4051 2866 4108 velut
2895 4068 2964 4107 ex
2993 4052 3145 4109 bono
3167 4053 3325 4110 fonte
3351 4053 3544 4110 bonus
3574 4054 3895 4128 procedens

2247 4141 2444 4196 omnia
2475 4144 2664 4207 ornat,
2697 4141 2958 4215 disponit
2987 4146 3044 4198 et
3071 4142 3350 4200 continet.
3387 4147 3575 4200 Causa
3605 4160 3775 4217 porro
3801 4143 3897 4200 cui

2244 4230 2512 4299 verbum,
2543 4230 2825 4300 Verbum,
2857 4230 3124 4303 inquam,
3186 4231 3286 4288 Dei
3318 4233 3389 4288 ad
3423 4249 3515 4289 res
3548 4237 3772 4290 creatas
3801 4249 3899 4289 ve-

2245 4319 2418 4389 nerit,
2452 4318 2820 4376 admirabilis
2852 4337 2992 4376 sane
3023 4324 3321 4394 est,eaque
3348 4321 3502 4378 clare
3528 4321 3785 4378 ostendit
3803 4339 3898 4379 res

2244 4426 2362 4465 non
2393 4407 2581 4476 aliter,
2619 4426 2796 4482 quam
2840 4409 2925 4464 uti
2983 4425 3139 4466 nunc
3197 4414 3358 4476 sunt,
3418 4410 3542 4466 ﬁeri
3600 4410 3890 4468 decuisse.

2242 4499 2465 4570 Nempe
2495 4515 2690 4553 rerum
2723 4503 3051 4554 creatarum
3083 4502 3316 4569 natura,
3349 4503 3552 4572 utpote
3600 4516 3670 4557 ex
3703 4499 3890 4559 nihilo

2247 4588 2416 4657 facta,
2450 4587 2872 4655 liuxa,inﬁrma
2901 4592 2957 4644 et
2987 4588 3255 4646 mortalis
3283 4605 3387 4662 per
3410 4605 3473 4644 se
3504 4593 3594 4647 est
3624 4606 3637 4646 :
3669 4594 3730 4646 at
3761 4591 3894 4647 uni-

475 4673 543 4742 τὴ
576 4672 694 4726 καθ’
723 4671 918 4742 ἑαυτὴν
951 4670 1348 4747 συγκρινομένη
1380 4671 1658 4750 τυγχάνευ
1693 4672 1721 4725 6
1744 4668 1802 4727 δὲ
1843 4676 1950 4728 τῶν
1985 4671 2129 4730 ὅλων

2241 4693 2542 4734 versorum
2574 4682 2726 4736 Deus
2756 4680 2967 4733 natura
2994 4678 3204 4748 bonus,
3249 4678 3368 4736 imo
3417 4679 3680 4752 optimus
3711 4685 3895 4750 est,ac

478 4761 608 4827 Θεὸς
656 4761 857 4838 ἀγαθὸς
905 4760 997 4815 καὶ
1049 4756 1358 4833 ὑπέρκαλος
1397 4757 1681 4838 τὴνφύσιν
1724 4759 1856 4819 έστί.
1911 4763 2004 4818 Διὸ
2046 4765 2136 4820 καὶ

479 4848 864 4930 φιλάνθρωπός
914 4847 1054 4905 ἐστιν
1089 4893 1104 4912 ,
1164 4849 1381 4927 Ἀγαθῷ
1435 4850 1540 4927 γὰρ
1601 4849 1728 4926 περὶ
1796 4848 2011 4914 οὐδενὸς
2074 4854 2133 4909 ἂν

478 4942 693 5018 γένοιτο
737 4937 956 5019 φθόνος
1006 4936 1123 4996 ὅθεν
1175 4935 1302 4996 οὐδὲ
1327 4936 1392 4995 τὰ
1425 4939 1564 4996 εἶναί
1613 4961 1721 4996 τινι
1752 4942 1956 5020 φθονεῖ,
1991 4941 2138 4999 ἀλλὰ

549 5067 662 5142 (65)
695 5066 862 5142 Gob_l.
896 5069 955 5142 et
980 5065 1171 5134 Felck.
1228 5069 1256 5125 1
1307 5083 1427 5138 811.,
1485 5065 1817 5142 γινομένων.
1876 5068 2068 5128 Felck.
2101 5072 2136 5125 3
2212 5061 2216 5066 ’

477 5133 695 5212 annon.
706 5181 722 5209 ,
753 5133 1094 5212 γελομένων.

547 5209 666 5285 (76)
693 5206 922 5286 (io-bisti.
953 5209 1294 5286 et_Felclg._1
1329 5206 1822 5286 αῃολαιξτολόγου.
1873 5213 2132 5286 Felckm.

475 5285 512 5340 3
541 5277 742 5366 auom,
759 5277 929 5366 33516))
963 5281 1163 5366 Λόγον,
1197 5277 1342 5366 Mox_
1359 5277 1511 5366 ibit}L
1536 5277 1722 5340 Basill
1748 5289 1812 5366 et
1837 5284 2134 5366 Anglﬂ-ge-

473 5359 676 5425 νητῶν.
708 5354 822 5412 Alii
852 5361 910 5413 et
936 5354 1078 5412 editi
1109 5357 1407 5428 γεννητῶν.
1437 5359 1551 5423 Τῆς
1578 5355 1879 5428 seq.abest
1914 5354 2131 5414 a'Gobl.

475 5434 534 5494 et
560 5428 820 5495 Eelckm.
851 5431 879 5485 1
915 5445 1093 5485 anon.

478 5501 806 5628 nam
826 5498 1356 5628 ἓέῗῖδάἓέθὲξίςεῖξ
1376 5497 1646 5627 Eilis;
1659 5499 2137 5628 agitaltes?

564 5517 672 5574 ω).
692 5517 766 5558 ra
803 5517 1000 5558 anesi.
1031 5517 1064 5556 a
1087 5517 1256 5567 vom,
1289 5517 1346 5556 et
1376 5517 1569 5556 l'ech.
1597 5517 1622 5554 ι
1659 5517 1755 5555 an.
1787 5517 1970 5556 Paulo
2003 5517 2136 5574 posn

379 5609 394 5616 --
477 5517 733 5713 {eiciam
762 5517 800 5631 ἔ
826 5590 922 5630 an.
951 5569 1100 5644 τάξιν
1133 5570 1316 5638 habet
1344 5587 1356 5626 :
1386 5570 1482 5627 alii
1516 5587 1646 5627 cum
1708 5571 1901 5641 editis,
1959 5569 2136 5628 διάτα-

510 5663 580 5700 ιν.

696 5716 927 5798 gener.
953 5719 1015 5798 et
1045 5715 1301 5798 Felgkm:
1329 5715 1584 5798 1_anon.,
1616 5713 1929 5798 ἐναρτίσίας.

552 5787 664 5861 (69)
697 5787 829 5861 Sag.
863 5789 1029 5847 Gobl.
1060 5793 1121 5846 et
1147 5787 1392 5847 Felck.1
1427 5787 1737 5857 εηητοῦτοᾷ.
1762 5787 1948 5846 Iidem
1979 5805 2134 5850 mox.

479 5861 813 5936 κριμμᾶται.

2249 4767 2493 4840 proinde
2523 4765 2815 4840 benignus
2847 4770 2902 4822 et
2932 4767 3452 4825 humanus.Bonus
3483 4768 3640 4825 enim
3672 4768 3895 4826 nemini

2249 4854 2430 4912 ullam
2455 4872 2577 4912 rem
2591 4855 3199 4930 invidet.Quapropter
3212 4873 3404 4930 neque
3424 4857 3603 4914 etiam
3621 4857 3895 4932 ulliquod

2250 4945 2328 5001 sit
2355 4944 2596 5013 invidet,
2619 4945 2719 5001 sed
2747 4949 2950 5002 contra
2979 4962 3186 5002 omnes
3211 4946 3339 5002 vult
3365 4963 3495 5003 esse
3525 4951 3591 5004 ut
3619 4946 3897 5005 humani-

2316 5071 2431 5199 (70)
2493 5069 2785 5128 Particula
2838 5067 2952 5139 καί,
3004 5087 3133 5154 quae
3192 5071 3252 5156 in
3319 5072 3558 5156 Seguer.
3614 5070 3782 5154 Gobl.
3842 5077 3899 5155 et

2245 5144 2322 5200 Fe
2348 5143 2504 5200 ckm.
2541 5144 2568 5199 1
2604 5159 2699 5200 an.
2735 5142 2900 5200 nulla
2926 5147 3034 5214 est,
3067 5161 3127 5200 1n
3160 5138 3288 5200 alus
3320 5148 3377 5200 et
3404 5144 3577 5201 editis
3625 5142 3721 5200 hic
3750 5142 3894 5218 legi-

2243 5219 2431 5358 ωῖίη)
2458 5287 2721 5376 Seguer.,
2744 5284 2918 5397 ’μόγῳ
2948 5282 3038 5397 κῗξ
3074 5289 3208 5397 ἰξοῦ
3267 5283 3700 5397 ξοφίιγι.ιιΡευ⁴Ιο
3759 5291 3896 5360 post

2245 5375 2348 5397 nm
2378 5377 2680 5397 νη.η..ςυο..υ
2787 5375 2942 5397 την-1η
3024 5375 3080 5397 ,η
3149 5375 3283 5397 nvo
3383 5375 3466 5397 ορ
3517 5375 3568 5397 m
3692 5374 3840 5397 nnnn

2245 5375 2348 5430 pro
2378 5357 2705 5432 γινομένων,
2734 5357 2962 5432 Anglic.
2998 5357 3230 5432 Goble_r.
3254 5364 3313 5414 et
3342 5357 3594 5432 Felckm.
3629 5359 3656 5415 1
3691 5357 3894 5426 auom,

2244 5426 2563 5505 γινομένων.
2592 5426 2920 5505 -ΕΘΙοΙςωῙΒ
2950 5447 3148 5505 anom,
3171 5426 3509 5505 λεγομένων,

2316 5501 2429 5574 (72)
2461 5502 2554 5558 Sic
2583 5503 2822 5574 Seguer.
2850 5503 2924 5557 At
2955 5501 3053 5558 alii
3084 5501 3440 5574 cunreditis,
3461 5504 3588 5559 τῶν.

2317 5569 2429 5647 (73)
2463 5569 2713 5647 Felcluﬁ.
2746 5574 2782 5627 2
2812 5575 2932 5647 etg3
2958 5590 3156 5647 anon.,
3191 5569 3322 5647 ὅλος
3351 5591 3454 5647 pro
3487 5575 3516 5628 6
3545 5571 3746 5647 Λόγος.

2317 5643 2430 5718 (74)
2461 5645 2558 5701 Sic
2587 5645 2826 5718 Seguer.
2860 5643 3036 5718 Basil.
3061 5643 3524 5718 Anglic.Gobler.
3548 5651 3605 5702 et
3635 5643 3890 5718 Felckm.

2247 5719 2274 5774 1
2308 5717 2483 5789 anon.
2513 5719 2587 5772 At
2618 5717 2930 5789 Felckm.3
2960 5717 3689 5789 anon.,’yew-qt€bv.Editio
3713 5717 3889 5789 Com-

2247 5787 2408 5860 mel.,
2440 5790 2707 5861 γενητῶν.
2734 5785 3036 5845 Ιὺὶά.ἐστιν
3061 5785 3229 5861 abest
3259 5806 3292 5846 a
3321 5790 3616 5847 Gobler.et
3632 5788 3886 5861 Felckm.

2251 5862 2278 5918 1
2312 5858 2485 5920 anon.
2519 5865 2652 5935 post
2680 5862 2946 5938 γενητῶν.
2981 5861 3044 5919 In
3057 5858 3190 5919 aliis
3216 5878 3351 5921 vero
3374 5865 3431 5920 et
3460 5861 3632 5921 editis
3654 5859 3887 5933 legitur.
