4160 6382
294 436 373 502 83
836 442 904 508 S.
949 443 1376 507 ATHANASII
1419 442 1593 508 OPP.
1638 446 1842 510 PARS
1887 446 1936 509 Ῑ.
1971 480 2049 492 -
2079 444 2500 511 HISTORICA
2541 443 2645 509 ET
2687 442 3169 511 DOGMATIGA.
3642 450 3724 514 84

296 578 477 634 tatem
509 594 777 637 exercere
804 580 1011 652 possit.
1041 580 1188 639 Hinc
1226 598 1362 655 ergo
1422 600 1555 639 cum
1616 600 1709 638 res
1738 599 1945 639 omnes

2071 581 2262 643 πάντας
2296 580 2424 635 εἶναι
2463 579 2740 656 βούλεται,
2768 578 2862 635 ’ἶνα
2887 580 2979 635 καὶ
3027 574 3569 657 φιλανθρωπεύεσθαι
3624 580 3722 640 δύ-

305 672 532 726 creetas
554 686 658 741 pro
688 687 796 727 sua
826 672 1157 729 conditione
1208 675 1393 730 ﬂuxas
1449 675 1673 729 videret
1731 689 1859 728 esse
1890 676 1947 728 et

302 757 703 825 dissolubiles,
734 779 805 817 ne
831 762 886 817 id
912 763 1218 830 accideret,
1241 764 1575 837 iterumque
1607 764 1664 818 in
1689 763 1941 819 nihilum

301 848 518 905 rediret
546 850 930 919 mundus,ille
963 853 1063 925 qui
1085 869 1193 909 suo
1224 858 1280 910 et
1299 858 1514 910 aeterno
1537 854 1725 909 Verbo
1750 853 1947 908 omnia

302 938 457 1008 fecit,
490 944 549 997 et
577 942 753 999 rebus
783 944 991 999 creatis
1015 948 1286 1001 naturam
1318 945 1604 1016 dedit,eas
1637 950 1845 1018 suapte
1872 962 1946 1000 na

300 1032 435 1085 tura
464 1030 597 1086 ferri
630 1035 685 1087 et
705 1032 911 1104 agitari
940 1033 1133 1090 sinere
1159 1035 1365 1102 noluit,
1400 1052 1473 1091 ne
1506 1037 1649 1091 forte
1704 1036 1764 1090 in
1795 1034 1944 1090 nihi-

299 1116 424 1173 lum
455 1125 884 1177 reverterentur
915 1141 928 1178 :
964 1124 1065 1179 sed
1099 1128 1165 1180 ut
1193 1126 1384 1181 bonus
1442 1142 1550 1182 suo
1576 1126 1946 1197 Verbo.quod

299 1206 492 1280 ipsum
516 1227 747 1282 quoque
770 1213 922 1269 Deus
955 1214 1403 1281 est,universam
1438 1220 1709 1271 naturam
1734 1217 1945 1288 guber-

300 1301 423 1365 nat,
457 1304 513 1355 et
542 1305 856 1369 sustentat,
890 1307 958 1359 ut
1003 1304 1176 1360 Verbi
1236 1306 1415 1361 ductu
1470 1304 1949 1377 providentiaque

302 1391 361 1443 et
390 1389 899 1450 administratione
927 1393 1283 1465 illuminata,
1318 1396 1488 1451 firma
1544 1395 1866 1451 consistere
1894 1398 1950 1450 et

301 1493 540 1534 manere
574 1481 778 1553 possit,
810 1482 1031 1555 quippe
1056 1501 1182 1556 quas
1216 1485 1385 1541 Verbi
1418 1485 1793 1556 Patris,quod
1817 1499 1949 1540 vere

300 1570 410 1631 est,
440 1568 543 1623 ﬁat
571 1568 699 1641 ipsa
729 1572 1042 1645 particeps,
1068 1579 1125 1629 et
1151 1575 1222 1629 ab
1243 1592 1309 1629 eo
1340 1578 1403 1629 ut
1429 1574 1503 1629 sit
1532 1574 1861 1645 adjuvetur,
1879 1591 1950 1629 ne

301 1655 524 1713 scilicet
549 1675 679 1715 esse
708 1660 958 1729 desinat,
992 1664 1145 1735 quod
1176 1664 1380 1736 utique
1417 1665 1597 1731 ﬁeret,
1632 1665 1732 1721 38
1780 1664 1893 1720 nisi
1917 1681 1952 1720 a

304 1747 497 1803 Verbo
526 1756 986 1823 conservaretur,
1020 1754 1175 1825 quod
1207 1754 1401 1826 ipsum
1432 1759 1509 1811 est
1532 1757 1712 1825 imago
1742 1755 1840 1810 Dei
1868 1772 1952 1809 tn-

300 1837 537 1893 visibilis
562 1841 959 1912 primogenita:
1013 1845 1194 1900 omnis
1248 1847 1514 1900 creatum
1541 1845 1584 1881 ²¹
1622 1861 1634 1901 :
1669 1843 1948 1916 quoniam

2054 691 2231 740 νηται.
2278 674 2447 744 Ὁρῶν
2508 667 2597 725 οὖν
2664 672 2763 741 τήν
2822 670 3054 745 γενητὴν
3114 675 3284 726 πᾶσαν
3347 670 3531 749 φόσιν,
3592 672 3718 730 ὅσον

2055 760 2190 814 κατά
2236 758 2361 822 τοὺς
2415 756 2586 823 ἰδίους
2633 758 2802 828 αὐτῆς
2850 757 3074 835 λόγους,
3137 759 3363 835 ῥευστὴν
3418 760 3579 817 οὖσαν
3625 764 3719 820 xui

2057 846 2446 920 διαλυομένην·
2475 848 2567 904 ’ίνα
2601 850 2675 923 μὴ
2707 854 2869 904 τοῦτο
2916 851 3173 924 πάθῃ,καὶ
3222 848 3389 906 πάλιν
3433 851 3511 914 εἷς
3541 854 3603 908 τὸ
3636 855 3716 928 μή

2059 938 2192 993 εἶναι
2225 940 2464 1014 ἀναΑυθῇ
2511 940 2572 993 τὸ
2625 937 2779 1009 ὅλον,
2827 939 3023 994 τούτου
3069 936 3245 995 ἕνεκεν
3292 945 3371 1013 τῷ
3401 942 3594 997 ἑαυτοῦ
3623 944 3718 999 xui

2060 1026 2221 1102 ἀϊδίῳ
2269 1028 2433 1104 Λόγῳ
2481 1030 2716 1099 ποιήσας
2773 1029 2841 1083 τά
2894 1026 3092 1097 πάντα,
3149 1028 3240 1085 καὶ
3292 1029 3562 1094 οὗσιώσας
3612 1033 3715 1102 τὴν

2057 1117 2254 1186 κτίσιν,
2287 1117 2387 1174 οὐκ
2430 1120 2634 1197 ,ἀφῆκεν
2686 1119 2851 1187 αὐτὴν
2900 1122 2969 1192 τῇ
3024 1119 3220 1189 ἑαυτῆς
3264 1117 3417 1199 φύσει
3472 1121 3720 1196 σέρεσθαι

2059 1206 2148 1264 καὶ
2178 1209 2554 1284 χειμάζεσθαι,
2580 1205 2669 1263 ’ίνα
2722 1208 2797 1281 μὴ
2847 1205 3160 1283 κινδυνεύσῃ
3210 1206 3376 1265 πάλιν
3419 1209 3497 1273 εἷς
3526 1211 3589 1266 τὸ
3638 1212 3715 1283 μὴ

2060 1297 2211 1353 εἶναι·
2247 1296 2371 1352 ἀλλ’
2402 1298 2478 1360 ὡς
2512 1297 2708 1373 ἀγαθὸς
2759 1300 2872 1371 (75)
2921 1303 2999 1370 τῷ
3046 1299 3239 1354 ἑαυτοῦ
3285 1297 3452 1374 Λόγῳ
3490 1301 3581 1355 καὶ
3615 1299 3717 1355 αὗ-

2057 1393 2137 1460 τῷ
2169 1383 2285 1441 ὄντι
2311 1392 2426 1459 Θεῷ
2471 1388 2571 1456 τήν
2606 1387 2889 1460 σύμπασαν
2943 1383 3269 1464 διακυϐερνᾷ
3314 1389 3404 1444 xui
3453 1387 3715 1460 καθ’ίστη-

2059 1500 2160 1547 σιν,
2206 1476 2318 1549 ἵνα,
2378 1481 2447 1551 τῇ
2504 1481 2601 1531 τοῦ
2644 1477 2825 1552 Λόγου
2872 1477 3143 1553 ἡγεμονίᾳ
3196 1478 3287 1533 καὶ
3345 1479 3580 1557 προνοίᾳ
3625 1479 3719 1535 καὶ

2060 1566 2419 1641 διακοσμήσει
2473 1567 2816 1645 φωτιζομένη
2875 1569 2911 1636 ἡ
2968 1566 3165 1636 κτίσις,
3229 1563 3466 1644 βεϐαίως
3526 1568 3721 1643 διαμέ-

2462 1704 2477 1729 ,
2512 1658 2602 1711 ἅτε
2660 1654 2725 1726 δὴ
2783 1661 2880 1712 τοῦ
2940 1652 3111 1720 ὅντως
3170 1655 3329 1721 ὄντος
3387 1657 3447 1714 ἐκ
3506 1660 3717 1733 Πατρὸς

2060 1747 2241 1824 Λόγου
2296 1741 2784 1821 μεταλαμϐάνουσα
2845 1746 2935 1802 καὶ
3015 1749 3364 1823 βοηθουμένη
3425 1745 3497 1804 δι’
3557 1749 3720 1805 αὐτοῦ

2061 1838 2139 1900 εἷς
2203 1838 2265 1891 τὸ
2331 1836 2481 1893 εἶναι’
2555 1838 2630 1909 μὴ
2696 1834 2797 1910 ἄρα
2869 1834 3012 1912 πάθῃ
3069 1836 3200 1913 ὅπερ
3269 1840 3383 1913 (76)
3452 1838 3510 1893 ἂν
3583 1836 3721 1895 ἔπα-

2059 1679 2167 1713 νειν
2223 1655 2427 1731 δυνηθῇ

300 1942 404 1999 per
430 1926 627 2000 ipsum
652 1932 711 1986 et
735 1930 1279 2004 inipsoconsistunt
1298 1934 1498 1990 omnia
1525 1950 1659 1989 cum
1709 1950 1778 1990 ea
1820 1950 1947 2005 qum

2071 1930 2173 2001 θεν,
2207 1926 2255 1982 εἰ
2303 1927 2379 2000 μή
2431 1926 2459 1981 6
2512 1926 2693 2001 Λόγος
2741 1924 2907 1995 αὐτὴν
2956 1925 3159 2004 ἐτήρει,
3211 1925 3360 2002 λέγω
3411 1925 3477 1998 δή
3526 1928 3590 1983 τὸ
3639 1929 3715 2002 μή

299 2015 595 2088 videntur,
626 2021 752 2074 tum
785 2036 912 2092 quae
942 2037 1058 2078 non
1091 2021 1383 2092 videntur,
1433 2022 1710 2095 idemque
1739 2027 1830 2079 est
1852 2039 1949 2079 ca-

300 2109 409 2249 ἓυι
436 2105 804 2178 ΕοοΙθεὶεΒ,υῐ
830 2109 890 2165 in
924 2111 1145 2169 sanctis
1171 2111 1382 2170 litteris
1406 2112 1668 2169 veritatis
1690 2112 1948 2169 ministri

347 2199 517 2249 ocent
544 2197 606 2249 ³³.

347 2199 517 2251 ocent
544 2197 606 2254 ³³.

2061 2017 2217 2087 εἶναι,
2271 2015 2331 2078 ὅς
2380 2015 2520 2071 ἐστιν
2572 2015 2731 2071 εἰκὼν
2777 2020 2875 2071 τοῦ
2928 2020 3064 2072 Θεοῦ
3109 2022 3207 2072 τοῦ
3264 2016 3518 2091 ἀοράτου,
3566 2037 3719 2092 πρω-

2057 2107 2285 2169 τότοκος
2338 2107 2518 2176 πάσης
2565 2105 2813 2168 κτίσεως·
2865 2104 2949 2161 ὅτι
2999 2103 3069 2161 δι’
3121 2106 3287 2162 αὐτοῦ
3334 2106 3423 2161 καὶ
3473 2106 3525 2161 ἐν
3568 2105 3718 2179 αὐτῷ

2059 2197 2350 2268 συνέστηκε
2404 2196 2474 2251 τά
2528 2196 2699 2251 πάντα
2752 2196 2821 2251 τά
2873 2217 2934 2251 τε
2979 2196 3147 2271 ὁρατά
3203 2196 3293 2251 καὶ
3346 2196 3413 2252 τὰ
3472 2195 3711 2272 ἀόρατα,

300 2281 392 2337 καὶ
421 2283 583 2348 αὐτός
614 2285 753 2343 ἐστιν
780 2290 815 2358 ἡ
846 2286 1057 2368 κεφαλὴ
1090 2298 1191 2361 τῆς
1223 2289 1573 2365 Ἐκκλησίας,
1608 2293 1681 2354 ὡς
1851 2297 1951 2361 τῆς
1984 2286 2243 2359 ἀληθείας
2276 2284 2514 2342 διάκονοι
2545 2283 2885 2341 διδάσκουσιν
2920 2284 2971 2341 ἐν
3002 2285 3182 2362 ἁγίοις
3211 2287 3551 2363 γράμμασιν.

371 2375 460 2430 42.
493 2379 612 2435 Ηοο
631 2394 767 2453 ergo
796 2381 1169 2455 omnipotens
1199 2387 1257 2439 et
1285 2384 1730 2440 sanctissimum
1762 2382 1951 2439 Patris

298 2462 560 2522 Verbum
591 2484 685 2526 res
711 2470 1016 2528 universas
1039 2474 1457 2546 pervadens,ac
1479 2491 1620 2530 suas
1645 2473 1797 2529 vires
1820 2473 1949 2529 ubi-

301 2568 416 2625 que
446 2554 1335 2635 explicansomniaquevisibilia
1364 2568 1422 2619 et
1453 2562 1775 2621 invisibilia
1813 2561 1951 2619 illu-

303 2642 561 2711 minans,
593 2662 661 2702 ea
690 2648 750 2703 in
783 2650 976 2723 seipso
1007 2652 1265 2709 continet
1292 2658 1350 2710 et
1380 2654 1750 2727 constringit,
1784 2655 1865 2710 ita
1885 2658 1953 2710 ut

302 2731 449 2788 nihil
481 2750 591 2791 sua
619 2739 881 2807 potentia
906 2757 1155 2797 vacuum
1186 2742 1500 2815 relinquat,
1534 2744 1634 2799 sed
1675 2743 1953 2799 omnibus

302 2824 362 2877 et
390 2838 494 2894 per
521 2825 739 2897 omnia,
773 2827 1144 2901 singulisque
1182 2832 1511 2903 speciatim,
1542 2837 1600 2888 et
1628 2833 1951 2904 generatim

312 2913 543 2969 cunctis
576 2913 753 2971 simul
782 2917 962 2974 vitam
987 2919 1357 2992 impertiatur
1385 2925 1773 2979 etcouservet.
1806 2922 1953 2978 Hinc

2134 2381 2223 2434 42.
2283 2377 2458 2440 Αὐτὸς
2513 2380 2644 2452 γοῦν
2700 2377 2729 2431 6
2782 2373 3198 2451 παντοδύναμος
3256 2377 3348 2432 xui
3399 2377 3721 2440 παντέλειος

2062 2466 2217 2542 ἅγιος
2271 2468 2299 2522 ὁ
2355 2470 2458 2521 τοῦ
2518 2467 2729 2540 Πατρὸς
2789 2465 2989 2542 Λόγος,
3048 2461 3238 2529 ἐπιϐάς
3286 2471 3406 2530 τοῖς
3454 2474 3585 2523 πᾶσι
3629 2466 3722 2523 xui

2059 2561 2341 2633 πανταχοῦ
2387 2557 2485 2620 τὰς
2534 2556 2725 2611 ἑαυτοῦ
2773 2553 3026 2631 δυνάμεις
3074 2553 3422 2635 ἐφαπλώσας,
3475 2556 3566 2610 καὶ
3605 2578 3723 2635 φω-

2058 2646 2234 2721 τίσας,
2285 2648 2353 2702 τά
2404 2667 2464 2701 τε
2512 2646 2811 2725 φαινόμενα
2860 2647 2952 2702 xui
3000 2648 3067 2703 τά
3121 2645 3325 2722 ἀόρατα
3379 2646 3574 2714 πάντα,
3635 2645 3716 2711 εἰς

2059 2736 2245 2792 ἑαυτὸν
2306 2736 2521 2812 συνέχει
2579 2736 2669 2791 καὶ
2723 2735 3005 2814 συσφίγγει
3038 2781 3052 2808 ,
3117 2731 3283 2808 μηδὲν
3345 2730 3551 2809 ἔρημον
3612 2742 3719 2805 τῆς

2062 2826 2255 2881 ἑαυτοῦ
2300 2821 2582 2899 δυνάμεως
2631 2822 3042 2897 ἀπολελοιπὼς,
3092 2821 3238 2880 ἀλλά
3279 2824 3452 2879 πάντα
3496 2823 3588 2879 xui
3630 2821 3723 2879 διὰ

2061 2916 2300 2987 πάντων,
2349 2916 2439 2969 xui
2486 2911 2707 2971 ἕκαστον
2753 2912 2884 2988 ἰδίᾳ,
2932 2915 3022 2970 καὶ
3076 2912 3285 2990 ἀθρόως
3316 2915 3459 2987 ὁμοῦ
3496 2914 3565 2968 τὰ
3616 2911 3725 2969 ὅλα

306 3004 531 3058 natura;
561 3020 845 3078 corporeae
878 3008 1184 3082 principia,
1220 3028 1345 3083 quae
1404 3016 1545 3067 sunt
1584 3010 1843 3068 calidum
1899 3015 1954 3068 et

2071 3009 2350 3074 ζωοποιῶν
2408 3004 2499 3060 καὶ
2554 3002 2931 3083 διαφυλάττων
2962 3022 2974 3035 ⁸
3035 3005 3131 3066 τάς
3187 3024 3247 3059 τε
3307 3003 3482 3080 ἀρχάς
3540 3003 3719 3074 πάσης

306 3089 612 3165 frigidum,
646 3094 958 3153 humidum
991 3102 1049 3154 et
1078 3098 1300 3155 siccum
1348 3100 1726 3171 elementum,
1777 3101 1954 3158 simul

2071 3095 2329 3165 αἰσθητῆς
2378 3094 2563 3158 οὐσίας
2598 3139 2611 3165 ,
2664 3092 2821 3170 α’ίπερ
2874 3093 2978 3149 εἶσὶ
3033 3095 3209 3169 θερμή
3258 3092 3347 3148 καὶ
3395 3093 3580 3169 ψυχρά
3625 3091 3720 3147 καὶ

306 3183 668 3248 commiscet,
702 3202 808 3242 nec
837 3186 988 3243 inter
1014 3205 1075 3245 se
1124 3188 1409 3246 dissidere
1442 3190 1605 3257 sinit,
1640 3193 1741 3247 sed
1774 3208 1953 3248 unam

2071 3185 2205 3260 ὑγρά
2254 3183 2345 3239 καὶ
2403 3184 2542 3260 ξηρά
2595 3183 2673 3247 εἰς
2725 3180 2781 3239 ἓν
2828 3182 3254 3261 συγκεραννύων,
3301 3187 3449 3237 ποιεῖ
3501 3182 3576 3255 μὴ
3624 3181 3717 3237 ἀν-

302 3273 360 3326 et
388 3286 707 3329 consonam
739 3274 1110 3334 harmoniam
1141 3280 1295 3352 cogit
1333 3281 1587 3337 efﬁcere.
1620 3282 1729 3338 Per
1755 3280 1952 3355 ipsum

2071 3278 2351 3345 τιστατεῖν,
2386 3270 2532 3327 ἀλλὰ
2565 3272 2690 3346 μίαν
2738 3273 2828 3328 καὶ
2878 3272 3169 3352 σύμφωνον
3220 3268 3504 3328 ἀποτελεῖν
3551 3272 3723 3348 ἁρμο-

304 3360 1357 3441 ejusquevirtutemnequeigniscum
1381 3369 1594 3443 frigore
1606 3353 1954 3444 pugnat,“-

2071 3363 2201 3421 νίαν.
2237 3363 2315 3417 Δι’
2348 3361 2505 3417 αὐτὸν
2553 3361 2644 3417 καὶ
2698 3363 2798 3431 τήν
2843 3361 3008 3418 αὐτοῦ
3057 3359 3286 3436 δύναμιν
3333 3358 3457 3416 οὔτε
3499 3361 3563 3416 τὸ
3613 3364 3721 3437 πῦρ

303 3465 417 3521 que
443 3449 759 3510 humidum
784 3454 1140 3513 elementum
1172 3475 1305 3514 cum
1340 3460 1493 3516 sicco
1528 3476 1540 3516 :
1573 3461 1674 3517 sed
1708 3459 1952 3529 resilla,

2071 3457 2142 3525 τῷ
2170 3455 2372 3528 ψυχρῷ
2406 3453 2662 3529 μάχεται,
2695 3449 2818 3508 οὔτε
2857 3452 2920 3507 τὸ
2971 3451 3133 3529 ὑγρὸν
3173 3455 3253 3524 τῷ
3284 3451 3454 3526 ξηρῷ·
3492 3448 3620 3506 ἀλλ’
3645 3449 3722 3514 ὡς

309 3555 438 3612 quae
468 3556 573 3613 per
601 3543 828 3617 seipsas
858 3550 1000 3602 sunt
1020 3548 1521 3621 contrarim,quasi
1556 3551 1756 3606 amicae
1778 3554 1836 3607 et
1860 3566 1954 3607 co-

2071 3539 2202 3621 φίλα
2248 3541 2339 3597 καὶ
2387 3538 2595 3618 ἀδελφά
2639 3543 2707 3597 τὰ
2752 3544 2864 3616 (78)
2912 3543 3027 3597 καθ’
3083 3541 3244 3596 ἑαυτά
3291 3537 3421 3596 ὄντα
3473 3539 3720 3607 ἐναντία,

305 3631 517 3701 μείω,
549 3647 669 3686 una
694 3633 977 3705 coeundo,
1029 3634 1206 3691 rebus
1264 3636 1723 3709 aspectabilibus
1778 3636 1954 3693 vitam

2071 3630 2382 3693 ςυνελόθντα
2428 3631 2589 3704 ὁμοῦ,
2638 3632 2705 3686 τά
2748 3651 2808 3686 τε
2863 3630 3158 3709 φαινόμενα
3217 3633 3572 3706 ζῳογονοῦσι,
3631 3629 3722 3685 καὶ

305 3716 553 3783 tribunt,
581 3721 639 3774 et
666 3722 1009 3793 corporibus
1041 3740 1227 3780 causa
1271 3729 1413 3781 sunt
1462 3726 1804 3782 exsistendi.
1843 3727 1954 3781 Hoc

2071 3725 2163 3776 τοῦ
2195 3721 2330 3775 εἶναι
2372 3724 2490 3783 τοῖς
2541 3720 2786 3794 σώμασιν
2842 3719 3009 3797 ἀρχαὶ
3057 3719 3302 3796 γίνονται
3534 3717 3720 3792 Τούτῳ

308 3806 498 3862 eidem
525 3807 641 3864 Deo
669 3808 858 3866 Verbo
879 3812 1353 3886 obtemperantes
1383 3830 1477 3872 res
1506 3820 1748 3872 terrenae
1780 3816 1954 3872 vitam

2071 3814 2147 3883 τῷ
2176 3814 2292 3884 Θεῷ
2322 3809 2489 3885 Λόγῳ
2518 3808 2813 3884 πειθόμενα
2843 3811 2911 3865 τὰ
2944 3809 3037 3883 μὶν
3072 3808 3160 3865 ἐπὶ
3192 3816 3297 3886 γῆς
3349 3814 3720 3885 ζωογονεῖται,

310 3894 551 3963 habent,
582 3902 639 3953 et
669 3897 930 3956 caelestes
962 3902 1313 3959 consistunt.
1374 3902 1651 3977 Ejusdem
1712 3905 1960 3978 imperio

313 4002 474 4041 mare
502 3985 842 4044 universum
874 4006 1244 4064 magnusque
1275 4010 1530 4050 oceanus
1561 3995 1813 4067 propriis
1844 3998 1963 4051 ter-

313 4074 494 4131 minis
524 4092 663 4133 suos
694 4081 891 4135 motus
914 4085 1159 4153 coercet,
1209 4089 1264 4138 et
1291 4072 1447 4139 terra
1499 4087 1622 4139 tota
1649 4084 1848 4141 herbis
1873 4085 1961 4140 di-

313 4164 617 4238 versisque
648 4167 888 4240 plantis,
921 4173 989 4226 ut
1008 4172 1135 4243 jam
1168 4171 1311 4241 dixt,
1336 4178 1668 4230 exornatur.
1704 4174 1965 4247 Denique

314 4256 381 4309 ut
409 4271 522 4311 non
553 4254 615 4311 in
647 4273 707 4312 re
721 4258 1033 4316 manifesta
1049 4260 1302 4334 singulis
1324 4263 1697 4319 recensendis
1719 4263 1963 4320 insitam

313 4342 461 4399 nihil
484 4347 574 4400 est
599 4349 1075 4405 rerumomnium
1099 4367 1227 4423 quae
1258 4354 1399 4407 sunt
1420 4356 1478 4408 et
1492 4352 1822 4424 fiunt,quod
1847 4367 1962 4409 non

311 4432 373 4488 in
414 4433 542 4505 ipso
572 4438 630 4491 et
658 4452 762 4508 per
790 4435 987 4509 ipsum
1020 4439 1238 4496 factum
1297 4441 1374 4497 sit
1401 4445 1456 4498 et
1512 4442 1817 4511 consistat,
1878 4442 1964 4498 uti

312 4523 489 4579 etiam
520 4523 609 4580 vir
636 4525 949 4599 theologus
980 4528 1072 4585 his
1099 4530 1292 4587 verbis
1340 4531 1507 4587 docet
1540 4548 1553 4587 :
1586 4534 1647 4589 In
1678 4533 1965 4604 principio

311 4616 439 4668 erat
470 4614 731 4684 Verbum,
754 4619 804 4671 et
833 4617 1065 4673 Verbum
1095 4628 1221 4676 erat
1275 4621 1421 4693 apud
1470 4622 1665 4689 Deum,
1723 4629 1776 4677 et
1826 4622 1966 4677 Deus

2067 3901 2135 3954 τὰ
2171 3896 2230 3954 δὲ
2280 3899 2331 3954 ἐν
2382 3904 2498 3962 τοῖς
2548 3899 2802 3976 οὐρανοῖς
2853 3899 3180 3957 συνίσταται.
3242 3900 3343 3956 Καὶ
3391 3896 3481 3955 διά
3525 3903 3722 3955 τοῦτον

2070 3986 2311 4044 θαλαττα
2366 3989 2459 4063 μὶν
2509 3995 2655 4045 πᾶσα
2699 3990 2790 4044 καὶ
2834 3990 2863 4044 6
2914 3990 3083 4065 μέγας
3143 3989 3381 4052 ὠκεανὸς
3427 3988 3577 4066 ὅροις
3606 3992 3725 4051 τοῖς

2075 4076 2235 4140 ἰδίοις
2295 4075 2484 4154 ἔχουσι
2536 4080 2635 4147 τήν
2682 4078 2882 4134 ἑαυτῶν
2930 4077 3165 4150 κίνησιν
3217 4081 3253 4149 ἡ
3300 4076 3358 4135 δὲ
3404 4078 3541 4155 ξηρά
3587 4083 3732 4133 πᾶσα

2073 4166 2387 4244 χλοηφορεῖ
2415 4168 2505 4222 καὶ
2551 4173 2699 4240 κομᾷ
2744 4167 3022 4230 παντοίοις
3069 4168 3161 4223 καὶ
3193 4164 3473 4246 διαφόροις
3518 4171 3732 4245 φυτοῖς,

2074 4259 2151 4319 ὡς
2190 4255 2533 4333 προείρηται.
2586 4258 2687 4312 Καὶ
2725 4256 2815 4313 ’ίνα
2856 4260 2931 4332 μή
2962 4258 3025 4312 τὸ
3063 4257 3386 4313 καθέκαστον
3439 4255 3526 4313 ἐπὶ
3576 4277 3735 4336 φανε-

2076 4352 2215 4425 ροῖς,
2250 4346 2533 4421 ὀνομάζων
2580 4341 2924 4424 ἐνδιατρίϐω,
2976 4344 3130 4403 οὐδέν
3164 4346 3273 4403 ἐστι
3302 4350 3411 4402 τῶν
3444 4342 3610 4403 ὄντων
3641 4344 3735 4402 καὶ

2073 4436 2404 4513 γινομένων,
2455 4436 2484 4491 ’ὀ
2536 4438 2611 4510 μή
2664 4436 2713 4491 έν
2758 4435 2906 4509 αὐτῷ
2952 4436 3043 4492 καὶ
3092 4432 3161 4490 δι’
3191 4435 3355 4491 αὐτοῦ
3404 4434 3596 4513 γέγονε
3640 4433 3734 4491 xui

2072 4526 2320 4598 ἕστηκεν,
2452 4528 2564 4598 (80)
2616 4546 2747 4602 φησι
2774 4524 2865 4580 καὶ
2896 4526 2925 4579 6
2956 4522 3221 4600 θεολόγος
3254 4525 3412 4602 ἀνήρ’
3462 4525 3548 4581 Ἐν
3582 4523 3730 4599 ἀρχῇ

2074 4617 2141 4687 ἧν
2195 4618 2223 4672 6
2271 4615 2473 4691 Λόγος,
2525 4614 2615 4669 καὶ
2665 4616 2693 4670 6
2741 4614 2919 4689 Λόγος
2967 4615 3035 4684 ἦν
3090 4615 3228 4689 πρὸς
3288 4614 3378 4670 τὸν
3433 4612 3585 4683 Θεὸν,
3639 4612 3731 4669 xui

312 4710 432 4796 erat
457 4702 717 4796 ‘Verbum.
753 4704 952 4796 Omnia
977 4723 1079 4780 per
1132 4710 1320 4781 ipsum
1345 4714 1498 4783 facta
1551 4716 1700 4775 sunt,
1740 4716 1792 4768 et
1845 4714 1954 4769 sine

2074 4707 2205 4768 Θεὸς
2260 4706 2328 4775 ἦν
2390 4705 2419 4760 6
2473 4705 2671 4779 Λόγος.
2734 4705 2915 4759 Πάντα
2970 4701 3039 4759 δι’
3098 4704 3263 4760 αὐτοῦ
3324 4702 3533 4779 ἐγένετο
3566 4745 3583 4771 ,
3640 4702 3734 4759 καὶ

310 4793 428 4863 ipso
438 4792 653 4863 factum
669 4794 908 4851 estnihil
919 4795 1171 4861 ".Quem
1182 4800 1249 4853 ad
1261 4800 1501 4855 modum
1517 4800 1674 4856 enim
1694 4799 1954 4858 musicus

2071 4796 2249 4874 χωρὶς
2283 4795 2447 4850 αὐτοῦ
2477 4794 2690 4870 ἐγένετο
2743 4791 2870 4849 οὐδὲ
2914 4790 2970 4849 ἓν
3019 4795 3157 4867 (81).
3209 4794 3335 4848 Οῖον
3386 4794 3492 4870 γὰρ
3540 4789 3595 4849 εἷ’
3623 4813 3732 4862 τις,

310 4879 436 4955 lyra
460 4882 534 4937 ad
547 4887 900 4941 concentum
925 4888 1383 4959 accommodata,
1408 4890 1803 4963 gravibusque
1825 4906 1961 4946 cum

380 4987 423 5022 ²¹
452 4986 672 5045 Coloss.
708 5006 749 5058 ι,
775 4989 861 5045 15.
937 4991 985 5025 ²²
1013 4991 1156 5061 ibid,
1194 4993 1368 5048 16-18.
1445 4994 1491 5029 ⁸³
1535 4998 1703 5052 Joan.
1748 5014 1788 5065 ι,
1826 4998 1873 5066 1,
1906 4997 1961 5055 3.

357 5094 742 5192 ησξξθιΡφ-ξῖές
774 5095 1024 5192 3173664,"
1025 5098 1236 5192 reicit:
1250 5101 1285 5153 2
1314 5118 1410 5192 an.
1454 5100 1631 5159 habet
1664 5101 1755 5190 “(DC
1790 5100 1841 5173 ἐξ
1872 5103 1963 5192 ἀρ-

307 5173 418 5243 χῆς
448 5170 529 5239 τῷ
560 5170 724 5222 αὐτοῦ
764 5170 948 5244 Λόγῳ.
986 5175 1052 5225 Et
1105 5188 1258 5236 mox,
1319 5171 1598 5245 σύμπασαν
1660 5170 1962 5248 διακοσμῆ-

307 5259 404 5319 σας
432 5238 605 5319 κτίσιν
637 5237 1076 5319 κεθίστησιν.-Εῑ
1105 5243 1599 5319 ριόίδιακοσμήσει
1650 5263 1775 5319 seq:
1807 5249 1960 5304 idem

310 5306 951 5391 βδβθζιδιακυβερνήσει.
977 5314 1066 5391 id.
1088 5306 1275 5391 paulo
1315 5306 1448 5390 post
1497 5306 1819 5391 prodite.”
1854 5320 1960 5377 ha-

310 5381 584 5465 bet_o_iitnui
606 5383 717 5465 xui,
746 5381 1723 5465 et,pro_Bpr10-oupévn;_nupﬁyuévn.

384 5454 631 5537 (76)]’Λν
666 5454 896 5537 abest'a
911 5454 1117 5537 _Felck.
1148 5454 1196 5514 4’
1209 5454 1314 5519 ειη.
1328 5454 1519 5519 ῬαιιἸό
1540 5454 1697 5537 ’ῥοεῒξ
1715 5467 1955 5537 Seguer.

311 5524 635 5606 antggixoiv
668 5530 831 5606 addit
855 5530 982 5606 γάρ.

383 5597 496 5679 (77.)
529 5597 636 5653 Pro
665 5597 1006 5679 cbclﬁeg'uer.
1039 5602 1483 5679 Basil._rGobler.
1517 5610 1574 5664 et
1613 5606 1868 5673 Felckm,
1906 5608 1957 5679 1,

309 5670 348 5751 ἓ
374 5672 431 5723 et
460 5669 491 5751 1i
523 5668 758 5751 anon.o_£
788 5668 1009 5751 habent
1036 5691 1050 5729 :
1084 5676 1333 5750 Anglic.,
1356 5678 1422 5751 ἡ,
1441 5681 1499 5734 et
1528 5680 1585 5734 in
1620 5668 1961 5751 marg/orte

309 5721 399 5872 ἰξνᾴ
460 5721 1499 5819 fnié‘r'pi-Etefi?iégEéiﬁiiT"nisi:
1529 5721 1958 5824 ’ὗτῖῖλδτξὸἔὶἆξ

357 5811 566 5872 elckm.
600 5816 633 5872 3
653 5831 852 5872 anon..
884 5815 1236 5872 Ἐκκλησίας.

357 5811 566 5872 elckm.
600 5811 633 5872 3
653 5831 852 5891 anon.,
884 5811 1236 5892 Ἐκκλῆσίας.

2072 4885 2241 4961 λύραν
2280 4885 2536 4960 μουσικὸς
2568 4885 2952 4959 ἁρμοσάμενος
2980 4882 3072 4939 xui
3099 4884 3169 4941 τὸ.
3201 4878 3370 4962 βαρέα
3412 4886 3533 4946 τοῖς
3564 4881 3730 4955 ὀξέσι,

2143 5102 2258 5177 (78)
2286 5102 2361 5157 Τά
2382 5103 2631 5177 Seguer.
2664 5101 2891 5177 habet:
2925 5099 3027 5159 alii
3057 5100 3391 5177 cumeditis
3421 5099 3731 5177 omittunt.

2070 5171 2438 5249 Idem'paulo
2469 5171 2691 5249 postet
2710 5173 2944 5249 Gobler,
2980 5190 3049 5249 ac
3073 5171 3300 5249 FelckJ
3334 5175 3729 5249 anon.(wovo-

2067 5250 2220 5302 νοῦσι
2240 5245 2652 5320 habentialii
2684 5263 2819 5320 cum
2849 5245 3050 5313 editis,
3088 5248 3377 5320 ζωογονεῖ-

2140 5317 2583 5392 (79)7Particula
2610 5317 2702 5372 καί
2764 5334 2893 5390 quaa
2954 5334 3072 5392 non
3133 5314 3231 5392 est
3287 5317 3349 5373 in
3415 5317 3548 5392 seg,
3614 5314 3728 5392 Go-

2067 5385 2195 5447 hler
2236 5385 2439 5447 'Felck.
2490 5391 2517 5445 1
2550 5393 2671 5447 et2
2723 5385 2925 5459 anon.,
2985 5389 3046 5445 in
3096 5388 3228 5446 aliis
3287 5394 3348 5446 et
3399 5385 3578 5459 editis
3633 5385 3729 5444 hic

2069 5460 2617 5591 legitug.tFelckm.
2670 5464 2696 5518 1
2758 5467 2817 5519 et
2871 5458 3127 5532 Zenon,
3180 5478 3285 5535 pro
3339 5458 3546 5534 τούτῳ,
3601 5460 3732 5515 ταῦ-

2069 5554 2134 5589 τα
2206 5553 2238 5591 a
2282 5552 2310 5590 e
2346 5575 2357 5589 .

2066 5554 2134 5589 τα
2163 5552 2357 5591 Πᾶοθῑ.

2140 5607 2253 5681 (οο)
2290 5604 2461 5681 Proj
2488 5604 2738 5681 Gob_le_r._
2752 5607 2812 5660 et
2840 5603 3097 5663 Felckm.
3133 5606 3157 5662 4
3196 5621 3373 5681 anon.
3482 5603 3727 5681 habent.

2068 5672 2540 5752 Ibid.'Basil_."et
2589 5676 3180 5752 Eelckm._2_anon.,
3226 5672 3517 5752 θεολογίας
3567 5674 3727 5752 ἀνήρ.

2139 5752 2252 5823 (81)
2275 5753 2334 5804 Ὀ
2364 5747 2583 5827 γέγονεν
2617 5748 2713 5807 hic
2743 5748 2909 5809 addit
2935 5747 3196 5815 Felckm.
3228 5747 3473 5809 3'ano'n.
