4160 6398
404 424 482 492 85
1605 433 1898 498 ORATIO
1942 434 2259 497 CONTRA
2304 435 2638 500 GENTES.‘
3747 427 3826 491 se

405 562 497 619 καὶ
555 561 623 618 τὰ
682 558 818 637 μέσα
873 568 993 629 τοῖς
1043 563 1236 629 ἄλλοις
1269 568 1381 640 (82)
1405 571 1472 642 τῇ
1503 568 1671 644 τέχνῃ
1723 569 2058 644 συναγαγὼν,

2196 570 2382 639 ιουιὶε,
2417 575 2474 627 et
2511 571 2724 628 mediis
2754 587 2889 627 cum
2921 569 3054 626 aliis
3085 571 3212 626 arte
3241 565 3602 640 temperatis,
3635 580 3822 621 unum

402 651 459 709 ’ἐν
490 652 553 708 τὸ
584 652 989 727 σημαινόμενον
1053 653 1218 729 μέλος
1271 654 1566 728 ἀποτελοίη
1601 659 1732 731 (83)·
1786 657 1927 712 οὕτω
1975 657 2065 712 καὶ

407 744 443 812 ἡ
476 747 574 797 τοῦ
603 747 736 798 Θεοῦ
767 744 949 822 σοφία,
994 745 1056 800 τὸ
1107 743 1236 800 ὅλον
1291 745 1367 808 ὡς
1400 743 1568 823 λύραν
1618 748 1850 823 ἐπέχων,
1882 745 1971 801 καὶ
2001 747 2069 800 τὰ

409 832 464 888 έν
499 834 616 908 ἀέρι
665 838 782 896 τοῖς
830 834 917 888 ἐπὶ
961 842 1066 909 γῆς
1112 836 1452 911 συναγαγὼν,
1503 838 1594 891 καὶ
1639 838 1706 892 τὰ
1756 836 1806 892 ἐν
1855 835 2068 912 οὐρανῷ

408 926 527 985 τοῖς
555 921 606 977 έν
660 923 797 996 ἀέρι,
829 925 919 978 καὶ
966 926 1034 980 τὰ
1082 922 1187 980 ὅλα
1235 930 1350 987 τοῖς
1390 927 1525 980 κατά
1581 928 1744 1002 μέρος
1790 924 2068 981 συνάπτων

407 1010 500 1068 καί
529 1014 806 1089 περιάγων
854 1018 934 1086 τῷ
990 1015 1181 1070 ἑαυτοῦ
1228 1013 1478 1090 νεύματι-
1505 1016 1595 1070 καὶ
1643 1015 1937 1090 θελήματι,
1976 1013 2069 1070 ἕνα

408 1103 501 1158 τὸν
536 1101 742 1176 κόσμον
791 1105 880 1158 καὶ
917 1103 1041 1177 μίαν
1093 1106 1191 1174 τήν
1240 1104 1435 1159 τούτου
1459 1085 1624 1177 Ξδτάξιν
1673 1104 1931 1160 ἀποτελεῖ
1975 1126 2067 1160 κα-

411 1189 526 1254 λῶς
583 1192 673 1247 καὶ
722 1194 1092 1267 ἡρμοσμένους
1127 1241 1140 1266 ,
1192 1193 1354 1258 αὐτὸς
1418 1195 1511 1268 μὲν
1584 1195 1835 1265 ἀκίνητος
1900 1196 2069 1270 μένων

410 1283 557 1356 παρὰ
601 1286 680 1355 τῷ
724 1283 913 1357 Πατρῖ,
960 1285 1133 1339 πάντα
1183 1281 1240 1339 δὲ
1298 1289 1459 1339 κινῶν
1509 1289 1578 1358 τῇ
1630 1285 1821 1340 έαυτοῦ
1875 1286 2066 1340 συστά-

413 1392 514 1444 σει,
551 1372 625 1434 ὡς
669 1371 727 1427 ἂν
781 1368 1002 1428 ἕκαστον
1053 1379 1132 1446 τῷ
1183 1374 1374 1429 ἑαυτοῦ
1426 1376 1596 1451 Πατρὶ
1645 1373 1802 1449 δοκῇ.
1857 1376 1927 1430 Τὸ
1966 1376 2068 1450 γὰρ

409 1459 714 1535 παράδοξον
766 1461 929 1518 αὐτοῦ
979 1471 1081 1533 τῆς
1130 1463 1387 1534 θεότητος
1435 1465 1594 1519 τοῦτό
1645 1464 1808 1536 ἐστιν,
1860 1464 1941 1519 ὅτι
1993 1465 2070 1520 ένὶ

409 1551 501 1606 καὶ
559 1555 638 1622 τῷ
697 1550 842 1622 αὐτῷ
871 1554 985 1625 (84)
1015 1552 1242 1627 νεύματι
1299 1555 1473 1608 πάντα
1531 1556 1672 1627 ὁμοῦ
1727 1556 1816 1609 καὶ
1874 1555 1972 1609 οὐκ
2015 1555 2073 1609 ἐκ

414 1639 820 1714 διαστημάτων,
869 1639 996 1695 ἀλλ’
1050 1641 1258 1717 ἀθρόως
1309 1640 1413 1697 ὅλα
1460 1645 1527 1698 τά
1568 1665 1627 1698 τε
1675 1643 1826 1721 ὀρθά,
1879 1644 1967 1698 καὶ
2007 1644 2075 1697 τὰ

413 1736 704 1806 περιφερῆ,
754 1731 821 1784 τὰ
850 1727 986 1798 ἄνω,
1033 1732 1101 1785 τὰ
1153 1732 1289 1805 μέσα
1320 1733 1455 1806 (85),
1485 1733 1553 1787 τὰ
1594 1733 1762 1806 κάτω,
1793 1735 1861 1788 τὰ
1913 1733 2070 1809 ὑγρὰ,

412 1820 482 1874 τὰ
532 1819 742 1896 ψυχρὰ,
787 1821 854 1874 τά
904 1821 1097 1894 θερμὰ,
1147 1822 1214 1875 τὰ
1262 1821 1560 1897 φαινόμενα
1587 1823 1678 1877 καὶ
1727 1823 1815 1876 ταὶ
1874 1821 2075 1898 ἀόρατα

414 1909 664 1984 περιάγει
730 1910 821 1964 καὶ
892 1907 1181 1984 διακοσμεῖ
1234 1913 1371 1966 κατὰ
1427 1914 1524 1981 τὴν
1584 1912 1809 1967 ἑκάστου
1868 1911 2022 1990 φύσιν
2058 1951 2152 2016 ,Β

414 1999 1131 2016 .Αης..,..ι
1367 2000 2025 2016 ,υςεημρ

414 1999 581 2072 Ὁμοῦ
613 1999 716 2075 γὰρ
746 2003 826 2071 τῷ
855 1999 1002 2072 αὐτῷ
1047 1999 1270 2074 νεύματι
1323 2000 1508 2070 αὐτοῦ,
1560 2001 1622 2055 τὸ
1658 2002 1752 2074 μὲν
1807 2001 1962 2076 ὀρθὸν
1997 2001 2072 2063 ὡς

419 2087 603 2166 ὀρθὸν,
657 2089 720 2143 τὸ
772 2085 830 2143 δὲ
887 2091 1175 2168 περιφερές
1233 2091 1581 2166 περιάγεται·
1638 2091 1701 2144 τὸ
1761 2087 1818 2144 δὲ
1862 2090 2020 2163 μέσον
2057 2135 2070 2160 ,

416 2178 492 2240 ὡς
525 2175 658 2252 ἔστι,
691 2183 936 2233 κινεῖται·
985 2179 1048 2232 τὸ
1100 2177 1298 2252 θερμόν
1345 2178 1713 2254 θερμαίνεται,
1757 2178 1847 2232 καὶ
1877 2179 1938 2233 16
1980 2178 2072 2249 ξη-

417 2268 511 2342 ρὸν
575 2267 902 2344 ξηραίνεταιο
953 2268 1042 2324 καὶ
1089 2269 1158 2322 τὰ
1207 2265 1314 2322 ὅλα
1368 2267 1445 2330 ὡς
1492 2264 1610 2343 ἔχει
1665 2267 1876 2345 φύσεως
1938 2273 2075 2336 ζωο-

418 2363 654 2412 ποιεῖται
709 2358 798 2412 καὶ
858 2358 1160 2412 συνίσταται
1217 2359 1346 2432 παρ’
1400 2357 1584 2411 αὐτοῦ’
1643 2358 1734 2412 καὶ
1791 2359 2071 2431 θαυμαστή

418 2467 502 2507 τις
527 2444 618 2500 καὶ
663 2445 779 2500 θεία
822 2445 1046 2516 ἀληθῶς
1096 2444 1329 2521 ἁρμονία
1377 2437 1721 2502 ἀποτελεῖται
1771 2444 1840 2500 δι’
1890 2447 2073 2504 αὐτοῦ.

490 2538 580 2592 43.
640 2536 740 2590 Καὶ
801 2533 895 2590 ’ίνα
969 2535 1028 2591 ἐκ
1099 2533 1542 2612 παραδείγματος
1617 2537 1679 2590 τὸ
1748 2535 2076 2607 τηλικοῦτον

417 2623 666 2697 νοηθείη,
699 2622 838 2679 ἔστω
866 2625 929 2679 τὸ
979 2622 1275 2699 λεγόμενον
1328 2625 1404 2687 ὡς
1456 2623 1506 2680 έν
1555 2624 1721 2680 εἰκόνι
1773 2630 1949 2702 χοροῦ
1984 2647 2077 2699 με·-

420 2711 613 2789 γάλου.
647 2715 737 2776 Ὠς
765 2713 945 2769 τοίνυν
977 2719 1074 2770 τοῦ
1121 2719 1296 2792 χοροῦ
1348 2720 1677 2777 συνεστῶτος
1709 2715 1768 2770 ἐκ
1807 2713 2076 2793 διαφόρων

423 2804 721 2878 ἀνθρώπων
754 2806 890 2877 (86),
940 2801 1170 2874 παίδων,
1213 2808 1483 2879 γυναικῶν
1534 2802 1598 2859 αὖ
1645 2805 1734 2860 καὶ
1785 2805 2078 2882 γερόντων,

420 2894 648 2948 καὶτῶν
687 2891 764 2948 ἔτι
807 2893 965 2948 νέωνο
996 2893 1087 2948 καὶ
1139 2894 1256 2956 ένὸς
1308 2899 1403 2954 τοῦ
1452 2893 1830 2970 καθηγεμόνος
1879 2895 2083 2969 σημαί-

425 3004 638 3053 νοντος,
688 2980 915 3045 ἕκαστος
968 2984 1061 3058 μὲν
1111 2984 1248 3038 κατᾶ
1291 2984 1390 3052 τὴν
1444 2983 1599 3062 φύσιν
1647 2985 1837 3040 ἑαυτοῦ
1867 2985 1957 3040 καὶ
1989 2983 2079 3040 δύ-

420 3092 586 3146 ναμιν
621 3076 814 3150 φωνεῖ,
845 3073 873 3126 6
911 3073 1006 3146 μὲν
1039 3073 1173 3146 ἀνὴρ
1205 3073 1279 3134 ὡς
1314 3073 1472 3146 ἀνὴρ,
1507 3074 1534 3127 6
1568 3069 1626 3128 δὲ
1656 3078 1784 3136 παῖς
1824 3075 1898 3136 ὡς
1929 3079 2079 3144 παῖς,

427 3163 455 3217 6
487 3159 546 3216 δὲ
575 3163 750 3239 γέρων
785 3162 861 3224 ὡς
889 3161 1086 3238 γέρων,
1117 3161 1208 3216 καὶ
1253 3162 1280 3216 6
1328 3160 1445 3224 νέος
1495 3163 1568 3224 ὡς
1617 3164 1756 3233 νέος,
1788 3165 1982 3226 πάντες
2025 3162 2082 3218 δὲ

427 3253 554 3326 μίαν
584 3249 943 3308 ἀποτελοῦσιν
986 3250 1270 3327 ἁρμονίαν·
1321 3251 1356 3320 ἢ
1410 3251 1486 3312 ὡς
1535 3254 1569 3304 ’λ
1602 3255 1717 3307 καθ’
1747 3255 1896 3326 ἡμὰς
1927 3254 2079 3328 ψυχὴ

419 3341 476 3398 ἐν
521 3341 702 3414 ταύτῷ
746 3342 844 3404 τὰς
897 3340 948 3396 ἐν
1000 3343 1135 3415 ἡμῖν
1187 3340 1464 3410 αἰσθήσεις
1513 3343 1649 3396 κατὰ
1696 3345 1795 3412 τήν
1854 3344 2083 3412 ἑκάστης
2115 3329 2159 3397 C

425 3430 699 3509 ἐνέργειαν
749 3435 909 3500 κινεῖ,
951 3429 1090 3486 ὥστε
1135 3429 1404 3505 παρόντος
1453 3432 1777 3506 πράγματος
1831 3433 1944 3495 ένὸς
1992 3434 2088 3495 τὰς

424 3521 604 3582 πάσας
653 3522 795 3595 ὁμοῦ
843 3521 1125 3590 κινεῖσθαι,
1170 3521 1260 3574 καὶ
1306 3520 1397 3574 τὸν
1453 3521 1546 3594 μὲν
1599 3519 1879 3599 ὀφθαλμὸν
1936 3524 2086 3599 ὁρᾷν,

426 3612 526 3679 τὴν
584 3608 642 3665 δὲ
690 3610 860 3679 ἀκοὴν
908 3608 1144 3679 ἀκούειν,
1198 3610 1298 3678 τὴν
1345 3606 1403 3663 δῖε
1455 3614 1618 3686 χεῖρα
1670 3613 1956 3681 ἅπτεσθαι,
1999 3611 2089 3666 καὶ

429 3701 530 3769 τήν
609 3694 870 3778 ὄσφρησιν
948 3693 1440 3773 ἀντιλαμϐάνεσθαι
1483 3744 1496 3768 ,
1555 3699 1646 3754 καὶ
1721 3707 1818 3770 τῆν
1908 3706 2088 3776 γεῦσιν

433 3788 701 3865 γεύεσθαι·
761 3787 1038 3852 πολλάκις
1095 3787 1153 3844 δὲ
1207 3789 1299 3844 καὶ
1344 3790 1410 3842 τά
1461 3785 1608 3844 ἄλλα
1651 3789 1791 3864 μέλη
1851 3793 1964 3865 (87)
1992 3797 2090 3846 τοῦ

433 3881 710 3953 σώματος,
745 3879 884 3935 ὥστε
931 3880 1023 3934 καὶ
1077 3880 1204 3941 τοὺς
1234 3875 1406 3941 πόδας
1453 3885 1785 3954 περιπατεῖν·
1818 3880 1853 3950 ἢ
1881 3878 1973 3935 ’ίνα
2001 3881 2091 3936 καὶ

429 3969 602 4046 τρίτῳ
651 3967 1058 4047 παραδείγματι
1103 3969 1166 4022 τὸ
1217 3966 1515 4044 λεγόμενον
1572 3971 1855 4044 σημανθῇ,
1920 3969 2088 4026 ἔοικεν

435 4057 863 4133 οἱκοδομηθείσῃ
925 4057 1164 4132 μάλιστα
1213 4058 1427 4133 μεγάλῃ
1475 4057 1671 4129 πόλει,
1729 4060 1819 4114 καὶ
1880 4060 2091 4116 οἰκονο-

436 4150 682 4224 μουμένῃ
713 4149 800 4204 ἐπὶ
840 4149 1112 4225 παρουσίᾳ
1158 4153 1254 4202 τοῦ
1302 4149 1392 4203 καὶ
1447 4148 1648 4218 ταύτην
1701 4147 2095 4224 οἰκοδομήσαν-

429 4260 525 4301 τος
559 4237 830 4313 ὀὶρχοντος
877 4239 968 4292 καὶ
1020 4235 1312 4313 βασιλέως.
1365 4238 1606 4295 Ἐκείνου
1648 4240 1752 4316 γὰρ
1800 4240 2088 4315 παρόντος,

430 4328 522 4382 καὶ
571 4328 1045 4401 προστάττοντος,
1094 4326 1186 4380 καὶ
1237 4327 1374 4402 πρὸς
1431 4328 1604 4382 πάντα
1657 4329 1749 4383 τὸν
1809 4328 2088 4406 ὀφθαλμὸν

430 4417 725 4487 τείνοντος,
759 4415 1018 4489 ἑπόμενοι
1051 4415 1266 4486 πάντες,
1300 4416 1352 4470 οἱ
1388 4416 1482 4489 μὲν
1530 4415 1617 4470 ἐπὶ
1665 4419 1763 4487 τήν
1797 4419 2090 4495 γεωργίαν,

433 4508 487 4562 οἱ
519 4503 577 4562 δὲ
608 4505 697 4561 ἐπὶ
734 4505 864 4568 τοὺς
915 4502 1271 4582 ὑδραγωγοὺς
1320 4503 1701 4582 ὑδρευσόμενοι
1749 4506 2088 4564 σπεύδουσιν·

436 4593 611 4659 ἄλλος
643 4593 701 4651 δὲ
747 4594 1182 4669 ἐπισιτισάμενος
1236 4595 1584 4670 προέρχεται·
1635 4596 1728 4651 καὶ
1778 4598 1806 4652 ὁ
1862 4597 1956 4671 μὲν
2003 4598 2090 4653 ἐπὶ

432 4686 532 4755 τήν
570 4683 778 4762 βουλὴν
816 4682 1044 4760 βαδίζει,
1078 4685 1107 4738 ὁ
1138 4681 1195 4739 δὲ
1243 4683 1331 4739 ἐπὶ
1378 4686 1478 4753 τὴν
1507 4683 1799 4756 ἐκκλησίαν
1847 4687 2092 4764 εἰσέρχε-

434 4794 546 4830 ται·
578 4775 669 4831 καὶ
700 4776 729 4830 ὁ
765 4775 860 4848 μὲν
911 4771 1168 4842 δικαστὴς
1219 4772 1310 4828 ἐπὶ
1353 4774 1416 4828 τὸ
1461 4770 1716 4845 δικάζειν,
1751 4776 1779 4830 6
1812 4775 1870 4830 δὲ
1906 4772 2092 4853 ἄρχων

441 4863 530 4920 ἐπὶ
587 4864 650 4919 τὸ
709 4865 1049 4937 θεσμοθετεῖν
1085 4882 1098 4896 ⁶
1159 4863 1472 4918 καθίσταται
1532 4861 1589 4919 δὲ
1659 4860 1855 4928 εὐθέως
1911 4865 1939 4920 ὀ
2001 4868 2096 4940 μὲν

434 4953 696 5031 τεχνίτης
729 4951 819 5009 έπί
858 4954 960 5023 τὴν
1016 4951 1293 5030 ἐργασίαν,
1345 4954 1373 5009 6
1424 4951 1482 5009 δὲ
1509 4954 1710 5025 ναύτης
1743 4955 1831 5010 ἐπὶ
1876 4957 1976 5025 τὴν
2006 4955 2097 5012 θά-

442 5041 642 5099 λατταν
695 5042 1042 5119 κατέρχεται,
1095 5043 1123 5096 ὁ
1169 5043 1371 5098 τέκτων
1423 5043 1510 5099 ἐπὶ
1557 5045 1620 5100 τὸ
1665 5046 2019 5117 τεκτονεύειν,
2068 5048 2095 5102 ὁ

444 5132 628 5210 ἰατρὸς
670 5131 758 5188 ἐπὶ
804 5133 904 5202 τήν
938 5131 1244 5208 θεραπείαν,
1275 5133 1302 5186 6
1333 5131 1625 5208 οἰκοδόμος
1677 5133 1765 5191 ἐπὶ
1811 5137 1910 5205 τὴν
1945 5136 2094 5191 οἶκο-

435 5219 615 5296 δομήν
646 5243 659 5258 ·
690 5222 782 5278 καὶ
827 5223 857 5277 ὁ
906 5221 1000 5294 μὲν
1054 5219 1130 5283 εἰς
1159 5222 1251 5276 τὸν
1301 5221 1466 5299 ἀγρὸν
1522 5221 1750 5298 βαδίζει,
1805 5225 1834 5279 ὁ
1880 5222 1936 5280 δέ
1990 5225 2094 5281 ἀπδ

429 5317 529 5368 τοῦ
581 5315 754 5389 ἀγροῦ
807 5311 1125 5388 ἀνέρχεταιο
1186 5311 1276 5366 καὶ
1335 5313 1388 5366 οἱ
1448 5314 1541 5386 μέν
1596 5315 1720 5390 περὶ
1775 5315 1874 5384 τήν
1931 5314 2093 5372 πόλιν

433 5403 870 5481 ἀναστρέφονται,
905 5402 958 5456 οἱ
988 5398 1046 5455 δὲ
1080 5401 1185 5455 ἀπὸ
1213 5407 1316 5470 τῆς
1363 5401 1581 5465 πόλεως
1633 5403 1972 5480 ἐξέρχονται,
2004 5407 2094 5460 καὶ

651 5509 907 5589 Ιξθίομω.
943 5512 1212 5589 Egon,
1245 5509 1456 5589 ἄκροις.
1492 5511 1671 5589 Idem,
1703 5515 2090 5589 προσαγαγών.

507 5581 619 5659 (8_3)
651 5583 882 5659 Gobler.
905 5587 962 5638 et
987 5581 1245 5659 Felckm.
1271 5581 1531 5659 1;anon.,
1558 5581 2091 5659 ἀποτελέσῇ.’1ἱᾶθιη

433 5651 612 5731 paulo
643 5657 775 5731 post
801 5671 906 5731 pro
936 5653 1278 5731 συναγαγὼν,
1313 5651 1711 5731 έπΨυνᾴπτων.
1735 5651 1881 5731 Item
1917 5659 2091 5731 paulo

426 5723 570 5798 ,ᾖοει
615 5723 752 5799 ama
797 5723 1046 5799 νεύματι,
1082 5723 1330 5799 'Se'guer.
1383 5725 1614 5784 Gobler.
1666 5733 1725 5785 et
1769 5723 2025 5788 Felclim.
2062 5733 2087 5788 1

437 5795 612 5854 anon.
642 5795 806 5852 αὐτοῦ
837 5795 1060 5856 habent
1087 5795 1198 5857 pro
1221 5797 1436 5854 ἑαυτοῦ.

508 5868 622 5946 (84)
649 5868 831 5930 Basil.
864 5874 924 5930 et
951 5868 1211 5932 Folckm.
1239 5870 1276 5929 3
1305 5887 1500 5946 anon.,
1534 5869 1724 5934 αὐτοῦ.

2175 660 2353 716 efﬁcit
2373 664 2720 716 concentum
2750 678 2761 715 :
2793 661 2873 716 ita
2896 675 3130 732 quoque
3151 657 3252 714 Dei
3276 656 3574 729 Sapientia
3595 655 3824 711 univer-

2177 767 2310 806 sum
2342 751 2631 805 mundum
2668 750 2846 805 veluti
2896 749 3081 823 lyram
3133 753 3364 815 tenens,
3397 762 3608 818 resque
3638 744 3825 801 aerias

2177 857 2311 895 cum
2359 839 2602 895 terrenis
2650 843 2707 895 et
2754 839 3016 895 caelestes
3062 855 3195 894 cum
3231 837 3405 894 aeriis
3435 837 3823 908 conjungens,

2177 929 2492 1001 omniaque
2523 946 2654 984 cum
2687 928 2936 1001 singulis
2959 932 3331 999 connectens,
3355 929 3412 982 et
3441 942 3547 982 suo
3579 929 3728 981 nutu
3759 941 3826 980 ac

2176 1019 2478 1076 voluntate
2499 1018 2964 1086 circumducens,
2989 1035 3174 1073 unum
3203 1017 3490 1073 mundum
3518 1030 3826 1086 unumque

2179 1109 2384 1165 mundi
2407 1109 2668 1164 ordinem
2696 1108 2935 1180 pulchre
2964 1111 3022 1162 et
3050 1107 3330 1163 concinne
3355 1105 3674 1162 admodum
3699 1104 3825 1160 effi-

2179 1200 2277 1267 cit,
2311 1200 2626 1271 ipsumque
2671 1197 2902 1253 interim
2950 1197 3051 1253 Dei
3100 1197 3350 1253 Verbum
3401 1196 3557 1267 apud
3590 1195 3822 1250 Patrem

2179 1294 2376 1345 manet
2395 1287 2719 1359 immobile,
2734 1287 2875 1342 dum
2898 1287 3114 1358 omnia,
3130 1290 3301 1358 prout
3319 1285 3475 1340 Patri
3496 1283 3687 1339 visum
3707 1283 3827 1339 fue-

2181 1379 2278 1445 rit,
2312 1395 2429 1434 suae
2480 1381 2701 1432 natura:
2750 1375 3077 1432 constantia
3124 1379 3331 1431 movet.
3365 1373 3516 1429 Illud
3563 1372 3720 1428 enim
3764 1371 3822 1426 in

2180 1470 2308 1541 ejus
2337 1467 2640 1523 divinitate
2670 1465 3014 1522 admirabile
3044 1469 3152 1536 est,
3177 1465 3332 1536 quod
3363 1480 3478 1518 uno
3506 1464 3827 1532 eodemque

2181 1561 2327 1614 nutu
2349 1556 2549 1613 omnia
2574 1556 2777 1622 simul,
2805 1554 2985 1610 nullis
3005 1559 3336 1626 temporum
3358 1551 3698 1619 intervallis,
3725 1551 3825 1606 sed

2181 1647 2400 1717 omnia,
2425 1646 2690 1718 inquam,
2717 1643 2917 1712 simul,
2943 1648 3100 1699 recta
3129 1645 3186 1698 et
3214 1641 3477 1714 globosa,
3499 1640 3824 1712 superiora,

2182 1735 2377 1791 media
2397 1739 2454 1790 et
2500 1735 2724 1800 infima,
2739 1733 3003 1800 humida,
3025 1733 3258 1804 frigida,
3273 1731 3482 1797 calida,
3497 1729 3752 1786 visibilia
3772 1733 3829 1784 et

2183 1825 2505 1881 invisibilia
2528 1825 2952 1890 circumducat,
2977 1827 3034 1878 et
3055 1839 3158 1895 pro
3180 1821 3649 1892 uniuscujusque
3669 1827 3832 1874 natu-

2184 1933 2248 1971 ra
2269 1915 2556 1988 gubernet
2575 1918 2630 1969 et
2651 1913 3041 1969 administret.
3066 1912 3212 1967 Nam
3240 1909 3417 1967 simul
3446 1910 3649 1966 eodem
3671 1907 3832 1964 illius

2184 2009 2352 2074 nutu,
2384 2007 2608 2059 rectum
2659 2006 2834 2069 recte,
2866 2007 2923 2058 et
2953 2001 3274 2057 rotundum
3306 1999 3554 2056 rotunde
3602 1999 3786 2054 fertur
3815 2015 3830 2065 ;

2183 2093 2466 2162 medium,
2491 2092 2663 2149 sicuti
2694 2096 2801 2158 est,
2828 2095 3129 2159 movetur;
3157 2089 3414 2146 calidum
3436 2088 3690 2157 calescit,
3717 2088 3832 2143 sic-

2185 2201 2318 2240 cum
2351 2182 2602 2251 arescit;
2653 2182 2851 2238 omnia
2881 2181 3133 2253 denique
3179 2197 3284 2252 pro
3332 2197 3441 2235 sua
3479 2183 3688 2234 natura
3730 2177 3832 2233 illo

2185 2275 2361 2330 dante
2416 2273 2618 2327 vivunt
2674 2275 2731 2327 et
2784 2270 3136 2340 consistunt,
3186 2267 3712 2340 admirabilemque
3765 2283 3832 2323 ac

2184 2379 2317 2420 vere
2346 2362 2608 2418 divinum
2638 2364 2987 2416 concentum
3019 2375 3124 2433 per
3151 2359 3347 2431 ipsum
3379 2359 3758 2428 componunt.

2259 2543 2348 2597 43.
2382 2541 2456 2596 Ut
2475 2557 2610 2596 vero
2633 2555 2724 2595 res
2749 2543 2911 2595 tanta
2933 2538 3188 2612 imagine
3211 2537 3409 2610 aliqua
3427 2535 3676 2609 intelligi
3698 2552 3832 2609 pos-

2188 2632 2286 2700 sit,
2310 2647 2417 2704 age
2443 2648 2456 2687 :
2489 2631 2789 2687 numerosi
2821 2630 3070 2701 alicujus
3097 2628 3259 2684 chori
3288 2626 3621 2701 exemplum
3648 2627 3837 2682 addu-

2189 2738 2414 2779 camus.
2449 2725 2651 2793 Itaque
2682 2719 3182 2792 quemadmodum
3214 2719 3273 2773 in
3312 2717 3488 2774 choro
3541 2734 3610 2772 ex
3659 2716 3839 2772 variis

2189 2810 2555 2881 hominibus,
2590 2809 2807 2882 pueris,
2844 2807 3212 2878 mulieribus,
3244 2806 3486 2862 senibus
3533 2809 3592 2861 et
3644 2803 3836 2860 adole-

2191 2899 2495 2957 scentibus
2527 2899 2874 2971 composito,
2908 2899 3011 2954 84
3058 2914 3174 2954 uno
3204 2896 3450 2970 praeside
3480 2895 3840 2959 moderante,

2192 2988 2410 3062 singuli
2459 3006 2563 3061 pro
2601 3006 2706 3044 sua
2737 2992 2949 3043 natura
2978 2991 3034 3043 et
3063 2986 3342 3044 facultate
3371 2988 3632 3053 cantant,
3662 2983 3750 3039 vir
3779 2987 3846 3038 ut

2191 3079 2299 3147 vir,
2335 3095 2479 3150 puer
2529 3083 2594 3132 ut
2642 3095 2806 3150 puer,
2841 3092 3018 3133 senex
3064 3080 3130 3132 ut
3178 3092 3373 3141 senex,
3406 3074 3748 3130 adolescens
3780 3076 3847 3127 ut

2193 3170 2262 3224 ad
2272 3168 2762 3234 olescens,omnes
2779 3172 2897 3222 tam
2907 3183 2977 3222 en
2997 3183 3180 3222 unum
3194 3168 3542 3222 concentum
3557 3162 3841 3229 efficiunt,

2190 3257 2279 3314 vel
2311 3257 2811 3330 quemadmodum
2843 3260 3045 3313 nostra
3085 3255 3284 3311 anima
3331 3254 3534 3310 eodem
3583 3256 3845 3324 tempore

2197 3351 2430 3404 nostros
2453 3363 2664 3404 sensus
2687 3364 2790 3419 pro
2813 3347 3099 3418 cujusque
3117 3343 3459 3400 efﬁcacitate
3477 3346 3685 3409 movet,
3701 3341 3844 3397 adeo

2199 3441 2266 3493 ut
2287 3441 2570 3509 praesente
2593 3454 2654 3492 re
2677 3437 2871 3508 aliqua
2891 3451 3096 3492 omnes
3123 3433 3300 3490 simul
3322 3435 3683 3501 moveantur,
3707 3446 3846 3485 ocu-

2196 3527 2409 3598 lusque
2430 3526 2644 3591 videat,
2669 3525 2830 3581 auris
2855 3525 3074 3595 audiat,
3094 3540 3305 3580 manus
3330 3525 3554 3594 tangat,
3572 3520 3848 3576 odoratus

2199 3616 2452 3683 olfaciat,
2485 3619 2682 3688 gustet
2711 3619 3004 3688 gustatus,
3033 3613 3264 3684 aliaque
3291 3610 3552 3683 corporis
3584 3608 3851 3665 membra

2201 3723 2354 3779 saepe
2375 3705 2551 3761 etiam
2577 3709 2772 3777 agant,
2792 3704 2949 3760 verbi
2977 3703 3182 3775 gratia,
3203 3701 3380 3775 pedes
3399 3698 3734 3756 ambulent:
3760 3697 3851 3754 vel

2201 3800 2266 3851 ut
2314 3795 2484 3851 tertio
2524 3794 2790 3868 exemplo
2822 3810 2945 3850 rem
2977 3793 3364 3858 illustremus,
3397 3790 3456 3846 id
3487 3789 3741 3846 maxime
3770 3787 3852 3844 si-

2202 3884 2340 3940 mile
2371 3900 2500 3939 esse
2527 3884 2758 3940 videtur
2789 3900 3014 3956 magnae
3059 3880 3234 3937 alicui
3263 3879 3392 3936 urbi
3425 3879 3692 3946 conditae,
3724 3895 3852 3950 quas

2201 3977 2485 4048 praesente
2515 3973 2777 4045 principe
2799 3977 2856 4028 et
2887 3973 3258 4045 imperatore,
3283 3969 3383 4042 qui
3409 3985 3540 4025 eam
3569 3967 3852 4036 condidit,

2201 4063 2668 4120 administretur.
2703 4063 3005 4134 Siquidem
3036 4061 3136 4116 illo
3166 4064 3450 4132 praesente
3492 4062 3548 4114 et
3585 4059 3852 4130 jubente,

2202 4157 2379 4225 atque
2409 4152 2645 4208 oculum
2677 4154 2748 4208 ad
2775 4152 2975 4207 omnia
3004 4151 3364 4218 intendente,
3389 4163 3594 4204 omnes
3624 4147 3853 4202 obtem—

2202 4247 2427 4316 perant,
2442 4242 2503 4298 hi
2526 4247 2841 4315 properant
2863 4243 2934 4297 ad
2959 4241 3234 4296 colendos
3256 4256 3447 4312 agros,
3463 4237 3547 4292 illi
3566 4237 3638 4293 ad
3662 4253 3854 4307 aquae-

2203 4333 2418 4388 ductus
2439 4332 2510 4388 ad
2533 4332 2920 4387 hauriendam
2951 4346 3163 4402 aquam
3199 4329 3476 4384 festinant
3502 4343 3515 4380 :
3549 4325 3644 4380 hic
3675 4324 3744 4379 ad
3776 4324 3856 4378 ci-

2202 4422 2344 4477 bum
2368 4423 2829 4493 comparandum
2855 4418 3244 4491 progreditur,
3269 4421 3538 4473 senatum
3562 4413 3707 4486 petit
3730 4412 3850 4481 ille,

2204 4511 2349 4566 alter
2376 4511 2435 4565 in
2468 4510 2774 4566 ecclesiam
2805 4509 3034 4563 intrat:
3079 4507 3266 4580 judex
3314 4506 3383 4561 ad
3430 4501 3847 4575 judicandum,

2201 4601 2474 4674 princeps
2492 4601 2681 4672 adjus
2703 4599 3020 4654 dicendum
3043 4613 3105 4653 se
3127 4601 3323 4668 parat:
3354 4594 3559 4651 artifex
3580 4591 3854 4647 similiter

2124 4709 2172 4774 D
2203 4691 2408 4747 statim
2439 4691 2497 4744 in
2529 4707 2678 4762 opus
2706 4688 3020 4754 incumbit,
3054 4691 3235 4742 nauta
3265 4686 3335 4741 ad
3367 4699 3529 4740 mare
3575 4680 3849 4748 excurrit,

2206 4782 2368 4836 faber
2388 4781 2458 4835 ad
2486 4779 2915 4844 fabricandum,
2941 4776 3202 4832 medicus
3227 4775 3297 4830 ad
3321 4773 3743 4842 curandum,et
3766 4788 3854 4827 ar-

2203 4871 2495 4926 chitectus
2513 4871 2583 4924 ad
2603 4867 3009 4924 aedificandum
3033 4883 3094 4923 se
3111 4881 3215 4920 con
3227 4865 3360 4920 fert:
3389 4863 3536 4919 alter
3559 4862 3620 4918 in
3642 4877 3852 4934 agrum

2203 4961 2342 5027 exit,
2372 4977 2442 5015 ex
2484 4975 2623 5031 agro
2674 4958 2823 5014 redit
2862 4957 3010 5014 alter
3041 4974 3053 5012 :
3105 4955 3204 5011 alii
3237 4954 3457 5011 circum
3488 4952 3693 5009 urbem
3723 4966 3853 5006 ver-

2205 5054 2430 5114 santur,
2454 5047 2553 5103 alii
2583 5064 2651 5102 ex
2673 5048 2818 5102 urbe
2844 5047 3244 5119 egrediuntur,
3269 5044 3600 5114 iterumque
3628 5039 3689 5094 in
3723 5055 3851 5095 eam

2204 5140 2594 5194 revertuntur.
2624 5136 2753 5191 Haec
2774 5151 2946 5208 porro
2970 5134 3169 5191 omnia
3189 5132 3365 5188 unius
3390 5128 3675 5205 principis
3707 5145 3853 5202 prae-

2204 5228 2396 5284 sentia
2416 5233 2474 5282 et
2495 5227 2739 5299 imperio
2760 5229 3045 5298 geruntur
3071 5228 3127 5279 et
3149 5223 3315 5279 fiunt.
3342 5222 3429 5277 Ita
3448 5220 3705 5294 profecto
3727 5235 3849 5274 rem

2203 5335 2436 5390 quoque
2485 5334 2546 5374 se
2584 5316 2800 5372 habere
2831 5315 2888 5369 in
2921 5314 3192 5370 universa
3222 5328 3418 5368 rerum
3450 5314 3680 5375 natura,
3716 5307 3854 5364 licet

2203 5412 2376 5463 tenue
2397 5407 2714 5463 admodum
2747 5405 2825 5460 sit
2852 5403 3205 5476 exemplum,
3231 5401 3420 5458 altiori
3452 5406 3646 5456 tamen
3678 5398 3852 5454 intel-

2275 5515 2387 5585 (85)
2446 5513 2649 5581 Basil.,
2713 5512 2879 5585 μέσω.
2941 5513 3097 5568 Idem
3167 5509 3339 5582 paulo
3398 5513 3548 5582 post,
3605 5506 3672 5560 τὰ
3730 5505 3850 5581 θερ-

2207 5586 2281 5659 μά
2309 5585 2564 5659 omittit.

2274 5658 2388 5730 (86)
2433 5658 2722 5730 Seguer.,_
2758 5651 2986 5730 ἀνδρῶν.
3047 5653 3228 5730 Paulo
3295 5657 3454 5730 post,
3514 5652 3670 5730 ἀνήρ.
3718 5654 3852 5730 post

2248 5721 2349 5810 éia,_
2373 5721 2541 5810 ’παῖςν
2561 5733 2617 5784 et
2668 5721 3025 5810 γέρων-’φρει
3178 5721 3397 5810 desunt
3437 5726 3502 5810 in
3529 5721 3759 5810 (ﬁobler'.
3793 5726 3850 5777 et

2246 5792 2455 5859 elokm.
2483 5802 2508 5856 1
2539 5792 3052 5872 anon.,'quiiidem
3077 5797 3220 5872 ibid:
3236 5796 3462 5872 habent
3483 5795 3510 5850 ὁ
3535 5792 3592 5849 δὲ
3611 5795 3687 5854 ὡς
3703 5792 3843 5854 νέος.

2270 5873 2384 5948 (87)
2415 5872 2509 5932 Sic
2537 5867 2791 5948 Segue'r.‘
2810 5870 2928 5931 Alii
2964 5887 3102 5930 cum
3131 5868 3325 5941 editis,
3361 5867 3524 5944 μὲρη.
