4160 6384
312 397 392 463 87

846 406 912 468 S.
955 407 1385 472 ATHANASII
1428 409 1602 472 OPP.
1649 405 1854 472 PARS
1897 405 1948 472 Ι.
1985 438 2064 458 -
2091 405 2516 474 HlS'l‘ORIC-A
2557 408 2659 474 ET
2701 407 3194 475 DOGMATICA.

320 532 564 607 ligentia
610 541 702 595 est
748 541 1209 615 percipiendum.
1243 545 1536 601 Nimirum
1568 562 1684 601 uno
1716 545 1832 600 ictu
1867 542 1968 600 Dei

2101 537 2244 596 πάλιν
2281 542 2354 604 εἷς
2394 541 2562 612 αὐτὴν
2613 542 3020 620 ἐπανέρχονται.
3072 543 3248 600 Πάντα
3458 540 3517 602 δὲ
3561 548 3735 605 ταῦτα

321 623 498 682 Verbi
534 634 714 686 nutus
745 633 943 689 omnia
970 633 1146 689 simul
1173 635 1685 705 administrantur,
1712 635 1853 690 adeo
1885 639 1970 702 ut,

325 730 454 786 quae
487 734 682 775 rerum
714 720 1084 794 singularum
1115 725 1350 797 prOpria
1379 731 1539 789 sunt,
1571 742 1640 781 ea
1689 742 1723 780 a
1765 724 1969 796 singu-

322 801 397 862 lis
450 806 609 879 ﬁant,
643 814 698 865 et
745 811 816 866 ab
865 813 1139 870 omnibus
1187 815 1364 870 simul
1415 833 1570 871 unus
1615 815 1756 870 ordo
1797 814 1968 886 perﬁ-

323 892 528 950 ciatur.

2079 635 2149 704 τῇ
2182 633 2451 708 παρουσίᾳ
2476 638 2572 687 τοῦ
2621 634 2739 696 ἑνὸς
2791 631 3080 710 ἄρχοντος,
3129 632 3218 689 καὶ
3370 633 3566 691 τούτου
3617 633 3734 692 δια-

2079 720 2222 791 τάξει
2255 721 2556 796 γίγνονται,
2606 722 2694 777 καί
2744 721 3097 780 συνίστανται.
3149 725 3294 779 Κατὰ
3334 728 3502 780 ταῦτα
3547 722 3612 795 δὴ
3645 725 3736 782 καὶ

2082 808 2168 866 ἐπὶ
2211 819 2312 881 τῆς
2360 813 2649 886 συμπάσης
2699 812 2947 881 κτίσεως,
2987 813 3083 869 κᾶν
3141 813 3330 888 μικρὸν
3465 815 3528 869 τὸ
3557 817 3734 891 παρά-

2079 895 2299 975 δειγμα,
2359 901 2512 974 ὅμως
2568 902 2774 976 μείζονι
2833 901 3045 976 διανοίᾳ
3094 905 3206 980 χρὴ
3256 909 3420 959 νοεῖν·
3479 905 3583 961 ὑπὸ
3627 907 3732 982 γάρ

326 987 453 1053 μιᾶς
485 982 649 1059 ῥιπῆς
700 990 812 1062 (89)
859 989 1124 1064 νεύματός
1169 1015 1318 1057 τινος
1357 999 1456 1050 τοῦ
1503 998 1636 1050 Θεοῦ
1683 992 1864 1066 Λόγου
1912 991 2054 1063 ὁμοῦ
2092 991 2162 1046 τὰ
2206 992 2378 1047 πάντα
2424 989 2819 1068 διακοσμεῖται,
2866 993 2957 1048 καὶ
3008 995 3078 1049 τὰ
3117 993 3294 1049 οἰκεῖα
3339 994 3466 1069 παρ’
3501 995 3731 1051 ἑκάστου

323 1068 587 1146 γίγνεται,
619 1077 708 1130 καὶ
740 1080 885 1155 παρά
913 1080 1127 1139 πάντων
1161 1085 1302 1158 ὁμοῦ
1337 1085 1434 1158 μία
1460 1086 1606 1155 τάξις
1637 1080 2001 1139 ἀποτελεῖται.

396 1164 483 1218 44.
518 1165 784 1240 Namque
814 1177 961 1228 nutu
993 1179 1052 1229 et
1078 1175 1290 1232 virtute
1320 1179 1561 1234 rectoris
1600 1182 1657 1232 et
1708 1177 1973 1232 modera-

326 1251 467 1308 toris
488 1257 776 1327 omnium,
806 1261 984 1318 divini
1005 1269 1063 1319 et
1095 1267 1318 1337 paterni
1341 1267 1540 1333 Verbi,
1568 1266 1778 1324 caelum
1799 1267 1973 1323 verti-

327 1345 442 1415 tur,
476 1353 787 1404 moventur
816 1356 992 1425 astra,
1026 1354 1111 1410 sol
1141 1355 1317 1422 lucet,
1347 1362 1591 1430 vagatur
1620 1357 1780 1424 luna,
1816 1375 1914 1414 aer
1943 1376 1977 1415 a

326 1431 447 1488 sole
493 1433 884 1507 illuminatur,
935 1443 1113 1500 ether
1160 1445 1370 1518 caleﬁt,
1421 1447 1564 1502 ﬂant
1611 1447 1784 1515 venti,
1817 1451 1978 1504 stant

329 1527 561 1581 montes
591 1525 702 1583 alte
733 1529 886 1595 elati,
920 1549 1079 1590 mare
1112 1534 1378 1606 ﬂuctuat,
1409 1541 1467 1593 et
1496 1541 1788 1609 quotquot
1818 1538 1876 1593 in
1907 1554 1974 1594 eo

329 1617 472 1668 sunt
503 1615 833 1675 animantes
865 1621 1122 1691 aluntur,
1155 1628 1309 1681 terra
1355 1625 1678 1683 immobilis
1730 1644 1977 1683 manens

332 1700 444 1758 fert
472 1704 718 1773 fructus,
747 1709 923 1767 homo
953 1711 1257 1785 formatur,
1288 1716 1446 1785 vivit,
1480 1734 1544 1773 ac
1567 1717 1777 1773 deinde
1807 1717 1977 1773 mori-

331 1793 429 1846 tur
462 1809 476 1849 :
528 1812 643 1851 uno
675 1799 870 1868 verbo,
901 1802 1099 1859 omnia
1129 1805 1470 1862 animantur
1509 1811 1568 1863 et
1621 1812 1930 1862 moventur
1961 1823 1974 1862 :

329 1879 486 1996 i’jgni‘s
503 1884 664 1996 ιρι-ἰὴ,
677 1904 830 1960 aqua
859 1891 1180 1965 refrigerat,
1209 1895 1399 1952 fontes
1427 1896 1775 1967 scaturiunt,
1799 1896 1974 1952 inun-
2006 1927 2056 1996 Β

333 1970 474 2028 dant
502 1973 769 2044 ﬂumina,
801 1983 1065 2053 tempora
1112 1987 1171 2039 et
1217 1987 1596 2056 tempestates
1634 1987 1974 2055 succedunt,

333 2059 612 2119 decidunt
633 2065 870 2137 imbres,
894 2071 1080 2126 nubes
1101 2071 1523 2145 implentur,fit
1541 2075 1784 2148 grando,
1802 2075 1900 2130 nix
1921 2079 1978 2131 et

328 2147 544 2222 glacies
566 2157 980 2230 compingitur,
999 2178 1134 2218 aves
1154 2162 1370 2230 volant,
1386 2147 1843 2237 progrediuntur
1864 2181 1980 2222 ser-

331 2246 556 2314 pentes,
573 2247 858 2317 aquatilia
877 2254 1103 2318 natant,
1128 2268 1287 2310 mare
1314 2254 1643 2327 navigatur,
1659 2260 1815 2312 terra
1841 2255 1980 2311 seri-

331 2333 429 2387 tur
457 2336 512 2387 et
539 2335 792 2407 propriis
820 2340 1185 2411 temporibus
1215 2343 1482 2415 germina
1507 2345 1742 2410 emittit,
1767 2343 1978 2416 planta)

333 2422 391 2475 et
419 2422 657 2479 arbores
689 2433 982 2496 crescunt,
1017 2447 1267 2502 quarum
1301 2432 1425 2488 aliae
1457 2438 1665 2489 tenerae
1696 2439 1753 2489 et
1784 2451 1978 2489 recen-

335 2514 424 2567 tes
454 2517 613 2582 sunt,
648 2515 774 2574 aliae
805 2525 1049 2577 maturae
1083 2538 1098 2575 :
1150 2523 1278 2578 aliae
1326 2528 1640 2596 postquam
1671 2523 1980 2594 creverint,

337 2609 650 2659 senescunt
677 2612 853 2678 atque
893 2610 1193 2680 deﬁciunt,
1227 2613 1490 2685 dumque
1537 2613 1662 2670 alia:
1717 2618 1981 2686 pereunt,

337 2689 463 2746 alite
495 2709 700 2750 rursus
722 2698 1127 2768 producuntur
1159 2706 1216 2758 et
1243 2719 1275 2757 e
1305 2705 1461 2758 terra
1489 2706 1828 2776 erumpunt.
1857 2704 1983 2759 Haec

336 2784 532 2838 autem
564 2785 762 2841 omnia
791 2791 849 2842 et
877 2786 1047 2860 plura
1074 2791 1206 2859 alia,
1241 2808 1369 2864 quae
1397 2809 1512 2865 pra:
1543 2809 1789 2850 numero
1819 2809 1984 2849 com-

338 2887 664 2929 memorare
707 2890 824 2931 non
867 2876 1189 2948 valeamus,
1222 2881 1569 2938 admirabile
1599 2883 1699 2938 Dei
1742 2883 1984 2939 verbum

334 2958 528 3017 lucem
560 2967 618 3018 et
644 2963 823 3020 vitam
849 2965 1234 3042 infundendo,
1263 2987 1370 3026 suo
1397 2975 1542 3027 nutu
1571 2977 1763 3028 movet
1787 2979 1846 3028 et
1873 2989 1986 3045 gu-

339 3047 567 3118 bernat,
599 3057 773 3125 atque
803 3072 989 3112 unum
1013 3060 1302 3116 mundum
1324 3060 1520 3116 efﬁcit.
1547 3061 1661 3117 Nec
1684 3078 1819 3117 vero
1840 3061 1986 3117 invi-

342 3138 545 3196 sibiles
565 3148 881 3214 potestates
905 3146 1141 3204 virtutis
1161 3164 1280 3206 suae
1297 3155 1564 3222 expertes
1579 3151 1855 3207 dimittit:
1885 3151 1987 3208 sed

339 3245 438 3286 eas
469 3247 723 3304 quoque,
756 3239 958 3308 utpote
1007 3254 1261 3309 quarum
1308 3244 1534 3296 creator
1579 3241 1675 3310 sit,
1707 3241 1858 3297 inter
1895 3257 1988 3297 res

2155 1173 2243 1228 44.
2297 1169 2539 1245 Νεόματι
2585 1174 2688 1248 γὰρ
2733 1171 2822 1228 καὶ
2887 1178 3008 1236 ταῖς
3058 1170 3313 1248 δυνάμεσι
3357 1177 3455 1229 τοῦ
3512 1173 3734 1230 ἐπιστα-

2081 1265 2306 1324 τοῦντος
2334 1261 2424 1317 καὶ
2455 1261 2894 1337 ἡγεμονεύοντος
2921 1268 3029 1318 τῶν
3079 1265 3289 1321 πάντων
3321 1262 3466 1320 θείου
3497 1265 3587 1319 καὶ
3630 1285 3736 1320 πα-

2081 1355 2272 1427 τρικοῦ
2330 1352 2511 1427 Λόγου
2545 1401 2560 1427 ,
2610 1352 2833 1429 οὐρανὸς
2891 1354 2984 1427 μὲν
3039 1354 3448 1433 περιστρέφεται
3485 1398 3499 1423 ,
3554 1355 3623 1409 τὰ
3681 1352 3741 1410 δὲ

2086 1439 2255 1517 ἄστρα
2289 1448 2532 1512 κινεῖται,
2581 1443 2672 1498 καὶ
2705 1445 2732 1498 6
2770 1444 2863 1517 μὲν
2908 1442 3072 1512 ἥλιος
3123 1442 3319 1522 φαίνει,
3352 1446 3388 1514 ἡ
3422 1441 3480 1499 δὲ
3529 1442 3735 1515 σελήνη

2083 1529 2396 1607 περιπολεῖ,
2443 1531 2531 1587 καὶ
2582 1534 2610 1589 6
2961 1535 3054 1607 μὶν
3108 1534 3197 1590 ὑπ’
3228 1533 3392 1589 αὐτοῦ
3423 1533 3741 1612 φωτίζεται,

2087 1622 2248 1696 αἱθὴρ
2277 1618 2335 1677 δὲ
2358 1622 2696 1698 θερμαίνεται
2727 1622 2817 1677 καὶ
2868 1620 3058 1698 ἄνεμοι
3105 1623 3346 1678 πνέουσι·
3395 1625 3464 1678 τὰ
3507 1622 3609 1700 ὅρη
3664 1623 3741 1686 εἷς

2087 1709 2222 1784 ὕψος
2271 1712 2630 1785 ἀνατεταμένα
2668 1710 2904 1784 ἵσταται,
2954 1716 2990 1783 ἡ
3042 1711 3282 1769 θάλασσα
3328 1711 3601 1787 κυμαίνει,
3651 1713 3742 1769 καὶ

2084 1801 2152 1856 τὰ
2195 1799 2246 1855 ἐν
2305 1800 2440 1876 αὐτῇ
2500 1807 2612 1871 ζῶα
2655 1803 2928 1881 τρέφεται,
2977 1805 3012 1872 ἡ
3063 1810 3134 1878 γῆ
3186 1801 3444 1874 ἀκίνητος
3509 1804 3744 1876 μένουσα

2085 1897 2441 1969 καρποφορεῖ,
2487 1890 2576 1947 καὶ
2625 1893 2655 1948 6
2694 1891 2975 1969 ἅνθρωπος
3025 1889 3340 1965 πλάττεται,
3391 1891 3482 1949 καί
3534 1897 3621 1968 ζῇ,
3650 1892 3741 1949 καὶ

2086 1981 2412 2051 ἀποθνήσκει
2465 1980 2630 2037 πάλιν
2677 1984 2812 2057 (91)·
2862 1984 2950 2038 καὶ
3012 1980 3200 2045 ἁπλῶς
3247 1983 3423 2038 πάντα
3469 1985 3743 2060 ψυχοῦται

2084 2069 2175 2126 καὶ
2223 2075 2472 2126 κινεῖταιο
2519 2071 2582 2126 τὸ
2631 2075 2738 2147 πῦρ
2791 2072 2954 2142 καίει,
3003 2073 3066 2127 τὸ
3116 2069 3262 2149 ὕδωρ
3319 2072 3508 2150 ψύχει,
3566 2073 3741 2149 πηγαὶ

2085 2154 2474 2229 ἀναϐλύζουσι,
2519 2161 2757 2235 ποταμοὶ
2807 2159 3232 2239 πλημμυροῦσι,
3261 2162 3443 2238 καιροὶ
3481 2162 3572 2218 καὶ
3603 2163 3742 2239 ὧραι

2086 2250 2539 2326 παραγίγνονται,
2586 2251 2728 2306 ὑετοὶ
2776 2250 3159 2328 κατέρχονται,
3206 2253 3274 2307 τὰ
3323 2253 3455 2330 νὲφη
3491 2251 3744 2328 πληροῦ-

2086 2359 2173 2396 ται
2208 2341 2341 2412 (92),
2374 2337 2594 2416 χάλαζα
2621 2340 2848 2416 γίνεται,
2881 2343 3021 2417 χιὼν
3045 2341 3135 2396 καὶ
3159 2338 3504 2420 κρύσταλλος
3536 2344 3748 2418 πήγνυ-

2088 2450 2197 2502 ται,
2246 2431 2465 2484 πετεινά
2509 2428 2753 2498 ⁸ίπταται,
2808 2429 3004 2506 ἑρπετὰ
3046 2429 3356 2502 πορεύεται,
3411 2427 3606 2506 ἔνυδρα
3653 2433 3748 2503 νή-

2090 2539 2246 2596 χεται
2281 2566 2296 2590 ,
2352 2517 2591 2575 Θάλαττα
2645 2518 2870 2577 πλέεται
2903 2569 2918 2595 ,
2978 2529 3049 2596 γῆ
3113 2522 3389 2599 σπείρεται
3463 2522 3553 2576 καὶ
3614 2521 3750 2577 κατὰ

2087 2609 2217 2671 τοὺς
2279 2606 2451 2672 ἰδίους
2504 2608 2729 2685 καιροὺς
2779 2608 3112 2688 χλοηφορεῖ,
3158 2612 3297 2688 φυτᾶ
3341 2607 3505 2681 αὔξει,
3552 2609 3643 2665 καὶ
3679 2611 3749 2665 τά

2098 2698 2190 2772 μὶν
2217 2699 2411 2768 νεάζει,
2457 2700 2524 2754 τὰ
2577 2697 2636 2754 δὶ
2683 2698 3016 2774 πεπαίνεται,
3066 2702 3133 2756 τὰ
3191 2698 3250 2756 δὲ
3306 2699 3597 2770 αὐξάνοντα
3643 2720 3747 2776 γη·-

2095 2790 2280 2867 ράσκει
2335 2785 2424 2842 καί
2482 2786 2677 2866 φθίνει,
2734 2790 2824 2844 καὶ
2880 2790 2948 2844 τά
3007 2789 3102 2862 μὲν
3156 2789 3513 2867 ἀφανίζεται,
3569 2789 3639 2844 τὰ
3688 2785 3749 2844 δὲ

2093 2883 2340 2954 γεννᾶται
2395 2878 2487 2933 καὶ
2544 2878 2782 2957 φαίνεται
2819 2921 2833 2937 .
2891 2883 3068 2934 Ταῦτα
3123 2876 3181 2934 δὲ
3237 2879 3413 2934 πάντα
3444 2922 3459 2949 ,
3519 2878 3612 2933 καὶ
3670 2875 3750 2934 ἔτι

2093 2967 2273 3023 πλείω
2320 2967 2550 3032 τούτων,
2583 2967 2616 3023 ἃ
2646 2965 2735 3023 διὰ
2781 2968 2846 3024 τὸ
2893 2967 3109 3038 πλῆθος
3157 2968 3256 3024 οὐκ
3286 2967 3552 3045 ἰσχῦομεν
3581 2971 3749 3041 ἡμεῖς

2097 3055 2299 3132 λέγειν,
2351 3059 2380 3112 6
2425 3055 2858 3132 παραδοξοποιὸς
2907 3058 2999 3113 καὶ
3046 3058 3450 3132 θαυματοποιὸς
3499 3059 3613 3131 (93)
3649 3060 3748 3113 τοῦ

2096 3152 2230 3204 Θεοῦ
2281 3147 2458 3223 Λόγος
2508 3147 2757 3225 φωτίζων
2796 3149 2887 3204 καὶ
2939 3153 3248 3220 ζωοποιῶν,
3277 3154 3358 3222 τῷ
3404 3147 3596 3206 ἐαυτοῦ
3623 3147 3752 3203 νεύ-

2106 3259 2233 3311 ματι
2262 3237 2420 3306 κινεῖ,
2452 3236 2541 3294 καί
2571 3236 2876 3312 διακοσμεῖ,
2925 3236 3019 3295 ἕνα
3057 3242 3145 3296 τὸν
3194 3239 3400 3312 κόσμον
3443 3236 3748 3310 ἀποτελῶν,

340 3320 642 3379 universas
681 3325 1110 3398 complectitur,
1125 3345 1350 3402 suoque
1372 3335 1521 3387 nutu
1545 3335 1603 3388 et
1624 3331 1986 3403 providentia

2103 3329 2200 3383 οὐκ
2231 3324 2419 3399 ἔξωθεν
2471 3330 2661 3384 ἑαυτοῦ
2708 3328 2926 3392 καὶτὰς
2969 3330 3235 3407 ἀοράτους
3284 3329 3541 3404 δυνάμεις
3575 3327 3749 3407 ἀφείςο

340 3412 603 3470 continet
629 3419 686 3471 et
710 3416 828 3471 vita
858 3417 1039 3474 donat
1066 3436 1080 3477 :
1115 3435 1218 3475 nec
1250 3419 1575 3492 quidquam
1607 3423 1852 3494 proponi
1887 3438 1988 3494 po-

337 3505 453 3559 test
481 3504 635 3575 quod
668 3504 826 3562 istud
856 3507 1194 3565 incredibile
1217 3510 1336 3565 ﬁat.
1363 3510 1510 3567 Nam
1544 3515 1609 3567 ut
1637 3513 1766 3583 ejus
1798 3510 1988 3584 provi-

339 3590 540 3649 dentia
567 3599 841 3651 crescunt
868 3613 1111 3669 corpora
1140 3604 1198 3654 et
1225 3599 1530 3657 rationalis
1560 3601 1761 3658 anima
1792 3617 1992 3658 move-

340 3686 460 3746 tur,
492 3686 667 3754 atque
697 3684 873 3741 vitam
905 3703 972 3742 ac
1002 3687 1119 3743 vim
1150 3689 1448 3762 cogitandi
1478 3691 1674 3759 habet,
1710 3697 1775 3746 ut
1825 3689 1992 3747 facile

343 3772 592 3845 probatu
618 3777 724 3845 est,
753 3792 889 3830 cum
912 3793 1034 3832 rem
1066 3778 1254 3850 ipsam
1282 3778 1468 3836 oculis
1499 3780 1873 3838 intueamur:
1907 3782 1993 3838 sic

340 3860 498 3917 idem
555 3863 652 3917 Dei
690 3863 948 3921 Verbum
994 3883 1113 3924 uno
1160 3873 1219 3924 et
1267 3868 1518 3940 simplici
1551 3870 1649 3927 85
1683 3875 1852 3939 nutu,
1883 3889 1993 3927 sua

343 3951 558 4008 virtute
579 3954 869 4010 mundum
891 3955 1180 4014 visibilem
1204 3957 1646 4031 invisibilesque
1671 3964 1993 4033 potestates

344 4047 537 4098 movet
581 4048 636 4098 et
676 4043 1102 4115 complectitur,
1136 4046 1506 4120 singulisque
1538 4050 1834 4122 propriam
1866 4052 1992 4107 efﬁ-

345 4130 618 4190 cientiam
642 4132 998 4206 impertitur,
1022 4135 1103 4191 ita
1123 4141 1189 4192 ut
1210 4150 1301 4193 res
1325 4136 1562 4209 quidem
1591 4138 1798 4195 divinae
1820 4141 1994 4196 modo

345 4221 615 4278 diviniori
637 4224 1277 4292 moveantur,visibiles
1301 4243 1538 4299 vero,eo
1560 4245 1674 4301 quo
1698 4230 1995 4287 cernimus

344 4313 538 4368 modo.
571 4312 702 4386 Ipse
734 4318 929 4370 autem
962 4315 1063 4388 qui
1095 4315 1361 4373 omnium
1394 4335 1632 4390 praeses,
1655 4319 1992 4392 imperator,

347 4407 404 4457 et
433 4403 765 4460 constantia
796 4409 906 4470 est,
931 4404 1129 4462 omnia
1148 4406 1220 4462 ad
1242 4407 1636 4479 cognitionem
1667 4413 1723 4465 et
1748 4410 1996 4483 gloriam

350 4491 443 4548 sui
473 4493 661 4550 Patris
693 4495 1154 4567 promovendam
1187 4495 1271 4552 ita
1317 4497 1458 4570 agit,
1493 4502 1557 4554 ut
1604 4515 1707 4571 per
1753 4517 1821 4556 ea
1868 4517 1996 4573 quas

349 4582 501 4639 fiunt
530 4600 708 4657 opera
733 4585 939 4642 docere
967 4589 1024 4642 et
1043 4585 1234 4643 dicere
1261 4587 1527 4644 videatur
1555 4605 1568 4644 :
1602 4591 1686 4645 Ex
1712 4593 1997 4662 magnituo

2096 3419 2322 3495 καὶγὰρ
2353 3419 2444 3473 καὶ
2474 3421 2587 3492 (94)
2623 3418 2844 3493 ταύτας,
2895 3420 2983 3475 οἷα
3032 3416 3098 3489 δὴ
3147 3419 3239 3475 καὶ
3289 3419 3463 3475 αὐτῶν
3513 3419 3751 3489 ποιητής

2100 3509 2386 3585 ὑπάρχων,
2437 3504 2862 3584 συμπεριλαϐὼν
2908 3509 2960 3564 ἐν
3009 3515 3128 3573 τοῖς
3179 3507 3360 3580 ὅλοις,
3411 3509 3627 3586 συνέχει
3665 3507 3755 3563 καὶ

2102 3603 2360 3668 ζωοποιεῖ
2407 3597 2572 3654 πάλιν
2620 3603 2700 3671 τῷ
2751 3599 2941 3654 ἑαυτοῦ
2987 3598 3233 3673 νεύματι,
3285 3598 3376 3654 καὶ
3434 3603 3502 3673 τῇ
3565 3599 3756 3654 ἑαυτοῦ

2099 3687 2348 3764 προνοίᾳ·
2382 3688 2472 3743 καὶ
2503 3687 2698 3744 τούτου
2750 3689 2848 3744 οὐκ
2895 3685 2956 3744 άν
3003 3711 3058 3746 τι
3088 3690 3298 3764 γὲνοιτο
3329 3687 3468 3765 πρὸς
3504 3685 3753 3743 ἀπιστίαν

2103 3776 2338 3857 ἐφόδιον.
2372 3779 2460 3841 Ὡς
2492 3779 2596 3853 γὰρ
2625 3781 2695 3852 τῇ
2748 3779 2940 3834 ἑαυτοῦ
2986 3778 3220 3853 προνοίᾳ
3246 3779 3336 3835 καὶ
3389 3779 3618 3852 σώματα
3665 3777 3758 3852 μὶν

2102 3866 2266 3941 αὔξει,
2300 3869 2452 3945 ψυχὴ
2488 3867 2545 3923 δὲ
2591 3870 2626 3939 ἡ
2669 3866 2869 3944 λογική
2915 3874 3158 3941 κινεῖται,
3203 3869 3294 3925 καὶ
3339 3869 3402 3924 τὸ
3445 3867 3759 3944 λογίζεσθαι

2100 3958 2190 4014 καὶ
2219 3959 2282 4013 τὸ
2314 3961 2410 4032 ζῇν
2443 3955 2579 4034 ἔχει,
2611 3957 2700 4013 καὶ
2730 3963 2893 4014 τοῦτο
2927 3958 2988 4014 οὐ
3018 3956 3240 4029 πολλῆς
3273 3955 3602 4029 ἀποδείξεως
3648 3954 3761 4013 δεῖ·

2099 4068 2209 4105 ται·
2244 4048 2460 4123 ὁρῶμεν
2489 4048 2594 4124 γὰρ
2643 4049 2708 4103 τὰ
2754 4047 3038 4124 γινόμενα’
3089 4047 3234 4104 οὕτω
3283 4046 3348 4118 δὴ
3399 4046 3566 4103 πάλιν
3598 4045 3758 4110 αὐτὸς

2104 4139 2133 4195 6
2161 4143 2257 4193 τοῦ
2287 4141 2421 4193 Θεοῦ
2451 4135 2630 4213 Λόγος
2681 4137 2758 4192 ἐνὶ
2805 4137 2895 4192 καὶ
2946 4135 3108 4210 ἀπλῷ
3152 4136 3403 4212 νεύματι,
3451 4141 3520 4211 τῇ
3567 4136 3761 4192 εαυτοῦ

2106 4227 2332 4302 δυνάμει
2362 4227 2452 4282 τόν
2499 4248 2559 4282 τε
2609 4228 2799 4302 ὁρατὸν
2849 4226 3054 4302 κόσμον
3099 4227 3189 4283 καὶ
3238 4229 3336 4290 τὰς
3369 4228 3634 4304 ἀοράτοος
3665 4223 3760 4282 δυ-

2103 4319 2295 4392 νάμεις
2324 4322 2462 4372 κινεῖ
2488 4315 2578 4372 καὶ
2611 4318 2847 4393 συνέχει,
2898 4316 3105 4390 ἑκάστῳ
3148 4318 3251 4386 τὴν
3304 4313 3443 4372 ἰδίαν
3488 4315 3760 4392 ἐνέργειαν

2107 4403 2424 4469 ἀποδιδούς’
2477 4406 2614 4462 ὥστε
2659 4407 2754 4469 τὰς
2807 4407 2900 4481 μὲν
2950 4407 3095 4470 Θείας
3144 4407 3431 4483 θειοτέρως
3478 4406 3761 4472 κινεῖσθαι,

2104 4496 2174 4552 τὰ
2202 4493 2260 4552 δὲ
2307 4497 2476 4574 ὁρατὰ
2511 4494 2692 4570 ὥσπερ
2739 4497 2829 4551 καὶ
2881 4494 3089 4571 ὁρᾶται.
3139 4496 3312 4560 Αὐτὸς
3371 4493 3448 4568 δὶ,
3501 4493 3590 4550 ἰπὶ
3637 4491 3766 4549 πάν-

2104 4608 2236 4660 των,
2269 4587 2496 4662 ἡγεμών
2539 4606 2599 4641 τε
2648 4587 2738 4641 καὶ
2793 4584 3048 4661 βασιλεὺς
3095 4585 3184 4642 καὶ
3392 4584 3645 4648 σύστασις
3674 4604 3764 4660 γι-

343 4673 476 4729 dine
505 4677 554 4730 et
586 4675 1011 4746 pulchritudine
1037 4693 1224 4734 rerum
1250 4683 1585 4750 creaturam,
1618 4683 1986 4738 convenienter

2108 4677 2336 4752 νόμενος
2368 4681 2476 4732 τῶν
2521 4678 2758 4746 πάντων,
2791 4677 2858 4730 τὰ
2905 4677 3079 4730 πάντα
3124 4675 3260 4752 πρὸς
3310 4672 3464 4747 δόξαν
3496 4674 3587 4730 καὶ
3617 4676 3763 4750 γνῶ-

345 4763 569 4820 Creator
609 4767 942 4837 conspicitur
965 4766 1029 4822 ³⁸.

2107 4791 2187 4824 σιν
2226 4772 2324 4824 τοῦ
2356 4767 2547 4823 ἑαυτοῦ
2595 4763 2809 4844 Πατρός
2859 4763 3162 4841 ἐργάζεται,
3199 4766 3497 4843 μονονουχὶ
3539 4762 3630 4820 διὰ
3653 4767 3765 4820 τῶν

343 4853 680 4928 γιγνομὲνων
743 4856 858 4926 (96)
908 4849 1082 4931 ἔργων
1140 4853 1306 4912 αὐτοῦ
1365 4853 1628 4913 διδάσκων
1690 4859 1781 4913 καὶ
1839 4853 2044 4936 λέγων*
2102 4860 2194 4918 Ἐκ
2253 4857 2511 4934 μεγεθους
2569 4856 2659 4912 καὶ
2705 4853 2988 4925 καλλονῆς
3032 4857 3344 4932 κτισμάτων
3403 4853 3692 4932 ἀναλόγως
3736 4853 3767 4909 6

344 4945 723 5021 γενεσιουργὸς
755 4945 1054 5022 θεωρεῖται.

419 5073 466 5108 ⁸⁸
494 5073 632 5146 Sap.
665 5089 788 5141 xm,
821 5071 876 5128 5.

745 5193 804 5253 δὲ
854 5199 1018 5255 addit
1067 5203 1202 5274 post
1248 5199 1440 5273 πάντα,
1495 5199 1594 5258 alii
1642 5218 1777 5260 cum
1827 5200 2002 5260 editis

347 5290 648 5330 omittunt.

416 5345 530 5474 (89)
554 5342 814 5434 'Felckm.
921 5359 1118 5412 anon.,
1152 5349 1351 5426 ροπῆς.

434 5417 526 5474 90)
572 5416 617 5472 Ο
649 5416 813 5470 deest
853 5432 913 5469 1n
945 5415 1184 5474 Sequar.
1233 5418 1351 5472 Ibid

434 5417 526 5490 90)
554 5415 618 5490 '0_
649 5415 913 5490 deest_in
945 5415 1379 5490 Seguerrlbid.
1417 5416 1557 5490 haec
1605 5417 1804 5490 verba,
1839 5416 2000 5490 αἰθὴρ

346 5484 405 5543 δὲ
424 5484 787 5561 Θερμαίνεται,
809 5484 1107 5561 desunt'in
1127 5489 1382 5546 editione
1404 5488 1710 5561 Com_mel.,
1727 5495 1857 5561 post
1874 5484 2001 5561 quae

348 5563 585 5619 Seauer.
608 5558 836 5615 Gobler.
856 5564 911 5614 et
928 5559 1179 5617 Felckm.
1204 5563 1228 5616 1
1252 5579 1426 5616 anon.
1449 5559 1541 5616 καί
1558 5558 2002 5618 etiam—addunt.

447 5631 540 5701 91)
571 5634 807 5701 Seguer.
839 5630 1008 5700 Angl.
1042 5631 1207 5688 Gobl.
1241 5638 1298 5690 et
1327 5633 1577 5692 Felckm.
1615 5635 1640 5690 1
1673 5651 1870 5701 anon.,
1912 5630 2004 5688 καὶ

354 5706 418 5777 ζῇ
436 5697 632 5777 ’πέλοι
647 5697 736 5777 is?
765 5697 1001 5777 θνήετκέισ

425 5775 541 5846 (92)
570 5769 793 5846 Τὰνεφη
816 5769 1126 5846 πληροῦται
1146 5774 1359 5846 desunt
1379 5777 1439 5832 in
1462 5776 1603 5833 G01).
1637 5781 1694 5834 et
1714 5777 1829 5834 Fel.
1848 5779 1875 5834 1
1906 5795 2001 5835 an.

430 5841 542 5918 (93)
574 5841 673 5896 Καὶ
704 5841 1106 5916 θαυματοποιός
1137 5845 1301 5906 deest
1331 5846 1390 5906 in
1421 5847 1660 5921 Seguer.
1693 5849 1924 5910 Gobler.
1947 5853 2006 5908 et

2113 5201 2305 5262 Felck.
2338 5201 2365 5258 1
2402 5205 2460 5258 et
2486 5200 2521 5258 3
2551 5216 2727 5258 anon.

2202 5275 2292 5346 94)
2324 5272 2427 5328 Καί
2460 5273 2554 5328 hic
2585 5273 2748 5328 deest
2795 5271 2856 5329 in
2885 5271 3116 5346 Gobler.
3151 5274 3209 5328 et
3235 5269 3491 5346 Eelckm.
3523 5269 3563 5346 1_
3585 5285 3762 5346 anon.

2203 5341 2295 5418 95)
2326 5346 2412 5418 Ita
2462 5361 2666 5400 omnes
2721 5348 2975 5418 mss._At
3017 5345 3076 5400 in
3124 5344 3360 5418 magine
3393 5360 3505 5418 ms.
3536 5341 3767 5418 Anglic.

2113 5413 2198 5474 sic
2252 5413 2512 5490 legitur:
2544 5415 3028 5490 Fortecus‘ttimc,
3052 5413 3256 5490 atquei
3275 5416 3359 5472 ita
3405 5413 3653 5490 videtur
3684 5413 3766 5470 le-

2111 5493 2268 5563 gisse
2299 5487 2589 5563 Nannius,
2619 5488 2742 5563 qu_i_
2762 5487 3060 5563 bic_vertit
3086 5487 3366 5563 conditor.
3398 5487 3770 5563 Omnibonus

2112 5557 2169 5619 ει
2198 5557 2770 5634 Ambros.,Cam'ald.
2825 5559 3077 5634 σύστασις
3116 5560 3429 5634 legerunt:
3481 5575 3618 5616 nam
3673 5557 3772 5615 ille

2110 5636 2444 5700 constitutio,
2476 5633 2571 5690 hic
2599 5635 2909 5689 constantia
2941 5633 3130 5689 vertit.

2185 5707 2299 5778 (96)
2329 5705 2558 5761 Gobler.
2600 5705 2932 5779 γενομένων.
2963 5704 3194 5778 Anglic.
3227 5708 3285 5762 et
3325 5703 3707 5762 Felckmanni
3737 5702 3774 5760 3

2115 5777 2465 5851 anonymus,
2496 5777 2858 5856 φαινομένων.
