4160 6386
418 427 498 489 89
1621 422 1911 484 ORATIO
1957 421 2269 484 CONTRA
2312 426 2641 491 GENTES.
3760 444 3841 506 90

494 560 580 614 45.
634 557 836 631 Ὠσπερ
888 555 1015 630 γὰρ,
1060 546 1457 627 ἀναϐλέψαντας
1519 552 1594 615 εἷς
1652 554 1743 608 τὸν
1800 552 2022 629 οὐρανὸν
2060 598 2073 623 ,

2260 558 2347 613 45.
2382 559 2452 615 Ut
2482 562 2637 617 enim
2669 568 2880 619 coelum
2912 565 3213 636 intuendo,
3268 570 3513 642 ejusque
3563 577 3838 631 ornatum

420 647 511 702 καὶ
562 643 770 707 ἰδόντας
818 645 909 699 τὸν
966 642 1170 717 κόσμον
1221 643 1403 713 αὐτοῦ,
1457 642 1546 697 καὶ
1596 644 1657 697 τὸ
1710 646 1814 697 τῶν
1866 640 2073 717 ἄστρων

422 740 557 815 φῶς,
589 733 727 791 ἔστιν
778 733 1115 808 ἐνθυμεῖσθαι
1168 732 1259 788 τὸν
1312 737 1480 787 ταῦτα
1528 730 1923 805 διακοσμοῦντα
1970 732 2075 787 Λό-

424 846 540 901 γον·
579 824 720 881 οὕτω
749 829 1004 879 νοοῦντας
1057 823 1234 898 Λόγον
1281 827 1437 893 Θεοῦ,
1486 827 1627 877 νοεῖν
1678 822 1816 877 ἐστιν
1868 822 2073 896 ἀνάγκη

422 914 512 971 καί
543 913 634 969 τὸν
668 912 864 969 τούτου
907 913 1113 987 πατὲρα
1159 913 1309 981 Θεὸν,
1366 910 1415 981 ἐξ
1466 912 1526 965 οὗ
1572 912 1803 986 προϊὼν,
1856 910 2078 972 εἰκότως

422 1010 520 1061 τοῦ
578 1005 770 1059 ἑαυτοῦ
828 1003 1029 1076 πατρὸς
1079 1001 1349 1078 ἑρμηνεὺς
1405 1002 1494 1056 καὶ
1553 1000 1790 1076 ἅγγελος
1840 998 2075 1075 λέγεται·

426 1096 516 1152 καὶ
543 1098 704 1150 τοῦτο
737 1092 797 1148 ἐκ
822 1096 929 1147 τῶν
984 1093 1100 1147 καθ’
1149 1094 1299 1166 ἡμᾶς
1346 1113 1428 1154 τις
1482 1092 1540 1146 ἃν
1574 1094 1687 1165 (97)
1718 1088 1846 1145 ἴδοι.
1880 1089 1947 1144 Εἴ
1976 1091 2081 1165 γὰρ

430 1183 521 1259 δὴ,
572 1182 741 1259 λόγου
792 1182 1084 1260 προϊόντος
1131 1182 1281 1258 παρὰ
1328 1181 1655 1257 ἀνθρώπων,
1709 1180 2083 1254 ἐνθυμούμεθα

427 1276 526 1343 τὴν
557 1271 753 1329 τούτου
779 1273 965 1347 πηγὴν
1000 1270 1137 1326 εἶναι
1162 1271 1254 1326 τὸν
1286 1275 1428 1339 νοῦν,
1450 1268 1540 1325 καί
1564 1274 1643 1341 τῷ
1669 1269 1829 1345 λόγῳ
1853 1264 2081 1323 ἐπιϐάλ-

430 1362 643 1434 λοντες,
673 1363 765 1419 τὸν
797 1366 922 1417 νοῦν
976 1360 1381 1436 σημαινόμενον
1428 1362 1642 1437 ὁρῶμεν
1685 1363 1766 1432 τῷ
1808 1357 2082 1434 λογισμῷ·

427 1450 628 1526 πολλῷ
656 1451 824 1508 πλέον
874 1451 1081 1525 μείζονι
1124 1451 1388 1528 φαντασίᾳ
1431 1448 1522 1505 καί
1567 1449 1876 1525 ἀσυγκρίτῳ
1922 1449 2085 1522 ὑπερ-

432 1549 543 1621 οχῇ
580 1548 679 1599 τοῦ
727 1542 908 1617 Λόγου
955 1544 1054 1611 τήν
1107 1538 1329 1615 δύναμιν
1376 1542 1634 1615 ὁρῶντες,
1688 1535 1889 1594 ἔννοιαν
1942 1535 2087 1610 λαμ-

432 1630 668 1707 ϐάνομεν
699 1633 788 1687 καὶ
829 1635 925 1686 τοῦ
976 1631 1178 1706 ἀγαθοῦ
1224 1632 1433 1708 Πατρὸς
1485 1630 1671 1701 αὐτοῦ,
1720 1630 1795 1691 ὡς
1850 1626 2010 1689 αὐτὸς
2059 1627 2088 1680 ὁ

436 1724 634 1797 Σωτήρ
689 1742 871 1801 φησιν·
926 1722 982 1774 Ὀ
1032 1720 1132 1794 ἐμὲ
1178 1719 1431 1797 ἑωρακὼς
1480 1720 1687 1796 ἑώρακε
1736 1718 1827 1773 τὸν
1878 1717 2092 1791 Πατὲρα

442 1834 545 1886 μου
599 1814 707 1886 (98)
746 1854 760 1871 .
826 1814 1003 1866 Ταῦτα
1049 1807 1106 1865 δὲ
1150 1810 1241 1865 καὶ
1289 1816 1435 1865 πᾶσα
1493 1808 1843 1869 θεόπνευστος
1900 1806 2087 1883 Γραφὴ

437 1903 808 1982 φανερώτερον
852 1900 943 1956 καὶ
985 1900 1120 1955 κατὰ
1182 1902 1363 1974 μεῖζον
1424 1900 1701 1973 κηρύττει,
1766 1898 1853 1973 ἀφ’
1899 1897 1974 1949 ὧν
2021 1892 2087 1963 δὴ

437 1992 529 2048 καὶ
586 1994 751 2065 ἡμεῖς
803 1987 1197 2066 τεθαρρηκότες
1256 1985 1424 2043 ταῦτά
1480 2009 1564 2042 σοι
1622 1987 1903 2063 γράφομεν
1932 2029 1945 2055 ,
2004 1982 2093 2038 καὶ

439 2081 544 2157 σὺ9
604 2080 827 2143 ταύταις
886 2078 1230 2155 ἐντυγχάνων
1260 2123 1274 2149 ,
1334 2078 1537 2151 δυνήσῃ
1591 2081 1700 2132 τῶν
1778 2073 2092 2148 λεγομένων

442 2171 589 2248 ἔχειν
628 2172 730 2241 τὴν
778 2169 981 2226 πίστιν.
1032 2168 1212 2244 Λόγος
1260 2169 1364 2244 γὰρ
1416 2166 1476 2221 ἐκ
1528 2165 1788 2239 μειζόνων
1843 2158 2095 2239 βεϐαιού-

447 2282 645 2335 μενος,
707 2259 1090 2335 ἀναντίρρητον
1142 2256 1259 2333 ἔχει
1315 2258 1414 2326 τὴν
1477 2253 1747 2325 ἀπόδειξιν
1785 2298 1796 2309 .
1857 2254 2094 2308 Ἀνωθεν

440 2350 622 2405 τοίνυν
653 2348 777 2423 περὶ
830 2354 932 2417 τῆς
982 2352 1091 2402 τῶν
1144 2344 1388 2401 εἰδώλων
1443 2345 1766 2417 ἀναιρέσεως
1813 2361 2096 2420 προησφα-

446 2437 627 2508 λίζετο
657 2438 887 2511 τὸν
916 2434 1193 2491 Ἰουδαίων
1248 2434 1379 2490 λαὸν
1427 2436 1454 2489 ὁ
1485 2436 1629 2496 θεῖος
1676 2432 1854 2507 Λόγος
1900 2432 2097 2507 Λέγων·

447 2529 520 2585 Οὐ
584 2529 834 2599 ποιήσεις
901 2530 1107 2598 σεαυτῷ
1178 2522 1426 2595 εἴδωλον,
1490 2521 1615 2579 οὐδὲ
1680 2524 1880 2584 παντὸς
1940 2520 2100 2594 ὁμοί-

448 2638 596 2691 ωμα,
665 2614 763 2670 ὅσα
836 2614 887 2670 ἐν
963 2618 1044 2686 τῷ
1102 2613 1316 2689 ούρανῷ
1369 2611 1499 2685 ἄνω,
1559 2613 1649 2666 καὶ
1709 2611 1796 2666 ἐπὶ
1842 2616 1944 2679 τῆς
1994 2615 2101 2683 γῆς

446 2708 614 2763 κάτω.
665 2706 773 2774 Τὴν
825 2702 883 2760 δὲ
930 2703 1103 2759 αἰτίαν
1150 2709 1251 2773 τῆς
1298 2702 1505 2757 τούτων
1550 2701 1934 2777 καθαιρέσεως,
1988 2698 2102 2753 ἐτέ-

449 2817 559 2873 ρως
614 2794 862 2869 σημαίνει
924 2791 1124 2868 λέγων·
1175 2793 1250 2847 Τὰ
1298 2789 1502 2847 εἷ’δωλα
1556 2796 1663 2845 τῶν
1721 2789 1878 2845 ἐθνῶν
1939 2786 2104 2863 ἀργύ-

449 2906 564 2961 ριον
622 2881 711 2939 καί
770 2882 1016 2960 χρυσίον,
1079 2878 1213 2957 ἔργα
1268 2886 1470 2959 χειρῶν
1526 2881 1859 2957 ἀνθρώπων.
1914 2878 2103 2952 Στόμα

448 2974 636 3052 ἔχουσι
670 3019 687 3042 ,
745 2972 835 3028 καί
891 2971 951 3027 ού
1029 2969 1363 3043 λαλήσουσιν
1400 2991 1413 3003 ο
1487 2968 1805 3049 ὀφθαλμοὺς
1865 2965 2099 3044 ἔχουσι,

446 3065 537 3121 καὶ
594 3063 692 3119 οὐκ
748 3057 1015 3136 ὄψονταιο
1078 3062 1193 3117 ὦτα
1248 3059 1439 3137 ἔχουσι
1471 3108 1485 3133 ,
1544 3061 1635 3116 καὶ
1695 3060 1794 3115 οὐκ
1849 3059 2104 3113 ἀκούσον-

448 3175 539 3209 ται
572 3173 584 3187 ·
649 3153 797 3230 ῥῖνας
858 3150 1049 3227 ἔχουσι
1106 3154 1231 3225 (1),
1290 3151 1381 3205 καὶ
1436 3150 1533 3205 οὐκ
1594 3150 2050 3227 ὀσφρανθήσονται
2083 3188 2097 3203 .

448 3248 642 3317 Χεῖρας
735 3239 923 3318 ἔχουσι
991 3283 1005 3309 ,
1061 3239 1152 3296 καί
1226 3239 1288 3295 οὗ
1375 3241 1768 3318 ψηλαφήσουσι
1829 3256 1841 3269 ·
1930 3233 2103 3297 πόδας

2186 650 2242 701 et
2259 652 2553 705 astrorum
2578 650 2776 709 lumen
2796 655 3265 728 contemplando,
3284 658 3541 715 Verbum
3558 664 3714 733 quod
3738 663 3843 721 illa

2187 738 2306 790 tam
2333 736 2479 793 miro
2511 741 2713 798 ordine
2735 743 3025 816 disposuit
3046 744 3372 818 intelligere
3407 748 3576 805 facile
3598 755 3687 806 est
3712 768 3724 807 :
3759 752 3841 807 ita

2191 824 2290 896 qui
2306 826 2563 883 Verbum
2579 831 2676 885 Dei
2693 834 3007 904 cognoscit,
3022 836 3151 906 ejus
3166 852 3400 908 quoque
3415 844 3638 910 patrem
3653 840 3840 896 Deum

2191 921 2507 986 cognoscat
2545 936 2779 977 necesse
2819 927 2925 991 est,
2978 940 3045 978 ex
3095 941 3209 996 quo
3259 927 3397 996 quia
3445 927 3687 997 oriatur,
3714 931 3849 1002 jure

2192 1005 2399 1060 merito
2431 1006 2522 1061 sui
2552 1009 2743 1065 Patris
2776 1011 3061 1083 interpres
3091 1018 3147 1068 et
3197 1016 3441 1071 nuntius
3492 1017 3847 1089 appellatur,

2192 1093 2369 1165 idque
2391 1111 2460 1151 ex
2486 1096 2578 1153 his
2602 1100 2803 1169 quain
2824 1101 2992 1156 nobis
3011 1101 3158 1157 ﬁunt
3177 1102 3313 1160 licet
3334 1104 3649 1178 percipere.
3677 1108 3848 1164 Nam-

2195 1198 2307 1253 que
2339 1185 2388 1239 si
2422 1192 2676 1242 mentem
2711 1189 2926 1245 fontem
2960 1205 3087 1246 esse
3118 1191 3502 1266 intelligimus
3531 1198 3690 1253 verbi
3728 1196 3851 1253 sive

2197 1275 2487 1331 sermonis
2519 1276 2617 1347 qui
2651 1278 2723 1332 ab
2755 1277 2991 1334 homine
3016 1281 3269 1353 profluit,
3296 1300 3743 1358 sermonemque
3764 1291 3850 1342 at-

2194 1364 2526 1435 tendentes,
2554 1370 2813 1422 mentem
2833 1384 2960 1439 quae
2978 1368 3077 1424 illo
3096 1370 3480 1443 signiﬁcatur,
3500 1375 3852 1446 cogitatione

2199 1453 2495 1509 cernimus
2520 1471 2533 1509 :
2559 1454 2744 1511 multo
2767 1462 2921 1513 certe
2945 1458 3152 1529 majori
3176 1464 3233 1515 et
3250 1460 3473 1517 inﬁnite
3490 1465 3855 1535 praestantio-

2198 1541 2247 1596 ri
2270 1542 2495 1599 ratione
2518 1560 2652 1600 cum
2677 1545 2850 1601 Verbi
2869 1546 3142 1603 virtutem
3164 1548 3707 1618 intuemur,bonum
3726 1555 3854 1626 ejus

2198 1635 2429 1687 Patrem
2470 1633 2666 1689 animo
2688 1635 2991 1707 concipere
3026 1637 3329 1709 debemus,
3354 1640 3560 1712 utipse
3592 1641 3857 1699 Salvator

2200 1721 2315 1777 ait:
2354 1722 2461 1790 Qui
2489 1723 2635 1779 videt
2662 1741 2767 1793 me,
2812 1726 2959 1781 videt
3003 1734 3056 1781 et
3102 1731 3326 1782 Patrem
3372 1729 3435 1783 ³⁵.
3486 1728 3702 1786 Verum
3734 1731 3855 1788 haec

2201 1812 2403 1867 eadem
2428 1813 2645 1869 clarius
2671 1820 2727 1869 et
2751 1815 2988 1871 uberius
3012 1816 3220 1872 docent
3241 1818 3553 1891 Scriptura;
3576 1821 3856 1879 divinitus

2202 1901 2518 1972 inspiratae,
2554 1903 2769 1974 quibus
2801 1921 2909 1959 nos
2939 1905 3206 1973 ﬁdentes,
3241 1907 3354 1962 ista
3380 1909 3487 1964 tibi
3520 1910 3854 1968 scribimus.

2206 1949 2518 1972 ___,-____,
2556 1949 2768 1974 1--..“
2804 1949 2908 1959 ..νυ
2940 1949 3206 1973 .............,
3242 1949 3354 1962 ω...
3386 1949 3487 1964 νιν.
3520 1949 3854 1968 summa“...

2124 1949 2172 2013 B
2203 1989 2288 2045 Tu
2334 2006 2464 2045 vero
2504 2008 2553 2045 ει
2592 1992 2653 2046 in
2698 1991 2935 2049 illarum
2967 1994 3275 2051 lectionem
3304 1995 3547 2053 incubes
3580 1999 3699 2055 haec
3731 2017 3857 2072 quae

2204 2077 2578 2149 disputamus
2606 2097 2743 2136 vera
2771 2098 2899 2137 esse
2929 2084 3146 2155 poteris
3179 2087 3525 2158 perspicere.
3553 2089 3856 2161 Siquidem

2207 2184 2398 2223 sermo
2430 2170 2716 2240 majorum
2751 2173 3094 2228 auctoritate
3124 2175 3508 2232 conﬁrmatus
3531 2195 3644 2233 non
3669 2183 3862 2251 potest

2208 2258 2348 2328 quin
2372 2258 2545 2314 ﬁdem
2571 2260 2760 2315 faciat.
2787 2262 3125 2333 Itaquejam
3151 2263 3287 2319 olim
3310 2265 3566 2322 Verbum
3591 2268 3856 2324 divinum

2207 2346 2547 2403 Judaeorum
2576 2349 2861 2422 populum
2895 2352 3175 2408 adversus
3206 2354 3361 2409 idola
3391 2353 3484 2411 his
3506 2356 3698 2411 verbis
3721 2374 3863 2428 prae-

2210 2437 2548 2494 muniebat:
2582 2440 2702 2495 Non
2733 2442 2906 2510 facies
2944 2443 3048 2496 tibi
3077 2442 3306 2511 idolum,
3358 2460 3534 2518 neque
3578 2447 3750 2502 ullius
3779 2449 3864 2503 rei

2207 2527 2651 2594 similitudinem,
2681 2531 2795 2585 sive
2826 2546 3014 2585 rerum
3043 2549 3163 2604 quae
3193 2549 3412 2588 sursum
3455 2537 3517 2589 in
3544 2537 3682 2592 creto
3709 2543 3860 2602 sunt,

2208 2618 2325 2671 sive
2353 2633 2473 2688 qua
2500 2617 2754 2674 deorsum
2775 2620 2833 2673 in
2855 2622 3007 2674 terra
3026 2621 3089 2674 ’5.
3123 2625 3372 2677 Causam
3396 2629 3589 2679 autem
3610 2642 3714 2680 cur
3735 2626 3865 2697 reji-

2212 2706 2419 2762 cienda
2449 2707 2569 2762 sint
2599 2708 2767 2764 aliter
2794 2709 2876 2764 ita
2919 2710 3209 2767 declarat:
3257 2712 3588 2770 Simulacra
3616 2717 3863 2786 gentium

2210 2804 2497 2867 argentum
2535 2800 2584 2852 et
2645 2814 2869 2863 aurum,
2931 2815 3096 2871 opera
3141 2818 3407 2857 manuum
3456 2803 3759 2858 hominum.
3794 2804 3864 2860 Os

2210 2886 2429 2954 habent,
2463 2894 2514 2941 et
2542 2903 2653 2942 non
2679 2889 3011 2958 loquentur:
3039 2891 3222 2946 oculos
3252 2890 3469 2958 habent,
3502 2902 3551 2949 et
3572 2910 3682 2949 non
3712 2894 3863 2950 vide-

2214 2976 2364 3031 bunt.
2399 2976 2570 3032 Aures
2600 2976 2819 3049 habent,
2851 2986 2905 3033 et
2934 2995 3044 3035 non
3073 2980 3343 3044 audient;
3371 2999 3535 3038 nares
3562 2983 3781 3051 habent,
3814 2990 3867 3041 et

2210 3082 2320 3120 non
2351 3066 2672 3122 odorabunt.
2706 3067 2896 3123 Manus
2924 3069 3148 3137 habent,
3178 3072 3228 3124 et
3256 3086 3367 3126 non
3390 3072 3698 3143 palpabunt
3716 3090 3736 3135 ;
3761 3090 3865 3146 pe-

2213 3154 2303 3211 des
2336 3155 2552 3225 habent,
2586 3164 2636 3211 et
2663 3171 2772 3211 non
2803 3157 3165 3213 ambulabunt
3193 3161 3256 3216 ’7.
3289 3160 3404 3216 Nec
3425 3162 3600 3217 etiam
3629 3164 3769 3235 quid
3794 3163 3866 3219 de

2214 3246 2389 3301 rebus
2420 3246 2629 3300 creatis
2670 3246 2885 3301 sentire
2906 3246 3245 3317 debeamus,
3275 3265 3380 3304 nos
3403 3251 3607 3307 docere
3627 3252 3865 3309 omisit:

451 3331 687 3410 ἔχουσι,
745 3334 836 3387 καὶ
895 3330 956 3386 οὗ
1014 3332 1493 3407 περιπατήσουσιν.
1550 3328 1622 3383 Οὐ
1682 3327 1988 3395 σεσιώπηκε
2045 3322 2101 3379 δὲ

2215 3336 2317 3390 sed
2340 3351 2473 3389 cum
2496 3334 2729 3389 illarum
2755 3335 3127 3407 pulchritudo
3163 3338 3382 3411 Optime
3420 3339 3532 3411 ipsi
3564 3346 3869 3413 perspecta

450 3424 551 3493 τήν
581 3420 707 3499 περὶ
737 3428 838 3491 τῆς
864 3420 1092 3476 κτίσεως
1144 3416 1513 3475 διδασκαλίαν·
1549 3415 1695 3473 ἀλλὰ
1723 3416 1813 3471 καὶ
1852 3413 1999 3489 μάλα
2028 3416 2104 3488 (2)

452 3510 614 3575 εἰδὼς
644 3512 818 3568 αὐτῶν
850 3511 913 3566 τὸ
940 3508 1171 3583 κάλλος,
1210 3506 1304 3564 τίνα
1336 3511 1409 3582 μή
1443 3528 1607 3575 τινες,
1637 3512 1717 3579 τῷ
1757 3504 1949 3561 κάλλει
1980 3503 2105 3559 τού-

451 3621 558 3657 των
593 3594 1082 3673 ἒναποϐλέψαντες,
1114 3598 1223 3673 οὐχ
1251 3598 1327 3659 ὡς
1350 3595 1482 3675 ἔργα
1502 3600 1655 3669 Θεοῦ,
1690 3593 1816 3651 ἀλλ’
1847 3595 1922 3656 ὡς
1953 3591 2107 3656 θεοὺς

455 3689 827 3765 θρησκεύσωσι
863 3734 877 3761 ,
937 3686 1400 3768 προασφαλίζεται
1450 3686 1579 3749 τοὺς
1638 3686 1954 3762 ἀνθρώπους
2012 3682 2108 3739 λέ-

457 3802 609 3857 γωνο
656 3780 756 3835 Καὶ
819 3781 893 3853 μὴ
950 3775 1260 3853 ἀναϐλέψας
1309 3782 1426 3840 τοῖς
1480 3775 1788 3855 ὀφθαλμοῖς
1834 3774 1925 3829 καὶ
1977 3770 2106 3828 ἰδὼν

456 3873 549 3927 τὸν
607 3868 769 3942 ἥλιον
824 3869 914 3926 καὶ
969 3872 1069 3939 τὴν
1128 3867 1363 3940 σελήνην
1399 3913 1414 3939 ,
1471 3867 1562 3922 καὶ
1619 3867 1795 3921 πάντα
1842 3862 1934 3920 τὸν
2009 3862 2109 3918 κό-

460 3981 596 4036 σμον
665 3965 764 4016 τοῦ
848 3959 1075 4037 ούρανοῦ
1154 3957 1452 4029 πλανηθεὶς
1496 4002 1509 4028 ,
1565 3958 1943 4031 προσκυνήσῃς
2012 3954 2108 4009 αύ-

458 4057 597 4125 τοῖς,
668 4051 701 4107 ἂ
765 4050 1020 4124 ἀπένειμε
1075 4047 1272 4126 Κύριος
1343 4049 1370 4102 ὁ
1436 4047 1564 4110 Θεός
1635 4068 1731 4102 σου
1800 4050 1929 4101 πᾶσι
1994 4048 2111 4106 τοῖς

460 4139 631 4197 ἔθνεσι
686 4145 804 4201 τοῖς
881 4139 1135 4194 ὑποκάτω
1206 4142 1304 4193 τοῦ
1381 4136 1609 4211 ούρανοῦ
1642 4177 1655 4191 .
1710 4134 1998 4207 ’Δπένειμε
2056 4129 2115 4188 δὲ

463 4230 563 4286 οὐκ
593 4229 676 4293 εἷς
702 4228 766 4283 τὸ
798 4228 933 4284 εἶναι
961 4226 1116 4289 θεοὺς
1166 4226 1349 4289 αὐτοῖς
1399 4225 1553 4296 αὐτὰ,
1604 4223 1730 4280 ἀλλ’
1772 4222 1865 4279 *ίνα
1892 4228 1960 4299 τῇ
1991 4222 2115 4277 τού-

460 4339 570 4375 των
625 4316 868 4393 ἐνεργείᾳ
921 4317 1258 4391 γινώσκωσιν
1307 4317 1360 4370 οἱ
1390 4316 1495 4370 ἀπὸ
1539 4320 1645 4370 τῶν
1681 4314 1843 4369 ἐθνῶν
1881 4312 1974 4370 τὸν
2004 4316 2112 4368 τῶν

460 4410 677 4465 πάντων
713 4404 1047 4482 δημιουργὸν
1099 4407 1225 4462 Θεὸν
1272 4407 1372 4479 (3),
1420 4404 1600 4480 ὥσπερ
1651 4402 1881 4480 εἷ’ρηται.
1923 4406 1979 4457 Ὁ
2011 4405 2114 4480 γὰρ

463 4496 743 4556 Ἰουδαίων
773 4494 947 4552 πάλαι
996 4493 1127 4557 λαὸς
1170 4496 1306 4550 κατὰ
1351 4492 1542 4549 πλεῖον
1576 4495 1691 4571 εἶχε
1731 4496 1831 4564 τὴν
1866 4491 2117 4549 διδασκα-

468 4587 613 4659 λίαν,
647 4586 730 4643 bitt
783 4587 858 4661 μή
913 4585 1075 4661 μόνον
1110 4583 1169 4640 ἐκ
1214 4588 1320 4638 τῶν
1346 4590 1449 4653 τῆς
1477 4583 1705 4645 κτίσεως
1733 4581 1929 4660 ἔργων,
1972 4581 2119 4638 ἀλλὰ

2216 3428 2388 3491 esset,
2417 3439 2488 3479 ne
2513 3420 2693 3496 aliqui
2715 3441 2917 3480 earum
2940 3426 3191 3497 speciem
3216 3428 3515 3497 admirati,
3538 3446 3653 3484 non
3677 3433 3741 3484 ut
3760 3430 3865 3486 Dei

2217 3529 2410 3584 opera,
2437 3514 2535 3568 sed
2560 3517 2626 3568 ut
2646 3514 2786 3569 deos
2816 3513 3089 3579 colerent,
3135 3514 3402 3572 homines
3442 3518 3513 3572 ab
3542 3518 3651 3574 hoc
3672 3535 3868 3576 errore

2216 3602 2441 3671 avertit,
2474 3602 2672 3659 dicens
2705 3618 2719 3659 :
2752 3608 2940 3676 Neque
2966 3605 3137 3660 oculis
3164 3607 3464 3678 respiciens
3493 3611 3544 3663 et
3572 3607 3761 3664 videns
3788 3624 3873 3666 so-

2219 3693 2325 3747 lem
2357 3696 2407 3748 et
2436 3693 2628 3748 lunam
2656 3700 2707 3748 et
2733 3709 2947 3749 omnem
2984 3703 3247 3751 ornatum
3295 3697 3437 3767 caeli,
3488 3696 3739 3770 deceptus
3768 3698 3873 3754 illa

2218 3782 2554 3849 adoraveris,
2595 3798 2722 3853 quae
2766 3782 2913 3839 dedit
2963 3786 3232 3840 Dominus
3279 3786 3418 3841 Deus
3466 3790 3594 3847 tuus
3623 3788 3875 3844 omnibus

2218 3871 2469 3943 gentibus
2498 3888 2618 3943 quae
2647 3872 2745 3927 sub
2788 3873 2916 3929 caelo
2964 3882 3093 3929 sunt
3138 3875 3202 3929 ³⁸.
3244 3874 3413 3931 Dedit
3460 3894 3631 3948 porro
3664 3894 3777 3933 non
3808 3881 3877 3934 ut

2220 3960 2367 4032 ipsis
2389 3960 2468 4016 dii
2488 3967 2706 4029 essent,
2747 3963 2846 4017 sed
2879 3967 2943 4019 ut
2981 3966 3183 4035 gentes
3208 3964 3393 4020 Deum
3427 3967 3693 4022 omnium
3716 3966 3877 4039 opiﬁ-

2223 4066 2348 4107 cem
2381 4067 2575 4107 rerum
2607 4049 2843 4107 illarum
2896 4053 3202 4108 elfectibus
3254 4060 3654 4126 agnoscerent.
3687 4055 3877 4112 Judaei

2225 4138 2381 4195 enim
2407 4139 2651 4212 pleniori
2674 4140 2941 4197 doctrina
2958 4140 3096 4197 olim
3115 4142 3328 4199 imbuti
3351 4145 3531 4213 fuere,
3546 4146 3759 4218 quippe
3775 4143 3878 4216 qui

2226 4246 2341 4285 non
2356 4228 2547 4285 solum
2562 4246 2630 4285 ex
2644 4246 2838 4285 rerum
2858 4235 3184 4287 creatorum
3200 4233 3606 4305 Operibus,sed
3619 4235 3795 4291 etiam
3809 4250 3881 4290 ex

2226 4319 2440 4375 divinis
2458 4319 2774 4392 Scripturis
2789 4320 2891 4376 Dei
2911 4321 3302 4393 cognitionem
3318 4321 3616 4378 haberent.
3639 4321 3881 4377 Univer-

2228 4409 2340 4464 sim
2359 4424 2591 4480 quoque
2614 4408 2881 4465 homines
2903 4411 2973 4465 ab
2996 4426 3190 4466 errore
3231 4416 3289 4466 et
3328 4410 3511 4466 stulta
3532 4411 3882 4483 cogitatione

2227 4497 2568 4554 idololatriae
2602 4514 2899 4565 revocans,
2921 4500 3001 4554 ait
3026 4516 3039 4554 :
3064 4500 3180 4556 Non
3203 4504 3363 4557 erunt
3385 4500 3485 4555 tibi
3504 4500 3586 4556 dii
3606 4501 3710 4556 alii
3729 4516 3884 4572 pra—

2227 4594 2311 4645 ter
2336 4605 2424 4644 me
2454 4588 2517 4644 '9.
2550 4588 2674 4644 Non
2707 4605 2878 4661 porro
2908 4589 3077 4660 quasi
3109 4588 3208 4645 alii
3240 4590 3320 4646 dii
3349 4606 3480 4646 vere
3511 4593 3727 4661 essent,
3750 4588 3885 4645 illos

466 4677 557 4734 καὶ
589 4678 781 4734 ἐκτῶν
826 4674 984 4733 θείων
1036 4678 1261 4753 Γραφῶν
1309 4673 1457 4750 εἶχον
1510 4674 1609 4742 τὴν
1644 4672 1768 4749 περῖ
1814 4677 1947 4727 Θεοῦ
1978 4676 2101 4746 γνῶ·

2229 4678 2501 4752 prohibet
2529 4677 2735 4749 colere,
2768 4679 2868 4734 sed
2920 4695 2992 4734 ne
3040 4679 3173 4751 quis
3220 4696 3355 4735 vero
3406 4685 3517 4735 Deo
3550 4678 3882 4753 repudiato,

467 4789 572 4826 σιν.
633 4768 734 4823 Καὶ
790 4764 1028 4823 καθόλου
1069 4762 1127 4820 δὲ
1176 4763 1303 4827 τοὺς
1348 4764 1666 4842 ἀνθρώπους
1725 4765 1800 4838 (4)
1856 4763 1961 4818 ἀπὸ
2016 4770 2117 4833 τῆς

467 4858 689 4934 περὶτὰ
732 4853 935 4911 εἷ’δωλα
962 4854 1180 4926 πλοὶνης
1227 4852 1317 4909 καί
1361 4851 1567 4929 ἀλόγου
1616 4851 1903 4931 φαντασίας
1953 4851 2122 4930 ἀφελ-

469 4969 578 5003 κων
616 4995 631 5023 ,
691 4945 852 5025 φησίν
892 4966 904 4979 ⁶
966 4946 1080 5004 Οὐκ
1128 4944 1336 5000 ἔσονταί
1396 4965 1479 4999 σοι
1557 4944 1669 4999 θεοὶ
1725 4941 1901 5017 ἕτεροι
1972 4941 2118 5012 πλὴν

470 5035 628 5111 ἐμοῦ.
663 5035 780 5111 Οὐχ
811 5036 888 5098 ὡς
935 5030 1191 5089 ὄντωνδὲ
1232 5036 1366 5089 θεῶν
1412 5032 1598 5090 ἄλλων
1645 5031 1850 5089 κωλύει
1894 5033 2120 5097 τούτους

468 5124 665 5189 αὐτοὺς
699 5123 867 5201 ἔχειν,
903 5122 1028 5178 ἀλλ’
1061 5120 1152 5177 τίνα
1193 5124 1267 5196 μή
1298 5144 1403 5195 τις,
1446 5122 1537 5178 τὸν
1572 5121 1825 5195 ἀληθινὸν
1860 5123 2125 5199 ἀποστρα-

2229 4786 2320 4824 res
2343 4786 2470 4840 quae
2492 4767 2664 4823 nulla:
2688 4772 2827 4823 sunt
2846 4768 2985 4824 deos
3008 4768 3119 4823 sibi
3152 4768 3371 4841 ﬁngere
3400 4769 3702 4842 inciperet,
3737 4785 3883 4839 qua-

2229 4858 2314 4914 les
2337 4857 2559 4914 scilicet
2579 4858 2676 4929 qui
2702 4858 2856 4930 apud
2879 4862 3079 4929 poetas
3099 4863 3157 4913 et
3201 4858 3515 4931 scriptores
3550 4873 3886 4913 memoran-

2231 4954 2346 5018 tur,
2381 4964 2644 5020 quosque
2674 4948 2814 5002 deos
2846 4964 2961 5003 non
2990 4963 3118 5003 esse
3148 4965 3181 5003 a
3221 4949 3390 5004 nobis
3438 4952 3741 5004 ostensum
3773 4948 3884 5002 est.

2231 5038 2361 5093 Haec
2393 5041 2588 5093 autem
2620 5037 2816 5105 verba,
2851 5054 2965 5090 non
2991 5037 3093 5092 36
3136 5046 3298 5093 erunt
3340 5036 3441 5092 tibi
3485 5037 3568 5092 dii
3596 5036 3719 5101 alii,
3751 5031 3889 5088 illos

2178 5198 2179 5201 η
2233 5129 2373 5184 deos
2404 5144 2522 5183 non
2554 5142 2684 5182 esse
2714 5126 3022 5182 manifeste
3043 5128 3313 5198 probant,
3353 5132 3645 5198 quatenus
3675 5136 3891 5195 nempe

540 5291 587 5327 ²⁸
615 5290 783 5347 Joan.
815 5304 931 5358 XIV,
965 5287 1020 5341 9.
1051 5287 1097 5321 "
1126 5285 1299 5341 Exod.
1344 5303 1438 5353 xx,
1489 5288 1542 5340 4.
1594 5287 1637 5321 ³⁷
1688 5288 1839 5343 Psal.
1872 5305 2032 5359 CXIII,
2065 5290 2101 5346 4

2244 5290 2289 5327 ²⁸
2322 5294 2549 5345 Deuter.
2585 5303 2659 5355 Iv,
2692 5287 2778 5342 19.
2812 5287 2856 5321 ²⁹
2885 5286 3062 5342 Exod.
3096 5303 3189 5356 xx,
3220 5288 3273 5341 3.

546 5444 661 5517 (97)
688 5440 783 5517 ξΓὶς
808 5437 875 5517 -ἃν
920 5440 1081 5495 deest
1128 5438 1471 5517 in_§eg_uer.
1523 5438 1754 5517 G_obler.
1809 5441 2063 5517 Eelckm,
2097 5443 2124 5497 1

475 5509 653 5595 anon;
686 5514 882 5595 Paulo.
894 5519 1026 5595 post
1056 5528 1157 5595 pro
1191 5509 1513 5595 ιὲιγθρῖὺπιυν,Δ
1546 5512 1787 5595 Seguer,
1835 5512 2128 5595 habete»

474 5586 693 5661 θρώπου
718 5588 847 5641 Mox
871 5581 1011 5640 ibid.
1030 5581 1599 5661 ;‘-;,v50-5mdeest_in
1624 5581 1797 5661 Basil:
1818 5586 2124 5661 etianglic.

546 5660 661 5732 (98)
694 5664 824 5732 Mou_
844 5659 1007 5732 deest
1037 5658 1097 5711 in
1129 5657 1366 5729 Seguer.
1400 5673 1503 5712 nec
1534 5657 1745 5728 legitur
1783 5657 1843 5713 in
1877 5659 2130 5730 Evange-

474 5728 565 5791 lio'
580 5728 767 5789 sancti
793 5728 1061 5789 Joannis.

548 5803 665 5890 (99)
694 5801 950 5864 Felckm.
983 5800 1019 5860 3
1048 5817 1223 5861 anon.
1253 5802 1361 5858 τῶν
1395 5798 1494 5859 hic
1522 5798 1703 5859 addit.

2338 5442 2387 5515 1)
2417 5442 2592 5515 Ῥῖνας
2625 5443 2833 5515 ἔχουσι,
2864 5437 2953 5491 καὶ
2986 5436 3087 5493 ούκ
3111 5437 3341 5515 ύσιρροινξ
3365 5455 3488 5515 om.
3508 5443 3652 5515 _S_eg_.

2338 5445 2360 5497 1
2417 5442 2592 5500 Ῥῖνας
2625 5443 2833 5515 ἔχουσι,
2864 5442 2953 5491 καὶ
2986 5442 3087 5493 ούκ
3117 5442 3339 5515 ὀσφραν.
3372 5455 3488 5493 om.
3521 5443 3652 5511 Seg.

2309 5442 2667 5586 (2)Ε¹ο]ο1ςτη.
2702 5514 2735 5566 3
2767 5517 3030 5586 ano_n._et
3059 5513 3199 5586 editi
3250 5507 3461 5586 μᾷλλον
3508 5511 3591 5566 Id.
3626 5509 3884 5586 Felckm.

2236 5586 2272 5639 5
2303 5576 2475 5641 an'on.
2512 5584 2688 5639 Paulo
2722 5589 2851 5655 post
2881 5582 3057 5637 habet
3083 5576 3547 5655 ὲΑαποϐλὲψαντες
3578 5600 3590 5639 :
3626 5583 3720 5639 alii
3752 5596 3909 5640 vero-

2237 5675 2372 5713 cum
2404 5658 2596 5726 editis,
2629 5650 3055 5726 ἀποϐλέψαντες.

2331 5729 2385 5799 3)
2418 5725 2545 5783 Θεόν
2576 5730 2741 5786 deest
2778 5725 3112 5799 in;Seguer.

2331 5731 2364 5785 3
2418 5729 2545 5783 Θεόν
2576 5730 2741 5786 deest
2778 5729 2839 5782 in
2872 5729 3107 5799 Seguer.

2308 5729 2386 5882 (Δ)
2416 5798 2599 5875 Basil,
2626 5803 2743 5867 τοῖς
2782 5795 3107 5881 ἀνθρώποις.
