4160 6400
251 445 323 504 91
788 436 857 499 S.
902 430 1332 498 ATHANASII
1376 430 1551 492 OPP.
1598 427 1797 490 PARS
1843 427 1890 487 Ι.
1920 457 2000 472 --
2042 424 2465 489 HISTORICA
2507 427 2609 488 ET
2652 424 3135 491 DOGMATICA.
3592 429 3674 489 92

251 592 375 632 rem
407 575 670 631 futuram
699 568 1053 645 significant.
1103 565 1267 631 Quod
1314 561 1472 619 enim
1520 562 1787 618 futurum
1817 563 1907 616 est

2033 558 2137 636 ρεὶς
2190 559 2339 630 Θεὸν,
2400 560 2575 632 ἑαυτῷ
2628 560 2696 615 τὰ
2754 561 2830 634 μή
2889 554 3017 615 ὄντα
3065 560 3335 614 θεοποιεῖν
3393 555 3622 633 ἄρξηται
3654 606 3671 634 ,

248 670 392 721 tunc
423 680 565 720 sane
594 679 713 719 non
744 659 994 726 exsistit,
1024 672 1158 712 cum
1190 654 1457 709 futurum
1496 651 1732 707 dicitur.

2016 646 2199 701 ὁποιοί
2230 648 2362 703 εἰσιν
2394 650 2446 703 oi
2475 650 2622 724 παρά
2666 655 2923 720 ποιηταῖς
2967 649 3058 704 xui
3106 653 3502 728 συγγραφεῖωιν
3545 648 3669 705 ὄνο-

253 754 541 828 μασθὲντες
571 751 662 806 καὶ
694 746 994 825 δειχθέντες
1027 743 1126 799 οὐκ
1150 737 1300 803 ὄντες
1329 739 1463 797 θεοί.
1496 740 1596 794 Καὶ
1626 737 1761 807 αύτὴ
1794 734 1853 792 δὲ
1882 737 1917 806 ἠ
1945 732 2090 806 λέξις
2121 737 2183 791 τὸ
2218 738 2293 811 μὴ
2327 738 2462 794 εἶναι
2492 737 2688 801 αὐτοὺς
2737 738 2889 802 θεοὺς
2940 736 3198 809 δείκνυσι,
3248 735 3319 793 δι’
3366 739 3436 808 ἧς
3482 758 3669 817 φησιν’

251 824 361 898 Θύκ
382 832 1052 909 ἕσονταίσοιθεοὶὲτεροι,
1087 831 1221 909 ὅπερ
1255 830 1343 887 ἐπὶ
1379 828 1685 904 μελλοντος
1719 827 2058 901 σημαίνεται.
2108 828 2178 881 Τὸ
2227 824 2285 883 δὲ
2318 826 2404 883 ἐπὶ
2453 826 2718 902 μέλλουσι
2769 827 3209 905 γινόμενον·ούκ
3255 825 3368 884 ἔστι
3411 828 3537 884 τότε
3584 826 3675 884 ὅτε

350 952 415 986 τα
443 950 680 986 Λεγεται.

247 952 415 1059 υἷϊ
442 930 809 1073 )Iiléurrﬁailgitur
856 1000 989 1072 post
1017 994 1313 1053 sublatam
1365 993 1609 1065 impiam
1640 990 1906 1065 gentium

252 1090 728 1165 superstitionem
746 1091 804 1143 et
822 1085 1113 1142 idolorum
1133 1082 1381 1150 cultum,
1407 1081 1571 1137 siluit
1592 1080 1789 1136 divina
1809 1079 1909 1134 do~

251 1181 457 1247 ctrina,
480 1178 909 1249 hominumque
930 1190 1119 1247 genus
1140 1173 1268 1228 sine
1292 1170 1414 1227 ulla
1434 1170 1533 1226 Dei
1576 1168 1906 1242 cognitione

252 1286 507 1345 praeceps
537 1267 674 1324 ferri
704 1264 1020 1339 permisit?
1048 1261 1285 1318 Minime
1314 1263 1492 1327 certe,
1524 1259 1624 1315 sed
1648 1257 1778 1314 illos
1795 1256 1905 1312 hu-

245 1359 508 1433 jusmodi
540 1356 734 1413 verbis
772 1352 1142 1428 praemonuit,
1191 1349 1354 1417 Audi,
1401 1349 1596 1415 Israel,
1644 1348 1908 1404 Dominus

251 1450 391 1506 Deus
420 1456 570 1513 tuus,
597 1446 860 1502 Dominus
884 1458 1028 1498 unus
1064 1444 1144 1497 est
1191 1441 1257 1496 ³ο.
1303 1439 1371 1495 Et
1419 1454 1628 1494 rursus
1655 1452 1668 1491 :
1702 1436 1908 1507 Diliges

252 1539 548 1595 Dominum
578 1536 747 1592 Deum
784 1541 938 1589 tuum
994 1533 1054 1586 in
1108 1539 1216 1587 toto
1273 1528 1432 1585 corde
1483 1537 1602 1596 tuo,
1626 1530 1677 1582 et
1706 1528 1769 1582 in
1794 1530 1908 1582 tota

254 1622 581 1701 fortitudine
610 1628 707 1679 tua
734 1623 801 1676 δι.
825 1622 929 1677 Et:
963 1621 1263 1677 Dominum
1295 1624 1470 1675 Deum
1514 1620 1671 1672 tuum
1702 1614 1905 1670 adora-

259 1718 359 1788 bis,
385 1720 435 1772 et
457 1716 547 1771 illi
574 1714 679 1770 soli
705 1712 929 1783 servies,
947 1709 1149 1780 illique
1166 1709 1507 1766 adhaeresces
1529 1708 1593 1762 ³².
1617 1705 1781 1771 Quod
1799 1721 1905 1760 au-

256 1810 375 1863 tem
409 1808 535 1860 tota
554 1802 833 1858 divinitus
854 1799 1138 1872 inepirata
1159 1798 1459 1869 Scriptura
1479 1795 1652 1851 Verbi
1672 1810 1907 1867 quoque

257 1892 625 1969 providentia
648 1895 706 1948 et
734 1887 1239 1946 administratione
1268 1903 1361 1942 res
1390 1886 1561 1959 plane
1605 1884 1910 1940 universas

257 1984 381 2057 regi
410 1981 775 2048 testificetur,
807 1978 951 2035 satis
982 1977 1233 2050 probant
1262 1975 1383 2031 haec
1411 1992 1540 2048 quae
1571 1972 1912 2045 atheologis

256 2072 397 2129 viris
421 2069 856 2143 subjiciuntur:
897 2066 1163 2123 Fundasti
1217 2072 1427 2121 terram
1480 2068 1533 2120 et
1583 2070 1907 2137 permanet:

259 2161 616 2219 ordinatione
642 2161 739 2214 tua
776 2163 1091 2230 perseverat
1118 2156 1244 2211 dies
1272 2155 1337 2220 ³⁸,
1368 2154 1439 2209 Et
1468 2153 1717 2209 iterum:
1754 2152 1910 2209 Psal-

261 2253 357 2309 lite
386 2252 494 2307 Deo
526 2257 710 2306 nostro
740 2249 803 2303 in
830 2246 1071 2317 cithara,
1103 2246 1198 2317 qui
1224 2246 1399 2317 operit
1429 2244 1624 2298 mlum
1652 2241 1910 2309 nubibus,

259 2350 314 2397 et
337 2343 512 2414 parat
540 2347 700 2396 terrae
729 2337 1018 2407 pluviam;
1054 2336 1152 2408 qui
1173 2334 1430 2406 producit
1456 2335 1515 2388 in
1538 2334 1813 2388 montibus
1832 2330 1916 2405 fe-

258 2447 416 2502 num,
447 2434 501 2486 et
528 2428 754 2485 herbam
778 2427 1029 2484 servituti
1057 2424 1361 2491 hominum,
1391 2425 1442 2479 et
1462 2423 1563 2495 qui
1583 2421 1675 2477 dat
1694 2424 1910 2490 iumen-

261 2523 331 2578 tis
360 2537 559 2578 escam.
590 2519 654 2574 3‘.
689 2522 798 2573 Per
826 2532 1002 2589 quem
1033 2531 1166 2570 vero
1188 2513 1370 2569 alium
1393 2513 1494 2568 dat
1514 2527 1691 2584 quam
1718 2527 1820 2584 per
1844 2509 1913 2565 il-

261 2610 384 2666 lum
417 2624 520 2682 per
549 2623 725 2681 quem
751 2604 951 2661 omnia
976 2604 1128 2660 facta
1153 2601 1341 2659 sunt?
1361 2600 1737 2672 Consequens
1757 2599 1915 2655 enim

264 2703 355 2758 est
382 2704 448 2753 ut
485 2713 587 2769 per
633 2695 760 2765 ejus
801 2690 1221 2765 providentiam
1274 2690 1782 2755 administrentur,
1814 2703 1919 2760 per

265 2803 441 2861 quem
473 2786 625 2841 facta
654 2784 834 2839 tuere.
888 2780 1030 2847 Quis
1066 2781 1249 2853 igitur
1295 2777 1393 2835 ille
1439 2784 1529 2834 est
1575 2784 1785 2852 praeter
1814 2772 1918 2833 Dei

264 2877 545 2942 Verbum,
580 2874 651 2928 de
682 2888 796 2944 quo
827 2873 885 2927 et
912 2869 970 2924 in
1020 2868 1133 2925 alio
1180 2867 1410 2941 psalmo
1460 2868 1714 2924 dicitur:
1754 2869 1918 2923 Verbo

263 2965 485 3023 Domini
511 2963 638 3019 caeli
666 2961 876 3031 ﬁrmati
903 2962 1052 3029 sunt,
1102 2960 1154 3013 et
1192 2959 1391 3029 spiritu
1437 2959 1550 3013 oris
1597 2958 1713 3029 ejus
1741 2957 1920 3013 omnis

263 3058 444 3111 virtus
471 3068 661 3109 eorum
685 3050 751 3103 ³⁸.
785 3048 997 3104 Omnia
1023 3047 1240 3119 quippe
1272 3047 1333 3101 in
1364 3046 1491 3119 ipso
1511 3051 1567 3100 et
1598 3063 1700 3118 per
1719 3047 1918 3118 ipsum

266 3146 420 3202 facta
444 3158 572 3200 esse
592 3138 803 3196 asserit
823 3141 882 3193 et
902 3135 1073 3193 nobis
1094 3135 1186 3192 his
1212 3135 1405 3192 verbis
1433 3136 1746 3208 persuadet
1767 3135 1917 3191 Scri-

2087 989 2176 1045 46.
2208 991 2330 1063 Ἆρ’
2387 986 2497 1063 οὗν,
2558 987 2763 1044 ἀνελὼν
2823 992 2921 1060 τήν
2978 993 3088 1045 τῶν
3143 987 3302 1045 ἐθνῶν
3341 990 3378 1059 ἢ
3425 986 3674 1044 εἰδώλων

2017 1076 2299 1149 ἀθεότητα,
2333 1080 2669 1151 σεσιώπηκεν
2700 1081 2736 1150 ἡ
2774 1073 2952 1143 ἔνθεος
2984 1076 3325 1151 διδασκαλία,
3357 1079 3448 1134 καὶ
3479 1076 3674 1143 ἁπλῶς

2018 1168 2193 1245 ἀφῆκε
2221 1169 2284 1224 τὸ
2308 1172 2415 1224 τῶν
2437 1169 2733 1245 ἀνθρώπων
2758 1171 2914 1246 γένος
2938 1168 3166 1244 ἄμοιρον
3187 1174 3292 1241 τῆς
3310 1173 3408 1224 τοῦ
3436 1172 3572 1224 Θεοῦ
3594 1170 3673 1243 (5)

2015 1258 2272 1332 γνώσεως
2301 1259 2550 1336 φέρεσθαι
2585 1278 2600 1330 ;
2632 1258 2772 1336 Οὐχί
2804 1280 2887 1335 γε,
2938 1256 3086 1314 ἀλλὰ
3113 1258 3204 1314 xui
3251 1262 3574 1336 προαπαντᾷ
3598 1261 3672 1333 τῇ

2017 1342 2225 1419 διανοίᾳ
2274 1345 2530 1424 λέγουσα·
2561 1350 2787 1418 Ἄκουε,
2822 1346 3066 1424 Ἰσραὴλ,
3108 1347 3306 1425 Κύριος
3337 1349 3366 1403 6
3392 1346 3522 1412 Θεός
3555 1368 3677 1419 σου,

2016 1433 2214 1511 Κύριος
2249 1436 2325 1500 εἷς
2373 1435 2506 1493 ἐστι’
2560 1438 2651 1493 xui
2712 1438 2902 1494 πάλινο
2941 1440 3275 1514 ’Δγαπήσεις
3322 1436 3519 1512 Κύριον
3579 1437 3672 1494 τὸν

2016 1524 2144 1580 Θεόν
2200 1547 2295 1582 σου
2348 1525 2400 1582 ἐν
2452 1525 2556 1602 ὅλῃ
2612 1532 2681 1602 τῇ
2734 1524 2933 1605 καρδίᾳ
2987 1550 3119 1604 σου,
3177 1527 3268 1584 καὶ
3327 1526 3380 1584 ἐν
3440 1525 3546 1603 ὅλῃ
3601 1529 3674 1602 τῇ

2016 1614 2174 1691 ἴσχύϊ
2229 1637 2323 1671 σου
2359 1636 2372 1649 ⁸
2428 1617 2519 1672 καὶ
2575 1615 2741 1673 πάλιν
2800 1620 2878 1691 (6)
2913 1638 2927 1651 '
2990 1621 3187 1696 Κύριον
3233 1619 3325 1674 τὸν
3386 1617 3516 1674 Θεόν
3576 1637 3673 1673 σου

2014 1708 2405 1779 προσκυνήσεις
2457 1751 2472 1778 ,
2530 1708 2621 1761 xui
2697 1706 2843 1779 αὖτῷ
2931 1707 3079 1781 μόνῳ
3145 1705 3461 1781 λατρεύσεις
3502 1751 3519 1778 ,
3582 1707 3676 1762 καὶ

2016 1795 2154 1872 πρὸς
2203 1795 2360 1850 αὐτὸν
2407 1793 2754 1871 κολληθησῃ.
2800 1799 2923 1851 ’Ότι
2969 1796 3060 1852 xui
3113 1798 3149 1866 ἡ
3201 1794 3291 1852 διὰ
3339 1797 3555 1854 πάντων
3583 1796 3677 1853 καὶ

2018 1886 2054 1955 ἡ
2088 1885 2163 1947 εἷς
2194 1886 2364 1940 πάντα
2390 1890 2486 1940 τοῦ
2518 1885 2699 1961 Λόγου
2746 1885 2976 1962 πρόνοια
3018 1886 3110 1941 καὶ
3159 1883 3519 1960 διακόσμησις
3571 1886 3681 1943 ἀπὸ

2019 1975 2198 2046 πάσης
2254 1981 2355 2045 τῆς
2410 1974 2767 2031 θεοπνεύστου
2818 1979 3036 2054 Γραφῆς
3091 1980 3461 2051 μαρτυρεῖται,
3522 1976 3682 2051 ἀρκεῖ

2017 2065 2085 2118 τὰ
2113 2068 2203 2119 νῦν
2240 2062 2512 2140 λεγόμενα
2541 2061 2707 2136 δεῖξαι
2755 2067 2853 2120 τοῦ
2903 2062 3075 2141 λόγου
3120 2066 3222 2135 τὴν
3270 2064 3476 2136 πίστιν,
3504 2062 3544 2139 ᾖ
3575 2084 3676 2143 φα-

2022 2175 2102 2209 σιν
2157 2155 2211 2209 οἱ
2282 2152 2534 2231 θεολόγοι
2615 2152 2800 2230 ἄνδρες
2831 2174 2845 2187 ο
2902 2152 3302 2229 Ἐθεμελίωσας
3358 2156 3459 2224 τὴν
3517 2161 3621 2230 γῆν
3656 2199 3671 2228 ,

2021 2243 2110 2299 xui
2164 2241 2423 2318 διαμένεν
2481 2248 2551 2318 τῇ
2610 2242 2844 2315 διατάξει
2900 2266 2997 2301 σου
3055 2242 3298 2319 διαμένει
3355 2247 3391 2315 ἠ
3449 2245 3671 2319 ὖμὲρα·

2021 2333 2112 2389 xui
2169 2331 2357 2388 πάλιν·
2417 2332 2641 2389 Ψάλατε
2696 2338 2776 2406 τῷ
2833 2338 2949 2407 Θεῷ
2999 2336 3158 2409 ἡμῶν
3220 2334 3274 2390 ἐν
3331 2331 3551 2411 κιθάρᾳ,
3600 2338 3680 2406 τῷ

2023 2417 2418 2498 περιϐάλλοντι
2472 2423 2563 2477 τὸν
2639 2421 2864 2500 οὐρανὸν
2921 2423 2973 2479 ἐν
3040 2422 3295 2503 νεφέλαις
3328 2467 3344 2493 ,
3399 2428 3480 2496 τῷ
3535 2423 3676 2479 ἐτοι-

2029 2510 2255 2587 μαὶζοντι
2306 2515 2376 2586 τῇ
2432 2514 2504 2586 γῇ
2565 2512 2713 2566 ὑετὸν
2769 2514 2867 2587 (7),
2926 2517 3006 2585 τῷ
3064 2511 3381 2589 ἐξαγαγόντι
3430 2511 3483 2568 ἐν
3529 2509 3680 2589 ὄρεσι

2025 2602 2227 2678 ’χόρτον
2280 2601 2370 2656 καὶ
2426 2598 2607 2676 χλόην
2655 2605 2724 2675 τῇ
2777 2599 3005 2674 δουλείᾳ
3056 2606 3165 2658 τῶν
3224 2602 3543 2680 ἀνθρώπων,
3586 2600 3677 2656 καὶ

2028 2689 2231 2746 διδόντι
2285 2696 2402 2752 τοῖς
2459 2693 2673 2761 κτήνεσι
2729 2695 2960 2770 τροφήν.
3020 2693 3119 2747 Διά
3159 2691 3308 2756 τίνος
3357 2689 3416 2747 δὲ
3455 2688 3677 2747 δίδωσιν

2026 2781 2061 2850 ἢ
2096 2778 2166 2835 δι’
2188 2780 2249 2834 οὗ
2278 2780 2368 2835 xui
2411 2781 2477 2834 τὰ
2506 2781 2681 2835 πάντα
2726 2782 2920 2856 γὲγονε
2951 2800 2966 2850 ;
3002 2783 3080 2837 Δι’
3112 2782 3176 2837 οὗ
3206 2782 3310 2858 γὰρ
3355 2782 3550 2858 γέγονε
3580 2782 3682 2855 (8),

2028 2867 2098 2924 δι’
2124 2868 2287 2923 αὐτοῦ
2317 2869 2407 2923 καὶ
2452 2871 2487 2938 ἡ
2519 2873 2627 2924 τῶν
2660 2868 2877 2925 πάντων
2929 2869 3244 2934 ἀκολούθως
3291 2869 3403 2926 ἐστὶ
3432 2869 3681 2945 πρόνοια.

2026 2959 2117 3022 Τίς
2150 2956 2335 3025 οὖνᾶν
2388 2955 2470 3028 εἴη
2523 2958 2680 3021 οὗτος
2728 2959 2763 3029 ἢ
2811 2960 2840 3013 ὁ
2888 2964 2984 3014 τοῦ
3034 2964 3168 3016 Θεοῦ
3215 2960 3416 3037 Λόγος,
3463 2960 3590 3037 περὶ
3621 2956 3685 3015 οὗ

2027 3049 2117 3104 καὶ
2150 3046 2201 3104 ἐν
2231 3049 2399 3123 ὲτέρῳ
2450 3045 2658 3122 ψαλμῷ
2701 3050 2777 3123 (9)
2829 3046 2999 3125 λέγει.
3049 3054 3136 3123 Τῷ
3184 3048 3339 3126 λόγῳ
3393 3050 3592 3125 Κυρίου
3631 3049 3686 3105 οἱ

2029 3137 2245 3214 οὐρανοὶ
2303 3136 2699 3211 ἐστερεώθησαν
2734 3182 2749 3210 ,
2802 3138 2893 3194 καὶ
2949 3143 3030 3212 τῷ
3083 3138 3350 3214 πνεύματι
3407 3144 3506 3195 τοῦ
3564 3137 3685 3194 στό-

267 3239 479 3308 ptura:
510 3231 625 3303 Ipse
651 3228 816 3296 dixit,
859 3230 912 3282 et
961 3229 1118 3296 facta
1162 3229 1331 3291 sunt;
1383 3227 1497 3297 ipse
1525 3226 1836 3291 mandavit,
1866 3228 1916 3281 et

2033 3248 2200 3302 ματος
2260 3226 2423 3282 αὐτοῦ
2471 3232 2615 3281 πᾶσα
2668 3230 2702 3297 ἡ
2763 3224 2994 3302 δύναμις
3048 3228 3248 3288 αὐτῶν.
3308 3229 3408 3284 Καὶ
3467 3230 3572 3306 γὰρ
3617 3228 3686 3284 τὰ

266 3330 449 3380 creata
477 3328 605 3377 sunt
631 3319 696 3373 ³⁸.
727 3315 1232 3381 Quemadmodum
1274 3315 1451 3370 etiam
1484 3316 1711 3388 Moyses
1739 3315 1827 3370 vir
1853 3315 1915 3371 in

267 3412 543 3469 omnibus
574 3423 826 3481 magnus
853 3405 1021 3462 initio
1064 3403 1319 3461 historiae
1367 3404 1676 3461 creationis
1707 3405 1913 3461 mundi

264 3505 534 3569 testatur,
567 3498 667 3570 qui
698 3497 901 3553 eadem
950 3494 1052 3551 illa
1080 3494 1256 3551 verba
1293 3493 1403 3550 hoc
1434 3494 1608 3550 modo
1637 3494 1912 3566 exponit:

266 3593 334 3647 Et
362 3591 508 3646 dixit
533 3589 676 3644 Deus
697 3604 715 3641 :
746 3587 1032 3642 Faciamus
1066 3584 1341 3641 hominem
1367 3584 1439 3638 ad
1486 3585 1789 3656 imaginem
1816 3599 1916 3639 no-

265 3688 439 3737 stram
467 3686 517 3735 et
564 3678 634 3732 ad
679 3674 1104 3733 similitudinem
1132 3674 1197 3728 ³⁷.
1256 3671 1543 3728 Absoluta
1595 3672 1735 3728 item
1764 3672 1914 3743 coeli,

265 3774 430 3826 terrae
459 3781 772 3839 rerumque
803 3764 1069 3821 omnium
1101 3762 1521 3835 procreatione,
1554 3763 1743 3818 eidem
1775 3763 1921 3819 dixit

267 3859 471 3914 Pater:
501 3858 628 3913 Fiat
654 3855 873 3920 cwlum,
913 3858 966 3908 et
1002 3859 1400 3924 congregentur
1443 3868 1620 3923 aqua,
1668 3857 1721 3907 et
1748 3869 1917 3925 (ιρρα-

264 3956 389 4003 reat
415 3945 599 4011 arida,
628 3953 685 4001 et
728 3942 1000 4016 producat
1044 3945 1198 3999 terra
1244 3940 1474 3997 herbam
1519 3950 1570 3996 et
1608 3957 1765 3997 omne
1791 3944 1918 3998 ani-

263 4037 379 4093 mal
405 4036 471 4071 ⁸³·
505 4034 731 4099 Quibus
760 4031 964 4103 utique
994 4031 1188 4087 verbis
1214 4030 1470 4096 Judaeos,
1521 4030 1621 4102 qui
1656 4031 1917 4103 Scriptu-

266 4142 363 4182 ras
393 4140 508 4181 non
540 4122 801 4195 legitime
844 4124 1207 4185 scrutantur,
1260 4136 1575 4192 coarguere
1622 4122 1756 4192 quis
1784 4139 1915 4195 pos-

266 4215 363 4270 sit.
396 4214 542 4269 Cum
584 4229 700 4284 quo
748 4210 927 4280 enim,
976 4226 1194 4282 quaeso,
1246 4208 1400 4265 Deus
1452 4208 1821 4283 loquebatur,
1853 4217 1920 4269 ut

265 4305 440 4361 etiam
471 4301 815 4375 imperando
857 4298 1240 4372 loqueretur?
1286 4299 1431 4355 Nam
1484 4300 1532 4356 si
1580 4300 1756 4358 rebus
1788 4318 1917 4373 pro-

264 4390 531 4447 creandis
559 4388 887 4462 imperabat
929 4391 986 4443 et
1031 4386 1403 4459 loquebatur,
1451 4406 1919 4461 supervacaneus

264 4484 387 4536 erat
415 4494 641 4536 sermo:
676 4477 942 4533 nondum
985 4476 1201 4549 quippe
1250 4477 1597 4546 existebant,
1632 4480 1733 4535 sed
1766 4482 1916 4536 dun-

262 4573 421 4626 taxat
442 4569 651 4624 futurae
674 4571 858 4623 erant.
888 4566 1069 4622 Nemo
1088 4570 1283 4622 autem
1309 4584 1442 4623 cum
1469 4585 1528 4623 re
1547 4585 1677 4640 quae
1694 4585 1808 4626 non
1829 4576 1918 4628 est
1950 4600 1997 4665 D

262 4673 594 4715 sermonem
616 4656 821 4726 habet;
848 4672 1035 4728 neque
1050 4656 1224 4712 etiam
1241 4656 1322 4712 rei
1338 4674 1465 4728 quae
1482 4676 1515 4712 n
1528 4659 1751 4717 undum
1769 4663 1921 4723 facta

331 4764 377 4799 ³ο
405 4763 639 4831 Denter,
670 4779 747 4835 v1,
780 4763 833 4820 4.
891 4764 934 4799 ³⁸
964 4763 1106 4819 ibid.
1138 4764 1195 4818 5.
1226 4764 1273 4797 ³²
1326 4763 1493 4832 ibid.,
1538 4767 1603 4821 13
1652 4784 1768 4825 sec.
1806 4772 1962 4831 LXX.

258 4870 437 4919 χχχιι,
468 4853 523 4908 6.
555 4853 598 4886 ³⁸
628 4851 770 4908 ibid.
802 4852 857 4909 9.
889 4853 931 4887 ³⁷
964 4852 1173 4909 Genes.
1209 4870 1246 4921 ῐ,
1279 4854 1372 4908 26.

437 4959 677 5049 ξοβυθιξ
696 4958 895 5049 Θοεῑι,
908 4958 1257 5049 etnAnglic”
1284 4956 1443 5049 gsl‘op
1456 5003 1469 5015 .

354 5030 411 5102 6)
444 5030 615 5103 HuCav
644 5031 809 5103 deest
865 5030 1221 5103 inqSeguer.
1283 5031 1515 5103 Gobler.
1569 5039 1627 5091 et
1659 5037 1918 5095 Felckm.

263 5101 500 5186 μορυς).
522 5101 723 5186 ‘Paulo
757 5101 1084 5186 post‘IQobf
1126 5102 1412 5186 et‘ﬁelck.
1436 5107 1498 5186 A1
1523 5123 1731 5186 Aanon.
1783 5111 1921 5186 προς

263 5172 409 5257 αύτῷ
441 5172 816 5257 ᾒεῲθηςλυὶῄ
850 5172 1115 5257 aliincum
1147 5174 1319 5257 editis
1350 5172 1922 5257 εΐξεεηὲίοιςὶριηπρὸς

266 5244 448 5319 αὐτόν.
484 5247 611 5319 Mox
641 5244 743 5319 lib.
770 5245 1115 5319 _Seg._Basil.
1147 5247 1318 5319 Angl.
1374 5252 1431 5302 et
1474 5244 1796 5309 Felckm.?
1826 5244 1925 5311 an.

265 5317 485 5399 habent
511 5317 601 5399 xui
626 5318 662 5386 ἡ
685 5315 936 5399 agam
974 5335 1124 5399 “cum
1175 5315 1357 5399 editis
1396 5321 1674 5399 omittunt
1703 5326 1760 5394 ἡ,
1797 5331 1859 5383 at
1887 5327 1923 5395 ἡ

269 5405 392 5469 seq.
427 5390 487 5443 in
515 5389 638 5446 solo
684 5389 937 5472 Felckm.
972 5392 1006 5445 3
1057 5406 1152 5445 an.
1203 5391 1404 5446 deest:
1455 5397 1554 5459 τῆς
1605 5389 1930 5469 seq,"deegi

270 5476 330 5515 in
352 5460 602 5533 §eguer_.
634 5460 1131 5533 Anglic.iGobler.
1164 5465 1223 5516 et
1252 5462 1509 5518 Felckm.
1546 5467 1572 5519 1
1607 5473 1663 5523 et
1690 5472 1726 5523 2
1747 5487 1925 5527 anon.

340 5531 421 5603 (7)
451 5531 682 5603 Gobler.
718 5531 1059 5603 e'tFelckm.
1092 5533 1115 5587 4
1167 5549 1367 5603 anon..
1418 5533 1604 5603 ὑετούς
1658 5539 1838 5597 Iidem
1873 5546 1929 5598 et

270 5600 410 5687 ‘Segi
437 5618 543 5674 pro
572 5600 1138 5687 tEuLu-{dvn_habe_nt
1167 5601 1597 5676 ἐξανατέλλοντι,
1620 5617 1685 5667 ut
1712 5618 1770 5668 et
1791 5613 1929 5687 legi-

270 5674 456 5748 tur_i_n
488 5690 639 5748 vers.
673 5674 872 5748 Graeca
897 5676 1226 5748 Scriptura.

270 5746 423 5883 Μιξέ
450 5743 530 5801 Δι’
560 5741 623 5804 οὗ
652 5744 755 5824 γὰρ
781 5745 973 5824 γέγονε
1002 5741 1189 5805 abest.
1224 5765 1258 5804 ει
1298 5747 1530 5808 Gobler.
1581 5757 1637 5811 et
1667 5753 1924 5817 Felckm.

2025 3318 2197 3371 πάντα
2225 3314 2276 3371 ἐν
2309 3314 2455 3387 αὐτῷ
2484 3316 2574 3369 καὶ
2628 3311 2695 3369 δι’
2742 3314 2907 3371 αὐτοῦ
2955 3315 3223 3392 γενόμενα
3268 3319 3383 3392 (10)
3432 3313 3717 3393 διαλέγεγ

2023 3427 2134 3475 ται,
2185 3406 2273 3485 ἀφ’
2320 3407 2393 3460 ὧν
2451 3404 2542 3460 καὶ
2585 3407 2735 3479 ἡμᾶς
2788 3405 2957 3461 πείθει
3010 3403 3265 3481 λέγουσα.
3320 3405 3495 3470 Αὐτός
3545 3405 3683 3478 εἶπε,

2025 3496 2115 3551 xui
2174 3495 2504 3571 ἐγενήθησαν
2541 3513 2554 3527 ·
2615 3494 2775 3557 αὐτὸς
2823 3494 3126 3552 ἐνετείλατο
3181 3540 3196 3569 ,
3253 3494 3344 3552 xui
3413 3495 3628 3568 ἐκτίσθη
3661 3526 3686 3538 -

2028 3604 2160 3641 σαν·
2222 3586 2400 3647 καθὼς
2460 3586 2576 3656 (11)
2629 3585 2720 3639 καὶ
2779 3585 2808 3639 6
2864 3586 3040 3641 πάντα
3101 3588 3272 3662 μέγας
3334 3593 3570 3657 Μωυσῆς
3629 3584 3682 3641 ἐν

2028 3677 2176 3751 ἀρχῇ
2206 3682 2307 3745 τῆς
2337 3673 2705 3747 κοσμοποιίας
2752 3670 2965 3750 βεϐαιοῖ
3011 3676 3073 3731 τὸ
3125 3673 3425 3752 λεγόμενον
3454 3674 3683 3752 ἐξηγού-

2031 3785 2190 3839 μενος
2245 3763 2336 3819 καὶ
2394 3761 2602 3839 λέγων·
2666 3763 2764 3819 Καὶ
2824 3764 2966 3819 εἶπεν
3028 3766 3056 3819 6
3116 3764 3247 3828 Θεός
3280 3784 3292 3797 ⁶
3350 3767 3681 3839 Ποιήσωμεν

2028 3852 2308 3929 ἄνθρωπον
2367 3854 2484 3907 κατ’
2551 3851 2729 3907 εἰκόνα
2788 3854 3058 3931 ἡμετέραν
3133 3856 3224 3909 καὶ
3300 3857 3414 3910 καθ’
3476 3852 3682 3928 ὁμοίω-

2029 3965 2129 4000 σιν.
2187 3939 2405 4011 Ἐπειδὴ
2459 3942 2549 3997 xui
2608 3943 2707 4012 τὴν
2770 3942 2999 4019 ούρανοῦ
3054 3944 3145 3998 xui
3196 3951 3302 4021 γῆς
3350 3944 3441 4000 καὶ
3468 3942 3683 3999 πάντων

2031 4033 2253 4111 ὑφιστὰς
2307 4031 2514 4107 γένεσιν
2552 4075 2566 4102 ,
2627 4031 2773 4105 αὐτῷ
2830 4032 2973 4088 εἶπεν
3029 4033 3057 4087 ὀ
3118 4037 3325 4111 Πατήρ.
3393 4036 3685 4106 Γενηθήτω

2030 4125 2141 4197 (12)
2214 4122 2440 4197 οὐρανὸς
2513 4166 2526 4191 ,
2576 4122 2667 4175 καὶ
2753 4124 3079 4199 συναχθήτω
3164 4125 3234 4179 τὰ
3312 4121 3480 4180 ὕδατα
3519 4167 3536 4194 ,
3595 4123 3687 4179 καὶ

2030 4212 2253 4291 ὀφθήτω
2310 4214 2345 4281 ἡ
2398 4211 2553 4287 ξηρά”
2604 4212 2694 4266 καὶ
2743 4210 3052 4288 ἐξαγαγέτω
3095 4213 3129 4283 ἡ
3182 4220 3255 4289 γῆ
3320 4213 3552 4288 βοτάνην
3596 4211 3690 4268 καὶ

2028 4308 2131 4357 πᾶν
2186 4305 2349 4371 ζῶον
2402 4299 2492 4373 ἀφ’
2540 4301 2614 4354 ὧν
2674 4301 2765 4356 καὶ
2824 4299 3120 4365 Ἰουδαίους
3178 4302 3238 4357 ἄν
3287 4324 3370 4365 τις
3422 4300 3686 4379 ἐλέγξειεν

2031 4391 2093 4446 οὐ
2124 4389 2364 4467 γνησίως
2412 4388 2793 4466 ἐφιστάνοντας
2833 4396 2956 4454 ταῖς
3001 4397 3258 4470 Γραφαῖς.
3308 4392 3423 4447 Τίνι
3465 4392 3591 4469 γὰρ,
3625 4388 3686 4446 ἄν

2026 4502 2111 4544 τις
2141 4478 2284 4536 εἷ’ποι
2334 4481 2471 4555 πρὸς
2521 4478 2739 4549 αὐτοὺς,
2790 4478 2991 4554 ὡμίλει
3025 4482 3054 4535 6
3086 4480 3239 4553 Θεὸς,
3266 4479 3360 4537 ’ίνα
3397 4481 3488 4537 καὶ
3517 4501 3687 4557 προσ-

2028 4573 2233 4627 τάττων
2268 4567 2455 4643 λαλῇ;
2490 4569 2553 4624 Ei
2589 4570 2683 4643 μὲν
2716 4568 2806 4625 οὗν
2849 4575 2969 4633 τοῖς
3007 4571 3359 4647 γιγνομένοις
3384 4572 3497 4647 (13)
3528 4591 3692 4629 πνοσ-

2030 4666 2213 4720 ἐταττε
2276 4659 2367 4715 xui
2426 4657 2651 4733 ὡμίλει,
2714 4661 2964 4737 περιττὸς
3030 4663 3095 4731 ἦν
3166 4661 3195 4715 ὁ
3264 4659 3472 4737 λόγος·
3539 4660 3694 4717 οὔπω

2030 4775 2077 4809 ³³
2104 4771 2260 4829 Psal.
2294 4785 2485 4839 cxvm,
2513 4769 2605 4838 90,
2635 4770 2726 4825 91.
2781 4770 2828 4805 ⁸⁴
2855 4770 3012 4827 Psal.
3063 4786 3248 4841 chVI,
3278 4771 3401 4827 7-9.
3459 4771 3506 4806 ³⁸
3534 4769 3692 4828 Psal.

2102 4970 2183 5039 (9)
2215 4964 2437 5040 Ψαλμῷ
2467 4968 2631 5024 deest
2661 4966 2721 5023 in
2752 4967 2992 5040 Seguer.
3023 4965 3255 5024 Gobler.
3291 4971 3350 5024 et
3376 4965 3636 5023 Felckm.
3664 4966 3692 5022 1

2035 5058 2212 5099 anon.

2107 5114 2220 5187 (10)
2251 5110 2636 5187 Sic__8eguer,
2685 5109 2917 5187 _A_nglic.
2976 5109 3211 5187 Gobler.
3242 5110 3630 5187 _et_I"elck_m.
3666 5111 3694 5166 1

2035 5178 2578 5257 anonlquiigcum
2635 5178 2832 5257 editis,
2892 5180 3176 5257 γινόμενα.
3240 5182 3387 5238 Ibid.
3444 5178 3698 5257 διαλὶγε-

2033 5276 2120 5309 ται
2155 5255 2375 5312 habent
2403 5254 2642 5327 Seguer.
2677 5253 2914 5327 Gobler.
2950 5253 3207 5311 Felckm.
3262 5256 3290 5311 1
3346 5258 3404 5310 et
3430 5256 3465 5310 3
3495 5253 3696 5323 anon.;

2036 5327 2137 5384 alii
2168 5344 2304 5399 vero
2329 5343 2463 5399 cum
2479 5320 2693 5399 Editis,
2726 5320 2989 5399 διάγεται.

2107 5400 2224 5472 (11)
2252 5398 2483 5472 Gobler.
2517 5402 2574 5472 et
2605 5394 2857 5472 Felckm.
2912 5400 2937 5454 1
2982 5414 3157 5472 anon.
3191 5396 3468 5472 dic._Ibid.
3503 5396 3532 5450 ὁ
3561 5394 3699 5450 πάν-

2034 5467 2304 5544 ταίμέγας
2339 5471 2503 5526 deest
2532 5471 2592 5544 in
2625 5470 2856 5544 iisdem,
2892 5475 2957 5525 ut
2984 5474 3043 5544 et
3072 5470 3189 5544 duo
3220 5467 3465 5544 xuiseq.

2108 5537 2552 5614 (12)'Seguer.76
2584 5542 2748 5597 addit
2779 5540 3202 5614 anteodpuvdc,
3231 5540 3351 5614 _alii
3402 5537 3537 5614 cum
3571 5537 3700 5614 edi-

2037 5610 2123 5670 tis'
2145 5610 2448 5688 omittunt.
2482 5613 2610 5688 Mos
2641 5617 2775 5688 post
2807 5612 3063 5688 βοτάνην,
3092 5610 3334 5688 Gobler.
3361 5617 3418 5668 et
3439 5610 3699 5688 Felckm.

2039 5630 2113 5670 us
2145 5630 2448 5669 omittunt.
2484 5630 2609 5669 mox
2681 5630 2775 5669 osr.
2807 5630 3063 5688 Ροταντν,
3098 5630 3334 5670 υοωειε.
3361 5630 3418 5668 οι
3439 5630 3699 5669 remum.

2039 5688 2065 5740 1
2101 5702 2282 5766 auom
2309 5630 2792 5766 Xép'tOVﬁad‘tfunt,
2815 5690 2967 5766 utet.
2991 5654 3209 5766 legitur
3257 5684 3467 5741 Genes.
3521 5686 3573 5766 1,
3608 5685 3699 5740 11.

2108 5760 2225 5845 (13)
2254 5753 2481 5832 Anglic.
2516 5755 2749 5818 Gobler.
2775 5761 2835 5819 et
2873 5753 3132 5823 Felckm.
3168 5759 3198 5819 1
3228 5753 3583 5831 ειιοιιητοὺς
3611 5772 3703 5845 γε.

2035 5847 2097 5887 νο
2105 5827 2323 5913 μίνους.
