4160 6464
381 435 458 492 93

1581 424 1873 486 ORATIO
1918 424 2232 485 CONTRA
2274 426 2316 484 G
2332 425 2604 486 ENTES.

3727 431 3804 490 94

382 563 488 639 γὰρ
519 565 606 632 ἦν,
640 557 765 615 ἀλλ’
797 555 1000 633 ἔμελλε
1028 556 1324 634 γίγνεσθαι·
1378 553 1556 618 οὐδεὶς
1611 553 1668 610 δὲ
1707 559 1784 626 τῷ
1818 555 1892 628 μὴ
1928 549 2042 609 ὄντι

2181 561 2243 611 :st
2268 557 2517 628 imperat
2547 561 2602 614 et
2630 558 2772 614 dicit
2805 561 2870 614 ut
2901 559 3174 616 fiat.Nam
3208 559 3254 616 si
3288 561 3462 616 rebus
3485 577 3611 633 quae
3643 561 3802 618 futu-

383 649 562 722 λαλεῖ,
625 647 750 704 οὐδὲ
807 649 882 711 εἰς
939 649 1001 703 τὸ
1060 648 1303 723 γενέσθαι
1348 651 1426 718 τῷ
1478 644 1707 718 μηδέπω
1757 646 2036 719 γενομένῳ

383 742 703 816 προστάττει
749 739 837 794 καὶ
887 736 1078 795 λαλεῖ.
1120 737 1183 792 Εἰ
1230 738 1332 812 γὰρ
1380 741 1498 798 τοῖς
1549 734 1830 808 ἐσομένοις
1877 754 2039 810 προσ-

386 833 594 887 έταττεν
630 831 657 884 ὁ
689 830 839 897 Θεὸς,
873 823 979 882 ἔδει
1031 825 1209 902 λέγειν
1256 825 1438 881 αὐτόν·
1474 830 1656 880 l‘evoS.
1706 824 1918 898 οὐρανέ,
1948 822 2038 877 καὶ

386 924 565 996 γενοῦ,
618 925 714 993 γῆ,
772 916 862 971 καὶ
924 914 1121 986 ἔξελθε,
1189 916 1413 989 βοτάνη,
1463 914 1552 968 καὶ
1608 916 1894 985 ποιηθητι,
1951 910 2039 968 ἄν·

386 1011 590 1085 θρωπε·
640 1012 730 1061 νῦν
784 1004 842 1060 δὲ
891 1010 1051 1060 τοῦτο
1116 1005 1208 1079 μὲν
1270 1004 1368 1059 οὐκ
1425 1003 1666 1074 ἐποίησε·
1720 1003 2042 1079 προστάττει

391 1097 448 1154 δὲ
517 1095 695 1172 λέγων
733 1113 745 1128 ⁸
817 1098 1144 1170 Ποιήσωμεν
1217 1092 1542 1169 ἄνθρωπον,
1611 1094 1701 1148 καὶ
1787 1090 2043 1162 ἐξελθέτω

393 1188 618 1264 βοτάνη·
681 1185 767 1263 ἀφ’
823 1187 897 1240 ὧν
952 1183 1215 1240 δείκνυται
1277 1186 1303 1238 6
1354 1182 1483 1246 Θεὸς
1532 1185 1644 1256 (14)
1700 1183 1775 1244 ὡς
1806 1181 2042 1250 πλησίον

386 1276 495 1334 τινὶ
524 1273 916 1351 διαλεγόμενος
967 1275 1092 1350 περὶ
1142 1274 1371 1328 τούτων·
1426 1273 1629 1327 Ούκοῦν
1685 1269 1888 1346 ἀνάγκη
1924 1292 2050 1325 συν-

393 1366 529 1421 εἷναί
575 1386 696 1420 τινα
746 1364 949 1437 τούτῳ,
999 1365 1044 1436 ᾧ
1092 1361 1181 1418 καὶ
1223 1361 1435 1436 ὁμιλῶν
1481 1361 1651 1416 ἐποίει
1694 1362 1761 1416 τὰ
1791 1359 1915 1416 ὅλα.
1956 1359 2048 1421 Τίς

393 1456 483 1511 οὗν
514 1454 574 1510 ἂν
607 1451 690 1524 εἷή
743 1454 789 1508 εἰ
844 1455 918 1526 μὴ
972 1454 1000 1508 6
1048 1451 1241 1506 τούτου
1290 1449 1646 1527 Λόγος;τίνι
1698 1451 1802 1526 γὰρ
1857 1447 1915 1503 ἄν
1965 1468 2049 1510 τις

393 1545 526 1625 φαίη
577 1545 702 1600 Θεὸν
745 1541 960 1616 ὁμιλεῖν
1007 1544 1042 1612 ἡ
1073 1546 1153 1613 τῷ
1185 1542 1376 1598 ἑαυτοῦ
1407 1539 1571 1616 Λόγῳ
1606 1558 1619 1610 ;
1653 1541 1722 1594 Ἦ
1760 1537 1842 1601 τίς
1872 1537 2052 1610 τούτῳ

395 1641 560 1703 συνῆν
609 1637 857 1688 ποιοῦντι
904 1633 1003 1701 τὴν
1050 1632 1282 1705 γενητὴν
1336 1633 1448 1703 (15)
1492 1636 1664 1684 πᾶσαν
1713 1627 1895 1684 οὐσίαν
1947 1628 1982 1696 ἢ
2016 1629 2051 1696 ἡ

393 1722 592 1779 τούτου
648 1721 829 1799 σοφία,
883 1724 918 1790 ἡ
979 1718 1235 1795 λέγουσα·
1295 1719 1482 1774 Ἡνίκα
1536 1718 1706 1774 ἐποίει
1758 1717 1848 1772 τὸν
1891 1716 2054 1792 οὐρα-

397 1814 489 1869 νὸν
541 1811 631 1867 καὶ
678 1813 776 1881 τὴν
823 1817 950 1885 γῆν,
992 1811 1366 1886 συμπαρήμην
1430 1808 1594 1880 αὐτῷ’
1639 1807 1690 1863 ἐν
1735 1806 1793 1862 δὲ
1829 1810 1896 1881 τῇ
1943 1808 2054 1879 (16)

399 1902 630 1977 ούρανοῦ
680 1901 769 1956 καὶ
815 1906 918 1975 γῆς
977 1899 1261 1972 ὀνομασίᾳ,
1313 1899 1486 1954 πάντα
1525 1899 1593 1952 τὰ
1623 1897 1673 1952 ἐν
1725 1897 1940 1974 οὐρανῷ
1967 1895 2056 1950 καὶ

399 1995 472 2068 γῇ
531 1991 735 2067 γενητὰ
784 1983 1322 2066 συμπεριλαμϐάνει.
1388 1988 1571 2042 Συνὼν
1634 1984 1691 2041 δὲ
1748 1987 1824 2048 ὡς
1876 1984 2058 2063 σοφία,

397 2081 488 2138 καὶ
535 2081 610 2142 ὡς
662 2078 840 2154 Λόγος
881 2079 971 2133 τὸν
1020 2078 1232 2155 Πατέρα
1285 2075 1540 2152 βλέπων,
1596 2074 1953 2150 ἐδημιούργει
1999 2073 2061 2128 τὸ

400 2177 503 2226 πᾶν
555 2170 645 2225 καὶ
696 2168 914 2238 συνίστη
965 2166 1056 2223 καί
1108 2165 1403 2237 ὃιεκόσμευ
1455 2166 1546 2221 καὶ
1598 2163 1830 2238 δύναμις
1880 2162 1937 2218 δὲ
1987 2159 2060 2217 ὣν

408 2264 506 2316 τοῦ
537 2259 770 2335 Πατρὸς,
801 2258 869 2312 τὰ
915 2255 1018 2312 ὅλα
1067 2257 1143 2319 εἰς
1183 2257 1246 2311 τὸ
1295 2256 1429 2310 εἶναι
1471 2254 1836 2332 ἷσχυροποίει,
1932 2273 2066 2331 φησι

414 2349 505 2404 καὶ
574 2351 602 2404 6
671 2349 906 2422 Σωτήρ·
976 2346 1157 2401 Πάντα
1242 2344 1340 2400 ὅσα
1426 2343 1614 2420 βλέπω
1677 2346 1768 2399 τὸν
1854 2344 2066 2419 Πατέρα

412 2442 693 2507 ποιοῦντα,
725 2437 880 2512 κάγὼ
935 2434 1145 2510 ὁμοίως
1192 2439 1358 2490 ποιῶ·
1402 2435 1491 2490 καὶ
1543 2431 1611 2489 δι’
1661 2434 1823 2488 αὐτοῦ
1869 2430 1926 2488 δὲ
1956 2434 2066 2506 (17)

411 2529 503 2584 καὶ
535 2527 611 2590 εἷς
643 2526 799 2582 αὐτὸν
830 2526 898 2580 τὰ
925 2527 1100 2580 πάντα
1131 2525 1411 2602 γεγονέναι
1462 2525 1514 2578 οἱ
1561 2525 1699 2599 ἱεροὶ
1750 2523 1944 2578 τούτου
1991 2520 2069 2577 δι-

416 2615 668 2672 δάσκουσι
705 2615 962 2689 μαθηταὶ,
1016 2614 1106 2669 καὶ
1156 2613 1239 2669 ὅτι
1289 2615 1483 2690 ἀγαθὸν
1537 2613 1588 2684 ἐξ
1635 2614 1837 2688 ἀγαθοῦ
1875 2614 2068 2688 γέννη-

418 2727 511 2781 μα,
561 2705 653 2760 καὶ
703 2703 959 2776 ἀληθινὸς
1011 2705 1132 2766 Υἱὸς
1193 2705 1480 2781 ὑπάρχων,
1539 2701 1770 2777 δύναμίς
1823 2701 2069 2757 ἐστιτοῦ

413 2797 647 2872 Πατρὸς,
678 2795 768 2850 καὶ
799 2793 981 2872 σοφία,
1011 2790 1101 2848 καί
1131 2792 1332 2868 Λόγος,
1368 2793 1428 2847 ού
1459 2794 1596 2847 κατὰ
1631 2793 1870 2868 μετοχὴν
1905 2795 2073 2846 ταῦτα

417 2883 512 2959 ὢν,
547 2882 672 2940 οὐδὲ
704 2882 892 2955 ἔξωθεν
945 2881 1337 2958 ἐπιγινομένων
1389 2885 1500 2956 (18)
1546 2881 1754 2936 τούτων
1795 2881 1942 2954 αὐτῷ
1973 2901 2070 2936 κα-

415 2976 482 3031 τὰ
531 2974 660 3037 τοὺς
707 2973 871 3028 αὐτοῦ
927 2973 1255 3049 μετέχοντας
1301 2973 1391 3028 καὶ
1441 2973 1834 3050 σοφιζομένους
1883 2969 1933 3025 δι
1981 2969 2072 3025 αὐ-

415 3068 535 3136 τοῦ,
565 3064 655 3118 καὶ
705 3060 962 3125 δυνατοὺς
992 3063 1082 3117 καὶ
1125 3061 1383 3136 λογικους
1433 3061 1484 3116 ἐν
1531 3060 1676 3134 αὐτῷ
1727 3060 2071 3137 γινομένους,

421 3151 544 3208 ἀλλ’
597 3151 912 3230 αὐτοσοφία,
975 3151 1322 3227 αὐτολόγος,
1384 3149 1747 3223 αὐτοδύναμις
1806 3148 1916 3204 ἰδία
1963 3151 2074 3223 (19)

419 3246 516 3297 τοῦ
575 3241 788 3316 Πατρός
842 3240 1006 3312 ἐστιν,
1068 3240 1341 3319 αὐτοφῶς,
1402 3238 1803 3311 αὐτοαλήθέια,
1863 3235 2076 3294 αὐτοδι-

2153 663 2227 700 rae
2253 652 2418 702 erant
2448 645 2775 718 imperabat
2800 653 2972 714 Deus,
3009 649 3175 704 illum
3199 656 3538 722 oportuerat
3559 651 3753 708 dicere
3786 668 3800 707 :

2153 735 2277 790 Fias
2309 735 2542 801 coelum,
2576 737 2681 792 tias
2705 742 2876 805 terra,
2915 738 3081 810 prodi
3114 739 3317 808 herba,
3349 742 3453 796 fias
3487 741 3684 797 homo.
3735 743 3807 796 At

2149 823 2230 878 ita
2253 841 2364 878 non
2397 823 2533 895 egit,
2567 826 2665 880 sed
2689 826 2858 896 jubet
2879 831 2934 881 et
2965 828 3142 884 dicit:
3193 831 3478 886 Faciamus
3533 831 3810 886 hominem

2150 917 2226 980 et,
2261 912 2598 967 Producamr
2627 915 2828 983 herba;
2859 916 3073 987 quibus
3113 919 3420 990 perspicue
3478 920 3808 976 ostenditur

2153 1002 2336 1056 Deum
2357 1018 2490 1056 cum
2523 1000 2720 1074 aliquo
2752 1003 2864 1058 sibi
2897 1006 3160 1076 proximo
3191 1007 3284 1062 hic
3314 1008 3496 1079 loqui.
3559 1010 3807 1066 Necesse

2155 1096 2243 1146 est
2271 1091 2451 1163 igitur
2481 1089 2738 1163 aliquem
2769 1109 2903 1148 eum
2950 1094 3131 1151 fuisse
3193 1098 3432 1168 quicum
3496 1098 3673 1154 etiam
3723 1100 3807 1156 lo-

2157 1196 2340 1250 quens
2371 1179 2570 1234 omnia
2600 1180 2983 1247 faceret.Quis
3004 1199 3140 1255 ergo
3167 1184 3262 1240 ille
3286 1185 3458 1242 fuerit
3488 1187 3808 1259 nisiipsius

2156 1268 2414 1324 Verbum
2436 1268 2463 1322 ‘I
2485 1285 2620 1324 cum
2653 1286 2765 1342 quo
2803 1271 2961 1325 enim
2995 1275 3146 1327 Deus
3176 1274 3359 1329 videri
3416 1276 3600 1346 possit
3651 1276 3810 1349 loqui

2159 1375 2337 1430 quam
2359 1375 2493 1413 cum
2517 1375 2623 1414 suo
2644 1360 2819 1414 verbo
2841 1358 2972 1415 ?Vel
3001 1361 3134 1431 quis
3157 1378 3293 1418 cum
3317 1365 3441 1436 ipso
3478 1366 3810 1422 universam

2161 1451 2415 1503 creatam
2439 1451 2710 1503 naturam
2733 1448 2976 1504 faciente
2997 1449 3402 1523 aderat,quam
3434 1455 3698 1526 ejusdem
3723 1473 3814 1512 sa-

2163 1536 2402 1608 pientia,
2436 1553 2563 1608 quas
2596 1538 2724 1610 ipsa
2763 1538 2879 1592 ait:
2943 1539 3168 1606 Quando
3224 1543 3460 1611 faciebat
3515 1545 3715 1601 caelum
3759 1550 3814 1602 et

2166 1630 2395 1694 terram,
2426 1642 2551 1681 cum
2578 1642 2637 1682 eo
2667 1627 2890 1682 aderam
2907 1629 2969 1682 39.
3004 1628 3139 1684 Caeli
3171 1646 3342 1701 porro
3373 1639 3430 1688 et
3476 1637 3640 1689 terras
3710 1652 3814 1691 no-

2167 1715 2324 1772 mine
2353 1716 2553 1772 omnia
2582 1733 2709 1788 qua:
2741 1717 2798 1772 in
2832 1717 2973 1773 coelo
3004 1722 3062 1773 et
3089 1723 3243 1775 terra
3274 1721 3427 1776 facta
3469 1728 3610 1778 sunt
3659 1741 3817 1780 com-

2166 1806 2464 1879 plectitur.
2496 1808 2778 1862 Cazterum
2811 1813 2874 1862 ut
2903 1808 3192 1879 sapientia
3219 1814 3277 1865 et
3307 1817 3371 1866 ut
3395 1811 3651 1868 Verbum
3683 1830 3818 1869 cum

2168 1894 2268 1949 illo
2310 1895 2887 1967 aderat,Patremque
2917 1898 3228 1969 aspiciens,
3269 1916 3361 1955 res
3385 1901 3685 1959 universas
3716 1905 3812 1959 37

2172 1985 3044 2059 procreabat,componebatque
3059 2004 3121 2042 ac
3137 1990 3498 2046 convenienti
3514 1993 3716 2049 ordine
3730 1994 3821 2050 dis

2173 2073 2525 2146 ponebat.Ut
2545 2075 2801 2146 potentia
2830 2077 2970 2131 item
3000 2077 3210 2147 Patris,
3243 2078 3358 2135 vim
3400 2083 3472 2136 ad
3531 2084 3826 2140 exsistan-

2173 2163 2315 2218 dum
2348 2167 2405 2219 et
2434 2165 3030 2234 permanendumillis
3052 2168 3532 2240 impertiebat,uti
3557 2172 3681 2244 ipse
3704 2173 3828 2230 Sal-

2172 2256 2338 2308 vator
2367 2253 2448 2307 ait
2474 2270 2484 2308 :
2507 2253 2706 2308 Omnia
2727 2269 3083 2328 quaecumque
3111 2258 3262 2315 video
3292 2264 3516 2316 Patrem
3532 2264 3828 2333 facientem

2175 2345 2226 2396 et
2255 2358 2346 2412 ego
2376 2341 2649 2398 similiter
2675 2345 2826 2414 facio
2847 2345 2910 2399 ‘0.
2957 2352 3106 2402 Sane
3135 2364 3238 2418 per
3267 2349 3463 2421 ipsum
3494 2356 3550 2406 et
3579 2351 3638 2407 in
3697 2353 3826 2425 ipso

2177 2431 2377 2487 omnia
2404 2433 2551 2488 facta
2586 2433 2767 2490 fuisse
2823 2435 2973 2491 sacri
3028 2437 3156 2507 ejus
3212 2438 3486 2513 discipuli
3541 2442 3753 2499 docent
3780 2443 3826 2481 “

2177 2536 2431 2594 eumque
2463 2523 2601 2594 quia
2632 2523 2786 2579 bona
2817 2525 2953 2580 boni
2985 2526 3176 2597 proles
3207 2544 3272 2582 ac
3301 2545 3472 2585 verus
3513 2530 3696 2587 Filius
3727 2533 3827 2602 sit,

2181 2613 2364 2667 Patris
2396 2613 2738 2684 potentiam,
2764 2614 3134 2686 sapientiam,
3167 2616 3424 2674 Verbum
3457 2624 3514 2674 et
3543 2622 3828 2679 rationem

2180 2718 2326 2770 esse,
2349 2719 2537 2774 neque
2567 2704 3098 2760 communicatione
3118 2705 3240 2760 haec
3298 2706 3464 2764 illum
3516 2726 3664 2783 esse,
3725 2719 3828 2768 aut

2181 2791 2546 2849 extrinsecus
2572 2792 2806 2862 habere,
2859 2799 2922 2848 ut
2969 2793 3086 2850 illis
3144 2797 3428 2870 contingit
3475 2799 3576 2869 qui
3635 2801 3824 2874 ipsius

2183 2881 2334 2936 fiunt
2355 2881 2666 2953 participes
2696 2886 2752 2938 et
2781 2883 3129 2954 sapientiam
3175 2902 3277 2958 per
3330 2903 3466 2942 eum
3517 2889 3836 2962 accipiunt,

2185 2971 2404 3042 quique
2426 2970 2747 3042 potentiam
2779 2976 2836 3027 et
2857 2973 3142 3029 rationem
3173 2973 3233 3029 in
3257 2974 3354 3030 illo
3385 2975 3731 3046 habent,sed
3763 2979 3835 3034 il-

2183 3066 2308 3115 lum
2339 3060 2526 3132 ipsam
2565 3077 2664 3132 per
2695 3078 2757 3116 se
2787 3062 3160 3134 sapientiam,
3194 3065 3385 3136 ipsam
3409 3082 3511 3138 per
3541 3083 3602 3123 se
3650 3069 3825 3124 ratio-

2186 3149 2540 3222 nem,ipsam
2559 3166 2733 3222 perse
2746 3150 3064 3222 potentiam
3089 3153 3384 3223 propriam
3415 3155 3830 3229 Patris,ipsum

2187 3255 2288 3311 per
2316 3254 2378 3294 se
2409 3238 2827 3310 lumen,ipsam
2858 3255 2961 3311 per
2989 3256 3051 3296 se
3081 3241 3403 3311 veritatem,
3427 3243 3618 3315 ipsam
3650 3263 3753 3317 per
3773 3263 3838 3302 se

420 3330 679 3401 καίοσύνη
717 3377 730 3403 ,
783 3330 1079 3405 αὖτοαρετῆ
1113 3377 1129 3403 ,
1186 3331 1275 3384 καὶ
1336 3331 1429 3404 μὲν
1493 3330 1582 3384 καὶ
1641 3330 1927 3406 χαρακτὴρ
1983 3327 2067 3383 καῖ

2181 3327 2500 3400 justitiam,
2527 3328 2716 3400 ipsam
2749 3346 2852 3400 per
2880 3346 2942 3385 se
2963 3331 3373 3400 virtutem,nec
3395 3350 3510 3389 non
3541 3335 3836 3391 characte-

424 3419 756 3497 ἀπαύγασμα
813 3420 903 3475 καὶ
962 3419 1139 3477 εἰκών.
1195 3419 1295 3474 Καὶ
1353 3417 1631 3474 συνελόντι
1684 3420 1903 3496 φράσαι,
1939 3439 2073 3494 καρ-

421 3509 525 3572 πὸς
555 3507 872 3571 παντέλειος
916 3512 1013 3563 τοῦ
1061 3509 1271 3581 Πατρὸς
1324 3505 1578 3583 ὑπάρχει,
1618 3508 1707 3562 καὶ
1742 3507 1904 3581 μόνος
1935 3507 2073 3564 ἐστὶν

424 3597 570 3671 Υἱὸς,
605 3598 765 3654 εἰκὼν
800 3599 1222 3672 ἀπαράλλακτος
1251 3602 1351 3652 τοῦ
1382 3596 1614 3672 Πατρός.

493 3691 583 3746 47.
616 3688 708 3751 Τίς
739 3685 829 3743 οὖν
877 3687 958 3760 ἂν,
1009 3685 1091 3750 τίς
1143 3687 1517 3763 ἐξαριθμῆσειε
1568 3687 1657 3742 τὸν
1710 3686 1940 3764 Πατέρα,
1989 3686 2078 3742 τίνοι

422 3778 514 3834 καὶ
561 3782 657 3832 τοῦ
703 3777 884 3854 Λόγου
931 3777 1125 3832 τούτου
1172 3778 1269 3839 τὰς
1326 3773 1580 3850 δυνάμεις
1644 3776 1846 3851 ἐξεύροι
1880 3795 1893 3846 ;
1928 3778 2076 3831 Ἐστι

423 3869 527 3944 γὰρ
577 3863 757 3943 ὥσπερ
806 3871 903 3922 τοῦ
955 3868 1166 3942 Πατρὸς
1214 3866 1391 3941 Λόγος
1435 3867 1524 3921 καὶ
1574 3865 1752 3945 σοφία,
1807 3865 1948 3921 οὕτω
1988 3865 2078 3922 καὶ

422 3961 541 4019 τοῖς
589 3961 841 4032 γενητοῖς
892 3952 1357 4032 συγκαταϐαίνων,
1409 3955 1614 4030 γίνεται
1664 3956 1801 4032 πρὸς
1847 3957 1945 4026 τὴν
1981 3959 2078 4010 τοῦ

425 4045 725 4120 γενήτορος
776 4049 972 4121 γνῶσιν
1024 4043 1115 4100 καί
1165 4042 1370 4100 ἔννοιαν
1412 4045 1813 4121 αὐτοαγιασμὸς
1863 4045 1953 4100 καὶ
1985 4045 2079 4101 αὖ·

423 4137 607 4205 τοζωή
639 4133 728 4190 καί
759 4137 873 4210 (20)
903 4135 1056 4210 θύρα,
1107 4136 1197 4190 καὶ
1246 4136 1480 4208 ποιμήν,
1531 4135 1620 4190 καὶ
1663 4132 1810 4208 ὁδὸς,
1839 4135 1929 4190 καὶ
1982 4137 2076 4210 βα-

427 4222 634 4296 σιλεὺς,
681 4223 771 4279 καὶ
815 4225 1069 4299 ἡγεμὼν,
1116 4225 1206 4278 καὶ
1258 4224 1346 4279 ἐπὶ
1394 4231 1526 4279 πᾶσι
1575 4227 1779 4301 σωτὴρ,
1813 4227 1902 4280 καὶ
1947 4231 2082 4295 ζωο-

424 4314 584 4375 ποιὸς
634 4312 724 4367 καὶ
784 4317 921 4391 φῶς,
954 4313 1044 4368 καὶ
1094 4313 1322 4386 πρόνοια
1365 4318 1470 4368 τῶν
1529 4315 1766 4373 πάντων.
1824 4320 2077 4371 Τοιοῦτον

427 4399 531 4478 ἄρα
560 4402 757 4477 ἀγαθὸν
803 4402 893 4456 καὶ
949 4400 1286 4478 δημιουργὸν
1338 4404 1460 4458 Υἱὸν
1515 4401 1657 4480 ἔχων
1711 4404 1762 4475 ἐξ
1813 4404 2002 4460 ἐαυτοῦ
2052 4406 2080 4460 6

425 4493 638 4566 Πατὴρ,
687 4491 784 4546 οὐκ
843 4493 1016 4570 ἀφανῆ
1077 4491 1234 4546 αὐτὸν
1293 4495 1409 4553 τοῖς
1459 4499 1708 4567 γενητοῖς
1759 4495 2080 4569 ἀπέκρυψεν·

425 4579 573 4636 ἀλλὰ
600 4579 690 4636 καὶ
722 4581 991 4657 ὁσημέραι
1020 4583 1210 4635 τοῦτον
1255 4578 1625 4636 ἀποκαλύπτει
1673 4589 1792 4644 τοῖς
1830 4591 1960 4638 πᾶσι
1994 4582 2083 4638 διὰ

423 4677 526 4741 τῆς
555 4675 660 4725 τῶν
693 4671 905 4726 πάντων
955 4667 1024 4725 δι’
1073 4670 1236 4725 αὐτοῦ
1288 4671 1589 4732 συστάσεως
1641 4672 1730 4725 καὶ
1782 4677 1948 4742 ζωῆς.
1996 4679 2078 4728 Ἐν

424 4760 573 4833 αὗτῷ
605 4758 663 4815 δὲ
703 4762 794 4815 καὶ
841 4758 912 4815 δι’
961 4760 1148 4832 αὐτοῦ,
1195 4760 1285 4815 καὶ
1317 4759 1501 4814 ἑαυτὸν
1546 4758 1814 4838 ἐμφαίνει,
1845 4763 2023 4826 καθὼς
2056 4763 2084 4818 ὅ

427 4851 626 4927 Σωτήρ
677 4870 861 4929 φησιν’
916 4851 1060 4926 Ἐγὼ
1111 4849 1162 4905 ἐν
1209 4854 1289 4923 τῷ
1335 4851 1507 4926 Πατρὶ
1559 4851 1648 4904 καί
1705 4852 1732 4905 6
1789 4854 1976 4928 Πατὴρ
2029 4852 2081 4908 ἐν

427 4937 574 5013 ἐμοί·
611 4937 750 4994 ὥστε
782 4939 834 5011 ἐξ
868 4940 1108 5016 ἀνάγκης
1157 4940 1292 4995 εἶναι
1340 4940 1429 4995 τὸν
1457 4939 1659 5016 ·Λόγον
1699 4939 1750 4995 ἐν
1780 4946 1860 5014 τῷ
1890 4945 2084 5018 γεννή-

427 5050 597 5102 σαντι,
629 5029 719 5085 καὶ
750 5029 840 5084 τὸν
892 5031 1218 5106 γεννηθέντα
1266 5029 1357 5085 σὺν
1406 5034 1486 5103 τῷ
1517 5031 1688 5107 Πατρὶ
1731 5028 2080 5102 διαιωνίζειν.

426 5117 638 5174 Τούτων
687 5118 745 5174 δὲ
794 5118 968 5182 οὕτως
1017 5119 1277 5196 ἐχόντων,
1310 5119 1398 5174 καὶ
1431 5118 1647 5184 οὐδενὸς
1699 5119 1885 5192 ἔξωθεν
1920 5123 2083 5178 αὐτοῦ

2187 3436 2310 3474 rem
2341 3419 2460 3474 sive
2481 3418 3251 3492 ﬁguram,splendoremque
3273 3422 3658 3495 etimaginem
3683 3441 3833 3481 esse.

2185 3509 2449 3580 Denique
2479 3513 2544 3562 ut
2573 3508 2821 3563 breviter
2850 3509 3062 3578 dicam,
3121 3511 3586 3582 perfectissimus
3644 3513 3836 3570 Patris

2185 3599 2432 3665 fructus,
2448 3596 2725 3668 solusque
2737 3596 2917 3654 Filius
2929 3603 2985 3654 et
3001 3616 3179 3670 quam
3195 3600 3500 3657 simillima
3513 3603 3704 3675 imago
3726 3608 3835 3659 est.

2258 3689 2346 3742 47.
2379 3687 2519 3752 Quis
2549 3687 2846 3759 ergo,quis
2877 3688 3220 3761 omniaquae
3252 3690 3311 3745 in
3343 3690 3508 3747 Patre
3529 3696 3668 3748 sunt
3688 3708 3836 3748 enu-

2189 3777 2724 3847 meraverit,utejus
2754 3775 2925 3832 Verbi
2956 3777 3073 3833 vim
3095 3784 3152 3834 et
3182 3780 3498 3850 potentiam
3532 3782 3840 3854 assequiet

2189 3867 2483 3940 percipere
2505 3865 2726 3939 queat?
2757 3865 2830 3922 Ut
2860 3867 3016 3922 enim
3047 3867 3234 3924 Patris
3255 3869 3508 3926 Verbum
3528 3874 3585 3926 et
3609 3870 3842 3944 sapien-

2188 3959 2270 4013 tia
2299 3957 2498 4026 est,ita
2517 3972 2751 4028 quoque
2781 3972 2842 4011 se
2873 3957 2943 4012 ad
2977 3973 3068 4013 res
3099 3963 3325 4015 creatas
3347 3960 3598 4033 benigne
3620 3976 3846 4017 accom-

2188 4047 2530 4114 modans,ﬁt
2558 4045 2675 4102 illis
2707 4045 2778 4101 ad
2821 4045 3047 4102 Patrem
3080 4051 3552 4120 cognoscendum
3569 4055 3625 4104 et
3672 4049 3842 4106 intel-

2188 4137 2490 4209 ligendum
2519 4136 2648 4208 ipsa
2680 4152 2782 4208 per
2811 4153 2873 4192 se
2895 4137 3304 4207 sanctimonia,
3330 4139 3461 4211 ipsa
3480 4154 3582 4211 per
3610 4156 3672 4195 se
3700 4139 3839 4205 vita,

2190 4243 2296 4284 nec
2327 4243 2443 4282 non
2465 4226 2672 4296 janua,
2707 4231 2928 4298 pastor,
2959 4226 3072 4294 via,
3095 4228 3435 4299 imperator,
3475 4229 3614 4298 dux,
3647 4245 3713 4284 ac
3741 4229 3843 4284 de-

2190 4317 2366 4389 nique
2416 4320 2692 4382 servator,
2740 4315 2870 4370 vitae
2921 4319 3146 4383 auctor,
3205 4315 3306 4371 lux
3366 4321 3420 4372 et
3479 4317 3846 4390 providentia

2191 4407 2688 4476 omnium.ltaque
2717 4403 2888 4460 talem
2925 4406 3145 4461 bonum
3172 4410 3228 4461 et
3252 4405 3518 4476 opiﬁcem
3544 4405 3754 4461 Filium
3773 4421 3845 4462 ex

2190 4498 2384 4569 seipse
2415 4495 2639 4551 habens
2670 4493 3034 4566 Pater,illum
3069 4496 3244 4550 rebus
3289 4495 3498 4551 creatis
3546 4495 3843 4550 occultum

2191 4604 2319 4644 esse
2335 4585 2650 4656 noluit,sed
2681 4600 2815 4640 eum
2848 4583 3108 4656 quotidie
3139 4601 3242 4656 per
3280 4601 3371 4640 res
3428 4601 3653 4655 omnes,
3714 4600 3842 4656 quas

2114 4699 2161 4762 Β
2193 4694 2295 4750 per
2317 4676 2514 4749 ipsum
2539 4673 2868 4730 consistunt
2896 4677 2952 4728 et
2991 4673 3211 4744 vivunt,
3265 4673 3492 4730 cunctis
3544 4673 3840 4746 patefacit.

2194 4768 2256 4823 In
2288 4766 2416 4840 ipso
2437 4767 2634 4820 autem
2665 4767 2722 4819 et
2749 4779 2852 4835 per
2872 4763 3069 4835 ipsum
3098 4780 3160 4820 se
3182 4779 3416 4836 quoque
3446 4763 3571 4836 ipse
3590 4763 3848 4820 ostendit

2194 4855 2369 4913 sicuti
2400 4853 2663 4910 Salvator
2692 4857 2944 4909 testatur
2977 4870 2989 4908 :
3021 4855 3136 4923 Ego
3168 4855 3227 4909 in
3256 4859 3442 4924 Patre,
3477 4858 3530 4908 et
3560 4859 3734 4910 Pater
3783 4855 3847 4910 in

2191 4962 2279 5002 me
2305 4947 2372 5013 ⁴²,
2404 4945 2546 5001 adeo
2576 4947 2642 4998 ut
2672 4959 2909 4999 necesse
2940 4944 3018 5000 sit
3051 4944 3298 5000 Verbum
3327 4942 3388 4998 in
3446 4941 3728 5016 genitore,
3787 4947 3847 4998 et

2194 5035 2458 5108 genitum
2491 5049 2625 5088 cum
2655 5032 2822 5088 Patre
2851 5038 3131 5106 perpetuo
3171 5049 3535 5106 permanere.
3559 5035 3693 5098 Quae
3707 5048 3843 5089 cum

2195 5125 2276 5180 ita
2314 5122 2452 5193 sint,
2487 5120 2750 5193 nihilque
2777 5126 2937 5177 extra
2964 5123 3160 5194 ipsum
3191 5122 3454 5188 exsistat,
3485 5123 3586 5178 sed
3630 5120 3844 5178 ccslum

498 5219 543 5254 ³⁸
573 5221 713 5276 Gen.
747 5237 788 5293 ι,
819 5221 874 5289 6,
895 5220 950 5288 9,
986 5221 1072 5288 12,
1103 5223 1194 5287 20,
1226 5221 1272 5255 39
1300 5221 1464 5276 Prov.
1498 5239 1617 5294 vui,
1649 5223 1738 5278 27.
1772 5223 1817 5258 ‘0
1845 5223 2013 5280 Joan.
2045 5241 2102 5298 ν,
2135 5226 2223 5280 19.
2256 5225 2300 5257 ⁴ί
2333 5223 2502 5278 Rom.
2543 5236 2622 5288 x1,
2655 5219 2743 5275 36.
2776 5221 2820 5254 ⁴²
2848 5224 3011 5276 Joon.
3042 5239 3157 5288 x1v,
3191 5223 3276 5276 10.

429 5385 474 5442 ὣ
501 5319 1105 5446 (:14)bS€guer.omittit
1137 5316 1165 5372 0‘
1196 5324 1331 5375 ante
1360 5317 1679 5380 926:.Idem
1704 5322 1824 5378 ibid
1856 5340 1958 5396 pro
1981 5321 2080 5390 ὡς,

477 5410 502 5442 ν
566 5408 600 5446 a
642 5409 672 5446 e
704 5435 717 5446 .

477 5410 502 5442 ν
525 5408 717 5447 [180612.

439 5463 614 5589 de($852
647 5463 901 5520 Felckm.
933 5465 969 5519 2
999 5480 1197 5534 anon.,
1227 5462 1516 5536 γεννητήν.
1551 5465 1614 5519 In
1673 5467 1799 5521 eod.
1858 5467 1893 5534 ἡ
1955 5484 2081 5540 seq.

502 5607 616 5688 (16)
643 5606 878 5688 seguer.
903 5612 1038 5680 post
1093 5603 1149 5660 δὲ
1207 5605 1372 5662 addit
1423 5607 1518 5678 τῇ,
1579 5606 1676 5662 alii
1725 5625 1860 5664 cum
1911 5611 2084 5667 editis

431 5683 733 5733 omittunt.

435 5748 1004 5842 __£111eiéeestin
1033 5749 1288 5842 Falcke-
1323 5751 1804 5842 isses-Ms.
1822 5750 1886 5842 3‘
1905 5841 1928 5842 η
1949 5750 2084 5842 ea“

431 5808 630 5882 τούτου
657 5808 972 5884 διδάσκουσι
1012 5821 1270 5906 μαθηταί,
1324 5823 1541 5882 desunt
1591 5821 1651 5881 in
1709 5822 1966 5886 Felckm.
1998 5808 2083 5884 ’2.

2194 5337 2369 5392 anon.
2404 5323 2550 5392 Item
2581 5334 2684 5390 pro
2713 5315 2931 5386 τούτου,
2965 5319 3194 5392 Gobleg
3219 5324 3276 5392 et
3296 5317 3546 5374 Felckm.
3581 5320 3607 5373 1
3640 5335 3840 5392 anon.,

2194 5391 2378 5447 αύτοῦ.
2423 5391 2567 5464 Ibid.
2589 5389 3036 5464 ’Segue_r._Augl.
3070 5396 3127 5446 et
3157 5390 3414 5464 Felckm.
3435 5392 3470 5444 2
3502 5389 3839 5464 anonno’iyaL

2193 5464 2307 5530 Θός,
2341 5464 2439 5518 ubi
2466 5461 2593 5536 alii,
2628 5460 2996 5536 Memmiana
3026 5461 3465 5536 mox,pro_ut6¢,_
3509 5466 3575 5536 ut
3614 5460 3848 5536 legitur

2193 5539 2253 5593 in
2287 5537 2430 5608 Seg.
2452 5533 2618 5589 Gobl.
2651 5533 2707 5588 et
2722 5533 3040 5608 ‘Felckmrl
3077 5533 3339 5608 an._Ali_i,
3362 5534 3507 5608 950g
3532 5533 3770 5608 habent.

2266 5599 2671 5680 (18ySeguer.,
2704 5599 3122 5680 ἐπιγενομένων.
3157 5599 3332 5660 Gobl.
3361 5605 3618 5662 Felckm.
3651 5607 3676 5660 1
3712 5610 3770 5662 et
3809 5609 3846 5662 2

2196 5676 2395 5750 anon.,
2428 5676 2824 5750 ἐπιγενομένῳζ

2268 5745 2390 5825 (19)
2413 5745 2544 5825 Ἰνδία
2574 5745 2840 5825 abestab
2861 5747 3091 5825 Anglic.

2268 5751 2359 5825 (19
2413 5751 2544 5804 Ἰδία
2574 5751 2740 5805 abest
2767 5751 2840 5805 ab
2861 5751 3091 5822 Anglic.

2266 5751 2380 5906 (201
2421 5817 2522 5875 Καί
2580 5823 2717 5880 ante
2742 5819 2877 5906 θύρα
2903 5825 2961 5880 et
2987 5824 3121 5882 ante
3161 5816 3420 5899 βασιλεὺς
3451 5824 3511 5886 et
3539 5825 3675 5878 ante
3728 5821 3845 5917 φῶς
