4160 6404
294 463 373 527 95
838 457 903 518 S.
949 451 1379 515 ATHANASII
1423 449 1593 512 OPP.
1643 449 1845 511 PARS
1889 449 1937 510 l.
1969 481 2048 494 --
2082 448 2503 514 HISTORICA
2545 452 2646 514 ET
2689 453 3170 516 DOGMATIGA.
3634 462 3716 522 96

298 600 357 653 et
379 602 535 654 terra
557 599 732 668 atque
762 589 958 648 omnia
989 603 1115 659 quae
1147 585 1242 642 his
1302 583 1673 641 continentur
1727 601 1796 640 ex
1853 582 1943 638 illo

2062 583 2450 658 τυγχάνοντος,
2483 581 2630 639 ἀλλα
2678 584 2768 640 καὶ
2819 585 3055 661 οὐρανοῦ
3099 585 3189 641 καὶ
3220 593 3348 663 γῆς,
3378 587 3469 643 καὶ
3498 590 3715 646 πάντων

299 687 592 760 pendeant
627 703 639 741 :
673 678 1058 739 nihilominus
1091 675 1256 732 stulti
1289 673 1557 730 homines
1586 674 1717 745 ejus
1749 672 1945 746 cogni-

297 775 456 831 tione
485 778 542 831 et
570 773 729 829 cultu
756 765 1098 842 repudiatis,
1133 782 1202 821 ea
1250 781 1376 837 quae
1426 781 1539 819 non
1602 762 1948 830 existebant,

296 864 371 920 iis
400 878 526 936 quae
559 861 913 917 exsistebant
944 855 1346 928 pratulerunt,
1380 857 1439 909 et
1485 852 1610 908 loco
1669 852 1771 908 Dei
1821 868 1951 909 vere

298 952 753 1020 exsistentis,res
784 965 910 1020 quae
933 943 1094 1000 nullo
1125 945 1298 1000 modo
1332 946 1498 999 erant
1519 943 1659 998 deos
1691 943 1952 998 fecerunt

292 1044 716 1113 Servierun19ue
767 1045 1043 1095 creaturae
1094 1035 1278 1107 potius
1336 1050 1500 1106 quam
1557 1033 1813 1089 Creatori
1868 1033 1948 1088 ‘3:

297 1133 452 1205 quod
485 1134 638 1187 certe
664 1127 912 1185 stultum
945 1125 1266 1181 admodum
1289 1127 1346 1180 et
1376 1122 1626 1194 impium
1648 1122 1948 1178 fuit.Idem

296 1220 452 1277 enim
474 1224 640 1276 estac
659 1218 707 1275 si
731 1215 863 1290 quis
883 1228 1176 1288 opus,non
1197 1211 1740 1286 Opiﬁcem,dignum
1759 1211 1947 1266 admi-

296 1309 519 1366 ratione
548 1311 799 1381 putaret,
841 1309 900 1362 et
930 1303 1174 1360 aedificia
1201 1301 1453 1357 civitatis
1487 1299 1740 1372 alicujus
1761 1301 1949 1357 admi-

298 1397 873 1466 ratus,architectum
906 1395 1242 1465 sperneret:
1268 1389 1352 1446 vel
1386 1390 1432 1447 si
1470 1390 1603 1462 quis
1651 1389 1946 1446 musicum

296 1489 535 1561 aliquod
556 1488 1020 1543 instrumentum
1053 1481 1413 1538 laudandum
1447 1479 1948 1552 existimans,ejus

293 1579 692 1635 contemneret
717 1570 1224 1629 artificem.lnsani
1252 1571 1506 1642 profecto
1529 1574 1585 1626 et
1604 1569 1769 1624 valde
1792 1568 1943 1624 cazcil

294 1667 403 1732 Qui
435 1667 592 1723 enim
625 1680 867 1738 prorsus
899 1657 1331 1726 aedificium,vel
1366 1675 1594 1729 navem,
1629 1663 1730 1714 aut
1759 1657 1944 1730 lyram

287 1760 531 1829 possent
561 1750 1054 1834 cognoscere‘nisi
1080 1750 1241 1805 faber
1284 1765 1511 1816 navem,
1573 1752 1630 1804 et
1689 1747 1944 1804 archite-

285 1852 416 1904 ctus
446 1846 653 1901 domos
684 1841 1044 1908 aedificasset,
1077 1846 1134 1894 et
1162 1838 1346 1911 lyram
1380 1838 1642 1893 musicus
1675 1842 1942 1894 constru-

286 1937 469 1993 xisset
499 1933 605 1990 ?Ut
634 1949 769 2006 ergo
802 1929 1024 2002 ille,qui
1056 1929 1138 1984 ita
1180 1929 1440 1995 sentiret,
1461 1927 1946 1984 clementissimus

288 2024 730 2081 habereturzsic
762 2020 906 2076 mihi
942 2036 1087 2075 sana
1117 2023 1310 2074 mente
1340 2033 1468 2073 esse
1499 2035 1616 2073 non
1646 2017 1942 2086 videntur,

289 2114 388 2186 qui
420 2115 604 2170 Deum
631 2113 1037 2186 ignorant,nec
1067 2109 1200 2179 ejus
1251 2106 1530 2173 Verbum,
1583 2109 1944 2162 Servatorem

287 2199 896 2271 omnium,Dominum
913 2202 1179 2254 nostrum
1193 2197 1393 2253 Jesum
1409 2195 1705 2251 Christum
1721 2195 1942 2265 colunt,

285 2309 388 2365 per
417 2308 594 2364 quem
626 2289 825 2346 omnia
841 2288 1009 2344 Pater
1029 2286 1406 2343 administrat
1425 2303 1490 2342 ac
1550 2285 1828 2354 continet,
1889 2291 1946 2342 et

283 2382 460 2438 rebus
481 2378 768 2436 universis
805 2377 1110 2451 providet:
1137 2375 1199 2430 in
1230 2392 1404 2447 quem
1463 2375 1942 2446 quandoquidem

283 2474 348 2526 tu
389 2471 562 2527 ﬁdem
590 2468 772 2524 habes
802 2471 858 2523 et
883 2466 1016 2539 pius
1045 2481 1129 2533 es,
1163 2481 1196 2520 o
1227 2463 1440 2520 Christi
1466 2467 1714 2531 amator,
1754 2465 1944 2536 gaude

283 2565 340 2615 et
368 2564 523 2616 certo
555 2575 727 2631 spera
757 2561 868 2612 tua:
901 2556 1135 2629 pietatis
1194 2558 1252 2610 et
1310 2551 1445 2609 fidei
1506 2553 1762 2608 fructum
1821 2552 1943 2610 fore

286 2647 788 2704 immortalitatem
816 2649 874 2702 et
903 2661 1148 2717 regnum
1182 2642 1482 2711 caelorum,
1517 2642 1567 2698 si
1609 2643 1782 2698 modo
1816 2641 1944 2697 ani-

291 2754 409 2804 ma,
459 2740 524 2792 ut
578 2737 707 2807 ejus
735 2733 894 2806 leges
935 2732 1343 2806 prmscribunt,
1401 2732 1687 2787 adornata
1743 2731 1939 2787 fuerit.

289 2827 360 2882 Ut
391 2825 547 2881 enim
569 2823 805 2879 illorum
838 2821 937 2893 qui
971 2821 1296 2877 secundum
1329 2821 1458 2892 ejus
1507 2823 1793 2892 praecepta
1850 2817 1942 2874 vi-

284 2916 450 2979 vunt,
487 2927 710 2966 merces
739 2913 828 2966 est
845 2910 962 2966 vita
985 2912 1199 2964 aeterna
1230 2923 1245 2962 :
1297 2907 1378 2962 ita
1437 2907 1536 2979 qui
1587 2907 1941 2963 contrariam

285 3001 664 3059 88semitam
695 2997 976 3071 elegerint
999 3014 1102 3053 nec
1127 2997 1280 3052 viam
1327 2996 1561 3051 virtutis
1613 2996 1831 3052 fuerint
1860 3013 1946 3054 se-

286 3092 426 3158 cuti,
458 3090 739 3162 probrum
772 3088 979 3161 ingens
1004 3091 1061 3142 et
1112 3085 1445 3141 inevitabile
1505 3085 1828 3158 periculum
1880 3086 1939 3142 in

286 3180 378 3237 die
399 3179 610 3252 judicii
659 3176 912 3235 subituri
974 3178 1135 3245 sunt,
1197 3175 1335 3248 quia
1385 3173 1616 3231 etiamsi
1678 3176 1940 3232 veritatis

2057 674 2165 726 τῶν
2223 670 2275 726 ἐν
2327 671 2511 736 αὐτοῖς
2570 671 2956 750 ἐξηρτημένων
3004 674 3191 748 αὐτοῦ,
3241 676 3396 750 ὅμως
3440 676 3719 753 ἄνθρωποι

2059 762 2400 839 παράφρονι-,ς
2448 809 2462 833 ,
2523 766 3066 839 παραγκωνισάμενοι
3140 767 3239 835 τὴν
3312 767 3449 842 πρὸς
3522 773 3716 824 τοῦτον

2060 854 2258 925 γνῶσιν
2291 850 2381 906 καὶ
2437 847 2732 922 εὐσέϐειαν,
2779 853 2847 907 τὰ
2899 853 2998 909 οὐκ
3044 849 3170 909 ὄντα
3225 857 3332 930 πρὸ
3387 859 3494 911 τῶν
3545 852 3716 914 ὄντων

2061 937 2342 1012 ἐτίμησαν·
2377 940 2464 995 καὶ
2499 940 2613 996 ἀντὶ
2642 947 2740 997 τοῦ
2788 937 2958 1006 ὅντως
3008 946 3120 1018 (21)
3153 938 3307 1008 ὄντος
3347 949 3502 1018 Θεοῦ,
3535 947 3604 1002 τὰ
3638 949 3714 1021 μὴ

2060 1024 2190 1083 ὄντα
2245 1029 2638 1102 ἐθεοποίησαν,
2691 1035 2768 1106 Τῇ
2842 1031 3013 1088 κτίσει
3085 1035 3232 1111 παρὰ
3293 1035 3384 1091 τὸν
3463 1037 3718 1094 κτίσαντα

2061 1119 2446 1195 λατρεύοντες,
2495 1121 2725 1197 πρᾶγμα
2772 1123 3077 1199 πάσχοντες
3111 1123 3341 1194 ἀνόητον
3390 1125 3480 1181 καὶ
3531 1124 3718 1182 δυσσε-

2059 1203 2173 1264 ϐὲς.
2205 1210 2432 1282 Ὅμοιον
2492 1211 2595 1287 γὰρ
2657 1207 2710 1265 εἷ’
2753 1231 2834 1274 τις
2889 1212 2958 1266 τὰ
3004 1209 3137 1288 ἔργα
3173 1214 3280 1288 πρὸ
3307 1215 3405 1269 τοῦ
3455 1214 3714 1292 τεχνίτου

2058 1298 2368 1372 θαυμάσειε,
2401 1298 2490 1354 καὶ
2519 1301 2587 1354 τὰ
2631 1298 2680 1355 ἐν
2712 1304 2781 1375 τῇ
2831 1296 2989 1356 πόλει
3036 1298 3504 1379 δημιουργήματα
3549 1323 3714 1362 κατα-

2056 1385 2314 1464 πλαγεὶς,
2370 1409 2460 1444 τον
2515 1388 2722 1445 τούτων
2784 1388 3123 1468 δημιουργὸν
3173 1393 3512 1466 καταπατοίη

2055 1477 2091 1547 ἢ
2129 1478 2205 1540 ὡς
2237 1476 2291 1532 εἷ’
2329 1500 2412 1540 τις
2442 1480 2504 1533 τὸ
2541 1480 2635 1552 μὲν
2692 1481 2950 1554 μουσικὸν
3011 1479 3237 1557 ὄργανον
3298 1482 3570 1556 ἐπαινοίη,
3619 1486 3712 1540 τὸν

2062 1563 2105 1586 'u
2277 1568 2296 1600 Α
2517 1568 2531 1586 ι
2594 1569 2608 1586 -ο
2781 1572 2791 1590 1
2895 1557 2908 1569 ’
3123 1573 3132 1590 ν
3334 1574 3357 1593 u
3697 1575 3712 1598 κ

2058 1579 2116 1621 οε
2150 1569 2394 1623 συνθιντα
2444 1589 2533 1622 και
2583 1589 2958 1643 αρμοσαμενον
3007 1566 3293 1631 ἐκϐαλλοι.
3360 1579 3595 1649 Ασρονες
3623 1596 3715 1632 και

2055 1654 2200 1712 πολὺ
2274 1659 2364 1711 τὸν
2443 1655 2725 1736 ὀφθαλμὸν
2799 1661 3242 1734 πεπηρωμένοι)
3302 1666 3430 1725 Πῶς
3487 1665 3592 1740 γὰρ
3652 1663 3712 1720 ἂν

2057 1744 2296 1822 ἔγνωσαν
2331 1743 2516 1810 ἄλλως
2553 1749 2665 1821 (23)
2713 1746 3039 1823 οἰκοδομὴν,
3083 1753 3118 1820 ἢ
3151 1754 3301 1824 ναῦν,
3333 1752 3368 1821 ἢ
3407 1749 3599 1828 λύραν,
3636 1757 3712 1828 μὴ

2057 1835 2185 1912 οὐχὶ
2242 1840 2338 1892 τοῦ
2395 1841 2639 1913 ναυπγοῦ
2695 1836 3062 1914 ἐργασαμένου
3097 1885 3112 1910 ν
3169 1841 3259 1895 καὶ
3315 1846 3414 1896 τοῦ
3491 1843 3712 1919 ἀρχιτέ-

2057 1947 2249 1987 κτονος
2283 1923 2773 2000 οἰκοδομήσαντος,
2803 1927 2892 1983 καὶ
2924 1933 3021 1983 τοῦ
3074 1933 3338 2003 μουσικοῦ
3385 1933 3663 1997 συνθέντος
3694 1951 3722 2004 ;-

2055 2015 2258 2091 Ὥσπερ
2305 2017 2419 2089 (24)
2480 2013 2569 2070 οὖν
2627 2016 2655 2070 6
2695 2020 2864 2071 ταῦτα
2914 2015 3277 2093 λογιζόμενος
3329 2020 3575 2093 μαίνεται
3620 2023 3712 2077 καὶ

2058 2106 2440 2182 ὐπερεπέκεινα
2488 2107 2665 2176 πάσης
2719 2107 2912 2180 μανίας
2957 2106 3118 2179 ἐστὶν,
3174 2108 3347 2173 οὕτως
3397 2107 3459 2164 οὕ
3494 2131 3585 2184 μοι
3618 2109 3709 2167 δο-

2055 2199 2239 2250 κοῦσιν
2275 2194 2531 2270 ὑγιαίνειν
2563 2198 2663 2265 τὴν
2697 2193 2931 2252 διάνοιαν
2962 2199 3015 2252 οἱ
3043 2198 3133 2253 τὸν
3182 2199 3310 2255 Θεὸν
3348 2201 3422 2274 μή
3457 2198 3712 2277 ἐπιγινώ-

2055 2305 2292 2356 σκοντες,
2328 2281 2416 2339 καί
2447 2285 2538 2340 τὸν
2583 2284 2780 2340 τούτου
2820 2285 2998 2361 Λόγον
3054 2288 3128 2361 μή
3181 2289 3588 2362 θρησκεύοντες,
3617 2291 3712 2346 τὸν

2057 2380 2292 2449 Σωτῆρα
2317 2378 2426 2429 τῶν
2457 2375 2674 2430 πάντων
2721 2375 2813 2430 τὸν
2864 2375 3060 2450 Κύριον
3113 2379 3272 2447 ἡμῶν
3327 2379 3540 2450 Ἰησοῦν
3581 2385 3713 2457 Χρι-

2053 2464 2198 2538 στὸν,
2233 2460 2300 2518 δι’
2333 2463 2395 2518 οὗ
2447 2464 2514 2518 τὰ
2560 2464 2734 2519 πάντα
2773 2465 2801 2520 6
2856 2466 3043 2541 Πατὴρ
3093 2462 3400 2541 διακοσμεῖ,
3456 2467 3548 2523 καὶ
3598 2490 3717 2524 συν-

2054 2554 2190 2629 έχει,
2222 2553 2311 2607 καὶ
2341 2558 2653 2630 προνοεῖται
2685 2558 2796 2609 τῶν
2847 2552 3016 2610 ὅλων⁸
3071 2555 3147 2618 εἷς
3197 2557 3255 2612 ὃν
3289 2556 3366 2611 σὺ
3400 2559 3500 2628 τήν
3532 2558 3709 2614 πίστιν

2055 2641 2198 2718 ἔχων
2231 2642 2320 2697 καὶ
2349 2643 2411 2696 τὸ
2455 2638 2702 2705 θεοσεϐὲς
2755 2646 2888 2717 (25),
2941 2645 2988 2699 ὦ
3033 2643 3379 2723 φιλόχριστε,
3430 2651 3592 2723 χαῖρε
3617 2648 3708 2702 καὶ

2053 2729 2272 2794 εὔελπις
2302 2730 2492 2807 γίνου,
2511 2730 2594 2786 ὅτι
2623 2738 2724 2802 τῆς
2757 2733 2834 2796 εἷς
2863 2733 3021 2788 αὐτὸν
3052 2733 3282 2798 πίστεως
3311 2734 3402 2791 καὶ
3435 2731 3708 2800 εὐσεϐείας

2053 2821 2305 2876 ἀθανασία
2358 2821 2448 2876 καὶ
2528 2819 2778 2895 βασιλεία
2853 2822 3092 2899 οὐρανῶν
3171 2822 3310 2879 ἐστιν
3367 2827 3396 2880 6
3450 2826 3702 2899 καρπὸς,

2057 2910 2219 2984 μόνον
2271 2911 2357 2966 εὰν
2406 2911 2542 2965 κατά
2586 2910 2714 2974 τοὺς
2746 2911 2909 2966 αὐτοῦ
2940 2912 3140 2987 νόμους
3172 2916 3207 2984 ἡ
3239 2915 3394 2990 ψυχὴ
3426 2935 3700 2990 κεκοσμηκ-

2057 3001 2187 3075 μὲνη
2239 3000 2501 3076 γένηται.
2561 3002 2764 3076 Ὥσπερ
2814 3002 2918 3077 γὰρ
2975 3008 3093 3065 τοῖς
3148 3005 3264 3058 κατ’
3322 3004 3480 3060 αὐτόν
3539 3003 3703 3061 πολι-

2049 3091 2366 3164 τευομένοις
2397 3089 2508 3145 ἐστῖ
2544 3090 2606 3145 τὸ
2658 3088 2889 3145 ἔπαθλον
2946 3093 3058 3161 ζωὴ
3108 3092 3352 3163 αἰώνιος,
3399 3092 3541 3150 οὕτω
3588 3099 3708 3157 τοῖς

2051 3181 2148 3249 τήν
2185 3178 2421 3235 ἐναντίαν
2452 3181 2542 3235 καὶ
2579 3181 2653 3254 μή
2685 3181 2784 3250 τὴν
2815 3188 2917 3251 τῆς
2966 3182 3162 3257 ἀρετῆς
3217 3183 3452 3257 ἀτραπὸν
3484 3181 3707 3239 ὁδεύου-

284 3271 439 3327 viam
470 3285 583 3325 non
616 3267 1038 3340 ignoraverint;
1070 3265 1163 3321 his
1211 3269 1410 3321 tamen
1473 3281 1601 3336 quae
1660 3269 1943 3322 noverant

2056 3290 2133 3323 σιν
2195 3269 2428 3345 αἰσχύνη
2494 3266 2710 3344 μεγάλη
2767 3269 2858 3324 καὶ
2911 3269 3159 3334 κίνδυνος
3221 3271 3601 3348 ἆσύγγνωστος
3656 3271 3709 3328 ἐν

287 3358 576 3416 contraria
607 3373 796 3430 egere.

1973 3342 2017 3409 C
2055 3359 2237 3434 ἡμέρᾳ
2264 3342 2515 3432 κρίσεως,
2567 3342 2650 3414 δτι
2695 3358 2874 3414 καίτοι
2921 3359 3142 3436 γνόντες
3191 3363 3292 3431 τὴν
3453 3357 3724 3435 ἀληθείας

2055 3444 2202 3519 ὁδὸν,
2239 3447 2448 3503 ἐναντία
2476 3449 2552 3502 ὦν
2581 3446 2817 3523 ἔγνωσαν
2851 3445 3102 3522 ἔπραξαν.

993 3738 1167 3804 ΤΟΥ
1219 3738 1340 3804 ΕΝ
1393 3736 1691 3802 ΑΓΙΟΙΣ
1751 3733 2106 3800 HATPOE
2166 3734 2424 3800 ΗΜΩΝ
2481 3733 3001 3802 ΑΘΑΝΑΣΙΟΥ

1485 3863 2009 3913 ΑΡΧΙΕΠΙΣΚΟΠΟΥ
2042 3863 2522 3912 ΑΛΕΞΑΝΔΡΕΙΑΣ

385 4003 632 4060 ΛΟΓΟΣ
665 4003 852 4056 ΠΕΡΙ
882 4001 1032 4055 ΤΗΣ
1065 3997 1943 4129 ΕΝΑΝΘΡΩΠΗΣΕὲΩῙξῙξΞξΠ

2429 3993 2580 4049 ΤΗΣ
2612 3993 2745 4050 AIA
2777 3995 3132 4055 ΣΩΜΔἸὈΣ
3163 3998 3368 4057 ΠΡΟΣ
3397 3997 3624 4056 mn

477 4228 1077 4354 SANCTI
1164 4227 1784 4352 PATRIS
1877 4226 2502 4352 NOSTRI
2589 4219 3536 4355 ATHANASII

1464 4449 1953 4507 ALEXANDRL‘E
1980 4449 2514 4508 ARCHIEPISCOPI

675 4603 930 4661 ORATIO
964 4603 1051 4659 DE
1081 4602 1354 4662 ΗΠΜΑΝΑ
1398 4602 1656 4660 NATURA
1687 4605 1740 4732 :1!
1747 4602 1943 4731 ονξνιῦιξ

2056 4602 2409 4734 ἲὲἕξζὲζῧη,
2444 4601 2530 4659 ΕΤ
2588 4605 2676 4662 DE
2703 4605 2861 4664 EJUS
2891 4607 3025 4665 PER
3053 4604 3313 4663 CORPUS

360 4818 412 4874 1.
445 4819 932 4890 Quandoquidem
961 4817 1242 4890 superiori
1275 4817 1558 4883 oratione,
1590 4816 1727 4874 licet
1756 4833 1943 4890 pauca

2124 4819 2174 4874 1.
2207 4815 2502 4894 Αὐτάρκως
2536 4817 2588 4874 ἐν
2633 4823 2752 4882 τοῖς
2800 4819 2906 4897 πρὸ
2947 4818 3154 4874 τούτων
3188 4817 3248 4873 ἐκ
3277 4814 3503 4872 πολλῶν
3537 4814 3710 4892 ὀλίγα

293 4920 362 4960 ex
402 4906 606 4962 multis
637 4906 985 4973 delibantes,
1018 4907 1162 4962 satis
1194 4911 1393 4962 tamen
1413 4907 1646 4962 abunde
1675 4907 1746 4962 de
1803 4923 1939 4980 gen-

284 4994 435 5050 tium
467 4995 526 5051 in
560 4995 735 5051 idolis
756 4994 1014 5052 colendis
1040 5011 1235 5051 errore
1260 5000 1317 5051 et
1346 4995 1761 5068 superstitione
1791 4995 1938 5052 dixi-

285 5098 687 5157 mus,qua3que
704 5083 894 5157 prima
917 5083 1210 5140 idolorum
1230 5083 1391 5156 origo
1404 5083 1661 5154 t‘uerit,et
1680 5100 1937 5156 quonam

353 5198 400 5234 ⁴⁸
431 5200 599 5256 Rom.
625 5217 664 5269 1,
687 5201 778 5255 25.

283 5316 568 5373 omittunt
592 5317 821 5373 Gobler'
856 5321 912 5373 et
944 5317 1196 5373 Felckm.
1231 5318 1255 5371 1
1290 5332 1462 5374 anon.
1498 5317 1646 5372 Ibid.
1678 5317 1936 5376 Felckm.

283 5389 317 5442 3
349 5405 523 5462 anon.
557 5406 661 5461 pro
682 5387 772 5442 καί
804 5395 942 5446 ante
969 5388 1215 5462 πρόνοια,
1250 5388 1551 5462 habetch

355 5461 467 5532 (21)
495 5464 696 5521 Ὄντως
727 5462 891 5517 deest
921 5462 980 5516 in
1011 5461 1234 5533 Anglic.
1277 5465 1334 5516 et
1362 5461 1613 5516 Felckm.
1662 5463 1723 5533 2_
1760 5479 1934 5533 anon.

282 5529 412 5586 Mox
439 5529 674 5608 Seguer.
707 5533 943 5608 Gobler.
973 5529 1312 5608 et_Félck_m.
1375 5535 1398 5586 1
1464 5549 1658 5602 anon.,
1711 5529 1938 5608 λατρεύ-

283 5621 491 5674 σαντες,
517 5602 784 5675 aliicum
809 5605 1001 5675 editis,
1037 5602 1408 5675 λατρεύοντες.

358 5673 887 5749 (22)(ἶοὶιὶειιὶαηυε
919 5673 1344 5749 οιΡθΙοΙίωειη.
1381 5678 1405 5730 1
1441 5692 1638 5749 anon.,
1698 5695 1937 5730 καταπα-

282 5743 373 5801 τεί
413 5788 427 5815 ,
452 5743 517 5800 ἐι
545 5745 718 5816 paulo
747 5751 899 5818 post,
931 5745 1196 5815 ἐπαινείη.

355 5765 471 5873 17633
500 5820 740 5873 Bancor}
770 5817 1001 5873 Gobler.
1033 5823 1092 5873 et
1109 5817 1196 5873 Fel

355 5816 471 5901 (23)
500 5816 1001 5892 aestuet-{Gobler.
1033 5823 1092 5877 et
1109 5817 1362 5878 Felokm.
1393 5820 1423 5882 1
1456 5834 1630 5880 anon.
1640 5859 1656 5891 ,
1695 5816 1863 5883 ὅλως.

2048 4901 2398 4969 διαλαϐόντες
2431 4910 2542 4981 (27)
2573 4907 2698 4986 περὶ
2743 4915 2844 4979 τῆς
2890 4913 2996 4963 τῶν
3031 4907 3196 4963 ἐθνῶν
3240 4908 3365 4984 περὶ
3400 4908 3470 4962 τὰ
3501 4904 3711 4963 εἰδωΑα

2047 4991 2265 5064 πλάνης
2294 4995 2385 5051 καὶ
2413 5002 2516 5066 τῆς
2546 4995 2752 5052 τούτων
2800 4994 3250 5071 δεισιδαιμονίας,
3287 5000 3404 5059 πῶς
3439 4993 3490 5067 ἐξ
3523 4997 3714 5073 ιίιρχῆπιι.ὶ

2045 5082 2254 5140 τούτων
2306 5085 2526 5163 γέγονεν
2563 5088 2600 5157 ἡ
2648 5086 2876 5162 εὕρεσις,
2927 5086 3010 5143 ὅτι
3060 5086 3119 5142 ἐκ
3163 5086 3356 5150 κακίας
3405 5087 3458 5141 οἱ
3502 5083 3708 5160 ἄνθρωά

2120 5322 2232 5392 (24)
2262 5322 2502 5394 Seguer.
2530 5325 2605 5377 et.
2636 5322 2893 5378 Felckm.
2920 5326 2957 5378 2
2989 5338 3190 5389 anon.,
3223 5322 3553 5404 ὑπερέκεινα.
3633 5385 3637 5388 ,

2057 5394 2234 5540 maia).
2262 5393 2500 5464 Seguer.
2526 5392 2756 5450 Gobler.
2791 5398 2848 5451 et
2881 5393 3072 5452 Felck.
3109 5396 3134 5449 1
3175 5408 3528 5467 anonymus,
3585 5391 3706 5446 θοο-

2119 5536 2234 5605 (26)
2268 5537 2328 5590 In
2361 5534 2598 5605 Seguer.
2635 5553 2745 5593 ms.
2780 5537 2829 5592 is
2859 5541 2948 5593 est
2977 5535 3202 5593 titulus.
3233 5538 3343 5593 Τοῦ
3373 5533 3540 5590 αὐτοῦ
3603 5529 3708 5590 Λόὲ

2049 5626 2170 5680 γος,
2203 5605 2312 5664 etc.
2347 5605 2492 5682 Ibid.
2527 5612 2660 5682 ante
2691 5606 2872 5682 Λόγου
2905 5608 3068 5665 solus
3099 5626 3210 5665 ms.
3230 5607 3421 5664 Felck.
3475 5608 3512 5663 2
3569 5607 3710 5666 ano-

2048 5679 2262 5751 nymus
2278 5679 2425 5751 ﬂeo?)
2456 5679 2653 5736 habet.

2047 5747 2652 5902 λᾶξῖζτίὲἓριετὶαῃυε
2681 5757 2738 5810 et
2762 5751 3096 5813 Felckman.
3131 5755 3159 5812 1
3199 5761 3551 5828 anonymug,
3591 5747 3709 5809 δια.

2141 5321 2232 5396 2ᾁ)
2262 5321 2502 5396 Seguer.
2530 5321 2970 5396 et._Ij‘elckm._2A
2989 5338 3190 5396 anon.,
3223 5319 3553 5396 ὑπερέκεινα.

2219 5536 2234 5606 )
