4160 6432
317 515 392 577 97

319 733 467 791 ἀλλά
515 733 619 809 γὰρ
671 732 858 809 χάριτι
912 734 1045 784 Θεοῦ
1110 730 1444 803 σημάναντες
1509 729 1673 807 ὀλίγα
1719 732 1808 786 καὶ
1860 732 1983 804 περὶ

316 833 416 894 τῆς
457 822 740 891 θειότητος
784 823 883 874 τοῦ
942 818 1124 894 Λόγου
1180 823 1277 873 τοῦ
1336 821 1548 894 Πατρὸς
1600 842 1690 875 και
1742 828 1841 891 τῆς
1905 821 1982 884 εἰς

318 915 493 969 πάντα
540 908 805 987 προνοίας
851 909 940 964 καὶ
991 906 1270 982 δυνάμεως
1310 909 1474 963 αὐτοῦ
1511 930 1522 940 '
1554 910 1641 965 xui
1676 910 1759 965 ὅτι
1791 912 1818 965 ὁ
1853 911 1983 985 ἀγα-

320 1004 411 1065 θὸς
462 1003 648 1076 Πατὴρ
698 998 878 1072 τούτῳ
924 999 992 1054 τὰ
1040 995 1213 1053 πάντα
1261 996 1567 1073 διακοσμεῖ,
1594 1001 1684 1054 καὶ
1714 1001 1779 1054 τὰ
1809 1001 1983 1055 πάντα

323 1095 409 1149 ὑπ’
469 1091 634 1147 αὐτοῦ
691 1095 946 1159 κινεῖται,
993 1089 1083 1142 καὶ
1126 1087 1177 1142 ἐν
1228 1088 1375 1161 αὐτῷ
1426 1094 1775 1158 ζωοποιεῖται
1808 1108 1819 1120 '
1856 1089 1983 1168 φέρε

322 1184 457 1239 κατά
487 1180 834 1249 ἀκολουθίαν,
872 1180 1102 1252 μακάριε
1130 1178 1220 1231 καὶ
1263 1176 1485 1247 ἀληθῶς
1531 1177 1878 1257 φιλόχριστε,
1912 1182 1980 1252 τῇ

321 1273 446 1350 περὶ
492 1279 593 1341 τῆς
645 1264 917 1329 εὐσεϐείας
964 1267 1142 1322 πίστει
1185 1267 1276 1321 καὶ
1314 1268 1381 1321 τά
1425 1267 1549 1341 περί
1577 1274 1680 1338 τῆς
1714 1268 1979 1345 ἐνανθρω-

324 1365 541 1434 πήσεως
572 1364 669 1415 τοῦ
700 1357 884 1434 Λόγου
925 1354 1343 1431 διηγησώμεθα,
1372 1356 1462 1410 καὶ
1505 1357 1630 1433 περὶ
1679 1364 1781 1427 τῆς
1833 1356 1978 1420 θείας

322 1452 487 1507 αὐτοῦ
533 1450 671 1527 πρὸς
720 1450 870 1524 ἡμᾶς
924 1444 1236 1524 ἐπιφανείας
1285 1443 1632 1521 δηλώσωμεν
1685 1451 1800 1519 (28)
1851 1466 1864 1478 ·
1916 1447 1976 1517 ἦν

322 1538 576 1596 Ἰουδαῖοι
629 1538 722 1613 μὲν
784 1531 1196 1606 διαϐάλλουσιν,
1246 1535 1518 1607 Ἕλληνες
1570 1534 1627 1592 δὲ
1675 1536 1984 1613 χλευάζου-

324 1653 428 1703 σιν,
460 1633 627 1706 ἡμεῖς
679 1626 737 1682 δὲ
783 1630 1188 1701 προσκυνοῦμεν
1221 1645 1233 1658 ·
1268 1623 1334 1682 ἵν’
1381 1626 1457 1681 ἔτι
1513 1625 1726 1701 μᾶλλον
1784 1627 1844 1681 ἐκ
1880 1634 1983 1696 τῆς

326 1719 594 1791 δοκοὺσης
646 1715 917 1778 εὐτελείας
966 1720 1063 1770 τοῦ
1106 1716 1287 1791 Λόγου
1347 1716 1569 1789 μείζονα
1614 1716 1703 1771 καὶ
1754 1714 1987 1771 πλείονα

323 1813 423 1880 τὴν
464 1810 539 1871 εἷς
593 1807 752 1863 αὐτὸν
806 1799 1076 1861 εὐσέϐειαν
1122 1802 1276 1879 ἓχῃς.
1331 1807 1476 1879 Ὀσῳ
1523 1806 1627 1881 γάρ
1676 1806 1823 1881 παρά
1867 1809 1984 1868 τοῖς

327 1899 580 1961 ἀπίστοις
614 1896 940 1973 χλευάζεται
985 1898 1120 1970 (29),
1168 1893 1413 1968 τοσούτῳ
1471 1897 1692 1969 μείζονα
1729 1898 1828 1966 την
1860 1895 1985 1969 περὶ

324 1998 426 2062 τῆς
474 1988 731 2060 θεότητος
772 1986 937 2042 αὐτοῦ
991 1984 1287 2063 μαρτυρίαν
1338 1988 1588 2063 παρέχει’
1640 1985 1724 2040 ὅτι
1754 2006 1813 2040 τε
1839 1985 1873 2039 ἃ
1906 1986 1981 2060 μή

322 2076 833 2153 καταλαμϐάνουσιν
880 2075 1155 2151 ἄνθρωποι
1209 2076 1284 2138 ὡς
1334 2073 1585 2150 ἀδύνατα,
1622 2080 1791 2131 ταῦτα
1822 2074 1982 2137 αὐτὸς

328 2168 691 2226 ἐπιδείκνυται
740 2166 963 2223 δυνατά·
1016 2166 1106 2220 καὶ
1154 2165 1187 2219 a
1236 2166 1311 2227 ὡς
1359 2165 1573 2240 ἀπρεπῆ
1626 2164 1984 2242 χλευάζουσιν

327 2258 644 2337 ἄνθρωποι,
704 2262 874 2313 ταῦτα
930 2255 1092 2318 αὐτὸς
1147 2258 1259 2329 (30)
1315 2259 1385 2329 τῇ
1448 2256 1638 2310 ἑαυτοῦ
1688 2254 1985 2332 ἀγαθότητι

324 2350 569 2426 εὐπρεπῆ
628 2345 1056 2416 κατασκευάζει·
1120 2347 1211 2399 καὶ
1272 2344 1305 2398 ἃ
1361 2344 1711 2422 σοφιζόμενοι
1778 2346 1831 2399 οἱ
1890 2344 1982 2398 ἂν·

322 2442 531 2515 θρωποι
582 2440 695 2513 (31)
726 2438 801 2499 ὡς
853 2436 1161 2511 ἀνθρώπινα
1206 2432 1433 2510 γελῶσι,
1482 2439 1652 2489 ταῦτα
1701 2434 1861 2497 αὐτὸς
1913 2437 1983 2507 τῇ

325 2530 519 2585 ἑαυτοῦ
554 2525 778 2601 δυνάμει
826 2528 943 2581 θεῖα
991 2522 1375 2595 ἐπιδείκνυται,
1405 2525 1505 2595 την
1557 2525 1650 2599 μὲν
1680 2529 1789 2580 τῶν
1824 2521 1981 2579 εἰδώ-

329 2619 441 2675 λων
486 2617 779 2697 φαντασίαν
826 2620 895 2690 τῇ
956 2616 1295 2689 νομιζομένῃ
1350 2615 1541 2669 ἑαυτοῦ
1601 2613 1845 2687 εὐτελείᾳ
1896 2612 1985 2669 διὰ

326 2714 423 2764 τοῦ
472 2712 705 2785 σταυροῦ
750 2706 1155 2783 καταστρέφων,
1202 2704 1330 2768 τοὺς
1382 2702 1439 2759 δὲ
1485 2702 1856 2779 χλευάζοντας
1892 2702 1982 2758 καὶ

328 2800 686 2859 ἀπιστοῦντας
750 2796 1083 2870 μεταπείθων
1115 2795 1355 2873 ἀφανῶς,
1389 2794 1525 2849 ὥστε
1579 2796 1676 2864 τὴν
1733 2794 1985 2864 θειότητα

329 2890 493 2945 αὐτοῦ
548 2888 639 2943 καὶ
700 2884 926 2961 δύναμιν
984 2885 1383 2962 ἐπιγινώσκειν.
1445 2885 1541 2948 Εἰς
1601 2883 1659 2939 δὲ
1714 2886 1813 2954 την
1859 2883 1982 2958 περὶ

324 2978 535 3035 τούτων
568 2976 847 3053 διήγησιν,
880 2974 1043 3053 χρεία
1090 2982 1187 3045 τῆς
1241 2995 1347 3030 των
1389 2975 1806 3051 προειρημένων
1843 2975 1980 3048 μνή-

333 3090 462 3144 μης·
492 3066 581 3122 (ίνα
609 3070 701 3121 καὶ
745 3073 844 3136 τῆν
900 3065 1072 3121 αἰτίαν
1117 3072 1219 3135 τῆς
1271 3064 1321 3120 ἐν
1375 3065 1590 3139 σώματι
1629 3066 1984 3143 φανερώσεως

326 3164 424 3215 τοῦ
466 3158 727 3214 τοσούτου
769 3156 861 3211 καὶ
916 3154 1248 3227 τηλικούτου
1295 3160 1562 3229 πατρικοῦ
1616 3154 1798 3229 Λόγου
1848 3157 1987 3229 γνῶ-

330 3271 417 3304 ναι
449 3247 713 3321 δυνηθῇς,
740 3246 832 3301 καὶ
887 3248 961 3320 μὴ
1007 3245 1259 3320 νομίσῃς,
1310 3244 1393 3299 ὅτι
1446 3244 1659 3323 φύσεως
1690 3241 1988 3315 ἀκολουθίᾳ

331 3344 489 3411 σῶμα
518 3337 810 3413 πεφόρεκεν
863 3336 891 3389 ὁ
942 3338 1159 3408 Σωτήρο
1218 3332 1345 3389 ἀλλ’
1374 3333 1775 3408 δτι,ἀσώματος
1808 3330 1880 3387 ὢν
1913 3336 1981 3406 τῇ

1340 509 1631 572 ORATIO
1675 510 1778 571 DE
1819 510 2411 575 INCARNATIONE
2458 513 2718 577 VEBBI.

317 666 411 701 ποι
440 645 655 704 ἑαυτοῖς
685 641 783 709 την
818 640 953 717 πρὸς
982 640 1050 695 τά
1088 636 1292 695 εἴδωλα
1320 641 1607 715 θρησκείαν
1662 640 1976 713 ἐπενόησαν

2100 648 2265 702 modo
2298 648 2565 704 homines
2587 646 2838 719 propriis
2862 645 3270 717 vitiisimpulsi
3292 660 3493 701 eorum
3518 647 3743 706 cultum

3663 518 3744 579 98

2094 737 2577 809 excogitaverint:
2622 737 2900 807 quoniam
2952 736 3112 807 item,
3168 735 3269 791 Dei
3330 736 3539 808 gratia,
3592 754 3746 793 non-

2095 825 2258 880 nulla
2306 828 2376 881 de
2424 826 2598 881 Verbi
2650 826 2839 881 Patris
2900 825 3203 880 divinitate
3254 829 3312 879 et
3362 826 3491 895 ejus
3540 826 3600 880 in
3650 843 3744 883 res

2094 930 2297 970 omnes
2318 915 2683 987 providentia
2704 920 2759 970 et
2784 915 3048 986 potentia
3065 914 3747 983 indicavimus,ostendi-

2095 1020 2345 1075 musque
2375 1006 2597 1059 bonum
2630 1009 2861 1059 Patrem
2894 1004 3093 1059 omnia
3122 1021 3227 1076 per
3266 1002 3437 1059 illum
3487 1005 3743 1061 admini-

2093 1098 2298 1161 strare,
2335 1094 2650 1164 omniaque
2681 1093 2753 1148 ab
2784 1095 2911 1164 ipso
2940 1094 3177 1162 moveri,
3211 1098 3267 1147 et
3295 1095 3354 1148 in
3387 1094 3514 1164 ipso
3562 1093 3741 1150 vitam

2093 1182 2346 1250 habere;
2382 1199 2509 1255 age,
2540 1201 2571 1238 ο
2604 1184 2689 1238 vir
2744 1184 2910 1238 beate
2940 1188 2996 1238 et
3026 1199 3155 1238 vere
3212 1182 3427 1238 Christi
3485 1199 3691 1240 amans
3725 1200 3739 1239 :

2084 1273 2209 1344 jam
2245 1272 2539 1344 deinceps,
2573 1277 2639 1327 ut
2667 1272 2777 1343 piae
2816 1277 3026 1327 nostrae
3083 1271 3219 1326 ﬁdei
3266 1274 3406 1327 ordo
3457 1273 3739 1344 postulat,

2058 1350 2065 1353 ⁷
2094 1362 2283 1418 dicere
2314 1379 2630 1435 pergamus
2662 1363 2731 1417 de
2763 1361 3024 1418 humana
3053 1367 3264 1417 natura
3285 1378 3464 1433 quam
3482 1362 3741 1419 Verbum

2094 1452 2441 1524 assumpsit,
2473 1469 2539 1507 ac
2571 1452 2643 1507 de
2673 1451 2867 1507 divino
2893 1452 3158 1523 ejusdem
3189 1453 3263 1506 ad
3311 1468 3418 1507 nos
3466 1452 3741 1523 adventu,

2095 1558 2269 1613 quem
2300 1542 2486 1597 Judaei
2518 1542 2755 1614 quidem
2788 1540 3102 1596 calumniis
3130 1542 3495 1596 insectantur
3524 1546 3580 1596 et
3608 1557 3742 1613 gen-

2094 1632 2229 1687 tiles
2277 1633 2543 1701 irrident,
2591 1648 2698 1687 nos
2743 1647 2877 1686 vero
2937 1647 3305 1697 veneramur,
3357 1646 3472 1702 quo
3522 1632 3746 1687 scilicet

2097 1722 2273 1777 etiam
2305 1739 2374 1777 ex
2405 1728 2643 1777 externa
2674 1722 2847 1776 Verbi
2878 1720 3211 1776 humilitate
3241 1725 3345 1776 tua
3372 1720 3435 1776 in
3465 1736 3600 1775 eum
3629 1721 3745 1792 pie-

2095 1817 2185 1868 tas
2218 1821 2457 1867 crescat.
2493 1812 2636 1867 Nam
2671 1828 2785 1883 quo
2817 1811 3006 1883 magis
3037 1811 3195 1883 apud
3234 1809 3498 1866 inﬁdeles
3546 1810 3747 1865 irride-

2096 1906 2216 1970 tur,
2248 1918 2314 1957 eo
2346 1903 2539 1973 majus
2571 1918 2689 1956 suae
2716 1900 3040 1956 divinitatis
3063 1900 3470 1956 testimonium
3492 1898 3744 1956 exhibet.

2096 1994 2231 2059 Quae
2255 1992 2413 2047 enim
2442 1992 2734 2059 homines,
2759 1990 2929 2062 quasi
2950 2006 3078 2062 quae
3100 1990 3226 2045 ﬁeri
3249 2007 3365 2046 non
3388 1990 3617 2062 possint
3632 1976 3743 2045 mi-

2094 2082 2252 2138 nime
2293 2082 2820 2154 comprehendunt,
2854 2081 2977 2137 haec
3009 2081 3133 2154 ipse
3190 2080 3291 2136 Dei
3338 2081 3519 2137 Filius
3566 2096 3742 2153 posse

2094 2190 2222 2229 esse
2254 2174 2547 2229 ostendit:
2580 2189 2706 2244 quae
2740 2170 2825 2226 illi
2858 2176 2922 2226 ut
2976 2171 3252 2227 indecora
3298 2171 3565 2239 irrident,
3620 2171 3743 2227 haec

2094 2264 2219 2334 ipse
2276 2280 2394 2319 suae
2452 2262 2699 2318 bonitati
2757 2267 3152 2318 consentanea
3207 2261 3439 2317 effecit:
3484 2261 3738 2333 denique

2094 2370 2222 2424 qua)
2251 2351 2354 2417 illi,
2388 2352 2877 2424 philosophando,
2905 2357 3183 2424 tanquam
3204 2351 3467 2406 humana
3487 2349 3741 2407 ludibrio

2095 2442 2335 2513 habent,
2367 2443 2488 2497 haec
2518 2442 2643 2514 ipse
2674 2458 2782 2497 sua
2809 2441 3019 2497 virtute
3041 2448 3096 2496 et
3116 2440 3378 2513 potentia
3396 2440 3593 2496 divina
3612 2456 3743 2495 esse

2094 2534 2479 2599 demonstrat,
2513 2537 2577 2587 ut
2596 2531 2773 2587 etiam
2800 2531 3091 2587 idolorum
3117 2531 3370 2603 speciem
3391 2535 3449 2586 et
3464 2546 3743 2601 pompam

2094 2640 2221 2691 sua,
2250 2628 2313 2678 ut
2340 2627 2571 2694 putant,
2605 2622 2936 2677 humilitate
2958 2626 3013 2677 et
3034 2621 3359 2692 abjectione
3384 2637 3485 2692 per
3506 2636 3740 2686 crucem

2093 2718 2329 2779 evertat,
2379 2719 2437 2769 et
2492 2713 2761 2767 irrisores
2809 2719 2987 2782 atque
3043 2710 3376 2766 incredulos
3427 2711 3500 2765 ab
3548 2726 3743 2765 errore

2094 2804 2316 2859 occulte
2347 2802 2617 2873 abducat,
2642 2818 2929 2874 suamque
2951 2800 3318 2856 divinitatem
3340 2800 3738 2872 etpotentiam

2094 2900 2263 2966 cogat
2293 2908 2628 2965 agnoscere.
2665 2892 2880 2947 Verum
2912 2892 2985 2946 ad
3014 2890 3129 2946 ista
3157 2891 3520 2963 exponenda,
3554 2906 3741 2961 operai

2093 2984 2348 3056 pretium
2380 2982 2555 3037 fuerit
2586 2998 2653 3037 ea
2680 2997 2807 3052 quae
2839 2997 3021 3052 supra
3050 2980 3307 3035 diximus
3337 2980 3621 3036 memoria
3648 2996 3744 3035 re-

2093 3079 2310 3147 petere,
2344 3077 2492 3127 utet
2549 3087 2789 3127 causam
2838 3086 2943 3125 cur
2994 3069 3110 3126 tale
3158 3088 3222 3125 ac
3270 3076 3501 3125 tantum
3549 3069 3740 3125 Patris

2092 3164 2349 3219 Verbum
2381 3162 2440 3217 in
2471 3178 2711 3233 corpore
2758 3161 3115 3232 apparuerit,
3164 3159 3357 3232 possis
3416 3175 3730 3233 cognosce-

2093 3270 2173 3322 re,
2217 3269 2323 3309 nec
2381 3250 2682 3308 arbitreris
2738 3256 2959 3306 naturae
3009 3249 3341 3306 conditione
3384 3249 3743 3305 Salvatorem

2094 3358 2307 3414 corpus
2336 3340 2635 3408 habuisse,
2667 3340 2769 3395 sed
2800 3355 2935 3394 eum
2967 3339 3067 3410 qui
3121 3354 3191 3393 ex
3238 3340 3474 3410 propria
3530 3341 3745 3393 natura

330 3427 505 3506 φύσει,
562 3426 653 3481 καὶ
706 3425 885 3500 Λόγος
941 3425 1226 3500 ὑπάρχων,
1286 3422 1440 3497 ὅμως
1496 3424 1633 3478 κατά
1675 3421 1983 3500 φιλανθρω-

2100 3449 2299 3503 expers
2330 3438 2418 3486 est
2449 3430 2728 3502 corporis,
2761 3436 2816 3485 et
2847 3429 3103 3484 Verbum
3125 3434 3234 3497 est,
3261 3428 3451 3483 Patris
3482 3427 3574 3483 sui
3625 3426 3743 3483 cle-

328 3516 454 3571 πίαν
487 3515 578 3570 καὶ
610 3516 919 3588 ἀγαθότητα
946 3519 1042 3567 τοῦ
1074 3514 1265 3567 ἑαυτοῦ
1312 3512 1525 3587 Πατρὺς
1558 3510 1647 3567 διὰ
1686 3514 1785 3582 τήν
1819 3514 1980 3585 ἡμῶν

330 3606 605 3683 σωτηρίαν
657 3605 708 3659 ἐν
759 3603 1084 3678 ἀνθρωπίνῳ
1133 3604 1348 3676 σώματι
1403 3604 1537 3677 ἡμῖν
1586 3603 1982 3680 πεφανέρωται.

330 3696 532 3771 Πρέπει
563 3694 641 3769 δὲ,
672 3694 1036 3768 ποιουμένους
1067 3694 1215 3767 ἡμᾶς
1246 3694 1345 3762 τὴν
1395 3693 1518 3767 περὶ
1556 3692 1751 3747 τούτου
1785 3691 1984 3767 διήγη-

332 3806 436 3857 σιν,
476 3784 739 3861 πρότερον
789 3783 915 3860 περὶ
961 3790 1062 3853 τῆς
1104 3788 1211 3838 τῶν
1265 3781 1407 3837 ὅλων
1455 3781 1707 3855 κτίσεως,
1754 3782 1843 3837 καὶ
1887 3786 1985 3836 τοῦ

332 3875 537 3946 ταύτης
595 3872 941 3950 δημιουργοῦ
988 3878 1126 3929 Θεοῦ
1176 3873 1370 3944 εἰπεῖν,
1411 3870 1504 3927 ’ίνα
1550 3872 1723 3935 οὕτως
1764 3871 1855 3927 καὶ
1884 3873 1983 3941 τὴν

334 3964 537 4035 ταύτης
588 3963 917 4019 ἀνακαίνισιν
969 3964 1073 4018 ὑπὸ
1111 3967 1210 4018 τοῦ
1256 3963 1391 4017 κατά
1436 3964 1535 4032 τὴν
1589 3962 1765 4038 ἀρχὴν
1818 3961 1984 4031 αὐτὴν

336 4052 852 4132 δημιουργήσαντος
882 4053 1065 4128 Λόγου
1096 4054 1439 4129 γεγενῆσθαι,
1464 4052 1624 4123 ἀξίως
1649 4052 1707 4106 άν
1737 4073 1819 4115 τις
1850 4053 1983 4106 θεω-

337 4147 571 4221 ρήσειεν.
607 4143 771 4200 Οὐδὲν
819 4145 922 4222 γὰρ
954 4143 1191 4199 ἐναντίον
1241 4144 1553 4223 φανήσεται,
1587 4142 1633 4197 εἰ
1665 4140 1733 4197 δι’
1768 4164 1830 4197 ου
1857 4140 1986 4197 ταύ-

332 4254 431 4305 την
484 4232 919 4311 ἐδημιούργησεν
963 4233 991 4287 ὁ
1040 4234 1252 4309 Πατὴρ,
1290 4232 1341 4288 ἐν
1395 4232 1541 4307 αὐτῴ
1583 4232 1673 4287 καὶ
1718 4233 1817 4303 τήν
1857 4230 1987 4287 ταύ-

332 4345 435 4397 της
466 4322 738 4400 σωτηρίαν
774 4322 1078 4399 εἰργάσατο.

405 4456 461 4509 2.
492 4451 600 4519 Τὴν
626 4445 988 4524 δημιουργίαν
1012 4451 1124 4523 (32)
1144 4453 1241 4503 τοῦ
1257 4447 1464 4523 κόσμου
1489 4449 1579 4504 καὶ
1600 4450 1699 4519 τὴν
1730 4452 1835 4503 τῶν
1858 4450 1988 4503 πάν-

335 4563 444 4597 των
473 4539 668 4613 κτίσιν,
701 4536 907 4593 πολλοὶ
939 4536 1212 4617 διαφόρως
1262 4537 1597 4617 ἐξειλήφασι,
1639 4540 1729 4593 καὶ
1761 4540 1836 4601 ὡς
1873 4536 1993 4593 ἕκα-

338 4653 463 4694 στος
488 4628 764 4701 έθέλησεν,
797 4628 970 4690 οὕτως
999 4629 1090 4683 καὶ
1118 4626 1444 4701 ὡρίσατο.οί
1478 4630 1571 4702 μὲν
1602 4630 1706 4705 γὰρ
1752 4627 1992 4702 αὐτομά-

337 4722 568 4794 τως,καὶ
619 4721 694 4781 ὡς
745 4717 998 4796 ἔτυχε,τά
1043 4715 1217 4774 πάντα
1258 4720 1580 4794 γεγενῆσθαι
1611 4716 1885 4794 λέγουσιν,
1918 4717 1992 4780 ὡς

2096 3522 2316 3577 mentia
2344 3526 2401 3577 et
2425 3522 2682 3576 bonitate
2713 3520 2998 3592 exigente,
3033 3513 3246 3573 nostra:
3279 3517 3489 3574 salutis
3537 3534 3738 3588 causa,

2096 3612 2265 3668 nobis
2291 3612 2351 3666 in
2382 3610 2640 3666 humano
2669 3625 2906 3681 corpore
2936 3608 3301 3680 apparuisse.
3335 3608 3511 3663 Porro
3534 3623 3744 3662 conve-

2095 3702 2183 3757 nit
2206 3718 2313 3757 nos
2342 3701 2436 3757 his
2468 3702 2538 3756 de
2565 3703 2741 3755 rebus
2770 3699 3146 3765 disserentes,
3196 3698 3359 3769 prius
3409 3698 3482 3753 de
3531 3694 3741 3752 mundi

2096 3792 2407 3860 creatione,
2439 3792 2686 3862 ejusque
2718 3790 2923 3861 opiﬁce
2968 3789 3086 3844 Deo
3117 3787 3330 3857 dicere,
3381 3792 3446 3842 ut
3492 3786 3603 3842 hac
3653 3802 3742 3843 ra-

2096 3882 2273 3950 tione,
2306 3882 2434 3953 ejus
2465 3880 2900 3936 renovationem
2932 3896 2966 3934 a
2993 3878 3201 3947 Verbo,
3229 3896 3264 3934 a
3294 3894 3409 3951 quo
3439 3878 3595 3933 idem
3626 3876 3746 3932 ini-

2096 3971 2177 4027 tio
2208 3972 2481 4027 conditus
2512 3976 2622 4039 est,
2651 3972 2862 4026 factam
2896 3970 3099 4041 fuisse,
3124 3970 3299 4041 digne
3325 3974 3502 4041 queat
3522 3969 3740 4026 intelli-

2099 4063 2178 4135 gi.
2232 4061 2532 4133 Siquidem
2583 4061 2731 4116 nihil
2778 4061 3139 4117 contrarium
3184 4060 3499 4131 videbitur,
3531 4060 3583 4116 si
3642 4078 3748 4133 per

2098 4168 2275 4224 quem
2306 4158 2581 4209 naturam
2612 4152 2828 4207 creavit
2854 4157 3045 4223 Pater,
3060 4152 3327 4207 eamdem
3350 4150 3410 4207 in
3434 4152 3561 4224 ipso
3583 4169 3750 4210 sana-

2096 4241 2265 4298 verit.
3231 4229 3239 4240 ’

2171 4447 2225 4498 2.
2257 4442 2337 4498 De
2360 4440 2566 4497 mundi
2597 4441 2816 4497 fabrica
2845 4444 2901 4496 et
2931 4455 3127 4497 rerum
3159 4440 3425 4497 omnium
3456 4441 3750 4498 creatione

2103 4533 2275 4590 multi
2306 4535 2461 4589 varie
2493 4533 2883 4604 dispulavere,
2914 4547 2982 4586 ac
3011 4530 3252 4604 singuli,
3285 4535 3459 4603 prout
3488 4531 3601 4586 sibi
3634 4530 3753 4603 pla-

2104 4624 2245 4693 cuit,
2277 4640 2399 4679 rem
2431 4622 2727 4679 deﬁniere.
2754 4621 3055 4693 Siquidem
3091 4621 3189 4676 alii
3221 4624 3427 4692 sponte
3456 4625 3514 4675 et
3544 4622 3750 4677 fortui-

2106 4721 2163 4770 to
2193 4714 2393 4771 omnia
2423 4716 2576 4768 facta
2606 4711 2789 4767 fuisse
2819 4712 3006 4779 aiunt,
3040 4716 3106 4765 ut
3138 4710 3425 4783 Epicurei,
3459 4710 3752 4782 quietiam

344 4814 398 4867 οἱ
430 4810 814 4887 Ἐπικούρειοι,
866 4809 918 4864 οἳ
947 4809 1037 4863 καὶ
1080 4810 1181 4878 τήν
1224 4814 1333 4863 τῶν
1382 4807 1527 4863 ὅλων
1576 4808 1832 4885 πρόνοιαν
1880 4810 1986 4863 καθ

2106 4804 2328 4861 nullam
2378 4820 2575 4859 rerum
2635 4802 3060 4874 providentiam
3133 4817 3263 4857 esse
3327 4800 3472 4856 false
3534 4806 3592 4857 et
3651 4802 3753 4857 ad-

345 4905 549 4959 ἑαυτῶν
584 4903 683 4957 οὐκ
716 4900 850 4955 εἶναι
886 4896 1282 4974 μυθολογοῦσιν
1320 4902 1433 4973 (33)
1481 4897 1731 4974 ἄντικρυς
1761 4899 1907 4972 παρὰ
1932 4899 2001 4953 τὰ

350 4993 551 5068 ἐναργῆ
607 4991 903 5071 φαινόμενα
951 4988 1222 5067 λέγοντες.
1274 4989 1336 5044 Εἰ
1393 4990 1496 5066 γὰρ
1554 4987 1875 5063 αὐτομάτως
1933 4990 2001 5043 τὰ

348 5086 519 5139 πάντα
548 5083 726 5160 χωρὶς
774 5080 1039 5155 προνοίας
1083 5081 1197 5135 κατ’
1246 5079 1441 5141 αὐτοὺς
1491 5081 1733 5156 γέγονεν,
1785 5076 1893 5134 ἔδει
1934 5078 2001 5133 τά

342 5176 517 5231 πάντα
544 5171 733 5235 ἁπλῶς
765 5173 1109 5248 γεγενῆσθαι,
1130 5171 1219 5225 καὶ
1252 5169 1419 5245 ὅμοια
1451 5170 1606 5242 εἶναι,
1636 5169 1726 5225 καὶ
1780 5170 1854 5243 μὴ
1890 5166 2001 5223 διά-

425 5394 539 5467 (28)
570 5392 670 5467 Sic_
694 5392 959 5464 Seguer.,
994 5387 1521 5467 Anglic_._,_Gobler.
1577 5392 1640 5467 et
1678 5386 1935 5467 Felckm.
1968 5388 1995 5442 1

353 5459 532 5525 anon;
564 5465 675 5520 Alii
708 5459 906 5520 autem
951 5459 1109 5518 cum'
1134 5462 1327 5530 editis,
1357 5459 1758 5532 δηλωσώμεθα.

420 5543 533 5611 (29)
564 5538 694 5611 Haec
723 5539 918 5604 verba,
952 5534 1054 5609 γάρ
1087 5534 1234 5611 παρά
1264 5536 1379 5597 τοῖς
1412 5529 1701 5611 ζάπίστοις
1735 5529 2000 5611 χλευάζε-

353 5605 747 5681 ταὶ,τοσούτῳ,
780 5605 997 5664 desunt
1014 5605 1073 5661 in
1097 5605 1362 5681 Se'guer.,
1386 5606 1617 5663 Gobler.
1655 5610 1713 5661 et
1736 5605 1998 5681 Felekm.

346 5691 372 5741 1
410 5678 817 5753 ποικίλιὰΙῆ
850 5697 988 5736 cum
1013 5678 1197 5735 editis
1223 5678 1463 5750 habent,
1494 5694 1681 5751 eaque
1733 5678 2005 5751 legerunt

341 5760 715 5827 interpretes,
755 5820 779 5827 Α,
843 5824 855 5827 _
971 5824 984 5827 _
1175 5822 1187 5827 _
1246 5818 1249 5821 .

410 5820 717 5913 ςεσλταετν
842 5824 1144 5913 legebatur
1172 5820 1462 5895 in'editis,
1514 5826 1574 5880 at
1612 5838 1819 5881 omnes
1852 5837 2000 5880 mss.

340 5898 517 5959 ταῦτα
542 5904 776 5959 tantum
806 5898 1047 5955 habent.

674 6028 944 6094 Punon.
988 6024 1103 6092 Gn.
1146 6024 1342 6095 XXV.

2105 4912 2310 4952 versus
2341 4896 2566 4967 seipsos
2625 4894 3005 4962 contendunt,
3056 4894 3209 4965 quod
3261 4895 3519 4964 profecto
3553 4898 3757 4949 contra

2108 4987 2209 5041 39
2260 4991 2524 5057 apertam
2579 4990 2638 5039 et
2684 4986 3014 5039 evidentem
3061 4984 3367 5039 veritatem
3424 4984 3743 5040 afﬁrmant.

2107 5076 2252 5133 Nam
2285 5076 2355 5143 si,
2389 5086 2453 5130 ut
2483 5075 2703 5143 volunt,
2729 5074 2929 5130 omnia
2948 5091 3053 5129 sua
3072 5080 3282 5146 sponte
3302 5073 3427 5129 sine
3447 5073 3755 5146 providen-

2108 5166 2191 5221 tia
2219 5171 2417 5222 exorta
2445 5170 2677 5221 essent:
2712 5165 2912 5219 omnia
2959 5169 3177 5219 temere
3225 5163 3350 5219 fieri
3400 5169 3458 5219 et
3508 5162 3747 5231 similia,

2182 5381 2388 5456 (31)οἰ
2447 5378 2721 5456 ἅνθρωποι
2759 5381 3001 5456 habent
3047 5395 3250 5456 omnes
3307 5395 3451 5456 mss.
3506 5384 3563 5435 et
3611 5378 3754 5435 editi

2108 5453 2408 5514 omittunt.
2442 5460 2507 5509 In
2540 5453 2889 5511 Gobleriano
2920 5457 2976 5508 et
3008 5453 3383 5508 Felckmanni
3411 5454 3436 5507 1
3460 5468 3750 5524 anonymo

2110 5530 2395 5586 articulus
2427 5527 2479 5580 oi
2511 5529 2690 5583 deest.
2746 5527 2878 5581 Mox
2930 5525 3073 5580 ibid.
3123 5527 3532 5596 Seguerianus,
3592 5523 3756 5579 αὑτοῦ

2109 5603 2307 5668 habet,
2342 5602 2441 5655 ubi
2475 5600 2572 5653 alii
2604 5615 2740 5653 cum
2772 5598 2966 5665 editis,
2999 5598 3212 5650 εαυτοῦ.

2183 5677 2298 5748 (32)
2325 5673 2434 5748 Τήν
2465 5668 3019 5748 δημιουργίανε-θῇο-.,
3054 5685 3240 5748 usque
3270 5670 3344 5726 ad
3376 5689 3635 5748 ωρισατο,
3670 5670 3769 5729 de-

2114 5753 2256 5803 sunt
2287 5746 2347 5801 in
2378 5743 2726 5801 Gobleriano
2754 5748 2811 5797 et
2838 5743 3095 5798 Felckm.
3128 5747 3155 5796 1
3193 5758 3369 5801 anon.

2184 5820 2297 5896 (33)
2329 5816 2746 5889 Seguerianus,
2782 5812 3239 5891 μυθολογοῦντες.
