  <div class='ocr_page' id='page_1' title='image "/cluster/home/n/w/nwhite01/storage/ocr_20150623/25:no.1/coo.31924054873066/343.png"; bbox 0 0 4160 6404; ppageno 0'>
   <div class='ocr_carea' id='block_1_1' title="bbox 362 457 3260 526">
    <p class='ocr_par' dir='ltr' id='par_1_1' title="bbox 362 457 3260 526">
     <span class='ocr_line' id='line_1_1' title="bbox 362 457 3260 526; baseline -0.002 0"><span class='ocrx_word' id='word_1_1' title='bbox 362 466 442 526; x_wconf 85' lang='grc'><strong>99</strong></span> <span class='ocrx_word' id='word_1_2' title='bbox 914 463 980 524; x_wconf 91' lang='lat' dir='ltr'>S.</span> <span class='ocrx_word' id='word_1_3' title='bbox 1024 460 1451 524; x_wconf 79' lang='lat' dir='ltr'>ATHANASII</span> <span class='ocrx_word' id='word_1_4' title='bbox 1497 460 1670 523; x_wconf 87' lang='lat' dir='ltr'>OPP.</span> <span class='ocrx_word' id='word_1_5' title='bbox 1718 460 1921 523; x_wconf 82' lang='lat' dir='ltr'>PARS</span> <span class='ocrx_word' id='word_1_6' title='bbox 1966 460 2017 522; x_wconf 92' lang='grc' dir='ltr'><strong>Ι.</strong></span> <span class='ocrx_word' id='word_1_7' title='bbox 2051 490 2130 504; x_wconf 91' lang='grc'><strong>-</strong></span> <span class='ocrx_word' id='word_1_8' title='bbox 2160 458 2583 524; x_wconf 77' lang='lat' dir='ltr'>HISTORICA</span> <span class='ocrx_word' id='word_1_9' title='bbox 2627 457 2730 521; x_wconf 84' lang='lat' dir='ltr'><strong>ET</strong></span> <span class='ocrx_word' id='word_1_10' title='bbox 2774 457 3260 521; x_wconf 83' lang='lat' dir='ltr'>DOGMATICA.</span> 
     </span>
    </p>
   </div>
   <div class='ocr_carea' id='block_1_2' title="bbox 3683 463 3803 526">
    <p class='ocr_par' dir='ltr' id='par_1_2' title="bbox 3683 463 3803 526">
     <span class='ocr_line' id='line_1_2' title="bbox 3683 463 3803 526; baseline 0.025 -3"><span class='ocrx_word' id='word_1_11' title='bbox 3683 463 3803 526; x_wconf 72' lang='grc'>100</span> 
     </span>
    </p>
   </div>
   <div class='ocr_carea' id='block_1_3' title="bbox 365 588 2023 670">
    <p class='ocr_par' dir='ltr' id='par_1_3' title="bbox 365 593 2017 656">
     <span class='ocr_line' id='line_1_3' title="bbox 365 593 2017 656; baseline -0.004 -1"><span class='ocrx_word' id='word_1_12' title='bbox 365 616 484 656; x_wconf 90' lang='lat' dir='ltr'>non</span> <span class='ocrx_word' id='word_1_13' title='bbox 513 596 831 656; x_wconf 88' lang='lat' dir='ltr'>dissimilia</span> <span class='ocrx_word' id='word_1_14' title='bbox 859 613 989 654; x_wconf 90' lang='lat' dir='ltr'>esse</span> <span class='ocrx_word' id='word_1_15' title='bbox 1012 596 1386 653; x_wconf 75' lang='lat' dir='ltr'>debuissent:</span> <span class='ocrx_word' id='word_1_16' title='bbox 1421 596 1621 652; x_wconf 81' lang='lat' dir='ltr'>omnia</span> <span class='ocrx_word' id='word_1_17' title='bbox 1646 596 1802 652; x_wconf 91' lang='lat' dir='ltr'>enim</span> <span class='ocrx_word' id='word_1_18' title='bbox 1838 600 1904 650; x_wconf 89' lang='lat' dir='ltr'>ut</span> <span class='ocrx_word' id='word_1_19' title='bbox 1957 593 2017 650; x_wconf 91' lang='lat' dir='ltr'>in</span> 
     </span>
    </p>
   </div>
   <div class='ocr_carea' id='block_1_4' title="bbox 2138 588 3802 670">
    <p class='ocr_par' dir='ltr' id='par_1_4' title="bbox 2138 588 3802 670">
     <span class='ocr_line' id='line_1_4' title="bbox 2138 588 3802 670; baseline 0.002 -24"><span class='ocrx_word' id='word_1_20' title='bbox 2138 612 2291 670; x_wconf 71' lang='grc' dir='ltr'>φοραο</span> <span class='ocrx_word' id='word_1_21' title='bbox 2325 594 2405 656; x_wconf 76' lang='grc' dir='ltr'>ὡς</span> <span class='ocrx_word' id='word_1_22' title='bbox 2436 594 2539 669; x_wconf 73' lang='grc' dir='ltr'>γὰρ</span> <span class='ocrx_word' id='word_1_23' title='bbox 2592 591 2681 646; x_wconf 78' lang='grc' dir='ltr'>ἐπὶ</span> <span class='ocrx_word' id='word_1_24' title='bbox 2729 592 2989 665; x_wconf 82' lang='grc' dir='ltr'>σώματος</span> <span class='ocrx_word' id='word_1_25' title='bbox 3033 588 3147 653; x_wconf 81' lang='grc' dir='ltr'>ἐνὸς</span> <span class='ocrx_word' id='word_1_26' title='bbox 3195 592 3311 665; x_wconf 80' lang='grc'>(34)</span> <span class='ocrx_word' id='word_1_27' title='bbox 3364 588 3471 647; x_wconf 81' lang='grc' dir='ltr'>ἔδει</span> <span class='ocrx_word' id='word_1_28' title='bbox 3518 592 3589 647; x_wconf 79' lang='grc' dir='ltr'>τὰ</span> <span class='ocrx_word' id='word_1_29' title='bbox 3629 591 3802 650; x_wconf 78' lang='grc' dir='ltr'>πάντα</span> 
     </span>
    </p>
   </div>
   <div class='ocr_carea' id='block_1_5' title="bbox 367 684 2011 761">
    <p class='ocr_par' dir='ltr' id='par_1_5' title="bbox 367 684 2011 761">
     <span class='ocr_line' id='line_1_5' title="bbox 367 684 2011 761; baseline -0.003 -17"><span class='ocrx_word' id='word_1_30' title='bbox 367 704 486 744; x_wconf 90' lang='lat' dir='ltr'>uno</span> <span class='ocrx_word' id='word_1_31' title='bbox 497 704 739 761; x_wconf 90' lang='lat' dir='ltr'>corpore</span> <span class='ocrx_word' id='word_1_32' title='bbox 755 687 843 743; x_wconf 86' lang='lat' dir='ltr'>vel</span> <span class='ocrx_word' id='word_1_33' title='bbox 856 686 1040 744; x_wconf 87' lang='lat' dir='ltr'>solem</span> <span class='ocrx_word' id='word_1_34' title='bbox 1056 686 1144 741; x_wconf 84' lang='lat' dir='ltr'>vel</span> <span class='ocrx_word' id='word_1_35' title='bbox 1163 684 1367 742; x_wconf 90' lang='lat' dir='ltr'>lunam</span> <span class='ocrx_word' id='word_1_36' title='bbox 1381 703 1509 743; x_wconf 89' lang='lat' dir='ltr'>esse</span> <span class='ocrx_word' id='word_1_37' title='bbox 1522 701 1758 742; x_wconf 89' lang='lat' dir='ltr'>necesse</span> <span class='ocrx_word' id='word_1_38' title='bbox 1772 684 2011 740; x_wconf 82' lang='lat' dir='ltr'>fuisset:</span> 
     </span>
    </p>
   </div>
   <div class='ocr_carea' id='block_1_6' title="bbox 369 772 2016 835">
    <p class='ocr_par' dir='ltr' id='par_1_6' title="bbox 369 772 2016 835">
     <span class='ocr_line' id='line_1_6' title="bbox 369 772 2016 835; baseline -0.004 -1"><span class='ocrx_word' id='word_1_39' title='bbox 369 781 429 835; x_wconf 88' lang='lat' dir='ltr'>et</span> <span class='ocrx_word' id='word_1_40' title='bbox 457 777 518 834; x_wconf 92' lang='lat' dir='ltr'>in</span> <span class='ocrx_word' id='word_1_41' title='bbox 540 776 883 834; x_wconf 90' lang='lat' dir='ltr'>hominibus</span> <span class='ocrx_word' id='word_1_42' title='bbox 909 779 1100 832; x_wconf 86' lang='lat' dir='ltr'>totum</span> <span class='ocrx_word' id='word_1_43' title='bbox 1123 776 1424 832; x_wconf 83' lang='lat' dir='ltr'>debuisset</span> <span class='ocrx_word' id='word_1_44' title='bbox 1441 791 1571 832; x_wconf 91' lang='lat' dir='ltr'>esse</span> <span class='ocrx_word' id='word_1_45' title='bbox 1582 774 1673 831; x_wconf 91' lang='lat' dir='ltr'>vel</span> <span class='ocrx_word' id='word_1_46' title='bbox 1696 791 1906 830; x_wconf 89' lang='lat' dir='ltr'>manus</span> <span class='ocrx_word' id='word_1_47' title='bbox 1927 772 2016 829; x_wconf 88' lang='lat' dir='ltr'>vel</span> 
     </span>
    </p>
   </div>
   <div class='ocr_carea' id='block_1_7' title="bbox 368 863 2016 938">
    <p class='ocr_par' dir='ltr' id='par_1_7' title="bbox 368 863 2016 938">
     <span class='ocr_line' id='line_1_7' title="bbox 368 863 2016 938; baseline -0.004 -14"><span class='ocrx_word' id='word_1_48' title='bbox 368 865 577 924; x_wconf 83' lang='lat' dir='ltr'>oculus</span> <span class='ocrx_word' id='word_1_49' title='bbox 602 865 693 922; x_wconf 88' lang='lat' dir='ltr'>vel</span> <span class='ocrx_word' id='word_1_50' title='bbox 723 881 845 938; x_wconf 87' lang='lat' dir='ltr'>pes.</span> <span class='ocrx_word' id='word_1_51' title='bbox 877 864 1054 936; x_wconf 85' lang='lat' dir='ltr'><strong>Atqui</strong></span> <span class='ocrx_word' id='word_1_52' title='bbox 1086 863 1207 920; x_wconf 67' lang='lat' dir='ltr'>haec</span> <span class='ocrx_word' id='word_1_53' title='bbox 1237 863 1319 920; x_wconf 91' lang='lat' dir='ltr'>ita</span> <span class='ocrx_word' id='word_1_54' title='bbox 1349 882 1466 921; x_wconf 89' lang='lat' dir='ltr'>non</span> <span class='ocrx_word' id='word_1_55' title='bbox 1498 881 1561 920; x_wconf 90' lang='lat' dir='ltr'>se</span> <span class='ocrx_word' id='word_1_56' title='bbox 1585 864 1827 931; x_wconf 81' lang='lat' dir='ltr'>habent,</span> <span class='ocrx_word' id='word_1_57' title='bbox 1850 878 2016 918; x_wconf 89' lang='lat' dir='ltr'>nam—</span> 
     </span>
    </p>
   </div>
   <div class='ocr_carea' id='block_1_8' title="bbox 368 952 2018 1028">
    <p class='ocr_par' dir='ltr' id='par_1_8' title="bbox 368 952 2018 1028">
     <span class='ocr_line' id='line_1_8' title="bbox 368 952 2018 1028; baseline -0.003 -17"><span class='ocrx_word' id='word_1_58' title='bbox 368 969 483 1028; x_wconf 89' lang='lat' dir='ltr'>que</span> <span class='ocrx_word' id='word_1_59' title='bbox 511 954 780 1012; x_wconf 86' lang='lat' dir='ltr'>videmus</span> <span class='ocrx_word' id='word_1_60' title='bbox 811 952 970 1009; x_wconf 90' lang='lat' dir='ltr'>aliud</span> <span class='ocrx_word' id='word_1_61' title='bbox 997 953 1237 1026; x_wconf 90' lang='lat' dir='ltr'>quidem</span> <span class='ocrx_word' id='word_1_62' title='bbox 1269 953 1455 1010; x_wconf 88' lang='lat' dir='ltr'>solem</span> <span class='ocrx_word' id='word_1_63' title='bbox 1488 969 1639 1021; x_wconf 89' lang='lat' dir='ltr'>esse,</span> <span class='ocrx_word' id='word_1_64' title='bbox 1671 952 1836 1009; x_wconf 90' lang='lat' dir='ltr'>aliud</span> <span class='ocrx_word' id='word_1_65' title='bbox 1884 966 2018 1007; x_wconf 87' lang='lat' dir='ltr'>vero</span> 
     </span>
    </p>
   </div>
   <div class='ocr_carea' id='block_1_9' title="bbox 369 1042 2023 1113">
    <p class='ocr_par' dir='ltr' id='par_1_9' title="bbox 369 1042 2023 1113">
     <span class='ocr_line' id='line_1_9' title="bbox 369 1042 2023 1113; baseline -0.002 -14"><span class='ocrx_word' id='word_1_66' title='bbox 369 1042 593 1112; x_wconf 90' lang='lat' dir='ltr'>lunam,</span> <span class='ocrx_word' id='word_1_67' title='bbox 619 1047 676 1099; x_wconf 92' lang='lat' dir='ltr'>et</span> <span class='ocrx_word' id='word_1_68' title='bbox 691 1042 851 1099; x_wconf 91' lang='lat' dir='ltr'>aliud</span> <span class='ocrx_word' id='word_1_69' title='bbox 871 1047 1091 1099; x_wconf 89' lang='lat' dir='ltr'>terram</span> <span class='ocrx_word' id='word_1_70' title='bbox 1117 1060 1132 1111; x_wconf 88' lang='lat'><strong>;</strong></span> <span class='ocrx_word' id='word_1_71' title='bbox 1156 1042 1432 1099; x_wconf 79' lang='lat' dir='ltr'>similiter</span> <span class='ocrx_word' id='word_1_72' title='bbox 1450 1043 1508 1099; x_wconf 90' lang='lat' dir='ltr'>in</span> <span class='ocrx_word' id='word_1_73' title='bbox 1531 1042 1811 1099; x_wconf 88' lang='lat' dir='ltr'>humanis</span> <span class='ocrx_word' id='word_1_74' title='bbox 1823 1057 2023 1113; x_wconf 88' lang='lat' dir='ltr'>corpo-</span> 
     </span>
    </p>
   </div>
   <div class='ocr_carea' id='block_1_10' title="bbox 369 1129 2021 1206">
    <p class='ocr_par' dir='ltr' id='par_1_10' title="bbox 369 1129 2021 1206">
     <span class='ocr_line' id='line_1_10' title="bbox 369 1129 2021 1206; baseline 0 -19"><span class='ocrx_word' id='word_1_75' title='bbox 369 1131 556 1204; x_wconf 86' lang='lat' dir='ltr'>ribus,</span> <span class='ocrx_word' id='word_1_76' title='bbox 576 1132 735 1189; x_wconf 87' lang='lat' dir='ltr'>aliud</span> <span class='ocrx_word' id='word_1_77' title='bbox 767 1148 871 1206; x_wconf 85' lang='lat' dir='ltr'>pes</span> <span class='ocrx_word' id='word_1_78' title='bbox 898 1137 1008 1204; x_wconf 89' lang='lat' dir='ltr'>est,</span> <span class='ocrx_word' id='word_1_79' title='bbox 1041 1131 1203 1188; x_wconf 88' lang='lat' dir='ltr'>aliud</span> <span class='ocrx_word' id='word_1_80' title='bbox 1234 1149 1467 1201; x_wconf 90' lang='lat' dir='ltr'>manus,</span> <span class='ocrx_word' id='word_1_81' title='bbox 1503 1131 1666 1188; x_wconf 86' lang='lat' dir='ltr'>aliud</span> <span class='ocrx_word' id='word_1_82' title='bbox 1693 1134 1887 1203; x_wconf 88' lang='lat' dir='ltr'>caput.</span> <span class='ocrx_word' id='word_1_83' title='bbox 1917 1129 2021 1187; x_wconf 87' lang='lat' dir='ltr'>Hic</span> 
     </span>
    </p>
   </div>
   <div class='ocr_carea' id='block_1_11' title="bbox 369 1222 2020 1295">
    <p class='ocr_par' dir='ltr' id='par_1_11' title="bbox 369 1222 2020 1295">
     <span class='ocr_line' id='line_1_11' title="bbox 369 1222 2020 1295; baseline -0.001 -18"><span class='ocrx_word' id='word_1_84' title='bbox 369 1224 568 1278; x_wconf 89' lang='lat' dir='ltr'>autem</span> <span class='ocrx_word' id='word_1_85' title='bbox 597 1222 741 1278; x_wconf 86' lang='lat' dir='ltr'>ordo</span> <span class='ocrx_word' id='word_1_86' title='bbox 772 1226 831 1279; x_wconf 90' lang='lat' dir='ltr'>et</span> <span class='ocrx_word' id='word_1_87' title='bbox 868 1238 1065 1278; x_wconf 90' lang='lat' dir='ltr'>rerum</span> <span class='ocrx_word' id='word_1_88' title='bbox 1097 1222 1403 1295; x_wconf 87' lang='lat' dir='ltr'>dispositio</span> <span class='ocrx_word' id='word_1_89' title='bbox 1451 1226 1674 1278; x_wconf 90' lang='lat' dir='ltr'>certum</span> <span class='ocrx_word' id='word_1_90' title='bbox 1707 1237 2020 1293; x_wconf 88' lang='lat' dir='ltr'>argumen-</span> 
     </span>
    </p>
   </div>
   <div class='ocr_carea' id='block_1_12' title="bbox 367 1310 2021 1385">
    <p class='ocr_par' dir='ltr' id='par_1_12' title="bbox 367 1310 2021 1385">
     <span class='ocr_line' id='line_1_12' title="bbox 367 1310 2021 1385; baseline -0.001 -18"><span class='ocrx_word' id='word_1_91' title='bbox 367 1315 497 1368; x_wconf 90' lang='lat' dir='ltr'>tum</span> <span class='ocrx_word' id='word_1_92' title='bbox 531 1314 622 1368; x_wconf 88' lang='lat' dir='ltr'>est</span> <span class='ocrx_word' id='word_1_93' title='bbox 649 1311 767 1369; x_wconf 90' lang='lat' dir='ltr'>ista</span> <span class='ocrx_word' id='word_1_94' title='bbox 813 1328 930 1369; x_wconf 93' lang='lat' dir='ltr'>non</span> <span class='ocrx_word' id='word_1_95' title='bbox 962 1328 1072 1369; x_wconf 90' lang='lat' dir='ltr'>sua</span> <span class='ocrx_word' id='word_1_96' title='bbox 1100 1316 1308 1385; x_wconf 85' lang='lat' dir='ltr'>sponte</span> <span class='ocrx_word' id='word_1_97' title='bbox 1337 1312 1491 1368; x_wconf 84' lang='lat' dir='ltr'>facta</span> <span class='ocrx_word' id='word_1_98' title='bbox 1521 1311 1722 1382; x_wconf 84' lang='lat' dir='ltr'>fuisse,</span> <span class='ocrx_word' id='word_1_99' title='bbox 1764 1311 1866 1367; x_wconf 91' lang='lat' dir='ltr'>sed</span> <span class='ocrx_word' id='word_1_100' title='bbox 1914 1310 2021 1367; x_wconf 88' lang='lat' dir='ltr'>ali-</span> 
     </span>
    </p>
   </div>
   <div class='ocr_carea' id='block_1_13' title="bbox 371 1399 2026 1474">
    <p class='ocr_par' dir='ltr' id='par_1_13' title="bbox 371 1399 2026 1474">
     <span class='ocr_line' id='line_1_13' title="bbox 371 1399 2026 1474; baseline 0 -17"><span class='ocrx_word' id='word_1_101' title='bbox 371 1416 553 1473; x_wconf 83' lang='lat' dir='ltr'>quam</span> <span class='ocrx_word' id='word_1_102' title='bbox 581 1417 822 1457; x_wconf 88' lang='lat' dir='ltr'>causam</span> <span class='ocrx_word' id='word_1_103' title='bbox 845 1399 961 1457; x_wconf 84' lang='lat' dir='ltr'>illis</span> <span class='ocrx_word' id='word_1_104' title='bbox 978 1402 1302 1474; x_wconf 67' lang='lat' dir='ltr'>pral‘uisse,</span> <span class='ocrx_word' id='word_1_105' title='bbox 1327 1417 1396 1457; x_wconf 84' lang='lat' dir='ltr'>ex</span> <span class='ocrx_word' id='word_1_106' title='bbox 1417 1418 1535 1473; x_wconf 89' lang='lat' dir='ltr'>qua</span> <span class='ocrx_word' id='word_1_107' title='bbox 1556 1401 1765 1469; x_wconf 90' lang='lat' dir='ltr'>Deum,</span> <span class='ocrx_word' id='word_1_108' title='bbox 1790 1400 1889 1473; x_wconf 88' lang='lat' dir='ltr'>qui</span> <span class='ocrx_word' id='word_1_109' title='bbox 1905 1417 2026 1457; x_wconf 89' lang='lat' dir='ltr'>om-</span> 
     </span>
    </p>
   </div>
   <div class='ocr_carea' id='block_1_14' title="bbox 373 1489 2025 1564">
    <p class='ocr_par' dir='ltr' id='par_1_14' title="bbox 373 1489 2025 1564">
     <span class='ocr_line' id='line_1_14' title="bbox 373 1489 2025 1564; baseline -0.001 -18"><span class='ocrx_word' id='word_1_110' title='bbox 373 1489 474 1547; x_wconf 91' lang='lat' dir='ltr'>nia</span> <span class='ocrx_word' id='word_1_111' title='bbox 502 1489 639 1547; x_wconf 83' lang='lat' dir='ltr'>fecit</span> <span class='ocrx_word' id='word_1_112' title='bbox 666 1493 723 1547; x_wconf 92' lang='lat' dir='ltr'>et</span> <span class='ocrx_word' id='word_1_113' title='bbox 751 1491 812 1546; x_wconf 91' lang='lat' dir='ltr'>in</span> <span class='ocrx_word' id='word_1_114' title='bbox 845 1507 952 1548; x_wconf 88' lang='lat' dir='ltr'>suo</span> <span class='ocrx_word' id='word_1_115' title='bbox 978 1491 1241 1564; x_wconf 89' lang='lat' dir='ltr'>quidque</span> <span class='ocrx_word' id='word_1_116' title='bbox 1272 1491 1476 1547; x_wconf 82' lang='lat' dir='ltr'>ordine</span> <span class='ocrx_word' id='word_1_117' title='bbox 1507 1490 1831 1558; x_wconf 89' lang='lat' dir='ltr'>collocavit,</span> <span class='ocrx_word' id='word_1_118' title='bbox 1891 1489 2025 1546; x_wconf 89' lang='lat' dir='ltr'>licet</span> 
     </span>
    </p>
   </div>
   <div class='ocr_carea' id='block_1_15' title="bbox 372 1576 2023 1653">
    <p class='ocr_par' dir='ltr' id='par_1_15' title="bbox 372 1576 2023 1653">
     <span class='ocr_line' id='line_1_15' title="bbox 372 1576 2023 1653; baseline -0.001 -18"><span class='ocrx_word' id='word_1_119' title='bbox 372 1576 721 1652; x_wconf 80' lang='lat' dir='ltr'>intelligere.</span> <span class='ocrx_word' id='word_1_120' title='bbox 751 1579 887 1649; x_wconf 87' lang='lat' dir='ltr'>Alii,</span> <span class='ocrx_word' id='word_1_121' title='bbox 931 1579 1083 1637; x_wconf 91' lang='lat' dir='ltr'>inter</span> <span class='ocrx_word' id='word_1_122' title='bbox 1130 1596 1278 1653; x_wconf 91' lang='lat' dir='ltr'>quos</span> <span class='ocrx_word' id='word_1_123' title='bbox 1326 1580 1503 1636; x_wconf 89' lang='lat' dir='ltr'>etiam</span> <span class='ocrx_word' id='word_1_124' title='bbox 1564 1596 1818 1653; x_wconf 89' lang='lat' dir='ltr'>magnus</span> <span class='ocrx_word' id='word_1_125' title='bbox 1867 1579 2023 1652; x_wconf 82' lang='lat' dir='ltr'>apud</span> 
     </span>
    </p>
   </div>
   <div class='ocr_carea' id='block_1_16' title="bbox 384 1667 2026 1741">
    <p class='ocr_par' dir='ltr' id='par_1_16' title="bbox 384 1667 2026 1741">
     <span class='ocr_line' id='line_1_16' title="bbox 384 1667 2026 1741; baseline 0.001 -17"><span class='ocrx_word' id='word_1_126' title='bbox 384 1667 633 1741; x_wconf 80' lang='lat' dir='ltr'>gentiles</span> <span class='ocrx_word' id='word_1_127' title='bbox 662 1667 827 1725; x_wconf 88' lang='lat' dir='ltr'>Plato</span> <span class='ocrx_word' id='word_1_128' title='bbox 857 1674 1221 1735; x_wconf 84' lang='lat' dir='ltr'>numeratur,</span> <span class='ocrx_word' id='word_1_129' title='bbox 1254 1674 1592 1726; x_wconf 85' lang='lat' dir='ltr'>asseverant</span> <span class='ocrx_word' id='word_1_130' title='bbox 1623 1675 1803 1725; x_wconf 89' lang='lat' dir='ltr'>Deum</span> <span class='ocrx_word' id='word_1_131' title='bbox 1826 1669 2026 1725; x_wconf 82' lang='lat' dir='ltr'>omnia</span> 
     </span>
    </p>
   </div>
   <div class='ocr_carea' id='block_1_17' title="bbox 374 1756 2021 1832">
    <p class='ocr_par' dir='ltr' id='par_1_17' title="bbox 374 1756 2021 1832">
     <span class='ocr_line' id='line_1_17' title="bbox 374 1756 2021 1832; baseline 0.001 -20"><span class='ocrx_word' id='word_1_132' title='bbox 374 1756 585 1815; x_wconf 86' lang='lat' dir='ltr'>fecisse</span> <span class='ocrx_word' id='word_1_133' title='bbox 630 1775 700 1815; x_wconf 83' lang='lat' dir='ltr'>ex</span> <span class='ocrx_word' id='word_1_134' title='bbox 725 1759 975 1815; x_wconf 80' lang='lat' dir='ltr'>materia</span> <span class='ocrx_word' id='word_1_135' title='bbox 1003 1758 1167 1832; x_wconf 89' lang='lat' dir='ltr'>prius</span> <span class='ocrx_word' id='word_1_136' title='bbox 1196 1760 1510 1816; x_wconf 84' lang='lat' dir='ltr'>exsistente</span> <span class='ocrx_word' id='word_1_137' title='bbox 1557 1764 1614 1816; x_wconf 91' lang='lat' dir='ltr'>et</span> <span class='ocrx_word' id='word_1_138' title='bbox 1672 1776 1784 1815; x_wconf 92' lang='lat' dir='ltr'>non</span> <span class='ocrx_word' id='word_1_139' title='bbox 1837 1759 2021 1814; x_wconf 80' lang='lat' dir='ltr'>facta:</span> 
     </span>
    </p>
   </div>
   <div class='ocr_carea' id='block_1_18' title="bbox 374 1846 2025 1923">
    <p class='ocr_par' dir='ltr' id='par_1_18' title="bbox 374 1846 2025 1923">
     <span class='ocr_line' id='line_1_18' title="bbox 374 1846 2025 1923; baseline 0.001 -20"><span class='ocrx_word' id='word_1_140' title='bbox 374 1862 566 1923; x_wconf 87' lang='lat' dir='ltr'>neque</span> <span class='ocrx_word' id='word_1_141' title='bbox 584 1846 741 1904; x_wconf 90' lang='lat' dir='ltr'>enim</span> <span class='ocrx_word' id='word_1_142' title='bbox 764 1848 948 1905; x_wconf 91' lang='lat' dir='ltr'>Deum</span> <span class='ocrx_word' id='word_1_143' title='bbox 971 1847 1193 1922; x_wconf 86' lang='lat' dir='ltr'>aliquid</span> <span class='ocrx_word' id='word_1_144' title='bbox 1217 1849 1403 1906; x_wconf 84' lang='lat' dir='ltr'>facere</span> <span class='ocrx_word' id='word_1_145' title='bbox 1416 1849 1698 1921; x_wconf 89' lang='lat' dir='ltr'>potuisse,</span> <span class='ocrx_word' id='word_1_146' title='bbox 1725 1849 1838 1904; x_wconf 88' lang='lat' dir='ltr'>nisi</span> <span class='ocrx_word' id='word_1_147' title='bbox 1862 1849 2025 1921; x_wconf 90' lang='lat' dir='ltr'>prius</span> 
     </span>
    </p>
   </div>
   <div class='ocr_carea' id='block_1_19' title="bbox 376 1936 2104 2033">
    <p class='ocr_par' dir='ltr' id='par_1_19' title="bbox 376 1936 2104 2033">
     <span class='ocr_line' id='line_1_19' title="bbox 376 1936 2104 2033; baseline -0.002 -39"><span class='ocrx_word' id='word_1_148' title='bbox 376 1937 623 1994; x_wconf 89' lang='lat' dir='ltr'>materia</span> <span class='ocrx_word' id='word_1_149' title='bbox 649 1936 988 2033; x_wconf 67' lang='lat' dir='ltr'>exstitisset,</span> <span class='ocrx_word' id='word_1_150' title='bbox 1014 1938 1532 2033; x_wconf 75' lang='lat' dir='ltr'>quemadmodum</span> <span class='ocrx_word' id='word_1_151' title='bbox 1554 1954 1703 2033; x_wconf 88' lang='lat' dir='ltr'>opus</span> <span class='ocrx_word' id='word_1_152' title='bbox 1728 1941 1817 2033; x_wconf 89' lang='lat' dir='ltr'>est</span> <span class='ocrx_word' id='word_1_153' title='bbox 1848 1942 1914 1993; x_wconf 89' lang='lat' dir='ltr'>ut</span> <span class='ocrx_word' id='word_1_154' title='bbox 1952 1936 2021 1992; x_wconf 91' lang='lat' dir='ltr'>li-</span> <span class='ocrx_word' id='word_1_155' title='bbox 2055 1966 2104 2033; x_wconf 82' lang='lat' dir='ltr'><strong>B</strong></span> 
     </span>
    </p>
   </div>
   <div class='ocr_carea' id='block_1_20' title="bbox 374 2026 2026 2100">
    <p class='ocr_par' dir='ltr' id='par_1_20' title="bbox 374 2026 2026 2100">
     <span class='ocr_line' id='line_1_20' title="bbox 374 2026 2026 2100; baseline 0 -17"><span class='ocrx_word' id='word_1_156' title='bbox 374 2042 582 2100; x_wconf 89' lang='lat' dir='ltr'>gnum,</span> <span class='ocrx_word' id='word_1_157' title='bbox 616 2044 733 2100; x_wconf 91' lang='lat' dir='ltr'>quo</span> <span class='ocrx_word' id='word_1_158' title='bbox 764 2027 928 2084; x_wconf 85' lang='lat' dir='ltr'>faber</span> <span class='ocrx_word' id='word_1_159' title='bbox 964 2026 1170 2091; x_wconf 80' lang='lat' dir='ltr'>utitur,</span> <span class='ocrx_word' id='word_1_160' title='bbox 1204 2027 1366 2100; x_wconf 91' lang='lat' dir='ltr'>prius</span> <span class='ocrx_word' id='word_1_161' title='bbox 1413 2027 1676 2098; x_wconf 84' lang='lat' dir='ltr'>exsistat,</span> <span class='ocrx_word' id='word_1_162' title='bbox 1733 2032 1798 2083; x_wconf 92' lang='lat' dir='ltr'>ut</span> <span class='ocrx_word' id='word_1_163' title='bbox 1844 2043 1914 2083; x_wconf 79' lang='lat' dir='ltr'>ex</span> <span class='ocrx_word' id='word_1_164' title='bbox 1960 2043 2026 2083; x_wconf 86' lang='lat' dir='ltr'>eo</span> 
     </span>
    </p>
   </div>
   <div class='ocr_carea' id='block_1_21' title="bbox 378 2115 2025 2189">
    <p class='ocr_par' dir='ltr' id='par_1_21' title="bbox 378 2115 2025 2189">
     <span class='ocr_line' id='line_1_21' title="bbox 378 2115 2025 2189; baseline -0.001 -16"><span class='ocrx_word' id='word_1_165' title='bbox 378 2115 602 2189; x_wconf 85' lang='lat' dir='ltr'>aliquid</span> <span class='ocrx_word' id='word_1_166' title='bbox 633 2116 820 2173; x_wconf 88' lang='lat' dir='ltr'>facere</span> <span class='ocrx_word' id='word_1_167' title='bbox 831 2117 1039 2189; x_wconf 90' lang='lat' dir='ltr'>possit.</span> <span class='ocrx_word' id='word_1_168' title='bbox 1056 2116 1275 2172; x_wconf 87' lang='lat' dir='ltr'>Verum</span> <span class='ocrx_word' id='word_1_169' title='bbox 1297 2117 1397 2189; x_wconf 92' lang='lat' dir='ltr'>qui</span> <span class='ocrx_word' id='word_1_170' title='bbox 1422 2117 1503 2172; x_wconf 88' lang='lat' dir='ltr'>ita</span> <span class='ocrx_word' id='word_1_171' title='bbox 1515 2116 2025 2189; x_wconf 90' lang='lat' dir='ltr'>philosophantur,</span> 
     </span>
    </p>
   </div>
   <div class='ocr_carea' id='block_1_22' title="bbox 376 2204 2026 2263">
    <p class='ocr_par' dir='ltr' id='par_1_22' title="bbox 376 2204 2026 2263">
     <span class='ocr_line' id='line_1_22' title="bbox 376 2204 2026 2263; baseline -0.001 -2"><span class='ocrx_word' id='word_1_172' title='bbox 376 2221 495 2262; x_wconf 91' lang='lat' dir='ltr'>non</span> <span class='ocrx_word' id='word_1_173' title='bbox 523 2205 722 2263; x_wconf 90' lang='lat' dir='ltr'>vident</span> <span class='ocrx_word' id='word_1_174' title='bbox 748 2221 809 2262; x_wconf 88' lang='lat' dir='ltr'>se</span> <span class='ocrx_word' id='word_1_175' title='bbox 840 2204 1299 2262; x_wconf 89' lang='lat' dir='ltr'>imbecillitatem</span> <span class='ocrx_word' id='word_1_176' title='bbox 1324 2210 1437 2261; x_wconf 91' lang='lat' dir='ltr'>Dco</span> <span class='ocrx_word' id='word_1_177' title='bbox 1468 2205 1846 2262; x_wconf 89' lang='lat' dir='ltr'>ascribere.Si</span> <span class='ocrx_word' id='word_1_178' title='bbox 1869 2206 2026 2262; x_wconf 90' lang='lat' dir='ltr'>enim</span> 
     </span>
    </p>
   </div>
   <div class='ocr_carea' id='block_1_23' title="bbox 378 2284 2032 2369">
    <p class='ocr_par' dir='ltr' id='par_1_23' title="bbox 378 2284 2032 2369">
     <span class='ocr_line' id='line_1_23' title="bbox 378 2284 2032 2369; baseline 0 -18"><span class='ocrx_word' id='word_1_179' title='bbox 378 2295 504 2369; x_wconf 89' lang='lat' dir='ltr'>ipse</span> <span class='ocrx_word' id='word_1_180' title='bbox 530 2312 646 2353; x_wconf 89' lang='lat' dir='ltr'>non</span> <span class='ocrx_word' id='word_1_181' title='bbox 678 2299 769 2352; x_wconf 89' lang='lat' dir='ltr'>est</span> <span class='ocrx_word' id='word_1_182' title='bbox 799 2295 1056 2351; x_wconf 67' lang='lat' dir='ltr'>materiae</span> <span class='ocrx_word' id='word_1_183' title='bbox 1085 2295 1347 2363; x_wconf 76' lang='lat' dir='ltr'>ell‘ector,</span> <span class='ocrx_word' id='word_1_184' title='bbox 1381 2296 1481 2352; x_wconf 90' lang='lat' dir='ltr'>sed</span> <span class='ocrx_word' id='word_1_185' title='bbox 1540 2311 1634 2350; x_wconf 87' lang='lat' dir='ltr'>res</span> <span class='ocrx_word' id='word_1_186' title='bbox 1665 2284 1733 2351; x_wconf 84' lang='lat' dir='ltr'>ex</span> <span class='ocrx_word' id='word_1_187' title='bbox 1763 2296 2032 2367; x_wconf 86' lang='lat' dir='ltr'>subjecta</span> 
     </span>
    </p>
   </div>
   <div class='ocr_carea' id='block_1_24' title="bbox 385 2383 2030 2454">
    <p class='ocr_par' dir='ltr' id='par_1_24' title="bbox 385 2383 2030 2454">
     <span class='ocr_line' id='line_1_24' title="bbox 385 2383 2030 2454; baseline -0.001 -13"><span class='ocrx_word' id='word_1_188' title='bbox 385 2385 636 2442; x_wconf 87' lang='lat' dir='ltr'>materia</span> <span class='ocrx_word' id='word_1_189' title='bbox 664 2383 825 2454; x_wconf 87' lang='lat' dir='ltr'>facit,</span> <span class='ocrx_word' id='word_1_190' title='bbox 854 2383 1165 2441; x_wconf 88' lang='lat' dir='ltr'>imbecillis</span> <span class='ocrx_word' id='word_1_191' title='bbox 1195 2401 1335 2441; x_wconf 91' lang='lat' dir='ltr'>sane</span> <span class='ocrx_word' id='word_1_192' title='bbox 1366 2389 1477 2454; x_wconf 90' lang='lat' dir='ltr'>est,</span> <span class='ocrx_word' id='word_1_193' title='bbox 1518 2401 1651 2440; x_wconf 88' lang='lat' dir='ltr'>cum</span> <span class='ocrx_word' id='word_1_194' title='bbox 1702 2383 1849 2439; x_wconf 92' lang='lat' dir='ltr'>nihil</span> <span class='ocrx_word' id='word_1_195' title='bbox 1904 2385 2030 2440; x_wconf 91' lang='lat' dir='ltr'>sine</span> 
     </span>
    </p>
   </div>
   <div class='ocr_carea' id='block_1_25' title="bbox 379 2472 2033 2547">
    <p class='ocr_par' dir='ltr' id='par_1_25' title="bbox 379 2472 2033 2547">
     <span class='ocr_line' id='line_1_25' title="bbox 379 2472 2033 2547; baseline -0.001 -16"><span class='ocrx_word' id='word_1_196' title='bbox 379 2472 626 2531; x_wconf 87' lang='lat' dir='ltr'>materia</span> <span class='ocrx_word' id='word_1_197' title='bbox 655 2472 927 2530; x_wconf 86' lang='lat' dir='ltr'>fabricari</span> <span class='ocrx_word' id='word_1_198' title='bbox 957 2477 1153 2547; x_wconf 86' lang='lat' dir='ltr'>queat,</span> <span class='ocrx_word' id='word_1_199' title='bbox 1183 2474 1685 2546; x_wconf 87' lang='lat' dir='ltr'>quemadmodum</span> <span class='ocrx_word' id='word_1_200' title='bbox 1719 2473 1920 2545; x_wconf 88' lang='lat' dir='ltr'>utique</span> <span class='ocrx_word' id='word_1_201' title='bbox 1952 2473 2033 2529; x_wconf 87' lang='lat' dir='ltr'>fa-</span> 
     </span>
    </p>
   </div>
   <div class='ocr_carea' id='block_1_26' title="bbox 382 2562 2034 2636">
    <p class='ocr_par' dir='ltr' id='par_1_26' title="bbox 382 2562 2034 2636">
     <span class='ocr_line' id='line_1_26' title="bbox 382 2562 2034 2636; baseline -0.001 -16"><span class='ocrx_word' id='word_1_202' title='bbox 382 2563 476 2620; x_wconf 85' lang='lat' dir='ltr'>bri</span> <span class='ocrx_word' id='word_1_203' title='bbox 492 2562 1364 2633; x_wconf 88' lang='lat' dir='ltr'>imbecillitatemindicat,nihil</span> <span class='ocrx_word' id='word_1_204' title='bbox 1384 2579 1519 2619; x_wconf 91' lang='lat' dir='ltr'>eum</span> <span class='ocrx_word' id='word_1_205' title='bbox 1533 2564 1661 2620; x_wconf 84' lang='lat' dir='ltr'>sine</span> <span class='ocrx_word' id='word_1_206' title='bbox 1682 2562 1839 2636; x_wconf 91' lang='lat' dir='ltr'>ligno</span> <span class='ocrx_word' id='word_1_207' title='bbox 1860 2578 2034 2635; x_wconf 87' lang='lat' dir='ltr'>posse</span> 
     </span>
    </p>
   </div>
   <div class='ocr_carea' id='block_1_27' title="bbox 388 2651 2027 2725">
    <p class='ocr_par' dir='ltr' id='par_1_27' title="bbox 388 2651 2027 2725">
     <span class='ocr_line' id='line_1_27' title="bbox 388 2651 2027 2725; baseline -0.001 -17"><span class='ocrx_word' id='word_1_208' title='bbox 388 2653 599 2710; x_wconf 81' lang='lat' dir='ltr'>facere.</span> <span class='ocrx_word' id='word_1_209' title='bbox 630 2651 956 2725; x_wconf 91' lang='lat' dir='ltr'>Siquidem,</span> <span class='ocrx_word' id='word_1_210' title='bbox 978 2656 1046 2709; x_wconf 91' lang='lat' dir='ltr'>ut</span> <span class='ocrx_word' id='word_1_211' title='bbox 1063 2651 1167 2709; x_wconf 91' lang='lat' dir='ltr'>ulli</span> <span class='ocrx_word' id='word_1_212' title='bbox 1189 2652 1593 2722; x_wconf 90' lang='lat' dir='ltr'>sentiunt,nisi</span> <span class='ocrx_word' id='word_1_213' title='bbox 1619 2653 1861 2708; x_wconf 84' lang='lat' dir='ltr'>materia</span> <span class='ocrx_word' id='word_1_214' title='bbox 1882 2653 2027 2707; x_wconf 80' lang='lat' dir='ltr'>fuis-</span> 
     </span>
    </p>
   </div>
   <div class='ocr_carea' id='block_1_28' title="bbox 380 2741 2031 2813">
    <p class='ocr_par' dir='ltr' id='par_1_28' title="bbox 380 2741 2031 2813">
     <span class='ocr_line' id='line_1_28' title="bbox 380 2741 2031 2813; baseline -0.001 -14"><span class='ocrx_word' id='word_1_215' title='bbox 380 2746 489 2810; x_wconf 87' lang='lat' dir='ltr'>set,</span> <span class='ocrx_word' id='word_1_216' title='bbox 521 2741 670 2799; x_wconf 86' lang='lat' dir='ltr'>nihil</span> <span class='ocrx_word' id='word_1_217' title='bbox 697 2741 987 2799; x_wconf 76' lang='lat' dir='ltr'>ell&#39;ecisset</span> <span class='ocrx_word' id='word_1_218' title='bbox 1015 2745 1188 2799; x_wconf 90' lang='lat' dir='ltr'>Deus.</span> <span class='ocrx_word' id='word_1_219' title='bbox 1221 2742 1383 2807; x_wconf 85' lang='lat' dir='ltr'>Quod</span> <span class='ocrx_word' id='word_1_220' title='bbox 1416 2742 1467 2798; x_wconf 90' lang='lat' dir='ltr'>si</span> <span class='ocrx_word' id='word_1_221' title='bbox 1496 2742 1579 2798; x_wconf 90' lang='lat' dir='ltr'>ita</span> <span class='ocrx_word' id='word_1_222' title='bbox 1607 2745 1717 2810; x_wconf 87' lang='lat' dir='ltr'>est,</span> <span class='ocrx_word' id='word_1_223' title='bbox 1769 2741 1871 2813; x_wconf 92' lang='lat' dir='ltr'>qui</span> <span class='ocrx_word' id='word_1_224' title='bbox 1900 2741 2031 2798; x_wconf 81' lang='lat' dir='ltr'>eﬂ‘e-</span> 
     </span>
    </p>
   </div>
   <div class='ocr_carea' id='block_1_29' title="bbox 382 2830 2031 2904">
    <p class='ocr_par' dir='ltr' id='par_1_29' title="bbox 382 2830 2031 2904">
     <span class='ocr_line' id='line_1_29' title="bbox 382 2830 2031 2904; baseline -0.002 -15"><span class='ocrx_word' id='word_1_225' title='bbox 382 2836 508 2889; x_wconf 91' lang='lat' dir='ltr'>ctor</span> <span class='ocrx_word' id='word_1_226' title='bbox 535 2835 593 2889; x_wconf 89' lang='lat' dir='ltr'>et</span> <span class='ocrx_word' id='word_1_227' title='bbox 623 2834 850 2889; x_wconf 83' lang='lat' dir='ltr'>creator</span> <span class='ocrx_word' id='word_1_228' title='bbox 878 2831 994 2887; x_wconf 90' lang='lat' dir='ltr'>dici</span> <span class='ocrx_word' id='word_1_229' title='bbox 1023 2836 1221 2904; x_wconf 89' lang='lat' dir='ltr'>queat,</span> <span class='ocrx_word' id='word_1_230' title='bbox 1244 2831 1347 2904; x_wconf 90' lang='lat' dir='ltr'>qui</span> <span class='ocrx_word' id='word_1_231' title='bbox 1377 2848 1446 2888; x_wconf 86' lang='lat' dir='ltr'>ex</span> <span class='ocrx_word' id='word_1_232' title='bbox 1475 2830 1591 2888; x_wconf 89' lang='lat' dir='ltr'>alia</span> <span class='ocrx_word' id='word_1_233' title='bbox 1612 2849 1693 2902; x_wconf 89' lang='lat' dir='ltr'>re,</span> <span class='ocrx_word' id='word_1_234' title='bbox 1722 2847 1932 2904; x_wconf 92' lang='lat' dir='ltr'>nempe</span> <span class='ocrx_word' id='word_1_235' title='bbox 1961 2848 2031 2887; x_wconf 82' lang='lat' dir='ltr'>ex</span> 
     </span>
    </p>
   </div>
   <div class='ocr_carea' id='block_1_30' title="bbox 378 2919 2031 2994">
    <p class='ocr_par' dir='ltr' id='par_1_30' title="bbox 378 2919 2031 2994">
     <span class='ocr_line' id='line_1_30' title="bbox 378 2919 2031 2994; baseline 0 -17"><span class='ocrx_word' id='word_1_236' title='bbox 378 2919 645 2992; x_wconf 88' lang='lat' dir='ltr'>materia,</span> <span class='ocrx_word' id='word_1_237' title='bbox 665 2919 873 2977; x_wconf 88' lang='lat' dir='ltr'>habuit</span> <span class='ocrx_word' id='word_1_238' title='bbox 894 2919 1004 2977; x_wconf 92' lang='lat' dir='ltr'>hoc</span> <span class='ocrx_word' id='word_1_239' title='bbox 1023 2920 1221 2994; x_wconf 86' lang='lat' dir='ltr'>ipsum</span> <span class='ocrx_word' id='word_1_240' title='bbox 1242 2921 1395 2991; x_wconf 89' lang='lat' dir='ltr'>quod</span> <span class='ocrx_word' id='word_1_241' title='bbox 1420 2922 1636 2977; x_wconf 86' lang='lat' dir='ltr'>laceret</span> <span class='ocrx_word' id='word_1_242' title='bbox 1654 2920 1683 2975; x_wconf 80' lang='lat' dir='ltr'>‘I</span> <span class='ocrx_word' id='word_1_243' title='bbox 1698 2923 1863 2978; x_wconf 89' lang='lat' dir='ltr'>Certe</span> <span class='ocrx_word' id='word_1_244' title='bbox 1885 2920 1933 2976; x_wconf 88' lang='lat' dir='ltr'>si</span> <span class='ocrx_word' id='word_1_245' title='bbox 1947 2920 2031 2977; x_wconf 92' lang='lat' dir='ltr'>ita</span> 
     </span>
    </p>
   </div>
   <div class='ocr_carea' id='block_1_31' title="bbox 378 3002 2030 3082">
    <p class='ocr_par' dir='ltr' id='par_1_31' title="bbox 378 3002 2030 3082">
     <span class='ocr_line' id='line_1_31' title="bbox 378 3002 2030 3082; baseline -0.001 -15"><span class='ocrx_word' id='word_1_246' title='bbox 378 3025 442 3067; x_wconf 92' lang='lat' dir='ltr'>se</span> <span class='ocrx_word' id='word_1_247' title='bbox 463 3026 556 3067; x_wconf 90' lang='lat' dir='ltr'>res</span> <span class='ocrx_word' id='word_1_248' title='bbox 576 3009 772 3082; x_wconf 86' lang='lat' dir='ltr'>habet,</span> <span class='ocrx_word' id='word_1_249' title='bbox 791 3009 954 3066; x_wconf 80' lang='lat' dir='ltr'>faber</span> <span class='ocrx_word' id='word_1_250' title='bbox 976 3002 1210 3067; x_wconf 85' lang='lat' dir='ltr'>tantum</span> <span class='ocrx_word' id='word_1_251' title='bbox 1233 3011 1560 3067; x_wconf 90' lang='lat' dir='ltr'>secundum</span> <span class='ocrx_word' id='word_1_252' title='bbox 1589 3010 1720 3067; x_wconf 92' lang='lat' dir='ltr'>illos</span> <span class='ocrx_word' id='word_1_253' title='bbox 1745 3010 1856 3067; x_wconf 90' lang='lat' dir='ltr'>erit</span> <span class='ocrx_word' id='word_1_254' title='bbox 1876 3014 2030 3066; x_wconf 91' lang='lat' dir='ltr'>Deus</span> 
     </span>
    </p>
   </div>
   <div class='ocr_carea' id='block_1_32' title="bbox 376 3099 2029 3167">
    <p class='ocr_par' dir='ltr' id='par_1_32' title="bbox 376 3099 2029 3167">
     <span class='ocr_line' id='line_1_32' title="bbox 376 3099 2029 3167; baseline -0.001 -10"><span class='ocrx_word' id='word_1_255' title='bbox 376 3116 494 3157; x_wconf 90' lang='lat' dir='ltr'>non</span> <span class='ocrx_word' id='word_1_256' title='bbox 522 3116 659 3157; x_wconf 91' lang='lat' dir='ltr'>vero</span> <span class='ocrx_word' id='word_1_257' title='bbox 688 3105 754 3156; x_wconf 90' lang='lat' dir='ltr'>ut</span> <span class='ocrx_word' id='word_1_258' title='bbox 782 3104 1009 3158; x_wconf 91' lang='lat' dir='ltr'>creator</span> <span class='ocrx_word' id='word_1_259' title='bbox 1036 3100 1215 3157; x_wconf 90' lang='lat' dir='ltr'>rebus</span> <span class='ocrx_word' id='word_1_260' title='bbox 1243 3100 1407 3156; x_wconf 90' lang='lat' dir='ltr'>dabit</span> <span class='ocrx_word' id='word_1_261' title='bbox 1427 3104 1493 3157; x_wconf 91' lang='lat' dir='ltr'>ut</span> <span class='ocrx_word' id='word_1_262' title='bbox 1518 3099 1656 3167; x_wconf 90' lang='lat' dir='ltr'>sint,</span> <span class='ocrx_word' id='word_1_263' title='bbox 1682 3099 2029 3156; x_wconf 89' lang='lat' dir='ltr'>sinimirum</span> 
     </span>
    </p>
   </div>
   <div class='ocr_carea' id='block_1_33' title="bbox 374 3188 2024 3264">
    <p class='ocr_par' dir='ltr' id='par_1_33' title="bbox 374 3188 2024 3264">
     <span class='ocr_line' id='line_1_33' title="bbox 374 3188 2024 3264; baseline -0.003 -17"><span class='ocrx_word' id='word_1_264' title='bbox 374 3189 437 3247; x_wconf 85' lang='lat' dir='ltr'>in</span> <span class='ocrx_word' id='word_1_265' title='bbox 451 3190 715 3263; x_wconf 87' lang='lat' dir='ltr'>subjecta</span> <span class='ocrx_word' id='word_1_266' title='bbox 738 3190 984 3248; x_wconf 85' lang='lat' dir='ltr'>materia</span> <span class='ocrx_word' id='word_1_267' title='bbox 1004 3194 1274 3264; x_wconf 88' lang='lat' dir='ltr'>agat,nec</span> <span class='ocrx_word' id='word_1_268' title='bbox 1292 3188 1419 3262; x_wconf 90' lang='lat' dir='ltr'>ipse</span> <span class='ocrx_word' id='word_1_269' title='bbox 1433 3188 1513 3245; x_wconf 88' lang='lat' dir='ltr'>sit</span> <span class='ocrx_word' id='word_1_270' title='bbox 1534 3188 1789 3246; x_wconf 67' lang='lat' dir='ltr'>materiae</span> <span class='ocrx_word' id='word_1_271' title='bbox 1804 3192 2024 3246; x_wconf 90' lang='lat' dir='ltr'>auctor.</span> 
     </span>
    </p>
   </div>
   <div class='ocr_carea' id='block_1_34' title="bbox 372 3278 2021 3351">
    <p class='ocr_par' dir='ltr' id='par_1_34' title="bbox 372 3278 2021 3351">
     <span class='ocr_line' id='line_1_34' title="bbox 372 3278 2021 3351; baseline -0.001 -15"><span class='ocrx_word' id='word_1_272' title='bbox 372 3278 543 3349; x_wconf 88' lang='lat' dir='ltr'>Nam,</span> <span class='ocrx_word' id='word_1_273' title='bbox 576 3283 644 3336; x_wconf 89' lang='lat' dir='ltr'>ut</span> <span class='ocrx_word' id='word_1_274' title='bbox 672 3297 789 3337; x_wconf 91' lang='lat' dir='ltr'>uno</span> <span class='ocrx_word' id='word_1_275' title='bbox 819 3284 995 3338; x_wconf 89' lang='lat' dir='ltr'>verbo</span> <span class='ocrx_word' id='word_1_276' title='bbox 1025 3280 1239 3351; x_wconf 90' lang='lat' dir='ltr'>dicam,</span> <span class='ocrx_word' id='word_1_277' title='bbox 1272 3283 1497 3336; x_wconf 84' lang='lat' dir='ltr'>creator</span> <span class='ocrx_word' id='word_1_278' title='bbox 1528 3278 1643 3335; x_wconf 91' lang='lat' dir='ltr'>dici</span> <span class='ocrx_word' id='word_1_279' title='bbox 1670 3295 1785 3335; x_wconf 92' lang='lat' dir='ltr'>non</span> <span class='ocrx_word' id='word_1_280' title='bbox 1808 3283 2021 3351; x_wconf 88' lang='lat' dir='ltr'>potest,</span> 
     </span>
    </p>
   </div>
   <div class='ocr_carea' id='block_1_35' title="bbox 375 3339 2096 3441">
    <p class='ocr_par' dir='ltr' id='par_1_35' title="bbox 375 3339 2096 3441">
     <span class='ocr_line' id='line_1_35' title="bbox 375 3339 2096 3441; baseline -0.001 -14"><span class='ocrx_word' id='word_1_281' title='bbox 375 3370 490 3427; x_wconf 88' lang='lat' dir='ltr'>nisi</span> <span class='ocrx_word' id='word_1_282' title='bbox 520 3369 826 3427; x_wconf 87' lang='lat' dir='ltr'>materiam</span> <span class='ocrx_word' id='word_1_283' title='bbox 856 3373 1031 3438; x_wconf 89' lang='lat' dir='ltr'>creet,</span> <span class='ocrx_word' id='word_1_284' title='bbox 1062 3384 1132 3424; x_wconf 84' lang='lat' dir='ltr'>ex</span> <span class='ocrx_word' id='word_1_285' title='bbox 1163 3385 1279 3441; x_wconf 91' lang='lat' dir='ltr'>qua</span> <span class='ocrx_word' id='word_1_286' title='bbox 1303 3383 1396 3425; x_wconf 90' lang='lat' dir='ltr'>res</span> <span class='ocrx_word' id='word_1_287' title='bbox 1428 3372 1632 3425; x_wconf 64' lang='lat' dir='ltr'>creatae</span> <span class='ocrx_word' id='word_1_288' title='bbox 1666 3368 1827 3425; x_wconf 69' lang='lat' dir='ltr'>factae</span> <span class='ocrx_word' id='word_1_289' title='bbox 1860 3372 2019 3425; x_wconf 87' lang='lat' dir='ltr'>sunt.</span> <span class='ocrx_word' id='word_1_290' title='bbox 2053 3339 2096 3408; x_wconf 62' lang='grc' dir='ltr'>θ’</span> 
     </span>
    </p>
   </div>
   <div class='ocr_carea' id='block_1_36' title="bbox 378 3457 2025 3532">
    <p class='ocr_par' dir='ltr' id='par_1_36' title="bbox 378 3457 2025 3532">
     <span class='ocr_line' id='line_1_36' title="bbox 378 3457 2025 3532; baseline -0.001 -17"><span class='ocrx_word' id='word_1_291' title='bbox 378 3459 636 3517; x_wconf 67' lang='lat' dir='ltr'>Heretici</span> <span class='ocrx_word' id='word_1_292' title='bbox 669 3462 866 3516; x_wconf 88' lang='lat' dir='ltr'>autem</span> <span class='ocrx_word' id='word_1_293' title='bbox 888 3458 1071 3515; x_wconf 83' lang='lat' dir='ltr'>alium</span> <span class='ocrx_word' id='word_1_294' title='bbox 1103 3458 1214 3515; x_wconf 89' lang='lat' dir='ltr'>sibi</span> <span class='ocrx_word' id='word_1_295' title='bbox 1246 3458 1479 3532; x_wconf 79' lang='lat' dir='ltr'>ﬁngunt</span> <span class='ocrx_word' id='word_1_296' title='bbox 1507 3474 1704 3514; x_wconf 89' lang='lat' dir='ltr'>rerum</span> <span class='ocrx_word' id='word_1_297' title='bbox 1755 3457 2025 3531; x_wconf 83' lang='lat' dir='ltr'>opiﬁcem</span> 
     </span>
    </p>
   </div>
   <div class='ocr_carea' id='block_1_37' title="bbox 374 3546 2025 3623">
    <p class='ocr_par' dir='ltr' id='par_1_37' title="bbox 374 3546 2025 3623">
     <span class='ocr_line' id='line_1_37' title="bbox 374 3546 2025 3623; baseline -0.002 -17"><span class='ocrx_word' id='word_1_298' title='bbox 374 3552 586 3623; x_wconf 65' lang='lat' dir='ltr'>prater</span> <span class='ocrx_word' id='word_1_299' title='bbox 606 3548 835 3606; x_wconf 87' lang='lat' dir='ltr'>Patrem</span> <span class='ocrx_word' id='word_1_300' title='bbox 867 3547 1099 3605; x_wconf 90' lang='lat' dir='ltr'>Domini</span> <span class='ocrx_word' id='word_1_301' title='bbox 1131 3547 1319 3605; x_wconf 87' lang='lat' dir='ltr'>nostri</span> <span class='ocrx_word' id='word_1_302' title='bbox 1347 3548 1487 3604; x_wconf 84' lang='lat' dir='ltr'>Jesu</span> <span class='ocrx_word' id='word_1_303' title='bbox 1517 3547 1769 3616; x_wconf 87' lang='lat' dir='ltr'>Christi;</span> <span class='ocrx_word' id='word_1_304' title='bbox 1804 3548 1905 3605; x_wconf 91' lang='lat' dir='ltr'>sed</span> <span class='ocrx_word' id='word_1_305' title='bbox 1939 3546 2025 3603; x_wconf 91' lang='lat' dir='ltr'>illi</span> 
     </span>
    </p>
   </div>
   <div class='ocr_carea' id='block_1_38' title="bbox 376 3636 2028 3709">
    <p class='ocr_par' dir='ltr' id='par_1_38' title="bbox 376 3636 2028 3709">
     <span class='ocr_line' id='line_1_38' title="bbox 376 3636 2028 3709; baseline -0.001 -15"><span class='ocrx_word' id='word_1_306' title='bbox 376 3653 674 3695; x_wconf 88' lang='lat' dir='ltr'>summam</span> <span class='ocrx_word' id='word_1_307' title='bbox 692 3637 1011 3695; x_wconf 71' lang='lat' dir='ltr'>caecitatem</span> <span class='ocrx_word' id='word_1_308' title='bbox 1041 3636 1131 3694; x_wconf 93' lang='lat' dir='ltr'>vel</span> <span class='ocrx_word' id='word_1_309' title='bbox 1162 3637 1223 3693; x_wconf 92' lang='lat' dir='ltr'>in</span> <span class='ocrx_word' id='word_1_310' title='bbox 1251 3636 1345 3695; x_wconf 90' lang='lat' dir='ltr'>his</span> <span class='ocrx_word' id='word_1_311' title='bbox 1365 3637 1512 3709; x_wconf 90' lang='lat' dir='ltr'>ipsis</span> <span class='ocrx_word' id='word_1_312' title='bbox 1543 3654 1670 3709; x_wconf 61' lang='lat' dir='ltr'>quae</span> <span class='ocrx_word' id='word_1_313' title='bbox 1700 3637 2028 3709; x_wconf 91' lang='lat' dir='ltr'>loquuntur</span> 
     </span>
    </p>
   </div>
   <div class='ocr_carea' id='block_1_39' title="bbox 387 3726 2022 3785">
    <p class='ocr_par' dir='ltr' id='par_1_39' title="bbox 387 3726 2022 3785">
     <span class='ocr_line' id='line_1_39' title="bbox 387 3726 2022 3785; baseline 0 -2"><span class='ocrx_word' id='word_1_314' title='bbox 387 3726 730 3785; x_wconf 87' lang='lat' dir='ltr'>ostendunt.</span> <span class='ocrx_word' id='word_1_315' title='bbox 754 3727 900 3784; x_wconf 88' lang='lat' dir='ltr'>Cum</span> <span class='ocrx_word' id='word_1_316' title='bbox 930 3727 1088 3783; x_wconf 90' lang='lat' dir='ltr'>enim</span> <span class='ocrx_word' id='word_1_317' title='bbox 1121 3727 1405 3783; x_wconf 89' lang='lat' dir='ltr'>Dominus</span> <span class='ocrx_word' id='word_1_318' title='bbox 1435 3726 1509 3783; x_wconf 92' lang='lat' dir='ltr'>ad</span> <span class='ocrx_word' id='word_1_319' title='bbox 1538 3726 1774 3783; x_wconf 65' lang='lat' dir='ltr'>Judaeos</span> <span class='ocrx_word' id='word_1_320' title='bbox 1829 3727 2022 3783; x_wconf 88' lang='lat' dir='ltr'>dicat:</span> 
     </span>
    </p>
   </div>
   <div class='ocr_carea' id='block_1_40' title="bbox 375 3816 2026 3891">
    <p class='ocr_par' dir='ltr' id='par_1_40' title="bbox 375 3816 2026 3891">
     <span class='ocr_line' id='line_1_40' title="bbox 375 3816 2026 3891; baseline -0.001 -17"><span class='ocrx_word' id='word_1_321' title='bbox 375 3818 505 3874; x_wconf 84' lang='lat' dir='ltr'>Non</span> <span class='ocrx_word' id='word_1_322' title='bbox 533 3817 742 3887; x_wconf 73' lang='lat' dir='ltr'>legistis</span> <span class='ocrx_word' id='word_1_323' title='bbox 772 3818 910 3889; x_wconf 84' lang='lat' dir='ltr'>quia</span> <span class='ocrx_word' id='word_1_324' title='bbox 937 3818 1033 3891; x_wconf 80' lang='lat' dir='ltr'>qui</span> <span class='ocrx_word' id='word_1_325' title='bbox 1060 3816 1128 3872; x_wconf 84' lang='lat' dir='ltr'>ab</span> <span class='ocrx_word' id='word_1_326' title='bbox 1167 3818 1329 3873; x_wconf 82' lang='lat' dir='ltr'>initio</span> <span class='ocrx_word' id='word_1_327' title='bbox 1357 3817 1579 3882; x_wconf 82' lang='lat' dir='ltr'>creavit,</span> <span class='ocrx_word' id='word_1_328' title='bbox 1618 3817 1926 3872; x_wconf 80' lang='lat' dir='ltr'>masculum</span> <span class='ocrx_word' id='word_1_329' title='bbox 1971 3822 2026 3873; x_wconf 81' lang='lat' dir='ltr'>et</span> 
     </span>
    </p>
   </div>
   <div class='ocr_carea' id='block_1_41' title="bbox 375 3904 2025 3979">
    <p class='ocr_par' dir='ltr' id='par_1_41' title="bbox 375 3904 2025 3979">
     <span class='ocr_line' id='line_1_41' title="bbox 375 3904 2025 3979; baseline 0.001 -18"><span class='ocrx_word' id='word_1_330' title='bbox 375 3907 659 3979; x_wconf 77' lang='lat' dir='ltr'>feminam</span> <span class='ocrx_word' id='word_1_331' title='bbox 686 3907 819 3977; x_wconf 80' lang='lat' dir='ltr'>fecit</span> <span class='ocrx_word' id='word_1_332' title='bbox 835 3921 945 3977; x_wconf 74' lang='lat' dir='ltr'>eos,</span> <span class='ocrx_word' id='word_1_333' title='bbox 968 3909 1020 3961; x_wconf 84' lang='lat' dir='ltr'>et</span> <span class='ocrx_word' id='word_1_334' title='bbox 1037 3904 1187 3961; x_wconf 74' lang='lat' dir='ltr'>dixit</span> <span class='ocrx_word' id='word_1_335' title='bbox 1204 3923 1223 3960; x_wconf 89' lang='lat'><strong><em>:</em></strong></span> <span class='ocrx_word' id='word_1_336' title='bbox 1240 3906 1474 3977; x_wconf 80' lang='lat' dir='ltr'>Propter</span> <span class='ocrx_word' id='word_1_337' title='bbox 1493 3904 1591 3961; x_wconf 83' lang='lat' dir='ltr'>hoc</span> <span class='ocrx_word' id='word_1_338' title='bbox 1609 3905 1849 3961; x_wconf 82' lang='lat' dir='ltr'>dimiltet</span> <span class='ocrx_word' id='word_1_339' title='bbox 1869 3905 2025 3963; x_wconf 87' lang='lat' dir='ltr'>homo</span> 
     </span>
    </p>
   </div>
   <div class='ocr_carea' id='block_1_42' title="bbox 372 3993 2026 4068">
    <p class='ocr_par' dir='ltr' id='par_1_42' title="bbox 372 3993 2026 4068">
     <span class='ocr_line' id='line_1_42' title="bbox 372 3993 2026 4068; baseline 0.001 -18"><span class='ocrx_word' id='word_1_340' title='bbox 372 4002 590 4068; x_wconf 79' lang='lat' dir='ltr'>patrem</span> <span class='ocrx_word' id='word_1_341' title='bbox 616 3998 669 4051; x_wconf 82' lang='lat' dir='ltr'>et</span> <span class='ocrx_word' id='word_1_342' title='bbox 697 3997 931 4050; x_wconf 79' lang='lat' dir='ltr'>matrem</span> <span class='ocrx_word' id='word_1_343' title='bbox 950 4010 1129 4063; x_wconf 71' lang='lat' dir='ltr'>suam,</span> <span class='ocrx_word' id='word_1_344' title='bbox 1161 3997 1214 4049; x_wconf 82' lang='lat' dir='ltr'>et</span> <span class='ocrx_word' id='word_1_345' title='bbox 1244 3993 1543 4050; x_wconf 68' lang='lat' dir='ltr'>adhaerebit</span> <span class='ocrx_word' id='word_1_346' title='bbox 1580 3996 1750 4050; x_wconf 76' lang='lat' dir='ltr'>uxori</span> <span class='ocrx_word' id='word_1_347' title='bbox 1783 4011 1918 4061; x_wconf 68' lang='lat' dir='ltr'>suav,</span> <span class='ocrx_word' id='word_1_348' title='bbox 1971 3998 2026 4051; x_wconf 79' lang='lat' dir='ltr'>et</span> 
     </span>
    </p>
   </div>
   <div class='ocr_carea' id='block_1_43' title="bbox 373 4082 2023 4146">
    <p class='ocr_par' dir='ltr' id='par_1_43' title="bbox 373 4082 2023 4146">
     <span class='ocr_line' id='line_1_43' title="bbox 373 4082 2023 4146; baseline -0.001 -5"><span class='ocrx_word' id='word_1_349' title='bbox 373 4088 544 4141; x_wconf 78' lang='lat' dir='ltr'>erant</span> <span class='ocrx_word' id='word_1_350' title='bbox 571 4084 685 4141; x_wconf 86' lang='lat' dir='ltr'>duo</span> <span class='ocrx_word' id='word_1_351' title='bbox 710 4086 773 4139; x_wconf 83' lang='lat' dir='ltr'>in</span> <span class='ocrx_word' id='word_1_352' title='bbox 802 4099 968 4140; x_wconf 83' lang='lat' dir='ltr'>carne</span> <span class='ocrx_word' id='word_1_353' title='bbox 994 4100 1110 4139; x_wconf 87' lang='lat' dir='ltr'>una</span> <span class='ocrx_word' id='word_1_354' title='bbox 1126 4100 1149 4146; x_wconf 87' lang='lat'><em>;</em></span> <span class='ocrx_word' id='word_1_355' title='bbox 1178 4086 1237 4138; x_wconf 91' lang='lat' dir='ltr'>et</span> <span class='ocrx_word' id='word_1_356' title='bbox 1274 4082 1483 4139; x_wconf 91' lang='lat' dir='ltr'>deinde</span> <span class='ocrx_word' id='word_1_357' title='bbox 1513 4086 1840 4140; x_wconf 91' lang='lat' dir='ltr'>Creatorem</span> <span class='ocrx_word' id='word_1_358' title='bbox 1870 4084 2023 4140; x_wconf 87' lang='lat' dir='ltr'>indi-</span> 
     </span>
    </p>
   </div>
   <div class='ocr_carea' id='block_1_44' title="bbox 374 4173 2024 4247">
    <p class='ocr_par' dir='ltr' id='par_1_44' title="bbox 374 4173 2024 4247">
     <span class='ocr_line' id='line_1_44' title="bbox 374 4173 2024 4247; baseline -0.001 -16"><span class='ocrx_word' id='word_1_359' title='bbox 374 4190 554 4231; x_wconf 87' lang='lat' dir='ltr'>cans:</span> <span class='ocrx_word' id='word_1_360' title='bbox 588 4173 742 4243; x_wconf 82' lang='lat' dir='ltr'>Quod</span> <span class='ocrx_word' id='word_1_361' title='bbox 794 4188 924 4246; x_wconf 82' lang='lat' dir='ltr'>ergo</span> <span class='ocrx_word' id='word_1_362' title='bbox 962 4173 1105 4229; x_wconf 67' lang='lat' dir='ltr'>Deus</span> <span class='ocrx_word' id='word_1_363' title='bbox 1150 4173 1458 4243; x_wconf 75' lang='lat' dir='ltr'>conjunxit,</span> <span class='ocrx_word' id='word_1_364' title='bbox 1508 4173 1665 4229; x_wconf 89' lang='lat' dir='ltr'>homo</span> <span class='ocrx_word' id='word_1_365' title='bbox 1714 4190 1823 4231; x_wconf 83' lang='lat' dir='ltr'>non</span> <span class='ocrx_word' id='word_1_366' title='bbox 1866 4190 2024 4247; x_wconf 79' lang='lat' dir='ltr'>sepa-</span> 
     </span>
    </p>
   </div>
   <div class='ocr_carea' id='block_1_45' title="bbox 373 4262 2020 4337">
    <p class='ocr_par' dir='ltr' id='par_1_45' title="bbox 373 4262 2020 4337">
     <span class='ocr_line' id='line_1_45' title="bbox 373 4262 2020 4337; baseline 0.001 -18"><span class='ocrx_word' id='word_1_367' title='bbox 373 4272 459 4320; x_wconf 79' lang='lat' dir='ltr'>ret</span> <span class='ocrx_word' id='word_1_368' title='bbox 483 4264 566 4334; x_wconf 81' lang='lat'>“;</span> <span class='ocrx_word' id='word_1_369' title='bbox 599 4264 893 4337; x_wconf 90' lang='lat' dir='ltr'>quomodo</span> <span class='ocrx_word' id='word_1_370' title='bbox 924 4262 1010 4318; x_wconf 92' lang='lat' dir='ltr'>illi</span> <span class='ocrx_word' id='word_1_371' title='bbox 1039 4262 1392 4319; x_wconf 90' lang='lat' dir='ltr'>creationem</span> <span class='ocrx_word' id='word_1_372' title='bbox 1422 4264 1580 4319; x_wconf 90' lang='lat' dir='ltr'>Patri</span> <span class='ocrx_word' id='word_1_373' title='bbox 1602 4267 1900 4320; x_wconf 82' lang='lat' dir='ltr'>externam</span> <span class='ocrx_word' id='word_1_374' title='bbox 1933 4265 2020 4320; x_wconf 91' lang='lat' dir='ltr'>in-</span> 
     </span>
    </p>
   </div>
   <div class='ocr_carea' id='block_1_46' title="bbox 374 4352 2021 4426">
    <p class='ocr_par' dir='ltr' id='par_1_46' title="bbox 374 4352 2021 4426">
     <span class='ocr_line' id='line_1_46' title="bbox 374 4352 2021 4426; baseline -0.001 -16"><span class='ocrx_word' id='word_1_375' title='bbox 374 4354 586 4410; x_wconf 91' lang='lat' dir='ltr'>ducere</span> <span class='ocrx_word' id='word_1_376' title='bbox 614 4352 881 4410; x_wconf 81' lang='lat' dir='ltr'>audent?</span> <span class='ocrx_word' id='word_1_377' title='bbox 907 4353 1069 4418; x_wconf 85' lang='lat' dir='ltr'>Quod</span> <span class='ocrx_word' id='word_1_378' title='bbox 1102 4352 1153 4408; x_wconf 93' lang='lat' dir='ltr'>si</span> <span class='ocrx_word' id='word_1_379' title='bbox 1201 4352 1529 4408; x_wconf 89' lang='lat' dir='ltr'>secundum</span> <span class='ocrx_word' id='word_1_380' title='bbox 1580 4352 1868 4409; x_wconf 88' lang='lat' dir='ltr'>Joannem</span> <span class='ocrx_word' id='word_1_381' title='bbox 1918 4354 2021 4426; x_wconf 86' lang='lat' dir='ltr'>qui</span> 
     </span>
    </p>
   </div>
   <div class='ocr_carea' id='block_1_47' title="bbox 371 4441 2023 4516">
    <p class='ocr_par' dir='ltr' id='par_1_47' title="bbox 371 4441 2023 4516">
     <span class='ocr_line' id='line_1_47' title="bbox 371 4441 2023 4516; baseline 0.001 -16"><span class='ocrx_word' id='word_1_382' title='bbox 371 4443 572 4500; x_wconf 87' lang='lat' dir='ltr'>omnia</span> <span class='ocrx_word' id='word_1_383' title='bbox 601 4442 775 4516; x_wconf 89' lang='lat' dir='ltr'>plane</span> <span class='ocrx_word' id='word_1_384' title='bbox 804 4441 1215 4515; x_wconf 88' lang='lat' dir='ltr'>complectitur</span> <span class='ocrx_word' id='word_1_385' title='bbox 1241 4442 1506 4515; x_wconf 90' lang='lat' dir='ltr'>nihilque</span> <span class='ocrx_word' id='word_1_386' title='bbox 1535 4442 1767 4515; x_wconf 82' lang='lat' dir='ltr'>excipit,</span> <span class='ocrx_word' id='word_1_387' title='bbox 1823 4443 2023 4501; x_wconf 85' lang='lat' dir='ltr'>Omnia</span> 
     </span>
    </p>
   </div>
   <div class='ocr_carea' id='block_1_48' title="bbox 367 4534 2018 4607">
    <p class='ocr_par' dir='ltr' id='par_1_48' title="bbox 367 4534 2018 4607">
     <span class='ocr_line' id='line_1_48' title="bbox 367 4534 2018 4607; baseline 0 -16"><span class='ocrx_word' id='word_1_388' title='bbox 367 4548 472 4605; x_wconf 78' lang='lat' dir='ltr'>per</span> <span class='ocrx_word' id='word_1_389' title='bbox 498 4535 678 4607; x_wconf 73' lang='lat' dir='ltr'>ipsum</span> <span class='ocrx_word' id='word_1_390' title='bbox 708 4535 857 4605; x_wconf 81' lang='lat' dir='ltr'>facta</span> <span class='ocrx_word' id='word_1_391' title='bbox 883 4540 1035 4601; x_wconf 76' lang='lat' dir='ltr'>sunt,</span> <span class='ocrx_word' id='word_1_392' title='bbox 1066 4541 1122 4589; x_wconf 81' lang='lat' dir='ltr'>et</span> <span class='ocrx_word' id='word_1_393' title='bbox 1142 4535 1266 4589; x_wconf 73' lang='lat' dir='ltr'>sine</span> <span class='ocrx_word' id='word_1_394' title='bbox 1293 4535 1414 4605; x_wconf 83' lang='lat' dir='ltr'>ipso</span> <span class='ocrx_word' id='word_1_395' title='bbox 1442 4535 1649 4604; x_wconf 79' lang='lat' dir='ltr'>factum</span> <span class='ocrx_word' id='word_1_396' title='bbox 1678 4536 1759 4588; x_wconf 79' lang='lat' dir='ltr'>est</span> <span class='ocrx_word' id='word_1_397' title='bbox 1786 4534 2018 4591; x_wconf 76' lang='lat' dir='ltr'>nihil“:</span> 
     </span>
    </p>
   </div>
   <div class='ocr_carea' id='block_1_49' title="bbox 370 4622 2018 4696">
    <p class='ocr_par' dir='ltr' id='par_1_49' title="bbox 370 4622 2018 4696">
     <span class='ocr_line' id='line_1_49' title="bbox 370 4622 2018 4696; baseline 0.001 -17"><span class='ocrx_word' id='word_1_398' title='bbox 370 4622 524 4696; x_wconf 88' lang='lat' dir='ltr'>quis,</span> <span class='ocrx_word' id='word_1_399' title='bbox 558 4639 780 4696; x_wconf 64' lang='lat' dir='ltr'>quasso,</span> <span class='ocrx_word' id='word_1_400' title='bbox 809 4622 947 4679; x_wconf 91' lang='lat' dir='ltr'>ilius</span> <span class='ocrx_word' id='word_1_401' title='bbox 977 4626 1203 4679; x_wconf 84' lang='lat' dir='ltr'>creator</span> <span class='ocrx_word' id='word_1_402' title='bbox 1230 4639 1362 4679; x_wconf 89' lang='lat' dir='ltr'>esse</span> <span class='ocrx_word' id='word_1_403' title='bbox 1391 4622 1579 4695; x_wconf 88' lang='lat' dir='ltr'>possit</span> <span class='ocrx_word' id='word_1_404' title='bbox 1599 4626 1807 4694; x_wconf 58' lang='lat' dir='ltr'>praeter</span> <span class='ocrx_word' id='word_1_405' title='bbox 1821 4622 2018 4682; x_wconf 89' lang='lat' dir='ltr'>Chris-</span> 
     </span>
    </p>
   </div>
   <div class='ocr_carea' id='block_1_50' title="bbox 374 4712 761 4769">
    <p class='ocr_par' dir='ltr' id='par_1_50' title="bbox 374 4712 761 4769">
     <span class='ocr_line' id='line_1_50' title="bbox 374 4712 761 4769; baseline 0 0"><span class='ocrx_word' id='word_1_406' title='bbox 374 4712 451 4769; x_wconf 89' lang='lat' dir='ltr'>sti</span> <span class='ocrx_word' id='word_1_407' title='bbox 478 4715 711 4769; x_wconf 88' lang='lat' dir='ltr'>Patrem</span> <span class='ocrx_word' id='word_1_408' title='bbox 732 4712 761 4769; x_wconf 87' lang='lat'><strong>?</strong></span> 
     </span>
    </p>
   </div>
   <div class='ocr_carea' id='block_1_51' title="bbox 449 4800 2021 4875">
    <p class='ocr_par' dir='ltr' id='par_1_51' title="bbox 449 4800 2021 4875">
     <span class='ocr_line' id='line_1_51' title="bbox 449 4800 2021 4875; baseline 0.001 -18"><span class='ocrx_word' id='word_1_409' title='bbox 449 4801 564 4875; x_wconf 90' lang='lat'>(33)</span> <span class='ocrx_word' id='word_1_410' title='bbox 596 4807 679 4858; x_wconf 85' lang='lat' dir='ltr'>En</span> <span class='ocrx_word' id='word_1_411' title='bbox 704 4817 842 4875; x_wconf 89' lang='lat' dir='ltr'>ergo</span> <span class='ocrx_word' id='word_1_412' title='bbox 876 4818 1005 4875; x_wconf 67' lang='lat' dir='ltr'>quae</span> <span class='ocrx_word' id='word_1_413' title='bbox 1034 4800 1121 4857; x_wconf 91' lang='lat' dir='ltr'>illi</span> <span class='ocrx_word' id='word_1_414' title='bbox 1152 4800 1390 4874; x_wconf 89' lang='lat' dir='ltr'>quidem</span> <span class='ocrx_word' id='word_1_415' title='bbox 1421 4801 1716 4873; x_wconf 69' lang='lat' dir='ltr'>effutiunt,</span> <span class='ocrx_word' id='word_1_416' title='bbox 1749 4806 1809 4858; x_wconf 91' lang='lat' dir='ltr'>at</span> <span class='ocrx_word' id='word_1_417' title='bbox 1823 4801 2021 4860; x_wconf 89' lang='lat' dir='ltr'>divina</span> 
     </span>
    </p>
   </div>
   <div class='ocr_carea' id='block_1_52' title="bbox 438 4908 1499 4978">
    <p class='ocr_par' dir='ltr' id='par_1_52' title="bbox 438 4908 1499 4978">
     <span class='ocr_line' id='line_1_52' title="bbox 438 4908 1499 4978; baseline -0.003 -12"><span class='ocrx_word' id='word_1_418' title='bbox 438 4909 486 4944; x_wconf 77' lang='lat'><strong>“</strong></span> <span class='ocrx_word' id='word_1_419' title='bbox 513 4909 723 4968; x_wconf 91' lang='lat' dir='ltr'>Matth.</span> <span class='ocrx_word' id='word_1_420' title='bbox 754 4926 871 4978; x_wconf 68' lang='lat' dir='ltr'>xxx,</span> <span class='ocrx_word' id='word_1_421' title='bbox 902 4909 1021 4965; x_wconf 78' lang='grc'>4-6.</span> <span class='ocrx_word' id='word_1_422' title='bbox 1096 4909 1143 4944; x_wconf 71' lang='grc'>⁴⁸</span> <span class='ocrx_word' id='word_1_423' title='bbox 1168 4908 1339 4965; x_wconf 89' lang='lat' dir='ltr'>Joan.</span> <span class='ocrx_word' id='word_1_424' title='bbox 1376 4925 1414 4976; x_wconf 87' lang='lat'>1,</span> <span class='ocrx_word' id='word_1_425' title='bbox 1446 4909 1499 4963; x_wconf 91' lang='lat'>3.</span> 
     </span>
    </p>
   </div>
   <div class='ocr_carea' id='block_1_53' title="bbox 436 5029 2018 5110">
    <p class='ocr_par' dir='ltr' id='par_1_53' title="bbox 436 5029 2018 5110">
     <span class='ocr_line' id='line_1_53' title="bbox 436 5029 2018 5110; baseline 0.003 -20"><span class='ocrx_word' id='word_1_426' title='bbox 436 5033 856 5110; x_wconf 16' lang='lat' dir='ltr'>(34)_In4Bas_i_l.</span> <span class='ocrx_word' id='word_1_427' title='bbox 889 5051 958 5110; x_wconf 56' lang='lat' dir='ltr'>ei;</span> <span class='ocrx_word' id='word_1_428' title='bbox 981 5031 1102 5110; x_wconf 71' lang='grc' dir='ltr'>ένός</span> <span class='ocrx_word' id='word_1_429' title='bbox 1133 5034 1372 5110; x_wconf 60' lang='lat' dir='ltr'>factum</span> <span class='ocrx_word' id='word_1_430' title='bbox 1418 5038 1509 5090; x_wconf 93' lang='lat' dir='ltr'>est</span> <span class='ocrx_word' id='word_1_431' title='bbox 1562 5029 1635 5089; x_wconf 77' lang='grc' dir='ltr'>ἓν.</span> <span class='ocrx_word' id='word_1_432' title='bbox 1692 5034 2018 5110; x_wconf 77' lang='lat' dir='ltr'>Utrumque</span> 
     </span>
    </p>
   </div>
   <div class='ocr_carea' id='block_1_54' title="bbox 367 5106 2011 5180">
    <p class='ocr_par' dir='ltr' id='par_1_54' title="bbox 367 5106 2011 5180">
     <span class='ocr_line' id='line_1_54' title="bbox 367 5106 2011 5180; baseline 0.002 -16"><span class='ocrx_word' id='word_1_433' title='bbox 367 5106 539 5180; x_wconf 81' lang='lat' dir='ltr'>deest</span> <span class='ocrx_word' id='word_1_434' title='bbox 561 5106 873 5180; x_wconf 8' lang='lat' dir='ltr'>inqAﬁnglic.</span> <span class='ocrx_word' id='word_1_435' title='bbox 910 5107 1055 5180; x_wconf 85' lang='lat' dir='ltr'>Ibid.</span> <span class='ocrx_word' id='word_1_436' title='bbox 1080 5106 1149 5160; x_wconf 87' lang='grc' dir='ltr'>τά</span> <span class='ocrx_word' id='word_1_437' title='bbox 1176 5110 1351 5180; x_wconf 75' lang='grc' dir='ltr'>πάντα</span> <span class='ocrx_word' id='word_1_438' title='bbox 1381 5122 1584 5180; x_wconf 65' lang='lat' dir='ltr'>omnes</span> <span class='ocrx_word' id='word_1_439' title='bbox 1598 5123 1740 5164; x_wconf 89' lang='lat' dir='ltr'>mss.</span> <span class='ocrx_word' id='word_1_440' title='bbox 1761 5106 2011 5166; x_wconf 80' lang='lat' dir='ltr'>habent:</span> 
     </span>
    </p>
   </div>
   <div class='ocr_carea' id='block_1_55' title="bbox 366 5173 2012 5253">
    <p class='ocr_par' dir='ltr' id='par_1_55' title="bbox 366 5173 2012 5253">
     <span class='ocr_line' id='line_1_55' title="bbox 366 5173 2012 5253; baseline 0.003 -22"><span class='ocrx_word' id='word_1_441' title='bbox 366 5177 525 5253; x_wconf 49' lang='lat' dir='ltr'>gain</span> <span class='ocrx_word' id='word_1_442' title='bbox 556 5173 984 5253; x_wconf 75' lang='lat' dir='ltr'>editis:dee_rat.</span> <span class='ocrx_word' id='word_1_443' title='bbox 1018 5179 1161 5253; x_wconf 84' lang='lat' dir='ltr'>Item</span> <span class='ocrx_word' id='word_1_444' title='bbox 1191 5178 1334 5233; x_wconf 91' lang='lat' dir='ltr'>ibid.</span> <span class='ocrx_word' id='word_1_445' title='bbox 1368 5183 1501 5249; x_wconf 87' lang='lat' dir='ltr'>post</span> <span class='ocrx_word' id='word_1_446' title='bbox 1527 5173 1712 5253; x_wconf 61' lang='grc' dir='ltr'>ἥλιον,</span> <span class='ocrx_word' id='word_1_447' title='bbox 1747 5181 2012 5253; x_wconf 88' lang='lat' dir='ltr'>Seguer.,</span> 
     </span>
    </p>
   </div>
   <div class='ocr_carea' id='block_1_56' title="bbox 363 5248 2013 5322">
    <p class='ocr_par' dir='ltr' id='par_1_56' title="bbox 363 5248 2013 5322">
     <span class='ocr_line' id='line_1_56' title="bbox 363 5248 2013 5322; baseline 0.001 -15"><span class='ocrx_word' id='word_1_448' title='bbox 363 5250 594 5308; x_wconf 87' lang='lat' dir='ltr'>Gobler.</span> <span class='ocrx_word' id='word_1_449' title='bbox 637 5255 694 5307; x_wconf 89' lang='lat' dir='ltr'>et</span> <span class='ocrx_word' id='word_1_450' title='bbox 736 5249 1112 5322; x_wconf 84' lang='lat' dir='ltr'>Felckmanni</span> <span class='ocrx_word' id='word_1_451' title='bbox 1144 5252 1169 5305; x_wconf 89' lang='grc'><strong>1</strong></span> <span class='ocrx_word' id='word_1_452' title='bbox 1205 5248 1479 5322; x_wconf 61' lang='lat' dir='ltr'>anondm.</span> <span class='ocrx_word' id='word_1_453' title='bbox 1530 5248 1567 5319; x_wconf 76' lang='grc' dir='ltr'>ἤ</span> <span class='ocrx_word' id='word_1_454' title='bbox 1613 5248 1865 5308; x_wconf 61' lang='grc' dir='ltr'>Μυθιηέ</span> <span class='ocrx_word' id='word_1_455' title='bbox 1913 5248 2013 5310; x_wconf 89' lang='lat' dir='ltr'>alii</span> 
     </span>
    </p>
   </div>
   <div class='ocr_carea' id='block_1_57' title="bbox 362 5321 1902 5415">
    <p class='ocr_par' dir='ltr' id='par_1_57' title="bbox 362 5321 1902 5415">
     <span class='ocr_line' id='line_1_57' title="bbox 362 5321 1375 5389; baseline 0.001 -12"><span class='ocrx_word' id='word_1_456' title='bbox 362 5338 497 5378; x_wconf 87' lang='lat' dir='ltr'>cum</span> <span class='ocrx_word' id='word_1_457' title='bbox 526 5321 861 5389; x_wconf 71' lang='lat' dir='ltr'>editis,xal.</span> <span class='ocrx_word' id='word_1_458' title='bbox 1368 5321 1375 5322; x_wconf 48' lang='grc'><strong>“</strong></span> 
     </span>
     <span class='ocr_line' id='line_1_58' title="bbox 435 5388 1902 5415; baseline 0 0"><span class='ocrx_word' id='word_1_459' title='bbox 435 5394 543 5415; x_wconf 68' lang='grc' dir='ltr'>[σει</span> <span class='ocrx_word' id='word_1_460' title='bbox 571 5398 626 5415; x_wconf 55' lang='grc' dir='ltr'>,Α</span> <span class='ocrx_word' id='word_1_461' title='bbox 872 5394 987 5415; x_wconf 31' lang='grc' dir='ltr'>κηΑ</span> <span class='ocrx_word' id='word_1_462' title='bbox 1016 5388 1187 5415; x_wconf 43' lang='grc' dir='ltr'>σιτ-πικη</span> <span class='ocrx_word' id='word_1_463' title='bbox 1212 5412 1250 5415; x_wconf 83' lang='lat'>_.</span> <span class='ocrx_word' id='word_1_464' title='bbox 1321 5392 1528 5415; x_wconf 61' lang='lat'>1----..1</span> <span class='ocrx_word' id='word_1_465' title='bbox 1562 5393 1615 5415; x_wconf 83' lang='lat'>:_</span> <span class='ocrx_word' id='word_1_466' title='bbox 1676 5393 1902 5415; x_wconf 29' lang='lat' dir='ltr'>n-L|_4,!</span> 
     </span>
    </p>
   </div>
   <div class='ocr_carea' id='block_1_58' title="bbox 362 5388 2009 5546">
    <p class='ocr_par' dir='ltr' id='par_1_58' title="bbox 362 5388 2009 5546">
     <span class='ocr_line' id='line_1_59' title="bbox 456 5388 2009 5467; baseline 0.003 -19"><span class='ocrx_word' id='word_1_467' title='bbox 456 5395 526 5449; x_wconf 89' lang='grc'>35</span> <span class='ocrx_word' id='word_1_468' title='bbox 571 5398 627 5447; x_wconf 85' lang='grc' dir='ltr'>Ὀ</span> <span class='ocrx_word' id='word_1_469' title='bbox 770 5414 832 5455; x_wconf 91' lang='grc' dir='ltr'>ας</span> <span class='ocrx_word' id='word_1_470' title='bbox 860 5394 987 5465; x_wconf 88' lang='grc' dir='ltr'>παρ’</span> <span class='ocrx_word' id='word_1_471' title='bbox 1016 5388 1254 5460; x_wconf 51' lang='lat' dir='ltr'>&quot;Enna:</span> <span class='ocrx_word' id='word_1_472' title='bbox 1316 5392 1533 5449; x_wconf 90' lang='lat' dir='ltr'>desunt</span> <span class='ocrx_word' id='word_1_473' title='bbox 1562 5393 1621 5448; x_wconf 88' lang='lat' dir='ltr'>in</span> <span class='ocrx_word' id='word_1_474' title='bbox 1675 5393 2009 5452; x_wconf 87' lang='lat' dir='ltr'>Goblerian.</span> 
     </span>
     <span class='ocr_line' id='line_1_60' title="bbox 362 5394 2009 5546; baseline 0.002 -27"><span class='ocrx_word' id='word_1_475' title='bbox 362 5394 696 5546; x_wconf 48' lang='lat' dir='ltr'>etl’elckm.</span> <span class='ocrx_word' id='word_1_476' title='bbox 794 5483 965 5546; x_wconf 85' lang='lat' dir='ltr'>anon.</span> <span class='ocrx_word' id='word_1_477' title='bbox 1001 5467 1173 5546; x_wconf 72' lang='lat' dir='ltr'>Paulo</span> <span class='ocrx_word' id='word_1_478' title='bbox 1206 5469 1339 5537; x_wconf 90' lang='lat' dir='ltr'>post</span> <span class='ocrx_word' id='word_1_479' title='bbox 1370 5481 1472 5546; x_wconf 83' lang='lat' dir='ltr'>pro</span> <span class='ocrx_word' id='word_1_480' title='bbox 1522 5470 1771 5546; x_wconf 72' lang='grc' dir='ltr'>πριῆσαι,</span> <span class='ocrx_word' id='word_1_481' title='bbox 1830 5466 2009 5546; x_wconf 70' lang='lat' dir='ltr'>iidem</span> 
     </span>
    </p>
   </div>
   <div class='ocr_carea' id='block_1_59' title="bbox 361 5537 2007 5609">
    <p class='ocr_par' dir='ltr' id='par_1_59' title="bbox 361 5537 2007 5609">
     <span class='ocr_line' id='line_1_61' title="bbox 361 5537 2007 5609; baseline 0.003 -22"><span class='ocrx_word' id='word_1_482' title='bbox 361 5537 634 5609; x_wconf 72' lang='grc' dir='ltr'>ποιε¹ιίσθαι</span> <span class='ocrx_word' id='word_1_483' title='bbox 665 5538 885 5595; x_wconf 91' lang='lat' dir='ltr'>habent</span> <span class='ocrx_word' id='word_1_484' title='bbox 918 5556 931 5594; x_wconf 91' lang='lat'><strong>:</strong></span> <span class='ocrx_word' id='word_1_485' title='bbox 966 5542 1284 5609; x_wconf 76' lang='lat' dir='ltr'>utrumque</span> <span class='ocrx_word' id='word_1_486' title='bbox 1315 5542 1511 5609; x_wconf 82' lang='lat' dir='ltr'>autem</span> <span class='ocrx_word' id='word_1_487' title='bbox 1544 5537 1708 5609; x_wconf 86' lang='lat' dir='ltr'>deest</span> <span class='ocrx_word' id='word_1_488' title='bbox 1738 5538 1796 5591; x_wconf 92' lang='lat' dir='ltr'>in</span> <span class='ocrx_word' id='word_1_489' title='bbox 1830 5538 2007 5594; x_wconf 87' lang='lat' dir='ltr'>Basil.</span> 
     </span>
    </p>
   </div>
   <div class='ocr_carea' id='block_1_60' title="bbox 358 5604 1836 5681">
    <p class='ocr_par' dir='ltr' id='par_1_60' title="bbox 358 5604 1836 5681">
     <span class='ocr_line' id='line_1_62' title="bbox 358 5604 1836 5681; baseline 0.001 -20"><span class='ocrx_word' id='word_1_490' title='bbox 358 5607 597 5681; x_wconf 45' lang='lat' dir='ltr'>Anglic,</span> <span class='ocrx_word' id='word_1_491' title='bbox 620 5610 779 5666; x_wconf 80' lang='lat' dir='ltr'>Infra</span> <span class='ocrx_word' id='word_1_492' title='bbox 804 5610 839 5681; x_wconf 73' lang='grc' dir='ltr'><strong><em>ῄ</em></strong></span> <span class='ocrx_word' id='word_1_493' title='bbox 874 5613 1007 5665; x_wconf 89' lang='lat' dir='ltr'>ante</span> <span class='ocrx_word' id='word_1_494' title='bbox 1039 5604 1145 5677; x_wconf 90' lang='grc' dir='ltr'>υλη</span> <span class='ocrx_word' id='word_1_495' title='bbox 1180 5604 1344 5665; x_wconf 77' lang='lat' dir='ltr'>abest</span> <span class='ocrx_word' id='word_1_496' title='bbox 1376 5607 1448 5663; x_wconf 89' lang='lat' dir='ltr'>ab</span> <span class='ocrx_word' id='word_1_497' title='bbox 1488 5607 1836 5681; x_wconf 73' lang='lat' dir='ltr'>Anglicano.</span> 
     </span>
    </p>
   </div>
   <div class='ocr_carea' id='block_1_61' title="bbox 376 5623 2008 5761">
    <p class='ocr_par' dir='ltr' id='par_1_61' title="bbox 376 5623 2008 5761">
     <span class='ocr_line' id='line_1_63' title="bbox 376 5623 1836 5732; baseline 0.001 -71"><span class='ocrx_word' id='word_1_498' title='bbox 376 5623 587 5732; x_wconf 58' lang='lat' dir='ltr'>anggc.</span> <span class='ocrx_word' id='word_1_499' title='bbox 620 5623 779 5666; x_wconf 74' lang='lat' dir='ltr'>intra</span> <span class='ocrx_word' id='word_1_500' title='bbox 804 5623 839 5681; x_wconf 73' lang='grc' dir='ltr'>ῃ</span> <span class='ocrx_word' id='word_1_501' title='bbox 874 5623 1007 5665; x_wconf 83' lang='lat' dir='ltr'>ante</span> <span class='ocrx_word' id='word_1_502' title='bbox 1039 5623 1145 5677; x_wconf 86' lang='grc' dir='ltr'>υΛη</span> <span class='ocrx_word' id='word_1_503' title='bbox 1180 5623 1344 5665; x_wconf 81' lang='lat' dir='ltr'>abest</span> <span class='ocrx_word' id='word_1_504' title='bbox 1376 5623 1448 5663; x_wconf 78' lang='lat' dir='ltr'>ab</span> <span class='ocrx_word' id='word_1_505' title='bbox 1500 5623 1836 5678; x_wconf 69' lang='lat' dir='ltr'>angncano.</span> 
     </span>
     <span class='ocr_line' id='line_1_64' title="bbox 376 5678 2008 5761; baseline 0.002 -28"><span class='ocrx_word' id='word_1_506' title='bbox 376 5679 448 5760; x_wconf 39' lang='grc' dir='ltr'>λ(</span> <span class='ocrx_word' id='word_1_507' title='bbox 521 5678 545 5758; x_wconf 92' lang='grc'>)</span> <span class='ocrx_word' id='word_1_508' title='bbox 576 5679 664 5761; x_wconf 62' lang='grc' dir='ltr'>μοι</span> <span class='ocrx_word' id='word_1_509' title='bbox 692 5681 861 5761; x_wconf 76' lang='lat' dir='ltr'>d_ocet</span> <span class='ocrx_word' id='word_1_510' title='bbox 888 5680 1052 5761; x_wconf 73' lang='lat' dir='ltr'>Piato</span> <span class='ocrx_word' id='word_1_511' title='bbox 1078 5680 1140 5760; x_wconf 79' lang='lat' dir='ltr'>in</span> <span class='ocrx_word' id='word_1_512' title='bbox 1173 5684 1425 5751; x_wconf 88' lang='lat' dir='ltr'>utroque</span> <span class='ocrx_word' id='word_1_513' title='bbox 1471 5680 1693 5749; x_wconf 73' lang='lat' dir='ltr'>Timaeo,</span> <span class='ocrx_word' id='word_1_514' title='bbox 1738 5682 1835 5736; x_wconf 90' lang='lat' dir='ltr'>sed</span> <span class='ocrx_word' id='word_1_515' title='bbox 1886 5679 2008 5736; x_wconf 86' lang='lat' dir='ltr'>cla-</span> 
     </span>
    </p>
   </div>
   <div class='ocr_carea' id='block_1_62' title="bbox 359 5751 1111 5807">
    <p class='ocr_par' dir='ltr' id='par_1_62' title="bbox 359 5751 1111 5807">
     <span class='ocr_line' id='line_1_65' title="bbox 359 5751 1111 5807; baseline -0.004 -2"><span class='ocrx_word' id='word_1_516' title='bbox 359 5751 487 5805; x_wconf 82' lang='lat' dir='ltr'>rius</span> <span class='ocrx_word' id='word_1_517' title='bbox 516 5751 685 5804; x_wconf 84' lang='lat' dir='ltr'>initio</span> <span class='ocrx_word' id='word_1_518' title='bbox 718 5751 909 5807; x_wconf 61' lang='lat' dir='ltr'>Timaei</span> <span class='ocrx_word' id='word_1_519' title='bbox 930 5751 1111 5805; x_wconf 79' lang='lat' dir='ltr'>Locri.</span> 
     </span>
    </p>
   </div>
   <div class='ocr_carea' id='block_1_63' title="bbox 428 5818 2004 5905">
    <p class='ocr_par' dir='ltr' id='par_1_63' title="bbox 428 5818 2004 5905">
     <span class='ocr_line' id='line_1_66' title="bbox 428 5818 2004 5905; baseline 0.004 -30"><span class='ocrx_word' id='word_1_520' title='bbox 428 5818 543 5905; x_wconf 85' lang='grc'>(37)</span> <span class='ocrx_word' id='word_1_521' title='bbox 576 5819 840 5896; x_wconf 88' lang='lat' dir='ltr'>Seguer.,</span> <span class='ocrx_word' id='word_1_522' title='bbox 870 5821 1071 5889; x_wconf 85' lang='lat' dir='ltr'>Basil.,</span> <span class='ocrx_word' id='word_1_523' title='bbox 1103 5820 1581 5894; x_wconf 47' lang='lat' dir='ltr'>A’nglic.,Gobler</span> <span class='ocrx_word' id='word_1_524' title='bbox 1594 5826 1652 5879; x_wconf 89' lang='lat' dir='ltr'>et</span> <span class='ocrx_word' id='word_1_525' title='bbox 1670 5821 1925 5881; x_wconf 87' lang='lat' dir='ltr'>Felckm.</span> <span class='ocrx_word' id='word_1_526' title='bbox 1952 5822 2004 5881; x_wconf 82' lang='grc'>1.</span> 
     </span>
    </p>
   </div>
   <div class='ocr_carea' id='block_1_64' title="bbox 2046 4717 2095 4784">
    <p class='ocr_par' dir='ltr' id='par_1_64' title="bbox 2046 4717 2095 4784">
     <span class='ocr_line' id='line_1_67' title="bbox 2046 4717 2095 4784; baseline 0 0"><span class='ocrx_word' id='word_1_527' title='bbox 2046 4717 2095 4784; x_wconf 93' lang='lat' dir='ltr'><strong>D</strong></span> 
     </span>
    </p>
   </div>
   <div class='ocr_carea' id='block_1_65' title="bbox 2128 677 3798 758">
    <p class='ocr_par' dir='ltr' id='par_1_65' title="bbox 2128 677 3798 758">
     <span class='ocr_line' id='line_1_68' title="bbox 2128 677 3798 758; baseline 0.003 -23"><span class='ocrx_word' id='word_1_528' title='bbox 2128 682 2261 736; x_wconf 78' lang='grc' dir='ltr'>εἶναι</span> <span class='ocrx_word' id='word_1_529' title='bbox 2292 681 2453 750; x_wconf 74' lang='grc' dir='ltr'>ἥλιον</span> <span class='ocrx_word' id='word_1_530' title='bbox 2486 681 2521 751; x_wconf 72' lang='grc' dir='ltr'><strong>ἢ</strong></span> <span class='ocrx_word' id='word_1_531' title='bbox 2555 678 2811 751; x_wconf 74' lang='grc' dir='ltr'>σελήνηνο</span> <span class='ocrx_word' id='word_1_532' title='bbox 2844 683 2934 736; x_wconf 78' lang='grc' dir='ltr'>καὶ</span> <span class='ocrx_word' id='word_1_533' title='bbox 2971 680 3058 736; x_wconf 77' lang='grc' dir='ltr'>ἐπὶ</span> <span class='ocrx_word' id='word_1_534' title='bbox 3087 684 3195 735; x_wconf 81' lang='grc' dir='ltr'>τῶν</span> <span class='ocrx_word' id='word_1_535' title='bbox 3242 681 3544 758; x_wconf 83' lang='grc' dir='ltr'>ἀνθρώπων</span> <span class='ocrx_word' id='word_1_536' title='bbox 3598 677 3706 739; x_wconf 77' lang='grc' dir='ltr'>ἔδει</span> <span class='ocrx_word' id='word_1_537' title='bbox 3734 683 3798 740; x_wconf 79' lang='grc' dir='ltr'><strong>τὸ</strong></span> 
     </span>
    </p>
   </div>
   <div class='ocr_carea' id='block_1_66' title="bbox 2126 768 3797 848">
    <p class='ocr_par' dir='ltr' id='par_1_66' title="bbox 2126 768 3797 848">
     <span class='ocr_line' id='line_1_69' title="bbox 2126 768 3797 848; baseline 0.002 -22"><span class='ocrx_word' id='word_1_538' title='bbox 2126 769 2256 826; x_wconf 79' lang='grc' dir='ltr'>δλον</span> <span class='ocrx_word' id='word_1_539' title='bbox 2286 770 2421 826; x_wconf 77' lang='grc' dir='ltr'>εἶναι</span> <span class='ocrx_word' id='word_1_540' title='bbox 2464 775 2646 847; x_wconf 84' lang='grc' dir='ltr'>χεῖρα,</span> <span class='ocrx_word' id='word_1_541' title='bbox 2701 769 2737 840; x_wconf 74' lang='grc' dir='ltr'><strong>ἢ</strong></span> <span class='ocrx_word' id='word_1_542' title='bbox 2790 768 3099 848; x_wconf 78' lang='grc' dir='ltr'>ὀφθαλμὸν,</span> <span class='ocrx_word' id='word_1_543' title='bbox 3149 769 3186 840; x_wconf 77' lang='grc' dir='ltr'><strong>ἢ</strong></span> <span class='ocrx_word' id='word_1_544' title='bbox 3218 768 3379 827; x_wconf 85' lang='grc' dir='ltr'>πόδα.</span> <span class='ocrx_word' id='word_1_545' title='bbox 3438 775 3546 828; x_wconf 74' lang='grc' dir='ltr'>Νῦν</span> <span class='ocrx_word' id='word_1_546' title='bbox 3598 770 3657 828; x_wconf 76' lang='grc' dir='ltr'>δὲ</span> <span class='ocrx_word' id='word_1_547' title='bbox 3696 773 3797 830; x_wconf 82' lang='grc' dir='ltr'>οὐκ</span> 
     </span>
    </p>
   </div>
   <div class='ocr_carea' id='block_1_67' title="bbox 2128 856 3796 935">
    <p class='ocr_par' dir='ltr' id='par_1_67' title="bbox 2128 856 3796 935">
     <span class='ocr_line' id='line_1_70' title="bbox 2128 856 3796 935; baseline 0.001 -19"><span class='ocrx_word' id='word_1_548' title='bbox 2128 856 2241 916; x_wconf 73' lang='grc' dir='ltr'>ἔστι</span> <span class='ocrx_word' id='word_1_549' title='bbox 2275 862 2369 934; x_wconf 68' lang='grc' dir='ltr'>μὲν</span> <span class='ocrx_word' id='word_1_550' title='bbox 2401 860 2597 923; x_wconf 75' lang='grc' dir='ltr'>οὕτως·</span> <span class='ocrx_word' id='word_1_551' title='bbox 2633 860 2846 933; x_wconf 79' lang='grc' dir='ltr'>ὁρῶμεν</span> <span class='ocrx_word' id='word_1_552' title='bbox 2877 857 2936 915; x_wconf 73' lang='grc' dir='ltr'>δὲ</span> <span class='ocrx_word' id='word_1_553' title='bbox 2972 860 3036 915; x_wconf 87' lang='grc' dir='ltr'>τὸ</span> <span class='ocrx_word' id='word_1_554' title='bbox 3072 860 3166 933; x_wconf 72' lang='grc' dir='ltr'>μὲν</span> <span class='ocrx_word' id='word_1_555' title='bbox 3216 858 3407 930; x_wconf 76' lang='grc' dir='ltr'>ἥλιον,</span> <span class='ocrx_word' id='word_1_556' title='bbox 3434 861 3499 916; x_wconf 85' lang='grc' dir='ltr'>τὸ</span> <span class='ocrx_word' id='word_1_557' title='bbox 3540 858 3599 917; x_wconf 69' lang='grc' dir='ltr'>δὲ</span> <span class='ocrx_word' id='word_1_558' title='bbox 3628 861 3796 935; x_wconf 80' lang='grc' dir='ltr'>σελή-</span> 
     </span>
    </p>
   </div>
   <div class='ocr_carea' id='block_1_68' title="bbox 2128 946 3794 1027">
    <p class='ocr_par' dir='ltr' id='par_1_68' title="bbox 2128 946 3794 1027">
     <span class='ocr_line' id='line_1_71' title="bbox 2128 946 3794 1027; baseline 0.002 -22"><span class='ocrx_word' id='word_1_559' title='bbox 2128 971 2249 1019; x_wconf 82' lang='grc' dir='ltr'>νην,</span> <span class='ocrx_word' id='word_1_560' title='bbox 2282 950 2344 1004; x_wconf 85' lang='grc' dir='ltr'>τὸ</span> <span class='ocrx_word' id='word_1_561' title='bbox 2376 946 2434 1005; x_wconf 72' lang='grc' dir='ltr'>δὲ</span> <span class='ocrx_word' id='word_1_562' title='bbox 2461 956 2587 1024; x_wconf 86' lang='grc' dir='ltr'>γῆν·</span> <span class='ocrx_word' id='word_1_563' title='bbox 2620 949 2710 1004; x_wconf 81' lang='grc' dir='ltr'>καὶ</span> <span class='ocrx_word' id='word_1_564' title='bbox 2762 946 2927 1004; x_wconf 90' lang='grc' dir='ltr'>πάλιν</span> <span class='ocrx_word' id='word_1_565' title='bbox 2978 948 3067 1005; x_wconf 79' lang='grc' dir='ltr'>ἐπὶ</span> <span class='ocrx_word' id='word_1_566' title='bbox 3115 953 3225 1006; x_wconf 82' lang='grc' dir='ltr'>τῶν</span> <span class='ocrx_word' id='word_1_567' title='bbox 3277 949 3634 1027; x_wconf 76' lang='grc' dir='ltr'>ἀνθρωπίνων</span> <span class='ocrx_word' id='word_1_568' title='bbox 3684 973 3794 1008; x_wconf 87' lang='grc' dir='ltr'>σω-</span> 
     </span>
    </p>
   </div>
   <div class='ocr_carea' id='block_1_69' title="bbox 2134 1035 3793 1119">
    <p class='ocr_par' dir='ltr' id='par_1_69' title="bbox 2134 1035 3793 1119">
     <span class='ocr_line' id='line_1_72' title="bbox 2134 1035 3793 1119; baseline 0.002 -26"><span class='ocrx_word' id='word_1_569' title='bbox 2134 1039 2317 1113; x_wconf 88' lang='grc' dir='ltr'>μάτων</span> <span class='ocrx_word' id='word_1_570' title='bbox 2348 1040 2412 1093; x_wconf 84' lang='grc' dir='ltr'>τὸ</span> <span class='ocrx_word' id='word_1_571' title='bbox 2446 1038 2539 1112; x_wconf 71' lang='grc' dir='ltr'>μὲν</span> <span class='ocrx_word' id='word_1_572' title='bbox 2590 1036 2752 1111; x_wconf 81' lang='grc' dir='ltr'>πόδα,</span> <span class='ocrx_word' id='word_1_573' title='bbox 2800 1038 2863 1093; x_wconf 89' lang='grc' dir='ltr'>τὸ</span> <span class='ocrx_word' id='word_1_574' title='bbox 2895 1035 2954 1092; x_wconf 73' lang='grc' dir='ltr'>δὲ</span> <span class='ocrx_word' id='word_1_575' title='bbox 2999 1043 3185 1115; x_wconf 84' lang='grc' dir='ltr'>χεῖρα,</span> <span class='ocrx_word' id='word_1_576' title='bbox 3216 1039 3280 1093; x_wconf 88' lang='grc' dir='ltr'>τὸ</span> <span class='ocrx_word' id='word_1_577' title='bbox 3329 1036 3388 1095; x_wconf 81' lang='grc' dir='ltr'>δὲ</span> <span class='ocrx_word' id='word_1_578' title='bbox 3428 1038 3697 1119; x_wconf 72' lang='grc' dir='ltr'>κεφαλήν.</span> <span class='ocrx_word' id='word_1_579' title='bbox 3729 1042 3793 1097; x_wconf 86' lang='grc' dir='ltr'><strong>Ἦ</strong></span> 
     </span>
    </p>
   </div>
   <div class='ocr_carea' id='block_1_70' title="bbox 2132 1125 3792 1206">
    <p class='ocr_par' dir='ltr' id='par_1_70' title="bbox 2132 1125 3792 1206">
     <span class='ocr_line' id='line_1_73' title="bbox 2132 1125 3792 1206; baseline 0.002 -23"><span class='ocrx_word' id='word_1_580' title='bbox 2132 1126 2190 1184; x_wconf 70' lang='grc' dir='ltr'>δὲ</span> <span class='ocrx_word' id='word_1_581' title='bbox 2218 1126 2441 1199; x_wconf 73' lang='grc' dir='ltr'>τοιαύτη</span> <span class='ocrx_word' id='word_1_582' title='bbox 2499 1125 2738 1199; x_wconf 80' lang='grc' dir='ltr'>διάταξις</span> <span class='ocrx_word' id='word_1_583' title='bbox 2784 1127 2884 1182; x_wconf 78' lang='grc' dir='ltr'>οὐκ</span> <span class='ocrx_word' id='word_1_584' title='bbox 2931 1127 3254 1202; x_wconf 80' lang='grc' dir='ltr'>αὐτομάτως</span> <span class='ocrx_word' id='word_1_585' title='bbox 3306 1128 3440 1184; x_wconf 82' lang='grc' dir='ltr'>αὖτὰ</span> <span class='ocrx_word' id='word_1_586' title='bbox 3469 1133 3792 1206; x_wconf 83' lang='grc' dir='ltr'>γεγενῆσθαι</span> 
     </span>
    </p>
   </div>
   <div class='ocr_carea' id='block_1_71' title="bbox 2131 1215 3793 1293">
    <p class='ocr_par' dir='ltr' id='par_1_71' title="bbox 2131 1215 3793 1293">
     <span class='ocr_line' id='line_1_74' title="bbox 2131 1215 3793 1293; baseline 0.003 -22"><span class='ocrx_word' id='word_1_587' title='bbox 2131 1217 2409 1292; x_wconf 79' lang='grc' dir='ltr'>γνωρίζει,</span> <span class='ocrx_word' id='word_1_588' title='bbox 2443 1215 2570 1272; x_wconf 79' lang='grc' dir='ltr'>ἀλλ’</span> <span class='ocrx_word' id='word_1_589' title='bbox 2610 1216 2785 1273; x_wconf 79' lang='grc' dir='ltr'>αἰτίαν</span> <span class='ocrx_word' id='word_1_590' title='bbox 2836 1216 3043 1272; x_wconf 73' lang='grc' dir='ltr'>τούτων</span> <span class='ocrx_word' id='word_1_591' title='bbox 3094 1221 3458 1293; x_wconf 81' lang='grc' dir='ltr'>προηγεῖσθαι</span> <span class='ocrx_word' id='word_1_592' title='bbox 3508 1216 3793 1276; x_wconf 86' lang='grc' dir='ltr'>δείκνυσιν’</span> 
     </span>
    </p>
   </div>
   <div class='ocr_carea' id='block_1_72' title="bbox 2134 1303 3797 1384">
    <p class='ocr_par' dir='ltr' id='par_1_72' title="bbox 2134 1303 3797 1384">
     <span class='ocr_line' id='line_1_75' title="bbox 2134 1303 3797 1384; baseline 0.004 -24"><span class='ocrx_word' id='word_1_593' title='bbox 2134 1308 2222 1384; x_wconf 78' lang='grc' dir='ltr'>ἀφ’</span> <span class='ocrx_word' id='word_1_594' title='bbox 2266 1308 2335 1375; x_wconf 77' lang='grc' dir='ltr'>ἧς</span> <span class='ocrx_word' id='word_1_595' title='bbox 2382 1306 2472 1361; x_wconf 83' lang='grc' dir='ltr'>καὶ</span> <span class='ocrx_word' id='word_1_596' title='bbox 2519 1304 2612 1361; x_wconf 75' lang='grc' dir='ltr'>τὸν</span> <span class='ocrx_word' id='word_1_597' title='bbox 2667 1303 3054 1381; x_wconf 79' lang='grc' dir='ltr'>διαταξάμενον</span> <span class='ocrx_word' id='word_1_598' title='bbox 3102 1307 3192 1362; x_wconf 89' lang='grc' dir='ltr'>καὶ</span> <span class='ocrx_word' id='word_1_599' title='bbox 3261 1309 3435 1363; x_wconf 86' lang='grc' dir='ltr'>πάντα</span> <span class='ocrx_word' id='word_1_600' title='bbox 3492 1313 3797 1382; x_wconf 82' lang='grc' dir='ltr'>ποιήσαντα</span> 
     </span>
    </p>
   </div>
   <div class='ocr_carea' id='block_1_73' title="bbox 2133 1391 3784 1477">
    <p class='ocr_par' dir='ltr' id='par_1_73' title="bbox 2133 1391 3784 1477">
     <span class='ocr_line' id='line_1_76' title="bbox 2133 1391 3784 1477; baseline 0.003 -26"><span class='ocrx_word' id='word_1_601' title='bbox 2133 1396 2260 1451; x_wconf 87' lang='grc' dir='ltr'>Θεὸν</span> <span class='ocrx_word' id='word_1_602' title='bbox 2294 1391 2405 1451; x_wconf 81' lang='grc' dir='ltr'>ἔστι</span> <span class='ocrx_word' id='word_1_603' title='bbox 2434 1401 2599 1454; x_wconf 84' lang='grc' dir='ltr'>νοεῖν.</span> <span class='ocrx_word' id='word_1_604' title='bbox 2646 1393 2848 1451; x_wconf 76' lang='grc' dir='ltr'>’Δλλοι</span> <span class='ocrx_word' id='word_1_605' title='bbox 2899 1394 2977 1471; x_wconf 76' lang='grc' dir='ltr'>δὲ,</span> <span class='ocrx_word' id='word_1_606' title='bbox 3034 1396 3086 1451; x_wconf 79' lang='grc' dir='ltr'>ἐν</span> <span class='ocrx_word' id='word_1_607' title='bbox 3136 1398 3219 1460; x_wconf 78' lang='grc' dir='ltr'>οἷς</span> <span class='ocrx_word' id='word_1_608' title='bbox 3267 1396 3376 1453; x_wconf 81' lang='grc' dir='ltr'>ἐστι</span> <span class='ocrx_word' id='word_1_609' title='bbox 3423 1398 3577 1455; x_wconf 86' lang='grc' dir='ltr'>καὶὸ</span> <span class='ocrx_word' id='word_1_610' title='bbox 3612 1400 3784 1477; x_wconf 82' lang='grc' dir='ltr'>μέγας</span> 
     </span>
    </p>
   </div>
   <div class='ocr_carea' id='block_1_74' title="bbox 2133 1483 3783 1563">
    <p class='ocr_par' dir='ltr' id='par_1_74' title="bbox 2133 1483 3783 1563">
     <span class='ocr_line' id='line_1_77' title="bbox 2133 1483 3783 1563; baseline 0.003 -24"><span class='ocrx_word' id='word_1_611' title='bbox 2133 1486 2257 1560; x_wconf 86' lang='grc' dir='ltr'>παρ’</span> <span class='ocrx_word' id='word_1_612' title='bbox 2286 1483 2528 1554; x_wconf 83' lang='grc' dir='ltr'>Ἕλλησι</span> <span class='ocrx_word' id='word_1_613' title='bbox 2575 1486 2690 1558; x_wconf 83' lang='grc'>(35)</span> <span class='ocrx_word' id='word_1_614' title='bbox 2722 1483 2951 1539; x_wconf 82' lang='grc' dir='ltr'>Πλάτων</span> <span class='ocrx_word' id='word_1_615' title='bbox 2997 1487 3129 1560; x_wconf 89' lang='lat'>(36),</span> <span class='ocrx_word' id='word_1_616' title='bbox 3191 1486 3251 1541; x_wconf 80' lang='grc' dir='ltr'>ἐκ</span> <span class='ocrx_word' id='word_1_617' title='bbox 3304 1490 3783 1563; x_wconf 74' lang='grc' dir='ltr'>προϋποκειμένης</span> 
     </span>
    </p>
   </div>
   <div class='ocr_carea' id='block_1_75' title="bbox 2133 1572 3784 1649">
    <p class='ocr_par' dir='ltr' id='par_1_75' title="bbox 2133 1572 3784 1649">
     <span class='ocr_line' id='line_1_78' title="bbox 2133 1572 3784 1649; baseline 0.002 -20"><span class='ocrx_word' id='word_1_618' title='bbox 2133 1574 2222 1629; x_wconf 84' lang='grc' dir='ltr'>καὶ</span> <span class='ocrx_word' id='word_1_619' title='bbox 2255 1576 2522 1649; x_wconf 70' lang='grc' dir='ltr'>ἀγενήτου</span> <span class='ocrx_word' id='word_1_620' title='bbox 2553 1572 2692 1644; x_wconf 76' lang='grc' dir='ltr'>ὕλης</span> <span class='ocrx_word' id='word_1_621' title='bbox 2743 1576 3099 1645; x_wconf 69' lang='grc' dir='ltr'>πεποιηκέναι</span> <span class='ocrx_word' id='word_1_622' title='bbox 3144 1576 3236 1630; x_wconf 85' lang='grc' dir='ltr'>τὸν</span> <span class='ocrx_word' id='word_1_623' title='bbox 3268 1577 3395 1632; x_wconf 87' lang='grc' dir='ltr'>Θεὸν</span> <span class='ocrx_word' id='word_1_624' title='bbox 3425 1579 3495 1633; x_wconf 72' lang='grc' dir='ltr'>τά</span> <span class='ocrx_word' id='word_1_625' title='bbox 3545 1576 3651 1634; x_wconf 76' lang='grc' dir='ltr'>ὅλα</span> <span class='ocrx_word' id='word_1_626' title='bbox 3702 1577 3784 1635; x_wconf 88' lang='grc' dir='ltr'>δι-</span> 
     </span>
    </p>
   </div>
   <div class='ocr_carea' id='block_1_76' title="bbox 2135 1660 3797 1739">
    <p class='ocr_par' dir='ltr' id='par_1_76' title="bbox 2135 1660 3797 1739">
     <span class='ocr_line' id='line_1_79' title="bbox 2135 1660 3797 1739; baseline 0.004 -22"><span class='ocrx_word' id='word_1_627' title='bbox 2135 1668 2418 1738; x_wconf 69' lang='grc' dir='ltr'>ηγοῦνταιθ</span> <span class='ocrx_word' id='word_1_628' title='bbox 2457 1664 2531 1736; x_wconf 80' lang='grc' dir='ltr'>μὴ</span> <span class='ocrx_word' id='word_1_629' title='bbox 2566 1662 2623 1717; x_wconf 75' lang='grc' dir='ltr'>ἃν</span> <span class='ocrx_word' id='word_1_630' title='bbox 2658 1663 2762 1737; x_wconf 78' lang='grc' dir='ltr'>γὰρ</span> <span class='ocrx_word' id='word_1_631' title='bbox 2804 1660 3057 1718; x_wconf 68' lang='grc' dir='ltr'>δύνασθαί</span> <span class='ocrx_word' id='word_1_632' title='bbox 3098 1685 3152 1719; x_wconf 90' lang='grc' dir='ltr'>τι</span> <span class='ocrx_word' id='word_1_633' title='bbox 3181 1672 3411 1735; x_wconf 82' lang='grc' dir='ltr'>ποιῆσαι</span> <span class='ocrx_word' id='word_1_634' title='bbox 3435 1666 3527 1721; x_wconf 87' lang='grc' dir='ltr'>τὸν</span> <span class='ocrx_word' id='word_1_635' title='bbox 3559 1668 3714 1739; x_wconf 85' lang='grc' dir='ltr'>Θεὸν,</span> <span class='ocrx_word' id='word_1_636' title='bbox 3749 1668 3797 1723; x_wconf 77' lang='grc' dir='ltr'>εἷ’</span> 
     </span>
    </p>
   </div>
   <div class='ocr_carea' id='block_1_77' title="bbox 2139 1751 3799 1833">
    <p class='ocr_par' dir='ltr' id='par_1_77' title="bbox 2139 1751 3799 1833">
     <span class='ocr_line' id='line_1_80' title="bbox 2139 1751 3799 1833; baseline 0.007 -31"><span class='ocrx_word' id='word_1_637' title='bbox 2139 1756 2213 1827; x_wconf 74' lang='grc' dir='ltr'>μὴ</span> <span class='ocrx_word' id='word_1_638' title='bbox 2267 1753 2627 1829; x_wconf 72' lang='grc' dir='ltr'>προϋπέκειτο</span> <span class='ocrx_word' id='word_1_639' title='bbox 2658 1755 2693 1822; x_wconf 80' lang='grc' dir='ltr'>ἡ</span> <span class='ocrx_word' id='word_1_640' title='bbox 2735 1751 2864 1823; x_wconf 75' lang='grc' dir='ltr'>ὕλη·</span> <span class='ocrx_word' id='word_1_641' title='bbox 2917 1752 3097 1828; x_wconf 83' lang='grc' dir='ltr'>ὥσπερ</span> <span class='ocrx_word' id='word_1_642' title='bbox 3149 1754 3239 1809; x_wconf 84' lang='grc' dir='ltr'>καὶ</span> <span class='ocrx_word' id='word_1_643' title='bbox 3285 1759 3365 1827; x_wconf 80' lang='grc' dir='ltr'>τῷ</span> <span class='ocrx_word' id='word_1_644' title='bbox 3408 1757 3621 1813; x_wconf 80' lang='grc' dir='ltr'>τέκτονι</span> <span class='ocrx_word' id='word_1_645' title='bbox 3666 1778 3799 1833; x_wconf 89' lang='grc' dir='ltr'>προ-</span> 
     </span>
    </p>
   </div>
   <div class='ocr_carea' id='block_1_78' title="bbox 2135 1838 3795 1921">
    <p class='ocr_par' dir='ltr' id='par_1_78' title="bbox 2135 1838 3795 1921">
     <span class='ocr_line' id='line_1_81' title="bbox 2135 1838 3795 1921; baseline 0.004 -24"><span class='ocrx_word' id='word_1_646' title='bbox 2135 1844 2446 1897; x_wconf 82' lang='grc' dir='ltr'>υποκεῖσθαι</span> <span class='ocrx_word' id='word_1_647' title='bbox 2479 1839 2561 1897; x_wconf 82' lang='grc' dir='ltr'>δεῖ</span> <span class='ocrx_word' id='word_1_648' title='bbox 2604 1841 2665 1895; x_wconf 91' lang='grc' dir='ltr'>τὸ</span> <span class='ocrx_word' id='word_1_649' title='bbox 2714 1838 2897 1913; x_wconf 75' lang='grc' dir='ltr'>ξύλον,</span> <span class='ocrx_word' id='word_1_650' title='bbox 2924 1838 3013 1896; x_wconf 69' lang='grc' dir='ltr'>’ίνα</span> <span class='ocrx_word' id='word_1_651' title='bbox 3061 1843 3152 1897; x_wconf 86' lang='grc' dir='ltr'>καὶ</span> <span class='ocrx_word' id='word_1_652' title='bbox 3202 1841 3526 1920; x_wconf 75' lang='grc' dir='ltr'>ἐργάσασθαι</span> <span class='ocrx_word' id='word_1_653' title='bbox 3566 1843 3795 1921; x_wconf 74' lang='grc' dir='ltr'>δυνηθῇ.</span> 
     </span>
    </p>
   </div>
   <div class='ocr_carea' id='block_1_79' title="bbox 2134 1927 3794 2011">
    <p class='ocr_par' dir='ltr' id='par_1_79' title="bbox 2134 1927 3794 2011">
     <span class='ocr_line' id='line_1_82' title="bbox 2134 1927 3794 2011; baseline 0.004 -26"><span class='ocrx_word' id='word_1_654' title='bbox 2134 1932 2245 1987; x_wconf 73' lang='grc' dir='ltr'>υῦκ</span> <span class='ocrx_word' id='word_1_655' title='bbox 2284 1930 2435 1986; x_wconf 73' lang='grc' dir='ltr'>ἳσασι</span> <span class='ocrx_word' id='word_1_656' title='bbox 2483 1928 2542 1985; x_wconf 74' lang='grc' dir='ltr'>δὲ</span> <span class='ocrx_word' id='word_1_657' title='bbox 2587 1935 2749 1985; x_wconf 74' lang='grc' dir='ltr'>τοῦτο</span> <span class='ocrx_word' id='word_1_658' title='bbox 2802 1927 3078 2006; x_wconf 85' lang='grc' dir='ltr'>λέγοντες,</span> <span class='ocrx_word' id='word_1_659' title='bbox 3129 1931 3212 1987; x_wconf 74' lang='grc' dir='ltr'>ὅτι</span> <span class='ocrx_word' id='word_1_660' title='bbox 3264 1934 3534 1991; x_wconf 85' lang='grc' dir='ltr'>ἀσθένειαν</span> <span class='ocrx_word' id='word_1_661' title='bbox 3583 1956 3794 2011; x_wconf 83' lang='grc' dir='ltr'>περιτι-</span> 
     </span>
    </p>
   </div>
   <div class='ocr_carea' id='block_1_80' title="bbox 2138 2018 3794 2098">
    <p class='ocr_par' dir='ltr' id='par_1_80' title="bbox 2138 2018 3794 2098">
     <span class='ocr_line' id='line_1_83' title="bbox 2138 2018 3794 2098; baseline 0.003 -21"><span class='ocrx_word' id='word_1_662' title='bbox 2138 2023 2286 2077; x_wconf 83' lang='grc' dir='ltr'>θέασι</span> <span class='ocrx_word' id='word_1_663' title='bbox 2314 2026 2393 2093; x_wconf 81' lang='grc' dir='ltr'>τῷ</span> <span class='ocrx_word' id='word_1_664' title='bbox 2422 2026 2561 2093; x_wconf 84' lang='grc' dir='ltr'>Θεῷ.</span> <span class='ocrx_word' id='word_1_665' title='bbox 2594 2021 2658 2076; x_wconf 87' lang='grc' dir='ltr'>Εἰ</span> <span class='ocrx_word' id='word_1_666' title='bbox 2689 2022 2793 2097; x_wconf 73' lang='grc' dir='ltr'>γάρ</span> <span class='ocrx_word' id='word_1_667' title='bbox 2824 2020 2925 2076; x_wconf 73' lang='grc' dir='ltr'>οὐκ</span> <span class='ocrx_word' id='word_1_668' title='bbox 2952 2018 3181 2092; x_wconf 80' lang='grc' dir='ltr'>ἕστιτῆς</span> <span class='ocrx_word' id='word_1_669' title='bbox 3221 2020 3361 2095; x_wconf 74' lang='grc' dir='ltr'>ὕλης</span> <span class='ocrx_word' id='word_1_670' title='bbox 3394 2023 3556 2088; x_wconf 77' lang='grc' dir='ltr'>αὐτὸς</span> <span class='ocrx_word' id='word_1_671' title='bbox 3596 2024 3794 2098; x_wconf 81' lang='grc' dir='ltr'>αἶ’τιος,</span> 
     </span>
    </p>
   </div>
   <div class='ocr_carea' id='block_1_81' title="bbox 2139 2109 3792 2189">
    <p class='ocr_par' dir='ltr' id='par_1_81' title="bbox 2139 2109 3792 2189">
     <span class='ocr_line' id='line_1_84' title="bbox 2139 2109 3792 2189; baseline 0.004 -23"><span class='ocrx_word' id='word_1_672' title='bbox 2139 2109 2265 2167; x_wconf 87' lang='grc' dir='ltr'>ἀλλ’</span> <span class='ocrx_word' id='word_1_673' title='bbox 2296 2109 2444 2174; x_wconf 83' lang='grc' dir='ltr'>ὅλως</span> <span class='ocrx_word' id='word_1_674' title='bbox 2474 2112 2586 2185; x_wconf 85' lang='grc'>(37)</span> <span class='ocrx_word' id='word_1_675' title='bbox 2635 2110 2686 2181; x_wconf 80' lang='grc' dir='ltr'>ἐξ</span> <span class='ocrx_word' id='word_1_676' title='bbox 2739 2111 3104 2184; x_wconf 68' lang='grc' dir='ltr'>ὑποκειμένης</span> <span class='ocrx_word' id='word_1_677' title='bbox 3150 2110 3292 2183; x_wconf 77' lang='grc' dir='ltr'>ὕλης</span> <span class='ocrx_word' id='word_1_678' title='bbox 3340 2119 3490 2169; x_wconf 89' lang='grc' dir='ltr'>ποιεῖ</span> <span class='ocrx_word' id='word_1_679' title='bbox 3533 2116 3600 2170; x_wconf 77' lang='grc' dir='ltr'>τὰ</span> <span class='ocrx_word' id='word_1_680' title='bbox 3643 2111 3792 2189; x_wconf 72' lang='grc' dir='ltr'>ὄντα,</span> 
     </span>
    </p>
   </div>
   <div class='ocr_carea' id='block_1_82' title="bbox 2139 2199 3797 2284">
    <p class='ocr_par' dir='ltr' id='par_1_82' title="bbox 2139 2199 3797 2284">
     <span class='ocr_line' id='line_1_85' title="bbox 2139 2199 3797 2284; baseline -0.001 -29"><span class='ocrx_word' id='word_1_681' title='bbox 2139 2201 2363 2270; x_wconf 77' lang='grc' dir='ltr'>ἀσθενὴς</span> <span class='ocrx_word' id='word_1_682' title='bbox 2397 2201 2718 2277; x_wconf 76' lang='grc' dir='ltr'>εὖρίσκεται,</span> <span class='ocrx_word' id='word_1_683' title='bbox 2762 2201 2838 2273; x_wconf 81' lang='grc' dir='ltr'>μή</span> <span class='ocrx_word' id='word_1_684' title='bbox 2890 2199 3182 2275; x_wconf 81' lang='grc' dir='ltr'>δυνάμενος</span> <span class='ocrx_word' id='word_1_685' title='bbox 3232 2199 3355 2257; x_wconf 81' lang='grc' dir='ltr'>ἄνευ</span> <span class='ocrx_word' id='word_1_686' title='bbox 3394 2210 3498 2274; x_wconf 82' lang='grc' dir='ltr'>τῆς</span> <span class='ocrx_word' id='word_1_687' title='bbox 3536 2202 3676 2277; x_wconf 78' lang='grc' dir='ltr'>ὕλης</span> <span class='ocrx_word' id='word_1_688' title='bbox 3710 2205 3797 2284; x_wconf 74' lang='grc' dir='ltr'>ἐρ..</span> 
     </span>
    </p>
   </div>
   <div class='ocr_carea' id='block_1_83' title="bbox 2138 2286 3788 2367">
    <p class='ocr_par' dir='ltr' id='par_1_83' title="bbox 2138 2286 3788 2367">
     <span class='ocr_line' id='line_1_86' title="bbox 2138 2286 3788 2367; baseline 0.003 -21"><span class='ocrx_word' id='word_1_689' title='bbox 2138 2291 2399 2367; x_wconf 87' lang='grc' dir='ltr'>γάσασθαί</span> <span class='ocrx_word' id='word_1_690' title='bbox 2444 2312 2498 2345; x_wconf 88' lang='grc' dir='ltr'>τι</span> <span class='ocrx_word' id='word_1_691' title='bbox 2544 2294 2649 2345; x_wconf 77' lang='grc' dir='ltr'>τῶν</span> <span class='ocrx_word' id='word_1_692' title='bbox 2701 2290 3035 2365; x_wconf 75' lang='grc' dir='ltr'>γενομένωνο</span> <span class='ocrx_word' id='word_1_693' title='bbox 3082 2286 3263 2367; x_wconf 79' lang='grc' dir='ltr'>ὥσπερ</span> <span class='ocrx_word' id='word_1_694' title='bbox 3310 2291 3505 2366; x_wconf 83' lang='grc' dir='ltr'>ἀμέλει</span> <span class='ocrx_word' id='word_1_695' title='bbox 3556 2294 3645 2350; x_wconf 72' lang='grc' dir='ltr'>καὶ</span> <span class='ocrx_word' id='word_1_696' title='bbox 3689 2301 3788 2351; x_wconf 81' lang='grc' dir='ltr'>τοῦ</span> 
     </span>
    </p>
   </div>
   <div class='ocr_carea' id='block_1_84' title="bbox 2136 2378 3794 2460">
    <p class='ocr_par' dir='ltr' id='par_1_84' title="bbox 2136 2378 3794 2460">
     <span class='ocr_line' id='line_1_87' title="bbox 2136 2378 3794 2460; baseline 0.003 -24"><span class='ocrx_word' id='word_1_697' title='bbox 2136 2381 2387 2443; x_wconf 72' lang='grc' dir='ltr'>τέκτονος</span> <span class='ocrx_word' id='word_1_698' title='bbox 2447 2379 2689 2434; x_wconf 82' lang='grc' dir='ltr'>ἀσθένειά</span> <span class='ocrx_word' id='word_1_699' title='bbox 2750 2378 2861 2434; x_wconf 78' lang='grc' dir='ltr'>ἐστι</span> <span class='ocrx_word' id='word_1_700' title='bbox 2911 2381 2975 2434; x_wconf 88' lang='grc' dir='ltr'>τὸ</span> <span class='ocrx_word' id='word_1_701' title='bbox 3033 2381 3107 2453; x_wconf 79' lang='grc' dir='ltr'>μὴ</span> <span class='ocrx_word' id='word_1_702' title='bbox 3161 2378 3411 2437; x_wconf 70' lang='grc' dir='ltr'>δύνασθαι</span> <span class='ocrx_word' id='word_1_703' title='bbox 3460 2385 3641 2460; x_wconf 77' lang='grc' dir='ltr'>χωρὶς</span> <span class='ocrx_word' id='word_1_704' title='bbox 3686 2389 3794 2441; x_wconf 84' lang='grc' dir='ltr'>τῶν</span> 
     </span>
    </p>
   </div>
   <div class='ocr_carea' id='block_1_85' title="bbox 2140 2468 3795 2545">
    <p class='ocr_par' dir='ltr' id='par_1_85' title="bbox 2140 2468 3795 2545">
     <span class='ocr_line' id='line_1_88' title="bbox 2140 2468 3795 2545; baseline 0.004 -21"><span class='ocrx_word' id='word_1_705' title='bbox 2140 2468 2315 2541; x_wconf 75' lang='grc' dir='ltr'>ξύλων</span> <span class='ocrx_word' id='word_1_706' title='bbox 2348 2468 2670 2545; x_wconf 80' lang='grc' dir='ltr'>ἐργάσασθαί</span> <span class='ocrx_word' id='word_1_707' title='bbox 2695 2489 2747 2523; x_wconf 91' lang='grc' dir='ltr'>τι</span> <span class='ocrx_word' id='word_1_708' title='bbox 2777 2473 2884 2524; x_wconf 76' lang='grc' dir='ltr'>τῶν</span> <span class='ocrx_word' id='word_1_709' title='bbox 2930 2469 3259 2545; x_wconf 85' lang='grc' dir='ltr'>ἀναγκαίων.</span> <span class='ocrx_word' id='word_1_710' title='bbox 3293 2473 3392 2526; x_wconf 77' lang='grc' dir='ltr'>Καὶ</span> <span class='ocrx_word' id='word_1_711' title='bbox 3440 2475 3558 2528; x_wconf 88' lang='grc' dir='ltr'>καθ’</span> <span class='ocrx_word' id='word_1_712' title='bbox 3603 2473 3795 2531; x_wconf 74' lang='grc' dir='ltr'>ὑπόθε-</span> 
     </span>
    </p>
   </div>
   <div class='ocr_carea' id='block_1_86' title="bbox 2139 2556 3798 2638">
    <p class='ocr_par' dir='ltr' id='par_1_86' title="bbox 2139 2556 3798 2638">
     <span class='ocr_line' id='line_1_89' title="bbox 2139 2556 3798 2638; baseline 0.004 -25"><span class='ocrx_word' id='word_1_713' title='bbox 2139 2580 2219 2613; x_wconf 91' lang='grc' dir='ltr'>σιν</span> <span class='ocrx_word' id='word_1_714' title='bbox 2251 2559 2354 2634; x_wconf 80' lang='grc' dir='ltr'>γὰρ</span> <span class='ocrx_word' id='word_1_715' title='bbox 2387 2560 2520 2631; x_wconf 47' lang='grc' dir='ltr'>(3ἢ),</span> <span class='ocrx_word' id='word_1_716' title='bbox 2555 2557 2600 2613; x_wconf 84' lang='grc' dir='ltr'>εί</span> <span class='ocrx_word' id='word_1_717' title='bbox 2646 2558 2721 2631; x_wconf 82' lang='grc' dir='ltr'>μὴ</span> <span class='ocrx_word' id='word_1_718' title='bbox 2768 2558 2835 2627; x_wconf 77' lang='grc' dir='ltr'>ἦν</span> <span class='ocrx_word' id='word_1_719' title='bbox 2864 2560 2899 2627; x_wconf 80' lang='grc' dir='ltr'><strong>ἡ</strong></span> <span class='ocrx_word' id='word_1_720' title='bbox 2934 2556 3067 2630; x_wconf 73' lang='grc' dir='ltr'>ὕλη,</span> <span class='ocrx_word' id='word_1_721' title='bbox 3115 2560 3215 2615; x_wconf 80' lang='grc' dir='ltr'>οὐκ</span> <span class='ocrx_word' id='word_1_722' title='bbox 3262 2559 3320 2615; x_wconf 78' lang='grc' dir='ltr'>ἃν</span> <span class='ocrx_word' id='word_1_723' title='bbox 3369 2558 3656 2638; x_wconf 78' lang='grc' dir='ltr'>εἶργάσατό</span> <span class='ocrx_word' id='word_1_724' title='bbox 3684 2586 3735 2620; x_wconf 89' lang='grc' dir='ltr'>τι</span> <span class='ocrx_word' id='word_1_725' title='bbox 3768 2566 3798 2620; x_wconf 83' lang='grc' dir='ltr'>ὁ</span> 
     </span>
    </p>
   </div>
   <div class='ocr_carea' id='block_1_87' title="bbox 2140 2642 3797 2726">
    <p class='ocr_par' dir='ltr' id='par_1_87' title="bbox 2140 2642 3797 2726">
     <span class='ocr_line' id='line_1_90' title="bbox 2140 2642 3797 2726; baseline 0.002 -22"><span class='ocrx_word' id='word_1_726' title='bbox 2140 2648 2291 2711; x_wconf 83' lang='grc' dir='ltr'>Θεός.</span> <span class='ocrx_word' id='word_1_727' title='bbox 2346 2647 2444 2702; x_wconf 76' lang='grc' dir='ltr'>Καὶ</span> <span class='ocrx_word' id='word_1_728' title='bbox 2489 2650 2605 2710; x_wconf 81' lang='grc' dir='ltr'>πῶς</span> <span class='ocrx_word' id='word_1_729' title='bbox 2653 2642 2731 2701; x_wconf 80' lang='grc' dir='ltr'>ἔτι</span> <span class='ocrx_word' id='word_1_730' title='bbox 2777 2648 3017 2718; x_wconf 80' lang='grc' dir='ltr'>ποιητὴς</span> <span class='ocrx_word' id='word_1_731' title='bbox 3062 2648 3155 2703; x_wconf 82' lang='grc' dir='ltr'>καὶ</span> <span class='ocrx_word' id='word_1_732' title='bbox 3203 2646 3547 2726; x_wconf 82' lang='grc' dir='ltr'>δημιουργὸς</span> <span class='ocrx_word' id='word_1_733' title='bbox 3595 2651 3658 2707; x_wconf 80' lang='grc' dir='ltr'>ἃν</span> <span class='ocrx_word' id='word_1_734' title='bbox 3709 2651 3797 2708; x_wconf 83' lang='grc' dir='ltr'>λε-</span> 
     </span>
    </p>
   </div>
   <div class='ocr_carea' id='block_1_88' title="bbox 2139 2736 3796 2815">
    <p class='ocr_par' dir='ltr' id='par_1_88' title="bbox 2139 2736 3796 2815">
     <span class='ocr_line' id='line_1_91' title="bbox 2139 2736 3796 2815; baseline -0.001 -20"><span class='ocrx_word' id='word_1_735' title='bbox 2139 2736 2298 2814; x_wconf 87' lang='grc' dir='ltr'>χθείη</span> <span class='ocrx_word' id='word_1_736' title='bbox 2332 2736 2384 2808; x_wconf 82' lang='grc' dir='ltr'><strong>ἐξ</strong></span> <span class='ocrx_word' id='word_1_737' title='bbox 2416 2737 2599 2811; x_wconf 70' lang='grc' dir='ltr'>ἑτέρου</span> <span class='ocrx_word' id='word_1_738' title='bbox 2629 2737 2692 2792; x_wconf 86' lang='grc' dir='ltr'>τὸ</span> <span class='ocrx_word' id='word_1_739' title='bbox 2736 2742 2911 2792; x_wconf 87' lang='grc' dir='ltr'>ποιεῖν</span> <span class='ocrx_word' id='word_1_740' title='bbox 2959 2737 3236 2815; x_wconf 83' lang='grc' dir='ltr'>ἐσχηκὼς,</span> <span class='ocrx_word' id='word_1_741' title='bbox 3285 2737 3434 2815; x_wconf 82' lang='grc' dir='ltr'>λέγω</span> <span class='ocrx_word' id='word_1_742' title='bbox 3484 2737 3543 2796; x_wconf 70' lang='grc' dir='ltr'>δὲ</span> <span class='ocrx_word' id='word_1_743' title='bbox 3591 2739 3651 2797; x_wconf 83' lang='grc' dir='ltr'>ἔκ</span> <span class='ocrx_word' id='word_1_744' title='bbox 3691 2750 3796 2813; x_wconf 81' lang='grc' dir='ltr'>τῆς</span> 
     </span>
    </p>
   </div>
   <div class='ocr_carea' id='block_1_89' title="bbox 2138 2823 3793 2905">
    <p class='ocr_par' dir='ltr' id='par_1_89' title="bbox 2138 2823 3793 2905">
     <span class='ocr_line' id='line_1_92' title="bbox 2138 2823 3793 2905; baseline 0.004 -24"><span class='ocrx_word' id='word_1_745' title='bbox 2138 2826 2279 2898; x_wconf 79' lang='grc' dir='ltr'>ὕλης</span> <span class='ocrx_word' id='word_1_746' title='bbox 2305 2846 2319 2898; x_wconf 88' lang='grc'><strong>;</strong></span> <span class='ocrx_word' id='word_1_747' title='bbox 2349 2829 2535 2883; x_wconf 85' lang='grc' dir='ltr'>Ἔσται</span> <span class='ocrx_word' id='word_1_748' title='bbox 2568 2824 2645 2899; x_wconf 74' lang='grc' dir='ltr'>δὲ,</span> <span class='ocrx_word' id='word_1_749' title='bbox 2691 2826 2737 2882; x_wconf 83' lang='grc' dir='ltr'>εί</span> <span class='ocrx_word' id='word_1_750' title='bbox 2789 2826 2962 2890; x_wconf 72' lang='grc' dir='ltr'>οὕτως</span> <span class='ocrx_word' id='word_1_751' title='bbox 3010 2823 3148 2905; x_wconf 80' lang='grc' dir='ltr'>ἔχει,</span> <span class='ocrx_word' id='word_1_752' title='bbox 3202 2830 3319 2884; x_wconf 90' lang='grc' dir='ltr'>κατ’</span> <span class='ocrx_word' id='word_1_753' title='bbox 3369 2829 3565 2894; x_wconf 74' lang='grc' dir='ltr'>αὐτοὺς</span> <span class='ocrx_word' id='word_1_754' title='bbox 3597 2833 3627 2887; x_wconf 83' lang='grc' dir='ltr'><strong>ὁ</strong></span> <span class='ocrx_word' id='word_1_755' title='bbox 3659 2833 3793 2895; x_wconf 85' lang='grc' dir='ltr'>Θεὸς</span> 
     </span>
    </p>
   </div>
   <div class='ocr_carea' id='block_1_90' title="bbox 2135 2915 3794 2997">
    <p class='ocr_par' dir='ltr' id='par_1_90' title="bbox 2135 2915 3794 2997">
     <span class='ocr_line' id='line_1_93' title="bbox 2135 2915 3794 2997; baseline 0.004 -26"><span class='ocrx_word' id='word_1_756' title='bbox 2135 2917 2390 2993; x_wconf 85' lang='grc' dir='ltr'>τεχνίτης</span> <span class='ocrx_word' id='word_1_757' title='bbox 2422 2916 2581 2991; x_wconf 79' lang='grc' dir='ltr'>μόνον</span> <span class='ocrx_word' id='word_1_758' title='bbox 2615 2916 2707 2972; x_wconf 84' lang='grc' dir='ltr'>καὶ</span> <span class='ocrx_word' id='word_1_759' title='bbox 2741 2915 2802 2971; x_wconf 75' lang='grc' dir='ltr'>οὗ</span> <span class='ocrx_word' id='word_1_760' title='bbox 2832 2916 3056 2987; x_wconf 79' lang='grc' dir='ltr'>κτίστης</span> <span class='ocrx_word' id='word_1_761' title='bbox 3082 2917 3159 2981; x_wconf 80' lang='grc' dir='ltr'>είς</span> <span class='ocrx_word' id='word_1_762' title='bbox 3188 2919 3252 2973; x_wconf 87' lang='grc' dir='ltr'>τὸ</span> <span class='ocrx_word' id='word_1_763' title='bbox 3283 2918 3437 2992; x_wconf 86' lang='grc' dir='ltr'>εἶναι,</span> <span class='ocrx_word' id='word_1_764' title='bbox 3472 2921 3518 2974; x_wconf 81' lang='grc' dir='ltr'>εί</span> <span class='ocrx_word' id='word_1_765' title='bbox 3547 2922 3649 2991; x_wconf 80' lang='grc' dir='ltr'>τήν</span> <span class='ocrx_word' id='word_1_766' title='bbox 3679 2924 3794 2997; x_wconf 85' lang='grc'>(39)</span> 
     </span>
    </p>
   </div>
   <div class='ocr_carea' id='block_1_91' title="bbox 2140 3004 3792 3083">
    <p class='ocr_par' dir='ltr' id='par_1_91' title="bbox 2140 3004 3792 3083">
     <span class='ocr_line' id='line_1_94' title="bbox 2140 3004 3792 3083; baseline 0.003 -22"><span class='ocrx_word' id='word_1_767' title='bbox 2140 3005 2501 3080; x_wconf 79' lang='grc' dir='ltr'>ὑποκειμένην</span> <span class='ocrx_word' id='word_1_768' title='bbox 2534 3004 2672 3077; x_wconf 76' lang='grc' dir='ltr'>ὕλην</span> <span class='ocrx_word' id='word_1_769' title='bbox 2723 3005 3025 3083; x_wconf 80' lang='grc' dir='ltr'>ἐργάζεται,</span> <span class='ocrx_word' id='word_1_770' title='bbox 3078 3014 3180 3077; x_wconf 84' lang='grc' dir='ltr'>τῆς</span> <span class='ocrx_word' id='word_1_771' title='bbox 3213 3004 3272 3063; x_wconf 75' lang='grc' dir='ltr'>δὲ</span> <span class='ocrx_word' id='word_1_772' title='bbox 3319 3007 3460 3081; x_wconf 66' lang='grc' dir='ltr'>⁹ὅλης</span> <span class='ocrx_word' id='word_1_773' title='bbox 3511 3009 3611 3066; x_wconf 78' lang='grc' dir='ltr'>οὐκ</span> <span class='ocrx_word' id='word_1_774' title='bbox 3646 3008 3792 3066; x_wconf 79' lang='grc' dir='ltr'>ἓστιν</span> 
     </span>
    </p>
   </div>
   <div class='ocr_carea' id='block_1_92' title="bbox 2138 3093 3791 3177">
    <p class='ocr_par' dir='ltr' id='par_1_92' title="bbox 2138 3093 3791 3177">
     <span class='ocr_line' id='line_1_95' title="bbox 2138 3093 3791 3177; baseline 0.003 -26"><span class='ocrx_word' id='word_1_775' title='bbox 2138 3096 2299 3158; x_wconf 82' lang='grc' dir='ltr'>αὐτὸς</span> <span class='ocrx_word' id='word_1_776' title='bbox 2326 3093 2519 3159; x_wconf 64' lang='grc' dir='ltr'>αἴτιος.</span> <span class='ocrx_word' id='word_1_777' title='bbox 2553 3094 2799 3151; x_wconf 81' lang='grc' dir='ltr'>Καθόλου</span> <span class='ocrx_word' id='word_1_778' title='bbox 2846 3096 2949 3172; x_wconf 77' lang='grc' dir='ltr'>γαρ</span> <span class='ocrx_word' id='word_1_779' title='bbox 3000 3094 3126 3152; x_wconf 73' lang='grc' dir='ltr'>οὐδὲ</span> <span class='ocrx_word' id='word_1_780' title='bbox 3172 3097 3397 3169; x_wconf 85' lang='grc' dir='ltr'>κτίστης</span> <span class='ocrx_word' id='word_1_781' title='bbox 3429 3097 3488 3153; x_wconf 75' lang='grc' dir='ltr'>ἂν</span> <span class='ocrx_word' id='word_1_782' title='bbox 3538 3100 3791 3177; x_wconf 84' lang='grc' dir='ltr'>Λεχθείη,</span> 
     </span>
    </p>
   </div>
   <div class='ocr_carea' id='block_1_93' title="bbox 2139 3184 3794 3266">
    <p class='ocr_par' dir='ltr' id='par_1_93' title="bbox 2139 3184 3794 3266">
     <span class='ocr_line' id='line_1_96' title="bbox 2139 3184 3794 3266; baseline 0.004 -26"><span class='ocrx_word' id='word_1_783' title='bbox 2139 3186 2184 3240; x_wconf 84' lang='grc' dir='ltr'>εἰ</span> <span class='ocrx_word' id='word_1_784' title='bbox 2237 3187 2313 3260; x_wconf 76' lang='grc' dir='ltr'>μὴ</span> <span class='ocrx_word' id='word_1_785' title='bbox 2346 3184 2514 3256; x_wconf 85' lang='grc' dir='ltr'>κτίζει</span> <span class='ocrx_word' id='word_1_786' title='bbox 2555 3187 2653 3256; x_wconf 78' lang='grc' dir='ltr'>τήν</span> <span class='ocrx_word' id='word_1_787' title='bbox 2705 3184 2865 3257; x_wconf 78' lang='grc' dir='ltr'>ὕλην,</span> <span class='ocrx_word' id='word_1_788' title='bbox 2911 3185 2963 3257; x_wconf 78' lang='grc' dir='ltr'>ἐξ</span> <span class='ocrx_word' id='word_1_789' title='bbox 3007 3189 3076 3256; x_wconf 76' lang='grc' dir='ltr'>ἧς</span> <span class='ocrx_word' id='word_1_790' title='bbox 3126 3186 3217 3241; x_wconf 85' lang='grc' dir='ltr'>καὶ</span> <span class='ocrx_word' id='word_1_791' title='bbox 3266 3188 3335 3243; x_wconf 77' lang='grc' dir='ltr'>τὰ</span> <span class='ocrx_word' id='word_1_792' title='bbox 3378 3189 3659 3246; x_wconf 76' lang='grc' dir='ltr'>κτισθέντα</span> <span class='ocrx_word' id='word_1_793' title='bbox 3703 3191 3794 3266; x_wconf 80' lang='grc' dir='ltr'>γὲ-</span> 
     </span>
    </p>
   </div>
   <div class='ocr_carea' id='block_1_94' title="bbox 2137 3273 3800 3352">
    <p class='ocr_par' dir='ltr' id='par_1_94' title="bbox 2137 3273 3800 3352">
     <span class='ocr_line' id='line_1_97' title="bbox 2137 3273 3800 3352; baseline 0.003 -21"><span class='ocrx_word' id='word_1_794' title='bbox 2137 3297 2316 3352; x_wconf 85' lang='grc' dir='ltr'>γονεν.</span> <span class='ocrx_word' id='word_1_795' title='bbox 2377 3276 2440 3329; x_wconf 74' lang='grc' dir='ltr'>Οἱ</span> <span class='ocrx_word' id='word_1_796' title='bbox 2485 3273 2543 3330; x_wconf 74' lang='grc' dir='ltr'>δὲ</span> <span class='ocrx_word' id='word_1_797' title='bbox 2600 3275 2706 3330; x_wconf 88' lang='grc' dir='ltr'>ἀπὸ</span> <span class='ocrx_word' id='word_1_798' title='bbox 2750 3279 2858 3331; x_wconf 82' lang='grc' dir='ltr'>τῶν</span> <span class='ocrx_word' id='word_1_799' title='bbox 2906 3276 3162 3352; x_wconf 74' lang='grc' dir='ltr'>αἱρέσεων</span> <span class='ocrx_word' id='word_1_800' title='bbox 3214 3273 3393 3339; x_wconf 72' lang='grc' dir='ltr'>ἄλλον,</span> <span class='ocrx_word' id='word_1_801' title='bbox 3431 3278 3644 3342; x_wconf 72' lang='grc' dir='ltr'>ἑαυτοῖς</span> <span class='ocrx_word' id='word_1_802' title='bbox 3673 3280 3800 3336; x_wconf 84' lang='grc' dir='ltr'>ἀνα-</span> 
     </span>
    </p>
   </div>
   <div class='ocr_carea' id='block_1_95' title="bbox 2134 3364 3787 3447">
    <p class='ocr_par' dir='ltr' id='par_1_95' title="bbox 2134 3364 3787 3447">
     <span class='ocr_line' id='line_1_98' title="bbox 2134 3364 3787 3447; baseline 0.003 -26"><span class='ocrx_word' id='word_1_803' title='bbox 2134 3365 2463 3422; x_wconf 86' lang='grc' dir='ltr'>πλάττονται</span> <span class='ocrx_word' id='word_1_804' title='bbox 2487 3364 2826 3443; x_wconf 82' lang='grc' dir='ltr'>δημιουργὸν</span> <span class='ocrx_word' id='word_1_805' title='bbox 2875 3370 2981 3420; x_wconf 82' lang='grc' dir='ltr'>τῶν</span> <span class='ocrx_word' id='word_1_806' title='bbox 3031 3368 3247 3423; x_wconf 87' lang='grc' dir='ltr'>πάντων</span> <span class='ocrx_word' id='word_1_807' title='bbox 3274 3370 3422 3445; x_wconf 82' lang='grc' dir='ltr'>παρὰ</span> <span class='ocrx_word' id='word_1_808' title='bbox 3447 3369 3539 3424; x_wconf 87' lang='grc' dir='ltr'>τὸν</span> <span class='ocrx_word' id='word_1_809' title='bbox 3572 3370 3787 3447; x_wconf 85' lang='grc' dir='ltr'>Πατέρα</span> 
     </span>
    </p>
   </div>
   <div class='ocr_carea' id='block_1_96' title="bbox 2132 3455 3793 3536">
    <p class='ocr_par' dir='ltr' id='par_1_96' title="bbox 2132 3455 3793 3536">
     <span class='ocr_line' id='line_1_99' title="bbox 2132 3455 3793 3536; baseline -0.004 -24"><span class='ocrx_word' id='word_1_810' title='bbox 2132 3461 2230 3512; x_wconf 74' lang='grc' dir='ltr'>τοῦ</span> <span class='ocrx_word' id='word_1_811' title='bbox 2262 3456 2460 3530; x_wconf 81' lang='grc' dir='ltr'>Κυρίου</span> <span class='ocrx_word' id='word_1_812' title='bbox 2508 3457 2668 3529; x_wconf 77' lang='grc' dir='ltr'>ἡμῶν</span> <span class='ocrx_word' id='word_1_813' title='bbox 2712 3459 2891 3525; x_wconf 81' lang='grc' dir='ltr'>Ἰησοῦ</span> <span class='ocrx_word' id='word_1_814' title='bbox 2935 3460 3191 3533; x_wconf 74' lang='grc' dir='ltr'>Χριστοῦ,</span> <span class='ocrx_word' id='word_1_815' title='bbox 3235 3455 3646 3536; x_wconf 76' lang='grc' dir='ltr'>τυφλώττοντες</span> <span class='ocrx_word' id='word_1_816' title='bbox 3694 3455 3793 3533; x_wconf 78' lang='grc' dir='ltr'>μέ.</span> 
     </span>
    </p>
   </div>
   <div class='ocr_carea' id='block_1_97' title="bbox 2135 3543 3793 3625">
    <p class='ocr_par' dir='ltr' id='par_1_97' title="bbox 2135 3543 3793 3625">
     <span class='ocr_line' id='line_1_100' title="bbox 2135 3543 3793 3625; baseline 0.002 -24"><span class='ocrx_word' id='word_1_817' title='bbox 2135 3568 2206 3622; x_wconf 91' lang='grc' dir='ltr'>γα</span> <span class='ocrx_word' id='word_1_818' title='bbox 2232 3545 2323 3601; x_wconf 84' lang='grc' dir='ltr'>καὶ</span> <span class='ocrx_word' id='word_1_819' title='bbox 2369 3544 2494 3621; x_wconf 85' lang='grc' dir='ltr'>περὶ</span> <span class='ocrx_word' id='word_1_820' title='bbox 2527 3543 2560 3599; x_wconf 73' lang='grc' dir='ltr'>ἃ</span> <span class='ocrx_word' id='word_1_821' title='bbox 2587 3546 2933 3622; x_wconf 77' lang='grc' dir='ltr'>φθέγγονται.</span> <span class='ocrx_word' id='word_1_822' title='bbox 2983 3549 3087 3600; x_wconf 79' lang='grc' dir='ltr'>Τοῦ</span> <span class='ocrx_word' id='word_1_823' title='bbox 3131 3546 3237 3623; x_wconf 76' lang='grc' dir='ltr'>γὰρ</span> <span class='ocrx_word' id='word_1_824' title='bbox 3294 3549 3409 3620; x_wconf 77' lang='grc'>(40)</span> <span class='ocrx_word' id='word_1_825' title='bbox 3458 3548 3656 3625; x_wconf 83' lang='grc' dir='ltr'>Κυρίου</span> <span class='ocrx_word' id='word_1_826' title='bbox 3701 3546 3793 3604; x_wconf 80' lang='grc' dir='ltr'>λέ-</span> 
     </span>
    </p>
   </div>
   <div class='ocr_carea' id='block_1_98' title="bbox 2134 3632 3793 3713">
    <p class='ocr_par' dir='ltr' id='par_1_98' title="bbox 2134 3632 3793 3713">
     <span class='ocr_line' id='line_1_101' title="bbox 2134 3632 3793 3713; baseline 0.003 -24"><span class='ocrx_word' id='word_1_827' title='bbox 2134 3657 2328 3712; x_wconf 82' lang='grc' dir='ltr'>γοντος</span> <span class='ocrx_word' id='word_1_828' title='bbox 2385 3637 2521 3709; x_wconf 88' lang='grc' dir='ltr'>πρὸς</span> <span class='ocrx_word' id='word_1_829' title='bbox 2583 3633 2711 3697; x_wconf 78' lang='grc' dir='ltr'>τοὺς</span> <span class='ocrx_word' id='word_1_830' title='bbox 2770 3632 3098 3697; x_wconf 81' lang='grc' dir='ltr'>Ἰουδαίους⁸</span> <span class='ocrx_word' id='word_1_831' title='bbox 3158 3635 3273 3693; x_wconf 79' lang='grc' dir='ltr'>Οὐκ</span> <span class='ocrx_word' id='word_1_832' title='bbox 3330 3636 3598 3713; x_wconf 80' lang='grc' dir='ltr'>ἀνέγνωτε</span> <span class='ocrx_word' id='word_1_833' title='bbox 3631 3681 3645 3708; x_wconf 85' lang='grc'>,</span> <span class='ocrx_word' id='word_1_834' title='bbox 3705 3637 3793 3694; x_wconf 77' lang='grc' dir='ltr'>ὅτι</span> 
     </span>
    </p>
   </div>
   <div class='ocr_carea' id='block_1_99' title="bbox 2136 3721 3788 3802">
    <p class='ocr_par' dir='ltr' id='par_1_99' title="bbox 2136 3721 3788 3802">
     <span class='ocr_line' id='line_1_102' title="bbox 2136 3721 3788 3802; baseline 0.001 -21"><span class='ocrx_word' id='word_1_835' title='bbox 2136 3726 2227 3781; x_wconf 82' lang='grc' dir='ltr'>ἀπ’</span> <span class='ocrx_word' id='word_1_836' title='bbox 2279 3725 2459 3802; x_wconf 81' lang='grc' dir='ltr'>ἀρχῆς</span> <span class='ocrx_word' id='word_1_837' title='bbox 2507 3725 2534 3779; x_wconf 89' lang='grc' dir='ltr'>ὁ</span> <span class='ocrx_word' id='word_1_838' title='bbox 2575 3723 2761 3787; x_wconf 88' lang='grc' dir='ltr'>κτίσας</span> <span class='ocrx_word' id='word_1_839' title='bbox 2821 3721 2976 3798; x_wconf 72' lang='grc' dir='ltr'>ἄρσεν</span> <span class='ocrx_word' id='word_1_840' title='bbox 3034 3724 3125 3780; x_wconf 83' lang='grc' dir='ltr'>καὶ</span> <span class='ocrx_word' id='word_1_841' title='bbox 3183 3723 3325 3796; x_wconf 80' lang='grc' dir='ltr'>θῆλυ</span> <span class='ocrx_word' id='word_1_842' title='bbox 3379 3724 3632 3798; x_wconf 79' lang='grc' dir='ltr'>ἐποίησεν</span> <span class='ocrx_word' id='word_1_843' title='bbox 3690 3727 3788 3783; x_wconf 81' lang='grc' dir='ltr'>αὐ-</span> 
     </span>
    </p>
   </div>
   <div class='ocr_carea' id='block_1_100' title="bbox 2132 3813 3785 3891">
    <p class='ocr_par' dir='ltr' id='par_1_100' title="bbox 2132 3813 3785 3891">
     <span class='ocr_line' id='line_1_103' title="bbox 2132 3813 3785 3891; baseline 0.001 -21"><span class='ocrx_word' id='word_1_844' title='bbox 2132 3814 2260 3879; x_wconf 78' lang='grc' dir='ltr'>τοὺς</span> <span class='ocrx_word' id='word_1_845' title='bbox 2290 3859 2304 3887; x_wconf 87' lang='grc'>,</span> <span class='ocrx_word' id='word_1_846' title='bbox 2361 3815 2451 3870; x_wconf 82' lang='grc' dir='ltr'>καὶ</span> <span class='ocrx_word' id='word_1_847' title='bbox 2510 3813 2653 3869; x_wconf 82' lang='grc' dir='ltr'>εἶπεν</span> <span class='ocrx_word' id='word_1_848' title='bbox 2689 3833 2701 3846; x_wconf 76' lang='grc'><strong>⁸</strong></span> <span class='ocrx_word' id='word_1_849' title='bbox 2760 3816 2976 3870; x_wconf 87' lang='grc' dir='ltr'>Ἕνεκεν</span> <span class='ocrx_word' id='word_1_850' title='bbox 3054 3814 3251 3871; x_wconf 79' lang='grc' dir='ltr'>τούτου</span> <span class='ocrx_word' id='word_1_851' title='bbox 3316 3813 3633 3891; x_wconf 83' lang='grc' dir='ltr'>καταλείψει</span> <span class='ocrx_word' id='word_1_852' title='bbox 3691 3815 3785 3872; x_wconf 75' lang='grc' dir='ltr'>ἄν·</span> 
     </span>
    </p>
   </div>
   <div class='ocr_carea' id='block_1_101' title="bbox 2134 3902 3788 3983">
    <p class='ocr_par' dir='ltr' id='par_1_101' title="bbox 2134 3902 3788 3983">
     <span class='ocr_line' id='line_1_104' title="bbox 2134 3902 3788 3983; baseline 0.002 -24"><span class='ocrx_word' id='word_1_853' title='bbox 2134 3906 2351 3977; x_wconf 83' lang='grc' dir='ltr'>Ορωπος</span> <span class='ocrx_word' id='word_1_854' title='bbox 2399 3904 2491 3958; x_wconf 90' lang='grc' dir='ltr'>τὸν</span> <span class='ocrx_word' id='word_1_855' title='bbox 2569 3903 2774 3978; x_wconf 82' lang='grc' dir='ltr'>πατέρα</span> <span class='ocrx_word' id='word_1_856' title='bbox 2841 3902 2933 3958; x_wconf 82' lang='grc' dir='ltr'>καὶ</span> <span class='ocrx_word' id='word_1_857' title='bbox 3005 3905 3106 3974; x_wconf 79' lang='grc' dir='ltr'>τήν</span> <span class='ocrx_word' id='word_1_858' title='bbox 3189 3907 3399 3983; x_wconf 81' lang='grc' dir='ltr'>μητέρα</span> <span class='ocrx_word' id='word_1_859' title='bbox 3474 3906 3638 3961; x_wconf 78' lang='grc' dir='ltr'>αὐτοῦ</span> <span class='ocrx_word' id='word_1_860' title='bbox 3695 3908 3788 3962; x_wconf 73' lang='grc' dir='ltr'>καὶ</span> 
     </span>
    </p>
   </div>
   <div class='ocr_carea' id='block_1_102' title="bbox 2132 3986 3785 4071">
    <p class='ocr_par' dir='ltr' id='par_1_102' title="bbox 2132 3986 3785 4071">
     <span class='ocr_line' id='line_1_105' title="bbox 2132 3986 3785 4071; baseline 0.001 -22"><span class='ocrx_word' id='word_1_861' title='bbox 2132 3990 2679 4071; x_wconf 76' lang='grc' dir='ltr'>προσκολληθήσεται</span> <span class='ocrx_word' id='word_1_862' title='bbox 2736 3986 2804 4067; x_wconf 80' lang='grc' dir='ltr'>τῇ</span> <span class='ocrx_word' id='word_1_863' title='bbox 2880 3994 3094 4069; x_wconf 90' lang='grc' dir='ltr'>γυναικὶ</span> <span class='ocrx_word' id='word_1_864' title='bbox 3153 3994 3319 4050; x_wconf 74' lang='grc' dir='ltr'>αὐτοῦ</span> <span class='ocrx_word' id='word_1_865' title='bbox 3353 4017 3366 4031; x_wconf 90' lang='grc'>·</span> <span class='ocrx_word' id='word_1_866' title='bbox 3425 3996 3515 4050; x_wconf 80' lang='grc' dir='ltr'>καὶ</span> <span class='ocrx_word' id='word_1_867' title='bbox 3576 3993 3785 4053; x_wconf 75' lang='grc' dir='ltr'>ἔσονται</span> 
     </span>
    </p>
   </div>
   <div class='ocr_carea' id='block_1_103' title="bbox 2135 4081 3788 4159">
    <p class='ocr_par' dir='ltr' id='par_1_103' title="bbox 2135 4081 3788 4159">
     <span class='ocr_line' id='line_1_106' title="bbox 2135 4081 3788 4159; baseline 0.002 -21"><span class='ocrx_word' id='word_1_868' title='bbox 2135 4084 2187 4139; x_wconf 76' lang='grc' dir='ltr'>οἱ</span> <span class='ocrx_word' id='word_1_869' title='bbox 2238 4081 2333 4138; x_wconf 77' lang='grc' dir='ltr'>δύο</span> <span class='ocrx_word' id='word_1_870' title='bbox 2391 4082 2467 4146; x_wconf 83' lang='grc' dir='ltr'>εἷς</span> <span class='ocrx_word' id='word_1_871' title='bbox 2524 4084 2694 4159; x_wconf 82' lang='grc' dir='ltr'>σάρκα</span> <span class='ocrx_word' id='word_1_872' title='bbox 2745 4082 2890 4155; x_wconf 82' lang='grc' dir='ltr'>μίαν·</span> <span class='ocrx_word' id='word_1_873' title='bbox 2952 4083 3066 4138; x_wconf 77' lang='grc' dir='ltr'>εἶτα</span> <span class='ocrx_word' id='word_1_874' title='bbox 3118 4084 3402 4157; x_wconf 81' lang='grc' dir='ltr'>σημαίνων</span> <span class='ocrx_word' id='word_1_875' title='bbox 3432 4086 3525 4141; x_wconf 88' lang='grc' dir='ltr'>τὸν</span> <span class='ocrx_word' id='word_1_876' title='bbox 3573 4086 3788 4142; x_wconf 85' lang='grc' dir='ltr'>κτίσαν-</span> 
     </span>
    </p>
   </div>
   <div class='ocr_carea' id='block_1_104' title="bbox 2130 4168 3788 4253">
    <p class='ocr_par' dir='ltr' id='par_1_104' title="bbox 2130 4168 3788 4253">
     <span class='ocr_line' id='line_1_107' title="bbox 2130 4168 3788 4253; baseline 0.002 -26"><span class='ocrx_word' id='word_1_877' title='bbox 2130 4173 2198 4227; x_wconf 87' lang='grc' dir='ltr'>τά</span> <span class='ocrx_word' id='word_1_878' title='bbox 2261 4193 2422 4251; x_wconf 76' lang='grc' dir='ltr'>φησιν</span> <span class='ocrx_word' id='word_1_879' title='bbox 2473 4190 2487 4204; x_wconf 82' lang='lat'><strong><em>°</em></strong></span> <span class='ocrx_word' id='word_1_880' title='bbox 2543 4175 2605 4225; x_wconf 92' lang='grc' dir='ltr'><strong>Ὃ</strong></span> <span class='ocrx_word' id='word_1_881' title='bbox 2656 4168 2749 4226; x_wconf 72' lang='grc' dir='ltr'>οὖν</span> <span class='ocrx_word' id='word_1_882' title='bbox 2807 4173 2835 4226; x_wconf 92' lang='grc' dir='ltr'>ὁ</span> <span class='ocrx_word' id='word_1_883' title='bbox 2893 4172 3023 4234; x_wconf 89' lang='grc' dir='ltr'>Θεὸς</span> <span class='ocrx_word' id='word_1_884' title='bbox 3084 4173 3383 4244; x_wconf 72' lang='grc' dir='ltr'>συνέζευξεν</span> <span class='ocrx_word' id='word_1_885' title='bbox 3420 4217 3435 4243; x_wconf 90' lang='grc'>,</span> <span class='ocrx_word' id='word_1_886' title='bbox 3504 4172 3788 4253; x_wconf 78' lang='grc' dir='ltr'>ἅνθρωπος</span> 
     </span>
    </p>
   </div>
   <div class='ocr_carea' id='block_1_105' title="bbox 2136 4261 3788 4340">
    <p class='ocr_par' dir='ltr' id='par_1_105' title="bbox 2136 4261 3788 4340">
     <span class='ocr_line' id='line_1_108' title="bbox 2136 4261 3788 4340; baseline 0.002 -24"><span class='ocrx_word' id='word_1_887' title='bbox 2136 4264 2211 4337; x_wconf 80' lang='grc' dir='ltr'>μὴ</span> <span class='ocrx_word' id='word_1_888' title='bbox 2243 4262 2552 4339; x_wconf 60' lang='grc' dir='ltr'>χωριζέτω</span> <span class='ocrx_word' id='word_1_889' title='bbox 2585 4265 2702 4324; x_wconf 79' lang='grc' dir='ltr'>πῶς</span> <span class='ocrx_word' id='word_1_890' title='bbox 2755 4261 2906 4316; x_wconf 76' lang='grc' dir='ltr'>οὗτοι</span> <span class='ocrx_word' id='word_1_891' title='bbox 2956 4261 3105 4333; x_wconf 79' lang='grc' dir='ltr'>ξένην</span> <span class='ocrx_word' id='word_1_892' title='bbox 3148 4267 3245 4318; x_wconf 79' lang='grc' dir='ltr'>τοῦ</span> <span class='ocrx_word' id='word_1_893' title='bbox 3276 4264 3488 4340; x_wconf 87' lang='grc' dir='ltr'>Πατρὸς</span> <span class='ocrx_word' id='word_1_894' title='bbox 3538 4265 3639 4335; x_wconf 81' lang='grc' dir='ltr'>τήν</span> <span class='ocrx_word' id='word_1_895' title='bbox 3669 4264 3788 4320; x_wconf 86' lang='grc' dir='ltr'>κτί-</span> 
     </span>
    </p>
   </div>
   <div class='ocr_carea' id='block_1_106' title="bbox 2133 4348 3787 4429">
    <p class='ocr_par' dir='ltr' id='par_1_106' title="bbox 2133 4348 3787 4429">
     <span class='ocr_line' id='line_1_109' title="bbox 2133 4348 3787 4429; baseline 0.001 -22"><span class='ocrx_word' id='word_1_896' title='bbox 2133 4374 2213 4407; x_wconf 85' lang='grc' dir='ltr'>σιν</span> <span class='ocrx_word' id='word_1_897' title='bbox 2249 4352 2551 4427; x_wconf 80' lang='grc' dir='ltr'>εἰσάγουσιν</span> <span class='ocrx_word' id='word_1_898' title='bbox 2579 4370 2592 4421; x_wconf 90' lang='grc'><strong>;</strong></span> <span class='ocrx_word' id='word_1_899' title='bbox 2624 4351 2689 4405; x_wconf 82' lang='lat' dir='ltr'>El</span> <span class='ocrx_word' id='word_1_900' title='bbox 2737 4348 2795 4407; x_wconf 75' lang='grc' dir='ltr'>δὲ</span> <span class='ocrx_word' id='word_1_901' title='bbox 2836 4352 2973 4407; x_wconf 83' lang='grc' dir='ltr'>κατὰ</span> <span class='ocrx_word' id='word_1_902' title='bbox 3018 4352 3110 4407; x_wconf 89' lang='grc' dir='ltr'>τὸν</span> <span class='ocrx_word' id='word_1_903' title='bbox 3142 4354 3397 4424; x_wconf 75' lang='grc' dir='ltr'>Ἰωάννην</span> <span class='ocrx_word' id='word_1_904' title='bbox 3428 4353 3603 4409; x_wconf 83' lang='grc' dir='ltr'>πάντα</span> <span class='ocrx_word' id='word_1_905' title='bbox 3632 4374 3787 4429; x_wconf 86' lang='grc' dir='ltr'>περι-</span> 
     </span>
    </p>
   </div>
   <div class='ocr_carea' id='block_1_107' title="bbox 2132 4436 3787 4519">
    <p class='ocr_par' dir='ltr' id='par_1_107' title="bbox 2132 4436 3787 4519">
     <span class='ocr_line' id='line_1_110' title="bbox 2132 4436 3787 4519; baseline 0.002 -23"><span class='ocrx_word' id='word_1_906' title='bbox 2132 4436 2371 4496; x_wconf 75' lang='grc' dir='ltr'>λαϐόντα</span> <span class='ocrx_word' id='word_1_907' title='bbox 2414 4442 2505 4496; x_wconf 82' lang='grc' dir='ltr'>καὶ</span> <span class='ocrx_word' id='word_1_908' title='bbox 2556 4439 2802 4517; x_wconf 86' lang='grc' dir='ltr'>λέγοντα·</span> <span class='ocrx_word' id='word_1_909' title='bbox 2849 4442 3030 4496; x_wconf 88' lang='grc' dir='ltr'>Πάντα</span> <span class='ocrx_word' id='word_1_910' title='bbox 3080 4439 3152 4496; x_wconf 84' lang='grc' dir='ltr'>δι’</span> <span class='ocrx_word' id='word_1_911' title='bbox 3199 4442 3363 4498; x_wconf 79' lang='grc' dir='ltr'>αὐτοῦ</span> <span class='ocrx_word' id='word_1_912' title='bbox 3412 4443 3643 4519; x_wconf 78' lang='grc' dir='ltr'>ἐγένετο,</span> <span class='ocrx_word' id='word_1_913' title='bbox 3693 4444 3787 4499; x_wconf 79' lang='grc' dir='ltr'>καὶ</span> 
     </span>
    </p>
   </div>
   <div class='ocr_carea' id='block_1_108' title="bbox 2130 4527 3787 4607">
    <p class='ocr_par' dir='ltr' id='par_1_108' title="bbox 2130 4527 3787 4607">
     <span class='ocr_line' id='line_1_111' title="bbox 2130 4527 3787 4607; baseline 0.002 -22"><span class='ocrx_word' id='word_1_914' title='bbox 2130 4531 2307 4607; x_wconf 84' lang='grc' dir='ltr'>χωρὶς</span> <span class='ocrx_word' id='word_1_915' title='bbox 2360 4530 2525 4586; x_wconf 76' lang='grc' dir='ltr'>αὐτοῦ</span> <span class='ocrx_word' id='word_1_916' title='bbox 2574 4528 2786 4606; x_wconf 78' lang='grc' dir='ltr'>ἐγένετο</span> <span class='ocrx_word' id='word_1_917' title='bbox 2835 4528 2961 4585; x_wconf 72' lang='grc' dir='ltr'>οὐδὲ</span> <span class='ocrx_word' id='word_1_918' title='bbox 3003 4527 3080 4586; x_wconf 69' lang='grc' dir='ltr'>ἓν·</span> <span class='ocrx_word' id='word_1_919' title='bbox 3131 4536 3251 4595; x_wconf 80' lang='grc' dir='ltr'>πῶς</span> <span class='ocrx_word' id='word_1_920' title='bbox 3296 4530 3355 4588; x_wconf 74' lang='grc' dir='ltr'>ἂν</span> <span class='ocrx_word' id='word_1_921' title='bbox 3403 4530 3576 4595; x_wconf 77' lang='grc' dir='ltr'>ἄλλος</span> <span class='ocrx_word' id='word_1_922' title='bbox 3619 4529 3705 4602; x_wconf 70' lang='grc' dir='ltr'>εἴη</span> <span class='ocrx_word' id='word_1_923' title='bbox 3754 4533 3787 4589; x_wconf 80' lang='grc' dir='ltr'>ὁ</span> 
     </span>
    </p>
   </div>
   <div class='ocr_carea' id='block_1_109' title="bbox 2131 4617 3412 4698">
    <p class='ocr_par' dir='ltr' id='par_1_109' title="bbox 2131 4617 3412 4698">
     <span class='ocr_line' id='line_1_112' title="bbox 2131 4617 3412 4698; baseline 0.001 -23"><span class='ocrx_word' id='word_1_924' title='bbox 2131 4617 2473 4697; x_wconf 78' lang='grc' dir='ltr'>δημιουργὸς</span> <span class='ocrx_word' id='word_1_925' title='bbox 2500 4620 2647 4697; x_wconf 84' lang='grc' dir='ltr'>παρὰ</span> <span class='ocrx_word' id='word_1_926' title='bbox 2673 4620 2764 4675; x_wconf 89' lang='grc' dir='ltr'>τὸν</span> <span class='ocrx_word' id='word_1_927' title='bbox 2794 4620 3007 4697; x_wconf 75' lang='grc' dir='ltr'>Πατέρα</span> <span class='ocrx_word' id='word_1_928' title='bbox 3033 4624 3131 4675; x_wconf 80' lang='grc' dir='ltr'>τοῦ</span> <span class='ocrx_word' id='word_1_929' title='bbox 3160 4626 3412 4698; x_wconf 75' lang='grc' dir='ltr'>Χριστοῦ·</span> 
     </span>
    </p>
   </div>
   <div class='ocr_carea' id='block_1_110' title="bbox 2199 4798 3784 4878">
    <p class='ocr_par' dir='ltr' id='par_1_110' title="bbox 2199 4798 3784 4878">
     <span class='ocr_line' id='line_1_113' title="bbox 2199 4798 3784 4878; baseline 0 -20"><span class='ocrx_word' id='word_1_930' title='bbox 2199 4803 2253 4859; x_wconf 89' lang='lat'>3.</span> <span class='ocrx_word' id='word_1_931' title='bbox 2284 4805 2459 4856; x_wconf 74' lang='grc' dir='ltr'>Ταῦτα</span> <span class='ocrx_word' id='word_1_932' title='bbox 2510 4802 2605 4874; x_wconf 72' lang='grc' dir='ltr'>μὶν</span> <span class='ocrx_word' id='word_1_933' title='bbox 2657 4798 2807 4857; x_wconf 80' lang='grc' dir='ltr'>οὗτοι</span> <span class='ocrx_word' id='word_1_934' title='bbox 2859 4799 3280 4878; x_wconf 78' lang='grc' dir='ltr'>μυθολογοῦσιν·</span> <span class='ocrx_word' id='word_1_935' title='bbox 3315 4806 3350 4874; x_wconf 79' lang='grc' dir='ltr'>ἡ</span> <span class='ocrx_word' id='word_1_936' title='bbox 3383 4801 3442 4859; x_wconf 73' lang='grc' dir='ltr'>δὲ</span> <span class='ocrx_word' id='word_1_937' title='bbox 3469 4800 3652 4867; x_wconf 83' lang='grc' dir='ltr'>ἔνθεος</span> <span class='ocrx_word' id='word_1_938' title='bbox 3699 4801 3784 4859; x_wconf 86' lang='grc' dir='ltr'>δι-</span> 
     </span>
    </p>
   </div>
   <div class='ocr_carea' id='block_1_111' title="bbox 2126 5030 3598 5096">
    <p class='ocr_par' dir='ltr' id='par_1_111' title="bbox 2126 5030 3598 5096">
     <span class='ocr_line' id='line_1_114' title="bbox 2126 5030 3598 5096; baseline 0 -3"><span class='ocrx_word' id='word_1_939' title='bbox 2126 5053 2300 5094; x_wconf 89' lang='lat' dir='ltr'>anon.</span> <span class='ocrx_word' id='word_1_940' title='bbox 2335 5030 2482 5096; x_wconf 75' lang='grc' dir='ltr'>ὅλως</span> <span class='ocrx_word' id='word_1_941' title='bbox 2513 5035 2763 5092; x_wconf 87' lang='lat' dir='ltr'>habent:</span> <span class='ocrx_word' id='word_1_942' title='bbox 2799 5035 2898 5092; x_wconf 90' lang='lat' dir='ltr'>alii</span> <span class='ocrx_word' id='word_1_943' title='bbox 2930 5053 3061 5093; x_wconf 89' lang='lat' dir='ltr'>cum</span> <span class='ocrx_word' id='word_1_944' title='bbox 3097 5037 3272 5094; x_wconf 87' lang='lat' dir='ltr'>editis</span> <span class='ocrx_word' id='word_1_945' title='bbox 3297 5037 3598 5093; x_wconf 90' lang='lat' dir='ltr'>omittunt.</span> 
     </span>
    </p>
   </div>
   <div class='ocr_carea' id='block_1_112' title="bbox 2196 5108 3783 5182">
    <p class='ocr_par' dir='ltr' id='par_1_112' title="bbox 2196 5108 3783 5182">
     <span class='ocr_line' id='line_1_115' title="bbox 2196 5108 3783 5182; baseline 0 -19"><span class='ocrx_word' id='word_1_946' title='bbox 2196 5109 2310 5182; x_wconf 84' lang='lat'>(38)</span> <span class='ocrx_word' id='word_1_947' title='bbox 2343 5108 2436 5182; x_wconf 88' lang='lat' dir='ltr'>Sic</span> <span class='ocrx_word' id='word_1_948' title='bbox 2469 5109 2710 5182; x_wconf 85' lang='lat' dir='ltr'>Seguer._</span> <span class='ocrx_word' id='word_1_949' title='bbox 2743 5108 2940 5182; x_wconf 85' lang='lat' dir='ltr'>Basil.,</span> <span class='ocrx_word' id='word_1_950' title='bbox 2971 5114 3027 5165; x_wconf 89' lang='lat' dir='ltr'>et</span> <span class='ocrx_word' id='word_1_951' title='bbox 3057 5108 3231 5182; x_wconf 82' lang='lat' dir='ltr'>Angl.</span> <span class='ocrx_word' id='word_1_952' title='bbox 3263 5112 3337 5165; x_wconf 88' lang='lat' dir='ltr'>At</span> <span class='ocrx_word' id='word_1_953' title='bbox 3365 5110 3426 5165; x_wconf 93' lang='lat' dir='ltr'>in</span> <span class='ocrx_word' id='word_1_954' title='bbox 3457 5108 3783 5182; x_wconf 78' lang='lat' dir='ltr'>Gobler,et</span> 
     </span>
    </p>
   </div>
   <div class='ocr_carea' id='block_1_113' title="bbox 2124 5179 3777 5255">
    <p class='ocr_par' dir='ltr' id='par_1_113' title="bbox 2124 5179 3777 5255">
     <span class='ocr_line' id='line_1_116' title="bbox 2124 5179 3777 5255; baseline 0.001 -20"><span class='ocrx_word' id='word_1_955' title='bbox 2124 5179 2315 5237; x_wconf 80' lang='lat' dir='ltr'>Felck.</span> <span class='ocrx_word' id='word_1_956' title='bbox 2338 5181 2402 5255; x_wconf 20' lang='lat'>‘1.</span> <span class='ocrx_word' id='word_1_957' title='bbox 2438 5179 2612 5255; x_wconf 50' lang='lat' dir='ltr'>anon,</span> <span class='ocrx_word' id='word_1_958' title='bbox 2645 5179 2749 5255; x_wconf 66' lang='grc' dir='ltr'>γάρ</span> <span class='ocrx_word' id='word_1_959' title='bbox 2781 5181 2966 5255; x_wconf 82' lang='lat' dir='ltr'>deest,</span> <span class='ocrx_word' id='word_1_960' title='bbox 2998 5186 3063 5236; x_wconf 87' lang='lat' dir='ltr'>ut</span> <span class='ocrx_word' id='word_1_961' title='bbox 3092 5179 3309 5255; x_wconf 51' lang='grc' dir='ltr'>θίγοῦν</span> <span class='ocrx_word' id='word_1_962' title='bbox 3344 5181 3500 5254; x_wconf 90' lang='lat' dir='ltr'>quod</span> <span class='ocrx_word' id='word_1_963' title='bbox 3533 5182 3591 5238; x_wconf 91' lang='lat' dir='ltr'>in</span> <span class='ocrx_word' id='word_1_964' title='bbox 3640 5179 3777 5238; x_wconf 90' lang='lat' dir='ltr'>aliis</span> 
     </span>
    </p>
   </div>
   <div class='ocr_carea' id='block_1_114' title="bbox 2124 5251 2915 5325">
    <p class='ocr_par' dir='ltr' id='par_1_114' title="bbox 2124 5251 2915 5325">
     <span class='ocr_line' id='line_1_117' title="bbox 2124 5251 2915 5325; baseline -0.001 -17"><span class='ocrx_word' id='word_1_965' title='bbox 2124 5259 2182 5309; x_wconf 90' lang='lat' dir='ltr'>et</span> <span class='ocrx_word' id='word_1_966' title='bbox 2209 5252 2384 5308; x_wconf 83' lang='lat' dir='ltr'>editis</span> <span class='ocrx_word' id='word_1_967' title='bbox 2415 5268 2517 5323; x_wconf 91' lang='lat' dir='ltr'>pro</span> <span class='ocrx_word' id='word_1_968' title='bbox 2548 5251 2915 5325; x_wconf 62' lang='lat' dir='ltr'>yatg&#39;legitur.</span> 
     </span>
    </p>
   </div>
   <div class='ocr_carea' id='block_1_115' title="bbox 2195 5322 3781 5395">
    <p class='ocr_par' dir='ltr' id='par_1_115' title="bbox 2195 5322 3781 5395">
     <span class='ocr_line' id='line_1_118' title="bbox 2195 5322 3781 5395; baseline -0.001 -17"><span class='ocrx_word' id='word_1_969' title='bbox 2195 5326 2305 5395; x_wconf 83' lang='lat'>(39)</span> <span class='ocrx_word' id='word_1_970' title='bbox 2336 5322 2595 5395; x_wconf 63' lang='lat' dir='ltr'>Seguerl,</span> <span class='ocrx_word' id='word_1_971' title='bbox 2624 5322 2673 5375; x_wconf 67' lang='grc' dir='ltr'>ετ</span> <span class='ocrx_word' id='word_1_972' title='bbox 2700 5322 2778 5378; x_wconf 78' lang='grc' dir='ltr'>τέ.</span> <span class='ocrx_word' id='word_1_973' title='bbox 2828 5323 3058 5379; x_wconf 89' lang='lat' dir='ltr'>Gobler.</span> <span class='ocrx_word' id='word_1_974' title='bbox 3109 5328 3169 5381; x_wconf 91' lang='lat' dir='ltr'>et</span> <span class='ocrx_word' id='word_1_975' title='bbox 3215 5322 3471 5381; x_wconf 85' lang='lat' dir='ltr'>Felckm.</span> <span class='ocrx_word' id='word_1_976' title='bbox 3507 5324 3533 5379; x_wconf 91' lang='grc'>1</span> <span class='ocrx_word' id='word_1_977' title='bbox 3568 5340 3663 5380; x_wconf 90' lang='lat' dir='ltr'>an.</span> <span class='ocrx_word' id='word_1_978' title='bbox 3729 5331 3781 5376; x_wconf 83' lang='grc' dir='ltr'>εϊ</span> 
     </span>
    </p>
   </div>
   <div class='ocr_carea' id='block_1_116' title="bbox 2122 5395 3778 5535">
    <p class='ocr_par' dir='ltr' id='par_1_116' title="bbox 2122 5395 3778 5535">
     <span class='ocr_line' id='line_1_119' title="bbox 2122 5395 3778 5469; baseline 0.002 -22"><span class='ocrx_word' id='word_1_979' title='bbox 2122 5414 2204 5467; x_wconf 87' lang='grc' dir='ltr'>γε,</span> <span class='ocrx_word' id='word_1_980' title='bbox 2238 5395 2337 5465; x_wconf 83' lang='lat' dir='ltr'>qui</span> <span class='ocrx_word' id='word_1_981' title='bbox 2370 5395 2548 5450; x_wconf 90' lang='lat' dir='ltr'>iidem</span> <span class='ocrx_word' id='word_1_982' title='bbox 2574 5395 2809 5468; x_wconf 77' lang='lat' dir='ltr'>Segucr.</span> <span class='ocrx_word' id='word_1_983' title='bbox 2841 5395 3156 5452; x_wconf 79' lang='lat' dir='ltr'>etGebler.</span> <span class='ocrx_word' id='word_1_984' title='bbox 3178 5396 3356 5469; x_wconf 89' lang='lat' dir='ltr'>paulo</span> <span class='ocrx_word' id='word_1_985' title='bbox 3384 5395 3778 5469; x_wconf 89' lang='lat' dir='ltr'>posthabent,</span> 
     </span>
     <span class='ocr_line' id='line_1_120' title="bbox 2124 5465 2600 5535; baseline 0.004 -17"><span class='ocrx_word' id='word_1_986' title='bbox 2124 5476 2172 5518; x_wconf 81' lang='grc' dir='ltr'>εϊ</span> <span class='ocrx_word' id='word_1_987' title='bbox 2196 5486 2260 5535; x_wconf 90' lang='grc' dir='ltr'>γε</span> <span class='ocrx_word' id='word_1_988' title='bbox 2294 5466 2368 5535; x_wconf 78' lang='grc' dir='ltr'>μή</span> <span class='ocrx_word' id='word_1_989' title='bbox 2406 5465 2600 5534; x_wconf 87' lang='grc' dir='ltr'>κτίζει.</span> 
     </span>
    </p>
   </div>
   <div class='ocr_carea' id='block_1_117' title="bbox 2124 5465 2600 5522">
    <p class='ocr_par' dir='ltr' id='par_1_117' title="bbox 2124 5465 2600 5522">
     <span class='ocr_line' id='line_1_121' title="bbox 2124 5465 2600 5522; baseline 0.008 -4"><span class='ocrx_word' id='word_1_990' title='bbox 2124 5465 2172 5518; x_wconf 73' lang='grc' dir='ltr'>εἴ</span> <span class='ocrx_word' id='word_1_991' title='bbox 2196 5486 2260 5522; x_wconf 82' lang='grc' dir='ltr'>γε</span> <span class='ocrx_word' id='word_1_992' title='bbox 2294 5466 2368 5522; x_wconf 71' lang='grc' dir='ltr'>μή</span> <span class='ocrx_word' id='word_1_993' title='bbox 2406 5465 2600 5522; x_wconf 80' lang='grc' dir='ltr'>κτίζει.</span> 
     </span>
    </p>
   </div>
   <div class='ocr_carea' id='block_1_118' title="bbox 2193 5470 3776 5613">
    <p class='ocr_par' dir='ltr' id='par_1_118' title="bbox 2193 5470 3776 5613">
     <span class='ocr_line' id='line_1_122' title="bbox 2196 5470 2600 5539; baseline 0.007 -20"><span class='ocrx_word' id='word_1_994' title='bbox 2196 5486 2260 5539; x_wconf 87' lang='grc' dir='ltr'>γε</span> <span class='ocrx_word' id='word_1_995' title='bbox 2294 5470 2368 5537; x_wconf 76' lang='grc' dir='ltr'>μή</span> <span class='ocrx_word' id='word_1_996' title='bbox 2406 5470 2600 5534; x_wconf 86' lang='grc' dir='ltr'>κτίζει.</span> 
     </span>
     <span class='ocr_line' id='line_1_123' title="bbox 2193 5537 3776 5613; baseline 0 -22"><span class='ocrx_word' id='word_1_997' title='bbox 2193 5539 2304 5613; x_wconf 65' lang='lat' dir='ltr'>(le)</span> <span class='ocrx_word' id='word_1_998' title='bbox 2337 5537 2565 5613; x_wconf 76' lang='lat' dir='ltr'>Gohler.</span> <span class='ocrx_word' id='word_1_999' title='bbox 2600 5542 2656 5595; x_wconf 91' lang='lat' dir='ltr'>et</span> <span class='ocrx_word' id='word_1_1000' title='bbox 2686 5537 2947 5613; x_wconf 68' lang='lat' dir='ltr'>Eelckm.</span> <span class='ocrx_word' id='word_1_1001' title='bbox 2977 5539 3004 5613; x_wconf 72' lang='lat' dir='ltr'>i</span> <span class='ocrx_word' id='word_1_1002' title='bbox 3038 5537 3645 5613; x_wconf 15' lang='lat' dir='ltr'>anon.iparticulam_</span> <span class='ocrx_word' id='word_1_1003' title='bbox 3671 5537 3776 5613; x_wconf 83' lang='grc' dir='ltr'>γάρ</span> 
     </span>
    </p>
   </div>
   <div class='ocr_carea' id='block_1_119' title="bbox 2122 5609 3774 5686">
    <p class='ocr_par' dir='ltr' id='par_1_119' title="bbox 2122 5609 3774 5686">
     <span class='ocr_line' id='line_1_124' title="bbox 2122 5609 3774 5686; baseline 0.001 -21"><span class='ocrx_word' id='word_1_1004' title='bbox 2122 5609 2236 5686; x_wconf 71' lang='lat' dir='ltr'>non</span> <span class='ocrx_word' id='word_1_1005' title='bbox 2268 5610 2503 5686; x_wconf 77' lang='lat' dir='ltr'>habent.</span> <span class='ocrx_word' id='word_1_1006' title='bbox 2537 5614 2664 5667; x_wconf 82' lang='lat' dir='ltr'>Mox</span> <span class='ocrx_word' id='word_1_1007' title='bbox 2692 5611 2833 5666; x_wconf 90' lang='lat' dir='ltr'>ibid.</span> <span class='ocrx_word' id='word_1_1008' title='bbox 2858 5609 2949 5663; x_wconf 86' lang='grc' dir='ltr'>ἀπ’</span> <span class='ocrx_word' id='word_1_1009' title='bbox 2979 5609 3600 5686; x_wconf 47' lang='lat' dir='ltr'>atpxﬁeabestaﬁasil.</span> <span class='ocrx_word' id='word_1_1010' title='bbox 3628 5609 3774 5666; x_wconf 82' lang='lat' dir='ltr'>item</span> 
     </span>
    </p>
   </div>
   <div class='ocr_carea' id='block_1_120' title="bbox 2119 5679 3772 5758">
    <p class='ocr_par' dir='ltr' id='par_1_120' title="bbox 2119 5679 3772 5758">
     <span class='ocr_line' id='line_1_125' title="bbox 2119 5679 3772 5758; baseline 0.002 -23"><span class='ocrx_word' id='word_1_1011' title='bbox 2119 5679 2273 5758; x_wconf 71' lang='grc' dir='ltr'>ᾃρσεν</span> <span class='ocrx_word' id='word_1_1012' title='bbox 2300 5680 2539 5758; x_wconf 65' lang='lat' dir='ltr'>habent</span> <span class='ocrx_word' id='word_1_1013' title='bbox 2558 5698 2763 5741; x_wconf 88' lang='lat' dir='ltr'>omnes</span> <span class='ocrx_word' id='word_1_1014' title='bbox 2782 5699 2952 5751; x_wconf 88' lang='lat' dir='ltr'>mss.,</span> <span class='ocrx_word' id='word_1_1015' title='bbox 2987 5679 3138 5742; x_wconf 73' lang='lat' dir='ltr'>utet</span> <span class='ocrx_word' id='word_1_1016' title='bbox 3167 5681 3383 5758; x_wconf 89' lang='lat' dir='ltr'>legitur</span> <span class='ocrx_word' id='word_1_1017' title='bbox 3411 5681 3620 5742; x_wconf 82' lang='lat' dir='ltr'>Matth.</span> <span class='ocrx_word' id='word_1_1018' title='bbox 3652 5698 3772 5757; x_wconf 83' lang='lat' dir='ltr'>x1x,</span> 
     </span>
    </p>
   </div>
   <div class='ocr_carea' id='block_1_121' title="bbox 2121 5749 2624 5831">
    <p class='ocr_par' dir='ltr' id='par_1_121' title="bbox 2121 5749 2624 5831">
     <span class='ocr_line' id='line_1_126' title="bbox 2121 5749 2624 5831; baseline 0.006 -23"><span class='ocrx_word' id='word_1_1019' title='bbox 2121 5749 2207 5811; x_wconf 78' lang='lat'>11.</span> <span class='ocrx_word' id='word_1_1020' title='bbox 2239 5751 2409 5827; x_wconf 86' lang='lat' dir='ltr'>Editi,</span> <span class='ocrx_word' id='word_1_1021' title='bbox 2444 5749 2624 5831; x_wconf 75' lang='grc' dir='ltr'>ἂρῥεν.</span> 
     </span>
    </p>
   </div>
  </div>
