  <div class='ocr_page' id='page_1' title='image "/cluster/home/n/w/nwhite01/storage/ocr_20150623/25:no.1/coo.31924054873066/344.png"; bbox 0 0 4160 6420; ppageno 0'>
   <div class='ocr_carea' id='block_1_1' title="bbox 373 477 482 537">
    <p class='ocr_par' dir='ltr' id='par_1_1' title="bbox 373 477 482 537">
     <span class='ocr_line' id='line_1_1' title="bbox 373 477 482 537; baseline 0 0"><span class='ocrx_word' id='word_1_1' title='bbox 373 477 482 537; x_wconf 81' lang='grc'>101</span> 
     </span>
    </p>
   </div>
   <div class='ocr_carea' id='block_1_2' title="bbox 1388 470 2771 536">
    <p class='ocr_par' dir='ltr' id='par_1_2' title="bbox 1388 470 2771 536">
     <span class='ocr_line' id='line_1_2' title="bbox 1388 470 2771 536; baseline -0.001 -2"><span class='ocrx_word' id='word_1_2' title='bbox 1388 471 1681 534; x_wconf 81' lang='lat' dir='ltr'>ORATIO</span> <span class='ocrx_word' id='word_1_3' title='bbox 1726 471 1829 531; x_wconf 85' lang='lat' dir='ltr'>DE</span> <span class='ocrx_word' id='word_1_4' title='bbox 1872 470 2463 533; x_wconf 82' lang='lat' dir='ltr'>INCARNATIONE</span> <span class='ocrx_word' id='word_1_5' title='bbox 2508 472 2771 536; x_wconf 84' lang='lat' dir='ltr'>VERBI.</span> 
     </span>
    </p>
   </div>
   <div class='ocr_carea' id='block_1_3' title="bbox 3680 477 3795 536">
    <p class='ocr_par' dir='ltr' id='par_1_3' title="bbox 3680 477 3795 536">
     <span class='ocr_line' id='line_1_3' title="bbox 3680 477 3795 536; baseline 0.017 -2"><span class='ocrx_word' id='word_1_6' title='bbox 3680 477 3795 536; x_wconf 77' lang='lat'>102</span> 
     </span>
    </p>
   </div>
   <div class='ocr_carea' id='block_1_4' title="bbox 371 601 2029 683">
    <p class='ocr_par' dir='ltr' id='par_1_4' title="bbox 371 601 2027 683">
     <span class='ocr_line' id='line_1_4' title="bbox 371 601 2027 683; baseline -0.003 -22"><span class='ocrx_word' id='word_1_7' title='bbox 371 603 641 661; x_wconf 86' lang='grc' dir='ltr'>δασκαλία</span> <span class='ocrx_word' id='word_1_8' title='bbox 672 602 760 660; x_wconf 71' lang='grc' dir='ltr'>καῖ</span> <span class='ocrx_word' id='word_1_9' title='bbox 790 606 824 676; x_wconf 77' lang='grc' dir='ltr'>ἡ</span> <span class='ocrx_word' id='word_1_10' title='bbox 857 608 994 660; x_wconf 82' lang='grc' dir='ltr'>κατὰ</span> <span class='ocrx_word' id='word_1_11' title='bbox 1044 607 1272 683; x_wconf 86' lang='grc' dir='ltr'>Χριστὸν</span> <span class='ocrx_word' id='word_1_12' title='bbox 1321 604 1500 667; x_wconf 79' lang='grc' dir='ltr'>πίστις</span> <span class='ocrx_word' id='word_1_13' title='bbox 1549 604 1647 672; x_wconf 77' lang='grc' dir='ltr'>τὴν</span> <span class='ocrx_word' id='word_1_14' title='bbox 1685 604 1779 676; x_wconf 71' lang='grc' dir='ltr'>μὲν</span> <span class='ocrx_word' id='word_1_15' title='bbox 1822 601 2027 657; x_wconf 85' lang='grc' dir='ltr'>τούτων</span> 
     </span>
    </p>
   </div>
   <div class='ocr_carea' id='block_1_5' title="bbox 2143 601 3794 683">
    <p class='ocr_par' dir='ltr' id='par_1_5' title="bbox 2148 605 3794 679">
     <span class='ocr_line' id='line_1_5' title="bbox 2148 605 3794 679; baseline 0.004 -21"><span class='ocrx_word' id='word_1_16' title='bbox 2148 605 2414 660; x_wconf 84' lang='lat' dir='ltr'>doctrina</span> <span class='ocrx_word' id='word_1_17' title='bbox 2434 609 2491 659; x_wconf 89' lang='lat' dir='ltr'>et</span> <span class='ocrx_word' id='word_1_18' title='bbox 2520 605 2736 662; x_wconf 83' lang='lat' dir='ltr'>Christi</span> <span class='ocrx_word' id='word_1_19' title='bbox 2770 606 2915 661; x_wconf 81' lang='lat' dir='ltr'>fides</span> <span class='ocrx_word' id='word_1_20' title='bbox 2933 606 3135 678; x_wconf 85' lang='lat' dir='ltr'>procul</span> <span class='ocrx_word' id='word_1_21' title='bbox 3157 606 3265 662; x_wconf 89' lang='lat' dir='ltr'>has</span> <span class='ocrx_word' id='word_1_22' title='bbox 3286 605 3524 663; x_wconf 90' lang='lat' dir='ltr'>illorum</span> <span class='ocrx_word' id='word_1_23' title='bbox 3542 606 3794 679; x_wconf 81' lang='lat' dir='ltr'>ineptias</span> 
     </span>
    </p>
   </div>
   <div class='ocr_carea' id='block_1_6' title="bbox 371 689 2023 771">
    <p class='ocr_par' dir='ltr' id='par_1_6' title="bbox 371 689 2023 771">
     <span class='ocr_line' id='line_1_6' title="bbox 371 689 2023 771; baseline -0.003 -20"><span class='ocrx_word' id='word_1_24' title='bbox 371 693 765 771; x_wconf 80' lang='grc' dir='ltr'>ματαιολογίαν</span> <span class='ocrx_word' id='word_1_25' title='bbox 816 696 890 757; x_wconf 87' lang='grc' dir='ltr'>ὡς</span> <span class='ocrx_word' id='word_1_26' title='bbox 943 694 1210 765; x_wconf 81' lang='grc' dir='ltr'>ἀθεύτητα</span> <span class='ocrx_word' id='word_1_27' title='bbox 1260 689 1567 750; x_wconf 75' lang='grc' dir='ltr'>διαϐάλλει.</span> <span class='ocrx_word' id='word_1_28' title='bbox 1619 690 1753 748; x_wconf 69' lang='grc' dir='ltr'>Οὔτε</span> <span class='ocrx_word' id='word_1_29' title='bbox 1795 694 1898 769; x_wconf 75' lang='grc' dir='ltr'>γὰρ</span> <span class='ocrx_word' id='word_1_30' title='bbox 1931 692 2023 747; x_wconf 74' lang='grc' dir='ltr'>αὖ·</span> 
     </span>
    </p>
   </div>
   <div class='ocr_carea' id='block_1_7' title="bbox 363 780 2023 859">
    <p class='ocr_par' dir='ltr' id='par_1_7' title="bbox 363 780 2023 859">
     <span class='ocr_line' id='line_1_7' title="bbox 363 780 2023 859; baseline -0.002 -19"><span class='ocrx_word' id='word_1_31' title='bbox 363 786 642 859; x_wconf 86' lang='grc' dir='ltr'>τομάτως,</span> <span class='ocrx_word' id='word_1_32' title='bbox 676 783 765 839; x_wconf 75' lang='grc' dir='ltr'>διὰ</span> <span class='ocrx_word' id='word_1_33' title='bbox 792 784 853 840; x_wconf 89' lang='grc' dir='ltr'>τὸ</span> <span class='ocrx_word' id='word_1_34' title='bbox 889 786 963 858; x_wconf 77' lang='grc' dir='ltr'>μὴ</span> <span class='ocrx_word' id='word_1_35' title='bbox 997 783 1309 859; x_wconf 83' lang='grc' dir='ltr'>ἀπρονόητα</span> <span class='ocrx_word' id='word_1_36' title='bbox 1341 783 1496 855; x_wconf 77' lang='grc' dir='ltr'>εἶναι,</span> <span class='ocrx_word' id='word_1_37' title='bbox 1530 780 1653 837; x_wconf 72' lang='grc' dir='ltr'>οὕτε</span> <span class='ocrx_word' id='word_1_38' title='bbox 1684 781 1742 837; x_wconf 82' lang='grc' dir='ltr'>ἐκ</span> <span class='ocrx_word' id='word_1_39' title='bbox 1780 793 2023 854; x_wconf 75' lang='grc' dir='ltr'>προϋπο-</span> 
     </span>
    </p>
   </div>
   <div class='ocr_carea' id='block_1_8' title="bbox 366 869 2071 948">
    <p class='ocr_par' dir='ltr' id='par_1_8' title="bbox 366 869 2071 948">
     <span class='ocr_line' id='line_1_8' title="bbox 366 869 2071 948; baseline -0.002 -19"><span class='ocrx_word' id='word_1_40' title='bbox 366 874 627 948; x_wconf 75' lang='grc' dir='ltr'>κειμένης</span> <span class='ocrx_word' id='word_1_41' title='bbox 660 872 821 947; x_wconf 79' lang='grc' dir='ltr'>ὕλης,</span> <span class='ocrx_word' id='word_1_42' title='bbox 854 870 943 928; x_wconf 73' lang='grc' dir='ltr'>διὰ</span> <span class='ocrx_word' id='word_1_43' title='bbox 968 874 1030 927; x_wconf 87' lang='grc' dir='ltr'>τὸ</span> <span class='ocrx_word' id='word_1_44' title='bbox 1069 875 1143 947; x_wconf 79' lang='grc' dir='ltr'>μὴ</span> <span class='ocrx_word' id='word_1_45' title='bbox 1182 874 1371 942; x_wconf 81' lang='grc' dir='ltr'>ἀσθενῆ</span> <span class='ocrx_word' id='word_1_46' title='bbox 1408 872 1540 927; x_wconf 76' lang='grc' dir='ltr'>εἶναι</span> <span class='ocrx_word' id='word_1_47' title='bbox 1577 872 1669 926; x_wconf 90' lang='grc' dir='ltr'>τὸν</span> <span class='ocrx_word' id='word_1_48' title='bbox 1714 870 1862 926; x_wconf 90' lang='grc' dir='ltr'>Θεόν·</span> <span class='ocrx_word' id='word_1_49' title='bbox 1898 869 2023 926; x_wconf 90' lang='grc' dir='ltr'>ἀλλ’</span> <span class='ocrx_word' id='word_1_50' title='bbox 2069 887 2071 890; x_wconf 75' lang='lat'><em>‘</em></span> 
     </span>
    </p>
   </div>
   <div class='ocr_carea' id='block_1_9' title="bbox 367 959 2021 1037">
    <p class='ocr_par' dir='ltr' id='par_1_9' title="bbox 367 959 2021 1037">
     <span class='ocr_line' id='line_1_9' title="bbox 367 959 2021 1037; baseline -0.002 -19"><span class='ocrx_word' id='word_1_51' title='bbox 450 962 553 1018; x_wconf 79' lang='grc' dir='ltr'>οὐκ</span> <span class='ocrx_word' id='word_1_52' title='bbox 582 959 749 1018; x_wconf 73' lang='grc' dir='ltr'>ὄντων</span> <span class='ocrx_word' id='word_1_53' title='bbox 780 962 869 1018; x_wconf 82' lang='grc' dir='ltr'>καὶ</span> <span class='ocrx_word' id='word_1_54' title='bbox 905 962 1176 1037; x_wconf 78' lang='grc' dir='ltr'>μηδαμῶς</span> <span class='ocrx_word' id='word_1_55' title='bbox 1222 964 1332 1036; x_wconf 85' lang='grc'>(41)</span> <span class='ocrx_word' id='word_1_56' title='bbox 1376 963 1688 1037; x_wconf 74' lang='grc' dir='ltr'>ὑπάρχοντα</span> <span class='ocrx_word' id='word_1_57' title='bbox 1715 963 1782 1015; x_wconf 75' lang='grc' dir='ltr'>τά</span> <span class='ocrx_word' id='word_1_58' title='bbox 1812 960 1915 1015; x_wconf 80' lang='grc' dir='ltr'>ὅλα</span> <span class='ocrx_word' id='word_1_59' title='bbox 1946 961 2021 1023; x_wconf 85' lang='grc' dir='ltr'>εἷς</span> 
     </span>
    </p>
   </div>
   <div class='ocr_carea' id='block_1_10' title="bbox 362 1048 2024 1126">
    <p class='ocr_par' dir='ltr' id='par_1_10' title="bbox 362 1048 2024 1126">
     <span class='ocr_line' id='line_1_10' title="bbox 362 1048 2024 1126; baseline -0.002 -18"><span class='ocrx_word' id='word_1_60' title='bbox 362 1054 425 1108; x_wconf 91' lang='grc' dir='ltr'>τὸ</span> <span class='ocrx_word' id='word_1_61' title='bbox 457 1052 594 1108; x_wconf 76' lang='grc' dir='ltr'>εἶναι</span> <span class='ocrx_word' id='word_1_62' title='bbox 625 1054 982 1123; x_wconf 70' lang='grc' dir='ltr'>πεποιηκέναι</span> <span class='ocrx_word' id='word_1_63' title='bbox 1028 1053 1118 1108; x_wconf 90' lang='grc' dir='ltr'>τὸν</span> <span class='ocrx_word' id='word_1_64' title='bbox 1172 1053 1299 1107; x_wconf 86' lang='grc' dir='ltr'>Θεὸν</span> <span class='ocrx_word' id='word_1_65' title='bbox 1336 1049 1423 1106; x_wconf 72' lang='grc' dir='ltr'>διὰ</span> <span class='ocrx_word' id='word_1_66' title='bbox 1451 1056 1548 1106; x_wconf 80' lang='grc' dir='ltr'>τοῦ</span> <span class='ocrx_word' id='word_1_67' title='bbox 1583 1050 1765 1126; x_wconf 82' lang='grc' dir='ltr'>Λόγου</span> <span class='ocrx_word' id='word_1_68' title='bbox 1797 1048 1959 1121; x_wconf 82' lang='grc' dir='ltr'>οἶδεν,</span> 
     </span>
    </p>
   </div>
   <div class='ocr_carea' id='block_1_11' title="bbox 365 1139 2022 1220">
    <p class='ocr_par' dir='ltr' id='par_1_11' title="bbox 365 1139 2022 1220">
     <span class='ocr_line' id='line_1_11' title="bbox 365 1139 2022 1220; baseline -0.002 -23"><span class='ocrx_word' id='word_1_69' title='bbox 365 1165 499 1220; x_wconf 88' lang='grc' dir='ltr'>φησι</span> <span class='ocrx_word' id='word_1_70' title='bbox 552 1141 641 1198; x_wconf 80' lang='grc' dir='ltr'>διὰ</span> <span class='ocrx_word' id='word_1_71' title='bbox 688 1144 783 1217; x_wconf 75' lang='grc' dir='ltr'>μὲν</span> <span class='ocrx_word' id='word_1_72' title='bbox 834 1141 1131 1204; x_wconf 71' lang='grc' dir='ltr'>Μωυσέωςο</span> <span class='ocrx_word' id='word_1_73' title='bbox 1184 1143 1270 1196; x_wconf 91' lang='grc' dir='ltr'>Ἐν</span> <span class='ocrx_word' id='word_1_74' title='bbox 1314 1143 1461 1216; x_wconf 75' lang='grc' dir='ltr'>ἀρχῇ</span> <span class='ocrx_word' id='word_1_75' title='bbox 1514 1139 1764 1212; x_wconf 81' lang='grc' dir='ltr'>ἔποίησεν</span> <span class='ocrx_word' id='word_1_76' title='bbox 1815 1142 1842 1196; x_wconf 85' lang='grc' dir='ltr'>ὁ</span> <span class='ocrx_word' id='word_1_77' title='bbox 1892 1140 2022 1202; x_wconf 83' lang='grc' dir='ltr'>Θεὸς</span> 
     </span>
    </p>
   </div>
   <div class='ocr_carea' id='block_1_12' title="bbox 360 1228 2020 1310">
    <p class='ocr_par' dir='ltr' id='par_1_12' title="bbox 360 1228 2020 1310">
     <span class='ocr_line' id='line_1_12' title="bbox 360 1228 2020 1310; baseline -0.002 -22"><span class='ocrx_word' id='word_1_78' title='bbox 360 1234 452 1288; x_wconf 88' lang='grc' dir='ltr'>τὸν</span> <span class='ocrx_word' id='word_1_79' title='bbox 489 1232 717 1310; x_wconf 80' lang='grc' dir='ltr'>οὐρανὸν</span> <span class='ocrx_word' id='word_1_80' title='bbox 750 1231 839 1287; x_wconf 85' lang='grc' dir='ltr'>καὶ</span> <span class='ocrx_word' id='word_1_81' title='bbox 888 1233 986 1300; x_wconf 73' lang='grc' dir='ltr'>τὴν</span> <span class='ocrx_word' id='word_1_82' title='bbox 1036 1238 1162 1307; x_wconf 80' lang='grc' dir='ltr'>γῆν·</span> <span class='ocrx_word' id='word_1_83' title='bbox 1216 1228 1304 1285; x_wconf 77' lang='grc' dir='ltr'>διὰ</span> <span class='ocrx_word' id='word_1_84' title='bbox 1352 1228 1409 1285; x_wconf 79' lang='grc' dir='ltr'>δὲ</span> <span class='ocrx_word' id='word_1_85' title='bbox 1438 1237 1538 1299; x_wconf 76' lang='grc' dir='ltr'>τῆς</span> <span class='ocrx_word' id='word_1_86' title='bbox 1582 1229 2020 1309; x_wconf 80' lang='grc' dir='ltr'>ώφελιμωτάτης</span> 
     </span>
    </p>
   </div>
   <div class='ocr_carea' id='block_1_13' title="bbox 368 1317 2017 1397">
    <p class='ocr_par' dir='ltr' id='par_1_13' title="bbox 368 1317 2017 1397">
     <span class='ocr_line' id='line_1_13' title="bbox 368 1317 2017 1397; baseline -0.002 -20"><span class='ocrx_word' id='word_1_87' title='bbox 368 1317 571 1397; x_wconf 78' lang='grc' dir='ltr'>βίϐλου</span> <span class='ocrx_word' id='word_1_88' title='bbox 627 1326 724 1377; x_wconf 78' lang='lat'><strong>1:06</strong></span> <span class='ocrx_word' id='word_1_89' title='bbox 780 1321 1078 1395; x_wconf 83' lang='grc' dir='ltr'>Ποιμένος·</span> <span class='ocrx_word' id='word_1_90' title='bbox 1141 1325 1363 1395; x_wconf 82' lang='grc' dir='ltr'>Πρῶτον</span> <span class='ocrx_word' id='word_1_91' title='bbox 1418 1320 1632 1375; x_wconf 82' lang='grc' dir='ltr'>πάντων</span> <span class='ocrx_word' id='word_1_92' title='bbox 1693 1320 2017 1392; x_wconf 78' lang='grc' dir='ltr'>πίστευσον,</span> 
     </span>
    </p>
   </div>
   <div class='ocr_carea' id='block_1_14' title="bbox 362 1408 2018 1480">
    <p class='ocr_par' dir='ltr' id='par_1_14' title="bbox 362 1408 2018 1480">
     <span class='ocr_line' id='line_1_14' title="bbox 362 1408 2018 1480; baseline -0.002 -14"><span class='ocrx_word' id='word_1_93' title='bbox 362 1411 448 1466; x_wconf 79' lang='grc' dir='ltr'>ὅτι</span> <span class='ocrx_word' id='word_1_94' title='bbox 489 1412 568 1475; x_wconf 78' lang='grc' dir='ltr'>εἶς</span> <span class='ocrx_word' id='word_1_95' title='bbox 627 1410 767 1467; x_wconf 79' lang='grc' dir='ltr'>ἐστιν</span> <span class='ocrx_word' id='word_1_96' title='bbox 806 1412 835 1465; x_wconf 89' lang='grc' dir='ltr'>ὁ</span> <span class='ocrx_word' id='word_1_97' title='bbox 883 1408 1036 1480; x_wconf 86' lang='grc' dir='ltr'>Θεὸς,</span> <span class='ocrx_word' id='word_1_98' title='bbox 1092 1411 1120 1464; x_wconf 86' lang='grc' dir='ltr'>ὁ</span> <span class='ocrx_word' id='word_1_99' title='bbox 1163 1411 1230 1465; x_wconf 77' lang='grc' dir='ltr'>τὰ</span> <span class='ocrx_word' id='word_1_100' title='bbox 1286 1410 1459 1464; x_wconf 84' lang='grc' dir='ltr'>πάντα</span> <span class='ocrx_word' id='word_1_101' title='bbox 1513 1408 1699 1471; x_wconf 81' lang='grc' dir='ltr'>κτίσας</span> <span class='ocrx_word' id='word_1_102' title='bbox 1756 1410 1845 1463; x_wconf 80' lang='grc' dir='ltr'>καὶ</span> <span class='ocrx_word' id='word_1_103' title='bbox 1892 1430 2018 1463; x_wconf 87' lang='grc' dir='ltr'>κατ-</span> 
     </span>
    </p>
   </div>
   <div class='ocr_carea' id='block_1_15' title="bbox 362 1493 2019 1578">
    <p class='ocr_par' dir='ltr' id='par_1_15' title="bbox 362 1493 2019 1578">
     <span class='ocr_line' id='line_1_15' title="bbox 362 1493 2019 1578; baseline -0.002 -23"><span class='ocrx_word' id='word_1_104' title='bbox 362 1500 639 1578; x_wconf 85' lang='grc' dir='ltr'>αρτίσας,</span> <span class='ocrx_word' id='word_1_105' title='bbox 706 1500 796 1556; x_wconf 88' lang='grc' dir='ltr'>καὶ</span> <span class='ocrx_word' id='word_1_106' title='bbox 862 1502 1097 1570; x_wconf 84' lang='grc' dir='ltr'>ποιήσας</span> <span class='ocrx_word' id='word_1_107' title='bbox 1158 1498 1216 1554; x_wconf 84' lang='grc' dir='ltr'>ἐκ</span> <span class='ocrx_word' id='word_1_108' title='bbox 1280 1503 1376 1553; x_wconf 72' lang='grc' dir='ltr'>τοῦ</span> <span class='ocrx_word' id='word_1_109' title='bbox 1447 1500 1521 1572; x_wconf 80' lang='grc' dir='ltr'>μή</span> <span class='ocrx_word' id='word_1_110' title='bbox 1595 1493 1748 1559; x_wconf 71' lang='grc' dir='ltr'>ὄντος</span> <span class='ocrx_word' id='word_1_111' title='bbox 1818 1497 1894 1559; x_wconf 80' lang='grc' dir='ltr'>εἷς</span> <span class='ocrx_word' id='word_1_112' title='bbox 1958 1498 2019 1552; x_wconf 87' lang='grc' dir='ltr'>τὸ</span> 
     </span>
    </p>
   </div>
   <div class='ocr_carea' id='block_1_16' title="bbox 364 1585 2021 1665">
    <p class='ocr_par' dir='ltr' id='par_1_16' title="bbox 364 1585 2021 1665">
     <span class='ocr_line' id='line_1_16' title="bbox 364 1585 2021 1665; baseline -0.004 -21"><span class='ocrx_word' id='word_1_113' title='bbox 364 1589 516 1647; x_wconf 80' lang='grc' dir='ltr'>εἶίαι.</span> <span class='ocrx_word' id='word_1_114' title='bbox 550 1592 717 1665; x_wconf 85' lang='grc' dir='ltr'>Ὅπερ</span> <span class='ocrx_word' id='word_1_115' title='bbox 746 1588 837 1643; x_wconf 86' lang='grc' dir='ltr'>καὶ</span> <span class='ocrx_word' id='word_1_116' title='bbox 869 1590 896 1643; x_wconf 85' lang='grc' dir='ltr'>ὁ</span> <span class='ocrx_word' id='word_1_117' title='bbox 920 1585 1135 1649; x_wconf 71' lang='grc' dir='ltr'>Παῦλος</span> <span class='ocrx_word' id='word_1_118' title='bbox 1165 1586 1441 1659; x_wconf 81' lang='grc' dir='ltr'>σημαίνων</span> <span class='ocrx_word' id='word_1_119' title='bbox 1466 1585 1620 1663; x_wconf 86' lang='grc' dir='ltr'>φησί·</span> <span class='ocrx_word' id='word_1_120' title='bbox 1656 1586 1837 1639; x_wconf 69' lang='lat' dir='ltr'>Ilio-tat</span> <span class='ocrx_word' id='word_1_121' title='bbox 1863 1589 2021 1639; x_wconf 84' lang='lat' dir='ltr'><strong>v006-</strong></span> 
     </span>
    </p>
   </div>
   <div class='ocr_carea' id='block_1_17' title="bbox 369 1672 2021 1753">
    <p class='ocr_par' dir='ltr' id='par_1_17' title="bbox 369 1672 2021 1753">
     <span class='ocr_line' id='line_1_17' title="bbox 369 1672 2021 1753; baseline -0.004 -19"><span class='ocrx_word' id='word_1_122' title='bbox 369 1700 464 1753; x_wconf 89' lang='grc' dir='ltr'>μεν</span> <span class='ocrx_word' id='word_1_123' title='bbox 520 1677 875 1753; x_wconf 80' lang='grc' dir='ltr'>κατηρτίσθαι</span> <span class='ocrx_word' id='word_1_124' title='bbox 930 1676 1058 1737; x_wconf 80' lang='grc' dir='ltr'>τοὺς</span> <span class='ocrx_word' id='word_1_125' title='bbox 1133 1675 1332 1737; x_wconf 77' lang='grc' dir='ltr'>αἰῶνας</span> <span class='ocrx_word' id='word_1_126' title='bbox 1421 1674 1625 1751; x_wconf 79' lang='grc' dir='ltr'>ῥήματι</span> <span class='ocrx_word' id='word_1_127' title='bbox 1693 1678 1872 1745; x_wconf 78' lang='grc' dir='ltr'>Θεοῦ,</span> <span class='ocrx_word' id='word_1_128' title='bbox 1944 1672 2021 1735; x_wconf 82' lang='grc' dir='ltr'>εἷς</span> 
     </span>
    </p>
   </div>
   <div class='ocr_carea' id='block_1_18' title="bbox 362 1761 2017 1844">
    <p class='ocr_par' dir='ltr' id='par_1_18' title="bbox 362 1761 2017 1844">
     <span class='ocr_line' id='line_1_18' title="bbox 362 1761 2017 1844; baseline -0.001 -23"><span class='ocrx_word' id='word_1_129' title='bbox 362 1769 425 1821; x_wconf 91' lang='grc' dir='ltr'>τὸ</span> <span class='ocrx_word' id='word_1_130' title='bbox 500 1769 574 1840; x_wconf 77' lang='grc' dir='ltr'>μὴ</span> <span class='ocrx_word' id='word_1_131' title='bbox 658 1765 716 1821; x_wconf 77' lang='grc' dir='ltr'>ἐκ</span> <span class='ocrx_word' id='word_1_132' title='bbox 771 1766 1120 1844; x_wconf 84' lang='grc' dir='ltr'>φμινομένων</span> <span class='ocrx_word' id='word_1_133' title='bbox 1176 1764 1244 1818; x_wconf 73' lang='grc' dir='ltr'>τὰ</span> <span class='ocrx_word' id='word_1_134' title='bbox 1311 1761 1624 1840; x_wconf 80' lang='grc' dir='ltr'>βλεπόμενα</span> <span class='ocrx_word' id='word_1_135' title='bbox 1688 1763 2017 1839; x_wconf 86' lang='grc' dir='ltr'>γεγονέναι.</span> 
     </span>
    </p>
   </div>
   <div class='ocr_carea' id='block_1_19' title="bbox 365 1850 2020 1931">
    <p class='ocr_par' dir='ltr' id='par_1_19' title="bbox 365 1850 2020 1931">
     <span class='ocr_line' id='line_1_19' title="bbox 365 1850 2020 1931; baseline -0.003 -19"><span class='ocrx_word' id='word_1_136' title='bbox 365 1858 423 1911; x_wconf 71' lang='lat'>&#39;0</span> <span class='ocrx_word' id='word_1_137' title='bbox 457 1857 586 1918; x_wconf 86' lang='grc' dir='ltr'>Θεὸς</span> <span class='ocrx_word' id='word_1_138' title='bbox 618 1857 720 1931; x_wconf 76' lang='grc' dir='ltr'>γὰρ</span> <span class='ocrx_word' id='word_1_139' title='bbox 756 1854 952 1931; x_wconf 89' lang='grc' dir='ltr'>ἀγαθός</span> <span class='ocrx_word' id='word_1_140' title='bbox 1001 1854 1143 1921; x_wconf 83' lang='grc' dir='ltr'>ἐστι,</span> <span class='ocrx_word' id='word_1_141' title='bbox 1190 1852 1401 1927; x_wconf 80' lang='grc' dir='ltr'>μᾶλλον</span> <span class='ocrx_word' id='word_1_142' title='bbox 1446 1850 1503 1908; x_wconf 75' lang='grc' dir='ltr'>δὲ</span> <span class='ocrx_word' id='word_1_143' title='bbox 1540 1854 1695 1928; x_wconf 84' lang='grc' dir='ltr'>πηγὴ</span> <span class='ocrx_word' id='word_1_144' title='bbox 1734 1860 1836 1923; x_wconf 79' lang='grc' dir='ltr'>τῆς</span> <span class='ocrx_word' id='word_1_145' title='bbox 1888 1854 2020 1928; x_wconf 85' lang='grc' dir='ltr'>ἀγα-</span> 
     </span>
    </p>
   </div>
   <div class='ocr_carea' id='block_1_20' title="bbox 364 1940 2019 2020">
    <p class='ocr_par' dir='ltr' id='par_1_20' title="bbox 364 1940 2019 2020">
     <span class='ocr_line' id='line_1_20' title="bbox 364 1940 2019 2020; baseline -0.004 -18"><span class='ocrx_word' id='word_1_146' title='bbox 364 1946 595 2016; x_wconf 87' lang='grc' dir='ltr'>θότητος</span> <span class='ocrx_word' id='word_1_147' title='bbox 630 1945 881 2020; x_wconf 82' lang='grc' dir='ltr'>ὑπάοχει’</span> <span class='ocrx_word' id='word_1_148' title='bbox 936 1945 1119 2019; x_wconf 80' lang='grc' dir='ltr'>ἀγαθῷ</span> <span class='ocrx_word' id='word_1_149' title='bbox 1167 1941 1224 1997; x_wconf 75' lang='grc' dir='ltr'>δὲ</span> <span class='ocrx_word' id='word_1_150' title='bbox 1271 1943 1395 2016; x_wconf 84' lang='grc' dir='ltr'>περὶ</span> <span class='ocrx_word' id='word_1_151' title='bbox 1440 1940 1656 2003; x_wconf 82' lang='grc' dir='ltr'>οὐδενὸς</span> <span class='ocrx_word' id='word_1_152' title='bbox 1701 1941 1760 1996; x_wconf 81' lang='grc' dir='ltr'>ἃν</span> <span class='ocrx_word' id='word_1_153' title='bbox 1809 1943 2019 2017; x_wconf 84' lang='grc' dir='ltr'>γένοιτο</span> 
     </span>
    </p>
   </div>
   <div class='ocr_carea' id='block_1_21' title="bbox 365 2030 2027 2114">
    <p class='ocr_par' dir='ltr' id='par_1_21' title="bbox 365 2030 2027 2114">
     <span class='ocr_line' id='line_1_21' title="bbox 365 2030 2027 2114; baseline -0.004 -23"><span class='ocrx_word' id='word_1_154' title='bbox 365 2035 586 2114; x_wconf 87' lang='grc' dir='ltr'>φθόνος⁶</span> <span class='ocrx_word' id='word_1_155' title='bbox 629 2034 750 2090; x_wconf 68' lang='grc' dir='ltr'>ὅθεν</span> <span class='ocrx_word' id='word_1_156' title='bbox 803 2032 979 2089; x_wconf 77' lang='grc' dir='ltr'>οὐδενὶ</span> <span class='ocrx_word' id='word_1_157' title='bbox 1023 2036 1122 2088; x_wconf 79' lang='grc' dir='ltr'>τοῦ</span> <span class='ocrx_word' id='word_1_158' title='bbox 1170 2034 1285 2105; x_wconf 88' lang='grc'>(44)</span> <span class='ocrx_word' id='word_1_159' title='bbox 1334 2031 1467 2086; x_wconf 78' lang='grc' dir='ltr'>εἶναι</span> <span class='ocrx_word' id='word_1_160' title='bbox 1521 2032 1809 2108; x_wconf 75' lang='grc' dir='ltr'>φθονήσας,</span> <span class='ocrx_word' id='word_1_161' title='bbox 1846 2030 1895 2101; x_wconf 80' lang='grc' dir='ltr'>ἐξ</span> <span class='ocrx_word' id='word_1_162' title='bbox 1928 2030 2027 2085; x_wconf 81' lang='grc' dir='ltr'>οὐκ</span> 
     </span>
    </p>
   </div>
   <div class='ocr_carea' id='block_1_22' title="bbox 364 2118 2026 2195">
    <p class='ocr_par' dir='ltr' id='par_1_22' title="bbox 364 2118 2026 2195">
     <span class='ocr_line' id='line_1_22' title="bbox 364 2118 2026 2195; baseline -0.003 -17"><span class='ocrx_word' id='word_1_163' title='bbox 364 2121 536 2180; x_wconf 80' lang='grc' dir='ltr'>ὄντων</span> <span class='ocrx_word' id='word_1_164' title='bbox 581 2125 649 2179; x_wconf 75' lang='grc' dir='ltr'>τὰ</span> <span class='ocrx_word' id='word_1_165' title='bbox 696 2124 871 2179; x_wconf 83' lang='grc' dir='ltr'>πάντα</span> <span class='ocrx_word' id='word_1_166' title='bbox 917 2121 1189 2191; x_wconf 84' lang='grc' dir='ltr'>πεποίηκε</span> <span class='ocrx_word' id='word_1_167' title='bbox 1233 2119 1322 2176; x_wconf 76' lang='grc' dir='ltr'>διὰ</span> <span class='ocrx_word' id='word_1_168' title='bbox 1367 2125 1464 2174; x_wconf 75' lang='grc' dir='ltr'>τοῦ</span> <span class='ocrx_word' id='word_1_169' title='bbox 1498 2118 1639 2174; x_wconf 79' lang='grc' dir='ltr'>ἰδίου</span> <span class='ocrx_word' id='word_1_170' title='bbox 1693 2120 1873 2195; x_wconf 84' lang='grc' dir='ltr'>Λόγου</span> <span class='ocrx_word' id='word_1_171' title='bbox 1930 2123 2026 2173; x_wconf 76' lang='grc' dir='ltr'>τοῦ</span> 
     </span>
    </p>
   </div>
   <div class='ocr_carea' id='block_1_23' title="bbox 365 2209 2026 2291">
    <p class='ocr_par' dir='ltr' id='par_1_23' title="bbox 365 2209 2026 2291">
     <span class='ocr_line' id='line_1_23' title="bbox 365 2209 2026 2291; baseline -0.004 -22"><span class='ocrx_word' id='word_1_172' title='bbox 365 2213 568 2291; x_wconf 80' lang='grc' dir='ltr'>Κυρίου</span> <span class='ocrx_word' id='word_1_173' title='bbox 600 2215 761 2287; x_wconf 79' lang='grc' dir='ltr'>ἡμῶν</span> <span class='ocrx_word' id='word_1_174' title='bbox 816 2214 1000 2284; x_wconf 86' lang='grc' dir='ltr'>Ἰησου</span> <span class='ocrx_word' id='word_1_175' title='bbox 1050 2214 1303 2285; x_wconf 70' lang='grc' dir='ltr'>Χριστοῦο</span> <span class='ocrx_word' id='word_1_176' title='bbox 1353 2209 1404 2263; x_wconf 87' lang='grc' dir='ltr'>έν</span> <span class='ocrx_word' id='word_1_177' title='bbox 1456 2210 1539 2272; x_wconf 82' lang='grc' dir='ltr'>οἷς</span> <span class='ocrx_word' id='word_1_178' title='bbox 1582 2210 1688 2283; x_wconf 90' lang='grc' dir='ltr'>πρὸ</span> <span class='ocrx_word' id='word_1_179' title='bbox 1738 2210 1850 2283; x_wconf 84' lang='grc'>(45)</span> <span class='ocrx_word' id='word_1_180' title='bbox 1890 2209 2026 2263; x_wconf 87' lang='grc' dir='ltr'>πάν-</span> 
     </span>
    </p>
   </div>
   <div class='ocr_carea' id='block_1_24' title="bbox 360 2298 2027 2377">
    <p class='ocr_par' dir='ltr' id='par_1_24' title="bbox 360 2298 2027 2377">
     <span class='ocr_line' id='line_1_24' title="bbox 360 2298 2027 2377; baseline -0.004 -19"><span class='ocrx_word' id='word_1_181' title='bbox 360 2325 472 2359; x_wconf 92' lang='grc' dir='ltr'>των</span> <span class='ocrx_word' id='word_1_182' title='bbox 520 2307 626 2357; x_wconf 79' lang='grc' dir='ltr'>τῶν</span> <span class='ocrx_word' id='word_1_183' title='bbox 676 2301 764 2357; x_wconf 79' lang='grc' dir='ltr'>ἐπὶ</span> <span class='ocrx_word' id='word_1_184' title='bbox 811 2308 917 2377; x_wconf 81' lang='grc' dir='ltr'>γῆς</span> <span class='ocrx_word' id='word_1_185' title='bbox 968 2300 1030 2355; x_wconf 90' lang='grc' dir='ltr'>τὸ</span> <span class='ocrx_word' id='word_1_186' title='bbox 1081 2300 1380 2375; x_wconf 87' lang='grc' dir='ltr'>ἀνθρώπων</span> <span class='ocrx_word' id='word_1_187' title='bbox 1429 2300 1583 2372; x_wconf 82' lang='grc' dir='ltr'>γένος</span> <span class='ocrx_word' id='word_1_188' title='bbox 1624 2298 1888 2369; x_wconf 82' lang='grc' dir='ltr'>ἐλεήσας,</span> <span class='ocrx_word' id='word_1_189' title='bbox 1938 2299 2027 2352; x_wconf 84' lang='grc' dir='ltr'>καὶ</span> 
     </span>
    </p>
   </div>
   <div class='ocr_carea' id='block_1_25' title="bbox 367 2384 2032 2467">
    <p class='ocr_par' dir='ltr' id='par_1_25' title="bbox 367 2384 2032 2467">
     <span class='ocr_line' id='line_1_25' title="bbox 367 2384 2032 2467; baseline -0.004 -20"><span class='ocrx_word' id='word_1_190' title='bbox 367 2394 672 2466; x_wconf 82' lang='grc' dir='ltr'>θεωρήσας,</span> <span class='ocrx_word' id='word_1_191' title='bbox 723 2392 800 2452; x_wconf 85' lang='grc' dir='ltr'>ὡς</span> <span class='ocrx_word' id='word_1_192' title='bbox 849 2390 956 2467; x_wconf 79' lang='grc' dir='ltr'>οὐχ</span> <span class='ocrx_word' id='word_1_193' title='bbox 1004 2389 1183 2443; x_wconf 76' lang='grc' dir='ltr'>ἱκανὸν</span> <span class='ocrx_word' id='word_1_194' title='bbox 1220 2385 1302 2459; x_wconf 84' lang='grc' dir='ltr'>εἷή</span> <span class='ocrx_word' id='word_1_195' title='bbox 1355 2389 1491 2443; x_wconf 83' lang='grc' dir='ltr'>κατά</span> <span class='ocrx_word' id='word_1_196' title='bbox 1513 2388 1604 2442; x_wconf 91' lang='grc' dir='ltr'>τὸν</span> <span class='ocrx_word' id='word_1_197' title='bbox 1636 2394 1736 2457; x_wconf 84' lang='grc' dir='ltr'>τῆς</span> <span class='ocrx_word' id='word_1_198' title='bbox 1772 2384 1911 2449; x_wconf 83' lang='grc' dir='ltr'>ἰδίας</span> <span class='ocrx_word' id='word_1_199' title='bbox 1944 2409 2032 2462; x_wconf 89' lang='grc' dir='ltr'>γε-</span> 
     </span>
    </p>
   </div>
   <div class='ocr_carea' id='block_1_26' title="bbox 365 2475 2028 2555">
    <p class='ocr_par' dir='ltr' id='par_1_26' title="bbox 365 2475 2028 2555">
     <span class='ocr_line' id='line_1_26' title="bbox 365 2475 2028 2555; baseline -0.002 -20"><span class='ocrx_word' id='word_1_200' title='bbox 365 2482 565 2543; x_wconf 88' lang='grc' dir='ltr'>νέσεως</span> <span class='ocrx_word' id='word_1_201' title='bbox 625 2480 791 2555; x_wconf 85' lang='grc' dir='ltr'>λόγον</span> <span class='ocrx_word' id='word_1_202' title='bbox 844 2477 1114 2553; x_wconf 85' lang='grc' dir='ltr'>διαμένειν</span> <span class='ocrx_word' id='word_1_203' title='bbox 1166 2477 1269 2548; x_wconf 86' lang='grc' dir='ltr'>ἀεὶ,</span> <span class='ocrx_word' id='word_1_204' title='bbox 1323 2475 1490 2532; x_wconf 87' lang='grc' dir='ltr'>πλέον</span> <span class='ocrx_word' id='word_1_205' title='bbox 1549 2498 1603 2531; x_wconf 88' lang='grc' dir='ltr'>τι</span> <span class='ocrx_word' id='word_1_206' title='bbox 1662 2476 2028 2552; x_wconf 86' lang='grc' dir='ltr'>χαριζόμενος</span> 
     </span>
    </p>
   </div>
   <div class='ocr_carea' id='block_1_27' title="bbox 368 2565 2030 2645">
    <p class='ocr_par' dir='ltr' id='par_1_27' title="bbox 368 2565 2030 2645">
     <span class='ocr_line' id='line_1_27' title="bbox 368 2565 2030 2645; baseline -0.002 -20"><span class='ocrx_word' id='word_1_207' title='bbox 368 2570 556 2633; x_wconf 80' lang='grc' dir='ltr'>αὐτοῖς</span> <span class='ocrx_word' id='word_1_208' title='bbox 588 2569 694 2645; x_wconf 80' lang='grc' dir='ltr'>οὐχ</span> <span class='ocrx_word' id='word_1_209' title='bbox 740 2567 955 2641; x_wconf 81' lang='grc' dir='ltr'>ἁπλῶς,</span> <span class='ocrx_word' id='word_1_210' title='bbox 1007 2567 1188 2643; x_wconf 85' lang='grc' dir='ltr'>ὥσπερ</span> <span class='ocrx_word' id='word_1_211' title='bbox 1237 2568 1406 2622; x_wconf 81' lang='grc' dir='ltr'>πάντα</span> <span class='ocrx_word' id='word_1_212' title='bbox 1450 2568 1519 2621; x_wconf 78' lang='grc' dir='ltr'>τὰ</span> <span class='ocrx_word' id='word_1_213' title='bbox 1565 2566 1652 2621; x_wconf 81' lang='grc' dir='ltr'>ἐπὶ</span> <span class='ocrx_word' id='word_1_214' title='bbox 1702 2574 1807 2642; x_wconf 77' lang='grc' dir='ltr'>γῆς</span> <span class='ocrx_word' id='word_1_215' title='bbox 1852 2565 2030 2642; x_wconf 78' lang='grc' dir='ltr'>ἄλογα</span> 
     </span>
    </p>
   </div>
   <div class='ocr_carea' id='block_1_28' title="bbox 372 2654 2027 2732">
    <p class='ocr_par' dir='ltr' id='par_1_28' title="bbox 372 2654 2027 2732">
     <span class='ocr_line' id='line_1_28' title="bbox 372 2654 2027 2732; baseline -0.002 -18"><span class='ocrx_word' id='word_1_216' title='bbox 372 2665 506 2731; x_wconf 82' lang='grc' dir='ltr'>ζῶα,</span> <span class='ocrx_word' id='word_1_217' title='bbox 566 2656 739 2714; x_wconf 79' lang='grc' dir='ltr'>ἔκτισε</span> <span class='ocrx_word' id='word_1_218' title='bbox 787 2661 901 2732; x_wconf 88' lang='grc'>(46)</span> <span class='ocrx_word' id='word_1_219' title='bbox 954 2657 1083 2720; x_wconf 82' lang='grc' dir='ltr'>τοὺς</span> <span class='ocrx_word' id='word_1_220' title='bbox 1144 2657 1483 2731; x_wconf 81' lang='grc' dir='ltr'>ἀνθρώπους,</span> <span class='ocrx_word' id='word_1_221' title='bbox 1545 2654 1689 2711; x_wconf 78' lang='grc' dir='ltr'>ἀλλὰ</span> <span class='ocrx_word' id='word_1_222' title='bbox 1743 2658 1881 2712; x_wconf 75' lang='grc' dir='ltr'>κατὰ</span> <span class='ocrx_word' id='word_1_223' title='bbox 1926 2658 2027 2726; x_wconf 79' lang='grc' dir='ltr'>τὴν</span> 
     </span>
    </p>
   </div>
   <div class='ocr_carea' id='block_1_29' title="bbox 371 2741 2028 2819">
    <p class='ocr_par' dir='ltr' id='par_1_29' title="bbox 371 2741 2028 2819">
     <span class='ocr_line' id='line_1_29' title="bbox 371 2741 2028 2819; baseline -0.003 -16"><span class='ocrx_word' id='word_1_224' title='bbox 371 2750 565 2804; x_wconf 73' lang='grc' dir='ltr'>ἑαυτοῦ</span> <span class='ocrx_word' id='word_1_225' title='bbox 597 2746 773 2802; x_wconf 75' lang='grc' dir='ltr'>εῗκόνα</span> <span class='ocrx_word' id='word_1_226' title='bbox 822 2745 1072 2817; x_wconf 81' lang='grc' dir='ltr'>ἐποίησεν</span> <span class='ocrx_word' id='word_1_227' title='bbox 1123 2744 1341 2819; x_wconf 78' lang='grc' dir='ltr'>αὐτοὺς,</span> <span class='ocrx_word' id='word_1_228' title='bbox 1398 2741 1659 2818; x_wconf 82' lang='grc' dir='ltr'>μεταδοὺς</span> <span class='ocrx_word' id='word_1_229' title='bbox 1710 2744 1895 2807; x_wconf 81' lang='grc' dir='ltr'>αὐτοῖς</span> <span class='ocrx_word' id='word_1_230' title='bbox 1938 2745 2028 2799; x_wconf 83' lang='grc' dir='ltr'>καὶ</span> 
     </span>
    </p>
   </div>
   <div class='ocr_carea' id='block_1_30' title="bbox 369 2831 2031 2911">
    <p class='ocr_par' dir='ltr' id='par_1_30' title="bbox 369 2831 2031 2911">
     <span class='ocr_line' id='line_1_30' title="bbox 369 2831 2031 2911; baseline -0.003 -19"><span class='ocrx_word' id='word_1_231' title='bbox 369 2844 475 2909; x_wconf 82' lang='grc' dir='ltr'>τῆς</span> <span class='ocrx_word' id='word_1_232' title='bbox 504 2841 601 2893; x_wconf 77' lang='grc' dir='ltr'>τοῦ</span> <span class='ocrx_word' id='word_1_233' title='bbox 635 2834 775 2891; x_wconf 81' lang='grc' dir='ltr'>ἰδίου</span> <span class='ocrx_word' id='word_1_234' title='bbox 826 2836 1006 2911; x_wconf 86' lang='grc' dir='ltr'>Λόγου</span> <span class='ocrx_word' id='word_1_235' title='bbox 1053 2832 1356 2909; x_wconf 84' lang='grc' dir='ltr'>δυνάμεως,</span> <span class='ocrx_word' id='word_1_236' title='bbox 1401 2831 1492 2888; x_wconf 71' lang='grc' dir='ltr'>’ίνα</span> <span class='ocrx_word' id='word_1_237' title='bbox 1544 2832 1722 2907; x_wconf 84' lang='grc' dir='ltr'>ὥσπερ</span> <span class='ocrx_word' id='word_1_238' title='bbox 1772 2834 1924 2897; x_wconf 83' lang='grc' dir='ltr'>σκιάς</span> <span class='ocrx_word' id='word_1_239' title='bbox 1954 2855 2031 2888; x_wconf 90' lang='grc' dir='ltr'>τι-</span> 
     </span>
    </p>
   </div>
   <div class='ocr_carea' id='block_1_31' title="bbox 373 2920 2029 3003">
    <p class='ocr_par' dir='ltr' id='par_1_31' title="bbox 373 2920 2029 3003">
     <span class='ocr_line' id='line_1_31' title="bbox 373 2920 2029 3003; baseline -0.004 -21"><span class='ocrx_word' id='word_1_240' title='bbox 373 2948 472 2990; x_wconf 87' lang='grc' dir='ltr'>νας</span> <span class='ocrx_word' id='word_1_241' title='bbox 504 2925 722 3003; x_wconf 78' lang='grc' dir='ltr'>ἔχοντες</span> <span class='ocrx_word' id='word_1_242' title='bbox 749 2930 847 2981; x_wconf 79' lang='grc' dir='ltr'>τοῦ</span> <span class='ocrx_word' id='word_1_243' title='bbox 878 2925 1081 3001; x_wconf 88' lang='grc' dir='ltr'>Λόγου,</span> <span class='ocrx_word' id='word_1_244' title='bbox 1110 2925 1200 2979; x_wconf 81' lang='grc' dir='ltr'>καὶ</span> <span class='ocrx_word' id='word_1_245' title='bbox 1242 2923 1529 2999; x_wconf 87' lang='grc' dir='ltr'>γενόμενοι</span> <span class='ocrx_word' id='word_1_246' title='bbox 1570 2920 1808 2997; x_wconf 78' lang='grc' dir='ltr'>λογικοὶ,</span> <span class='ocrx_word' id='word_1_247' title='bbox 1843 2920 2029 2996; x_wconf 82' lang='grc' dir='ltr'>διαμέ-</span> 
     </span>
    </p>
   </div>
   <div class='ocr_carea' id='block_1_32' title="bbox 374 3010 2025 3091">
    <p class='ocr_par' dir='ltr' id='par_1_32' title="bbox 374 3010 2025 3091">
     <span class='ocr_line' id='line_1_32' title="bbox 374 3010 2025 3091; baseline -0.004 -19"><span class='ocrx_word' id='word_1_248' title='bbox 374 3038 480 3072; x_wconf 90' lang='grc' dir='ltr'>νειν</span> <span class='ocrx_word' id='word_1_249' title='bbox 530 3016 581 3071; x_wconf 82' lang='grc' dir='ltr'>ἐν</span> <span class='ocrx_word' id='word_1_250' title='bbox 629 3014 989 3091; x_wconf 87' lang='grc' dir='ltr'>μακαριότητι</span> <span class='ocrx_word' id='word_1_251' title='bbox 1040 3011 1333 3084; x_wconf 81' lang='grc' dir='ltr'>δυνηθῶσι,</span> <span class='ocrx_word' id='word_1_252' title='bbox 1387 3017 1580 3082; x_wconf 83' lang='grc' dir='ltr'>ζῶντες</span> <span class='ocrx_word' id='word_1_253' title='bbox 1628 3010 1720 3066; x_wconf 80' lang='grc' dir='ltr'>τὸν</span> <span class='ocrx_word' id='word_1_254' title='bbox 1770 3010 2025 3081; x_wconf 89' lang='grc' dir='ltr'>ἀληθινὸν</span> 
     </span>
    </p>
   </div>
   <div class='ocr_carea' id='block_1_33' title="bbox 374 3099 2025 3179">
    <p class='ocr_par' dir='ltr' id='par_1_33' title="bbox 374 3099 2025 3179">
     <span class='ocr_line' id='line_1_33' title="bbox 374 3099 2025 3179; baseline -0.003 -19"><span class='ocrx_word' id='word_1_255' title='bbox 374 3106 468 3165; x_wconf 83' lang='grc' dir='ltr'>καὶ</span> <span class='ocrx_word' id='word_1_256' title='bbox 509 3100 680 3167; x_wconf 74' lang='grc' dir='ltr'>ὅντως</span> <span class='ocrx_word' id='word_1_257' title='bbox 716 3109 823 3159; x_wconf 81' lang='grc' dir='ltr'>τῶν</span> <span class='ocrx_word' id='word_1_258' title='bbox 857 3106 974 3177; x_wconf 77' lang='lat'>(.7)</span> <span class='ocrx_word' id='word_1_259' title='bbox 1012 3102 1182 3179; x_wconf 83' lang='grc' dir='ltr'>ἁγίων</span> <span class='ocrx_word' id='word_1_260' title='bbox 1229 3102 1280 3157; x_wconf 82' lang='grc' dir='ltr'>ἐν</span> <span class='ocrx_word' id='word_1_261' title='bbox 1333 3100 1646 3178; x_wconf 83' lang='grc' dir='ltr'>παραδείσῳ</span> <span class='ocrx_word' id='word_1_262' title='bbox 1681 3101 1817 3177; x_wconf 87' lang='grc' dir='ltr'>βίον.</span> <span class='ocrx_word' id='word_1_263' title='bbox 1849 3099 2025 3164; x_wconf 85' lang='grc' dir='ltr'>Εἰδὼς</span> 
     </span>
    </p>
   </div>
   <div class='ocr_carea' id='block_1_34' title="bbox 378 3190 2030 3269">
    <p class='ocr_par' dir='ltr' id='par_1_34' title="bbox 378 3190 2030 3269">
     <span class='ocr_line' id='line_1_34' title="bbox 378 3190 2030 3269; baseline -0.003 -19"><span class='ocrx_word' id='word_1_264' title='bbox 378 3194 438 3250; x_wconf 72' lang='grc' dir='ltr'>δὲ</span> <span class='ocrx_word' id='word_1_265' title='bbox 465 3192 625 3249; x_wconf 54' lang='grc' dir='ltr'>πάλιν</span> <span class='ocrx_word' id='word_1_266' title='bbox 661 3196 761 3263; x_wconf 80' lang='grc' dir='ltr'>τήν</span> <span class='ocrx_word' id='word_1_267' title='bbox 790 3194 1088 3269; x_wconf 87' lang='grc' dir='ltr'>ἀνθρώπων</span> <span class='ocrx_word' id='word_1_268' title='bbox 1135 3192 1211 3254; x_wconf 88' lang='grc' dir='ltr'>εἷς</span> <span class='ocrx_word' id='word_1_269' title='bbox 1261 3191 1540 3269; x_wconf 80' lang='grc' dir='ltr'>ἀμφότερα</span> <span class='ocrx_word' id='word_1_270' title='bbox 1585 3190 1755 3246; x_wconf 81' lang='grc' dir='ltr'>νεύειν</span> <span class='ocrx_word' id='word_1_271' title='bbox 1804 3190 2030 3264; x_wconf 88' lang='grc' dir='ltr'>δυναμέ-</span> 
     </span>
    </p>
   </div>
   <div class='ocr_carea' id='block_1_35' title="bbox 373 3276 2026 3358">
    <p class='ocr_par' dir='ltr' id='par_1_35' title="bbox 373 3276 2026 3358">
     <span class='ocr_line' id='line_1_35' title="bbox 373 3276 2026 3358; baseline -0.003 -19"><span class='ocrx_word' id='word_1_272' title='bbox 373 3306 469 3354; x_wconf 87' lang='grc' dir='ltr'>νην</span> <span class='ocrx_word' id='word_1_273' title='bbox 498 3282 833 3358; x_wconf 88' lang='grc' dir='ltr'>προαίρεσιν,</span> <span class='ocrx_word' id='word_1_274' title='bbox 865 3276 1161 3357; x_wconf 76' lang='grc' dir='ltr'>προλαϐὼν</span> <span class='ocrx_word' id='word_1_275' title='bbox 1192 3279 1530 3358; x_wconf 78' lang='grc' dir='ltr'>ἠσφαλίσατο</span> <span class='ocrx_word' id='word_1_276' title='bbox 1561 3280 1714 3353; x_wconf 83' lang='grc' dir='ltr'>νόμῳ</span> <span class='ocrx_word' id='word_1_277' title='bbox 1754 3280 1843 3334; x_wconf 86' lang='grc' dir='ltr'>καὶ</span> <span class='ocrx_word' id='word_1_278' title='bbox 1872 3280 2026 3353; x_wconf 88' lang='grc' dir='ltr'>τόπῳ</span> 
     </span>
    </p>
   </div>
   <div class='ocr_carea' id='block_1_36' title="bbox 2052 1990 2101 2054">
    <p class='ocr_par' dir='ltr' id='par_1_36' title="bbox 2052 1990 2101 2054">
     <span class='ocr_line' id='line_1_36' title="bbox 2052 1990 2101 2054; baseline 0 0"><span class='ocrx_word' id='word_1_279' title='bbox 2052 1990 2101 2054; x_wconf 91' lang='grc' dir='ltr'>Β</span> 
     </span>
    </p>
   </div>
   <div class='ocr_carea' id='block_1_37' title="bbox 2138 695 3790 767">
    <p class='ocr_par' dir='ltr' id='par_1_37' title="bbox 2138 695 3790 767">
     <span class='ocr_line' id='line_1_37' title="bbox 2138 695 3790 767; baseline 0.003 -20"><span class='ocrx_word' id='word_1_280' title='bbox 2138 699 2318 765; x_wconf 80' lang='lat' dir='ltr'>tanqu</span> <span class='ocrx_word' id='word_1_281' title='bbox 2331 711 2423 748; x_wconf 89' lang='lat' dir='ltr'>am</span> <span class='ocrx_word' id='word_1_282' title='bbox 2440 695 2824 750; x_wconf 86' lang='lat' dir='ltr'>detestantem</span> <span class='ocrx_word' id='word_1_283' title='bbox 2838 695 3199 767; x_wconf 82' lang='lat' dir='ltr'>impietatem</span> <span class='ocrx_word' id='word_1_284' title='bbox 3216 695 3603 766; x_wconf 87' lang='lat' dir='ltr'>rejicit.Novit</span> <span class='ocrx_word' id='word_1_285' title='bbox 3631 697 3790 752; x_wconf 89' lang='lat' dir='ltr'>enim</span> 
     </span>
    </p>
   </div>
   <div class='ocr_carea' id='block_1_38' title="bbox 2134 784 3792 857">
    <p class='ocr_par' dir='ltr' id='par_1_38' title="bbox 2134 784 3792 857">
     <span class='ocr_line' id='line_1_38' title="bbox 2134 784 3792 857; baseline 0.002 -20"><span class='ocrx_word' id='word_1_286' title='bbox 2134 799 2223 838; x_wconf 89' lang='lat' dir='ltr'>res</span> <span class='ocrx_word' id='word_1_287' title='bbox 2257 800 2371 838; x_wconf 91' lang='lat' dir='ltr'>non</span> <span class='ocrx_word' id='word_1_288' title='bbox 2396 784 2634 839; x_wconf 83' lang='lat' dir='ltr'>fortuito</span> <span class='ocrx_word' id='word_1_289' title='bbox 2667 786 2847 839; x_wconf 79' lang='lat' dir='ltr'>factas</span> <span class='ocrx_word' id='word_1_290' title='bbox 2877 784 3174 855; x_wconf 89' lang='lat' dir='ltr'>esse,quia</span> <span class='ocrx_word' id='word_1_291' title='bbox 3195 784 3562 856; x_wconf 81' lang='lat' dir='ltr'>providentia</span> <span class='ocrx_word' id='word_1_292' title='bbox 3580 785 3792 857; x_wconf 87' lang='lat' dir='ltr'>guber-</span> 
     </span>
    </p>
   </div>
   <div class='ocr_carea' id='block_1_39' title="bbox 2134 860 3789 947">
    <p class='ocr_par' dir='ltr' id='par_1_39' title="bbox 2134 860 3789 947">
     <span class='ocr_line' id='line_1_39' title="bbox 2134 860 3789 947; baseline 0.002 -22"><span class='ocrx_word' id='word_1_293' title='bbox 2134 876 2385 928; x_wconf 88' lang='lat' dir='ltr'>nantur:</span> <span class='ocrx_word' id='word_1_294' title='bbox 2444 888 2633 943; x_wconf 89' lang='lat' dir='ltr'>neque</span> <span class='ocrx_word' id='word_1_295' title='bbox 2686 888 2753 927; x_wconf 80' lang='lat' dir='ltr'>ex</span> <span class='ocrx_word' id='word_1_296' title='bbox 2813 873 3057 927; x_wconf 80' lang='lat' dir='ltr'>materia</span> <span class='ocrx_word' id='word_1_297' title='bbox 3095 873 3259 944; x_wconf 91' lang='lat' dir='ltr'>prius</span> <span class='ocrx_word' id='word_1_298' title='bbox 3281 860 3615 930; x_wconf 82' lang='lat' dir='ltr'>exsistente.</span> <span class='ocrx_word' id='word_1_299' title='bbox 3651 874 3789 947; x_wconf 87' lang='lat' dir='ltr'>quia</span> 
     </span>
    </p>
   </div>
   <div class='ocr_carea' id='block_1_40' title="bbox 2134 960 3788 1032">
    <p class='ocr_par' dir='ltr' id='par_1_40' title="bbox 2134 960 3788 1032">
     <span class='ocr_line' id='line_1_40' title="bbox 2134 960 3788 1032; baseline 0.001 -17"><span class='ocrx_word' id='word_1_300' title='bbox 2134 962 2286 1016; x_wconf 87' lang='lat' dir='ltr'>Deus</span> <span class='ocrx_word' id='word_1_301' title='bbox 2318 960 2627 1015; x_wconf 87' lang='lat' dir='ltr'>imbecillis</span> <span class='ocrx_word' id='word_1_302' title='bbox 2658 978 2772 1015; x_wconf 91' lang='lat' dir='ltr'>non</span> <span class='ocrx_word' id='word_1_303' title='bbox 2800 965 2924 1016; x_wconf 91' lang='lat' dir='ltr'>est:</span> <span class='ocrx_word' id='word_1_304' title='bbox 2961 962 3061 1017; x_wconf 91' lang='lat' dir='ltr'>sed</span> <span class='ocrx_word' id='word_1_305' title='bbox 3096 963 3276 1017; x_wconf 90' lang='lat' dir='ltr'>Deum</span> <span class='ocrx_word' id='word_1_306' title='bbox 3321 964 3539 1032; x_wconf 86' lang='lat' dir='ltr'>omnia,</span> <span class='ocrx_word' id='word_1_307' title='bbox 3602 963 3788 1019; x_wconf 90' lang='lat' dir='ltr'>neuti-</span> 
     </span>
    </p>
   </div>
   <div class='ocr_carea' id='block_1_41' title="bbox 2133 1050 3784 1123">
    <p class='ocr_par' dir='ltr' id='par_1_41' title="bbox 2133 1050 3784 1123">
     <span class='ocr_line' id='line_1_41' title="bbox 2133 1050 3784 1123; baseline 0.002 -18"><span class='ocrx_word' id='word_1_308' title='bbox 2133 1067 2311 1121; x_wconf 85' lang='lat' dir='ltr'>quam</span> <span class='ocrx_word' id='word_1_309' title='bbox 2366 1050 2529 1122; x_wconf 89' lang='lat' dir='ltr'>prius</span> <span class='ocrx_word' id='word_1_310' title='bbox 2578 1050 2937 1119; x_wconf 80' lang='lat' dir='ltr'>exsistentia,</span> <span class='ocrx_word' id='word_1_311' title='bbox 2962 1067 3031 1105; x_wconf 80' lang='lat' dir='ltr'>ex</span> <span class='ocrx_word' id='word_1_312' title='bbox 3062 1051 3245 1107; x_wconf 89' lang='lat' dir='ltr'>nihilo</span> <span class='ocrx_word' id='word_1_313' title='bbox 3277 1069 3379 1123; x_wconf 90' lang='lat' dir='ltr'>per</span> <span class='ocrx_word' id='word_1_314' title='bbox 3411 1052 3671 1108; x_wconf 84' lang='lat' dir='ltr'>Verbum</span> <span class='ocrx_word' id='word_1_315' title='bbox 3702 1053 3784 1109; x_wconf 82' lang='lat' dir='ltr'>fe-</span> 
     </span>
    </p>
   </div>
   <div class='ocr_carea' id='block_1_42' title="bbox 2132 1138 3780 1215">
    <p class='ocr_par' dir='ltr' id='par_1_42' title="bbox 2132 1138 3780 1215">
     <span class='ocr_line' id='line_1_42' title="bbox 2132 1138 3780 1215; baseline 0.003 -21"><span class='ocrx_word' id='word_1_316' title='bbox 2132 1139 2281 1195; x_wconf 88' lang='lat' dir='ltr'>cisse</span> <span class='ocrx_word' id='word_1_317' title='bbox 2329 1144 2394 1194; x_wconf 92' lang='lat' dir='ltr'>ut</span> <span class='ocrx_word' id='word_1_318' title='bbox 2440 1144 2658 1207; x_wconf 86' lang='lat' dir='ltr'>essent,</span> <span class='ocrx_word' id='word_1_319' title='bbox 2721 1138 2805 1193; x_wconf 87' lang='lat' dir='ltr'>uti</span> <span class='ocrx_word' id='word_1_320' title='bbox 2840 1156 2941 1211; x_wconf 93' lang='lat' dir='ltr'>per</span> <span class='ocrx_word' id='word_1_321' title='bbox 2988 1140 3245 1211; x_wconf 87' lang='lat' dir='ltr'>Moysem</span> <span class='ocrx_word' id='word_1_322' title='bbox 3295 1142 3413 1197; x_wconf 86' lang='lat' dir='ltr'>ait:</span> <span class='ocrx_word' id='word_1_323' title='bbox 3448 1142 3510 1196; x_wconf 87' lang='lat' dir='ltr'>In</span> <span class='ocrx_word' id='word_1_324' title='bbox 3535 1143 3780 1215; x_wconf 82' lang='lat' dir='ltr'>pricipio</span> 
     </span>
    </p>
   </div>
   <div class='ocr_carea' id='block_1_43' title="bbox 2128 1230 3783 1299">
    <p class='ocr_par' dir='ltr' id='par_1_43' title="bbox 2128 1230 3783 1299">
     <span class='ocr_line' id='line_1_43' title="bbox 2128 1230 3783 1299; baseline 0.002 -15"><span class='ocrx_word' id='word_1_325' title='bbox 2128 1230 2263 1299; x_wconf 78' lang='lat' dir='ltr'>fecit</span> <span class='ocrx_word' id='word_1_326' title='bbox 2291 1234 2436 1285; x_wconf 85' lang='lat' dir='ltr'>Deus</span> <span class='ocrx_word' id='word_1_327' title='bbox 2466 1230 2665 1284; x_wconf 73' lang='lat' dir='ltr'>caelum</span> <span class='ocrx_word' id='word_1_328' title='bbox 2693 1235 2750 1283; x_wconf 84' lang='lat' dir='ltr'>et</span> <span class='ocrx_word' id='word_1_329' title='bbox 2783 1237 2988 1284; x_wconf 83' lang='lat' dir='ltr'>terram</span> <span class='ocrx_word' id='word_1_330' title='bbox 3019 1230 3062 1263; x_wconf 54' lang='grc' dir='ltr'>ιδ</span> <span class='ocrx_word' id='word_1_331' title='bbox 3088 1248 3100 1297; x_wconf 92' lang='grc'>;</span> <span class='ocrx_word' id='word_1_332' title='bbox 3137 1234 3194 1285; x_wconf 90' lang='lat' dir='ltr'>et</span> <span class='ocrx_word' id='word_1_333' title='bbox 3223 1230 3283 1285; x_wconf 91' lang='lat' dir='ltr'>in</span> <span class='ocrx_word' id='word_1_334' title='bbox 3317 1231 3636 1288; x_wconf 90' lang='lat' dir='ltr'>utilissimo</span> <span class='ocrx_word' id='word_1_335' title='bbox 3666 1235 3783 1288; x_wconf 87' lang='lat' dir='ltr'>Pa-</span> 
     </span>
    </p>
   </div>
   <div class='ocr_carea' id='block_1_44' title="bbox 2131 1318 3787 1377">
    <p class='ocr_par' dir='ltr' id='par_1_44' title="bbox 2131 1318 3787 1377">
     <span class='ocr_line' id='line_1_44' title="bbox 2131 1318 3787 1377; baseline 0.002 -4"><span class='ocrx_word' id='word_1_336' title='bbox 2131 1321 2301 1374; x_wconf 85' lang='lat' dir='ltr'>storis</span> <span class='ocrx_word' id='word_1_337' title='bbox 2333 1318 2483 1374; x_wconf 89' lang='lat' dir='ltr'>libro</span> <span class='ocrx_word' id='word_1_338' title='bbox 2514 1320 2591 1374; x_wconf 74' lang='lat'>‘7:</span> <span class='ocrx_word' id='word_1_339' title='bbox 2624 1320 2877 1373; x_wconf 83' lang='lat' dir='ltr'>Primum</span> <span class='ocrx_word' id='word_1_340' title='bbox 2924 1320 3172 1375; x_wconf 84' lang='lat' dir='ltr'>omnium</span> <span class='ocrx_word' id='word_1_341' title='bbox 3200 1319 3358 1375; x_wconf 76' lang='lat' dir='ltr'>crede</span> <span class='ocrx_word' id='word_1_342' title='bbox 3390 1337 3561 1376; x_wconf 84' lang='lat' dir='ltr'>unum</span> <span class='ocrx_word' id='word_1_343' title='bbox 3613 1322 3787 1377; x_wconf 87' lang='lat' dir='ltr'>Deum</span> 
     </span>
    </p>
   </div>
   <div class='ocr_carea' id='block_1_45' title="bbox 2128 1409 3788 1483">
    <p class='ocr_par' dir='ltr' id='par_1_45' title="bbox 2128 1409 3788 1483">
     <span class='ocr_line' id='line_1_45' title="bbox 2128 1409 3788 1483; baseline 0.002 -21"><span class='ocrx_word' id='word_1_344' title='bbox 2128 1423 2259 1474; x_wconf 85' lang='lat' dir='ltr'>esse,</span> <span class='ocrx_word' id='word_1_345' title='bbox 2318 1410 2415 1481; x_wconf 90' lang='lat' dir='ltr'>qui</span> <span class='ocrx_word' id='word_1_346' title='bbox 2464 1409 2650 1463; x_wconf 84' lang='lat' dir='ltr'>omnia</span> <span class='ocrx_word' id='word_1_347' title='bbox 2695 1409 2899 1463; x_wconf 84' lang='lat' dir='ltr'>creavit</span> <span class='ocrx_word' id='word_1_348' title='bbox 2956 1417 3008 1463; x_wconf 80' lang='lat' dir='ltr'>et</span> <span class='ocrx_word' id='word_1_349' title='bbox 3037 1409 3293 1480; x_wconf 79' lang='lat' dir='ltr'>perfecit,</span> <span class='ocrx_word' id='word_1_350' title='bbox 3326 1426 3496 1481; x_wconf 85' lang='lat' dir='ltr'>eaque</span> <span class='ocrx_word' id='word_1_351' title='bbox 3523 1425 3648 1483; x_wconf 69' lang='lat' dir='ltr'>qua?</span> <span class='ocrx_word' id='word_1_352' title='bbox 3676 1428 3788 1467; x_wconf 83' lang='lat' dir='ltr'>non</span> 
     </span>
    </p>
   </div>
   <div class='ocr_carea' id='block_1_46' title="bbox 2129 1497 3787 1567">
    <p class='ocr_par' dir='ltr' id='par_1_46' title="bbox 2129 1497 3787 1567">
     <span class='ocr_line' id='line_1_46' title="bbox 2129 1497 3787 1567; baseline 0.001 -15"><span class='ocrx_word' id='word_1_353' title='bbox 2129 1509 2293 1553; x_wconf 79' lang='lat' dir='ltr'>erunt</span> <span class='ocrx_word' id='word_1_354' title='bbox 2322 1506 2383 1552; x_wconf 79' lang='lat' dir='ltr'>ut</span> <span class='ocrx_word' id='word_1_355' title='bbox 2410 1501 2583 1552; x_wconf 83' lang='lat' dir='ltr'>essent</span> <span class='ocrx_word' id='word_1_356' title='bbox 2611 1498 2872 1567; x_wconf 74' lang='lat' dir='ltr'>fecit.40</span> <span class='ocrx_word' id='word_1_357' title='bbox 2906 1497 3067 1551; x_wconf 89' lang='lat' dir='ltr'>Idem</span> <span class='ocrx_word' id='word_1_358' title='bbox 3100 1497 3274 1552; x_wconf 91' lang='lat' dir='ltr'>etiam</span> <span class='ocrx_word' id='word_1_359' title='bbox 3308 1498 3525 1554; x_wconf 89' lang='lat' dir='ltr'>Paulus</span> <span class='ocrx_word' id='word_1_360' title='bbox 3540 1499 3631 1554; x_wconf 91' lang='lat' dir='ltr'>his</span> <span class='ocrx_word' id='word_1_361' title='bbox 3659 1516 3787 1554; x_wconf 86' lang='lat' dir='ltr'>ver-</span> 
     </span>
    </p>
   </div>
   <div class='ocr_carea' id='block_1_47' title="bbox 2131 1585 3779 1657">
    <p class='ocr_par' dir='ltr' id='par_1_47' title="bbox 2131 1585 3779 1657">
     <span class='ocr_line' id='line_1_47' title="bbox 2131 1585 3779 1657; baseline 0.002 -17"><span class='ocrx_word' id='word_1_362' title='bbox 2131 1586 2223 1642; x_wconf 88' lang='lat' dir='ltr'>bis</span> <span class='ocrx_word' id='word_1_363' title='bbox 2257 1586 2511 1643; x_wconf 80' lang='lat' dir='ltr'>declarat</span> <span class='ocrx_word' id='word_1_364' title='bbox 2542 1587 2621 1640; x_wconf 69' lang='lat'>‘3:</span> <span class='ocrx_word' id='word_1_365' title='bbox 2656 1585 3171 1656; x_wconf 80' lang='lat' dir='ltr'>Fideintelligimus</span> <span class='ocrx_word' id='word_1_366' title='bbox 3188 1590 3551 1657; x_wconf 82' lang='lat' dir='ltr'>per/ectaesse</span> <span class='ocrx_word' id='word_1_367' title='bbox 3566 1589 3779 1644; x_wconf 70' lang='lat' dir='ltr'>saecula</span> 
     </span>
    </p>
   </div>
   <div class='ocr_carea' id='block_1_48' title="bbox 2135 1677 3788 1749">
    <p class='ocr_par' dir='ltr' id='par_1_48' title="bbox 2135 1677 3788 1749">
     <span class='ocr_line' id='line_1_48' title="bbox 2135 1677 3788 1749; baseline 0.001 -17"><span class='ocrx_word' id='word_1_368' title='bbox 2135 1677 2304 1732; x_wconf 87' lang='lat' dir='ltr'>Verbo</span> <span class='ocrx_word' id='word_1_369' title='bbox 2349 1678 2549 1744; x_wconf 83' lang='lat' dir='ltr'>Dei,ut</span> <span class='ocrx_word' id='word_1_370' title='bbox 2603 1692 2689 1730; x_wconf 86' lang='lat' dir='ltr'>res</span> <span class='ocrx_word' id='word_1_371' title='bbox 2747 1692 2865 1747; x_wconf 76' lang='lat' dir='ltr'>quae</span> <span class='ocrx_word' id='word_1_372' title='bbox 2894 1679 3198 1731; x_wconf 81' lang='lat' dir='ltr'>cernuntur</span> <span class='ocrx_word' id='word_1_373' title='bbox 3245 1692 3356 1732; x_wconf 86' lang='lat' dir='ltr'>non</span> <span class='ocrx_word' id='word_1_374' title='bbox 3387 1692 3457 1732; x_wconf 72' lang='lat' dir='ltr'>ea:</span> <span class='ocrx_word' id='word_1_375' title='bbox 3498 1679 3661 1733; x_wconf 83' lang='lat' dir='ltr'>rebus</span> <span class='ocrx_word' id='word_1_376' title='bbox 3690 1694 3788 1749; x_wconf 90' lang='lat' dir='ltr'>ap-</span> 
     </span>
    </p>
   </div>
   <div class='ocr_carea' id='block_1_49' title="bbox 2123 1764 3787 1838">
    <p class='ocr_par' dir='ltr' id='par_1_49' title="bbox 2123 1764 3787 1838">
     <span class='ocr_line' id='line_1_49' title="bbox 2123 1764 3787 1838; baseline 0.002 -20"><span class='ocrx_word' id='word_1_377' title='bbox 2123 1766 2448 1836; x_wconf 80' lang='lat' dir='ltr'>parentibus</span> <span class='ocrx_word' id='word_1_378' title='bbox 2477 1765 2669 1835; x_wconf 79' lang='lat' dir='ltr'>ﬁerent</span> <span class='ocrx_word' id='word_1_379' title='bbox 2700 1766 2938 1833; x_wconf 74' lang='lat'>(42-43).</span> <span class='ocrx_word' id='word_1_380' title='bbox 2975 1764 3208 1820; x_wconf 87' lang='lat' dir='ltr'>Scilicet</span> <span class='ocrx_word' id='word_1_381' title='bbox 3238 1765 3394 1820; x_wconf 91' lang='lat' dir='ltr'>Deus</span> <span class='ocrx_word' id='word_1_382' title='bbox 3434 1767 3623 1822; x_wconf 89' lang='lat' dir='ltr'>bonus</span> <span class='ocrx_word' id='word_1_383' title='bbox 3674 1770 3787 1838; x_wconf 87' lang='lat' dir='ltr'>est,</span> 
     </span>
    </p>
   </div>
   <div class='ocr_carea' id='block_1_50' title="bbox 2126 1853 3790 1926">
    <p class='ocr_par' dir='ltr' id='par_1_50' title="bbox 2126 1853 3790 1926">
     <span class='ocr_line' id='line_1_50' title="bbox 2126 1853 3790 1926; baseline 0.002 -18"><span class='ocrx_word' id='word_1_384' title='bbox 2126 1853 2701 1926; x_wconf 83' lang='lat' dir='ltr'>velpotiusionsipse</span> <span class='ocrx_word' id='word_1_385' title='bbox 2717 1858 2807 1909; x_wconf 87' lang='lat' dir='ltr'>est</span> <span class='ocrx_word' id='word_1_386' title='bbox 2825 1854 3148 1909; x_wconf 88' lang='lat' dir='ltr'>bonitatis:</span> <span class='ocrx_word' id='word_1_387' title='bbox 3182 1855 3373 1911; x_wconf 89' lang='lat' dir='ltr'>bonus</span> <span class='ocrx_word' id='word_1_388' title='bbox 3402 1860 3599 1911; x_wconf 90' lang='lat' dir='ltr'>autem</span> <span class='ocrx_word' id='word_1_389' title='bbox 3644 1856 3790 1912; x_wconf 88' lang='lat' dir='ltr'>nulli</span> 
     </span>
    </p>
   </div>
   <div class='ocr_carea' id='block_1_51' title="bbox 2132 1942 3789 2015">
    <p class='ocr_par' dir='ltr' id='par_1_51' title="bbox 2132 1942 3789 2015">
     <span class='ocr_line' id='line_1_51' title="bbox 2132 1942 3789 2015; baseline 0.003 -18"><span class='ocrx_word' id='word_1_390' title='bbox 2132 1943 2369 2012; x_wconf 90' lang='lat' dir='ltr'>invidet,</span> <span class='ocrx_word' id='word_1_391' title='bbox 2403 1947 2759 2015; x_wconf 88' lang='lat' dir='ltr'>quapropter</span> <span class='ocrx_word' id='word_1_392' title='bbox 2791 1942 2938 1997; x_wconf 90' lang='lat' dir='ltr'>nulli</span> <span class='ocrx_word' id='word_1_393' title='bbox 2970 1943 3047 1997; x_wconf 88' lang='lat' dir='ltr'>rei</span> <span class='ocrx_word' id='word_1_394' title='bbox 3082 1944 3402 2014; x_wconf 88' lang='lat' dir='ltr'>quominus</span> <span class='ocrx_word' id='word_1_395' title='bbox 3420 1944 3497 1999; x_wconf 88' lang='lat' dir='ltr'>sit</span> <span class='ocrx_word' id='word_1_396' title='bbox 3521 1945 3789 2002; x_wconf 87' lang='lat' dir='ltr'>invidens</span> 
     </span>
    </p>
   </div>
   <div class='ocr_carea' id='block_1_52' title="bbox 2136 2032 3788 2104">
    <p class='ocr_par' dir='ltr' id='par_1_52' title="bbox 2136 2032 3788 2104">
     <span class='ocr_line' id='line_1_52' title="bbox 2136 2032 3788 2104; baseline 0.003 -18"><span class='ocrx_word' id='word_1_397' title='bbox 2136 2032 2335 2089; x_wconf 88' lang='lat' dir='ltr'>omnia</span> <span class='ocrx_word' id='word_1_398' title='bbox 2364 2051 2465 2104; x_wconf 90' lang='lat' dir='ltr'>per</span> <span class='ocrx_word' id='word_1_399' title='bbox 2479 2032 2780 2104; x_wconf 91' lang='lat' dir='ltr'>proprium</span> <span class='ocrx_word' id='word_1_400' title='bbox 2796 2032 3053 2088; x_wconf 88' lang='lat' dir='ltr'>Verbum</span> <span class='ocrx_word' id='word_1_401' title='bbox 3070 2032 3382 2088; x_wconf 88' lang='lat' dir='ltr'>Dominum</span> <span class='ocrx_word' id='word_1_402' title='bbox 3399 2040 3666 2090; x_wconf 88' lang='lat' dir='ltr'>nostrum</span> <span class='ocrx_word' id='word_1_403' title='bbox 3691 2035 3788 2092; x_wconf 89' lang='lat' dir='ltr'>Je-</span> 
     </span>
    </p>
   </div>
   <div class='ocr_carea' id='block_1_53' title="bbox 2137 2121 3790 2195">
    <p class='ocr_par' dir='ltr' id='par_1_53' title="bbox 2137 2121 3790 2195">
     <span class='ocr_line' id='line_1_53' title="bbox 2137 2121 3790 2195; baseline 0.001 -17"><span class='ocrx_word' id='word_1_404' title='bbox 2137 2138 2269 2178; x_wconf 89' lang='lat' dir='ltr'>sum</span> <span class='ocrx_word' id='word_1_405' title='bbox 2302 2122 2600 2178; x_wconf 87' lang='lat' dir='ltr'>Christum</span> <span class='ocrx_word' id='word_1_406' title='bbox 2634 2138 2703 2177; x_wconf 82' lang='lat' dir='ltr'>ex</span> <span class='ocrx_word' id='word_1_407' title='bbox 2730 2121 2912 2177; x_wconf 89' lang='lat' dir='ltr'>nihilo</span> <span class='ocrx_word' id='word_1_408' title='bbox 2945 2122 3101 2190; x_wconf 85' lang='lat' dir='ltr'>fecit,</span> <span class='ocrx_word' id='word_1_409' title='bbox 3123 2139 3153 2178; x_wconf 93' lang='lat' dir='ltr'>e</span> <span class='ocrx_word' id='word_1_410' title='bbox 3184 2123 3402 2195; x_wconf 90' lang='lat' dir='ltr'>quibus</span> <span class='ocrx_word' id='word_1_411' title='bbox 3432 2140 3567 2179; x_wconf 91' lang='lat' dir='ltr'>cum</span> <span class='ocrx_word' id='word_1_412' title='bbox 3600 2124 3790 2181; x_wconf 88' lang='lat' dir='ltr'>homi-</span> 
     </span>
    </p>
   </div>
   <div class='ocr_carea' id='block_1_54' title="bbox 2138 2211 3788 2283">
    <p class='ocr_par' dir='ltr' id='par_1_54' title="bbox 2138 2211 3788 2283">
     <span class='ocr_line' id='line_1_54' title="bbox 2138 2211 3788 2283; baseline 0.002 -18"><span class='ocrx_word' id='word_1_413' title='bbox 2138 2227 2280 2265; x_wconf 90' lang='lat' dir='ltr'>num</span> <span class='ocrx_word' id='word_1_414' title='bbox 2302 2227 2489 2283; x_wconf 84' lang='lat' dir='ltr'>genus</span> <span class='ocrx_word' id='word_1_415' title='bbox 2515 2228 2634 2283; x_wconf 73' lang='lat' dir='ltr'>prae</span> <span class='ocrx_word' id='word_1_416' title='bbox 2664 2211 2886 2267; x_wconf 65' lang='lat' dir='ltr'>caeteris</span> <span class='ocrx_word' id='word_1_417' title='bbox 2918 2211 3349 2283; x_wconf 77' lang='lat' dir='ltr'>omnibus,quaa</span> <span class='ocrx_word' id='word_1_418' title='bbox 3380 2212 3439 2268; x_wconf 90' lang='lat' dir='ltr'>in</span> <span class='ocrx_word' id='word_1_419' title='bbox 3463 2216 3617 2268; x_wconf 89' lang='lat' dir='ltr'>terra</span> <span class='ocrx_word' id='word_1_420' title='bbox 3637 2214 3788 2270; x_wconf 85' lang='lat' dir='ltr'>exsi-</span> 
     </span>
    </p>
   </div>
   <div class='ocr_carea' id='block_1_55' title="bbox 2139 2300 3787 2375">
    <p class='ocr_par' dir='ltr' id='par_1_55' title="bbox 2139 2300 3787 2375">
     <span class='ocr_line' id='line_1_55' title="bbox 2139 2300 3787 2375; baseline 0.002 -21"><span class='ocrx_word' id='word_1_421' title='bbox 2139 2304 2322 2368; x_wconf 87' lang='lat' dir='ltr'>stunt,</span> <span class='ocrx_word' id='word_1_422' title='bbox 2388 2300 2788 2366; x_wconf 87' lang='lat' dir='ltr'>miseraretur,</span> <span class='ocrx_word' id='word_1_423' title='bbox 2842 2304 3222 2372; x_wconf 86' lang='lat' dir='ltr'>cerneretque</span> <span class='ocrx_word' id='word_1_424' title='bbox 3271 2300 3403 2357; x_wconf 92' lang='lat' dir='ltr'>illos</span> <span class='ocrx_word' id='word_1_425' title='bbox 3448 2318 3517 2357; x_wconf 80' lang='lat' dir='ltr'>ex</span> <span class='ocrx_word' id='word_1_426' title='bbox 3542 2303 3787 2375; x_wconf 75' lang='lat' dir='ltr'>propriae</span> 
     </span>
    </p>
   </div>
   <div class='ocr_carea' id='block_1_56' title="bbox 2140 2389 3791 2465">
    <p class='ocr_par' dir='ltr' id='par_1_56' title="bbox 2140 2389 3791 2465">
     <span class='ocr_line' id='line_1_56' title="bbox 2140 2389 3791 2465; baseline 0.002 -20"><span class='ocrx_word' id='word_1_427' title='bbox 2140 2394 2362 2445; x_wconf 68' lang='lat' dir='ltr'>naturae</span> <span class='ocrx_word' id='word_1_428' title='bbox 2420 2389 2753 2446; x_wconf 92' lang='lat' dir='ltr'>conditione</span> <span class='ocrx_word' id='word_1_429' title='bbox 2810 2407 2925 2444; x_wconf 87' lang='lat' dir='ltr'>non</span> <span class='ocrx_word' id='word_1_430' title='bbox 2981 2390 3092 2446; x_wconf 91' lang='lat' dir='ltr'>sibi</span> <span class='ocrx_word' id='word_1_431' title='bbox 3126 2390 3268 2446; x_wconf 86' lang='lat' dir='ltr'>satis</span> <span class='ocrx_word' id='word_1_432' title='bbox 3296 2407 3424 2447; x_wconf 89' lang='lat' dir='ltr'>esse</span> <span class='ocrx_word' id='word_1_433' title='bbox 3454 2392 3526 2446; x_wconf 90' lang='lat' dir='ltr'>ad</span> <span class='ocrx_word' id='word_1_434' title='bbox 3560 2408 3791 2465; x_wconf 89' lang='lat' dir='ltr'>semper</span> 
     </span>
    </p>
   </div>
   <div class='ocr_carea' id='block_1_57' title="bbox 2140 2478 3791 2553">
    <p class='ocr_par' dir='ltr' id='par_1_57' title="bbox 2140 2478 3791 2553">
     <span class='ocr_line' id='line_1_57' title="bbox 2140 2478 3791 2553; baseline 0.001 -18"><span class='ocrx_word' id='word_1_435' title='bbox 2140 2480 2626 2553; x_wconf 90' lang='lat' dir='ltr'>permanendum,</span> <span class='ocrx_word' id='word_1_436' title='bbox 2662 2478 2883 2551; x_wconf 91' lang='lat' dir='ltr'>aliquid</span> <span class='ocrx_word' id='word_1_437' title='bbox 2918 2478 3174 2551; x_wconf 88' lang='lat' dir='ltr'>amplius</span> <span class='ocrx_word' id='word_1_438' title='bbox 3206 2479 3324 2536; x_wconf 89' lang='lat' dir='ltr'>illis</span> <span class='ocrx_word' id='word_1_439' title='bbox 3370 2480 3625 2549; x_wconf 90' lang='lat' dir='ltr'>donavit,</span> <span class='ocrx_word' id='word_1_440' title='bbox 3684 2500 3791 2539; x_wconf 90' lang='lat' dir='ltr'>nec</span> 
     </span>
    </p>
   </div>
   <div class='ocr_carea' id='block_1_58' title="bbox 2140 2568 3788 2640">
    <p class='ocr_par' dir='ltr' id='par_1_58' title="bbox 2140 2568 3788 2640">
     <span class='ocr_line' id='line_1_58' title="bbox 2140 2568 3788 2640; baseline 0.002 -15"><span class='ocrx_word' id='word_1_441' title='bbox 2140 2570 2250 2625; x_wconf 90' lang='lat' dir='ltr'>sim</span> <span class='ocrx_word' id='word_1_442' title='bbox 2262 2568 2334 2640; x_wconf 90' lang='lat' dir='ltr'>pli</span> <span class='ocrx_word' id='word_1_443' title='bbox 2345 2568 2583 2634; x_wconf 89' lang='lat' dir='ltr'>citer,ut</span> <span class='ocrx_word' id='word_1_444' title='bbox 2597 2585 2801 2625; x_wconf 86' lang='lat' dir='ltr'>omnes</span> <span class='ocrx_word' id='word_1_445' title='bbox 2826 2570 3028 2624; x_wconf 88' lang='lat' dir='ltr'>brutas</span> <span class='ocrx_word' id='word_1_446' title='bbox 3045 2573 3419 2627; x_wconf 86' lang='lat' dir='ltr'>etterrestres</span> <span class='ocrx_word' id='word_1_447' title='bbox 3433 2571 3788 2638; x_wconf 86' lang='lat' dir='ltr'>animantes,</span> 
     </span>
    </p>
   </div>
   <div class='ocr_carea' id='block_1_59' title="bbox 2140 2658 3791 2733">
    <p class='ocr_par' dir='ltr' id='par_1_59' title="bbox 2140 2658 3791 2733">
     <span class='ocr_line' id='line_1_59' title="bbox 2140 2658 3791 2733; baseline 0.001 -19"><span class='ocrx_word' id='word_1_448' title='bbox 2140 2658 2408 2714; x_wconf 87' lang='lat' dir='ltr'>homines</span> <span class='ocrx_word' id='word_1_449' title='bbox 2460 2658 2693 2725; x_wconf 90' lang='lat' dir='ltr'>creavit,</span> <span class='ocrx_word' id='word_1_450' title='bbox 2756 2659 2857 2713; x_wconf 87' lang='lat' dir='ltr'>sed</span> <span class='ocrx_word' id='word_1_451' title='bbox 2915 2675 3014 2714; x_wconf 90' lang='lat' dir='ltr'>eos</span> <span class='ocrx_word' id='word_1_452' title='bbox 3046 2660 3117 2714; x_wconf 94' lang='lat' dir='ltr'>ad</span> <span class='ocrx_word' id='word_1_453' title='bbox 3145 2676 3315 2715; x_wconf 89' lang='lat' dir='ltr'>suam</span> <span class='ocrx_word' id='word_1_454' title='bbox 3359 2660 3677 2733; x_wconf 87' lang='lat' dir='ltr'>imaginem</span> <span class='ocrx_word' id='word_1_455' title='bbox 3709 2662 3791 2717; x_wconf 86' lang='lat' dir='ltr'>fe-</span> 
     </span>
    </p>
   </div>
   <div class='ocr_carea' id='block_1_60' title="bbox 2140 2747 3795 2821">
    <p class='ocr_par' dir='ltr' id='par_1_60' title="bbox 2140 2747 3795 2821">
     <span class='ocr_line' id='line_1_60' title="bbox 2140 2747 3795 2821; baseline 0.002 -18"><span class='ocrx_word' id='word_1_456' title='bbox 2140 2749 2219 2803; x_wconf 89' lang='lat' dir='ltr'>cit</span> <span class='ocrx_word' id='word_1_457' title='bbox 2248 2747 2586 2819; x_wconf 89' lang='lat' dir='ltr'>propriique</span> <span class='ocrx_word' id='word_1_458' title='bbox 2617 2747 2792 2802; x_wconf 88' lang='lat' dir='ltr'>Verbi</span> <span class='ocrx_word' id='word_1_459' title='bbox 2813 2747 3048 2804; x_wconf 90' lang='lat' dir='ltr'>virtutis</span> <span class='ocrx_word' id='word_1_460' title='bbox 3073 2750 3388 2821; x_wconf 86' lang='lat' dir='ltr'>participes</span> <span class='ocrx_word' id='word_1_461' title='bbox 3419 2750 3693 2819; x_wconf 87' lang='lat' dir='ltr'>reddidit,</span> <span class='ocrx_word' id='word_1_462' title='bbox 3728 2755 3795 2806; x_wconf 89' lang='lat' dir='ltr'>ut</span> 
     </span>
    </p>
   </div>
   <div class='ocr_carea' id='block_1_61' title="bbox 2140 2836 3791 2908">
    <p class='ocr_par' dir='ltr' id='par_1_61' title="bbox 2140 2836 3791 2908">
     <span class='ocr_line' id='line_1_61' title="bbox 2140 2836 3791 2908; baseline 0.002 -16"><span class='ocrx_word' id='word_1_463' title='bbox 2140 2837 2427 2908; x_wconf 89' lang='lat' dir='ltr'>quasdam</span> <span class='ocrx_word' id='word_1_464' title='bbox 2458 2838 2617 2892; x_wconf 87' lang='lat' dir='ltr'>velut</span> <span class='ocrx_word' id='word_1_465' title='bbox 2649 2836 3459 2905; x_wconf 81' lang='lat' dir='ltr'>umbrasVerbihabentes,et</span> <span class='ocrx_word' id='word_1_466' title='bbox 3478 2839 3791 2896; x_wconf 88' lang='lat' dir='ltr'>rationales</span> 
     </span>
    </p>
   </div>
   <div class='ocr_carea' id='block_1_62' title="bbox 2138 2925 3791 2999">
    <p class='ocr_par' dir='ltr' id='par_1_62' title="bbox 2138 2925 3791 2999">
     <span class='ocr_line' id='line_1_62' title="bbox 2138 2925 3791 2999; baseline 0.002 -18"><span class='ocrx_word' id='word_1_467' title='bbox 2138 2926 2295 2994; x_wconf 85' lang='lat' dir='ltr'>facti,</span> <span class='ocrx_word' id='word_1_468' title='bbox 2328 2926 2389 2981; x_wconf 89' lang='lat' dir='ltr'>in</span> <span class='ocrx_word' id='word_1_469' title='bbox 2421 2925 2782 2982; x_wconf 87' lang='lat' dir='ltr'>beatitudine</span> <span class='ocrx_word' id='word_1_470' title='bbox 2809 2942 3198 2998; x_wconf 86' lang='lat' dir='ltr'>perseverare,</span> <span class='ocrx_word' id='word_1_471' title='bbox 3231 2943 3543 2999; x_wconf 85' lang='lat' dir='ltr'>veramque</span> <span class='ocrx_word' id='word_1_472' title='bbox 3568 2932 3625 2985; x_wconf 92' lang='lat' dir='ltr'>et</span> <span class='ocrx_word' id='word_1_473' title='bbox 3654 2946 3791 2985; x_wconf 89' lang='lat' dir='ltr'>san-</span> 
     </span>
    </p>
   </div>
   <div class='ocr_carea' id='block_1_63' title="bbox 2138 3015 3791 3089">
    <p class='ocr_par' dir='ltr' id='par_1_63' title="bbox 2138 3015 3791 3089">
     <span class='ocr_line' id='line_1_63' title="bbox 2138 3015 3791 3089; baseline 0.002 -18"><span class='ocrx_word' id='word_1_474' title='bbox 2138 3020 2366 3071; x_wconf 90' lang='lat' dir='ltr'>ctorum</span> <span class='ocrx_word' id='word_1_475' title='bbox 2396 3032 2529 3071; x_wconf 84' lang='lat' dir='ltr'>vere</span> <span class='ocrx_word' id='word_1_476' title='bbox 2547 3015 2729 3070; x_wconf 89' lang='lat' dir='ltr'>vitam</span> <span class='ocrx_word' id='word_1_477' title='bbox 2760 3016 2818 3070; x_wconf 94' lang='lat' dir='ltr'>in</span> <span class='ocrx_word' id='word_1_478' title='bbox 2846 3015 3118 3087; x_wconf 88' lang='lat' dir='ltr'>paradiso</span> <span class='ocrx_word' id='word_1_479' title='bbox 3147 3016 3338 3072; x_wconf 91' lang='lat' dir='ltr'>vivere</span> <span class='ocrx_word' id='word_1_480' title='bbox 3356 3022 3610 3089; x_wconf 87' lang='lat' dir='ltr'>possent.</span> <span class='ocrx_word' id='word_1_481' title='bbox 3645 3023 3791 3075; x_wconf 82' lang='lat' dir='ltr'>Prae-</span> 
     </span>
    </p>
   </div>
   <div class='ocr_carea' id='block_1_64' title="bbox 2136 3104 3789 3164">
    <p class='ocr_par' dir='ltr' id='par_1_64' title="bbox 2136 3104 3789 3164">
     <span class='ocr_line' id='line_1_64' title="bbox 2136 3104 3789 3164; baseline 0.002 -4"><span class='ocrx_word' id='word_1_482' title='bbox 2136 3109 2295 3161; x_wconf 90' lang='lat' dir='ltr'>terea</span> <span class='ocrx_word' id='word_1_483' title='bbox 2320 3121 2453 3160; x_wconf 89' lang='lat' dir='ltr'>cum</span> <span class='ocrx_word' id='word_1_484' title='bbox 2476 3105 2697 3160; x_wconf 90' lang='lat' dir='ltr'>videret</span> <span class='ocrx_word' id='word_1_485' title='bbox 2726 3104 3035 3160; x_wconf 90' lang='lat' dir='ltr'>hominum</span> <span class='ocrx_word' id='word_1_486' title='bbox 3060 3105 3420 3161; x_wconf 86' lang='lat' dir='ltr'>voluntatem</span> <span class='ocrx_word' id='word_1_487' title='bbox 3451 3107 3511 3161; x_wconf 93' lang='lat' dir='ltr'>in</span> <span class='ocrx_word' id='word_1_488' title='bbox 3569 3110 3789 3164; x_wconf 88' lang='lat' dir='ltr'>utram-</span> 
     </span>
    </p>
   </div>
   <div class='ocr_carea' id='block_1_65' title="bbox 2138 3194 3789 3269">
    <p class='ocr_par' dir='ltr' id='par_1_65' title="bbox 2138 3194 3789 3269">
     <span class='ocr_line' id='line_1_65' title="bbox 2138 3194 3789 3269; baseline 0.002 -19"><span class='ocrx_word' id='word_1_489' title='bbox 2138 3211 2252 3266; x_wconf 89' lang='lat' dir='ltr'>que</span> <span class='ocrx_word' id='word_1_490' title='bbox 2278 3198 2499 3266; x_wconf 88' lang='lat' dir='ltr'>partem</span> <span class='ocrx_word' id='word_1_491' title='bbox 2559 3210 2731 3266; x_wconf 90' lang='lat' dir='ltr'>posse</span> <span class='ocrx_word' id='word_1_492' title='bbox 2780 3194 3019 3263; x_wconf 84' lang='lat' dir='ltr'>inﬂecti,</span> <span class='ocrx_word' id='word_1_493' title='bbox 3060 3195 3257 3250; x_wconf 88' lang='lat' dir='ltr'>datam</span> <span class='ocrx_word' id='word_1_494' title='bbox 3279 3195 3362 3251; x_wconf 93' lang='lat' dir='ltr'>eis</span> <span class='ocrx_word' id='word_1_495' title='bbox 3383 3196 3630 3269; x_wconf 85' lang='lat' dir='ltr'>gratiam</span> <span class='ocrx_word' id='word_1_496' title='bbox 3662 3196 3789 3269; x_wconf 85' lang='lat' dir='ltr'>lege</span> 
     </span>
    </p>
   </div>
   <div class='ocr_carea' id='block_1_66' title="bbox 2138 3283 3786 3357">
    <p class='ocr_par' dir='ltr' id='par_1_66' title="bbox 2138 3283 3786 3357">
     <span class='ocr_line' id='line_1_66' title="bbox 2138 3283 3786 3357; baseline 0.002 -18"><span class='ocrx_word' id='word_1_497' title='bbox 2138 3288 2195 3339; x_wconf 88' lang='lat' dir='ltr'>et</span> <span class='ocrx_word' id='word_1_498' title='bbox 2224 3283 2351 3339; x_wconf 89' lang='lat' dir='ltr'>loco</span> <span class='ocrx_word' id='word_1_499' title='bbox 2379 3283 2877 3356; x_wconf 88' lang='lat' dir='ltr'>providentissimi</span> <span class='ocrx_word' id='word_1_500' title='bbox 2910 3284 3307 3355; x_wconf 67' lang='lat' dir='ltr'>pramunivit.</span> <span class='ocrx_word' id='word_1_501' title='bbox 3334 3284 3635 3357; x_wconf 91' lang='lat' dir='ltr'>Siquidem</span> <span class='ocrx_word' id='word_1_502' title='bbox 3670 3286 3786 3343; x_wconf 90' lang='lat' dir='ltr'>illis</span> 
     </span>
    </p>
   </div>
   <div class='ocr_carea' id='block_1_67' title="bbox 372 3361 2029 3446">
    <p class='ocr_par' dir='ltr' id='par_1_67' title="bbox 372 3369 2026 3446">
     <span class='ocr_line' id='line_1_67' title="bbox 372 3369 2026 3446; baseline -0.002 -20"><span class='ocrx_word' id='word_1_503' title='bbox 372 3374 475 3441; x_wconf 79' lang='grc' dir='ltr'>τήν</span> <span class='ocrx_word' id='word_1_504' title='bbox 510 3369 749 3426; x_wconf 89' lang='grc' dir='ltr'>δοθεῖσαν</span> <span class='ocrx_word' id='word_1_505' title='bbox 783 3371 969 3432; x_wconf 85' lang='grc' dir='ltr'>αὐτοῖς</span> <span class='ocrx_word' id='word_1_506' title='bbox 1012 3371 1195 3446; x_wconf 87' lang='grc' dir='ltr'>χάριν.</span> <span class='ocrx_word' id='word_1_507' title='bbox 1226 3370 1318 3432; x_wconf 73' lang='grc' dir='ltr'>Εἷς</span> <span class='ocrx_word' id='word_1_508' title='bbox 1364 3370 1455 3424; x_wconf 90' lang='grc' dir='ltr'>τὸν</span> <span class='ocrx_word' id='word_1_509' title='bbox 1489 3370 1678 3424; x_wconf 71' lang='grc' dir='ltr'>ἑαυτοῦ</span> <span class='ocrx_word' id='word_1_510' title='bbox 1723 3370 1826 3445; x_wconf 82' lang='grc' dir='ltr'>γὰρ</span> <span class='ocrx_word' id='word_1_511' title='bbox 1853 3370 2026 3446; x_wconf 84' lang='grc' dir='ltr'>παρά-</span> 
     </span>
    </p>
   </div>
   <div class='ocr_carea' id='block_1_68' title="bbox 2143 3361 3789 3446">
    <p class='ocr_par' dir='ltr' id='par_1_68' title="bbox 2143 3371 3789 3446">
     <span class='ocr_line' id='line_1_68' title="bbox 2143 3371 3789 3446; baseline 0.004 -20"><span class='ocrx_word' id='word_1_512' title='bbox 2143 3371 2200 3427; x_wconf 91' lang='lat' dir='ltr'>in</span> <span class='ocrx_word' id='word_1_513' title='bbox 2223 3389 2401 3428; x_wconf 90' lang='lat' dir='ltr'>suum</span> <span class='ocrx_word' id='word_1_514' title='bbox 2432 3372 2773 3444; x_wconf 89' lang='lat' dir='ltr'>paradisum</span> <span class='ocrx_word' id='word_1_515' title='bbox 2806 3372 3156 3429; x_wconf 86' lang='lat' dir='ltr'>introductis</span> <span class='ocrx_word' id='word_1_516' title='bbox 3184 3372 3372 3445; x_wconf 86' lang='lat' dir='ltr'>legem</span> <span class='ocrx_word' id='word_1_517' title='bbox 3403 3374 3585 3446; x_wconf 84' lang='lat' dir='ltr'>dedit,</span> <span class='ocrx_word' id='word_1_518' title='bbox 3642 3379 3705 3430; x_wconf 91' lang='lat' dir='ltr'>ut</span> <span class='ocrx_word' id='word_1_519' title='bbox 3737 3376 3789 3432; x_wconf 88' lang='lat' dir='ltr'>si</span> 
     </span>
    </p>
   </div>
   <div class='ocr_carea' id='block_1_69' title="bbox 377 3456 2032 3535">
    <p class='ocr_par' dir='ltr' id='par_1_69' title="bbox 377 3456 2032 3535">
     <span class='ocr_line' id='line_1_69' title="bbox 377 3456 2032 3535; baseline -0.002 -19"><span class='ocrx_word' id='word_1_520' title='bbox 377 3459 557 3516; x_wconf 85' lang='grc' dir='ltr'>δεισου</span> <span class='ocrx_word' id='word_1_521' title='bbox 606 3458 800 3522; x_wconf 77' lang='grc' dir='ltr'>αὐτοὺς</span> <span class='ocrx_word' id='word_1_522' title='bbox 853 3460 1177 3535; x_wconf 83' lang='grc' dir='ltr'>εἰσαγαγὼν,</span> <span class='ocrx_word' id='word_1_523' title='bbox 1228 3456 1424 3513; x_wconf 76' lang='grc' dir='ltr'>ἔδωκεν</span> <span class='ocrx_word' id='word_1_524' title='bbox 1478 3458 1660 3521; x_wconf 81' lang='grc' dir='ltr'>αὐτοῖς</span> <span class='ocrx_word' id='word_1_525' title='bbox 1704 3457 2032 3532; x_wconf 69' lang='grc' dir='ltr'>νόμον’“ίνα,</span> 
     </span>
    </p>
   </div>
   <div class='ocr_carea' id='block_1_70' title="bbox 378 3546 2031 3628">
    <p class='ocr_par' dir='ltr' id='par_1_70' title="bbox 378 3546 2031 3628">
     <span class='ocr_line' id='line_1_70' title="bbox 378 3546 2031 3628; baseline -0.002 -23"><span class='ocrx_word' id='word_1_526' title='bbox 378 3551 423 3605; x_wconf 82' lang='grc' dir='ltr'>εἰ</span> <span class='ocrx_word' id='word_1_527' title='bbox 460 3552 553 3624; x_wconf 77' lang='grc' dir='ltr'>μὲν</span> <span class='ocrx_word' id='word_1_528' title='bbox 581 3547 868 3628; x_wconf 84' lang='grc' dir='ltr'>φυλάξαιεν</span> <span class='ocrx_word' id='word_1_529' title='bbox 915 3552 1028 3623; x_wconf 87' lang='grc'>(48)</span> <span class='ocrx_word' id='word_1_530' title='bbox 1074 3550 1173 3618; x_wconf 77' lang='grc' dir='ltr'>τὴν</span> <span class='ocrx_word' id='word_1_531' title='bbox 1225 3549 1409 3623; x_wconf 82' lang='grc' dir='ltr'>χάριν,</span> <span class='ocrx_word' id='word_1_532' title='bbox 1462 3547 1551 3603; x_wconf 81' lang='grc' dir='ltr'>καὶ</span> <span class='ocrx_word' id='word_1_533' title='bbox 1607 3548 1815 3622; x_wconf 85' lang='grc' dir='ltr'>μένοιεν</span> <span class='ocrx_word' id='word_1_534' title='bbox 1848 3546 2031 3621; x_wconf 86' lang='grc' dir='ltr'>καλοὶ,</span> 
     </span>
    </p>
   </div>
   <div class='ocr_carea' id='block_1_71' title="bbox 377 3635 2033 3716">
    <p class='ocr_par' dir='ltr' id='par_1_71' title="bbox 377 3635 2033 3716">
     <span class='ocr_line' id='line_1_71' title="bbox 377 3635 2033 3716; baseline -0.002 -22"><span class='ocrx_word' id='word_1_535' title='bbox 377 3636 547 3716; x_wconf 77' lang='grc' dir='ltr'>ἔχωσι</span> <span class='ocrx_word' id='word_1_536' title='bbox 578 3640 678 3708; x_wconf 71' lang='grc' dir='ltr'>τὴν</span> <span class='ocrx_word' id='word_1_537' title='bbox 732 3637 783 3693; x_wconf 82' lang='grc' dir='ltr'>ἐν</span> <span class='ocrx_word' id='word_1_538' title='bbox 836 3635 1146 3712; x_wconf 85' lang='grc' dir='ltr'>παραδείσῳ</span> <span class='ocrx_word' id='word_1_539' title='bbox 1198 3635 1405 3692; x_wconf 85' lang='grc' dir='ltr'>ἄλυπον</span> <span class='ocrx_word' id='word_1_540' title='bbox 1465 3637 1555 3692; x_wconf 80' lang='grc' dir='ltr'>καί</span> <span class='ocrx_word' id='word_1_541' title='bbox 1611 3635 1883 3692; x_wconf 85' lang='grc' dir='ltr'>ἀνώδυνον</span> <span class='ocrx_word' id='word_1_542' title='bbox 1942 3637 2033 3692; x_wconf 88' lang='grc' dir='ltr'>καὶ</span> 
     </span>
    </p>
   </div>
   <div class='ocr_carea' id='block_1_72' title="bbox 379 3725 2033 3805">
    <p class='ocr_par' dir='ltr' id='par_1_72' title="bbox 379 3725 2033 3805">
     <span class='ocr_line' id='line_1_72' title="bbox 379 3725 2033 3805; baseline -0.001 -22"><span class='ocrx_word' id='word_1_543' title='bbox 379 3729 680 3803; x_wconf 74' lang='grc' dir='ltr'>ἀμέριμνον</span> <span class='ocrx_word' id='word_1_544' title='bbox 714 3728 883 3797; x_wconf 73' lang='grc' dir='ltr'>ζωὴν,</span> <span class='ocrx_word' id='word_1_545' title='bbox 916 3727 1051 3803; x_wconf 89' lang='grc' dir='ltr'>πρὸς</span> <span class='ocrx_word' id='word_1_546' title='bbox 1084 3731 1163 3799; x_wconf 81' lang='grc' dir='ltr'>τῷ</span> <span class='ocrx_word' id='word_1_547' title='bbox 1192 3726 1282 3781; x_wconf 86' lang='grc' dir='ltr'>καὶ</span> <span class='ocrx_word' id='word_1_548' title='bbox 1312 3733 1412 3796; x_wconf 84' lang='grc' dir='ltr'>τῆς</span> <span class='ocrx_word' id='word_1_549' title='bbox 1447 3725 1499 3781; x_wconf 84' lang='grc' dir='ltr'>έν</span> <span class='ocrx_word' id='word_1_550' title='bbox 1550 3726 1799 3803; x_wconf 79' lang='grc' dir='ltr'>οὐρανοῖς</span> <span class='ocrx_word' id='word_1_551' title='bbox 1830 3728 2033 3805; x_wconf 83' lang='grc' dir='ltr'>ἀφθαρ-</span> 
     </span>
    </p>
   </div>
   <div class='ocr_carea' id='block_1_73' title="bbox 379 3811 2030 3892">
    <p class='ocr_par' dir='ltr' id='par_1_73' title="bbox 379 3811 2030 3892">
     <span class='ocr_line' id='line_1_73' title="bbox 379 3811 2030 3892; baseline -0.001 -20"><span class='ocrx_word' id='word_1_552' title='bbox 379 3818 499 3877; x_wconf 89' lang='grc' dir='ltr'>σίας</span> <span class='ocrx_word' id='word_1_553' title='bbox 554 3816 756 3881; x_wconf 83' lang='grc' dir='ltr'>αύτοὺς</span> <span class='ocrx_word' id='word_1_554' title='bbox 801 3817 900 3886; x_wconf 71' lang='grc' dir='ltr'>τὴν</span> <span class='ocrx_word' id='word_1_555' title='bbox 949 3814 1276 3892; x_wconf 78' lang='grc' dir='ltr'>ἐπαγγελίαν</span> <span class='ocrx_word' id='word_1_556' title='bbox 1328 3814 1497 3891; x_wconf 80' lang='grc' dir='ltr'>ἔχειν·</span> <span class='ocrx_word' id='word_1_557' title='bbox 1546 3816 1591 3870; x_wconf 80' lang='grc' dir='ltr'>εἰ</span> <span class='ocrx_word' id='word_1_558' title='bbox 1651 3814 1707 3871; x_wconf 75' lang='grc' dir='ltr'>δὲ</span> <span class='ocrx_word' id='word_1_559' title='bbox 1737 3811 2030 3891; x_wconf 79' lang='grc' dir='ltr'>παραϐαῖεν</span> 
     </span>
    </p>
   </div>
   <div class='ocr_carea' id='block_1_74' title="bbox 375 3904 2033 3986">
    <p class='ocr_par' dir='ltr' id='par_1_74' title="bbox 375 3904 2033 3986">
     <span class='ocr_line' id='line_1_74' title="bbox 375 3904 2033 3986; baseline -0.002 -24"><span class='ocrx_word' id='word_1_560' title='bbox 375 3907 467 3963; x_wconf 79' lang='grc' dir='ltr'>καὶ</span> <span class='ocrx_word' id='word_1_561' title='bbox 515 3908 832 3986; x_wconf 74' lang='grc' dir='ltr'>στραφέντες</span> <span class='ocrx_word' id='word_1_562' title='bbox 882 3907 1126 3982; x_wconf 75' lang='grc' dir='ltr'>γένοιντο</span> <span class='ocrx_word' id='word_1_563' title='bbox 1175 3904 1395 3984; x_wconf 79' lang='grc' dir='ltr'>φαῦλοι,</span> <span class='ocrx_word' id='word_1_564' title='bbox 1447 3907 1766 3981; x_wconf 87' lang='grc' dir='ltr'>γινώσκοιεν</span> <span class='ocrx_word' id='word_1_565' title='bbox 1811 3904 2033 3969; x_wconf 76' lang='grc' dir='ltr'>ἑαυτοὺς</span> 
     </span>
    </p>
   </div>
   <div class='ocr_carea' id='block_1_75' title="bbox 375 3995 2034 4074">
    <p class='ocr_par' dir='ltr' id='par_1_75' title="bbox 375 3995 2034 4074">
     <span class='ocr_line' id='line_1_75' title="bbox 375 3995 2034 4074; baseline -0.001 -22"><span class='ocrx_word' id='word_1_566' title='bbox 375 3998 478 4067; x_wconf 82' lang='grc' dir='ltr'>τήν</span> <span class='ocrx_word' id='word_1_567' title='bbox 536 3995 587 4051; x_wconf 82' lang='grc' dir='ltr'>ἐν</span> <span class='ocrx_word' id='word_1_568' title='bbox 649 3996 861 4069; x_wconf 78' lang='grc' dir='ltr'>θανάτῳ</span> <span class='ocrx_word' id='word_1_569' title='bbox 918 3997 1053 4051; x_wconf 85' lang='grc' dir='ltr'>κατά</span> <span class='ocrx_word' id='word_1_570' title='bbox 1108 3995 1264 4074; x_wconf 86' lang='grc' dir='ltr'>φύσιν</span> <span class='ocrx_word' id='word_1_571' title='bbox 1318 3997 1517 4073; x_wconf 77' lang='grc' dir='ltr'>φθορὰν</span> <span class='ocrx_word' id='word_1_572' title='bbox 1581 3996 1890 4069; x_wconf 85' lang='grc' dir='ltr'>ὑπομένειν,</span> <span class='ocrx_word' id='word_1_573' title='bbox 1943 3997 2034 4051; x_wconf 89' lang='grc' dir='ltr'>καὶ</span> 
     </span>
    </p>
   </div>
   <div class='ocr_carea' id='block_1_76' title="bbox 383 4083 2035 4161">
    <p class='ocr_par' dir='ltr' id='par_1_76' title="bbox 383 4083 2035 4161">
     <span class='ocr_line' id='line_1_76' title="bbox 383 4083 2035 4161; baseline -0.001 -20"><span class='ocrx_word' id='word_1_574' title='bbox 383 4088 579 4161; x_wconf 89' lang='grc' dir='ltr'>μηκέτι</span> <span class='ocrx_word' id='word_1_575' title='bbox 613 4086 707 4160; x_wconf 73' lang='grc' dir='ltr'>μὲν</span> <span class='ocrx_word' id='word_1_576' title='bbox 737 4084 787 4141; x_wconf 80' lang='grc' dir='ltr'>ἐν</span> <span class='ocrx_word' id='word_1_577' title='bbox 817 4083 1131 4161; x_wconf 79' lang='grc' dir='ltr'>παραδείσῳ</span> <span class='ocrx_word' id='word_1_578' title='bbox 1184 4089 1302 4161; x_wconf 77' lang='grc' dir='ltr'>ζῇν.</span> <span class='ocrx_word' id='word_1_579' title='bbox 1356 4083 1457 4156; x_wconf 79' lang='grc' dir='ltr'>ἔξω</span> <span class='ocrx_word' id='word_1_580' title='bbox 1508 4083 1567 4141; x_wconf 72' lang='grc' dir='ltr'>δὲ</span> <span class='ocrx_word' id='word_1_581' title='bbox 1604 4084 1800 4141; x_wconf 88' lang='grc' dir='ltr'>τούτου</span> <span class='ocrx_word' id='word_1_582' title='bbox 1842 4084 2035 4140; x_wconf 90' lang='grc' dir='ltr'>λοιπὸν</span> 
     </span>
    </p>
   </div>
   <div class='ocr_carea' id='block_1_77' title="bbox 380 4174 2031 4254">
    <p class='ocr_par' dir='ltr' id='par_1_77' title="bbox 380 4174 2031 4254">
     <span class='ocr_line' id='line_1_77' title="bbox 380 4174 2031 4254; baseline 0 -24"><span class='ocrx_word' id='word_1_583' title='bbox 380 4177 819 4245; x_wconf 78' lang='grc' dir='ltr'>ἀποθνήσκοντας</span> <span class='ocrx_word' id='word_1_584' title='bbox 857 4175 1030 4247; x_wconf 85' lang='grc' dir='ltr'>μένειν</span> <span class='ocrx_word' id='word_1_585' title='bbox 1065 4174 1117 4229; x_wconf 81' lang='grc' dir='ltr'>έν</span> <span class='ocrx_word' id='word_1_586' title='bbox 1166 4179 1245 4246; x_wconf 78' lang='grc' dir='ltr'>τῷ</span> <span class='ocrx_word' id='word_1_587' title='bbox 1278 4176 1490 4248; x_wconf 87' lang='grc' dir='ltr'>θανάτῳ</span> <span class='ocrx_word' id='word_1_588' title='bbox 1536 4176 1626 4230; x_wconf 83' lang='grc' dir='ltr'>καὶ</span> <span class='ocrx_word' id='word_1_589' title='bbox 1657 4174 1709 4231; x_wconf 80' lang='grc' dir='ltr'>ἐν</span> <span class='ocrx_word' id='word_1_590' title='bbox 1741 4179 1809 4249; x_wconf 82' lang='grc' dir='ltr'>τῇ</span> <span class='ocrx_word' id='word_1_591' title='bbox 1840 4176 2031 4254; x_wconf 84' lang='grc' dir='ltr'>φθορᾷ.</span> 
     </span>
    </p>
   </div>
   <div class='ocr_carea' id='block_1_78' title="bbox 377 4261 2037 4341">
    <p class='ocr_par' dir='ltr' id='par_1_78' title="bbox 377 4261 2037 4341">
     <span class='ocr_line' id='line_1_78' title="bbox 377 4261 2037 4341; baseline 0 -22"><span class='ocrx_word' id='word_1_592' title='bbox 377 4268 547 4319; x_wconf 75' lang='grc' dir='ltr'>Τοῦτο</span> <span class='ocrx_word' id='word_1_593' title='bbox 574 4261 631 4317; x_wconf 75' lang='grc' dir='ltr'>δὲ</span> <span class='ocrx_word' id='word_1_594' title='bbox 657 4263 748 4318; x_wconf 84' lang='grc' dir='ltr'>καὶ</span> <span class='ocrx_word' id='word_1_595' title='bbox 779 4266 813 4332; x_wconf 81' lang='grc' dir='ltr'><strong>ἡ</strong></span> <span class='ocrx_word' id='word_1_596' title='bbox 847 4263 962 4317; x_wconf 89' lang='grc' dir='ltr'>θεία</span> <span class='ocrx_word' id='word_1_597' title='bbox 1005 4265 1190 4341; x_wconf 81' lang='grc' dir='ltr'>Γραφή</span> <span class='ocrx_word' id='word_1_598' title='bbox 1242 4263 1606 4339; x_wconf 84' lang='grc' dir='ltr'>προσημαίνει</span> <span class='ocrx_word' id='word_1_599' title='bbox 1640 4267 1751 4339; x_wconf 84' lang='grc'>(49)</span> <span class='ocrx_word' id='word_1_600' title='bbox 1798 4265 2037 4341; x_wconf 86' lang='grc' dir='ltr'>λέγουσα</span> 
     </span>
    </p>
   </div>
   <div class='ocr_carea' id='block_1_79' title="bbox 382 4350 2035 4427">
    <p class='ocr_par' dir='ltr' id='par_1_79' title="bbox 382 4350 2035 4427">
     <span class='ocr_line' id='line_1_79' title="bbox 382 4350 2035 4427; baseline 0.001 -19"><span class='ocrx_word' id='word_1_601' title='bbox 382 4350 443 4408; x_wconf 78' lang='grc' dir='ltr'>ἐκ</span> <span class='ocrx_word' id='word_1_602' title='bbox 498 4353 795 4427; x_wconf 87' lang='grc' dir='ltr'>προσώπου</span> <span class='ocrx_word' id='word_1_603' title='bbox 847 4355 944 4405; x_wconf 77' lang='grc' dir='ltr'>τοῦ</span> <span class='ocrx_word' id='word_1_604' title='bbox 1004 4356 1138 4407; x_wconf 81' lang='grc' dir='ltr'>Θεοῦ</span> <span class='ocrx_word' id='word_1_605' title='bbox 1172 4371 1184 4384; x_wconf 74' lang='grc' dir='ltr'>ο</span> <span class='ocrx_word' id='word_1_606' title='bbox 1245 4353 1380 4407; x_wconf 86' lang='grc' dir='ltr'>Ἀπὸ</span> <span class='ocrx_word' id='word_1_607' title='bbox 1456 4354 1655 4417; x_wconf 86' lang='grc' dir='ltr'>παντὸς</span> <span class='ocrx_word' id='word_1_608' title='bbox 1722 4352 1886 4425; x_wconf 80' lang='grc' dir='ltr'>ξύλου</span> <span class='ocrx_word' id='word_1_609' title='bbox 1938 4358 2035 4409; x_wconf 76' lang='grc' dir='ltr'>τοῦ</span> 
     </span>
    </p>
   </div>
   <div class='ocr_carea' id='block_1_80' title="bbox 382 4436 2035 4516">
    <p class='ocr_par' dir='ltr' id='par_1_80' title="bbox 382 4436 2035 4516">
     <span class='ocr_line' id='line_1_80' title="bbox 382 4436 2035 4516; baseline 0.002 -21"><span class='ocrx_word' id='word_1_610' title='bbox 382 4439 433 4495; x_wconf 85' lang='grc' dir='ltr'>έν</span> <span class='ocrx_word' id='word_1_611' title='bbox 473 4444 553 4513; x_wconf 81' lang='grc' dir='ltr'>τῷ</span> <span class='ocrx_word' id='word_1_612' title='bbox 609 4436 921 4514; x_wconf 86' lang='grc' dir='ltr'>παραδείσῳ</span> <span class='ocrx_word' id='word_1_613' title='bbox 984 4439 1181 4515; x_wconf 85' lang='grc' dir='ltr'>βρώσει</span> <span class='ocrx_word' id='word_1_614' title='bbox 1241 4445 1406 4516; x_wconf 77' lang='grc' dir='ltr'>φαγῇ·</span> <span class='ocrx_word' id='word_1_615' title='bbox 1467 4442 1571 4496; x_wconf 86' lang='grc' dir='ltr'>ἀπὸ</span> <span class='ocrx_word' id='word_1_616' title='bbox 1621 4443 1679 4496; x_wconf 75' lang='grc' dir='ltr'>δὲ</span> <span class='ocrx_word' id='word_1_617' title='bbox 1724 4448 1822 4498; x_wconf 77' lang='grc' dir='ltr'>τοῦ</span> <span class='ocrx_word' id='word_1_618' title='bbox 1871 4443 2035 4515; x_wconf 80' lang='grc' dir='ltr'>ξύλου</span> 
     </span>
    </p>
   </div>
   <div class='ocr_carea' id='block_1_81' title="bbox 377 4528 2038 4609">
    <p class='ocr_par' dir='ltr' id='par_1_81' title="bbox 377 4528 2038 4609">
     <span class='ocr_line' id='line_1_81' title="bbox 377 4528 2038 4609; baseline 0.003 -25"><span class='ocrx_word' id='word_1_619' title='bbox 377 4534 474 4599; x_wconf 76' lang='grc' dir='ltr'>τοῦ</span> <span class='ocrx_word' id='word_1_620' title='bbox 525 4530 812 4605; x_wconf 85' lang='grc' dir='ltr'>γινώσκειν</span> <span class='ocrx_word' id='word_1_621' title='bbox 869 4528 1036 4583; x_wconf 88' lang='grc' dir='ltr'>καλὸν</span> <span class='ocrx_word' id='word_1_622' title='bbox 1094 4528 1186 4582; x_wconf 87' lang='grc' dir='ltr'>καὶ</span> <span class='ocrx_word' id='word_1_623' title='bbox 1241 4531 1479 4605; x_wconf 87' lang='grc' dir='ltr'>πονηρὸν</span> <span class='ocrx_word' id='word_1_624' title='bbox 1536 4529 1597 4585; x_wconf 81' lang='grc' dir='ltr'>οὐ</span> <span class='ocrx_word' id='word_1_625' title='bbox 1648 4532 1879 4609; x_wconf 84' lang='grc' dir='ltr'>φάγεσθε</span> <span class='ocrx_word' id='word_1_626' title='bbox 1922 4536 2038 4607; x_wconf 85' lang='grc'>(50)</span> 
     </span>
    </p>
   </div>
   <div class='ocr_carea' id='block_1_82' title="bbox 384 4615 2035 4697">
    <p class='ocr_par' dir='ltr' id='par_1_82' title="bbox 384 4615 2035 4697">
     <span class='ocr_line' id='line_1_82' title="bbox 384 4615 2035 4697; baseline 0.003 -24"><span class='ocrx_word' id='word_1_627' title='bbox 384 4619 473 4673; x_wconf 88' lang='grc' dir='ltr'>ἀπ’</span> <span class='ocrx_word' id='word_1_628' title='bbox 532 4618 719 4673; x_wconf 74' lang='grc' dir='ltr'>αὐτοῦ’</span> <span class='ocrx_word' id='word_1_629' title='bbox 771 4622 807 4691; x_wconf 77' lang='grc' dir='ltr'>ᾖ</span> <span class='ocrx_word' id='word_1_630' title='bbox 859 4615 904 4672; x_wconf 90' lang='grc' dir='ltr'>δ’</span> <span class='ocrx_word' id='word_1_631' title='bbox 954 4616 1014 4671; x_wconf 73' lang='grc' dir='ltr'>ἂν</span> <span class='ocrx_word' id='word_1_632' title='bbox 1073 4617 1257 4691; x_wconf 77' lang='grc' dir='ltr'>ἡμέρᾳ</span> <span class='ocrx_word' id='word_1_633' title='bbox 1313 4620 1575 4697; x_wconf 79' lang='grc' dir='ltr'>φάγησθε,</span> <span class='ocrx_word' id='word_1_634' title='bbox 1635 4618 1844 4694; x_wconf 80' lang='grc' dir='ltr'>θανάτῳ</span> <span class='ocrx_word' id='word_1_635' title='bbox 1900 4622 2035 4678; x_wconf 89' lang='grc' dir='ltr'>ἀπο-</span> 
     </span>
    </p>
   </div>
   <div class='ocr_carea' id='block_1_83' title="bbox 2143 3461 3788 3535">
    <p class='ocr_par' dir='ltr' id='par_1_83' title="bbox 2143 3461 3788 3535">
     <span class='ocr_line' id='line_1_83' title="bbox 2143 3461 3788 3535; baseline 0.002 -19"><span class='ocrx_word' id='word_1_636' title='bbox 2143 3461 2395 3534; x_wconf 89' lang='lat' dir='ltr'>gratiam</span> <span class='ocrx_word' id='word_1_637' title='bbox 2418 3478 2757 3517; x_wconf 88' lang='lat' dir='ltr'>concessam</span> <span class='ocrx_word' id='word_1_638' title='bbox 2784 3468 3202 3519; x_wconf 86' lang='lat' dir='ltr'>conservarent</span> <span class='ocrx_word' id='word_1_639' title='bbox 3232 3467 3288 3518; x_wconf 91' lang='lat' dir='ltr'>et</span> <span class='ocrx_word' id='word_1_640' title='bbox 3309 3463 3445 3518; x_wconf 90' lang='lat' dir='ltr'>boni</span> <span class='ocrx_word' id='word_1_641' title='bbox 3478 3480 3788 3535; x_wconf 89' lang='lat' dir='ltr'>permane-</span> 
     </span>
    </p>
   </div>
   <div class='ocr_carea' id='block_1_84' title="bbox 2143 3551 3790 3623">
    <p class='ocr_par' dir='ltr' id='par_1_84' title="bbox 2143 3551 3790 3623">
     <span class='ocr_line' id='line_1_84' title="bbox 2143 3551 3790 3623; baseline 0.002 -17"><span class='ocrx_word' id='word_1_642' title='bbox 2143 3555 2292 3623; x_wconf 89' lang='lat' dir='ltr'>rent,</span> <span class='ocrx_word' id='word_1_643' title='bbox 2354 3555 2563 3623; x_wconf 86' lang='lat' dir='ltr'>praeter</span> <span class='ocrx_word' id='word_1_644' title='bbox 2595 3552 2952 3623; x_wconf 89' lang='lat' dir='ltr'>promissam</span> <span class='ocrx_word' id='word_1_645' title='bbox 2984 3552 3044 3606; x_wconf 90' lang='lat' dir='ltr'>in</span> <span class='ocrx_word' id='word_1_646' title='bbox 3076 3552 3237 3608; x_wconf 67' lang='lat' dir='ltr'>caelis</span> <span class='ocrx_word' id='word_1_647' title='bbox 3264 3551 3790 3621; x_wconf 86' lang='lat' dir='ltr'>immortalitalem,</span> 
     </span>
    </p>
   </div>
   <div class='ocr_carea' id='block_1_85' title="bbox 2140 3639 3795 3715">
    <p class='ocr_par' dir='ltr' id='par_1_85' title="bbox 2140 3639 3795 3715">
     <span class='ocr_line' id='line_1_85' title="bbox 2140 3639 3795 3715; baseline 0.002 -19"><span class='ocrx_word' id='word_1_648' title='bbox 2140 3640 2260 3696; x_wconf 88' lang='lat' dir='ltr'>vita</span> <span class='ocrx_word' id='word_1_649' title='bbox 2292 3639 2580 3705; x_wconf 67' lang='lat' dir='ltr'>maeroris,</span> <span class='ocrx_word' id='word_1_650' title='bbox 2613 3639 2830 3697; x_wconf 90' lang='lat' dir='ltr'>doloris</span> <span class='ocrx_word' id='word_1_651' title='bbox 2861 3644 2917 3698; x_wconf 90' lang='lat' dir='ltr'>et</span> <span class='ocrx_word' id='word_1_652' title='bbox 2947 3639 3364 3697; x_wconf 89' lang='lat' dir='ltr'>sollicitudinis</span> <span class='ocrx_word' id='word_1_653' title='bbox 3392 3659 3576 3698; x_wconf 87' lang='lat' dir='ltr'>vacua</span> <span class='ocrx_word' id='word_1_654' title='bbox 3606 3644 3664 3698; x_wconf 91' lang='lat' dir='ltr'>in</span> <span class='ocrx_word' id='word_1_655' title='bbox 3687 3660 3795 3715; x_wconf 83' lang='lat' dir='ltr'>pa-</span> 
     </span>
    </p>
   </div>
   <div class='ocr_carea' id='block_1_86' title="bbox 2144 3728 3785 3805">
    <p class='ocr_par' dir='ltr' id='par_1_86' title="bbox 2144 3728 3785 3805">
     <span class='ocr_line' id='line_1_86' title="bbox 2144 3728 3785 3805; baseline 0.003 -21"><span class='ocrx_word' id='word_1_656' title='bbox 2144 3730 2338 3785; x_wconf 90' lang='lat' dir='ltr'>radiso</span> <span class='ocrx_word' id='word_1_657' title='bbox 2354 3730 2716 3798; x_wconf 84' lang='lat' dir='ltr'>fruerentur;</span> <span class='ocrx_word' id='word_1_658' title='bbox 2751 3730 2800 3785; x_wconf 90' lang='lat' dir='ltr'>si</span> <span class='ocrx_word' id='word_1_659' title='bbox 2823 3746 2955 3786; x_wconf 86' lang='lat' dir='ltr'>vero</span> <span class='ocrx_word' id='word_1_660' title='bbox 2970 3730 3168 3785; x_wconf 88' lang='lat' dir='ltr'>datam</span> <span class='ocrx_word' id='word_1_661' title='bbox 3191 3728 3379 3803; x_wconf 89' lang='lat' dir='ltr'>legem</span> <span class='ocrx_word' id='word_1_662' title='bbox 3407 3733 3785 3805; x_wconf 87' lang='lat' dir='ltr'>transgressi.</span> 
     </span>
    </p>
   </div>
   <div class='ocr_carea' id='block_1_87' title="bbox 2144 3819 3797 3894">
    <p class='ocr_par' dir='ltr' id='par_1_87' title="bbox 2144 3819 3797 3894">
     <span class='ocr_line' id='line_1_87' title="bbox 2144 3819 3797 3894; baseline 0.003 -19"><span class='ocrx_word' id='word_1_663' title='bbox 2144 3819 2284 3875; x_wconf 88' lang='lat' dir='ltr'>mali</span> <span class='ocrx_word' id='word_1_664' title='bbox 2314 3820 2539 3887; x_wconf 87' lang='lat' dir='ltr'>ﬁerent,</span> <span class='ocrx_word' id='word_1_665' title='bbox 2569 3824 2725 3875; x_wconf 90' lang='lat' dir='ltr'>certo</span> <span class='ocrx_word' id='word_1_666' title='bbox 2757 3820 2973 3875; x_wconf 90' lang='lat' dir='ltr'>scirent</span> <span class='ocrx_word' id='word_1_667' title='bbox 3004 3836 3065 3876; x_wconf 88' lang='lat' dir='ltr'>se</span> <span class='ocrx_word' id='word_1_668' title='bbox 3097 3820 3301 3884; x_wconf 87' lang='lat' dir='ltr'>mortis</span> <span class='ocrx_word' id='word_1_669' title='bbox 3358 3822 3797 3894; x_wconf 88' lang='lat' dir='ltr'>corruptionem</span> 
     </span>
    </p>
   </div>
   <div class='ocr_carea' id='block_1_88' title="bbox 2143 3910 3798 3984">
    <p class='ocr_par' dir='ltr' id='par_1_88' title="bbox 2143 3910 3798 3984">
     <span class='ocr_line' id='line_1_88' title="bbox 2143 3910 3798 3984; baseline 0.002 -19"><span class='ocrx_word' id='word_1_670' title='bbox 2143 3910 2470 3965; x_wconf 88' lang='lat' dir='ltr'>secundum</span> <span class='ocrx_word' id='word_1_671' title='bbox 2501 3913 2772 3965; x_wconf 91' lang='lat' dir='ltr'>naturam</span> <span class='ocrx_word' id='word_1_672' title='bbox 2805 3910 3126 3977; x_wconf 87' lang='lat' dir='ltr'>subituros,</span> <span class='ocrx_word' id='word_1_673' title='bbox 3163 3926 3268 3966; x_wconf 90' lang='lat' dir='ltr'>nec</span> <span class='ocrx_word' id='word_1_674' title='bbox 3291 3911 3418 3982; x_wconf 85' lang='lat' dir='ltr'>jam</span> <span class='ocrx_word' id='word_1_675' title='bbox 3450 3912 3706 3984; x_wconf 88' lang='lat' dir='ltr'>amplius</span> <span class='ocrx_word' id='word_1_676' title='bbox 3736 3912 3798 3969; x_wconf 88' lang='lat' dir='ltr'>in</span> 
     </span>
    </p>
   </div>
   <div class='ocr_carea' id='block_1_89' title="bbox 2143 3999 3798 4074">
    <p class='ocr_par' dir='ltr' id='par_1_89' title="bbox 2143 3999 3798 4074">
     <span class='ocr_line' id='line_1_89' title="bbox 2143 3999 3798 4074; baseline 0.002 -19"><span class='ocrx_word' id='word_1_677' title='bbox 2143 3999 2415 4071; x_wconf 89' lang='lat' dir='ltr'>paradiso</span> <span class='ocrx_word' id='word_1_678' title='bbox 2470 3999 2748 4071; x_wconf 89' lang='lat' dir='ltr'>victuros,</span> <span class='ocrx_word' id='word_1_679' title='bbox 2799 4000 2896 4055; x_wconf 90' lang='lat' dir='ltr'>sed</span> <span class='ocrx_word' id='word_1_680' title='bbox 2960 4004 3121 4055; x_wconf 86' lang='lat' dir='ltr'>extra</span> <span class='ocrx_word' id='word_1_681' title='bbox 3168 3999 3335 4055; x_wconf 90' lang='lat' dir='ltr'>illum</span> <span class='ocrx_word' id='word_1_682' title='bbox 3369 4001 3707 4074; x_wconf 87' lang='lat' dir='ltr'>morientes,</span> <span class='ocrx_word' id='word_1_683' title='bbox 3736 4001 3798 4059; x_wconf 88' lang='lat' dir='ltr'>in</span> 
     </span>
    </p>
   </div>
   <div class='ocr_carea' id='block_1_90' title="bbox 2146 4087 3798 4162">
    <p class='ocr_par' dir='ltr' id='par_1_90' title="bbox 2146 4087 3798 4162">
     <span class='ocr_line' id='line_1_90' title="bbox 2146 4087 3798 4162; baseline 0.002 -19"><span class='ocrx_word' id='word_1_684' title='bbox 2146 4092 2333 4144; x_wconf 90' lang='lat' dir='ltr'>morte</span> <span class='ocrx_word' id='word_1_685' title='bbox 2390 4087 2760 4159; x_wconf 89' lang='lat' dir='ltr'>corruptione</span> <span class='ocrx_word' id='word_1_686' title='bbox 2818 4105 3259 4161; x_wconf 87' lang='lat' dir='ltr'>permansuros,</span> <span class='ocrx_word' id='word_1_687' title='bbox 3318 4090 3376 4145; x_wconf 90' lang='lat' dir='ltr'>id</span> <span class='ocrx_word' id='word_1_688' title='bbox 3422 4107 3594 4162; x_wconf 88' lang='lat' dir='ltr'>porro</span> <span class='ocrx_word' id='word_1_689' title='bbox 3619 4095 3798 4148; x_wconf 88' lang='lat' dir='ltr'>testa-</span> 
     </span>
    </p>
   </div>
   <div class='ocr_carea' id='block_1_91' title="bbox 2144 4176 3797 4252">
    <p class='ocr_par' dir='ltr' id='par_1_91' title="bbox 2144 4176 3797 4252">
     <span class='ocr_line' id='line_1_91' title="bbox 2144 4176 3797 4252; baseline 0.001 -19"><span class='ocrx_word' id='word_1_690' title='bbox 2144 4182 2241 4233; x_wconf 89' lang='lat' dir='ltr'>tur</span> <span class='ocrx_word' id='word_1_691' title='bbox 2270 4194 2506 4249; x_wconf 89' lang='lat' dir='ltr'>quoque</span> <span class='ocrx_word' id='word_1_692' title='bbox 2536 4176 2733 4233; x_wconf 90' lang='lat' dir='ltr'>divina</span> <span class='ocrx_word' id='word_1_693' title='bbox 2760 4176 3215 4250; x_wconf 71' lang='lat' dir='ltr'>Scriptura,quaa</span> <span class='ocrx_word' id='word_1_694' title='bbox 3238 4194 3304 4234; x_wconf 88' lang='lat' dir='ltr'>ex</span> <span class='ocrx_word' id='word_1_695' title='bbox 3328 4180 3430 4237; x_wconf 91' lang='lat' dir='ltr'>Dei</span> <span class='ocrx_word' id='word_1_696' title='bbox 3452 4196 3700 4252; x_wconf 88' lang='lat' dir='ltr'>persona</span> <span class='ocrx_word' id='word_1_697' title='bbox 3713 4180 3797 4236; x_wconf 91' lang='lat' dir='ltr'>sic</span> 
     </span>
    </p>
   </div>
   <div class='ocr_carea' id='block_1_92' title="bbox 2145 4266 3796 4342">
    <p class='ocr_par' dir='ltr' id='par_1_92' title="bbox 2145 4266 3796 4342">
     <span class='ocr_line' id='line_1_92' title="bbox 2145 4266 3796 4342; baseline 0.002 -19"><span class='ocrx_word' id='word_1_698' title='bbox 2145 4266 2442 4339; x_wconf 86' lang='lat' dir='ltr'>loquitur:</span> <span class='ocrx_word' id='word_1_699' title='bbox 2497 4268 2581 4322; x_wconf 76' lang='lat' dir='ltr'>Ex</span> <span class='ocrx_word' id='word_1_700' title='bbox 2625 4269 2779 4322; x_wconf 81' lang='lat' dir='ltr'>omni</span> <span class='ocrx_word' id='word_1_701' title='bbox 2807 4268 2955 4339; x_wconf 81' lang='lat' dir='ltr'>ligno</span> <span class='ocrx_word' id='word_1_702' title='bbox 2972 4269 3223 4340; x_wconf 83' lang='lat' dir='ltr'>paradisi</span> <span class='ocrx_word' id='word_1_703' title='bbox 3238 4269 3479 4326; x_wconf 83' lang='lat' dir='ltr'>comedes</span> <span class='ocrx_word' id='word_1_704' title='bbox 3498 4287 3516 4324; x_wconf 88' lang='lat'>:</span> <span class='ocrx_word' id='word_1_705' title='bbox 3548 4271 3616 4326; x_wconf 87' lang='lat' dir='ltr'>de</span> <span class='ocrx_word' id='word_1_706' title='bbox 3648 4271 3796 4342; x_wconf 81' lang='lat' dir='ltr'>ligno</span> 
     </span>
    </p>
   </div>
   <div class='ocr_carea' id='block_1_93' title="bbox 2145 4356 3795 4428">
    <p class='ocr_par' dir='ltr' id='par_1_93' title="bbox 2145 4356 3795 4428">
     <span class='ocr_line' id='line_1_93' title="bbox 2145 4356 3795 4428; baseline 0.002 -15"><span class='ocrx_word' id='word_1_707' title='bbox 2145 4361 2335 4413; x_wconf 85' lang='lat' dir='ltr'>autem</span> <span class='ocrx_word' id='word_1_708' title='bbox 2360 4357 2607 4413; x_wconf 54' lang='lat' dir='ltr'>scientia</span> <span class='ocrx_word' id='word_1_709' title='bbox 2636 4357 2765 4413; x_wconf 81' lang='lat' dir='ltr'>boni</span> <span class='ocrx_word' id='word_1_710' title='bbox 2791 4361 2844 4413; x_wconf 87' lang='lat' dir='ltr'>et</span> <span class='ocrx_word' id='word_1_711' title='bbox 2870 4356 3035 4425; x_wconf 82' lang='lat' dir='ltr'>mali,</span> <span class='ocrx_word' id='word_1_712' title='bbox 3067 4375 3176 4415; x_wconf 79' lang='lat' dir='ltr'>non</span> <span class='ocrx_word' id='word_1_713' title='bbox 3206 4359 3494 4415; x_wconf 79' lang='lat' dir='ltr'>comeditis</span> <span class='ocrx_word' id='word_1_714' title='bbox 3533 4376 3602 4415; x_wconf 77' lang='lat' dir='ltr'>ea:</span> <span class='ocrx_word' id='word_1_715' title='bbox 3658 4360 3795 4428; x_wconf 80' lang='lat' dir='ltr'>itlo;</span> 
     </span>
    </p>
   </div>
   <div class='ocr_carea' id='block_1_94' title="bbox 2143 4446 3797 4520">
    <p class='ocr_par' dir='ltr' id='par_1_94' title="bbox 2143 4446 3797 4520">
     <span class='ocr_line' id='line_1_94' title="bbox 2143 4446 3797 4520; baseline 0.002 -19"><span class='ocrx_word' id='word_1_716' title='bbox 2143 4462 2470 4520; x_wconf 82' lang='lat' dir='ltr'>quacunque</span> <span class='ocrx_word' id='word_1_717' title='bbox 2498 4455 2683 4502; x_wconf 81' lang='lat' dir='ltr'>autem</span> <span class='ocrx_word' id='word_1_718' title='bbox 2712 4447 2808 4502; x_wconf 84' lang='lat' dir='ltr'>die</span> <span class='ocrx_word' id='word_1_719' title='bbox 2836 4446 3378 4515; x_wconf 78' lang='lat' dir='ltr'>comederitis,morte</span> <span class='ocrx_word' id='word_1_720' title='bbox 3422 4450 3742 4504; x_wconf 83' lang='lat' dir='ltr'>moriemini</span> <span class='ocrx_word' id='word_1_721' title='bbox 3752 4450 3797 4485; x_wconf 79' lang='grc'>⁴⁰</span> 
     </span>
    </p>
   </div>
   <div class='ocr_carea' id='block_1_95' title="bbox 2147 4535 3793 4610">
    <p class='ocr_par' dir='ltr' id='par_1_95' title="bbox 2147 4535 3793 4610">
     <span class='ocr_line' id='line_1_95' title="bbox 2147 4535 3793 4610; baseline 0.002 -19"><span class='ocrx_word' id='word_1_722' title='bbox 2147 4537 2298 4602; x_wconf 89' lang='lat' dir='ltr'>Quid</span> <span class='ocrx_word' id='word_1_723' title='bbox 2349 4535 2532 4607; x_wconf 90' lang='lat' dir='ltr'>aliud,</span> <span class='ocrx_word' id='word_1_724' title='bbox 2583 4552 2802 4607; x_wconf 67' lang='lat' dir='ltr'>quasso,</span> <span class='ocrx_word' id='word_1_725' title='bbox 2855 4536 2970 4607; x_wconf 89' lang='lat' dir='ltr'>his,</span> <span class='ocrx_word' id='word_1_726' title='bbox 2999 4536 3213 4605; x_wconf 87' lang='lat' dir='ltr'>verbis,</span> <span class='ocrx_word' id='word_1_727' title='bbox 3248 4546 3424 4592; x_wconf 80' lang='lat' dir='ltr'>morte</span> <span class='ocrx_word' id='word_1_728' title='bbox 3454 4539 3793 4610; x_wconf 84' lang='lat' dir='ltr'>moriemini,</span> 
     </span>
    </p>
   </div>
   <div class='ocr_carea' id='block_1_96' title="bbox 2147 4624 3797 4699">
    <p class='ocr_par' dir='ltr' id='par_1_96' title="bbox 2147 4624 3797 4699">
     <span class='ocr_line' id='line_1_96' title="bbox 2147 4624 3797 4699; baseline 0.001 -18"><span class='ocrx_word' id='word_1_729' title='bbox 2147 4625 2536 4699; x_wconf 85' lang='lat' dir='ltr'>signiﬁcatur,</span> <span class='ocrx_word' id='word_1_730' title='bbox 2558 4642 2736 4697; x_wconf 89' lang='lat' dir='ltr'>quam</span> <span class='ocrx_word' id='word_1_731' title='bbox 2750 4624 2884 4681; x_wconf 89' lang='lat' dir='ltr'>illos</span> <span class='ocrx_word' id='word_1_732' title='bbox 2897 4642 3012 4681; x_wconf 90' lang='lat' dir='ltr'>non</span> <span class='ocrx_word' id='word_1_733' title='bbox 3043 4630 3275 4681; x_wconf 90' lang='lat' dir='ltr'>tantum</span> <span class='ocrx_word' id='word_1_734' title='bbox 3312 4625 3625 4683; x_wconf 86' lang='lat' dir='ltr'>morituros</span> <span class='ocrx_word' id='word_1_735' title='bbox 3647 4643 3797 4698; x_wconf 87' lang='lat' dir='ltr'>esse,</span> 
     </span>
    </p>
   </div>
   <div class='ocr_carea' id='block_1_97' title="bbox 382 4704 2029 4806">
    <p class='ocr_par' dir='ltr' id='par_1_97' title="bbox 382 4704 2029 4782">
     <span class='ocr_line' id='line_1_97' title="bbox 382 4704 2029 4782; baseline 0.004 -21"><span class='ocrx_word' id='word_1_736' title='bbox 382 4708 637 4764; x_wconf 88' lang='grc' dir='ltr'>θανεῖσθε.</span> <span class='ocrx_word' id='word_1_737' title='bbox 668 4706 739 4762; x_wconf 85' lang='grc' dir='ltr'>Τὸ</span> <span class='ocrx_word' id='word_1_738' title='bbox 772 4704 848 4778; x_wconf 71' lang='grc' dir='ltr'>δὲ,</span> <span class='ocrx_word' id='word_1_739' title='bbox 884 4708 1096 4781; x_wconf 85' lang='grc' dir='ltr'>θανάτῳ</span> <span class='ocrx_word' id='word_1_740' title='bbox 1128 4708 1492 4781; x_wconf 83' lang='grc' dir='ltr'>ἀποθανεῖσθε,</span> <span class='ocrx_word' id='word_1_741' title='bbox 1522 4709 1575 4765; x_wconf 89' lang='grc' dir='ltr'>τί</span> <span class='ocrx_word' id='word_1_742' title='bbox 1607 4710 1667 4765; x_wconf 80' lang='grc' dir='ltr'>ἂν</span> <span class='ocrx_word' id='word_1_743' title='bbox 1708 4709 1851 4767; x_wconf 90' lang='grc' dir='ltr'>αλλο</span> <span class='ocrx_word' id='word_1_744' title='bbox 1882 4709 1965 4782; x_wconf 84' lang='grc' dir='ltr'>εἶή</span> <span class='ocrx_word' id='word_1_745' title='bbox 1998 4713 2029 4781; x_wconf 72' lang='grc' dir='ltr'>ἢ</span> 
     </span>
    </p>
   </div>
   <div class='ocr_carea' id='block_1_98' title="bbox 2143 4704 3696 4806">
    <p class='ocr_par' dir='ltr' id='par_1_98' title="bbox 2149 4714 3696 4789">
     <span class='ocr_line' id='line_1_98' title="bbox 2149 4714 3696 4789; baseline 0.002 -18"><span class='ocrx_word' id='word_1_746' title='bbox 2149 4716 2247 4771; x_wconf 88' lang='lat' dir='ltr'>sed</span> <span class='ocrx_word' id='word_1_747' title='bbox 2278 4715 2455 4771; x_wconf 89' lang='lat' dir='ltr'>etiam</span> <span class='ocrx_word' id='word_1_748' title='bbox 2488 4715 2549 4770; x_wconf 91' lang='lat' dir='ltr'>in</span> <span class='ocrx_word' id='word_1_749' title='bbox 2581 4715 2788 4772; x_wconf 87' lang='lat' dir='ltr'>mortis</span> <span class='ocrx_word' id='word_1_750' title='bbox 2818 4714 3189 4789; x_wconf 89' lang='lat' dir='ltr'>corruptione</span> <span class='ocrx_word' id='word_1_751' title='bbox 3228 4716 3696 4789; x_wconf 86' lang='lat' dir='ltr'>permansuros?</span> 
     </span>
    </p>
   </div>
   <div class='ocr_carea' id='block_1_99' title="bbox 381 4794 2038 4875">
    <p class='ocr_par' dir='ltr' id='par_1_99' title="bbox 381 4794 2038 4875">
     <span class='ocr_line' id='line_1_99' title="bbox 381 4794 2038 4875; baseline 0.004 -24"><span class='ocrx_word' id='word_1_752' title='bbox 381 4796 445 4852; x_wconf 91' lang='grc' dir='ltr'>τὸ</span> <span class='ocrx_word' id='word_1_753' title='bbox 480 4797 554 4869; x_wconf 85' lang='grc' dir='ltr'>μὴ</span> <span class='ocrx_word' id='word_1_754' title='bbox 593 4794 752 4869; x_wconf 90' lang='grc' dir='ltr'>μόνον</span> <span class='ocrx_word' id='word_1_755' title='bbox 786 4796 1168 4869; x_wconf 78' lang='grc' dir='ltr'>ἀποθνήσκειν,</span> <span class='ocrx_word' id='word_1_756' title='bbox 1198 4797 1345 4854; x_wconf 84' lang='grc' dir='ltr'>ἀλλά</span> <span class='ocrx_word' id='word_1_757' title='bbox 1373 4799 1463 4854; x_wconf 88' lang='grc' dir='ltr'>καὶ</span> <span class='ocrx_word' id='word_1_758' title='bbox 1496 4798 1549 4855; x_wconf 80' lang='grc' dir='ltr'>ἐν</span> <span class='ocrx_word' id='word_1_759' title='bbox 1576 4805 1646 4875; x_wconf 79' lang='grc' dir='ltr'>τῇ</span> <span class='ocrx_word' id='word_1_760' title='bbox 1676 4804 1774 4856; x_wconf 79' lang='grc' dir='ltr'>τοῦ</span> <span class='ocrx_word' id='word_1_761' title='bbox 1805 4802 2038 4859; x_wconf 88' lang='grc' dir='ltr'>θανάτου</span> 
     </span>
    </p>
   </div>
   <div class='ocr_carea' id='block_1_100' title="bbox 387 4881 907 4961">
    <p class='ocr_par' dir='ltr' id='par_1_100' title="bbox 387 4881 907 4961">
     <span class='ocr_line' id='line_1_100' title="bbox 387 4881 907 4961; baseline 0.002 -23"><span class='ocrx_word' id='word_1_762' title='bbox 387 4885 563 4961; x_wconf 84' lang='grc' dir='ltr'>φθορᾷ</span> <span class='ocrx_word' id='word_1_763' title='bbox 592 4881 861 4959; x_wconf 84' lang='grc' dir='ltr'>διαμένειν</span> <span class='ocrx_word' id='word_1_764' title='bbox 892 4902 907 4955; x_wconf 86' lang='grc'><strong>;</strong></span> 
     </span>
    </p>
   </div>
   <div class='ocr_carea' id='block_1_101' title="bbox 452 5002 2029 5084">
    <p class='ocr_par' dir='ltr' id='par_1_101' title="bbox 452 5002 2029 5076">
     <span class='ocr_line' id='line_1_101' title="bbox 452 5002 2029 5076; baseline 0.009 -20"><span class='ocrx_word' id='word_1_765' title='bbox 452 5003 498 5037; x_wconf 67' lang='grc' dir='ltr'>ἰθ</span> <span class='ocrx_word' id='word_1_766' title='bbox 554 5002 764 5058; x_wconf 89' lang='lat' dir='ltr'>Genes.</span> <span class='ocrx_word' id='word_1_767' title='bbox 801 5005 843 5071; x_wconf 84' lang='grc'>¹,</span> <span class='ocrx_word' id='word_1_768' title='bbox 878 5003 929 5058; x_wconf 93' lang='grc'>1.</span> <span class='ocrx_word' id='word_1_769' title='bbox 962 5004 1005 5038; x_wconf 81' lang='grc'>⁴⁷</span> <span class='ocrx_word' id='word_1_770' title='bbox 1065 5004 1191 5061; x_wconf 91' lang='lat' dir='ltr'>Lib.</span> <span class='ocrx_word' id='word_1_771' title='bbox 1229 5022 1292 5076; x_wconf 79' lang='grc' dir='ltr'>ιι,</span> <span class='ocrx_word' id='word_1_772' title='bbox 1344 5008 1621 5065; x_wconf 89' lang='lat' dir='ltr'>mandato</span> <span class='ocrx_word' id='word_1_773' title='bbox 1655 5011 1707 5065; x_wconf 94' lang='lat'><strong>1.</strong></span> <span class='ocrx_word' id='word_1_774' title='bbox 1767 5009 1810 5046; x_wconf 68' lang='lat'><strong>‘3</strong></span> <span class='ocrx_word' id='word_1_775' title='bbox 1860 5012 2029 5072; x_wconf 86' lang='lat' dir='ltr'>Hebr.</span> 
     </span>
    </p>
   </div>
   <div class='ocr_carea' id='block_1_102' title="bbox 2143 5002 2767 5084">
    <p class='ocr_par' dir='ltr' id='par_1_102' title="bbox 2143 5014 2767 5084">
     <span class='ocr_line' id='line_1_102' title="bbox 2143 5014 2767 5084; baseline 0.003 -16"><span class='ocrx_word' id='word_1_776' title='bbox 2143 5056 2157 5084; x_wconf 91' lang='lat'>,</span> <span class='ocrx_word' id='word_1_777' title='bbox 2188 5014 2244 5069; x_wconf 84' lang='lat'>5.</span> <span class='ocrx_word' id='word_1_778' title='bbox 2278 5014 2322 5049; x_wconf 75' lang='lat'>‘9</span> <span class='ocrx_word' id='word_1_779' title='bbox 2344 5016 2550 5069; x_wconf 89' lang='lat' dir='ltr'>Genes.</span> <span class='ocrx_word' id='word_1_780' title='bbox 2584 5031 2645 5083; x_wconf 85' lang='lat' dir='ltr'>Il,</span> <span class='ocrx_word' id='word_1_781' title='bbox 2680 5015 2767 5071; x_wconf 90' lang='grc'>10.</span> 
     </span>
    </p>
   </div>
   <div class='ocr_carea' id='block_1_103' title="bbox 452 5122 1459 5271">
    <p class='ocr_par' dir='ltr' id='par_1_103' title="bbox 452 5122 1459 5271">
     <span class='ocr_line' id='line_1_103' title="bbox 452 5122 1459 5271; baseline 0.006 -90"><span class='ocrx_word' id='word_1_782' title='bbox 452 5127 568 5271; x_wconf 76' lang='grc'>(41)</span> <span class='ocrx_word' id='word_1_783' title='bbox 599 5128 861 5199; x_wconf 88' lang='lat' dir='ltr'>Seguer.,</span> <span class='ocrx_word' id='word_1_784' title='bbox 899 5122 1129 5200; x_wconf 81' lang='grc' dir='ltr'>μηδαμῆ</span> <span class='ocrx_word' id='word_1_785' title='bbox 1167 5126 1459 5202; x_wconf 80' lang='grc' dir='ltr'>μηδαμῶς.</span> 
     </span>
     <span class='ocr_line' id='line_1_104' title="bbox 477 5199 1459 5271; baseline 0.006 -18"><span class='ocrx_word' id='word_1_786' title='bbox 477 5199 669 5271; x_wconf 76' lang='grc'>42-43)</span> <span class='ocrx_word' id='word_1_787' title='bbox 702 5200 785 5254; x_wconf 86' lang='lat' dir='ltr'>Ita</span> <span class='ocrx_word' id='word_1_788' title='bbox 812 5200 989 5256; x_wconf 88' lang='lat' dir='ltr'>habet</span> <span class='ocrx_word' id='word_1_789' title='bbox 1011 5204 1205 5255; x_wconf 84' lang='lat' dir='ltr'>textus</span> <span class='ocrx_word' id='word_1_790' title='bbox 1234 5206 1459 5259; x_wconf 69' lang='lat' dir='ltr'>Graecus</span> 
     </span>
    </p>
   </div>
   <div class='ocr_carea' id='block_1_104' title="bbox 477 5199 2038 5283">
    <p class='ocr_par' dir='ltr' id='par_1_104' title="bbox 477 5199 2038 5283">
     <span class='ocr_line' id='line_1_105' title="bbox 477 5199 2038 5283; baseline 0.008 -31"><span class='ocrx_word' id='word_1_791' title='bbox 477 5199 669 5283; x_wconf 66' lang='grc'>42-43)</span> <span class='ocrx_word' id='word_1_792' title='bbox 702 5200 785 5254; x_wconf 86' lang='lat' dir='ltr'>Ita</span> <span class='ocrx_word' id='word_1_793' title='bbox 812 5199 989 5283; x_wconf 79' lang='lat' dir='ltr'>habet</span> <span class='ocrx_word' id='word_1_794' title='bbox 1011 5199 1612 5283; x_wconf 28' lang='lat' dir='ltr'>teatu’s-Graacuszuat</span> <span class='ocrx_word' id='word_1_795' title='bbox 1649 5207 1726 5283; x_wconf 30' lang='lat' dir='ltr'>Ain</span> <span class='ocrx_word' id='word_1_796' title='bbox 1786 5208 2038 5283; x_wconf 82' lang='lat' dir='ltr'>Vulgata</span> 
     </span>
    </p>
   </div>
   <div class='ocr_carea' id='block_1_105' title="bbox 380 5270 1845 5359">
    <p class='ocr_par' dir='ltr' id='par_1_105' title="bbox 380 5270 1845 5359">
     <span class='ocr_line' id='line_1_106' title="bbox 380 5270 1845 5359; baseline 0.004 -30"><span class='ocrx_word' id='word_1_797' title='bbox 380 5270 470 5359; x_wconf 65' lang='lat' dir='ltr'>sie</span> <span class='ocrx_word' id='word_1_798' title='bbox 489 5270 732 5359; x_wconf 61' lang='lat' dir='ltr'>legitur,</span> <span class='ocrx_word' id='word_1_799' title='bbox 764 5278 828 5326; x_wconf 82' lang='lat' dir='ltr'>ut</span> <span class='ocrx_word' id='word_1_800' title='bbox 858 5288 927 5359; x_wconf 58' lang='lat' dir='ltr'>ea:</span> <span class='ocrx_word' id='word_1_801' title='bbox 943 5273 1330 5359; x_wconf 51' lang='lat' dir='ltr'>inyisibilious</span> <span class='ocrx_word' id='word_1_802' title='bbox 1355 5277 1601 5359; x_wconf 69' lang='lat' dir='ltr'>visibilia</span> <span class='ocrx_word' id='word_1_803' title='bbox 1630 5280 1845 5349; x_wconf 84' lang='lat' dir='ltr'>ﬁerent.</span> 
     </span>
    </p>
   </div>
   <div class='ocr_carea' id='block_1_106' title="bbox 2218 5133 3798 5215">
    <p class='ocr_par' dir='ltr' id='par_1_106' title="bbox 2218 5133 3798 5215">
     <span class='ocr_line' id='line_1_107' title="bbox 2218 5133 3798 5215; baseline -0.003 -22"><span class='ocrx_word' id='word_1_804' title='bbox 2218 5139 2332 5211; x_wconf 79' lang='grc'>(48)</span> <span class='ocrx_word' id='word_1_805' title='bbox 2365 5140 2630 5215; x_wconf 58' lang='lat' dir='ltr'>segnem,</span> <span class='ocrx_word' id='word_1_806' title='bbox 2662 5135 3158 5215; x_wconf 55' lang='lat' dir='ltr'>(puleigotsvpaulo</span> <span class='ocrx_word' id='word_1_807' title='bbox 3189 5142 3325 5215; x_wconf 76' lang='lat' dir='ltr'>post</span> <span class='ocrx_word' id='word_1_808' title='bbox 3352 5135 3467 5215; x_wconf 73' lang='lat' dir='ltr'>_ml</span> <span class='ocrx_word' id='word_1_809' title='bbox 3526 5133 3798 5215; x_wconf 62' lang='grc' dir='ltr'>ἀνώδυνον</span> 
     </span>
    </p>
   </div>
   <div class='ocr_carea' id='block_1_107' title="bbox 2147 5209 3800 5293">
    <p class='ocr_par' dir='ltr' id='par_1_107' title="bbox 2147 5209 3800 5293">
     <span class='ocr_line' id='line_1_108' title="bbox 2147 5209 3800 5293; baseline -0.001 -27"><span class='ocrx_word' id='word_1_810' title='bbox 2147 5209 2315 5293; x_wconf 80' lang='lat' dir='ltr'>abest</span> <span class='ocrx_word' id='word_1_811' title='bbox 2335 5227 2370 5264; x_wconf 89' lang='lat' dir='ltr'>a</span> <span class='ocrx_word' id='word_1_812' title='bbox 2400 5209 2574 5293; x_wconf 78' lang='lat' dir='ltr'>Basil.</span> <span class='ocrx_word' id='word_1_813' title='bbox 2600 5209 2909 5293; x_wconf 33' lang='lat' dir='ltr'>“Monibid.</span> <span class='ocrx_word' id='word_1_814' title='bbox 2942 5209 3481 5293; x_wconf 49' lang='lat' dir='ltr'>An_glic.,&#39;_Golder.,</span> <span class='ocrx_word' id='word_1_815' title='bbox 3509 5216 3566 5266; x_wconf 90' lang='lat' dir='ltr'>et</span> <span class='ocrx_word' id='word_1_816' title='bbox 3596 5210 3800 5265; x_wconf 89' lang='lat' dir='ltr'>Felkm</span> 
     </span>
    </p>
   </div>
   <div class='ocr_carea' id='block_1_108' title="bbox 2150 5281 3276 5352">
    <p class='ocr_par' dir='ltr' id='par_1_108' title="bbox 2150 5281 3276 5352">
     <span class='ocr_line' id='line_1_109' title="bbox 2150 5281 3276 5352; baseline -0.001 -15"><span class='ocrx_word' id='word_1_817' title='bbox 2150 5285 2175 5337; x_wconf 93' lang='lat'>1</span> <span class='ocrx_word' id='word_1_818' title='bbox 2212 5299 2408 5352; x_wconf 88' lang='lat' dir='ltr'>anon.,</span> <span class='ocrx_word' id='word_1_819' title='bbox 2440 5281 2523 5349; x_wconf 83' lang='grc' dir='ltr'>τό,</span> <span class='ocrx_word' id='word_1_820' title='bbox 2558 5282 2657 5337; x_wconf 91' lang='lat' dir='ltr'>ubi</span> <span class='ocrx_word' id='word_1_821' title='bbox 2688 5282 2787 5337; x_wconf 90' lang='lat' dir='ltr'>alii</span> <span class='ocrx_word' id='word_1_822' title='bbox 2809 5300 2943 5338; x_wconf 90' lang='lat' dir='ltr'>cum</span> <span class='ocrx_word' id='word_1_823' title='bbox 2975 5281 3148 5339; x_wconf 87' lang='lat' dir='ltr'>editis</span> <span class='ocrx_word' id='word_1_824' title='bbox 3178 5285 3276 5352; x_wconf 78' lang='grc' dir='ltr'>τῷ.</span> 
     </span>
    </p>
   </div>
   <div class='ocr_carea' id='block_1_109' title="bbox 2218 5326 3804 5477">
    <p class='ocr_par' dir='ltr' id='par_1_109' title="bbox 2218 5326 3804 5477">
     <span class='ocr_line' id='line_1_110' title="bbox 2218 5326 3804 5477; baseline -0.001 -71"><span class='ocrx_word' id='word_1_825' title='bbox 2218 5326 3508 5477; x_wconf 35' lang='lat' dir='ltr'>aia)&quot;do&#39;ﬁiei‘lih‘f&#39;ét&quot;631513571&#39;Eﬁonym,</span> <span class='ocrx_word' id='word_1_826' title='bbox 3558 5372 3804 5427; x_wconf 83' lang='grc' dir='ltr'>παραση-</span> 
     </span>
     <span class='ocr_line' id='line_1_111' title="bbox 2218 5444 2350 5477; baseline 0 0"><span class='ocrx_word' id='word_1_827' title='bbox 2218 5445 2228 5477; x_wconf 83' lang='grc' dir='ltr'><strong>ῑ</strong></span> <span class='ocrx_word' id='word_1_828' title='bbox 2255 5444 2327 5477; x_wconf 89' lang='grc' dir='ltr'>νει</span> <span class='ocrx_word' id='word_1_829' title='bbox 2337 5467 2350 5477; x_wconf 91' lang='grc'><em>.</em></span> 
     </span>
    </p>
   </div>
   <div class='ocr_carea' id='block_1_110' title="bbox 2156 5444 2350 5499">
    <p class='ocr_par' dir='ltr' id='par_1_110' title="bbox 2156 5444 2350 5499">
     <span class='ocr_line' id='line_1_112' title="bbox 2156 5444 2350 5499; baseline 0.005 -21"><span class='ocrx_word' id='word_1_830' title='bbox 2156 5444 2350 5499; x_wconf 84' lang='grc' dir='ltr'>μαινει.</span> 
     </span>
    </p>
   </div>
   <div class='ocr_carea' id='block_1_111' title="bbox 2222 5496 3809 5585">
    <p class='ocr_par' dir='ltr' id='par_1_111' title="bbox 2222 5496 3809 5585">
     <span class='ocr_line' id='line_1_113' title="bbox 2222 5496 3809 5585; baseline 0.002 -35"><span class='ocrx_word' id='word_1_831' title='bbox 2222 5498 2337 5585; x_wconf 65' lang='grc' dir='ltr'>(βρ)</span> <span class='ocrx_word' id='word_1_832' title='bbox 2392 5496 2485 5585; x_wconf 57' lang='grc' dir='ltr'>ξρο</span> <span class='ocrx_word' id='word_1_833' title='bbox 2544 5496 2757 5585; x_wconf 64' lang='lat' dir='ltr'>Gohler</span> <span class='ocrx_word' id='word_1_834' title='bbox 2793 5501 2883 5585; x_wconf 36' lang='lat' dir='ltr'>et.</span> <span class='ocrx_word' id='word_1_835' title='bbox 2936 5498 3190 5585; x_wconf 77' lang='lat' dir='ltr'>Felckm.</span> <span class='ocrx_word' id='word_1_836' title='bbox 3254 5499 3279 5551; x_wconf 94' lang='lat'>1</span> <span class='ocrx_word' id='word_1_837' title='bbox 3317 5513 3491 5585; x_wconf 66' lang='lat' dir='ltr'>anon.</span> <span class='ocrx_word' id='word_1_838' title='bbox 3525 5500 3702 5585; x_wconf 83' lang='lat' dir='ltr'>atque</span> <span class='ocrx_word' id='word_1_839' title='bbox 3724 5496 3809 5585; x_wconf 74' lang='lat' dir='ltr'>ita</span> 
     </span>
    </p>
   </div>
   <div class='ocr_carea' id='block_1_112' title="bbox 454 5343 1657 5415">
    <p class='ocr_par' dir='ltr' id='par_1_112' title="bbox 454 5343 1657 5415">
     <span class='ocr_line' id='line_1_114' title="bbox 454 5343 1657 5415; baseline 0.008 -19"><span class='ocrx_word' id='word_1_840' title='bbox 454 5344 566 5415; x_wconf 80' lang='grc'>(44)</span> <span class='ocrx_word' id='word_1_841' title='bbox 589 5343 823 5415; x_wconf 86' lang='lat' dir='ltr'>Gobler.</span> <span class='ocrx_word' id='word_1_842' title='bbox 856 5350 914 5399; x_wconf 88' lang='lat' dir='ltr'>et</span> <span class='ocrx_word' id='word_1_843' title='bbox 943 5343 1200 5400; x_wconf 88' lang='lat' dir='ltr'>Felckm.</span> <span class='ocrx_word' id='word_1_844' title='bbox 1238 5348 1261 5400; x_wconf 94' lang='lat'>1</span> <span class='ocrx_word' id='word_1_845' title='bbox 1288 5364 1489 5415; x_wconf 89' lang='lat' dir='ltr'>anon.,</span> <span class='ocrx_word' id='word_1_846' title='bbox 1520 5347 1603 5405; x_wconf 82' lang='grc' dir='ltr'>τό.</span> <span class='ocrx_word' id='word_1_847' title='bbox 1630 5343 1657 5405; x_wconf 78' lang='grc'>’.</span> 
     </span>
    </p>
   </div>
   <div class='ocr_carea' id='block_1_113' title="bbox 452 5413 2037 5494">
    <p class='ocr_par' dir='ltr' id='par_1_113' title="bbox 452 5413 2037 5494">
     <span class='ocr_line' id='line_1_115' title="bbox 452 5413 2037 5494; baseline 0.006 -24"><span class='ocrx_word' id='word_1_848' title='bbox 452 5413 565 5494; x_wconf 61' lang='grc' dir='ltr'>(4ᾕ)</span> <span class='ocrx_word' id='word_1_849' title='bbox 588 5413 892 5494; x_wconf 63' lang='grc' dir='ltr'>Ηρόᾱρεεῐ</span> <span class='ocrx_word' id='word_1_850' title='bbox 941 5416 1001 5470; x_wconf 88' lang='lat' dir='ltr'>in</span> <span class='ocrx_word' id='word_1_851' title='bbox 1031 5416 1306 5494; x_wconf 81' lang='lat' dir='ltr'>Seguer,._</span> <span class='ocrx_word' id='word_1_852' title='bbox 1326 5413 1502 5494; x_wconf 82' lang='lat' dir='ltr'>Basil.</span> <span class='ocrx_word' id='word_1_853' title='bbox 1535 5425 1593 5476; x_wconf 87' lang='lat' dir='ltr'>et</span> <span class='ocrx_word' id='word_1_854' title='bbox 1619 5422 1845 5494; x_wconf 88' lang='lat' dir='ltr'>Anglic.</span> <span class='ocrx_word' id='word_1_855' title='bbox 1890 5424 2037 5480; x_wconf 91' lang='lat' dir='ltr'>Ibid.</span> 
     </span>
    </p>
   </div>
   <div class='ocr_carea' id='block_1_114' title="bbox 382 5486 2040 5564">
    <p class='ocr_par' dir='ltr' id='par_1_114' title="bbox 382 5486 2040 5564">
     <span class='ocr_line' id='line_1_116' title="bbox 382 5486 2040 5564; baseline 0.007 -23"><span class='ocrx_word' id='word_1_856' title='bbox 382 5486 1029 5564; x_wconf 49' lang='grc' dir='ltr'>Λυδιίρ.,’-άνθρώπινον</span> <span class='ocrx_word' id='word_1_857' title='bbox 1056 5486 1168 5564; x_wconf 64' lang='lat' dir='ltr'>pro</span> <span class='ocrx_word' id='word_1_858' title='bbox 1224 5488 1604 5564; x_wconf 81' lang='grc' dir='ltr'>ἀνθρώπωον.,</span> <span class='ocrx_word' id='word_1_859' title='bbox 1641 5486 1785 5549; x_wconf 64' lang='grc' dir='ltr'>Π.Θῆ</span> <span class='ocrx_word' id='word_1_860' title='bbox 1811 5512 1948 5552; x_wconf 87' lang='lat' dir='ltr'>mox</span> <span class='ocrx_word' id='word_1_861' title='bbox 1981 5498 2040 5552; x_wconf 89' lang='lat' dir='ltr'>in</span> 
     </span>
    </p>
   </div>
   <div class='ocr_carea' id='block_1_115' title="bbox 385 5556 1802 5635">
    <p class='ocr_par' dir='ltr' id='par_1_115' title="bbox 385 5556 1802 5635">
     <span class='ocr_line' id='line_1_117' title="bbox 385 5556 1802 5635; baseline 0.006 -22"><span class='ocrx_word' id='word_1_862' title='bbox 385 5556 625 5635; x_wconf 28' lang='lat' dir='ltr'>codlcbc;</span> <span class='ocrx_word' id='word_1_863' title='bbox 648 5556 832 5635; x_wconf 78' lang='lat' dir='ltr'>deest,</span> <span class='ocrx_word' id='word_1_864' title='bbox 854 5562 1025 5631; x_wconf 88' lang='lat' dir='ltr'>cujus</span> <span class='ocrx_word' id='word_1_865' title='bbox 1055 5556 1181 5635; x_wconf 75' lang='lat' dir='ltr'>loco</span> <span class='ocrx_word' id='word_1_866' title='bbox 1212 5556 1394 5635; x_wconf 78' lang='lat' dir='ltr'>manu</span> <span class='ocrx_word' id='word_1_867' title='bbox 1428 5556 1664 5635; x_wconf 83' lang='lat' dir='ltr'>recenti,</span> <span class='ocrx_word' id='word_1_868' title='bbox 1698 5564 1802 5621; x_wconf 80' lang='grc' dir='ltr'>ὅτι.</span> 
     </span>
    </p>
   </div>
   <div class='ocr_carea' id='block_1_116' title="bbox 385 5624 2048 5827">
    <p class='ocr_par' dir='ltr' id='par_1_116' title="bbox 385 5624 2048 5827">
     <span class='ocr_line' id='line_1_118' title="bbox 456 5624 2045 5755; baseline 0.008 -73"><span class='ocrx_word' id='word_1_869' title='bbox 456 5629 570 5755; x_wconf 81' lang='grc'>(46)</span> <span class='ocrx_word' id='word_1_870' title='bbox 603 5633 706 5685; x_wconf 88' lang='lat' dir='ltr'>Pro</span> <span class='ocrx_word' id='word_1_871' title='bbox 740 5624 1098 5714; x_wconf 54' lang='lat' dir='ltr'>Exétoe&#39;quod</span> <span class='ocrx_word' id='word_1_872' title='bbox 1130 5633 1350 5716; x_wconf 74' lang='lat' dir='ltr'>habent</span> <span class='ocrx_word' id='word_1_873' title='bbox 1372 5624 1663 5717; x_wconf 40' lang='lat' dir='ltr'>.Seguer”,</span> <span class='ocrx_word' id='word_1_874' title='bbox 1698 5638 1953 5705; x_wconf 87' lang='lat' dir='ltr'>Gobler.,</span> <span class='ocrx_word' id='word_1_875' title='bbox 1987 5642 2045 5694; x_wconf 91' lang='lat' dir='ltr'>et</span> 
     </span>
     <span class='ocr_line' id='line_1_119' title="bbox 385 5700 2048 5827; baseline 0.008 -74"><span class='ocrx_word' id='word_1_876' title='bbox 385 5700 707 5827; x_wconf 40' lang='grc' dir='ltr'>ξὲοφξξὲῦθ</span> <span class='ocrx_word' id='word_1_877' title='bbox 743 5718 941 5759; x_wconf 86' lang='lat' dir='ltr'>anon..</span> <span class='ocrx_word' id='word_1_878' title='bbox 973 5705 1072 5760; x_wconf 78' lang='lat' dir='ltr'>alll</span> <span class='ocrx_word' id='word_1_879' title='bbox 1097 5707 1501 5763; x_wconf 77' lang='lat' dir='ltr'>cumeditione</span> <span class='ocrx_word' id='word_1_880' title='bbox 1520 5710 1802 5766; x_wconf 89' lang='lat' dir='ltr'>Commel.</span> <span class='ocrx_word' id='word_1_881' title='bbox 1827 5710 2048 5767; x_wconf 88' lang='lat' dir='ltr'>habent</span> 
     </span>
    </p>
   </div>
   <div class='ocr_carea' id='block_1_117' title="bbox 417 5789 668 5839">
    <p class='ocr_par' dir='ltr' id='par_1_117' title="bbox 417 5789 668 5839">
     <span class='ocr_line' id='line_1_120' title="bbox 417 5789 668 5839; baseline 0.004 -14"><span class='ocrx_word' id='word_1_882' title='bbox 417 5789 668 5839; x_wconf 87' lang='grc' dir='ltr'>ποιησεν.</span> 
     </span>
    </p>
   </div>
   <div class='ocr_carea' id='block_1_118' title="bbox 465 5843 1525 5929">
    <p class='ocr_par' dir='ltr' id='par_1_118' title="bbox 465 5843 1525 5929">
     <span class='ocr_line' id='line_1_121' title="bbox 465 5843 1525 5929; baseline 0.011 -30"><span class='ocrx_word' id='word_1_883' title='bbox 465 5843 581 5929; x_wconf 87' lang='grc'>(47)</span> <span class='ocrx_word' id='word_1_884' title='bbox 607 5845 722 5899; x_wconf 81' lang='grc' dir='ltr'>Τῶν</span> <span class='ocrx_word' id='word_1_885' title='bbox 748 5844 912 5901; x_wconf 89' lang='lat' dir='ltr'>deest</span> <span class='ocrx_word' id='word_1_886' title='bbox 939 5846 1000 5903; x_wconf 89' lang='lat' dir='ltr'>in</span> <span class='ocrx_word' id='word_1_887' title='bbox 1028 5847 1265 5907; x_wconf 86' lang='lat' dir='ltr'>Felckn.</span> <span class='ocrx_word' id='word_1_888' title='bbox 1286 5852 1323 5906; x_wconf 87' lang='lat'><strong>2</strong></span> <span class='ocrx_word' id='word_1_889' title='bbox 1349 5864 1525 5911; x_wconf 89' lang='lat' dir='ltr'>anon.</span> 
     </span>
    </p>
   </div>
   <div class='ocr_carea' id='block_1_119' title="bbox 2154 5637 3805 5710">
    <p class='ocr_par' dir='ltr' id='par_1_119' title="bbox 2154 5637 3805 5710">
     <span class='ocr_line' id='line_1_122' title="bbox 2154 5637 3805 5710; baseline -0.002 -15"><span class='ocrx_word' id='word_1_890' title='bbox 2154 5637 2287 5695; x_wconf 75' lang='grc' dir='ltr'>ΜὸΧ</span> <span class='ocrx_word' id='word_1_891' title='bbox 2318 5638 2420 5694; x_wconf 82' lang='lat' dir='ltr'>ibi.</span> <span class='ocrx_word' id='word_1_892' title='bbox 2466 5640 2589 5695; x_wconf 70' lang='lat' dir='ltr'>haec</span> <span class='ocrx_word' id='word_1_893' title='bbox 2618 5637 2845 5695; x_wconf 55' lang='lat' dir='ltr'>verba:</span> <span class='ocrx_word' id='word_1_894' title='bbox 2879 5640 2940 5692; x_wconf 87' lang='grc' dir='ltr'>τὸ</span> <span class='ocrx_word' id='word_1_895' title='bbox 2974 5637 3030 5694; x_wconf 73' lang='grc' dir='ltr'>δὲ</span> <span class='ocrx_word' id='word_1_896' title='bbox 3058 5639 3268 5710; x_wconf 82' lang='grc' dir='ltr'>θανάτῳ</span> <span class='ocrx_word' id='word_1_897' title='bbox 3302 5637 3669 5709; x_wconf 79' lang='grc' dir='ltr'>ἀποθανεῖσθε,</span> <span class='ocrx_word' id='word_1_898' title='bbox 3703 5643 3805 5697; x_wconf 87' lang='lat' dir='ltr'>de-</span> 
     </span>
    </p>
   </div>
   <div class='ocr_carea' id='block_1_120' title="bbox 2156 5710 3814 5782">
    <p class='ocr_par' dir='ltr' id='par_1_120' title="bbox 2156 5710 3814 5782">
     <span class='ocr_line' id='line_1_123' title="bbox 2156 5710 3814 5782; baseline 0.001 -15"><span class='ocrx_word' id='word_1_899' title='bbox 2156 5716 2297 5768; x_wconf 88' lang='lat' dir='ltr'>sunt</span> <span class='ocrx_word' id='word_1_900' title='bbox 2348 5710 2409 5782; x_wconf 86' lang='lat' dir='ltr'>in</span> <span class='ocrx_word' id='word_1_901' title='bbox 2468 5717 2731 5782; x_wconf 82' lang='lat' dir='ltr'>Seguer.,</span> <span class='ocrx_word' id='word_1_902' title='bbox 2784 5712 3014 5768; x_wconf 89' lang='lat' dir='ltr'>Gobler.</span> <span class='ocrx_word' id='word_1_903' title='bbox 3048 5716 3104 5766; x_wconf 90' lang='lat' dir='ltr'>et</span> <span class='ocrx_word' id='word_1_904' title='bbox 3133 5712 3392 5767; x_wconf 87' lang='lat' dir='ltr'>Felckm.</span> <span class='ocrx_word' id='word_1_905' title='bbox 3428 5715 3452 5767; x_wconf 90' lang='lat'>1</span> <span class='ocrx_word' id='word_1_906' title='bbox 3489 5729 3664 5769; x_wconf 88' lang='lat' dir='ltr'>anon.</span> <span class='ocrx_word' id='word_1_907' title='bbox 3707 5728 3814 5769; x_wconf 88' lang='lat' dir='ltr'>nec</span> 
     </span>
    </p>
   </div>
   <div class='ocr_carea' id='block_1_121' title="bbox 2157 5781 3817 5857">
    <p class='ocr_par' dir='ltr' id='par_1_121' title="bbox 2157 5781 3817 5857">
     <span class='ocr_line' id='line_1_124' title="bbox 2157 5781 3817 5857; baseline 0.001 -17"><span class='ocrx_word' id='word_1_908' title='bbox 2157 5800 2226 5840; x_wconf 89' lang='lat' dir='ltr'>ea</span> <span class='ocrx_word' id='word_1_909' title='bbox 2256 5781 2570 5857; x_wconf 48' lang='lat' dir='ltr'>exprimit;</span> <span class='ocrx_word' id='word_1_910' title='bbox 2584 5782 2849 5857; x_wconf 71' lang='lat' dir='ltr'>Nannius</span> <span class='ocrx_word' id='word_1_911' title='bbox 2874 5801 2886 5839; x_wconf 94' lang='lat'>:</span> <span class='ocrx_word' id='word_1_912' title='bbox 2924 5789 2983 5839; x_wconf 88' lang='lat' dir='ltr'>at</span> <span class='ocrx_word' id='word_1_913' title='bbox 3011 5783 3108 5839; x_wconf 89' lang='lat' dir='ltr'>alii</span> <span class='ocrx_word' id='word_1_914' title='bbox 3127 5785 3470 5857; x_wconf 9' lang='lat' dir='ltr'>cumreditis</span> <span class='ocrx_word' id='word_1_915' title='bbox 3488 5785 3726 5857; x_wconf 81' lang='lat' dir='ltr'>habent,</span> <span class='ocrx_word' id='word_1_916' title='bbox 3757 5788 3817 5842; x_wconf 81' lang='lat' dir='ltr'>et</span> 
     </span>
    </p>
   </div>
   <div class='ocr_carea' id='block_1_122' title="bbox 2159 5852 3653 5929">
    <p class='ocr_par' dir='ltr' id='par_1_122' title="bbox 2159 5852 3653 5929">
     <span class='ocr_line' id='line_1_125' title="bbox 2159 5852 3653 5929; baseline 0.003 -16"><span class='ocrx_word' id='word_1_917' title='bbox 2159 5852 2505 5929; x_wconf 77' lang='lat' dir='ltr'>exprimunt</span> <span class='ocrx_word' id='word_1_918' title='bbox 2526 5852 2894 5913; x_wconf 88' lang='lat' dir='ltr'>Omnibonus</span> <span class='ocrx_word' id='word_1_919' title='bbox 2925 5859 2982 5912; x_wconf 86' lang='lat' dir='ltr'>et</span> <span class='ocrx_word' id='word_1_920' title='bbox 3012 5854 3364 5916; x_wconf 85' lang='lat' dir='ltr'>Ambrosius</span> <span class='ocrx_word' id='word_1_921' title='bbox 3392 5855 3653 5917; x_wconf 83' lang='lat' dir='ltr'>Camald.</span> 
     </span>
    </p>
   </div>
   <div class='ocr_carea' id='block_1_123' title="bbox 2153 5566 3906 5644">
    <p class='ocr_par' dir='ltr' id='par_1_123' title="bbox 2153 5566 3906 5644">
     <span class='ocr_line' id='line_1_126' title="bbox 2153 5566 3906 5644; baseline 0.001 -21"><span class='ocrx_word' id='word_1_922' title='bbox 2153 5566 2539 5644; x_wconf 50' lang='lat' dir='ltr'>legiturGen.</span> <span class='ocrx_word' id='word_1_923' title='bbox 2569 5569 2744 5644; x_wconf 68' lang='lat'>11,17.</span> <span class='ocrx_word' id='word_1_924' title='bbox 2777 5569 2886 5623; x_wconf 88' lang='lat' dir='ltr'>Alii</span> <span class='ocrx_word' id='word_1_925' title='bbox 2918 5575 3115 5644; x_wconf 60' lang='lat' dir='ltr'>alitem</span> <span class='ocrx_word' id='word_1_926' title='bbox 3147 5586 3281 5644; x_wconf 77' lang='lat' dir='ltr'>eum</span> <span class='ocrx_word' id='word_1_927' title='bbox 3312 5568 3513 5644; x_wconf 79' lang='lat' dir='ltr'>editis,</span> <span class='ocrx_word' id='word_1_928' title='bbox 3545 5566 3808 5644; x_wconf 70' lang='grc' dir='ltr'>φάγησθε.</span> <span class='ocrx_word' id='word_1_929' title='bbox 3901 5630 3906 5638; x_wconf 38' lang='grc' dir='ltr'>ι</span> 
     </span>
    </p>
   </div>
  </div>
