4160 6396
366 454 481 519 103
904 455 971 518 S.
1015 452 1443 517 ATHANASII
1486 452 1661 515 OPP.
1705 450 1908 513 PARS
1952 450 2004 513 1.
2036 482 2116 495 -
2145 449 2567 516 HISTORIGA
2608 452 2711 516 ET
2755 452 3239 518 DOGMATICA.
3672 457 3793 518 104

436 588 492 644 4.
524 587 758 647 Miraris
785 587 1053 655 fortasse,
1076 586 1445 659 quitandem
1476 602 1605 654 nos,
1636 602 1773 642 cum
1804 586 1874 642 de
1904 585 2019 641 hu-

2201 585 2255 641 4.
2288 583 2447 647 Ἴσως
2477 586 2593 659 (51)
2638 583 2935 660 θαυμάζεις
2980 585 3035 641 τί
3082 583 3309 661 δήποτε,
3354 585 3480 664 περὶ
3509 593 3613 658 τῆς
3645 586 3794 645 ἐναν-

367 693 546 735 mana
574 681 829 735 naturaa
845 675 1035 733 Verbo
1049 679 1359 749 assumpta
1374 675 1565 733 dicere
1577 676 2016 733 instituerimus

2136 672 2459 747 ipmmﬁcswq
2504 678 2602 728 τοῦ
2651 674 2834 749 Λόγου
2891 676 3223 751 προθέμενοι
3271 673 3475 751 λέγειν,
3523 680 3615 732 νῦν
3666 678 3793 756 περὶ

369 783 528 824 nunc
558 767 632 825 de
643 767 836 840 prima
850 765 1159 822 hominum
1185 765 1411 839 origine
1434 762 2016 839 disputemus.Atqui

2136 767 2224 829 τῆς
2270 762 2450 838 ἀρχῆς
2505 767 2613 819 τῶν
2661 764 2962 841 ἀνθρώπων
3023 762 3365 841 διηγούμεθα
3398 809 3412 823 .
3474 763 3652 822 Ἀλλὰ
3702 768 3795 825 καὶ

368 856 430 914 id
460 873 496 913 a
524 857 639 914 ﬁne
670 860 881 913 nostrae
910 855 1195 912 orationis
1216 855 1459 911 minime
1479 855 1737 912 alienum
1757 853 2020 919 est.Quia

369 947 528 1004 enim
541 961 873 1004 sermonem
889 945 1178 1002 habemus
1194 946 1267 1002 de
1282 944 1601 1001 Salvatoris
1618 944 1805 1001 nostri
1826 944 1899 1000 ad
1912 959 2019 999 nos

372 1036 894 1106 adventu,necesse
922 1040 1013 1092 est
1041 1035 1221 1092 etiam
1251 1036 1323 1092 de
1352 1034 1663 1092 hominum
1680 1032 2019 1107 primordiis

368 1124 675 1199 loqui,quo
705 1123 881 1198 plane
894 1124 1217 1198 perspicias
1229 1130 1495 1181 nostram
1512 1140 1751 1181 causam
1775 1124 1903 1195 ejus
1917 1122 2019 1178 ad-

367 1218 579 1272 ventus
607 1214 793 1272 fuisse
819 1215 1210 1287 occasionem,
1241 1218 1561 1287 nostroque
1589 1217 1825 1286 peccato
1845 1210 2023 1267 Verbi

368 1304 791 1378 benignitatem
820 1304 1132 1363 excitatam
1160 1304 1369 1371 fuisse,
1400 1308 1469 1360 ut
1499 1304 1572 1360 ad
1602 1320 1708 1359 nos
1725 1302 2026 1359 accederet

372 1399 434 1453 et
483 1394 639 1452 inter
692 1394 965 1452 homines
1021 1393 1309 1452 Dominus
1361 1398 1622 1466 apparet.
1681 1392 1798 1449 Nos
1863 1391 2023 1448 enim

372 1501 554 1544 causa
569 1500 784 1543 sumus
809 1500 915 1541 cur
927 1482 1944 1557 corpusassumpserit,nostramque
1955 1481 2029 1537 ob

371 1573 716 1648 salutem_in
745 1575 1271 1646 humano;corpore
1291 1572 1451 1629 nasci
1482 1576 1540 1628 et
1568 1586 1849 1645 apparere
1860 1569 2026 1627 beni-

371 1664 660 1739 gnissime
704 1661 910 1721 voluit.
942 1661 1504 1736 {Hocgigitunmodo
1532 1660 1689 1717 Deus
1722 1660 2025 1717 hominem

376 1754 516 1814 fecit
538 1752 1139 1827 atqueﬁimmortalem
1171 1768 1408 1809 manere
1434 1750 1729 1822 voluit..At
1755 1749 2027 1806 homines

374 1843 643 1918 neglecta
653 1844 949 1916 aerejecta
957 1841 1062 1899 Dei
1074 1839 1891 1915 comtemplatione,sibiipsis
1908 1856 2028 1896 ma-

372 1935 567 1992 litiam
579 1933 1074 2007 excogitaverunt,
1097 1932 1183 1988 uti
1196 1930 1497 2004 superiore
1509 1930 1772 1987 oratione
1800 1929 2027 1985 dictum

378 2028 492 2093 est,
523 2028 700 2097 atque
721 2023 806 2080 ita
832 2022 894 2079 in
923 2020 1574 2093 denuntiatam_mortis
1588 2019 2027 2077 damnationem

374 2112 975 2185 miserejnciderunt,
1008 2127 1116 2168 nec
1143 2126 1279 2168 vero
1310 2113 1444 2183 post
1472 2109 1591 2165 haec
1614 2108 1819 2182 quales
1849 2108 2028 2165 creati

375 2207 537 2273 sunt,
570 2216 948 2276 permansere
977 2218 992 2271 ;
1022 2201 1127 2257 sed
1158 2199 1283 2257 suis
1314 2199 1770 2272 cogitationibus
1798 2198 1858 2254 in
1901 2199 2027 2255 dies

375 2292 569 2367 magis
583 2290 933 2365 corrupti,in
946 2289 1153 2347 mortis
1164 2289 1447 2346 ditionem
1461 2293 1518 2345 et
1528 2292 1873 2361 potestatem
1889 2281 2029 2344 sunt

374 2381 776 2441 redacti.Nam
799 2378 1478 2454 praeceptitransgressio
1505 2377 1638 2433 illos
1669 2378 1742 2433 ad
1778 2377 2025 2450 propria)

374 2470 1029 2543 naturaiconditionem
1059 2467 1350 2527 revocavit
1374 2493 1389 2537 ;
1430 2472 1496 2524 ut
1523 2467 2026 2540 quemadmodum

377 2578 513 2621 cum
545 2578 664 2619 non
692 2565 915 2630 essent,
946 2560 1084 2617 facti
1098 2563 1259 2629 sunt,
1291 2557 1447 2614 sicin
1461 2574 1528 2614 eo
1549 2559 1645 2613 41
1665 2558 1821 2629 quod
1866 2561 2027 2614 sunt.

377 2651 837 2725 corruptionem,
867 2649 1101 2706 labente
1129 2653 1414 2721 tempore,
1443 2651 1803 2721 paterentur,
1851 2646 2029 2719 idque

377 2740 782 2799 meritissimo.
810 2738 1156 2811 Namque,si
1185 2737 1361 2794 Verbi
1394 2736 1705 2809 praesentia
1733 2742 1792 2793 et
1816 2735 2031 2793 beneﬁ-

379 2830 573 2889 centia
624 2828 816 2887 vocati
845 2832 987 2886 sunt
1007 2832 1074 2884 ut
1091 2831 1309 2899 essent,
1343 2826 1446 2899 qui
1477 2842 1547 2883 ex
1576 2829 1799 2882 naturas
1824 2826 2031 2881 condi-

378 2920 539 2978 tione
578 2918 1256 2993 aliquandoznongerant,
1282 2914 1672 2988 consequens:
1684 2915 1796 2971 fuit
1825 2919 1891 2971 ut
1919 2915 2029 2971 ho-

379 3010 570 3068 mines
622 3008 727 3067 Dei
779 3005 1272 3081 contemplatione
1323 3005 1532 3062 nudati
1577 3009 1637 3061 et
1666 3005 1738 3061 ad
1777 3022 1871 3061 res
1898 3020 2027 3077 qua

377 3098 543 3156 nullo
572 3098 747 3156 modo
776 3096 1070 3156 exsistunt
1096 3095 1360 3153 conversi
1389 3094 1704 3168 (siquidem
1729 3094 1884 3151 mala
1912 3112 2029 3151 non

373 3188 688 3258 exsistunt,
743 3188 901 3245 bona
944 3202 1079 3243 vero
1108 3184 1419 3257 exsistunt,
1452 3188 1654 3257 utpote
1682 3201 1811 3256 quae
1850 3201 1885 3241 a
1912 3184 2030 3242 Deo

308 3278 311 3279 ⁷
378 3278 697 3337 exsistente
751 3278 906 3335 facta
951 3276 1114 3348 sint),
1163 3273 1444 3332 beneﬂcio
1510 3290 1746 3347 quoque
1797 3290 2031 3348 semper

2123 853 2285 904 τοῦτο
2316 849 2416 904 οὐκ
2443 848 2735 927 ἀλλότριόν
2770 851 2886 908 ἐστι
2916 857 3014 909 τοῦ
3065 859 3275 909 σκοποῦ
3310 861 3421 925 ’τῆς
3453 851 3792 931 διηγήσεως.

2126 939 2360 1013 ’Δνάγκη
2395 938 2497 1017 γάρ
2529 944 2701 1015 ἡμᾶς,
2754 940 3018 1019 λέγοντας
3060 945 3187 1022 περὶ
3228 951 3330 1015 τῆς
3381 945 3458 1008 εἷς
3490 947 3642 1019 ἡμᾶς
3674 945 3794 1002 ἐπι-

2128 1027 2347 1106 φηνείας
2393 1035 2491 1085 τοῦ
2531 1038 2820 1109 Σωτῆρος,
2876 1031 3059 1109 λέγειν
3106 1033 3198 1089 καὶ
3242 1033 3368 1110 περὶ
3415 1041 3517 1105 τῆς
3567 1039 3675 1091 τῶν
3709 1036 3797 1092 ἀν-

2128 1117 2360 1193 θρώπων
2394 1115 2597 1196 ἀρχῆς,
2642 1118 2737 1176 ’ίνα
2782 1122 3055 1197 γινώσκῃς
3086 1125 3220 1197 (52),
3249 1122 3331 1179 ὅτι
3384 1126 3420 1194 ἡ
3453 1125 3614 1200 ἡμῶν
3648 1124 3798 1182 αἰτία

2131 1204 2320 1280 ἐκείνῳ
2366 1208 2561 1285 γέγονε
2606 1210 2878 1290 πρόφασις
2934 1218 3035 1282 τῆς
3094 1211 3350 1287 καθόδου,
3407 1216 3498 1269 καὶ
3536 1216 3572 1285 ἡ
3623 1218 3787 1289 ἡμῶν

2129 1291 2434 1372 παράϐασις
2460 1303 2559 1354 τοῦ
2591 1300 2772 1376 Λόγου
2800 1302 2900 1371 τὴν
2949 1299 3362 1379 φιλανθρωπίαν
3416 1301 3796 1377 ἐξεκαλέσατο,

2132 1385 2272 1442 ὥστε
2317 1386 2409 1442 καὶ
2453 1388 2530 1451 εἰς
2578 1392 2729 1464 ἡμᾶς
2769 1392 2966 1465 φθάσαι
3023 1391 3115 1447 καὶ
3172 1400 3405 1472 φανῆναι
3454 1393 3547 1450 τὸν
3598 1393 3795 1473 Κύριον

2134 1474 2185 1530 ἐν
2220 1477 2545 1552 ἀνθρώποις.
2576 1485 2685 1548 Τῆς
2727 1481 2833 1557 γὰρ
2879 1479 3091 1536 ἐκείνου
3141 1480 3583 1557 ἐνσωματώσεως
3630 1486 3796 1560 ἡμεῖς

2133 1564 2433 1642 γεγόναμεν
2487 1568 2757 1641 ὑπόθεσις,
2812 1569 2903 1625 καί
2949 1568 3037 1626 διὰ
3081 1572 3183 1641 τὴν
3233 1573 3346 1647 (53)
3398 1574 3563 1647 ἡμῶν
3621 1596 3800 1647 σωτη-

2135 1655 2252 1732 ρίαν
2306 1655 2849 1735 ἐφιλανθρωπεύσατο
2896 1659 2988 1715 καὶ
3052 1658 3104 1715 ἐν
3171 1659 3492 1736 ἀνθρωπίνῳ
3555 1664 3796 1739 γενέσθαι

2131 1746 2223 1801 καὶ
2254 1754 2485 1824 φανῆναι
2517 1748 2754 1823 σώματι.
2804 1748 2989 1813 Οὕτως
3042 1751 3138 1824 μὲν
3188 1748 3279 1806 οὖν
3331 1752 3359 1806 ὁ
3405 1750 3541 1815 Θεὸς
3576 1753 3670 1809 τὸν
3702 1750 3794 1810 ἄν·

2133 1837 2351 1912 θρωπον
2409 1836 2677 1909 πεποίηκε
2730 1840 2867 1914 (54),
2919 1838 3010 1895 καὶ
3063 1841 3240 1914 μένειν
3300 1838 3569 1913 ἠθέλησεν
3626 1842 3678 1898 ἐν
3740 1844 3797 1898 ἀ-

2056 1970 2105 2037 Β
2135 1925 2405 2037 φθαρσίᾳ.
2454 1928 2765 2003 Ἄνθρωποι
2807 1925 2885 1999 δὲ,
2928 1927 3483 2005 κατολιγωρήσαντες
3523 1930 3615 1986 καὶ
3662 1931 3797 1988 ἀπο·-

2136 2016 2455 2094 στραφέντες
2506 2017 2606 2086 τήν
2660 2017 2797 2093 πρὸς
2854 2018 2945 2073 τὸν
2997 2018 3124 2075 Θεὸν
3170 2019 3527 2092 κατανόησιν,
3576 2019 3796 2098 λογισά-

2140 2125 2294 2178 μενοι
2324 2102 2383 2160 δὲ
2411 2105 2502 2160 καὶ
2548 2105 2930 2177 ἐπινοήσαντες
2974 2108 3186 2171 ἐαυτοῖς
3216 2110 3316 2180 τὴν
3366 2108 3579 2183 κακίαν,
3614 2108 3795 2189 ὥσπερ

2136 2192 2190 2249 ἐν
2215 2199 2332 2258 τοῖς
2383 2195 2627 2272 πρώτοις
2678 2193 2880 2273 ἐλέχθη
2914 2199 3048 2272 (55),
3092 2194 3255 2274 ἔσχον
3282 2200 3398 2270 ,τὴν
3449 2198 3795 2276 προαπειλη-

2138 2286 2316 2339 θεῖσαν
2346 2289 2443 2340 τοῦ
2491 2286 2719 2341 θανάτου
2766 2288 3104 2362 κατάκρισιν,
3158 2288 3249 2343 καὶ
3295 2285 3489 2346 λοιπὸν
3550 2290 3648 2347 οὐκ
3695 2289 3795 2365 ἔτι,

2141 2373 2218 2437 ὡς
2246 2375 2521 2450 γεγόνασι,
2557 2373 2825 2449 διέμενον
2877 2374 3006 2431 ἀλλ’
3054 2377 3130 2441 ὡς
3180 2376 3522 2456 ἐλογίζοντο,
3566 2379 3797 2461 διεφθεί-

2137 2483 2318 2539 ροντο,
2366 2464 2457 2519 καὶ
2515 2465 2543 2519 ὁ
2590 2465 2818 2528 θάνατος
2867 2465 3041 2522 αὐτῶν
3094 2464 3306 2543 ἐκράτει
3361 2467 3688 2544 βασιλεύων.
3737 2471 3801 2526 Ἡ

2137 2554 2241 2631 γὰρ
2272 2548 2575 2630 παράϐασις
2606 2561 2707 2624 τῆς
2755 2552 2986 2626 ἐντολῆς
3032 2555 3109 2620 εἷς
3155 2558 3219 2613 τὸ
3249 2559 3385 2613 κατά
3414 2558 3572 2638 φύσιν
3604 2559 3800 2624 αὐτοὺς

2137 2641 2479 2723 ἐπέστρεφεν,
2522 2640 2632 2713 ἵνα,
2684 2642 2865 2719 ὥσπερ
2919 2644 3020 2701 οὐκ
3065 2641 3218 2710 ὄντες
3264 2647 3572 2724 γεγόνασιν,
3621 2648 3798 2713 οὕτως

2135 2733 2225 2787 καὶ
2279 2734 2378 2802 τὴν
2437 2732 2514 2795 εἷς
2561 2734 2624 2789 τὸ
2673 2733 2807 2789 εἶναι
2848 2736 3048 2813 φθορὰν
3108 2736 3445 2810 ὑπομείνωσι
3484 2742 3566 2813 τῷ
3605 2738 3799 2816 χρόνῳ

2137 2821 2384 2884 εἰκότως.
2415 2822 2480 2877 Εἰ
2510 2822 2636 2900 γὰρ,
2668 2821 2824 2903 φύσιν
2856 2820 3081 2901 ἔχοντες
3106 2826 3168 2881 τὸ
3224 2827 3299 2901 μὴ
3351 2825 3487 2884 εἷναί
3529 2848 3691 2905 ποτε,
3721 2831 3791 2903 τῇ

2136 2914 2234 2965 τοῦ
2281 2909 2464 2986 Λόγου
2527 2912 2798 2988 παρουσίᾳ
2846 2914 2937 2969 καὶ
2986 2912 3369 2994 φιλανθρωπίᾳ
3417 2916 3495 2980 εἷς
3539 2914 3604 2973 τδ
3656 2916 3793 2973 εἶναι

2140 2997 2466 3072 ἐκλήθησαν,
2500 2999 2797 3058 ἀκόλουθον
2827 3003 2894 3073 ἦν
2922 3005 3253 3068 κενωθέντας
3292 3004 3424 3070 τοὺς
3476 3007 3793 3081 ἀνθρώπους

2137 3096 2238 3159 τῆς
2268 3087 2391 3165 περί
2421 3095 2554 3145 Θεοῦ
2585 3089 2792 3156 ἐννοίας
2822 3092 2913 3147 καὶ
2952 3091 3030 3156 εἷς
3076 3094 3146 3149 τὰ
3192 3093 3293 3150 οὐκ
3345 3090 3471 3151 ὄντα
3519 3095 3791 3173 ἀποστρα-

2140 3177 2333 3255 φέντας
2363 3180 2477 3253 (56)
2508 3178 2628 3253 (οὐκ
2675 3174 2805 3234 ὄντα
2840 3180 2946 3257 γάρ
2996 3179 3107 3236 ἐστι
3149 3182 3218 3237 τὰ
3264 3183 3423 3257 κακὰ,
3456 3178 3585 3240 ὄντα
3628 3181 3687 3240 δὲ
3726 3185 3795 3240 τὰ

2137 3263 2300 3339 καλὰ,
2334 3264 2628 3341 ἐπειδήπερ
2677 3269 2783 3323 ἀπὸ
2826 3274 2924 3325 τοῦ
2976 3265 3129 3333 ὄντος
3174 3277 3309 3327 Θεοῦ
3352 3273 3653 3351 γεγόνασν)
3701 3295 3793 3331 κε-

376 3368 695 3427 exsistendi
750 3347 1169 3441 spoliarentur,
1226 3364 1337 3422 hoc
1393 3368 1502 3433 est,
1533 3368 1600 3420 ut
1637 3347 1939 3437 dissoluti,
1961 3364 2023 3421 in

2136 3358 2374 3427 νωθῆναι
2397 3356 2488 3412 καὶ
2515 3361 2613 3412 τοῦ
2643 3357 2778 3414 εἶναι
2809 3359 2913 3417 ἀεί.
2942 3364 3113 3416 Τοῦτο
3141 3358 3198 3419 δέ
3237 3347 3460 3419 ἐστι-τὸ
3508 3347 3794 3420 διαλυθέν-
3867 3393 3871 3397 ν

376 3462 565 3516 morte
593 3462 653 3514 et
680 3456 1055 3529 corruptione
1082 3457 1407 3512 manerent.
1428 3453 1612 3510 Homo
1641 3453 1800 3510 enim
1830 3471 1900 3510 ex
1920 3471 2031 3512 sua

381 3552 597 3606 natura
624 3546 892 3604 mortalis
912 3549 1022 3616 est,
1054 3543 1273 3618 quippe
1301 3542 1403 3616 qui
1435 3558 1507 3599 ex
1535 3542 1719 3600 nihilo
1734 3534 2030 3602 factus'sit

380 3641 658 3694 Attamen
687 3640 925 3710 propter
954 3650 1125 3692 suam
1154 3649 1291 3690 cum
1322 3631 1424 3688 illo
1445 3631 1547 3704 qui
1576 3637 1667 3689 est
1694 3632 2031 3690 similitudi-

381 3743 541 3797 nem,
562 3727 614 3784 si
637 3741 769 3783 eam
789 3723 1083 3783 constanti
1107 3723 1238 3795 ejus
1273 3720 1765 3794 contemplatione
1793 3739 2027 3779 conser-

382 3819 601 3887 vasset,
634 3813 964 3872 naturalam
995 3813 1433 3884 corruptionem
1451 3812 1765 3868 retudisset
1781 3814 2031 3871 mansis-

385 3909 592 3978 setque
622 3904 1020 3976 incorruptus,
1040 3901 1214 3959 sicuti
1229 3899 1531 3973 Sapientia
1559 3901 1641 3957 ait
1667 3919 1680 3957 :
1711 3904 2029 3961 Observatio

382 3997 594 4069 legum,
623 3994 971 4066 conﬁrmatio
1022 3994 1103 4048 est
1121 3991 1553 4062 incorruptionis
1582 3990 1646 4045 ⁵ο.
1681 3992 1894 4049 Factus
1924 4012 2028 4051 au-

383 4091 504 4145 tem
532 4084 912 4155 incorruptus
929 4080 1053 4154 jam
1081 4084 1148 4135 ut
1174 4079 1330 4136 Deus
1343 4078 1598 4136 vixisset.
1619 4080 1774 4152 quod
1786 4082 2026 4154 quidem

378 4175 579 4243 divina
606 4172 908 4246 Scriptura
936 4169 1152 4227 alicubi
1182 4168 1276 4225 his
1304 4168 1498 4225 verbis
1527 4169 1821 4243 signiﬁcat
1839 4189 1859 4225 :
1914 4174 2024 4246 Ego

371 4265 499 4323 dixi
525 4283 546 4322 :
606 4264 709 4321 Dii
760 4263 908 4331 estis,
957 4263 1009 4317 et
1036 4259 1147 4330 ﬁlii
1162 4259 1434 4315 Altissimi
1458 4274 1643 4316 omnes
1662 4278 1681 4315 :
1712 4276 1801 4316 vos
1831 4271 2020 4319 autem

372 4355 517 4413 sicut
543 4353 789 4411 homines
817 4350 1132 4432 moremini,
1162 4352 1215 4407 et
1240 4349 1383 4405 sicut
1410 4365 1557 4406 unus
1585 4349 1649 4406 de
1669 4351 2021 4423 principibus

371 4444 576 4503 cadetis
598 4444 667 4499 ⁸1.

436 4534 475 4590 5
500 4534 649 4592 Nam
678 4532 837 4590 Deus
867 4546 985 4587 non
1039 4527 1233 4586 solum
1265 4544 1372 4586 nos
1404 4544 1475 4584 ex
1511 4527 1694 4585 nihilo
1724 4529 1880 4599 fecit,
1914 4532 2015 4589 sed

2134 3466 2232 3508 τας
2301 3446 2478 3520 μένειν
2549 3447 2600 3503 ἐν
2665 3452 2746 3521 τῷ
2804 3450 3018 3523 θανάτῳ
3085 3450 3176 3508 καὶ
3238 3455 3309 3526 τῇ
3378 3454 3571 3531 φθορᾷ.
3639 3455 3792 3510 Ἐστι

2142 3535 2236 3609 μὲν
2277 3538 2390 3611 (57)
2439 3537 2543 3614 γὰρ
2597 3538 2733 3593 κατά
2778 3537 2933 3617 φύσιν
2984 3540 3267 3615 ἅνθρωπος
3315 3543 3529 3618 θνητὸς,
3581 3543 3675 3599 ἅτε
3722 3540 3790 3615 δὴ

2139 3624 2191 3696 ἐξ
2222 3624 2321 3680 οὐκ
2349 3621 2519 3682 ὄντων
2551 3628 2816 3703 γεγονώς.
2850 3629 2949 3684 Διὰ
2978 3626 3036 3685 δὲ
3075 3632 3176 3701 τὴν
3217 3630 3356 3708 πρὸς
3396 3633 3488 3688 τὸν
3665 3628 3799 3691 ὄντα

2138 3715 2460 3789 ὁμοιότητα,
2492 3715 2559 3785 ἥν
2591 3716 2638 3772 εἰ
2668 3715 2935 3793 ἐφῦλαττε
2964 3716 3055 3774 διὰ
3079 3726 3183 3790 τῆς
3232 3722 3370 3797 πρὸς
3419 3721 3579 3778 αὐτὸν
3621 3743 3792 3779 κατα-

2135 3806 2402 3877 νοήσεως,
2444 3800 2728 3880 ἤμϐλυνεν
2777 3805 2837 3863 ἂν
2885 3809 2986 3878 τήν
3029 3810 3167 3865 κατᾶ
3220 3811 3376 3889 φὺσιν
3426 3812 3652 3890 φθορὰν,
3700 3812 3790 3889 καὶ

2139 3890 2344 3968 ἔμεινεν
2395 3893 2685 3976 ἄφθαρτος,
2731 3897 2969 3975 καθάπερ
3018 3900 3055 3969 ἡ
3106 3900 3283 3978 Σοφία
3331 3901 3487 3979 φησί.
3521 3904 3786 3979 Προσοχή

2136 3984 2320 4059 νόμων
2376 3980 2665 4059 βεϐαίωσις
2715 3986 3029 4065 ἀφθαρσίας.
3075 3992 3379 4067 ’Δφθαρτος
3428 3988 3485 4047 δὲ
3534 3989 3632 4064 ὢν,
3692 3991 3786 4065 ἔζη

2137 4071 2330 4129 λοιπὸν
2376 4075 2452 4138 ὡς
2483 4073 2637 4147 Θεὸς,
2668 4075 2745 4139 ὣς
2774 4098 2881 4132 που
2910 4079 3000 4133 καὶ
3029 4081 3065 4149 ἡ
3097 4079 3215 4135 θεία
3243 4083 3357 4156 (59)
3387 4083 3574 4161 Γραφὴ
3624 4086 3787 4140 τοῦτο

2134 4163 2388 4239 σημαίνει
2448 4161 2702 4240 λέγουσα·
2763 4168 2907 4243 Ἐγὼ
2966 4167 3110 4237 εἶπα,
3166 4168 3281 4225 θεοί
3334 4169 3472 4242 ἐστε,
3530 4173 3622 4227 καὶ
3678 4172 3786 4228 νιοὶ

2132 4254 2366 4329 Υψίστου
2408 4253 2621 4318 πάντες·
2656 4257 2812 4331 ὑμεῖς
2871 4254 2930 4313 δὲ
2977 4258 3053 4322 ὡς
3101 4254 3377 4338 ἅνθρωποι
3418 4260 3788 4334 ἀποθνήσκετε

2127 4344 2218 4399 καὶ
2250 4344 2327 4407 ὡς
2358 4344 2435 4407 εἷς
2463 4349 2570 4401 τῶν
2604 4345 2887 4423 ἀρχόντων
2917 4347 3161 4407 πίπτετε.

2197 4436 2251 4491 5.
2299 4436 2354 4488 Ὃ
2402 4435 2496 4509 μὲν
2544 4437 2648 4512 γὰρ
2694 4437 2826 4501 Θεὸς
2872 4436 2935 4492 οὗ
2988 4438 3157 4513 μόνον
3204 4439 3259 4513 ἐξ
3301 4440 3400 4495 οὐκ
3428 4436 3598 4511 ὄντων
3629 4442 3782 4516 ἡμᾶς

2124 4522 2442 4599 πεποίηκεν,
2474 4522 2623 4580 ἀλλὰ
2649 4526 2740 4582 καὶ
2767 4526 2830 4582 τὸ
2859 4528 2997 4583 κατὰ
3026 4528 3154 4585 Θεὸν
3197 4532 3292 4604 ζῇν
3338 4532 3472 4605 ἡμῖν
3521 4531 3785 4607 ἐχαρισά-

373 4624 556 4682 etiam
608 4621 792 4678 divini
837 4618 1013 4675 Verbi
1043 4618 1234 4691 gratia
1261 4617 1589 4674 secundum
1618 4617 1804 4674 Deum
1825 4618 2014 4678 vivere

2136 4633 2184 4669 :0
2211 4618 2280 4689 τῇ
2309 4619 2408 4670 τοῦ
2454 4614 2636 4691 Λόγου
2694 4617 2901 4692 χάριτι’
2952 4618 3006 4673 οἱ
3052 4616 3111 4674 δὲ
3157 4615 3457 4696 ἅνθρωποι,
3508 4620 3783 4696 ἀποστρα-

371 4711 686 4770 concessit.
718 4714 793 4766 At
819 4706 1090 4765 homines
1120 4706 1192 4761 ab
1223 4706 1456 4762 aeternis
1470 4705 1647 4761 rebus
1659 4706 1845 4762 aversi
1866 4711 1923 4763 et
1942 4710 2014 4765 ad

2136 4704 2306 4780 ρέντες
2329 4707 2444 4779 (60)
2489 4706 2557 4759 τὰ
2607 4705 2821 4779 αἷώνιᾳ,
2852 4707 2943 4763 καὶ
2996 4702 3310 4783 συμϐουλίᾳ
3353 4714 3455 4765 τοῦ
3511 4704 3782 4767 διαϐόλου

364 4818 459 4859 res
489 4798 852 4873 corruptioni
881 4797 1179 4869 subjectae
1208 4793 1453 4851 consilio
1483 4793 1701 4850 diaboli
1725 4797 2009 4855 conversi.

2136 4793 2202 4857 εἷς
2231 4795 2299 4850 τὰ
2323 4801 2447 4868 τῆς,
2479 4796 2682 4873 φθορᾶς
2738 4795 3175 4877 ἐπιστραφέντες,
3206 4800 3421 4863 ἑαυτοῖς
3467 4796 3633 4857 αἴτιοι
3677 4806 3780 4879 τῆς

429 4918 477 4954 ⁸ο
504 4912 643 4990 sap.
671 4931 750 4973 v1.
784 4913 872 4970 19.
900 4913 945 4951 ⁸1
978 4910 1132 4970 Psal.
1163 4912 1426 4981 Lxxxi,6,
1455 4913 1511 4967 7.

428 5034 546 5108 (51)
777 5035 836 5089 et
892 5030 1009 5108 Fel.
1038 5032 1091 5108 1_
1127 5025 1478 5108 anon,,&ps’
1508 5023 1660 5108 ἴσως.
1692 5029 1827 5086 Allii
1854 5035 2007 5095 Ἴσως

2195 5030 2309 5108 (ζῆ)
2339 5029 2655 5108 blévabest
2678 5048 2712 5089 a
2728 5032 2920 5108 139911.
2954 5037 3012 5108 et
3037 5032 3268 5108 Anglic.

357 5101 587 5180 tantum
618 5104 848 5180 habent
868 5106 949 5175 ,et
973 5103 1057 5161 ita
1076 5102 1348 5177 legerunt
1377 5101 1743 5160 Omnibonus
1772 5107 1831 5159 et
1868 5108 2005 5160 Am-
2138 5179 2141 5180 ν
2190 5101 2303 5180 (58)
2334 5103 2690 5180 Sic__Segu_e_r.
2714 5104 2877 5180 _Editi
2906 5104 2993 5160 τά.
3025 5101 3394 5180 Omnibonus
3426 5122 3666 5180 quoque
3716 5109 3775 5164 et

356 5178 593 5237 brosius
613 5172 879 5249 Camald.
926 5246 965 5249 _
1003 5245 1016 5249 _
1060 5246 1074 5249 _
1137 5172 1164 5177 ⁷
1226 5248 1233 5249 γ
1624 5244 1633 5249 _
1872 5247 1924 5249 __
2118 5172 2386 5249 Ambros.
2408 5172 2680 5249 ,Carﬁald,
2713 5175 2982 5249 legerunt
3010 5196 3101 5232 τον
3133 5172 3281 5247 ὄντα,
3328 5172 3584 5236 necnon-
3611 5179 3774 5236 Nan-

428 5253 545 5322 (52)
575 5247 805 5324 Gobler.
840 5245 1187 5324 et_Felckm._
1215 5248 1241 5324 _l
1266 5261 1465 5324 anon,
1506 5244 1811 5324 γινώσκεις.
1872 5247 2006 5324 Mox
2118 5247 2263 5324 nius
2283 5247 2384 5319 qui
2405 5247 2558 5324 hanc
2589 5244 2800 5324 vocem
2819 5249 2991 5324 vertit
3021 5244 3315 5324 neotMon
3364 5250 3609 5320 ibidem,
3640 5253 3775 5324 post

428 5264 545 5322 (DZ)
575 5264 805 5307 uomer.
840 5264 898 5304 et
925 5264 1181 5303 reiciam.
1215 5264 1241 5302 1
1266 5264 1465 5327 auom,
1506 5264 1811 5371 γινώσκεις.
1872 5264 2006 5303 mox
2118 5264 2253 5301 nius
2283 5264 2384 5319 qui
2405 5264 2558 5304 nano
2589 5264 2786 5304 vocem
2819 5264 2991 5305 verut
3021 5264 3145 5306 ueo.
3181 5264 3315 5306 mox
3364 5264 3609 5320 lDldem,
3640 5264 3773 5324 post

355 5321 592 5400 _Seguer.
652 5316 861 5400 _éxeivcp_
893 5318 1090 5392 habet,
1131 5318 1233 5400 ubi
1262 5318 1522 5400 edltl‘éJ‘tE;
1545 5320 2006 5400 vum-mendose
2114 5321 2500 5400 nv,._Segu_e_r.,
2530 5319 2782 5400 Ang|i_c._,
2815 5320 3045 5400 Gobler.
3070 5326 3129 5379 et
3158 5321 3415 5400 Felckm,
3441 5324 3479 5400 _1
3511 5323 3773 5400 anon:,ci

356 5388 498 5451 [tein
530 5392 728 5466 paulo
739 5388 870 5466 post
891 5407 996 5464 pro
1016 5388 1351 5466 -παράοασις,
1383 5389 1548 5447 Gobl.
1578 5388 1664 5447 et.
1688 5390 2000 5456 Felckm..l
2113 5389 2256 5466 editi
2288 5388 2871 5466 omittunt._Felckm.
2902 5395 2940 5448 2
2969 5394 3250 5464 anon.,15v
3284 5388 3567 5452 mendose
3595 5388 3777 5452 habet

355 5481 508 5523 anon
521 5461 555 5523 ,ἶ
568 5461 1071 5538 grapgtSomc—male
1098 5461 1334 5538 habent'

2136 5461 2339 5538 ibs_que
2369 5462 2666 5538 particula
2688 5463 2757 5533 εἷ’,

781 5534 1075 5613 COI_IlI_DB_l._
1093 5533 1284 5613 αὐτή-ν.

441 5602 537 5680 54)
568 5607 805 5680 Gobler.
838 5610 897 5663 et
926 5602 1269 5680 Felckm._1.
1293 5621 1495 5680 a_non.,
1528 5602 1802 5673 ἐποίησεν.

439 5675 535 5753 56)
562 5678 821 5753 Eelolim.
852 5680 888 5734 2
916 5695 1116 5753 anpn.,
1149 5675 1414 5753 ἐλέγχθη.

437 5743 531 5832 56)
572 5749 805 5811 Gobler.
866 5755 923 5808 et
980 5743 1109 5807 Fel;
1154 5752 1178 5806 l
1256 5743 1457 5819 anon"
1538 5743 1994 5832 άποστραφέντες,

345 5838 648 5889 mendose.

2185 5532 2297 5605 (59)
2350 5532 2449 5587 Καὶ
2507 5540 2564 5591 et
2591 5533 2707 5589 θεῖα
2736 5532 2952 5594 desunt
2988 5534 3048 5592 in
3079 5536 3314 5594 Goblsr.
3345 5540 3404 5594 et
3447 5535 3707 5593 Felckm.
3741 5539 3769 5595 1

2113 5620 2290 5681 anon.
2350 5606 2501 5681 ibid.
2559 5605 2783 5681 Vulgat
2822 5608 3031 5681 habet,
3088 5610 3425 5681 moriemini,
3457 5614 3516 5665 et
3540 5608 3771 5681 cadetis.

2104 5677 2297 5812 τε((60)
2339 5677 2575 5738 Gobler.
2630 5677 2707 5738 ef
2744 5677 3084 5740 Felckm.’1
3140 5697 3341 5756 anon.,
3399 5679 3774 5763 ἀποστρέφον-

415 5540 438 5826 ἓ
