4160 6376
401 389 516 454 105

1423 392 1716 456 ORATIO
1758 392 1862 454 DE
1905 391 2492 456 INGARNATIONE
2534 392 2798 456 VERBI.

3708 393 3826 460 106

402 523 453 582 ἐν
511 527 592 597 τῷ
647 522 860 600 θανάτῳ
926 527 1128 604 φθορᾶς
1196 523 1502 602 γεγόνασιν,
1572 520 1719 587 ὅντες
1791 525 1907 598 μὲν,
1973 525 2048 588 ὡς

2170 526 2281 582 sibi
2312 527 2877 603 ipsisicorruptionis
2908 527 3118 586 mortis
3165 530 3434 587 auctores
3471 526 3610 588 facti
3640 535 3780 588 sunt
3805 548 3818 589 :

399 619 686 691 προεῖπον,
717 616 854 671 κατὰ
887 615 1040 695 φύσιν
1074 615 1319 695 φθαρτοὶ,
1354 617 1542 691 χάριτι
1572 613 1629 670 δὲ
1658 622 1759 686 τῆς
1801 619 1898 670 τοῦ
1952 614 2056 670 Λό-

400 727 501 782 γου
556 705 848 779 μετουσίας
894 711 991 761 τοῦ
1037 707 1175 762 κατᾶ
1223 705 1378 784 φύσιν
1432 706 1775 784 ἐκφυγόντες,
1810 705 1854 759 εἷ
1891 726 2055 779 μεμε-

397 799 651 867 νήκεισαν
695 793 879 854 καλοί.
933 798 1029 851 Διά
1069 798 1172 872 γάρ
1219 797 1311 852 τὸν
1360 797 1584 851 συνόντα
1623 795 1838 858 τούτθις
1871 795 2050 869 Λόγον

469 886 486 908 κ
737 887 750 906 \
857 886 880 920 Ἰ
1179 888 1192 905 \
1333 887 1347 905 Ι
1566 885 1578 906 9
1678 883 1706 908 )I
1815 891 1842 918 γ

397 907 487 942 και
532 888 566 955 ἡ
624 907 760 941 κατα
815 907 969 965 (pse-iv
1030 888 1202 965 φθορα
1255 907 1462 941 τουτων
1526 907 1623 941 ουκ
1670 907 1868 961 ηγγιεε
1918 888 2050 959 (61),

397 975 544 1030 καθὼ
700 974 714 996 ‘
983 975 994 996 '
1201 974 1263 1008 "
1313 976 1326 994 '
1463 975 1507 1008 *‘
1599 972 1622 992 ”
1859 976 1872 992 “
1968 973 1992 992 ”

552 995 576 1037 ς
625 996 715 1029 και
765 977 799 1045 ἡ
853 982 1031 1054 Σοφια
1079 997 1241 1053 φησιν
1331 980 1370 1028 Ο
1418 981 1548 1037 Θεος
1598 996 1772 1029 εκτισε
1820 997 1912 1030 τον
1962 997 2052 1029 αν-

397 1065 612 1140 θρωπον
667 1063 748 1118 ἐπ’
793 1064 1060 1143 ἀφθαρσίᾳ
1115 1064 1204 1118 καὶ
1269 1064 1450 1119 εἰκόνα
1503 1071 1604 1134 τῆς
1675 1061 1818 1127 ἰδίας
1879 1062 2052 1119 ἀΐδιό-

395 1175 563 1224 τητος
631 1155 764 1228 (62)·
833 1153 1014 1232 φθόνῳ
1074 1151 1132 1209 δὲ
1184 1149 1447 1210 διαϐόλου
1517 1156 1745 1217 θάνατος
1804 1152 2050 1224 εἰσῆλθεν

301 1285 313 1298 .
395 1244 474 1306 εἷς
538 1244 629 1298 τὸν
696 1242 924 1317 κόσμον.
973 1243 1178 1299 Τούτου
1225 1241 1282 1299 δὲ
1325 1245 1642 1319 γενομένου,
1693 1245 1745 1298 οἱ
1801 1245 1894 1318 μὲν
1960 1242 2050 1298 άν-

394 1334 609 1410 θρωποι
657 1333 1008 1404 ἀπέθνησκον,
1053 1336 1086 1404 ἡ
1143 1331 1200 1388 δὲ
1248 1335 1422 1412 φθορά
1471 1333 1663 1389 λοιπὸν
1706 1336 1823 1389 κατ’
1875 1334 2050 1389 αὐτῶν

394 1422 662 1497 ἤκμασεν,
711 1423 802 1478 καὶ
850 1421 1040 1479 πλεῖον
1090 1428 1188 1479 τοῦ
1234 1426 1370 1479 κατὰ
1419 1423 1572 1502 φύσιν
1627 1423 1894 1499 ἰσχύουσα
1939 1426 2054 1478 καθ’

396 1511 531 1568 ὅλου
588 1516 688 1568 τοῦ
744 1514 954 1588 γὲνους,
999 1511 1112 1587 ὅσῳ
1163 1513 1252 1569 καὶ
1298 1515 1398 1584 τὴν
1459 1512 1690 1584 ἀπειλὴν
1743 1517 1840 1569 τοῦ
1896 1513 2052 1569 Θείου

398 1599 487 1656 διὰ
531 1603 631 1671 τὴν
683 1598 987 1676 παράϐασιν
1043 1611 1145 1672 τῆς
1200 1601 1433 1673 ὶντολῆς
1479 1604 1596 1658 κατ’
1641 1603 1815 1658 αὐτῶν
1864 1623 2050 1678 προει-

395 1689 586 1769 λήφει.
619 1692 717 1746 Καὶ
748 1693 852 1766 γάρ
882 1691 972 1746 καὶ
1005 1692 1056 1747 ἐν
1086 1698 1204 1756 τοῖς
1235 1691 1349 1762 πλη
1363 1691 1721 1767 μμελήμασιν
1754 1694 1804 1747 οἱ
1846 1689 2051 1768 ἄνθρω-

395 1801 492 1835 ποι
547 1779 647 1835 οὐκ
693 1775 855 1858 ἄχρις
915 1776 1057 1858 ὅρων
1127 1781 1441 1856 ὡρισμένων
1506 1784 1859 1853 εἱστήκεισαν·
1909 1781 2055 1837 ἀλλὰ

2167 617 2288 689 qui,
2324 621 2390 673 ut
2416 619 2556 684 dixi,
2589 637 2656 674 ex
2687 621 2897 675 natura
2926 619 3167 692 quidem
3198 619 3478 679 mortales
3499 625 3686 690 erant,
3714 623 3817 680 sed

2165 707 2375 780 gratia,
2409 725 2525 780 qua
2561 709 2736 765 Verbi
2768 713 2934 765 erant
2981 710 3313 782 participes,
3366 714 3588 767 naturis
3618 711 3820 768 condi-

2163 797 2383 853 tionem
2417 798 2572 854 haud
2604 799 2779 855 dubie
2809 800 3176 872 effugissent,
3209 800 3255 854 si
3289 801 3426 856 boni
3459 801 3662 874 utique
3686 818 3818 874 per-

2166 887 2543 942 mansissent.
2576 887 2878 960 Siquidem
2911 892 3146 962 propter
3181 889 3463 957 Verbum,
3495 890 3650 962 quod
3683 907 3816 948 cum

2163 975 2280 1032 illis
2312 976 2537 1048 fuisset,
2573 977 2644 1032 ad
2677 994 2776 1033 eos
2808 979 3094 1034 naturalis
3139 979 3436 1051 corruptio
3466 995 3582 1035 non
3619 996 3816 1036 acces-

2163 1067 2357 1138 sisset,
2390 1071 2544 1122 utet
2591 1066 2890 1139 Sapientia
2945 1067 3038 1123 his
3094 1068 3288 1124 verbis
3344 1071 3638 1124 testatur:
3673 1071 3818 1126 Deus

2162 1158 2370 1212 creavit
2399 1157 2677 1212 hominem
2732 1163 2790 1212 ut
2847 1158 3198 1229 incorruptus
3246 1166 3401 1227 esset,
3433 1161 3485 1214 et
3513 1158 3818 1230 imaginem

2159 1245 2398 1318 propriae
2425 1247 2790 1301 aeternitatis:
2825 1246 3044 1302 invidia
3071 1254 3257 1303 autem
3305 1248 3524 1304 diaboli
3546 1264 3698 1304 mors
3725 1250 3817 1304 in-

2163 1337 2351 1391 troivit
2379 1335 2442 1389 in
2468 1334 2736 1390 mundum
2765 1335 2828 1388 5’.
2892 1335 3014 1399 Quo
3066 1336 3305 1407 quidem
3364 1336 3516 1393 facto
3545 1336 3816 1393 homines

2163 1424 2312 1479 mori
2339 1427 2658 1496 cmperunt,
2692 1423 3085 1496 deincepsque
3115 1424 3466 1481 contraillos
3488 1424 3675 1497 viguit
3693 1441 3815 1482 cor-

2162 1513 2380 1586 ruptio,
2413 1530 2544 1586 quae
2575 1530 2640 1569 eo
2672 1514 2926 1585 majores
2953 1513 3106 1569 vires
3137 1530 3315 1586 quam
3345 1514 3476 1587 ipsa
3503 1514 3681 1570 etiam
3711 1531 3817 1570 na-

2162 1607 2307 1658 tura:
2339 1603 2596 1659 conditio
2637 1602 2696 1659 in
2752 1602 3091 1659 universum
3149 1619 3338 1674 genus
3393 1603 3624 1672 habuit,
3658 1604 3814 1676 quod

2161 1693 2434 1748 Numinis
2466 1692 2983 1748 comminationem
3016 1693 3090 1749 ob
3119 1691 3397 1749 violatam
3427 1691 3616 1766 legem
3647 1697 3819 1750 antea

2163 1786 2364 1839 contra
2404 1782 2674 1839 homines
2706 1787 3026 1854 acceperat.
3059 1783 3261 1855 Neque
3295 1782 3452 1839 enim
3479 1781 3563 1837 illi
3596 1782 3656 1838 in
3683 1798 3818 1855 pec-

395 1875 509 1925 κατ’
541 1867 732 1944 ὀλίγον
788 1870 1242 1945 ἐπεκτεινόμενοι,
1289 1870 1480 1927 λοιπὸν
1535 1872 1625 1926 καὶ
1686 1872 1762 1934 εἷς
1813 1868 2048 1948 ἄμετρον

399 1955 444 1975 9‘
506 1958 602 1975 \OA
779 1962 882 1975 Inn\
965 1959 1013 1975 11-
1074 1962 1088 1975 I
1182 1967 1210 1975 ρ.
1338 1961 1353 1975 \
1477 1961 1490 1975 ρ
1635 1960 1649 1975 ι
1741 1968 1766 1975 ..
1972 1961 1982 1975 1

2167 1872 2309 1928 catis
2339 1872 2494 1928 intra
2523 1876 2712 1929 certos
2734 1871 3021 1928 terminos
3041 1871 3380 1940 consistere,
3402 1871 3505 1928 sed
3532 1869 3817 1944 paulatim
3892 1945 3895 1948 _

396 1955 723 2028 ἐληλὺθασιν
774 1962 908 2034 (63),
963 1959 1013 2031 ἐξ
1064 1962 1245 2036 ἀρχῆς
1300 1961 1394 2035 μὲν
1443 1960 1652 2036 εὑρεταὶ
1700 1968 1802 2031 τῆς
1858 1961 2048 2024 κακίας

393 2047 704 2123 γενόμενοι,
734 2049 824 2104 καὶ
874 2051 992 2104 καθ’
1051 2051 1250 2106 ἑαυτῶν
1301 2048 1394 2104 τὸν
1445 2052 1672 2105 θάνατον
1717 2048 2054 2124 προκαλεσάο

398 2158 547 2211 μενοι
594 2138 684 2193 καὶ
713 2140 813 2209 τήν
847 2141 1068 2218 φθοράν
1103 2138 1324 2214 ὕστερον
1378 2137 1435 2195 δὲ
1483 2139 1559 2202 εἷς
1609 2137 1819 2194 ἀδικίαν
1870 2139 2053 2216 ἐκτρα-

392 2228 604 2295 πέντες,
650 2226 740 2282 καὶ
787 2228 1132 2303 παρανομίαν
1206 2234 1378 2284 πᾶσαν
1441 2224 1902 2304 ὑπερϐάλλοντες,
1962 2229 2051 2284 καὶ

399 2317 476 2390 μὴ
510 2316 588 2370 ἑνὶ
645 2321 794 2388 κακῷ
851 2318 1152 2390 ἱστάμενοι,
1205 2315 1352 2372 ἀλλὰ
1407 2319 1582 2373 πάντα
1638 2319 1797 2372 καινᾶ
1845 2323 2053 2380 καινοῖς

397 2405 758 2479 ἐπινοοῦντες,
801 2405 1086 2482 ἀκόρεστοι
1131 2407 1254 2480 περὶ
1298 2407 1360 2460 τὸ
1411 2408 1734 2482 ἁμαρτάνειν
1778 2407 2050 2483 γεγόνασι.

394 2500 656 2570 Μοιχεῖαι
713 2495 806 2569 μὲν
851 2497 954 2570 γὰρ
997 2517 1131 2565 ησαν
1176 2497 1267 2550 καὶ
1295 2495 1500 2551 κλοπαὶ
1531 2501 1837 2572 πανταχοῦ,
1872 2496 2048 2575 φόνων

396 2582 454 2640 δὲ
484 2585 575 2639 καὶ
607 2584 863 2659 ἁρπαγῶν
895 2583 1123 2661 πλήρης
1154 2586 1220 2655 ἦν
1254 2587 1288 2656 ἡ
1322 2586 1577 2659 σὺμπασα
1606 2593 1700 2661 γῆ·
1734 2586 1823 2641 καὶ
1871 2585 2050 2660 νόμου

400 2674 494 2748 μὲν
551 2674 651 2730 οὑκ
692 2674 760 2744 ἧν
811 2673 1032 2752 φροντὶς
1089 2675 1212 2751 περὶ
1262 2676 1464 2753 φθορᾶς
1495 2675 1585 2730 καὶ
1616 2672 1849 2738 ἀδικίαςο
1882 2677 2055 2730 πάντα

395 2761 455 2820 δὲ
482 2765 550 2819 τὰ
577 2764 717 2818 κακά
747 2764 865 2819 καθ’
891 2761 982 2818 ἕνα
1011 2763 1100 2818 καὶ
1131 2767 1285 2838 κοινῇ
1337 2765 1485 2842 παρὰ
1530 2769 1690 2819 πᾶσιν
1739 2764 2052 2841 ἐπράττετο.

395 2851 597 2915 Πόλεις
651 2853 744 2926 μὲν
789 2854 925 2908 κατὰ
971 2851 1188 2908 πόλεων
1237 2850 1565 2926 ἐπολέμουνο
1617 2853 1706 2908 καὶ
1752 2848 1874 2925 ἔθνη
1920 2856 2057 2910 κατᾶ

394 2942 558 2998 ἐθνῶν
609 2942 860 3018 ἠγείρετο
913 2944 1046 3017 (64)·
1100 2939 1332 3017 διῄρητο
1378 2941 1435 2999 δὲ
1483 2949 1628 2999 πᾶσα
1676 2946 1710 3012 ἡ
1758 2944 2050 3017 οἰκουμένη

389 3031 604 3089 στάσεσι
656 3033 746 3087 καὶ
817 3033 1046 3108 μάχαις,
1097 3031 1324 3088 ἑκάστου
1389 3030 1831 3110 φιλονεικοῦντος
1879 3032 1931 3088 ἐν
1977 3037 2056 3105 τῷ

390 3127 743 3199 παρανομεῖν.
777 3121 889 3177 Οὐκ
916 3125 980 3190 ἦν
1016 3119 1074 3176 δὲ
1117 3120 1325 3177 τούτων
1381 3123 1587 3198 μακρὰν
1631 3120 1755 3177 οὐδὲ
1804 3123 1872 3177 τὰ
1910 3114 2056 3197 παρὰ

393 3209 571 3289 φύσιν,
606 3208 732 3265 ἀλλ’
763 3210 838 3272 ὡς
873 3212 1018 3265 εἶπεν
1053 3211 1081 3264 ὁ
1119 3215 1221 3265 τοῦ
1269 3215 1502 3286 Χριστοῦ
1552 3212 1756 3286 μάρτυς
1790 3211 2053 3266 Ἀπόστο-

2162 1962 2617 2036 progredientes,
2649 1978 2884 2018 omnem
2911 1962 3152 2018 modum
3181 1962 3614 2018 transcendere.
3646 1960 3817 2018 Initio

2163 2052 2401 2124 quidem
2441 2052 2575 2107 facti
2604 2051 2841 2128 malitia;
2868 2051 3223 2119 inventores,
3257 2054 3506 2107 mortem
3535 2054 3593 2106 et
3621 2066 3818 2107 corru-

2164 2142 2423 2215 ptionem
2467 2131 2748 2197 adverSus
2787 2140 3015 2213 seipsos
3063 2143 3558 2214 provocaverunt:
3598 2139 3815 2197 deinde

2160 2248 2296 2288 vero
2323 2231 2384 2286 in
2400 2231 2697 2303 justitiam
2743 2229 2989 2303 delapsi,
3041 2246 3394 2302 omnemque
3437 2228 3813 2302 iniquitatem

2164 2319 2579 2395 praetergressi,
2613 2319 2776 2376 nullo
2807 2321 2868 2375 in
2899 2319 3052 2376 malo
3084 2323 3309 2376 stantes
3339 2320 3440 2375 sed
3474 2319 3646 2376 nobis
3665 2335 3816 2376 nova

2163 2411 2362 2468 omnia
2392 2411 2694 2476 addentes,
2743 2408 3112 2466 insatiabiles
3161 2409 3233 2464 ad
3282 2409 3646 2481 peccandum
3676 2407 3817 2464 facti

2165 2503 2324 2556 sunt.
2350 2499 2495 2555 Hinc
2512 2499 2732 2571 ubique
2753 2504 2959 2572 stupra
2983 2503 3040 2555 et
3060 2499 3217 2555 furta
3238 2501 3437 2554 erant:
3474 2497 3731 2554 caedibus
3761 2501 3819 2554 et

2165 2588 2388 2661 rapinis
2410 2587 2615 2658 plenus
2637 2591 2760 2644 erat
2779 2587 3087 2644 universus
3108 2591 3397 2643 terrarum
3423 2587 3606 2657 orbis,
3633 2586 3822 2644 nulla-

2165 2695 2279 2750 que
2302 2679 2391 2733 lex
2428 2677 2790 2749 corruptelas
2839 2682 2895 2734 et
2940 2677 3292 2748 injustitiam
3340 2675 3688 2732 cohibebat:
3717 2677 3820 2733 sed

2165 2767 2365 2824 omnia
2393 2767 2551 2823 mala
2580 2767 2848 2839 privatim
2881 2770 2939 2823 et
2975 2766 3211 2840 publice
3259 2765 3455 2822 cuncti
3484 2766 3822 2823 committe-

2165 2858 2326 2914 bant.
2362 2857 2636 2914 Civitates
2677 2858 2956 2913 adversus
3003 2856 3266 2913 civitates
3313 2854 3468 2912 bella
3496 2856 3818 2929 gerebant;

2165 2952 2368 3021 gentes
2391 2951 2595 3002 contra
2615 2951 2819 3019 gentes
2842 2946 3246 3019 insurgebant,
3269 2949 3429 3001 totus
3450 2945 3706 3018 denique
3725 2963 3820 3002 or-

2164 3036 2256 3092 bis
2289 3035 2505 3109 pugnis
2535 3040 2592 3091 et
2621 3035 3013 3092 seditionibus
3043 3035 3506 3102 discindebatur,
3539 3034 3682 3090 dum
3706 3034 3823 3092 sin-

2164 3125 2285 3199 guli
2317 3126 2376 3179 in
2410 3126 2713 3198 patrandis
2767 3124 3005 3198 ﬂagitiis
3057 3124 3492 3180 contenderent.
3539 3124 3656 3180 Nec
3684 3140 3820 3180 vero

2163 3215 2266 3271 illa
2285 3216 2464 3272 etiam
2486 3233 2612 3287 quae
2635 3219 2841 3271 contra
2881 3218 3155 3270 naturam
3179 3219 3318 3270 sunt
3365 3212 3584 3270 scelera
3613 3212 3816 3285 procul

395 3284 514 3369 λος·
575 3305 646 3362 A'l
698 3327 758 3362 τε
813 3309 917 3382 γὰρ
985 3305 1200 3378 θήλειαι
1275 3284 1450 3362 αῦτῶν
1534 3284 1876 3381 μετήλλαξαν
1950 3311 2048 3378 τήν

2167 3305 2240 3361 ab
2262 3284 2561 3373 hiserant,
2587 3305 2710 3373 sed,
2763 3303 2992 3359 utdixit
3032 3302 3247 3358 Christi
3269 3300 3436 3358 testis
3457 3284 3816 3374 Apostolus:

395 3397 626 3475 φυσικὴν
693 3401 895 3472 χρῆσιν
962 3396 1038 3458 εἰς
1102 3397 1204 3465 τήν
1266 3398 1414 3472 παρᾶ
1480 3396 1657 3475 φύσινο
1728 3397 1938 3471 ὁμοίως
1997 3395 2055 3453 δὲ

395 3485 486 3540 καὶ
548 3485 600 3539 οἱ
664 3481 906 3562 ἄρρενες,
964 3485 1182 3564 ἀφέντες
1239 3487 1339 3555 τὴν
1409 3488 1638 3564 φυσικὴν
1696 3493 1896 3563 χρῆσιν
1953 3494 2052 3556 τῆς

396 3572 668 3645 θηλείας,
738 3572 1093 3645 ἐξεκαύθησαν
1182 3573 1233 3630 ἐν
1322 3578 1390 3649 τῇ
1481 3575 1654 3652 ὀρέξει
1735 3575 1908 3631 αὐτῶν
1978 3576 2053 3639 εἷς

399 3661 687 3734 ἀλλήλους
722 3707 735 3734 ,
805 3661 1025 3740 ἄρρενες
1091 3663 1142 3719 ἐν
1212 3661 1395 3741 ἅρῥεσι
1478 3667 1578 3735 τὴν
1667 3665 2056 3742 ἀσχημοσύνην

395 3752 922 3829 κατεργαζόμενοι,
999 3754 1089 3808 καὶ
1179 3755 1278 3824 τὴν
1375 3753 1710 3828 ἀντιμισθίαν
1797 3757 1862 3826 ἣν
1948 3753 2057 3812 ἔδει

395 3852 498 3914 τῆς
573 3842 787 3915 πλάνης
860 3843 1036 3900 αὐτῶν
1070 3887 1084 3914 ,
1162 3843 1214 3900 ἐν
1317 3845 1529 3908 ἑαυτοῖς
1633 3842 2055 3920 ἀπολαμϐάνον-

392 3953 479 3997 τες
513 3936 648 4008 (65).
1210 4002 1217 4006 ε

461 4027 517 4081 6.
552 4021 746 4094 Διάδή
778 4028 949 4079 ταῦτα
995 4023 1187 4080 πλεῖον
1239 4029 1337 4080 τοῦ
1386 4025 1614 4081 θανάτου
1662 4027 2054 4099 κρατήσαντος,

389 4113 480 4168 καὶ
525 4121 626 4185 τῆς
676 4115 879 4193 φθορᾶς
929 4114 1352 4192 παραμενοὺσης
1398 4116 1535 4190 κατὰ
1578 4119 1685 4169 τῶν
1737 4115 2054 4189 ἀνθρώπων,

389 4203 452 4258 τὸ
489 4204 584 4276 μὲν
616 4207 722 4258 τῶν
762 4203 1056 4280 ἀνθρώπων
1107 4199 1266 4279 γένος
1323 4203 1616 4280 ἐφθεῖρετο·
1651 4205 1678 4258 ὁ
1731 4202 1788 4259 δὲ
1831 4201 2057 4280 λογικὸς

390 4293 481 4346 καὶ
535 4293 653 4346 κατ’
712 4291 893 4346 εἰκόνα
939 4292 1232 4368 γενόμενος
1282 4289 1565 4367 ἅνθρωπος
1606 4293 1917 4372 ἠφανῖζετο·
1965 4295 2057 4348 καὶ

394 4381 457 4435 τὸ
503 4381 606 4436 ὑπὸ
653 4384 750 4435 τοῦ
796 4385 931 4435 Θεοῦ
970 4381 1261 4456 γενόμενον
1291 4377 1449 4458 ἔργον
1478 4381 1893 4458 παραπώλλυτο
1920 4384 2054 4454 (66).

394 4473 496 4526 Καὶ
543 4471 648 4547 γὰρ
695 4469 785 4525 καί
836 4472 864 4525 ὁ
911 4472 1159 4543 θάνατος,
1195 4471 1272 4534 ὡς
1319 4477 1608 4545 προεῖπον,
1656 4471 1826 4546 νόμῳ⁴
1861 4471 2056 4527 λοιπὸν

398 4558 561 4637 ἴσχυε
588 4562 705 4616 καθ’
735 4563 918 4634 ἡμῶν·
961 4560 1052 4616 καὶ
1103 4559 1211 4636 οὐχ
1242 4559 1353 4615 οἴόν
1402 4583 1461 4616 τε
1507 4562 1574 4631 ἧν
1621 4562 1712 4616 τὸν
1758 4559 1926 4635 νόμον
1978 4560 2061 4615 ἐκ·

400 4655 616 4725 φυγεῖν,
647 4647 737 4706 διὰ
775 4649 838 4704 τὸ
889 4649 992 4705 ὑπὸ
1040 4653 1174 4705 Θεοῦ
1223 4651 1489 4705 τεθεῖσθαι
1534 4655 1724 4705 τοῦτον
1767 4657 1870 4719 τῆς
1898 4671 2066 4726 παρα,
2094 4670 2140 4734 D

397 4733 610 4802 ϐάσεως
666 4740 850 4815 χάριν.
884 4739 983 4794 Καὶ
1028 4739 1094 4808 ἦν
1151 4737 1350 4795 ἄτοπον
1402 4739 1544 4813 ὁμοῦ
1591 4739 1679 4794 καὶ
1730 4739 1967 4815 ἀπρεπὲς
1995 4740 2056 4794 τὸ

399 4825 684 4902 γινόμενον
719 4826 962 4898 άληθῶς
996 4830 1232 4885 Ἄτοπον
1270 4829 1362 4903 μὲν
1409 4831 1513 4904 γὰρ
1562 4830 1628 4898 ἦν
1681 4827 1900 4884 εἰπόντα
1941 4833 2061 4902 (67)

397 4916 490 4973 τὸν
559 4915 688 4971 Θεὸν
760 4917 1053 4991 ψεὺσασθαι
1087 4962 1102 4988 ,
1160 4911 1299 4973 ὥστε
1363 4920 1825 4992 νομοθετήσαντος
1893 4917 2056 4974 αὐτοῦ

465 5041 512 5078 ⁵³
544 5041 683 5115 Sap.
716 5058 778 5111 Il,
809 5042 903 5113 23,
933 5042 1025 5099 211.
1102 5042 1147 5078 ⁵³
1172 5043 1340 5103 Rom.
1373 5062 1416 5113 ι,
1447 5045 1538 5118 26,
1568 5045 1658 5100 27.

613 5185 1056 5261 Β8811.,ῆγγισε.
1515 5260 1520 5261 ν
1589 5260 1598 5261 7
1698 5235 1703 5239 .

491 5255 850 5384 62%lGraacus
890 5255 1219 5331 Scriptura;
1265 5263 1461 5349 textus
1509 5260 1705 5343 habet,
1755 5257 1846 5346 καὶ
1878 5255 2059 5312 είκόνα

491 5351 496 5384 :
544 5353 558 5383 t
603 5349 684 5384 ιας
735 5327 1014 5384 ἰδιότητος
1069 5328 1319 5384 ἐποίησεν
1376 5328 1555 5384 αυτόν.
1613 5348 1914 5384 z-maamem
1936 5348 2059 5384 vro-

394 5327 496 5400 τῆς
544 5327 684 5392 ἰδίας
735 5327 1319 5399 ἰδιότητος-ἐποίησεν
1376 5328 1555 5403 αὐτόν,
1613 5333 1914 5403 imaginem
1933 5348 2060 5402 pro-

395 5405 933 5477 prisegproprietatis
965 5404 1097 5477 fecit
1137 5418 1278 5458 eum.
1328 5402 1597 5476 Vulgata,
1649 5402 2061 5473 ad’imaginem

401 5475 794 5549 Similitudinis
819 5475 958 5549 fecit
986 5476 1167 5549 illum.

477 5547 593 5672 (:3)
621 5541 1004 5620 Anglicanus,
1038 5541 1446 5616 ἐξεληλύθασιν.
1501 5543 1600 5600 Καί
1634 5563 1756 5619 seq.
1793 5549 1960 5604 abest
1989 5547 2060 5602 ab

523 5634 638 5672 em.

410 5633 638 5674 εοαεω.

483 5689 598 5765 (θῤ)
628 5689 722 5765 Sic
751 5690 987 5765 Seguer.
1031 5689 1340 5765 ᾼΙίἱηνθςο
1364 5705 1517 5765 _c_um
1569 5690 1764 5765 editis,
1799 5688 2060 5765 ἐγείρετο.

486 5759 602 5835 (65)
630 5759 722 5817 Sic
745 5759 1010 5836 Seguer.,
1043 5761 1244 5832 Basil.,
1276 5760 1507 5819 Gobler.
1531 5765 1590 5819 et
1609 5759 1863 5820 Felckm'.
1884 5759 1926 5818 1’
1941 5779 2062 5831 an.,

2161 3396 2415 3451 Feminae
2460 3410 2653 3451 eorum
2699 3394 3136 3449 immutaverunt
3197 3391 3514 3447 naturalem
3554 3406 3724 3446 usum
3759 3391 3822 3446 in

2161 3499 2288 3539 eum
2314 3501 2474 3539 usum
2505 3485 2599 3557 qui
2625 3487 2706 3539 est
2749 3491 2939 3538 contra
2995 3485 3272 3537 naturam.
3331 3479 3609 3536 Similiter
3635 3483 3824 3536 autem

2163 3576 2214 3629 et
2241 3573 2498 3637 masculi,
2530 3573 2723 3629 relicto
2755 3571 3012 3628 naturali
3039 3587 3148 3628 usu
3193 3564 3443 3642 feminae,
3484 3571 3823 3626 exarserunt

2163 3664 2226 3718 in
2255 3662 2544 3719 desideriis
2604 3664 2722 3718 suis
2770 3663 2832 3717 in
2886 3661 3140 3729 invicem,
3173 3659 3413 3717 masculi
3456 3660 3520 3715 in
3551 3658 3828 3716 masculos

2166 3752 2566 3824 turpitudinem
2593 3756 2906 3823 operantes,
2936 3758 2988 3806 et
3006 3749 3334 3817 mercedem,
3362 3765 3534 3823 quam
3561 3751 3822 3821 oportuit,

2163 3844 2370 3899 em'oris
2392 3842 2510 3898 suis
2530 3843 2588 3898 in
2619 3842 2922 3913 semetipsis
2956 3841 3283 3912 recipientes
3313 3839 3376 3894 ⁵³.

2238 4023 2339 4078 42
2360 4024 2413 4077 6.
2439 4022 2579 4077 Eam
2607 4021 2680 4077 ob
2703 4038 2827 4076 rem
2876 4023 3064 4078 morte
3109 4019 3299 4093 magis
3334 4019 3644 4092 magisque
3663 4018 3826 4075 inva-

2165 4111 2440 4181 lescente,
2467 4115 2525 4167 et
2545 4111 2918 4184 corruptione
2941 4114 3143 4166 contra
3162 4109 3430 4165 homines
3453 4108 3824 4181 persistente,

2166 4192 2393 4274 peribat
2413 4200 2723 4256 hominum
2743 4217 2950 4271 genus,
2971 4199 3214 4272 ipseque
3237 4199 3412 4255 homo
3435 4197 3679 4255 rationis
3701 4213 3830 4269 par-

2165 4291 2353 4361 ticeps
2386 4295 2442 4345 et
2471 4290 2544 4345 ad
2576 4289 2895 4361 imaginem
2930 4289 3117 4345 factus
3164 4287 3466 4358 interibat,
3519 4303 3585 4342 ac
3616 4303 3765 4358 opus
3794 4302 3829 4340 a

2166 4379 2282 4436 Deo
2313 4383 2718 4436 constructum
2744 4378 3177 4433 destruebatur.
3203 4378 3233 4433 ,Ι
3243 4394 3335 4432 am
3357 4376 3537 4446 enim,
3561 4379 3628 4430 ut
3648 4391 3830 4446 supra

2167 4469 2360 4539 docui,
2385 4485 2544 4523 mors
2561 4467 2614 4522 vi
2635 4467 2780 4538 legis
2801 4471 3006 4522 contra
3026 4483 3134 4522 nos
3164 4465 3418 4521 maxime
3437 4463 3686 4528 valebat,
3720 4479 3826 4520 nec

2165 4557 2334 4613 vitari
2362 4560 2587 4630 poterat
2606 4556 2698 4612 lex
2721 4554 2839 4621 illa,
2873 4555 3091 4627 quippe
3113 4572 3242 4626 quas
3291 4570 3325 4608 a
3342 4553 3460 4610 Deo
3483 4551 3827 4626 praevarica-

2171 4647 2350 4703 tionis
2371 4663 2548 4701 causa
2576 4646 2765 4702 fuerat
2793 4645 3089 4716 imposita.
3121 4643 3255 4708 Quae
3285 4659 3380 4699 res
3408 4658 3551 4698 sane
3571 4641 3830 4698 absurda

2173 4735 2352 4794 simul
2384 4740 2442 4792 et
2471 4735 2746 4791 indecora
2777 4735 2907 4790 fuit.
2941 4733 3089 4789 Nam
3133 4732 3458 4790 absurdum
3489 4735 3613 4788 erat
3641 4730 3828 4788 Deum

2167 4825 2504 4898 loquentem
2528 4825 2787 4892 mentiri,
2817 4824 2866 4880 si
2889 4840 3098 4897 nempe
3119 4823 3236 4879 Deo
3262 4821 3563 4878 hominem
3586 4820 3636 4878 si
3658 4837 3828 4877 man-

2167 4917 2372 4972 datum
2393 4914 2636 4971 violaret
2657 4913 2807 4970 mori
2828 4916 3143 4982 statuente,
3160 4911 3375 4970 violato
3395 4911 3679 4969 mandato
3709 4925 3828 4967 non

2170 5188 2347 5255 atque
2375 5183 2458 5239 ita
2482 5181 2700 5255 legitur
2729 5181 2791 5255 in
2832 5181 3028 5255 Graeco
3053 5182 3110 5238 S.
3151 5180 3467 5254 Scriptura:
3494 5181 3695 5236 textu:
3729 5177 3830 5236 alii

2168 5248 2305 5314 vero
2337 5271 2472 5310 cum
2498 5248 2694 5320 editis,
2729 5248 3122 5314 ἀπολαϐόντες.

2245 5326 2357 5399 (66)
2397 5328 2643 5399 Ξθεζιιρτ.
2685 5325 2918 5399 Gobler.
2967 5330 3024 5381 et
3061 5322 3325 5399 Eelckm.
3380 5323 3406 5399 _i
3458 5337 3658 5390 anon.,
3687 5341 3829 5399 «up-

2170 5393 2504 5453 απώλλετοῗ
2527 5398 2672 5453 Ibid.
2707 5397 2940 5453 Gobler.
2973 5400 3030 5452 et
3060 5394 3318 5451 Felckm.
3371 5397 3396 5451 1
3441 5410 3618 5450 anon.
3652 5393 3828 5449 ornit-

2170 5476 2308 5528 tunt
2331 5470 2420 5525 καὶ
2452 5470 2577 5544 γάρ,
2614 5486 2742 5544 quas
2772 5485 2880 5544 _nec
2928 5467 3206 5544 exprimit
3251 5467 3568 5544 Nannius_:_
3591 5465 3689 5522 alii
3721 5481 3830 5544 aut

2171 5548 2290 5599 tem
2325 5537 2663 5599 cum'editis
2693 5541 2933 5608 habent,
2979 5537 3036 5595 et
3083 5539 3352 5611 legerunt
3380 5537 3746 5595 Omnibonus
3777 5539 3836 5593 et

2172 5615 2518 5671 Ambrosius
2546 5612 2810 5670 Camald.

2247 5687 2360 5760 (67)
2389 5685 2774 5758 Anglicanus,
2806 5683 3050 5739 Ἄτοπον
3083 5680 3187 5756 γὰρ
3221 5675 3282 5735 ἄν
3317 5677 3425 5751 εἴη.
