4160 6384
378 393 494 458 107

913 394 981 460 S.
1028 394 1458 461 ATHANASII
1499 396 1675 460 OPP.
1720 397 1927 460 PARS
1972 396 2022 458 Ι.
2053 430 2133 443 -
2160 394 2585 460 HlSTOBlCA
2627 394 2725 462 ET
2763 393 3254 461 DOGMATIGA.

3682 383 3803 460 l08

380 533 727 600 moreretur,
758 532 862 588 sed
892 531 1095 589 irritus
1124 533 1289 588 ﬁeret
1319 533 1448 605 ejus
1480 548 1692 589 sermo.
1728 531 2033 604 Siquidem

2151 531 2359 602 θανάτῳ
2408 523 2761 598 ἀποθνήσκειν
2803 527 2894 583 τὸν
2945 524 3250 604 ἄνθρωπον,
3284 524 3331 583 εἰ
3376 519 3655 603 παραϐαίη
3700 530 3803 599 τήν

380 636 558 677 verax
588 625 740 677 Deus
770 637 885 676 non
934 621 1161 689 fuisset,
1209 621 1258 677 si
1310 621 1410 677 illo
1459 638 1568 678 nos
1619 626 1911 678 morturos
1942 619 2036 675 di-

382 714 570 778 cente,
601 710 777 767 homo
826 728 942 768 non
993 715 1339 767 moreretur.
1389 710 1522 766 Alia
1553 716 1749 767 autem
1776 728 1844 767 ex
1873 715 2039 783 parte

381 798 729 857 indecorum
760 804 884 856 erat
913 815 1005 855 res
1037 799 1279 857 rationis
1310 805 1609 872 compotes
1640 803 1696 856 et
1723 800 1897 855 Verbi
1938 799 2037 855 Dei

385 880 566 946 semel
599 889 781 944 factas
819 888 1133 960 participes
1164 889 1763 962 interire,rursusque
1792 890 1849 944 in
1884 888 2038 944 nihi-

383 976 507 1033 lum
531 977 902 1049 corruptione
923 976 1148 1033 reverti.
1174 978 1381 1034 Divina
1410 978 1568 1034 enim
1604 978 1864 1035 bonitate
1884 978 2035 1033 indi-

383 1081 565 1139 gnum
588 1082 830 1138 prorsus
850 1069 973 1122 erat
994 1081 1087 1123 res
1105 1084 1140 1122 a
1158 1066 1274 1123 Deo
1297 1067 1500 1135 factas,
1523 1067 1595 1123 ob
1618 1068 1904 1136 fraudem,
1923 1084 2041 1140 qua

383 1155 655 1213 homines
686 1155 954 1213 diabolus
994 1156 1395 1229 circumvenit,
1443 1156 1688 1214 destrui.
1736 1156 1800 1213 In
1833 1157 2039 1230 primis

380 1259 517 1303 vero
542 1245 879 1315 dedecebat,
902 1246 1002 1303 Dei
1030 1250 1213 1302 artem
1236 1247 1293 1302 in
1331 1247 1673 1303 hominibus
1695 1247 1781 1303 vel
1806 1250 2042 1319 propter

379 1333 617 1392 illorum
644 1334 936 1391 incuriam
969 1335 1056 1392 vel
1088 1344 1322 1408 propter
1350 1337 1680 1392 daemonum
1713 1336 1916 1393 dolum
1947 1337 2042 1393 de-

379 1423 507 1482 leri.
541 1424 745 1496 Itaque
775 1424 1118 1481 hominibus
1140 1425 1524 1498 pereuntibus
1547 1425 1884 1499 talibusque
1905 1443 2042 1499 ope-

382 1513 550 1570 ribus
579 1512 641 1569 in
671 1513 916 1569 exitium
946 1512 1303 1580 labentibus,
1335 1516 1477 1587 quid
1504 1520 1709 1586 Deum,
1733 1515 1834 1587 qui
1852 1515 2044 1572 bonus

385 1606 494 1672 est,
528 1603 717 1660 facere
747 1602 1096 1676 oportebat?
1132 1606 1218 1659 An
1261 1604 1452 1660 sinere
1498 1608 1565 1660 ut
1613 1604 1910 1678 corruptio
1941 1605 2042 1661 ad-

384 1707 593 1749 versus
622 1690 754 1748 illos
783 1690 1003 1748 valeret
1060 1697 1118 1748 et
1174 1709 1330 1750 mors
1380 1693 1465 1750 eis
1494 1693 1944 1750 dominaretur?
1973 1696 2047 1749 At

388 1781 531 1854 quid
560 1780 1006 1853 proluissetillo
1051 1783 1123 1838 ab
1181 1782 1348 1838 initio
1404 1784 1588 1840 factos
1647 1783 1820 1840 esse?
1849 1784 2045 1840 Satius

389 1871 548 1928 enim
581 1875 706 1927 erat
732 1887 832 1927 eos
865 1871 1105 1928 omnino
1136 1889 1251 1929 non
1301 1873 1448 1940 ﬁeri,
1500 1890 1680 1947 quam
1730 1873 1912 1930 factos
1943 1890 2044 1929 ne-

389 1958 532 2033 gligi
562 1964 621 2016 et
649 1960 908 2017 interire.
955 1961 1257 2034 Siquidem
1305 1962 1650 2034 hujusmodi
1690 1963 2047 2037 negligentia

388 2048 754 2106 inﬁrmitatis
783 2050 884 2107 Dei
925 2068 1041 2108 non
1072 2051 1355 2109 bonitatis
1404 2054 1596 2125 majus
1627 2051 1838 2109 fuisset
1868 2068 2042 2125 argu-

388 2141 680 2209 mentum,
704 2139 754 2195 si
776 2139 1060 2197 nimirum
1080 2157 1228 2214 opus
1248 2142 1402 2214 quod
1428 2142 1644 2198 fecerat
1662 2141 1887 2197 destrui
1912 2157 2042 2214 per-

386 2227 671 2296 misisset,
704 2246 881 2300 quam
924 2229 970 2285 si
1004 2229 1303 2287 hominem
1349 2231 1422 2287 ab
1466 2230 1635 2286 initio
1666 2232 1899 2303 penitus
1929 2248 2045 2287 non

384 2317 637 2375 fecisset.
670 2318 729 2373 Si
758 2319 915 2375 enim
948 2336 1065 2376 non
1106 2320 1358 2388 fecisset,
1406 2319 1607 2377 nullus
1654 2325 1809 2377 esset
1842 2320 1943 2393 qui
1974 2320 2046 2376 de

384 2406 726 2464 infirmitate
757 2409 1041 2481 cogitaret
1065 2425 1078 2465 :
1112 2412 1192 2481 at,
1218 2413 1531 2482 postquam
1549 2409 1720 2465 illum
1746 2410 1881 2466 fecit
1902 2414 1959 2465 et
1983 2414 2047 2466 ut

385 2500 541 2553 esset
557 2497 792 2567 creavit,
816 2515 964 2571 opus
988 2499 1174 2571 perire
1198 2498 1519 2571 praesertim
1548 2498 1607 2554 in
1630 2499 1819 2571 ip‘sius
1845 2504 2049 2556 aucto-

387 2584 470 2643 ris
491 2591 809 2660 conspectu
833 2604 926 2644 res
951 2587 1161 2645 luisset
1181 2588 1564 2660 perabsurda.
1588 2588 1792 2661 Itaque
1810 2606 1915 2661 par
1936 2593 2049 2644 Deo

2148 616 2398 692 ἐντολὴν,
2437 618 2571 691 μετά
2614 618 2715 687 τήν
2760 612 3060 692 παράϐασιν
3115 618 3190 692 μὴ
3242 617 3624 688 ἀποθνήσκειν,
3658 615 3806 673 ἀλλὰ

2148 706 2368 763 λύεσθαι
2395 707 2486 763 τὸν
2517 706 2713 762 τούτου
2738 706 2923 782 λόγον.
2955 706 3066 761 Ούκ
3111 704 3326 777 ἀληθὴς
3356 707 3460 782 γὰρ
3491 707 3560 776 ἦν
3593 707 3621 762 ὁ
3647 708 3802 783 Θεὸς,

2149 797 2217 868 εἰ,
2251 796 2491 859 εἶπόνὼς
2532 796 2695 851 αὐτοῦ
2729 797 3087 867 ἀποθνήσκειν
3130 798 3304 870 ἡμᾶς,
3341 796 3418 869 μὴ
3469 795 3800 868 ἀπέθνησκεν

2149 888 2177 943 ὁ
2209 885 2512 963 ἅνθρωπος.
2547 886 2811 960 Ἀπρεπές
2844 883 2902 941 δέ
2930 886 2997 956 ἦν
3026 883 3191 941 πάλιν
3240 886 3310 940 τὰ
3358 882 3495 958 ἅπαξ
3540 886 3803 962 γενόμενα

2149 975 2351 1051 λογικά
2376 973 2465 1031 xui
2494 980 2592 1032 τοῦ
2624 975 2805 1052 Λόγου
2834 977 2998 1031 αὐτοῦ
3050 974 3392 1051 μετασχόντα
3436 975 3802 1049 παραπόλλυ-

2149 1068 2291 1135 σθαι,
2321 1062 2410 1120 xui
2440 1066 2604 1121 πάλιν
2640 1065 2717 1128 εἰς
2747 1064 2810 1120 τὰ
2846 1066 2920 1139 μὴ
2963 1066 3097 1121 εἶναι
3147 1062 3237 1120 διὰ
3282 1072 3384 1135 τῆς
3432 1066 3634 1145 φθορᾶς
3687 1064 3805 1121 ἐπι-

2150 1156 2414 1232 στρέφειν.
2449 1153 2560 1209 Οὐκ
2588 1152 2732 1226 ἄξιον
2764 1155 2868 1230 γὰρ
2898 1155 2965 1226 ἦν
2996 1161 3095 1226 τῆς
3145 1153 3482 1231 ἀγαθότητος
3530 1158 3629 1210 τοῦ
3671 1158 3807 1211 Θεοῦ

2147 1244 2216 1299 τὰ
2265 1244 2352 1299 ὑπ’
2403 1242 2568 1299 αὐτοῦ
2614 1243 2882 1320 γενόμενα
2939 1241 3333 1322 διαφθεῖρεσθαι
3381 1240 3471 1298 διὰ
3510 1244 3611 1313 τήν
3660 1244 3808 1320 παρά

2147 1337 2245 1387 τοῦ
2278 1327 2543 1388 διαϐόλου
2574 1334 2868 1408 γενομένην
2900 1338 3017 1396 τοῖς
3058 1332 3370 1407 ἀνθρώποις
3413 1332 3648 1403 ἀπάτην.
3676 1329 3809 1388 ’Δλ-

2151 1419 2265 1484 λως
2290 1442 2349 1476 τε
2376 1422 2466 1476 καὶ
2494 1427 2601 1477 τῶν
2633 1422 3046 1499 ἀπρεπεστάτων
3080 1422 3146 1491 ἦν
3175 1423 3275 1491 τὴν
3307 1424 3405 1476 τοῦ
3435 1424 3571 1476 Θεοῦ
3607 1422 3809 1498 τέχνην

2153 1509 2204 1566 ἐν
2271 1515 2388 1573 τοῖς
2452 1511 2761 1587 ἀνθρώποις
2829 1510 3255 1590 ἀφανίζεσθαιῆ
3305 1507 3396 1565 διὰ
3467 1511 3569 1580 τὴν
3627 1509 3804 1566 αὐτῶν

2154 1597 2412 1674 ἀμέλειαν
2442 1600 2477 1670 ἢ
2513 1597 2602 1655 διὰ
2626 1602 2725 1671 τὴν
2751 1605 2858 1655 τῶν
2909 1597 3180 1675 δαιμόνων
3226 1600 3458 1673 ἀπάτην.
3506 1600 3807 1677 Φθειρομέ-

2151 1711 2259 1745 νων
2302 1690 2484 1745 τοίνυν
2541 1693 2649 1745 τῶν
2696 1687 2936 1765 λογικῶν
2996 1690 3086 1744 καὶ
3135 1687 3651 1767 παραπολλυμένων
3696 1693 3804 1745 τῶν

2151 1777 2415 1834 τοιούτων
2445 1773 2643 1855 ἔργων,
2675 1778 2728 1832 τί
2756 1779 2847 1834 τὸν
2877 1779 3005 1835 Θεὸν
3039 1777 3146 1834 ἔδει
3175 1783 3350 1834 ποιεῖν
3406 1779 3603 1855 ἀγαθὸν
3645 1773 3807 1849 ὄντας

2154 1868 2395 1946 Ἀφεῖναι
2449 1869 2548 1937 τήν
2617 1867 2816 1947 φθορὰν
2875 1873 2990 1923 κατ’
3049 1867 3223 1923 αὐτῶν
3280 1866 3511 1944 ἰσχύειν,
3569 1865 3660 1923 xui
3715 1867 3808 1924 τὸν

2152 1960 2376 2014 θάνατον
2428 1957 2602 2014 αὐτῶν
2650 1964 2899 2035 κρατεῖν;
2929 1958 3028 2014 Καὶ
3073 1958 3158 2021 τίς
3188 1960 3224 2028 ἡ
3257 1957 3418 2034 χρεία
3591 1962 3688 2014 τοῦ
3717 1960 3811 2015 καὶ

2154 2048 2206 2120 ἐξ
2256 2049 2438 2125 ἀρχῆς
2478 2044 2613 2103 αἶ)τά
2667 2048 2946 2124 γενέσθαι;
2993 2046 3141 2103 Ἔδει
3188 2049 3292 2125 γὰρ
3346 2048 3421 2122 μή
3471 2047 3737 2123 γενέσθαι,
3767 2049 3804 2120 ἢ

2152 2138 2421 2214 γενόμενα
2450 2138 2562 2211 (69)
2608 2134 3067 2213 παραμεληθῆναι
3112 2136 3202 2192 καὶ
3252 2135 3570 2195 ἀπολέσθαι.
3619 2138 3804 2194 ’Δσθέ-

2150 2248 2267 2283 νεια
2312 2228 2415 2302 γάρ
2470 2224 2683 2301 μᾶλλον
2728 2226 2820 2281 καὶ
2869 2226 2969 2282 οὐκ
3019 2225 3292 2302 ἀγαθότης
3325 2226 3385 2283 ἐκ
3409 2234 3513 2297 τῆς
3545 2224 3807 2301 ἀμελείας

2152 2317 2475 2393 γινώσκεται
2519 2319 2617 2371 τοῦ
2669 2319 2825 2389 Θεοῦ,
2875 2315 2921 2370 εἰ
2974 2318 3209 2388 ποιήσας
3267 2321 3483 2392 παρορᾷ
3538 2317 3807 2395 φθαρῆναι

2153 2407 2217 2462 τὸ
2248 2406 2439 2461 ἑαυτοῦ
2471 2402 2651 2481 ἔργον,
2678 2401 2820 2482 ἤπερ
2853 2404 2899 2459 εί
2947 2406 3021 2478 μὴ
3067 2402 3337 2476 πεποίηκε
3378 2407 3490 2479 (70)
3517 2405 3655 2460 κατά
3707 2405 3808 2475 τὴν

2158 2496 2336 2572 ἀρχὴν
2363 2495 2453 2550 τὸν
2484 2492 2785 2570 ἄνθρωπον.
2823 2495 2910 2564 Μὴ
2942 2496 3271 2566 ποιήσαντος
3305 2494 3399 2568 μὲν
3443 2494 3548 2570 γὰρ
3599 2493 3699 2550 οὐκ
3740 2496 3807 2563 ἦν

2159 2586 2187 2641 ὁ
2218 2583 2581 2660 λογιζόμενος
2635 2584 2736 2653 τὴν
2793 2583 3086 2639 ἀσθένειανο
3120 2585 3453 2655 ποιήσαντος
3503 2580 3563 2638 δὲ
3608 2581 3699 2638 xui
3730 2583 3808 2646 είς

387 2691 505 2731 non
529 2676 867 2733 erat‘sinere
886 2675 1157 2733 homines
1180 2676 1239 2732 in
1262 2676 1696 2749 corruptionem
1739 2676 1879 2746 labi,
1913 2677 2042 2749 quia

2156 2675 2220 2731 τὸ
2278 2673 2406 2729 εἶναι
2463 2673 2767 2743 κτίσαντος,
2830 2674 3177 2729 ἀτοπώτατον
3236 2674 3304 2743 ἦν
3355 2666 3693 2727 ἀπόλλυσθαι
3741 2672 3810 2727 τὰ

388 2763 450 2820 id
482 2763 825 2821 indecorum
876 2768 932 2821 et
987 2765 1295 2839 indignum
1353 2766 1562 2822 divina:
1596 2766 1874 2823 bonitatis
1903 2770 2047 2823 erat.

2160 2758 2313 2839 ἔργα,
2344 2761 2433 2817 καὶ
2470 2760 2707 2836 μάλιστα
2736 2759 2819 2815 ἐπ’
2868 2757 2989 2837 ὄψει
3036 2767 3133 2817 τοῦ
3180 2761 3569 2831 πεποιηκότος.
3601 2759 3807 2817 Οὐκοῦν

390 2848 502 2906 ἔδει
551 2850 679 2914 τοὺς
725 2851 1040 2929 ἀνθρώπους
1095 2854 1170 2927 μὴ
1205 2854 1414 2932 ἀφιέναι
1449 2854 1698 2933 φέρεσθαι
1725 2858 1793 2929 τῇ
1827 2856 2020 2933 φθορᾷ,
2054 2851 2145 2909 διὰ
2182 2874 2246 2909 το
2301 2852 2536 2929 ἀπρεπὲς
2582 2848 2672 2905 xui
2721 2851 2929 2924 ἀνάξιον
2983 2851 3115 2908 εἶναι
3168 2856 3330 2908 τοῦτο
3376 2858 3477 2922 τῆς
3525 2854 3623 2906 τοῦ
3672 2854 3807 2907 Θεοῦ

391 2938 751 3016 ἀγαθότητος.

459 3032 496 3084 7
503 3075 517 3089 .
546 3031 787 3100 Verum,
821 3034 1319 3105 quemadmodum
1352 3033 1433 3091 ita
1461 3049 1584 3090 rem
1611 3052 1740 3092 esse
1761 3035 2036 3091 decebat:

2221 3033 2276 3088 7.
2309 3028 2468 3087 Ἀλλ’
2514 3028 2694 3107 ὣσπερ
2754 3028 2862 3087 ἔδει
2918 3034 3079 3086 τοῦτο
3128 3030 3394 3107 γενέσθαι,
3426 3028 3571 3085 οὕτω
3613 3030 3703 3084 καὶ
3749 3029 3810 3084 ἐκ

391 3120 475 3176 sic
500 3137 709 3177 rursus
731 3137 762 3177 e
797 3122 1109 3190 contrario,
1147 3122 1265 3179 Deo
1304 3139 1536 3195 quoque
1574 3124 1957 3179 conveniebat
1984 3123 2043 3179 in

386 3208 518 3284 lege
546 3225 726 3283 quam
756 3210 829 3266 de
859 3215 1046 3268 morte
1074 3210 1291 3268 tulerat
1310 3228 1575 3269 veracem
1593 3212 1796 3268 videri.
1821 3213 2045 3269 Absur-

389 3297 531 3354 dum
562 3298 720 3355 enim
751 3298 962 3356 fuisset
1002 3304 1188 3357 Deum
1237 3300 1498 3358 veritatis
1548 3306 1797 3375 patrem,
1829 3306 2044 3359 nostris

385 3386 660 3445 utilitatis
681 3392 741 3445 et
761 3389 1219 3446 conversationis
1240 3406 1421 3447 causa
1457 3392 1800 3448 mendacem
1836 3391 2042 3447 videri.

384 3475 534 3541 Quid
556 3476 737 3550 igitur
754 3476 865 3532 hac
888 3476 948 3533 in
971 3494 1033 3533 rc
1054 3477 1181 3534 fieri
1204 3479 1483 3552 oportuit,
1516 3479 1604 3536 vel
1630 3480 1770 3553 quid
1793 3480 1887 3536 hic
1906 3498 2043 3555 age-

384 3581 446 3621 re
470 3570 620 3621 Deus
642 3566 896 3622 debuit?
917 3566 1082 3640 Legis
1101 3568 1400 3640 perfractae
1418 3569 1822 3642 paenitentiam
1839 3571 1913 3626 ab
1935 3570 2045 3627 ho-

382 3653 644 3710 minibus
666 3654 892 3727 exigere
910 3655 938 3709 ?
961 3656 1022 3711 ld
1043 3655 1201 3712 enim
1228 3657 1345 3713 Deo
1369 3658 1616 3729 dignum
1639 3675 1769 3715 esse
1793 3675 1907 3714 non
1930 3658 2041 3714 im-

384 3743 593 3798 merito
617 3744 746 3814 quis
763 3744 993 3810 dixerit,
1017 3750 1084 3801 ut
1104 3746 1602 3819 quemadmodum
1635 3752 1693 3804 et
1715 3752 2046 3822 transgres-

387 3831 550 3888 sione
573 3834 933 3905 corruptioni
956 3835 1203 3907 subjecti
1229 3836 1484 3904 fuerunt,
1509 3837 1594 3893 sic
1616 3855 1682 3893 ex
1703 3838 2046 3911 pmnitentia

385 3920 711 3994 incorrupti
735 3923 944 3979 iterum
971 3925 1194 3981 ﬁerent.
1218 3924 1398 3997 Atqui
1422 3942 1611 3999 neque
1631 3928 2043 3999 pmnitentiaid

390 4011 547 4083 quod
589 4011 706 4067 Deo
735 4012 1012 4069 decorum
1043 4019 1131 4070 est
1159 4015 1449 4079 servabat,
1483 4017 1961 4089 quandoquidem
1994 4018 2043 4075 si

388 4105 639 4156 mortem
670 4100 940 4158 homines
965 4102 1328 4176 effugissent,
1353 4103 1507 4161 Deus
1521 4122 1635 4161 non
1648 4107 2043 4164 Veraxnihilo-

388 4191 589 4247 minus
620 4191 957 4259 mansisset,
991 4208 1184 4264 neque
1231 4193 1407 4249 etiam
1455 4195 1797 4267 poenitentia
1822 4201 2044 4252 natura:

388 4278 784 4336 conditionem
816 4280 1006 4349 solvit,
1038 4282 1139 4337 sed
1170 4285 1401 4339 tantum
1432 4301 1467 4339 a
1513 4283 1767 4356 peccatis
1797 4289 2040 4341 coercet.

388 4368 571 4439 Unde,
596 4369 645 4425 si
671 4368 863 4425 solum
887 4369 1095 4427 fuisset
1115 4375 1441 4445 peccatum,
1466 4389 1573 4430 nec
1594 4374 1890 4446 corruptio
1908 4375 2045 4430 sub-

386 4462 593 4515 secuta
624 4458 851 4526 fuisset,
882 4464 1039 4516 recte
1067 4459 1164 4517 hic
1194 4460 1387 4517 locum
1419 4462 1724 4520 habuisset
1753 4463 2041 4536 poeniten-

384 4546 504 4617 tia;
540 4547 640 4603 sed
669 4546 769 4603 ubi
800 4553 1096 4621 praeeunte
1142 4552 1635 4625 transgressione,
1681 4550 1951 4609 homines
1981 4553 2041 4610 in

387 4637 823 4708 corruptionem
854 4641 1076 4694 natura:
1104 4638 1360 4695 debitam
1394 4640 1788 4709 incurrerunt,
1813 4646 1872 4698 et
1896 4642 2043 4698 divi-

386 4742 474 4781 nas
504 4724 912 4783 similitudinis
937 4728 1129 4801 gratia
1185 4728 1418 4801 spoliati
1478 4735 1638 4798 sunt,
1687 4730 1828 4804 quid
1860 4731 2041 4804 aliud,

387 4832 606 4887 quazso,
631 4814 752 4871 ﬁeri
776 4817 1080 4889 oportuit?
1099 4815 1187 4873 vel
1210 4819 1520 4890 cujus'nam
1544 4814 1719 4891 opera
1740 4820 1812 4876 ad
1836 4819 2044 4893 hujus-

386 4904 547 4960 modi
578 4904 827 4978 gratiam
872 4910 931 4962 et
979 4905 1469 4964 instaurationem
1519 4909 1907 4980 praestandam
1941 4926 2043 4967 ne-

387 4994 643 5051 cessaria
674 4994 806 5062 fuit,
838 4995 952 5052 nisi
982 4995 1086 5053 Dei
1115 4995 1310 5068 Verbi,
1345 5014 1380 5053 a
1408 5013 1525 5069 quo
1545 4997 1744 5054 omnia
1768 5014 1837 5054 ex
1857 4999 2045 5055 nihilo

480 5102 573 5179 §§_)
604 5102 663 5179 Si
694 5118 901 5160 omnes
930 5120 1076 5179 mss.
1112 5104 1263 5179 Editi
1293 5107 1517 5179 autem,
1545 5104 1579 5179 ἡ
1615 5103 1780 5179 χρεία
1806 5103 1911 5167 τίς.

477 5150 571 5298 ξόῐ
600 5150 901 5248 ἐὲέιὲἕῗ
919 5150 1263 5233 ὅὸῇὲιῖῖἒὲιῗ
1293 5150 1780 5233 Ῑεῐᾜὲὶοϊςῶῗῖ
1817 5150 2041 5248 ’ἔιὲοιιη

514 5265 667 5298 μενα.

427 5265 667 5301 ινομενα.

383 5265 667 5320 γινομενα.

456 5319 571 5393 (70)
602 5318 852 5393 Seguer._
873 5322 933 5393 et
957 5318 1209 5393 Anglic.,
1239 5320 1553 5393 πεποιήκει.

459 5386 772 5467 "gius
802 5386 981 5467 ἀληθῆ
1017 5386 1249 5467 φάνῆναι
1285 5392 1376 5446 τὸν
1419 5386 1545 5446 Θεόν
1591 5392 1809 5467 desunt
1838 5393 2041 5467 ianO-

383 5460 512 5537 bler
539 5466 597 5518 et
627 5462 931 5537 Felckmrl
968 5460 1153 5537 anon.
1180 5481 1285 5520 nec
1311 5481 1379 5520 ea
1417 5466 1701 5537 expressit
1736 5466 2039 5521 Nannius:

384 5532 479 5587 alii
514 5546 647 5588 cum
679 5534 853 5589 editis
885 5535 1122 5603 habent,
1156 5542 1215 5592 et
1243 5532 1543 5591 verterunt
1583 5536 1953 5592 Omnibonus
1986 5542 2044 5592 et

382 5605 732 5661 Ambrosius
761 5606 1019 5662 Uamald.

457 5678 571 5817 (72g
604 5677 683 5759 Ito
719 5692 922 5735 omnes
952 5695 1095 5735 mss.
1132 5679 1284 5735 Editi
1309 5697 1465 5746 vero,
1497 5678 1733 5751 γένοιτο.

457 5748 548 5812 (73
598 5752 688 5804 Slc
718 5748 979 5817 Seguer.,
1007 5750 1237 5810 Gobler.
1286 5757 1344 5808 et
1371 5752 1626 5812 Felckm.
1660 5756 1687 5811 1
1721 5770 1733 5812 ι

455 5747 569 5817 (73)
598 5747 688 5804 Sic
718 5748 979 5822 Seguer.,
1007 5750 1237 5810 Gobler.
1286 5757 1344 5808 et
1371 5747 1626 5812 Felckm.
1660 5756 1687 5811 1
1721 5768 1894 5812 anon.
1926 5751 2041 5809 Alii

2152 3123 2260 3175 τῶν
2298 3118 2549 3175 ἐναντίων
2589 3117 2755 3175 πάλιν
2808 3119 3102 3175 ἀντίκειται
3127 3120 3190 3175 τὸ
3220 3120 3358 3196 πρὸς
3404 3119 3495 3175 τὸν
3541 3118 3669 3175 Θεὸν
3720 3117 3807 3173 εἰὶ-

2155 3205 2347 3284 λογον,
2380 3206 2517 3262 ὣστε
2554 3206 2733 3279 ἀληθῆ
2769 3214 3001 3287 φανῆναι
3032 3209 3125 3263 τὸν
3171 3206 3299 3264 Θεὸν
3334 3208 3446 3283 (71)
3476 3206 3527 3263 ἐν
3571 3210 3641 3282 τῇ
3682 3206 3807 3283 περὶ

2151 3302 2248 3354 τοῦ
2279 3294 2503 3353 θανάτου
2534 3298 2847 3373 νομοθεσίᾳ.
2875 3298 3112 3353 Ἀτοπον
3145 3299 3250 3375 γὰρ
3280 3297 3347 3367 ἦν
3380 3294 3470 3353 διὰ
3495 3297 3594 3367 τὴν
3644 3298 3806 3371 ἡμῶν

2155 3384 2421 3467 ὠφέλειαν
2454 3387 2545 3442 καὶ
2577 3385 2843 3461 διαμονὴν
2872 3386 3106 3462 ψεύστην
3139 3394 3370 3466 φανῆναι
3398 3386 3490 3441 τὸν
3520 3392 3622 3457 τῆς
3672 3383 3811 3457 ἀλη-

2152 3476 2298 3540 θείας
2354 3477 2561 3549 πατέρα
2615 3476 2765 3535 Θεόν.
2797 3475 2859 3531 Τί
2907 3473 2997 3531 οὖν
3049 3474 3159 3533 ἔδει
3207 3476 3299 3532 xui
3343 3476 3468 3552 περὶ
3496 3475 3693 3532 τούτου
3722 3496 3811 3552 γε·

2149 3567 2331 3621 νέσθαι
2358 3566 2394 3636 ἢ
2422 3572 2650 3636 ποιῆσαι
2696 3565 2785 3621 τὸν
2836 3564 2964 3621 Θεόν
2996 3591 3011 3636 ;
3051 3567 3346 3621 Μετάνοιαν
3399 3564 3487 3620 ἐπὶ
3532 3568 3602 3640 τῇ
3633 3584 3807 3640 παρα-

2154 3650 2308 3711 ϐάσει
2352 3657 2481 3719 τοὺς
2538 3657 2856 3734 ἀνθρώπους
2916 3656 3210 3725 ἀπαιτῆσαι
3235 3675 3249 3725 ;
3279 3659 3450 3711 Τοῦτο
3498 3656 3601 3731 γὰρ
3635 3652 3695 3709 ἄν
3722 3675 3807 3719 τις

2154 3743 2299 3817 ἄξιον
2350 3748 2540 3825 φήσειε
2588 3750 2744 3815 Θεοῦ,
2776 3744 2980 3821 λέγων,
3012 3744 3116 3818 ὅτι,
3150 3744 3332 3822 ὥσπερ
3382 3744 3443 3800 ἐκ
3482 3751 3584 3815 τῆς
3635 3764 3807 3821 παρα-

2154 3831 2363 3898 ϐάσεως
2396 3834 2473 3898 εἷς
2504 3836 2703 3914 φθορὰν
2736 3835 3044 3912 γεγόνασιν,
3077 3832 3249 3897 οὕτως
3284 3832 3343 3889 ἐκ
3369 3840 3471 3904 τῆς
3521 3834 3807 3908 μετανοῖας

2153 3925 2397 4000 γένοιντο
2430 3928 2541 3999 (72)
2574 3923 2738 3980 πάλιν
2781 3923 2840 3979 ἂν
2894 3924 2972 3987 εἰς
3022 3922 3343 4002 ἀφθαρσίαν.
3380 3920 3520 3977 Δλλ’
3549 3924 3584 3992 ἡ
3640 3923 3801 3996 μετά-

2151 4035 2274 4069 νοια
2330 4012 2455 4070 οὕτε
2505 4015 2568 4070 τὸ
2627 4012 2854 4091 εὔλογον
2904 4015 2967 4070 τὸ
3007 4013 3143 4091 πρὸς
3186 4014 3276 4068 τὸν
3327 4013 3456 4069 Θεὸν
3487 4010 3802 4092 ἐφύλαττεν

2154 4102 2308 4178 ἔμενε
2354 4105 2457 4180 γὰρ
2506 4102 2672 4160 πάλιν
2731 4103 2830 4159 οὐκ
2892 4101 3128 4175 ἀληθὴς,
3182 4104 3256 4176 μὴ
3306 4101 3692 4179 κρατουμένων
3751 4101 3804 4157 ἐν

2151 4198 2231 4266 τῷ
2277 4194 2489 4267 θανάτῳ
2532 4198 2638 4249 τῶν
2690 4194 3008 4272 ἀνθρώπων·
3059 4188 3181 4248 οὔτε
3230 4190 3288 4248 δὲ
3327 4195 3362 4263 ἡ
3418 4193 3674 4267 μετάνοια
3703 4191 3809 4247 ἀπὸ

2151 4288 2260 4339 τῶν
2292 4284 2427 4338 κατά
2471 4282 2629 4361 φύσιν
2684 4280 3053 4357 ἀνακαλεῖται,
3086 4280 3233 4338 ἀλλά
3287 4283 3452 4358 μόνον
3496 4281 3655 4338 παύει
3700 4286 3810 4338 τῶν

2153 4374 2368 4449 ἀμαρτη
2382 4374 2586 4447 μάτων.
2618 4372 2682 4428 Εἰ
2716 4373 2809 4447 μὲν
2843 4370 2933 4428 οὖν
2972 4371 3135 4446 μόνον
3167 4371 3235 4442 ἧν
3254 4369 3668 4446 ’πλημμέλημα
3710 4373 3802 4428 καὶ

2157 4463 2232 4537 μή
2268 4463 2469 4540 φθορᾶς
2502 4459 2956 4533 ἐπακολούθησις,
2989 4458 3174 4524 καλῶς
3213 4460 3273 4516 ἂν
3320 4464 3385 4531 ἦν
3440 4463 3476 4532 ἡ
3531 4461 3805 4535 μετάνοιω

2154 4552 2199 4607 εἰ
2250 4548 2329 4624 δὲ,
2371 4548 2508 4623 ἅπαξ
2561 4546 2953 4627 προλαϐούσης
3006 4557 3109 4621 τῆς
3166 4546 3543 4627 παραϐάσεως,
3584 4549 3660 4614 εἷς
3707 4551 3810 4622 τὴν

2151 4642 2293 4696 κατά
2319 4640 2473 4720 φύσιν
2507 4644 2619 4717 (73)
2651 4643 2850 4720 φθορὰν
2913 4640 3236 4717 ἐκρατοῦντο
3285 4641 3339 4695 οἱ
3388 4638 3685 4718 ἄνθρωποι,
3715 4641 3809 4697 καὶ

2150 4732 2251 4800 τήν
2282 4735 2379 4785 τοῦ
2410 4732 2525 4787 κατ’
2550 4730 2730 4787 εἰκόνα
2759 4732 2921 4807 χάριν
2960 4729 3331 4809 ἀφαιρεθέντες
3374 4732 3534 4800 ἦσαν,
3564 4729 3617 4785 τί
3666 4728 3807 4786 ἄλλο

2155 4815 2261 4874 ἔδει
2311 4819 2593 4893 γενέσθαι;
2625 4819 2660 4889 ἢ
2709 4819 2860 4882 τίνος
2904 4818 2971 4888 ἦν
3022 4816 3185 4895 χρεία
3229 4818 3368 4894 πρὸς
3416 4819 3517 4888 τήν
3548 4818 3809 4891 τοιαύτην

2152 4908 2315 4985 χάριν
2345 4908 2435 4963 καὶ
2489 4906 2780 4978 ἀνάκλησιν
2808 4909 2843 4977 ἢ
2886 4910 2984 4962 τοῦ
3029 4906 3120 4961 καὶ
3151 4908 3265 4981 (74)
3293 4907 3430 4962 κατά
3473 4907 3574 4977 τὴν
3625 4908 3807 4984 ἀρχὴν

2153 4998 2213 5053 ἐκ
2239 5002 2338 5052 τοῦ
2373 4999 2447 5073 μὴ
2482 4994 2639 5061 ὄντος
2670 4997 3040 5067 πεποιηκότος
3068 4997 3137 5052 τά
3167 4991 3273 5051 ὅλα
3298 5000 3397 5052 τοῦ
3426 5001 3564 5053 Θεοῦ
3591 4996 3807 5075 Λόγου;

2151 5124 2286 5184 cum
2317 5106 2511 5175 editis,
2539 5104 2691 5184 ⁸ιττοιρᾶι
2712 5105 2892 5184 φύσιν,
2907 5110 3095 5184 atque
3111 5103 3337 5184 italegit
3352 5104 3643 5184 N_ann_ius.
3667 5106 3811 5184 0m,-

2151 5180 2407 5253 nibonus
2439 5174 2869 5253 etAm'brosius
2898 5174 3162 5235 Camald.
3185 5174 3493 5253 κατὰ-φύσιν
3519 5176 3808 5253 legerunt,

2150 5251 2366 5378 idetqpe
2397 5250 2609 5309 melius
2651 5256 2708 5308 et
2772 5267 2842 5307 ex
2900 5254 3096 5306 mente
3153 5249 3711 5322 sancti'Athanasii,
3746 5254 3813 5307 ut

2150 5340 2225 5378 na
2253 5340 2283 5377 e
2317 5364 2329 5377 .

2193 5340 2329 5379 ιιῑει.

2149 5340 2335 5466 Pagi.)
2367 5394 2632 5466 Seguer.,
2665 5393 2841 5466 Basil.
2875 5396 2932 5466 et
2951 5391 3207 5466 Felckm.
3233 5393 3289 5447 2.
3322 5410 3534 5466 _anon.,
3562 5391 3654 5447 καί
3680 5397 3814 5466 post

2148 5458 2247 5550 10:3
2278 5458 2501 5552 addunt
2531 5470 2588 5552 et
2613 5458 2746 5552 post
2778 5462 3205 5552 upzrﬁv'tolll‘lnt
3228 5480 3241 5519 :
3263 5458 3650 5552 _editipontra
3678 5458 3814 5552 post

2149 5540 2245 5611 τοῦ
2277 5538 2562 5611 omittunt
2590 5535 2649 5593 et
2677 5535 2822 5610 post
2840 5535 3282 5611 upxwﬁv__addunt
3306 5555 3318 5593 :
3344 5535 3809 5611 aliigmss.u'tro-

2043 5643 2052 5651 -
2150 5608 2327 5682 bique
2357 5604 2822 5666 omittuntCMox
2852 5604 2987 5682 post
3016 5604 3142 5676 ὃλα,
3175 5613 3285 5665 art.
3306 5612 3406 5663 τοῦ
3426 5609 3593 5667 deest
3612 5610 3673 5667 in
3688 5612 3809 5667 An-

2150 5680 2284 5753 glic.
