4160 6408
1049 33 1058 35 -
1079 33 1086 35 .
1105 6 3326 51 ή--Ἤω--ι-ηνηιπμ---ηπιε-κ-ητ
3375 38 3386 42 -
3403 43 3412 50 -

427 385 544 452 109

1447 391 1740 454 ORATIO
1783 389 1886 453 DE
1928 387 2520 454 INCARNATIONE
2564 391 2830 456 VERBI.

3734 387 3854 450 ΗΟ

437 519 615 576 Αὑτοῦ
659 515 762 598 γὰρ
809 521 875 592 ἦν
925 520 1090 579 πάλιν
1139 522 1229 578 καὶ
1271 523 1334 578 τὸ
1382 525 1610 602 φθαρτὸν
1670 525 1744 586 εἷς
1795 522 2088 602 ἀφθαρσίαν

2214 526 2368 582 Initio
2389 527 2542 583 facta
2559 527 2740 585 sunt?
2769 527 2869 584 43
2910 525 3102 600 Ipsius
3139 524 3430 600 siquidem
3454 526 3581 582 erat
3599 522 3656 580 id
3692 523 3847 598 quod

428 610 684 686 ἐνεγκεῖν,
717 610 806 664 καὶ
835 611 897 666 τὸ
930 611 1063 689 ὑπὲρ
1095 614 1308 668 πάντων
1347 610 1574 688 εὔλογον
1619 613 1895 668 ἀποσῶσαι
1947 614 2083 689 πρὸς

424 701 514 755 τὸν
550 700 782 776 Πατέρα.
819 700 995 776 Λόγος
1029 704 1132 780 γάρ
1167 700 1238 757 ὢν
1271 708 1366 758 τοῦ
1399 710 1608 778 Πατρός
1640 703 1728 757 καὶ
1774 701 1902 776 ὑπὲρ
1954 704 2085 757 πάν-

425 811 520 852 τας
572 787 668 860 ὢν,
702 787 1019 854 ἀκολούθως
1074 791 1164 846 καὶ
1208 791 1484 847 ἀνακτίσαι
1532 793 1598 846 τὰ
1638 788 1741 847 ὅλα
1771 796 1882 867 (75)
1920 793 2082 865 μόνος

423 879 490 949 ἦν
526 877 772 951 δυνατὸς,
804 878 893 934 καί
929 880 1058 955 ὑπὲρ
1112 883 1326 936 πάντων
1377 884 1586 953 παθεῖν,
1619 883 1707 936 καὶ
1760 876 2081 958 πρεσϐεῦσαι

421 969 546 1044 περὶ
578 971 792 1024 πάντων
827 969 1009 1032 ἱκανὸς
1039 972 1178 1046 πρὸς
1203 971 1294 1026 τὸν
1329 971 1562 1046 Πατέρα.

491 1149 546 1203 8.
595 1147 798 1202 Τούτου
866 1146 931 1216 δὴ
998 1146 1175 1204 ἕνεκεν
1229 1150 1256 1205 ὁ
1303 1150 1596 1224 ἀσώματος
1662 1151 1752 1206 καὶ
1812 1151 2081 1230 ἄφθαρτος

417 1235 508 1291 καὶ
540 1233 705 1298 ἄυλος
735 1242 833 1292 τοῦ
864 1242 998 1292 Θεοῦ
1041 1237 1219 1315 Λόγος
1261 1241 1613 1314 παραγίνεται
1665 1241 1741 1302 εἰς
1793 1241 1892 1309 τὴν
1940 1242 2078 1312 ἡμε-

418 1325 576 1400 τέραν
634 1327 845 1402 χώραν,
881 1323 999 1381 οὔτι
1059 1348 1123 1402 γε
1187 1329 1392 1402 μακράν
1455 1326 1527 1383 ὢν
1580 1329 1842 1405 πρότερον
1880 1347 1892 1360 °
1927 1326 2080 1383 οὐδὲν

421 1415 524 1490 γὰρ
583 1414 747 1470 αὐτοῦ
796 1415 946 1471 κενὸν
1007 1415 1397 1472 ὑπολέλειπται
1447 1425 1549 1487 τῆς
1605 1415 1829 1480 κτίσεως
1895 1418 2079 1494 μέρος,

420 1505 594 1558 πάντα
652 1501 709 1558 δὲ
767 1501 856 1559 διὰ
914 1507 1126 1560 πάντων
1171 1505 1533 1580 πεπλήρωκεν
1581 1508 1738 1570 αὐτὸς
1789 1511 1958 1562 συνὼν
2002 1512 2082 1579 τῷ

423 1593 615 1647 ἑαυτοῦ
673 1593 846 1668 Πατρί
879 1617 890 1628 ·
927 1593 1073 1650 ἀλλά
1118 1595 1470 1672 παραγίνεται
1518 1593 1956 1672 συγκαταϐαίνων
2013 1600 2082 1670 τῇ

426 1681 504 1744 εἷς
580 1685 729 1755 ἡμᾶς
809 1683 973 1739 αὐτοῦ
1048 1683 1428 1763 φιλανθρωπίᾳ
1483 1687 1570 1742 καί
1634 1687 1931 1766 ἐπιφανείᾳ.
1983 1687 2082 1740 Καὶ

428 1769 558 1826 ἰδὼν
589 1772 651 1826 τὸ
682 1771 906 1849 λογικὸν
942 1773 1326 1849 ἀπολλύμενον
1367 1777 1547 1851 γένος,
1579 1777 1668 1832 καὶ
1717 1778 1806 1832 τὸν
1857 1778 2080 1831 θάνατον

421 1861 538 1916 κατ’
596 1860 771 1917 αὐτῶν
854 1863 1215 1938 βασιλεύοντα
1267 1870 1335 1939 τῇ
1396 1868 1568 1944 φθορᾷ
1601 1886 1614 1899 '

423 1951 523 2020 τὴν
558 1949 791 2022 ἀπειλὴν
818 1960 920 2022 τῆς
976 1949 1336 2029 παραϐάσεως
1383 1953 1770 2032 διακρατοῦσαν
1819 1957 1918 2024 τὴν
1968 1946 2088 2009 καθ’

421 2041 582 2112 ἡμῶν
638 2043 983 2119 φθοράν,καὶ
1045 2042 1130 2098 ὅτι
1185 2041 1387 2099 ἄτοπον
1442 2047 1506 2113 ἦν
1561 2045 1666 2120 πρὸ
1715 2049 1812 2099 τοῦ
1856 2042 2086 2118 πληρω-

427 2131 586 2199 θῆναι
616 2131 708 2185 τὸν
740 2131 910 2205 νόμον
945 2130 1173 2202 λυθῆναι
1206 2155 1217 2166 ·
1256 2135 1397 2208 ὁρῶν
1432 2131 1490 2188 δὲ
1517 2134 1607 2188 καὶ
1641 2134 1703 2188 τὸ
1755 2134 1988 2210 ἀπρεπὲς
2036 2131 2088 2187 ἐν

423 2222 506 2290 τῷ
552 2214 952 2292 συμϐεϐηκότι,
985 2216 1069 2276 ὅτι
1120 2220 1192 2275 ὦν
1244 2222 1405 2285 αὐτὸς
1436 2223 1503 2293 ἦν
1537 2221 1900 2298 δημιουργὰς,
1925 2227 2092 2277 ταῦτα

428 2308 834 2385 παρηφανίζετο
869 2329 881 2340 ·
936 2311 1078 2384 ὁρῶν
1159 2309 1215 2365 δὲ
1290 2313 1378 2366 καὶ
1454 2313 1554 2381 τὴν
1620 2317 1725 2366 τίύν
1802 2313 2093 2388 ἀνθρώπων

436 2392 886 2470 ὑπερϐάλλουσαν
917 2398 1131 2471 κακίαν,
1166 2399 1250 2454 ὅτι
1290 2403 1406 2456 κατ’
1439 2400 1628 2476 ὀλίγον
1679 2400 1769 2456 καὶ
1819 2401 2089 2479 ἀφόρητον

437 2485 603 2555 αὐτὴν
649 2483 884 2558 ηὔξησαν
931 2491 1045 2542 καθ’
1094 2489 1342 2544 ἑαυτῶν·
1379 2491 1518 2566 ὁρῶν
1572 2487 1628 2544 δὲ
1675 2490 1764 2545 καὶ
1811 2489 1873 2545 τὸ
1931 2489 2094 2545 ὑπεύ-

438 2577 596 2630 θυνον
647 2577 865 2632 πάντων
920 2582 1028 2632 τῶν
1081 2582 1194 2653 (76)
1241 2580 1536 2656 ἀνθρώπων
1597 2581 1734 2658 πρὸς
1791 2581 1881 2635 τὸν
1938 2581 2093 2634 θάνα-

439 2685 530 2719 τον
583 2684 595 2695 ·
648 2663 876 2736 ἐλεήσας
934 2669 996 2722 τὸ
1057 2664 1211 2743 γένος
1278 2671 1461 2743 ἡμῶν,
1520 2672 1609 2724 καὶ
1667 2673 1764 2740 τὴν
1827 2671 2092 2724 ἀσθένειαν

444 2757 609 2828 ἡμῶν
649 2755 1014 2830 οἶκτειρήσας,
1045 2758 1135 2812 καὶ
1183 2763 1250 2833 τῇ
1306 2761 1477 2838 φθορᾷ
1523 2763 1685 2834 ἡμῶν
1733 2756 2096 2835 συγκαταϐὰς,

442 2845 533 2898 καὶ
593 2846 693 2914 τήν
736 2850 833 2900 τοῦ
877 2848 1104 2903 θανάτου
1153 2850 1416 2924 κράτησιο
1469 2849 1566 2904 ούκ
1598 2848 1818 2924 ἐνέγκας
1846 2852 1981 2921 (77),
2008 2847 2102 2903 ’ίνα

451 2935 526 3006 μὴ
576 2935 637 2988 τὸ
685 2936 977 3010 γενόμενον
1034 2936 1329 3011 ἀπόληται,
1361 2939 1450 2993 καὶ
1501 2939 1576 3000 εἰς
1631 2938 1794 3016 ἀργὸν
1837 2944 1934 2993 τοῦ
1995 2945 2101 2992 ΙΙα-

445 3025 572 3099 τρὸς
620 3025 683 3078 τὸ
740 3025 816 3088 εἰς
872 3027 1187 3102 ἀνθρώπους
1248 3027 1404 3104 ἔργον
1466 3028 1629 3082 αὑτοῦ
1680 3028 1924 3104 γένηται,
1959 3028 2100 3100 λαμ-

448 3108 601 3168 ϐάνει
679 3115 852 3186 ἑαυτῷ
907 3121 1086 3190 σῶμα,
1136 3117 1225 3172 καὶ
1284 3122 1444 3173 τοῦτο
1504 3118 1603 3173 οὐκ
1660 3117 1950 3192 ἀλλότριον
2009 3123 2106 3172 τοῦ

448 3204 742 3279 ἡμετέρου.
779 3204 851 3258 Ού
911 3207 1014 3280 γὰρ
1069 3205 1258 3268 ἁπλῶς
1315 3207 1580 3278 ἠθέλησεν
1632 3207 1684 3261 ἐν
1746 3209 1960 3280 σώματι
2013 3228 2108 3282 γε-

1676 1868 1816 1943 ὁρῶν
1881 1863 1937 1920 δὲ
1992 1865 2082 1919 καὶ
2117 1902 2166 1967 Β

1865 1957 1876 1967 .
2041 1946 2088 1967 Α.

2197 621 2537 688 corruptum
2568 623 2711 684 erat,
2736 617 3142 690 incorruptum
3165 618 3379 673 iterum
3401 615 3641 671 reddere
3663 618 3722 670 et
3742 630 3846 688 pro

2196 706 2471 762 omnibus
2494 707 2551 761 id
2576 708 2729 778 quod
2755 707 2980 761 Patrem
3003 707 3242 763 decebat
3259 721 3506 760 servare.
3526 706 3672 761 Cum
3689 703 3848 759 enim

2194 795 2383 851 Patris
2405 795 2481 850 sit
2497 795 2771 867 Verbum,
2792 800 2846 851 et
2863 795 3320 867 omnibuslonge
3341 793 3667 864 antecellat,
3687 793 3849 849 solus

2195 902 2427 957 quoque
2458 885 2583 956 ipse
2625 885 2838 940 idcirco
2890 885 3164 940 universa
3213 884 3541 939 instaurare
3574 884 3837 955 poterat:

2193 973 2356 1031 solus
2378 974 2624 1029 idoneus
2649 974 2757 1029 fuit
2777 973 2878 1045 qui
2902 991 3002 1046 pro
3030 973 3306 1030 omnibus
3327 975 3646 1045 pateretur,
3671 974 3728 1027 et
3743 987 3846 1044 pro

2193 1065 2422 1120 cunctis
2454 1065 2608 1134 apud
2642 1063 2868 1118 Patrem
2909 1063 3310 1120 intercederet.
3719 1055 3727 1064 ’

2263 1155 2317 1209 8.
2353 1158 2555 1225 Itaque
2585 1153 2765 1223 hujus
2804 1153 2883 1208 rei
2940 1153 3128 1225 gratia
3185 1152 3594 1224 incorporeum
3624 1153 3683 1206 et
3715 1166 3843 1206 cor-

2193 1261 2260 1298 ru
2269 1242 2484 1314 ptionis
2505 1259 2571 1297 ac
2593 1241 2848 1297 materiae
2869 1259 3072 1314 expers
3089 1241 3189 1298 Dei
3207 1241 3485 1308 Verbum,
3503 1240 3564 1296 in
3580 1243 3846 1296 nostram

2191 1333 2490 1406 regionem
2523 1331 2774 1398 advenit,
2808 1347 3147 1403 quanquam
3175 1336 3345 1418 antica
3374 1348 3488 1386 non
3521 1327 3723 1403 procul
3747 1329 3848 1385 ab-

2192 1426 2352 1478 erat:
2389 1421 2550 1476 nulla
2578 1420 2733 1476 enim
2779 1437 2913 1493 pars
2966 1419 3171 1475 mundi
3217 1417 3314 1475 illo
3367 1436 3629 1492 unquam
3659 1434 3845 1475 vacua

2194 1511 2322 1582 fuit,
2357 1512 2455 1566 sed
2491 1527 2607 1566 una
2628 1527 2762 1566 cum
2785 1527 2892 1566 suo
2915 1514 3084 1564 Patre
3105 1509 3390 1566 exsistens
3409 1507 3609 1564 omnia
3627 1506 3848 1580 ubique

2194 1600 2496 1673 implebat.
2528 1600 2700 1655 Venit
2729 1616 2860 1655 vero
2907 1616 3015 1655 sua
3061 1615 3198 1672 erga
3226 1615 3334 1654 nos
3381 1596 3761 1670 benignitate,
3792 1599 3852 1651 et

2194 1695 2486 1762 quatenus
2517 1706 2644 1744 sese
2670 1689 2863 1761 palam
2896 1687 3066 1744 nobis
3115 1686 3397 1744 exhibuit.
3439 1686 3682 1758 Nempe,
3714 1701 3852 1742 cum

2193 1779 2501 1835 hominum
2535 1795 2722 1851 genus
2770 1777 3030 1845 interire,
3080 1781 3136 1832 et
3188 1779 3438 1832 mortem
3485 1779 3691 1832 contra
3717 1774 3853 1832 illos

2195 1869 2570 1941 corruptione
2601 1867 2892 1923 dominari
2927 1871 3231 1936 cerneret;
3281 1883 3417 1922 cum
3463 1865 3566 1922 Dei
3600 1864 3852 1922 commi-

2198 1959 2432 2015 natione
2462 1963 2520 2014 et
2549 1956 2840 2014 sententia
2871 1958 2929 2012 in
2952 1955 3483 2030 transgressionem
3505 1955 3645 2023 lata,
3671 1955 3859 2012 nostri

2199 2048 2634 2120 corruptionem
2691 2046 3052 2103 corroborari
3110 2046 3353 2113 videret,
3413 2045 3860 2118 absurdumque

2200 2154 2328 2193 esse
2360 2137 2545 2209 legem
2581 2136 2724 2192 solvi
2767 2141 3084 2208 antequam
3133 2135 3478 2208 impleretur
3506 2151 3520 2191 :
3553 2151 3688 2190 cum
3717 2133 3860 2190 item

2201 2227 2528 2282 attenderet
2559 2243 2674 2281 non
2707 2226 2909 2281 decere
2940 2242 3007 2280 ea
3039 2224 3216 2280 deleri
3239 2240 3492 2296 quorum
3520 2223 3646 2297 ipse
3667 2223 3859 2296 opifex

2203 2320 2356 2372 esset
2379 2333 2390 2369 :
2428 2331 2681 2386 cumque
2713 2313 2950 2370 aliunde
2977 2315 3339 2386 conspiceret
3357 2313 3667 2369 hominum
3690 2312 3857 2369 mali-

2203 2403 2347 2459 tiam
2371 2421 2436 2460 su
2447 2422 2550 2477 pra
2569 2405 2809 2460 modum
2826 2420 3103 2471 crescere,
3121 2403 3400 2476 illamque
3417 2402 3699 2475 paulatim
3713 2418 3853 2459 con-

2204 2497 2293 2548 tra
2324 2494 2550 2566 seipsos
2579 2494 2721 2548 adeo
2751 2493 3003 2566 auxisse,
3055 2497 3120 2548 ut
3157 2494 3284 2566 jam
3328 2492 3585 2565 amplius
3615 2491 3852 2549 tolerari

2205 2599 2321 2637 non
2351 2588 2582 2654 posset:
2617 2599 2749 2637 cum
2781 2582 3033 2654 denique
3079 2597 3283 2638 omnes
3331 2581 3600 2638 homines
3648 2581 3857 2638 mortis

2208 2689 2337 2728 reos
2369 2689 2496 2727 esse
2525 2672 2764 2738 videret,
2798 2672 2980 2728 nostri
3012 2671 3138 2745 ipse
3169 2671 3399 2744 generis
3423 2675 3479 2726 et
3500 2670 3865 2728 inﬁrmitatis

2211 2761 2509 2826 misertus,
2545 2768 2862 2834 nostraque
2893 2766 3090 2818 motus
3137 2761 3528 2834 corruptione,
3563 2776 3668 2816 nec
3699 2777 3866 2816 mor-

2212 2859 2329 2906 tem
2357 2851 2414 2906 in
2451 2852 2620 2907 nobis
2651 2851 2942 2907 dominari
2987 2852 3198 2920 ferens,
3246 2867 3318 2908 ne
3348 2849 3572 2906 scilicet
3599 2849 3755 2921 quod
3784 2849 3870 2907 fa-

2214 2946 2372 2996 ctum
2407 2944 2596 2998 fuerat
2626 2941 2859 3014 periret,
2908 2940 3118 3012 suique
3149 2940 3338 2996 Patris
3385 2939 3446 2994 in
3490 2939 3730 2995 homine
3763 2940 3874 2995 for-

2216 3033 2431 3089 mando
2462 3049 2610 3104 opus
2642 3049 2856 3086 vanum
2891 3030 3074 3102 ﬁeret,
3107 3029 3219 3086 sibi
3247 3029 3359 3102 ipsi
3382 3046 3595 3102 corpus
3627 3028 3874 3102 accepit,

2216 3123 2393 3195 idque
2425 3123 2608 3178 nostri
2643 3139 2758 3176 non
2792 3119 3117 3189 dissimile;
3152 3136 3257 3175 nec
3297 3118 3453 3175 enim
3487 3134 3616 3174 esse
3644 3121 3876 3174 tantum

2222 3214 2282 3268 in
2315 3229 2576 3284 corpore,
2608 3210 2696 3266 vel
2727 3209 2919 3265 solum
2952 3225 3231 3281 apparere
3255 3207 3459 3264 voluit.
3487 3208 3656 3275 Nam,
3683 3206 3728 3262 si
3754 3211 3882 3262 tan-

451 3291 652 3359 νέσθαι,
685 3290 810 3347 οὐδὲ
861 3294 1020 3366 μόνον
1075 3293 1240 3364 Δἤθελε
1298 3303 1527 3373 φανῆναι
1563 3293 1827 3350 ’ἐδύνατο
1875 3298 2001 3372 γὰρ,
2065 3295 2101 3350 si

2223 3307 2349 3358 tum
2381 3273 2662 3374 apparere
2691 3273 3007 3367 voluisset;
3031 3273 3329 3370 potuisset
3375 3313 3514 3353 sane
3543 3273 3699 3352 aliud
3731 3312 3880 3368 prae-

456 3379 619 3452 μόνον
647 3379 814 3451 ἤθελε
863 3390 1118 3460 φανῆναι,
1147 3383 1238 3438 καὶ
1287 3383 1356 3439 δι’
1406 3383 1590 3461 ἑτέρου
1637 3384 1948 3460 κρείττονος
2004 3387 2103 3454 τήν

452 3469 765 3546 θεοφάνειαν
823 3471 987 3525 αὐτοῦ
1065 3475 1392 3544 ποιήσασθαι
1445 3493 1458 3505 ο
1509 3471 1655 3528 ἀλλά
1728 3469 1997 3546 λαμϐάνεί
2043 3474 2105 3529 τὸ

453 3559 747 3635 ἡμέτερον,
804 3560 895 3615 καὶ
951 3565 1112 3616 τοῦτο
1170 3562 1275 3639 οὐχ
1345 3561 1555 3625 ἁπλῶς.
1619 3561 1744 3618 ἀλλ’
1804 3563 1854 3634 ἐξ
1915 3564 2108 3639 ἀκράν-

454 3669 550 3702 του
608 3651 720 3723 (78)
770 3650 861 3705 καὶ
933 3650 1213 3725 ἀμιάντου,
1277 3649 1467 3726 ἀνδρὸς
1527 3652 1750 3727 ἀπείρου
1811 3654 2104 3730 Παρθένου,

454 3738 682 3813 καθαρὸν
740 3739 831 3794 καὶ
887 3736 1059 3803 ὄντως
1132 3742 1328 3817 ἀμιγὲς
1382 3749 1482 3812 τῆς
1533 3740 1739 3812 ἀνδρῶν
1801 3743 2104 3806 συνουσίας.

450 3828 624 3891 Αὐτὸς
655 3830 758 3905 γὰρ
792 3826 1013 3892 δυνατὸς
1051 3827 1122 3884 ὣν
1167 3831 1256 3885 καὶ
1308 3824 1646 3908 δημιουργὸς
1693 3837 1797 3887 τῶν
1850 3831 2018 3902 ὅλων,
2054 3832 2104 3887 ἐν

450 3922 518 3992 τῇ
570 3918 826 3995 Παρθένῳ
875 3921 1256 3990 κατασκευάζει
1309 3922 1483 3994 ἑαυτῷ
1533 3923 1657 3976 ναὸν
1708 3921 1770 3976 τὸ
1804 3926 1982 3995 σῶμα,
2016 3923 2106 3976 καὶ

457 4006 804 4064 ἷδιοποιεῖται
859 4015 1022 4064 τοῦτο
1080 4007 1261 4088 ὥσπερ
1320 4007 1565 4086 ὄργανον,
1600 4011 1650 4067 ἐν
1714 4011 1858 4084 αὖτῷ
1907 4033 2108 4087 γνωρι-

456 4097 682 4169 ζόμενος
713 4098 803 4153 καὶ
852 4097 1107 4154 ἐνοικῶν·
1139 4101 1230 4155 καὶ
1281 4099 1455 4164 οὕτως
1508 4101 1613 4156 ἀπὸ
1672 4106 1776 4156 τῶν
1828 4103 2111 4176 ἡμετέρων

455 4185 518 4240 τὸ
569 4185 762 4260 ὅμοιον
824 4184 1035 4257 λαϐὼν,
1070 4185 1159 4243 διὰ
1212 4191 1274 4244 τὸ
1329 4191 1532 4264 πάντας
1593 4190 1917 4254 ὑπευθύνους
1978 4191 2109 4246 εἶναι

453 4279 522 4348 τῇ
571 4280 667 4329 τοῦ
713 4277 966 4343 ,θανάτου
1026 4280 1220 4356 φθορᾷ,
1281 4279 1398 4334 ἀντὶ
1454 4279 1669 4335 πάντων
1719 4279 1846 4334 αύνὸ
1904 4281 2111 4352 θανάτῳ

456 4361 809 4440 παραδιδοὺς,
863 4372 1252 4447 προσῆγε.τῷ
1313 4369 1504 4445 ΙΙατρὶ,
1561 4368 1651 4423 καί
1702 4375 1863 4424 τοῦτο
1910 4368 2112 4448 ’φιλαν-

457 4453 692 4528 θρώπως
725 4458 913 4526 ποιῶν,
943 4453 1052 4527 τίνα,
1102 4455 1177 4518 ὡς
1231 4456 1324 4528 μὲν
1374 4459 1584 4512 πάντων
1636 4458 2008 4513 ἀποθανόντων
2061 4458 2111 4513 ἐν

459 4542 629 4616 αὐτῷ,
663 4540 802 4618 λυθῇ
835 4545 1030 4598 ὁκατά
1085 4551 1186 4614 τῆς
1245 4547 1447 4624 φθορᾶς
1504 4551 1613 4600 τῶν
1674 4547 1966 4622 ἀνθρώπων
2024 4548 2114 4602 νύ-

2220 3392 2480 3448 stantius
2513 3406 2728 3461 corpus
2759 3404 3096 3455 assumere;
3129 3403 3332 3442 verum
3364 3389 3634 3442 nostrum
3667 3401 3882 3457 corpus

2220 3481 2466 3553 accepit,
2501 3480 2678 3551 idque
2708 3495 2824 3533 non
2857 3475 3289 3548 quoquomodo,
3341 3475 3442 3531 sed
3492 3489 3562 3530 ex
3599 3473 3884 3530 inviolata

2219 3576 2276 3626 et
2298 3571 2638 3641 incorrupta
2663 3584 2728 3622 ac
2753 3567 2860 3622 viri
2901 3570 3164 3638 exsperte
3184 3564 3424 3633 Virgine
3459 3580 3675 3638 purum
3705 3579 3883 3619 vere-

2218 3677 2330 3732 que
2362 3658 2584 3714 nullius
2616 3657 2723 3711 viri
2760 3655 3172 3728 conjunctione
3221 3655 3598 3727 inquinatum
3630 3652 3878 3726 accepit.

2219 3751 2365 3809 Nam
2391 3765 2521 3803 cum
2543 3747 2670 3819 ipse
2693 3751 2896 3818 potens
2919 3749 2976 3800 et
2995 3761 3192 3800 rerum
3216 3744 3480 3800 omnium
3525 3743 3604 3800 sit
3623 3742 3880 3812 effector,

2219 3839 2331 3896 sibi
2365 3839 2423 3893 in
2451 3837 2690 3909 Virgine
2722 3834 3035 3907 templum,
3070 3851 3284 3906 corpus
3305 3832 3547 3903 scilicet,
3571 3831 3879 3901 exstruxit,

2218 3929 2478 3999 illudque
2498 3932 2781 3997 tanquam
2803 3923 3264 3980 instrumentum
3284 3923 3392 3979 sibi
3410 3922 3712 3995 proprium
3725 3921 3883 3979 fecit.

2221 4019 2276 4073 in
2304 4035 2418 4090 quo
2463 4033 2525 4071 se
2573 4020 2777 4070 notum
2820 4015 3034 4070 faceret
3057 4018 3113 4069 et
3150 4013 3480 4069 habitaret:
3532 4011 3616 4068 sic
3637 4027 3773 4084 ergo
3805 4010 3885 4066 si-

2222 4107 2347 4163 mili
2379 4121 2619 4176 corpore
2651 4122 2681 4160 e
2713 4102 2928 4159 nostris
2959 4106 3217 4176 accepto,
3267 4102 3407 4175 quia
3437 4118 3642 4158 omnes
3674 4101 3884 4157 mortis

2222 4194 2583 4266 corruptioni
2617 4193 2865 4264 subjecti
2899 4198 3082 4259 erant,
3111 4191 3252 4248 illud
3282 4208 3386 4263 pro
3410 4191 3688 4248 omnibus
3709 4188 3886 4247 morti

2223 4284 2505 4340 traditum
2531 4283 2685 4337 Patri
2712 4298 2944 4337 summa
2963 4296 3098 4336 cum
3118 4280 3478 4352 benignitate
3496 4278 3727 4347 obtulit,
3747 4294 3883 4334 cum

2226 4378 2291 4429 ut
2314 4373 2593 4430 omnibus
2615 4371 2684 4426 in
2719 4372 2848 4441 ipso
2881 4368 3273 4425 morientibus
3304 4369 3393 4424 lex
3413 4369 3484 4423 de
3510 4366 3884 4439 corruptione

2226 4468 2429 4519 contra
2459 4461 2727 4516 homines
2755 4459 2875 4514 lata
2906 4457 3254 4529 solveretur,
3288 4461 3487 4528 utpote
3518 4473 3647 4530 quae
3679 4455 3739 4509 in
3770 4459 3880 4510 Do-

2227 4552 2445 4608 minico
2466 4566 2705 4622 corpore
2730 4565 2900 4604 suam
2922 4548 3039 4602 vim
3062 4547 3488 4618 complevisset,
3511 4560 3616 4602 nec
3637 4542 3883 4617 proinde

467 4654 591 4706 μος,
653 4635 745 4687 ἅτε
800 4631 866 4702 δὴ
917 4631 1309 4707 πληρωθείσης
1361 4643 1463 4704 τῆς
1512 4635 1752 4706 ἐξουσίας
1803 4637 1853 4690 ἐν
1895 4643 1972 4708 τῷ
2019 4659 2101 4691 κυ-

2229 4642 2418 4697 locum
2450 4639 2703 4712 amplius
2735 4639 3014 4693 adversus
3046 4635 3269 4692 similes
3300 4633 3568 4691 homines
3599 4633 3878 4698 haberet;

467 4727 640 4795 ριακῷ
672 4723 909 4796 σώματι,
937 4723 1027 4776 καὶ
1071 4723 1265 4796 μηκέτι
1309 4725 1496 4800 χώραν
1550 4723 1776 4799 ἔχοντος
1822 4729 1955 4780 κατα
2013 4733 2118 4781 τῶν

467 4809 678 4882 ὁμοίων
713 4812 1006 4888 ἀνθρώπων
1041 4831 1052 4844 ·
1087 4814 1161 4876 ὡς
1202 4811 1259 4868 δὲ
1313 4814 1389 4876 εἷς
1440 4816 1639 4892 φθορὰν
1693 4816 2116 4889 ἀναστρέψαντας

464 4899 594 4964 τοὺς
624 4902 942 4978 ἀνθρώπους
971 4901 1138 4958 πάλιν
1177 4904 1254 4968 εἷς
1303 4905 1402 4974 τήν
1453 4905 1744 4983 ἀφθαρσίαν
1797 4904 2117 4981 ἐπιπρέψῂ,

465 4989 556 5044 καὶ
615 4994 931 5066 ζωοποιήοῃ
986 4992 1213 5056 τούτους
1273 4994 1378 5048 ἀπὸ
1432 4999 1529 5049 τοῦ
1589 4995 1837 5065 θανάτου,
1895 5000 1963 5070 τῇ
2021 5001 2119 5051 τοῦ

469 5081 727 5154 σώματος
781 5078 1114 5152 ἰδιοποιησει
1170 5083 1260 5137 καὶ
1309 5087 1377 5157 τῇ
1421 5090 1524 5153 τῆς
1568 5084 1900 5146 ἀναστάσεως
1933 5085 2122 5161 χάριτι

2229 4737 2353 4788 tum
2387 4736 2452 4786 ut
2480 4730 2749 4785 homines
2774 4727 2834 4782 in
2873 4726 3308 4798 corruptionem
3351 4739 3635 4790 reversos,
3665 4723 3880 4778 iterum

2229 4822 2598 4891 incorruptos
2631 4819 2916 4883 redderet,
2951 4821 3124 4888 atque
3149 4832 3183 4870 a
3209 4819 3394 4870 morte
3423 4814 3495 4869 ad
3520 4813 3698 4869 vitam
3721 4828 3882 4868 revo-

2230 4915 2404 4976 caret,
2439 4923 2680 4980 corpore
2712 4907 2868 4977 quod
2918 4905 3031 4961 sibi
3083 4906 3486 4975 assumpserat
3532 4906 3589 4958 et
3632 4916 3886 4957 resurre-

2229 4998 2440 5056 ctionis
2471 4997 2661 5070 gratia
2689 5000 2934 5051 mortem
2969 4995 3041 5051 ab
3081 4993 3186 5061 eis,
3221 5009 3338 5048 non
3369 5007 3540 5048 secus
3571 5007 3638 5048 ac
3667 4987 3887 5060 stipula

2231 5090 2302 5146 ab
2334 5089 2466 5160 igne
2498 5085 2891 5153 consumitus,
2924 5083 3163 5156 penitus
3193 5098 3489 5139 amovens.

461 5170 552 5225 τὸν
585 5168 808 5225 θάνατον
839 5171 929 5224 ἀπ’
959 5169 1132 5226 αὐτῶν
1165 5174 1278 5245 (79)
1310 5172 1385 5234 ὡς
1415 5170 1672 5245 καλάμην
1708 5173 1812 5227 ἀπὸ
1840 5172 2012 5250 πυρὸς
2045 5175 2393 5258 ἐξαφανίζων.

533 5279 648 5352 (75)
679 5279 1009 5353 Βὶογοῐῃοθε
1040 5296 1185 5335 mss.
1217 5285 1392 5353 atque
1419 5280 1502 5336 ita
1519 5298 1731 5353 omnes
1777 5282 2124 5353 interpretes

462 5349 751 5426 legerunt.
785 5351 973 5426 Editio
995 5349 1481 5426 Commel,,'o).og:
1516 5352 1737 5426 Ibidem
1784 5371 1888 5426 pro
1916 5349 2126 5410 ἆνακτί-

463 5423 573 5496 σαῖ,
603 5425 948 5497 Ambrosius
977 5423 1298 5497 Camaldul.
1333 5431 1390 5480 et
1435 5424 1743 5480 Nannnius
1785 5423 2008 5497 legisse
2037 5429 2122 5483 vi-

462 5494 676 5553 dentur
700 5494 1019 5569 ἀνακτῆσαι.
1053 5497 1199 5569 Nam
1233 5495 1326 5569 hic
1368 5500 1602 5569 vertunt
1631 5494 1977 5569 recuperare.

535 5569 651 5638 (76)
680 5572 804 5623 Art.
836 5570 944 5620 τῶν
977 5568 1139 5624 deest
1167 5567 1225 5622 in
1258 5568 1496 5638 Seguer.
1523 5567 1770 5624 Goblerf
1787 5574 1844 5624 et
1869 5571 2119 5625 Felckm.

464 5638 914 5766 iaponipaulo
971 5643 1124 5711 post,
1177 5641 1340 5712 ἡμῶν
1400 5642 1533 5695 ante
1587 5639 1928 5714 οἰκτειρήσας
1959 5643 2140 5698 deest.

467 5726 528 5765 1n
607 5727 683 5766 n2
709 5727 779 5766 ιο.
1363 5751 1368 5754 -

467 5726 528 5765 1D
557 5726 779 5766 ΛΠΩΠΟ.
1363 5751 1368 5754 -

541 5727 1101 5857 ὃῗξὲἓέυοτὶαηυε,
1133 5751 1522 5842 Goblerianus
1571 5788 1627 5840 et
1679 5785 2059 5842 Felckmanni
2093 5787 2118 5840 1

2238 5298 2588 5356 anonymus,
2622 5280 2872 5354 ἐνεγκών.

2306 5343 2419 5427 (78)
2455 5343 2776 5427 Felckm.'2_
2807 5369 2981 5427 anon.
3016 5355 3074 5408 et
3119 5350 3300 5427 editio
3349 5347 3655 5427 Com_mel.,
3687 5343 3888 5427 ᾀρῥάντ

2231 5419 2346 5508 του.
2389 5419 2534 5508 ι’ρίό.
2558 5432 2716 5508 ante
2747 5421 2992 5508 ᾱινὸρόςἈ
3016 5423 3364 5508 particulam
3410 5419 3522 5508 fuit.
3553 5419 3891 5508 exprimunt

2233 5500 2499 5554 Nannius
2518 5503 2573 5552 et
2591 5485 2935 5552 Ambrosius
2950 5485 3214 5550 Camald.
3241 5495 3384 5548 Item
3406 5492 3547 5548 ibid.
3573 5485 3677 5564 pro
3695 5485 3889 5564 ἀνδρός

2235 5570 2482 5641 ἀπείρου,
2515 5568 2740 5640 Adglic.
2779 5565 2985 5639 μητρός
3018 5567 3214 5621 habet.
3249 5567 3406 5620 Idem
3453 5561 3598 5620 ibid:
3631 5580 3734 5636 pro
3766 5561 3890 5633 ἆμι-

2235 5643 2345 5695 γὶς.
2384 5640 2500 5694 ἃνευ
2533 5641 2727 5695 habet.

2232 5643 2345 5702 γὶς.
2384 5643 2500 5694 ἃνευ
2533 5643 2727 5696 habet.

2245 5647 2345 5715 (ἐς.
2384 5647 2500 5694 ἂνευ
2534 5647 2727 5696 habet.

2306 5715 2418 5784 (79)
2442 5718 2678 5794 _S_eguer.
2713 5710 2802 5794 ἀπ’
2855 5707 3029 5794 αρτὄὶν
3090 5712 3247 5794 Ροειξ¹
3276 5706 3509 5794 θάνατον’
3538 5707 3765 5794 hebeti,

2231 5777 2366 5843 cum
2396 5777 2569 5842 editis
2599 5790 2736 5855 post
2762 5781 2952 5859 πυρός.
2987 5784 3053 5839 In
3081 5777 3306 5854 Anglic.
3359 5779 3671 5854 utrobique
3700 5777 3888 5834 deest.
