4160 6440
285 407 397 472 111

827 404 894 474 s.
940 408 1370 472 ATHANASH
1413 363 1584 472 ore.
1632 406 1836 472 PARS
1878 406 1929 469 ι.
1961 440 2040 453 -
2072 402 2496 471 ms'roch
2536 404 2639 470 er
2679 404 3162 470 DOGMATIGA.

3588 386 3705 467 HQ

359 548 415 605 9.
448 532 597 605 Nam
628 562 762 605 cum
791 545 1048 602 Verbum
1081 542 1436 615 intelligeret
1484 559 1601 599 non
1640 558 1812 617 posse
1844 542 1946 598 ali-
1978 598 1981 607 λ

2133 543 2188 597 9.
2224 537 2463 595 Συνιδὼν
2514 540 2617 616 γὰρ
2650 540 2678 594 6
2707 536 2887 614 Λόγος
2934 540 3072 613 (80),
3104 535 3186 594 ὅτι
3235 517 3426 601 ἄλλως
3473 534 3576 594 οὐκ
3603 538 3716 611 (81)

293 640 385 695 ter
411 638 722 694 hominum
754 634 1179 704 corruptionem
1215 632 1379 699 solvi,
1412 632 1528 690 nisi
1559 632 1799 689 omnino
1831 649 1953 688 mo-

295 731 606 784 rerentur:
641 741 772 782 cum
808 725 944 781 item
977 722 1103 779 ﬁeri
1134 740 1249 778 non
1298 726 1525 792 poterat
1574 725 1642 779 ut
1670 723 1951 786 Verbum,

301 819 503 889 utpote
534 813 866 871 immortale
894 816 950 870 et
980 812 1169 868 Patris
1219 812 1423 878 Filius,
1472 815 1830 868 moreretur:
1864 810 1953 866 id-

305 906 462 964 circo
493 922 705 978 corpus
735 904 890 977 quod
921 902 1071 958 mori
1122 905 1321 974 posset
1365 902 1476 958 sibi
1508 902 1856 974 assumpsit,
1890 903 1957 956 ut

303 994 449 1052 illud
488 994 661 1050 Verbi
720 993 982 1049 omnium
1044 991 1310 1064 praesidis
1362 992 1582 1048 factum
1641 990 1957 1063 particeps,

311 1084 484 1141 morti
520 1099 625 1156 pro
654 1082 931 1139 omnibus
961 1083 1107 1138 satis
1139 1086 1313 1149 esset,
1342 1085 1517 1155 atque
1554 1084 1790 1155 propter
1815 1084 1957 1137 Ver-

304 1173 447 1230 bum
479 1174 537 1228 in
569 1189 633 1229 se
669 1171 963 1238 habitans,
1013 1171 1421 1244 incorruptum
1469 1173 1860 1244 permaneret,
1895 1186 1961 1225 ac

308 1261 563 1335 denique
599 1262 660 1317 in
708 1265 1008 1335 posterum
1041 1267 1145 1319 44
1173 1262 1469 1330 corruptio
1517 1260 1963 1318 resurrectionis

307 1352 496 1427 gratia
525 1353 598 1409 ab
629 1352 907 1411 omnibus
960 1352 1303 1409 discederet.
1353 1352 1500 1409 Hinc
1551 1368 1764 1424 corpus
1807 1350 1963 1423 quod

314 1441 428 1501 sibi
460 1440 587 1514 ipse
617 1442 858 1514 accepit,
888 1442 1049 1499 velut
1075 1442 1329 1499 hostiam
1376 1445 1436 1498 et
1476 1440 1773 1498 victimam
1805 1438 1965 1497 omni

306 1546 519 1605 puram
577 1531 812 1588 macula
838 1530 1012 1589 morti
1043 1532 1357 1602 oﬂ‘erendo,
1388 1535 1637 1589 mortem
1659 1532 1858 1588 statim
1894 1530 1966 1587 ab

313 1619 593 1678 omnibus
625 1620 941 1689 similibus,
973 1638 1082 1678 suo
1108 1637 1213 1695 pro
1243 1621 1374 1677 aliis
1413 1621 1630 1689 oblato,
1662 1620 1969 1694 propulsa-

315 1710 419 1767 vit.
452 1710 542 1767 Sic
572 1710 729 1767 enim
762 1711 862 1768 Dei
907 1710 1166 1769 Verbum
1209 1711 1482 1783 superius
1513 1711 1790 1768 omnibus
1820 1708 1971 1767 exsi-

318 1806 504 1869 stens,
539 1817 715 1858 suum
743 1801 1031 1872 templum
1060 1805 1119 1858 et
1144 1817 1487 1874 corporeum
1509 1801 1973 1857 instrumentum

2061 629 2121 684 ἂν
2181 627 2369 699 λυθείη
2412 634 2519 686 τῶν
2578 630 2874 703 ἀνθρώπων
2927 630 2963 699 ἡ
3014 628 3207 707 φθορὰ,
3242 625 3289 684 εί
3342 628 3418 702 μῆ
3469 624 3561 684 διὰ
3608 629 3708 683 τοῦ

2060 721 2277 782 πάντως
2309 720 2587 775 ἀποθανεῖν
2620 738 2631 751 ·
2667 717 2774 795 οὐχ
2802 717 2914 773 οἶόν
2936 739 2997 774 τε
3026 715 3085 773 δὲ
3112 720 3178 787 ἧν
3207 716 3299 773 τὸν
3352 715 3527 793 Λόγον
3577 719 3713 774 ἀπο-

2061 812 2232 865 θανεῖν
2293 806 2550 865 ἆθάνατον
2609 803 2737 863 ὅντα
2789 808 2879 864 καὶ
2920 811 3018 863 τοῦ
3063 807 3274 882 Πατρὸς
3304 806 3427 863 Υἳόν
3460 826 3475 841 ·
3506 805 3708 864 τούτου

2060 896 2235 954 ἕνεκεν
2310 900 2373 953 τὸ
2444 896 2739 972 δυνάμενον
2824 899 3106 954 ἀποθανεῖν
3190 896 3365 970 ἑαυτῷ
3435 891 3704 970 λαμϐάνει

2066 992 2246 1061 σῶμα,
2273 985 2364 1043 ’ίνα
2414 992 2576 1043 τοῦτο
2609 990 2721 1061 (82)
2748 991 2846 1043 τοῦ
2903 986 2990 1043 ἐπὶ
3046 989 3257 1043 πάντων
3319 984 3499 1062 Λόγου
3548 1006 3717 1060 μετα-

2067 1072 2259 1149 λαϐὸν,
2294 1077 2411 1133 ἀντὶ
2461 1079 2674 1133 πάντων
2722 1077 2904 1132 ἱκανὸν
2946 1078 3170 1153 γένηται
3212 1081 3293 1149 τῷ
3338 1077 3573 1150 θανάτῳ,
3620 1073 3712 1131 καὶ

2070 1166 2160 1223 διὰ
2195 1168 2286 1222 τὸν
2345 1166 2698 1238 ένοικήσαντα
2755 1165 2932 1242 Λόγον
2991 1164 3258 1245 ἄφθαρτον
3313 1163 3581 1240 διαμείνῃ,
3626 1163 3717 1220 καὶ

2071 1254 2266 1313 λοιπὸν
2312 1258 2417 1313 ἀπὸ
2463 1258 2680 1313 πάντων
2728 1258 2764 1326 ἡ
2815 1257 2989 1335 φθορᾶ
3031 1254 3306 1327 παύσηται
3351 1258 3421 1329 τῇ
3463 1262 3566 1325 τῆς
3598 1256 3724 1310 ἀνα-

2074 1347 2310 1410 στάσεως
2358 1348 2565 1423 χάριτι.
2612 1348 2763 1402 Ὅθεν
2814 1346 2893 1409 ὡς
2941 1345 3138 1423 ἱερεῖον
3185 1344 3277 1401 καὶ
3327 1344 3475 1420 θῦμα
3526 1344 3727 1408 παντὸς

2076 1434 2355 1512 ἐλεύθερον
2389 1433 2609 1504 σπίλου,
2642 1432 2673 1490 ὅ
2702 1434 2862 1498 αὐτὸς
2910 1435 3086 1507 έαυτῷ
3141 1428 3305 1490 ἔλαϐε
3361 1437 3522 1508 σῶμα
3567 1454 3734 1511 προσ-

2079 1528 2225 1602 άγων
2284 1526 2361 1590 εἷς
2409 1528 2656 1599 θάνατον,
2706 1525 2811 1581 ἀπὸ
2865 1526 3078 1581 πάντων
3136 1523 3292 1588 εὐθὺς
3345 1527 3454 1579 τῶν
3513 1523 3722 1597 ὁμοίων

2079 1618 2309 1696 ἠφάνιζε
2379 1614 2472 1671 τόν
2546 1614 2769 1672 θάνατον
2825 1618 2895 1690 τῇ
2954 1618 3241 1693 προσφορᾷ
3292 1617 3391 1670 τοῦ
3445 1611 3729 1685 καταλλή-

2082 1706 2185 1764 λου
2235 1707 2370 1781 (83).
2400 1706 2543 1782 Υπὲρ
2594 1706 2793 1767 πάντας
2842 1706 2946 1781 γάρ
3005 1700 3078 1759 ὢν
3131 1703 3159 1759 ό
3208 1702 3389 1781 Λόγος
3432 1707 3530 1760 τοῦ
3573 1707 3735 1774 Θεοῦ,

2085 1794 2332 1869 εἰκότως,
2361 1796 2452 1852 τὸν
2503 1796 2696 1852 ἑαυτοῦ
2742 1797 2868 1850 ναὸν
2915 1794 3006 1850 καὶ
3052 1792 3118 1850 τό
3157 1792 3466 1867 σωματικὸν
3500 1788 3730 1871 ὄργανον

322 1907 429 1955 pro
460 1890 759 1958 omnibus,
792 1890 877 1947 uti
907 1890 1158 1956 dicebat,
1208 1892 1541 1949 devovendo
1571 1894 1629 1947 et
1656 1890 1973 1959 oil‘erendo,

2092 1887 2375 1963 προσάγων
2410 1884 2707 1961 ἆντίψυχον
2741 1883 2874 1961 ὑπὲρ
2903 1885 3142 1953 πάντων,
3175 1882 3426 1961 ἐπλήρου
3472 1884 3535 1939 τὸ
3584 1883 3734 1983 ὀφει-

320 1978 382 2036 id
406 1981 561 2052 quod
581 1980 974 2037 debebaturin
996 1984 1183 2038 morte
1198 1978 1389 2051 solvit,
1409 1984 1584 2052 atque
1600 1980 1681 2036 ita
1702 1979 1980 2036 omnibus

2092 1976 2321 2052 λόμενον
2370 1974 2420 2032 έν
2471 1976 2583 2050 (84)
2629 1978 2709 2049 τῷ
2764 1975 2977 2048 θανάτῳ
3009 1991 3022 2007 ’
3054 1975 3145 2030 καὶ
3199 1973 3375 2037 οὓτως
3425 1974 3597 2029 συνὼν
3648 1970 3738 2029 διὰ

323 2084 428 2140 per
456 2066 648 2125 simile
695 2084 909 2141 corpus
951 2069 1301 2140 conjunclus
1339 2069 1715 2142 incorruptus
1756 2067 1856 2125 Dei
1885 2066 1979 2123 Fi-

323 2156 465 2224 lius,
496 2174 701 2215 omnes
731 2159 1172 2216 resurrectionis
1195 2158 1586 2231 promissione
1608 2157 1982 2231 incorruptos

322 2250 460 2320 jure
481 2254 541 2304 et
561 2247 770 2304 merito
808 2247 1084 2304 reddidit.
1137 2250 1272 2320 Ipsa
1292 2248 1585 2317 siquidem
1611 2247 1820 2305 mortis
1851 2264 1982 2303 cor-

328 2338 525 2412 ruptio
546 2337 772 2394 nullam
795 2338 921 2410 jam
951 2338 1071 2395 vim
1103 2339 1384 2395 adversus
1416 2337 1685 2395 homines
1711 2337 1889 2394 habet
1909 2336 1982 2393 ob

330 2428 593 2485 Verbum
625 2428 781 2500 quod
812 2427 873 2483 in
928 2427 1047 2484 illis
1103 2443 1208 2500 per
1263 2444 1449 2484 unum
1491 2444 1704 2500 corpus
1733 2426 1981 2483 habitat.

332 2515 578 2589 Nempe,
599 2516 1099 2588 quemadmodum
1118 2516 1177 2601 si
1181 2532 1433 2589 magnus
1446 2506 1657 2585 aliquis
1670 2516 1986 2589 imperator

333 2606 396 2662 in
418 2604 713 2677 insignem
736 2604 994 2676 aliquem
1030 2604 1235 2662 urbem
1269 2605 1595 2677 ingressus,
1627 2604 1686 2661 in
1709 2621 1829 2661 una
1857 2604 1987 2675 ejus

331 2695 509 2751 domo
531 2696 813 2761 maneret,
836 2693 895 2749 id
918 2693 1175 2751 maximo
1221 2694 1431 2751 honori
1463 2693 1547 2750 illi
1569 2693 1785 2751 civitati
1810 2697 1987 2762 esset,

329 2794 591 2840 nec’eam
611 2784 755 2839 tunc
771 2780 861 2839 vel
888 2782 1077 2839 hostis
1097 2782 1188 2841 vel
1215 2782 1362 2840 latro
1386 2784 1628 2840 auderet
1676 2784 1946 2840 divexare
1969 2799 1983 2839 :

329 2873 434 2931 sed
465 2870 661 2945 potius
690 2872 763 2927 ob
792 2871 1206 2944 imperatorem
1238 2873 1297 2929 in
1330 2889 1451 2929 una
1479 2874 1609 2945 ejus
1638 2874 1811 2930 domo
1837 2889 1990 2929 com-

2084 2071 2184 2123 τοῦ
2242 2063 2440 2141 ὁμοίου
2495 2069 2612 2128 τοῖς
2667 2070 2827 2120 πᾶσιν
2860 2065 2888 2119 6
2919 2059 3192 2144 ἄφθαρτος
3245 2066 3343 2119 τοῦ
3401 2066 3539 2119 Θεοῦ
3591 2064 3737 2134 Υἱὸς,

2090 2155 2314 2219 εἰκότως
2399 2156 2603 2218 πάντας
2689 2151 2940 2210 ἐνέδυσεν
2997 2153 3292 2233 ἀφθαρσίαν
3361 2154 3476 2227 (85)
3543 2151 3594 2209 ἒν
3668 2155 3739 2228 τῇ

2088 2247 2212 2325 περὶ
2269 2253 2373 2318 τῆς
2429 2244 2766 2309 ἀναστάσεως
2818 2243 3139 2322 ἐπαγγελίᾳ.
3188 2244 3288 2301 Καὶ
3343 2243 3480 2315 αὐτὴ
3540 2245 3645 2321 γὰρ
3701 2244 3738 2314 ἦ

2091 2337 2144 2394 έν
2200 2341 2281 2410 τῷ
2335 2337 2548 2409 θανάτῳ
2606 2336 2779 2414 φθορά
2831 2334 2970 2391 κατὰ
3017 2337 3126 2390 τῶν
3197 2333 3493 2410 ἀνθρώπων
3564 2332 3745 2389 οὐκέτι

2091 2429 2280 2505 χώραν
2317 2424 2434 2503 ἔχει
2485 2422 2575 2481 διὰ
2626 2425 2718 2480 τὸν
2776 2422 3130 2495 ένοικήσαντα
3184 2422 3362 2500 Λόγον
3412 2422 3465 2480 έν
3522 2422 3742 2487 τούτοις

2093 2515 2183 2573 διὰ
2226 2519 2323 2572 τοῦ
2382 2514 2497 2578 ἒνὸς
2558 2514 2855 2587 σώματος·
2900 2512 2989 2569 καὶ
3046 2512 3227 2590 ὣσπερ
3283 2511 3527 2590 μεγάλου
3589 2514 3744 2590 βασι-

2094 2603 2236 2669 λέως
2300 2602 2635 2666 εῗσελθόντος
2677 2600 2756 2666 εἴς
2800 2623 2922 2659 τινα
2966 2601 3129 2659 πόλιν
3163 2601 3432 2679 μεγάλην,
3460 2602 3553 2659 καὶ
3584 2601 3747 2674 οῗκή-

2095 2715 2287 2758 σαντος
2314 2694 2391 2758 είς
2427 2694 2552 2769 μίαν
2600 2697 2707 2749 τῶν
2754 2691 2807 2749 έν
2857 2691 2994 2767 αὐτῇ
3045 2691 3252 2760 οἰκιῶν,
3284 2692 3501 2755 πάντως
3541 2693 3577 2762 ἡ
3626 2712 3748 2748 τοι-

2097 2786 2229 2857 αὕτη
2284 2782 2449 2847 πόλις
2502 2788 2671 2857 τιμῆς
2728 2780 2953 2852 πολλῆς
3009 2784 3376 2853 καταξιυῦται,
3425 2778 3516 2837 καὶ
3566 2779 3749 2837 οὐκέτι

2092 2897 2179 2939 τις
2209 2873 2405 2952 ἐχθρὸς
2448 2872 2619 2943 αὖτήο
2668 2868 2793 2928 οὔτε
2846 2868 3053 2946 λῃστὴς
3114 2865 3406 2927 ἐπιϐαίνων
3466 2868 3752 2946 καταστρέ-

331 2963 662 3019 morantem
693 2960 1147 3033 diligentissime
1176 2962 1571 3019 custodiretur
1595 2979 1608 3019 :
1642 2963 1725 3019 ita
1753 2980 1981 3035 quoque

2096 2984 2203 3043 φει,
2258 2964 2437 3033 πάσης
2486 2959 2545 3017 δὲ
2591 2958 2804 3036 μᾶλλον
2857 2957 3175 3034 ἐπιμελείας
3234 2958 3473 3043 ἀξιοῦται
3523 2956 3614 3017 διὰ
3656 2959 3748 3015 τὸν

331 3052 491 3108 idem
521 3050 582 3106 in
612 3050 882 3107 omnium
915 3052 1280 3109 moderatore
1311 3052 1446 3108 licet
1475 3053 1804 3109 observare.
1838 3053 1981 3109 Nam

2097 3040 2175 3116 εἷς
2211 3052 2334 3127 μίαν
2375 3051 2545 3122 αὐτῆς
2574 3049 2749 3107 οἰκίαν
2782 3050 3079 3122 οἰκήσαντα
3129 3046 3355 3124 βασιλέα
3386 3040 3613 3112 ’ᾍδτως
3658 3046 3749 3105 καὶ

330 3139 433 3197 ubi
464 3139 561 3196 ille
589 3140 647 3195 in
682 3142 939 3197 nostram
972 3142 1267 3215 regionem
1322 3141 1603 3209 introivit,
1653 3145 1711 3198 et
1741 3142 1851 3199 sibi
1882 3143 1981 3198 do-

2096 3143 2183 3199 έπὶ
2231 3145 2328 3198 τοῦ
2392 3138 2608 3197 πάντων
2669 3140 2940 3217 βασιλέως
2996 3139 3234 3215 γέγονεν.
3299 3135 3585 3201 Ἐλθόντος
3643 3138 3749 3214 γάρ

333 3228 621 3287 micilium
651 3229 711 3285 in
744 3246 862 3286 uno
918 3246 1160 3303 corpore
1215 3248 1284 3289 ex
1353 3231 1571 3289 nostris
1627 3232 1820 3305 elegit,
1854 3248 1981 3288 mox

2098 3232 2263 3289 αὐτοῦ
2322 3229 2409 3287 ἐπὶ
2455 3233 2555 3301 τὴν
2602 3231 2870 3306 ἡμετέραν
2917 3229 3130 3306 χώραν,
3171 3227 3261 3284 καὶ
3308 3228 3629 3301 οίκήσαντος
3676 3228 3754 3291 εἰς

334 3336 539 3377 omnes
561 3318 821 3376 hostium
844 3320 1123 3378 adversus
1143 3321 1417 3378 homines
1439 3321 1668 3379 insidiae
1691 3321 1867 3378 ﬁnem
1889 3322 1981 3379 ha-

2096 3320 2152 3379 έν
2200 3324 2307 3377 τῶν
2357 3318 2567 3395 ὁμοίων
2617 3321 2801 3392 σῶμα,
2832 3315 3027 3374 λοιπὸν
3083 3319 3292 3388 πᾶσαὴ
3323 3317 3462 3373 κατά
3513 3320 3620 3372 τῶν
3667 3316 3758 3372 ἄν·

332 3410 532 3480 huere,
564 3412 622 3464 et
649 3408 855 3465 mortis
913 3410 1234 3482 corruptio,
1293 3411 1467 3483 cujus
1523 3411 1679 3468 vires
1712 3412 1993 3469 adversus

330 3496 467 3555 illos
495 3502 671 3555 tantas
703 3502 878 3555 antea
902 3503 1093 3567 erant,
1140 3500 1380 3573 penitus
1426 3500 1682 3557 evanuit.
1719 3501 1995 3558 Periisset

334 3587 494 3644 enim
523 3585 834 3643 hominum
882 3604 1090 3661 genus,
1151 3589 1267 3645 nisi
1324 3588 1594 3645 omnium
1626 3590 1909 3648 Dominus
1939 3593 1997 3647 et

335 3672 595 3733 servator
624 3675 725 3733 Dei
774 3675 957 3733 Filius
1005 3681 1255 3734 mortem
1305 3683 1766 3753 consumpturus
1817 3681 1996 3737 adve-

337 3764 543 3821 uisset.

410 3852 498 3907 10.
530 3856 813 3910 Caeterum
845 3871 978 3911 vere
1006 3870 1290 3928 magnum
1324 3856 1434 3914 hoc
1481 3873 1631 3931 opus
1660 3857 1868 3914 divinae
1893 3858 1997 3913 bo-

340 3940 511 3999 nitati
542 3941 602 3997 in
634 3942 843 4013 primis
873 3945 1253 4017 congruebat.
1285 3946 1571 4019 Namque,
1609 3948 1659 4004 si
1685 3947 2001 4021 imperator

224 4108 231 4113 _
341 4031 585 4088 domum
615 4031 737 4088 sive
766 4033 974 4090 urbem
1006 4050 1040 4090 a
1068 4050 1132 4090 se
1161 4035 1530 4102 zediﬁcatam,
1580 4053 1646 4094 ac
1679 4037 1888 4093 deinde
1916 4036 2000 4093 ci-

338 4119 501 4176 vium
526 4119 754 4177 incuria
784 4138 819 4177 a
845 4121 1599 4198 latronibusimpugnatam
1622 4142 2000 4199 nequaquam

342 4208 578 4279 deserit,
610 4209 711 4266 sed
742 4214 810 4267 ut
838 4211 1144 4283 proprium
1191 4229 1340 4285 opus
1389 4213 1651 4271 defendit
1698 4219 1755 4272 et
1780 4218 1998 4285 tuetur,

342 4312 534 4369 neque
562 4298 633 4355 ad
666 4297 880 4355 civium
913 4299 1211 4368 inertiam,
1244 4302 1346 4358 sed
1374 4303 1444 4358 ad
1478 4303 1533 4359 id
1570 4305 1727 4376 quod
1759 4303 1872 4360 sibi
1901 4305 2003 4360 de-

342 4403 546 4444 corum
576 4391 667 4445 est
688 4388 961 4461 respicit;
987 4389 1173 4447 multo
1194 4391 1385 4465 magis
1406 4392 1614 4465 optimi
1636 4393 1826 4450 Patris
1848 4393 2004 4450 Deus

2101 3412 2333 3488 θρώπων
2390 3409 2536 3484 παρὰ
2589 3411 2700 3463 τῶν
2732 3406 2961 3488 ξίχθρῶν
3008 3401 3278 3477 ἐπιϐουλὴ
3326 3407 3619 3475 πέπαυται,
3667 3405 3757 3461 καὶ

2101 3486 2144 3572 ἢ
2187 3503 2285 3556 τοῦ
2332 3500 2558 3554 θανάτου
2605 3486 2896 3576 ἠφάνισται
2945 3497 3120 3575 φθορά
3165 3497 3201 3566 ἡ
3250 3491 3425 3552 πάλαι
3490 3494 3608 3551 κατ’
3662 3491 3761 3550 αὖ·

2101 3594 2207 3647 τῶν
2242 3588 2529 3666 ἰσχύουσα.
2564 3586 2983 3665 Παραπωλώλει
3029 3587 3133 3663 γὰρ
3183 3583 3242 3642 ἂν
3287 3587 3350 3642 τὸ
3395 3588 3503 3642 τῶν
3553 3585 3762 3661 ἀνθρώ-

2104 3701 2221 3736 πων
2275 3679 2458 3755 γένος,
2515 3677 2561 3733 εί
2624 3678 2700 3752 μὴ
2735 3677 2764 3732 6
2804 3676 3021 3731 πάντων
3083 3672 3352 3746 δεσπότης
3408 3674 3499 3731 καὶ
3559 3674 3758 3749 Σωτὴρ

2103 3773 2201 3825 τοῦ
2258 3771 2393 3825 Θεοῦ
2471 3767 2596 3829 Υἱὸς
2655 3762 3006 3842 παρεγεγόνει
3061 3766 3199 3842 πρὸς
3253 3766 3318 3821 τὸ
3380 3768 3478 3821 τοῦ
3526 3765 3757 3820 θανάτου

2104 3857 2288 3921 τέλος.

2180 3950 2266 4004 10.
2299 3946 2512 4023 Πρέπον
2685 3941 2747 4001 δὲ
2785 3943 2875 4000 καὶ
2929 3942 3165 4018 μάλιστα
3329 3941 3625 4020 ἁγαθότητι
3663 3946 3765 3997 τοῦ

2108 4039 2243 4092 Θεοῦ
2274 4033 2499 4105 ἀληθῶς
2528 4035 2591 4089 τὸ
2627 4035 2768 4109 μέγα
2791 4038 2955 4091 τοῦτο
2995 4029 3175 4111 ἔργον.
3209 4032 3274 4089 Εἰ
3328 4033 3432 4109 γὰρ
3487 4029 3766 4108 βασιλεὺς,

2107 4125 2506 4187 κατασκευάσας
2562 4122 2736 4179 οἰκίαν
2794 4125 2831 4193 ἢ
2882 4121 3068 4196 πόλιν,
3109 4123 3201 4179 καὶ
3257 4121 3461 4193 ταύτην
3519 4120 3572 4193 ἐξ
3631 4123 3764 4195 ἆμε-

2109 4211 2263 4275 λείας
2319 4215 2426 4267 τῶν
2478 4211 2830 4269 ἐνοικούντων
2888 4210 3315 4287 πολεμουμένην
3377 4211 3481 4267 ὑπὸ
3528 4207 3766 4286 λῃστῶν,

2108 4301 2171 4358 τὸ
2225 4299 2451 4357 σύνολον
2494 4300 2556 4357 οὗ
2605 4305 2839 4379 παρορᾷ,
2873 4300 3002 4358 ἀλλ’
3042 4302 3120 4365 ὡς
3169 4299 3308 4357 ἴδιον
3355 4296 3514 4377 ἔργον
3565 4297 3770 4357 ἐκδικεῖ

2109 4393 2201 4447 καὶ
2255 4392 2568 4466 περισώζει,
2617 4390 2717 4447 οὐκ
2774 4391 2853 4455 είς
2906 4392 3006 4462 τήν
3060 4394 3167 4446 τῶν
3224 4388 3575 4447 ἐνοικούντων
3633 4384 3771 4463 ἀμέ-

342 4476 602 4533 Verbum
633 4477 693 4534 in
725 4478 1156 4551 corruptionem
1189 4481 1503 4538 abeuntem
1555 4480 1866 4539 hominum
1896 4500 1981 4539 nat

2114 4477 2263 4536 λειαν
2321 4480 2561 4559 ἀφορῶν,
2608 4478 2735 4538 ἀλλ’
2792 4480 2868 4543 εἰς
2915 4480 2978 4537 τὸ
3027 4480 3219 4536 ἑαυτοῦ
3275 4480 3481 4555 πρέπον
3512 4498 3527 4513 ’
3569 4475 3772 4550 πολλῷ

341 4571 535 4622 turam
565 4583 679 4624 non
716 4566 1069 4641 dereliquit:
1131 4571 1233 4626 sed
1294 4576 1569 4639 mortem,
1616 4572 1678 4628 in
1709 4588 1886 4645 quam
1918 4572 1981 4628 ill

2112 4568 2282 4626 πλέον
2313 4570 2341 4625 6
2368 4574 2467 4627 τοῦ
2497 4571 2812 4646 παναγάθου
2843 4569 2974 4632 Θεὸς
3017 4568 3195 4645 Λόγος
3246 4564 3461 4644 Πατρός
3509 4566 3588 4631 εἷς
3635 4567 3769 4647 φθο-

343 4654 734 4721 incurrerant,
766 4657 1002 4730 proprio
1050 4657 1245 4715 oblato
1304 4674 1565 4731 corpore,
1626 4660 1856 4727 delevit,
1887 4660 1981 4717 illo

2115 4659 2209 4732 ράν
2262 4658 2661 4736 κατερχόμενον
2718 4660 2780 4714 τὸ
2839 4655 2909 4715 δι’
2953 4658 3121 4715 αὐτοῦ
3167 4658 3459 4735 γενόμενον
3516 4661 3636 4744 τῶν.
3681 4655 3774 4744 άν-

343 4760 596 4817 rumque
625 4745 1044 4819 negligentiam
1074 4764 1186 4804 sua
1241 4749 1512 4805 doctrina
1563 4749 1914 4819 emendavit,
1949 4767 1978 4807 e

2114 4749 2346 4824 θρώπων
2380 4750 2541 4823 γένος
2572 4748 2633 4805 οὗ
2667 4746 2919 4823 παρεῖδεν
2950 4766 2964 4781 ο
2998 4745 3145 4803 ἀλλὰ
3199 4748 3290 4804 τὸν
3346 4747 3441 4823 μὲν
3490 4738 3774 4821 συμϐεϐη-

345 4833 564 4904 omnia,
588 4850 716 4906 quae
738 4834 1049 4892 hominum
1069 4840 1256 4902 erant,
1292 4853 1403 4894 sua
1422 4837 1476 4893 vi
1485 4840 1725 4895 rtuteao
1745 4840 1981 4912 potenti:

2112 4837 2246 4893 κότα
2273 4838 2499 4893 θάνατον
2534 4837 2808 4913 ἀπήλειψε
2838 4835 2929 4893 διὰ
2962 4838 3064 4907 τῆς
3112 4834 3426 4916 προσφορᾶς
3482 4839 3581 4892 τοῦ
3631 4832 3772 4893 ἰδίου

414 4975 535 5045 (8_O)
566 4976 668 5034 Hic
697 4975 863 5036 locus
891 4979 966 5035 ab
998 4977 1106 5036 bac
1153 4996 1293 5036 voce
1341 4976 1569 5035 συνιδών
1614 4982 1686 5039 ad
1716 4982 1839 5039 haec
1876 4987 2019 5039 ver-'

345 5042 432 5105 ba
453 5042 664 5123 Silva?»
694 5046 813 5123 ἐνὸς
845 5049 1099 5123 σώματος
1123 5049 1357 5123 integer
1382 5053 1633 5108 refertur
1661 5070 1695 5109 a
1737 5054 2003 5112 Theodo-

345 5123 498 5195 reto,
516 5120 753 5195 dialogo
785 5122 841 5187 3,
873 5120 1213 5195 quianam
1247 5120 1611 5195 inscribitur.

418 5190 532 5315 (81)
563 5192 658 5249 Sic
680 5190 823 5249 mss.
848 5190 907 5249 et
928 5193 1150 5251 Theod.
1174 5194 1362 5251 Editio
1391 5199 1587 5252 autem
1609 5195 1913 5259 Commel.,
1938 5194 2002 5250 ob

444 5303 457 5315 .
489 5266 617 5315 Mox
647 5281 750 5315 Dm
774 5264 977 5315 πάντας
1010 5269 1076 5315 ut
1096 5266 1235 5315 editi
1257 5266 1494 5315 habent-
1520 5267 1778 5315 Saeuam.
1810 5267 1976 5315 Gnhl-

346 5281 415 5316 κα

2113 4980 2402 5038 legerunt.

2170 4996 2437 5127 g(§2liqi§v_
2454 5054 2621 5127 abest
2648 5069 2683 5110 a
2709 5042 2928 5109 Theod.
2965 5056 3039 5127 At
3060 5068 3205 5111 mss.
3229 5055 3287 5110 et
3306 5051 3774 5127 edi_t._babent,et

2114 5123 2375 5197 legerunt
2407 5124 2772 5181 Omnibonus
2800 5129 2858 5181 et
2876 5124 3146 5197 Ambrps,
3179 5124 3439 5197 Camald.
3458 5124 3615 5197 Ibid.
3638 5127 3775 5197 post

2111 5194 2341 5270 θανάτῳ,
2365 5197 2664 5270 _Theod_or.
2696 5196 2873 5270 habet
2900 5194 2990 5250 καὶ
3023 5194 3197 5270 οῦτως
3241 5194 3772 5270 quvdw_._AnglV8-

444 5303 457 5318 .
483 5266 617 5340 _Mox
647 5281 750 5337 pro
774 5264 1076 5340 πάνταειιι
1096 5266 1237 5340 editi
1257 5266 1499 5340 habent,
1520 5267 1782 5340 Seguer.,
1810 5267 1976 5340 Gobl.

2112 5284 2199 5337 ro,
2224 5263 2424 5330 καῖ’ὡς
2455 5268 2649 5340 συνών.
2684 5267 2797 5324 Alii
2828 5285 2963 5340 cum
3003 5268 3198 5339 editis,
3249 5267 3326 5329 ὡς
3368 5263 3484 5323 οΐόν
3514 5263 3597 5340 re”.
3629 5269 3772 5340 Am-

349 5331 539 5413 Felclg.
576 5337 601 5391 1
639 5331 812 5413 anon.
845 5340 903 5393 et
955 5337 1178 5413 Theod.
1240 5338 1456 5392 πάντων
1486 5331 1708 5395 ὴαὶῐὸυῐ
1730 5358 1742 5399 :
1768 5331 1999 5413 'Anglic.
2112 5331 2348 5413 brosius
2378 5339 2637 5398 Camald.
2671 5341 2900 5397 videtur
2929 5339 3140 5413 legisse
3169 5331 3235 5397 ut
3262 5340 3483 5413 Theod.
3506 5338 3656 5397 Nam
3677 5338 3774 5397 hic

346 5404 544 5484 παντός
570 5408 854 5484 mendose
885 5408 1254 5484 μεθ-πάντως.
1332 5481 1392 5484 __
1508 5481 1521 5484 _
1628 5483 1633 5484 ν
1866 5404 1898 5413 ν
2111 5412 2307 5479 vertit,
2337 5428 2503 5484 eoque
2558 5413 2900 5469 commercio.
2962 5404 3308 5484 Theodoreti
3341 5411 3653 5484 lectionem
3684 5428 3776 5468 se-

419 5477 533 5556 (8?)
561 5477 942 5556 Sicheguer”
989 5480 1198 5556 Basi1.__
1224 5488 1279 5556 et
1331 5481 1547 5537 Theod.
1580 5483 1681 5556 _At
1737 5481 2003 5556 aliicum
2115 5483 2215 5556 qui
2243 5477 2435 5556 visum
2459 5488 2579 5556 est,
2610 5488 2675 5539 ut
2713 5501 2861 5556 quas
2899 5483 3202 5556 meliorem
3257 5496 3500 5541 sensum
3532 5482 3771 5556 efficiat.

347 5548 522 5631 editis
575 5548 1093 5631 τοῦτοιόῐϊιίῐωῐὶῐ.
1159 5552 1305 5609 Ibid.
1364 5569 1469 5625 pro
1520 5551 1734 5607 πάντων
1780 5554 1976 5610 Theod

2132 5548 2802 5631 '_(85)-Goblerianus'et
2842 5554 3199 5612 Felckamini
3261 5558 3286 5613 1
3323 5570 3678 5631 anonymus,
3711 5554 3774 5609 ἀ-

346 5618 773 5704 πάγξειςέαμρτ·
854 5693 999 5704 ....
1366 5618 1385 5625 ’
1446 5695 1560 5704 .-.
1675 5696 1692 5704 -

2114 5618 2365 5704 vomica

439 5690 535 5775 83‘)
566 5690 822 5775 Gubleru
854 5693 1107 5775 Felclg‘m.
1203 5697 1465 5775 an‘o‘ntet
1495 5695 1740 5775 Theod.,
1771 5701 1838 5766 τῆ
1870 5715 1981 5775 κατι

2126 5690 2136 5704 ’
2185 5690 2298 5771 (86)
2329 5697 2518 5755 Editio
2550 5697 2857 5767 Commel.,
2889 5695 3113 5774 πρέποι.

350 5757 608 5832 αλλήλῳ.
645 5762 757 5818 Alii
774 5757 906 5822 eum
921 5764 1114 5835 editis,
1128 5762 1486 5839 καταλλήλου
1508 5772 1571 5826 ut
1588 5757 2002 5843 etinterpretes
