4160 6414
439 455 554 520 H3

441 679 632 736 ἒαυτοῦ
665 678 1006 754 διδασκαλίᾳ,
1038 683 1209 738 πάντα
1238 684 1305 737 τὰ
1349 686 1454 738 τῶν
1513 682 1807 757 ἀνθρώπων
1855 680 1943 738 διὰ
1986 690 2088 752 τῆς

442 771 634 826 ἑαυτοῦ
691 767 972 844 δυνάμεως
1029 773 1398 848 κατορθώσας.
1461 778 1638 828 Ταῦτα
1696 771 1752 828 δὲ
1807 772 1896 828 καὶ
1946 775 2092 848 παρᾶ

439 863 547 916 τῶν
582 861 745 916 αὐτοῦ
775 866 871 917 τοῦ
905 868 1166 939 Σωτῆρος
1195 861 1471 939 θεολόγων
1522 861 1729 940 ἀνδρῶν
1777 865 2091 919 πιστοῦσθαί

441 971 526 1013 τις
588 948 807 1007 δύναται
867 950 1208 1029 ἐντυγχάνων
1254 958 1370 1016 τοῖς
1421 953 1633 1009 ἐκείνων
1686 955 2024 1030 γράμμασιν,

445 1043 557 1115 (87)
615 1063 771 1119 φασιν
825 1061 838 1075 ·
885 1047 946 1099 Ἦ
1001 1043 1104 1119 γὰρ
1173 1042 1354 1118 ἀγάπη
1422 1048 1519 1099 τοῦ
1581 1049 1818 1120 ,Χριστοῦ
1879 1047 2094 1121 συνέχει

443 1133 592 1205 ἡμᾶς
669 1132 952 1209 κρίναντας
1009 1137 1210 1201 τοῦτο,
1270 1132 1388 1205 ὅτι,
1449 1133 1493 1189 εἰ
1553 1133 1628 1197 εἷς
1683 1135 1814 1211 ὑπὲρ
1878 1133 2092 1190 πάντων

448 1216 702 1277 ἀπέθανεν
741 1269 754 1289 ,
817 1221 919 1298 ἄρα
997 1223 1047 1278 οἶ
1127 1226 1318 1286 πάντες
1411 1224 1670 1280 ἀπέθανον
1707 1244 1720 1256 ·
1786 1225 1875 1280 καὶ
1963 1223 2094 1299 ὑπὲρ

443 1312 657 1367 πάντων
720 1312 973 1368 ἀπέθανεν
1010 1361 1024 1385 ,
1079 1311 1171 1368 ’ἶνα
1222 1315 1388 1386 ἡμεῖς
1452 1315 1644 1387 μηκέτι
1721 1316 1932 1378 ἑαυτοῖς
1994 1319 2095 1384 ζῶ-

452 1423 570 1476 μεν,
613 1399 760 1458 ἀλλᾶ
824 1407 904 1475 τῷ
973 1403 1104 1478 ὑπὲρ
1180 1405 1340 1477 ἡμῶν
1415 1404 1736 1460 ἀποθανόντι
1811 1406 1900 1460 καὶ
1975 1407 2097 1461 ἀνα-

447 1494 631 1548 στάντι
688 1490 746 1548 ἐκ
801 1497 1038 1569 νεκρῶν,
1097 1497 1176 1566 τῷ
1233 1494 1416 1568 Κυρίῳ
1473 1496 1632 1569 ἡμῶν
1709 1497 1888 1565 Ἰησοῦ
1963 1497 2099 1568 Χρι-

449 1586 559 1654 στῷ
591 1600 604 1615 ⁸
636 1583 726 1637 καὶ
777 1581 943 1638 πάλιν
978 1602 990 1614 ’
1028 1584 1126 1638 Τὸν
1187 1579 1244 1639 δὲ
1305 1584 1483 1660 βραχύ
1535 1606 1586 1640 τι
1644 1587 1771 1657 παρ’
1828 1583 2098 1662 ἀγγέλους

447 1671 840 1745 ήλαττωμένον
901 1675 1014 1746 (88)
1076 1669 1350 1749 βλέπομεν
1428 1675 1635 1746 Ἰησοῦν
1716 1673 1804 1730 διὰ
1871 1677 1932 1730 τὸ
1994 1676 2097 1731 πά-

450 1762 603 1835 θημα
657 1765 755 1818 τοῦ
811 1763 1043 1818 θανάτου
1103 1761 1227 1838 δόξῃ
1277 1763 1366 1818 καὶ
1420 1768 1558 1838 τιμῇ
1638 1764 2098 1844 ἐστεφανωμένον,

450 1850 600 1915 ὅπως
679 1849 866 1928 ’χάριτι
946 1856 1079 1908 Θεοῦ
1157 1853 1287 1928 ὑπὲρ
1361 1857 1561 1918 παντὸς
1628 1854 1889 1932 γεύσηται
1945 1857 2100 1910 θανά-

1459 459 1750 523 ORATIO
1792 459 1895 522 DE
1936 457 2536 525 INCARNATIONE
2575 457 2842 523 VERBL

3743 455 3861 520 114

440 592 715 663 σώματος,
772 591 871 662 τῆν
936 587 994 648 δὲ
1052 588 1308 661 ἀμέλειαν
1377 590 1552 648 αὐτῶν
1612 589 1959 669 διωρθὼεατο
2016 597 2085 667 τῇ

2209 594 2569 651 instauravit.
2601 598 2732 650 Haec
2762 598 2958 650 autem
2987 593 3394 665 theologorum
3425 590 3742 650 Salvatoris
3771 591 3853 648 di-

2201 684 2562 756 scipulorum
2593 684 2938 741 auctoritate
2967 685 3314 742 confirmare
3336 683 3550 755 poterit
3571 683 3843 756 quisquis

2199 773 2434 829 illorum
2468 773 2686 846 scripta
2739 774 2962 845 legerit,
3003 775 3103 830 ubi
3135 775 3340 831 aiunt:
3395 774 3647 830 Charitas
3692 774 3841 829 enim

2205 864 2408 920 Christi
2434 869 2590 933 urget
2621 880 2740 928 nos,
2771 865 3109 920 .testimantes
3136 865 3254 930 hoc,
3285 868 3550 935 quoniam
3591 865 3644 920 si
3698 879 3845 919 unus

2201 971 2303 1028 pro
2327 954 2578 1010 omnibus
2606 961 2853 1008 mortuus
2881 962 2978 1022 est,
3009 969 3133 1024 ergo
3188 971 3376 1009 omnes
3423 956 3627 1010 mortui
3674 961 3804 1011 sunt
3832 968 3847 1009 :

2203 1052 2253 1102 et
2279 1061 2375 1116 pro
2405 1043 2654 1099 omnibus
2686 1051 2927 1099 mortuus
2953 1047 3050 1111 est,
3081 1049 3143 1099 ut
3172 1061 3269 1100 nos
3298 1061 3409 1100 non
3451 1044 3702 1116 amplius
3746 1059 3848 1100 no-

2206 1135 2286 1191 bis
2315 1129 2584 1201 vivamus,
2640 1132 2734 1189 sed
2774 1135 2826 1189 ei
2853 1135 2950 1205 qui
2974 1149 3077 1204 pro
3112 1134 3267 1190 nobis
3303 1137 3552 1190 mortuus
3598 1137 3676 1189 est
3721 1141 3773 1190 et
3819 1149 3848 1189 e

2204 1226 2438 1281 mortuis
2467 1224 2791 1291 resurrexit,
2848 1225 3075 1280 Domino
3122 1232 3305 1280 nostro
3349 1226 3474 1281 Iesu
3522 1224 3738 1281 Christo
3777 1224 3842 1278 ⁵⁸.

2205 1315 2276 1371 Ει
2307 1330 2572 1370 rursum:
2605 1315 2745 1369 Eum
2784 1318 2992 1382 autem,
3043 1314 3138 1384 qui
3173 1313 3381 1370 modico
3428 1331 3594 1386 quam
3639 1312 3850 1386 angeli

2204 1406 2512 1460 minoratus
2567 1407 2662 1472 est,
2719 1403 2967 1459 videmus
3019 1405 3226 1466 Iesum,
3273 1411 3492 1474 propter
3537 1404 3846 1474 passionem

2205 1494 2619 1564 mortis,gloria
2639 1499 2693 1549 et
2724 1493 2930 1549 honore
2951 1500 3290 1557 coronatum,
3321 1501 3382 1548 ut
3411 1494 3593 1563 gratia
3622 1493 3721 1548 Dei
3750 1508 3851 1563 pro

2206 1585 2457 1641 omnibus
2485 1587 2727 1655 gustaret
2746 1591 2972 1639 mortem
3002 1582 3066 1638 ⁸⁵.
3100 1583 3307 1639 Postea
3351 1583 3507 1639 idem
3565 1582 3852 1638 rationem

2209 1675 2376 1731 affert
2405 1692 2510 1730 cur
2538 1691 2655 1728 non
2687 1673 3010 1745 oportuerit
3041 1671 3242 1740 alium,
3279 1690 3456 1745 quam
3487 1673 3673 1729 Deum
3701 1675 3852 1727 Ver-

2208 1764 2372 1830 bum,
2410 1763 2711 1820 hominem
2765 1763 2917 1818 fieri:
2971 1763 3198 1819 Decebat
3243 1765 3392 1818 enim
3437 1779 3582 1828 eum,
3640 1761 3852 1834 inquit,

2208 1861 2426 1926 prapter
2454 1870 2612 1925 quem
2640 1855 2848 1919 omnia,
2880 1861 2934 1908 et
2961 1869 3064 1924 per
3096 1868 3256 1924 quem
3292 1853 3499 1919 omnia,
3525 1854 3623 1924 qui
3647 1852 3849 1907 multos
3877 1899 3882 1904 .

445 1963 560 1998 του.
598 1943 728 1998 Εἶτα
764 1939 853 1998 καὶ
882 1943 982 2012 τήν
1027 1943 1199 2000 αἷτίαν
1230 1948 1325 1999 τοῦ
1359 1945 1433 2018 μὴ
1467 1942 1636 2001 ἄλλον
1698 1941 1806 2001 δεῖν
1942 1944 2097 2001 αὐτὸν

2214 1945 2354 2012 ﬁlios
2385 1946 2445 1999 in
2473 1946 2709 2015 gloriam
2738 1942 3064 2010 adduxerat,
3099 1951 3382 1999 auctorem
3434 1943 3632 1999 salutis
3662 1958 3854 1998 eorum

446 2033 538 2086 τὸν
599 2032 725 2088 Θεὸν
805 2032 982 2109 Λόγον
1069 2032 1473 2111 ένανθρωπῆσαι
1549 2033 1800 2110 σημαίνει
1873 2033 2051 2111 λέγων
2086 2055 2100 2070 ο

443 2126 680 2200 Ἐπρεπε
738 2123 840 2200 γὰρ
900 2121 1084 2195 αὐτῷ,
1147 2122 1217 2180 δι’
1267 2123 1325 2179 ὃν
1379 2127 1447 2180 τά
1490 2127 1695 2193 πάντα,
1754 2125 1844 2181 καὶ
1915 2123 1986 2180 δι’
2037 2125 2099 2181 οὗ

445 2215 514 2268 τα
587 2214 798 2285 πάντα,
876 2211 1126 2277 πολλοὺς
1201 2214 1353 2278 υἱοὺς
1427 2215 1502 2277 εἷς
1574 2213 1727 2286 δόξαν
1807 2213 2098 2291 ἀγαγόντα,

443 2303 535 2358 τὸν
596 2303 844 2379 ἀρχηγὸν
908 2309 1010 2372 τῆς
1087 2304 1364 2380 σωτηρίας
1441 2304 1615 2360 αὐτῶν
1689 2303 1777 2360 διὰ
1852 2307 2104 2379 παθημά-

441 2414 548 2448 των
605 2391 916 2451 τελειῶσαι.
963 2396 1132 2449 Τοῦτο
1193 2391 1250 2449 δὲ
1307 2394 1557 2468 σημαίνει
1617 2392 1818 2470 λέγων,
1870 2397 1944 2458 ὡς
2005 2394 2104 2450 ούκ

445 2478 621 2538 ἄλλου
651 2483 717 2552 ἦν
754 2481 859 2538 ἆπὸ
889 2489 992 2553 τῆς
1022 2483 1323 2559 γενομένης
1374 2487 1573 2564 φθορᾶς
1615 2483 1748 2548 τοῦς
1787 2486 2102 2562 ἀνθρώπυυς

445 2571 752 2648 ἀνενεγκεῖν
778 2573 814 2642 ἢ
854 2577 950 2628 τοῦ
1006 2579 1138 2629 Θεοῦ
1192 2572 1372 2650 Λόγου
1421 2579 1518 2630 τοῦ
1559 2575 1649 2630 καὶ
1681 2578 1793 2648 (89)
1822 2577 1957 2630 κατᾶ
2000 2576 2100 2645 τήν

451 2662 629 2738 ἀρχὴν
662 2662 1031 2734 πεποιηκότος
1066 2663 1278 2728 αὐτούς.
1313 2665 1431 2720 ’Ότι
1463 2663 1520 2720 δὲ
1561 2662 1649 2720 διὰ
1677 2667 1776 2734 τήν
1822 2664 1945 2741 περὶ
1994 2669 2102 2720 τῶν

447 2749 657 2825 ὁμοίων
711 2750 978 2826 σωμάτων
1038 2751 1219 2808 θυσίαν
1279 2758 1439 2828 τῶμα
1491 2753 1581 2810 καὶ
1639 2753 1796 2818 αὐτὸς
1845 2754 1872 2810 ὂ
1925 2754 2102 2830 Λόγος

447 2836 643 2898 ἔλαϐεν
695 2842 892 2915 ἑαυτῷ,
923 2841 1013 2898 καὶ
1061 2847 1222 2899 τοῦτο
1261 2844 1587 2918 σημαίνουσι
1619 2841 1870 2921 λέγοντες
1904 2864 1917 2877 ’
1952 2844 2102 2900 Ἐπεὶ

449 2932 539 2987 οὖν
614 2933 682 2987 τὰ
753 2930 944 2988 παιδία
1021 2934 1413 3003 κεκοινώνηκεν
1498 2933 1726 3008 α’ίματος
1810 2935 1900 2990 καὶ
1972 2956 2102 3008 σαρ-

443 3023 574 3092 κὸς,
633 3022 722 3077 καὶ
799 3021 958 3086 αὐτὸς
1041 3025 1444 3099 παραπλησίως
1519 3026 1748 3102 μετέσχε
1822 3029 1930 3080 τῶν
2008 3025 2105 3080 αὐ-

445 3116 551 3167 τῶν
590 3157 602 3180 ,
677 3110 766 3167 ’ίνα
842 3109 931 3167 διὰ
1020 3117 1116 3169 τοῦ
1193 3115 1417 3169 θανάτου
1488 3117 1805 3190 καταργήσῃ
1876 3116 1966 3170 τὸν
2041 3116 2104 3170 τὸ

446 3202 643 3275 κράτος
740 3195 940 3277 ἔχοντα
1010 3206 1108 3258 τοῦ
1178 3205 1450 3272 θανάτου,
1505 3205 1750 3260 τουτέστι
1821 3205 1911 3259 τὸν
1991 3201 2106 3259 διά-

447 3285 656 3358 ϐολον,
710 3289 801 3345 καὶ
861 3288 1147 3365 ἀπαλλάξῃ
1219 3291 1486 3363 τούτους,
1549 3291 1666 3348 ὅσοι
1722 3288 1877 3372 φόϐῳ
1949 3293 2106 3348 θανά-

2207 2051 2306 2108 per
2331 2035 2640 2107 passionem
2665 2050 3048 2090 consummare
3067 2033 3127 2089 ⁸⁸.
3154 2034 3378 2098 Quibus
3401 2033 3638 2106 quidem
3661 2031 3856 2088 verbis

2211 2125 2506 2199 signiﬁcat
2535 2143 2648 2181 non
2681 2124 2923 2181 alterius
2981 2125 3163 2180 fuisse
3216 2123 3486 2180 homines
3539 2123 3611 2180 ab
3659 2125 3858 2179 exorta

2211 2216 2584 2289 corruptione
2622 2232 2910 2283 revocare,
2943 2231 3121 2286 quam
3171 2215 3269 2270 Dei
3317 2213 3515 2280 Verbi,
3549 2231 3582 2270 a
3612 2229 3728 2286 quo
3777 2211 3852 2268 ab

2210 2307 2376 2363 initio
2407 2307 2582 2363 creati
2615 2309 2798 2362 erant.
2833 2307 2992 2372 Quod
3026 2309 3223 2361 autem
3253 2303 3468 2360 idcirco
3496 2304 3691 2376 ipsum
3721 2302 3861 2357 Ver-

2208 2397 2352 2452 bum
2373 2397 2496 2453 .sibi
2529 2412 2739 2468 corpus
2769 2394 3010 2467 accepit,
3043 2398 3108 2450 ut
3133 2395 3371 2451 victima
3400 2411 3502 2466 pro
3556 2392 3852 2450 similibus

2212 2487 2552 2559 corporibus
2570 2486 2750 2554 fieret,
2766 2485 2943 2541 iidem
2961 2483 3190 2558 quoque
3210 2485 3320 2542 hoc
3341 2485 3514 2541 modo
3537 2482 3858 2540 declarant:

2214 2578 2355 2646 Quia
2382 2593 2511 2650 ergo
2543 2577 2708 2648 pueri
2729 2577 3266 2632 communicaverunt
3293 2575 3452 2630 carni
3479 2584 3535 2631 et
3561 2571 3856 2642 sanguini,

2210 2676 2262 2724 et
2292 2668 2409 2732 ipse
2437 2667 2694 2722 similiter
2717 2664 2812 2723 45
2847 2667 3205 2737 participavit
3233 2664 3456 2729 eisdem,
3486 2667 3547 2720 ut
3574 2679 3671 2734 per
3716 2678 3860 2718 mor-

2211 2765 2319 2813 tem
2349 2757 2650 2812 destrueret
2671 2773 2796 2812 eum
2825 2756 2922 2827 qui
2951 2755 3178 2811 habebat
3200 2756 3393 2811 mortis
3442 2755 3758 2826 imperium.
3801 2753 3858 2809 id

2212 2851 2290 2904 est
2318 2847 2620 2915 diabolum,
2653 2849 2704 2902 et
2734 2846 2991 2902 liberaret
3020 2862 3134 2912 eos,
3167 2847 3266 2917 qni
3291 2846 3488 2901 timore
3527 2845 3719 2900 mortis
3763 2859 3863 2914 per

2213 2941 2378 2994 totam
2406 2937 2577 2992 vitam
2605 2937 2834 2992 obnoxii
2851 2939 3010 2992 erant
3027 2937 3285 2992 servituti
3304 2936 3367 2991 ⁵⁷.
3392 2934 3695 3007 Siquidem
3717 2947 3853 3006 pro-

2213 3027 2410 3100 prium
2443 3043 2658 3098 corpus
2687 3023 3070 3090 immolando,
3104 3025 3217 3097 legi
3249 3026 3556 3081 adversum
3591 3041 3696 3079 nos
3726 3023 3856 3079 latae

2214 3119 2391 3174 ﬁnem
2423 3115 2728 3186 imposuit,
2751 3119 2808 3171 et
2825 3115 2957 3170 vitae
2983 3114 3363 3187 principium,
3389 3130 3492 3188 spe
3517 3113 3863 3186 resurgendi

2214 3209 2372 3272 data,
2396 3205 2894 3262 nobisinnovavit.
2912 3205 3058 3270 Quia
3079 3205 3233 3261 enim
3250 3221 3409 3262 mors
3430 3223 3498 3260 ex
3520 3203 3864 3260 hominibus

2213 3297 2364 3353 vires
2394 3296 2453 3351 in
2485 3295 2754 3352 homines
2778 3299 3096 3367 acceperat,
3119 3294 3257 3350 hinc
3274 3311 3376 3366 per
3397 3295 3580 3351 Deum
3600 3292 3861 3350 Verbum

643 3355 652 3358 _
1474 3355 1484 3363 .
1735 3355 1744 3372 .
1850 3355 1859 3366 .

443 3400 542 3434 του
619 3375 710 3434 διὰ
782 3381 982 3442 παντὸς
1056 3386 1152 3436 τοῦ
1225 3384 1320 3455 ζῇν
1388 3381 1576 3458 ἔνοχοι
1634 3383 1770 3452 ἦσαν
1827 3379 2097 3446 δουλείας.

2217 3385 2560 3443 hominibus
2593 3386 2836 3454 factum,
2869 3384 3075 3441 mortis
3108 3383 3322 3440 solutio
3353 3387 3412 3440 et
3439 3383 3568 3439 vitae
3605 3397 3865 3439 resurre-

441 3471 518 3542 Τῇ
569 3468 672 3544 γὰρ
720 3464 818 3522 τοῦ
863 3467 1004 3524 ίδίου
1054 3470 1310 3543 σώματος
1359 3470 1533 3543 θυσίᾳ,
1565 3472 1654 3526 καὶ
1683 3470 1844 3535 τέλος
1874 3470 2104 3542 ἐπέθηκε

442 3561 521 3632 τῷ
550 3558 664 3613 καθ’
694 3558 844 3632 ἡμᾶς
875 3557 1054 3634 νόμῳ,
1095 3559 1184 3614 καὶ
1217 3560 1394 3636 ἀρχὴν
1441 3566 1586 3631 ζωῆς
1635 3563 1770 3636 ἡμῖν
1820 3561 2097 3631 ἐκαίνισεν,

445 3643 643 3702 ἐλπίδα
697 3651 800 3716 τῆς
859 3647 1198 3711 ἀναστάσεως
1259 3645 1530 3712 δεδωκώς.
1592 3646 1812 3719 Ἐπειδὴ
1874 3650 1978 3727 γὰρ
2039 3649 2092 3722 ἐξ

443 3736 739 3815 ἀνθρώπων
802 3734 880 3800 εἷς
930 3738 1249 3814 ἀνθρώπους
1298 3739 1326 3793 6
1383 3735 1608 3802 θάνατος
1667 3739 1950 3815 ἐκράτησε,
2013 3737 2102 3795 διὰ

408 3831 601 3883 ’τοῦτο
633 3824 798 3882 πάλιν
832 3823 921 3882 διὰ
948 3833 1048 3897 τῆς
1096 3826 1553 3905 ἐνανθρωπήσεως
1598 3832 1696 3885 τοῦ
1746 3833 1879 3886 Θεοῦ
1920 3829 2102 3906 Λόγου

439 3919 474 3988 ἠ
524 3920 625 3972 τοῦ
675 3918 904 3973 θανάτου
957 3914 1252 3981 κατάλυσις
1309 3919 1522 3994 γέγονε,
1571 3921 1663 3975 καὶ
1710 3921 1744 3989 ἠ
1794 3926 1896 3990 τῆς
1954 3925 2102 3990 ζωῆς

441 4009 747 4080 ἀνάστασις⁷
781 4003 1043 4080 λέγοντος
1072 4011 1169 4062 τοῦ
1201 4007 1572 4085 χριστοφόρου
1599 4007 1796 4087 ἀνδρός
1832 4029 1844 4042 ⁸
1876 4007 2098 4080 Ἐπειδὴ

437 4099 541 4174 γὰρ
618 4094 688 4152 δι’
776 4097 1062 4174 ἀνθρώπου
1147 4098 1416 4167 θάνατος,
1488 4099 1578 4154 καὶ
1665 4097 1736 4154 δι’
1814 4100 2101 4175 ἀνθρώπου

439 4187 721 4249 ἀνάστασις
803 4190 1045 4260 νεκρῶν.
1128 4189 1331 4264 Ὥσπερ
1434 4190 1538 4264 γὰρ
1627 4187 1677 4244 ἐν
1764 4193 1844 4262 τῷ
1925 4187 2103 4264 Ἀδὰμ

439 4275 633 4339 πάντες
694 4277 1122 4347 ἀποθνήσκουσιν
1159 4324 1174 4345 ,
1234 4275 1408 4340 οῦτως
1465 4276 1555 4333 καὶ
1613 4277 1666 4333 έν
1732 4283 1813 4352 τῷ
1887 4283 2102 4354 Χριστῷ

439 4367 634 4428 πάντες
687 4367 1197 4436 ζωοποιηθήσονται
1229 4386 1242 4400 ⁸
1294 4368 1383 4422 καὶ
1425 4369 1492 4422 τὰ
1537 4368 1756 4431 τούτοις
1805 4366 2096 4426 ἀκόλουθα.

2212 3475 2334 3532 ctio-
2360 3476 2514 3531 facta
2543 3479 2651 3544 est,
2685 3472 2774 3529 uti
2803 3473 2892 3530 vir
2921 3473 3152 3530 Christo
3182 3473 3394 3546 plenus
3423 3472 3540 3530 ait:
3583 3473 3861 3542 Quoniam

2211 3566 2360 3622 enim
2387 3581 2484 3636 per
2513 3564 2792 3620 hominem
2811 3579 2978 3632 mors,
3009 3572 3061 3621 et
3088 3563 3473 3635 perhominem
3497 3563 3857 3619 ressurrectio

2210 3663 2574 3712 mortuorum.
2609 3655 2746 3711 Nam
2776 3655 2920 3710 sicut
2967 3655 3029 3708 in
3077 3652 3248 3709 Adam
3285 3669 3470 3710 omnes
3517 3653 3856 3718 moriuntur,

2212 3747 2295 3801 ita
2313 3749 2364 3801 et
2380 3745 2440 3800 in
2456 3745 2678 3800 Christo
2701 3759 2886 3799 omnes
2905 3742 3408 3812 viviﬁcabuntur“,
3435 3745 3491 3799 et
3511 3746 3714 3799 caetera
3735 3759 3863 3813 qua;

2212 3838 2563 3907 sequuntur.
2596 3833 2722 3889 Non
2756 3832 2910 3888 enim
2936 3834 3062 3903 jam
3093 3837 3159 3888 ut
3187 3832 3508 3889 damnandi
3542 3831 3864 3890 morimur:

2213 3926 2313 3981 sed
2328 3922 3224 3996 tanquamamortuisexcitandi
3262 3939 3640 3980 communem
3673 3923 3864 3978 omni-

2211 4031 2310 4070 um
2328 4013 2816 4069 resurrectionem
2833 4015 3445 4085 exspectamus,quam
3460 4011 3741 4068 nimirum
3757 4029 3862 4084 pro

2210 4103 2353 4175 priis
2374 4103 2742 4175 temporibus
2764 4101 2893 4170 ejus
2908 4105 3113 4159 auctor
3125 4102 3439 4176 etlargitor
3459 4101 3620 4159 Deus
3641 4103 3864 4159 exhibi-

2208 4197 2382 4249 turus
2404 4196 2513 4249 est.
2541 4193 2743 4264 Itaque
2764 4191 2885 4247 hac
2912 4191 3103 4264 prima
3123 4195 3212 4249 est
3237 4208 3436 4260 causa,
3461 4209 3566 4249 cur
3598 4191 3865 4250 Salvator

2210 4282 2388 4339 homo
2415 4281 2602 4337 factus
2625 4283 2731 4336 est.
2766 4280 3048 4336 Praeterea
3075 4297 3208 4336 eum
3233 4280 3642 4337 convenienter
3660 4283 3862 4338 admo-

2211 4373 2352 4428 dum
2376 4372 2445 4426 ad
2475 4387 2582 4427 nos
2605 4369 2928 4440 advenisse,
2948 4385 3017 4426 ex
3037 4370 3129 4426 his
3153 4369 3533 4443 quoquelicet
3545 4371 3861 4443 percipere.

438 4453 628 4510 Οὐκέτι
690 4453 792 4530 γὰρ
842 4457 932 4508 νῦν
989 4453 1064 4517 ὡς
1121 4454 1570 4533 κατακρινόμενοι
1628 4458 2064 4532 ἀποθνήσκομεν,
2115 4456 2242 4515 ἀλλ’
2298 4459 2374 4521 ὡς
2435 4455 2776 4535 ἐγειρόμενοι
2827 4459 3190 4532 περιμένομεν
3241 4460 3340 4528 τήν
3399 4459 3586 4528 κοινὴν
3645 4459 3859 4513 πάντων

436 4543 742 4616 ἀνάστασιν,
773 4542 840 4612 ἢν
891 4549 1102 4618 καιροῖς
1162 4541 1324 4606 ἰδίοις
1386 4541 1544 4614 δείξει
1575 4545 1602 4600 6
1633 4547 1723 4602 καὶ
1751 4544 1952 4617 ταύτην
1999 4547 2366 4624 ἐργασάμενος
2406 4548 2496 4604 καὶ
2524 4547 2893 4625 χαρισάμενος
2925 4547 3074 4610 Θεός.
3111 4548 3269 4603 Atria
3302 4548 3394 4620 μὲν
3425 4545 3490 4617 δὴ
3525 4548 3714 4624 πρώτη

433 4640 535 4704 τῆς
596 4633 1052 4710 ἒνανθρωπήσεως
1108 4636 1206 4688 τοῦ
1267 4639 1530 4710 Σωτῆρος
1588 4632 1746 4705 αὕτη.
1779 4634 1939 4706 Γνοίη
1995 4635 2042 4692 δ’
2086 4634 2145 4694 ἄν
2194 4660 2278 4702 τις
2327 4637 2491 4694 αὐτοῦ
2539 4639 2638 4708 τῆν
2692 4639 2897 4712 ἀγαθήν
2945 4638 3022 4700 εἷς
3070 4639 3220 4712 ἡμᾶς
3260 4637 3556 4712 παρουσίαν
3614 4635 3862 4714 εὐλόγως

436 4725 758 4799 γεγενῆσθαι
789 4724 879 4779 καὶ
911 4721 971 4780 ἐκ
997 4720 1228 4782 τούτων.

509 4813 595 4871 11.
648 4814 710 4871 Ὁ
765 4813 897 4877 Θεὸς
957 4814 984 4868 6
1042 4813 1258 4869 πάντων
1317 4811 1461 4891 ἔχων
1519 4813 1583 4869 τὸ
1629 4816 1848 4892 κράτος,
1901 4814 1990 4873 ὅτε
2039 4820 2101 4874 τὸ

434 4904 542 4958 τῶν
602 4902 900 4978 ἀνθρώπων
959 4903 1117 4979 γένος
1179 4899 1267 4958 διὰ
1322 4907 1419 4960 τοῦ
1470 4903 1611 4961 ἰδίου
1669 4905 1851 4981 Λόγου
1902 4906 2094 4979 ἐποίει,

432 4988 666 5047 κατιδὼν
715 4988 883 5070 πάλιν
929 4993 1029 5062 τὴν
1083 4992 1354 5048 ἀσθένειαν
1407 4999 1509 5064 τῆς
1542 4993 1754 5073 φύσεως
1785 4995 1985 5067 αὐτῶν,
2018 4996 2096 5060 ὡς

434 5080 542 5159 οὐχ
577 5082 736 5151 ἱκανὴ
768 5081 850 5152 εἴη
877 5079 928 5155 ἒξ
959 5082 1157 5152 ἑαυτῆς
1203 5087 1406 5159 γνῶναι
1436 5085 1526 5139 τὸν
1577 5086 1948 5161 Δημιουργὸν,
1981 5084 2095 5142 οὔδ’

430 5167 596 5236 δαως.
639 5169 845 5228 ἔννοιαν
904 5166 1094 5227 λαϐεῖν
1143 5176 1297 5242 Θεοῦ,
1345 5177 1424 5246 τῷ
1469 5175 1560 5229 τὸν
1626 5175 1720 5248 μὲν
1784 5175 1920 5232 εἶναι
1981 5179 2094 5252 (91)

437 5264 726 5338 ἀγένητον,
756 5263 825 5318 τὰ
875 5259 932 5342 δὲ
981 5261 1032 5333 ἐξ
1091 5261 1189 5341 οῦκ
1245 5257 1412 5318 ὄντων
1464 5265 1810 5340 γεγενῆσθαι,
1860 5267 1949 5321 καὶ
2000 5268 2092 5322 τὸν

503 5364 550 5400 ⁵⁸
579 5364 630 5420 ΙΙ
660 5365 786 5420 Cor.
817 5380 870 5430 ν,
905 5363 993 5429 14,
1027 5362 1114 5418 15.
1191 5363 1236 5399 ⁸⁵
1264 5365 1440 5434 Hebr,
1473 5381 1537 5431 η,
1580 5365 1635 5420 9.

499 5479 612 5550 (87)
644 5478 876 5536 Gobier.
900 5479 969 5554 '_et
997 5477 1262 5554 Felckm.
1290 5481 1550 5554 1_anon.,
1585 5477 1689 5542 o‘ic.
1724 5480 1902 5537 Paulo
1944 5485 2076 5554 post

424 5550 472 5604 ei
504 5555 633 5620 post
662 5567 768 5621 οτι,
807 5552 1094 5610 omittunt
1125 5551 1289 5615 editi,
1322 5552 1542 5609 habent
1569 5569 1703 5610 vero
1734 5570 1878 5610 mss.

495 5623 607 5692 (88)
639 5620 1052 5694 ᾚλαττωμένον
1108 5624 1275 5680 abest
1303 5642 1338 5680 a
1367 5624 1597 5681 Gobler.
1660 5629 1717 5680 et
1762 5626 2019 5682 Felckm.
2045 5626 2079 5681 3

422 5709 596 5766 anon.
628 5695 807 5766 Iidem
839 5700 974 5766 post
1005 5695 1236 5766 Ἰησοῦν,
1271 5697 1501 5752 addunt
1531 5694 1781 5766 Χριστόν.

494 5765 606 5830 (89)
635 5764 734 5821 Καί
765 5764 927 5825 deest
947 5768 1007 5824 in
1039 5764 1272 5825 Gobler.
1306 5773 1365 5825 et
1394 5764 1650 5825 Felckm.
1689 5770 1715 5825 1
1749 5786 1928 5826 anon.

496 5835 608 5909 (90)
636 5837 835 5912 Πρώτη
894 5840 1063 5898 abest
1092 5857 1127 5898 ι
1155 5839 1323 5898 Gobl.
1381 5843 1440 5898 et
1476 5839 1670 5911 Felck,
1702 5842 1728 5899 1
1762 5859 1859 5900 an.
1893 5841 2077 5899 Iidem

2284 4822 2371 4877 11.
2405 4824 2578 4892 Deus,
2613 4819 2712 4892 qui
2743 4835 2940 4876 rerum
2972 4817 3236 4875 omnium
3267 4817 3552 4876 Dominus
3581 4822 3691 4885 est,
3722 4835 3857 4875 cum

2205 4909 2517 4966 hominum
2547 4926 2734 4981 genus
2757 4925 2860 4982 per
2871 4909 3174 4981 proprium
3189 4908 3447 4964 Verbum
3469 4907 3703 4976 creavit,
3725 4909 3855 4978 ejus

2204 5003 2428 5056 naturae
2460 4997 2867 5055 imbecillitate
2893 5002 3216 5071 perspecta,
3271 5015 3400 5070 qua;
3445 4995 3852 5055 soilicettanta

2204 5093 2291 5145 est
2319 5093 2384 5144 ut
2413 5105 2481 5144 ex
2513 5089 2710 5160 seipse
2738 5105 2846 5146 nec
2875 5089 3205 5145 Creatorem
3247 5103 3596 5159 cognoscere
3624 5103 3731 5143 nec
3781 5088 3853 5143 de

2198 5178 2315 5235 Deo
2345 5179 2602 5251 cogitare
2635 5178 2844 5250 possit,
2878 5179 3035 5251 quod
3067 5177 3165 5233 ille
3199 5177 3440 5250 quidem
3473 5195 3590 5234 non
3637 5177 3848 5247 factus,

2202 5267 2325 5324 haec
2359 5271 2555 5325 autem
2580 5283 2650 5324 ex
2670 5267 2857 5324 nihilo
2889 5266 2966 5323 sit
2993 5267 3180 5324 facta:
3213 5266 3314 5323 ille
3343 5267 3603 5340 corporis
3645 5281 3852 5340 expers

1736 5365 1780 5400 ⁵⁸
1806 5365 1951 5422 ibid.
2004 5367 2092 5423 10.
2132 5367 2176 5404 ⁸⁷
2201 5367 2345 5424 ibid.
2381 5367 2467 5438 14,
2501 5367 2586 5422 15.
2619 5367 2662 5403 ⁵⁸
2695 5366 2870 5422 ICor.
2902 5383 2993 5434 xv,
3021 5366 3112 5436 21,
3139 5366 3231 5421 22.

2190 5487 2328 5540 ante
2359 5479 2493 5550 αὕτη
2528 5483 2776 5556 addunt,
2803 5483 2901 5534 τοῦ
2960 5486 3226 5556 Σωτῆρος
3273 5482 3435 5551 ήμῶν
3481 5481 3662 5550 Ἰησοῦ
3704 5480 3866 5556 χρι-.

2192 5558 2339 5609 στοῦ.
2376 5556 2508 5625 Seg.
2539 5555 3094 5627 addittantumao-B'
3130 5553 3433 5627 Sun-7:90;,
3495 5557 3578 5627 uti
3609 5557 3666 5610 et
3703 5553 3848 5627 legit

2189 5624 2578 5683 Omnibonus.
2613 5624 2722 5680 Alii
2756 5641 2890 5680 cum
2922 5625 3096 5681 editis
3129 5625 3236 5682 has
3266 5624 3436 5682 veces
3466 5624 3767 5682 omittunt.

2261 5700 2373 5770 (91)
2395 5698 2708 5770 Gobler.et
2724 5695 2978 5770 Felckm.
3013 5699 3037 5752 1
3066 5715 3184 5768 am,
3215 5697 3277 5751 τό
3314 5697 3406 5768 μέν
3442 5693 3599 5754 εΐναι.
3625 5769 3630 5770 ί
3657 5698 3842 5770 Iidem

2099 5801 2122 5817 κ
2184 5774 2242 5826 et
2265 5757 2517 5854 ‘Anjglicq
2552 5769 2837 5854 άγένητον.
2870 5757 2982 5824 Alii
3014 5786 3148 5826 vero
3175 5757 3321 5827 cum
3359 5770 3553 5840 editis,
3607 5767 3842 5845 ἀγέννη-

2192 5862 2308 5913 τον,
2343 5842 2540 5902 minus
2570 5842 2736 5898 bene.
