4160 6388
326 369 443 435 115

867 371 933 435 S.
976 372 1406 436 ATHANASII
1450 372 1622 434 OPP.
1670 369 1875 431 PARS
1919 366 1969 430 Ῑ.
2005 397 2085 416 —
2112 367 2536 435 HISTORICA
2579 373 2680 436 ET
2723 371 3215 438 DOGMATICA.

3631 375 3750 439 116

329 508 428 575 sit,
459 507 729 564 homines
757 523 892 564 vero
923 508 1182 582 corporei
1216 507 1334 564 sint
1365 506 1542 563 creati
1569 524 1581 563 :
1607 524 1672 562 ac
1729 505 1982 578 denique

2106 503 2194 577 μὶν
2278 503 2563 580 ἀσώματον
2640 505 2772 561 εἶναι
2803 549 2816 575 ,
2868 505 2996 569 τοὺς
3073 504 3131 562 δὲ
3207 504 3525 583 ἀνθρώπους
3600 508 3748 562 κάτω

331 599 489 670 quod
521 599 684 655 valde
718 598 903 654 multa
935 599 1110 655 rebus
1142 597 1318 653 creati
1350 598 1544 653 desint
1576 597 1648 652 ad
1692 597 1980 652 Creatoris

331 688 725 760 cognitionem
757 689 1217 760 assequendam;
1244 687 1461 742 idcirco
1484 687 1726 742 humani
1749 686 1978 759 generis

331 777 451 846 ille,
485 782 682 851 utpote
711 779 922 849 bonus,
955 777 1255 848 misertus,
1291 777 1382 834 sui
1415 778 1744 849 cognitione
1768 795 1980 832 vacuos

331 885 432 925 eos
463 868 649 924 noluit
681 868 994 935 dimittere,
1031 873 1093 923 ut
1119 885 1190 924 ne
1212 869 1427 924 frustra
1446 867 1810 924 exsisterent.
1833 867 1980 932 Quid

337 959 491 1014 enim
526 957 797 1013 utilitatis
819 958 1178 1013 rebusfactis
1201 962 1398 1030 posset
1417 974 1566 1025 esse,
1591 957 1638 1012 si
1665 974 1836 1012 suum
1857 958 1980 1028 opi-

335 1048 502 1103 ﬁcem
537 1048 922 1120 ignorarent?
955 1047 1055 1102 Vel
1089 1048 1382 1120 quomodo
1421 1047 1691 1103 homines
1740 1047 1984 1103 rationis

331 1142 529 1194 essent
559 1136 899 1209 participes,
932 1137 981 1192 si
1014 1137 1202 1192 Patris
1236 1137 1538 1193 Rationem
1574 1137 1693 1193 sive
1723 1137 1983 1193 Verbum

332 1228 392 1282 in
425 1244 542 1300 quo
569 1227 703 1282 facti
739 1232 878 1282 sunt
903 1227 1244 1283 nescirent?
1267 1227 1428 1283 Certe
1455 1227 1615 1283 nulla
1637 1227 1696 1282 in
1723 1227 1987 1282 rediﬂ'er-

329 1320 460 1373 rent
490 1335 524 1374 a
554 1316 746 1372 brutis
779 1316 1202 1383 animantibus,
1237 1317 1284 1373 si
1320 1317 1466 1372 nihil
1519 1321 1726 1390 praeter
1756 1321 1987 1372 terrena

332 1412 773 1480 cognoscerent.
807 1407 877 1461 Et
905 1423 1038 1462 vero
1065 1407 1206 1476 quid
1242 1406 1542 1462 Deusillos
1567 1407 1902 1472 creavisset,
1937 1407 1986 1463 si

334 1498 408 1552 ab
439 1496 558 1552 illis
581 1495 868 1552 noluisset
889 1496 1161 1569 cognosci
1182 1496 1210 1551 ?
1231 1497 1618 1568 Quapropter,
1643 1513 1775 1551 cum
1797 1497 1989 1552 bonus

335 1586 430 1646 sit.
447 1586 594 1642 neid
619 1587 804 1657 ﬁeret,
825 1585 1070 1658 propria:
1093 1586 1370 1658 imaginis
1395 1586 1623 1642 Domini
1643 1587 1825 1642 uostri
1847 1587 1989 1642 Jcsu

334 1675 547 1732 Christi
581 1675 713 1730 illos
744 1674 1056 1748 participes
1083 1675 1358 1744 reddidit,
1391 1680 1447 1730 et
1477 1676 1547 1730 ad
1580 1693 1744 1730 suam
1781 1675 1992 1748 imagi-

337 1772 471 1821 nem
504 1781 570 1820 ac
602 1764 1052 1820 similitudinem
1086 1765 1240 1832 fecit,
1281 1770 1345 1819 ut
1401 1765 1744 1837 hujusmodi
1792 1766 1990 1838 gratiae

2091 616 2196 649 που
2228 598 2342 669 (92)
2375 597 2591 670 σώματι
2631 594 2957 668 πεπλάσθαι,
3005 595 3095 651 καὶ
3147 593 3294 658 ὅλως
3344 593 3565 665 πολλὴν
3615 596 3750 651 εἶναι

2087 687 2188 756 τήν
2215 690 2323 740 τῶν
2351 691 2595 761 γενητῶν
2631 681 2876 760 ἔλλειψιν
2908 687 3043 761 πρὸς
3075 687 3174 756 τήν
3228 690 3324 740 τοῦ
3373 685 3748 756 πεποιηκότος

2089 774 2397 848 κατάληψιν
2457 774 2547 830 xui
2605 781 2802 850 γνῶσιν
2838 794 2850 806 ·
2886 774 3114 846 ἐλεήσας
3171 773 3337 830 πάλιν
3388 777 3451 829 τὸ
3500 775 3656 850 γένος
3684 776 3747 830 τὸ

2093 864 2450 941 ἀνθρώπινον,
2486 866 2577 919 ἅτε
2635 863 2700 934 δὴ
2765 864 2965 940 ἀγαθὸς
3007 863 3102 935 ὢν,
3137 864 3236 920 ούκ
3294 865 3496 943 ἀφῆκεν
3555 864 3746 928 αὐτοὺς

2094 953 2338 1030 ἐρήμους
2369 961 2474 1024 τῆς
2506 954 2700 1009 ἑαυτοῦ
2731 955 3008 1029 γνώσεως,
3037 953 3129 1009 ’ἱνα
3162 956 3236 1029 μὴ
3271 955 3528 1025 ἀνόνητον
3578 951 3750 1030 ἔχωσι

2093 1043 2183 1098 καὶ
2212 1045 2274 1098 τὸ
2305 1046 2419 1118 (93)
2454 1043 2604 1101 εἶναι.
2638 1044 2777 1099 Ποία
2807 1046 2912 1120 γὰρ
2947 1039 3136 1114 ὄνησις
3191 1051 3310 1107 τοῖς
3359 1046 3752 1117 πεποιημένοις

2099 1134 2174 1206 μή
2229 1134 2558 1207 γινώσκουσι
2603 1134 2693 1188 τὸν
2739 1133 2942 1188 ἑαυτῶν
2989 1136 3228 1205 ποιητήν
3257 1153 3270 1203 ;
3306 1136 3374 1189 Ἢ
3404 1138 3525 1196 πῶς
3561 1133 3619 1187 ἂν
3650 1133 3752 1188 εἶεν

2097 1221 2315 1298 λογικοὶ
2373 1225 2448 1295 μὴ
2510 1225 2868 1298 γινώσκοντες
2920 1225 3010 1279 τὸν
3068 1228 3165 1278 τοῦ
3216 1223 3432 1296 Πατρὸς
3464 1222 3668 1297 Λόγον,
3703 1221 3753 1276 ἐν

2097 1313 2144 1385 ᾧ
2171 1313 2260 1367 καὶ
2289 1310 2613 1387 γεγόνασιν;
2648 1309 2818 1367 Πύδῖεν
2850 1315 2962 1386 (94)
3010 1315 3114 1388 γὰρ
3174 1311 3300 1368 οὐδὲ
3351 1311 3574 1388 ¹ἀγόγων
3639 1309 3755 1367 δια-

2099 1402 2277 1479 φέρειν
2339 1397 2599 1474 ἔμελλον,
2635 1402 2679 1456 εί
2723 1400 2892 1457 πλέον
2942 1401 3094 1458 οὐδέν
3149 1407 3255 1457 τῶν
3313 1402 3604 1479 περιγείων
3669 1401 3759 1456 ἐπ-

2101 1489 2418 1564 εγίνωσκον.
2449 1490 2509 1546 Τί
2559 1488 2617 1546 δὲ
2655 1492 2744 1546 καὶ
2778 1493 2806 1546 6
2841 1493 2971 1554 Θεὸς
3035 1490 3207 1547 ἐποίει
3263 1491 3512 1564 τούτους,
3545 1491 3633 1569 ἀφ’
3679 1493 3754 1546 ὧν

2101 1580 2201 1635 οὐκ
2258 1579 2495 1650 ἠθέλησε
2551 1581 3127 1654 γινώσκεσθαιςὍθεν
3180 1580 3269 1635 ἵνα
3327 1582 3402 1655 μὴ
3443 1585 3604 1635 τοῦτο
3664 1581 3754 1655 γέ-

2100 1691 2276 1743 νηται,
2307 1670 2506 1745 ἀγαθὸς
2565 1669 2663 1739 ὢν,
2692 1679 2796 1741 τῆς
2856 1669 2996 1734 ἰδίας
3054 1671 3257 1734 εἰκόνος
3308 1670 3494 1733 αὐτοῖς
3522 1675 3619 1724 τοῦ
3649 1676 3753 1724 Κυ-

2103 1761 2222 1834 ρίου
2282 1761 2443 1834 ὖμῶν
2503 1766 2682 1830 Ἰησοῦ
2743 1765 2976 1836 Χριστοῦ
3065 1758 3415 1834 μεταδίδωσι.
3465 1760 3554 1815 καὶ
3612 1765 3760 1814 ποιεῖ

340 1872 449 1928 ope
480 1853 822 1926 imaginem,
855 1854 1045 1909 Patris
1075 1853 1342 1910 videlicet
1363 1854 1620 1910 Verbum
1645 1854 1842 1911 animo
1859 1871 1992 1910 con-

2106 1848 2326 1912 τούτους
2375 1850 2514 1905 κατὰ
2565 1852 2663 1920 τήν
2712 1851 2902 1905 ἑαυτοῦ
2963 1849 3143 1905 εἰκόνα
3173 1850 3263 1905 καὶ
3320 1851 3434 1904 καθ’
3468 1849 3757 1922 ὁμοίωσιν*

2112 1937 2122 1958 Ι

337 1944 644 2017 cipientes,
678 1943 864 1999 Patris
897 1944 1289 2015 cognitionem
1349 1961 1451 2016 per
1496 1945 1694 2016 ipsum
1748 1947 1984 2017 assequi

338 2038 598 2106 possent,
631 2038 687 2088 et
707 2037 1034 2089 Creatorem
1058 2036 1484 2106 cognoscendo,
1512 2035 1734 2090 felicem
1758 2052 1825 2090 ac
1854 2052 1986 2091 vere

336 2124 570 2179 beatam
603 2122 779 2178 vitam
811 2121 1086 2178 viverent.
1139 2123 1350 2179 Verum
1395 2123 1589 2180 insani
1634 2141 1840 2180 rursus
1893 2125 1988 2180 ho-

340 2213 528 2268 mines
558 2212 711 2268 hanc
739 2212 912 2267 etiam
945 2211 1059 2268 sibi
1118 2212 1473 2285 impertitam
1534 2215 1784 2285 gratiam
1827 2214 1985 2286 parvi

340 2303 682 2374 pendentes,
717 2302 797 2357 ita
827 2319 955 2357 sese
987 2319 1020 2357 a
1051 2301 1164 2358 Deo
1187 2307 1521 2358 averterunt
1541 2303 1872 2358 etanimum
1899 2305 1986 2359 in-

338 2391 752 2463 quinaverunt,
785 2395 849 2446 ut
875 2407 990 2446 non
1023 2391 1216 2448 solum
1254 2392 1348 2448 Dei
1381 2392 1677 2449 notionem
1701 2393 1988 2449 oblivione

343 2480 680 2548 deleverint,
712 2481 811 2537 sed
846 2481 1021 2536 etiam
1050 2481 1166 2536 alia
1196 2498 1299 2552 pro
1330 2481 1460 2537 aliis
1492 2481 1602 2537 sibi
1636 2483 1985 2539 effinxerint.

345 2570 567 2643 Nempe
594 2569 914 2626 simulacra
944 2587 1048 2642 pro
1078 2571 1321 2626 veritate
1353 2571 1464 2626 sibi
1497 2572 1902 2639 formavere,et
1919 2591 1988 2628 ea

328 2676 472 2732 .quze
503 2659 650 2714 nihil
683 2664 848 2716 erant
880 2659 994 2715 Deo
1027 2661 1124 2733 qui
1155 2678 1287 2717 vere
1316 2666 1405 2717 est
1433 2660 1990 2734 praetulere,potius-

345 2766 459 2822 que
490 2755 767 2805 creaturae
799 2767 978 2822 quam
1004 2751 1257 2806 Creatori
1290 2749 1634 2806 servierunt.
1675 2752 1782 2805 Sed
1833 2753 1989 2822 quod

346 2837 781 2910 nequissimum
808 2844 920 2907 est,
951 2839 1128 2896 etiam
1159 2841 1229 2896 ad
1263 2839 1445 2912 ligna,
1477 2840 1549 2895 ad
1578 2839 1803 2912 lapides
1834 2846 1890 2896 et
1920 2842 1991 2896 ad

345 2944 581 2984 omnem
614 2929 922 2984 materiam
947 2932 1122 3001 atque
1153 2930 1222 2985 ad
1257 2929 1526 2985 homines
1557 2929 1655 2985 Dei
1709 2930 1993 2987 honorem

347 3017 754 3089 traduxerunt,
788 3017 1000 3089 hisque
1027 3017 1215 3089 plura,
1248 3018 1333 3074 uti
1374 3036 1553 3091 supra
1609 3020 1830 3075 dictum
1883 3026 1991 3090 est,

347 3111 668 3180 patravere.
700 3107 1005 3174 Siquidem
1036 3111 1198 3163 tanta
1221 3107 1451 3163 illorum
1483 3108 1592 3163 fuit
1614 3108 1906 3180 impietas,
1933 3114 1997 3164 ut

345 3197 522 3252 etiam
555 3197 851 3253 daemones
879 3197 1141 3252 venerari
1175 3201 1231 3253 et
1259 3198 1398 3253 deos
1448 3197 1764 3270 appellare,
1816 3204 1990 3271 atque

346 3285 584 3342 illorum
615 3302 818 3359 parere
847 3286 1150 3358 cupiditati
1179 3304 1245 3342 ac
1275 3257 1505 3342 libidini
1528 3257 1666 3344 .non
1699 3257 1996 3344 dubitave-
2025 3257 2068 3325 C

344 3374 480 3433 rint.
513 3375 778 3448 Namqne
811 3375 946 3444 illis,
966 3378 1465 3449 quemadmodum
1491 3377 1771 3448 diximus,
1795 3383 1853 3434 et
1872 3378 1996 3434 bel-

343 3463 475 3523 luas
495 3469 554 3522 et
575 3465 862 3535 homines,
887 3469 952 3521 ut
972 3482 1070 3521 eos
1094 3466 1792 3537 colerent,immolabant,
1817 3482 1998 3539 seque

344 3553 405 3610 in
439 3555 588 3621 dies,
619 3555 830 3611 iisdem
862 3553 1332 3621 stimulantibus,
1373 3557 1716 3612 fortioribus
1745 3556 1997 3613 vinculis

346 3645 448 3700 46
481 3644 906 3717 astringebant.
940 3644 1087 3700 Hinc
1107 3661 1244 3716 ergo
1268 3650 1424 3701 artes
1450 3646 1689 3717 magicas
1721 3633 1874 3718 apud
1898 3663 1997 3702 eos

347 3733 760 3800 edocebantur,
788 3739 845 3790 et
876 3733 1112 3790 oracula
1140 3735 1319 3790 variis
1341 3735 1399 3790 in
1417 3735 1559 3792 locis
1583 3736 1738 3790 edita
1751 3736 1998 3791 miseros

352 3823 619 3878 homines
651 3824 1041 3895 decipiebant,
1074 3825 1388 3896 cunctique
1420 3825 1532 3880 sibi
1566 3830 1621 3881 et
1642 3825 1922 3882 nascendi
1944 3829 2001 3881 et

349 3911 670 3967 exsistendi
703 3929 912 3968 causas
944 3917 1100 3968 astra
1128 3918 1184 3968 et
1213 3919 1422 3969 caetera
1451 3930 1699 3986 corpora
1741 3914 2002 3970 cmlestia

349 4017 479 4056 esse
537 4000 918 4067 arbitrantur,
980 4001 1245 4073 nihilque
1302 4006 1510 4075 praeter
1563 4019 1650 4068 ea,
1683 4020 1810 4073 quea
1841 4004 1998 4059 vide-

353 4091 495 4145 bant
524 4090 876 4161 cogitabant.
904 4092 968 4145 In
993 4107 1246 4158 summa,
1271 4091 1468 4147 omnia
1488 4092 1790 4164 impietate
1821 4096 1877 4148 et
1897 4109 1998 4148 ne-

351 4179 542 4252 quitia
562 4184 728 4235 erant
759 4178 952 4252 plana,
987 4179 1267 4252 solusque
1299 4186 1448 4236 Deus
1479 4186 1537 4235 et
1579 4181 1708 4251 ejus
1738 4183 1997 4238 Verbum

351 4267 753 4339 ignorabatur,
785 4268 1054 4340 quamvis
1085 4269 1346 4342 seipsum
1381 4269 1722 4327 hominibus
1755 4271 1999 4326 minime

350 4357 744 4426 occultaverit,
793 4375 898 4414 nec
929 4357 1257 4432 simplicem
1306 4359 1398 4414 sui
1443 4360 1835 4432 cognitionem
1880 4359 1999 4415 illis

349 4446 754 4520 impertiverit,
787 4448 889 4504 sed
920 4447 1094 4504 variis
1127 4447 1448 4522 multisque
1497 4450 1690 4506 modis
1738 4466 1867 4506 eam
1915 4450 2000 4506 eis

349 4535 740 4609 explicaverit.

427 4895 515 4950 12.
550 4895 891 4951 Sufﬁciebat
915 4895 1190 4967 equidem
1216 4895 1426 4966 gratia,
1449 4911 1566 4967 qua
1588 4895 1660 4950 ad
1683 4894 2002 4968 imaginem

349 4984 450 5041 Dei
486 4984 621 5040 facti
655 5001 888 5052 sumus,
923 4985 995 5041 ad
1027 4985 1213 5041 Deum
1243 4984 1503 5040 Verbum
1536 4988 1593 5040 et
1623 4985 1853 5041 Patrem
1904 5002 2008 5057 per

348 5074 547 5148 ipsum
575 5073 832 5131 Verbum
865 5075 1360 5147 cognoscendum.
1401 5074 1622 5130 Verum
1682 5074 1858 5145 Deus,
1911 5074 2006 5130 cui

421 5219 534 5291 (92)
563 5217 657 5274 Sic
689 5218 953 5291 Seguer.,
983 5216 1158 5291 Basil.
1191 5220 1250 5272 et
1280 5213 1657 5291 Anglic._Alii
1693 5232 1826 5270 cum
1876 5215 2006 5272 edi-

350 5287 818 5346 tio'ne'Commel.
851 5287 956 5341 που
989 5287 1598 5360 omittunt.Mox__i_bid.
1623 5287 2003 5360 Seguer.,Go-

351 5362 587 5438 bler.__et
619 5361 881 5438 Felckm_._
910 5362 933 5415 1
971 5360 1399 5438 anonzhabe'nt
1427 5353 1597 5430 ὅλως,
1630 5353 1731 5414 ιη’
1754 5365 1816 5414 et
1862 5353 2005 5432 legit

352 5433 746 5488 Omnibonus:
781 5433 884 5487 aiii
917 5449 1051 5488 cum
1083 5432 1276 5490 editis.
1311 5428 1468 5500 ὅλην.

424 5506 540 5573 (93)
569 5502 638 5554 Τό
665 5505 759 5559 hic
791 5505 1007 5559 habent
1038 5506 1194 5575 Seg.,
1226 5504 1424 5565 Basil.,
1457 5503 1604 5559 Gob.
1637 5508 1693 5558 et
1746 5501 1938 5558 Felck.
1974 5505 1999 5558 1

355 5591 448 5629 an.
481 5575 592 5629 Alii
617 5590 750 5628 cum
782 5577 873 5630 ed.
900 5577 1196 5631 omittunt.

424 5647 516 5720 (94
545 5646 808 5720 S_eg_u_er.,
841 5643 1008 5720 ωόᾃέ..
1039 5647 1264 5720 Anglic.
1298 5645 1472 5718 paulo
1530 5642 2002 5720 post,_~{ivwcxov.

425 5715 540 5790 (95)
564 5715 731 5771 Gobl.
762 5721 820 5772 et
849 5717 1039 5774 Felck.
1071 5721 1098 5773 1
1125 5715 1317 5775 anon:
1331 5724 1389 5776 et
1433 5715 1561 5792 Sag.
1620 5715 1840 5774 habent
1871 5737 2004 5790 μαν-

2096 1937 2190 1993 ⁸ίνα
2220 1936 2308 1994 διὰ
2337 1946 2439 2010 τῆς
2494 1940 2754 2008 τοιαύτης
2813 1941 3042 2016 χάριτος
3098 1941 3199 2009 τήν
3255 1939 3435 1994 εἰκόνα
3486 1941 3758 2007 νοοῦντες,

2102 2026 2253 2104 λέγω
2285 2026 2350 2098 δὴ
2400 2030 2493 2084 τὸν
2541 2034 2638 2084 τοῦ
2686 2030 2895 2105 Πατρὸς
2956 2029 3156 2104 Λόγον,
3206 2026 3506 2098 δυνηθῶσιν
3555 2025 3760 2082 ἔννοιαν

2097 2116 2164 2174 δι’
2195 2118 2362 2174 αὐτοῦ
2416 2123 2513 2174 τοῦ
2571 2120 2782 2195 Πατρὸς
2842 2114 3052 2191 λαϐεῖν,
3102 2117 3194 2173 καὶ
3253 2119 3607 2193 γινώσκοντες
3663 2116 3755 2172 τὸν

2095 2211 2335 2279 ποιητὴν
2397 2213 2529 2278 ζῶσι
2583 2209 2674 2263 τὸν
2734 2205 3030 2282 εὐδαίμονα
3085 2208 3178 2263 καὶ
3257 2208 3524 2283 μακάριον
3585 2201 3754 2268 ὅντως

2101 2297 2242 2373 βίον.
2289 2295 2451 2352 Ἀλλ’
2497 2295 2768 2374 ἄνθρωποι
2825 2296 2990 2352 πάλιν
3051 2299 3412 2376 παράφρονες,
3445 2294 3754 2371 κατολιγω-

2099 2389 2356 2461 ρήσαντες
2414 2387 2504 2442 καὶ
2559 2387 2702 2442 οὕτω
2758 2394 2860 2457 τῆς
2918 2385 3166 2459 δοθείσης
3243 2387 3428 2449 αὐτοῖς
3495 2388 3749 2461 χάριτος,

2095 2481 2352 2531 τοσοῦτον
2413 2477 2825 2555 ἀπεστράφησαν
2877 2478 2969 2532 τὸν
3021 2477 3172 2545 Θεὸν,
3203 2477 3293 2532 καὶ
3340 2481 3596 2531 τοσοῦτον
3631 2474 3746 2530 ἐθό-

2101 2563 2279 2620 λωσαν
2315 2566 2516 2621 ἑαυτῶν
2559 2568 2659 2635 τήν
2690 2568 2896 2642 ψυχὴν,
2939 2567 3014 2628 ὡς
3078 2568 3152 2640 μή
3193 2566 3356 2640 μόνον
3411 2563 3754 2622 ἐπιλαθέσθαι

2099 2662 2198 2724 τῆς
2230 2656 2353 2727 περὶ
2405 2660 2539 2710 Θεοῦ
2591 2654 2820 2724 ἐννοίας,
2853 2653 2999 2711 ἀλλά
3054 2656 3144 2710 καὶ
3201 2653 3358 2732 ἕτερα
3412 2657 3522 2710 ἀνθ’
3557 2655 3754 2730 ἐτέρων

2103 2745 2314 2807 ἑαυτοῖς
2347 2742 2772 2801 ἀναπλάσασθαι.
2807 2743 3028 2801 Ε’ίδωλά
3063 2767 3123 2801 τε
3153 2747 3256 2821 γὰρ
3289 2746 3405 2800 ἀντὶ
3453 2752 3554 2814 τῆς
3614 2743 3754 2814 ἀλη-

2101 2834 2246 2896 θείας
2280 2835 2490 2897 ἑαυτοῖς
2523 2836 2950 2908 ἀνετυπώσαπο,
2974 2836 3065 2890 καὶ
3092 2837 3159 2890 τὰ
3189 2835 3289 2890 οὐκ
3319 2831 3448 2889 ὄντα
3474 2839 3570 2888 τοῦ
3600 2831 3756 2896 ὄντος

2104 2922 2236 2979 Θεοῦ
2267 2923 2659 2997 προετίμησαν,
2689 2928 2758 2998 τῇ
2811 2922 2981 2978 κτίσει
3032 2926 3178 2998 παρά
3222 2924 3312 2978 τὸν
3363 2923 3620 2978 κτίσαντα
3659 2920 3758 2976 λα-

2101 3013 2404 3088 τρεύοντες,
2437 3014 2526 3068 καὶ
2573 3013 2635 3067 τό
2679 3033 2742 3087 γε
2794 3012 3092 3088 χείριστον,
3125 3011 3209 3067 ὅτι
3253 3013 3343 3067 xui
3377 3012 3452 3074 εἰς
3484 3010 3638 3082 ξύλα,
3671 3012 3762 3065 καὶ

2107 3101 2183 3164 εἰς
2241 3099 2449 3171 λίθους,
2482 3102 2571 3156 καὶ
2632 3102 2708 3164 είς
2764 3108 2935 3157 πᾶσαν
2997 3100 3134 3174 ὕλην
3193 3102 3283 3157 καὶ
3315 3102 3630 3177 ἀνθρώπους
3661 3101 3759 3169 την

2103 3196 2201 3246 τοῦ
2241 3196 2373 3246 Θεοῦ
2403 3193 2572 3264 τιμὴν
2611 3193 2943 3266 μετετίθουν,
2974 3193 3064 3247 καὶ
3094 3190 3325 3247 πλείονα
3377 3190 3584 3246 τούτων
3637 3211 3762 3244 ποι-

2107 3286 2312 3349 οῦντες,
2349 3279 2528 3356 ὥσπερ
2585 3281 2636 3336 ἐν
2693 3287 2812 3344 τοῖς
2870 3278 3170 3354 ἔμπροσθεν
3233 3279 3465 3358 εἷ’ρηται.
3497 3284 3760 3335 Τοσοῦτον

2108 3369 2165 3426 δὲ
2195 3365 2450 3444 ἠσέϐουν,
2484 3370 2566 3425 ὅτι
2605 3371 2696 3426 καὶ
2729 3369 2991 3445 δαίμονας
3051 3370 3374 3445 ἐθρήσκευον
3437 3369 3631 3425 λοιπὸν
3674 3369 3764 3424 καὶ

2106 3460 2260 3522 θεοὺς
2320 3459 2689 3536 ἀνηγόρευον,
2746 3461 2845 3522 τὰς
2921 3460 3208 3534 ἐπιθυμίας
3277 3460 3450 3516 αὐτῶν
3507 3456 3766 3528 ἀποπλη-

2109 3554 2348 3625 ροῦντες.
2391 3549 2586 3612 Θυσίας
2615 3571 2676 3604 τε
2712 3552 2816 3626 γὰρ
2859 3551 3012 3619 ζώων
3057 3548 3272 3626 ἀλόγων
3323 3551 3412 3605 καὶ
3462 3549 3761 3625 ἀνθρώπων

2107 3640 2351 3717 σφαγὰς,
2415 3638 2597 3715 ὥσπερ
2661 3639 2874 3715 εἴρηται
2931 3639 3226 3715 πρότερον,
3290 3639 3366 3702 εἷς
3421 3639 3484 3693 τὸ
3542 3637 3761 3693 ἐκείνων

2107 3730 2342 3798 καθῆκον
2381 3726 2692 3796 ἐπετέλουν,
2724 3726 2915 3783 πλεῖον
2967 3729 3190 3791 ἑαυτοὺς
3239 3733 3356 3784 τοῖς
3403 3727 3622 3783 ἐκείνων
3682 3726 3764 3781 οἰ-

2110 3819 2383 3892 στρήμασι
2440 3817 2948 3891 καταδεσμεύοντες.
2985 3819 3083 3872 Διά
3127 3822 3289 3873 τοῦτο
3337 3822 3467 3893 γοῦν
3525 3817 3615 3872 καὶ
3667 3837 3766 3889 μα-

2111 3912 2253 3981 γεῖαι
2294 3907 2419 3980 παρ’
2460 3906 2647 3969 αὐτοῖς
2698 3903 3065 3976 ἐδιδάσκοντο,
3096 3908 3186 3962 xui
3239 3912 3460 3981 μαντεῖα
3630 3905 3767 3959 κατὰ

2110 3995 2276 4050 τόπον
2334 3995 2460 4058 τοὺς
2517 3997 2832 4072 ἀνθρώπους
2893 3995 3122 4068 ἐπλάνα,
3153 3997 3244 4052 καὶ
3301 3998 3494 4057 πάντες
3550 3995 3619 4048 τὰ
3671 4014 3764 4068 γε-

2112 4086 2308 4147 νέσεως
2365 4084 2455 4139 καί
2511 4090 2607 4140 τοῦ
2669 4086 2803 4140 εἶναι
2863 4087 3064 4141 ἑαυτῶν
3113 4088 3180 4141 τὰ
3227 4084 3372 4141 α’ίτια
3397 4089 3514 4147 τοῖς
3547 4081 3764 4159 ἄστροις

2111 4174 2202 4230 καὶ
2231 4179 2348 4236 τοῖς
2390 4181 2505 4228 κατ’
2553 4174 2778 4250 οὐρανὸν
2828 4181 2986 4230 πᾶσιν
3037 4176 3333 4246 ἀνετίθουν,
3370 4171 3537 4248 μηδὲν
3597 4172 3764 4227 πλέον

2114 4269 2222 4318 τῶν
2276 4265 2612 4341 φαινομένων
2669 4263 3043 4340 λογιζόμενοι.
3104 4265 3208 4321 Καὶ
3265 4262 3413 4325 ὅλως
3470 4264 3646 4318 πάντα
3699 4261 3766 4330 ἦν

2115 4349 2362 4416 ἀσεϐείας
2417 4354 2507 4408 καὶ
2561 4354 2898 4429 παρανομίας
2963 4355 3152 4427 μεστὰ,
3199 4353 3290 4409 καὶ
3347 4347 3509 4427 μόνος
3742 4351 3770 4404 ὁ

2115 4443 2246 4505 Θεὸς
2290 4440 2414 4498 οὐδὲ
2442 4443 2470 4497 6
2497 4444 2692 4498 τούτου
2751 4443 2930 4519 Λόγος
2980 4442 3396 4519 ἐπεγινώσκετο,
3442 4441 3622 4497 καίτοι
3671 4439 3772 4494 οὐκ

2113 4532 2285 4612 ἀφανῆ
2377 4533 2562 4588 ἑαυτὸν
2637 4539 2754 4596 τοῖς
2840 4534 3146 4608 ἀνθρώποις
3226 4531 3562 4609 ἐπικρύψας,
3645 4527 3770 4584 οὐδὲ

2033 4633 2084 4698 D
2115 4621 2295 4693 ἁπλῆν
2352 4625 2451 4692 τήν
2511 4625 2634 4700 περὶ
2694 4624 2884 4678 ἑαυτοῦ
2961 4627 3158 4698 γνῶσιν
3229 4622 3415 4683 αὐτοῖς
3493 4617 3770 4690 δεδωκὼς,

2117 4710 2264 4766 ἀλλά
2317 4712 2407 4767 καὶ
2465 4710 2737 4774 ποικίλως
2793 4713 2884 4766 καὶ
2942 4710 3032 4767 διὰ
3083 4709 3310 4767 πολλῶν
3366 4710 3533 4780 αὐτὴν
3584 4711 3770 4771 αὐτοῖς

2117 4801 2467 4881 ἐφαπλώσας.

2189 4896 2277 4950 12.
2310 4890 2598 4968 Αὐτάρκης
2662 4892 2756 4966 μὶν
2815 4893 2918 4967 γὰρ
2959 4893 3026 4961 ἧν
3081 4894 3116 4962 ἡ
3177 4893 3295 4946 κατ’
3351 4889 3528 4946 εἰκόνα
3609 4889 3774 4965 χάρις

2115 4982 2403 5060 γνωρίζειν
2451 4983 2544 5036 τὸν
2603 4983 2732 5037 Θεὸν
2792 4981 2967 5057 Λόγον
3025 4984 3161 5057 (97),
3193 4981 3282 5036 xui
3342 4979 3412 5035 δι’
3461 4978 3626 5034 αὐτοῦ
3680 4977 3772 5032 τὸν

2115 5073 2330 5149 Πατέρα
2362 5091 2374 5105 ’
2411 5069 2570 5134 εἰδὼς
2625 5068 2682 5126 δὲ
2730 5073 2758 5126 6
2804 5071 2933 5134 Θεὸς
2979 5072 3079 5141 τὴν
3130 5069 3402 5126 ἀσθένειαν
3437 5073 3546 5124 τῶν
3576 5067 3778 5142 ἀνθρώ-

2112 5214 2250 5288 fretu.
2282 5216 2393 5272 Alii
2425 5232 2560 5272 cum
2601 5215 2860 5272 editione
2889 5215 3195 5288 Commel.,
3233 5222 3475 5288 μαντεῖα,
3491 5218 3668 5286 atque
3690 5212 3772 5268 ita

2115 5287 2384 5359 legerunt
2412 5289 2779 5360 interpretes.

2187 5357 2299 5432 (96)
2330 5359 2520 5432 Editio
2539 5357 2851 5427 Commel.,
2880 5357 2942 5412 ού
2977 5357 3160 5432 μόνος.

2185 5427 2300 5503 (97)
2328 5431 2559 5504 Gobler.
2592 5437 2648 5486 et
2676 5432 2930 5504 Felckm.
2965 5427 2991 5486 1
3037 5449 3234 5503 anon.,
3268 5433 3404 5504 Θεοῦ
3433 5427 3611 5504 Λόγον
3665 5429 3772 5484 ha-

2112 5502 2256 5576 bent
2270 5500 2290 5557 :'
2317 5503 2414 5558 alii
2447 5520 2580 5559 cum
2612 5503 2869 5559 editione
2890 5504 3194 5572 Commel.,
3213 5500 3344 5557 Θεὸν
3367 5500 3579 5576 Λόγον,
3595 5506 3774 5576 atque

2114 5575 2195 5656 ita
2226 5574 2490 5645 legerunt
2520 5575 2891 5631 Omnibonus
2921 5581 2977 5630 et
3004 5576 3354 5632 Ambrosius
3385 5574 3770 5632 Ca‘maldulen

2114 5663 2218 5702 SIB.
