4160 6428
444 433 557 500 117

1462 443 1757 508 ORATIO
1798 444 1902 507 DE
1943 442 2533 510 INGARNATIONE
2574 445 2837 512 VERBI.

3745 436 3863 504 “8

443 594 583 645 πων,
615 573 986 648 προενοήσατο
1031 573 1122 632 καὶ
1168 582 1271 648 τῆς
1311 575 1570 652 ἀμελείας
1617 577 1846 645 τούτων,
1874 575 1968 649 ἵν’,
2003 579 2088 634 ἐὰν

2207 581 2514 639 hominum
2546 584 2859 640 infirmitas
2891 581 3108 656 optime
3128 583 3252 640 erat
3272 581 3597 656 perspecta,
3621 576 3858 638 illorum

444 663 776 738 ἀμελήσαιεν
828 663 898 720 δι’
946 665 1145 722 ἑαυτῶν
1201 667 1293 722 τὸν
1354 669 1481 722 Θεὸν
1551 667 1868 742 ἐπιγνῶναι,
1927 668 2095 745 ἔχωσι

443 751 532 808 διὰ
590 759 696 809 τῶν
746 761 850 826 τῆς
906 757 1134 820 κτίσεως
1195 754 1368 833 ἔργων
1443 759 1534 812 τὸν
1614 758 1963 833 Δημιουργὸν
2020 762 2094 832 μή

441 843 675 918 ἀγνοεῖν·
711 843 931 915 Ἐπειδὴ
993 843 1050 901 δὲ
1108 849 1142 916 ἡ
1205 847 1503 921 ἀνθρώπων
1580 846 1811 921 ἀμέλεια
1886 849 1973 903 ἐπὶ
2031 850 2099 903 τὰ

441 933 668 1010 χείρονα
749 941 864 990 κατ’
949 933 1137 1012 ὀλίγον
1223 932 1666 1011 ἐπικαταϐαίνει,
1725 942 2096 1014 προενοήσατο

438 1021 604 1078 πάλιν
667 1025 694 1079 6
753 1026 882 1088 Θεὸς
953 1026 1042 1080 καὶ
1111 1032 1213 1096 τῆς
1282 1026 1542 1097 τοιαύτης
1600 1027 1774 1083 αὐτῶν
1829 1028 2095 1091 ἀσθενείας

438 1111 607 1186 νόμον
666 1116 779 1187 (98)
828 1115 916 1169 καὶ
971 1118 1260 1193 προφήτας
1318 1116 1446 1179 τοὺς
1520 1117 1705 1179 αὐτοῖς
1783 1117 2098 1193 γνωρίμους

441 1201 792 1274 ἀποστείλας,
838 1202 932 1278 ἵν’,
967 1205 1054 1260 ἐὰν
1111 1205 1200 1260 καὶ
1249 1205 1325 1268 εἷς
1370 1207 1458 1261 τὸν
1517 1207 1739 1280 οὐρανὸν
1798 1207 2098 1278 ὀκνήσωσιν

441 1288 741 1367 ἀναϐλέψαι
791 1293 881 1348 καὶ
931 1298 1129 1369 γνῶναι
1175 1295 1266 1350 τὸν
1315 1298 1573 1369 ποιητὴν,
1631 1295 1829 1373 ἔχωσιν
1884 1297 1943 1352 ἐκ
1988 1301 2094 1352 τῶν

441 1381 605 1458 ἐγγὺς
655 1385 755 1452 τήν
786 1380 1157 1442 διδασκαλίαν.
1195 1385 1506 1462 Ἀνθρωποι
1550 1388 1653 1462 γάρ
1697 1388 1842 1462 παρὰ
1890 1383 2097 1464 ἀνθρώ-

439 1493 557 1527 πιον
613 1471 890 1548 ἐγγυτέρω
963 1471 1207 1530 δύνανται
1282 1477 1466 1548 μαθεῖν
1516 1477 1640 1552 περὶ
1694 1481 1802 1532 τῶν
1853 1477 2096 1552 κρειττό-

439 1582 569 1620 νων.
605 1562 750 1634 Ἐξδν
791 1562 882 1618 οὖν
934 1565 1024 1635 ἦν,
1067 1559 1474 1640 ἀναϐλέψαντας
1521 1565 1714 1629 αὐτοὺς
1764 1565 1840 1628 είς
1889 1567 1951 1621 τὸ
2004 1567 2096 1640 μέ-

439 1652 596 1725 γεθος
644 1655 742 1707 τοῦ
791 1651 1044 1726 οὐρανοῦ,
1077 1654 1167 1708 καὶ
1217 1656 1330 1728 (99)
1362 1657 1796 1726 κατανοήσαντας
1843 1656 1942 1724 τήν
1995 1662 2096 1725 τῆς

439 1739 666 1803 κτίσεως
726 1741 1010 1818 ἁρμονίαν,
1044 1746 1250 1817 γνῶναι
1307 1741 1399 1797 τὸν
1455 1743 1659 1814 ταύτης
1715 1743 1963 1820 ἡγεμόνα
2003 1746 2094 1800 τὸν

439 1834 537 1884 τοῦ
569 1830 780 1904 Πατρὸς
809 1830 1011 1907 Λόγον,
1042 1832 1132 1886 τὸν
1177 1835 1244 1906 τῇ
1278 1832 1468 1887 ἑαυτοῦ
1514 1832 1589 1896 εἰς
1639 1835 1811 1888 πάντα
1866 1834 2098 1908 προνοίᾳ

441 1919 777 1996 γνωρίζοντα
831 1926 962 1976 πᾶσι
1007 1922 1097 1976 τὸν
1144 1922 1378 1998 Πατέρα,
1409 1924 1499 1978 καὶ
1548 1921 1637 1978 διὰ
1681 1928 1842 1979 τοῦτο
1885 1926 1952 1979 τὰ
1993 1922 2098 1979 ὅλα

440 2013 692 2065 κινοῦντα
737 2013 836 2084 (1),
888 2009 980 2066 ’ίνα
1039 2008 1108 2066 δι’
1167 2010 1332 2066 αὐτοῦ
1390 2015 1586 2076 πάντες
1642 2015 1947 2089 γινώσκωσι
2005 2014 2095 2068 τὸν

441 2099 591 2156 Θεόν.
624 2105 690 2155 Ἡ
723 2100 768 2154 εἷ
797 2105 959 2155 τοῦτο
991 2100 1177 2164 αὐτοῖς
1208 2103 1275 2172 ἦν
1322 2103 1576 2178 ὀκνηρὸν,
1608 2102 1704 2158 κᾶν
1755 2109 1872 2166 τοῖς
1919 2103 2098 2178 ἁγίοις

443 2186 664 2245 δυνατὸν
713 2190 779 2260 ἦν
829 2189 1025 2253 αὐτοὺς
1071 2193 1476 2268 συντυγχάνειν,
1517 2192 1607 2247 καὶ
1657 2190 1724 2246 δι’
1770 2192 1942 2248 αὐτῶν
1997 2214 2100 2267 μα-

441 2281 552 2334 θεῖν
609 2280 700 2334 τὸν
777 2284 886 2335 τῶν
960 2281 1176 2335 πάντων
1237 2279 1576 2359 δημιουργὸν
1637 2282 1805 2355 Θεὸν,
1864 2283 1954 2337 τὸν
2001 2287 2097 2338 τοῦ

441 2373 676 2443 Χριστοῦ
724 2369 939 2443 Πατέρα
970 2387 982 2400 ·
1016 2369 1107 2424 καὶ
1165 2368 1250 2424 ὅτι
1306 2375 1411 2425 τῶν
1464 2369 1708 2426 εἰδώλων
1757 2375 1792 2442 ἡ
1841 2372 2100 2447 θρησκεία

443 2457 672 2528 ἀθεότης
730 2457 841 2513 ἐστὶ
888 2459 978 2514 καὶ
1035 2460 1212 2530 πάσης
1273 2455 1520 2523 ἀσεϐείας
1581 2464 1772 2534 μεστή.
1836 2462 1980 2532 Ἐξὸν
2041 2460 2099 2518 δὲ

439 2546 507 2616 ἦν
566 2546 804 2618 αὐτοὺς,
857 2549 946 2602 καὶ
1005 2549 1095 2603 τὸν
1164 2549 1334 2622 νόμον
1392 2549 1736 2624 ἐγνωκότας,
1795 2552 2098 2607 παύσασθαι

438 2638 619 2706 πάσης
665 2637 1038 2711 παρανομίας,
1069 2639 1159 2692 καὶ
1201 2639 1292 2693 τὸν
1337 2640 1456 2695 κατ’
1504 2639 1700 2716 ἀρετὴν
1758 2646 1915 2711 ζῆσαι
1959 2641 2093 2716 βίον.

439 2724 576 2782 Οὐδὲ
606 2728 711 2804 γὰρ
762 2725 850 2782 διὰ
891 2725 1193 2790 Ἰουδαίους
1231 2728 1428 2802 μόνους
1460 2730 1488 2783 6
1517 2729 1687 2804 νόμος
1733 2731 1822 2801 ἦν,
1855 2727 1981 2785 οὐδὲ
2029 2729 2098 2785 δι’

438 2815 638 2879 αὐτοὺς
701 2815 901 2889 μόνους
961 2816 1014 2872 οἱ
1065 2824 1342 2896 προφῆται
1393 2816 1720 2892 ἐπέμποντο,
1757 2817 1904 2874 ἀλλά
1960 2821 2096 2896 πρὸς

439 2903 738 2969 Ἰουδαίους
775 2906 868 2980 μὲν
911 2907 1242 2980 ἐπέμποντο,
1272 2907 1361 2962 καὶ
1411 2909 1558 2985 παρὰ
1611 2906 1884 2964 Ἰουδαίων
1939 2907 2098 2964 ἐδιώ-

437 3015 598 3051 κοντο
633 2998 853 3066 ’πάσης
907 2994 964 3050 δὲ
1008 3003 1112 3066 τῆς
1163 2996 1492 3070 οἰκουμένης
1550 2999 1685 3068 ἦσαν
1747 2996 2096 3054 διδασκάλων

440 3086 583 3164 ἱερὸν
633 3093 732 3156 τῆς
782 3087 905 3162 περὶ
964 3091 1098 3142 Θεοῦ
1153 3088 1430 3163 γνώσεως,
1461 3088 1550 3142 καὶ
1597 3096 1698 3158 τῆς
1746 3091 1881 3144 κατά
1910 3091 2094 3166 ψυχὴν

438 3173 744 3238 πολιτείας.
777 3174 1056 3246 Τυσαότης
1090 3173 1181 3231 οὗν
1211 3173 1378 3248 οὔσης
1423 3184 1523 3248 τῆς
1571 3183 1669 3233 τοῦ
1718 3183 1852 3234 Θεοῦ
1898 3179 2095 3254 ἀγαθό-

437 3285 605 3334 τητος
652 3265 743 3319 καὶ
800 3263 1234 3342 φιλανθρωπίας,
1269 3261 1424 3338 ὅμως
1473 3267 1524 3320 οἱ
1583 3264 1876 3342 ἄνθρωποι,
1935 3269 2097 3322 νικώ-

2208 671 2576 744 negligentiae
2606 673 2876 746 providit,
2908 677 2973 729 ut
2989 689 3199 746 nempe
3231 672 3278 729 si
3305 677 3484 728 Deum
3508 687 3611 744 per
3633 670 3860 742 seipsos

2207 777 2554 832 cognoscere
2586 763 2965 836 negligerent,
2986 766 3228 834 possent
3254 778 3322 818 ex
3342 765 3563 817 natura:
3586 759 3860 832 operibus

2207 852 2534 908 Creatorem
2569 869 2682 908 non
2715 853 3001 925 ignorase.
3036 852 3182 916 Quia
3209 869 3343 908 vero
3371 851 3681 908 hominum
3731 866 3863 904 ma-

2208 940 2333 996 litia
2361 940 2419 994 in
2453 943 2621 1013 pejus
2653 943 2872 997 sensim
2904 942 3248 1014 prolabitur,
3281 941 3418 997 huic
3443 956 3678 1013 quoque
3726 937 3858 994 illo-

2207 1047 2340 1086 rum
2371 1030 2700 1087 inﬁrmitati
2730 1032 3049 1104 prospexit,
3078 1049 3211 1088 cum
3243 1031 3433 1103 legem
3463 1033 3520 1086 et
3540 1029 3858 1102 prophetas

2205 1119 2417 1176 iisdem
2449 1124 2617 1176 notos
2649 1122 2826 1188 misit,
2863 1126 2926 1177 ut
2957 1123 3004 1178 si
3029 1122 3086 1177 in
3119 1121 3330 1177 coelum
3363 1119 3660 1192 suspicere
3690 1122 3748 1175 et
3765 1134 3859 1173 re-

2207 1227 2339 1265 rum
2364 1211 2629 1265 omnium
2652 1211 2980 1267 effectorem
3003 1227 3316 1284 agnoscere
3340 1213 3739 1282 gravarentur,
3764 1208 3862 1266 d0-

2207 1299 2318 1355 ceri
2353 1317 2386 1354 a
2419 1299 2699 1370 proximis
2728 1306 2987 1373 possent.
3038 1301 3318 1356 Homines
3367 1299 3524 1355 enim
3573 1298 3654 1364 id,
3700 1297 3856 1369 quod

2207 1389 2420 1445 melius
2449 1395 2507 1446 et
2535 1391 2911 1462 praestantius
2959 1395 3070 1456 est,
3114 1407 3183 1446 ex
3230 1388 3568 1445 hominibus
3615 1385 3857 1459 propius

2207 1483 2457 1552 possunt
2485 1479 2762 1535 ediscere.
2798 1479 3029 1534 Licebat
3059 1495 3196 1551 ergo
3235 1477 3420 1534 oculis
3467 1477 3537 1532 ad
3571 1474 3699 1531 cmli
3754 1475 3863 1530 im-

2207 1568 2578 1624 mensitatem
2612 1568 2840 1641 erectis,
2873 1573 2931 1624 et
2960 1573 3517 1624 creatarumrerum
3550 1563 3753 1621 ordine
3804 1566 3861 1619 et

2206 1663 2492 1714 concentu
2527 1663 2853 1732 perspecto,
2885 1660 3014 1731 ejus
3043 1659 3254 1714 ducem
3305 1659 3361 1712 et
3404 1655 3856 1711 moderatorem.

2207 1747 2395 1804 Patris
2426 1749 2682 1804 Verbum
2717 1747 3063 1821 intelligere,
3097 1747 3254 1819 quod
3286 1763 3394 1801 sua
3423 1746 3482 1800 in
3516 1760 3606 1800 res
3656 1758 3860 1798 omnes

2205 1837 2572 1909 providentia
2604 1838 2831 1895 Patrem
2866 1837 3142 1894 omnibus
3168 1836 3408 1906 indicat,
3443 1837 3620 1906 atque
3647 1831 3865 1888 idcirca

2207 1927 2407 1983 omnia
2433 1932 2642 1997 movet,
2671 1931 2736 1984 ut
2755 1927 2938 1984 Deum
2959 1943 3161 1983 omnes
3181 1925 3494 2000 peripsum
3519 1925 3859 1996 agnoscant.

2208 2017 2266 2072 Si
2299 2022 2494 2073 autem
2525 2018 2582 2072 id
2613 2017 2732 2074 illis
2763 2022 2888 2074 erat
2926 2017 3264 2088 molestum,
3288 2013 3496 2071 saltem
3519 2015 3754 2069 sanctos
3773 2011 3862 2066 vi-

2209 2123 2305 2162 ros
2334 2107 2558 2177 audire,
2593 2123 2658 2162 ac
2689 2124 2792 2180 per
2822 2123 2921 2163 eos
2977 2123 3175 2162 rerum
3226 2103 3492 2160 omnium
3542 2105 3860 2158 creatorem

2208 2195 2416 2265 Deum,
2444 2196 2660 2252 Christi
2693 2195 2918 2251 Patrem
2949 2196 3172 2252 discere
3203 2196 3493 2268 poterant,
3546 2194 3612 2247 ut
3639 2195 3696 2246 et
3734 2190 3860 2245 ido-

2207 2285 2399 2342 lorum
2432 2285 2656 2341 cultum
2685 2301 2921 2348 summa
2949 2284 3247 2357 impietate
3279 2281 3519 2354 plenum
3560 2295 3709 2336 esse.
3762 2278 3860 2334 Li-

2210 2376 2377 2432 cebat
2407 2391 2663 2447 quoque,
2696 2373 2822 2447 lege
2853 2374 3106 2447 cognita,
3165 2388 3397 2428 omnem
3452 2384 3715 2426 coercere
3762 2383 3862 2422 ne-

2210 2465 2478 2537 quitiam,
2529 2470 2868 2536 rectamque
2925 2481 2990 2520 ac
3035 2463 3344 2519 honestam
3391 2462 3573 2517 vitam
3622 2459 3857 2514 ducere.

2208 2555 2406 2627 Ncque
2437 2555 2594 2611 enim
2625 2559 2859 2627 propter
2887 2553 3119 2609 Judaos
3142 2551 3298 2608 solos
3329 2550 3419 2606 lex
3443 2550 3580 2605 data
3609 2547 3738 2614 fuit,
3757 2548 3860 2601 aut

2210 2645 2508 2716 prophetae
2527 2643 2691 2699 missi
2715 2648 2885 2700 sunt:
2907 2644 2978 2698 ad
3009 2641 3240 2697 Judaaos
3271 2639 3509 2713 quidem
3542 2636 3857 2693 mitteban-

2208 2738 2325 2802 tur,
2357 2740 2413 2790 et
2440 2751 2473 2788 a
2500 2733 2720 2790 Judasis
2749 2732 3145 2788 vexabantur:
3181 2731 3282 2786 sed
3302 2729 3483 2784 totius
3509 2726 3668 2783 orbis
3691 2729 3858 2780 erant

2206 2823 2383 2880 veluti
2410 2839 2643 2879 sacrum
2667 2822 3074 2894 magisterium
3097 2837 3230 2876 cum
3254 2819 3325 2874 ad
3340 2817 3440 2874 Dei
3463 2815 3858 2890 cognitionem

2209 2914 2532 2969 docendam
2582 2916 2708 2968 tum
2756 2912 2827 2967 ad
2887 2911 3147 2966 animam
3197 2913 3351 2964 recte
3407 2905 3856 2962 instituendam.

2207 3002 2484 3068 Quamvis
2514 3019 2650 3073 ergo
2676 3005 2842 3057 tanta
2876 3001 2971 3056 Dei
3006 2999 3182 3056 fuerit
3209 2997 3544 3070 benignitas
3571 2999 3628 3052 et
3647 2994 3858 3050 huma-

2208 3092 2383 3159 nitas,
2415 3097 2674 3148 attamen
2708 3091 2995 3157 homines,
3028 3088 3414 3161 praesentibus
3459 3083 3860 3158 voluptatibus

2207 3182 2659 3254 dtemonumque
2688 3180 3000 3252 praestigiis
3031 3195 3097 3234 ac
3117 3177 3366 3234 fallaciis
3385 3174 3541 3240 victi,
3564 3173 3765 3230 oculos
3787 3173 3858 3227 ad

2205 3272 2507 3327 veritatem
2521 3271 2987 3344 cognoscendam
3001 3285 3117 3324 non
3133 3265 3617 3339 aperuerunt,sed
3632 3262 3714 3318 sei
3721 3279 3858 3334 psos

446 3373 598 3426 μενοι
651 3358 770 3415 ταῖς
827 3352 1134 3430 παραυτίκα
1185 3351 1430 3424 ἡδοναῖς,
1469 3356 1560 3410 καὶ
1617 3361 1734 3418 ταῖς
1792 3358 1938 3430 παρὰ
1987 3355 2096 3411 δαι-

2209 3361 2269 3416 in
2301 3361 2471 3432 plura
2499 3379 2566 3416 ac
2597 3361 2822 3430 majora
2840 3359 2981 3415 vitia
3001 3364 3059 3414 et
3075 3357 3295 3414 scelera
3312 3353 3775 3428 ingurgitarunt,
3794 3357 3859 3407 ut

445 3440 624 3515 μόνων
657 3442 973 3521 φαντασίαις
1029 3443 1120 3498 καὶ
1179 3444 1430 3510 ἀπάταις,
1464 3444 1563 3500 οὐκ
1617 3444 1898 3500 ἀνένευσαν
1957 3446 2095 3520 πρὸς

396 3531 538 3600 ·τὴν
615 3529 914 3602 ἀλήθειαν,
984 3529 1111 3586 ἀλλ’
1178 3531 1397 3594 έαντοὺς
1471 3531 1689 3588 πλείοσι
1753 3540 1942 3597 κακοῖς
2004 3537 2094 3590 καὶ

2198 3451 2323 3523 jam
2342 3450 2586 3506 rationis
2609 3449 2923 3522 participes
2943 3465 3058 3502 non
3081 3445 3439 3511 viderentur,
3464 3443 3565 3498 sed
3585 3458 3655 3496 ex
3675 3440 3855 3497 mori-

2205 3539 2317 3594 bus
2348 3539 2592 3596 rationis
2623 3555 2752 3596 esse
2781 3541 3046 3610 expertes
3067 3536 3462 3592 censerentur.

440 3621 828 3697 ἁμαρτήμασιν
909 3619 1259 3701 ἐνεφόρησαν,
1319 3622 1393 3685 ὡς
1473 3624 1668 3696 μηκέτι
1744 3621 1922 3680 δοκεῖν
1999 3624 2195 3690 αὐτοὺς
2270 3625 2552 3704 λογικοὺς,
2610 3625 2758 3683 ἀλλὰ
2821 3623 3058 3700 ἀλόγους
3115 3623 3174 3679 ἐκ
3229 3626 3337 3678 τῶν
3412 3619 3629 3694 τρόπων
3693 3617 3856 3692 νομί-

441 3711 638 3779 ζεσθαι.

512 3802 598 3856 13⁸
633 3797 789 3854 Οὕτω
831 3800 1012 3855 τοίνυν
1062 3799 1452 3876 ἀλογωθέντων
1496 3807 1604 3857 τῶν
1653 3802 1973 3879 ἀνθρώπων,
2005 3805 2096 3858 καὶ

440 3887 583 3943 οὕτω
611 3895 714 3959 τῆς
748 3886 1075 3964 δαιμονικῆς
1101 3888 1316 3962 πλάνης
1365 3891 1783 3962 ἐπισκιαζούσης
1839 3894 1908 3947 τὰ
1961 3914 2096 3948 παν-

436 3983 633 4054 ταχοῦ,
665 3979 756 4033 καὶ
805 3979 1153 4052 κρυπτούσης
1190 3983 1291 4051 τήν
1337 3981 1459 4056 περὶ
1508 3986 1605 4036 τοῦ
1650 3982 1914 4052 ἀληθινοῦ
1958 3987 2096 4038 Θεοῦ

439 4072 665 4144 γνῶσιν,
696 4068 748 4123 τί
778 4069 870 4124 τὸν
905 4071 1034 4126 Θεὸν
1064 4068 1172 4126 ἔδει
1218 4077 1435 4141 ποιεῖν;
1473 4077 1759 4142 Σιωπῆσαι
1817 4073 1878 4126 τὸ
1933 4073 2096 4143 τηλι-

435 4163 629 4213 κοῦτον
687 4158 778 4214 καὶ
836 4159 1049 4238 ἀφεῖναι
1104 4160 1236 4223 τοὺς
1293 4162 1610 4238 ἀνθρώπους
1671 4162 1774 4217 ὑπὸ
1820 4159 2095 4236 δαιμόνων

437 4245 780 4320 πλανᾶσθαι,
833 4248 926 4303 καὶ
997 4251 1072 4322 μὴ
1139 4250 1420 4326 γινώσκειν
1489 4251 1685 4315 αὐτοὺς
1749 4253 1840 4307 τὸν
1910 4251 2094 4322 Θεόν;

438 4335 539 4390 Καὶ
571 4336 829 4410 (2)τίςὴ
863 4338 1026 4413 χρεία
1074 4343 1172 4393 τοῦ
1222 4338 1273 4409 ἐξ
1322 4341 1501 4416 ἀρχῆς
1559 4343 1675 4396 κατ’
1727 4340 1908 4396 εἰκόνα
1961 4346 2096 4396 Θεοῦ

438 4420 686 4501 γενέσθαι
716 4426 810 4480 τὸν
842 4423 1123 4502 ἄνθρωπον
1157 4448 1170 4497 ;
1202 4426 1350 4483 Ἔδει
1399 4431 1503 4506 γὰρ
1562 4430 1720 4486 αὐτὸν
1781 4429 1971 4494 ἁπλῶς
2019 4431 2094 4493 ὡς

438 4511 641 4592 ἄλογον
673 4515 939 4590 γενέσθαι,
970 4516 1008 4586 ἢ
1039 4515 1326 4592 γενόμενον
1359 4514 1582 4592 λογικὸν
1640 4520 1741 4588 τὴν
1791 4524 1897 4574 τῶν
1959 4518 2096 4575 ἀλό-

438 4625 550 4680 γων
613 4605 761 4675 ζωὴν
820 4606 895 4679 μὴ
947 4607 1023 4680 (3)
1077 4607 1251 4681 βιοῦν.
1283 4605 1374 4668 Τίς
1421 4605 1479 4661 δὲ
1525 4606 1673 4670 ὅλως
1717 4609 1784 4678 ἦν
1817 4609 1980 4685 χρεία
2011 4609 2093 4664 ἐν-

436 4694 591 4757 νοίας
649 4694 808 4750 αὐτὸν
860 4691 1048 4751 λαϐεῖν
1077 4693 1202 4770 περί
1235 4700 1368 4751 Θεοῦ
1400 4694 1450 4767 ἐξ
1483 4697 1661 4773 ἀρχῆς
1688 4715 1702 4767 ;
1737 4698 1782 4752 εἰ
1815 4699 1918 4775 γὰρ
1971 4697 2096 4754 οὐδὲ

437 4787 532 4838 νῦν
591 4783 740 4855 ἄξιός
800 4784 912 4840 ἐστι
970 4780 1180 4858 λαϐεῖν,
1215 4783 1320 4840 ἔδει
1375 4784 1516 4860 μηδὲ
1572 4789 1710 4842 κατὰ
1760 4789 1860 4858 τήν
1917 4789 2095 4866 ἀρχὴν

441 4872 588 4945 αὐτῷ
618 4872 862 4943 δοθῆναι.
893 4875 954 4930 Τί
987 4872 1045 4930 δὲ
1073 4875 1163 4930 καὶ
1215 4872 1415 4954 ὄφελος
1461 4881 1542 4949 τῷ
1582 4877 1909 4948 πεποιηκότι
1960 4884 2095 4952 Θεῷ,

439 4960 476 5031 ἢ
507 4962 640 5018 ποία
671 4960 798 5034 δόξα
828 4961 975 5037 αὖτῷ
1007 4964 1066 5020 ἂν
1117 4962 1226 5039 εῗή,
1259 4965 1306 5020 εἰ
1357 4966 1410 5021 οἱ
1461 4965 1548 5022 ὑπ’
1595 4966 1762 5022 αὐτοῦ
1812 4967 2098 5044 γενόμενοι

440 5161 453 5174 .
509 5088 626 5174 ς98)
657 5089 750 5174 Sic
781 5090 1050 5174 Basil...e_t
1075 5095 1314 5174 Seguer:
1348 5097 1413 5174 u_t
1458 5097 1516 5174 et
1563 5093 1777 5174 legisse
1825 5095 2100 5174 videntur

437 5163 808 5289 igterpretes,
841 5163 944 5236 qui
974 5163 1068 5220 hic
1099 5163 1270 5236 legem
1299 5165 1554 5222 habent:
1593 5163 1694 5222 alii
1747 5183 1882 5223 cum
1922 5167 2097 5224 editis

437 5255 464 5290 ν
504 5253 662 5295 μους.

436 5255 495 5290 νο
547 5255 608 5288 Ου
649 5276 662 5289 .

504 5255 896 5379 1ίίὶθῖδεευεικ
931 5306 1028 5362 hic
1057 5306 1236 5363 habet
1265 5309 1739 5435 coniunctionem
1769 5307 1880 5381 καί,
1915 5327 2095 5384 quam

437 5382 496 5435 et
525 5379 877 5435 interpretes
907 5379 1280 5435 exurimunt:
1345 5380 1444 5435 aii
1493 5385 1688 5435 autem
1739 5398 1874 5435 cum
1923 5384 2094 5435 editis

437 5382 496 5436 et
525 5379 877 5462 interpretes
907 5379 1280 5452 exprimunt:
1345 5379 1444 5437 alii
1493 5385 1688 5437 autem
1739 5379 1876 5438 cum
1923 5379 2094 5440 editis

437 5456 738 5507 omittunt.

449 5594 474 5598 _
510 5523 897 5598 (1)__Seguer.,i
937 5525 1235 5598 κινοῦνται,
1297 5525 1455 5596 quod
1502 5529 1566 5598 et
1607 5525 1821 5598 legisse
1868 5526 2097 5582 videtur

439 5594 672 5650 Omnib.
703 5594 809 5664 qui
840 5595 935 5652 hic
965 5596 1157 5662 vertit,
1189 5594 1498 5664 moventur,
1535 5594 1692 5652 Ibid:
1727 5597 1793 5649 τά
1823 5598 1986 5654 deest
2033 5599 2092 5654 in

441 5664 606 5721 Gobl.
639 5671 696 5721 et
726 5664 918 5722 Felck.
951 5669 976 5722 1
1003 5684 1180 5724 anon.

511 5736 895 5825 (2)Seguer.,
945 5739 1120 5825 Basil.
1181 5742 1240 5795 et
1287 5738 1514 5823 Anglic.
1559 5737 1664 5825 ,καὶ
1706 5738 1814 5825 δίο.
1852 5740 2092 5825 habent,

440 5821 620 5878 quam
650 5810 1000 5882 particulam
1058 5812 1198 5870 item
1239 5810 1580 5885 exprimunt
1624 5811 1992 5886 Omnibonus
2037 5816 2094 5869 et

2279 3808 2364 3863 13.
2393 3808 2487 3863 Sic
2516 3807 2698 3880 igitur
2743 3805 3086 3862 hominibus
3139 3805 3210 3861 ad
3254 3802 3586 3860 belluarum
3637 3802 3854 3856 sortem

2205 3897 2477 3965 redactis,
2511 3903 2566 3952 et
2595 3895 2918 3952 daemonica
2947 3895 3150 3951 fraude
3180 3893 3401 3966 ubique
3431 3892 3618 3946 instar
3637 3889 3858 3945 umbrae

2206 3987 2585 4042 incumbente
2616 3991 2673 4042 ct
2724 3985 2844 4042 veri
2899 3986 2999 4040 Dei
3041 3983 3433 4056 cognitionem
3482 3981 3854 4048 obscurante,

2206 4075 2345 4146 quid
2378 4075 2561 4131 Deum
2586 4093 2755 4148 agere
2786 4074 3135 4147 oportebat?
3157 4074 3380 4129 Remne
3398 4076 3518 4127 tam
3542 4068 3856 4126 nefandam

2207 4165 2400 4234 silere,
2433 4165 2740 4237 sinereque
2772 4165 3039 4220 homines
3060 4181 3094 4220 a
3121 4163 3487 4219 daemonibus
3518 4158 3726 4231 decipi,
3753 4175 3859 4214 nec

2204 4259 2390 4312 Deum
2422 4255 2784 4328 agnoscere?
2813 4256 2925 4311 Sed
2957 4253 3098 4326 quid
3131 4253 3445 4325 profuisset
3463 4249 3762 4305 hominem
3785 4249 3858 4304 ad

2205 4344 2307 4401 Dei
2340 4345 2656 4417 imaginem
2691 4345 2764 4400 ab
2806 4344 2977 4399 initio
3009 4345 3229 4400 factum
3261 4341 3444 4398 fuisse
3466 4341 3494 4395 Ἰ
3539 4338 3643 4394 Vel
3697 4337 3854 4394 enim

2205 4433 2324 4490 illis
2353 4433 2595 4490 rationis
2625 4450 2853 4506 expers,
2884 4438 2950 4489 ut
2979 4433 3162 4488 hrutaa
3193 4432 3548 4497 animantes,
3567 4428 3857 4484 creandus

2207 4528 2352 4592 erat,
2383 4523 2471 4580 vel
2503 4528 2657 4579 certe
2688 4523 2876 4578 factus
2907 4521 3150 4577 rationis
3201 4520 3492 4594 particeps
3523 4516 3854 4574 belluarum

2203 4614 2384 4670 vitam
2413 4613 2604 4669 vivere
2630 4629 2742 4668 non
2766 4609 2987 4667 debuit.
3011 4609 3159 4674 Quid
3181 4609 3322 4665 item
3345 4606 3429 4662 illi
3453 4621 3695 4678 prorsus
3718 4621 3853 4677 pro-

2127 4723 2176 4788 D
2205 4703 2459 4759 fuissent
2488 4701 2589 4758 Dei
2621 4701 2918 4756 notionem
2947 4700 3020 4757 ab
3050 4698 3216 4754 initio
3246 4697 3542 4770 accepisse
3562 4699 3590 4751 Ἰ
3617 4695 3677 4752 Si
3699 4694 3855 4750 enim

2208 4809 2366 4848 nunc
2396 4791 2678 4863 indignus
2707 4794 2798 4846 est
2823 4789 2925 4861 qui
2970 4806 3099 4845 eam
3159 4787 3424 4860 accipiat,
3475 4789 3629 4842 certe
3668 4801 3856 4857 neque

2207 4881 2293 4936 illi
2324 4881 2396 4938 ab
2428 4880 2595 4935 initio
2627 4879 2752 4935 dari
2775 4879 3051 4952 oportuit.
3085 4881 3222 4943 Quae
3250 4893 3422 4950 porro
3451 4876 3588 4933 inde
3630 4873 3856 4931 utilitas

2207 4974 2324 5026 Deo
2347 4970 2610 5037 creatori,
2644 4986 2772 5040 quis
2831 4968 3018 5042 gloria
3063 4968 3438 5033 redundaret,
3487 4965 3536 5022 si
3585 4962 3857 5020 homines

2204 5093 2556 5151 Ambrosius
2585 5093 2848 5150 Camald.
2880 5092 2993 5148 Alii
3026 5097 3222 5150 autem
3280 5107 3415 5147 cum
3462 5089 3636 5146 editis
3683 5089 3855 5145 omit-

2203 5170 2359 5310 mg).
2385 5237 2471 5306 Μή
2503 5237 2672 5310 abest
2704 5254 2738 5292 a
2779 5236 3009 5292 Gobler.
3047 5239 3122 5310 _et
3147 5233 3424 5310 _Felclgm.
3456 5233 3494 5310 i_
3517 5249 3690 5290 anon.
3738 5231 3858 5310 Alii

2205 5306 2340 5366 cum
2373 5309 2546 5366 editis
2579 5309 2815 5379 habent,
2849 5306 3287 5380 atq-ueitalegit
3307 5306 3692 5380 Omnibonus.
3717 5309 3854 5361 Am-

2204 5381 2440 5437 brosius
2471 5385 2665 5437 autem
2697 5377 2959 5435 Camald'.
2992 5384 3048 5433 et
3094 5377 3357 5434 Nannius
3406 5395 3521 5433 non
3580 5378 3858 5434 videntur

2204 5452 2454 5525 legisse:
2489 5469 2622 5525 nam
2657 5469 2788 5525 eam
2819 5449 3167 5525 particulam
3199 5449 3702 5525 non_exprimunt,
3756 5450 3859 5525 sed

2202 5522 2312 5582 hec
2343 5542 2517 5581 sensu
2552 5523 2739 5579 locum
2775 5523 2955 5577 istum
2987 5522 3272 5578 reddunt:
3304 5523 3583 5578 Praestare
3601 5524 3756 5577 enim
3777 5524 3861 5577 vi-

2202 5597 2442 5653 debatur
2469 5595 2854 5651 irrationalem
2881 5595 3025 5664 ﬁeri,
3057 5610 3225 5664 quam
3283 5594 3617 5649 rationalem
3671 5595 3860 5649 condi-

2203 5677 2321 5724 tum
2351 5672 2630 5724 brutorum
2660 5668 2838 5722 vivere
2857 5668 3048 5720 vitam.
3086 5667 3169 5720 Ita
3189 5667 3458 5721 Ambros.
3502 5664 3731 5720 Similia
3761 5665 3860 5721 ha~

2202 5741 2301 5797 bet
2326 5739 2612 5798 Nannius.

3559 5841 3588 5874 δ.
