  <div class='ocr_page' id='page_1' title='image "/cluster/home/n/w/nwhite01/storage/ocr_20150623/25:no.1/coo.31924054873066/353.png"; bbox 0 0 4160 6386; ppageno 0'>
   <div class='ocr_carea' id='block_1_1' title="bbox 313 389 430 461">
    <p class='ocr_par' dir='ltr' id='par_1_1' title="bbox 313 389 430 461">
     <span class='ocr_line' id='line_1_1' title="bbox 313 389 430 461; baseline 0.034 -4"><span class='ocrx_word' id='word_1_1' title='bbox 313 389 430 461; x_wconf 73' lang='grc'><strong>119</strong></span> 
     </span>
    </p>
   </div>
   <div class='ocr_carea' id='block_1_2' title="bbox 847 379 1967 460">
    <p class='ocr_par' dir='ltr' id='par_1_2' title="bbox 847 385 1942 460">
     <span class='ocr_line' id='line_1_2' title="bbox 847 385 1942 460; baseline -0.01 0"><span class='ocrx_word' id='word_1_2' title='bbox 847 395 914 460; x_wconf 90' lang='lat' dir='ltr'><strong>S.</strong></span> <span class='ocrx_word' id='word_1_3' title='bbox 958 393 1384 460; x_wconf 79' lang='lat' dir='ltr'><strong>ATHANASII</strong></span> <span class='ocrx_word' id='word_1_4' title='bbox 1426 391 1601 458; x_wconf 87' lang='lat' dir='ltr'><strong>OPP.</strong></span> <span class='ocrx_word' id='word_1_5' title='bbox 1644 388 1850 454; x_wconf 81' lang='lat' dir='ltr'><strong>PARS</strong></span> <span class='ocrx_word' id='word_1_6' title='bbox 1891 385 1942 450; x_wconf 87' lang='grc' dir='ltr'><strong>Ι.</strong></span> 
     </span>
    </p>
   </div>
   <div class='ocr_carea' id='block_1_3' title="bbox 2082 379 3190 460">
    <p class='ocr_par' dir='ltr' id='par_1_3' title="bbox 2084 379 3190 452">
     <span class='ocr_line' id='line_1_3' title="bbox 2084 379 3190 452; baseline -0.002 -3"><span class='ocrx_word' id='word_1_7' title='bbox 2084 379 2510 452; x_wconf 75' lang='grc' dir='ltr'><strong>ΗΪ8Ἰ¹ΟΒΙΟΑ</strong></span> <span class='ocrx_word' id='word_1_8' title='bbox 2552 385 2656 450; x_wconf 82' lang='grc' dir='ltr'>ΕΤ</span> <span class='ocrx_word' id='word_1_9' title='bbox 2698 382 3190 451; x_wconf 80' lang='lat' dir='ltr'><strong>DOGMATICA.</strong></span> 
     </span>
    </p>
   </div>
   <div class='ocr_carea' id='block_1_4' title="bbox 3616 380 3734 447">
    <p class='ocr_par' dir='ltr' id='par_1_4' title="bbox 3616 380 3734 447">
     <span class='ocr_line' id='line_1_4' title="bbox 3616 380 3734 447; baseline -0.017 0"><span class='ocrx_word' id='word_1_10' title='bbox 3616 380 3734 447; x_wconf 70' lang='grc' dir='ltr'>ηο</span> 
     </span>
    </p>
   </div>
   <div class='ocr_carea' id='block_1_5' title="bbox 310 513 1967 605">
    <p class='ocr_par' dir='ltr' id='par_1_5' title="bbox 310 526 1959 605">
     <span class='ocr_line' id='line_1_5' title="bbox 310 526 1959 605; baseline -0.005 -15"><span class='ocrx_word' id='word_1_11' title='bbox 310 534 408 590; x_wconf 74' lang='lat'><strong>47</strong></span> <span class='ocrx_word' id='word_1_12' title='bbox 445 547 595 605; x_wconf 92' lang='lat' dir='ltr'><strong>quos</strong></span> <span class='ocrx_word' id='word_1_13' title='bbox 629 531 860 602; x_wconf 87' lang='lat' dir='ltr'><strong>creavit,</strong></span> <span class='ocrx_word' id='word_1_14' title='bbox 892 547 1026 589; x_wconf 90' lang='lat' dir='ltr'><strong>eum</strong></span> <span class='ocrx_word' id='word_1_15' title='bbox 1059 549 1175 588; x_wconf 90' lang='lat' dir='ltr'><strong>non</strong></span> <span class='ocrx_word' id='word_1_16' title='bbox 1207 531 1480 602; x_wconf 89' lang='lat' dir='ltr'><strong>colerent,</strong></span> <span class='ocrx_word' id='word_1_17' title='bbox 1529 530 1631 587; x_wconf 90' lang='lat' dir='ltr'><strong>sed</strong></span> <span class='ocrx_word' id='word_1_18' title='bbox 1683 527 1828 586; x_wconf 89' lang='lat' dir='ltr'><strong>alios</strong></span> <span class='ocrx_word' id='word_1_19' title='bbox 1868 526 1959 583; x_wconf 91' lang='lat' dir='ltr'><strong>sui</strong></span> 
     </span>
    </p>
   </div>
   <div class='ocr_carea' id='block_1_6' title="bbox 2082 513 3733 605">
    <p class='ocr_par' dir='ltr' id='par_1_6' title="bbox 2082 513 3733 600">
     <span class='ocr_line' id='line_1_6' title="bbox 2082 513 3733 600; baseline -0.004 -20"><span class='ocrx_word' id='word_1_20' title='bbox 2082 519 2348 600; x_wconf 76' lang='grc' dir='ltr'>Ξίνθρωποι</span> <span class='ocrx_word' id='word_1_21' title='bbox 2399 521 2460 580; x_wconf 78' lang='grc' dir='ltr'><strong>οὐ</strong></span> <span class='ocrx_word' id='word_1_22' title='bbox 2509 524 2898 600; x_wconf 77' lang='grc' dir='ltr'><strong>προσκυνοῦσιν</strong></span> <span class='ocrx_word' id='word_1_23' title='bbox 2950 518 3116 591; x_wconf 79' lang='grc' dir='ltr'>αύτῷ,</span> <span class='ocrx_word' id='word_1_24' title='bbox 3147 513 3274 573; x_wconf 84' lang='grc' dir='ltr'>ἀλλ’</span> <span class='ocrx_word' id='word_1_25' title='bbox 3321 513 3541 594; x_wconf 69' lang='grc' dir='ltr'>ἑτέρους</span> <span class='ocrx_word' id='word_1_26' title='bbox 3594 517 3733 579; x_wconf 78' lang='grc' dir='ltr'>εἶναι</span> 
     </span>
    </p>
   </div>
   <div class='ocr_carea' id='block_1_7' title="bbox 310 619 1965 679">
    <p class='ocr_par' dir='ltr' id='par_1_7' title="bbox 310 619 1965 679">
     <span class='ocr_line' id='line_1_7' title="bbox 310 619 1965 679; baseline -0.005 -1"><span class='ocrx_word' id='word_1_27' title='bbox 310 622 611 679; x_wconf 81' lang='lat' dir='ltr'><strong>eﬁ‘ectores</strong></span> <span class='ocrx_word' id='word_1_28' title='bbox 642 639 771 679; x_wconf 90' lang='lat' dir='ltr'><strong>esse</strong></span> <span class='ocrx_word' id='word_1_29' title='bbox 814 622 1280 678; x_wconf 81' lang='lat' dir='ltr'><strong>arbitrarentur?</strong></span> <span class='ocrx_word' id='word_1_30' title='bbox 1339 625 1422 676; x_wconf 89' lang='lat' dir='ltr'><strong>Ita</strong></span> <span class='ocrx_word' id='word_1_31' title='bbox 1470 621 1625 676; x_wconf 87' lang='lat' dir='ltr'><strong>enim</strong></span> <span class='ocrx_word' id='word_1_32' title='bbox 1669 619 1965 673; x_wconf 81' lang='lat' dir='ltr'><strong>videretur</strong></span> 
     </span>
    </p>
   </div>
   <div class='ocr_carea' id='block_1_8' title="bbox 307 711 1958 780">
    <p class='ocr_par' dir='ltr' id='par_1_8' title="bbox 307 711 1958 780">
     <span class='ocr_line' id='line_1_8' title="bbox 307 711 1958 780; baseline -0.004 -12"><span class='ocrx_word' id='word_1_33' title='bbox 307 712 467 769; x_wconf 85' lang='lat' dir='ltr'><strong>Deus</strong></span> <span class='ocrx_word' id='word_1_34' title='bbox 500 729 615 769; x_wconf 87' lang='lat' dir='ltr'><strong>non</strong></span> <span class='ocrx_word' id='word_1_35' title='bbox 649 712 760 769; x_wconf 86' lang='lat' dir='ltr'><strong>sibi</strong></span> <span class='ocrx_word' id='word_1_36' title='bbox 796 713 898 768; x_wconf 91' lang='lat' dir='ltr'><strong>sed</strong></span> <span class='ocrx_word' id='word_1_37' title='bbox 929 712 1060 767; x_wconf 85' lang='lat' dir='ltr'><strong>aliis</strong></span> <span class='ocrx_word' id='word_1_38' title='bbox 1094 712 1365 768; x_wconf 86' lang='lat' dir='ltr'><strong>homines</strong></span> <span class='ocrx_word' id='word_1_39' title='bbox 1411 726 1661 766; x_wconf 84' lang='lat' dir='ltr'><strong>creasse.</strong></span> <span class='ocrx_word' id='word_1_40' title='bbox 1691 711 1958 780; x_wconf 81' lang='lat' dir='ltr'><strong>Insuper,</strong></span> 
     </span>
    </p>
   </div>
   <div class='ocr_carea' id='block_1_9' title="bbox 303 796 1961 874">
    <p class='ocr_par' dir='ltr' id='par_1_9' title="bbox 303 796 1961 874">
     <span class='ocr_line' id='line_1_9' title="bbox 303 796 1961 874; baseline -0.003 -18"><span class='ocrx_word' id='word_1_41' title='bbox 303 801 647 874; x_wconf 86' lang='lat' dir='ltr'><strong>imperator,</strong></span> <span class='ocrx_word' id='word_1_42' title='bbox 682 801 916 858; x_wconf 86' lang='lat' dir='ltr'><strong>tametsi</strong></span> <span class='ocrx_word' id='word_1_43' title='bbox 950 801 1145 871; x_wconf 85' lang='lat' dir='ltr'><strong>homo,</strong></span> <span class='ocrx_word' id='word_1_44' title='bbox 1170 801 1386 872; x_wconf 90' lang='lat' dir='ltr'><strong>oppida</strong></span> <span class='ocrx_word' id='word_1_45' title='bbox 1406 818 1439 856; x_wconf 89' lang='lat' dir='ltr'><strong>a</strong></span> <span class='ocrx_word' id='word_1_46' title='bbox 1464 817 1525 856; x_wconf 89' lang='lat' dir='ltr'><strong>se</strong></span> <span class='ocrx_word' id='word_1_47' title='bbox 1543 802 1878 856; x_wconf 89' lang='lat' dir='ltr'><strong>constructa</strong></span> <span class='ocrx_word' id='word_1_48' title='bbox 1902 796 1961 851; x_wconf 92' lang='lat' dir='ltr'><strong>in</strong></span> 
     </span>
    </p>
   </div>
   <div class='ocr_carea' id='block_1_10' title="bbox 309 886 1962 961">
    <p class='ocr_par' dir='ltr' id='par_1_10' title="bbox 309 886 1962 961">
     <span class='ocr_line' id='line_1_10' title="bbox 309 886 1962 961; baseline -0.004 -14"><span class='ocrx_word' id='word_1_49' title='bbox 309 891 561 948; x_wconf 89' lang='lat' dir='ltr'><strong>aliorum</strong></span> <span class='ocrx_word' id='word_1_50' title='bbox 593 892 876 948; x_wconf 88' lang='lat' dir='ltr'><strong>ditionem</strong></span> <span class='ocrx_word' id='word_1_51' title='bbox 908 894 964 947; x_wconf 89' lang='lat' dir='ltr'><strong>et</strong></span> <span class='ocrx_word' id='word_1_52' title='bbox 996 891 1336 947; x_wconf 87' lang='lat' dir='ltr'><strong>servitutem</strong></span> <span class='ocrx_word' id='word_1_53' title='bbox 1382 890 1599 957; x_wconf 89' lang='lat' dir='ltr'><strong>venire,</strong></span> <span class='ocrx_word' id='word_1_54' title='bbox 1649 903 1839 961; x_wconf 86' lang='lat' dir='ltr'><strong>neque</strong></span> <span class='ocrx_word' id='word_1_55' title='bbox 1889 886 1962 942; x_wconf 92' lang='lat' dir='ltr'><strong>ad</strong></span> 
     </span>
    </p>
   </div>
   <div class='ocr_carea' id='block_1_11' title="bbox 311 980 1963 1049">
    <p class='ocr_par' dir='ltr' id='par_1_11' title="bbox 311 980 1963 1049">
     <span class='ocr_line' id='line_1_11' title="bbox 311 980 1963 1049; baseline -0.004 -11"><span class='ocrx_word' id='word_1_56' title='bbox 311 981 456 1038; x_wconf 88' lang='lat' dir='ltr'><strong>alios</strong></span> <span class='ocrx_word' id='word_1_57' title='bbox 484 981 730 1037; x_wconf 90' lang='lat' dir='ltr'><strong>deﬁcere</strong></span> <span class='ocrx_word' id='word_1_58' title='bbox 761 980 938 1036; x_wconf 87' lang='lat' dir='ltr'><strong>sinit:</strong></span> <span class='ocrx_word' id='word_1_59' title='bbox 975 981 1073 1036; x_wconf 89' lang='lat' dir='ltr'><strong>sed</strong></span> <span class='ocrx_word' id='word_1_60' title='bbox 1106 981 1260 1036; x_wconf 82' lang='lat' dir='ltr'><strong>cives</strong></span> <span class='ocrx_word' id='word_1_61' title='bbox 1292 981 1503 1036; x_wconf 80' lang='lat' dir='ltr'><strong>litteris</strong></span> <span class='ocrx_word' id='word_1_62' title='bbox 1552 983 1770 1042; x_wconf 88' lang='lat' dir='ltr'><strong>monet,</strong></span> <span class='ocrx_word' id='word_1_63' title='bbox 1813 992 1963 1049; x_wconf 59' lang='lat' dir='ltr'><strong>sape</strong></span> 
     </span>
    </p>
   </div>
   <div class='ocr_carea' id='block_1_12' title="bbox 307 1068 1960 1143">
    <p class='ocr_par' dir='ltr' id='par_1_12' title="bbox 307 1068 1960 1143">
     <span class='ocr_line' id='line_1_12' title="bbox 307 1068 1960 1143; baseline -0.003 -16"><span class='ocrx_word' id='word_1_64' title='bbox 307 1072 484 1128; x_wconf 91' lang='lat' dir='ltr'><strong>etiam</strong></span> <span class='ocrx_word' id='word_1_65' title='bbox 516 1088 620 1143; x_wconf 89' lang='lat' dir='ltr'><strong>per</strong></span> <span class='ocrx_word' id='word_1_66' title='bbox 649 1070 869 1126; x_wconf 88' lang='lat' dir='ltr'><strong>amicos</strong></span> <span class='ocrx_word' id='word_1_67' title='bbox 901 1070 1019 1126; x_wconf 86' lang='lat' dir='ltr'><strong>illis</strong></span> <span class='ocrx_word' id='word_1_68' title='bbox 1049 1071 1274 1139; x_wconf 88' lang='lat' dir='ltr'><strong>scribit,</strong></span> <span class='ocrx_word' id='word_1_69' title='bbox 1306 1069 1638 1142; x_wconf 87' lang='lat' dir='ltr'><strong>ipseque,si</strong></span> <span class='ocrx_word' id='word_1_70' title='bbox 1662 1068 1840 1140; x_wconf 83' lang='lat' dir='ltr'><strong>exigit</strong></span> <span class='ocrx_word' id='word_1_71' title='bbox 1861 1083 1960 1122; x_wconf 89' lang='lat' dir='ltr'><strong>ne-</strong></span> 
     </span>
    </p>
   </div>
   <div class='ocr_carea' id='block_1_13' title="bbox 307 1159 1964 1232">
    <p class='ocr_par' dir='ltr' id='par_1_13' title="bbox 307 1159 1964 1232">
     <span class='ocr_line' id='line_1_13' title="bbox 307 1159 1964 1232; baseline -0.004 -15"><span class='ocrx_word' id='word_1_72' title='bbox 307 1160 578 1225; x_wconf 89' lang='lat' dir='ltr'><strong>cessitas,</strong></span> <span class='ocrx_word' id='word_1_73' title='bbox 613 1177 711 1216; x_wconf 90' lang='lat' dir='ltr'><strong>eos</strong></span> <span class='ocrx_word' id='word_1_74' title='bbox 745 1160 1033 1228; x_wconf 87' lang='lat' dir='ltr'><strong>convenit,</strong></span> <span class='ocrx_word' id='word_1_75' title='bbox 1069 1165 1136 1216; x_wconf 88' lang='lat' dir='ltr'><strong>ut</strong></span> <span class='ocrx_word' id='word_1_76' title='bbox 1166 1178 1274 1217; x_wconf 89' lang='lat' dir='ltr'><strong>sua</strong></span> <span class='ocrx_word' id='word_1_77' title='bbox 1304 1160 1616 1232; x_wconf 82' lang='lat' dir='ltr'><strong>praesentia</strong></span> <span class='ocrx_word' id='word_1_78' title='bbox 1647 1159 1863 1223; x_wconf 88' lang='lat' dir='ltr'><strong>ﬂectat,</strong></span> <span class='ocrx_word' id='word_1_79' title='bbox 1898 1173 1964 1211; x_wconf 85' lang='lat' dir='ltr'><strong>ea</strong></span> 
     </span>
    </p>
   </div>
   <div class='ocr_carea' id='block_1_14' title="bbox 307 1249 1962 1318">
    <p class='ocr_par' dir='ltr' id='par_1_14' title="bbox 307 1249 1962 1318">
     <span class='ocr_line' id='line_1_14' title="bbox 307 1249 1962 1318; baseline -0.002 -13"><span class='ocrx_word' id='word_1_80' title='bbox 307 1254 537 1306; x_wconf 87' lang='lat' dir='ltr'><strong>tantum</strong></span> <span class='ocrx_word' id='word_1_81' title='bbox 575 1250 645 1306; x_wconf 90' lang='lat' dir='ltr'><strong>de</strong></span> <span class='ocrx_word' id='word_1_82' title='bbox 667 1267 846 1306; x_wconf 89' lang='lat' dir='ltr'><strong>causa</strong></span> <span class='ocrx_word' id='word_1_83' title='bbox 877 1267 949 1305; x_wconf 86' lang='lat' dir='ltr'><strong>ne</strong></span> <span class='ocrx_word' id='word_1_84' title='bbox 979 1249 1114 1305; x_wconf 90' lang='lat' dir='ltr'><strong>aliis</strong></span> <span class='ocrx_word' id='word_1_85' title='bbox 1144 1250 1416 1318; x_wconf 87' lang='lat' dir='ltr'><strong>serviant,</strong></span> <span class='ocrx_word' id='word_1_86' title='bbox 1439 1249 1527 1305; x_wconf 87' lang='lat' dir='ltr'><strong>vel</strong></span> <span class='ocrx_word' id='word_1_87' title='bbox 1556 1249 1784 1303; x_wconf 86' lang='lat' dir='ltr'><strong>irritum</strong></span> <span class='ocrx_word' id='word_1_88' title='bbox 1813 1261 1962 1318; x_wconf 92' lang='lat' dir='ltr'><strong>opus</strong></span> 
     </span>
    </p>
   </div>
   <div class='ocr_carea' id='block_1_15' title="bbox 305 1339 1961 1413">
    <p class='ocr_par' dir='ltr' id='par_1_15' title="bbox 305 1339 1961 1413">
     <span class='ocr_line' id='line_1_15' title="bbox 305 1339 1961 1413; baseline -0.003 -17"><span class='ocrx_word' id='word_1_89' title='bbox 305 1355 478 1396; x_wconf 88' lang='lat' dir='ltr'><strong>suum</strong></span> <span class='ocrx_word' id='word_1_90' title='bbox 512 1339 634 1396; x_wconf 86' lang='lat' dir='ltr'><strong>ﬁat.</strong></span> <span class='ocrx_word' id='word_1_91' title='bbox 667 1343 878 1394; x_wconf 86' lang='lat' dir='ltr'><strong>Annon</strong></span> <span class='ocrx_word' id='word_1_92' title='bbox 909 1355 1046 1413; x_wconf 91' lang='lat' dir='ltr'><strong>ergo</strong></span> <span class='ocrx_word' id='word_1_93' title='bbox 1077 1339 1265 1395; x_wconf 91' lang='lat' dir='ltr'><strong>multo</strong></span> <span class='ocrx_word' id='word_1_94' title='bbox 1296 1339 1486 1411; x_wconf 88' lang='lat' dir='ltr'><strong>magis</strong></span> <span class='ocrx_word' id='word_1_95' title='bbox 1536 1343 1686 1394; x_wconf 89' lang='lat' dir='ltr'><strong>Deus</strong></span> <span class='ocrx_word' id='word_1_96' title='bbox 1744 1354 1961 1402; x_wconf 90' lang='lat' dir='ltr'><strong>rerum,</strong></span> 
     </span>
    </p>
   </div>
   <div class='ocr_carea' id='block_1_16' title="bbox 304 1428 1961 1500">
    <p class='ocr_par' dir='ltr' id='par_1_16' title="bbox 304 1428 1961 1500">
     <span class='ocr_line' id='line_1_16' title="bbox 304 1428 1961 1500; baseline -0.004 -14"><span class='ocrx_word' id='word_1_97' title='bbox 304 1446 558 1500; x_wconf 91' lang='lat' dir='ltr'><strong>quarum</strong></span> <span class='ocrx_word' id='word_1_98' title='bbox 589 1434 815 1486; x_wconf 82' lang='lat' dir='ltr'><strong>creator</strong></span> <span class='ocrx_word' id='word_1_99' title='bbox 844 1433 953 1500; x_wconf 89' lang='lat' dir='ltr'><strong>est,</strong></span> <span class='ocrx_word' id='word_1_100' title='bbox 985 1429 1383 1495; x_wconf 87' lang='lat' dir='ltr'><strong>miserebitur,</strong></span> <span class='ocrx_word' id='word_1_101' title='bbox 1416 1445 1488 1484; x_wconf 90' lang='lat' dir='ltr'><strong>ne</strong></span> <span class='ocrx_word' id='word_1_102' title='bbox 1513 1445 1548 1484; x_wconf 91' lang='lat' dir='ltr'><strong>a</strong></span> <span class='ocrx_word' id='word_1_103' title='bbox 1578 1445 1638 1484; x_wconf 91' lang='lat' dir='ltr'><strong>se</strong></span> <span class='ocrx_word' id='word_1_104' title='bbox 1671 1428 1961 1493; x_wconf 82' lang='lat' dir='ltr'><strong>aberrent,</strong></span> 
     </span>
    </p>
   </div>
   <div class='ocr_carea' id='block_1_17' title="bbox 306 1517 1964 1591">
    <p class='ocr_par' dir='ltr' id='par_1_17' title="bbox 306 1517 1964 1591">
     <span class='ocr_line' id='line_1_17' title="bbox 306 1517 1964 1591; baseline -0.002 -17"><span class='ocrx_word' id='word_1_105' title='bbox 306 1523 365 1575; x_wconf 91' lang='lat' dir='ltr'><strong>et</strong></span> <span class='ocrx_word' id='word_1_106' title='bbox 391 1519 568 1574; x_wconf 91' lang='lat' dir='ltr'><strong>rebus</strong></span> <span class='ocrx_word' id='word_1_107' title='bbox 603 1535 730 1591; x_wconf 77' lang='lat' dir='ltr'><strong>quae</strong></span> <span class='ocrx_word' id='word_1_108' title='bbox 763 1517 940 1574; x_wconf 64' lang='lat' dir='ltr'><strong>nullae</strong></span> <span class='ocrx_word' id='word_1_109' title='bbox 967 1522 1106 1574; x_wconf 89' lang='lat' dir='ltr'><strong>sunt</strong></span> <span class='ocrx_word' id='word_1_110' title='bbox 1137 1518 1416 1584; x_wconf 82' lang='lat' dir='ltr'><strong>serviant,</strong></span> <span class='ocrx_word' id='word_1_111' title='bbox 1450 1535 1584 1574; x_wconf 92' lang='lat' dir='ltr'><strong>cum</strong></span> <span class='ocrx_word' id='word_1_112' title='bbox 1641 1518 1964 1590; x_wconf 60' lang='lat' dir='ltr'><strong>praesrtim</strong></span> 
     </span>
    </p>
   </div>
   <div class='ocr_carea' id='block_1_18' title="bbox 305 1593 1966 1679">
    <p class='ocr_par' dir='ltr' id='par_1_18' title="bbox 305 1593 1966 1679">
     <span class='ocr_line' id='line_1_18' title="bbox 305 1593 1966 1679; baseline -0.001 -17"><span class='ocrx_word' id='word_1_113' title='bbox 305 1593 650 1679; x_wconf 73' lang='lat' dir='ltr'><strong>huiusmodi</strong></span> <span class='ocrx_word' id='word_1_114' title='bbox 677 1623 840 1663; x_wconf 90' lang='lat' dir='ltr'><strong>error</strong></span> <span class='ocrx_word' id='word_1_115' title='bbox 868 1606 986 1663; x_wconf 85' lang='lat' dir='ltr'><strong>illis</strong></span> <span class='ocrx_word' id='word_1_116' title='bbox 1007 1606 1166 1663; x_wconf 88' lang='lat' dir='ltr'><strong>exitii</strong></span> <span class='ocrx_word' id='word_1_117' title='bbox 1197 1611 1253 1662; x_wconf 92' lang='lat' dir='ltr'><strong>et</strong></span> <span class='ocrx_word' id='word_1_118' title='bbox 1295 1607 1566 1663; x_wconf 88' lang='lat' dir='ltr'><strong>interitus</strong></span> <span class='ocrx_word' id='word_1_119' title='bbox 1616 1607 1693 1662; x_wconf 92' lang='lat' dir='ltr'><strong>sit</strong></span> <span class='ocrx_word' id='word_1_120' title='bbox 1739 1605 1966 1662; x_wconf 81' lang='lat' dir='ltr'><strong>causa?</strong></span> 
     </span>
    </p>
   </div>
   <div class='ocr_carea' id='block_1_19' title="bbox 307 1695 1963 1768">
    <p class='ocr_par' dir='ltr' id='par_1_19' title="bbox 307 1695 1963 1768">
     <span class='ocr_line' id='line_1_19' title="bbox 307 1695 1963 1768; baseline -0.002 -15"><span class='ocrx_word' id='word_1_121' title='bbox 307 1714 450 1754; x_wconf 89' lang='lat' dir='ltr'><strong>sane</strong></span> <span class='ocrx_word' id='word_1_122' title='bbox 481 1696 670 1768; x_wconf 89' lang='lat' dir='ltr'><strong>perire</strong></span> <span class='ocrx_word' id='word_1_123' title='bbox 700 1714 815 1753; x_wconf 89' lang='lat' dir='ltr'><strong>non</strong></span> <span class='ocrx_word' id='word_1_124' title='bbox 870 1696 1111 1752; x_wconf 88' lang='lat' dir='ltr'><strong>decebat</strong></span> <span class='ocrx_word' id='word_1_125' title='bbox 1152 1713 1244 1752; x_wconf 90' lang='lat' dir='ltr'><strong>res</strong></span> <span class='ocrx_word' id='word_1_126' title='bbox 1295 1697 1576 1767; x_wconf 82' lang='lat' dir='ltr'><strong>imaginis</strong></span> <span class='ocrx_word' id='word_1_127' title='bbox 1632 1696 1730 1751; x_wconf 91' lang='lat' dir='ltr'><strong>Dei</strong></span> <span class='ocrx_word' id='word_1_128' title='bbox 1784 1695 1963 1752; x_wconf 89' lang='lat' dir='ltr'><strong>semel</strong></span> 
     </span>
    </p>
   </div>
   <div class='ocr_carea' id='block_1_20' title="bbox 306 1785 1966 1859">
    <p class='ocr_par' dir='ltr' id='par_1_20' title="bbox 306 1785 1966 1859">
     <span class='ocr_line' id='line_1_20' title="bbox 306 1785 1966 1859; baseline -0.002 -17"><span class='ocrx_word' id='word_1_129' title='bbox 306 1786 491 1842; x_wconf 80' lang='lat' dir='ltr'><strong>factas</strong></span> <span class='ocrx_word' id='word_1_130' title='bbox 533 1785 866 1858; x_wconf 88' lang='lat' dir='ltr'><strong>participes.</strong></span> <span class='ocrx_word' id='word_1_131' title='bbox 893 1787 1038 1851; x_wconf 88' lang='lat' dir='ltr'><strong>Quid</strong></span> <span class='ocrx_word' id='word_1_132' title='bbox 1063 1787 1242 1859; x_wconf 86' lang='lat' dir='ltr'><strong>igitur</strong></span> <span class='ocrx_word' id='word_1_133' title='bbox 1261 1787 1444 1843; x_wconf 90' lang='lat' dir='ltr'><strong>Deum</strong></span> <span class='ocrx_word' id='word_1_134' title='bbox 1468 1803 1638 1857; x_wconf 82' lang='lat' dir='ltr'><strong>agere</strong></span> <span class='ocrx_word' id='word_1_135' title='bbox 1664 1786 1966 1842; x_wconf 86' lang='lat' dir='ltr'><strong>convenie-</strong></span> 
     </span>
    </p>
   </div>
   <div class='ocr_carea' id='block_1_21' title="bbox 2071 605 3733 684">
    <p class='ocr_par' dir='ltr' id='par_1_21' title="bbox 2071 605 3733 684">
     <span class='ocr_line' id='line_1_21' title="bbox 2071 605 3733 684; baseline -0.004 -14"><span class='ocrx_word' id='word_1_136' title='bbox 2071 615 2198 677; x_wconf 68' lang='grc' dir='ltr'>τοὺς</span> <span class='ocrx_word' id='word_1_137' title='bbox 2278 612 2650 683; x_wconf 77' lang='grc' dir='ltr'><strong>πεποιηκότας</strong></span> <span class='ocrx_word' id='word_1_138' title='bbox 2727 611 2922 673; x_wconf 71' lang='grc' dir='ltr'>αὐτοὺς</span> <span class='ocrx_word' id='word_1_139' title='bbox 2990 608 3350 682; x_wconf 79' lang='grc' dir='ltr'>νομίζουσιν;</span> <span class='ocrx_word' id='word_1_140' title='bbox 3408 605 3733 684; x_wconf 80' lang='grc' dir='ltr'>Εὗρίσκεται</span> 
     </span>
    </p>
   </div>
   <div class='ocr_carea' id='block_1_22' title="bbox 2071 695 3727 780">
    <p class='ocr_par' dir='ltr' id='par_1_22' title="bbox 2071 695 3727 780">
     <span class='ocr_line' id='line_1_22' title="bbox 2071 695 3727 780; baseline -0.005 -20"><span class='ocrx_word' id='word_1_141' title='bbox 2071 706 2175 780; x_wconf 72' lang='grc' dir='ltr'>γὰρ</span> <span class='ocrx_word' id='word_1_142' title='bbox 2208 705 2236 759; x_wconf 83' lang='grc' dir='ltr'>ὁ</span> <span class='ocrx_word' id='word_1_143' title='bbox 2266 705 2395 766; x_wconf 88' lang='grc' dir='ltr'>Θεὸς</span> <span class='ocrx_word' id='word_1_144' title='bbox 2427 705 2631 777; x_wconf 70' lang='grc' dir='ltr'>ἑτέροις</span> <span class='ocrx_word' id='word_1_145' title='bbox 2673 702 2761 757; x_wconf 76' lang='grc' dir='ltr'><strong>καὶ</strong></span> <span class='ocrx_word' id='word_1_146' title='bbox 2803 701 2910 776; x_wconf 76' lang='grc' dir='ltr'><strong>οὐχ</strong></span> <span class='ocrx_word' id='word_1_147' title='bbox 2955 700 3129 772; x_wconf 72' lang='grc' dir='ltr'>ἑαυτῷ</span> <span class='ocrx_word' id='word_1_148' title='bbox 3178 697 3406 761; x_wconf 91' lang='grc' dir='ltr'>τούτους</span> <span class='ocrx_word' id='word_1_149' title='bbox 3451 695 3727 774; x_wconf 80' lang='grc' dir='ltr'>δημιουρ-</span> 
     </span>
    </p>
   </div>
   <div class='ocr_carea' id='block_1_23' title="bbox 2073 785 3725 870">
    <p class='ocr_par' dir='ltr' id='par_1_23' title="bbox 2073 785 3725 870">
     <span class='ocr_line' id='line_1_23' title="bbox 2073 785 3725 870; baseline -0.004 -20"><span class='ocrx_word' id='word_1_150' title='bbox 2073 797 2266 869; x_wconf 75' lang='grc' dir='ltr'>γήσας,</span> <span class='ocrx_word' id='word_1_151' title='bbox 2302 795 2431 849; x_wconf 80' lang='grc' dir='ltr'>Εἶτα</span> <span class='ocrx_word' id='word_1_152' title='bbox 2488 790 2743 870; x_wconf 67' lang='grc' dir='ltr'>βασιλεὺς</span> <span class='ocrx_word' id='word_1_153' title='bbox 2804 792 2922 865; x_wconf 73' lang='grc' dir='ltr'>μὲν,</span> <span class='ocrx_word' id='word_1_154' title='bbox 2967 788 3250 864; x_wconf 79' lang='grc' dir='ltr'>ἅνθρωπος</span> <span class='ocrx_word' id='word_1_155' title='bbox 3311 785 3410 855; x_wconf 80' lang='grc' dir='ltr'><strong>ὢν,</strong></span> <span class='ocrx_word' id='word_1_156' title='bbox 3467 789 3565 850; x_wconf 73' lang='grc' dir='ltr'>τὰς</span> <span class='ocrx_word' id='word_1_157' title='bbox 3624 789 3725 844; x_wconf 81' lang='grc' dir='ltr'><strong>ὑπὸ</strong></span> 
     </span>
    </p>
   </div>
   <div class='ocr_carea' id='block_1_24' title="bbox 2074 875 3727 959">
    <p class='ocr_par' dir='ltr' id='par_1_24' title="bbox 2074 875 3727 959">
     <span class='ocr_line' id='line_1_24' title="bbox 2074 875 3727 959; baseline -0.005 -18"><span class='ocrx_word' id='word_1_158' title='bbox 2074 885 2237 941; x_wconf 81' lang='grc' dir='ltr'>αὐτοῦ</span> <span class='ocrx_word' id='word_1_159' title='bbox 2265 883 2567 945; x_wconf 70' lang='grc' dir='ltr'><strong>κτισθείσαις</strong></span> <span class='ocrx_word' id='word_1_160' title='bbox 2598 884 2787 959; x_wconf 81' lang='grc' dir='ltr'>χώρας</span> <span class='ocrx_word' id='word_1_161' title='bbox 2819 881 2918 936; x_wconf 80' lang='grc' dir='ltr'><strong>οὐκ</strong></span> <span class='ocrx_word' id='word_1_162' title='bbox 2949 879 3168 959; x_wconf 86' lang='grc' dir='ltr'>ἀφίησιν</span> <span class='ocrx_word' id='word_1_163' title='bbox 3203 875 3458 941; x_wconf 78' lang='grc' dir='ltr'>ἐκδότους</span> <span class='ocrx_word' id='word_1_164' title='bbox 3521 879 3727 954; x_wconf 75' lang='grc' dir='ltr'>ἑτέροις</span> 
     </span>
    </p>
   </div>
   <div class='ocr_carea' id='block_1_25' title="bbox 2074 967 3728 1050">
    <p class='ocr_par' dir='ltr' id='par_1_25' title="bbox 2074 967 3728 1050">
     <span class='ocr_line' id='line_1_25' title="bbox 2074 967 3728 1050; baseline -0.005 -19"><span class='ocrx_word' id='word_1_165' title='bbox 2074 973 2384 1050; x_wconf 84' lang='grc' dir='ltr'>δομλεύειν,</span> <span class='ocrx_word' id='word_1_166' title='bbox 2439 971 2565 1030; x_wconf 75' lang='grc' dir='ltr'>οὐδὲ</span> <span class='ocrx_word' id='word_1_167' title='bbox 2634 974 2769 1049; x_wconf 86' lang='grc' dir='ltr'>πρὸς</span> <span class='ocrx_word' id='word_1_168' title='bbox 2846 969 3052 1033; x_wconf 79' lang='grc' dir='ltr'>ἄλλους</span> <span class='ocrx_word' id='word_1_169' title='bbox 3128 969 3480 1047; x_wconf 73' lang='grc' dir='ltr'>καταφεύγειν</span> <span class='ocrx_word' id='word_1_170' title='bbox 3518 988 3530 1002; x_wconf 88' lang='grc'><strong>·</strong></span> <span class='ocrx_word' id='word_1_171' title='bbox 3582 967 3728 1024; x_wconf 77' lang='grc' dir='ltr'>ἀλλὰ</span> 
     </span>
    </p>
   </div>
   <div class='ocr_carea' id='block_1_26' title="bbox 2071 1057 3727 1142">
    <p class='ocr_par' dir='ltr' id='par_1_26' title="bbox 2071 1057 3727 1142">
     <span class='ocr_line' id='line_1_26' title="bbox 2071 1057 3727 1142; baseline -0.005 -21"><span class='ocrx_word' id='word_1_172' title='bbox 2071 1068 2388 1142; x_wconf 80' lang='grc' dir='ltr'>γράμμασιν</span> <span class='ocrx_word' id='word_1_173' title='bbox 2449 1062 2645 1126; x_wconf 71' lang='grc' dir='ltr'>αὐτοὺς</span> <span class='ocrx_word' id='word_1_174' title='bbox 2717 1063 3142 1135; x_wconf 71' lang='grc' dir='ltr'>ὑπομιμνήσκει,</span> <span class='ocrx_word' id='word_1_175' title='bbox 3183 1057 3455 1122; x_wconf 83' lang='grc' dir='ltr'>πολλάκις</span> <span class='ocrx_word' id='word_1_176' title='bbox 3516 1057 3573 1113; x_wconf 76' lang='grc' dir='ltr'><strong>δὲ</strong></span> <span class='ocrx_word' id='word_1_177' title='bbox 3637 1059 3727 1114; x_wconf 86' lang='grc' dir='ltr'><strong>καὶ</strong></span> 
     </span>
    </p>
   </div>
   <div class='ocr_carea' id='block_1_27' title="bbox 2074 1147 3730 1235">
    <p class='ocr_par' dir='ltr' id='par_1_27' title="bbox 2074 1147 3730 1235">
     <span class='ocr_line' id='line_1_27' title="bbox 2074 1147 3730 1235; baseline -0.005 -24"><span class='ocrx_word' id='word_1_178' title='bbox 2074 1155 2162 1212; x_wconf 73' lang='grc' dir='ltr'>διὰ</span> <span class='ocrx_word' id='word_1_179' title='bbox 2191 1155 2364 1235; x_wconf 86' lang='grc' dir='ltr'>φίλων</span> <span class='ocrx_word' id='word_1_180' title='bbox 2425 1153 2610 1216; x_wconf 76' lang='grc' dir='ltr'>αὐτοῖς</span> <span class='ocrx_word' id='word_1_181' title='bbox 2641 1149 2969 1224; x_wconf 68' lang='grc' dir='ltr'>ἐπιστέλλει,</span> <span class='ocrx_word' id='word_1_182' title='bbox 3005 1151 3050 1205; x_wconf 83' lang='grc' dir='ltr'><strong>εἰ</strong></span> <span class='ocrx_word' id='word_1_183' title='bbox 3101 1147 3159 1205; x_wconf 75' lang='grc' dir='ltr'>δὲ</span> <span class='ocrx_word' id='word_1_184' title='bbox 3207 1149 3298 1205; x_wconf 78' lang='grc' dir='ltr'><strong>καὶ</strong></span> <span class='ocrx_word' id='word_1_185' title='bbox 3352 1149 3514 1226; x_wconf 85' lang='grc' dir='ltr'>χρεία</span> <span class='ocrx_word' id='word_1_186' title='bbox 3565 1149 3730 1223; x_wconf 86' lang='grc' dir='ltr'>γένη-</span> 
     </span>
    </p>
   </div>
   <div class='ocr_carea' id='block_1_28' title="bbox 2071 1236 3729 1318">
    <p class='ocr_par' dir='ltr' id='par_1_28' title="bbox 2071 1236 3729 1318">
     <span class='ocr_line' id='line_1_28' title="bbox 2071 1236 3729 1318; baseline -0.005 -17"><span class='ocrx_word' id='word_1_187' title='bbox 2071 1268 2181 1314; x_wconf 88' lang='grc' dir='ltr'>ται,</span> <span class='ocrx_word' id='word_1_188' title='bbox 2215 1244 2374 1306; x_wconf 73' lang='grc' dir='ltr'>αὐτὸς</span> <span class='ocrx_word' id='word_1_189' title='bbox 2413 1242 2786 1318; x_wconf 76' lang='grc' dir='ltr'>παραγίνεται,</span> <span class='ocrx_word' id='word_1_190' title='bbox 2828 1245 2897 1316; x_wconf 82' lang='grc' dir='ltr'>τῇ</span> <span class='ocrx_word' id='word_1_191' title='bbox 2951 1240 3221 1314; x_wconf 76' lang='grc' dir='ltr'>παρουσίᾳ</span> <span class='ocrx_word' id='word_1_192' title='bbox 3276 1236 3474 1293; x_wconf 79' lang='grc' dir='ltr'>λοιπὸν</span> <span class='ocrx_word' id='word_1_193' title='bbox 3535 1237 3729 1301; x_wconf 77' lang='grc' dir='ltr'>αὐτοὺς</span> 
     </span>
    </p>
   </div>
   <div class='ocr_carea' id='block_1_29' title="bbox 2075 1325 3732 1407">
    <p class='ocr_par' dir='ltr' id='par_1_29' title="bbox 2075 1325 3732 1407">
     <span class='ocr_line' id='line_1_29' title="bbox 2075 1325 3732 1407; baseline -0.005 -15"><span class='ocrx_word' id='word_1_194' title='bbox 2075 1337 2357 1406; x_wconf 81' lang='grc' dir='ltr'>δυσωπῶν,</span> <span class='ocrx_word' id='word_1_195' title='bbox 2423 1333 2586 1407; x_wconf 86' lang='grc' dir='ltr'>μόνον</span> <span class='ocrx_word' id='word_1_196' title='bbox 2657 1331 2746 1387; x_wconf 66' lang='grc' dir='ltr'>’ίνα</span> <span class='ocrx_word' id='word_1_197' title='bbox 2805 1332 2880 1405; x_wconf 76' lang='grc' dir='ltr'>μὴ</span> <span class='ocrx_word' id='word_1_198' title='bbox 2943 1331 3146 1404; x_wconf 72' lang='grc' dir='ltr'>ἑτέροις</span> <span class='ocrx_word' id='word_1_199' title='bbox 3222 1325 3582 1396; x_wconf 82' lang='grc' dir='ltr'>δουλεύσωσι,</span> <span class='ocrx_word' id='word_1_200' title='bbox 3641 1328 3732 1383; x_wconf 85' lang='grc' dir='ltr'><strong>καὶ</strong></span> 
     </span>
    </p>
   </div>
   <div class='ocr_carea' id='block_1_30' title="bbox 2075 1415 3730 1500">
    <p class='ocr_par' dir='ltr' id='par_1_30' title="bbox 2075 1415 3730 1500">
     <span class='ocr_line' id='line_1_30' title="bbox 2075 1415 3730 1500; baseline -0.005 -19"><span class='ocrx_word' id='word_1_201' title='bbox 2075 1427 2239 1500; x_wconf 85' lang='grc' dir='ltr'>ἀργὸν</span> <span class='ocrx_word' id='word_1_202' title='bbox 2291 1425 2455 1480; x_wconf 74' lang='grc' dir='ltr'>αὐτοῦ</span> <span class='ocrx_word' id='word_1_203' title='bbox 2496 1425 2558 1478; x_wconf 82' lang='grc' dir='ltr'><strong>τὸ</strong></span> <span class='ocrx_word' id='word_1_204' title='bbox 2613 1421 2772 1500; x_wconf 80' lang='grc' dir='ltr'>ἔργον</span> <span class='ocrx_word' id='word_1_205' title='bbox 2826 1421 3074 1496; x_wconf 85' lang='grc' dir='ltr'>γένηται.</span> <span class='ocrx_word' id='word_1_206' title='bbox 3125 1419 3197 1474; x_wconf 84' lang='grc' dir='ltr'>Ού</span> <span class='ocrx_word' id='word_1_207' title='bbox 3254 1415 3455 1490; x_wconf 88' lang='grc' dir='ltr'>πολλῷ</span> <span class='ocrx_word' id='word_1_208' title='bbox 3499 1416 3666 1473; x_wconf 89' lang='grc' dir='ltr'>πλέον</span> <span class='ocrx_word' id='word_1_209' title='bbox 3701 1418 3730 1473; x_wconf 85' lang='grc' dir='ltr'>ὁ</span> 
     </span>
    </p>
   </div>
   <div class='ocr_carea' id='block_1_31' title="bbox 2075 1508 3722 1588">
    <p class='ocr_par' dir='ltr' id='par_1_31' title="bbox 2075 1508 3722 1588">
     <span class='ocr_line' id='line_1_31' title="bbox 2075 1508 3722 1588; baseline -0.006 -17"><span class='ocrx_word' id='word_1_210' title='bbox 2075 1517 2204 1571; x_wconf 84' lang='grc' dir='ltr'>Θεὸς</span> <span class='ocrx_word' id='word_1_211' title='bbox 2258 1519 2368 1570; x_wconf 81' lang='grc' dir='ltr'><strong>τῶν</strong></span> <span class='ocrx_word' id='word_1_212' title='bbox 2427 1515 2619 1569; x_wconf 73' lang='grc' dir='ltr'>ἑαυτοῦ</span> <span class='ocrx_word' id='word_1_213' title='bbox 2675 1512 2985 1585; x_wconf 75' lang='grc' dir='ltr'>κτισμάτων</span> <span class='ocrx_word' id='word_1_214' title='bbox 3044 1508 3282 1588; x_wconf 74' lang='grc' dir='ltr'>φείσεται</span> <span class='ocrx_word' id='word_1_215' title='bbox 3341 1508 3480 1584; x_wconf 81' lang='grc' dir='ltr'>πρὸς</span> <span class='ocrx_word' id='word_1_216' title='bbox 3521 1509 3583 1563; x_wconf 87' lang='grc' dir='ltr'>τὸ</span> <span class='ocrx_word' id='word_1_217' title='bbox 3647 1509 3722 1581; x_wconf 85' lang='grc' dir='ltr'>μή</span> 
     </span>
    </p>
   </div>
   <div class='ocr_carea' id='block_1_32' title="bbox 2074 1595 3727 1677">
    <p class='ocr_par' dir='ltr' id='par_1_32' title="bbox 2074 1595 3727 1677">
     <span class='ocr_line' id='line_1_32' title="bbox 2074 1595 3727 1677; baseline -0.006 -15"><span class='ocrx_word' id='word_1_218' title='bbox 2074 1604 2420 1677; x_wconf 72' lang='grc' dir='ltr'>πλανηθῆναι</span> <span class='ocrx_word' id='word_1_219' title='bbox 2475 1605 2564 1660; x_wconf 88' lang='grc' dir='ltr'>ἀπ’</span> <span class='ocrx_word' id='word_1_220' title='bbox 2618 1602 2803 1669; x_wconf 78' lang='grc' dir='ltr'>αὐτοῦ,</span> <span class='ocrx_word' id='word_1_221' title='bbox 2834 1603 2924 1657; x_wconf 83' lang='grc' dir='ltr'><strong>καὶ</strong></span> <span class='ocrx_word' id='word_1_222' title='bbox 2969 1605 3085 1662; x_wconf 83' lang='grc' dir='ltr'>τοῖς</span> <span class='ocrx_word' id='word_1_223' title='bbox 3136 1598 3235 1654; x_wconf 72' lang='grc' dir='ltr'><strong>οὐκ</strong></span> <span class='ocrx_word' id='word_1_224' title='bbox 3275 1595 3391 1653; x_wconf 71' lang='grc' dir='ltr'>οὖσι</span> <span class='ocrx_word' id='word_1_225' title='bbox 3426 1595 3727 1665; x_wconf 75' lang='grc' dir='ltr'>δουλεύειν,</span> 
     </span>
    </p>
   </div>
   <div class='ocr_carea' id='block_1_33' title="bbox 2080 1686 3735 1770">
    <p class='ocr_par' dir='ltr' id='par_1_33' title="bbox 2080 1686 3735 1770">
     <span class='ocr_line' id='line_1_33' title="bbox 2080 1686 3735 1770; baseline -0.008 -19"><span class='ocrx_word' id='word_1_226' title='bbox 2080 1693 2318 1770; x_wconf 75' lang='grc' dir='ltr'>μάλιστα</span> <span class='ocrx_word' id='word_1_227' title='bbox 2369 1693 2452 1749; x_wconf 77' lang='grc' dir='ltr'><strong>ὅτι</strong></span> <span class='ocrx_word' id='word_1_228' title='bbox 2501 1695 2536 1762; x_wconf 79' lang='grc' dir='ltr'>ἠ</span> <span class='ocrx_word' id='word_1_229' title='bbox 2569 1692 2791 1762; x_wconf 75' lang='grc' dir='ltr'>τοιαύτη</span> <span class='ocrx_word' id='word_1_230' title='bbox 2855 1686 3037 1760; x_wconf 72' lang='grc' dir='ltr'>πλάνη</span> <span class='ocrx_word' id='word_1_231' title='bbox 3094 1686 3372 1750; x_wconf 83' lang='grc' dir='ltr'>ἀπωλείας</span> <span class='ocrx_word' id='word_1_232' title='bbox 3419 1687 3606 1750; x_wconf 79' lang='grc' dir='ltr'>αὐτοῖς</span> <span class='ocrx_word' id='word_1_233' title='bbox 3654 1687 3735 1741; x_wconf 85' lang='grc' dir='ltr'>αἰ..</span> 
     </span>
    </p>
   </div>
   <div class='ocr_carea' id='block_1_34' title="bbox 2074 1774 3734 1862">
    <p class='ocr_par' dir='ltr' id='par_1_34' title="bbox 2074 1774 3734 1862">
     <span class='ocr_line' id='line_1_34' title="bbox 2074 1774 3734 1862; baseline -0.007 -20"><span class='ocrx_word' id='word_1_234' title='bbox 2074 1787 2166 1842; x_wconf 88' lang='grc' dir='ltr'><strong>τία</strong></span> <span class='ocrx_word' id='word_1_235' title='bbox 2194 1787 2270 1858; x_wconf 59' lang='grc' dir='ltr'>(ἦ)</span> <span class='ocrx_word' id='word_1_236' title='bbox 2300 1785 2389 1839; x_wconf 79' lang='grc' dir='ltr'><strong>καὶ</strong></span> <span class='ocrx_word' id='word_1_237' title='bbox 2439 1782 2746 1862; x_wconf 73' lang='grc' dir='ltr'>ἀφανισμοῦ</span> <span class='ocrx_word' id='word_1_238' title='bbox 2793 1781 2998 1856; x_wconf 85' lang='grc' dir='ltr'>γίνεται</span> <span class='ocrx_word' id='word_1_239' title='bbox 3029 1796 3042 1848; x_wconf 90' lang='grc'><strong>;</strong></span> <span class='ocrx_word' id='word_1_240' title='bbox 3077 1777 3176 1834; x_wconf 83' lang='grc' dir='ltr'><strong>ούκ</strong></span> <span class='ocrx_word' id='word_1_241' title='bbox 3224 1775 3332 1834; x_wconf 81' lang='grc' dir='ltr'>ἔδει</span> <span class='ocrx_word' id='word_1_242' title='bbox 3380 1774 3438 1833; x_wconf 77' lang='grc' dir='ltr'><strong>δὲ</strong></span> <span class='ocrx_word' id='word_1_243' title='bbox 3481 1778 3550 1832; x_wconf 69' lang='grc' dir='ltr'>τὰ</span> <span class='ocrx_word' id='word_1_244' title='bbox 3597 1776 3734 1848; x_wconf 77' lang='grc' dir='ltr'>ἅπαξ</span> 
     </span>
    </p>
   </div>
   <div class='ocr_carea' id='block_1_35' title="bbox 308 1865 1967 1962">
    <p class='ocr_par' dir='ltr' id='par_1_35' title="bbox 308 1874 1965 1949">
     <span class='ocr_line' id='line_1_35' title="bbox 308 1874 1965 1949; baseline -0.002 -17"><span class='ocrx_word' id='word_1_245' title='bbox 308 1875 453 1932; x_wconf 85' lang='lat' dir='ltr'><strong>bat?</strong></span> <span class='ocrx_word' id='word_1_246' title='bbox 475 1875 622 1942; x_wconf 85' lang='lat' dir='ltr'><strong>Quid</strong></span> <span class='ocrx_word' id='word_1_247' title='bbox 647 1874 803 1931; x_wconf 88' lang='lat' dir='ltr'><strong>aliud</strong></span> <span class='ocrx_word' id='word_1_248' title='bbox 831 1875 951 1932; x_wconf 88' lang='lat' dir='ltr'><strong>ﬁeri</strong></span> <span class='ocrx_word' id='word_1_249' title='bbox 974 1877 1254 1949; x_wconf 90' lang='lat' dir='ltr'><strong>oportuit,</strong></span> <span class='ocrx_word' id='word_1_250' title='bbox 1288 1893 1465 1948; x_wconf 90' lang='lat' dir='ltr'><strong>quam</strong></span> <span class='ocrx_word' id='word_1_251' title='bbox 1497 1876 1656 1933; x_wconf 89' lang='lat' dir='ltr'><strong>illam</strong></span> <span class='ocrx_word' id='word_1_252' title='bbox 1689 1875 1965 1932; x_wconf 89' lang='lat' dir='ltr'><strong>similitu-</strong></span> 
     </span>
    </p>
   </div>
   <div class='ocr_carea' id='block_1_36' title="bbox 2082 1865 3732 1962">
    <p class='ocr_par' dir='ltr' id='par_1_36' title="bbox 2082 1865 3732 1946">
     <span class='ocr_line' id='line_1_36' title="bbox 2082 1865 3732 1946; baseline -0.007 -14"><span class='ocrx_word' id='word_1_253' title='bbox 2082 1876 2486 1946; x_wconf 76' lang='grc' dir='ltr'>κοινωνήσαντα</span> <span class='ocrx_word' id='word_1_254' title='bbox 2537 1879 2638 1942; x_wconf 78' lang='grc' dir='ltr'>τῆς</span> <span class='ocrx_word' id='word_1_255' title='bbox 2690 1875 2787 1927; x_wconf 83' lang='grc' dir='ltr'><strong>τοῦ</strong></span> <span class='ocrx_word' id='word_1_256' title='bbox 2838 1873 2972 1926; x_wconf 90' lang='grc' dir='ltr'>Θεοῦ</span> <span class='ocrx_word' id='word_1_257' title='bbox 3032 1867 3240 1931; x_wconf 75' lang='grc' dir='ltr'>εἰκόνος</span> <span class='ocrx_word' id='word_1_258' title='bbox 3300 1867 3618 1924; x_wconf 85' lang='grc' dir='ltr'>ἀπολέσθαι.</span> <span class='ocrx_word' id='word_1_259' title='bbox 3669 1865 3732 1921; x_wconf 87' lang='grc' dir='ltr'>Τί</span> 
     </span>
    </p>
   </div>
   <div class='ocr_carea' id='block_1_37' title="bbox 307 1964 1958 2039">
    <p class='ocr_par' dir='ltr' id='par_1_37' title="bbox 307 1964 1958 2039">
     <span class='ocr_line' id='line_1_37' title="bbox 307 1964 1958 2039; baseline -0.002 -18"><span class='ocrx_word' id='word_1_260' title='bbox 307 1964 531 2031; x_wconf 88' lang='lat' dir='ltr'><strong>dinem,</strong></span> <span class='ocrx_word' id='word_1_261' title='bbox 563 1982 681 2037; x_wconf 91' lang='lat' dir='ltr'><strong>qua</strong></span> <span class='ocrx_word' id='word_1_262' title='bbox 711 1965 781 2020; x_wconf 91' lang='lat' dir='ltr'><strong>ad</strong></span> <span class='ocrx_word' id='word_1_263' title='bbox 806 1965 877 2021; x_wconf 89' lang='lat' dir='ltr'><strong>ad</strong></span> <span class='ocrx_word' id='word_1_264' title='bbox 907 1965 1334 2039; x_wconf 90' lang='lat' dir='ltr'><strong>Deiimaginem</strong></span> <span class='ocrx_word' id='word_1_265' title='bbox 1354 1966 1488 2022; x_wconf 86' lang='lat' dir='ltr'><strong>facti</strong></span> <span class='ocrx_word' id='word_1_266' title='bbox 1513 1969 1651 2022; x_wconf 89' lang='lat' dir='ltr'><strong>sunt</strong></span> <span class='ocrx_word' id='word_1_267' title='bbox 1672 1965 1958 2031; x_wconf 90' lang='lat' dir='ltr'><strong>renovari,</strong></span> 
     </span>
    </p>
   </div>
   <div class='ocr_carea' id='block_1_38' title="bbox 306 2053 1964 2128">
    <p class='ocr_par' dir='ltr' id='par_1_38' title="bbox 306 2053 1964 2128">
     <span class='ocr_line' id='line_1_38' title="bbox 306 2053 1964 2128; baseline 0 -18"><span class='ocrx_word' id='word_1_268' title='bbox 306 2058 374 2111; x_wconf 90' lang='lat' dir='ltr'><strong>ut</strong></span> <span class='ocrx_word' id='word_1_269' title='bbox 405 2055 585 2110; x_wconf 90' lang='lat' dir='ltr'><strong>Deum</strong></span> <span class='ocrx_word' id='word_1_270' title='bbox 617 2069 720 2126; x_wconf 90' lang='lat' dir='ltr'><strong>per</strong></span> <span class='ocrx_word' id='word_1_271' title='bbox 749 2053 909 2110; x_wconf 87' lang='lat' dir='ltr'><strong>illam</strong></span> <span class='ocrx_word' id='word_1_272' title='bbox 942 2056 1133 2111; x_wconf 91' lang='lat' dir='ltr'><strong>denuo</strong></span> <span class='ocrx_word' id='word_1_273' title='bbox 1166 2060 1406 2128; x_wconf 79' lang='lat' dir='ltr'><strong>possent</strong></span> <span class='ocrx_word' id='word_1_274' title='bbox 1435 2054 1704 2110; x_wconf 88' lang='lat' dir='ltr'><strong>homines</strong></span> <span class='ocrx_word' id='word_1_275' title='bbox 1751 2071 1964 2126; x_wconf 90' lang='lat' dir='ltr'><strong>cogno-</strong></span> 
     </span>
    </p>
   </div>
   <div class='ocr_carea' id='block_1_39' title="bbox 307 2143 1964 2217">
    <p class='ocr_par' dir='ltr' id='par_1_39' title="bbox 307 2143 1964 2217">
     <span class='ocr_line' id='line_1_39' title="bbox 307 2143 1964 2217; baseline 0.001 -18"><span class='ocrx_word' id='word_1_276' title='bbox 307 2144 508 2200; x_wconf 85' lang='lat' dir='ltr'><strong>scere?</strong></span> <span class='ocrx_word' id='word_1_277' title='bbox 538 2143 646 2210; x_wconf 90' lang='lat' dir='ltr'><strong>Qui</strong></span> <span class='ocrx_word' id='word_1_278' title='bbox 675 2159 808 2200; x_wconf 92' lang='lat' dir='ltr'><strong>vero</strong></span> <span class='ocrx_word' id='word_1_279' title='bbox 839 2144 997 2200; x_wconf 90' lang='lat' dir='ltr'><strong>istud</strong></span> <span class='ocrx_word' id='word_1_280' title='bbox 1042 2145 1227 2213; x_wconf 89' lang='lat' dir='ltr'><strong>ﬁeret,</strong></span> <span class='ocrx_word' id='word_1_281' title='bbox 1279 2145 1393 2201; x_wconf 91' lang='lat' dir='ltr'><strong>nisi</strong></span> <span class='ocrx_word' id='word_1_282' title='bbox 1441 2145 1571 2217; x_wconf 86' lang='lat' dir='ltr'><strong>ipsa</strong></span> <span class='ocrx_word' id='word_1_283' title='bbox 1625 2143 1723 2200; x_wconf 89' lang='lat' dir='ltr'><strong>Dei</strong></span> <span class='ocrx_word' id='word_1_284' title='bbox 1771 2144 1964 2216; x_wconf 82' lang='lat' dir='ltr'><strong>imago</strong></span> 
     </span>
    </p>
   </div>
   <div class='ocr_carea' id='block_1_40' title="bbox 305 2231 1964 2305">
    <p class='ocr_par' dir='ltr' id='par_1_40' title="bbox 305 2231 1964 2305">
     <span class='ocr_line' id='line_1_40' title="bbox 305 2231 1964 2305; baseline -0.001 -15"><span class='ocrx_word' id='word_1_285' title='bbox 305 2231 571 2290; x_wconf 87' lang='lat' dir='ltr'><strong>Salvator</strong></span> <span class='ocrx_word' id='word_1_286' title='bbox 595 2237 797 2289; x_wconf 90' lang='lat' dir='ltr'><strong>noster</strong></span> <span class='ocrx_word' id='word_1_287' title='bbox 814 2233 844 2289; x_wconf 91' lang='lat' dir='ltr'><strong>J</strong></span> <span class='ocrx_word' id='word_1_288' title='bbox 852 2251 988 2292; x_wconf 89' lang='lat' dir='ltr'><strong>esus</strong></span> <span class='ocrx_word' id='word_1_289' title='bbox 1009 2233 1278 2290; x_wconf 87' lang='lat' dir='ltr'><strong>Christus</strong></span> <span class='ocrx_word' id='word_1_290' title='bbox 1301 2234 1678 2290; x_wconf 82' lang='lat' dir='ltr'><strong>advenisset?</strong></span> <span class='ocrx_word' id='word_1_291' title='bbox 1697 2234 1964 2305; x_wconf 85' lang='lat' dir='ltr'><strong>Namque</strong></span> 
     </span>
    </p>
   </div>
   <div class='ocr_carea' id='block_1_41' title="bbox 307 2321 1962 2396">
    <p class='ocr_par' dir='ltr' id='par_1_41' title="bbox 307 2321 1962 2396">
     <span class='ocr_line' id='line_1_41' title="bbox 307 2321 1962 2396; baseline -0.001 -18"><span class='ocrx_word' id='word_1_292' title='bbox 307 2339 412 2396; x_wconf 89' lang='lat' dir='ltr'><strong>per</strong></span> <span class='ocrx_word' id='word_1_293' title='bbox 431 2323 702 2379; x_wconf 90' lang='lat' dir='ltr'><strong>homines</strong></span> <span class='ocrx_word' id='word_1_294' title='bbox 722 2323 780 2378; x_wconf 90' lang='lat' dir='ltr'><strong>id</strong></span> <span class='ocrx_word' id='word_1_295' title='bbox 804 2323 928 2379; x_wconf 84' lang='lat' dir='ltr'><strong>ﬁeri</strong></span> <span class='ocrx_word' id='word_1_296' title='bbox 952 2341 1064 2379; x_wconf 88' lang='lat' dir='ltr'><strong>non</strong></span> <span class='ocrx_word' id='word_1_297' title='bbox 1086 2327 1330 2396; x_wconf 89' lang='lat' dir='ltr'><strong>poterat,</strong></span> <span class='ocrx_word' id='word_1_298' title='bbox 1356 2324 1831 2396; x_wconf 87' lang='lat' dir='ltr'><strong>quandoquidem</strong></span> <span class='ocrx_word' id='word_1_299' title='bbox 1851 2321 1962 2394; x_wconf 91' lang='lat' dir='ltr'><strong>ipsi</strong></span> 
     </span>
    </p>
   </div>
   <div class='ocr_carea' id='block_1_42' title="bbox 309 2411 1960 2485">
    <p class='ocr_par' dir='ltr' id='par_1_42' title="bbox 309 2411 1960 2485">
     <span class='ocr_line' id='line_1_42' title="bbox 309 2411 1960 2485; baseline -0.001 -17"><span class='ocrx_word' id='word_1_300' title='bbox 309 2429 543 2485; x_wconf 88' lang='lat' dir='ltr'><strong>quoque</strong></span> <span class='ocrx_word' id='word_1_301' title='bbox 572 2413 645 2468; x_wconf 89' lang='lat' dir='ltr'><strong>ad</strong></span> <span class='ocrx_word' id='word_1_302' title='bbox 677 2412 995 2484; x_wconf 87' lang='lat' dir='ltr'><strong>imaginem</strong></span> <span class='ocrx_word' id='word_1_303' title='bbox 1029 2411 1130 2468; x_wconf 90' lang='lat' dir='ltr'><strong>Dei</strong></span> <span class='ocrx_word' id='word_1_304' title='bbox 1164 2413 1295 2469; x_wconf 81' lang='lat' dir='ltr'><strong>facti</strong></span> <span class='ocrx_word' id='word_1_305' title='bbox 1330 2417 1506 2468; x_wconf 90' lang='lat' dir='ltr'><strong>sunt:</strong></span> <span class='ocrx_word' id='word_1_306' title='bbox 1549 2427 1738 2484; x_wconf 81' lang='lat' dir='ltr'><strong>neque</strong></span> <span class='ocrx_word' id='word_1_307' title='bbox 1785 2411 1960 2468; x_wconf 89' lang='lat' dir='ltr'><strong>etiam</strong></span> 
     </span>
    </p>
   </div>
   <div class='ocr_carea' id='block_1_43' title="bbox 307 2501 1962 2575">
    <p class='ocr_par' dir='ltr' id='par_1_43' title="bbox 307 2501 1962 2575">
     <span class='ocr_line' id='line_1_43' title="bbox 307 2501 1962 2575; baseline -0.002 -17"><span class='ocrx_word' id='word_1_308' title='bbox 307 2517 412 2575; x_wconf 90' lang='lat' dir='ltr'><strong>per</strong></span> <span class='ocrx_word' id='word_1_309' title='bbox 441 2501 699 2574; x_wconf 86' lang='lat' dir='ltr'><strong>angelos,</strong></span> <span class='ocrx_word' id='word_1_310' title='bbox 734 2517 923 2574; x_wconf 90' lang='lat' dir='ltr'><strong>neque</strong></span> <span class='ocrx_word' id='word_1_311' title='bbox 952 2502 1110 2558; x_wconf 90' lang='lat' dir='ltr'><strong>enim</strong></span> <span class='ocrx_word' id='word_1_312' title='bbox 1142 2501 1254 2574; x_wconf 89' lang='lat' dir='ltr'><strong>ipsi</strong></span> <span class='ocrx_word' id='word_1_313' title='bbox 1286 2501 1573 2575; x_wconf 88' lang='lat' dir='ltr'><strong>imagines</strong></span> <span class='ocrx_word' id='word_1_314' title='bbox 1618 2505 1776 2557; x_wconf 90' lang='lat' dir='ltr'><strong>sunt.</strong></span> <span class='ocrx_word' id='word_1_315' title='bbox 1812 2501 1962 2565; x_wconf 88' lang='lat' dir='ltr'><strong>Qua-</strong></span> 
     </span>
    </p>
   </div>
   <div class='ocr_carea' id='block_1_44' title="bbox 308 2590 1966 2664">
    <p class='ocr_par' dir='ltr' id='par_1_44' title="bbox 308 2590 1966 2664">
     <span class='ocr_line' id='line_1_44' title="bbox 308 2590 1966 2664; baseline -0.001 -18"><span class='ocrx_word' id='word_1_316' title='bbox 308 2596 548 2664; x_wconf 88' lang='lat' dir='ltr'><strong>propter</strong></span> <span class='ocrx_word' id='word_1_317' title='bbox 571 2591 674 2646; x_wconf 89' lang='lat' dir='ltr'><strong>Dei</strong></span> <span class='ocrx_word' id='word_1_318' title='bbox 701 2591 961 2647; x_wconf 88' lang='lat' dir='ltr'><strong>Verbum</strong></span> <span class='ocrx_word' id='word_1_319' title='bbox 993 2607 1097 2662; x_wconf 90' lang='lat' dir='ltr'><strong>per</strong></span> <span class='ocrx_word' id='word_1_320' title='bbox 1130 2592 1390 2663; x_wconf 90' lang='lat' dir='ltr'><strong>seipsum</strong></span> <span class='ocrx_word' id='word_1_321' title='bbox 1422 2590 1674 2657; x_wconf 87' lang='lat' dir='ltr'><strong>advenit,</strong></span> <span class='ocrx_word' id='word_1_322' title='bbox 1710 2607 1846 2663; x_wconf 94' lang='lat' dir='ltr'><strong>quo,</strong></span> <span class='ocrx_word' id='word_1_323' title='bbox 1899 2593 1966 2645; x_wconf 89' lang='lat' dir='ltr'><strong>ut</strong></span> 
     </span>
    </p>
   </div>
   <div class='ocr_carea' id='block_1_45' title="bbox 309 2679 1966 2752">
    <p class='ocr_par' dir='ltr' id='par_1_45' title="bbox 309 2679 1966 2752">
     <span class='ocr_line' id='line_1_45' title="bbox 309 2679 1966 2752; baseline 0 -17"><span class='ocrx_word' id='word_1_324' title='bbox 309 2679 504 2752; x_wconf 90' lang='lat' dir='ltr'><strong>imago</strong></span> <span class='ocrx_word' id='word_1_325' title='bbox 524 2679 1038 2745; x_wconf 90' lang='lat' dir='ltr'><strong>Patris,bominem</strong></span> <span class='ocrx_word' id='word_1_326' title='bbox 1063 2681 1132 2736; x_wconf 84' lang='lat' dir='ltr'><strong>ad</strong></span> <span class='ocrx_word' id='word_1_327' title='bbox 1150 2680 1467 2751; x_wconf 85' lang='lat' dir='ltr'><strong>imaginem</strong></span> <span class='ocrx_word' id='word_1_328' title='bbox 1481 2681 1703 2736; x_wconf 88' lang='lat' dir='ltr'><strong>factum</strong></span> <span class='ocrx_word' id='word_1_329' title='bbox 1729 2680 1966 2736; x_wconf 89' lang='lat' dir='ltr'><strong>reﬁcere</strong></span> 
     </span>
    </p>
   </div>
   <div class='ocr_carea' id='block_1_46' title="bbox 310 2767 1965 2840">
    <p class='ocr_par' dir='ltr' id='par_1_46' title="bbox 310 2767 1965 2840">
     <span class='ocr_line' id='line_1_46' title="bbox 310 2767 1965 2840; baseline -0.001 -16"><span class='ocrx_word' id='word_1_330' title='bbox 310 2768 528 2838; x_wconf 85' lang='lat' dir='ltr'><strong>posset.</strong></span> <span class='ocrx_word' id='word_1_331' title='bbox 559 2768 864 2836; x_wconf 67' lang='lat' dir='ltr'><strong>Praeterea,</strong></span> <span class='ocrx_word' id='word_1_332' title='bbox 887 2769 942 2824; x_wconf 92' lang='lat' dir='ltr'><strong>id</strong></span> <span class='ocrx_word' id='word_1_333' title='bbox 976 2785 1209 2840; x_wconf 92' lang='lat' dir='ltr'><strong>quoque</strong></span> <span class='ocrx_word' id='word_1_334' title='bbox 1239 2769 1364 2826; x_wconf 89' lang='lat' dir='ltr'><strong>ﬁeri</strong></span> <span class='ocrx_word' id='word_1_335' title='bbox 1387 2786 1500 2826; x_wconf 89' lang='lat' dir='ltr'><strong>non</strong></span> <span class='ocrx_word' id='word_1_336' title='bbox 1525 2769 1831 2840; x_wconf 89' lang='lat' dir='ltr'><strong>potuisset,</strong></span> <span class='ocrx_word' id='word_1_337' title='bbox 1852 2767 1965 2824; x_wconf 90' lang='lat' dir='ltr'><strong>nisi</strong></span> 
     </span>
    </p>
   </div>
   <div class='ocr_carea' id='block_1_47' title="bbox 312 2857 1964 2930">
    <p class='ocr_par' dir='ltr' id='par_1_47' title="bbox 312 2857 1964 2930">
     <span class='ocr_line' id='line_1_47' title="bbox 312 2857 1964 2930; baseline 0 -16"><span class='ocrx_word' id='word_1_338' title='bbox 312 2861 501 2914; x_wconf 89' lang='lat' dir='ltr'><strong>morte</strong></span> <span class='ocrx_word' id='word_1_339' title='bbox 528 2862 583 2914; x_wconf 89' lang='lat' dir='ltr'><strong>et</strong></span> <span class='ocrx_word' id='word_1_340' title='bbox 605 2857 975 2930; x_wconf 90' lang='lat' dir='ltr'><strong>corruptione</strong></span> <span class='ocrx_word' id='word_1_341' title='bbox 1001 2858 1208 2915; x_wconf 88' lang='lat' dir='ltr'><strong>deletis</strong></span> <span class='ocrx_word' id='word_1_342' title='bbox 1235 2876 1248 2927; x_wconf 90' lang='lat'>;</span> <span class='ocrx_word' id='word_1_343' title='bbox 1275 2860 1427 2914; x_wconf 90' lang='lat' dir='ltr'><strong>unde</strong></span> <span class='ocrx_word' id='word_1_344' title='bbox 1453 2858 1616 2914; x_wconf 83' lang='lat' dir='ltr'><strong>valde</strong></span> <span class='ocrx_word' id='word_1_345' title='bbox 1638 2875 1964 2930; x_wconf 85' lang='lat' dir='ltr'><strong>congruen—</strong></span> 
     </span>
    </p>
   </div>
   <div class='ocr_carea' id='block_1_48' title="bbox 311 2946 1963 3020">
    <p class='ocr_par' dir='ltr' id='par_1_48' title="bbox 311 2946 1963 3020">
     <span class='ocr_line' id='line_1_48' title="bbox 311 2946 1963 3020; baseline 0 -18"><span class='ocrx_word' id='word_1_346' title='bbox 311 2951 406 3003; x_wconf 90' lang='lat' dir='ltr'><strong>ter</strong></span> <span class='ocrx_word' id='word_1_347' title='bbox 425 2946 893 3019; x_wconf 89' lang='lat' dir='ltr'><strong>mortalecorpus</strong></span> <span class='ocrx_word' id='word_1_348' title='bbox 918 2948 1160 3020; x_wconf 90' lang='lat' dir='ltr'><strong>accepit,</strong></span> <span class='ocrx_word' id='word_1_349' title='bbox 1185 2952 1250 3003; x_wconf 92' lang='lat' dir='ltr'><strong>ut</strong></span> <span class='ocrx_word' id='word_1_350' title='bbox 1276 2952 1332 3003; x_wconf 91' lang='lat' dir='ltr'><strong>et</strong></span> <span class='ocrx_word' id='word_1_351' title='bbox 1353 2965 1513 3004; x_wconf 92' lang='lat' dir='ltr'><strong>mors</strong></span> <span class='ocrx_word' id='word_1_352' title='bbox 1533 2949 1736 3020; x_wconf 91' lang='lat' dir='ltr'><strong>inipso</strong></span> <span class='ocrx_word' id='word_1_353' title='bbox 1762 2947 1963 3016; x_wconf 90' lang='lat' dir='ltr'><strong>deleri,</strong></span> 
     </span>
    </p>
   </div>
   <div class='ocr_carea' id='block_1_49' title="bbox 317 3035 1966 3116">
    <p class='ocr_par' dir='ltr' id='par_1_49' title="bbox 317 3035 1966 3116">
     <span class='ocr_line' id='line_1_49' title="bbox 317 3035 1966 3116; baseline 0.001 -24"><span class='ocrx_word' id='word_1_354' title='bbox 317 3039 375 3093; x_wconf 91' lang='lat' dir='ltr'><strong>et</strong></span> <span class='ocrx_word' id='word_1_355' title='bbox 405 3035 674 3116; x_wconf 83' lang='lat' dir='ltr'><strong>homines</strong></span> <span class='ocrx_word' id='word_1_356' title='bbox 706 3037 776 3091; x_wconf 91' lang='lat' dir='ltr'><strong>ad</strong></span> <span class='ocrx_word' id='word_1_357' title='bbox 805 3036 1123 3109; x_wconf 85' lang='lat' dir='ltr'><strong>imaginem</strong></span> <span class='ocrx_word' id='word_1_358' title='bbox 1158 3036 1290 3092; x_wconf 88' lang='lat' dir='ltr'><strong>lacti</strong></span> <span class='ocrx_word' id='word_1_359' title='bbox 1313 3037 1469 3094; x_wconf 87' lang='lat' dir='ltr'><strong>reﬁci</strong></span> <span class='ocrx_word' id='word_1_360' title='bbox 1497 3041 1756 3109; x_wconf 88' lang='lat' dir='ltr'><strong>possent.</strong></span> <span class='ocrx_word' id='word_1_361' title='bbox 1783 3038 1966 3094; x_wconf 88' lang='lat' dir='ltr'><strong>Nemo</strong></span> 
     </span>
    </p>
   </div>
   <div class='ocr_carea' id='block_1_50' title="bbox 317 3124 1968 3199">
    <p class='ocr_par' dir='ltr' id='par_1_50' title="bbox 317 3124 1968 3199">
     <span class='ocr_line' id='line_1_50' title="bbox 317 3124 1968 3199; baseline 0.002 -18"><span class='ocrx_word' id='word_1_362' title='bbox 317 3125 500 3198; x_wconf 90' lang='lat' dir='ltr'><strong>igitur</strong></span> <span class='ocrx_word' id='word_1_363' title='bbox 528 3124 680 3181; x_wconf 90' lang='lat' dir='ltr'><strong>alius</strong></span> <span class='ocrx_word' id='word_1_364' title='bbox 711 3127 783 3181; x_wconf 91' lang='lat' dir='ltr'><strong>ad</strong></span> <span class='ocrx_word' id='word_1_365' title='bbox 815 3125 873 3182; x_wconf 90' lang='lat' dir='ltr'><strong>id</strong></span> <span class='ocrx_word' id='word_1_366' title='bbox 931 3126 1148 3199; x_wconf 89' lang='lat' dir='ltr'><strong>negotii</strong></span> <span class='ocrx_word' id='word_1_367' title='bbox 1193 3126 1303 3182; x_wconf 81' lang='lat' dir='ltr'><strong>fuit</strong></span> <span class='ocrx_word' id='word_1_368' title='bbox 1355 3128 1622 3196; x_wconf 90' lang='lat' dir='ltr'><strong>idoneus,</strong></span> <span class='ocrx_word' id='word_1_369' title='bbox 1674 3127 1786 3184; x_wconf 86' lang='lat' dir='ltr'><strong>nisi</strong></span> <span class='ocrx_word' id='word_1_370' title='bbox 1842 3127 1968 3184; x_wconf 90' lang='lat' dir='ltr'><strong>sola</strong></span> 
     </span>
    </p>
   </div>
   <div class='ocr_carea' id='block_1_51' title="bbox 316 3214 752 3290">
    <p class='ocr_par' dir='ltr' id='par_1_51' title="bbox 316 3214 752 3290">
     <span class='ocr_line' id='line_1_51' title="bbox 316 3214 752 3290; baseline 0 -18"><span class='ocrx_word' id='word_1_371' title='bbox 316 3215 510 3290; x_wconf 89' lang='lat' dir='ltr'><strong>imago</strong></span> <span class='ocrx_word' id='word_1_372' title='bbox 541 3214 752 3274; x_wconf 86' lang='lat' dir='ltr'><strong>Patris.</strong></span> 
     </span>
    </p>
   </div>
   <div class='ocr_carea' id='block_1_52' title="bbox 386 3485 1970 3560">
    <p class='ocr_par' dir='ltr' id='par_1_52' title="bbox 386 3485 1970 3560">
     <span class='ocr_line' id='line_1_52' title="bbox 386 3485 1970 3560; baseline 0.001 -18"><span class='ocrx_word' id='word_1_373' title='bbox 386 3488 473 3543; x_wconf 75' lang='grc'><strong>14.</strong></span> <span class='ocrx_word' id='word_1_374' title='bbox 505 3488 675 3553; x_wconf 88' lang='lat' dir='ltr'><strong>Nam,</strong></span> <span class='ocrx_word' id='word_1_375' title='bbox 717 3488 1212 3560; x_wconf 87' lang='lat' dir='ltr'><strong>quemadmodum</strong></span> <span class='ocrx_word' id='word_1_376' title='bbox 1247 3487 1294 3543; x_wconf 90' lang='lat' dir='ltr'><strong>si</strong></span> <span class='ocrx_word' id='word_1_377' title='bbox 1327 3503 1446 3559; x_wconf 87' lang='lat' dir='ltr'><strong>qua</strong></span> <span class='ocrx_word' id='word_1_378' title='bbox 1470 3485 1722 3558; x_wconf 90' lang='lat' dir='ltr'><strong>alicujus</strong></span> <span class='ocrx_word' id='word_1_379' title='bbox 1747 3486 1970 3560; x_wconf 78' lang='lat' dir='ltr'><strong>efﬁgies</strong></span> 
     </span>
    </p>
   </div>
   <div class='ocr_carea' id='block_1_53' title="bbox 313 3575 1970 3650">
    <p class='ocr_par' dir='ltr' id='par_1_53' title="bbox 313 3575 1970 3650">
     <span class='ocr_line' id='line_1_53' title="bbox 313 3575 1970 3650; baseline 0 -18"><span class='ocrx_word' id='word_1_380' title='bbox 313 3577 373 3632; x_wconf 93' lang='lat' dir='ltr'><strong>in</strong></span> <span class='ocrx_word' id='word_1_381' title='bbox 404 3575 606 3633; x_wconf 89' lang='lat' dir='ltr'><strong>tabula</strong></span> <span class='ocrx_word' id='word_1_382' title='bbox 637 3575 837 3649; x_wconf 89' lang='lat' dir='ltr'><strong>aliqua</strong></span> <span class='ocrx_word' id='word_1_383' title='bbox 878 3577 1132 3650; x_wconf 88' lang='lat' dir='ltr'><strong>depicta,</strong></span> <span class='ocrx_word' id='word_1_384' title='bbox 1189 3576 1423 3649; x_wconf 86' lang='lat' dir='ltr'><strong>injectis</strong></span> <span class='ocrx_word' id='word_1_385' title='bbox 1473 3577 1748 3633; x_wconf 81' lang='lat' dir='ltr'><strong>sordibus</strong></span> <span class='ocrx_word' id='word_1_386' title='bbox 1796 3577 1970 3633; x_wconf 87' lang='lat' dir='ltr'><strong>fuerit</strong></span> 
     </span>
    </p>
   </div>
   <div class='ocr_carea' id='block_1_54' title="bbox 315 3664 1967 3739">
    <p class='ocr_par' dir='ltr' id='par_1_54' title="bbox 315 3664 1967 3739">
     <span class='ocr_line' id='line_1_54' title="bbox 315 3664 1967 3739; baseline 0.001 -19"><span class='ocrx_word' id='word_1_387' title='bbox 315 3664 525 3736; x_wconf 90' lang='lat' dir='ltr'><strong>deleta,</strong></span> <span class='ocrx_word' id='word_1_388' title='bbox 585 3681 822 3721; x_wconf 88' lang='lat' dir='ltr'><strong>necesse</strong></span> <span class='ocrx_word' id='word_1_389' title='bbox 873 3669 963 3721; x_wconf 88' lang='lat' dir='ltr'><strong>est</strong></span> <span class='ocrx_word' id='word_1_390' title='bbox 1008 3682 1168 3732; x_wconf 91' lang='lat' dir='ltr'><strong>eum,</strong></span> <span class='ocrx_word' id='word_1_391' title='bbox 1217 3665 1388 3736; x_wconf 88' lang='lat' dir='ltr'><strong>cujus</strong></span> <span class='ocrx_word' id='word_1_392' title='bbox 1438 3664 1540 3720; x_wconf 89' lang='lat' dir='ltr'><strong>illa</strong></span> <span class='ocrx_word' id='word_1_393' title='bbox 1583 3669 1673 3721; x_wconf 91' lang='lat' dir='ltr'><strong>est</strong></span> <span class='ocrx_word' id='word_1_394' title='bbox 1723 3665 1967 3739; x_wconf 80' lang='lat' dir='ltr'><strong>efﬁgies,</strong></span> 
     </span>
    </p>
   </div>
   <div class='ocr_carea' id='block_1_55' title="bbox 316 3754 1972 3827">
    <p class='ocr_par' dir='ltr' id='par_1_55' title="bbox 316 3754 1972 3827">
     <span class='ocr_line' id='line_1_55' title="bbox 316 3754 1972 3827; baseline 0.001 -18"><span class='ocrx_word' id='word_1_395' title='bbox 316 3754 530 3810; x_wconf 89' lang='lat' dir='ltr'><strong>iterum</strong></span> <span class='ocrx_word' id='word_1_396' title='bbox 564 3754 789 3821; x_wconf 86' lang='lat' dir='ltr'><strong>adesse,</strong></span> <span class='ocrx_word' id='word_1_397' title='bbox 824 3759 890 3810; x_wconf 89' lang='lat' dir='ltr'><strong>ut</strong></span> <span class='ocrx_word' id='word_1_398' title='bbox 934 3755 1062 3824; x_wconf 90' lang='lat' dir='ltr'><strong>ejus</strong></span> <span class='ocrx_word' id='word_1_399' title='bbox 1110 3755 1305 3827; x_wconf 87' lang='lat' dir='ltr'><strong>imago</strong></span> <span class='ocrx_word' id='word_1_400' title='bbox 1357 3755 1416 3810; x_wconf 92' lang='lat' dir='ltr'><strong>in</strong></span> <span class='ocrx_word' id='word_1_401' title='bbox 1465 3755 1669 3810; x_wconf 91' lang='lat' dir='ltr'><strong>eadem</strong></span> <span class='ocrx_word' id='word_1_402' title='bbox 1728 3755 1972 3810; x_wconf 88' lang='lat' dir='ltr'><strong>materia</strong></span> 
     </span>
    </p>
   </div>
   <div class='ocr_carea' id='block_1_56' title="bbox 319 3842 1970 3917">
    <p class='ocr_par' dir='ltr' id='par_1_56' title="bbox 319 3842 1970 3917">
     <span class='ocr_line' id='line_1_56' title="bbox 319 3842 1970 3917; baseline 0.001 -19"><span class='ocrx_word' id='word_1_403' title='bbox 319 3842 509 3916; x_wconf 89' lang='lat' dir='ltr'><strong>possit</strong></span> <span class='ocrx_word' id='word_1_404' title='bbox 536 3842 764 3899; x_wconf 89' lang='lat' dir='ltr'><strong>restitui</strong></span> <span class='ocrx_word' id='word_1_405' title='bbox 791 3868 804 3910; x_wconf 91' lang='lat'><strong>;</strong></span> <span class='ocrx_word' id='word_1_406' title='bbox 836 3843 966 3916; x_wconf 90' lang='lat' dir='ltr'><strong>ipsa</strong></span> <span class='ocrx_word' id='word_1_407' title='bbox 981 3843 1138 3900; x_wconf 89' lang='lat' dir='ltr'><strong>enim</strong></span> <span class='ocrx_word' id='word_1_408' title='bbox 1177 3845 1421 3900; x_wconf 87' lang='lat' dir='ltr'><strong>materia</strong></span> <span class='ocrx_word' id='word_1_409' title='bbox 1451 3848 1688 3916; x_wconf 89' lang='lat' dir='ltr'><strong>propter</strong></span> <span class='ocrx_word' id='word_1_410' title='bbox 1737 3860 1970 3917; x_wconf 85' lang='lat' dir='ltr'><strong>expres-</strong></span> 
     </span>
    </p>
   </div>
   <div class='ocr_carea' id='block_1_57' title="bbox 321 3931 1971 4005">
    <p class='ocr_par' dir='ltr' id='par_1_57' title="bbox 321 3931 1971 4005">
     <span class='ocr_line' id='line_1_57' title="bbox 321 3931 1971 4005; baseline -0.001 -16"><span class='ocrx_word' id='word_1_411' title='bbox 321 3949 447 3989; x_wconf 85' lang='lat' dir='ltr'><strong>sam</strong></span> <span class='ocrx_word' id='word_1_412' title='bbox 483 3932 541 3987; x_wconf 90' lang='lat' dir='ltr'><strong>in</strong></span> <span class='ocrx_word' id='word_1_413' title='bbox 572 3947 634 3988; x_wconf 91' lang='lat' dir='ltr'><strong>se</strong></span> <span class='ocrx_word' id='word_1_414' title='bbox 660 3931 979 4004; x_wconf 88' lang='lat' dir='ltr'><strong>imaginem</strong></span> <span class='ocrx_word' id='word_1_415' title='bbox 1009 3950 1122 3989; x_wconf 90' lang='lat' dir='ltr'><strong>non</strong></span> <span class='ocrx_word' id='word_1_416' title='bbox 1155 3932 1479 4005; x_wconf 82' lang='lat' dir='ltr'><strong>projicitur,</strong></span> <span class='ocrx_word' id='word_1_417' title='bbox 1507 3933 1609 3990; x_wconf 89' lang='lat' dir='ltr'><strong>sed</strong></span> <span class='ocrx_word' id='word_1_418' title='bbox 1643 3933 1832 3990; x_wconf 91' lang='lat' dir='ltr'><strong>deleta</strong></span> <span class='ocrx_word' id='word_1_419' title='bbox 1847 3933 1971 3988; x_wconf 82' lang='lat' dir='ltr'><strong>efﬁ-</strong></span> 
     </span>
    </p>
   </div>
   <div class='ocr_carea' id='block_1_58' title="bbox 320 4021 1971 4095">
    <p class='ocr_par' dir='ltr' id='par_1_58' title="bbox 320 4021 1971 4095">
     <span class='ocr_line' id='line_1_58' title="bbox 320 4021 1971 4095; baseline 0.001 -18"><span class='ocrx_word' id='word_1_420' title='bbox 320 4022 446 4095; x_wconf 86' lang='lat' dir='ltr'><strong>gies</strong></span> <span class='ocrx_word' id='word_1_421' title='bbox 477 4022 535 4077; x_wconf 90' lang='lat' dir='ltr'><strong>in</strong></span> <span class='ocrx_word' id='word_1_422' title='bbox 568 4037 636 4077; x_wconf 89' lang='lat' dir='ltr'><strong>ea</strong></span> <span class='ocrx_word' id='word_1_423' title='bbox 659 4027 1000 4078; x_wconf 90' lang='lat' dir='ltr'><strong>renovatur:</strong></span> <span class='ocrx_word' id='word_1_424' title='bbox 1033 4021 1115 4077; x_wconf 93' lang='lat' dir='ltr'><strong>ita</strong></span> <span class='ocrx_word' id='word_1_425' title='bbox 1131 4022 1543 4078; x_wconf 87' lang='lat' dir='ltr'><strong>sanctissimus</strong></span> <span class='ocrx_word' id='word_1_426' title='bbox 1567 4022 1752 4078; x_wconf 89' lang='lat' dir='ltr'><strong>Patris</strong></span> <span class='ocrx_word' id='word_1_427' title='bbox 1766 4022 1971 4088; x_wconf 83' lang='lat' dir='ltr'><strong>Filius,</strong></span> 
     </span>
    </p>
   </div>
   <div class='ocr_carea' id='block_1_59' title="bbox 321 4109 1973 4182">
    <p class='ocr_par' dir='ltr' id='par_1_59' title="bbox 321 4109 1973 4182">
     <span class='ocr_line' id='line_1_59' title="bbox 321 4109 1973 4182; baseline 0.001 -16"><span class='ocrx_word' id='word_1_428' title='bbox 321 4111 420 4182; x_wconf 90' lang='lat' dir='ltr'><strong>qui</strong></span> <span class='ocrx_word' id='word_1_429' title='bbox 453 4110 640 4166; x_wconf 88' lang='lat' dir='ltr'><strong>Patris</strong></span> <span class='ocrx_word' id='word_1_430' title='bbox 672 4109 867 4181; x_wconf 87' lang='lat' dir='ltr'><strong>imago</strong></span> <span class='ocrx_word' id='word_1_431' title='bbox 899 4113 1006 4178; x_wconf 90' lang='lat' dir='ltr'><strong>est,</strong></span> <span class='ocrx_word' id='word_1_432' title='bbox 1039 4109 1112 4165; x_wconf 90' lang='lat' dir='ltr'><strong>ad</strong></span> <span class='ocrx_word' id='word_1_433' title='bbox 1142 4126 1248 4166; x_wconf 91' lang='lat' dir='ltr'><strong>nos</strong></span> <span class='ocrx_word' id='word_1_434' title='bbox 1278 4110 1533 4182; x_wconf 88' lang='lat' dir='ltr'><strong>advenit,</strong></span> <span class='ocrx_word' id='word_1_435' title='bbox 1568 4114 1632 4166; x_wconf 90' lang='lat' dir='ltr'><strong>ut</strong></span> <span class='ocrx_word' id='word_1_436' title='bbox 1671 4110 1973 4168; x_wconf 89' lang='lat' dir='ltr'><strong>hominem</strong></span> 
     </span>
    </p>
   </div>
   <div class='ocr_carea' id='block_1_60' title="bbox 321 4197 1974 4272">
    <p class='ocr_par' dir='ltr' id='par_1_60' title="bbox 321 4197 1974 4272">
     <span class='ocr_line' id='line_1_60' title="bbox 321 4197 1974 4272; baseline 0.001 -18"><span class='ocrx_word' id='word_1_437' title='bbox 321 4199 394 4254; x_wconf 91' lang='lat' dir='ltr'><strong>ad</strong></span> <span class='ocrx_word' id='word_1_438' title='bbox 425 4198 517 4255; x_wconf 91' lang='lat' dir='ltr'><strong>sui</strong></span> <span class='ocrx_word' id='word_1_439' title='bbox 549 4197 1000 4254; x_wconf 88' lang='lat' dir='ltr'><strong>similitudinem</strong></span> <span class='ocrx_word' id='word_1_440' title='bbox 1028 4201 1248 4255; x_wconf 87' lang='lat' dir='ltr'><strong>factum</strong></span> <span class='ocrx_word' id='word_1_441' title='bbox 1276 4199 1555 4266; x_wconf 83' lang='lat' dir='ltr'><strong>reficeret,</strong></span> <span class='ocrx_word' id='word_1_442' title='bbox 1590 4203 1648 4256; x_wconf 89' lang='lat' dir='ltr'><strong>et</strong></span> <span class='ocrx_word' id='word_1_443' title='bbox 1689 4204 1974 4272; x_wconf 89' lang='lat' dir='ltr'><strong>tanquam</strong></span> 
     </span>
    </p>
   </div>
   <div class='ocr_carea' id='block_1_61' title="bbox 323 4287 1974 4362">
    <p class='ocr_par' dir='ltr' id='par_1_61' title="bbox 323 4287 1974 4362">
     <span class='ocr_line' id='line_1_61' title="bbox 323 4287 1974 4362; baseline 0 -19"><span class='ocrx_word' id='word_1_444' title='bbox 323 4287 642 4362; x_wconf 90' lang='lat' dir='ltr'><strong>perditum,</strong></span> <span class='ocrx_word' id='word_1_445' title='bbox 674 4303 952 4344; x_wconf 90' lang='lat' dir='ltr'><strong>concessa</strong></span> <span class='ocrx_word' id='word_1_446' title='bbox 973 4291 1346 4360; x_wconf 88' lang='lat' dir='ltr'><strong>peccatorum</strong></span> <span class='ocrx_word' id='word_1_447' title='bbox 1369 4287 1556 4360; x_wconf 89' lang='lat' dir='ltr'><strong>venia,</strong></span> <span class='ocrx_word' id='word_1_448' title='bbox 1581 4293 1974 4361; x_wconf 88' lang='lat' dir='ltr'><strong>recuperaret,</strong></span> 
     </span>
    </p>
   </div>
   <div class='ocr_carea' id='block_1_62' title="bbox 2077 1954 3737 2032">
    <p class='ocr_par' dir='ltr' id='par_1_62' title="bbox 2077 1954 3737 2032">
     <span class='ocr_line' id='line_1_62' title="bbox 2077 1954 3737 2032; baseline -0.007 -10"><span class='ocrx_word' id='word_1_449' title='bbox 2077 1965 2168 2022; x_wconf 71' lang='grc' dir='ltr'><strong>οὗν</strong></span> <span class='ocrx_word' id='word_1_450' title='bbox 2230 1962 2337 2021; x_wconf 81' lang='grc' dir='ltr'>ἔδει</span> <span class='ocrx_word' id='word_1_451' title='bbox 2385 1968 2560 2020; x_wconf 85' lang='grc' dir='ltr'>ποιεῖν</span> <span class='ocrx_word' id='word_1_452' title='bbox 2613 1962 2705 2018; x_wconf 85' lang='grc' dir='ltr'><strong>τὸν</strong></span> <span class='ocrx_word' id='word_1_453' title='bbox 2755 1960 2920 2031; x_wconf 87' lang='grc' dir='ltr'>Θεόν;</span> <span class='ocrx_word' id='word_1_454' title='bbox 2953 1961 3022 2016; x_wconf 90' lang='grc' dir='ltr'>Ἣ</span> <span class='ocrx_word' id='word_1_455' title='bbox 3067 1959 3122 2014; x_wconf 86' lang='grc' dir='ltr'><strong>τί</strong></span> <span class='ocrx_word' id='word_1_456' title='bbox 3171 1955 3276 2014; x_wconf 82' lang='grc' dir='ltr'>ἔδει</span> <span class='ocrx_word' id='word_1_457' title='bbox 3311 1957 3577 2032; x_wconf 86' lang='grc' dir='ltr'>γενέσθαι,</span> <span class='ocrx_word' id='word_1_458' title='bbox 3611 1954 3737 2012; x_wconf 84' lang='grc' dir='ltr'>ἀλλ’</span> 
     </span>
    </p>
   </div>
   <div class='ocr_carea' id='block_1_63' title="bbox 2071 2044 3734 2126">
    <p class='ocr_par' dir='ltr' id='par_1_63' title="bbox 2071 2044 3734 2126">
     <span class='ocr_line' id='line_1_63' title="bbox 2071 2044 3734 2126; baseline -0.007 -14"><span class='ocrx_word' id='word_1_459' title='bbox 2071 2058 2110 2126; x_wconf 74' lang='grc' dir='ltr'><strong>ἢ</strong></span> <span class='ocrx_word' id='word_1_460' title='bbox 2168 2057 2231 2112; x_wconf 80' lang='grc' dir='ltr'>τὸ</span> <span class='ocrx_word' id='word_1_461' title='bbox 2281 2055 2399 2110; x_wconf 87' lang='grc' dir='ltr'>κατ’</span> <span class='ocrx_word' id='word_1_462' title='bbox 2457 2052 2638 2108; x_wconf 74' lang='grc' dir='ltr'>εἰκόνα</span> <span class='ocrx_word' id='word_1_463' title='bbox 2692 2049 2857 2106; x_wconf 81' lang='grc' dir='ltr'>πάλιν</span> <span class='ocrx_word' id='word_1_464' title='bbox 2925 2049 3247 2118; x_wconf 80' lang='grc' dir='ltr'>ἆνανεῶσαι,</span> <span class='ocrx_word' id='word_1_465' title='bbox 3298 2046 3390 2103; x_wconf 76' lang='grc' dir='ltr'>ἵνα</span> <span class='ocrx_word' id='word_1_466' title='bbox 3446 2044 3514 2102; x_wconf 77' lang='grc' dir='ltr'>δι’</span> <span class='ocrx_word' id='word_1_467' title='bbox 3569 2045 3734 2102; x_wconf 77' lang='grc' dir='ltr'>αὐτοῦ</span> 
     </span>
    </p>
   </div>
   <div class='ocr_carea' id='block_1_64' title="bbox 2073 2135 3732 2218">
    <p class='ocr_par' dir='ltr' id='par_1_64' title="bbox 2073 2135 3732 2218">
     <span class='ocr_line' id='line_1_64' title="bbox 2073 2135 3732 2218; baseline -0.007 -16"><span class='ocrx_word' id='word_1_468' title='bbox 2073 2145 2239 2202; x_wconf 78' lang='grc' dir='ltr'>πάλιν</span> <span class='ocrx_word' id='word_1_469' title='bbox 2299 2143 2457 2200; x_wconf 78' lang='grc' dir='ltr'>αὐτὸν</span> <span class='ocrx_word' id='word_1_470' title='bbox 2513 2145 2713 2218; x_wconf 79' lang='grc' dir='ltr'>γνῶναι</span> <span class='ocrx_word' id='word_1_471' title='bbox 2772 2139 3073 2212; x_wconf 78' lang='grc' dir='ltr'>δυνηθῶσιν</span> <span class='ocrx_word' id='word_1_472' title='bbox 3125 2139 3178 2194; x_wconf 72' lang='grc' dir='ltr'><strong>οἱ</strong></span> <span class='ocrx_word' id='word_1_473' title='bbox 3226 2135 3732 2213; x_wconf 70' lang='grc' dir='ltr'>ἄνθρωποιςτοῦτο</span> 
     </span>
    </p>
   </div>
   <div class='ocr_carea' id='block_1_65' title="bbox 2075 2227 3732 2308">
    <p class='ocr_par' dir='ltr' id='par_1_65' title="bbox 2075 2227 3732 2308">
     <span class='ocr_line' id='line_1_65' title="bbox 2075 2227 3732 2308; baseline -0.007 -16"><span class='ocrx_word' id='word_1_474' title='bbox 2075 2235 2133 2292; x_wconf 75' lang='grc' dir='ltr'><strong>δὲ</strong></span> <span class='ocrx_word' id='word_1_475' title='bbox 2187 2239 2306 2298; x_wconf 81' lang='grc' dir='ltr'>πῶς</span> <span class='ocrx_word' id='word_1_476' title='bbox 2361 2233 2419 2288; x_wconf 71' lang='grc' dir='ltr'>ἂν</span> <span class='ocrx_word' id='word_1_477' title='bbox 2482 2231 2742 2308; x_wconf 77' lang='grc' dir='ltr'>ἐγεγόνει,</span> <span class='ocrx_word' id='word_1_478' title='bbox 2776 2231 2822 2286; x_wconf 90' lang='grc' dir='ltr'><strong>εἰ</strong></span> <span class='ocrx_word' id='word_1_479' title='bbox 2877 2231 2950 2304; x_wconf 74' lang='grc' dir='ltr'>μὴ</span> <span class='ocrx_word' id='word_1_480' title='bbox 3003 2228 3174 2298; x_wconf 76' lang='grc' dir='ltr'>αὐτῆς</span> <span class='ocrx_word' id='word_1_481' title='bbox 3209 2235 3314 2298; x_wconf 82' lang='grc' dir='ltr'>τῆς</span> <span class='ocrx_word' id='word_1_482' title='bbox 3351 2231 3449 2283; x_wconf 87' lang='grc' dir='ltr'><strong>τοῦ</strong></span> <span class='ocrx_word' id='word_1_483' title='bbox 3481 2231 3615 2284; x_wconf 89' lang='grc' dir='ltr'>Θεοῦ</span> <span class='ocrx_word' id='word_1_484' title='bbox 3656 2227 3732 2282; x_wconf 91' lang='grc' dir='ltr'>εἰ-</span> 
     </span>
    </p>
   </div>
   <div class='ocr_carea' id='block_1_66' title="bbox 2071 2318 3731 2398">
    <p class='ocr_par' dir='ltr' id='par_1_66' title="bbox 2071 2318 3731 2398">
     <span class='ocr_line' id='line_1_66' title="bbox 2071 2318 3731 2398; baseline -0.006 -17"><span class='ocrx_word' id='word_1_485' title='bbox 2071 2325 2232 2387; x_wconf 88' lang='grc' dir='ltr'>κόνος</span> <span class='ocrx_word' id='word_1_486' title='bbox 2300 2321 2748 2398; x_wconf 72' lang='grc' dir='ltr'>παραγενομένης</span> <span class='ocrx_word' id='word_1_487' title='bbox 2826 2323 2922 2376; x_wconf 86' lang='grc' dir='ltr'><strong>τοῦ</strong></span> <span class='ocrx_word' id='word_1_488' title='bbox 2999 2325 3260 2393; x_wconf 76' lang='grc' dir='ltr'>Σωτῆρος</span> <span class='ocrx_word' id='word_1_489' title='bbox 3328 2319 3489 2389; x_wconf 76' lang='grc' dir='ltr'>ἡμῶν</span> <span class='ocrx_word' id='word_1_490' title='bbox 3549 2318 3731 2386; x_wconf 82' lang='grc' dir='ltr'>Ἰησοῦ</span> 
     </span>
    </p>
   </div>
   <div class='ocr_carea' id='block_1_67' title="bbox 2071 2404 3728 2492">
    <p class='ocr_par' dir='ltr' id='par_1_67' title="bbox 2071 2404 3728 2492">
     <span class='ocr_line' id='line_1_67' title="bbox 2071 2404 3728 2492; baseline -0.008 -19"><span class='ocrx_word' id='word_1_491' title='bbox 2071 2419 2342 2492; x_wconf 77' lang='grc' dir='ltr'>Χριστοῦς</span> <span class='ocrx_word' id='word_1_492' title='bbox 2395 2415 2473 2469; x_wconf 86' lang='grc' dir='ltr'><strong>Δι’</strong></span> <span class='ocrx_word' id='word_1_493' title='bbox 2534 2412 2831 2486; x_wconf 86' lang='grc' dir='ltr'>ἀνθρώπων</span> <span class='ocrx_word' id='word_1_494' title='bbox 2897 2411 2988 2484; x_wconf 74' lang='grc' dir='ltr'><strong>μὶν</strong></span> <span class='ocrx_word' id='word_1_495' title='bbox 3048 2409 3152 2486; x_wconf 74' lang='grc' dir='ltr'><strong>γὰρ</strong></span> <span class='ocrx_word' id='word_1_496' title='bbox 3207 2406 3306 2464; x_wconf 79' lang='grc' dir='ltr'><strong>οὐκ</strong></span> <span class='ocrx_word' id='word_1_497' title='bbox 3359 2407 3427 2476; x_wconf 75' lang='grc' dir='ltr'>ἦν</span> <span class='ocrx_word' id='word_1_498' title='bbox 3482 2404 3728 2475; x_wconf 85' lang='grc' dir='ltr'>δυνατὸν,</span> 
     </span>
    </p>
   </div>
   <div class='ocr_carea' id='block_1_68' title="bbox 2075 2493 3727 2574">
    <p class='ocr_par' dir='ltr' id='par_1_68' title="bbox 2075 2493 3727 2574">
     <span class='ocr_line' id='line_1_68' title="bbox 2075 2493 3727 2574; baseline -0.007 -13"><span class='ocrx_word' id='word_1_499' title='bbox 2075 2505 2188 2562; x_wconf 73' lang='grc' dir='ltr'>ἐπεὶ</span> <span class='ocrx_word' id='word_1_500' title='bbox 2218 2505 2308 2560; x_wconf 81' lang='grc' dir='ltr'><strong>καὶ</strong></span> <span class='ocrx_word' id='word_1_501' title='bbox 2360 2503 2513 2559; x_wconf 71' lang='grc' dir='ltr'>αὐτοὶ</span> <span class='ocrx_word' id='word_1_502' title='bbox 2561 2503 2681 2558; x_wconf 89' lang='grc' dir='ltr'>κατ’</span> <span class='ocrx_word' id='word_1_503' title='bbox 2713 2499 2896 2556; x_wconf 78' lang='grc' dir='ltr'>εἰκόνα</span> <span class='ocrx_word' id='word_1_504' title='bbox 2948 2498 3238 2574; x_wconf 87' lang='grc' dir='ltr'>γεγόνασιν</span> <span class='ocrx_word' id='word_1_505' title='bbox 3272 2516 3286 2529; x_wconf 91' lang='grc'><strong>·</strong></span> <span class='ocrx_word' id='word_1_506' title='bbox 3320 2493 3447 2552; x_wconf 90' lang='grc' dir='ltr'>ἀλλ’</span> <span class='ocrx_word' id='word_1_507' title='bbox 3499 2495 3624 2551; x_wconf 68' lang='grc' dir='ltr'>οὐδὲ</span> <span class='ocrx_word' id='word_1_508' title='bbox 3674 2495 3727 2550; x_wconf 88' lang='grc' dir='ltr'><strong>δι</strong></span> 
     </span>
    </p>
   </div>
   <div class='ocr_carea' id='block_1_69' title="bbox 2075 2585 3726 2671">
    <p class='ocr_par' dir='ltr' id='par_1_69' title="bbox 2075 2585 3726 2671">
     <span class='ocr_line' id='line_1_69' title="bbox 2075 2585 3726 2671; baseline -0.005 -20"><span class='ocrx_word' id='word_1_509' title='bbox 2075 2593 2326 2671; x_wconf 75' lang='grc' dir='ltr'>ἀγγέλων</span> <span class='ocrx_word' id='word_1_510' title='bbox 2379 2595 2456 2667; x_wconf 85' lang='grc'><strong>(5)</strong></span> <span class='ocrx_word' id='word_1_511' title='bbox 2506 2609 2520 2625; x_wconf 91' lang='grc'>⁶</span> <span class='ocrx_word' id='word_1_512' title='bbox 2573 2589 2699 2647; x_wconf 73' lang='grc' dir='ltr'>οὐδὲ</span> <span class='ocrx_word' id='word_1_513' title='bbox 2745 2590 2849 2667; x_wconf 71' lang='grc' dir='ltr'>γὰρ</span> <span class='ocrx_word' id='word_1_514' title='bbox 2899 2587 3025 2645; x_wconf 75' lang='grc' dir='ltr'>οὐδὲ</span> <span class='ocrx_word' id='word_1_515' title='bbox 3081 2587 3235 2644; x_wconf 81' lang='grc' dir='ltr'>αὐτοί</span> <span class='ocrx_word' id='word_1_516' title='bbox 3304 2587 3434 2642; x_wconf 87' lang='grc' dir='ltr'>εἰσιν</span> <span class='ocrx_word' id='word_1_517' title='bbox 3503 2585 3726 2648; x_wconf 78' lang='grc' dir='ltr'>εἰκόνες.</span> 
     </span>
    </p>
   </div>
   <div class='ocr_carea' id='block_1_70' title="bbox 2071 2675 3732 2757">
    <p class='ocr_par' dir='ltr' id='par_1_70' title="bbox 2071 2675 3732 2757">
     <span class='ocr_line' id='line_1_70' title="bbox 2071 2675 3732 2757; baseline -0.007 -17"><span class='ocrx_word' id='word_1_518' title='bbox 2071 2687 2225 2740; x_wconf 85' lang='grc' dir='ltr'>Ὅθεν</span> <span class='ocrx_word' id='word_1_519' title='bbox 2258 2685 2286 2740; x_wconf 84' lang='grc' dir='ltr'>ὁ</span> <span class='ocrx_word' id='word_1_520' title='bbox 2316 2687 2412 2739; x_wconf 83' lang='grc' dir='ltr'><strong>τοῦ</strong></span> <span class='ocrx_word' id='word_1_521' title='bbox 2471 2686 2604 2738; x_wconf 88' lang='grc' dir='ltr'>Θεοῦ</span> <span class='ocrx_word' id='word_1_522' title='bbox 2663 2681 2842 2757; x_wconf 84' lang='grc' dir='ltr'>Λόγος</span> <span class='ocrx_word' id='word_1_523' title='bbox 2896 2677 2966 2734; x_wconf 85' lang='grc' dir='ltr'>δι’</span> <span class='ocrx_word' id='word_1_524' title='bbox 3025 2679 3218 2734; x_wconf 74' lang='grc' dir='ltr'>ἑαυτοῦ</span> <span class='ocrx_word' id='word_1_525' title='bbox 3273 2677 3616 2752; x_wconf 87' lang='grc' dir='ltr'>παρεγένετο,</span> <span class='ocrx_word' id='word_1_526' title='bbox 3656 2675 3732 2729; x_wconf 84' lang='lat' dir='ltr'><strong>‘iv’</strong></span> 
     </span>
    </p>
   </div>
   <div class='ocr_carea' id='block_1_71' title="bbox 2075 2763 3729 2844">
    <p class='ocr_par' dir='ltr' id='par_1_71' title="bbox 2075 2763 3729 2844">
     <span class='ocr_line' id='line_1_71' title="bbox 2075 2763 3729 2844; baseline -0.007 -14"><span class='ocrx_word' id='word_1_527' title='bbox 2075 2775 2150 2838; x_wconf 83' lang='grc' dir='ltr'><strong>ὡς</strong></span> <span class='ocrx_word' id='word_1_528' title='bbox 2184 2775 2344 2830; x_wconf 82' lang='grc' dir='ltr'>εἰκὼν</span> <span class='ocrx_word' id='word_1_529' title='bbox 2395 2769 2468 2827; x_wconf 79' lang='grc' dir='ltr'>ὣν</span> <span class='ocrx_word' id='word_1_530' title='bbox 2515 2773 2612 2827; x_wconf 85' lang='grc' dir='ltr'><strong>τοῦ</strong></span> <span class='ocrx_word' id='word_1_531' title='bbox 2661 2771 2874 2844; x_wconf 76' lang='grc' dir='ltr'>Πατρός</span> <span class='ocrx_word' id='word_1_532' title='bbox 2915 2769 3006 2825; x_wconf 84' lang='grc' dir='ltr'>τὸν</span> <span class='ocrx_word' id='word_1_533' title='bbox 3063 2769 3181 2824; x_wconf 84' lang='grc' dir='ltr'>κατ’</span> <span class='ocrx_word' id='word_1_534' title='bbox 3213 2766 3391 2822; x_wconf 78' lang='grc' dir='ltr'>εἰκόνα</span> <span class='ocrx_word' id='word_1_535' title='bbox 3446 2763 3729 2842; x_wconf 81' lang='grc' dir='ltr'>ἄνθρωπον</span> 
     </span>
    </p>
   </div>
   <div class='ocr_carea' id='block_1_72' title="bbox 2076 2853 3733 2935">
    <p class='ocr_par' dir='ltr' id='par_1_72' title="bbox 2076 2853 3733 2935">
     <span class='ocr_line' id='line_1_72' title="bbox 2076 2853 3733 2935; baseline -0.007 -15"><span class='ocrx_word' id='word_1_536' title='bbox 2076 2863 2351 2920; x_wconf 84' lang='grc' dir='ltr'>ἀνακτίσαι</span> <span class='ocrx_word' id='word_1_537' title='bbox 2386 2860 2610 2935; x_wconf 80' lang='grc' dir='ltr'>δυνηθῇ.</span> <span class='ocrx_word' id='word_1_538' title='bbox 2644 2857 2874 2922; x_wconf 71' lang='grc' dir='ltr'>’Ἄλλως</span> <span class='ocrx_word' id='word_1_539' title='bbox 2905 2856 2962 2914; x_wconf 76' lang='grc' dir='ltr'><strong>δὲ</strong></span> <span class='ocrx_word' id='word_1_540' title='bbox 2991 2856 3156 2912; x_wconf 85' lang='grc' dir='ltr'>πάλιν</span> <span class='ocrx_word' id='word_1_541' title='bbox 3213 2856 3312 2912; x_wconf 80' lang='grc' dir='ltr'><strong>οὐκ</strong></span> <span class='ocrx_word' id='word_1_542' title='bbox 3359 2856 3418 2911; x_wconf 72' lang='grc' dir='ltr'><strong>ἂν</strong></span> <span class='ocrx_word' id='word_1_543' title='bbox 3471 2853 3733 2931; x_wconf 81' lang='grc' dir='ltr'>ἐγεγόνει,</span> 
     </span>
    </p>
   </div>
   <div class='ocr_carea' id='block_1_73' title="bbox 2076 2944 3734 3028">
    <p class='ocr_par' dir='ltr' id='par_1_73' title="bbox 2076 2944 3734 3028">
     <span class='ocr_line' id='line_1_73' title="bbox 2076 2944 3734 3028; baseline -0.006 -19"><span class='ocrx_word' id='word_1_544' title='bbox 2076 2954 2121 3010; x_wconf 84' lang='grc' dir='ltr'><strong>εἰ</strong></span> <span class='ocrx_word' id='word_1_545' title='bbox 2159 2956 2232 3028; x_wconf 75' lang='grc' dir='ltr'>μὴ</span> <span class='ocrx_word' id='word_1_546' title='bbox 2267 2953 2294 3007; x_wconf 83' lang='grc' dir='ltr'>ὁ</span> <span class='ocrx_word' id='word_1_547' title='bbox 2325 2953 2553 3014; x_wconf 75' lang='grc' dir='ltr'>θάνατος</span> <span class='ocrx_word' id='word_1_548' title='bbox 2600 2949 2667 3025; x_wconf 72' lang='grc' dir='ltr'>ᾖν</span> <span class='ocrx_word' id='word_1_549' title='bbox 2713 2948 2803 3004; x_wconf 82' lang='grc' dir='ltr'><strong>καὶ</strong></span> <span class='ocrx_word' id='word_1_550' title='bbox 2843 2950 2878 3018; x_wconf 72' lang='grc' dir='ltr'>ἡ</span> <span class='ocrx_word' id='word_1_551' title='bbox 2913 2949 3086 3026; x_wconf 83' lang='grc' dir='ltr'>φθορᾶ</span> <span class='ocrx_word' id='word_1_552' title='bbox 3133 2945 3536 3024; x_wconf 78' lang='grc' dir='ltr'>ἔξαφανισθεῖσα</span> <span class='ocrx_word' id='word_1_553' title='bbox 3568 2965 3581 2979; x_wconf 85' lang='lat'><strong><em>°</em></strong></span> <span class='ocrx_word' id='word_1_554' title='bbox 3617 2944 3734 3000; x_wconf 77' lang='grc' dir='ltr'>ὅθεν</span> 
     </span>
    </p>
   </div>
   <div class='ocr_carea' id='block_1_74' title="bbox 2077 3035 3736 3112">
    <p class='ocr_par' dir='ltr' id='par_1_74' title="bbox 2077 3035 3736 3112">
     <span class='ocr_line' id='line_1_74' title="bbox 2077 3035 3736 3112; baseline -0.006 -13"><span class='ocrx_word' id='word_1_555' title='bbox 2077 3042 2300 3105; x_wconf 86' lang='grc' dir='ltr'>εἰκότως</span> <span class='ocrx_word' id='word_1_556' title='bbox 2361 3037 2523 3096; x_wconf 76' lang='grc' dir='ltr'>ἔλαϐε</span> <span class='ocrx_word' id='word_1_557' title='bbox 2581 3043 2742 3112; x_wconf 80' lang='grc' dir='ltr'>σῶμα</span> <span class='ocrx_word' id='word_1_558' title='bbox 2789 3038 3004 3109; x_wconf 84' lang='grc' dir='ltr'>θνητὸν,</span> <span class='ocrx_word' id='word_1_559' title='bbox 3051 3035 3142 3091; x_wconf 72' lang='grc' dir='ltr'>’ίνα</span> <span class='ocrx_word' id='word_1_560' title='bbox 3187 3037 3276 3091; x_wconf 78' lang='grc' dir='ltr'><strong>καὶ</strong></span> <span class='ocrx_word' id='word_1_561' title='bbox 3329 3036 3356 3091; x_wconf 82' lang='grc' dir='ltr'>ὁ</span> <span class='ocrx_word' id='word_1_562' title='bbox 3400 3036 3626 3096; x_wconf 85' lang='grc' dir='ltr'>θάνατος</span> <span class='ocrx_word' id='word_1_563' title='bbox 3683 3035 3736 3089; x_wconf 83' lang='grc' dir='ltr'>ὲν</span> 
     </span>
    </p>
   </div>
   <div class='ocr_carea' id='block_1_75' title="bbox 2076 3123 3741 3208">
    <p class='ocr_par' dir='ltr' id='par_1_75' title="bbox 2076 3123 3741 3208">
     <span class='ocr_line' id='line_1_75' title="bbox 2076 3123 3741 3208; baseline -0.006 -20"><span class='ocrx_word' id='word_1_564' title='bbox 2076 3132 2224 3205; x_wconf 77' lang='grc' dir='ltr'>αὐτῷ</span> <span class='ocrx_word' id='word_1_565' title='bbox 2273 3129 2464 3186; x_wconf 84' lang='grc' dir='ltr'>λοιπὸν</span> <span class='ocrx_word' id='word_1_566' title='bbox 2522 3129 2930 3208; x_wconf 80' lang='grc' dir='ltr'>ἐξαφανισθῆναι</span> <span class='ocrx_word' id='word_1_567' title='bbox 2989 3123 3217 3200; x_wconf 80' lang='grc' dir='ltr'>δυνηθῇ,</span> <span class='ocrx_word' id='word_1_568' title='bbox 3250 3125 3340 3180; x_wconf 85' lang='grc' dir='ltr'><strong>καὶ</strong></span> <span class='ocrx_word' id='word_1_569' title='bbox 3397 3125 3449 3179; x_wconf 74' lang='grc' dir='ltr'>οἱ</span> <span class='ocrx_word' id='word_1_570' title='bbox 3502 3125 3618 3179; x_wconf 87' lang='grc' dir='ltr'>κατ’</span> <span class='ocrx_word' id='word_1_571' title='bbox 3671 3123 3741 3179; x_wconf 80' lang='grc' dir='ltr'>εἰ·</span> 
     </span>
    </p>
   </div>
   <div class='ocr_carea' id='block_1_76' title="bbox 2076 3212 3738 3290">
    <p class='ocr_par' dir='ltr' id='par_1_76' title="bbox 2076 3212 3738 3290">
     <span class='ocr_line' id='line_1_76' title="bbox 2076 3212 3738 3290; baseline -0.007 -12"><span class='ocrx_word' id='word_1_572' title='bbox 2076 3222 2210 3278; x_wconf 83' lang='grc' dir='ltr'>κόνα</span> <span class='ocrx_word' id='word_1_573' title='bbox 2264 3219 2428 3276; x_wconf 84' lang='grc' dir='ltr'>πάλιν</span> <span class='ocrx_word' id='word_1_574' title='bbox 2488 3218 2933 3274; x_wconf 80' lang='grc' dir='ltr'>ἀνακαινισθῶσιν</span> <span class='ocrx_word' id='word_1_575' title='bbox 2993 3213 3290 3290; x_wconf 75' lang='grc' dir='ltr'>ἄνθρωποι.</span> <span class='ocrx_word' id='word_1_576' title='bbox 3349 3212 3554 3270; x_wconf 75' lang='grc' dir='ltr'>Οὐκοῦν</span> <span class='ocrx_word' id='word_1_577' title='bbox 3625 3213 3738 3268; x_wconf 76' lang='grc' dir='ltr'>ἑτέ-</span> 
     </span>
    </p>
   </div>
   <div class='ocr_carea' id='block_1_77' title="bbox 2079 3301 3740 3391">
    <p class='ocr_par' dir='ltr' id='par_1_77' title="bbox 2079 3301 3740 3391">
     <span class='ocr_line' id='line_1_77' title="bbox 2079 3301 3740 3391; baseline -0.007 -23"><span class='ocrx_word' id='word_1_578' title='bbox 2079 3334 2175 3391; x_wconf 92' lang='grc' dir='ltr'><strong>ρου</strong></span> <span class='ocrx_word' id='word_1_579' title='bbox 2206 3312 2343 3387; x_wconf 82' lang='grc' dir='ltr'>πρὸς</span> <span class='ocrx_word' id='word_1_580' title='bbox 2373 3309 2574 3381; x_wconf 86' lang='grc' dir='ltr'>ταύτην</span> <span class='ocrx_word' id='word_1_581' title='bbox 2602 3309 2702 3378; x_wconf 80' lang='grc' dir='ltr'>τήν</span> <span class='ocrx_word' id='word_1_582' title='bbox 2735 3305 2926 3384; x_wconf 88' lang='grc' dir='ltr'>χρείαν</span> <span class='ocrx_word' id='word_1_583' title='bbox 2957 3304 3056 3361; x_wconf 76' lang='grc' dir='ltr'><strong>οὐκ</strong></span> <span class='ocrx_word' id='word_1_584' title='bbox 3091 3305 3158 3375; x_wconf 76' lang='grc' dir='ltr'>ἦν</span> <span class='ocrx_word' id='word_1_585' title='bbox 3197 3303 3242 3360; x_wconf 85' lang='grc' dir='ltr'><strong>εἰ</strong></span> <span class='ocrx_word' id='word_1_586' title='bbox 3279 3304 3354 3379; x_wconf 83' lang='grc' dir='ltr'>μή</span> <span class='ocrx_word' id='word_1_587' title='bbox 3385 3309 3489 3374; x_wconf 82' lang='grc' dir='ltr'>τῆς</span> <span class='ocrx_word' id='word_1_588' title='bbox 3534 3301 3740 3365; x_wconf 82' lang='grc' dir='ltr'>εἰκόνος</span> 
     </span>
    </p>
   </div>
   <div class='ocr_carea' id='block_1_78' title="bbox 2074 3400 2554 3476">
    <p class='ocr_par' dir='ltr' id='par_1_78' title="bbox 2074 3400 2554 3476">
     <span class='ocr_line' id='line_1_78' title="bbox 2074 3400 2554 3476; baseline -0.006 -17"><span class='ocrx_word' id='word_1_589' title='bbox 2074 3407 2172 3459; x_wconf 88' lang='grc' dir='ltr'><strong>τοῦ</strong></span> <span class='ocrx_word' id='word_1_590' title='bbox 2205 3400 2437 3476; x_wconf 89' lang='grc' dir='ltr'>Πατρός.</span> <span class='ocrx_word' id='word_1_591' title='bbox 2550 3467 2554 3472; x_wconf 18' lang='grc' dir='ltr'><strong><em>Α</em></strong></span> 
     </span>
    </p>
   </div>
   <div class='ocr_carea' id='block_1_79' title="bbox 2151 3480 3739 3565">
    <p class='ocr_par' dir='ltr' id='par_1_79' title="bbox 2151 3480 3739 3565">
     <span class='ocr_line' id='line_1_79' title="bbox 2151 3480 3739 3565; baseline -0.008 0"><span class='ocrx_word' id='word_1_592' title='bbox 2151 3494 2239 3549; x_wconf 76' lang='grc' dir='ltr'><strong>14ο</strong></span> <span class='ocrx_word' id='word_1_593' title='bbox 2274 3491 2352 3565; x_wconf 84' lang='lat'><strong>(6)</strong></span> <span class='ocrx_word' id='word_1_594' title='bbox 2381 3490 2470 3552; x_wconf 76' lang='grc' dir='ltr'>Ὠς</span> <span class='ocrx_word' id='word_1_595' title='bbox 2530 3489 2634 3564; x_wconf 71' lang='grc' dir='ltr'><strong>γάρ</strong></span> <span class='ocrx_word' id='word_1_596' title='bbox 2690 3493 2794 3556; x_wconf 80' lang='grc' dir='ltr'>τῆς</span> <span class='ocrx_word' id='word_1_597' title='bbox 2852 3483 3158 3563; x_wconf 77' lang='grc' dir='ltr'>γραφείσης</span> <span class='ocrx_word' id='word_1_598' title='bbox 3205 3481 3258 3538; x_wconf 76' lang='grc' dir='ltr'>ἒν</span> <span class='ocrx_word' id='word_1_599' title='bbox 3319 3480 3468 3556; x_wconf 73' lang='grc' dir='ltr'>ξύλῳ</span> <span class='ocrx_word' id='word_1_600' title='bbox 3520 3489 3739 3560; x_wconf 75' lang='grc' dir='ltr'>μορφῆς</span> 
     </span>
    </p>
   </div>
   <div class='ocr_carea' id='block_1_80' title="bbox 2077 3570 3740 3660">
    <p class='ocr_par' dir='ltr' id='par_1_80' title="bbox 2077 3570 3740 3660">
     <span class='ocr_line' id='line_1_80' title="bbox 2077 3570 3740 3660; baseline -0.007 -22"><span class='ocrx_word' id='word_1_601' title='bbox 2077 3579 2574 3660; x_wconf 86' lang='grc' dir='ltr'>παραφανισθείσης</span> <span class='ocrx_word' id='word_1_602' title='bbox 2626 3575 2682 3632; x_wconf 81' lang='grc' dir='ltr'><strong>ἐγ</strong></span> <span class='ocrx_word' id='word_1_603' title='bbox 2724 3579 2834 3632; x_wconf 81' lang='grc' dir='ltr'><strong>τῶν</strong></span> <span class='ocrx_word' id='word_1_604' title='bbox 2882 3570 3072 3646; x_wconf 72' lang='grc' dir='ltr'>ἔξωθεν</span> <span class='ocrx_word' id='word_1_605' title='bbox 3125 3572 3331 3649; x_wconf 78' lang='grc' dir='ltr'>ῥύπων,</span> <span class='ocrx_word' id='word_1_606' title='bbox 3364 3571 3530 3628; x_wconf 78' lang='grc' dir='ltr'>πάλιν</span> <span class='ocrx_word' id='word_1_607' title='bbox 3577 3571 3740 3649; x_wconf 86' lang='grc' dir='ltr'>χρεία</span> 
     </span>
    </p>
   </div>
   <div class='ocr_carea' id='block_1_81' title="bbox 2077 3661 3741 3743">
    <p class='ocr_par' dir='ltr' id='par_1_81' title="bbox 2077 3661 3741 3743">
     <span class='ocr_line' id='line_1_81' title="bbox 2077 3661 3741 3743; baseline -0.007 -16"><span class='ocrx_word' id='word_1_608' title='bbox 2077 3676 2268 3728; x_wconf 86' lang='grc' dir='ltr'>τοῦτον</span> <span class='ocrx_word' id='word_1_609' title='bbox 2316 3672 2392 3743; x_wconf 88' lang='grc'><strong>(7)</strong></span> <span class='ocrx_word' id='word_1_610' title='bbox 2441 3667 2852 3743; x_wconf 70' lang='grc' dir='ltr'>παραγενέσθαι,</span> <span class='ocrx_word' id='word_1_611' title='bbox 2886 3665 2949 3720; x_wconf 82' lang='grc' dir='ltr'><strong>οῦ</strong></span> <span class='ocrx_word' id='word_1_612' title='bbox 2991 3665 3082 3720; x_wconf 89' lang='grc' dir='ltr'><strong>καὶ</strong></span> <span class='ocrx_word' id='word_1_613' title='bbox 3126 3662 3267 3718; x_wconf 80' lang='grc' dir='ltr'>ἔστιν</span> <span class='ocrx_word' id='word_1_614' title='bbox 3316 3665 3351 3732; x_wconf 80' lang='grc' dir='ltr'>ἡ</span> <span class='ocrx_word' id='word_1_615' title='bbox 3409 3662 3619 3741; x_wconf 71' lang='grc' dir='ltr'>μορφὴ,</span> <span class='ocrx_word' id='word_1_616' title='bbox 3648 3661 3741 3716; x_wconf 68' lang='grc' dir='ltr'>’ίνα</span> 
     </span>
    </p>
   </div>
   <div class='ocr_carea' id='block_1_82' title="bbox 2081 3749 3740 3827">
    <p class='ocr_par' dir='ltr' id='par_1_82' title="bbox 2081 3749 3740 3827">
     <span class='ocr_line' id='line_1_82' title="bbox 2081 3749 3740 3827; baseline -0.007 -11"><span class='ocrx_word' id='word_1_617' title='bbox 2081 3760 2521 3827; x_wconf 81' lang='grc' dir='ltr'>ἀνακαινισθῆναι</span> <span class='ocrx_word' id='word_1_618' title='bbox 2579 3758 2615 3825; x_wconf 82' lang='grc' dir='ltr'>ἡ</span> <span class='ocrx_word' id='word_1_619' title='bbox 2679 3755 2837 3810; x_wconf 87' lang='grc' dir='ltr'>εἰκὼν</span> <span class='ocrx_word' id='word_1_620' title='bbox 2899 3751 3104 3827; x_wconf 77' lang='grc' dir='ltr'>δυνηθῇ</span> <span class='ocrx_word' id='word_1_621' title='bbox 3165 3751 3218 3808; x_wconf 79' lang='grc' dir='ltr'><strong>ἐν</strong></span> <span class='ocrx_word' id='word_1_622' title='bbox 3277 3755 3345 3826; x_wconf 83' lang='grc' dir='ltr'>τῇ</span> <span class='ocrx_word' id='word_1_623' title='bbox 3397 3752 3532 3826; x_wconf 81' lang='grc' dir='ltr'>αὐτῇ</span> <span class='ocrx_word' id='word_1_624' title='bbox 3583 3749 3688 3825; x_wconf 74' lang='grc' dir='ltr'>ὕλῃ</span> <span class='ocrx_word' id='word_1_625' title='bbox 3727 3769 3740 3783; x_wconf 88' lang='grc'><strong>·</strong></span> 
     </span>
    </p>
   </div>
   <div class='ocr_carea' id='block_1_83' title="bbox 2081 3838 3739 3925">
    <p class='ocr_par' dir='ltr' id='par_1_83' title="bbox 2081 3838 3739 3925">
     <span class='ocr_line' id='line_1_83' title="bbox 2081 3838 3739 3925; baseline -0.007 -19"><span class='ocrx_word' id='word_1_626' title='bbox 2081 3848 2170 3906; x_wconf 78' lang='grc' dir='ltr'>διὰ</span> <span class='ocrx_word' id='word_1_627' title='bbox 2199 3851 2303 3925; x_wconf 78' lang='grc' dir='ltr'>γὰρ</span> <span class='ocrx_word' id='word_1_628' title='bbox 2333 3848 2432 3918; x_wconf 79' lang='grc' dir='ltr'><strong>την</strong></span> <span class='ocrx_word' id='word_1_629' title='bbox 2465 3845 2673 3901; x_wconf 73' lang='grc' dir='ltr'>ἐκείνου</span> <span class='ocrx_word' id='word_1_630' title='bbox 2713 3845 2927 3921; x_wconf 73' lang='grc' dir='ltr'>γραφὴν</span> <span class='ocrx_word' id='word_1_631' title='bbox 2959 3845 2994 3913; x_wconf 81' lang='grc' dir='ltr'>ἡ</span> <span class='ocrx_word' id='word_1_632' title='bbox 3027 3842 3162 3912; x_wconf 81' lang='grc' dir='ltr'>αὐτή</span> <span class='ocrx_word' id='word_1_633' title='bbox 3213 3839 3305 3897; x_wconf 79' lang='grc' dir='ltr'><strong>καί</strong></span> <span class='ocrx_word' id='word_1_634' title='bbox 3353 3838 3458 3910; x_wconf 76' lang='grc' dir='ltr'>ὅλη</span> <span class='ocrx_word' id='word_1_635' title='bbox 3501 3841 3555 3895; x_wconf 74' lang='grc' dir='ltr'>ὲν</span> <span class='ocrx_word' id='word_1_636' title='bbox 3649 3838 3739 3895; x_wconf 84' lang='grc' dir='ltr'><strong>καὶ</strong></span> 
     </span>
    </p>
   </div>
   <div class='ocr_carea' id='block_1_84' title="bbox 2081 3927 3738 4016">
    <p class='ocr_par' dir='ltr' id='par_1_84' title="bbox 2081 3927 3738 4016">
     <span class='ocr_line' id='line_1_84' title="bbox 2081 3927 3738 4016; baseline -0.008 -21"><span class='ocrx_word' id='word_1_637' title='bbox 2081 3940 2408 4016; x_wconf 82' lang='grc' dir='ltr'>γέγραπται,</span> <span class='ocrx_word' id='word_1_638' title='bbox 2444 3934 2544 3990; x_wconf 77' lang='grc' dir='ltr'><strong>οὐκ</strong></span> <span class='ocrx_word' id='word_1_639' title='bbox 2590 3927 2938 4004; x_wconf 73' lang='grc' dir='ltr'>ἐκϐάλλεται,</span> <span class='ocrx_word' id='word_1_640' title='bbox 2973 3929 3099 3987; x_wconf 88' lang='grc' dir='ltr'>ἀλλ’</span> <span class='ocrx_word' id='word_1_641' title='bbox 3149 3929 3201 3986; x_wconf 78' lang='grc' dir='ltr'>ἐν</span> <span class='ocrx_word' id='word_1_642' title='bbox 3250 3929 3384 4004; x_wconf 79' lang='grc' dir='ltr'>αὐτῇ</span> <span class='ocrx_word' id='word_1_643' title='bbox 3435 3930 3738 3984; x_wconf 83' lang='grc' dir='ltr'>ἀνατυποῦ-</span> 
     </span>
    </p>
   </div>
   <div class='ocr_carea' id='block_1_85' title="bbox 2079 4016 3738 4096">
    <p class='ocr_par' dir='ltr' id='par_1_85' title="bbox 2079 4016 3738 4096">
     <span class='ocr_line' id='line_1_85' title="bbox 2079 4016 3738 4096; baseline -0.008 -13"><span class='ocrx_word' id='word_1_644' title='bbox 2079 4049 2190 4085; x_wconf 88' lang='grc' dir='ltr'>ται.</span> <span class='ocrx_word' id='word_1_645' title='bbox 2224 4028 2371 4082; x_wconf 84' lang='grc' dir='ltr'><strong>Κατᾶ</strong></span> <span class='ocrx_word' id='word_1_646' title='bbox 2423 4028 2585 4080; x_wconf 87' lang='grc' dir='ltr'>τοῦτο</span> <span class='ocrx_word' id='word_1_647' title='bbox 2642 4023 2733 4077; x_wconf 86' lang='grc' dir='ltr'><strong>καὶ</strong></span> <span class='ocrx_word' id='word_1_648' title='bbox 2775 4023 2802 4077; x_wconf 76' lang='grc' dir='ltr'><strong>ὗ</strong></span> <span class='ocrx_word' id='word_1_649' title='bbox 2851 4023 3117 4096; x_wconf 85' lang='grc' dir='ltr'>πανάγιος</span> <span class='ocrx_word' id='word_1_650' title='bbox 3169 4024 3266 4076; x_wconf 85' lang='grc' dir='ltr'><strong>τοῦ</strong></span> <span class='ocrx_word' id='word_1_651' title='bbox 3324 4016 3536 4092; x_wconf 85' lang='grc' dir='ltr'>Πατρὸς</span> <span class='ocrx_word' id='word_1_652' title='bbox 3591 4017 3738 4085; x_wconf 73' lang='grc' dir='ltr'>Υἱὸς,</span> 
     </span>
    </p>
   </div>
   <div class='ocr_carea' id='block_1_86' title="bbox 2085 4107 3744 4188">
    <p class='ocr_par' dir='ltr' id='par_1_86' title="bbox 2085 4107 3744 4188">
     <span class='ocr_line' id='line_1_86' title="bbox 2085 4107 3744 4188; baseline -0.007 -16"><span class='ocrx_word' id='word_1_653' title='bbox 2085 4117 2244 4173; x_wconf 85' lang='grc' dir='ltr'>εἰκὼν</span> <span class='ocrx_word' id='word_1_654' title='bbox 2301 4112 2373 4169; x_wconf 84' lang='grc' dir='ltr'><strong>ὣν</strong></span> <span class='ocrx_word' id='word_1_655' title='bbox 2430 4117 2529 4168; x_wconf 86' lang='grc' dir='ltr'><strong>τοῦ</strong></span> <span class='ocrx_word' id='word_1_656' title='bbox 2584 4112 2816 4188; x_wconf 87' lang='grc' dir='ltr'>Πατρὸς,</span> <span class='ocrx_word' id='word_1_657' title='bbox 2847 4111 3175 4188; x_wconf 89' lang='grc' dir='ltr'>παρεγένετο</span> <span class='ocrx_word' id='word_1_658' title='bbox 3235 4108 3323 4165; x_wconf 79' lang='grc' dir='ltr'><strong>ἐπὶ</strong></span> <span class='ocrx_word' id='word_1_659' title='bbox 3375 4108 3503 4170; x_wconf 75' lang='grc' dir='ltr'>τοὺς</span> <span class='ocrx_word' id='word_1_660' title='bbox 3543 4107 3744 4181; x_wconf 75' lang='grc' dir='ltr'>ἡμετέ-</span> 
     </span>
    </p>
   </div>
   <div class='ocr_carea' id='block_1_87' title="bbox 2086 4193 3742 4284">
    <p class='ocr_par' dir='ltr' id='par_1_87' title="bbox 2086 4193 3742 4284">
     <span class='ocr_line' id='line_1_87' title="bbox 2086 4193 3742 4284; baseline -0.007 -23"><span class='ocrx_word' id='word_1_661' title='bbox 2086 4225 2214 4284; x_wconf 89' lang='grc' dir='ltr'>ρους</span> <span class='ocrx_word' id='word_1_662' title='bbox 2246 4206 2325 4277; x_wconf 91' lang='grc'><strong>(8)</strong></span> <span class='ocrx_word' id='word_1_663' title='bbox 2351 4203 2576 4268; x_wconf 82' lang='grc' dir='ltr'>τόπους,</span> <span class='ocrx_word' id='word_1_664' title='bbox 2604 4199 2698 4256; x_wconf 71' lang='grc' dir='ltr'>’ίοα</span> <span class='ocrx_word' id='word_1_665' title='bbox 2727 4202 2817 4255; x_wconf 80' lang='grc' dir='ltr'>τὸν</span> <span class='ocrx_word' id='word_1_666' title='bbox 2863 4201 2979 4255; x_wconf 85' lang='grc' dir='ltr'>κατ’</span> <span class='ocrx_word' id='word_1_667' title='bbox 3024 4199 3183 4255; x_wconf 80' lang='grc' dir='ltr'>αὐτὸν</span> <span class='ocrx_word' id='word_1_668' title='bbox 3233 4198 3605 4270; x_wconf 71' lang='grc' dir='ltr'>πεποιημένον</span> <span class='ocrx_word' id='word_1_669' title='bbox 3650 4193 3742 4250; x_wconf 80' lang='grc' dir='ltr'><strong>ἅν-</strong></span> 
     </span>
    </p>
   </div>
   <div class='ocr_carea' id='block_1_88' title="bbox 2083 4284 3746 4371">
    <p class='ocr_par' dir='ltr' id='par_1_88' title="bbox 2083 4284 3746 4371">
     <span class='ocr_line' id='line_1_88' title="bbox 2083 4284 3746 4371; baseline -0.005 -21"><span class='ocrx_word' id='word_1_670' title='bbox 2083 4298 2299 4371; x_wconf 89' lang='grc' dir='ltr'>θρωπον</span> <span class='ocrx_word' id='word_1_671' title='bbox 2333 4291 2664 4365; x_wconf 74' lang='grc' dir='ltr'>ἀνακαινίσῃ,</span> <span class='ocrx_word' id='word_1_672' title='bbox 2695 4289 2784 4345; x_wconf 82' lang='grc' dir='ltr'><strong>καὶ</strong></span> <span class='ocrx_word' id='word_1_673' title='bbox 2816 4291 2893 4352; x_wconf 87' lang='grc' dir='ltr'>ὡς</span> <span class='ocrx_word' id='word_1_674' title='bbox 2938 4286 3276 4363; x_wconf 86' lang='grc' dir='ltr'>ἀπολόμενον</span> <span class='ocrx_word' id='word_1_675' title='bbox 3329 4288 3458 4363; x_wconf 66' lang='grc' dir='ltr'>εὕρῃ</span> <span class='ocrx_word' id='word_1_676' title='bbox 3509 4284 3598 4343; x_wconf 79' lang='grc' dir='ltr'>διὰ</span> <span class='ocrx_word' id='word_1_677' title='bbox 3643 4292 3746 4355; x_wconf 81' lang='grc' dir='ltr'>τῆς</span> 
     </span>
    </p>
   </div>
   <div class='ocr_carea' id='block_1_89' title="bbox 323 4375 1967 4458">
    <p class='ocr_par' dir='ltr' id='par_1_89' title="bbox 323 4376 1967 4452">
     <span class='ocr_line' id='line_1_89' title="bbox 323 4376 1967 4452; baseline 0 -18"><span class='ocrx_word' id='word_1_678' title='bbox 323 4378 410 4434; x_wconf 87' lang='lat' dir='ltr'><strong>uti</strong></span> <span class='ocrx_word' id='word_1_679' title='bbox 438 4378 566 4452; x_wconf 88' lang='lat' dir='ltr'><strong>ipse</strong></span> <span class='ocrx_word' id='word_1_680' title='bbox 594 4378 655 4433; x_wconf 89' lang='lat' dir='ltr'><strong>in</strong></span> <span class='ocrx_word' id='word_1_681' title='bbox 687 4376 1014 4449; x_wconf 90' lang='lat' dir='ltr'><strong>Evangeliis</strong></span> <span class='ocrx_word' id='word_1_682' title='bbox 1071 4377 1183 4433; x_wconf 91' lang='lat' dir='ltr'><strong>ait:</strong></span> <span class='ocrx_word' id='word_1_683' title='bbox 1248 4377 1378 4433; x_wconf 80' lang='lat' dir='ltr'><strong>Veni</strong></span> <span class='ocrx_word' id='word_1_684' title='bbox 1432 4386 1493 4433; x_wconf 73' lang='lat' dir='ltr'><strong>ut</strong></span> <span class='ocrx_word' id='word_1_685' title='bbox 1547 4381 1701 4450; x_wconf 86' lang='lat' dir='ltr'><strong>quod</strong></span> <span class='ocrx_word' id='word_1_686' title='bbox 1734 4380 1967 4449; x_wconf 70' lang='lat' dir='ltr'><strong>perierat</strong></span> 
     </span>
    </p>
   </div>
   <div class='ocr_carea' id='block_1_90' title="bbox 2082 4375 3745 4458">
    <p class='ocr_par' dir='ltr' id='par_1_90' title="bbox 2083 4375 3745 4458">
     <span class='ocr_line' id='line_1_90' title="bbox 2083 4375 3745 4458; baseline -0.005 -19"><span class='ocrx_word' id='word_1_687' title='bbox 2083 4388 2192 4440; x_wconf 79' lang='grc' dir='ltr'><strong>τῶν</strong></span> <span class='ocrx_word' id='word_1_688' title='bbox 2257 4384 2537 4458; x_wconf 80' lang='grc' dir='ltr'>ἁμαρτιῶν</span> <span class='ocrx_word' id='word_1_689' title='bbox 2591 4375 2850 4458; x_wconf 82' lang='grc' dir='ltr'>ἀφέσεως,</span> <span class='ocrx_word' id='word_1_690' title='bbox 2977 4399 3112 4457; x_wconf 87' lang='grc' dir='ltr'>φησι</span> <span class='ocrx_word' id='word_1_691' title='bbox 3164 4377 3254 4432; x_wconf 81' lang='grc' dir='ltr'><strong>καὶ</strong></span> <span class='ocrx_word' id='word_1_692' title='bbox 3299 4376 3462 4438; x_wconf 81' lang='grc' dir='ltr'>αὐτὸς</span> <span class='ocrx_word' id='word_1_693' title='bbox 3519 4375 3572 4432; x_wconf 76' lang='grc' dir='ltr'>ἐν</span> <span class='ocrx_word' id='word_1_694' title='bbox 3625 4380 3745 4436; x_wconf 87' lang='grc' dir='ltr'>τοῖς</span> 
     </span>
    </p>
   </div>
   <div class='ocr_carea' id='block_1_91' title="bbox 325 4467 1980 4539">
    <p class='ocr_par' dir='ltr' id='par_1_91' title="bbox 325 4467 1980 4539">
     <span class='ocr_line' id='line_1_91' title="bbox 325 4467 1980 4539; baseline -0.001 -15"><span class='ocrx_word' id='word_1_695' title='bbox 325 4469 632 4524; x_wconf 80' lang='lat' dir='ltr'><strong>invenirem</strong></span> <span class='ocrx_word' id='word_1_696' title='bbox 662 4475 714 4524; x_wconf 81' lang='lat' dir='ltr'><strong>et</strong></span> <span class='ocrx_word' id='word_1_697' title='bbox 739 4467 952 4523; x_wconf 79' lang='lat' dir='ltr'><strong>salvum</strong></span> <span class='ocrx_word' id='word_1_698' title='bbox 977 4468 1216 4539; x_wconf 79' lang='lat' dir='ltr'><strong>facerem</strong></span> <span class='ocrx_word' id='word_1_699' title='bbox 1247 4468 1305 4522; x_wconf 70' lang='lat'><strong>&#39;9.</strong></span> <span class='ocrx_word' id='word_1_700' title='bbox 1341 4467 1504 4524; x_wconf 92' lang='lat' dir='ltr'><strong>Unde</strong></span> <span class='ocrx_word' id='word_1_701' title='bbox 1533 4467 1709 4524; x_wconf 89' lang='lat' dir='ltr'><strong>etiam</strong></span> <span class='ocrx_word' id='word_1_702' title='bbox 1761 4469 1832 4525; x_wconf 88' lang='lat' dir='ltr'><strong>ad</strong></span> <span class='ocrx_word' id='word_1_703' title='bbox 1881 4468 1980 4523; x_wconf 88' lang='lat' dir='ltr'><strong>Ju-</strong></span> 
     </span>
    </p>
   </div>
   <div class='ocr_carea' id='block_1_92' title="bbox 330 4556 1976 4628">
    <p class='ocr_par' dir='ltr' id='par_1_92' title="bbox 330 4556 1976 4628">
     <span class='ocr_line' id='line_1_92' title="bbox 330 4556 1976 4628; baseline 0 -14"><span class='ocrx_word' id='word_1_704' title='bbox 330 4558 487 4614; x_wconf 62' lang='lat' dir='ltr'><strong>deos</strong></span> <span class='ocrx_word' id='word_1_705' title='bbox 544 4556 718 4614; x_wconf 84' lang='lat' dir='ltr'><strong>dixit:</strong></span> <span class='ocrx_word' id='word_1_706' title='bbox 778 4557 901 4613; x_wconf 79' lang='lat' dir='ltr'><strong>Nisi</strong></span> <span class='ocrx_word' id='word_1_707' title='bbox 957 4559 1078 4628; x_wconf 77' lang='lat' dir='ltr'><strong>quis</strong></span> <span class='ocrx_word' id='word_1_708' title='bbox 1128 4562 1354 4613; x_wconf 75' lang='lat' dir='ltr'><strong>renatus</strong></span> <span class='ocrx_word' id='word_1_709' title='bbox 1409 4559 1580 4628; x_wconf 79' lang='lat' dir='ltr'><strong>fuerit</strong></span> <span class='ocrx_word' id='word_1_710' title='bbox 1626 4559 1690 4612; x_wconf 79' lang='grc' dir='ltr'><strong>⁵ο.</strong></span> <span class='ocrx_word' id='word_1_711' title='bbox 1752 4557 1976 4623; x_wconf 92' lang='lat' dir='ltr'><strong>Quibus</strong></span> 
     </span>
    </p>
   </div>
   <div class='ocr_carea' id='block_1_93' title="bbox 2084 4463 3743 4549">
    <p class='ocr_par' dir='ltr' id='par_1_93' title="bbox 2084 4463 3743 4549">
     <span class='ocr_line' id='line_1_93' title="bbox 2084 4463 3743 4549; baseline -0.007 -20"><span class='ocrx_word' id='word_1_712' title='bbox 2084 4470 2448 4549; x_wconf 81' lang='grc' dir='ltr'>Εὐαγγελίοις</span> <span class='ocrx_word' id='word_1_713' title='bbox 2485 4489 2497 4503; x_wconf 82' lang='lat'><strong><em>°</em></strong></span> <span class='ocrx_word' id='word_1_714' title='bbox 2558 4467 2760 4524; x_wconf 87' lang='grc' dir='ltr'>Ἦλθον</span> <span class='ocrx_word' id='word_1_715' title='bbox 2836 4466 2899 4522; x_wconf 81' lang='grc' dir='ltr'>τὸ</span> <span class='ocrx_word' id='word_1_716' title='bbox 2978 4465 3319 4541; x_wconf 87' lang='grc' dir='ltr'>ἀπολόμενον</span> <span class='ocrx_word' id='word_1_717' title='bbox 3403 4467 3574 4541; x_wconf 80' lang='grc' dir='ltr'>εὑρεῖν</span> <span class='ocrx_word' id='word_1_718' title='bbox 3652 4463 3743 4518; x_wconf 83' lang='grc' dir='ltr'><strong>καὶ</strong></span> 
     </span>
    </p>
   </div>
   <div class='ocr_carea' id='block_1_94' title="bbox 2087 4551 3740 4634">
    <p class='ocr_par' dir='ltr' id='par_1_94' title="bbox 2087 4551 3740 4634">
     <span class='ocr_line' id='line_1_94' title="bbox 2087 4551 3740 4634; baseline -0.007 -16"><span class='ocrx_word' id='word_1_719' title='bbox 2087 4567 2280 4619; x_wconf 83' lang='grc' dir='ltr'>σῶσαι.</span> <span class='ocrx_word' id='word_1_720' title='bbox 2319 4562 2472 4615; x_wconf 88' lang='grc' dir='ltr'>Ὅθεν</span> <span class='ocrx_word' id='word_1_721' title='bbox 2526 4559 2616 4614; x_wconf 83' lang='grc' dir='ltr'><strong>καὶ</strong></span> <span class='ocrx_word' id='word_1_722' title='bbox 2669 4559 2806 4634; x_wconf 87' lang='grc' dir='ltr'>πρὸς</span> <span class='ocrx_word' id='word_1_723' title='bbox 2856 4557 2985 4620; x_wconf 79' lang='grc' dir='ltr'>τοὺς</span> <span class='ocrx_word' id='word_1_724' title='bbox 3035 4554 3334 4619; x_wconf 84' lang='grc' dir='ltr'>Ἰουδαίους</span> <span class='ocrx_word' id='word_1_725' title='bbox 3383 4559 3460 4630; x_wconf 88' lang='grc'><strong>(9)</strong></span> <span class='ocrx_word' id='word_1_726' title='bbox 3511 4551 3696 4629; x_wconf 78' lang='grc' dir='ltr'>ἔλεγεν</span> <span class='ocrx_word' id='word_1_727' title='bbox 3728 4570 3740 4585; x_wconf 77' lang='grc'><strong><em>⁸</em></strong></span> 
     </span>
    </p>
   </div>
   <div class='ocr_carea' id='block_1_95' title="bbox 320 4644 1967 4729">
    <p class='ocr_par' dir='ltr' id='par_1_95' title="bbox 320 4645 1967 4720">
     <span class='ocr_line' id='line_1_95' title="bbox 320 4645 1967 4720; baseline 0.001 -17"><span class='ocrx_word' id='word_1_728' title='bbox 320 4647 515 4703; x_wconf 86' lang='lat' dir='ltr'><strong>verbis</strong></span> <span class='ocrx_word' id='word_1_729' title='bbox 547 4663 662 4704; x_wconf 91' lang='lat' dir='ltr'><strong>non</strong></span> <span class='ocrx_word' id='word_1_730' title='bbox 693 4646 1156 4719; x_wconf 90' lang='lat' dir='ltr'><strong>procreationem</strong></span> <span class='ocrx_word' id='word_1_731' title='bbox 1187 4664 1257 4704; x_wconf 85' lang='lat' dir='ltr'><strong>ex</strong></span> <span class='ocrx_word' id='word_1_732' title='bbox 1288 4645 1636 4704; x_wconf 89' lang='lat' dir='ltr'><strong>mulieribus</strong></span> <span class='ocrx_word' id='word_1_733' title='bbox 1678 4647 1967 4720; x_wconf 89' lang='lat' dir='ltr'><strong>signiﬁca-</strong></span> 
     </span>
    </p>
   </div>
   <div class='ocr_carea' id='block_1_96' title="bbox 2082 4644 3742 4729">
    <p class='ocr_par' dir='ltr' id='par_1_96' title="bbox 2083 4644 3742 4725">
     <span class='ocr_line' id='line_1_96' title="bbox 2083 4644 3742 4725; baseline -0.007 -17"><span class='ocrx_word' id='word_1_734' title='bbox 2083 4652 2205 4708; x_wconf 71' lang='grc' dir='ltr'><strong>Ἐὰν</strong></span> <span class='ocrx_word' id='word_1_735' title='bbox 2243 4652 2319 4725; x_wconf 83' lang='grc' dir='ltr'>μή</span> <span class='ocrx_word' id='word_1_736' title='bbox 2353 4671 2437 4712; x_wconf 90' lang='grc' dir='ltr'><strong>τις</strong></span> <span class='ocrx_word' id='word_1_737' title='bbox 2470 4648 2806 4723; x_wconf 78' lang='grc' dir='ltr'>ἀναγεννηθῇ</span> <span class='ocrx_word' id='word_1_738' title='bbox 2842 4666 2855 4682; x_wconf 73' lang='grc' dir='ltr'><strong>ο</strong></span> <span class='ocrx_word' id='word_1_739' title='bbox 2890 4645 2951 4701; x_wconf 79' lang='grc' dir='ltr'>οὗ</span> <span class='ocrx_word' id='word_1_740' title='bbox 2981 4647 3080 4716; x_wconf 74' lang='grc' dir='ltr'>τὴν</span> <span class='ocrx_word' id='word_1_741' title='bbox 3123 4645 3183 4702; x_wconf 82' lang='grc' dir='ltr'><strong>ἐκ</strong></span> <span class='ocrx_word' id='word_1_742' title='bbox 3228 4648 3496 4721; x_wconf 83' lang='grc' dir='ltr'>γυναικῶν</span> <span class='ocrx_word' id='word_1_743' title='bbox 3543 4644 3742 4719; x_wconf 86' lang='grc' dir='ltr'>γέννη-</span> 
     </span>
    </p>
   </div>
   <div class='ocr_carea' id='block_1_97' title="bbox 318 4735 1972 4809">
    <p class='ocr_par' dir='ltr' id='par_1_97' title="bbox 318 4735 1972 4809">
     <span class='ocr_line' id='line_1_97' title="bbox 318 4735 1972 4809; baseline -0.001 -16"><span class='ocrx_word' id='word_1_744' title='bbox 318 4736 441 4806; x_wconf 90' lang='lat' dir='ltr'><strong>bat,</strong></span> <span class='ocrx_word' id='word_1_745' title='bbox 473 4741 538 4791; x_wconf 92' lang='lat' dir='ltr'><strong>ut</strong></span> <span class='ocrx_word' id='word_1_746' title='bbox 567 4735 650 4791; x_wconf 90' lang='lat' dir='ltr'><strong>illi</strong></span> <span class='ocrx_word' id='word_1_747' title='bbox 684 4735 923 4808; x_wconf 87' lang='lat' dir='ltr'><strong>quidem</strong></span> <span class='ocrx_word' id='word_1_748' title='bbox 982 4736 1476 4809; x_wconf 89' lang='lat' dir='ltr'><strong>suspicabantur;</strong></span> <span class='ocrx_word' id='word_1_749' title='bbox 1528 4737 1631 4792; x_wconf 92' lang='lat' dir='ltr'><strong>sed</strong></span> <span class='ocrx_word' id='word_1_750' title='bbox 1689 4737 1972 4808; x_wconf 88' lang='lat' dir='ltr'><strong>animam,</strong></span> 
     </span>
    </p>
   </div>
   <div class='ocr_carea' id='block_1_98' title="bbox 321 4824 1971 4898">
    <p class='ocr_par' dir='ltr' id='par_1_98' title="bbox 321 4824 1971 4898">
     <span class='ocr_line' id='line_1_98' title="bbox 321 4824 1971 4898; baseline 0 -18"><span class='ocrx_word' id='word_1_751' title='bbox 321 4831 613 4898; x_wconf 88' lang='lat' dir='ltr'><strong>quatenus</strong></span> <span class='ocrx_word' id='word_1_752' title='bbox 645 4824 716 4880; x_wconf 92' lang='lat' dir='ltr'><strong>ad</strong></span> <span class='ocrx_word' id='word_1_753' title='bbox 746 4824 1066 4898; x_wconf 87' lang='lat' dir='ltr'><strong>imaginem</strong></span> <span class='ocrx_word' id='word_1_754' title='bbox 1098 4824 1196 4880; x_wconf 91' lang='lat' dir='ltr'><strong>Dei</strong></span> <span class='ocrx_word' id='word_1_755' title='bbox 1232 4824 1561 4880; x_wconf 89' lang='lat' dir='ltr'><strong>renascitur</strong></span> <span class='ocrx_word' id='word_1_756' title='bbox 1589 4830 1648 4882; x_wconf 88' lang='lat' dir='ltr'><strong>et</strong></span> <span class='ocrx_word' id='word_1_757' title='bbox 1689 4825 1971 4893; x_wconf 87' lang='lat' dir='ltr'><strong>reﬁcitur,</strong></span> 
     </span>
    </p>
   </div>
   <div class='ocr_carea' id='block_1_99' title="bbox 321 4912 1973 4986">
    <p class='ocr_par' dir='ltr' id='par_1_99' title="bbox 321 4912 1973 4986">
     <span class='ocr_line' id='line_1_99' title="bbox 321 4912 1973 4986; baseline 0 -16"><span class='ocrx_word' id='word_1_758' title='bbox 321 4915 658 4971; x_wconf 87' lang='lat' dir='ltr'><strong>denotabat.</strong></span> <span class='ocrx_word' id='word_1_759' title='bbox 695 4914 894 4986; x_wconf 89' lang='lat' dir='ltr'><strong>Itaque</strong></span> <span class='ocrx_word' id='word_1_760' title='bbox 925 4912 1257 4970; x_wconf 88' lang='lat' dir='ltr'><strong>idololatria</strong></span> <span class='ocrx_word' id='word_1_761' title='bbox 1286 4919 1344 4969; x_wconf 90' lang='lat' dir='ltr'><strong>et</strong></span> <span class='ocrx_word' id='word_1_762' title='bbox 1395 4915 1696 4986; x_wconf 88' lang='lat' dir='ltr'><strong>impietate</strong></span> <span class='ocrx_word' id='word_1_763' title='bbox 1742 4915 1973 4970; x_wconf 85' lang='lat' dir='ltr'><strong>univer-</strong></span> 
     </span>
    </p>
   </div>
   <div class='ocr_carea' id='block_1_100' title="bbox 326 5002 1977 5078">
    <p class='ocr_par' dir='ltr' id='par_1_100' title="bbox 326 5002 1977 5078">
     <span class='ocr_line' id='line_1_100' title="bbox 326 5002 1977 5078; baseline 0 -18"><span class='ocrx_word' id='word_1_764' title='bbox 326 5021 459 5060; x_wconf 82' lang='lat' dir='ltr'><strong>sum</strong></span> <span class='ocrx_word' id='word_1_765' title='bbox 491 5007 781 5060; x_wconf 90' lang='lat' dir='ltr'><strong>terrarum</strong></span> <span class='ocrx_word' id='word_1_766' title='bbox 813 5003 1014 5059; x_wconf 90' lang='lat' dir='ltr'><strong>orbem</strong></span> <span class='ocrx_word' id='word_1_767' title='bbox 1047 5007 1386 5075; x_wconf 87' lang='lat' dir='ltr'><strong>occupante,</strong></span> <span class='ocrx_word' id='word_1_768' title='bbox 1418 5007 1476 5060; x_wconf 93' lang='lat' dir='ltr'><strong>et</strong></span> <span class='ocrx_word' id='word_1_769' title='bbox 1501 5003 1602 5060; x_wconf 90' lang='lat' dir='ltr'><strong>Dei</strong></span> <span class='ocrx_word' id='word_1_770' title='bbox 1647 5002 1977 5078; x_wconf 89' lang='lat' dir='ltr'><strong>cognitione</strong></span> 
     </span>
    </p>
   </div>
   <div class='ocr_carea' id='block_1_101' title="bbox 397 5091 1346 5164">
    <p class='ocr_par' dir='ltr' id='par_1_101' title="bbox 397 5091 1346 5164">
     <span class='ocr_line' id='line_1_101' title="bbox 397 5091 1346 5164; baseline -0.003 -15"><span class='ocrx_word' id='word_1_771' title='bbox 397 5093 442 5129; x_wconf 67' lang='lat'><strong>5°</strong></span> <span class='ocrx_word' id='word_1_772' title='bbox 472 5094 610 5149; x_wconf 90' lang='lat' dir='ltr'><strong>Luc.</strong></span> <span class='ocrx_word' id='word_1_773' title='bbox 642 5110 757 5164; x_wconf 69' lang='lat' dir='ltr'><strong>xxx,</strong></span> <span class='ocrx_word' id='word_1_774' title='bbox 789 5094 876 5148; x_wconf 92' lang='grc'><strong>10.</strong></span> <span class='ocrx_word' id='word_1_775' title='bbox 909 5093 955 5127; x_wconf 81' lang='grc'><strong>⁶⁰</strong></span> <span class='ocrx_word' id='word_1_776' title='bbox 977 5091 1145 5149; x_wconf 82' lang='lat' dir='ltr'><strong>Joan.</strong></span> <span class='ocrx_word' id='word_1_777' title='bbox 1175 5109 1264 5160; x_wconf 84' lang='lat' dir='ltr'><strong>III,</strong></span> <span class='ocrx_word' id='word_1_778' title='bbox 1293 5093 1346 5147; x_wconf 88' lang='lat'><strong>5-</strong></span> 
     </span>
    </p>
   </div>
   <div class='ocr_carea' id='block_1_102' title="bbox 399 5179 1973 5255">
    <p class='ocr_par' dir='ltr' id='par_1_102' title="bbox 399 5179 1973 5255">
     <span class='ocr_line' id='line_1_102' title="bbox 399 5179 1973 5255; baseline 0.001 -16"><span class='ocrx_word' id='word_1_779' title='bbox 399 5185 479 5255; x_wconf 74' lang='grc'><strong>(4)</strong></span> <span class='ocrx_word' id='word_1_780' title='bbox 510 5180 669 5236; x_wconf 78' lang='grc' dir='ltr'>Αἰτίαι</span> <span class='ocrx_word' id='word_1_781' title='bbox 700 5183 866 5238; x_wconf 88' lang='lat' dir='ltr'><strong>abest</strong></span> <span class='ocrx_word' id='word_1_782' title='bbox 891 5196 925 5236; x_wconf 92' lang='lat' dir='ltr'><strong>a</strong></span> <span class='ocrx_word' id='word_1_783' title='bbox 956 5180 1185 5255; x_wconf 85' lang='lat' dir='ltr'><strong>Gobler.</strong></span> <span class='ocrx_word' id='word_1_784' title='bbox 1220 5185 1277 5236; x_wconf 93' lang='lat' dir='ltr'><strong>et</strong></span> <span class='ocrx_word' id='word_1_785' title='bbox 1306 5179 1559 5255; x_wconf 77' lang='lat' dir='ltr'><strong>Felekm.</strong></span> <span class='ocrx_word' id='word_1_786' title='bbox 1593 5183 1630 5255; x_wconf 75' lang='lat' dir='ltr'><strong>i_</strong></span> <span class='ocrx_word' id='word_1_787' title='bbox 1644 5199 1973 5255; x_wconf 80' lang='lat' dir='ltr'><strong>anonymo:</strong></span> 
     </span>
    </p>
   </div>
   <div class='ocr_carea' id='block_1_103' title="bbox 323 5253 1825 5328">
    <p class='ocr_par' dir='ltr' id='par_1_103' title="bbox 323 5253 1825 5328">
     <span class='ocr_line' id='line_1_103' title="bbox 323 5253 1825 5328; baseline -0.003 -16"><span class='ocrx_word' id='word_1_788' title='bbox 323 5253 478 5328; x_wconf 84' lang='lat' dir='ltr'><strong>quod</strong></span> <span class='ocrx_word' id='word_1_789' title='bbox 511 5255 727 5328; x_wconf 84' lang='lat' dir='ltr'><strong>recenti</strong></span> <span class='ocrx_word' id='word_1_790' title='bbox 759 5271 937 5328; x_wconf 84' lang='lat' dir='ltr'><strong>manu</strong></span> <span class='ocrx_word' id='word_1_791' title='bbox 973 5253 1239 5328; x_wconf 72' lang='lat' dir='ltr'><strong>additum</strong></span> <span class='ocrx_word' id='word_1_792' title='bbox 1264 5257 1363 5328; x_wconf 74' lang='lat' dir='ltr'><strong>est</strong></span> <span class='ocrx_word' id='word_1_793' title='bbox 1402 5253 1462 5328; x_wconf 87' lang='lat' dir='ltr'><strong>in</strong></span> <span class='ocrx_word' id='word_1_794' title='bbox 1485 5253 1825 5328; x_wconf 75' lang='lat' dir='ltr'><strong>Anglicano.</strong></span> 
     </span>
    </p>
   </div>
   <div class='ocr_carea' id='block_1_104' title="bbox 393 5323 1972 5399">
    <p class='ocr_par' dir='ltr' id='par_1_104' title="bbox 393 5323 1972 5399">
     <span class='ocr_line' id='line_1_104' title="bbox 393 5323 1972 5399; baseline 0 -17"><span class='ocrx_word' id='word_1_795' title='bbox 393 5329 470 5399; x_wconf 89' lang='grc'><strong>(5)</strong></span> <span class='ocrx_word' id='word_1_796' title='bbox 500 5328 582 5382; x_wconf 82' lang='lat' dir='ltr'><strong>Ad</strong></span> <span class='ocrx_word' id='word_1_797' title='bbox 618 5326 774 5382; x_wconf 88' lang='lat' dir='ltr'><strong>hunc</strong></span> <span class='ocrx_word' id='word_1_798' title='bbox 803 5325 1019 5399; x_wconf 73' lang='lat' dir='ltr'><strong>locum,</strong></span> <span class='ocrx_word' id='word_1_799' title='bbox 1052 5325 1111 5399; x_wconf 82' lang='lat' dir='ltr'><strong>in</strong></span> <span class='ocrx_word' id='word_1_800' title='bbox 1145 5323 1320 5399; x_wconf 65' lang='lat' dir='ltr'><strong>Basil.</strong></span> <span class='ocrx_word' id='word_1_801' title='bbox 1356 5327 1493 5399; x_wconf 86' lang='lat' dir='ltr'><strong>cod._</strong></span> <span class='ocrx_word' id='word_1_802' title='bbox 1535 5323 1656 5399; x_wconf 62' lang='lat' dir='ltr'><strong>haec</strong></span> <span class='ocrx_word' id='word_1_803' title='bbox 1683 5331 1841 5399; x_wconf 12' lang='lat' dir='ltr'><strong>gnota</strong></span> <span class='ocrx_word' id='word_1_804' title='bbox 1872 5324 1972 5399; x_wconf 86' lang='lat' dir='ltr'><strong>_le-</strong></span> 
     </span>
    </p>
   </div>
   <div class='ocr_carea' id='block_1_105' title="bbox 321 5391 1972 5472">
    <p class='ocr_par' dir='ltr' id='par_1_105' title="bbox 321 5391 1972 5472">
     <span class='ocr_line' id='line_1_105' title="bbox 321 5391 1972 5472; baseline -0.002 -19"><span class='ocrx_word' id='word_1_805' title='bbox 321 5391 508 5472; x_wconf 66' lang='lat' dir='ltr'><strong>gitur;</strong></span> <span class='ocrx_word' id='word_1_806' title='bbox 564 5400 844 5472; x_wconf 74' lang='grc' dir='ltr'>Σήμανον,</span> <span class='ocrx_word' id='word_1_807' title='bbox 896 5391 1015 5472; x_wconf 27' lang='lat' dir='ltr'><strong>iii“,</strong></span> <span class='ocrx_word' id='word_1_808' title='bbox 1047 5392 1380 5472; x_wconf 51' lang='lat' dir='ltr'><strong>otéiy-{slm</strong></span> <span class='ocrx_word' id='word_1_809' title='bbox 1440 5395 1549 5472; x_wconf 75' lang='grc' dir='ltr'><strong>οὐκ</strong></span> <span class='ocrx_word' id='word_1_810' title='bbox 1597 5395 1726 5450; x_wconf 78' lang='grc' dir='ltr'>εἰσίν</span> <span class='ocrx_word' id='word_1_811' title='bbox 1771 5395 1972 5472; x_wconf 77' lang='grc' dir='ltr'>εἰκόνες</span> 
     </span>
    </p>
   </div>
   <div class='ocr_carea' id='block_1_106' title="bbox 323 5468 1974 5540">
    <p class='ocr_par' dir='ltr' id='par_1_106' title="bbox 323 5468 1974 5540">
     <span class='ocr_line' id='line_1_106' title="bbox 323 5468 1974 5540; baseline 0.002 -17"><span class='ocrx_word' id='word_1_812' title='bbox 323 5468 478 5524; x_wconf 77' lang='grc' dir='ltr'>Θεοῦ.</span> <span class='ocrx_word' id='word_1_813' title='bbox 511 5472 616 5524; x_wconf 89' lang='lat' dir='ltr'><strong>Sed</strong></span> <span class='ocrx_word' id='word_1_814' title='bbox 650 5468 870 5524; x_wconf 82' lang='lat' dir='ltr'><strong>fallitur</strong></span> <span class='ocrx_word' id='word_1_815' title='bbox 893 5468 992 5523; x_wconf 91' lang='lat' dir='ltr'><strong>ille</strong></span> <span class='ocrx_word' id='word_1_816' title='bbox 1021 5468 1290 5540; x_wconf 86' lang='lat' dir='ltr'><strong>scriptor,</strong></span> <span class='ocrx_word' id='word_1_817' title='bbox 1324 5485 1459 5524; x_wconf 85' lang='lat' dir='ltr'><strong>nam</strong></span> <span class='ocrx_word' id='word_1_818' title='bbox 1495 5469 1587 5524; x_wconf 88' lang='lat' dir='ltr'><strong>hic</strong></span> <span class='ocrx_word' id='word_1_819' title='bbox 1616 5474 1846 5526; x_wconf 89' lang='lat' dir='ltr'><strong>tantum</strong></span> <span class='ocrx_word' id='word_1_820' title='bbox 1871 5471 1974 5526; x_wconf 90' lang='lat' dir='ltr'><strong>do-</strong></span> 
     </span>
    </p>
   </div>
   <div class='ocr_carea' id='block_1_107' title="bbox 326 5539 1974 5614">
    <p class='ocr_par' dir='ltr' id='par_1_107' title="bbox 326 5539 1974 5614">
     <span class='ocr_line' id='line_1_107' title="bbox 326 5539 1974 5614; baseline 0.001 -17"><span class='ocrx_word' id='word_1_821' title='bbox 326 5545 481 5598; x_wconf 87' lang='lat' dir='ltr'><strong>cetS.</strong></span> <span class='ocrx_word' id='word_1_822' title='bbox 507 5541 862 5596; x_wconf 85' lang='lat' dir='ltr'><strong>Athanasius</strong></span> <span class='ocrx_word' id='word_1_823' title='bbox 886 5539 1126 5612; x_wconf 82' lang='lat' dir='ltr'><strong>angelos</strong></span> <span class='ocrx_word' id='word_1_824' title='bbox 1140 5539 1254 5596; x_wconf 83' lang='lat' dir='ltr'><strong>non</strong></span> <span class='ocrx_word' id='word_1_825' title='bbox 1279 5557 1407 5596; x_wconf 90' lang='lat' dir='ltr'><strong>esse</strong></span> <span class='ocrx_word' id='word_1_826' title='bbox 1430 5541 1717 5614; x_wconf 88' lang='lat' dir='ltr'><strong>imagines</strong></span> <span class='ocrx_word' id='word_1_827' title='bbox 1740 5543 1810 5598; x_wconf 90' lang='lat' dir='ltr'><strong>ad</strong></span> <span class='ocrx_word' id='word_1_828' title='bbox 1826 5559 1974 5614; x_wconf 91' lang='lat' dir='ltr'><strong>quas</strong></span> 
     </span>
    </p>
   </div>
   <div class='ocr_carea' id='block_1_108' title="bbox 332 5613 1973 5687">
    <p class='ocr_par' dir='ltr' id='par_1_108' title="bbox 332 5613 1973 5687">
     <span class='ocr_line' id='line_1_108' title="bbox 332 5613 1973 5687; baseline -0.001 -17"><span class='ocrx_word' id='word_1_829' title='bbox 332 5614 508 5670; x_wconf 91' lang='lat' dir='ltr'><strong>homo</strong></span> <span class='ocrx_word' id='word_1_830' title='bbox 541 5614 729 5667; x_wconf 88' lang='lat' dir='ltr'><strong>factus</strong></span> <span class='ocrx_word' id='word_1_831' title='bbox 758 5617 866 5680; x_wconf 87' lang='lat' dir='ltr'><strong>est,</strong></span> <span class='ocrx_word' id='word_1_832' title='bbox 901 5629 1016 5667; x_wconf 88' lang='lat' dir='ltr'><strong>non</strong></span> <span class='ocrx_word' id='word_1_833' title='bbox 1047 5617 1243 5668; x_wconf 89' lang='lat' dir='ltr'><strong>autem</strong></span> <span class='ocrx_word' id='word_1_834' title='bbox 1279 5629 1392 5668; x_wconf 89' lang='lat' dir='ltr'><strong>non</strong></span> <span class='ocrx_word' id='word_1_835' title='bbox 1434 5630 1562 5669; x_wconf 90' lang='lat' dir='ltr'><strong>csse</strong></span> <span class='ocrx_word' id='word_1_836' title='bbox 1609 5613 1710 5669; x_wconf 90' lang='lat' dir='ltr'><strong>Dei</strong></span> <span class='ocrx_word' id='word_1_837' title='bbox 1766 5613 1973 5687; x_wconf 89' lang='lat' dir='ltr'><strong>imagi-</strong></span> 
     </span>
    </p>
   </div>
   <div class='ocr_carea' id='block_1_109' title="bbox 329 5703 454 5742">
    <p class='ocr_par' dir='ltr' id='par_1_109' title="bbox 329 5703 454 5742">
     <span class='ocr_line' id='line_1_109' title="bbox 329 5703 454 5742; baseline -0.008 -2"><span class='ocrx_word' id='word_1_838' title='bbox 329 5703 454 5742; x_wconf 90' lang='lat' dir='ltr'><strong>nes.</strong></span> 
     </span>
    </p>
   </div>
   <div class='ocr_carea' id='block_1_110' title="bbox 398 5754 1971 5835">
    <p class='ocr_par' dir='ltr' id='par_1_110' title="bbox 398 5754 1971 5835">
     <span class='ocr_line' id='line_1_110' title="bbox 398 5754 1971 5835; baseline 0.003 -22"><span class='ocrx_word' id='word_1_839' title='bbox 398 5758 478 5831; x_wconf 85' lang='lat'><strong>(6)</strong></span> <span class='ocrx_word' id='word_1_840' title='bbox 510 5755 615 5813; x_wconf 77' lang='lat' dir='ltr'><strong>Hie</strong></span> <span class='ocrx_word' id='word_1_841' title='bbox 642 5754 805 5812; x_wconf 85' lang='lat' dir='ltr'><strong>locus</strong></span> <span class='ocrx_word' id='word_1_842' title='bbox 843 5754 1091 5812; x_wconf 82' lang='lat' dir='ltr'><strong>refertur</strong></span> <span class='ocrx_word' id='word_1_843' title='bbox 1115 5755 1189 5812; x_wconf 90' lang='lat' dir='ltr'><strong>ab</strong></span> <span class='ocrx_word' id='word_1_844' title='bbox 1219 5754 1474 5814; x_wconf 84' lang='lat' dir='ltr'><strong>Adriano</strong></span> <span class='ocrx_word' id='word_1_845' title='bbox 1504 5772 1656 5831; x_wconf 89' lang='lat' dir='ltr'><strong>papa</strong></span> <span class='ocrx_word' id='word_1_846' title='bbox 1685 5757 1858 5835; x_wconf 86' lang='lat' dir='ltr'><strong>epist,</strong></span> <span class='ocrx_word' id='word_1_847' title='bbox 1899 5760 1971 5816; x_wconf 90' lang='lat' dir='ltr'><strong>ad</strong></span> 
     </span>
    </p>
   </div>
   <div class='ocr_carea' id='block_1_111' title="bbox 2087 4731 3742 4814">
    <p class='ocr_par' dir='ltr' id='par_1_111' title="bbox 2087 4731 3742 4814">
     <span class='ocr_line' id='line_1_111' title="bbox 2087 4731 3742 4814; baseline -0.007 -18"><span class='ocrx_word' id='word_1_848' title='bbox 2087 4762 2167 4796; x_wconf 89' lang='grc' dir='ltr'><strong>σιν</strong></span> <span class='ocrx_word' id='word_1_849' title='bbox 2229 4739 2532 4814; x_wconf 87' lang='grc' dir='ltr'>σημαίνων,</span> <span class='ocrx_word' id='word_1_850' title='bbox 2587 4736 2768 4813; x_wconf 81' lang='grc' dir='ltr'>ὥσπερ</span> <span class='ocrx_word' id='word_1_851' title='bbox 2828 4735 3084 4792; x_wconf 79' lang='grc' dir='ltr'>ὑπενόουν</span> <span class='ocrx_word' id='word_1_852' title='bbox 3145 4734 3363 4808; x_wconf 79' lang='grc' dir='ltr'>ἐκεῖνοι,</span> <span class='ocrx_word' id='word_1_853' title='bbox 3422 4731 3569 4789; x_wconf 73' lang='grc' dir='ltr'>ἀλλὰ</span> <span class='ocrx_word' id='word_1_854' title='bbox 3641 4733 3742 4801; x_wconf 72' lang='grc' dir='ltr'>τήν</span> 
     </span>
    </p>
   </div>
   <div class='ocr_carea' id='block_1_112' title="bbox 2085 4822 3745 4905">
    <p class='ocr_par' dir='ltr' id='par_1_112' title="bbox 2085 4822 3745 4905">
     <span class='ocr_line' id='line_1_112' title="bbox 2085 4822 3745 4905; baseline -0.005 -19"><span class='ocrx_word' id='word_1_855' title='bbox 2085 4829 2536 4905; x_wconf 71' lang='grc' dir='ltr'>ἀναγεννωμένην</span> <span class='ocrx_word' id='word_1_856' title='bbox 2569 4825 2658 4881; x_wconf 77' lang='grc' dir='ltr'><strong>καὶ</strong></span> <span class='ocrx_word' id='word_1_857' title='bbox 2709 4827 3136 4899; x_wconf 83' lang='grc' dir='ltr'>ἀνακτιζομένην</span> <span class='ocrx_word' id='word_1_858' title='bbox 3171 4826 3359 4901; x_wconf 72' lang='grc' dir='ltr'>ψυχὴν</span> <span class='ocrx_word' id='word_1_859' title='bbox 3405 4822 3457 4879; x_wconf 84' lang='grc' dir='ltr'>ἐν</span> <span class='ocrx_word' id='word_1_860' title='bbox 3502 4827 3581 4895; x_wconf 79' lang='grc' dir='ltr'><strong>τῷ</strong></span> <span class='ocrx_word' id='word_1_861' title='bbox 3627 4822 3745 4877; x_wconf 86' lang='grc' dir='ltr'>κατ’</span> 
     </span>
    </p>
   </div>
   <div class='ocr_carea' id='block_1_113' title="bbox 2089 4908 3746 4988">
    <p class='ocr_par' dir='ltr' id='par_1_113' title="bbox 2089 4908 3746 4988">
     <span class='ocr_line' id='line_1_113' title="bbox 2089 4908 3746 4988; baseline -0.005 -14"><span class='ocrx_word' id='word_1_862' title='bbox 2089 4918 2271 4974; x_wconf 77' lang='grc' dir='ltr'>εἰκόνα</span> <span class='ocrx_word' id='word_1_863' title='bbox 2300 4915 2509 4987; x_wconf 81' lang='grc' dir='ltr'>δηλῶν.</span> <span class='ocrx_word' id='word_1_864' title='bbox 2542 4911 2765 4983; x_wconf 74' lang='grc' dir='ltr'>Ἐπειδὴ</span> <span class='ocrx_word' id='word_1_865' title='bbox 2809 4911 2867 4968; x_wconf 77' lang='grc' dir='ltr'>δὲ</span> <span class='ocrx_word' id='word_1_866' title='bbox 2913 4913 3004 4969; x_wconf 86' lang='grc' dir='ltr'><strong>καὶ</strong></span> <span class='ocrx_word' id='word_1_867' title='bbox 3038 4911 3410 4988; x_wconf 87' lang='grc' dir='ltr'>εἰδωλομανία</span> <span class='ocrx_word' id='word_1_868' title='bbox 3453 4911 3545 4968; x_wconf 87' lang='grc' dir='ltr'><strong>καὶ</strong></span> <span class='ocrx_word' id='word_1_869' title='bbox 3586 4908 3746 4966; x_wconf 84' lang='grc' dir='ltr'>ἀθεό-</span> 
     </span>
    </p>
   </div>
   <div class='ocr_carea' id='block_1_114' title="bbox 2084 5003 3748 5082">
    <p class='ocr_par' dir='ltr' id='par_1_114' title="bbox 2084 5003 3748 5082">
     <span class='ocr_line' id='line_1_114' title="bbox 2084 5003 3748 5082; baseline -0.007 -17"><span class='ocrx_word' id='word_1_870' title='bbox 2084 5029 2186 5081; x_wconf 91' lang='grc' dir='ltr'><strong>της</strong></span> <span class='ocrx_word' id='word_1_871' title='bbox 2215 5011 2440 5082; x_wconf 84' lang='grc' dir='ltr'>κατεῖχε</span> <span class='ocrx_word' id='word_1_872' title='bbox 2470 5007 2572 5076; x_wconf 78' lang='grc' dir='ltr'>τὴν</span> <span class='ocrx_word' id='word_1_873' title='bbox 2621 5003 2970 5078; x_wconf 82' lang='grc' dir='ltr'>οἰκουμένην,</span> <span class='ocrx_word' id='word_1_874' title='bbox 3000 5004 3090 5059; x_wconf 85' lang='grc' dir='ltr'><strong>καὶ</strong></span> <span class='ocrx_word' id='word_1_875' title='bbox 3119 5005 3156 5074; x_wconf 82' lang='grc' dir='ltr'><strong>ἡ</strong></span> <span class='ocrx_word' id='word_1_876' title='bbox 3186 5003 3312 5080; x_wconf 86' lang='grc' dir='ltr'>περὶ</span> <span class='ocrx_word' id='word_1_877' title='bbox 3363 5005 3501 5059; x_wconf 88' lang='grc' dir='ltr'>Θεοῦ</span> <span class='ocrx_word' id='word_1_878' title='bbox 3547 5004 3748 5077; x_wconf 82' lang='grc' dir='ltr'>γνῶσις</span> 
     </span>
    </p>
   </div>
   <div class='ocr_carea' id='block_1_115' title="bbox 2087 5182 3744 5268">
    <p class='ocr_par' dir='ltr' id='par_1_115' title="bbox 2087 5182 3744 5268">
     <span class='ocr_line' id='line_1_115' title="bbox 2087 5182 3744 5268; baseline -0.005 -24"><span class='ocrx_word' id='word_1_879' title='bbox 2087 5185 2506 5268; x_wconf 69' lang='lat' dir='ltr'><strong>genstantium</strong></span> <span class='ocrx_word' id='word_1_880' title='bbox 2533 5189 2591 5242; x_wconf 91' lang='lat' dir='ltr'><strong>et</strong></span> <span class='ocrx_word' id='word_1_881' title='bbox 2622 5185 2869 5268; x_wconf 79' lang='lat' dir='ltr'><strong>Irepem,</strong></span> <span class='ocrx_word' id='word_1_882' title='bbox 2902 5185 3108 5268; x_wconf 60' lang='lat' dir='ltr'><strong>synod:</strong></span> <span class='ocrx_word' id='word_1_883' title='bbox 3140 5201 3224 5240; x_wconf 83' lang='lat' dir='ltr'><strong>vn</strong></span> <span class='ocrx_word' id='word_1_884' title='bbox 3253 5198 3573 5268; x_wconf 44' lang='lat' dir='ltr'><strong>(petimen...</strong></span> <span class='ocrx_word' id='word_1_885' title='bbox 3629 5182 3744 5268; x_wconf 68' lang='lat' dir='ltr'><strong>act.</strong></span> 
     </span>
    </p>
   </div>
   <div class='ocr_carea' id='block_1_116' title="bbox 2084 5254 3752 5330">
    <p class='ocr_par' dir='ltr' id='par_1_116' title="bbox 2084 5254 3752 5330">
     <span class='ocr_line' id='line_1_116' title="bbox 2084 5254 3752 5330; baseline -0.005 -14"><span class='ocrx_word' id='word_1_886' title='bbox 2084 5262 2159 5329; x_wconf 87' lang='lat'><strong>2;</strong></span> <span class='ocrx_word' id='word_1_887' title='bbox 2201 5259 2304 5316; x_wconf 88' lang='lat' dir='ltr'><strong>sed</strong></span> <span class='ocrx_word' id='word_1_888' title='bbox 2350 5258 2544 5315; x_wconf 89' lang='lat' dir='ltr'><strong>verbis</strong></span> <span class='ocrx_word' id='word_1_889' title='bbox 2595 5256 2842 5330; x_wconf 90' lang='lat' dir='ltr'><strong>paulum</strong></span> <span class='ocrx_word' id='word_1_890' title='bbox 2887 5254 3159 5330; x_wconf 79' lang='lat' dir='ltr'><strong>diversis,</strong></span> <span class='ocrx_word' id='word_1_891' title='bbox 3209 5256 3364 5330; x_wconf 91' lang='lat' dir='ltr'><strong>quod</strong></span> <span class='ocrx_word' id='word_1_892' title='bbox 3416 5271 3487 5312; x_wconf 85' lang='lat' dir='ltr'><strong>ex</strong></span> <span class='ocrx_word' id='word_1_893' title='bbox 3545 5254 3752 5309; x_wconf 88' lang='lat' dir='ltr'><strong>Latina</strong></span> 
     </span>
    </p>
   </div>
   <div class='ocr_carea' id='block_1_117' title="bbox 2084 5329 3147 5389">
    <p class='ocr_par' dir='ltr' id='par_1_117' title="bbox 2084 5329 3147 5389">
     <span class='ocr_line' id='line_1_117' title="bbox 2084 5329 3147 5389; baseline -0.005 0"><span class='ocrx_word' id='word_1_894' title='bbox 2084 5333 2289 5389; x_wconf 68' lang='lat' dir='ltr'><strong>lingua</strong></span> <span class='ocrx_word' id='word_1_895' title='bbox 2319 5330 2378 5386; x_wconf 90' lang='lat' dir='ltr'><strong>in</strong></span> <span class='ocrx_word' id='word_1_896' title='bbox 2413 5329 2670 5387; x_wconf 70' lang='lat' dir='ltr'><strong>Graecam</strong></span> <span class='ocrx_word' id='word_1_897' title='bbox 2700 5345 2869 5384; x_wconf 88' lang='lat' dir='ltr'><strong>versa</strong></span> <span class='ocrx_word' id='word_1_898' title='bbox 2910 5329 3147 5384; x_wconf 74' lang='lat' dir='ltr'><strong>fuerint.</strong></span> 
     </span>
    </p>
   </div>
   <div class='ocr_carea' id='block_1_118' title="bbox 2159 5394 3743 5476">
    <p class='ocr_par' dir='ltr' id='par_1_118' title="bbox 2159 5394 3743 5476">
     <span class='ocr_line' id='line_1_118' title="bbox 2159 5394 3743 5476; baseline -0.003 -20"><span class='ocrx_word' id='word_1_899' title='bbox 2159 5394 2234 5476; x_wconf 65' lang='grc' dir='ltr'>(Ἴ)</span> <span class='ocrx_word' id='word_1_900' title='bbox 2267 5402 2470 5476; x_wconf 82' lang='lat' dir='ltr'><strong>Basil.,</strong></span> <span class='ocrx_word' id='word_1_901' title='bbox 2495 5403 2681 5476; x_wconf 74' lang='grc' dir='ltr'>τοῦτο.</span> <span class='ocrx_word' id='word_1_902' title='bbox 2717 5401 2853 5476; x_wconf 83' lang='lat' dir='ltr'><strong>M_ox_</strong></span> <span class='ocrx_word' id='word_1_903' title='bbox 2881 5399 3024 5476; x_wconf 84' lang='lat' dir='ltr'><strong>ibid.</strong></span> <span class='ocrx_word' id='word_1_904' title='bbox 3060 5417 3267 5458; x_wconf 89' lang='lat' dir='ltr'><strong>omnes</strong></span> <span class='ocrx_word' id='word_1_905' title='bbox 3297 5415 3443 5457; x_wconf 88' lang='lat' dir='ltr'><strong>mss.</strong></span> <span class='ocrx_word' id='word_1_906' title='bbox 3508 5395 3674 5454; x_wconf 88' lang='lat' dir='ltr'><strong>artic.</strong></span> <span class='ocrx_word' id='word_1_907' title='bbox 3707 5394 3743 5464; x_wconf 76' lang='grc' dir='ltr'>ή</span> 
     </span>
    </p>
   </div>
   <div class='ocr_carea' id='block_1_119' title="bbox 2087 5471 3192 5532">
    <p class='ocr_par' dir='ltr' id='par_1_119' title="bbox 2087 5471 3192 5532">
     <span class='ocr_line' id='line_1_119' title="bbox 2087 5471 3192 5532; baseline -0.003 -1"><span class='ocrx_word' id='word_1_908' title='bbox 2087 5471 2226 5532; x_wconf 80' lang='lat' dir='ltr'><strong>ante</strong></span> <span class='ocrx_word' id='word_1_909' title='bbox 2251 5473 2408 5527; x_wconf 79' lang='grc' dir='ltr'>εἰκών</span> <span class='ocrx_word' id='word_1_910' title='bbox 2443 5474 2686 5529; x_wconf 88' lang='lat' dir='ltr'><strong>addunt.</strong></span> <span class='ocrx_word' id='word_1_911' title='bbox 2717 5471 2857 5527; x_wconf 90' lang='lat' dir='ltr'><strong>editi</strong></span> <span class='ocrx_word' id='word_1_912' title='bbox 2889 5472 3192 5528; x_wconf 90' lang='lat' dir='ltr'><strong>omittunt.</strong></span> 
     </span>
    </p>
   </div>
   <div class='ocr_carea' id='block_1_120' title="bbox 2178 5543 3168 5619">
    <p class='ocr_par' dir='ltr' id='par_1_120' title="bbox 2178 5543 3168 5619">
     <span class='ocr_line' id='line_1_120' title="bbox 2178 5543 3168 5619; baseline -0.002 -19"><span class='ocrx_word' id='word_1_913' title='bbox 2178 5548 2234 5616; x_wconf 90' lang='lat'>8)</span> <span class='ocrx_word' id='word_1_914' title='bbox 2266 5545 2364 5619; x_wconf 69' lang='lat' dir='ltr'><strong>Sic</strong></span> <span class='ocrx_word' id='word_1_915' title='bbox 2390 5546 2642 5619; x_wconf 27' lang='lat' dir='ltr'><strong>Seguej.‘</strong></span> <span class='ocrx_word' id='word_1_916' title='bbox 2662 5544 2834 5619; x_wconf 73' lang='lat' dir='ltr'><strong>Editi,</strong></span> <span class='ocrx_word' id='word_1_917' title='bbox 2863 5543 3168 5619; x_wconf 69' lang='grc' dir='ltr'>ῄμετέρων.</span> 
     </span>
    </p>
   </div>
   <div class='ocr_carea' id='block_1_121' title="bbox 2179 5607 3739 5689">
    <p class='ocr_par' dir='ltr' id='par_1_121' title="bbox 2179 5607 3739 5689">
     <span class='ocr_line' id='line_1_121' title="bbox 2179 5607 3739 5689; baseline -0.003 -18"><span class='ocrx_word' id='word_1_918' title='bbox 2179 5607 2237 5689; x_wconf 76' lang='grc'>9)</span> <span class='ocrx_word' id='word_1_919' title='bbox 2268 5607 2522 5686; x_wconf 65' lang='grc' dir='ltr'>(Ξοῦὶθιῖῖ,</span> <span class='ocrx_word' id='word_1_920' title='bbox 2552 5607 2828 5689; x_wconf 54' lang='grc' dir='ltr'><strong>Εθίοιςωξ</strong></span> <span class='ocrx_word' id='word_1_921' title='bbox 2855 5607 3089 5672; x_wconf 68' lang='lat' dir='ltr'><strong>fanon.</strong></span> <span class='ocrx_word' id='word_1_922' title='bbox 3132 5620 3194 5689; x_wconf 83' lang='lat' dir='ltr'><strong>et</strong></span> <span class='ocrx_word' id='word_1_923' title='bbox 3221 5617 3522 5689; x_wconf 80' lang='lat' dir='ltr'><strong>Seguer.,_</strong></span> <span class='ocrx_word' id='word_1_924' title='bbox 3543 5607 3739 5689; x_wconf 60' lang='lat' dir='ltr'><strong>istaec.</strong></span> 
     </span>
    </p>
   </div>
   <div class='ocr_carea' id='block_1_122' title="bbox 2086 5683 3740 5762">
    <p class='ocr_par' dir='ltr' id='par_1_122' title="bbox 2086 5683 3740 5762">
     <span class='ocr_line' id='line_1_122' title="bbox 2086 5683 3740 5762; baseline -0.005 -16"><span class='ocrx_word' id='word_1_925' title='bbox 2086 5683 3066 5762; x_wconf 12' lang='lat' dir='ltr'><strong>interpretesr’lbusatoucglegemnt.</strong></span> <span class='ocrx_word' id='word_1_926' title='bbox 3099 5683 3332 5745; x_wconf 65' lang='lat' dir='ltr'><strong>Gobler&#39;.</strong></span> <span class='ocrx_word' id='word_1_927' title='bbox 3368 5690 3426 5744; x_wconf 85' lang='lat' dir='ltr'><strong>et</strong></span> <span class='ocrx_word' id='word_1_928' title='bbox 3470 5683 3740 5742; x_wconf 32' lang='lat' dir='ltr'><strong>’Felokm.</strong></span> 
     </span>
    </p>
   </div>
   <div class='ocr_carea' id='block_1_123' title="bbox 2086 5759 2838 5838">
    <p class='ocr_par' dir='ltr' id='par_1_123' title="bbox 2086 5759 2838 5838">
     <span class='ocr_line' id='line_1_123' title="bbox 2086 5759 2838 5838; baseline -0.001 -19"><span class='ocrx_word' id='word_1_929' title='bbox 2086 5763 2114 5819; x_wconf 92' lang='grc'>1</span> <span class='ocrx_word' id='word_1_930' title='bbox 2147 5759 2322 5821; x_wconf 70' lang='lat' dir='ltr'><strong>enen.</strong></span> <span class='ocrx_word' id='word_1_931' title='bbox 2383 5761 2548 5833; x_wconf 83' lang='lat' dir='ltr'><strong>ibid.,</strong></span> <span class='ocrx_word' id='word_1_932' title='bbox 2581 5759 2838 5838; x_wconf 67' lang='grc' dir='ltr'>γεννηθῇ.</span> 
     </span>
    </p>
   </div>
  </div>
