  <div class='ocr_page' id='page_1' title='image "/cluster/home/n/w/nwhite01/storage/ocr_20150623/25:no.1/coo.31924054873066/354.png"; bbox 0 0 4160 6412; ppageno 0'>
   <div class='ocr_carea' id='block_1_1' title="bbox 429 470 539 532">
    <p class='ocr_par' dir='ltr' id='par_1_1' title="bbox 429 470 539 532">
     <span class='ocr_line' id='line_1_1' title="bbox 429 470 539 532; baseline -0.018 0"><span class='ocrx_word' id='word_1_1' title='bbox 429 470 539 532; x_wconf 81' lang='grc'><strong>121</strong></span> 
     </span>
    </p>
   </div>
   <div class='ocr_carea' id='block_1_2' title="bbox 429 600 774 676">
    <p class='ocr_par' dir='ltr' id='par_1_2' title="bbox 429 600 774 676">
     <span class='ocr_line' id='line_1_2' title="bbox 429 600 774 676; baseline -0.003 -19"><span class='ocrx_word' id='word_1_2' title='bbox 429 600 725 676; x_wconf 74' lang='grc' dir='ltr'>ἐκέκρυπτο</span> <span class='ocrx_word' id='word_1_3' title='bbox 760 639 774 656; x_wconf 91' lang='grc'>.</span> 
     </span>
    </p>
   </div>
   <div class='ocr_carea' id='block_1_3' title="bbox 430 680 2084 765">
    <p class='ocr_par' dir='ltr' id='par_1_3' title="bbox 430 680 2084 765">
     <span class='ocr_line' id='line_1_3' title="bbox 430 680 2084 765; baseline -0.006 -20"><span class='ocrx_word' id='word_1_4' title='bbox 430 688 641 765; x_wconf 80' lang='grc' dir='ltr'>Πατρός</span> <span class='ocrx_word' id='word_1_5' title='bbox 674 691 788 763; x_wconf 92' lang='grc'>(10)</span> <span class='ocrx_word' id='word_1_6' title='bbox 813 708 826 759; x_wconf 91' lang='grc'>;</span> <span class='ocrx_word' id='word_1_7' title='bbox 856 688 1175 763; x_wconf 78' lang='grc' dir='ltr'>Ἀνθρώπου</span> <span class='ocrx_word' id='word_1_8' title='bbox 1225 686 1355 765; x_wconf 83' lang='grc' dir='ltr'>φαίη</span> <span class='ocrx_word' id='word_1_9' title='bbox 1409 706 1491 746; x_wconf 83' lang='grc' dir='ltr'>τις</span> <span class='ocrx_word' id='word_1_10' title='bbox 1552 683 1611 737; x_wconf 78' lang='grc' dir='ltr'>ἄν</span> <span class='ocrx_word' id='word_1_11' title='bbox 1640 702 1653 752; x_wconf 86' lang='grc'><strong>;</strong></span> <span class='ocrx_word' id='word_1_12' title='bbox 1687 680 1829 737; x_wconf 76' lang='grc' dir='ltr'>Αλλ⁹</span> <span class='ocrx_word' id='word_1_13' title='bbox 1880 681 1979 736; x_wconf 74' lang='grc' dir='ltr'>οὐκ</span> <span class='ocrx_word' id='word_1_14' title='bbox 2020 684 2084 750; x_wconf 69' lang='grc' dir='ltr'>ἦν</span> 
     </span>
    </p>
   </div>
   <div class='ocr_carea' id='block_1_4' title="bbox 433 769 2086 856">
    <p class='ocr_par' dir='ltr' id='par_1_4' title="bbox 433 769 2086 856">
     <span class='ocr_line' id='line_1_4' title="bbox 433 769 2086 856; baseline -0.007 -20"><span class='ocrx_word' id='word_1_15' title='bbox 433 780 733 855; x_wconf 87' lang='grc' dir='ltr'>ἀνθρώπων</span> <span class='ocrx_word' id='word_1_16' title='bbox 767 778 882 834; x_wconf 87' lang='grc' dir='ltr'>ένὸν</span> <span class='ocrx_word' id='word_1_17' title='bbox 914 779 1011 847; x_wconf 78' lang='grc' dir='ltr'>τὴν</span> <span class='ocrx_word' id='word_1_18' title='bbox 1049 774 1280 856; x_wconf 84' lang='grc' dir='ltr'>ὑφήλιον</span> <span class='ocrx_word' id='word_1_19' title='bbox 1323 781 1496 830; x_wconf 73' lang='grc' dir='ltr'>πᾶσαν</span> <span class='ocrx_word' id='word_1_20' title='bbox 1544 771 1817 843; x_wconf 79' lang='grc' dir='ltr'>ὑπελθεῖν,</span> <span class='ocrx_word' id='word_1_21' title='bbox 1851 769 1974 826; x_wconf 68' lang='grc' dir='ltr'>οὔτε</span> <span class='ocrx_word' id='word_1_22' title='bbox 2018 774 2086 845; x_wconf 80' lang='grc' dir='ltr'>τῇ</span> 
     </span>
    </p>
   </div>
   <div class='ocr_carea' id='block_1_5' title="bbox 434 860 2086 949">
    <p class='ocr_par' dir='ltr' id='par_1_5' title="bbox 434 860 2086 949">
     <span class='ocr_line' id='line_1_5' title="bbox 434 860 2086 949; baseline -0.006 -26"><span class='ocrx_word' id='word_1_23' title='bbox 434 871 587 949; x_wconf 86' lang='grc' dir='ltr'>φύσει</span> <span class='ocrx_word' id='word_1_24' title='bbox 637 873 895 924; x_wconf 91' lang='grc' dir='ltr'>τοσοῦτον</span> <span class='ocrx_word' id='word_1_25' title='bbox 948 867 1248 943; x_wconf 83' lang='grc' dir='ltr'>ἰσχυόντων</span> <span class='ocrx_word' id='word_1_26' title='bbox 1304 862 1550 941; x_wconf 82' lang='grc' dir='ltr'>δραμεῖν,</span> <span class='ocrx_word' id='word_1_27' title='bbox 1586 860 1709 917; x_wconf 71' lang='grc' dir='ltr'>οὔτε</span> <span class='ocrx_word' id='word_1_28' title='bbox 1765 860 2086 931; x_wconf 81' lang='grc' dir='ltr'>ἀξιοπίστων</span> 
     </span>
    </p>
   </div>
   <div class='ocr_carea' id='block_1_6' title="bbox 434 950 2087 1035">
    <p class='ocr_par' dir='ltr' id='par_1_6' title="bbox 434 950 2087 1035">
     <span class='ocr_line' id='line_1_6' title="bbox 434 950 2087 1035; baseline -0.007 -20"><span class='ocrx_word' id='word_1_29' title='bbox 434 960 559 1035; x_wconf 85' lang='grc' dir='ltr'>περὶ</span> <span class='ocrx_word' id='word_1_30' title='bbox 588 958 785 1014; x_wconf 83' lang='grc' dir='ltr'>τούτου</span> <span class='ocrx_word' id='word_1_31' title='bbox 832 956 1141 1031; x_wconf 72' lang='grc' dir='ltr'>δυναμένων</span> <span class='ocrx_word' id='word_1_32' title='bbox 1176 956 1441 1032; x_wconf 88' lang='grc' dir='ltr'>γενέσθαι,</span> <span class='ocrx_word' id='word_1_33' title='bbox 1476 950 1600 1007; x_wconf 73' lang='grc' dir='ltr'>οὔτε</span> <span class='ocrx_word' id='word_1_34' title='bbox 1644 951 1780 1027; x_wconf 89' lang='grc' dir='ltr'>πρὸς</span> <span class='ocrx_word' id='word_1_35' title='bbox 1831 951 1930 1019; x_wconf 71' lang='grc' dir='ltr'>τὴν</span> <span class='ocrx_word' id='word_1_36' title='bbox 1979 954 2087 1004; x_wconf 91' lang='grc' dir='ltr'>τῶν</span> 
     </span>
    </p>
   </div>
   <div class='ocr_carea' id='block_1_7' title="bbox 437 1037 2092 1123">
    <p class='ocr_par' dir='ltr' id='par_1_7' title="bbox 437 1037 2092 1123">
     <span class='ocr_line' id='line_1_7' title="bbox 437 1037 2092 1123; baseline -0.008 -18"><span class='ocrx_word' id='word_1_37' title='bbox 437 1048 713 1123; x_wconf 81' lang='grc' dir='ltr'>δαιμόνων</span> <span class='ocrx_word' id='word_1_38' title='bbox 777 1048 983 1118; x_wconf 77' lang='grc' dir='ltr'>ἀπάτην</span> <span class='ocrx_word' id='word_1_39' title='bbox 1035 1046 1126 1102; x_wconf 84' lang='grc' dir='ltr'>καὶ</span> <span class='ocrx_word' id='word_1_40' title='bbox 1173 1043 1465 1123; x_wconf 74' lang='grc' dir='ltr'>φαντασίαν</span> <span class='ocrx_word' id='word_1_41' title='bbox 1526 1043 1721 1097; x_wconf 79' lang='grc' dir='ltr'>ἱκανῶν</span> <span class='ocrx_word' id='word_1_42' title='bbox 1775 1037 1841 1094; x_wconf 83' lang='grc' dir='ltr'>δι’</span> <span class='ocrx_word' id='word_1_43' title='bbox 1890 1040 2092 1094; x_wconf 73' lang='grc' dir='ltr'>ἑαυτῶν</span> 
     </span>
    </p>
   </div>
   <div class='ocr_carea' id='block_1_8' title="bbox 437 1128 2092 1211">
    <p class='ocr_par' dir='ltr' id='par_1_8' title="bbox 437 1128 2092 1211">
     <span class='ocr_line' id='line_1_8' title="bbox 437 1128 2092 1211; baseline -0.007 -17"><span class='ocrx_word' id='word_1_44' title='bbox 437 1139 771 1208; x_wconf 79' lang='grc' dir='ltr'>ἀντιστῆναι.</span> <span class='ocrx_word' id='word_1_45' title='bbox 809 1138 1026 1193; x_wconf 78' lang='grc' dir='ltr'>Πάντων</span> <span class='ocrx_word' id='word_1_46' title='bbox 1059 1137 1162 1211; x_wconf 77' lang='grc' dir='ltr'>γὰρ</span> <span class='ocrx_word' id='word_1_47' title='bbox 1194 1135 1329 1191; x_wconf 86' lang='grc' dir='ltr'>κατὰ</span> <span class='ocrx_word' id='word_1_48' title='bbox 1378 1134 1563 1208; x_wconf 71' lang='grc' dir='ltr'>ψυχὴν</span> <span class='ocrx_word' id='word_1_49' title='bbox 1618 1128 1941 1205; x_wconf 90' lang='grc' dir='ltr'>πληγέντων</span> <span class='ocrx_word' id='word_1_50' title='bbox 2001 1128 2092 1183; x_wconf 81' lang='grc' dir='ltr'>καὶ</span> 
     </span>
    </p>
   </div>
   <div class='ocr_carea' id='block_1_9' title="bbox 435 1218 2092 1306">
    <p class='ocr_par' dir='ltr' id='par_1_9' title="bbox 435 1218 2092 1306">
     <span class='ocr_line' id='line_1_9' title="bbox 435 1218 2092 1306; baseline -0.007 -23"><span class='ocrx_word' id='word_1_51' title='bbox 435 1228 814 1306; x_wconf 72' lang='grc' dir='ltr'>ταραχθέντων</span> <span class='ocrx_word' id='word_1_52' title='bbox 864 1227 1011 1301; x_wconf 84' lang='grc' dir='ltr'>παρά</span> <span class='ocrx_word' id='word_1_53' title='bbox 1056 1232 1158 1295; x_wconf 84' lang='grc' dir='ltr'>τῆς</span> <span class='ocrx_word' id='word_1_54' title='bbox 1208 1222 1533 1297; x_wconf 79' lang='grc' dir='ltr'>δαιμονικῆς</span> <span class='ocrx_word' id='word_1_55' title='bbox 1580 1222 1812 1289; x_wconf 80' lang='grc' dir='ltr'>ἀπάτης,</span> <span class='ocrx_word' id='word_1_56' title='bbox 1844 1218 1933 1273; x_wconf 80' lang='grc' dir='ltr'>καὶ</span> <span class='ocrx_word' id='word_1_57' title='bbox 1990 1223 2092 1287; x_wconf 77' lang='grc' dir='ltr'>τῆς</span> 
     </span>
    </p>
   </div>
   <div class='ocr_carea' id='block_1_10' title="bbox 436 1308 2093 1390">
    <p class='ocr_par' dir='ltr' id='par_1_10' title="bbox 436 1308 2093 1390">
     <span class='ocr_line' id='line_1_10' title="bbox 436 1308 2093 1390; baseline -0.007 -17"><span class='ocrx_word' id='word_1_58' title='bbox 436 1322 544 1373; x_wconf 92' lang='grc' dir='ltr'>τῶν</span> <span class='ocrx_word' id='word_1_59' title='bbox 575 1314 820 1372; x_wconf 79' lang='grc' dir='ltr'>εἰδώλων</span> <span class='ocrx_word' id='word_1_60' title='bbox 859 1314 1245 1390; x_wconf 74' lang='grc' dir='ltr'>ματαιότητος,</span> <span class='ocrx_word' id='word_1_61' title='bbox 1276 1318 1393 1375; x_wconf 88' lang='grc' dir='ltr'>πῶς</span> <span class='ocrx_word' id='word_1_62' title='bbox 1426 1311 1538 1366; x_wconf 83' lang='grc' dir='ltr'>οἷόν</span> <span class='ocrx_word' id='word_1_63' title='bbox 1592 1331 1650 1365; x_wconf 93' lang='grc' dir='ltr'>τε</span> <span class='ocrx_word' id='word_1_64' title='bbox 1678 1310 1743 1379; x_wconf 79' lang='grc' dir='ltr'>ἧν</span> <span class='ocrx_word' id='word_1_65' title='bbox 1805 1308 2093 1384; x_wconf 88' lang='grc' dir='ltr'>ἀνθρώπου</span> 
     </span>
    </p>
   </div>
   <div class='ocr_carea' id='block_1_11' title="bbox 437 1394 2096 1482">
    <p class='ocr_par' dir='ltr' id='par_1_11' title="bbox 437 1394 2096 1482">
     <span class='ocr_line' id='line_1_11' title="bbox 437 1394 2096 1482; baseline -0.007 -20"><span class='ocrx_word' id='word_1_66' title='bbox 437 1408 622 1482; x_wconf 76' lang='grc' dir='ltr'>ψυχὴν</span> <span class='ocrx_word' id='word_1_67' title='bbox 655 1406 744 1461; x_wconf 87' lang='grc' dir='ltr'>καὶ</span> <span class='ocrx_word' id='word_1_68' title='bbox 778 1405 1074 1480; x_wconf 84' lang='grc' dir='ltr'>ἀνθρώπων</span> <span class='ocrx_word' id='word_1_69' title='bbox 1123 1407 1246 1459; x_wconf 93' lang='grc' dir='ltr'>νοῦν</span> <span class='ocrx_word' id='word_1_70' title='bbox 1304 1405 1643 1477; x_wconf 87' lang='grc' dir='ltr'>μεταπεῖσαι,</span> <span class='ocrx_word' id='word_1_71' title='bbox 1670 1398 1807 1454; x_wconf 80' lang='grc' dir='ltr'>ὅπου</span> <span class='ocrx_word' id='word_1_72' title='bbox 1855 1419 1919 1472; x_wconf 94' lang='grc' dir='ltr'>γε</span> <span class='ocrx_word' id='word_1_73' title='bbox 1970 1394 2096 1451; x_wconf 72' lang='grc' dir='ltr'>οὐδὲ</span> 
     </span>
    </p>
   </div>
   <div class='ocr_carea' id='block_1_12' title="bbox 441 1484 2093 1572">
    <p class='ocr_par' dir='ltr' id='par_1_12' title="bbox 441 1484 2093 1572">
     <span class='ocr_line' id='line_1_12' title="bbox 441 1484 2093 1572; baseline -0.007 -20"><span class='ocrx_word' id='word_1_74' title='bbox 441 1498 567 1572; x_wconf 83' lang='grc' dir='ltr'>ὁρᾷν</span> <span class='ocrx_word' id='word_1_75' title='bbox 596 1494 792 1558; x_wconf 82' lang='grc' dir='ltr'>αὐτοὺς</span> <span class='ocrx_word' id='word_1_76' title='bbox 843 1492 1132 1565; x_wconf 79' lang='grc' dir='ltr'>δύναντάις</span> <span class='ocrx_word' id='word_1_77' title='bbox 1165 1491 1195 1548; x_wconf 83' lang='grc' dir='ltr'>ὅ</span> <span class='ocrx_word' id='word_1_78' title='bbox 1224 1490 1283 1547; x_wconf 73' lang='grc' dir='ltr'>δὲ</span> <span class='ocrx_word' id='word_1_79' title='bbox 1335 1493 1410 1566; x_wconf 80' lang='grc' dir='ltr'>μὴ</span> <span class='ocrx_word' id='word_1_80' title='bbox 1471 1492 1573 1568; x_wconf 79' lang='grc' dir='ltr'>ὁρᾷ</span> <span class='ocrx_word' id='word_1_81' title='bbox 1626 1509 1733 1557; x_wconf 91' lang='grc' dir='ltr'>τις,</span> <span class='ocrx_word' id='word_1_82' title='bbox 1764 1492 1883 1549; x_wconf 87' lang='grc' dir='ltr'>πῶς</span> <span class='ocrx_word' id='word_1_83' title='bbox 1936 1484 2093 1541; x_wconf 89' lang='grc' dir='ltr'>δύνα-</span> 
     </span>
    </p>
   </div>
   <div class='ocr_carea' id='block_1_13' title="bbox 439 1574 2093 1662">
    <p class='ocr_par' dir='ltr' id='par_1_13' title="bbox 439 1574 2093 1662">
     <span class='ocr_line' id='line_1_13' title="bbox 439 1574 2093 1662; baseline -0.007 -21"><span class='ocrx_word' id='word_1_84' title='bbox 439 1607 527 1641; x_wconf 89' lang='grc' dir='ltr'>ται</span> <span class='ocrx_word' id='word_1_85' title='bbox 590 1583 1047 1662; x_wconf 87' lang='grc' dir='ltr'>μεταπαιδεῦσαι;</span> <span class='ocrx_word' id='word_1_86' title='bbox 1100 1580 1255 1638; x_wconf 85' lang='grc' dir='ltr'>Ἀλλ’</span> <span class='ocrx_word' id='word_1_87' title='bbox 1313 1580 1446 1644; x_wconf 69' lang='grc' dir='ltr'>ἴσως</span> <span class='ocrx_word' id='word_1_88' title='bbox 1508 1578 1567 1634; x_wconf 78' lang='grc' dir='ltr'>ἄν</span> <span class='ocrx_word' id='word_1_89' title='bbox 1635 1600 1720 1640; x_wconf 92' lang='grc' dir='ltr'>τις</span> <span class='ocrx_word' id='word_1_90' title='bbox 1794 1574 1940 1632; x_wconf 78' lang='grc' dir='ltr'>εἷ’ποι</span> <span class='ocrx_word' id='word_1_91' title='bbox 1994 1576 2093 1645; x_wconf 74' lang='grc' dir='ltr'>τήν</span> 
     </span>
    </p>
   </div>
   <div class='ocr_carea' id='block_1_14' title="bbox 443 1663 2093 1748">
    <p class='ocr_par' dir='ltr' id='par_1_14' title="bbox 443 1663 2093 1748">
     <span class='ocr_line' id='line_1_14' title="bbox 443 1663 2093 1748; baseline -0.008 -16"><span class='ocrx_word' id='word_1_92' title='bbox 443 1676 615 1732; x_wconf 79' lang='grc' dir='ltr'>κτίσιν</span> <span class='ocrx_word' id='word_1_93' title='bbox 674 1674 969 1748; x_wconf 88' lang='grc' dir='ltr'>ἀρκεῖσθαι.</span> <span class='ocrx_word' id='word_1_94' title='bbox 1028 1669 1186 1727; x_wconf 84' lang='grc' dir='ltr'>Ἀλλ’</span> <span class='ocrx_word' id='word_1_95' title='bbox 1240 1670 1286 1726; x_wconf 81' lang='grc' dir='ltr'>εἰ</span> <span class='ocrx_word' id='word_1_96' title='bbox 1343 1673 1378 1739; x_wconf 80' lang='grc' dir='ltr'><strong>ἡ</strong></span> <span class='ocrx_word' id='word_1_97' title='bbox 1436 1667 1608 1731; x_wconf 82' lang='grc' dir='ltr'>κτίσις</span> <span class='ocrx_word' id='word_1_98' title='bbox 1666 1667 1846 1742; x_wconf 75' lang='grc' dir='ltr'>ἤρκει,</span> <span class='ocrx_word' id='word_1_99' title='bbox 1880 1664 1981 1720; x_wconf 87' lang='grc' dir='ltr'>οὐκ</span> <span class='ocrx_word' id='word_1_100' title='bbox 2036 1663 2093 1719; x_wconf 79' lang='grc' dir='ltr'>ἂν</span> 
     </span>
    </p>
   </div>
   <div class='ocr_carea' id='block_1_15' title="bbox 447 1754 2093 1841">
    <p class='ocr_par' dir='ltr' id='par_1_15' title="bbox 447 1754 2093 1841">
     <span class='ocr_line' id='line_1_15' title="bbox 447 1754 2093 1841; baseline -0.008 -20"><span class='ocrx_word' id='word_1_101' title='bbox 447 1764 687 1841; x_wconf 83' lang='grc' dir='ltr'>ἐγεγόνει</span> <span class='ocrx_word' id='word_1_102' title='bbox 732 1765 801 1818; x_wconf 79' lang='grc' dir='ltr'>τὰ</span> <span class='ocrx_word' id='word_1_103' title='bbox 848 1760 1155 1832; x_wconf 89' lang='grc' dir='ltr'>τηλικαῦτα</span> <span class='ocrx_word' id='word_1_104' title='bbox 1185 1761 1343 1816; x_wconf 87' lang='grc' dir='ltr'>κακά.</span> <span class='ocrx_word' id='word_1_105' title='bbox 1386 1764 1481 1814; x_wconf 76' lang='grc' dir='ltr'>Ἠν</span> <span class='ocrx_word' id='word_1_106' title='bbox 1532 1758 1635 1833; x_wconf 81' lang='grc' dir='ltr'>γὰρ</span> <span class='ocrx_word' id='word_1_107' title='bbox 1684 1756 1839 1825; x_wconf 84' lang='grc' dir='ltr'>καὶὴ</span> <span class='ocrx_word' id='word_1_108' title='bbox 1872 1754 2046 1820; x_wconf 78' lang='grc' dir='ltr'>κτίσις</span> <span class='ocrx_word' id='word_1_109' title='bbox 2080 1771 2093 1784; x_wconf 84' lang='grc'><em>’</em></span> 
     </span>
    </p>
   </div>
   <div class='ocr_carea' id='block_1_16' title="bbox 445 1844 2099 1927">
    <p class='ocr_par' dir='ltr' id='par_1_16' title="bbox 445 1844 2099 1927">
     <span class='ocr_line' id='line_1_16' title="bbox 445 1844 2099 1927; baseline -0.008 -17"><span class='ocrx_word' id='word_1_110' title='bbox 445 1856 535 1911; x_wconf 88' lang='grc' dir='ltr'>καὶ</span> <span class='ocrx_word' id='word_1_111' title='bbox 596 1851 748 1909; x_wconf 76' lang='grc' dir='ltr'>οὐδὲν</span> <span class='ocrx_word' id='word_1_112' title='bbox 793 1854 954 1924; x_wconf 76' lang='grc' dir='ltr'>ᾗττον</span> <span class='ocrx_word' id='word_1_113' title='bbox 1007 1852 1060 1906; x_wconf 76' lang='grc' dir='ltr'>οὶ</span> <span class='ocrx_word' id='word_1_114' title='bbox 1110 1848 1381 1927; x_wconf 86' lang='grc' dir='ltr'>ἅνθρωποι</span> <span class='ocrx_word' id='word_1_115' title='bbox 1429 1848 1482 1903; x_wconf 85' lang='grc' dir='ltr'>ἐν</span> <span class='ocrx_word' id='word_1_116' title='bbox 1535 1851 1606 1921; x_wconf 77' lang='grc' dir='ltr'>τῇ</span> <span class='ocrx_word' id='word_1_117' title='bbox 1640 1846 1775 1920; x_wconf 69' lang='grc' dir='ltr'>αὐτῇ</span> <span class='ocrx_word' id='word_1_118' title='bbox 1807 1844 1931 1919; x_wconf 86' lang='grc' dir='ltr'>περὶ</span> <span class='ocrx_word' id='word_1_119' title='bbox 1966 1846 2099 1899; x_wconf 90' lang='grc' dir='ltr'>Θεοῦ</span> 
     </span>
    </p>
   </div>
   <div class='ocr_carea' id='block_1_17' title="bbox 446 1934 2100 2018">
    <p class='ocr_par' dir='ltr' id='par_1_17' title="bbox 446 1934 2100 2018">
     <span class='ocr_line' id='line_1_17' title="bbox 446 1934 2100 2018; baseline -0.008 -19"><span class='ocrx_word' id='word_1_120' title='bbox 446 1942 627 2018; x_wconf 79' lang='grc' dir='ltr'>πλάνῃ</span> <span class='ocrx_word' id='word_1_121' title='bbox 685 1939 985 1998; x_wconf 85' lang='grc' dir='ltr'>ἐκυλίοντο.</span> <span class='ocrx_word' id='word_1_122' title='bbox 1018 1940 1174 2003; x_wconf 89' lang='grc' dir='ltr'>Τίνος</span> <span class='ocrx_word' id='word_1_123' title='bbox 1228 1937 1317 1995; x_wconf 72' lang='grc' dir='ltr'>οὖν</span> <span class='ocrx_word' id='word_1_124' title='bbox 1376 1941 1440 2008; x_wconf 71' lang='grc' dir='ltr'>ἦν</span> <span class='ocrx_word' id='word_1_125' title='bbox 1497 1934 1662 1992; x_wconf 88' lang='grc' dir='ltr'>πάλιν</span> <span class='ocrx_word' id='word_1_126' title='bbox 1722 1934 1883 2011; x_wconf 80' lang='grc' dir='ltr'>χρεία</span> <span class='ocrx_word' id='word_1_127' title='bbox 1927 1934 1963 2003; x_wconf 72' lang='grc' dir='ltr'>ἢ</span> <span class='ocrx_word' id='word_1_128' title='bbox 2004 1936 2100 1987; x_wconf 87' lang='grc' dir='ltr'>τοῦ</span> 
     </span>
    </p>
   </div>
   <div class='ocr_carea' id='block_1_18' title="bbox 448 2021 2102 2107">
    <p class='ocr_par' dir='ltr' id='par_1_18' title="bbox 448 2021 2102 2107">
     <span class='ocr_line' id='line_1_18' title="bbox 448 2021 2102 2107; baseline -0.008 -17"><span class='ocrx_word' id='word_1_129' title='bbox 448 2038 580 2091; x_wconf 90' lang='grc' dir='ltr'>Θεοῦ</span> <span class='ocrx_word' id='word_1_130' title='bbox 610 2032 792 2107; x_wconf 80' lang='grc' dir='ltr'>Λόγου</span> <span class='ocrx_word' id='word_1_131' title='bbox 821 2035 917 2086; x_wconf 92' lang='grc' dir='ltr'>τοῦ</span> <span class='ocrx_word' id='word_1_132' title='bbox 947 2030 1036 2085; x_wconf 84' lang='grc' dir='ltr'>καὶ</span> <span class='ocrx_word' id='word_1_133' title='bbox 1067 2031 1251 2106; x_wconf 73' lang='grc' dir='ltr'>ψυχὴν</span> <span class='ocrx_word' id='word_1_134' title='bbox 1281 2029 1372 2083; x_wconf 80' lang='grc' dir='ltr'>καὶ</span> <span class='ocrx_word' id='word_1_135' title='bbox 1413 2032 1536 2083; x_wconf 88' lang='grc' dir='ltr'>νοῦν</span> <span class='ocrx_word' id='word_1_136' title='bbox 1586 2025 1842 2101; x_wconf 77' lang='grc' dir='ltr'>ὁρῶντος,</span> <span class='ocrx_word' id='word_1_137' title='bbox 1867 2028 1964 2077; x_wconf 87' lang='grc' dir='ltr'>τοῦ</span> <span class='ocrx_word' id='word_1_138' title='bbox 2011 2021 2102 2077; x_wconf 84' lang='grc' dir='ltr'>καὶ</span> 
     </span>
    </p>
   </div>
   <div class='ocr_carea' id='block_1_19' title="bbox 444 2112 2102 2195">
    <p class='ocr_par' dir='ltr' id='par_1_19' title="bbox 444 2112 2102 2195">
     <span class='ocr_line' id='line_1_19' title="bbox 444 2112 2102 2195; baseline -0.008 -15"><span class='ocrx_word' id='word_1_139' title='bbox 444 2125 512 2180; x_wconf 81' lang='grc' dir='ltr'>τὰ</span> <span class='ocrx_word' id='word_1_140' title='bbox 540 2121 645 2178; x_wconf 78' lang='grc' dir='ltr'>ὅλα</span> <span class='ocrx_word' id='word_1_141' title='bbox 676 2122 728 2178; x_wconf 88' lang='grc' dir='ltr'>έν</span> <span class='ocrx_word' id='word_1_142' title='bbox 758 2124 828 2195; x_wconf 79' lang='grc' dir='ltr'>τῇ</span> <span class='ocrx_word' id='word_1_143' title='bbox 858 2119 1031 2176; x_wconf 87' lang='grc' dir='ltr'>κτίσει</span> <span class='ocrx_word' id='word_1_144' title='bbox 1080 2124 1383 2187; x_wconf 87' lang='grc' dir='ltr'>κινοῦντος,</span> <span class='ocrx_word' id='word_1_145' title='bbox 1414 2118 1504 2172; x_wconf 85' lang='grc' dir='ltr'>καὶ</span> <span class='ocrx_word' id='word_1_146' title='bbox 1555 2113 1624 2170; x_wconf 84' lang='grc' dir='ltr'>δι’</span> <span class='ocrx_word' id='word_1_147' title='bbox 1674 2118 1845 2169; x_wconf 78' lang='grc' dir='ltr'>αὐτῶν</span> <span class='ocrx_word' id='word_1_148' title='bbox 1897 2112 2102 2190; x_wconf 88' lang='grc' dir='ltr'>γνωρί-</span> 
     </span>
    </p>
   </div>
   <div class='ocr_carea' id='block_1_20' title="bbox 428 2201 2101 2284">
    <p class='ocr_par' dir='ltr' id='par_1_20' title="bbox 428 2201 2101 2284">
     <span class='ocr_line' id='line_1_20' title="bbox 428 2201 2101 2284; baseline -0.008 -15"><span class='ocrx_word' id='word_1_149' title='bbox 428 2219 633 2283; x_wconf 60' lang='grc' dir='ltr'>ηζοντος</span> <span class='ocrx_word' id='word_1_150' title='bbox 663 2212 755 2267; x_wconf 89' lang='grc' dir='ltr'>τὸν</span> <span class='ocrx_word' id='word_1_151' title='bbox 791 2210 1039 2284; x_wconf 87' lang='grc' dir='ltr'>Πατέρα;</span> <span class='ocrx_word' id='word_1_152' title='bbox 1073 2214 1177 2264; x_wconf 89' lang='grc' dir='ltr'>Τοῦ</span> <span class='ocrx_word' id='word_1_153' title='bbox 1208 2210 1311 2283; x_wconf 78' lang='grc' dir='ltr'>γὰρ</span> <span class='ocrx_word' id='word_1_154' title='bbox 1346 2206 1434 2263; x_wconf 76' lang='grc' dir='ltr'>δια</span> <span class='ocrx_word' id='word_1_155' title='bbox 1487 2212 1590 2276; x_wconf 90' lang='grc' dir='ltr'>τῆς</span> <span class='ocrx_word' id='word_1_156' title='bbox 1652 2202 1791 2266; x_wconf 89' lang='grc' dir='ltr'>ἰδίας</span> <span class='ocrx_word' id='word_1_157' title='bbox 1840 2201 2101 2279; x_wconf 83' lang='grc' dir='ltr'>προνοίας</span> 
     </span>
    </p>
   </div>
   <div class='ocr_carea' id='block_1_21' title="bbox 443 2292 2103 2373">
    <p class='ocr_par' dir='ltr' id='par_1_21' title="bbox 443 2292 2103 2373">
     <span class='ocr_line' id='line_1_21' title="bbox 443 2292 2103 2373; baseline -0.008 -16"><span class='ocrx_word' id='word_1_158' title='bbox 443 2304 535 2357; x_wconf 82' lang='grc' dir='ltr'>καὶ</span> <span class='ocrx_word' id='word_1_159' title='bbox 594 2300 1008 2373; x_wconf 80' lang='grc' dir='ltr'>διακοσμήσεως</span> <span class='ocrx_word' id='word_1_160' title='bbox 1055 2304 1163 2354; x_wconf 90' lang='grc' dir='ltr'>τῶν</span> <span class='ocrx_word' id='word_1_161' title='bbox 1223 2297 1366 2352; x_wconf 85' lang='grc' dir='ltr'>ὅλων</span> <span class='ocrx_word' id='word_1_162' title='bbox 1428 2292 1775 2355; x_wconf 83' lang='grc' dir='ltr'>διδάσκοντος</span> <span class='ocrx_word' id='word_1_163' title='bbox 1830 2293 1956 2369; x_wconf 85' lang='grc' dir='ltr'>περὶ</span> <span class='ocrx_word' id='word_1_164' title='bbox 2004 2294 2103 2345; x_wconf 90' lang='grc' dir='ltr'>τοῦ</span> 
     </span>
    </p>
   </div>
   <div class='ocr_carea' id='block_1_22' title="bbox 445 2381 2104 2466">
    <p class='ocr_par' dir='ltr' id='par_1_22' title="bbox 445 2381 2104 2466">
     <span class='ocr_line' id='line_1_22' title="bbox 445 2381 2104 2466; baseline -0.007 -20"><span class='ocrx_word' id='word_1_165' title='bbox 445 2392 680 2466; x_wconf 88' lang='grc' dir='ltr'>Πατρὸς,</span> <span class='ocrx_word' id='word_1_166' title='bbox 715 2390 880 2445; x_wconf 83' lang='grc' dir='ltr'>αὐτοῦ</span> <span class='ocrx_word' id='word_1_167' title='bbox 926 2392 990 2458; x_wconf 70' lang='grc' dir='ltr'>ἦν</span> <span class='ocrx_word' id='word_1_168' title='bbox 1042 2387 1133 2442; x_wconf 87' lang='grc' dir='ltr'>καὶ</span> <span class='ocrx_word' id='word_1_169' title='bbox 1179 2388 1279 2456; x_wconf 79' lang='grc' dir='ltr'>τὴν</span> <span class='ocrx_word' id='word_1_170' title='bbox 1342 2385 1508 2456; x_wconf 73' lang='grc' dir='ltr'>αὐτὴν</span> <span class='ocrx_word' id='word_1_171' title='bbox 1572 2381 1918 2439; x_wconf 87' lang='grc' dir='ltr'>διδασκαλίαν</span> <span class='ocrx_word' id='word_1_172' title='bbox 1980 2382 2104 2436; x_wconf 89' lang='grc' dir='ltr'>ἀνα-</span> 
     </span>
    </p>
   </div>
   <div class='ocr_carea' id='block_1_23' title="bbox 444 2470 2101 2552">
    <p class='ocr_par' dir='ltr' id='par_1_23' title="bbox 444 2470 2101 2552">
     <span class='ocr_line' id='line_1_23' title="bbox 444 2470 2101 2552; baseline -0.007 -16"><span class='ocrx_word' id='word_1_173' title='bbox 444 2486 663 2539; x_wconf 89' lang='grc' dir='ltr'>νεῶσαι.</span> <span class='ocrx_word' id='word_1_174' title='bbox 696 2483 824 2541; x_wconf 92' lang='grc' dir='ltr'>Πῶς</span> <span class='ocrx_word' id='word_1_175' title='bbox 881 2476 972 2533; x_wconf 73' lang='grc' dir='ltr'>οὖν</span> <span class='ocrx_word' id='word_1_176' title='bbox 1029 2476 1087 2532; x_wconf 75' lang='grc' dir='ltr'>ἂν</span> <span class='ocrx_word' id='word_1_177' title='bbox 1149 2475 1387 2552; x_wconf 83' lang='grc' dir='ltr'>ἐγεγόνει</span> <span class='ocrx_word' id='word_1_178' title='bbox 1445 2478 1647 2545; x_wconf 88' lang='grc' dir='ltr'>τοῦτο;</span> <span class='ocrx_word' id='word_1_179' title='bbox 1682 2474 1841 2534; x_wconf 82' lang='grc' dir='ltr'>Ἴσως</span> <span class='ocrx_word' id='word_1_180' title='bbox 1902 2470 1960 2526; x_wconf 83' lang='grc' dir='ltr'>ἅν</span> <span class='ocrx_word' id='word_1_181' title='bbox 2018 2492 2101 2533; x_wconf 88' lang='grc' dir='ltr'>τις</span> 
     </span>
    </p>
   </div>
   <div class='ocr_carea' id='block_1_24' title="bbox 446 2558 2106 2644">
    <p class='ocr_par' dir='ltr' id='par_1_24' title="bbox 446 2558 2106 2644">
     <span class='ocr_line' id='line_1_24' title="bbox 446 2558 2106 2644; baseline -0.006 -20"><span class='ocrx_word' id='word_1_182' title='bbox 446 2568 612 2644; x_wconf 75' lang='grc' dir='ltr'>εἷ’ποι,</span> <span class='ocrx_word' id='word_1_183' title='bbox 644 2568 729 2624; x_wconf 81' lang='grc' dir='ltr'>ὅτι</span> <span class='ocrx_word' id='word_1_184' title='bbox 762 2567 874 2639; x_wconf 83' lang='grc' dir='ltr'>ἐξὸν</span> <span class='ocrx_word' id='word_1_185' title='bbox 924 2570 989 2637; x_wconf 72' lang='grc' dir='ltr'>ἦν</span> <span class='ocrx_word' id='word_1_186' title='bbox 1043 2564 1133 2621; x_wconf 79' lang='grc' dir='ltr'>διᾶ</span> <span class='ocrx_word' id='word_1_187' title='bbox 1187 2570 1293 2621; x_wconf 87' lang='grc' dir='ltr'>τῶν</span> <span class='ocrx_word' id='word_1_188' title='bbox 1355 2564 1557 2634; x_wconf 84' lang='grc' dir='ltr'>αὐτῶν,</span> <span class='ocrx_word' id='word_1_189' title='bbox 1591 2562 1730 2618; x_wconf 82' lang='grc' dir='ltr'>ὥστε</span> <span class='ocrx_word' id='word_1_190' title='bbox 1785 2559 1951 2617; x_wconf 86' lang='grc' dir='ltr'>πάλιν</span> <span class='ocrx_word' id='word_1_191' title='bbox 2013 2558 2106 2615; x_wconf 79' lang='grc' dir='ltr'>διὰ</span> 
     </span>
    </p>
   </div>
   <div class='ocr_carea' id='block_1_25' title="bbox 441 2648 2104 2732">
    <p class='ocr_par' dir='ltr' id='par_1_25' title="bbox 441 2648 2104 2732">
     <span class='ocr_line' id='line_1_25' title="bbox 441 2648 2104 2732; baseline -0.007 -17"><span class='ocrx_word' id='word_1_192' title='bbox 441 2664 551 2715; x_wconf 89' lang='grc' dir='ltr'>τῶν</span> <span class='ocrx_word' id='word_1_193' title='bbox 595 2665 697 2729; x_wconf 85' lang='grc' dir='ltr'>τῆς</span> <span class='ocrx_word' id='word_1_194' title='bbox 752 2656 981 2719; x_wconf 90' lang='grc' dir='ltr'>κτίσεως</span> <span class='ocrx_word' id='word_1_195' title='bbox 1032 2654 1207 2732; x_wconf 80' lang='grc' dir='ltr'>ἔργων</span> <span class='ocrx_word' id='word_1_196' title='bbox 1252 2655 1320 2709; x_wconf 77' lang='grc' dir='ltr'>τὰ</span> <span class='ocrx_word' id='word_1_197' title='bbox 1368 2654 1493 2729; x_wconf 86' lang='grc' dir='ltr'>περὶ</span> <span class='ocrx_word' id='word_1_198' title='bbox 1525 2652 1691 2709; x_wconf 75' lang='grc' dir='ltr'>αὐτοῦ</span> <span class='ocrx_word' id='word_1_199' title='bbox 1724 2649 1910 2722; x_wconf 81' lang='grc' dir='ltr'>δεῖξαι.</span> <span class='ocrx_word' id='word_1_200' title='bbox 1945 2648 2104 2705; x_wconf 87' lang='grc' dir='ltr'>Ἀλλ’</span> 
     </span>
    </p>
   </div>
   <div class='ocr_carea' id='block_1_26' title="bbox 450 2738 2103 2825">
    <p class='ocr_par' dir='ltr' id='par_1_26' title="bbox 450 2738 2103 2825">
     <span class='ocr_line' id='line_1_26' title="bbox 450 2738 2103 2825; baseline -0.007 -19"><span class='ocrx_word' id='word_1_201' title='bbox 450 2749 549 2806; x_wconf 80' lang='grc' dir='ltr'>οὐκ</span> <span class='ocrx_word' id='word_1_202' title='bbox 594 2752 659 2819; x_wconf 72' lang='grc' dir='ltr'>ἦν</span> <span class='ocrx_word' id='word_1_203' title='bbox 722 2744 960 2825; x_wconf 74' lang='grc' dir='ltr'>ἀσφαλὲς</span> <span class='ocrx_word' id='word_1_204' title='bbox 1005 2743 1081 2801; x_wconf 81' lang='grc' dir='ltr'>ἔτι</span> <span class='ocrx_word' id='word_1_205' title='bbox 1129 2748 1314 2803; x_wconf 90' lang='grc' dir='ltr'>τοῦτο.</span> <span class='ocrx_word' id='word_1_206' title='bbox 1369 2742 1507 2819; x_wconf 82' lang='grc' dir='ltr'>Οὐχί</span> <span class='ocrx_word' id='word_1_207' title='bbox 1558 2764 1621 2819; x_wconf 86' lang='grc' dir='ltr'>γε</span> <span class='ocrx_word' id='word_1_208' title='bbox 1654 2762 1667 2775; x_wconf 75' lang='grc' dir='ltr'><strong>ο</strong></span> <span class='ocrx_word' id='word_1_209' title='bbox 1701 2738 1957 2817; x_wconf 85' lang='grc' dir='ltr'>παρεῖδον</span> <span class='ocrx_word' id='word_1_210' title='bbox 1998 2740 2103 2816; x_wconf 81' lang='grc' dir='ltr'>γὰρ</span> 
     </span>
    </p>
   </div>
   <div class='ocr_carea' id='block_1_27' title="bbox 448 2827 2103 2913">
    <p class='ocr_par' dir='ltr' id='par_1_27' title="bbox 448 2827 2103 2913">
     <span class='ocr_line' id='line_1_27' title="bbox 448 2827 2103 2913; baseline -0.007 -18"><span class='ocrx_word' id='word_1_211' title='bbox 448 2843 610 2895; x_wconf 88' lang='grc' dir='ltr'>τοῦτο</span> <span class='ocrx_word' id='word_1_212' title='bbox 657 2836 919 2913; x_wconf 62' lang='grc' dir='ltr'>πρότερον</span> <span class='ocrx_word' id='word_1_213' title='bbox 967 2836 1020 2890; x_wconf 75' lang='grc' dir='ltr'>οἱ</span> <span class='ocrx_word' id='word_1_214' title='bbox 1062 2830 1361 2911; x_wconf 80' lang='grc' dir='ltr'>ἅνθρωποι,</span> <span class='ocrx_word' id='word_1_215' title='bbox 1392 2832 1482 2887; x_wconf 85' lang='grc' dir='ltr'>καὶ</span> <span class='ocrx_word' id='word_1_216' title='bbox 1534 2831 1634 2887; x_wconf 82' lang='grc' dir='ltr'>οὐκ</span> <span class='ocrx_word' id='word_1_217' title='bbox 1687 2828 1763 2886; x_wconf 81' lang='grc' dir='ltr'>ἔτι</span> <span class='ocrx_word' id='word_1_218' title='bbox 1815 2831 1909 2904; x_wconf 78' lang='grc' dir='ltr'>μὶν</span> <span class='ocrx_word' id='word_1_219' title='bbox 1970 2827 2103 2903; x_wconf 75' lang='grc' dir='ltr'>ἄνω,</span> 
     </span>
    </p>
   </div>
   <div class='ocr_carea' id='block_1_28' title="bbox 449 2918 2103 3004">
    <p class='ocr_par' dir='ltr' id='par_1_28' title="bbox 449 2918 2103 3004">
     <span class='ocr_line' id='line_1_28' title="bbox 449 2918 2103 3004; baseline -0.007 -20"><span class='ocrx_word' id='word_1_220' title='bbox 449 2927 598 2985; x_wconf 87' lang='grc' dir='ltr'>κάτω</span> <span class='ocrx_word' id='word_1_221' title='bbox 630 2925 688 2983; x_wconf 77' lang='grc' dir='ltr'>δὲ</span> <span class='ocrx_word' id='word_1_222' title='bbox 731 2926 863 2989; x_wconf 87' lang='grc' dir='ltr'>τοὺς</span> <span class='ocrx_word' id='word_1_223' title='bbox 922 2922 1239 3004; x_wconf 79' lang='grc' dir='ltr'>ὀφθαλμοὺς</span> <span class='ocrx_word' id='word_1_224' title='bbox 1291 2922 1607 2999; x_wconf 81' lang='grc' dir='ltr'>ἐσχήκασιν.</span> <span class='ocrx_word' id='word_1_225' title='bbox 1641 2922 1792 2975; x_wconf 88' lang='grc' dir='ltr'>Ὅθεν</span> <span class='ocrx_word' id='word_1_226' title='bbox 1856 2918 2103 2989; x_wconf 88' lang='grc' dir='ltr'>εἰκότως,</span> 
     </span>
    </p>
   </div>
   <div class='ocr_carea' id='block_1_29' title="bbox 454 3007 2105 3094">
    <p class='ocr_par' dir='ltr' id='par_1_29' title="bbox 454 3007 2105 3094">
     <span class='ocr_line' id='line_1_29' title="bbox 454 3007 2105 3094; baseline -0.008 -20"><span class='ocrx_word' id='word_1_227' title='bbox 454 3019 765 3094; x_wconf 83' lang='grc' dir='ltr'>ἀνθρώπους</span> <span class='ocrx_word' id='word_1_228' title='bbox 797 3013 970 3071; x_wconf 91' lang='grc' dir='ltr'>θέλων</span> <span class='ocrx_word' id='word_1_229' title='bbox 1004 3012 1308 3093; x_wconf 70' lang='grc' dir='ltr'>ὠφελῆσαι.</span> <span class='ocrx_word' id='word_1_230' title='bbox 1357 3013 1433 3075; x_wconf 88' lang='grc' dir='ltr'>ὡς</span> <span class='ocrx_word' id='word_1_231' title='bbox 1478 3009 1762 3089; x_wconf 81' lang='grc' dir='ltr'>ἅνθρωπος</span> <span class='ocrx_word' id='word_1_232' title='bbox 1822 3007 2105 3083; x_wconf 79' lang='grc' dir='ltr'>ἐπιδημεῖ,</span> 
     </span>
    </p>
   </div>
   <div class='ocr_carea' id='block_1_30' title="bbox 454 3098 2104 3183">
    <p class='ocr_par' dir='ltr' id='par_1_30' title="bbox 454 3098 2104 3183">
     <span class='ocr_line' id='line_1_30' title="bbox 454 3098 2104 3183; baseline -0.005 -19"><span class='ocrx_word' id='word_1_233' title='bbox 454 3104 746 3183; x_wconf 90' lang='grc' dir='ltr'>λαμϐάνων</span> <span class='ocrx_word' id='word_1_234' title='bbox 800 3106 973 3177; x_wconf 71' lang='grc' dir='ltr'>ἑαυτῷ</span> <span class='ocrx_word' id='word_1_235' title='bbox 1020 3109 1181 3180; x_wconf 89' lang='grc' dir='ltr'>σῶμα</span> <span class='ocrx_word' id='word_1_236' title='bbox 1235 3102 1427 3177; x_wconf 81' lang='grc' dir='ltr'>ὅμοιον</span> <span class='ocrx_word' id='word_1_237' title='bbox 1480 3102 1723 3171; x_wconf 78' lang='grc' dir='ltr'>ἐκείνοις,</span> <span class='ocrx_word' id='word_1_238' title='bbox 1753 3100 1843 3155; x_wconf 85' lang='grc' dir='ltr'>καὶ</span> <span class='ocrx_word' id='word_1_239' title='bbox 1892 3098 1951 3155; x_wconf 85' lang='grc' dir='ltr'>ἐκ</span> <span class='ocrx_word' id='word_1_240' title='bbox 1995 3103 2104 3155; x_wconf 90' lang='grc' dir='ltr'>τῶν</span> 
     </span>
    </p>
   </div>
   <div class='ocr_carea' id='block_1_31' title="bbox 452 3187 2107 3272">
    <p class='ocr_par' dir='ltr' id='par_1_31' title="bbox 452 3187 2107 3272">
     <span class='ocr_line' id='line_1_31' title="bbox 452 3187 2107 3272; baseline -0.007 -18"><span class='ocrx_word' id='word_1_241' title='bbox 452 3200 601 3253; x_wconf 87' lang='grc' dir='ltr'>κάτω</span> <span class='ocrx_word' id='word_1_242' title='bbox 634 3218 647 3231; x_wconf 90' lang='grc'><strong>·</strong></span> <span class='ocrx_word' id='word_1_243' title='bbox 683 3196 831 3272; x_wconf 90' lang='grc' dir='ltr'>λέγω</span> <span class='ocrx_word' id='word_1_244' title='bbox 863 3192 929 3265; x_wconf 73' lang='grc' dir='ltr'>δὴ</span> <span class='ocrx_word' id='word_1_245' title='bbox 965 3191 1055 3248; x_wconf 84' lang='grc' dir='ltr'>διὰ</span> <span class='ocrx_word' id='word_1_246' title='bbox 1081 3198 1189 3248; x_wconf 91' lang='grc' dir='ltr'>τῶν</span> <span class='ocrx_word' id='word_1_247' title='bbox 1235 3197 1333 3247; x_wconf 89' lang='grc' dir='ltr'>τοῦ</span> <span class='ocrx_word' id='word_1_248' title='bbox 1375 3191 1627 3265; x_wconf 86' lang='grc' dir='ltr'>σώματος</span> <span class='ocrx_word' id='word_1_249' title='bbox 1680 3189 1851 3267; x_wconf 81' lang='grc' dir='ltr'>ἔργων</span> <span class='ocrx_word' id='word_1_250' title='bbox 1889 3206 1902 3220; x_wconf 77' lang='grc'><strong><em>⁵</em></strong></span> <span class='ocrx_word' id='word_1_251' title='bbox 1931 3187 2025 3243; x_wconf 65' lang='grc' dir='ltr'>“ίνα</span> <span class='ocrx_word' id='word_1_252' title='bbox 2054 3189 2107 3244; x_wconf 75' lang='grc' dir='ltr'>οἱ</span> 
     </span>
    </p>
   </div>
   <div class='ocr_carea' id='block_1_32' title="bbox 459 3277 2106 3361">
    <p class='ocr_par' dir='ltr' id='par_1_32' title="bbox 459 3277 2106 3361">
     <span class='ocr_line' id='line_1_32' title="bbox 459 3277 2106 3361; baseline -0.005 -19"><span class='ocrx_word' id='word_1_253' title='bbox 459 3288 535 3361; x_wconf 84' lang='grc' dir='ltr'>μή</span> <span class='ocrx_word' id='word_1_254' title='bbox 568 3285 892 3357; x_wconf 76' lang='grc' dir='ltr'>θελήσαντες</span> <span class='ocrx_word' id='word_1_255' title='bbox 922 3283 1080 3338; x_wconf 79' lang='grc' dir='ltr'>αὐτὸν</span> <span class='ocrx_word' id='word_1_256' title='bbox 1112 3286 1316 3358; x_wconf 89' lang='grc' dir='ltr'>γνῶναι</span> <span class='ocrx_word' id='word_1_257' title='bbox 1347 3280 1406 3336; x_wconf 86' lang='grc' dir='ltr'>έκ</span> <span class='ocrx_word' id='word_1_258' title='bbox 1431 3288 1534 3351; x_wconf 85' lang='grc' dir='ltr'>τῆς</span> <span class='ocrx_word' id='word_1_259' title='bbox 1584 3279 1659 3343; x_wconf 87' lang='grc' dir='ltr'>εἰς</span> <span class='ocrx_word' id='word_1_260' title='bbox 1707 3280 1776 3334; x_wconf 75' lang='grc' dir='ltr'>τὸ.</span> <span class='ocrx_word' id='word_1_261' title='bbox 1823 3277 1927 3334; x_wconf 85' lang='grc' dir='ltr'>ὅλα</span> <span class='ocrx_word' id='word_1_262' title='bbox 1972 3298 2106 3355; x_wconf 89' lang='grc' dir='ltr'>προ-</span> 
     </span>
    </p>
   </div>
   <div class='ocr_carea' id='block_1_33' title="bbox 1446 457 2834 527">
    <p class='ocr_par' dir='ltr' id='par_1_33' title="bbox 1446 457 2834 527">
     <span class='ocr_line' id='line_1_33' title="bbox 1446 457 2834 527; baseline 0 -2"><span class='ocrx_word' id='word_1_263' title='bbox 1446 460 1743 525; x_wconf 82' lang='lat' dir='ltr'>ORATIO</span> <span class='ocrx_word' id='word_1_264' title='bbox 1786 459 1889 522; x_wconf 81' lang='lat' dir='ltr'>DE</span> <span class='ocrx_word' id='word_1_265' title='bbox 1933 457 2527 523; x_wconf 83' lang='lat' dir='ltr'>INCARNATIONE</span> <span class='ocrx_word' id='word_1_266' title='bbox 2571 457 2834 527; x_wconf 79' lang='lat' dir='ltr'>VERBI.</span> 
     </span>
    </p>
   </div>
   <div class='ocr_carea' id='block_1_34' title="bbox 824 591 2099 669">
    <p class='ocr_par' dir='ltr' id='par_1_34' title="bbox 824 591 2084 669">
     <span class='ocr_line' id='line_1_34' title="bbox 824 591 2084 669; baseline -0.006 -14"><span class='ocrx_word' id='word_1_267' title='bbox 824 599 973 661; x_wconf 90' lang='grc' dir='ltr'>τίνος</span> <span class='ocrx_word' id='word_1_268' title='bbox 1030 598 1096 669; x_wconf 78' lang='grc' dir='ltr'>ἦν</span> <span class='ocrx_word' id='word_1_269' title='bbox 1154 594 1361 668; x_wconf 78' lang='grc' dir='ltr'>διδάξαι</span> <span class='ocrx_word' id='word_1_270' title='bbox 1414 597 1514 666; x_wconf 77' lang='grc' dir='ltr'>τήν</span> <span class='ocrx_word' id='word_1_271' title='bbox 1573 593 1901 667; x_wconf 74' lang='grc' dir='ltr'>οἰκουμένην</span> <span class='ocrx_word' id='word_1_272' title='bbox 1958 591 2084 668; x_wconf 89' lang='grc' dir='ltr'>περὶ</span> 
     </span>
    </p>
   </div>
   <div class='ocr_carea' id='block_1_35' title="bbox 2212 591 3854 669">
    <p class='ocr_par' dir='ltr' id='par_1_35' title="bbox 2212 593 3854 669">
     <span class='ocr_line' id='line_1_35' title="bbox 2212 593 3854 669; baseline 0.007 -20"><span class='ocrx_word' id='word_1_273' title='bbox 2212 593 2416 665; x_wconf 71' lang='lat' dir='ltr'><strong>ibique</strong></span> <span class='ocrx_word' id='word_1_274' title='bbox 2437 595 2671 664; x_wconf 82' lang='lat' dir='ltr'>latente,</span> <span class='ocrx_word' id='word_1_275' title='bbox 2691 597 2881 669; x_wconf 82' lang='lat' dir='ltr'>cujus,</span> <span class='ocrx_word' id='word_1_276' title='bbox 2910 599 3635 668; x_wconf 84' lang='lat' dir='ltr'><strong>amabo,erathominibus</strong></span> <span class='ocrx_word' id='word_1_277' title='bbox 3664 604 3854 661; x_wconf 79' lang='lat' dir='ltr'>Patris</span> 
     </span>
    </p>
   </div>
   <div class='ocr_carea' id='block_1_36' title="bbox 2198 683 3853 757">
    <p class='ocr_par' dir='ltr' id='par_1_36' title="bbox 2198 683 3853 757">
     <span class='ocr_line' id='line_1_36' title="bbox 2198 683 3853 757; baseline 0.006 -18"><span class='ocrx_word' id='word_1_278' title='bbox 2198 683 2587 755; x_wconf 85' lang='lat' dir='ltr'>cognitionem</span> <span class='ocrx_word' id='word_1_279' title='bbox 2630 686 2973 757; x_wconf 80' lang='lat' dir='ltr'><strong>impertire?</strong></span> <span class='ocrx_word' id='word_1_280' title='bbox 3021 690 3404 746; x_wconf 87' lang='lat' dir='ltr'>Hominisne?</span> <span class='ocrx_word' id='word_1_281' title='bbox 3458 691 3673 748; x_wconf 92' lang='lat' dir='ltr'><strong>Verum</strong></span> <span class='ocrx_word' id='word_1_282' title='bbox 3732 711 3853 749; x_wconf 90' lang='lat' dir='ltr'>non</span> 
     </span>
    </p>
   </div>
   <div class='ocr_carea' id='block_1_37' title="bbox 2198 772 3851 846">
    <p class='ocr_par' dir='ltr' id='par_1_37' title="bbox 2198 772 3851 846">
     <span class='ocr_line' id='line_1_37' title="bbox 2198 772 3851 846; baseline 0.007 -19"><span class='ocrx_word' id='word_1_283' title='bbox 2198 772 2468 828; x_wconf 84' lang='lat' dir='ltr'>humanae</span> <span class='ocrx_word' id='word_1_284' title='bbox 2500 774 2768 846; x_wconf 79' lang='lat' dir='ltr'><strong>potentiae</strong></span> <span class='ocrx_word' id='word_1_285' title='bbox 2800 781 2924 833; x_wconf 89' lang='lat' dir='ltr'><strong>erat</strong></span> <span class='ocrx_word' id='word_1_286' title='bbox 2955 777 3294 835; x_wconf 89' lang='lat' dir='ltr'><strong>universum</strong></span> <span class='ocrx_word' id='word_1_287' title='bbox 3326 784 3619 837; x_wconf 90' lang='lat' dir='ltr'><strong>terrarum</strong></span> <span class='ocrx_word' id='word_1_288' title='bbox 3650 784 3851 839; x_wconf 91' lang='lat' dir='ltr'><strong>orbem</strong></span> 
     </span>
    </p>
   </div>
   <div class='ocr_carea' id='block_1_38' title="bbox 2199 868 3851 941">
    <p class='ocr_par' dir='ltr' id='par_1_38' title="bbox 2199 868 3851 941">
     <span class='ocr_line' id='line_1_38' title="bbox 2199 868 3851 941; baseline 0.008 -25"><span class='ocrx_word' id='word_1_289' title='bbox 2199 878 2528 935; x_wconf 82' lang='lat' dir='ltr'>peragrare,</span> <span class='ocrx_word' id='word_1_290' title='bbox 2562 880 2667 919; x_wconf 91' lang='lat' dir='ltr'>nec</span> <span class='ocrx_word' id='word_1_291' title='bbox 2696 868 2926 921; x_wconf 88' lang='lat' dir='ltr'><strong>tantum</strong></span> <span class='ocrx_word' id='word_1_292' title='bbox 2960 869 3135 939; x_wconf 88' lang='lat' dir='ltr'><strong>spatii</strong></span> <span class='ocrx_word' id='word_1_293' title='bbox 3165 886 3507 941; x_wconf 82' lang='lat' dir='ltr'><strong>percurrere</strong></span> <span class='ocrx_word' id='word_1_294' title='bbox 3540 871 3851 929; x_wconf 87' lang='lat' dir='ltr'>hominum</span> 
     </span>
    </p>
   </div>
   <div class='ocr_carea' id='block_1_39' title="bbox 2200 952 3850 1017">
    <p class='ocr_par' dir='ltr' id='par_1_39' title="bbox 2200 952 3850 1017">
     <span class='ocr_line' id='line_1_39' title="bbox 2200 952 3850 1017; baseline 0.007 -11"><span class='ocrx_word' id='word_1_295' title='bbox 2200 957 2411 1007; x_wconf 86' lang='lat' dir='ltr'><strong>natura</strong></span> <span class='ocrx_word' id='word_1_296' title='bbox 2440 952 2694 1009; x_wconf 78' lang='lat' dir='ltr'><strong>ferebat:</strong></span> <span class='ocrx_word' id='word_1_297' title='bbox 2729 971 2834 1010; x_wconf 90' lang='lat' dir='ltr'>nec</span> <span class='ocrx_word' id='word_1_298' title='bbox 2863 972 2997 1012; x_wconf 91' lang='lat' dir='ltr'><strong>vero</strong></span> <span class='ocrx_word' id='word_1_299' title='bbox 3044 957 3131 1012; x_wconf 85' lang='lat' dir='ltr'>illi</span> <span class='ocrx_word' id='word_1_300' title='bbox 3187 975 3255 1014; x_wconf 91' lang='lat' dir='ltr'>ea</span> <span class='ocrx_word' id='word_1_301' title='bbox 3301 960 3649 1017; x_wconf 81' lang='lat' dir='ltr'><strong>auctoritate</strong></span> <span class='ocrx_word' id='word_1_302' title='bbox 3702 962 3850 1017; x_wconf 85' lang='lat' dir='ltr'><strong>fuis-</strong></span> 
     </span>
    </p>
   </div>
   <div class='ocr_carea' id='block_1_40' title="bbox 2201 1043 3855 1123">
    <p class='ocr_par' dir='ltr' id='par_1_40' title="bbox 2201 1043 3855 1123">
     <span class='ocr_line' id='line_1_40' title="bbox 2201 1043 3855 1123; baseline 0.005 -24"><span class='ocrx_word' id='word_1_303' title='bbox 2201 1046 2350 1111; x_wconf 84' lang='lat' dir='ltr'><strong>sent,</strong></span> <span class='ocrx_word' id='word_1_304' title='bbox 2387 1048 2452 1097; x_wconf 88' lang='lat' dir='ltr'><strong>ut</strong></span> <span class='ocrx_word' id='word_1_305' title='bbox 2480 1043 2593 1097; x_wconf 85' lang='lat' dir='ltr'>sibi</span> <span class='ocrx_word' id='word_1_306' title='bbox 2620 1043 2729 1098; x_wconf 89' lang='lat' dir='ltr'><strong>hac</strong></span> <span class='ocrx_word' id='word_1_307' title='bbox 2760 1044 2830 1099; x_wconf 95' lang='lat' dir='ltr'><strong>de</strong></span> <span class='ocrx_word' id='word_1_308' title='bbox 2859 1061 2920 1100; x_wconf 90' lang='lat' dir='ltr'>re</span> <span class='ocrx_word' id='word_1_309' title='bbox 2937 1046 3081 1103; x_wconf 86' lang='lat' dir='ltr'><strong>ﬁdes</strong></span> <span class='ocrx_word' id='word_1_310' title='bbox 3111 1047 3448 1116; x_wconf 86' lang='lat' dir='ltr'><strong>haberetur,</strong></span> <span class='ocrx_word' id='word_1_311' title='bbox 3473 1066 3578 1106; x_wconf 89' lang='lat' dir='ltr'>nec</span> <span class='ocrx_word' id='word_1_312' title='bbox 3601 1052 3855 1123; x_wconf 89' lang='lat' dir='ltr'><strong>denique</strong></span> 
     </span>
    </p>
   </div>
   <div class='ocr_carea' id='block_1_41' title="bbox 2202 1132 3851 1212">
    <p class='ocr_par' dir='ltr' id='par_1_41' title="bbox 2202 1132 3851 1212">
     <span class='ocr_line' id='line_1_41' title="bbox 2202 1132 3851 1212; baseline 0.006 -26"><span class='ocrx_word' id='word_1_313' title='bbox 2202 1132 2537 1187; x_wconf 68' lang='lat' dir='ltr'><strong>daemonum</strong></span> <span class='ocrx_word' id='word_1_314' title='bbox 2568 1132 2820 1188; x_wconf 83' lang='lat' dir='ltr'>fallaciis</span> <span class='ocrx_word' id='word_1_315' title='bbox 2850 1139 2905 1189; x_wconf 92' lang='lat' dir='ltr'>et</span> <span class='ocrx_word' id='word_1_316' title='bbox 2935 1137 3248 1209; x_wconf 67' lang='lat' dir='ltr'><strong>praestigiis</strong></span> <span class='ocrx_word' id='word_1_317' title='bbox 3279 1154 3383 1210; x_wconf 89' lang='lat' dir='ltr'><strong>per</strong></span> <span class='ocrx_word' id='word_1_318' title='bbox 3430 1139 3656 1212; x_wconf 89' lang='lat' dir='ltr'><strong>seipsos</strong></span> <span class='ocrx_word' id='word_1_319' title='bbox 3706 1142 3851 1197; x_wconf 90' lang='lat' dir='ltr'><strong>resi-</strong></span> 
     </span>
    </p>
   </div>
   <div class='ocr_carea' id='block_1_42' title="bbox 2203 1220 3855 1287">
    <p class='ocr_par' dir='ltr' id='par_1_42' title="bbox 2203 1220 3855 1287">
     <span class='ocr_line' id='line_1_42' title="bbox 2203 1220 3855 1287; baseline 0.007 -11"><span class='ocrx_word' id='word_1_320' title='bbox 2203 1226 2355 1277; x_wconf 90' lang='lat' dir='ltr'><strong>stere</strong></span> <span class='ocrx_word' id='word_1_321' title='bbox 2401 1220 2691 1278; x_wconf 91' lang='lat' dir='ltr'><strong>valebant.</strong></span> <span class='ocrx_word' id='word_1_322' title='bbox 2739 1222 3017 1280; x_wconf 91' lang='lat' dir='ltr'>Omnium</span> <span class='ocrx_word' id='word_1_323' title='bbox 3062 1227 3220 1281; x_wconf 91' lang='lat' dir='ltr'><strong>enim</strong></span> <span class='ocrx_word' id='word_1_324' title='bbox 3269 1227 3484 1285; x_wconf 88' lang='lat' dir='ltr'><strong>animis</strong></span> <span class='ocrx_word' id='word_1_325' title='bbox 3530 1231 3855 1287; x_wconf 58' lang='lat' dir='ltr'><strong>damonica</strong></span> 
     </span>
    </p>
   </div>
   <div class='ocr_carea' id='block_1_43' title="bbox 2205 1310 3850 1377">
    <p class='ocr_par' dir='ltr' id='par_1_43' title="bbox 2205 1310 3850 1377">
     <span class='ocr_line' id='line_1_43' title="bbox 2205 1310 3850 1377; baseline 0.007 -12"><span class='ocrx_word' id='word_1_326' title='bbox 2205 1311 2409 1367; x_wconf 84' lang='lat' dir='ltr'><strong>fraude</strong></span> <span class='ocrx_word' id='word_1_327' title='bbox 2455 1328 2518 1367; x_wconf 91' lang='lat' dir='ltr'>ac</span> <span class='ocrx_word' id='word_1_328' title='bbox 2550 1310 2841 1366; x_wconf 87' lang='lat' dir='ltr'>idolorum</span> <span class='ocrx_word' id='word_1_329' title='bbox 2867 1314 3119 1370; x_wconf 87' lang='lat' dir='ltr'><strong>vanitate</strong></span> <span class='ocrx_word' id='word_1_330' title='bbox 3151 1316 3562 1373; x_wconf 91' lang='lat' dir='ltr'><strong>circumventis</strong></span> <span class='ocrx_word' id='word_1_331' title='bbox 3593 1324 3650 1374; x_wconf 91' lang='lat' dir='ltr'>et</span> <span class='ocrx_word' id='word_1_332' title='bbox 3706 1336 3850 1377; x_wconf 90' lang='lat' dir='ltr'>con-</span> 
     </span>
    </p>
   </div>
   <div class='ocr_carea' id='block_1_44' title="bbox 2205 1400 3852 1474">
    <p class='ocr_par' dir='ltr' id='par_1_44' title="bbox 2205 1400 3852 1474">
     <span class='ocr_line' id='line_1_44' title="bbox 2205 1400 3852 1474; baseline 0.007 -20"><span class='ocrx_word' id='word_1_333' title='bbox 2205 1400 2479 1469; x_wconf 90' lang='lat' dir='ltr'><strong>turbatis,</strong></span> <span class='ocrx_word' id='word_1_334' title='bbox 2513 1400 2614 1472; x_wconf 88' lang='lat' dir='ltr'>qui</span> <span class='ocrx_word' id='word_1_335' title='bbox 2644 1401 2768 1456; x_wconf 85' lang='lat' dir='ltr'><strong>fieri</strong></span> <span class='ocrx_word' id='word_1_336' title='bbox 2800 1407 3045 1474; x_wconf 87' lang='lat' dir='ltr'><strong>poterat,</strong></span> <span class='ocrx_word' id='word_1_337' title='bbox 3080 1408 3144 1459; x_wconf 90' lang='lat' dir='ltr'><strong>ut</strong></span> <span class='ocrx_word' id='word_1_338' title='bbox 3173 1404 3432 1462; x_wconf 85' lang='lat' dir='ltr'>hominis</span> <span class='ocrx_word' id='word_1_339' title='bbox 3478 1408 3741 1464; x_wconf 89' lang='lat' dir='ltr'><strong>animam</strong></span> <span class='ocrx_word' id='word_1_340' title='bbox 3792 1412 3852 1464; x_wconf 90' lang='lat' dir='ltr'>et</span> 
     </span>
    </p>
   </div>
   <div class='ocr_carea' id='block_1_45' title="bbox 2205 1488 3849 1566">
    <p class='ocr_par' dir='ltr' id='par_1_45' title="bbox 2205 1488 3849 1566">
     <span class='ocr_line' id='line_1_45' title="bbox 2205 1488 3849 1566; baseline 0.006 -22"><span class='ocrx_word' id='word_1_341' title='bbox 2205 1488 2514 1545; x_wconf 89' lang='lat' dir='ltr'>hominum</span> <span class='ocrx_word' id='word_1_342' title='bbox 2573 1494 2829 1545; x_wconf 89' lang='lat' dir='ltr'><strong>mentem</strong></span> <span class='ocrx_word' id='word_1_343' title='bbox 2870 1498 3142 1564; x_wconf 85' lang='lat' dir='ltr'><strong>cogerent</strong></span> <span class='ocrx_word' id='word_1_344' title='bbox 3192 1495 3545 1551; x_wconf 89' lang='lat' dir='ltr'><strong>sententiam</strong></span> <span class='ocrx_word' id='word_1_345' title='bbox 3596 1503 3849 1566; x_wconf 89' lang='lat' dir='ltr'><strong>mutare,</strong></span> 
     </span>
    </p>
   </div>
   <div class='ocr_carea' id='block_1_46' title="bbox 2205 1578 3854 1654">
    <p class='ocr_par' dir='ltr' id='par_1_46' title="bbox 2205 1578 3854 1654">
     <span class='ocr_line' id='line_1_46' title="bbox 2205 1578 3854 1654; baseline 0.005 -20"><span class='ocrx_word' id='word_1_346' title='bbox 2205 1594 2341 1634; x_wconf 92' lang='lat' dir='ltr'>cum</span> <span class='ocrx_word' id='word_1_347' title='bbox 2372 1579 2445 1634; x_wconf 92' lang='lat' dir='ltr'>ab</span> <span class='ocrx_word' id='word_1_348' title='bbox 2476 1578 2593 1635; x_wconf 90' lang='lat' dir='ltr'>illis</span> <span class='ocrx_word' id='word_1_349' title='bbox 2618 1595 2690 1634; x_wconf 92' lang='lat' dir='ltr'><strong>ne</strong></span> <span class='ocrx_word' id='word_1_350' title='bbox 2719 1579 2901 1635; x_wconf 83' lang='lat' dir='ltr'><strong>videri</strong></span> <span class='ocrx_word' id='word_1_351' title='bbox 2935 1580 3173 1652; x_wconf 90' lang='lat' dir='ltr'>quidem</span> <span class='ocrx_word' id='word_1_352' title='bbox 3212 1583 3496 1654; x_wconf 84' lang='lat' dir='ltr'><strong>possent?</strong></span> <span class='ocrx_word' id='word_1_353' title='bbox 3526 1585 3689 1649; x_wconf 89' lang='lat' dir='ltr'>Quod</span> <span class='ocrx_word' id='word_1_354' title='bbox 3719 1602 3854 1643; x_wconf 91' lang='lat' dir='ltr'><strong>vero</strong></span> 
     </span>
    </p>
   </div>
   <div class='ocr_carea' id='block_1_47' title="bbox 2207 1668 3855 1741">
    <p class='ocr_par' dir='ltr' id='par_1_47' title="bbox 2207 1668 3855 1741">
     <span class='ocr_line' id='line_1_47' title="bbox 2207 1668 3855 1741; baseline 0.004 -16"><span class='ocrx_word' id='word_1_355' title='bbox 2207 1685 2324 1725; x_wconf 89' lang='lat' dir='ltr'><strong>non</strong></span> <span class='ocrx_word' id='word_1_356' title='bbox 2355 1668 2510 1724; x_wconf 89' lang='lat' dir='ltr'>videt</span> <span class='ocrx_word' id='word_1_357' title='bbox 2558 1668 2712 1741; x_wconf 88' lang='lat' dir='ltr'>quis,</span> <span class='ocrx_word' id='word_1_358' title='bbox 2764 1671 3059 1741; x_wconf 91' lang='lat' dir='ltr'><strong>quomodo</strong></span> <span class='ocrx_word' id='word_1_359' title='bbox 3112 1688 3181 1727; x_wconf 84' lang='lat' dir='ltr'><strong>ex</strong></span> <span class='ocrx_word' id='word_1_360' title='bbox 3227 1673 3519 1730; x_wconf 90' lang='lat' dir='ltr'><strong>sententia</strong></span> <span class='ocrx_word' id='word_1_361' title='bbox 3569 1675 3855 1732; x_wconf 87' lang='lat' dir='ltr'>deducere</span> 
     </span>
    </p>
   </div>
   <div class='ocr_carea' id='block_1_48' title="bbox 2208 1757 3851 1834">
    <p class='ocr_par' dir='ltr' id='par_1_48' title="bbox 2208 1757 3851 1834">
     <span class='ocr_line' id='line_1_48' title="bbox 2208 1757 3851 1834; baseline 0.005 -22"><span class='ocrx_word' id='word_1_362' title='bbox 2208 1757 2443 1829; x_wconf 82' lang='lat' dir='ltr'><strong>potest?</strong></span> <span class='ocrx_word' id='word_1_363' title='bbox 2482 1758 2594 1814; x_wconf 91' lang='lat' dir='ltr'>Sed</span> <span class='ocrx_word' id='word_1_364' title='bbox 2641 1758 2790 1815; x_wconf 80' lang='lat' dir='ltr'><strong>forte</strong></span> <span class='ocrx_word' id='word_1_365' title='bbox 2848 1760 3060 1816; x_wconf 83' lang='lat' dir='ltr'>dixerit</span> <span class='ocrx_word' id='word_1_366' title='bbox 3107 1761 3324 1834; x_wconf 90' lang='lat' dir='ltr'><strong>aliquis</strong></span> <span class='ocrx_word' id='word_1_367' title='bbox 3372 1779 3465 1819; x_wconf 90' lang='lat' dir='ltr'>res</span> <span class='ocrx_word' id='word_1_368' title='bbox 3514 1770 3737 1821; x_wconf 84' lang='lat' dir='ltr'><strong>creatas</strong></span> <span class='ocrx_word' id='word_1_369' title='bbox 3792 1766 3851 1821; x_wconf 90' lang='lat' dir='ltr'>id</span> 
     </span>
    </p>
   </div>
   <div class='ocr_carea' id='block_1_49' title="bbox 2210 1848 3863 1923">
    <p class='ocr_par' dir='ltr' id='par_1_49' title="bbox 2210 1848 3863 1923">
     <span class='ocr_line' id='line_1_49' title="bbox 2210 1848 3863 1923; baseline 0.005 -21"><span class='ocrx_word' id='word_1_370' title='bbox 2210 1850 2487 1918; x_wconf 59' lang='lat' dir='ltr'><strong>prastare</strong></span> <span class='ocrx_word' id='word_1_371' title='bbox 2514 1848 2799 1920; x_wconf 91' lang='lat' dir='ltr'><strong>potuisse.</strong></span> <span class='ocrx_word' id='word_1_372' title='bbox 2834 1848 3051 1905; x_wconf 89' lang='lat' dir='ltr'><strong>Verum</strong></span> <span class='ocrx_word' id='word_1_373' title='bbox 3084 1849 3133 1905; x_wconf 92' lang='lat' dir='ltr'>si</span> <span class='ocrx_word' id='word_1_374' title='bbox 3164 1850 3516 1923; x_wconf 89' lang='lat' dir='ltr'><strong>potuissent,</strong></span> <span class='ocrx_word' id='word_1_375' title='bbox 3548 1870 3663 1909; x_wconf 92' lang='lat' dir='ltr'><strong>non</strong></span> <span class='ocrx_word' id='word_1_376' title='bbox 3695 1859 3863 1923; x_wconf 79' lang='lat' dir='ltr'><strong>tanta</strong></span> 
     </span>
    </p>
   </div>
   <div class='ocr_carea' id='block_1_50' title="bbox 2213 1937 3859 2015">
    <p class='ocr_par' dir='ltr' id='par_1_50' title="bbox 2213 1937 3859 2015">
     <span class='ocr_line' id='line_1_50' title="bbox 2213 1937 3859 2015; baseline 0.005 -24"><span class='ocrx_word' id='word_1_377' title='bbox 2213 1937 2469 2008; x_wconf 85' lang='lat' dir='ltr'><strong>profecto</strong></span> <span class='ocrx_word' id='word_1_378' title='bbox 2504 1937 2660 1993; x_wconf 91' lang='lat' dir='ltr'><strong>mala</strong></span> <span class='ocrx_word' id='word_1_379' title='bbox 2688 1938 3037 1994; x_wconf 86' lang='lat' dir='ltr'>evenissent.</span> <span class='ocrx_word' id='word_1_380' title='bbox 3064 1940 3432 1997; x_wconf 80' lang='lat' dir='ltr'><strong>Exsistebant</strong></span> <span class='ocrx_word' id='word_1_381' title='bbox 3454 1942 3743 2015; x_wconf 88' lang='lat' dir='ltr'>siquidem</span> <span class='ocrx_word' id='word_1_382' title='bbox 3766 1961 3859 2000; x_wconf 89' lang='lat' dir='ltr'>res</span> 
     </span>
    </p>
   </div>
   <div class='ocr_carea' id='block_1_51' title="bbox 2133 1997 3862 2090">
    <p class='ocr_par' dir='ltr' id='par_1_51' title="bbox 2133 1997 3862 2090">
     <span class='ocr_line' id='line_1_51' title="bbox 2133 1997 3862 2090; baseline 0.006 -10"><span class='ocrx_word' id='word_1_383' title='bbox 2133 1997 2181 2063; x_wconf 83' lang='lat' dir='ltr'><strong>B</strong></span> <span class='ocrx_word' id='word_1_384' title='bbox 2213 2031 2417 2083; x_wconf 69' lang='lat' dir='ltr'><strong>creatae</strong></span> <span class='ocrx_word' id='word_1_385' title='bbox 2445 2044 2457 2083; x_wconf 90' lang='lat'><strong>:</strong></span> <span class='ocrx_word' id='word_1_386' title='bbox 2492 2031 2551 2083; x_wconf 90' lang='lat' dir='ltr'>at</span> <span class='ocrx_word' id='word_1_387' title='bbox 2581 2027 2850 2084; x_wconf 88' lang='lat' dir='ltr'><strong>homines</strong></span> <span class='ocrx_word' id='word_1_388' title='bbox 2872 2028 3260 2086; x_wconf 88' lang='lat' dir='ltr'>nihilominus</span> <span class='ocrx_word' id='word_1_389' title='bbox 3283 2032 3382 2087; x_wconf 78' lang='lat'>48</span> <span class='ocrx_word' id='word_1_390' title='bbox 3402 2032 3462 2088; x_wconf 90' lang='lat' dir='ltr'><strong>in</strong></span> <span class='ocrx_word' id='word_1_391' title='bbox 3484 2033 3687 2089; x_wconf 88' lang='lat' dir='ltr'><strong>eodem</strong></span> <span class='ocrx_word' id='word_1_392' title='bbox 3707 2033 3862 2090; x_wconf 86' lang='lat' dir='ltr'><strong>circa</strong></span> 
     </span>
    </p>
   </div>
   <div class='ocr_carea' id='block_1_52' title="bbox 2212 2116 3858 2193">
    <p class='ocr_par' dir='ltr' id='par_1_52' title="bbox 2212 2116 3858 2193">
     <span class='ocr_line' id='line_1_52' title="bbox 2212 2116 3858 2193; baseline 0.004 -23"><span class='ocrx_word' id='word_1_393' title='bbox 2212 2116 2625 2171; x_wconf 60' lang='lat' dir='ltr'><strong>Deum-errore</strong></span> <span class='ocrx_word' id='word_1_394' title='bbox 2653 2116 3089 2173; x_wconf 88' lang='lat' dir='ltr'><strong>volutabantur.</strong></span> <span class='ocrx_word' id='word_1_395' title='bbox 3124 2118 3303 2189; x_wconf 86' lang='lat' dir='ltr'>Cujus</span> <span class='ocrx_word' id='word_1_396' title='bbox 3334 2136 3471 2192; x_wconf 81' lang='lat' dir='ltr'><strong>ergo</strong></span> <span class='ocrx_word' id='word_1_397' title='bbox 3502 2119 3652 2176; x_wconf 89' lang='lat' dir='ltr'><strong>alius</strong></span> <span class='ocrx_word' id='word_1_398' title='bbox 3710 2138 3858 2193; x_wconf 90' lang='lat' dir='ltr'><strong>opus</strong></span> 
     </span>
    </p>
   </div>
   <div class='ocr_carea' id='block_1_53' title="bbox 2214 2205 3860 2279">
    <p class='ocr_par' dir='ltr' id='par_1_53' title="bbox 2214 2205 3860 2279">
     <span class='ocr_line' id='line_1_53' title="bbox 2214 2205 3860 2279; baseline 0.004 -20"><span class='ocrx_word' id='word_1_399' title='bbox 2214 2205 2343 2272; x_wconf 82' lang='lat' dir='ltr'><strong>fuit,</strong></span> <span class='ocrx_word' id='word_1_400' title='bbox 2377 2221 2554 2276; x_wconf 90' lang='lat' dir='ltr'><strong>quam</strong></span> <span class='ocrx_word' id='word_1_401' title='bbox 2587 2205 2689 2261; x_wconf 89' lang='lat' dir='ltr'><strong>Dei</strong></span> <span class='ocrx_word' id='word_1_402' title='bbox 2720 2206 2893 2261; x_wconf 92' lang='lat' dir='ltr'>Verbi</span> <span class='ocrx_word' id='word_1_403' title='bbox 2927 2208 3081 2279; x_wconf 88' lang='lat' dir='ltr'><strong>quod</strong></span> <span class='ocrx_word' id='word_1_404' title='bbox 3115 2208 3372 2265; x_wconf 89' lang='lat' dir='ltr'><strong>animam</strong></span> <span class='ocrx_word' id='word_1_405' title='bbox 3406 2214 3464 2265; x_wconf 92' lang='lat' dir='ltr'>et</span> <span class='ocrx_word' id='word_1_406' title='bbox 3494 2216 3750 2266; x_wconf 87' lang='lat' dir='ltr'><strong>mentem</strong></span> <span class='ocrx_word' id='word_1_407' title='bbox 3770 2211 3860 2266; x_wconf 91' lang='lat' dir='ltr'>in-</span> 
     </span>
    </p>
   </div>
   <div class='ocr_carea' id='block_1_54' title="bbox 2212 2295 3863 2372">
    <p class='ocr_par' dir='ltr' id='par_1_54' title="bbox 2212 2295 3863 2372">
     <span class='ocr_line' id='line_1_54' title="bbox 2212 2295 3863 2372; baseline 0.004 -23"><span class='ocrx_word' id='word_1_408' title='bbox 2212 2298 2430 2364; x_wconf 86' lang='lat' dir='ltr'><strong>tuetur,</strong></span> <span class='ocrx_word' id='word_1_409' title='bbox 2463 2295 2777 2367; x_wconf 89' lang='lat' dir='ltr'><strong>omniaque</strong></span> <span class='ocrx_word' id='word_1_410' title='bbox 2806 2296 2865 2351; x_wconf 91' lang='lat' dir='ltr'><strong>in</strong></span> <span class='ocrx_word' id='word_1_411' title='bbox 2889 2302 3102 2353; x_wconf 88' lang='lat' dir='ltr'><strong>natura</strong></span> <span class='ocrx_word' id='word_1_412' title='bbox 3133 2303 3343 2370; x_wconf 88' lang='lat' dir='ltr'><strong>movet,</strong></span> <span class='ocrx_word' id='word_1_413' title='bbox 3395 2304 3453 2355; x_wconf 93' lang='lat' dir='ltr'>et</span> <span class='ocrx_word' id='word_1_414' title='bbox 3500 2315 3603 2372; x_wconf 89' lang='lat' dir='ltr'><strong>per</strong></span> <span class='ocrx_word' id='word_1_415' title='bbox 3633 2299 3733 2355; x_wconf 88' lang='lat' dir='ltr'><strong>illa</strong></span> <span class='ocrx_word' id='word_1_416' title='bbox 3764 2301 3863 2356; x_wconf 87' lang='lat' dir='ltr'><strong>Pa-</strong></span> 
     </span>
    </p>
   </div>
   <div class='ocr_carea' id='block_1_55' title="bbox 2212 2385 3866 2462">
    <p class='ocr_par' dir='ltr' id='par_1_55' title="bbox 2212 2385 3866 2462">
     <span class='ocr_line' id='line_1_55' title="bbox 2212 2385 3866 2462; baseline 0.004 -25"><span class='ocrx_word' id='word_1_417' title='bbox 2212 2387 2361 2438; x_wconf 90' lang='lat' dir='ltr'><strong>trem</strong></span> <span class='ocrx_word' id='word_1_418' title='bbox 2392 2389 2598 2439; x_wconf 91' lang='lat' dir='ltr'><strong>notum</strong></span> <span class='ocrx_word' id='word_1_419' title='bbox 2628 2386 2769 2440; x_wconf 83' lang='lat' dir='ltr'>facit</span> <span class='ocrx_word' id='word_1_420' title='bbox 2786 2385 2813 2440; x_wconf 80' lang='lat'><strong>?</strong></span> <span class='ocrx_word' id='word_1_421' title='bbox 2835 2385 2975 2457; x_wconf 86' lang='lat' dir='ltr'><strong>Ejus</strong></span> <span class='ocrx_word' id='word_1_422' title='bbox 2991 2386 3145 2442; x_wconf 91' lang='lat' dir='ltr'><strong>enim</strong></span> <span class='ocrx_word' id='word_1_423' title='bbox 3168 2393 3320 2444; x_wconf 88' lang='lat' dir='ltr'><strong>certe</strong></span> <span class='ocrx_word' id='word_1_424' title='bbox 3337 2393 3479 2459; x_wconf 87' lang='lat' dir='ltr'><strong>erat,</strong></span> <span class='ocrx_word' id='word_1_425' title='bbox 3504 2388 3605 2461; x_wconf 88' lang='lat' dir='ltr'>qui</span> <span class='ocrx_word' id='word_1_426' title='bbox 3626 2389 3866 2462; x_wconf 90' lang='lat' dir='ltr'><strong>propria</strong></span> 
     </span>
    </p>
   </div>
   <div class='ocr_carea' id='block_1_56' title="bbox 2214 2473 3867 2551">
    <p class='ocr_par' dir='ltr' id='par_1_56' title="bbox 2214 2473 3867 2551">
     <span class='ocr_line' id='line_1_56' title="bbox 2214 2473 3867 2551; baseline 0.005 -24"><span class='ocrx_word' id='word_1_427' title='bbox 2214 2473 2582 2545; x_wconf 87' lang='lat' dir='ltr'><strong>providentia</strong></span> <span class='ocrx_word' id='word_1_428' title='bbox 2610 2480 2666 2530; x_wconf 91' lang='lat' dir='ltr'><strong>et</strong></span> <span class='ocrx_word' id='word_1_429' title='bbox 2696 2492 2891 2530; x_wconf 89' lang='lat' dir='ltr'>rerum</span> <span class='ocrx_word' id='word_1_430' title='bbox 2916 2476 3326 2533; x_wconf 90' lang='lat' dir='ltr'><strong>universarum</strong></span> <span class='ocrx_word' id='word_1_431' title='bbox 3350 2478 3737 2551; x_wconf 87' lang='lat' dir='ltr'><strong>dispositione</strong></span> <span class='ocrx_word' id='word_1_432' title='bbox 3761 2480 3867 2535; x_wconf 88' lang='lat' dir='ltr'>Pa-</span> 
     </span>
    </p>
   </div>
   <div class='ocr_carea' id='block_1_57' title="bbox 2214 2564 3868 2635">
    <p class='ocr_par' dir='ltr' id='par_1_57' title="bbox 2214 2564 3868 2635">
     <span class='ocr_line' id='line_1_57' title="bbox 2214 2564 3868 2635; baseline 0.004 -18"><span class='ocrx_word' id='word_1_433' title='bbox 2214 2564 2323 2619; x_wconf 86' lang='lat' dir='ltr'><strong>tris</strong></span> <span class='ocrx_word' id='word_1_434' title='bbox 2352 2564 2744 2635; x_wconf 87' lang='lat' dir='ltr'>cognitionem</span> <span class='ocrx_word' id='word_1_435' title='bbox 2776 2565 2965 2631; x_wconf 90' lang='lat' dir='ltr'>docet,</span> <span class='ocrx_word' id='word_1_436' title='bbox 2996 2567 3263 2623; x_wconf 87' lang='lat' dir='ltr'><strong>eamdem</strong></span> <span class='ocrx_word' id='word_1_437' title='bbox 3311 2569 3639 2624; x_wconf 91' lang='lat' dir='ltr'><strong>doctrinam</strong></span> <span class='ocrx_word' id='word_1_438' title='bbox 3688 2586 3868 2625; x_wconf 78' lang='lat' dir='ltr'>reno-</span> 
     </span>
    </p>
   </div>
   <div class='ocr_carea' id='block_1_58' title="bbox 2214 2654 3861 2731">
    <p class='ocr_par' dir='ltr' id='par_1_58' title="bbox 2214 2654 3861 2731">
     <span class='ocr_line' id='line_1_58' title="bbox 2214 2654 3861 2731; baseline 0.004 -23"><span class='ocrx_word' id='word_1_439' title='bbox 2214 2670 2368 2709; x_wconf 89' lang='lat' dir='ltr'><strong>vare.</strong></span> <span class='ocrx_word' id='word_1_440' title='bbox 2402 2655 2703 2719; x_wconf 84' lang='lat' dir='ltr'><strong>Quomodo</strong></span> <span class='ocrx_word' id='word_1_441' title='bbox 2734 2654 2915 2727; x_wconf 85' lang='lat' dir='ltr'><strong>igitur</strong></span> <span class='ocrx_word' id='word_1_442' title='bbox 2946 2656 3002 2711; x_wconf 90' lang='lat' dir='ltr'>id</span> <span class='ocrx_word' id='word_1_443' title='bbox 3044 2657 3169 2712; x_wconf 83' lang='lat' dir='ltr'><strong>ﬁeri</strong></span> <span class='ocrx_word' id='word_1_444' title='bbox 3219 2657 3555 2729; x_wconf 83' lang='lat' dir='ltr'><strong>potuisset?</strong></span> <span class='ocrx_word' id='word_1_445' title='bbox 3601 2658 3861 2731; x_wconf 83' lang='lat' dir='ltr'><strong>Respon-</strong></span> 
     </span>
    </p>
   </div>
   <div class='ocr_carea' id='block_1_59' title="bbox 2215 2742 3870 2818">
    <p class='ocr_par' dir='ltr' id='par_1_59' title="bbox 2215 2742 3870 2818">
     <span class='ocr_line' id='line_1_59' title="bbox 2215 2742 3870 2818; baseline 0.005 -22"><span class='ocrx_word' id='word_1_446' title='bbox 2215 2743 2365 2797; x_wconf 91' lang='lat' dir='ltr'><strong>derit</strong></span> <span class='ocrx_word' id='word_1_447' title='bbox 2395 2742 2541 2798; x_wconf 85' lang='lat' dir='ltr'><strong>forte</strong></span> <span class='ocrx_word' id='word_1_448' title='bbox 2572 2742 2808 2816; x_wconf 86' lang='lat' dir='ltr'>aliquis,</span> <span class='ocrx_word' id='word_1_449' title='bbox 2844 2761 2945 2817; x_wconf 91' lang='lat' dir='ltr'><strong>per</strong></span> <span class='ocrx_word' id='word_1_450' title='bbox 2965 2745 3170 2801; x_wconf 89' lang='lat' dir='ltr'><strong>eadem</strong></span> <span class='ocrx_word' id='word_1_451' title='bbox 3201 2746 3461 2818; x_wconf 88' lang='lat' dir='ltr'><strong>potuisse</strong></span> <span class='ocrx_word' id='word_1_452' title='bbox 3511 2747 3659 2817; x_wconf 85' lang='lat' dir='ltr'><strong>ﬁeri,</strong></span> <span class='ocrx_word' id='word_1_453' title='bbox 3691 2747 3772 2803; x_wconf 89' lang='lat' dir='ltr'>ita</span> <span class='ocrx_word' id='word_1_454' title='bbox 3803 2753 3870 2805; x_wconf 90' lang='lat' dir='ltr'><strong>ut</strong></span> 
     </span>
    </p>
   </div>
   <div class='ocr_carea' id='block_1_60' title="bbox 2216 2831 3863 2909">
    <p class='ocr_par' dir='ltr' id='par_1_60' title="bbox 2216 2831 3863 2909">
     <span class='ocr_line' id='line_1_60' title="bbox 2216 2831 3863 2909; baseline 0.004 -22"><span class='ocrx_word' id='word_1_455' title='bbox 2216 2831 2439 2887; x_wconf 89' lang='lat' dir='ltr'><strong>scilicet</strong></span> <span class='ocrx_word' id='word_1_456' title='bbox 2466 2850 2533 2888; x_wconf 88' lang='lat' dir='ltr'><strong>ex</strong></span> <span class='ocrx_word' id='word_1_457' title='bbox 2564 2838 2768 2888; x_wconf 78' lang='lat' dir='ltr'><strong>creatae</strong></span> <span class='ocrx_word' id='word_1_458' title='bbox 2825 2839 3049 2891; x_wconf 71' lang='lat' dir='ltr'><strong>naturae</strong></span> <span class='ocrx_word' id='word_1_459' title='bbox 3112 2836 3388 2909; x_wconf 90' lang='lat' dir='ltr'><strong>operibus</strong></span> <span class='ocrx_word' id='word_1_460' title='bbox 3435 2836 3605 2893; x_wconf 81' lang='lat' dir='ltr'><strong>Pater‘</strong></span> <span class='ocrx_word' id='word_1_461' title='bbox 3649 2838 3863 2893; x_wconf 90' lang='lat' dir='ltr'><strong>iterum</strong></span> 
     </span>
    </p>
   </div>
   <div class='ocr_carea' id='block_1_61' title="bbox 2218 2923 3863 2995">
    <p class='ocr_par' dir='ltr' id='par_1_61' title="bbox 2218 2923 3863 2995">
     <span class='ocr_line' id='line_1_61' title="bbox 2218 2923 3863 2995; baseline 0.004 -19"><span class='ocrx_word' id='word_1_462' title='bbox 2218 2928 2685 2995; x_wconf 86' lang='lat' dir='ltr'><strong>cognosceretur.</strong></span> <span class='ocrx_word' id='word_1_463' title='bbox 2717 2923 2895 2994; x_wconf 89' lang='lat' dir='ltr'><strong>Atqui</strong></span> <span class='ocrx_word' id='word_1_464' title='bbox 2917 2923 2973 2979; x_wconf 92' lang='lat' dir='ltr'>id</span> <span class='ocrx_word' id='word_1_465' title='bbox 2988 2924 3231 2980; x_wconf 91' lang='lat' dir='ltr'><strong>minime</strong></span> <span class='ocrx_word' id='word_1_466' title='bbox 3251 2942 3522 2981; x_wconf 89' lang='lat' dir='ltr'><strong>securum</strong></span> <span class='ocrx_word' id='word_1_467' title='bbox 3544 2931 3688 2982; x_wconf 89' lang='lat' dir='ltr'><strong>erat.</strong></span> <span class='ocrx_word' id='word_1_468' title='bbox 3712 2926 3863 2993; x_wconf 88' lang='lat' dir='ltr'><strong>Non,</strong></span> 
     </span>
    </p>
   </div>
   <div class='ocr_carea' id='block_1_62' title="bbox 2217 3010 3871 3090">
    <p class='ocr_par' dir='ltr' id='par_1_62' title="bbox 2217 3010 3871 3090">
     <span class='ocr_line' id='line_1_62' title="bbox 2217 3010 3871 3090; baseline 0.004 -25"><span class='ocrx_word' id='word_1_469' title='bbox 2217 3010 2481 3081; x_wconf 88' lang='lat' dir='ltr'><strong>inquam,</strong></span> <span class='ocrx_word' id='word_1_470' title='bbox 2515 3028 2789 3067; x_wconf 92' lang='lat' dir='ltr'>securum</span> <span class='ocrx_word' id='word_1_471' title='bbox 2820 3017 2979 3068; x_wconf 90' lang='lat' dir='ltr'><strong>erat:</strong></span> <span class='ocrx_word' id='word_1_472' title='bbox 3014 3013 3274 3086; x_wconf 91' lang='lat' dir='ltr'><strong>idipsum</strong></span> <span class='ocrx_word' id='word_1_473' title='bbox 3306 3016 3463 3071; x_wconf 89' lang='lat' dir='ltr'>enim</span> <span class='ocrx_word' id='word_1_474' title='bbox 3486 3016 3649 3088; x_wconf 90' lang='lat' dir='ltr'><strong>prius</strong></span> <span class='ocrx_word' id='word_1_475' title='bbox 3677 3015 3871 3090; x_wconf 86' lang='lat' dir='ltr'><strong>negle-</strong></span> 
     </span>
    </p>
   </div>
   <div class='ocr_carea' id='block_1_63' title="bbox 2215 3101 3870 3177">
    <p class='ocr_par' dir='ltr' id='par_1_63' title="bbox 2215 3101 3870 3177">
     <span class='ocr_line' id='line_1_63' title="bbox 2215 3101 3870 3177; baseline 0.004 -21"><span class='ocrx_word' id='word_1_476' title='bbox 2215 3107 2422 3157; x_wconf 82' lang='lat' dir='ltr'><strong>xerant</strong></span> <span class='ocrx_word' id='word_1_477' title='bbox 2443 3101 2745 3171; x_wconf 89' lang='lat' dir='ltr'><strong>homines;</strong></span> <span class='ocrx_word' id='word_1_478' title='bbox 2779 3120 2884 3158; x_wconf 93' lang='lat' dir='ltr'>nec</span> <span class='ocrx_word' id='word_1_479' title='bbox 2905 3104 3034 3175; x_wconf 87' lang='lat' dir='ltr'>jam</span> <span class='ocrx_word' id='word_1_480' title='bbox 3062 3104 3318 3177; x_wconf 86' lang='lat' dir='ltr'><strong>amplius</strong></span> <span class='ocrx_word' id='word_1_481' title='bbox 3350 3122 3613 3175; x_wconf 89' lang='lat' dir='ltr'><strong>sursum,</strong></span> <span class='ocrx_word' id='word_1_482' title='bbox 3648 3107 3749 3162; x_wconf 93' lang='lat' dir='ltr'><strong>sed</strong></span> <span class='ocrx_word' id='word_1_483' title='bbox 3774 3107 3870 3162; x_wconf 87' lang='lat' dir='ltr'><strong>de-</strong></span> 
     </span>
    </p>
   </div>
   <div class='ocr_carea' id='block_1_64' title="bbox 2210 3190 3867 3269">
    <p class='ocr_par' dir='ltr' id='par_1_64' title="bbox 2210 3190 3867 3269">
     <span class='ocr_line' id='line_1_64' title="bbox 2210 3190 3867 3269; baseline 0.004 -24"><span class='ocrx_word' id='word_1_484' title='bbox 2210 3199 2415 3245; x_wconf 73' lang='lat' dir='ltr'>‘orsum</span> <span class='ocrx_word' id='word_1_485' title='bbox 2448 3190 2667 3247; x_wconf 82' lang='lat' dir='ltr'><strong>deﬁxos</strong></span> <span class='ocrx_word' id='word_1_486' title='bbox 2700 3192 2993 3248; x_wconf 88' lang='lat' dir='ltr'><strong>habebant</strong></span> <span class='ocrx_word' id='word_1_487' title='bbox 3022 3192 3258 3263; x_wconf 89' lang='lat' dir='ltr'><strong>oculos;</strong></span> <span class='ocrx_word' id='word_1_488' title='bbox 3293 3194 3448 3250; x_wconf 92' lang='lat' dir='ltr'>unde</span> <span class='ocrx_word' id='word_1_489' title='bbox 3476 3200 3867 3269; x_wconf 85' lang='lat' dir='ltr'><strong>congruenter</strong></span> 
     </span>
    </p>
   </div>
   <div class='ocr_carea' id='block_1_65' title="bbox 2215 3280 3864 3354">
    <p class='ocr_par' dir='ltr' id='par_1_65' title="bbox 2215 3280 3864 3354">
     <span class='ocr_line' id='line_1_65' title="bbox 2215 3280 3864 3354; baseline 0.003 -19"><span class='ocrx_word' id='word_1_490' title='bbox 2215 3280 2555 3335; x_wconf 91' lang='lat' dir='ltr'><strong>hominibus</strong></span> <span class='ocrx_word' id='word_1_491' title='bbox 2587 3281 2863 3352; x_wconf 89' lang='lat' dir='ltr'><strong>prodesse</strong></span> <span class='ocrx_word' id='word_1_492' title='bbox 2894 3282 3113 3354; x_wconf 90' lang='lat' dir='ltr'><strong>volcns,</strong></span> <span class='ocrx_word' id='word_1_493' title='bbox 3147 3290 3212 3339; x_wconf 93' lang='lat' dir='ltr'><strong>ut</strong></span> <span class='ocrx_word' id='word_1_494' title='bbox 3258 3284 3433 3340; x_wconf 82' lang='lat' dir='ltr'><strong>homo</strong></span> <span class='ocrx_word' id='word_1_495' title='bbox 3475 3286 3730 3353; x_wconf 90' lang='lat' dir='ltr'><strong>advenit,</strong></span> <span class='ocrx_word' id='word_1_496' title='bbox 3782 3286 3864 3342; x_wconf 90' lang='lat' dir='ltr'>si-</span> 
     </span>
    </p>
   </div>
   <div class='ocr_carea' id='block_1_66' title="bbox 451 3366 2099 3449">
    <p class='ocr_par' dir='ltr' id='par_1_66' title="bbox 451 3366 2099 3449">
     <span class='ocr_line' id='line_1_66' title="bbox 451 3366 2099 3449; baseline -0.005 -18"><span class='ocrx_word' id='word_1_497' title='bbox 451 3377 603 3439; x_wconf 89' lang='grc' dir='ltr'>νοίας</span> <span class='ocrx_word' id='word_1_498' title='bbox 652 3375 741 3430; x_wconf 83' lang='grc' dir='ltr'>καὶ</span> <span class='ocrx_word' id='word_1_499' title='bbox 781 3372 1080 3449; x_wconf 79' lang='grc' dir='ltr'>ἡγεμονίας</span> <span class='ocrx_word' id='word_1_500' title='bbox 1127 3372 1291 3427; x_wconf 85' lang='grc' dir='ltr'>αὐτοῦ</span> <span class='ocrx_word' id='word_1_501' title='bbox 1329 3370 1425 3425; x_wconf 68' lang='grc' dir='ltr'>κᾶν</span> <span class='ocrx_word' id='word_1_502' title='bbox 1478 3369 1538 3425; x_wconf 79' lang='grc' dir='ltr'>ἐκ</span> <span class='ocrx_word' id='word_1_503' title='bbox 1576 3374 1683 3425; x_wconf 90' lang='grc' dir='ltr'>τῶν</span> <span class='ocrx_word' id='word_1_504' title='bbox 1715 3366 1783 3424; x_wconf 86' lang='grc' dir='ltr'>δι’</span> <span class='ocrx_word' id='word_1_505' title='bbox 1816 3368 1979 3424; x_wconf 80' lang='grc' dir='ltr'>αὐτοῦ</span> <span class='ocrx_word' id='word_1_506' title='bbox 2008 3372 2099 3423; x_wconf 87' lang='grc' dir='ltr'>τοῦ</span> 
     </span>
    </p>
   </div>
   <div class='ocr_carea' id='block_1_67' title="bbox 2212 3366 3867 3449">
    <p class='ocr_par' dir='ltr' id='par_1_67' title="bbox 2221 3369 3867 3445">
     <span class='ocr_line' id='line_1_67' title="bbox 2221 3369 3867 3445; baseline 0.003 -21"><span class='ocrx_word' id='word_1_507' title='bbox 2221 3371 2395 3442; x_wconf 91' lang='lat' dir='ltr'><strong>bique</strong></span> <span class='ocrx_word' id='word_1_508' title='bbox 2426 3369 2619 3426; x_wconf 91' lang='lat' dir='ltr'><strong>simile</strong></span> <span class='ocrx_word' id='word_1_509' title='bbox 2648 3387 2860 3443; x_wconf 90' lang='lat' dir='ltr'><strong>corpus</strong></span> <span class='ocrx_word' id='word_1_510' title='bbox 2893 3373 3115 3445; x_wconf 90' lang='lat' dir='ltr'><strong>accepit</strong></span> <span class='ocrx_word' id='word_1_511' title='bbox 3144 3378 3202 3430; x_wconf 89' lang='lat' dir='ltr'>et</span> <span class='ocrx_word' id='word_1_512' title='bbox 3229 3390 3298 3429; x_wconf 85' lang='lat' dir='ltr'><strong>ex</strong></span> <span class='ocrx_word' id='word_1_513' title='bbox 3345 3375 3521 3430; x_wconf 88' lang='lat' dir='ltr'><strong>rebus</strong></span> <span class='ocrx_word' id='word_1_514' title='bbox 3570 3374 3867 3431; x_wconf 80' lang='lat' dir='ltr'><strong>inferiori-</strong></span> 
     </span>
    </p>
   </div>
   <div class='ocr_carea' id='block_1_68' title="bbox 452 3458 2107 3540">
    <p class='ocr_par' dir='ltr' id='par_1_68' title="bbox 452 3458 2107 3540">
     <span class='ocr_line' id='line_1_68' title="bbox 452 3458 2107 3540; baseline -0.005 -20"><span class='ocrx_word' id='word_1_515' title='bbox 452 3466 708 3540; x_wconf 89' lang='grc' dir='ltr'>σώματος</span> <span class='ocrx_word' id='word_1_516' title='bbox 768 3461 941 3540; x_wconf 81' lang='grc' dir='ltr'>ἔργων</span> <span class='ocrx_word' id='word_1_517' title='bbox 1000 3461 1313 3537; x_wconf 89' lang='grc' dir='ltr'>γνώσωνται</span> <span class='ocrx_word' id='word_1_518' title='bbox 1360 3460 1452 3514; x_wconf 92' lang='grc' dir='ltr'>τὸν</span> <span class='ocrx_word' id='word_1_519' title='bbox 1500 3458 1551 3515; x_wconf 85' lang='grc' dir='ltr'>έν</span> <span class='ocrx_word' id='word_1_520' title='bbox 1600 3463 1680 3531; x_wconf 83' lang='grc' dir='ltr'>τῷ</span> <span class='ocrx_word' id='word_1_521' title='bbox 1739 3460 1955 3533; x_wconf 89' lang='grc' dir='ltr'>σώματι</span> <span class='ocrx_word' id='word_1_522' title='bbox 2009 3462 2107 3513; x_wconf 90' lang='grc' dir='ltr'>τοῦ</span> 
     </span>
    </p>
   </div>
   <div class='ocr_carea' id='block_1_69' title="bbox 452 3548 1620 3629">
    <p class='ocr_par' dir='ltr' id='par_1_69' title="bbox 452 3548 1620 3629">
     <span class='ocr_line' id='line_1_69' title="bbox 452 3548 1620 3629; baseline -0.009 -17"><span class='ocrx_word' id='word_1_523' title='bbox 452 3559 588 3612; x_wconf 89' lang='grc' dir='ltr'>Θεοῦ</span> <span class='ocrx_word' id='word_1_524' title='bbox 619 3552 817 3629; x_wconf 85' lang='grc' dir='ltr'>Λόγον,</span> <span class='ocrx_word' id='word_1_525' title='bbox 848 3551 939 3608; x_wconf 80' lang='grc' dir='ltr'>καὶ</span> <span class='ocrx_word' id='word_1_526' title='bbox 972 3548 1040 3605; x_wconf 86' lang='grc' dir='ltr'>δι’</span> <span class='ocrx_word' id='word_1_527' title='bbox 1072 3549 1238 3605; x_wconf 84' lang='grc' dir='ltr'>αὐτοῦ</span> <span class='ocrx_word' id='word_1_528' title='bbox 1266 3549 1355 3604; x_wconf 89' lang='grc' dir='ltr'>τὸν</span> <span class='ocrx_word' id='word_1_529' title='bbox 1390 3549 1620 3624; x_wconf 89' lang='grc' dir='ltr'>Πατέρα.</span> 
     </span>
    </p>
   </div>
   <div class='ocr_carea' id='block_1_70' title="bbox 2216 3459 3869 3535">
    <p class='ocr_par' dir='ltr' id='par_1_70' title="bbox 2216 3459 3869 3535">
     <span class='ocr_line' id='line_1_70' title="bbox 2216 3459 3869 3535; baseline 0.004 -21"><span class='ocrx_word' id='word_1_530' title='bbox 2216 3460 2349 3531; x_wconf 91' lang='lat' dir='ltr'><strong>bus,</strong></span> <span class='ocrx_word' id='word_1_531' title='bbox 2382 3459 2492 3515; x_wconf 91' lang='lat' dir='ltr'><strong>hoc</strong></span> <span class='ocrx_word' id='word_1_532' title='bbox 2513 3464 2621 3530; x_wconf 90' lang='lat' dir='ltr'><strong>est,</strong></span> <span class='ocrx_word' id='word_1_533' title='bbox 2654 3476 2756 3531; x_wconf 91' lang='lat' dir='ltr'><strong>per</strong></span> <span class='ocrx_word' id='word_1_534' title='bbox 2785 3462 3042 3533; x_wconf 90' lang='lat' dir='ltr'><strong>corporis</strong></span> <span class='ocrx_word' id='word_1_535' title='bbox 3071 3480 3269 3535; x_wconf 87' lang='lat' dir='ltr'><strong>opera,</strong></span> <span class='ocrx_word' id='word_1_536' title='bbox 3305 3468 3371 3519; x_wconf 89' lang='lat' dir='ltr'>ut</span> <span class='ocrx_word' id='word_1_537' title='bbox 3409 3464 3509 3535; x_wconf 93' lang='lat' dir='ltr'>qui</span> <span class='ocrx_word' id='word_1_538' title='bbox 3564 3464 3749 3520; x_wconf 92' lang='lat' dir='ltr'><strong>Deum</strong></span> <span class='ocrx_word' id='word_1_539' title='bbox 3795 3481 3869 3520; x_wconf 79' lang='lat' dir='ltr'><strong>ex</strong></span> 
     </span>
    </p>
   </div>
   <div class='ocr_carea' id='block_1_71' title="bbox 2217 3549 3868 3622">
    <p class='ocr_par' dir='ltr' id='par_1_71' title="bbox 2217 3549 3868 3622">
     <span class='ocr_line' id='line_1_71' title="bbox 2217 3549 3868 3622; baseline 0.002 -17"><span class='ocrx_word' id='word_1_540' title='bbox 2217 3566 2323 3605; x_wconf 89' lang='lat' dir='ltr'>suo</span> <span class='ocrx_word' id='word_1_541' title='bbox 2354 3549 2600 3620; x_wconf 90' lang='lat' dir='ltr'><strong>imperio</strong></span> <span class='ocrx_word' id='word_1_542' title='bbox 2631 3554 2688 3605; x_wconf 92' lang='lat' dir='ltr'><strong>et</strong></span> <span class='ocrx_word' id='word_1_543' title='bbox 2715 3550 3076 3622; x_wconf 89' lang='lat' dir='ltr'><strong>providentia</strong></span> <span class='ocrx_word' id='word_1_544' title='bbox 3105 3551 3163 3606; x_wconf 92' lang='lat' dir='ltr'><strong>in</strong></span> <span class='ocrx_word' id='word_1_545' title='bbox 3195 3568 3287 3608; x_wconf 90' lang='lat' dir='ltr'>res</span> <span class='ocrx_word' id='word_1_546' title='bbox 3321 3552 3624 3609; x_wconf 88' lang='lat' dir='ltr'><strong>universas</strong></span> <span class='ocrx_word' id='word_1_547' title='bbox 3651 3553 3868 3611; x_wconf 89' lang='lat' dir='ltr'><strong>intelli-</strong></span> 
     </span>
    </p>
   </div>
   <div class='ocr_carea' id='block_1_72' title="bbox 451 3638 3865 3720">
    <p class='ocr_par' dir='ltr' id='par_1_72' title="bbox 451 3638 3865 3720">
     <span class='ocr_line' id='line_1_72' title="bbox 451 3638 3865 3720; baseline -0.001 -16"><span class='ocrx_word' id='word_1_548' title='bbox 451 3663 586 3720; x_wconf 88' lang='lat' dir='ltr'><strong>gere</strong></span> <span class='ocrx_word' id='word_1_549' title='bbox 621 3645 950 3716; x_wconf 89' lang='lat' dir='ltr'><strong>noluerant,</strong></span> <span class='ocrx_word' id='word_1_550' title='bbox 984 3643 1191 3700; x_wconf 90' lang='lat' dir='ltr'><strong>saltem</strong></span> <span class='ocrx_word' id='word_1_551' title='bbox 1224 3659 1294 3698; x_wconf 85' lang='lat' dir='ltr'><strong>ex</strong></span> <span class='ocrx_word' id='word_1_552' title='bbox 1323 3641 1598 3714; x_wconf 85' lang='lat' dir='ltr'><strong>Operibus</strong></span> <span class='ocrx_word' id='word_1_553' title='bbox 1630 3654 1734 3712; x_wconf 92' lang='lat' dir='ltr'><strong>per</strong></span> <span class='ocrx_word' id='word_1_554' title='bbox 1763 3656 1975 3711; x_wconf 88' lang='lat' dir='ltr'><strong>corpus</strong></span> <span class='ocrx_word' id='word_1_555' title='bbox 1998 3638 2190 3709; x_wconf 90' lang='lat' dir='ltr'><strong>editis,</strong></span> <span class='ocrx_word' id='word_1_556' title='bbox 2228 3638 2325 3695; x_wconf 88' lang='lat' dir='ltr'>Dei</span> <span class='ocrx_word' id='word_1_557' title='bbox 2355 3639 2613 3695; x_wconf 89' lang='lat' dir='ltr'><strong>Verbum</strong></span> <span class='ocrx_word' id='word_1_558' title='bbox 2648 3640 2709 3695; x_wconf 92' lang='lat' dir='ltr'>in</span> <span class='ocrx_word' id='word_1_559' title='bbox 2766 3658 3004 3714; x_wconf 92' lang='lat' dir='ltr'><strong>corpore</strong></span> <span class='ocrx_word' id='word_1_560' title='bbox 3054 3642 3331 3715; x_wconf 81' lang='lat' dir='ltr'><strong>existens,</strong></span> <span class='ocrx_word' id='word_1_561' title='bbox 3392 3659 3457 3699; x_wconf 91' lang='lat' dir='ltr'>ac</span> <span class='ocrx_word' id='word_1_562' title='bbox 3515 3659 3618 3716; x_wconf 90' lang='lat' dir='ltr'><strong>per</strong></span> <span class='ocrx_word' id='word_1_563' title='bbox 3664 3644 3865 3718; x_wconf 90' lang='lat' dir='ltr'><strong>ipsum</strong></span> 
     </span>
    </p>
   </div>
   <div class='ocr_carea' id='block_1_73' title="bbox 452 3735 1127 3807">
    <p class='ocr_par' dir='ltr' id='par_1_73' title="bbox 452 3735 1127 3807">
     <span class='ocr_line' id='line_1_73' title="bbox 452 3735 1127 3807; baseline -0.007 -15"><span class='ocrx_word' id='word_1_564' title='bbox 452 3735 683 3792; x_wconf 89' lang='lat' dir='ltr'><strong>Patrem</strong></span> <span class='ocrx_word' id='word_1_565' title='bbox 714 3735 1127 3807; x_wconf 89' lang='lat' dir='ltr'><strong>agnoscerunt.</strong></span> 
     </span>
    </p>
   </div>
   <div class='ocr_carea' id='block_1_74' title="bbox 523 3815 2102 3898">
    <p class='ocr_par' dir='ltr' id='par_1_74' title="bbox 523 3815 2102 3898">
     <span class='ocr_line' id='line_1_74' title="bbox 523 3815 2102 3898; baseline -0.005 -17"><span class='ocrx_word' id='word_1_566' title='bbox 523 3827 610 3881; x_wconf 91' lang='grc'>15.</span> <span class='ocrx_word' id='word_1_567' title='bbox 661 3824 751 3887; x_wconf 76' lang='grc' dir='ltr'>Ὠς</span> <span class='ocrx_word' id='word_1_568' title='bbox 809 3823 913 3898; x_wconf 82' lang='grc' dir='ltr'>γὰρ</span> <span class='ocrx_word' id='word_1_569' title='bbox 962 3821 1159 3897; x_wconf 88' lang='grc' dir='ltr'>ἀγαθὸς</span> <span class='ocrx_word' id='word_1_570' title='bbox 1236 3815 1563 3881; x_wconf 86' lang='grc' dir='ltr'>διδάσκαλος</span> <span class='ocrx_word' id='word_1_571' title='bbox 1618 3815 1920 3892; x_wconf 87' lang='grc' dir='ltr'>κηδόμενος</span> <span class='ocrx_word' id='word_1_572' title='bbox 1994 3820 2102 3873; x_wconf 91' lang='grc' dir='ltr'>τῶν</span> 
     </span>
    </p>
   </div>
   <div class='ocr_carea' id='block_1_75' title="bbox 451 3906 2106 3986">
    <p class='ocr_par' dir='ltr' id='par_1_75' title="bbox 451 3906 2106 3986">
     <span class='ocr_line' id='line_1_75' title="bbox 451 3906 2106 3986; baseline -0.004 -18"><span class='ocrx_word' id='word_1_573' title='bbox 451 3914 642 3969; x_wconf 70' lang='grc' dir='ltr'>ἑαυτοῦ</span> <span class='ocrx_word' id='word_1_574' title='bbox 694 3914 973 3986; x_wconf 87' lang='grc' dir='ltr'>μαθητῶν,</span> <span class='ocrx_word' id='word_1_575' title='bbox 1004 3908 1134 3972; x_wconf 77' lang='grc' dir='ltr'>τοὺς</span> <span class='ocrx_word' id='word_1_576' title='bbox 1186 3910 1260 3983; x_wconf 80' lang='grc' dir='ltr'>μὴ</span> <span class='ocrx_word' id='word_1_577' title='bbox 1317 3906 1648 3982; x_wconf 70' lang='grc' dir='ltr'>δυναμένους</span> <span class='ocrx_word' id='word_1_578' title='bbox 1696 3906 1755 3962; x_wconf 82' lang='grc' dir='ltr'>έκ</span> <span class='ocrx_word' id='word_1_579' title='bbox 1783 3911 1890 3961; x_wconf 92' lang='grc' dir='ltr'>τῶν</span> <span class='ocrx_word' id='word_1_580' title='bbox 1927 3906 2106 3981; x_wconf 87' lang='grc' dir='ltr'>μειζό-</span> 
     </span>
    </p>
   </div>
   <div class='ocr_carea' id='block_1_76' title="bbox 448 3994 2105 4082">
    <p class='ocr_par' dir='ltr' id='par_1_76' title="bbox 448 3994 2105 4082">
     <span class='ocr_line' id='line_1_76' title="bbox 448 3994 2105 4082; baseline -0.005 -24"><span class='ocrx_word' id='word_1_581' title='bbox 448 4024 554 4058; x_wconf 93' lang='grc' dir='ltr'>νων</span> <span class='ocrx_word' id='word_1_582' title='bbox 605 3999 987 4082; x_wconf 75' lang='grc' dir='ltr'>ὠφεληθῆναι,</span> <span class='ocrx_word' id='word_1_583' title='bbox 1014 4000 1230 4054; x_wconf 82' lang='grc' dir='ltr'>πάντως</span> <span class='ocrx_word' id='word_1_584' title='bbox 1284 3995 1372 4052; x_wconf 80' lang='grc' dir='ltr'>διὰ</span> <span class='ocrx_word' id='word_1_585' title='bbox 1409 4002 1518 4052; x_wconf 91' lang='grc' dir='ltr'>τῶν</span> <span class='ocrx_word' id='word_1_586' title='bbox 1551 3994 1940 4071; x_wconf 73' lang='grc' dir='ltr'>εὐτελεστέρων</span> <span class='ocrx_word' id='word_1_587' title='bbox 1972 4017 2105 4073; x_wconf 90' lang='grc' dir='ltr'>συγ-</span> 
     </span>
    </p>
   </div>
   <div class='ocr_carea' id='block_1_77' title="bbox 447 4086 2105 4158">
    <p class='ocr_par' dir='ltr' id='par_1_77' title="bbox 447 4086 2105 4158">
     <span class='ocr_line' id='line_1_77' title="bbox 447 4086 2105 4158; baseline -0.005 -9"><span class='ocrx_word' id='word_1_588' title='bbox 447 4088 785 4149; x_wconf 88' lang='grc' dir='ltr'>καταϐαίνων</span> <span class='ocrx_word' id='word_1_589' title='bbox 842 4089 1038 4153; x_wconf 76' lang='grc' dir='ltr'>αὐτοὺς</span> <span class='ocrx_word' id='word_1_590' title='bbox 1084 4086 1349 4158; x_wconf 79' lang='grc' dir='ltr'>παιδεύει,</span> <span class='ocrx_word' id='word_1_591' title='bbox 1402 4087 1574 4151; x_wconf 80' lang='grc' dir='ltr'>οὕτως</span> <span class='ocrx_word' id='word_1_592' title='bbox 1616 4086 1706 4142; x_wconf 87' lang='grc' dir='ltr'>καὶ</span> <span class='ocrx_word' id='word_1_593' title='bbox 1750 4088 1778 4143; x_wconf 97' lang='lat'>6</span> <span class='ocrx_word' id='word_1_594' title='bbox 1824 4091 1922 4142; x_wconf 89' lang='grc' dir='ltr'>τοῦ</span> <span class='ocrx_word' id='word_1_595' title='bbox 1971 4091 2105 4142; x_wconf 87' lang='grc' dir='ltr'>Θεοῦ</span> 
     </span>
    </p>
   </div>
   <div class='ocr_carea' id='block_1_78' title="bbox 449 4174 2107 4259">
    <p class='ocr_par' dir='ltr' id='par_1_78' title="bbox 449 4174 2107 4259">
     <span class='ocr_line' id='line_1_78' title="bbox 449 4174 2107 4259; baseline -0.003 -22"><span class='ocrx_word' id='word_1_596' title='bbox 449 4182 649 4259; x_wconf 86' lang='grc' dir='ltr'>Λόγος,</span> <span class='ocrx_word' id='word_1_597' title='bbox 694 4181 874 4243; x_wconf 88' lang='grc' dir='ltr'>καθὼς</span> <span class='ocrx_word' id='word_1_598' title='bbox 919 4180 1010 4235; x_wconf 88' lang='grc' dir='ltr'>καὶ</span> <span class='ocrx_word' id='word_1_599' title='bbox 1058 4180 1087 4235; x_wconf 94' lang='lat'>6</span> <span class='ocrx_word' id='word_1_600' title='bbox 1128 4177 1347 4241; x_wconf 89' lang='grc' dir='ltr'>Παῦλός</span> <span class='ocrx_word' id='word_1_601' title='bbox 1395 4200 1555 4257; x_wconf 87' lang='grc' dir='ltr'>φησιν</span> <span class='ocrx_word' id='word_1_602' title='bbox 1592 4196 1605 4209; x_wconf 77' lang='grc'><strong><em>⁸</em></strong></span> <span class='ocrx_word' id='word_1_603' title='bbox 1635 4174 1858 4248; x_wconf 81' lang='grc' dir='ltr'>Ἐπειδὴ</span> <span class='ocrx_word' id='word_1_604' title='bbox 1909 4177 2013 4254; x_wconf 80' lang='grc' dir='ltr'>γὰρ</span> <span class='ocrx_word' id='word_1_605' title='bbox 2055 4176 2107 4232; x_wconf 83' lang='grc' dir='ltr'>έν</span> 
     </span>
    </p>
   </div>
   <div class='ocr_carea' id='block_1_79' title="bbox 448 4264 2104 4349">
    <p class='ocr_par' dir='ltr' id='par_1_79' title="bbox 448 4264 2104 4349">
     <span class='ocr_line' id='line_1_79' title="bbox 448 4264 2104 4349; baseline -0.004 -23"><span class='ocrx_word' id='word_1_606' title='bbox 448 4276 518 4345; x_wconf 78' lang='grc' dir='ltr'>τῇ</span> <span class='ocrx_word' id='word_1_607' title='bbox 575 4269 742 4349; x_wconf 81' lang='grc' dir='ltr'>σοφίᾳ</span> <span class='ocrx_word' id='word_1_608' title='bbox 797 4274 894 4325; x_wconf 90' lang='grc' dir='ltr'>τοῦ</span> <span class='ocrx_word' id='word_1_609' title='bbox 952 4274 1086 4326; x_wconf 86' lang='grc' dir='ltr'>Θεοῦ</span> <span class='ocrx_word' id='word_1_610' title='bbox 1145 4268 1246 4324; x_wconf 79' lang='grc' dir='ltr'>οὐκ</span> <span class='ocrx_word' id='word_1_611' title='bbox 1302 4266 1443 4344; x_wconf 80' lang='grc' dir='ltr'>ἔγνω</span> <span class='ocrx_word' id='word_1_612' title='bbox 1501 4269 1529 4323; x_wconf 90' lang='lat'>6</span> <span class='ocrx_word' id='word_1_613' title='bbox 1585 4267 1792 4342; x_wconf 90' lang='grc' dir='ltr'>κόσμος</span> <span class='ocrx_word' id='word_1_614' title='bbox 1850 4264 1939 4321; x_wconf 78' lang='grc' dir='ltr'>διὰ</span> <span class='ocrx_word' id='word_1_615' title='bbox 2002 4273 2104 4337; x_wconf 83' lang='grc' dir='ltr'>τῆς</span> 
     </span>
    </p>
   </div>
   <div class='ocr_carea' id='block_1_80' title="bbox 452 4354 2104 4439">
    <p class='ocr_par' dir='ltr' id='par_1_80' title="bbox 452 4354 2104 4439">
     <span class='ocr_line' id='line_1_80' title="bbox 452 4354 2104 4439; baseline -0.003 -24"><span class='ocrx_word' id='word_1_616' title='bbox 452 4359 644 4439; x_wconf 77' lang='grc' dir='ltr'>σοφίας</span> <span class='ocrx_word' id='word_1_617' title='bbox 710 4360 801 4414; x_wconf 89' lang='grc' dir='ltr'>τὸν</span> <span class='ocrx_word' id='word_1_618' title='bbox 872 4359 1025 4427; x_wconf 86' lang='grc' dir='ltr'>Θεὸν,</span> <span class='ocrx_word' id='word_1_619' title='bbox 1058 4356 1344 4429; x_wconf 77' lang='grc' dir='ltr'>εὐδόκησεν</span> <span class='ocrx_word' id='word_1_620' title='bbox 1400 4358 1428 4412; x_wconf 90' lang='lat'>6</span> <span class='ocrx_word' id='word_1_621' title='bbox 1468 4358 1597 4420; x_wconf 88' lang='grc' dir='ltr'>Θεὸς</span> <span class='ocrx_word' id='word_1_622' title='bbox 1666 4354 1755 4412; x_wconf 78' lang='grc' dir='ltr'>διὰ</span> <span class='ocrx_word' id='word_1_623' title='bbox 1814 4363 1916 4426; x_wconf 82' lang='grc' dir='ltr'>τῆς</span> <span class='ocrx_word' id='word_1_624' title='bbox 1988 4377 2104 4431; x_wconf 89' lang='grc' dir='ltr'>μω-</span> 
     </span>
    </p>
   </div>
   <div class='ocr_carea' id='block_1_81' title="bbox 452 4444 2102 4524">
    <p class='ocr_par' dir='ltr' id='par_1_81' title="bbox 452 4444 2102 4524">
     <span class='ocr_line' id='line_1_81' title="bbox 452 4444 2102 4524; baseline -0.001 -21"><span class='ocrx_word' id='word_1_625' title='bbox 452 4448 573 4524; x_wconf 87' lang='grc' dir='ltr'>ρίας</span> <span class='ocrx_word' id='word_1_626' title='bbox 622 4453 749 4503; x_wconf 89' lang='grc' dir='ltr'>’τοῦ</span> <span class='ocrx_word' id='word_1_627' title='bbox 834 4446 1189 4521; x_wconf 81' lang='grc' dir='ltr'>κηρύγματος</span> <span class='ocrx_word' id='word_1_628' title='bbox 1274 4452 1441 4501; x_wconf 88' lang='grc' dir='ltr'>σῶσαι</span> <span class='ocrx_word' id='word_1_629' title='bbox 1522 4445 1651 4509; x_wconf 84' lang='grc' dir='ltr'>τοὺς</span> <span class='ocrx_word' id='word_1_630' title='bbox 1734 4444 2102 4508; x_wconf 81' lang='grc' dir='ltr'>πιστεύοντας.</span> 
     </span>
    </p>
   </div>
   <div class='ocr_carea' id='block_1_82' title="bbox 449 4535 2105 4614">
    <p class='ocr_par' dir='ltr' id='par_1_82' title="bbox 449 4535 2105 4614">
     <span class='ocr_line' id='line_1_82' title="bbox 449 4535 2105 4614; baseline -0.002 -21"><span class='ocrx_word' id='word_1_631' title='bbox 449 4535 671 4607; x_wconf 81' lang='grc' dir='ltr'>Ἐπειδὴ</span> <span class='ocrx_word' id='word_1_632' title='bbox 734 4538 837 4613; x_wconf 83' lang='grc' dir='ltr'>γὰρ</span> <span class='ocrx_word' id='word_1_633' title='bbox 898 4538 951 4591; x_wconf 75' lang='grc' dir='ltr'>οἱ</span> <span class='ocrx_word' id='word_1_634' title='bbox 1000 4535 1299 4610; x_wconf 83' lang='grc' dir='ltr'>ἄνθρωποι,</span> <span class='ocrx_word' id='word_1_635' title='bbox 1349 4536 1778 4614; x_wconf 83' lang='grc' dir='ltr'>ἀποστραφέντες</span> <span class='ocrx_word' id='word_1_636' title='bbox 1824 4536 1923 4605; x_wconf 77' lang='grc' dir='ltr'>τὴν</span> <span class='ocrx_word' id='word_1_637' title='bbox 1968 4536 2105 4611; x_wconf 89' lang='grc' dir='ltr'>πρὸς</span> 
     </span>
    </p>
   </div>
   <div class='ocr_carea' id='block_1_83' title="bbox 446 4623 2104 4703">
    <p class='ocr_par' dir='ltr' id='par_1_83' title="bbox 446 4623 2104 4703">
     <span class='ocr_line' id='line_1_83' title="bbox 446 4623 2104 4703; baseline -0.002 -19"><span class='ocrx_word' id='word_1_638' title='bbox 446 4629 536 4683; x_wconf 89' lang='grc' dir='ltr'>τὸν</span> <span class='ocrx_word' id='word_1_639' title='bbox 570 4628 698 4684; x_wconf 84' lang='grc' dir='ltr'>Θεὸν</span> <span class='ocrx_word' id='word_1_640' title='bbox 730 4625 983 4703; x_wconf 81' lang='grc' dir='ltr'>θεωρίαν,</span> <span class='ocrx_word' id='word_1_641' title='bbox 1008 4625 1099 4681; x_wconf 85' lang='grc' dir='ltr'>καὶ</span> <span class='ocrx_word' id='word_1_642' title='bbox 1148 4625 1225 4687; x_wconf 82' lang='grc' dir='ltr'>ὡς</span> <span class='ocrx_word' id='word_1_643' title='bbox 1276 4623 1328 4681; x_wconf 86' lang='grc' dir='ltr'>έν</span> <span class='ocrx_word' id='word_1_644' title='bbox 1384 4626 1530 4699; x_wconf 87' lang='grc' dir='ltr'>βυθῷ</span> <span class='ocrx_word' id='word_1_645' title='bbox 1579 4625 1909 4698; x_wconf 88' lang='grc' dir='ltr'>βυθισθέντες</span> <span class='ocrx_word' id='word_1_646' title='bbox 1957 4626 2104 4680; x_wconf 82' lang='grc' dir='ltr'>κάτω</span> 
     </span>
    </p>
   </div>
   <div class='ocr_carea' id='block_1_84' title="bbox 2290 3818 3867 3894">
    <p class='ocr_par' dir='ltr' id='par_1_84' title="bbox 2290 3818 3867 3894">
     <span class='ocr_line' id='line_1_84' title="bbox 2290 3818 3867 3894; baseline 0.004 -20"><span class='ocrx_word' id='word_1_647' title='bbox 2290 3820 2374 3876; x_wconf 87' lang='grc'>15.</span> <span class='ocrx_word' id='word_1_648' title='bbox 2409 3818 2675 3891; x_wconf 89' lang='lat' dir='ltr'><strong>Namque</strong></span> <span class='ocrx_word' id='word_1_649' title='bbox 2706 3823 2772 3874; x_wconf 94' lang='lat' dir='ltr'>ut</span> <span class='ocrx_word' id='word_1_650' title='bbox 2801 3818 3060 3891; x_wconf 87' lang='lat' dir='ltr'><strong>optimus</strong></span> <span class='ocrx_word' id='word_1_651' title='bbox 3091 3820 3394 3894; x_wconf 88' lang='lat' dir='ltr'><strong>magister,</strong></span> <span class='ocrx_word' id='word_1_652' title='bbox 3456 3821 3557 3894; x_wconf 90' lang='lat' dir='ltr'>qui</span> <span class='ocrx_word' id='word_1_653' title='bbox 3605 3822 3867 3894; x_wconf 89' lang='lat' dir='ltr'><strong>discipu-</strong></span> 
     </span>
    </p>
   </div>
   <div class='ocr_carea' id='block_1_85' title="bbox 2213 3906 3871 3988">
    <p class='ocr_par' dir='ltr' id='par_1_85' title="bbox 2213 3906 3871 3988">
     <span class='ocr_line' id='line_1_85' title="bbox 2213 3906 3871 3988; baseline 0.004 -24"><span class='ocrx_word' id='word_1_654' title='bbox 2213 3908 2407 3965; x_wconf 92' lang='lat' dir='ltr'><strong>lorum</strong></span> <span class='ocrx_word' id='word_1_655' title='bbox 2438 3926 2637 3965; x_wconf 90' lang='lat' dir='ltr'><strong>curam</strong></span> <span class='ocrx_word' id='word_1_656' title='bbox 2662 3908 2858 3979; x_wconf 90' lang='lat' dir='ltr'><strong>habet,</strong></span> <span class='ocrx_word' id='word_1_657' title='bbox 2883 3906 3040 3979; x_wconf 91' lang='lat' dir='ltr'><strong>illos,</strong></span> <span class='ocrx_word' id='word_1_658' title='bbox 3064 3926 3213 3982; x_wconf 85' lang='lat' dir='ltr'><strong>quos</strong></span> <span class='ocrx_word' id='word_1_659' title='bbox 3228 3910 3558 3968; x_wconf 83' lang='lat' dir='ltr'><strong>difﬁciliora</strong></span> <span class='ocrx_word' id='word_1_660' title='bbox 3579 3918 3871 3988; x_wconf 75' lang='lat' dir='ltr'><strong>praecepta</strong></span> 
     </span>
    </p>
   </div>
   <div class='ocr_carea' id='block_1_86' title="bbox 2215 3998 3869 4077">
    <p class='ocr_par' dir='ltr' id='par_1_86' title="bbox 2215 3998 3869 4077">
     <span class='ocr_line' id='line_1_86' title="bbox 2215 3998 3869 4077; baseline 0.003 -22"><span class='ocrx_word' id='word_1_661' title='bbox 2215 4000 2494 4070; x_wconf 86' lang='lat' dir='ltr'><strong>adjuvare</strong></span> <span class='ocrx_word' id='word_1_662' title='bbox 2528 4003 2847 4070; x_wconf 92' lang='lat' dir='ltr'><strong>nequeunt,</strong></span> <span class='ocrx_word' id='word_1_663' title='bbox 2882 3998 3243 4055; x_wconf 75' lang='lat' dir='ltr'><strong>facilioribus</strong></span> <span class='ocrx_word' id='word_1_664' title='bbox 3284 4001 3513 4057; x_wconf 92' lang='lat' dir='ltr'>erudire</span> <span class='ocrx_word' id='word_1_665' title='bbox 3566 4019 3682 4059; x_wconf 90' lang='lat' dir='ltr'>non</span> <span class='ocrx_word' id='word_1_666' title='bbox 3730 4020 3869 4077; x_wconf 89' lang='lat' dir='ltr'><strong>gra-</strong></span> 
     </span>
    </p>
   </div>
   <div class='ocr_carea' id='block_1_87' title="bbox 2216 4088 3868 4165">
    <p class='ocr_par' dir='ltr' id='par_1_87' title="bbox 2216 4088 3868 4165">
     <span class='ocr_line' id='line_1_87' title="bbox 2216 4088 3868 4165; baseline 0.004 -22"><span class='ocrx_word' id='word_1_667' title='bbox 2216 4088 2526 4143; x_wconf 80' lang='lat' dir='ltr'><strong>vaturzita</strong></span> <span class='ocrx_word' id='word_1_668' title='bbox 2556 4105 2697 4144; x_wconf 87' lang='lat' dir='ltr'><strong>sane</strong></span> <span class='ocrx_word' id='word_1_669' title='bbox 2728 4104 2793 4145; x_wconf 90' lang='lat' dir='ltr'><strong>se</strong></span> <span class='ocrx_word' id='word_1_670' title='bbox 2839 4104 3074 4161; x_wconf 92' lang='lat' dir='ltr'><strong>quoque</strong></span> <span class='ocrx_word' id='word_1_671' title='bbox 3128 4089 3379 4145; x_wconf 89' lang='lat' dir='ltr'><strong>Verbum</strong></span> <span class='ocrx_word' id='word_1_672' title='bbox 3435 4091 3637 4165; x_wconf 89' lang='lat' dir='ltr'><strong>gessit,</strong></span> <span class='ocrx_word' id='word_1_673' title='bbox 3698 4098 3764 4149; x_wconf 87' lang='lat' dir='ltr'><strong>ut</strong></span> <span class='ocrx_word' id='word_1_674' title='bbox 3810 4098 3868 4150; x_wconf 92' lang='lat' dir='ltr'>et</span> 
     </span>
    </p>
   </div>
   <div class='ocr_carea' id='block_1_88' title="bbox 2216 4176 3867 4257">
    <p class='ocr_par' dir='ltr' id='par_1_88' title="bbox 2216 4176 3867 4257">
     <span class='ocr_line' id='line_1_88' title="bbox 2216 4176 3867 4257; baseline 0.005 -27"><span class='ocrx_word' id='word_1_675' title='bbox 2216 4176 2433 4233; x_wconf 90' lang='lat' dir='ltr'><strong>Paulus</strong></span> <span class='ocrx_word' id='word_1_676' title='bbox 2462 4178 2672 4234; x_wconf 90' lang='lat' dir='ltr'><strong>docet:</strong></span> <span class='ocrx_word' id='word_1_677' title='bbox 2708 4179 2866 4247; x_wconf 87' lang='lat' dir='ltr'><strong>Nam,</strong></span> <span class='ocrx_word' id='word_1_678' title='bbox 2899 4178 3112 4252; x_wconf 89' lang='lat' dir='ltr'><strong>inquit,</strong></span> <span class='ocrx_word' id='word_1_679' title='bbox 3154 4182 3285 4251; x_wconf 90' lang='lat' dir='ltr'><strong>quia</strong></span> <span class='ocrx_word' id='word_1_680' title='bbox 3333 4182 3394 4236; x_wconf 85' lang='lat' dir='ltr'>in</span> <span class='ocrx_word' id='word_1_681' title='bbox 3445 4182 3545 4237; x_wconf 90' lang='lat' dir='ltr'>Dei</span> <span class='ocrx_word' id='word_1_682' title='bbox 3584 4184 3867 4257; x_wconf 75' lang='lat' dir='ltr'><strong>sapientia</strong></span> 
     </span>
    </p>
   </div>
   <div class='ocr_carea' id='block_1_89' title="bbox 2212 4268 3868 4345">
    <p class='ocr_par' dir='ltr' id='par_1_89' title="bbox 2212 4268 3868 4345">
     <span class='ocr_line' id='line_1_89' title="bbox 2212 4268 3868 4345; baseline 0.004 -23"><span class='ocrx_word' id='word_1_683' title='bbox 2212 4283 2327 4324; x_wconf 82' lang='lat' dir='ltr'><strong>non</strong></span> <span class='ocrx_word' id='word_1_684' title='bbox 2357 4269 2605 4336; x_wconf 82' lang='lat' dir='ltr'><strong>cognovit</strong></span> <span class='ocrx_word' id='word_1_685' title='bbox 2631 4268 2873 4324; x_wconf 78' lang='lat' dir='ltr'><strong>mundus</strong></span> <span class='ocrx_word' id='word_1_686' title='bbox 2894 4285 2994 4341; x_wconf 85' lang='lat' dir='ltr'>per</span> <span class='ocrx_word' id='word_1_687' title='bbox 3021 4272 3361 4341; x_wconf 79' lang='lat' dir='ltr'><strong>sapientiam</strong></span> <span class='ocrx_word' id='word_1_688' title='bbox 3386 4272 3557 4327; x_wconf 86' lang='lat' dir='ltr'><strong>Deum</strong></span> <span class='ocrx_word' id='word_1_689' title='bbox 3583 4289 3596 4328; x_wconf 89' lang='lat'>:</span> <span class='ocrx_word' id='word_1_690' title='bbox 3650 4273 3868 4345; x_wconf 78' lang='lat' dir='ltr'><strong>placuit</strong></span> 
     </span>
    </p>
   </div>
   <div class='ocr_carea' id='block_1_90' title="bbox 2218 4350 3867 4433">
    <p class='ocr_par' dir='ltr' id='par_1_90' title="bbox 2218 4350 3867 4433">
     <span class='ocr_line' id='line_1_90' title="bbox 2218 4350 3867 4433; baseline 0.004 -21"><span class='ocrx_word' id='word_1_691' title='bbox 2218 4350 2318 4413; x_wconf 89' lang='lat' dir='ltr'>Deo</span> <span class='ocrx_word' id='word_1_692' title='bbox 2346 4373 2445 4428; x_wconf 85' lang='lat' dir='ltr'><strong>per</strong></span> <span class='ocrx_word' id='word_1_693' title='bbox 2494 4358 2789 4433; x_wconf 76' lang='lat' dir='ltr'><strong>stultitiam</strong></span> <span class='ocrx_word' id='word_1_694' title='bbox 2833 4358 3247 4430; x_wconf 72' lang='lat' dir='ltr'><strong>praedicationis</strong></span> <span class='ocrx_word' id='word_1_695' title='bbox 3299 4362 3473 4418; x_wconf 79' lang='lat' dir='ltr'><strong>salvos</strong></span> <span class='ocrx_word' id='word_1_696' title='bbox 3512 4363 3699 4433; x_wconf 82' lang='lat' dir='ltr'><strong>facere</strong></span> <span class='ocrx_word' id='word_1_697' title='bbox 3749 4379 3867 4419; x_wconf 84' lang='lat' dir='ltr'><strong>cre-</strong></span> 
     </span>
    </p>
   </div>
   <div class='ocr_carea' id='block_1_91' title="bbox 2213 4446 3865 4523">
    <p class='ocr_par' dir='ltr' id='par_1_91' title="bbox 2213 4446 3865 4523">
     <span class='ocr_line' id='line_1_91' title="bbox 2213 4446 3865 4523; baseline 0.004 -22"><span class='ocrx_word' id='word_1_698' title='bbox 2213 4446 2399 4502; x_wconf 80' lang='lat' dir='ltr'><strong>dentes</strong></span> <span class='ocrx_word' id='word_1_699' title='bbox 2428 4448 2495 4502; x_wconf 79' lang='grc' dir='ltr'>δι.</span> <span class='ocrx_word' id='word_1_700' title='bbox 2530 4448 2677 4513; x_wconf 88' lang='lat' dir='ltr'><strong>Quia</strong></span> <span class='ocrx_word' id='word_1_701' title='bbox 2706 4448 2863 4503; x_wconf 92' lang='lat' dir='ltr'><strong>enim</strong></span> <span class='ocrx_word' id='word_1_702' title='bbox 2895 4448 3185 4517; x_wconf 89' lang='lat' dir='ltr'><strong>homines,</strong></span> <span class='ocrx_word' id='word_1_703' title='bbox 3221 4448 3325 4505; x_wconf 93' lang='lat' dir='ltr'><strong>Dei</strong></span> <span class='ocrx_word' id='word_1_704' title='bbox 3372 4451 3865 4523; x_wconf 90' lang='lat' dir='ltr'><strong>contemplatione</strong></span> 
     </span>
    </p>
   </div>
   <div class='ocr_carea' id='block_1_92' title="bbox 2215 4524 3864 4613">
    <p class='ocr_par' dir='ltr' id='par_1_92' title="bbox 2215 4524 3864 4613">
     <span class='ocr_line' id='line_1_92' title="bbox 2215 4524 3864 4613; baseline 0.004 -21"><span class='ocrx_word' id='word_1_705' title='bbox 2215 4524 2541 4609; x_wconf 86' lang='lat' dir='ltr'><strong>repudiata,</strong></span> <span class='ocrx_word' id='word_1_706' title='bbox 2574 4537 2817 4593; x_wconf 89' lang='lat' dir='ltr'><strong>acvelut</strong></span> <span class='ocrx_word' id='word_1_707' title='bbox 2847 4538 2906 4592; x_wconf 92' lang='lat' dir='ltr'><strong>in</strong></span> <span class='ocrx_word' id='word_1_708' title='bbox 2948 4537 3240 4611; x_wconf 87' lang='lat' dir='ltr'><strong>profundo</strong></span> <span class='ocrx_word' id='word_1_709' title='bbox 3293 4539 3569 4607; x_wconf 91' lang='lat' dir='ltr'><strong>demersi,</strong></span> <span class='ocrx_word' id='word_1_710' title='bbox 3625 4541 3864 4613; x_wconf 83' lang='lat' dir='ltr'><strong>depres-</strong></span> 
     </span>
    </p>
   </div>
   <div class='ocr_carea' id='block_1_93' title="bbox 2216 4618 3863 4703">
    <p class='ocr_par' dir='ltr' id='par_1_93' title="bbox 2216 4618 3863 4703">
     <span class='ocr_line' id='line_1_93' title="bbox 2216 4618 3863 4703; baseline 0.004 -21"><span class='ocrx_word' id='word_1_711' title='bbox 2216 4618 2419 4700; x_wconf 86' lang='lat' dir='ltr'><strong>sisque</strong></span> <span class='ocrx_word' id='word_1_712' title='bbox 2438 4628 2497 4682; x_wconf 93' lang='lat' dir='ltr'><strong>in</strong></span> <span class='ocrx_word' id='word_1_713' title='bbox 2528 4632 2746 4683; x_wconf 86' lang='lat' dir='ltr'><strong>terram</strong></span> <span class='ocrx_word' id='word_1_714' title='bbox 2778 4626 2985 4697; x_wconf 91' lang='lat' dir='ltr'><strong>oculis,</strong></span> <span class='ocrx_word' id='word_1_715' title='bbox 3040 4628 3099 4683; x_wconf 94' lang='lat' dir='ltr'>in</span> <span class='ocrx_word' id='word_1_716' title='bbox 3148 4633 3357 4685; x_wconf 89' lang='lat' dir='ltr'><strong>natura</strong></span> <span class='ocrx_word' id='word_1_717' title='bbox 3405 4633 3461 4685; x_wconf 93' lang='lat' dir='ltr'><strong>et</strong></span> <span class='ocrx_word' id='word_1_718' title='bbox 3508 4630 3684 4686; x_wconf 90' lang='lat' dir='ltr'><strong>rebus</strong></span> <span class='ocrx_word' id='word_1_719' title='bbox 3734 4647 3863 4703; x_wconf 63' lang='lat' dir='ltr'>qua</span> 
     </span>
    </p>
   </div>
   <div class='ocr_carea' id='block_1_94' title="bbox 446 4690 2099 4794">
    <p class='ocr_par' dir='ltr' id='par_1_94' title="bbox 446 4690 2099 4794">
     <span class='ocr_line' id='line_1_94' title="bbox 446 4690 2099 4794; baseline 0 -24"><span class='ocrx_word' id='word_1_720' title='bbox 446 4716 575 4779; x_wconf 82' lang='grc' dir='ltr'>τοὺς</span> <span class='ocrx_word' id='word_1_721' title='bbox 607 4690 925 4794; x_wconf 78' lang='grc' dir='ltr'>ὀφθαλμοὺς</span> <span class='ocrx_word' id='word_1_722' title='bbox 983 4712 1225 4793; x_wconf 79' lang='grc' dir='ltr'>ἔχοντες,</span> <span class='ocrx_word' id='word_1_723' title='bbox 1261 4713 1313 4770; x_wconf 84' lang='grc' dir='ltr'>ἐν</span> <span class='ocrx_word' id='word_1_724' title='bbox 1364 4715 1567 4791; x_wconf 89' lang='grc' dir='ltr'>γενέσει</span> <span class='ocrx_word' id='word_1_725' title='bbox 1617 4715 1706 4769; x_wconf 82' lang='grc' dir='ltr'>καὶ</span> <span class='ocrx_word' id='word_1_726' title='bbox 1748 4720 1865 4777; x_wconf 88' lang='grc' dir='ltr'>τοῖς</span> <span class='ocrx_word' id='word_1_727' title='bbox 1915 4714 2099 4787; x_wconf 85' lang='grc' dir='ltr'>αἰσθη-</span> 
     </span>
    </p>
   </div>
   <div class='ocr_carea' id='block_1_95' title="bbox 2212 4690 3865 4794">
    <p class='ocr_par' dir='ltr' id='par_1_95' title="bbox 2215 4717 3865 4792">
     <span class='ocr_line' id='line_1_95' title="bbox 2215 4717 3865 4792; baseline 0.002 -19"><span class='ocrx_word' id='word_1_728' title='bbox 2215 4717 2555 4774; x_wconf 90' lang='lat' dir='ltr'><strong>sentiuntur</strong></span> <span class='ocrx_word' id='word_1_729' title='bbox 2586 4723 2766 4773; x_wconf 88' lang='lat' dir='ltr'><strong>Deum</strong></span> <span class='ocrx_word' id='word_1_730' title='bbox 2810 4717 3257 4788; x_wconf 89' lang='lat' dir='ltr'><strong>conquirebant,</strong></span> <span class='ocrx_word' id='word_1_731' title='bbox 3318 4718 3713 4792; x_wconf 90' lang='lat' dir='ltr'><strong>mortalesque</strong></span> <span class='ocrx_word' id='word_1_732' title='bbox 3763 4720 3865 4777; x_wconf 87' lang='lat' dir='ltr'>ho-</span> 
     </span>
    </p>
   </div>
   <div class='ocr_carea' id='block_1_96' title="bbox 445 4803 2105 4881">
    <p class='ocr_par' dir='ltr' id='par_1_96' title="bbox 445 4803 2105 4881">
     <span class='ocr_line' id='line_1_96' title="bbox 445 4803 2105 4881; baseline -0.001 -20"><span class='ocrx_word' id='word_1_733' title='bbox 445 4811 565 4869; x_wconf 89' lang='grc' dir='ltr'>τοῖς</span> <span class='ocrx_word' id='word_1_734' title='bbox 618 4808 709 4862; x_wconf 87' lang='grc' dir='ltr'>τὸν</span> <span class='ocrx_word' id='word_1_735' title='bbox 787 4807 916 4863; x_wconf 88' lang='grc' dir='ltr'>Θεὸν</span> <span class='ocrx_word' id='word_1_736' title='bbox 984 4806 1297 4879; x_wconf 78' lang='grc' dir='ltr'>ἀνεζήτουν,</span> <span class='ocrx_word' id='word_1_737' title='bbox 1356 4805 1673 4881; x_wconf 86' lang='grc' dir='ltr'>ἀνθρώπους</span> <span class='ocrx_word' id='word_1_738' title='bbox 1730 4803 1960 4876; x_wconf 80' lang='grc' dir='ltr'>θνητοὺς</span> <span class='ocrx_word' id='word_1_739' title='bbox 2015 4805 2105 4860; x_wconf 82' lang='grc' dir='ltr'>καὶ</span> 
     </span>
    </p>
   </div>
   <div class='ocr_carea' id='block_1_97' title="bbox 448 4891 2105 4971">
    <p class='ocr_par' dir='ltr' id='par_1_97' title="bbox 448 4891 2105 4971">
     <span class='ocr_line' id='line_1_97' title="bbox 448 4891 2105 4971; baseline 0 -21"><span class='ocrx_word' id='word_1_740' title='bbox 448 4892 712 4970; x_wconf 83' lang='grc' dir='ltr'>δαίμονας</span> <span class='ocrx_word' id='word_1_741' title='bbox 745 4897 956 4961; x_wconf 75' lang='grc' dir='ltr'>ὲαυτοῖς</span> <span class='ocrx_word' id='word_1_742' title='bbox 987 4895 1143 4960; x_wconf 81' lang='grc' dir='ltr'>θεοὺς</span> <span class='ocrx_word' id='word_1_743' title='bbox 1191 4894 1627 4971; x_wconf 86' lang='grc' dir='ltr'>ἀνατυπούμενοι</span> <span class='ocrx_word' id='word_1_744' title='bbox 1657 4914 1671 4930; x_wconf 80' lang='lat'>&#39;</span> <span class='ocrx_word' id='word_1_745' title='bbox 1703 4894 1899 4951; x_wconf 84' lang='grc' dir='ltr'>τούτου</span> <span class='ocrx_word' id='word_1_746' title='bbox 1950 4891 2105 4951; x_wconf 77' lang='grc' dir='ltr'>ἓνεκα</span> 
     </span>
    </p>
   </div>
   <div class='ocr_carea' id='block_1_98' title="bbox 446 4984 2102 5066">
    <p class='ocr_par' dir='ltr' id='par_1_98' title="bbox 446 4984 2102 5066">
     <span class='ocr_line' id='line_1_98' title="bbox 446 4984 2102 5066; baseline -0.001 -25"><span class='ocrx_word' id='word_1_747' title='bbox 446 4986 475 5041; x_wconf 93' lang='lat'>6</span> <span class='ocrx_word' id='word_1_748' title='bbox 507 4984 892 5066; x_wconf 87' lang='grc' dir='ltr'>φιλάνθρωπος</span> <span class='ocrx_word' id='word_1_749' title='bbox 930 4986 1020 5043; x_wconf 85' lang='grc' dir='ltr'>καὶ</span> <span class='ocrx_word' id='word_1_750' title='bbox 1050 4984 1235 5050; x_wconf 82' lang='grc' dir='ltr'>κοινός</span> <span class='ocrx_word' id='word_1_751' title='bbox 1264 4988 1478 5042; x_wconf 89' lang='grc' dir='ltr'>πάντων</span> <span class='ocrx_word' id='word_1_752' title='bbox 1511 4987 1729 5062; x_wconf 76' lang='grc' dir='ltr'>Σωτὴρ,</span> <span class='ocrx_word' id='word_1_753' title='bbox 1766 4986 1794 5040; x_wconf 91' lang='lat'>6</span> <span class='ocrx_word' id='word_1_754' title='bbox 1822 4989 1920 5041; x_wconf 89' lang='grc' dir='ltr'>τοῦ</span> <span class='ocrx_word' id='word_1_755' title='bbox 1968 4990 2102 5041; x_wconf 92' lang='grc' dir='ltr'>Θεοῦ</span> 
     </span>
    </p>
   </div>
   <div class='ocr_carea' id='block_1_99' title="bbox 444 5070 2102 5152">
    <p class='ocr_par' dir='ltr' id='par_1_99' title="bbox 444 5070 2102 5152">
     <span class='ocr_line' id='line_1_99' title="bbox 444 5070 2102 5152; baseline -0.001 -22"><span class='ocrx_word' id='word_1_756' title='bbox 444 5074 630 5152; x_wconf 88' lang='grc' dir='ltr'>Λόγος</span> <span class='ocrx_word' id='word_1_757' title='bbox 689 5070 958 5151; x_wconf 87' lang='grc' dir='ltr'>λαμϐάνει</span> <span class='ocrx_word' id='word_1_758' title='bbox 1002 5076 1177 5149; x_wconf 73' lang='grc' dir='ltr'>ἑαυτῷ</span> <span class='ocrx_word' id='word_1_759' title='bbox 1224 5080 1403 5151; x_wconf 86' lang='grc' dir='ltr'>σῶμα,</span> <span class='ocrx_word' id='word_1_760' title='bbox 1436 5074 1527 5130; x_wconf 85' lang='grc' dir='ltr'>καὶ</span> <span class='ocrx_word' id='word_1_761' title='bbox 1585 5075 1661 5138; x_wconf 89' lang='grc' dir='ltr'>ὡς</span> <span class='ocrx_word' id='word_1_762' title='bbox 1710 5073 1993 5149; x_wconf 85' lang='grc' dir='ltr'>ἅνθρωπος</span> <span class='ocrx_word' id='word_1_763' title='bbox 2050 5073 2102 5130; x_wconf 81' lang='grc' dir='ltr'>ἐν</span> 
     </span>
    </p>
   </div>
   <div class='ocr_carea' id='block_1_100' title="bbox 445 5164 2097 5245">
    <p class='ocr_par' dir='ltr' id='par_1_100' title="bbox 445 5164 2097 5245">
     <span class='ocr_line' id='line_1_100' title="bbox 445 5164 2097 5245; baseline 0.001 -25"><span class='ocrx_word' id='word_1_764' title='bbox 445 5164 754 5243; x_wconf 87' lang='grc' dir='ltr'>ἀνθρώποις</span> <span class='ocrx_word' id='word_1_765' title='bbox 811 5165 1215 5245; x_wconf 79' lang='grc' dir='ltr'>ἀναστρέφεται,</span> <span class='ocrx_word' id='word_1_766' title='bbox 1258 5166 1347 5222; x_wconf 87' lang='grc' dir='ltr'>καὶ</span> <span class='ocrx_word' id='word_1_767' title='bbox 1404 5166 1500 5228; x_wconf 75' lang='grc' dir='ltr'>τὰς</span> <span class='ocrx_word' id='word_1_768' title='bbox 1554 5165 1829 5238; x_wconf 78' lang='grc' dir='ltr'>αἰσθήσεις</span> <span class='ocrx_word' id='word_1_769' title='bbox 1882 5166 2097 5221; x_wconf 88' lang='grc' dir='ltr'>πάντων</span> 
     </span>
    </p>
   </div>
   <div class='ocr_carea' id='block_1_101' title="bbox 440 5251 2096 5333">
    <p class='ocr_par' dir='ltr' id='par_1_101' title="bbox 440 5251 2096 5333">
     <span class='ocr_line' id='line_1_101' title="bbox 440 5251 2096 5333; baseline -0.001 -23"><span class='ocrx_word' id='word_1_770' title='bbox 440 5251 884 5333; x_wconf 87' lang='grc' dir='ltr'>προσλαμϐάνει,</span> <span class='ocrx_word' id='word_1_771' title='bbox 922 5254 1010 5311; x_wconf 56' lang='grc' dir='ltr'>τίνα</span> <span class='ocrx_word' id='word_1_772' title='bbox 1061 5257 1117 5310; x_wconf 79' lang='lat' dir='ltr'><strong>o&#39;t</strong></span> <span class='ocrx_word' id='word_1_773' title='bbox 1166 5256 1218 5311; x_wconf 85' lang='grc' dir='ltr'>έν</span> <span class='ocrx_word' id='word_1_774' title='bbox 1269 5261 1604 5331; x_wconf 87' lang='grc' dir='ltr'>σωματικοῖς</span> <span class='ocrx_word' id='word_1_775' title='bbox 1656 5260 1905 5317; x_wconf 89' lang='grc' dir='ltr'>νοοῦντες</span> <span class='ocrx_word' id='word_1_776' title='bbox 1965 5255 2096 5311; x_wconf 82' lang='grc' dir='ltr'>εἶναι</span> 
     </span>
    </p>
   </div>
   <div class='ocr_carea' id='block_1_102' title="bbox 438 5342 2098 5424">
    <p class='ocr_par' dir='ltr' id='par_1_102' title="bbox 438 5342 2098 5424">
     <span class='ocr_line' id='line_1_102' title="bbox 438 5342 2098 5424; baseline -0.001 -23"><span class='ocrx_word' id='word_1_777' title='bbox 438 5347 529 5402; x_wconf 77' lang='grc' dir='ltr'>τὸν</span> <span class='ocrx_word' id='word_1_778' title='bbox 562 5348 714 5420; x_wconf 85' lang='grc' dir='ltr'>Θεὸν,</span> <span class='ocrx_word' id='word_1_779' title='bbox 751 5348 839 5424; x_wconf 85' lang='grc' dir='ltr'>ἀφ’</span> <span class='ocrx_word' id='word_1_780' title='bbox 869 5347 945 5401; x_wconf 83' lang='grc' dir='ltr'>ὦν</span> <span class='ocrx_word' id='word_1_781' title='bbox 970 5347 997 5400; x_wconf 91' lang='grc' dir='ltr'>ὁ</span> <span class='ocrx_word' id='word_1_782' title='bbox 1028 5344 1227 5421; x_wconf 86' lang='grc' dir='ltr'>Κύριος</span> <span class='ocrx_word' id='word_1_783' title='bbox 1290 5345 1571 5422; x_wconf 80' lang='grc' dir='ltr'>ἐργάζεται</span> <span class='ocrx_word' id='word_1_784' title='bbox 1604 5342 1692 5400; x_wconf 82' lang='grc' dir='ltr'>διὰ</span> <span class='ocrx_word' id='word_1_785' title='bbox 1720 5349 1827 5399; x_wconf 88' lang='grc' dir='ltr'>τῶν</span> <span class='ocrx_word' id='word_1_786' title='bbox 1859 5349 1955 5400; x_wconf 91' lang='grc' dir='ltr'>τοῦ</span> <span class='ocrx_word' id='word_1_787' title='bbox 1985 5346 2098 5399; x_wconf 89' lang='grc' dir='ltr'>σώ-</span> 
     </span>
    </p>
   </div>
   <div class='ocr_carea' id='block_1_103' title="bbox 444 5433 2096 5514">
    <p class='ocr_par' dir='ltr' id='par_1_103' title="bbox 444 5433 2096 5514">
     <span class='ocr_line' id='line_1_103' title="bbox 444 5433 2096 5514; baseline -0.002 -22"><span class='ocrx_word' id='word_1_788' title='bbox 444 5457 613 5510; x_wconf 85' lang='grc' dir='ltr'>ματος</span> <span class='ocrx_word' id='word_1_789' title='bbox 676 5433 875 5514; x_wconf 78' lang='grc' dir='ltr'>ἔργων,</span> <span class='ocrx_word' id='word_1_790' title='bbox 907 5435 996 5491; x_wconf 88' lang='grc' dir='ltr'>ἀπ’</span> <span class='ocrx_word' id='word_1_791' title='bbox 1042 5436 1215 5491; x_wconf 81' lang='grc' dir='ltr'>αὐτῶν</span> <span class='ocrx_word' id='word_1_792' title='bbox 1260 5437 1502 5507; x_wconf 91' lang='grc' dir='ltr'>νοήσωσι</span> <span class='ocrx_word' id='word_1_793' title='bbox 1545 5436 1644 5506; x_wconf 81' lang='grc' dir='ltr'>τὴν</span> <span class='ocrx_word' id='word_1_794' title='bbox 1698 5434 1974 5507; x_wconf 86' lang='grc' dir='ltr'>ἀλήθειαν,</span> <span class='ocrx_word' id='word_1_795' title='bbox 2006 5435 2096 5489; x_wconf 80' lang='grc' dir='ltr'>καὶ</span> 
     </span>
    </p>
   </div>
   <div class='ocr_carea' id='block_1_104' title="bbox 442 5521 2096 5602">
    <p class='ocr_par' dir='ltr' id='par_1_104' title="bbox 442 5521 2096 5602">
     <span class='ocr_line' id='line_1_104' title="bbox 442 5521 2096 5602; baseline 0.001 -23"><span class='ocrx_word' id='word_1_796' title='bbox 442 5521 511 5581; x_wconf 87' lang='grc' dir='ltr'>δι’</span> <span class='ocrx_word' id='word_1_797' title='bbox 541 5526 706 5595; x_wconf 77' lang='grc' dir='ltr'>αὐτοῦ</span> <span class='ocrx_word' id='word_1_798' title='bbox 732 5526 823 5583; x_wconf 90' lang='grc' dir='ltr'>τὸν</span> <span class='ocrx_word' id='word_1_799' title='bbox 854 5526 1068 5602; x_wconf 86' lang='grc' dir='ltr'>Πατέρα</span> <span class='ocrx_word' id='word_1_800' title='bbox 1126 5523 1478 5602; x_wconf 88' lang='grc' dir='ltr'>λογίσωνται.</span> <span class='ocrx_word' id='word_1_801' title='bbox 1513 5525 1828 5601; x_wconf 74' lang='grc' dir='ltr'>Ἄνθρωποι</span> <span class='ocrx_word' id='word_1_802' title='bbox 1859 5522 1917 5581; x_wconf 71' lang='grc' dir='ltr'>δὲ</span> <span class='ocrx_word' id='word_1_803' title='bbox 1946 5521 2096 5590; x_wconf 82' lang='grc' dir='ltr'>ὄντες</span> 
     </span>
    </p>
   </div>
   <div class='ocr_carea' id='block_1_105' title="bbox 508 5670 960 5743">
    <p class='ocr_par' dir='ltr' id='par_1_105' title="bbox 508 5670 960 5743">
     <span class='ocr_line' id='line_1_105' title="bbox 508 5670 960 5743; baseline 0.007 -17"><span class='ocrx_word' id='word_1_804' title='bbox 508 5670 553 5706; x_wconf 82' lang='grc'>⁶¹</span> <span class='ocrx_word' id='word_1_805' title='bbox 585 5670 607 5726; x_wconf 95' lang='grc' dir='ltr'><strong>Ι</strong></span> <span class='ocrx_word' id='word_1_806' title='bbox 637 5672 765 5730; x_wconf 86' lang='lat' dir='ltr'><strong>Cor.</strong></span> <span class='ocrx_word' id='word_1_807' title='bbox 799 5688 841 5743; x_wconf 81' lang='grc' dir='ltr'>ι,</span> <span class='ocrx_word' id='word_1_808' title='bbox 869 5673 960 5729; x_wconf 87' lang='grc'>21.</span> 
     </span>
    </p>
   </div>
   <div class='ocr_carea' id='block_1_106' title="bbox 508 5818 1875 5916">
    <p class='ocr_par' dir='ltr' id='par_1_106' title="bbox 508 5818 1875 5916">
     <span class='ocr_line' id='line_1_106' title="bbox 508 5818 1875 5916; baseline 0.011 -30"><span class='ocrx_word' id='word_1_809' title='bbox 508 5829 623 5911; x_wconf 72' lang='grc' dir='ltr'>(ιο)</span> <span class='ocrx_word' id='word_1_810' title='bbox 652 5831 787 5915; x_wconf 82' lang='grc' dir='ltr'>Περὶ</span> <span class='ocrx_word' id='word_1_811' title='bbox 816 5833 1033 5916; x_wconf 87' lang='grc' dir='ltr'>Πατρός</span> <span class='ocrx_word' id='word_1_812' title='bbox 1068 5836 1234 5897; x_wconf 81' lang='lat' dir='ltr'><strong>deest</strong></span> <span class='ocrx_word' id='word_1_813' title='bbox 1260 5834 1322 5896; x_wconf 91' lang='lat' dir='ltr'>in</span> <span class='ocrx_word' id='word_1_814' title='bbox 1352 5818 1581 5911; x_wconf 77' lang='lat' dir='ltr'><strong>Anglic.</strong></span> <span class='ocrx_word' id='word_1_815' title='bbox 1612 5840 1670 5897; x_wconf 87' lang='lat' dir='ltr'><strong>et</strong></span> <span class='ocrx_word' id='word_1_816' title='bbox 1698 5837 1875 5905; x_wconf 77' lang='lat' dir='ltr'><strong>Basil.</strong></span> 
     </span>
    </p>
   </div>
   <div class='ocr_carea' id='block_1_107' title="bbox 2216 4806 3865 4883">
    <p class='ocr_par' dir='ltr' id='par_1_107' title="bbox 2216 4806 3865 4883">
     <span class='ocr_line' id='line_1_107' title="bbox 2216 4806 3865 4883; baseline 0.002 -20"><span class='ocrx_word' id='word_1_817' title='bbox 2216 4806 2405 4864; x_wconf 92' lang='lat' dir='ltr'><strong>mines</strong></span> <span class='ocrx_word' id='word_1_818' title='bbox 2436 4824 2661 4877; x_wconf 84' lang='lat' dir='ltr'><strong>necnon</strong></span> <span class='ocrx_word' id='word_1_819' title='bbox 2683 4808 2979 4864; x_wconf 78' lang='lat' dir='ltr'><strong>daemones</strong></span> <span class='ocrx_word' id='word_1_820' title='bbox 3008 4807 3120 4863; x_wconf 91' lang='lat' dir='ltr'><strong>sibi</strong></span> <span class='ocrx_word' id='word_1_821' title='bbox 3152 4807 3290 4863; x_wconf 90' lang='lat' dir='ltr'><strong>deos</strong></span> <span class='ocrx_word' id='word_1_822' title='bbox 3349 4807 3708 4883; x_wconf 84' lang='lat' dir='ltr'><strong>efﬁngebant</strong></span> <span class='ocrx_word' id='word_1_823' title='bbox 3735 4827 3748 4866; x_wconf 93' lang='lat'><strong>:</strong></span> <span class='ocrx_word' id='word_1_824' title='bbox 3781 4810 3865 4867; x_wconf 89' lang='lat' dir='ltr'>id-</span> 
     </span>
    </p>
   </div>
   <div class='ocr_carea' id='block_1_108' title="bbox 2215 4896 3859 4973">
    <p class='ocr_par' dir='ltr' id='par_1_108' title="bbox 2215 4896 3859 4973">
     <span class='ocr_line' id='line_1_108' title="bbox 2215 4896 3859 4973; baseline 0.002 -21"><span class='ocrx_word' id='word_1_825' title='bbox 2215 4898 2365 4954; x_wconf 85' lang='lat' dir='ltr'><strong>circo</strong></span> <span class='ocrx_word' id='word_1_826' title='bbox 2386 4897 2859 4954; x_wconf 90' lang='lat' dir='ltr'><strong>humanissimus</strong></span> <span class='ocrx_word' id='word_1_827' title='bbox 2873 4896 3275 4954; x_wconf 89' lang='lat' dir='ltr'><strong>etcommunis</strong></span> <span class='ocrx_word' id='word_1_828' title='bbox 3293 4898 3859 4973; x_wconf 82' lang='lat' dir='ltr'><strong>omniumServator,</strong></span> 
     </span>
    </p>
   </div>
   <div class='ocr_carea' id='block_1_109' title="bbox 2212 4987 3862 5061">
    <p class='ocr_par' dir='ltr' id='par_1_109' title="bbox 2212 4987 3862 5061">
     <span class='ocr_line' id='line_1_109' title="bbox 2212 4987 3862 5061; baseline 0.002 -17"><span class='ocrx_word' id='word_1_829' title='bbox 2212 4987 2315 5044; x_wconf 92' lang='lat' dir='ltr'>Dei</span> <span class='ocrx_word' id='word_1_830' title='bbox 2344 4988 2600 5044; x_wconf 90' lang='lat' dir='ltr'><strong>Verbum</strong></span> <span class='ocrx_word' id='word_1_831' title='bbox 2631 4987 2743 5043; x_wconf 91' lang='lat' dir='ltr'><strong>sibi</strong></span> <span class='ocrx_word' id='word_1_832' title='bbox 2774 5004 2988 5060; x_wconf 89' lang='lat' dir='ltr'><strong>corpus</strong></span> <span class='ocrx_word' id='word_1_833' title='bbox 3017 4988 3261 5061; x_wconf 89' lang='lat' dir='ltr'><strong>accepit,</strong></span> <span class='ocrx_word' id='word_1_834' title='bbox 3294 4992 3351 5043; x_wconf 93' lang='lat' dir='ltr'><strong>et</strong></span> <span class='ocrx_word' id='word_1_835' title='bbox 3379 4992 3663 5060; x_wconf 89' lang='lat' dir='ltr'><strong>tanquam</strong></span> <span class='ocrx_word' id='word_1_836' title='bbox 3684 4989 3862 5047; x_wconf 92' lang='lat' dir='ltr'><strong>homo</strong></span> 
     </span>
    </p>
   </div>
   <div class='ocr_carea' id='block_1_110' title="bbox 2212 5076 3861 5149">
    <p class='ocr_par' dir='ltr' id='par_1_110' title="bbox 2212 5076 3861 5149">
     <span class='ocr_line' id='line_1_110' title="bbox 2212 5076 3861 5149; baseline 0.002 -16"><span class='ocrx_word' id='word_1_837' title='bbox 2212 5078 2365 5134; x_wconf 88' lang='lat' dir='ltr'><strong>inter</strong></span> <span class='ocrx_word' id='word_1_838' title='bbox 2388 5078 2663 5136; x_wconf 91' lang='lat' dir='ltr'><strong>homines</strong></span> <span class='ocrx_word' id='word_1_839' title='bbox 2691 5083 2958 5134; x_wconf 90' lang='lat' dir='ltr'><strong>versatus</strong></span> <span class='ocrx_word' id='word_1_840' title='bbox 2989 5082 3098 5147; x_wconf 90' lang='lat' dir='ltr'><strong>est,</strong></span> <span class='ocrx_word' id='word_1_841' title='bbox 3124 5076 3511 5149; x_wconf 91' lang='lat' dir='ltr'><strong>omniumque</strong></span> <span class='ocrx_word' id='word_1_842' title='bbox 3548 5077 3861 5136; x_wconf 90' lang='lat' dir='ltr'><strong>hominum</strong></span> 
     </span>
    </p>
   </div>
   <div class='ocr_carea' id='block_1_111' title="bbox 2210 5168 3862 5241">
    <p class='ocr_par' dir='ltr' id='par_1_111' title="bbox 2210 5168 3862 5241">
     <span class='ocr_line' id='line_1_111' title="bbox 2210 5168 3862 5241; baseline 0.001 -17"><span class='ocrx_word' id='word_1_843' title='bbox 2210 5185 2423 5225; x_wconf 89' lang='lat' dir='ltr'><strong>sensus</strong></span> <span class='ocrx_word' id='word_1_844' title='bbox 2453 5168 2798 5240; x_wconf 88' lang='lat' dir='ltr'><strong>assumpsit,</strong></span> <span class='ocrx_word' id='word_1_845' title='bbox 2834 5172 2899 5223; x_wconf 94' lang='lat' dir='ltr'><strong>ut</strong></span> <span class='ocrx_word' id='word_1_846' title='bbox 2947 5168 3048 5241; x_wconf 91' lang='lat' dir='ltr'>qui</span> <span class='ocrx_word' id='word_1_847' title='bbox 3089 5169 3265 5224; x_wconf 87' lang='lat' dir='ltr'><strong>rebus</strong></span> <span class='ocrx_word' id='word_1_848' title='bbox 3324 5168 3616 5239; x_wconf 87' lang='lat' dir='ltr'><strong>corporeis</strong></span> <span class='ocrx_word' id='word_1_849' title='bbox 3682 5174 3862 5225; x_wconf 89' lang='lat' dir='ltr'><strong>Deum</strong></span> 
     </span>
    </p>
   </div>
   <div class='ocr_carea' id='block_1_112' title="bbox 2208 5257 3861 5331">
    <p class='ocr_par' dir='ltr' id='par_1_112' title="bbox 2208 5257 3861 5331">
     <span class='ocr_line' id='line_1_112' title="bbox 2208 5257 3861 5331; baseline 0 -16"><span class='ocrx_word' id='word_1_850' title='bbox 2208 5275 2339 5315; x_wconf 89' lang='lat' dir='ltr'><strong>esse</strong></span> <span class='ocrx_word' id='word_1_851' title='bbox 2367 5259 2672 5330; x_wconf 89' lang='lat' dir='ltr'><strong>putabant,</strong></span> <span class='ocrx_word' id='word_1_852' title='bbox 2706 5275 2774 5314; x_wconf 84' lang='lat' dir='ltr'><strong>ex</strong></span> <span class='ocrx_word' id='word_1_853' title='bbox 2804 5258 2917 5331; x_wconf 88' lang='lat' dir='ltr'><strong>his,</strong></span> <span class='ocrx_word' id='word_1_854' title='bbox 2950 5274 3078 5330; x_wconf 73' lang='lat' dir='ltr'><strong>quae</strong></span> <span class='ocrx_word' id='word_1_855' title='bbox 3111 5257 3423 5327; x_wconf 92' lang='lat' dir='ltr'><strong>Dominus,</strong></span> <span class='ocrx_word' id='word_1_856' title='bbox 3455 5258 3717 5329; x_wconf 90' lang='lat' dir='ltr'><strong>corporis</strong></span> <span class='ocrx_word' id='word_1_857' title='bbox 3750 5260 3861 5315; x_wconf 91' lang='lat' dir='ltr'>mi-</span> 
     </span>
    </p>
   </div>
   <div class='ocr_carea' id='block_1_113' title="bbox 2209 5346 3860 5420">
    <p class='ocr_par' dir='ltr' id='par_1_113' title="bbox 2209 5346 3860 5420">
     <span class='ocr_line' id='line_1_113' title="bbox 2209 5346 3860 5420; baseline 0.002 -18"><span class='ocrx_word' id='word_1_858' title='bbox 2209 5346 2472 5416; x_wconf 88' lang='lat' dir='ltr'><strong>nisterio,</strong></span> <span class='ocrx_word' id='word_1_859' title='bbox 2503 5348 2731 5420; x_wconf 87' lang='lat' dir='ltr'><strong>agebat,</strong></span> <span class='ocrx_word' id='word_1_860' title='bbox 2765 5350 3148 5420; x_wconf 91' lang='lat' dir='ltr'><strong>agnoscerent</strong></span> <span class='ocrx_word' id='word_1_861' title='bbox 3178 5347 3503 5413; x_wconf 88' lang='lat' dir='ltr'><strong>veritatem,</strong></span> <span class='ocrx_word' id='word_1_862' title='bbox 3536 5350 3596 5401; x_wconf 90' lang='lat' dir='ltr'>et</span> <span class='ocrx_word' id='word_1_863' title='bbox 3628 5347 3860 5405; x_wconf 89' lang='lat' dir='ltr'><strong>Patrem</strong></span> 
     </span>
    </p>
   </div>
   <div class='ocr_carea' id='block_1_114' title="bbox 2207 5433 3863 5510">
    <p class='ocr_par' dir='ltr' id='par_1_114' title="bbox 2207 5433 3863 5510">
     <span class='ocr_line' id='line_1_114' title="bbox 2207 5433 3863 5510; baseline 0.001 -17"><span class='ocrx_word' id='word_1_864' title='bbox 2207 5454 2311 5509; x_wconf 92' lang='lat' dir='ltr'><strong>per</strong></span> <span class='ocrx_word' id='word_1_865' title='bbox 2339 5438 2614 5493; x_wconf 92' lang='lat' dir='ltr'>eumdem</span> <span class='ocrx_word' id='word_1_866' title='bbox 2644 5437 2841 5509; x_wconf 92' lang='lat' dir='ltr'><strong>ipsum</strong></span> <span class='ocrx_word' id='word_1_867' title='bbox 2871 5435 3285 5508; x_wconf 87' lang='lat' dir='ltr'><strong>intelligerent.</strong></span> <span class='ocrx_word' id='word_1_868' title='bbox 3319 5435 3466 5489; x_wconf 81' lang='lat' dir='ltr'>Hinc</span> <span class='ocrx_word' id='word_1_869' title='bbox 3496 5433 3604 5504; x_wconf 91' lang='lat' dir='ltr'><strong>illi,</strong></span> <span class='ocrx_word' id='word_1_870' title='bbox 3663 5438 3765 5510; x_wconf 86' lang='lat' dir='ltr'>qui</span> <span class='ocrx_word' id='word_1_871' title='bbox 3802 5442 3863 5495; x_wconf 91' lang='lat' dir='ltr'><strong>et</strong></span> 
     </span>
    </p>
   </div>
   <div class='ocr_carea' id='block_1_115' title="bbox 2206 5524 3860 5603">
    <p class='ocr_par' dir='ltr' id='par_1_115' title="bbox 2206 5524 3860 5603">
     <span class='ocr_line' id='line_1_115' title="bbox 2206 5524 3860 5603; baseline 0.001 -21"><span class='ocrx_word' id='word_1_872' title='bbox 2206 5526 2478 5593; x_wconf 86' lang='lat' dir='ltr'>homines</span> <span class='ocrx_word' id='word_1_873' title='bbox 2508 5530 2675 5583; x_wconf 86' lang='lat' dir='ltr'><strong>erant</strong></span> <span class='ocrx_word' id='word_1_874' title='bbox 2705 5532 2763 5583; x_wconf 94' lang='lat' dir='ltr'><strong>et</strong></span> <span class='ocrx_word' id='word_1_875' title='bbox 2790 5526 3050 5582; x_wconf 90' lang='lat' dir='ltr'><strong>humana</strong></span> <span class='ocrx_word' id='word_1_876' title='bbox 3077 5526 3277 5583; x_wconf 87' lang='lat' dir='ltr'><strong>omnia</strong></span> <span class='ocrx_word' id='word_1_877' title='bbox 3306 5524 3666 5599; x_wconf 86' lang='lat' dir='ltr'><strong>cogitabant,</strong></span> <span class='ocrx_word' id='word_1_878' title='bbox 3711 5544 3860 5603; x_wconf 82' lang='lat' dir='ltr'><strong>quo-</strong></span> 
     </span>
    </p>
   </div>
  </div>
