4160 6380
314 411 426 484 123

849 422 916 482 s.
959 417 1390 482 ATHANASII
1433 419 1608 480 opp.
1654 418 1857 481 PARS
1899 417 1949 479 1.
1980 449 2053 465 -
2089 417 2511 481 HISTORICA
2556 403 2655 481 ET
2698 419 3180 484 DOGMATICA.

3610 427 3727 489 124

309 571 552 628 cunque
583 557 984 611 converterent
1015 569 1248 623 sensus,
1280 551 1507 625 seipsos
1537 553 1617 608 ibi
1651 551 1871 624 suscipi
1904 569 1933 607 e

2071 551 2161 605 xui
2194 551 2506 627 ἀνθρώπινα
2533 553 2710 608 πάντα
2739 557 3009 624 νοοῦντες,
3044 554 3127 617 οἷς
3176 553 3263 610 ἐὰν
3316 550 3583 611 ἐπέϐαλον
3632 560 3730 623 τάς

309 645 614 702 veritatem
646 645 907 716 undique
948 642 1175 699 edoceri
1226 643 1561 698 cernebant.
1615 643 1748 698 Sive
1796 641 1953 697 enim

311 738 566 792 creatam
597 737 868 790 naturam
901 731 1352 799 admirarentur,
1386 748 1514 786 eam
1546 731 1737 804 ipsam
1795 730 1954 786 Chri-

311 829 470 880 stum
501 822 813 878 Dominum
863 821 1125 876 conﬁteri
1179 821 1491 888 videbant;
1552 820 1672 876 sive
1720 819 1955 875 illorum

311 913 496 968 menti
525 911 688 983 digni
718 910 1054 966 viderentur
1082 909 1354 965 homines
1385 925 1530 982 quos
1559 909 1698 965 deos
1755 909 1955 966 existi-

311 1005 576 1058 marent:
611 1015 751 1056 sane
780 999 828 1054 si
855 998 1172 1054 Salvatoris
1201 1014 1378 1070 opera
1398 998 1612 1054 vellent
1641 1014 1775 1053 cum
1805 997 1953 1054 alio-

312 1107 445 1147 rum
475 1088 643 1146 factis
673 1088 960 1156 conferre,
991 1104 1062 1143 ex
1078 1086 1170 1142 his
1187 1085 1563 1160 perspicuum
1587 1091 1741 1143 esset
1761 1087 1951 1144 solum

307 1195 442 1236 eum
474 1179 626 1234 inter
655 1194 861 1234 omnes
890 1176 1160 1232 homines
1204 1175 1415 1231 Filium
1465 1176 1566 1232 Dei
1617 1192 1764 1244 esse,
1816 1193 1951 1232 cum

305 1268 454 1325 nihil
484 1268 642 1340 apud
674 1266 804 1323 illos
837 1266 916 1322 sit
962 1265 1055 1322 his
1110 1265 1323 1332 simile,
1374 1281 1500 1337 quae
1533 1283 1569 1322 a
1599 1265 1714 1322 Deo
1761 1265 1950 1322 Verbo

303 1359 455 1415 facta
483 1359 739 1413 fuerunt.
773 1355 873 1411 Sin
905 1358 1101 1410 autem
1135 1354 1501 1410 daemonibus
1521 1355 1737 1411 addicti
1756 1360 1949 1412 erant:

302 1464 436 1505 cum
469 1447 602 1503 illos
632 1463 667 1502 a
696 1444 942 1501 Domino
987 1442 1124 1516 pelli
1173 1448 1495 1515 cernerent,
1541 1443 1734 1500 solum
1781 1444 1950 1500 illum

303 1536 406 1593 Dei
435 1537 694 1592 Verbum
725 1549 854 1590 esse
884 1537 940 1589 et
969 1534 1264 1588 daemones
1295 1533 1436 1588 deos
1462 1550 1576 1588 non
1610 1549 1737 1589 esse
1771 1551 1951 1607 agno-

301 1642 463 1684 scere
495 1623 664 1681 facile
693 1627 979 1696 poterant.
1017 1621 1116 1678 Sin
1141 1639 1312 1694 porro
1335 1623 1780 1694 superstitiosus
1803 1639 1954 1680 mor-

300 1722 538 1771 tuorum
571 1713 767 1770 cultus
797 1711 1032 1768 illorum
1062 1711 1291 1767 animos
1343 1716 1707 1783 occupasset,
1768 1717 1834 1767 ut
1892 1717 1951 1768 et

301 1806 536 1872 horoas,
571 1807 629 1858 et
659 1819 806 1876 quos
828 1805 1006 1874 poetas
1021 1801 1317 1857 celebrant
1339 1801 1478 1858 deos
1500 1809 1944 1859 venerarentur:

2065 641 2268 695 έαυτῶν
2341 641 2634 714 αἰσθήσεις,
2694 641 2745 698 ἐν
2828 642 3046 706 τούτοις
3123 640 3728 720 προσλαμϐανομένους

2067 729 2288 792 ἑαυτοὺς
2347 731 2551 808 ἐώρων,
2600 730 2691 786 xui
2748 733 3084 810 πανταχόθεν
3146 731 3567 809 διδασκομένους
3623 740 3724 808 τῆν

2066 816 2344 889 ἀληθειαν.
2379 818 2504 875 Εἷίτε
2555 822 2658 896 γάρ
2718 821 2796 884 εἷς
2851 825 2951 892 τὴν
3013 821 3185 878 κτίσιν
3245 823 3533 898 ἐπτόηντο,
3597 825 3724 884 ἀλλ’

2065 907 2250 982 ἑώρων
2285 908 2450 979 αὐτὴν
2484 907 2864 986 ὁμολογοῦσαν
2914 910 3006 968 τὸν
3057 914 3285 990 Χριστὸν
3335 914 3532 993 Κύριον
3567 935 3580 948 ’
3617 917 3723 974 εἷ’τε

2065 997 2139 1059 εἰς
2200 999 2516 1071 ἀνθρώπους
2587 1002 2652 1068 ἦν
2721 1002 2894 1056 αὐτῶν
2957 1003 2992 1071 ἡ
3052 999 3264 1058 διάνοια
3319 1002 3720 1086 προληφθεῖσα,

2064 1085 2202 1142 ὥστε
2228 1087 2456 1151 τούτους
2487 1088 2641 1152 θεοὺς
2673 1089 2935 1164 νομίζειν,
2970 1089 3096 1146 ἀλλ’
3128 1092 3188 1148 ἐκ
3228 1098 3338 1150 τῶν
3391 1091 3564 1172 ἔργων
3625 1103 3721 1154 τοῦ

2064 1181 2350 1251 Σωτῆρος,
2381 1177 2776 1255 συγκρινόντων
2830 1201 2890 1235 τε
2948 1180 3192 1255 ἐκείνων,
3235 1182 3481 1262 ἐφαίνετο
3533 1185 3586 1241 ἐν
3633 1187 3726 1243 ἆν-

2061 1267 2301 1342 θρώποις
2355 1269 2519 1340 μόνος
2550 1269 2578 1322 6
2612 1269 2808 1344 Σωτὴρ
2853 1275 2988 1326 Θεοῦ
3041 1272 3187 1342 Υἱὸς,
3222 1273 3323 1328 οὐκ
3377 1270 3548 1331 ὄντων
3596 1279 3726 1352 παρ’

2063 1354 2289 1418 ἐκείνοις
2317 1358 2580 1412 τοιούτων
2615 1358 2780 1412 ὁποῖα
2809 1359 2956 1433 παρὰ
2991 1364 3088 1414 τοῦ
3137 1365 3270 1416 Θεοῦ
3320 1362 3503 1438 Λόγου
3554 1366 3727 1441 γέγο-

2059 1467 2166 1504 νεν.
2201 1446 2264 1500 Εἰ
2295 1444 2351 1501 δὲ
2378 1447 2467 1501 καὶ
2501 1447 2578 1509 εἷς
2611 1444 2875 1521 δαίμονας
2922 1450 3056 1517 ἦσαν
3105 1448 3515 1530 προληφθέντες
3573 1453 3722 1512 ἀλλά

2063 1535 2296 1611 ὁρῶντες
2326 1535 2521 1599 αὐτοὺς
2553 1533 2924 1610 διωκομένους
2959 1538 3062 1593 ὑπὸ
3111 1544 3208 1594 τοῦ
3268 1543 3490 1618 Κυρίου,
3525 1541 3722 1619 ἐγίνω-

2062 1645 2187 1679 σκον
2221 1626 2382 1698 μόνον
2417 1625 2549 1680 εἶναι
2580 1631 2770 1681 τοῦτον
2803 1627 2894 1681 τὸν
2926 1631 3022 1682 τοῦ
3066 1633 3201 1684 Θεοῦ
3240 1629 3439 1706 Λόγον,
3472 1631 3564 1687 xui
3617 1633 3718 1690 οὐκ

2062 1713 2195 1769 εἶναι
2225 1714 2376 1777 θεοὺς
2407 1715 2534 1777 τοὺς
2569 1713 2849 1789 δαίμοναςο
2881 1715 2945 1772 Ei
2974 1714 3032 1772 δὲ
3069 1718 3159 1772 xui
3210 1718 3288 1782 είς
3334 1721 3559 1796 νεκροὺς
3603 1721 3712 1794 ἤδη

2057 1805 2264 1860 τούτων
2335 1808 2400 1874 ῆν
2457 1807 2484 1860 6
2546 1809 2670 1867 νοῦς
2737 1806 3120 1882 κατασχεθεὶς,
3183 1807 3323 1864 ὥστε
3397 1812 3714 1886 θρησκεύειν

303 1899 459 1951 certe
480 1893 580 1948 ubi
601 1892 900 1948 Christum
923 1891 1312 1947 resurrexisse
1334 1891 1758 1960 viderent,illos
1785 1911 1933 1950 men-

2057 1893 2268 1970 ἥρωας,
2297 1896 2388 1949 καὶ
2436 1893 2570 1949 τοὺσ
2617 1896 2762 1970 ποιρά
2809 1901 3066 1966 ποιηταῖς
3116 1895 3453 1972 λεγομένους
3507 1903 3708 1965 θεούς·

301 1985 473 2041 daces
503 1998 651 2053 esse,
685 1981 996 2053 solumque
1025 1980 1342 2036 Dominum
1373 1997 1574 2037 verum
1599 1984 1788 2040 Patris
1806 1983 1945 2040 Ver-

297 2074 443 2129 bum
473 2077 530 2128 et
559 2070 765 2128 mortis
795 2070 1107 2125 Dominum
1129 2087 1258 2126 esse
1277 2070 1443 2126 fateri
1461 2076 1825 2142 cogerentur.
1852 2075 1945 2129 Id-

298 2162 448 2218 circo
480 2161 659 2234 igitur
688 2163 862 2215 natus
893 2163 1001 2228 est,
1035 2159 1286 2214 ethomo
1318 2159 1480 2215 visus
1530 2167 1638 2228 est,
1673 2167 1944 2219 mortuus

296 2255 384 2308 est
412 2256 469 2307 et
498 2248 834 2315 resurrexit,
867 2248 1112 2319 suisque
1131 2249 1384 2320 propriis
1415 2249 1586 2305 factis
1617 2251 1816 2306 omnia
1838 2251 1942 2308 ho—

297 2339 547 2408 minum,
581 2337 683 2411 qui
715 2354 977 2409 unquam
1009 2336 1353 2408 ﬂoruerunt,
1385 2343 1552 2410 gesta
1581 2339 1938 2413 obscuravit,

295 2435 361 2486 ut
391 2443 742 2502 quacunque
773 2443 841 2482 ex
873 2431 1034 2499 parte
1083 2427 1467 2499 praeoccupati
1529 2427 1781 2483 fuissent
1836 2429 1940 2486 ho-

292 2519 504 2585 mines,
535 2517 674 2574 inde
694 2516 827 2572 illos
857 2515 1179 2586 reduceret,
1215 2521 1272 2571 et
1300 2532 1503 2571 verum
1564 2517 1654 2572 sui
1705 2518 1937 2575 Patrem

290 2609 542 2676 doceret,
574 2607 660 2661 uti
693 2607 820 2678 ipse
848 2604 960 2661 ait:
1001 2605 1139 2660 Veni
1165 2605 1383 2660 salvum
1404 2607 1588 2675 facere
1609 2614 1660 2662 et
1688 2608 1939 2664 invenire

293 2698 443 2770 quod
471 2697 714 2769 perierat
740 2696 808 2750 δι.

363 2805 450 2859 16.
485 2804 689 2859 Postea
719 2802 876 2858 enim
908 2818 1085 2873 quam
1126 2803 1198 2857 ad
1232 2818 1323 2857 res
1355 2819 1662 2874 corporeas
1692 2803 1934 2876 delapsa

287 2898 377 2950 est
407 2909 574 2948 mens
603 2891 934 2958 hominum,
968 2907 1034 2946 eo
1065 2907 1126 2946 se
1157 2890 1394 2947 demisit
1421 2891 1698 2960 Verbum,
1725 2899 1788 2948 ut
1809 2910 1934 2949 cor-

286 3000 426 3056 pore
455 2982 728 3037 indutum
760 2983 1086 3052 appareret,
1117 2996 1234 3051 quo
1265 2998 1493 3052 nemqe,
1528 2986 1592 3036 ut
1620 2981 1816 3050 homo,
1860 2984 1932 3039 ad

287 3089 350 3128 se
379 3071 712 3126 traduceret
730 3069 830 3125 49
859 3069 1146 3136 homines,
1177 3068 1529 3141 illorumque
1551 3087 1760 3126 sensus
1784 3073 1852 3126 ad
1871 3089 1933 3128 se

285 3163 640 3217 converteret
664 3177 676 3227 ;
711 3163 884 3230 atque
903 3161 964 3212 ut
995 3157 1172 3213 iidem
1195 3157 1465 3214 homines
1491 3176 1624 3214 eum
1645 3165 1927 3233 tanquam

283 3251 584 3307 hominem
616 3249 936 3313 intuentes,
967 3264 1035 3303 ex
1081 3247 1175 3302 his
1225 3265 1352 3320 quae
1401 3253 1597 3320 ageret
1653 3251 1929 3322 Operibus

2059 1981 2185 2038 ἀλλ’
2216 1985 2451 2060 ὁρῶντες
2482 1985 2581 2054 τῆν
2612 1989 2710 2039 τοῦ
2744 1991 3005 2060 Σωτῆρος
3038 1987 3346 2058 ἀνάστασιν,
3378 1988 3711 2066 ὡμολόγουν

2056 2071 2292 2136 ἐκείνους
2326 2073 2459 2128 εἶναι
2490 2071 2728 2147 ψευδεῖς,
2758 2074 2848 2128 καὶ
2900 2074 3063 2148 μόνον
3106 2077 3196 2131 τὸν
3260 2078 3454 2154 Κύριον
3518 2078 3711 2150 ἀληθι-

2053 2162 2140 2216 νὸν
2171 2163 2263 2217 τὸν
2321 2168 2417 2217 τοῦ
2449 2164 2659 2240 Πατρὸς
2688 2163 2886 2239 Λόγον,
2918 2165 3009 2220 τὸν
3057 2165 3147 2220 xui
3194 2172 3290 2222 τοῦ
3339 2169 3565 2224 θανάτου
3611 2191 3708 2225 κυ-

2054 2251 2316 2328 ριεύοντα.
2369 2255 2466 2307 Διά
2511 2257 2671 2308 τοῦτο
2713 2253 2803 2308 καὶ
2851 2255 3138 2329 γεγένηται
3182 2259 3317 2330 (11),
3365 2257 3455 2312 καὶ
3507 2255 3712 2337 ἅνθρω-

2050 2363 2154 2404 πος
2211 2341 2401 2416 ἐφάνη,
2433 2343 2522 2396 καὶ
2577 2342 2824 2411 ἀπέθανε,
2870 2344 2960 2398 καὶ
3009 2343 3228 2414 ἀνέστη,
3281 2341 3563 2419 ἀμϐλύνας
3618 2349 3708 2404 καὶ

2051 2431 2366 2493 ἐπισκιάσας
2394 2433 2462 2486 τά
2488 2435 2596 2486 τῶν
2630 2433 2855 2487 πώποτε
2902 2434 3210 2507 γενομένων
3262 2434 3561 2509 ἀνθρώπων
3619 2435 3710 2494 διὰ

2045 2526 2152 2575 τῶν
2193 2518 2344 2576 ἰδίων
2377 2519 2569 2596 ἔργων,
2597 2519 2690 2576 ’ίνα
2721 2520 2857 2576 ὅπου
2891 2519 2938 2576 δ’
2968 2521 3027 2576 ἂν
3060 2521 3160 2577 ὦσι
3210 2523 3619 2604 προληφθέντες
3653 2527 3707 2580 οἱ

2047 2608 2343 2685 ἄνθρωποι,
2401 2609 2598 2665 ἐκεῖθεν
2661 2610 2856 2673 αὐτοὺς
2907 2609 3170 2687 ἀναγάγῃ,
3219 2614 3309 2668 καὶ
3368 2611 3553 2690 διδάξῃ
3606 2616 3697 2671 τὸν

2046 2698 2299 2770 ἀληθινὸν
2359 2699 2522 2754 αὐτοῦ
2574 2700 2802 2775 Πατέρα,
2831 2702 3066 2776 καθάπερ
3124 2701 3215 2757 καὶ
3273 2702 3434 2766 αὐτός
3483 2725 3646 2779 φησιν
3681 2723 3695 2736 ⁵

2043 2787 2241 2844 Ἦλθον
2273 2794 2443 2844 σῶσαι
2472 2789 2562 2844 καὶ
2586 2789 2756 2864 εὑρεῖν
2788 2790 2852 2844 τὸ
2884 2787 3199 2853 ἀπολωλός.

2115 2881 2202 2936 16.
2236 2879 2409 2949 "Aqu
2451 2879 2554 2953 γάρ
2599 2879 2676 2941 εἰς
2710 2878 2938 2949 αἰσθητά
2969 2879 3240 2951 πεσούσης
3297 2888 3398 2951 τῆς
3453 2880 3694 2947 διανοίας

2039 2971 2146 3023 τῶν
2197 2968 2493 3045 ἀνθρώπων
2544 2970 2682 3041 (12),
2725 2963 2989 3023 ὑπέϐαλεν
3051 2969 3235 3026 ἑαυτὸν
3292 2969 3381 3026 διά
3439 2973 3693 3047 σώματος

2041 3064 2270 3132 φανῆναι
2302 3058 2330 3112 6
2362 3056 2561 3132 Λόγος,
2609 3055 2700 3111 ’ίνα
2761 3057 3051 3132 μετενέγκῃ
3099 3057 3174 3122 εἷς
3226 3059 3411 3116 ἑαυτὸν
3473 3062 3547 3124 ὡς
3605 3059 3696 3118 ἄν·

2039 3150 2255 3220 θρωπος
2283 3146 2409 3209 τοὺς
2443 3146 2780 3221 ἀνθρώπους,
2811 3146 2900 3201 καὶ
2929 3149 3026 3210 τάς
3060 3147 3335 3219 αἰσθήσεις
3389 3151 3565 3207 αὐτῶν
3618 3152 3696 3217 είς

2043 3238 2228 3292 ἑαυτὸν
2288 3235 2576 3310 ἀποκλίνῃ,
2634 3236 2725 3291 καὶ
2795 3237 2988 3291 Λοιπὸν
3063 3236 3299 3302 ἐκείνους
3359 3240 3434 3303 ὡς
3492 3241 3698 3317 ἅνθρω-

283 3341 585 3395 crederent
614 3338 931 3401 intuentes,
964 3352 1033 3392 ex
1086 3337 1177 3392 his
1236 3354 1363 3408 quae
1409 3343 1607 3409 ageret
1654 3339 1928 3412 operibus

2046 3349 2142 3382 πον
2173 3329 2286 3402 (13)
2318 3324 2477 3381 αύτὸν
2510 3328 2773 3402 ὁρῶντας,
2808 3323 2876 3380 δι’
2905 3327 2979 3381 ὦν
3014 3326 3294 3402 ἐργάζεται
3347 3325 3544 3405 ἔργων,
3569 3330 3696 3385 ’πεί-

280 3430 583 3486 crederent
614 3428 809 3500 ipsum
842 3442 956 3482 non
987 3431 1218 3481 tantum
1277 3426 1574 3482 hominem
1626 3444 1774 3500 esse,
1825 3431 1926 3485 sed

286 3518 465 3575 etiam
507 3523 689 3573 Deum
723 3521 780 3572 et
810 3515 910 3571 Dei
941 3516 1060 3570 veri
1077 3513 1335 3570 Verbum
1360 3532 1425 3571 ac
1456 3516 1928 3588 sapientiam.ld-

278 3608 476 3680 ipsum
508 3621 648 3662 sane
670 3604 886 3660 Paulus
919 3603 1102 3659 voluit
1132 3603 1226 3660 bis
1275 3605 1467 3660 verbis
1513 3605 1802 3663 indicare:
1863 3609 1928 3663 In

277 3697 550 3752 charitate
578 3693 819 3750 radicati
846 3693 1172 3765 etv/undati,
1220 3701 1281 3748 ut
1319 3697 1541 3765 possitis
1577 3699 1927 3768 comprehen-

275 3785 404 3842 dere
433 3801 560 3840 cum
580 3783 833 3839 omnibus
860 3784 1086 3849 sanctis,
1119 3798 1241 3854 quae
1281 3785 1354 3838 sit
1398 3784 1657 3854 latitudo,
1706 3791 1760 3840 et
1813 3789 1928 3842 lon-

275 3873 492 3948 gitudo,
550 3877 607 3928 et
661 3873 974 3927 sublimitas
1025 3875 1076 3926 et
1141 3872 1515 3944 profundum:
1584 3877 1723 3931 scire
1755 3879 1928 3932 etiam

269 3962 770 4034 supereminentem
822 3961 1068 4016 scientiae
1150 3961 1476 4016 charitatem
1566 3963 1788 4032 Christi,
1859 3975 1922 4022 ut

274 4049 632 4123 impleamini
654 4051 712 4104 in
734 4065 948 4104 omnem
971 4049 1373 4120 plenitudinem
1393 4053 1491 4106 Dei
1509 4053 1572 4106 ⁵³.
1597 4053 1740 4108 Cum
1765 4055 1921 4111 enim

269 4141 531 4197 Verbum
564 4137 782 4210 ubique
805 4155 932 4194 sese
964 4137 1340 4210 explicaverit
1368 4157 1604 4197 sursum
1649 4147 1706 4198 et
1755 4145 1920 4200 deor-

271 4247 430 4301 sum,
467 4230 525 4285 in
559 4228 917 4302 profundum
949 4231 1007 4283 et
1032 4227 1091 4282 in
1126 4227 1350 4284 latum:
1385 4247 1622 4286 sursum
1657 4233 1917 4304 quidem,

271 4336 468 4378 rerum
504 4317 834 4381 creatione;
866 4318 1142 4373 deorsum
1181 4335 1339 4387 vero,
1398 4319 1660 4377 humana
1711 4327 1920 4380 natura

272 4413 620 4482 assumpta;
651 4409 710 4463 in
744 4407 1105 4481 profundum
1165 4413 1361 4464 autem
1407 4427 1542 4465 cum
1597 4412 1658 4466 in
1708 4412 1919 4470 inferos

269 4498 610 4566 descendit;
641 4497 701 4552 in
732 4496 921 4552 latum
953 4495 1205 4568 denique
1237 4502 1527 4570 quatenus
1575 4501 1915 4558 universum

269 4588 564 4644 mundum
595 4603 701 4643 suo
731 4587 980 4642 adventu
1013 4585 1371 4656 illustravit;
1405 4589 1604 4644 omnia
1656 4589 1912 4660 profecto

2039 3439 2105 3492 σῃ
2144 3418 2217 3490 μὴ
2253 3417 2387 3471 εἶναι
2438 3416 2622 3470 ἑαυτὸν
2673 3411 2969 3490 ἄνθρωπον
3006 3416 3192 3490 μόνον,
3227 3416 3373 3473 ἀλλά
3417 3420 3507 3474 καὶ
3565 3421 3694 3476 Θεὸν

2035 3507 2125 3562 καὶ
2185 3511 2317 3561 Θεοῦ
2372 3504 2630 3577 ἀληθινοῦ
2688 3505 2863 3581 Λόγον
2910 3505 3000 3560 xui
3045 3506 3258 3584 σοφίαν.
3290 3512 3458 3565 Τοῦτο
3491 3507 3548 3564 δὲ
3580 3513 3694 3586 (14)

2035 3597 2124 3651 καὶ
2156 3598 2183 3651 ὁ
2220 3594 2438 3659 Παῦλος
2491 3593 2826 3670 βουλόμενος
2886 3594 3126 3668 σημᾶναί
3177 3617 3340 3674 φησιν
3375 3616 3387 3628 ·
3422 3599 3506 3655 Ἐν
3558 3599 3692 3675 ἀγά-

2034 3708 2109 3760 πῃ
2178 3685 2534 3762 ἐρριζωμένοι
2605 3685 2696 3740 καὶ
2771 3683 3251 3758 τεθεμελιωμένοι,
3307 3685 3399 3741 τίνα
3473 3687 3690 3766 ἐξισχύ-

2034 3797 2166 3846 σητε
2233 3769 2628 3830 καταλαϐέσθαι
2698 3773 2788 3829 σὺν
2867 3779 2998 3829 πᾶσι
3073 3779 3190 3838 τοῖς
3260 3774 3460 3850 ἁγίοις,
3518 3777 3573 3833 τί
3626 3778 3690 3834 τὸ

2033 3865 2265 3934 πλάτος,
2305 3864 2395 3919 xui
2430 3871 2626 3936 μῆκος,
2655 3863 2744 3918 xui
2789 3862 2948 3937 ὕψος,
2979 3865 3069 3918 xui
3131 3865 3317 3938 βάθος,
3372 3867 3574 3941 γνῶναί
3630 3888 3690 3922 τε

2031 3957 2130 4025 τὴν
2195 3949 2640 4030 ὑπερϐάλλουσαν
2683 3961 2784 4022 τῆς
2842 3953 3099 4028 γνώσεως
3149 3954 3365 4030 ἀγάπην
3414 3960 3510 4010 τοῦ
3559 3962 3690 4031 Χρι-

2032 4049 2180 4118 στοῦ,
2233 4041 2326 4100 ’ίνα
2380 4041 2716 4118 πληρωθῆτε
2786 4042 2862 4106 εἷς
2932 4048 3034 4098 πᾶν
3109 4045 3173 4098 τὸ
3246 4042 3533 4120 πλήρωμα
3587 4049 3686 4100 τοῦ

2031 4138 2166 4189 Θεοῦ
2200 4153 2213 4165 ·
2247 4137 2528 4208 πανταχοῦ
2557 4133 2660 4206 γὰρ
2708 4136 2806 4186 τοῦ
2848 4131 3030 4207 Λόγου
3073 4132 3258 4189 ἑαυτὸν
3302 4131 3685 4209 ἁπλώσαντος,

2029 4223 2118 4278 xui
2152 4221 2283 4292 ἅνω,
2314 4222 2404 4277 xui
2434 4223 2603 4291 κάτω,
2634 4220 2724 4276 καὶ
2757 4221 2833 4283 εἷς
2862 4222 2925 4276 τὸ
2960 4223 3146 4297 βάθος,
3179 4223 3269 4278 καὶ
3313 4223 3390 4286 εἷς
3440 4223 3502 4278 τὸ
3547 4221 3688 4279 πλά-

2027 4333 2120 4375 τος
2157 4354 2169 4367 .
2204 4310 2314 4366 ἄνω
2351 4312 2445 4385 μὲν
2477 4311 2552 4373 εἷς
2583 4311 2682 4380 τὴν
2733 4309 2928 4383 κτίσιν,
2961 4311 3110 4366 κάτω
3154 4308 3213 4366 δὲ
3261 4312 3339 4374 εἰς
3384 4314 3486 4382 τὴν
3535 4312 3686 4369 ἐναν-

2027 4403 2326 4476 θρώπησιν,
2361 4402 2438 4464 εἰς
2475 4401 2636 4476 βάθος
2668 4402 2777 4474 (15)
2813 4396 2870 4455 δὲ
2902 4399 2978 4463 εἰς
3009 4401 3100 4456 τὸν
3162 4395 3320 4475 ἅδην,
3353 4402 3430 4464 εἷς
3478 4400 3690 4466 πλάτος

2028 4490 2085 4547 δὲ
2117 4492 2193 4554 εἰς
2223 4492 2312 4547 τὸν
2345 4491 2550 4564 κόσμον
2587 4512 2598 4524 ·
2630 4490 2698 4545 ca:
2725 4491 2897 4545 πάντα
2919 4496 3020 4559 τῆς
3069 4490 3194 4565 περὶ
3249 4495 3381 4546 Θεοῦ
3428 4491 3684 4566 γνώσεως

2025 4580 2408 4658 πεπλήρωται.
2443 4581 2541 4635 Διά
2581 4577 2639 4634 δὲ
2684 4583 2845 4634 τοῦτο
2895 4576 3021 4634 οὐδὲ
3074 4580 3324 4656 παραυτά
3377 4579 3684 4657 παραγενό-

270 4677 372 4734 Dei
403 4676 734 4750 cognitione
762 4674 980 4748 repleta
1013 4681 1170 4732 sunt.
1222 4676 1363 4732 Eam
1414 4678 1615 4749 utique
1665 4679 1738 4734 ob
1796 4697 1920 4736 rem

2046 4693 2192 4734 ιενος
2231 4672 2331 4741 τήν
2381 4669 2564 4725 θυσίαν
2611 4670 2710 4738 τὴν
2768 4669 2900 4745 ὑπὲρ
2959 4669 3174 4724 πάντων
3210 4667 3475 4741 ἐπετέλει,
3507 4690 3684 4747 παρα-

267 4782 455 4838 neque
497 4765 698 4822 statim
729 4769 902 4837 atque
923 4765 1174 4835 advenit,
1197 4765 1495 4822 victimam
1517 4785 1620 4839 pro
1641 4770 1917 4827 omnibus

267 4856 500 4922 obtulit,
527 4871 740 4927 corpus
773 4855 946 4911 morti
977 4855 1284 4922 tradendo,
1319 4872 1385 4910 ac
1417 4855 1560 4912 illud
1593 4857 1802 4914 deinde
1824 4876 1918 4916 ex-

265 4946 500 5004 citando
535 4963 567 5000 a
598 4943 882 5012 mortuis;
913 4943 996 5000 ita
1026 4943 1181 5000 enim
1206 4945 1400 5018 potius
1430 4963 1492 5002 se
1521 4947 1692 5004 nobis
1714 4948 1914 5004 occul-

263 5040 483 5093 tasset:
515 5050 718 5092 verum
749 5051 812 5090 se
845 5050 949 5107 per
970 5032 1114 5088 illud
1135 5035 1452 5090 videndum
1476 5035 1915 5110 exhibuit,qua-

265 5131 445 5182 tenus
475 5125 535 5180 in
566 5140 632 5180 eo
661 5123 1008 5196 permansit,
1042 5140 1108 5179 ac
1139 5124 1434 5194 ejusmodi
1466 5142 1640 5196 opera
1669 5127 1808 5198 egit,
1859 5132 1916 5184 et

265 5216 436 5289 signa
463 5214 668 5283 edidit,
702 5212 1029 5286 quasillum
1061 5229 1176 5269 non
1219 5213 1520 5270 hominem
1574 5216 1676 5272 sed
1726 5217 1912 5275 Deum

338 5341 387 5376 ⁸³
414 5340 551 5397 Luc.
583 5357 699 5410 xxx,
735 5338 822 5396 10.
852 5336 896 5373 ⁸⁸
925 5338 1136 5411 Ephes.
1170 5355 1254 5410 III,
1291 5340 1477 5396 17-19.

473 5500 896 5586 §eguerian~us,
927 5493 1264 5586 yt'ﬂévvntat‘.

360 5571 447 5646 12)
467 5571 858 5649 _Seguer,r-cc“nv
916 5571 1208 5649 ἀνθρώπων
1234 5572 1335 5649 hic
1383 5573 1579 5649 habet,
1611 5579 1669 5630 et
1714 5576 1911 5649 expri-

260 5643 437 5703 munt
464 5643 814 5716 interpretes
847 5661 861 5711 ;
895 5643 1151 5716 aliii’cum
1182 5645 1357 5701 editis
1389 5647 1692 5703 omittunt.

334 5716 449 5789 (13)
479 5711 899 5789 Begu—erianus,
931 5711 1235 5789 ἄνθρωπον.
1265 5717 1379 5772 Alii
1408 5735 1541 5776 cum
1574 5718 1771 5789 editis,
1816 5715 1908 5774 ἅν-

259 5788 322 5874 θρ
334 5785 507 5864 mc,
537 5785 604 5845 ut
626 5790 690 5854 (et
716 5785 1068 5861 interpretes
1095 5787 1382 5862 legerunt.

2030 4757 2213 4823 διδοὺς
2243 4760 2305 4814 τὸ
2337 4763 2496 4832 σῶμα
2523 4762 2602 4830 τῷ
2630 4758 2865 4830 θανάτῳ,
2895 4757 2986 4813 xui
3038 4758 3265 4814 ἀνιστῶν
3317 4758 3468 4832 αὐτὸ,
3504 4760 3680 4838 ἀφανῆ

2028 4851 2213 4906 ἑαυτὸν
2247 4847 2336 4904 διὰ
2362 4847 2558 4903 τούτου
2587 4852 2758 4902 ποιῶν
2791 4867 2803 4880 ·
2840 4845 2987 4902 ἀλλά
3014 4847 3104 4903 xui
3136 4851 3249 4923 (16)
3282 4847 3495 4927 ἐμφανῆ
3558 4849 3681 4905 ἑαυ-

2024 4940 2114 4995 τὸν
2149 4937 2238 4994 διά
2265 4937 2462 4993 τούτου
2493 4936 2717 5008 καθίστη
2752 4934 3022 5011 διαμένων
3054 4935 3104 4992 ἐν
3162 4935 3328 5010 αὐτῷ,
3360 4936 3451 4992 καὶ
3496 4941 3684 4993 τοιαῦ-

2022 5052 2090 5085 τα
2143 5027 2315 5085 τελῶν
2362 5026 2494 5104 ἔργα
2541 5026 2632 5082 καὶ
2681 5032 2882 5101 σημεῖα
2940 5024 3144 5098 διδοὺς,
3179 5026 3212 5081 ἃ
3246 5027 3439 5102 μηκέτι
3473 5024 3683 5102 ἅνθρω-

2025 5141 2148 5192 πον,
2177 5117 2323 5174 ἀλλά
2381 5119 2508 5172 Θεὸν
2567 5116 2742 5192 Λόγον
2802 5116 2960 5172 αὐτὸν
3012 5116 3325 5192 ἐγνώριζον.
3368 5116 3682 5194 Ἀμφότερα

2023 5211 2127 5287 γὰρ
2177 5205 2683 5288 ἐφιλανθρωπεύετο
2716 5207 2743 5262 6
2777 5207 2973 5281 Σωτῆρ
3035 5203 3124 5261 διὰ
3168 5213 3269 5276 τῆς
3330 5205 3681 5283 ἐνανθρωπή-

2091 5501 2204 5574 (14)
2233 5504 2471 5572 Seguer.
2500 5494 2556 5552 δέ
2587 5499 2682 5555 hic
2713 5499 2896 5566 addit,
2958 5498 3057 5555 alii
3105 5514 3240 5555 vero
3301 5512 3437 5554 cum
3495 5496 3678 5554 editis

2019 5577 2323 5718 ﬂagitii;
2384 5641 2730 5718 Gobleriano
2788 5640 3269 5718 etnEelckmapni
3301 5642 3326 5695 1
3361 5657 3678 5717 anonymo,

2018 5709 2540 5790 deest'praapositio
2571 5714 2656 5790 ε”ςΔ
2679 5719 2815 5771 ante
2846 5709 3012 5777 ϐάθος
3042 5718 3100 5774 et
3126 5711 3357 5776 πλάτος.

2087 5785 2388 5865 (16)Ἐάῖιί
2416 5785 2507 5844 καί
2540 5786 2846 5848 omittunt.
