4160 6426
439 491 554 552 125

1458 482 1753 550 ORATIO
1797 488 1900 549 DE
1943 485 2525 550 INCARNATIONE
2571 483 2834 553 VERBI.

3742 489 3862 549 126

440 642 597 692 σεως,
657 619 741 675 ὅτι
805 619 896 675 καὶ
953 620 1043 674 τὸν
1105 621 1327 675 θάνατον
1377 619 1432 690 ἐξ
1481 622 1642 693 ἡμῶν
1703 618 1951 698 ἠφάνιζε,
2000 620 2089 674 καὶ

2217 621 2463 682 Verbum
2495 638 2624 679 esse
2653 621 2981 678 certissimo
3011 627 3208 678 essent
3237 621 3472 678 indicio.
3530 623 3654 679 Duo
3700 623 3858 679 enim

440 711 763 779 ἀνεκαίνιζεν
795 711 944 782 ἡμᾶς
980 729 991 740 '
1023 709 1113 764 καὶ
1172 707 1278 780 ὅτι,
1313 710 1521 788 ἀφανὴς
1567 707 1640 764 ὣν
1692 709 1781 765 καὶ
1841 709 2092 788 ἀόρατος,

441 799 530 854 διὰ
580 803 688 854 τῶν
737 797 910 874 ἔργων
965 797 1229 877 ἐνέφαινε,
1261 797 1351 854 καί
1400 798 1686 875 ἐγνώριζεν
1746 799 1930 854 ἑαυτὸν
1962 799 2094 855 εἶναι

436 889 530 945 τὸν
563 888 744 965 Λόγον
771 893 870 944 τοῦ
903 889 1135 964 Πατρὸς,
1166 889 1257 944 τὸν
1310 893 1408 944 τοῦ
1461 889 1662 952 παντὸς
1709 889 1959 965 ἡγεμόνα
2004 888 2095 944 καὶ

444 976 694 1056 βασιλέα.

516 1251 603 1305 17.
637 1246 708 1302 Οὐ
739 1248 844 1324 γὰρ
876 1244 941 1316 δή
972 1243 1485 1322 περικεκλεισμένος
1530 1249 1594 1316 ἦν
1645 1246 1694 1302 ἐν
1735 1251 1814 1319 τῷ
1861 1247 2096 1321 σώματιο

445 1336 570 1393 οὐδὲ
601 1337 650 1393 ἐν
686 1338 900 1410 σώματι
952 1337 1046 1410 μὲν
1099 1339 1188 1405 iv,
1241 1334 1523 1413 ἀλλαχόσε
1573 1334 1630 1390 δὲ
1688 1335 1788 1392 οὐκ
1828 1339 1893 1406 iv
1925 1356 1937 1368 '
1975 1334 2100 1392 οὐδὲ

534 1433 556 1444 .,
692 1427 707 1446 κ
803 1425 816 1445 τ
869 1426 880 1446 1
1062 1426 1074 1446 ς
1155 1425 1162 1442 ι
1481 1426 1496 1444 κ
1593 1433 1619 1444 η
1781 1425 1794 1444 Ι

444 1427 616 1483 έκεινο
653 1447 746 1501 μεν
799 1446 984 1495 εκινει,
1015 1447 1084 1480 τα
1133 1423 1238 1480 ὁλα
1287 1427 1398 1500 (47)
1450 1423 1508 1480 δε
1551 1447 1654 1496 της
1701 1447 1898 1480 τουτου
1956 1425 2097 1502 ἐνερ-

444 1517 595 1594 γείας
636 1513 726 1571 καί
773 1514 1033 1592 προνοίας
1082 1516 1349 1570 κεκένωτο
1384 1534 1396 1546 '
1433 1512 1578 1570 ἀλλὰ
1623 1515 1685 1570 τὸ
1731 1512 2100 1591 παραδοξότα-

442 1628 560 1674 τον,
592 1605 768 1681 Λόγος
820 1602 916 1672 ὢν,
950 1603 1012 1659 οὐ
1052 1603 1330 1680 συνείχετο
1387 1604 1480 1678 μὲν
1532 1604 1634 1660 ὑπό
1682 1625 1852 1675 τινος,
1886 1610 2103 1680 συνεῖχε

448 1695 507 1756 δὲ
534 1697 600 1750 τὰ
655 1695 829 1749 πάντα
881 1691 1092 1767 μᾶλλον
1144 1693 1304 1756 αὐτός
1335 1716 1346 1729 ·
1374 1693 1466 1749 καὶ
1516 1693 1696 1769 ὥσπερ
1745 1695 1796 1750 έν
1843 1697 1987 1768 πάσῃ
2032 1697 2102 1768 τῇ

448 1785 618 1841 κτίσει
671 1781 766 1854 ὢν,
819 1782 971 1846 ἐκτὸς
1024 1784 1118 1856 μέν
1169 1783 1276 1837 ἐστι
1335 1788 1432 1838 τοῦ
1475 1783 1681 1848 παντὸς
1729 1785 1845 1839 κατ’
1893 1782 2102 1855 οὐσίαν,

451 1874 504 1929 ἐν
535 1879 666 1929 πᾶσι
699 1870 756 1927 δὲ
789 1871 900 1927 ἐστι
928 1877 1048 1934 ταῖς
1102 1871 1294 1927 ἐαυτοῦ
1346 1869 1624 1948 δυνάμεσι,
1653 1875 1719 1929 τὰ
1764 1875 1940 1929 πάντα
1991 1871 2104 1929 δια-

2205 719 2339 784 ista,
2370 716 2632 769 humana
2688 716 2898 768 natura
2955 716 3246 784 suscepta,
3317 708 3580 768 Salvator
3609 713 3861 786 benigne

2205 803 2498 880 praestitit,
2533 818 2742 873 nempe
2773 807 2829 856 et
2859 806 3105 857 mortem
3136 819 3170 857 a
3199 802 3371 858 nobis
3396 802 3624 875 depulit
3653 819 3721 858 ac
3750 819 3860 859 nos

2207 895 2536 951 renovavit:
2571 897 2628 946 et
2653 891 2800 962 ipse,
2833 890 2933 961 qui
2964 907 3032 946 ex
3060 891 3153 946 sui
3185 896 3399 947 natura
3432 908 3536 947 nec
3576 908 3860 963 apparere

2208 1001 2315 1040 nec
2342 981 2524 1038 videri
2557 984 2802 1051 poterat,
2864 995 2965 1050 per
3022 995 3195 1051 Opera
3246 980 3539 1052 apparuit,
3572 980 3731 1052 plam
3765 998 3862 1038 os-

2205 1071 2394 1130 tendit
2424 1086 2486 1126 se
2517 1069 2774 1124 Verbum
2805 1067 3016 1134 Patris,
3076 1067 3241 1123 mudi
3299 1069 3508 1124 ducem
3566 1073 3622 1124 et
3660 1069 3860 1125 mode—

2208 1166 2461 1218 ratorem
2487 1174 2640 1214 esse.

2281 1252 2367 1306 17.
2401 1249 2518 1305 Nec
2549 1247 2704 1303 enim
2736 1246 2796 1302 in
2829 1262 3068 1318 corpore
3121 1246 3546 1304 circumclusus
3606 1252 3731 1304 erat
3765 1249 3861 1305 Dei

2211 1340 2412 1407 Filius,
2446 1355 2517 1393 ne
2547 1336 2630 1393 sic
2662 1336 2721 1390 in
2752 1352 2991 1407 corpore
3021 1340 3164 1408 erat,
3223 1341 3288 1392 ut
3345 1337 3484 1393 alibi
3537 1355 3653 1395 non
3683 1344 3859 1408 esset,

2211 1434 2313 1486 aut
2341 1429 2423 1484 ita
2452 1427 2598 1482 illud
2629 1427 2914 1493 movebat,
2976 1431 3042 1480 ut
3096 1442 3188 1482 res
3244 1427 3525 1484 universae
3579 1429 3708 1500 ejus
3737 1430 3863 1485 efﬁ-

2209 1519 2425 1576 cientia
2454 1523 2511 1572 et
2541 1516 2907 1589 providentia
2935 1531 3126 1570 vacuae
3159 1521 3499 1573 manerent:
3558 1519 3660 1573 sed
3707 1519 3865 1591 quod

2169 1609 2172 1612 ’
2210 1608 2377 1665 valde
2408 1605 2754 1663 admirabile
2784 1609 2892 1672 est,
2919 1611 2981 1659 ut
2999 1604 3281 1670 Verbum,
3310 1605 3523 1662 anulla
3541 1609 3781 1666 omnino
3803 1629 3867 1667 re

2212 1698 2641 1767 continebatur,
2677 1696 2778 1752 sed
2801 1694 3001 1750 omnia
3031 1694 3227 1766 potius
3258 1694 3384 1767 ipse
3404 1696 3759 1755 continebat.
3795 1700 3868 1756 Ut

2212 1787 2369 1844 enim
2397 1788 2522 1859 ipse
2547 1784 2607 1840 in
2629 1784 2905 1841 omnibus
2935 1783 3145 1839 creatis
3177 1785 3352 1840 rebus
3376 1785 3684 1853 exsistens,
3707 1794 3868 1845 extra

2214 1877 2551 1933 universum
2583 1874 2874 1930 mundum
2907 1874 3233 1930 secundum
3267 1875 3683 1944 substantiam,
3718 1881 3776 1934 et
3805 1879 3866 1934 in

449 1967 694 2038 κοσμῶν,
726 1961 816 2018 καὶ
851 1961 926 2024 εἷς
957 1962 1129 2017 πάντα
1176 1961 1228 2017 ἐν
1278 1968 1406 2018 πᾶσι
1460 1965 1559 2032 τὴν
1611 1965 1801 2018 ἑαυτοῦ
1849 1963 2105 2037 πρόνοιαν

454 2053 469 2070 θ
596 2050 615 2070 Χ
640 2057 666 2067 η
863 2050 879 2070 \
935 2047 960 2070 (1
1283 2052 1295 2067 \
1416 2053 1426 2070 Ι
1595 2054 1607 2070 ρ
1698 2057 1726 2067 -υ
1795 2055 1901 2070 ΙΙΛὶ
1968 2057 1994 2070 υ

2217 1966 2490 2024 omnibus
2522 1966 2697 2020 rebus
2728 1970 2817 2020 est
2845 1980 2953 2018 sua
2984 1963 3264 2035 potentia,
3322 1969 3636 2038 omniaque
3679 1967 3865 2023 admi-

385 2112 392 2118 ,
451 2050 732 2132 έφαπλῶν,
789 2050 880 2106 καὶ
935 2047 1158 2107 ’ἕκαστον
1209 2052 1299 2106 καὶ
1357 2053 1530 2107 πάντα
1589 2054 1730 2126 ὁμοῦ
1788 2055 1904 2126 (18)
1967 2057 2104 2121 ζωο-

449 2147 647 2212 ποιῶν,
678 2141 952 2216 περιέχων
1001 2142 1071 2195 τὰ
1113 2139 1217 2196 ὅλα
1259 2139 1349 2196 καί
1401 2143 1475 2215 μὴ
1525 2141 1944 2218 περιεχόμενος,
1980 2140 2106 2196 ἀλλ’

450 2232 502 2288 έν
541 2232 692 2304 μόνῳ
719 2235 799 2302 τῷ
840 2231 1031 2285 ἑαυτοῦ
1062 2229 1233 2306 Πατρί
1280 2229 1410 2292 ὅλος
1444 2233 1554 2304 (19)
1587 2229 1658 2285 ὢν
1703 2231 1840 2285 κατὰ
1884 2232 2057 2286 πάντα
2090 2249 2101 2261 ·

451 2322 594 2377 οὕτω
640 2320 731 2375 καὶ
784 2319 835 2374 έν
885 2324 964 2392 τῷ
1016 2319 1340 2395 ἀνθρωπίνῳ
1388 2321 1600 2393 σώματι
1656 2317 1753 2392 ὢν,
1793 2320 1883 2374 καὶ
1943 2319 2104 2383 αὐτὸς

451 2409 580 2466 αὐτὸ
643 2413 952 2480 ζωοποιῶν,
987 2407 1210 2470 εἷ’κότως
1265 2407 1549 2477 ἐζωοποίει
1580 2411 1670 2464 καὶ
1716 2409 1784 2464 τὰ
1833 2407 1937 2464 ὅλα
1969 2430 1981 2443 ·
2015 2409 2103 2464 καὶ

453 2499 504 2554 ἐν
563 2504 680 2561 τοῖς
738 2502 897 2552 πᾶσιν
958 2495 1186 2573 ἐγίνετο,
1218 2497 1308 2552 καὶ
1368 2495 1468 2568 ἔξω
1524 2503 1632 2554 τῶν
1691 2497 1836 2553 ὅλων
1869 2501 1933 2568 iv
1970 2521 1981 2534 ·
2014 2501 2104 2554 καὶ

452 2587 557 2644 ἀπὸ
587 2593 683 2643 τοῦ
731 2588 986 2661 σώματος
1036 2584 1093 2641 δὲ
1144 2587 1231 2642 διὰ
1276 2592 1383 2642 τῶν
1443 2583 1616 2665 ἔργων
1674 2589 2105 2666 γνωριζόμενος,

453 2677 551 2733 οὐκ
599 2677 810 2756 ἀφανὴς
856 2679 920 2746 iv
979 2675 1069 2731 καὶ
1120 2677 1225 2732 ἀπὸ
1281 2685 1383 2746 τῆς
1437 2682 1544 2733 τῶν
1605 2677 1750 2735 ὅλων
1811 2678 2100 2755 ἐνεργείας.

454 2774 660 2843 Ψυχῆς
715 2767 808 2841 μὲν
856 2763 947 2821 οὗν
995 2764 1152 2842 ἔργον
1200 2765 1312 2822 ἐστὶ
1342 2769 1562 2845 θεωρεῖν
1614 2770 1709 2839 μὲν
1753 2769 1843 2823 καὶ
1889 2770 1958 2824 τὰ
2004 2766 2105 2840 ἔξω

449 2862 545 2912 τοῦ
579 2855 719 2912 ἰδίου
752 2857 1006 2930 σώματος
1034 2861 1153 2920 τοῖς
1180 2855 1496 2933 λογισμοῖς,
1531 2857 1592 2913 οὐ
1628 2860 1734 2932 μὴν
1766 2859 1855 2915 καὶ
1914 2857 2102 2930 ἔξωθεν

450 2951 547 3002 τοῦ
576 2943 718 3001 ἰδίου
751 2946 1004 3020 σώματος
1045 2945 1304 3023 ἐνεργεῖν,
1333 2947 1369 3016 ἢ
1420 2948 1488 3002 τὰ
1531 2947 1726 3003 τούτου
1779 2950 1985 3026 μακρὰν
2034 2953 2103 3023 τῇ

450 3034 721 3112 παρουσίᾳ
775 3041 961 3093 κινεῖν.
1019 3033 1292 3092 Οὐδέποτε
1345 3041 1474 3113 γοῦν
1522 3034 1800 3115 ἄνθρωπος
1855 3036 2104 3094 διανοού-

456 3147 610 3202 μενος
655 3126 722 3180 τὰ
781 3125 1011 3201 μακρὰν,
1041 3122 1150 3196 ἤδη
1200 3125 1290 3181 καὶ
1339 3131 1506 3181 ταῦτα
1551 3129 1690 3182 κινεῖ
1737 3127 1826 3183 καὶ
1880 3128 2107 3207 μεταφέ-

453 3237 533 3292 ρει
567 3239 579 3251 υ
615 3212 740 3270 οὐδὲ
771 3214 816 3269 εἷ
861 3214 948 3270 ἐπὶ
995 3222 1096 3284 τῆς
1149 3212 1288 3277 ἰδίας
1337 3215 1513 3278 οἰκίας
1559 3217 1837 3287 καθέζοιτό
1878 3239 1962 3280 τις
2014 3216 2105 3272 καὶ

452 3303 733 3380 λογίζοιτο
763 3305 830 3358 τὰ
860 3302 912 3358 έν
945 3303 1179 3378 οὐρανῷ,
1204 3301 1313 3378 ἤδῃ
1340 3306 1430 3359 καὶ
1479 3306 1569 3361 τὸν
1616 3304 1780 3376 ἥλιον
1825 3312 1984 3377 κινεῖ,
2014 3307 2105 3362 καί

2216 2057 2448 2120 nistrat,
2480 2070 2545 2110 ac
2576 2070 2747 2108 suam
2778 2052 3201 2124 providentiam
3234 2069 3371 2127 erga
3399 2057 3599 2110 omnia
3627 2055 3685 2111 in
3738 2074 3864 2113 om-

2217 2146 2391 2200 nibus
2414 2141 2716 2216 expandit,
2737 2141 3105 2214 singulisque
3121 2147 3179 2198 et
3198 2143 3474 2200 omnibus
3496 2145 3865 2203 simulvitam

2216 2234 2423 2289 tribuit
2448 2258 2461 2300 ;
2493 2231 2695 2287 omnia
2725 2232 2978 2302 denique
3007 2231 3316 2289 continens
3347 2251 3382 2289 a
3411 2233 3574 2290 nullo
3603 2236 3864 2292 contine-

2212 2328 2330 2391 tur,
2365 2323 2462 2378 sed
2499 2321 2557 2377 in
2589 2319 2711 2377 solo
2744 2337 2849 2377 suo
2880 2325 3050 2376 Patre
3076 2325 3234 2378 totus
3257 2339 3358 2394 per
3381 2323 3580 2380 omnia
3601 2325 3862 2381 exsistit:

2216 2413 2300 2469 sic
2331 2413 2508 2468 etiam
2541 2411 2600 2466 in
2632 2411 2892 2466 humano
2921 2427 3160 2482 corpore
3215 2411 3524 2481 exsistens,
3581 2413 3752 2487 eique
3781 2416 3866 2470 vi-

2215 2507 2337 2558 tam
2368 2501 2654 2564 tribuens,
2684 2500 2860 2555 rebus
2883 2516 3115 2572 quoque
3137 2500 3425 2557 universis
3441 2518 3620 2558 causa
3636 2503 3866 2560 vivendi

2215 2597 2358 2662 erat,
2392 2607 2458 2645 ac
2484 2589 2726 2662 proinde
2757 2589 2816 2644 in
2847 2589 3124 2645 omnibus
3156 2590 3330 2647 rebus
3362 2592 3580 2662 aderat,
3613 2597 3670 2649 et
3708 2599 3871 2650 extra

2215 2696 2307 2735 res
2338 2695 2542 2734 omnes
2573 2682 2734 2733 erat:
2768 2693 3021 2749 cumque
3050 2694 3119 2733 ex
3146 2678 3240 2735 his
3298 2696 3426 2752 quae
3466 2683 3724 2754 corporis
3756 2685 3866 2740 mi-

2215 2768 2458 2824 nisterio
2489 2767 2700 2840 agebat
2729 2770 2904 2822 notus
2931 2768 3110 2836 ﬁeret,
3135 2783 3205 2823 ex
3233 2774 3453 2825 natura;
3471 2787 3704 2843 quoque
3732 2774 3868 2830 effe-

2215 2857 2408 2914 ctibus
2440 2873 2812 2928 nequaquam
2835 2855 3125 2912 latitabat.
3157 2857 3361 2930 Itaque
3385 2861 3596 2916 animae
3628 2863 3868 2934 quidem

2215 2947 2519 3020 proprium
2553 2963 2770 3002 munus
2800 2950 2888 3002 est
2915 2964 2984 3003 ea
3004 2964 3130 3020 quas
3152 2955 3312 3004 extra
3338 2951 3640 3022 proprium
3655 2970 3867 3027 corpus

2216 3045 2356 3092 sunt
2385 3036 2732 3108 cogitatione
2764 3036 3170 3109 contemplari,
3203 3055 3319 3094 non
3350 3043 3546 3097 tamen
3570 3059 3741 3115 agere
3770 3063 3866 3101 ex-

2215 3129 2307 3181 tra
2338 3125 2640 3198 proprium
2672 3142 2905 3198 corpus,
2937 3126 3026 3182 vel
3061 3143 3188 3199 quae
3220 3129 3293 3184 ab
3323 3127 3422 3185 illo
3451 3138 3674 3188 remota
3703 3141 3862 3204 sunt,

2214 3232 2324 3271 sua
2353 3214 2664 3286 praesentia
2693 3231 2942 3271 movere.
2978 3215 3188 3274 Nullus
3219 3217 3513 3289 siquidem
3545 3221 3721 3278 homo
3770 3242 3863 3283 res

2215 3309 2470 3360 remotas
2496 3303 2805 3376 cogitando
2837 3309 3028 3361 movet
3060 3311 3118 3361 et
3165 3308 3475 3364 transfert:
3541 3327 3729 3384 neque
3761 3315 3864 3387 qui

448 3375 547 3450 τὸν·
574 3392 800 3467 οὐρανὸν
831 3375 1219 3470 περιστρέφει·
1256 3375 1380 3450 ἀλλ’
1429 3395 1530 3471 ὁρᾷ
1581 3375 1674 3468 μέν
1733 3396 1868 3452 αὐτὰ
1922 3375 2104 3452 κινού-

2219 3392 2376 3450 domi
2407 3375 2617 3449 sedens
2647 3392 2905 3449 coelestia
2934 3393 3129 3450 animo
3156 3397 3507 3463 considerat,
3560 3400 3743 3457 solem
3775 3375 3863 3460 id-

457 3503 586 3558 μενα
630 3482 720 3537 καὶ
768 3481 1055 3557 γεγονότα,
1111 3481 1171 3536 οὐ
1226 3484 1332 3556 μὴν
1391 3481 1529 3538 ὥστε
1602 3483 1918 3561 ἐργάζεσθαι
1975 3485 2108 3542 αὐτά

456 3571 679 3634 δυνατὸς
709 3572 991 3647 τυγχάνει.
1029 3571 1100 3626 Οὐ
1134 3571 1199 3642 δὴ
1233 3577 1481 3636 τοιοῦτος
1513 3577 1578 3643 iv
1611 3576 1639 3630 6
1678 3579 1774 3630 τοῦ
1823 3581 1956 3631 Θεοῦ
2008 3575 2111 3631 Λό-

457 3683 554 3738 γος
586 3661 638 3716 ἐν
664 3665 744 3733 τῷ
773 3661 1060 3734 ἀνθρώπῳ.
1101 3661 1174 3716 Οὐ
1223 3663 1325 3738 γὰρ
1377 3662 1682 3720 συνεδέδετο
1736 3671 1816 3738 τῷ
1873 3667 2110 3741 σώματι,

461 3749 607 3806 ἀλλὰ
640 3749 852 3824 μᾶλλον
889 3748 1049 3813 αὐτὸς
1084 3750 1293 3827 ἐκράτει
1322 3757 1507 3826 τοῦτο,
1541 3753 1680 3810 ὥστε
1707 3755 1797 3810 καὶ
1829 3756 1879 3810 έν
1928 3755 2109 3830 τούτῳ

457 3844 523 3911 iv
578 3840 669 3895 καὶ
700 3839 752 3895 ἐν
784 3844 900 3903 τοῖς
949 3846 1107 3896 πᾶσιν
1156 3841 1437 3919 ἐτύγχανε,
1469 3843 1558 3898 καὶ
1617 3839 1718 3915 ἔξω
1771 3849 1878 3900 τῶν
1938 3843 2106 3900 ὅντων

455 3933 544 4000 iv,
585 3930 675 3985 καὶ
725 3928 777 3984 ἐν
841 3930 988 4004 μόνῳ
1032 3935 1112 4002 τῷ
1161 3932 1331 4008 Πατρὶ
1382 3933 1692 3992 ἀνεπαύετο.
1727 3935 1825 3989 Καὶ
1873 3935 1936 3990 τὸ
1992 3937 2112 3990 θαυ-

461 4021 660 4094 μαστὸν
708 4024 870 4075 τοῦτο
902 4022 990 4093 iv,
1034 4019 1115 4074 ὅτι
1164 4021 1253 4076 καὶ
1286 4022 1361 4084 ὡς
1393 4020 1674 4099 ἅνθρωπος
1733 4022 2106 4096 ἐπολιτεύετο,

455 4110 544 4165 καὶ
576 4111 651 4173 ὡς
692 4109 868 4184 Λόγος
899 4111 967 4165 τὰ
1014 4111 1188 4166 πάντα
1236 4110 1544 4188 ἐζωογόνει,
1569 4113 1658 4169 καὶ
1717 4114 1793 4177 ὡς
1851 4115 1976 4178 Υἱὸς
2032 4120 2111 4187 τῷ

457 4198 625 4272 Πατρί
685 4207 871 4269 συνῆν.
937 4202 1090 4256 Ὅθεν
1146 4198 1271 4256 οὐδὲ
1325 4209 1426 4272 τῆς
1478 4205 1749 4278 Παρθένου
1817 4203 2108 4276 τικτούσης

458 4285 690 4363 ἔπασχεν
739 4287 921 4360 αὐτός,
959 4286 1084 4344 οὐδὲ
1115 4289 1166 4345 ἐν
1199 4292 1412 4366 σώματι
1471 4290 1548 4348 ὣτ
1603 4293 1926 4368 ἐμολύνετοο
1965 4293 2113 4350 ἀλλὰ

463 4375 676 4449 μᾶλλον
708 4376 799 4431 καὶ
826 4377 889 4431 τὸ
911 4382 1070 4452 σῶμα
1100 4381 1344 4455 ἡγίαζενο
1378 4380 1515 4437 Οὐδὲ
1560 4385 1664 4459 γὰρ
1697 4383 1749 4440 ἐν
1783 4391 1899 4447 υοῖς
1948 4390 2108 4440 πᾶσιν

459 4464 555 4541 ὢν,
585 4470 693 4520 τῶν
727 4467 942 4521 πάντων
977 4465 1382 4542 μεταλαμϐάνει
1415 4489 1428 4502 ⁰
1463 4469 1609 4526 ἀλλὰ
1663 4474 1836 4529 πάντα
1897 4471 2109 4546 μᾶλλον

459 4556 548 4610 ὑπ’
577 4554 742 4611 αὐτοῦ
775 4560 1148 4631 ζωογονεῖται,
1177 4559 1267 4613 καὶ
1295 4560 1567 4638 τρέφεται.
1598 4561 1664 4616 Εἰ
1694 4563 1797 4638 γὰρ
1828 4563 1917 4618 καὶ
1947 4561 2111 4632 ἥλιος

459 4645 487 4698 6
520 4644 607 4699 ὑπ’
638 4645 802 4700 αὐτοῦ
860 4645 1150 4721 γενόμενος
1198 4649 1288 4703 καὶ
1339 4649 1426 4728 ὑφ’
1455 4651 1618 4723 ἡμῶν
1671 4651 1970 4728 ὁρώμενος,
2015 4673 2110 4708 πε-

2218 3482 2370 3539 circo
2403 3486 2616 3549 movet,
2647 3486 2750 3538 aut
2778 3472 2989 3539 coelum
3041 3484 3251 3542 volvit:
3311 3487 3412 3542 sed
3470 3487 3570 3544 illa
3620 3492 3863 3562 quidem

2219 3573 2438 3629 moveri
2471 3575 2529 3627 et
2560 3572 2712 3627 facta
2739 3588 2868 3629 esse
2923 3574 3128 3640 cernit,
3189 3592 3303 3631 non
3358 3580 3556 3634 tamen
3614 3597 3682 3636 ea
3739 3581 3866 3654 ipse

2220 3665 2412 3733 potest
2442 3661 2687 3717 efﬁcere.
2724 3665 2791 3718 At
2821 3679 2934 3718 non
2967 3662 3147 3740 simili
3179 3666 3352 3721 modo
3382 3665 3484 3722 Dei
3515 3667 3771 3726 Verbum
3803 3673 3865 3728 in

2218 3751 2457 3807 homine
2488 3755 2630 3807 erat.
2663 3750 2779 3807 Nec
2837 3752 2994 3808 enim
3053 3770 3292 3826 corpore
3333 3758 3867 3834 constringebatur,

2220 3841 2321 3896 sed
2350 3839 2493 3896 illud
2525 3840 2722 3912 potius
2753 3841 3104 3911 continebat,
3140 3845 3221 3900 ita
3251 3850 3317 3900 ut
3346 3851 3403 3902 et
3458 3847 3517 3903 in
3565 3847 3686 3917 illo,
3721 3856 3778 3907 et
3807 3853 3866 3909 in

2220 3929 2518 3998 omnibus,
2551 3935 2607 3985 et
2636 3934 2797 3986 extra
2827 3948 2920 3987 res
2951 3949 3156 3989 omnes
3186 3940 3360 4001 esset,
3419 3941 3595 4008 atque
3650 3939 3710 3994 in
3744 3941 3868 3998 solo

2221 4019 2390 4074 Patre
2419 4019 2824 4091 requiesceret.
2858 4020 3024 4088 Hinc,
3060 4023 3236 4094 quod,
3299 4024 3538 4096 quidem
3584 4045 3870 4101 perquam

2221 4108 2440 4163 mirum
2471 4113 2614 4177 erat,
2648 4113 2713 4164 ut
2744 4109 2919 4167 homo
2951 4111 3078 4184 ipse
3134 4114 3364 4186 agebat,
3423 4120 3482 4172 et
3521 4121 3586 4172 ut
3615 4119 3872 4177 Verbum

2219 4197 2396 4253 vitam
2430 4197 2706 4254 omnibus
2736 4199 2936 4269 dabat,
2969 4206 3144 4273 atque
3203 4207 3268 4258 ut
3328 4204 3504 4261 Filius
3561 4225 3681 4264 una
3737 4227 3871 4267 cum

2222 4287 2389 4342 Patre
2418 4291 2560 4343 erat.
2593 4287 2757 4343 Unde
2786 4306 2975 4362 neque
3002 4291 3240 4363 Virgine
3297 4293 3560 4365 pariente
3613 4297 3740 4370 ipse
3770 4316 3873 4372 pa-

2221 4376 2497 4449 tiebatur,
2532 4395 2718 4450 neque
2747 4395 3010 4452 corpore,
3042 4380 3101 4436 in
3135 4399 3248 4454 quo
3275 4385 3872 4458 erat,inquinabatur,

2223 4467 2324 4522 sed
2358 4467 2554 4538 potius
2584 4483 2796 4540 corpus
2827 4474 3098 4526 sanctum
3133 4472 3442 4529 efﬁciebat.
3473 4475 3674 4548 Neque
3715 4478 3874 4534 enim

2223 4573 2357 4612 cum
2388 4559 2447 4612 in
2469 4558 2747 4613 omnibus
2777 4558 3028 4628 exsistit,
3052 4561 3155 4617 50
3185 4563 3446 4618 omnium
3467 4564 3534 4619 ﬁt
3554 4566 3869 4640 particeps,

2223 4647 2324 4702 sed
2353 4646 2546 4718 potius
2576 4648 2776 4704 omnia
2806 4649 2934 4719 ejus
2965 4650 3246 4707 beneﬁcio
3273 4650 3478 4708 vivunt
3507 4657 3566 4709 et
3597 4655 3873 4712 nutriun-

461 4731 706 4810 ριπολῶν
767 4733 819 4790 ἐν
855 4734 1088 4810 οὐρανῷ,
1144 4736 1206 4792 οὐ
1241 4737 1550 4814 ῥυπαίνεται
1596 4744 1704 4795 τῶν
1735 4738 1822 4796 ἐπὶ
1853 4748 1958 4817 γῆς
2012 4764 2105 4798 σω-

2222 4739 2338 4791 tur.
2370 4735 2516 4792 Nam
2549 4736 2599 4792 si
2629 4737 2736 4806 sol,
2770 4754 2944 4809 quem
2975 4738 3074 4795 ille
3105 4739 3241 4796 fecit
3270 4746 3329 4797 et
3358 4759 3465 4798 nos
3496 4748 3869 4816 contuemur,

462 4823 644 4895 μάτων
702 4823 1030 4899 ἁπτόμενος,
1095 4824 1220 4882 οὐδὲ
1291 4827 1392 4883 ὑπὸ
1471 4828 1695 4894 σκότους
1775 4831 2108 4910 ἀφανίζεται,

458 4908 606 4967 ἀλλὰ
634 4909 846 4986 μᾶλλον
882 4913 1042 4978 αὐτὸς
1098 4919 1188 4972 καὶ
1234 4922 1403 4974 ταῦτα
1459 4919 1681 4998 φωτίζει
1737 4908 1832 4976 καί
1887 4921 2109 4997 καθαρί-

461 5005 537 5070 ζει
570 5020 584 5036 ·
616 5000 820 5075 πολλῷ
848 5001 1016 5058 πλέον
1050 5006 1078 5061 ὁ
1107 5007 1371 5082 πανάγιος
1402 5013 1499 5063 τοῦ
1547 5014 1680 5065 Θεοῦ
1729 5009 1930 5086 Λόγος,
1963 5012 1991 5066 6
2019 5011 2112 5067 καὶ

453 5095 552 5146 τοῦ
582 5089 750 5161 ἡλίου
781 5095 1022 5164 ποιητὴς
1066 5094 1155 5150 καὶ
1194 5096 1382 5170 κύριος
1417 5097 1468 5154 ἐν
1512 5100 1725 5174 σώματι
1774 5100 2112 5176 γνωριζόμε-

455 5201 547 5244 νος
581 5181 681 5238 οὐκ
712 5181 1062 5259 ἐρῥυπαίνετο
1098 5227 1110 5240 .
1141 5183 1288 5241 ἀλλά
1321 5186 1534 5261 μᾶλλον
1566 5188 1835 5268 ἄφθαρτος
1892 5189 1988 5261 ὣν,
2021 5191 2111 5246 καὶ

454 5272 518 5326 τὸ
547 5276 710 5347 σῶμα
738 5273 931 5343 θνητὸν
963 5276 1236 5352 τυγχάνον
1296 5275 1583 5346 ἐζωοποίει
1638 5280 1728 5335 καὶ
1780 5278 2110 5357 ἐκαθάριζεν,

457 5359 548 5433 ὃς¹
588 5362 855 5436 ἁμαρτίαν
924 5363 1051 5440 γὰρ,
1111 5364 1293 5442 φησὶν,
1355 5366 1453 5422 οὐκ
1509 5366 1780 5440 ἐποίησεν,
1841 5367 1966 5424 οὐδὲ
2024 5370 2111 5424 εὑ-

460 5451 587 5527 ρέθη
620 5448 784 5516 δόλος
818 5451 869 5508 ἐν
900 5457 980 5526 τῷ
1010 5453 1240 5529 στόματι
1270 5455 1455 5515 αὐτοῦ.

529 5649 574 5685 ⁸⁸
600 5653 622 5707 Ι
650 5653 805 5710 Hetr.
831 5671 892 5710 ιι.
916 5655 1007 5712 22.

534 5757 645 5906 (ιγγ
675 5760 905 5819 Gobler.
935 5767 992 5820 et
1022 5763 1278 5821 Felckm.
1308 5766 1335 5821 1
1370 5739 1522 5825 anon
1570 5762 1734 5827 ἂλλα.

534 5831 623 5906 (18
677 5831 845 5906 Ὀμοῦ
874 5835 1042 5894 abest
1069 5837 1142 5895 ab
1170 5838 1400 5906 Anglic.

506 5831 645 5906 ’(18)
677 5831 845 5907 Ὀμοῦ
874 5835 1042 5894 abest
1069 5837 1142 5895 ab
1170 5838 1400 5913 Anglic.

2223 4826 2364 4882 dum
2398 4825 2458 4880 in
2485 4825 2626 4882 ccelo
2657 4825 2927 4895 volvitur,
2953 4831 3246 4886 terrestria
3269 4847 3512 4905 corpora
3529 4833 3872 4907 attingenda

2221 4932 2338 4972 non
2370 4914 2720 4988 maculatur,
2756 4934 2862 4973 nec
2893 4919 3147 4976 tenebris
3169 4921 3648 4992 obscuratur,sed
3677 4926 3872 4996 potius

2220 5010 2433 5062 cuncta
2461 5005 2589 5078 ipse
2619 5005 2918 5063 illuminat
2939 5013 2996 5064 et
3025 5013 3237 5082 purgat
3265 5027 3277 5066 :
3302 5011 3488 5068 multo
3520 5013 3710 5086 magis
3741 5031 3876 5070 san-

2221 5094 2553 5151 ctissimum
2585 5095 2686 5152 Dei
2713 5096 2990 5168 Verbum,
3025 5097 3166 5154 solis
3197 5100 3433 5157 effector
3478 5106 3537 5158 et
3573 5102 3871 5172 dominus,

2221 5202 2355 5242 cum
2388 5202 2451 5242 se
2479 5185 2540 5240 in
2572 5203 2813 5259 corpore
2843 5189 3317 5260 cognoscendum
3375 5192 3689 5264 praebebat,
3739 5193 3874 5250 inde

2223 5292 2339 5331 non
2367 5275 2820 5348 inquinabatur:
2855 5277 2955 5333 sed
2988 5277 3183 5350 potius
3215 5279 3340 5351 ipse
3371 5282 3766 5353 corruptionis
3786 5299 3877 5339 ex-

2223 5381 2379 5438 pers,
2413 5365 2639 5438 corpori
2673 5366 2907 5422 mortali
2937 5366 3118 5422 vitam
3149 5372 3206 5424 et
3235 5369 3590 5426 munditiam
3621 5371 3876 5429 confere-

2223 5455 2342 5523 bat,
2374 5456 2473 5528 quz'
2499 5462 2800 5527 peccatum,
2829 5456 3041 5528 inquit,
3070 5473 3184 5514 non
3209 5459 3478 5532 fecit,nec
3506 5461 3762 5518 inventus
3793 5470 3876 5519 est

2221 5543 2377 5600 dolus
2409 5546 2472 5601 in
2499 5560 2592 5600 ore
2623 5546 2742 5616 ejus
2764 5544 2827 5599 6⁵.

2274 5706 2406 5788 ,(19)
2437 5705 2707 5788 ᾖολιξειε.ζ
2729 5708 2785 5760 et
2813 5704 2911 5762 alii
2945 5725 3088 5766 mss.
3124 5715 3332 5784 praeter
3361 5711 3538 5784 Basil,
3571 5713 3673 5788 qui
3720 5711 3871 5784 ὅλως

2222 5773 2416 5838 habet.
2449 5777 2623 5849 Editi,
2642 5773 2805 5834 δλον.
