4160 6390
301 411 413 472 I27
834 406 902 468 S.
946 400 1379 467 ATHANASII
1421 401 1598 463 OPP.
1644 399 1844 462 PARS
1889 399 1938 461 Ι.
1967 431 2047 444 -
2089 397 2512 464 HISTORICA
2552 399 2656 462 ET
2699 397 3181 462 DOGMATICA.
3601 398 3720 461 128

373 543 460 600 18.
520 543 669 599 Cum
716 539 896 614 igitur
953 537 1122 594 illum
1179 536 1590 606 manducasse,
1649 534 1868 590 bibisse
1895 537 1952 592 et
1979 553 2035 621 Α

301 639 509 690 natum
541 647 669 688 esse
701 630 910 686 docent
943 629 1041 700 qui
1075 627 1198 682 haec
1229 629 1483 681 tractant
1541 623 1819 697 theologi,
1850 624 1951 680 ob-

300 739 467 779 serva
496 721 654 793 quod
684 735 897 790 corpus
927 717 1162 787 quidem
1189 720 1255 772 ut
1285 730 1496 786 corpus
1519 715 1868 769 nascebatur
1896 718 1955 768 et

300 809 761 884 congruentibus
794 806 1162 863 nutriebatur
1183 805 1480 859 alimentis
1505 819 1518 858 :
1542 804 1666 874 ipse
1689 819 1821 858 vero
1848 802 1951 875 qui

299 900 524 973 corpori
555 898 901 970 conjunctus
958 899 1082 951 erat
1138 899 1287 950 Deus
1348 895 1626 960 Verbum,
1681 893 1947 948 omnium

299 991 674 1062 gubernator,
706 1002 809 1058 per
839 1000 925 1056 ea,
959 1001 1090 1056 quae
1145 983 1206 1038 in
1263 999 1502 1053 corpore
1559 982 1787 1054 agebat,
1830 997 1946 1036 non

293 1079 617 1144 hominem,
649 1075 752 1131 sed
784 1074 967 1130 Deum
998 1073 1259 1129 Verbum
1291 1089 1353 1128 se
1382 1089 1511 1128 esse
1566 1077 1763 1143 aperte
1794 1071 1945 1126 indi-

292 1169 481 1224 cabat.
507 1166 627 1222 Ista
657 1164 1046 1221 nihilominus
1069 1163 1139 1217 de
1159 1177 1226 1217 eo
1247 1161 1548 1230 dicuntur,
1573 1162 1712 1232 quia
1733 1177 1944 1233 corpus

291 1257 628 1323 comedens,
660 1269 912 1310 nascens
968 1259 1025 1307 et
1081 1251 1311 1324 patiens
1371 1267 1485 1306 non
1544 1250 1808 1322 alterius,
1841 1251 1943 1307 sed

287 1347 519 1404 Domini
551 1349 696 1414 erat,
733 1343 835 1416 qui
867 1341 1344 1414 quandoquidem
1375 1340 1551 1396 homo
1592 1341 1780 1396 factus
1811 1342 1940 1395 fuc-

286 1442 396 1509 rat,
432 1437 555 1493 haac
587 1449 824 1508 quoque
854 1435 925 1488 de
956 1431 1057 1487 illo
1089 1437 1372 1504 tanquam
1430 1431 1503 1485 de
1559 1429 1794 1486 homine
1841 1430 1940 1485 de-

287 1530 454 1584 cebat
483 1525 620 1597 dici,
657 1529 722 1581 ut
751 1539 953 1580 verum
981 1539 1096 1578 non
1128 1527 1322 1577 autem
1353 1520 1556 1576 ﬁctum
1587 1520 1707 1575 sive
1753 1520 1939 1592 phan-

288 1618 568 1674 tasticum
601 1629 814 1688 corpus
843 1612 1058 1668 habere
1085 1611 1398 1667 videretur.
1470 1610 1679 1665 Verum
1728 1625 1939 1680 quem-

291 1707 612 1763 admodum
643 1721 714 1761 ex
743 1702 834 1759 his
865 1718 1076 1774 corpus
1105 1717 1241 1757 eum
1271 1700 1484 1756 habere
1506 1701 1831 1771 constabat,
1855 1699 1939 1756 sic

287 1813 358 1853 ex
387 1796 663 1869 operibus
720 1809 846 1866 quae
899 1807 1139 1864 corpore
1197 1791 1425 1862 agebat,
1487 1805 1550 1846 se
1592 1788 1804 1844 Filium
1838 1789 1938 1844 Dei

288 1901 417 1943 esse
446 1885 754 1940 manifeste
783 1883 1147 1938 ostendebat.
1183 1879 1346 1935 Unde
1376 1885 1434 1936 et
1463 1880 1535 1934 ad
1576 1879 1806 1935 Judwos
1835 1877 1937 1950 qui

289 1975 520 2032 credere
550 1974 876 2030 renuebant
920 1972 1002 2026 ita
1033 1971 1158 2043 ipse
1208 1969 1533 2026 clamabat:
1565 1970 1628 2026 Si
1655 1985 1764 2024 non
1792 1947 1937 2041 facio
1966 1947 2012 2013 Β

289 2081 452 2136 opera
478 2065 662 2119 Patris
688 2065 817 2133 mei,
847 2077 959 2117 non
986 2060 1185 2115 credite
1240 2059 1386 2114 mihi
1411 2075 1424 2113 :
1485 2061 1573 2114 sin
1630 2067 1817 2114 autem
1843 2061 1934 2130 fa-

285 2157 469 2222 cio,.et
497 2155 551 2210 si
577 2154 720 2208 mihi
772 2168 884 2208 non
938 2149 1196 2219 credatis,
1247 2148 1496 2220 operibus
1547 2150 1681 2203 meis
1710 2148 1934 2218 credite,

290 2247 349 2298 ut
377 2245 717 2317 cognoscatis
768 2245 818 2298 et
859 2242 1049 2297 sciatis
1079 2241 1214 2312 quia
1241 2239 1416 2293 Pater
1443 2240 1505 2293 in
1535 2254 1621 2293 me
1651 2247 1729 2294 est
1759 2243 1808 2292 et
1838 2252 1935 2307 ego

285 2335 347 2389 in
376 2335 541 2390 Patre
561 2335 623 2388 ⁸⁵.
658 2332 731 2388 Ut
756 2332 936 2398 enim,
997 2337 1287 2402 quatenus
1340 2327 1652 2383 invisibilis
1709 2334 1816 2396 est,
1867 2344 1936 2382 ex

286 2430 507 2481 naturae
539 2421 842 2479 effectibus
873 2420 1244 2493 cognoscitur
1269 2435 1282 2474 :
1319 2418 1404 2473 ita
1431 2417 1606 2474 homo
1663 2419 1852 2473 factus
1878 2422 1937 2472 et

285 2514 347 2570 in
377 2530 619 2586 corpore
648 2511 1018 2581 delitescens,
1053 2508 1328 2581 operibus
1380 2507 1723 2563 ostendebat
1773 2523 1930 2578 eum,

286 2604 389 2675 qui
419 2603 520 2660 illa
549 2602 817 2673 faciebat,
849 2617 967 2657 non
993 2599 1314 2665 hominem,
1347 2597 1450 2654 sed
1509 2598 1607 2653 Dei
1653 2597 1931 2653 virtutem

284 2700 342 2748 et
371 2692 629 2749 Verbum
661 2707 808 2747 esse.
842 2689 990 2745 Nam
1023 2687 1190 2745 illum
1247 2685 1612 2742 daemonibus
1641 2685 1933 2758 imperare

284 2797 502 2854 eosque
531 2781 754 2854 fugare,
786 2795 904 2835 non
931 2778 1260 2833 humanum
1317 2793 1459 2832 sane
1515 2776 1618 2832 sed
1665 2776 1931 2831 divinum

283 2889 433 2945 opus
464 2876 574 2927 est.
607 2870 822 2942 Ecquis
852 2885 984 2924 vero
1041 2868 1298 2935 morbos,
1357 2865 1573 2938 quibus
1603 2866 1931 2921 humanum

286 2978 476 3035 genus
507 2961 824 3017 obnoxium
855 2963 964 3029 est,
999 2959 1070 3012 ab
1103 2956 1204 3012 illo
1235 2956 1429 3012 sanari
1461 2972 1725 3024 cernens,
1749 2955 1933 3011 homi-

286 3069 422 3108 nem
453 3067 591 3108 eum
639 3066 757 3106 non
815 3049 1000 3105 Deum
1059 3046 1398 3120 putaverit?
1457 3047 1741 3118 Laprosos
1771 3045 1929 3101 enim

283 3141 539 3198 mundos
595 3138 895 3210 reddebat,
954 3137 1182 3194 claudis
1238 3136 1586 3192 restituebat
1633 3151 1925 3208 gressum,

281 3233 597 3288 surdorum
627 3245 800 3286 aures
829 3228 1147 3301 aperiebat,
1176 3227 1367 3282 visum
1400 3226 1695 3282 tribuebat
1719 3226 1887 3282 caecis
1911 3242 1924 3280 :

284 3323 537 3394 denique
565 3336 770 3376 omnes
801 3319 1037 3374 morbos
1068 3323 1127 3374 et
1182 3316 1560 3389 aegritudines
1617 3317 1690 3372 ab
1737 3315 1928 3372 homi-

280 3413 460 3469 nibus
491 3411 783 3483 abigebat,
815 3426 884 3466 ex
913 3408 1130 3480 quibus
1151 3409 1280 3478 ejus
1311 3407 1674 3462 divinitatem
1706 3407 1928 3479 perspi-

285 3518 415 3558 cere
445 3501 630 3557 cuivis
660 3500 916 3573 profecto
946 3503 1071 3554 erat
1098 3497 1289 3554 facile.
1322 3497 1540 3568 Ecquis
1563 3497 1722 3552 enim
1759 3495 1929 3552 illum

281 3607 351 3648 ea
379 3607 508 3663 qua:
539 3595 750 3647 natura
776 3588 836 3644 in
867 3593 998 3644 ortu
1029 3592 1341 3660 negaverat
1379 3587 1642 3658 reddere,
1691 3591 1747 3642 et
1776 3589 1927 3658 ejus,

279 3680 382 3752 qui
412 3695 600 3736 caecus
621 3684 796 3736 natus
825 3679 1034 3748 fuerat,
1067 3679 1266 3734 oculos
1299 3677 1524 3749 aperire
1551 3676 1776 3745 videns,
1810 3693 1928 3733 non

281 3769 496 3842 cogitet
523 3769 575 3825 ei
605 3769 780 3824 subdi
836 3768 1094 3824 hominis
1151 3768 1634 3840 procreationem,
1683 3768 1928 3839 ejusque

277 3864 576 3915 auctorem
596 3858 764 3914 illum
782 3875 912 3914 esse
929 3858 956 3914 ?
977 3859 1126 3915 Nam
1147 3857 1406 3914 dubitari
1430 3874 1544 3914 non
1567 3862 1761 3930 potest
1782 3859 1926 3929 quin

275 3949 374 4005 ille
403 3948 648 4021 originis
678 3948 985 4004 hominum
999 3947 1077 4004 sit
1095 3947 1382 4003 Dominus
1411 3948 1512 4018 qui
1530 3949 1730 4020 id,quo
1750 3948 1926 4004 homo

276 4039 337 4094 in
371 4043 504 4095 ortu
535 4038 742 4109 caruit,
773 4037 961 4093 eidem
988 4038 1264 4094 restituit.
1296 4037 1444 4093 Hinc
1472 4053 1606 4092 cum
1655 4037 1822 4093 initio
1851 4039 1924 4094 ad

281 4145 389 4184 nos
419 4127 672 4197 advenit,
703 4144 774 4184 ex
795 4126 1018 4199 virgine
1047 4127 1160 4183 sibi
1214 4127 1329 4201 ipsi
1376 4142 1588 4199 corpus
1630 4126 1921 4198 formavit,

278 4225 345 4275 ut
373 4219 650 4275 omnibus
681 4235 797 4274 non
830 4234 1074 4290 parvum
1104 4235 1224 4274 suis
1253 4219 1578 4281 divinitatis
1609 4241 1922 4298 argumen-

277 4314 404 4365 tum
434 4307 750 4378 exhiberet,
785 4313 850 4364 ut
876 4307 1100 4364 scilicet
1129 4309 1266 4366 inde
1322 4317 1568 4387 pateret,
1628 4332 1784 4386 eum,
1823 4317 1924 4389 qui

279 4415 493 4472 corpus
523 4398 670 4454 illud
692 4400 1063 4470 formaverat,
1084 4399 1333 4458 aliorum
1356 4419 1590 4477 quoque
1610 4423 1923 4479 corporum

273 4489 542 4561 opiﬁcem
572 4505 721 4546 esse.
753 4489 900 4546 Nam
929 4489 1063 4560 quis
1094 4506 1307 4563 corpus
1359 4493 1487 4550 sine
1541 4496 1664 4552 viro
1710 4513 1778 4553 ex
1806 4498 1922 4553 vir-

271 4579 410 4649 gine
439 4577 565 4635 sola
594 4578 826 4651 prodire
857 4580 1165 4636 attendens
1196 4598 1312 4638 non
1342 4582 1798 4658 intelligateum,
1821 4587 1924 4659 qui

269 4669 333 4723 in
363 4668 460 4724 illo
481 4675 742 4741 apparet,
770 4668 1020 4726 aliorum
1051 4671 1230 4727 etiam
1261 4688 1570 4745 corporum
1593 4676 1921 4733 effectorem
1948 4711 1996 4778 D

273 4762 323 4778 Α.
356 4757 663 4778 πως-μμ,
711 4774 826 4778 --η
854 4759 881 4778 ο
1089 4776 1139 4778 _
1504 4769 1512 4778 .
1835 4772 1843 4778 .

268 4762 328 4814 et
355 4757 674 4814 Dominum
705 4774 834 4815 esse
854 4759 881 4814 ‘I
912 4759 1052 4826 Quis
1081 4776 1372 4832 aquarum
1421 4769 1693 4820 naturam
1724 4772 1918 4823 muta-

268 4852 392 4903 tam
424 4853 600 4918 atque
631 4848 692 4904 in
724 4849 924 4904 vinum
956 4865 1297 4907 conversam
1358 4853 1758 4923 considerans,
1799 4872 1917 4913 non

265 4939 466 4995 credat
485 4938 733 5010 hujusce
756 4938 838 4994 rei
860 4941 1453 5012 auetorem,omnium
1480 4961 1713 5017 quoque
1733 4963 1917 5019 aqua-

271 5044 405 5084 rum
435 5044 564 5085 esse
585 5033 906 5084 creatorem
927 5030 953 5084 ‘I
974 5029 1122 5085 Hinc
1142 5047 1278 5103 ergo
1303 5033 1478 5088 etiam
1487 5074 1502 5102 ,
1527 5040 1591 5089 ut
1606 5035 1912 5109 Dominus,

269 5117 330 5173 in
379 5135 542 5176 mare
589 5119 853 5175 ascendit
883 5118 1081 5192 ibique
1110 5119 1268 5178 velut
1294 5121 1354 5177 in
1386 5127 1540 5179 terra
1569 5125 1912 5197 ambulavit,

335 5226 380 5264 ⁸⁵
409 5225 579 5284 Joan.
611 5243 668 5296 κ,
701 5227 790 5282 37.

339 5351 451 5424 (20)
477 5352 861 5437 §ic_Gobler.,
896 5352 1211 5437 Felckm‘zﬁ
1249 5373 1524 5437 anonym.
1580 5366 1637 5417 et
1674 5364 1910 5437 Seguer.

270 5426 557 5510 atque‘ita
587 5426 728 5510 legit
757 5426 1190 5510 NanniustAlii
1220 5445 1355 5510 cum
1388 5426 1582 5502 editis,
1615 5426 1912 5510 χωρῦύμε-

263 5502 478 5624 ἓὲῖάυι
505 5504 564 5553 et
590 5498 856 5570 legerunt
885 5500 1252 5557 Omnibonus
1308 5509 1367 5558 et
1420 5498 1761 5565 Ambrosius
1808 5498 1911 5567 Ca-

339 5641 452 5728 (2‘1)
479 5637 708 5728 GQDIQ‘P-
741 5645 798 5728 9f-
828 5642 1084 5728 eiciam,
1117 5662 1144 5718 1
1178 5666 1376 5718 anon.,
1431 5655 1539 5706 τῶν
1587 5651 1910 5728 ἀνθρώπων,

262 5714 813 5813 Ρᾳυξτξλροιξιβεξξιξιε
839 5714 1082 5813 Anglic;
1099 5714 1157 5796 et
1182 5714 1368 5796 aditio'
1393 5714 1909 5813 Οοωωθι,’λέπραν

260 5798 500 5867 habent,
530 5799 635 5858 ubi
664 5799 766 5860 alii
794 5798 1053 5883 λεπρὸύς.

2135 534 2219 590 18.
2254 535 2412 588 Ὅταν
2456 531 2634 589 τοίνυν
2689 530 2932 588 ἐσθίοντα
2985 531 3076 586 καὶ
3124 529 3350 588 πίνοντα
3399 530 3489 585 καὶ
3531 531 3718 589 τικτό-

2063 643 2220 694 μενον
2282 622 2439 678 αὐτόν
2494 621 2726 700 λέγωσιν
2788 621 3004 698 οἱπερὶ
3048 619 3242 675 τούτου
3302 617 3581 696 θεολόγοι,
3637 622 3720 698 γί-

2057 732 2231 766 νωσκε
2283 712 2366 767 ὅτι
2420 714 2482 767 τὸ
2544 713 2638 786 μὲν
2701 716 2882 786 σῶμα,
2944 712 3018 773 ὡς
3082 715 3261 785 σῶμα,
3323 709 3561 765 ἐτίκτετο
3626 712 3717 766 καὶ

2056 799 2436 873 καταλλήλοις
2491 802 2741 880 ἐτρέφετο
2790 807 3040 878 τροφαῖς,
3075 799 3232 862 αὐτὸς
3263 797 3321 854 δὲ
3351 802 3379 855 6
3413 801 3586 855 συνὼν
3637 805 3718 875 τῷ

2057 891 2269 964 σώματι
2302 891 2429 954 Θεὸς
2461 892 2638 968 Λόγος
2685 892 2751 944 τὰ
2798 892 2973 945 πάντα
3020 887 3358 964 διακοσμῶν,
3389 889 3480 944 καὶ
3539 888 3606 946 δι’
3638 892 3710 946 ὧν

2057 979 2334 1056 εἰργάζετο
2381 980 2433 1035 ἐν
2480 987 2559 1054 τῷ
2599 981 2835 1054 σώματι,
2867 979 2967 1034 οὐκ
3011 979 3291 1056 ἄνθρωπον
3331 980 3535 1054 ἐαυτὸν,
3568 977 3715 1036 ἀλλά

2055 1070 2182 1125 Θεὸν
2215 1071 2391 1147 Λόγον
2445 1069 2756 1147 ἐγνώριζεν.
2788 1071 3015 1146 Λέγεται
3046 1067 3104 1124 δὲ
3131 1069 3256 1144 περὶ
3308 1069 3474 1125 αὐτοῦ
3522 1074 3710 1144 ταῦτα,

2054 1157 2242 1230 ἐπειδὴ
2287 1161 2377 1215 καὶ
2425 1161 2488 1215 τὸ
2534 1165 2694 1234 σῶμα
2738 1159 2910 1215 ἐσθίον
2970 1159 3060 1214 καὶ
3112 1159 3430 1233 τικτόμενον
3476 1160 3566 1214 καὶ
3612 1161 3714 1218 πά-

2053 1270 2210 1326 σχον,
2245 1250 2352 1328 ούχ
2380 1250 2566 1326 ἐτέρου
2606 1250 2778 1321 τινὸς,
2811 1247 2957 1304 ἀλλὰ
2983 1253 3082 1304 τοῦ
3114 1248 3313 1324 Κυρίου
3342 1251 3407 1319 ἦν
3442 1267 3454 1280 ⁸
3489 1247 3579 1304 καί
3627 1249 3712 1305 ὅτι

2051 1340 2338 1417 ἀνθρώπου
2378 1340 2697 1416 γενομένου,
2729 1338 2927 1415 ἔπρεπε
2974 1339 3064 1393 καὶ
3109 1344 3279 1394 ταῦτα
3325 1340 3400 1401 ὡς
3448 1339 3574 1416 περὶ
3627 1340 3712 1395 άν-

2048 1429 2270 1505 θρώπου
2348 1431 2620 1507 λέγεσθαι,
2674 1427 2764 1484 ’ἱνα
2822 1427 3052 1502 ἀληθείᾳ
3121 1429 3212 1483 καὶ
3291 1430 3366 1503 μή
3447 1428 3711 1507 φαντασίᾳ
3795 1469 3798 1472 η

2007 1523 2208 1593 ·σῶμα
2254 1516 2397 1597 ἔχων
2449 1519 2728 1600 φαίνηται.
2779 1516 2936 1575 Ἀλλ’
2985 1519 3165 1593 ὥσπερ
3214 1517 3275 1573 ἐκ
3329 1518 3538 1574 τούτων
3591 1519 3704 1594 ἐγι-

2046 1609 2285 1666 νώσκετο
2318 1614 2646 1684 σωματικῶς
2672 1608 2882 1685 παρὼν,
2915 1606 3089 1670 οὕτως
3135 1607 3194 1663 ἐκ
3243 1611 3351 1663 τῶν
3409 1603 3584 1685 ἔργων
3632 1609 3704 1664 ὧν

2049 1699 2220 1755 ἐποίει
2254 1698 2344 1754 διὰ
2371 1704 2468 1753 τοῦ
2499 1699 2776 1774 σώματος,
2811 1698 2930 1753 Υἱὸν
2967 1702 3100 1752 Θεοῦ
3156 1697 3340 1753 ἑαυτὸν
3393 1697 3703 1775 ἐγνώριζεν.

2047 1792 2170 1844 ..06⁸
2325 1790 2337 1808 .
2487 1787 2860 1823 ςρςρςρ
3083 1789 3094 1808 ,
3197 1785 3278 1806 κ,
3441 1787 3454 1806 ν

2149 1813 2199 1845 εν
2250 1811 2340 1844 και
2396 1809 2534 1866 προς
2600 1810 2717 1852 ..ους
2767 1808 3025 1850 απιστους
3100 1794 3378 1852 Ιουοαιους
3436 1783 3568 1843 ἐϐόα
3616 1786 3704 1844 λέ-

2047 1901 2159 1956 γων
2195 1899 2208 1912 ο
2253 1880 2317 1934 Εἰ
2366 1878 2427 1934 οὐ
2485 1883 2630 1934 ποιῶ
2684 1884 2752 1934 τά
2809 1874 2943 1954 ἔργα
2994 1882 3092 1932 τοῦ
3153 1877 3362 1954 Πατρός
3442 1899 3568 1953 μου,
3625 1880 3700 1954 μὴ

2045 1968 2322 2025 πιστεύετέ
2390 1989 2530 2044 μοι·
2588 1969 2633 2024 εί
2705 1967 2761 2024 δὲ
2831 1973 2996 2042 ποιῶ,
3063 1968 3160 2024 κᾶν
3245 1969 3370 2043 ἐμοὶ
3458 1971 3533 2044 μή
3608 1990 3702 2024 πι-

2045 2058 2288 2132 στεύητε,
2349 2065 2453 2123 ιοῖς
2524 2059 2706 2134 ἔργοις
2787 2081 2891 2134 μου
2957 2058 3319 2114 πιστεύσατε³
3376 2056 3468 2114 ἵνα
3524 2063 3699 2136 γνῶτε

2043 2149 2133 2202 καὶ
2193 2149 2520 2225 γινώσκητε,
2553 2150 2637 2204 ὅτι
2691 2148 2742 2204 ἐν
2803 2148 2928 2222 ἐμοὶ
2975 2150 3002 2203 ὁ
3045 2151 3258 2222 Πατὴρ,
3305 2149 3458 2224 κάγὼ
3517 2148 3566 2204 ἐν
3618 2154 3697 2221 τῷ

2045 2239 2238 2313 Ματρί.
2271 2241 2358 2302 Ὡς
2409 2240 2534 2315 γὰρ,
2580 2239 2808 2316 αόρατος
2865 2236 2962 2310 ὢν,
2993 2239 3098 2294 ἀπὸ
3153 2241 3261 2294 τῶν
3318 2246 3417 2310 τῆς
3471 2238 3696 2302 κτίσεως

2044 2326 2217 2405 ἔργων
2277 2329 2617 2405 γινώσκεται,
2677 2328 2851 2391 οὕτως
2913 2327 3195 2403 ἄνθρωπος
3248 2329 3542 2404 γενόμενος
3607 2329 3696 2384 καὶ

2043 2417 2095 2472 ἐν
2154 2419 2367 2493 σώματι
2423 2421 2498 2493 μὴ
2545 2419 2830 2495 ὁρώμενος
2885 2422 3018 2493 (20),
3079 2418 3138 2474 ἐκ
3205 2423 3310 2474 τῶν
3390 2418 3563 2496 ἔργων
3637 2418 3693 2474 ἂν

2042 2509 2338 2584 γνωσθείη,
2369 2508 2452 2563 ὅτι
2479 2509 2577 2563 ούκ
2608 2509 2912 2584 ἄνθρωπος,
2947 2507 3093 2562 ἀλλά
3148 2512 3282 2563 Θεοῦ
3335 2505 3564 2582 δύναμις
3607 2510 3697 2563 καί

2041 2597 2220 2673 Λόγος
2266 2597 2408 2653 ἐστὶν
2437 2599 2464 2653 ὁ
2494 2603 2662 2653 ταῦτα
2710 2597 3092 2674 ἐργαζόμενος.
3123 2599 3192 2653 Τὸ
3238 2600 3341 2675 γὰρ
3392 2597 3691 2654 ἐπιτάσσειν

2040 2686 2200 2743 αὐτόν
2246 2695 2363 2751 τοῖς
2418 2688 2658 2764 δαίμοσι,
2690 2688 2972 2752 κάκείνους
3023 2686 3432 2761 ἀπελαύνεσθαι,
3466 2688 3566 2744 οὐκ
3608 2689 3695 2743 άν-

2039 2779 2333 2854 θρώπινον,
2385 2777 2530 2834 ἀλλὰ
2584 2779 2724 2834 θεῖόν
2785 2779 2894 2834 ἐστι
2951 2777 3013 2834 τὸ
3073 2777 3254 2855 ἔργον.
3304 2785 3370 2834 Ἡ
3407 2778 3513 2849 τίς,
3567 2776 3694 2834 ἰδὼν

2039 2868 2198 2922 αὐτὸν
2235 2869 2330 2930 τὰς
2385 2868 2575 2932 νόσους
2610 2868 2866 2942 ἰώμενον,
2895 2868 2946 2925 ἐν
2996 2871 3081 2931 αῖς
3141 2868 3419 2924 ὑπόκειται
3475 2866 3540 2923 τδ
3599 2869 3691 2923 άν-

2038 2959 2308 3034 θρώπινον
2341 2962 2454 3033 (21)
2485 2959 2665 3034 γένος,
2697 2957 2774 3014 ἔτι
2807 2959 3086 3034 ἄνθρωπον
3120 2959 3210 3014 καὶ
3243 2959 3305 3015 οὐ
3355 2960 3483 3014 Θεὸν
3531 2959 3693 3035 ἡγεῖ-

2035 3067 2138 3118 το;
2188 3048 2432 3124 Λεπροὺς
2505 3050 2609 3125 γὰρ
2691 3049 2990 3125 ἐκαθάριζε,
3068 3047 3293 3126 χωλοὺς
3376 3054 3688 3124 περιπατεῖν

2038 3137 2232 3212 ἐποίει,
2263 3143 2460 3217 κωφῶν
2489 3141 2585 3208 τὴν
2619 3138 2786 3208 ἀκοὴν
2828 3139 3038 3216 ⁵ἤνοιγε,
3067 3136 3306 3217 τυφλοὺς
3369 3134 3690 3195 ἀναϐλέπειν

2038 3227 2232 3302 ἐποίει,
2281 3228 2371 3284 καί
2418 3230 2593 3291 πάσας
2642 3227 2834 3291 ἁπλῶς
2881 3229 3072 3291 νόσους
3121 3228 3212 3283 καὶ
3264 3226 3536 3303 μαλακίας
3581 3232 3691 3304 (22)

1959 3333 2002 3401 C
2038 3320 2211 3381 πάσας
2270 3317 2573 3390 ἀπήλαυνεν
2634 3320 2739 3373 ἀπὸ
2790 3324 2898 3374 τῶν
2969 3319 3292 3396 ἀνθρώπων,
3351 3319 3440 3395 ἀφ’
3491 3320 3564 3375 ὧν
3624 3319 3692 3388 ἦν

2037 3408 2202 3464 αὐτοῦ
2233 3409 2324 3464 καὶ
2353 3410 2444 3464 τὸν
2474 3407 2713 3484 τυχόντα
2759 3411 2858 3478 την
2900 3409 3130 3480 θεότητα
3157 3411 3401 3484 θεωρεῖν.
3436 3410 3528 3472 Τίς
3567 3410 3693 3486 γὰρ,

2041 3498 2166 3554 ἰδὼν
2228 3499 2384 3554 αὐτὸν
2439 3497 2763 3554 ἀποδιδόντα
2807 3500 2870 3554 τὸ
2920 3498 3132 3572 λεῖπον,
3166 3502 3246 3562 οἷς
3277 3502 3312 3570 ἡ
3361 3501 3567 3574 γένεσις
3617 3499 3696 3555 ἐν-

2037 3587 2241 3664 έλειψε,
2273 3589 2363 3644 καὶ
2407 3594 2503 3644 τοῦ
2558 3588 2617 3644 ἐκ
2646 3596 2868 3666 γενετῆς
2915 3588 3130 3669 τυφλοῦ
3185 3589 3313 3653 τοὺς
3369 3589 3690 3667 ὀφθαλμοὺς

2037 3677 2347 3756 ἀνοίγοντα,
2381 3678 2479 3734 οὐκ
2526 3677 2589 3734 ἃδ
2640 3679 2890 3751 ἐνενόησε
2943 3681 3043 3750 τήν
3106 3679 3405 3756 ἀνθρώπων
3470 3681 3692 3736 ὑποκει-

2040 3770 2205 3843 μένην
2255 3770 2403 3843 αύτῷ
2453 3770 2686 3845 γένεσιν,
2742 3770 2832 3824 καὶ
2888 3769 3088 3840 ταύτης
3150 3770 3283 3825 εἶναι
3346 3768 3686 3848 δημιουργὸν

2032 3865 2223 3916 τοῦτον
2278 3859 2366 3915 καί
2427 3863 2704 3932 ποιητην;
2738 3863 2794 3914 '0
2843 3861 2946 3937 γὰρ
2993 3862 3056 3916 τὸ
3108 3862 3184 3934 μὴ
3237 3862 3265 3916 ὃ
3314 3860 3374 3916 ἐκ
3429 3862 3689 3938 γενέσεως

2034 3949 2188 4026 ἔσχεν
2231 3952 2260 4005 6
2303 3948 2585 4025 ἄνθρωπος
2631 3947 2948 4016 ἀποδιδοὺς,
2991 3948 3160 4020 δῆλος
3211 3951 3269 4007 ἂν
3317 3949 3400 4021 εἷή
3447 3953 3684 4024 πάντως,

2033 4039 2116 4095 ὅτι
2149 4039 2344 4115 Κύριος
2376 4040 2534 4104 οὗτός
2584 4040 2695 4097 ἐστι
2739 4040 2830 4096 καὶ
2871 4047 2973 4111 τῆς
3022 4041 3283 4118 γενέσεως
3329 4046 3435 4096 τῶν
3484 4041 3686 4114 ἀνθρώ-

2032 4151 2169 4188 πων.
2226 4131 2325 4184 Διά
2395 4135 2555 4186 τοῦτο
2621 4131 2711 4187 καὶ
2769 4130 2821 4187 ἐν
2880 4131 3028 4206 ἀρχᾷ
3083 4131 3486 4209 κατερχόμενος
3543 4131 3682 4208 πρὸς

2031 4223 2204 4294 ἡμᾶς,
2264 4219 2324 4275 ἐκ
2376 4221 2644 4295 παρθένου
2719 4218 2950 4277 πλάττει
3008 4222 3182 4295 ἐαυτῷ
3240 4223 3302 4277 τὸ
3360 4226 3540 4296 σῶμα,
3592 4219 3689 4278 *ίνα

2036 4311 2111 4383 μὴ
2143 4312 2253 4384 (23)
2283 4310 2474 4387 μικρὸν
2521 4319 2624 4382 τῆς
2670 4311 2926 4381 θεότητος
2983 4310 3152 4367 αὐτοῦ
3209 4313 3499 4388 γνώρισμα
3554 4318 3684 4368 πᾶσι

2030 4401 2291 4478 παφάσχῃ
2324 4420 2336 4433 °
2369 4401 2452 4456 ὅτι
2502 4402 2532 4456 6
2577 4406 2738 4457 τοῦτο
2796 4400 3030 4476 πλάσας,
3064 4401 3223 4465 αὐτός
3275 4403 3386 4458 ἐστι
3441 4403 3531 4458 καὶ
3573 4407 3684 4458 τῶν

2031 4487 2218 4546 ἄλλων
2269 4494 2530 4564 ποιητήςο
2590 4492 2682 4556 Τίς
2740 4494 2866 4570 γὰρ,
2925 4491 3051 4550 ἰδὼν
3114 4499 3292 4571 χωρῖς
3369 4490 3562 4568 ἀνδρὸς
3626 4492 3688 4549 ἐκ

2029 4582 2297 4658 παρθένου
2331 4583 2505 4656 μόνης
2552 4584 2964 4661 προερχόμενον
3021 4589 3198 4660 σῶμα,
3232 4582 3330 4639 οὐκ
3373 4583 3681 4658 ἐνθυμεῖται

2030 4672 2120 4727 τὸν
2148 4671 2201 4728 ἐν
2233 4671 2411 4745 τούτῳ
2441 4674 2764 4751 φαινόμενον
2795 4674 2924 4730 εἶναι
2955 4674 3056 4731 καὶ·
3091 4679 3200 4731 τῶν
3253 4671 3440 4729 ἄλλων
3494 4675 3685 4748 σωμά-

2023 4781 2130 4815 των
2162 4764 2399 4833 ποιητήν
2431 4763 2521 4820 καὶ
2554 4765 2746 4840 Κύριον
2774 4783 2788 4836 ;
2820 4766 2910 4828 Τίς
2945 4763 3023 4840 δὲ,
3059 4763 3188 4822 ἰδὼν
3247 4765 3337 4820 καὶ
3391 4766 3491 4836 τὴν
3549 4764 3682 4822 ὑδά-

2022 4871 2130 4905 των
2163 4848 2577 4927 ἀλλασσομένην
2623 4854 2830 4928 οὐσίαν,
2862 4856 2953 4911 καὶ
3012 4855 3090 4918 εἰς
3138 4855 3282 4912 οἶνον
3339 4851 3682 4930 μεταϐαλοῦ-

2024 4961 2136 5014 σαν,
2168 4942 2266 4996 οὐκ
2291 4941 2456 4999 ἐννοεῖ
2482 4943 2573 5000 τόν
2604 4949 2766 5001 τοῦτο
2808 4949 3113 5017 ποιήσαντα
3161 4945 3356 5023 Κύριον
3410 4947 3545 5003 εἶναι
3591 4947 3682 5002 καὶ

2022 5029 2244 5104 κτίστην
2275 5039 2374 5103 τῆς
2405 5038 2510 5089 τῶν
2545 5033 2689 5090 ὅλων
2745 5034 2952 5092 ὑδάτων
2997 5036 3181 5099 οὐσίας
3208 5057 3221 5108 ;
3256 5038 3354 5092 Διά
3382 5042 3544 5093 τοῦτο
3575 5040 3680 5117 γὰρ

2023 5119 2099 5182 ὡς
2133 5118 2398 5194 δεσπότης
2441 5120 2690 5182 ἐπέϐαινε
2736 5128 2826 5183 καὶ
2872 5129 2940 5200 τῇ
2989 5127 3251 5203 θαλάσσῃ,
3281 5129 3372 5184 καὶ
3421 5129 3681 5204 περιεπά-

2102 5362 2214 5437 (22)
2244 5366 2507 5441 Seguer.,
2536 5371 2707 5441 πᾶσαν
2747 5363 3040 5441 μαλακίαν.
3083 5367 3314 5426 Gobler.
3365 5375 3432 5441 et
3488 5369 3680 5427 Felck.

2025 5448 2050 5501 1
2087 5452 2258 5515 anOI}.
2292 5438 2465 5515 πασας
2497 5438 2810 5515 omittunt;
2856 5442 3037 5515 Paulo
3096 5447 3230 5515 post
3282 5440 3373 5496 καί
3424 5459 3680 5515 sequens

2024 5507 2742 5589 dees_t_in_Gohbleriano_e_t
2770 5507 3149 5589 Feclkmanni
3182 5516 3208 5568 1
3244 5507 3557 5589 anonymo.

2102 5583 2212 5665 (23)
2245 5580 2338 5635 sic
2370 5579 2599 5665 Gobler.
2635 5586 2905 5665 Fel-ckm.
2924 5587 2953 5665 _1
2988 5602 3161 5665 anon.
3196 5593 3254 5665 et_
3281 5579 3544 5665 Seguer..
3564 5586 3676 5665 Alii

2021 5658 2220 5727 autem
2254 5669 2423 5738 709m,
2455 5658 2629 5717 Editis
2662 5659 2736 5732 μή
2770 5658 3072 5738 omittunt,
3099 5673 3212 5738 _n_ec
3239 5658 3687 5738 legit‘Omuibo-

2019 5758 2136 5802 nus
2161 5755 2175 5811 ;
2209 5737 2270 5796 at
2297 5730 2648 5798 Ambrosius
2666 5730 2997 5798 Camaldul.
3020 5730 3080 5791 et
3098 5730 3368 5799 Nannius
3388 5736 3682 5814 legerunt.
