4160 6398
383 381 499 439 129

1403 379 1696 439 ORATIO
1741 379 1843 437 DE
1887 377 2472 440 INCARNATIONE
2517 379 2778 440 VERBI.

3685 388 3802 448 130

379 531 460 567 τει
493 510 568 571 ὡς
603 507 689 564 ἐπὶ
721 515 848 584 γῆς,
880 509 1168 585 γνώρισμα
1211 511 1312 579 τῆς
1362 509 1449 564 ἐπὶ
1499 510 1672 563 πάντα
1717 505 2023 570 δεσποτείας

2147 514 2211 564 ut
2240 510 2349 565 hoc
2383 512 2528 568 facto
2561 515 2654 570 5|
2694 514 2787 568 sui
2817 514 2876 568 in
2911 531 3002 572 res
3035 532 3240 572 omnes
3275 516 3614 574 dominatus
3645 519 3801 574 indi-

381 601 547 655 αὐτοῦ
576 603 695 661 τοῖς
729 599 895 672 ὁρῶσι
923 597 1201 675 παρέχων.
1233 600 1452 676 Τρὲφων
1486 595 1543 652 δὲ
1583 597 1673 651 καὶ
1727 596 1777 666 ἐξ
1829 594 2036 670 ὀλίγων

376 693 633 745 τοσοῦτον
697 689 932 759 πλῆθος,
991 689 1080 742 καὶ
1133 688 1183 758 ἐξ
1241 687 1458 761 ἀπόρων
1532 687 1774 762 εὐπορῶν
1855 684 2036 753 αὐτὸς,

380 779 518 834 ὥστε
549 778 655 833 ἀπὸ
714 777 873 833 πὲντε
920 775 1094 854 ἄρτων
1146 774 1631 853 πεντακισχιλίους
1688 776 2034 849 κορεσθῆναι,

377 866 466 923 καί
521 865 663 923 ἄλλο
718 871 944 922 τοσοῦτο
982 865 1329 941 καταλεῖψαι,
1363 864 1516 921 οὐδὲν
1563 862 1748 941 ἕτερον
1796 866 1831 934 ἢ
1880 864 2038 919 αὐτὸν

379 957 513 1012 εἶναι
544 957 636 1012 τὸν
687 959 778 1012 καὶ
825 964 927 1026 τῆς
976 954 1268 1030 Simila/1)
1314 953 1570 1032 προνοίας
1620 955 1814 1031 Κύριον
1869 953 2036 1028 ἐγνώ-

381 1051 548 1120 ριζεν.

1309 1225 1336 1234 Α..

451 1226 536 1281 19.
564 1228 741 1278 Ταῦτα
775 1221 832 1279 δὲ
860 1223 1036 1277 πάντα
1066 1227 1240 1277 ποιεῖν
1271 1225 1350 1293 τῷ
1382 1228 1602 1297 Σωτῆρι
1651 1217 1834 1274 καλῶς
1886 1218 2030 1296 ἔχειν

378 1312 554 1370 ἐδόκει
591 1333 603 1345 ·
631 1311 722 1383 τίν’,
757 1310 943 1382 ἐπειδὴ
975 1314 1074 1382 τὴν
1111 1310 1161 1366 ἐν
1189 1316 1307 1372 τοῖς
1337 1315 1496 1364 πᾶσιν
1557 1309 1719 1364 αὐτοῦ
1777 1309 2030 1384 πρόνοιαν

376 1403 652 1479 ἠγνόησαν
700 1404 752 1457 οἱ
801 1398 1097 1479 ἄνθρωποι,
1142 1401 1232 1455 καὶ
1287 1399 1348 1454 οὐ
1407 1398 1734 1467 κατενόησαν
1793 1401 1892 1467 τὴν
1945 1395 2034 1454 διὰ

372 1500 476 1563 τῆς
505 1492 734 1555 κτίσεως
768 1491 930 1546 αὐτοῦ
984 1491 1230 1561 θεότητα,
1264 1488 1360 1544 κᾶν
1395 1488 1453 1544 ἐκ
1480 1493 1585 1543 τῶν
1640 1485 1730 1542 διὰ
1771 1491 1869 1542 τοῦ
1919 1488 2032 1542 σώ-

384 1603 552 1656 ματος
586 1579 758 1658 ἔργων
813 1580 977 1635 αὐτοῦ
1018 1574 1386 1652 ἀναϐλέψωσι,
1420 1577 1510 1632 καὶ
1561 1575 1766 1632 ἔννοιαν
1818 1571 2031 1630 λάϐωσι

377 1668 447 1725 δι’
478 1669 642 1725 αὐτοῦ
671 1675 772 1738 τῆς
805 1669 882 1732 εἷς
922 1667 1016 1724 τὸν
1067 1670 1278 1742 Πατέρα
1325 1667 1599 1742 γνώσεως,
1635 1665 1693 1721 ἐκ
1732 1670 1839 1720 τῶν
1897 1666 2033 1719 κατά

383 1759 545 1836 μέρος
575 1760 674 1829 τὴν
705 1758 780 1820 εἷς
809 1759 877 1812 τὰ
925 1757 1029 1813 ὅλα
1078 1757 1241 1812 αὐτοῦ
1298 1756 1580 1832 πρόνοιαν,
1613 1755 1687 1817 ὡς
1744 1760 2029 1830 προεῖπον,

380 1847 857 1924 ἀναλογιζόμενοι.
888 1847 980 1910 Τίς
1011 1848 1137 1922 γάρ,
1174 1844 1302 1901 ἰδὼν
1335 1845 1499 1901 αὐτοῦ
1530 1847 1627 1914 τὴν
1660 1846 1795 1899 κατά
1835 1841 2028 1916 δαιμό-

381 1958 482 1994 νων
539 1937 802 2010 ἐξουσίαν,
831 1937 866 2007 ἢ
894 1937 1001 2007 τίς,
1036 1935 1164 1991 ἰδὼν
1196 1935 1323 1998 τοὺς
1382 1933 1644 2008 δαίμονας
1698 1930 2034 2008 ὁμολογοῦν-

375 2050 470 2091 τας
505 2027 638 2082 εἶναι
669 2027 875 2082 τούτων
910 2026 1066 2082 αὐτὸν
1101 2026 1321 2101 Κύριον,
1357 2023 1434 2079 ἔτι
1479 2026 1577 2094 τήν
1633 2020 1866 2078 διάνοιαν
1928 2023 2036 2094 ἀμ-

377 2113 606 2197 φίϐολον
637 2114 766 2189 ἕξει,
791 2117 837 2170 εἷ
869 2116 1027 2179 οὗτός
1062 2115 1200 2170 ἐστιν
1231 2117 1258 2170 ὁ
1288 2119 1384 2169 τοῦ
1416 2118 1549 2170 Θεοῦ
1580 2113 1704 2174 Υἱὸς
1748 2117 1842 2166 καῖ
1870 2113 1905 2181 ἡ
1939 2133 2031 2166 σο-

375 2206 472 2286 φία
498 2206 588 2262 καὶ
616 2229 651 2276 η
681 2203 946 2279 δύναμις;
982 2202 1123 2262 Οὐδὲ
1161 2205 1265 2278 γὰρ
1311 2205 1409 2272 τῆν
1463 2201 1635 2257 κτίσιν
1682 2199 1849 2270 αὐτὴν
1899 2222 2028 2255 σιω-

373 2303 546 2365 πῆσαι
593 2295 916 2364 πεποίηκεν,
951 2291 1097 2348 ἀλλὰ
1135 2292 1198 2347 τό
1247 2313 1310 2366 γε
1358 2291 1687 2364 θαυμαστὸν,
1717 2289 1808 2344 καὶ
1857 2288 1908 2343 ἐν
1953 2295 2032 2362 τῷ

373 2385 608 2456 θανάτῳ,
658 2381 870 2456 μᾶλλον
927 2379 984 2436 δὲ
1032 2381 1082 2436 ἐν
1132 2381 1277 2453 αὐτῷ
1332 2385 1411 2452 τῷ
1466 2380 1604 2434 κατά
1656 2384 1752 2434 τοῦ
1803 2380 2029 2433 θανάτου

374 2471 645 2549 τροπαίῳ,
677 2470 827 2547 λέγω
859 2468 926 2540 δὴ
957 2475 1034 2543 τῷ
1066 2474 1301 2546 σταυρῷ,
1333 2475 1475 2524 πᾶσα
1503 2472 1538 2538 ἡ
1572 2469 1746 2531 κτίσις
1802 2466 2026 2541 ὡμολό-

376 2582 460 2636 γει
491 2561 582 2616 τὸν
609 2560 661 2615 ἐν
704 2565 784 2632 τῷ
843 2559 1058 2632 σώματι
1116 2557 1521 2636 γνωριζόμενον
1580 2555 1670 2612 καί
1726 2556 2028 2633 πασχόντα,

377 2651 485 2725 οὐχ
516 2647 706 2711 ἁπλῶς
736 2648 869 2704 εἶναι
901 2645 1200 2722 ἄνθρωπον,
1233 2645 1379 2702 ἀλλά
1435 2651 1568 2702 Θεοῦ
1597 2645 1720 2700 Υὶὸν
1770 2645 1860 2700 καὶ
1920 2667 2026 2700 σω-

374 2746 518 2816 τῆρα
564 2737 805 2794 πάντων.
841 2740 966 2792 Ὅτε
1023 2738 1126 2812 γὰρ
1183 2735 1348 2806 ἥλιος
1394 2735 1732 2812 ἀπεστράφη,
1763 2733 1852 2788 καί
1884 2737 1918 2804 ἡ
1952 2741 2024 2809 γῆ

375 2828 600 2900 ἐσείετο,
631 2825 720 2882 καί
749 2827 816 2881 τὰ
868 2821 968 2903 ὅρη
1018 2825 1341 2902 ἐρρήγνυτο,
1374 2825 1570 2886 πάντες
1609 2825 1980 2894 κατὲπτησσον
2011 2843 2022 2854 ·

369 2922 541 2974 ταῦτα
566 2915 623 2973 δὲ
652 2917 744 2972 τὸν
800 2917 892 2990 μὲν
941 2915 992 2970 ἐν
1040 2920 1120 2988 τῷ
1163 2918 1377 2989 σταυρῷ
1424 2915 1648 2990 Χριστὸν
1706 2911 1834 2969 Θεὸν
1885 2910 2024 2968 ἐδεί-

367 3028 550 3071 κνυον,
581 3007 681 3076 τὴν
712 3003 769 3060 δὲ
806 3003 978 3060 κτίσιν
1020 3010 1190 3058 πᾶσαν
1234 3003 1430 3058 τούτου
1481 3000 1685 3073 δούλην
1738 3001 1894 3073 εἶναι,
1933 3001 2023 3056 καὶ

372 3100 748 3173 μαρτυροῦσαν
797 3099 876 3167 τῷ
923 3089 1078 3172 φόϐῳ
1121 3095 1221 3163 τήν
1268 3097 1366 3148 τοῦ
1399 3092 1669 3147 Δεσπότου
1698 3091 2018 3168 παρουσίαν.

363 3186 518 3241 Οὕτω
583 3185 676 3258 μὲν
739 3181 829 3238 οῦν
863 3183 890 3237 ὁ
923 3183 1050 3244 Θεὸς
1111 3181 1290 3257 Λόγος
1340 3178 1430 3235 διὰ
1483 3185 1591 3235 τῶν
1626 3179 1800 3255 ἔργων
1834 3180 2018 3234 ἑαυτὸν

2151 600 2305 654 cium
2341 602 2522 655 daret.
2553 605 2695 656 Cum
2731 603 3003 658 similiter
3032 606 3236 676 paucis
3267 622 3336 660 ex
3367 607 3544 661 rebus
3574 611 3801 663 tantam

2151 688 2590 744 multitudinem
2633 690 2800 758 aluit,
2829 696 2885 747 et
2930 709 2998 747 ex
3041 693 3238 764 inopia
3269 698 3492 750 tantam
3541 695 3667 767 ipse
3714 713 3806 752 co-

2147 777 2307 848 piam
2340 779 2754 850 suppeditavit,
2779 789 2842 835 ut
2873 797 2940 836 ex
2972 783 3235 854 quinque
3266 783 3516 856 panibus
3544 785 3805 858 quinque

2148 866 2332 921 millia
2364 867 2669 923 hominum
2705 871 3078 937 satiarentur,
3107 875 3166 925 et
3198 875 3281 927 tot
3310 871 3570 944 reliquias
3605 890 3803 946 super-

2145 960 2373 1024 essent,
2434 957 2581 1011 nihil
2633 958 2888 1028 profecto
2952 959 3109 1014 aliud
3169 961 3374 1016 docere
3432 979 3539 1017 nos
3595 963 3798 1032 voluit,

2146 1061 2322 1116 quam
2349 1061 2411 1100 se
2431 1061 2627 1100 rerum
2652 1046 3056 1102 universarum
3085 1048 3460 1119 providentia:
3485 1049 3800 1106 Dominum

2147 1149 2294 1188 esse.

2221 1224 2304 1277 19.
2339 1227 2471 1277 Haec
2503 1227 2698 1278 autem
2752 1224 2948 1279 omnia
2993 1225 3180 1280 facere
3228 1226 3512 1282 Salvatori
3544 1228 3798 1284 maxime

2145 1312 2496 1368 conveniens
2524 1313 2852 1381 videbatur,
2885 1318 2950 1368 ut
2978 1315 3258 1385 quoniam
3303 1314 3575 1373 homines
3606 1318 3796 1390 provi-

2143 1401 2424 1471 dentiam,
2467 1419 2584 1472 qua
2636 1403 2760 1474 ipse
2809 1404 3082 1458 universa
3127 1404 3521 1474 administrat,
3567 1407 3798 1478 ignora-

2141 1495 2364 1556 verant,
2398 1508 2504 1546 nec
2535 1492 2664 1562 ejus
2697 1491 3060 1546 divinitatem
3092 1509 3195 1563 per
3236 1510 3329 1548 res
3377 1499 3601 1550 creatas
3630 1494 3800 1551 intel-

2142 1577 2419 1647 lexerant,
2449 1580 2656 1636 saltem
2708 1598 2776 1636 ex
2825 1580 2939 1646 his,
2973 1598 3099 1653 quae
3150 1598 3253 1652 per
3302 1599 3519 1655 corpus
3568 1585 3797 1656 agebat,

2141 1668 2340 1725 oculos
2383 1669 2688 1739 erigerent,
2723 1687 2788 1724 ac
2824 1687 2926 1740 per
2955 1671 3152 1741 ipsum
3184 1671 3255 1725 ad
3289 1671 3476 1727 Patris
3507 1673 3796 1744 cognitio-

2142 1775 2276 1813 nem
2317 1759 2702 1830 pervenirent,
2721 1775 2887 1814 suam
2920 1759 2978 1812 in
3015 1775 3107 1813 res
3140 1776 3344 1815 omnes
3376 1760 3800 1832 providentiam

2143 1863 2212 1902 ex
2243 1848 2416 1903 rebus
2448 1848 2871 1920 singularibus,
2915 1853 2982 1904 ut
3034 1848 3172 1916 dixi,
3219 1850 3624 1921 percipientes.
3660 1851 3802 1917 Quis

2143 1937 2301 1993 enim
2331 1938 2462 2007 ejus
2492 1939 2771 1993 adversus
2799 1939 3093 1993 daemones
3125 1942 3498 2009 potestatem,
3523 1939 3802 2012 ipsosque

2143 2027 2438 2081 daemones
2470 2044 2645 2082 suum
2676 2027 2841 2082 illum
2876 2044 3005 2082 esse
3027 2026 3341 2082 Dominum
3376 2028 3541 2084 fateri
3573 2030 3797 2100 videns,

2142 2116 2334 2170 adhuc
2363 2116 2657 2171 dubitabit
2689 2134 2760 2171 an
2794 2117 2919 2188 ipse
2964 2116 3040 2171 sit
3080 2116 3182 2171 Dei
3213 2116 3394 2172 Filius
3426 2123 3482 2172 et
3512 2118 3801 2190 sapientia

2140 2209 2198 2259 et
2226 2205 2449 2259 virtus?
2479 2205 2676 2277 Neque
2705 2222 2838 2260 vero
2882 2206 3040 2280 ipsas
3076 2222 3169 2260 res
3210 2211 3434 2261 creatas
3465 2207 3635 2262 silere
3667 2224 3796 2279 per-

2143 2293 2322 2359 misit,
2342 2295 2465 2360 sed,
2487 2295 2641 2365 quod
2677 2293 2964 2366 singulari
2996 2294 3381 2349 admiratione
3407 2294 3652 2366 dignum
3685 2301 3795 2361 est,

2139 2384 2316 2438 etiam
2351 2384 2408 2437 in
2443 2388 2652 2451 morte,
2677 2383 2761 2438 vel
2796 2383 2991 2454 potius
3031 2384 3090 2437 in
3124 2385 3250 2454 ipso
3282 2385 3352 2439 de
3386 2389 3573 2440 morte
3603 2388 3794 2440 erecto

2137 2472 2395 2543 trophaeo
2419 2472 2673 2544 (crucem
2710 2472 3014 2544 intelligo),
3040 2472 3349 2529 universus
3378 2475 3636 2528 mundus
3657 2490 3794 2529 eum

2138 2560 2328 2627 illum,
2353 2563 2454 2632 qui
2475 2562 2534 2615 in
2559 2578 2797 2633 corpore
2821 2562 3198 2634 comparebat
3223 2567 3279 2618 et
3309 2563 3656 2634 patiebatur,
3679 2579 3794 2617 non

2138 2667 2351 2721 purum
2377 2650 2701 2718 hominem,
2727 2653 2828 2706 sed
2853 2650 2952 2706 Dei
2985 2650 3196 2706 Filium
3217 2656 3273 2706 et
3295 2655 3646 2706 servatorem
3671 2668 3794 2706 om-

2139 2739 2304 2794 nium
2328 2755 2455 2794 ease
2477 2739 2670 2811 palam
2695 2740 3227 2811 praedicabat.Cum
3249 2740 3406 2793 enim
3430 2757 3491 2795 se
3515 2738 3599 2795 sol
3622 2741 3692 2795 ab
3712 2739 3798 2795 in-

2137 2828 2314 2900 digno
2347 2827 2445 2884 illo
2478 2828 2810 2900 spectaculo
2844 2833 3147 2898 averteret,
3171 2845 3306 2884 cum
3337 2832 3494 2884 terra
3525 2833 3796 2900 quatere-

2135 2921 2194 2973 tu
2205 2922 2487 2985 r,montes
2506 2917 3100 2990 disrumperentur,et
3113 2934 3317 2973 omnes
3331 2922 3634 2990 paverent:
3653 2918 3794 2990 quid
3821 2927 3826 2930 ’

2135 3006 2256 3061 haec
2278 3007 2436 3062 aliud
2465 3007 2804 3062 indicabant
2834 3024 3014 3079 quam
3046 3007 3369 3074 Christum,
3389 3007 3487 3078 qui
3515 3008 3674 3062 cruci
3707 3008 3794 3062 af-

2132 3095 2285 3150 ﬁxus
2316 3099 2606 3165 erat,vere
2636 3096 2820 3151 Deum
2849 3111 2999 3162 esse,
3028 3097 3484 3168 universamque
3516 3102 3788 3152 naturam

2131 3184 2216 3238 illi
2249 3201 2378 3240 esse
2409 3186 2734 3256 subjectam
2758 3191 2813 3240 et
2835 3203 2941 3240 suo
2963 3185 3174 3240 timore
3196 3185 3504 3241 Dominum
3538 3203 3792 3258 praesen-

362 3273 634 3353 ἐνεφάνιζε
660 3278 779 3335 τοῖς
814 3273 1141 3345 ἀνθρώποις.
1170 3270 1502 3326 Ἀκόλουθον
1537 3267 1582 3324 δ’
1616 3267 1674 3324 ἂν
1705 3267 1788 3340 έίη
1839 3269 1927 3323 καὶ
1957 3267 2020 3323 "ad

2139 3277 2251 3329 tem
2283 3274 2522 3329 testari?
2551 3274 2645 3328 Sic
2676 3273 2874 3346 itaque
2904 3291 2973 3329 ex
3003 3275 3279 3345 operibus
3310 3291 3436 3330 sese
3474 3279 3620 3330 Deus
3650 3275 3791 3330 Ver-

362 3362 528 3426 τὲλος
573 3369 674 3432 τῆς
735 3360 786 3416 ἐν
843 3361 1056 3433 σώματι
1115 3357 1398 3434 διαγωγῆς
1457 3357 1546 3413 καὶ
1603 3355 2022 3434 περιπολήσεως

364 3451 534 3507 αὐτοῦ
567 3448 926 3522 διηγήσασθαι
958 3446 1048 3503 καί
1080 3448 1271 3516 εἰπεῖν,
1303 3448 1393 3502 καὶ
1570 3447 1761 3509 ὁποῖος
1800 3448 2019 3521 γέγονεν

366 3542 394 3595 ὁ
423 3545 521 3595 τοῦ
579 3539 833 3613 σώματος
891 3539 1114 3599 θάνατος
1151 3555 1164 3568 ⁶
1204 3536 1440 3610 μάλιστα
1496 3537 1580 3591 δτι
1625 3537 1688 3591 τὸ
1727 3534 2019 3613 κεφάλαιον

362 3636 464 3700 τῆς
497 3628 730 3690 πίστεως
762 3630 922 3702 ἡμων
956 3627 1064 3682 ἐστι
1096 3630 1281 3696 τοῦτο,
1313 3625 1403 3680 καὶ
1435 3626 1627 3688 πάντες
1679 3623 1869 3686 ἁπλῶς
1927 3623 2018 3678 ἄν·

365 3721 579 3796 θρωποι
609 3719 734 3794 περὶ
764 3717 960 3772 τούτου
991 3714 1316 3793 θρυλλοῦσιν
1351 3758 1363 3770 .
1392 3712 1484 3769 ⁸ίνα
1513 3719 1677 3790 γνῷς,
1712 3713 1796 3769 ὅτι
1841 3714 1931 3768 καὶ
1964 3713 2022 3768 ἐκ

362 3807 560 3863 τούτου
595 3804 808 3882 μᾶλλον
843 3803 996 3860 οὐδὲν
1028 3805 1190 3875 ἧττον
1225 3804 1547 3879 γινώσκεται
1571 3804 1700 3866 Θεὸς
1733 3805 1760 3858 ὁ
1792 3803 2020 3877 Χριστὸς

363 3899 453 3953 καὶ
492 3901 589 3953 τοῦ
621 3901 755 3953 Θεοῦ
786 3894 931 3958 Υἱός.
1111 3883 1114 3886 ’

430 4079 521 4134 20.
554 4076 661 4146 Τὴν
700 4075 794 4149 μὲν
828 4071 918 4128 οῦν
971 4070 1148 4128 αἰτίαν
1189 4079 1291 4143 τῆς
1339 4077 1659 4145 σωματικῆς
1708 4070 2018 4150 ἐπιφανείας

362 4165 549 4234 αὐτοῦ,
582 4165 656 4228 ὡς
691 4163 804 4218 οἷόν
833 4184 893 4218 τε
921 4163 1010 4233 ἦν,
1041 4161 1100 4218 ἐκ
1152 4163 1350 4237 μέρους
1400 4162 1491 4216 καὶ
1540 4161 1617 4223 ὡς
1659 4161 1825 4234 ἡμεῖς
1885 4158 2018 4230 ἠδυ-

359 4257 605 4328 νήθημεν
661 4260 876 4324 νοῆσαι,
934 4251 1293 4328 προείπομεν,
1327 4249 1411 4306 ὅτι
1466 4250 1568 4305 οὐκ
1625 4248 1800 4305 ἄλλου
1843 4252 1910 4319 ἦν
1957 4250 2020 4304 τὸ

360 4343 592 4422 φθαρτὸν
647 4342 723 4404 εἷς
771 4339 1064 4419 ἀφθαρσίαν
1123 4335 1470 4414 μεταϐαλεῖν,
1509 4340 1554 4393 εἰ
1606 4341 1681 4412 μὴ
1729 4340 1893 4394 αὐτοῦ
1922 4344 2018 4394 τοῦ

363 4438 626 4508 Σωτῆρος
655 4435 753 4485 τοῦ
783 4429 871 4484 καὶ
902 4431 1001 4499 τήν
1037 4429 1213 4505 ἀρχὴν
1250 4428 1300 4498 ἐξ
1357 4427 1455 4482 οὐκ
1505 4424 1673 4482 ὄντων
1725 4429 2021 4497 πεποιηκό-

357 4543 452 4584 τος
475 4524 543 4577 τὰ
572 4518 677 4576 ὅλα
710 4543 721 4554 ·
753 4517 843 4575 καί
874 4518 974 4574 οὐκ
1021 4515 1196 4572 ἄλλου
1244 4519 1309 4587 ἦν
1359 4519 1421 4572 τὸ
1452 4519 1568 4572 κατ’
1615 4516 1796 4572 εἶκόνα
1851 4517 2016 4572 πάλιν

363 4611 638 4667 ἀνακτίσαι
665 4614 782 4672 τοῖς
816 4609 1144 4685 ἀνθρώποις,
1175 4607 1220 4662 εἰ
1257 4608 1330 4681 μὴ
1362 4614 1464 4676 τῆς
1515 4606 1721 4670 εἰκόνος
1765 4611 1861 4661 τοῦ
1912 4612 2018 4661 Πα-
2051 4633 2097 4698 D

361 4701 490 4777 τρός
525 4721 537 4734 ·
569 4699 658 4754 καὶ
692 4699 790 4754 οὐκ
834 4696 1009 4753 ἄλλου
1057 4698 1124 4767 ἦν
1165 4697 1231 4752 τὸ
1289 4697 1478 4766 θνητὸν
1541 4696 1798 4751 ἀθάνατον
1846 4715 2017 4771 παρα-

364 4796 557 4860 στῆσαι
586 4791 720 4864 (26),
756 4789 801 4842 εἰ
847 4788 921 4861 μὴ
968 4793 1070 4857 τῆς
1119 4786 1403 4856 αὐτοζωῆς
1457 4784 1622 4854 οὔσης
1671 4790 1767 4840 τοῦ
1819 4784 2018 4862 Κυρίου

359 4881 519 4953 ἡμῶν
553 4879 735 4948 Ἰησοῦ
767 4881 998 4952 Χριστοῦ
1035 4898 1047 4910 ·
1076 4877 1166 4931 καὶ
1215 4875 1314 4931 οὐκ
1348 4873 1522 4929 ἄλλου
1550 4876 1616 4944 ἧν
1653 4874 1777 4951 περὶ
1809 4875 2020 4950 Πατρὸς

363 4966 593 5039 διδάξαι,
627 4966 716 5022 καὶ
773 4968 872 5035 τῆν
927 4963 1170 5020 εἰδώλων
1225 4966 1552 5036 καθαιρῆσαι
1605 4963 1913 5040 θρησκείαν,
1974 4963 2022 5018 εἴ

367 5059 441 5132 μὴ
473 5061 570 5112 τοῦ
600 5056 668 5110 τὰ
697 5056 873 5110 πάντα
905 5053 1332 5128 διακοσμοῦντος
1365 5053 1548 5129 Λόγυυ
1579 5053 1671 5107 καὶ
1725 5052 1893 5126 μόνου
1922 5057 2020 5108 τοῦ

364 5147 576 5220 Πατρὸς
625 5140 780 5206 ὄντος
825 5145 958 5198 Υἱοῦ
995 5147 1320 5217 μονογενοῦς
1369 5140 1649 5212 ἀληθινοῦ.
1689 5139 1908 5210 Ἐπειδή
1965 5139 2022 5196 δὲ

361 5235 453 5291 καὶ
477 5235 540 5290 τὸ
573 5231 930 5312 ὀφειλόμενον
963 5232 1111 5307 παρὰ
1146 5232 1361 5286 πάντων
1414 5229 1520 5286 ἔδει
1569 5229 1764 5296 λοιπὸν
1823 5229 2022 5286 ἀποδο-

619 5321 887 5402 ὠφείλετο
935 5321 1025 5376 καὶ
1083 5321 1305 5393 πάντας,
1357 5321 1432 5383 ὡς
1481 5325 1768 5398 προεῖπον,
1817 5321 2018 5375 ἀποθα-

1591 5409 1788 5466 τοότου
1848 5407 2022 5465 ἕνεκεν

361 5327 566 5381 θῆναι’

361 5347 516 5395 ῠηναι
553 5347 566 5358 ’
619 5347 887 5402 ωφειΛετο
935 5347 1025 5376 και
1083 5347 1305 5393 παντας,
1357 5347 1432 5383 ως
1481 5347 1545 5398 πρ

361 5422 493 5486 νεῖν,
541 5412 610 5470 δι’
654 5415 684 5469 ὃ
739 5411 977 5488 μάλιστα
1032 5409 1122 5466 καί
1182 5407 1496 5484 ἐπεδήμησε
1532 5431 1545 5443 ·

434 5577 552 5649 (24),
574 5576 668 5633 Sic
697 5577 936 5649 Seguer.
962 5573 1150 5649 Basib
1169 5571 1397 5649 Anglic,
1421 5571 1652 5649 Cobler.
1679 5576 1736 5628 et
1761 5572 2018 5649 Felcltm.

363 5644 616 5720 lanam,
639 5652 706 5704 ut
726 5644 945 5720 et'legit
962 5644 1349 5720 omnibonus.
1372 5644 1481 5720 Alii
1507 5661 1649 5720 mss.
1671 5661 1804 5720 c_um
1828 5646 2020 5720 editis,

363 5718 529 5790 ὅλης,
561 5716 676 5792 quo
707 5716 888 5776 etiam
917 5719 1091 5774 modo
1133 5716 1274 5790 legit
1303 5716 1653 5774 Ambrosius
1684 5716 1948 5778 Camald.

692 5847 960 5910 PATROL.
1012 5845 1122 5908 Gn.
1171 5842 1361 5910 XXV.

2134 3364 2274 3418 bum
2314 3363 2656 3419 hominibus
2713 3368 2918 3418 notum
2977 3363 3183 3418 eﬂ'ecit.
3216 3365 3343 3418 Jam
3391 3380 3524 3419 vero
3583 3381 3783 3420 conse-

2132 3469 2320 3522 quens
2349 3452 2580 3508 videtur
2609 3457 2675 3507 ut
2706 3453 2881 3507 finem
2923 3454 3050 3522 ejus
3084 3469 3292 3507 cursus
3335 3457 3392 3507 et
3423 3453 3573 3523 vitae,
3608 3469 3782 3523 quam

2132 3541 2191 3595 in
2223 3558 2462 3612 corpore
2493 3542 2629 3612 egit,
2664 3541 2974 3614 qualisque
3024 3541 3197 3596 fuerit
3229 3543 3356 3612 ejus
3404 3541 3662 3614 corporis
3693 3543 3790 3597 in-

2131 3629 2339 3684 teritus
2374 3631 2696 3686 referamus
2723 3635 2780 3685 et
2810 3631 3161 3701 scribamus,
3195 3631 3520 3702 praesertim
3550 3649 3684 3686 cum
3727 3632 3787 3688 id

2131 3719 2264 3773 ﬁdei
2299 3725 2507 3774 nostrae
2540 3720 2618 3774 sit
2649 3724 2845 3791 caput,
2877 3725 2932 3774 et
2960 3721 3017 3773 in
3052 3720 3318 3774 omnium
3352 3719 3658 3776 hominum
3692 3738 3793 3777 ore

2129 3807 2600 3872 circumferatUr,
2625 3825 2739 3880 quo
2764 3808 3043 3863 nimirum
3079 3807 3420 3881 perspicias,
3446 3826 3512 3864 ex
3535 3811 3628 3866 his
3652 3828 3792 3882 quo-

2129 3913 2243 3968 que
2303 3895 2694 3952 nihilominus
2752 3898 2984 3968 probari
3017 3897 3336 3963 Christum,
3366 3897 3552 3955 Deum
3585 3904 3642 3954 et
3692 3900 3790 3954 Dei

2128 3985 2340 4040 Filium
2371 4002 2520 4041 esse.

2197 4074 2288 4129 20.
2316 4075 2512 4146 Itaque
2535 4091 2806 4145 quasnam
2839 4075 3099 4148 corporei
3141 4077 3270 4148 ejus
3301 4076 3587 4132 adventus
3611 4093 3790 4132 causa

2130 4163 2325 4232 fuerit,
2343 4164 2535 4235 quoad
2564 4163 2689 4218 ﬁeri
2733 4167 2944 4236 potuit,
2969 4182 3038 4220 ex
3091 4169 3255 4237 parte
3285 4170 3341 4220 et
3370 4171 3658 4238 quantum
3689 4183 3786 4222 va-

2128 4251 2351 4307 luimus
2380 4268 2607 4324 capere,
2650 4270 2831 4324 supra
2860 4255 3264 4327 exposuimus.
3289 4255 3522 4310 Scilicet
3565 4254 3788 4310 nullius

2129 4340 2280 4396 alius
2309 4345 2433 4396 erat
2471 4341 2526 4395 id
2563 4342 2717 4413 quod
2750 4347 3090 4412 corruptum
3141 4344 3331 4398 fuerat
3379 4343 3783 4415 incorruptum

2129 4431 2392 4497 reddere,
2413 4447 2591 4501 quam
2625 4429 2809 4486 solius
2839 4431 3152 4486 Salvatoris
3193 4432 3295 4503 qui
3327 4431 3483 4487 idem
3515 4433 3586 4487 ab
3616 4431 3785 4488 initio

2129 4519 2329 4574 omnia
2357 4535 2426 4574 ex
2455 4518 2638 4574 nihilo
2673 4520 2911 4586 fecerat;
2944 4535 3047 4574 nec
3079 4520 3232 4596 alius
3272 4524 3397 4575 erat
3440 4519 3782 4576 similitudi-

2130 4624 2265 4663 nem
2295 4607 2573 4680 imaginis
2605 4608 2677 4663 ad
2709 4624 2882 4676 quam
2917 4607 3185 4663 homines
3233 4609 3371 4664 facti
3421 4613 3580 4678 sunt,
3613 4610 3782 4665 resti-

2128 4701 2312 4768 tuere,
2346 4697 2459 4752 nisi
2503 4697 2780 4769 imaginis
2829 4697 3049 4765 Patris;
3101 4697 3252 4753 alius
3301 4698 3442 4753 item
3498 4715 3610 4754 non
3662 4704 3789 4754 erat

2130 4785 2376 4841 mortale
2424 4785 2871 4842 immortalitate
2901 4787 3140 4854 donare,
3173 4787 3286 4842 nisi
3321 4787 3548 4843 Domini
3601 4788 3788 4844 nostri

2129 4876 2266 4931 Jesu
2301 4875 2518 4931 Christi
2548 4875 2646 4946 qui
2673 4875 2895 4930 scilicet
2919 4876 3046 4948 ipsa
3075 4877 3330 4943 estvita;
3355 4877 3605 4948 denique
3632 4877 3785 4934 alius

2131 4983 2245 5021 non
2297 4969 2422 5020 erat
2456 4963 2640 5020 Patris
2689 4965 3019 5036 cognitione
3064 4965 3335 5021 homines
3383 4966 3701 5022 informare
3733 4973 3790 5023 et

2129 5054 2422 5109 idolorum
2458 5053 2682 5108 cultum
2716 5057 2990 5120 evertere,
3011 5059 3400 5126 praeterquam
3426 5055 3597 5111 Verbi
3631 5057 3785 5127 quod

2131 5149 2187 5199 et
2217 5143 2413 5199 omnia
2440 5143 2836 5210 administrat,
2861 5148 2917 5198 et
2946 5143 3106 5199 solus
3130 5161 3301 5200 verus
3328 5144 3668 5217 unigenitus
3699 5151 3791 5202 est

2133 5230 2319 5290 Patris
2349 5232 2550 5288 Filius.
2581 5232 2728 5296 Quia
2764 5250 2900 5288 vero
2931 5233 3086 5304 quod
3124 5233 3195 5288 ab
3229 5234 3502 5288 omnibus
3536 5235 3787 5291 debeba-

2131 5328 2226 5378 tur
2257 5322 2402 5377 solvi
2430 5321 2735 5393 oportebat
2764 5338 2776 5376 :
2808 5339 2944 5377 nam
2972 5339 3200 5391 omnes,
3230 5327 3295 5376 ut
3315 5324 3441 5394 jam
3475 5323 3616 5390 dixi,
3640 5325 3791 5379 mori

2132 5412 2445 5482 debebant,
2469 5427 2596 5483 qua
2630 5409 2922 5482 praecipua
2951 5413 3082 5482 ejus
3110 5413 3398 5468 adventus
3427 5429 3606 5468 causa
3640 5413 3752 5470 fuit
3777 5430 3790 5469 :

2206 5571 2321 5644 (25)
2354 5569 2589 5627 Gobler.
2622 5574 2677 5626 et
2716 5571 2970 5644 Felckm.
3007 5572 3056 5641 1,
3091 5588 3263 5627 anon.
3295 5569 3385 5644 καί
3418 5575 3724 5630 omittunt.

2210 5642 2327 5718 (26⁷)
2359 5644 2452 5699 Sic
2484 5644 2721 5716 Seguer.
2757 5642 2873 5698 Alii
2904 5659 3037 5698 cum
3077 5645 3270 5716 editis,
3304 5643 3618 5716 ἀναστῆσαι.

3473 5846 3508 5912 5
