4160 6402
419 361 526 420 131

951 355 1021 417 S.
1065 349 1496 414 ATHANASII
1540 349 1712 410 OPP.
1762 348 1964 410 PARS
2007 347 2057 409 Ι.
2088 379 2160 394 -
2196 347 2620 412 HlSTORICA
2665 350 2765 413 ET
2808 351 3293 416 DOGMATIGA.

3723 357 3840 420 132

415 492 632 548 idcirco
662 489 781 561 ille,
813 491 1126 562 postquam
1176 500 1346 540 suam
1378 481 1742 539 divinitatem
1795 479 2072 552 operibus

2197 480 2322 551 μετὰ
2376 480 2475 543 τὰς
2530 481 2655 559 περὶ
2687 483 2799 555 (27)
2823 488 2924 553 τῆς
2972 482 3378 560 θεότητος
3426 482 3593 542 αὺτοῦ
3634 486 3694 543 ἐκ
3734 493 3843 545 τῶν

417 578 841 653 comprobavit,
874 575 1230 633 sacriﬁcium
1281 588 1386 645 pro
1418 571 1695 628 omnibus
1738 573 1880 625 tunc
1911 570 2077 626 obtu-

418 670 509 743 lit,
543 687 677 726 cum
710 686 813 741 pro
843 666 1119 724 omnibus
1150 679 1324 720 suum
1365 659 1655 733 templum
1686 659 1861 715 morti
1891 659 2075 715 tradi-

421 761 527 826 dit,
554 764 620 815 ut
648 774 852 815 omnes
874 773 908 811 a
931 754 1110 810 veteri
1139 750 1611 823 transgressione
1643 748 1859 805 liberos
1881 765 1948 804 ac
1970 748 2078 803 im-

422 866 631 906 munes
663 847 952 913 redderet,
976 858 1156 915 seque
1179 845 1366 897 morte
1397 838 1691 895 fortiorem
1723 837 2074 906 ostenderet,

420 937 714 1011 primitias
752 931 1199 991 resurrectionis
1229 929 1495 986 omnium
1535 944 1711 984 suum
1742 942 1956 998 corpus
1986 926 2076 980 in-

422 1030 765 1099 corruptum
795 1023 1097 1092 exhibens.
1128 1025 1246 1077 Nec
1289 1036 1423 1075 vero
1463 1017 1695 1073 mireris
1727 1016 1778 1072 si
1808 1032 1959 1087 saepe
1986 1031 2077 1071 ea-

314 1171 322 1181 ,
421 1118 555 1173 dem
585 1118 944 1186 repetamus.
980 1111 1082 1169 52
1121 1110 1267 1166 Nam
1302 1125 1438 1164 cum
1471 1108 1542 1163 de
1571 1106 1829 1177 benigna
1858 1104 1957 1159 Dei
1987 1121 2076 1160 er-

420 1223 495 1279 ga
514 1222 621 1262 nos
642 1204 941 1259 voluntate
961 1200 1280 1273 loquimur,
1298 1194 1517 1253 idcirco
1538 1196 1695 1252 idem
1717 1192 1909 1250 verbis
1931 1192 2079 1248 mul-

419 1296 497 1351 tis
527 1295 1003 1366 interpretamur,
1038 1307 1111 1345 ne
1151 1288 1376 1360 aliquid
1424 1286 1732 1342 videamur
1781 1283 2073 1350 omisisse,

419 1383 908 1455 nobisquejdetur
935 1377 1169 1436 crimini
1191 1375 1361 1449 quasi
1391 1374 1591 1430 minus
1614 1390 1793 1447 quam
1821 1389 1927 1446 par
1954 1375 2082 1429 erat

421 1475 494 1530 de
542 1490 603 1529 re
651 1475 816 1528 tanta
864 1468 1207 1525 dixerimus.
1238 1468 1483 1521 Praestat
1530 1463 1824 1535 siquidem
1872 1462 2078 1519 eadem

424 1561 639 1636 sapius
669 1577 803 1617 cum
829 1556 1277 1631 vituperationis
1305 1554 1563 1628 periculo
1593 1556 1875 1625 repetere,
1898 1567 2080 1623 quam

427 1652 651 1724 aliquid
676 1666 880 1706 eorum
907 1665 1034 1720 quas
1067 1646 1276 1702 litteris
1307 1642 1575 1700 mandari
1605 1643 1821 1698 debent
1851 1646 2083 1714 prseter-

430 1743 681 1798 miltere.
716 1741 917 1811 Itaque
948 1752 1180 1809 corpus,
1203 1734 1358 1806 quod
1389 1737 1446 1789 et
1473 1734 1671 1805 ipsum
1700 1746 2078 1787 communem

430 1848 566 1887 cum
614 1827 889 1885 omnibus
936 1829 1207 1881 naturam
1256 1822 1511 1878 habebat
1538 1822 1700 1893 (nam
1749 1819 2078 1875 humanum
2110 1864 2159 1929 B

778 1916 812 1929 ..
862 1920 871 1929 .
1020 1919 1029 1929 .
1077 1913 1089 1925 .
1617 1927 1671 1929 ,ί
1711 1908 1821 1929 με,
1859 1908 2077 1929 “tu,”

429 1936 641 1992 corpus
671 1916 838 1990 erat),
856 1913 1092 1971 tametsi
1122 1930 1269 1970 novo
1301 1909 1586 1967 miraculo
1607 1927 1677 1966 ex
1706 1908 1833 1965 sola
1859 1908 2083 1982 virgine

428 2011 797 2083 procreatum
829 2008 939 2071 est,
960 2008 1181 2069 tamen,
1206 2000 1346 2073 quia
1388 1998 1637 2056 mortale
1682 2002 1826 2069 erat,
1850 1998 1933 2053 uti
1967 1996 2083 2053 alia

430 2114 672 2170 corpora
694 2098 995 2150 mortuum
1018 2096 1128 2148 est.
1154 2090 1301 2157 Quia
1320 2106 1455 2145 vero
1476 2092 1734 2144 Verbum
1755 2087 1901 2142 illud
1926 2086 2081 2143 idem

431 2188 544 2245 sibi
566 2187 992 2257 assumpserat,
1008 2198 1121 2237 non
1144 2180 1468 2236 secundum
1494 2178 1789 2251 propriam
1811 2181 2081 2231 naturam

428 2280 772 2349 corruptum
799 2277 907 2340 est,
934 2271 1035 2327 sed
1067 2270 1140 2326 ob
1171 2269 1424 2325 Verbum
1455 2268 1516 2322 in
1547 2283 1611 2322 se
1639 2266 1939 2336 habitans,
1963 2281 2084 2320 cor-

430 2364 719 2438 ruptionis
750 2363 1016 2418 immune
1063 2364 1153 2415 est
1194 2359 1433 2413 factum.
1458 2355 1738 2422 Quocirca
1784 2354 1900 2409 duo
1931 2352 1990 2407 in
2022 2368 2083 2408 re

431 2456 634 2513 eadem
662 2451 949 2509 miracula
974 2449 1349 2521 contigerunt
1383 2464 1395 2501 :
1430 2450 1494 2501 ut
1524 2444 1747 2500 scilicet
1774 2460 1934 2499 mors
1964 2458 2085 2497 om-

434 2546 600 2602 nium
626 2544 688 2599 in
719 2540 1022 2600 Dominico
1062 2552 1305 2610 corpore
1344 2535 1706 2607 impleretur,
1740 2537 1797 2589 et
1827 2537 1893 2587 ut
1924 2547 2084 2587 mors

436 2652 502 2692 ac
533 2632 826 2705 corruptio
857 2634 1095 2704 propter
1110 2626 1283 2683 Verbi
1319 2623 1790 2696 conjunctionem
1818 2623 2082 2678 destrue-

437 2727 662 2780 rentur.
693 2722 959 2792 Namque
995 2720 1183 2773 morte
1211 2732 1358 2789 Opus
1388 2717 1532 2780 erat,
1556 2717 1614 2769 et
1658 2728 1762 2784 pro
1807 2711 2085 2768 omnibus

438 2830 600 2869 mors
629 2814 751 2868 erat
781 2809 1074 2878 obeunda,
1106 2810 1173 2862 ut
1217 2805 1371 2878 quod
1413 2819 1618 2860 omnes
1647 2802 1940 2858 debebant
1968 2799 2083 2855 sol-

434 2906 687 2959 veretur.
718 2902 1100 2971 Quapropter,
1152 2900 1217 2951 ut
1264 2894 1401 2961 dixi,
1452 2909 1586 2948 cum
1628 2891 1886 2946 Verbum
1935 2887 2085 2945 mori

437 3009 552 3048 non
582 2995 778 3063 posset
798 2992 959 3058 (nam
980 2984 1312 3041 immortale
1342 2982 1511 3054 erat),
1533 2997 1746 3053 corpus
1768 2980 1923 3052 quod
1960 2994 2087 3051 pos-

435 3086 528 3138 set
557 3080 703 3137 mori
746 3078 859 3135 sibi
908 3075 1151 3148 accepit,
1176 3091 1293 3147 quo
1342 3072 1486 3128 illud
1535 3075 1600 3126 ut
1646 3070 1948 3143 proprium
1980 3084 2085 3140 pro

434 3168 995 3236 omnibus'olt‘erret;
1029 3170 1087 3221 et
1108 3169 1170 3220 ut
1191 3164 1347 3219 idem
1379 3162 1526 3234 ipse,
1550 3177 1654 3234 pro
1685 3158 1962 3215 omnibus
1984 3174 2086 3230 pa-

2186 565 2361 644 ἕργων
2410 567 2735 645 ἀποδείξεις,
2764 568 2874 643 ἤδη
2919 570 3112 628 λοιπὸν
3288 574 3379 629 καὶ
3434 575 3567 654 ὑπὲρ
3623 578 3839 634 πάντων

2182 658 2282 727 τὴν
2341 659 2523 713 θυσίαν
2582 660 2853 739 ἀνέφερεν,
2888 661 3005 717 ἀντὶ
3053 661 3268 719 πάντων
3326 663 3417 719 τὸν
3474 664 3668 722 ἑαυτοῦ
3715 666 3839 724 ναὸν
3888 682 3891 685 ’

2187 745 2263 809 εἰς
2318 748 2539 803 θάνατον
2585 746 2938 826 παραδιδοὺς,
2977 749 3066 807 ’ίνα
3111 751 3245 817 τοὺς
3297 753 3392 827 μὲν
3436 755 3640 820 πάντας
3671 756 3841 813 ἀνυπ-

2186 834 2434 899 ευθύνους
2490 837 2581 893 καὶ
2643 835 2957 916 ἐλευθέρους
3013 837 3121 912 τῆς’
3175 842 3410 919 ἀρχαίας
3479 840 3839 923 παραϐάσεως

2184 927 2390 1000 ποιήσῃ
2424 945 2436 958 ’
2473 923 2616 1002 δείξῃ
2641 924 2699 982 δὲ
2729 929 2913 984 ἑαυτὸν
2968 931 3060 986 καὶ
3111 933 3341 989 θανάτου
3398 934 3699 1010 κρείττονα,
3735 937 3839 991 ἀπ-

2185 1016 2363 1091 αρχὴν
2423 1022 2526 1086 τῆς
2577 1021 2685 1072 τῶν
2745 1015 2890 1074 ὅλων
2952 1020 3291 1085 ἀναστάσεως
3345 1023 3408 1078 τὸ
3464 1020 3601 1080 ἴδιον
3680 1028 3842 1100 σῶμα

2186 1101 2451 1182 ἄφθαρτον
2513 1104 2972 1182 ἐπιδεικνύμενος.
3006 1110 3106 1165 Καὶ
3166 1113 3242 1185 μή
3301 1133 3384 1168 τοι
3418 1115 3533 1187 (30)
3561 1115 3842 1190 θαυμάσῃς

2186 1193 2231 1247 εἰ
2290 1191 2563 1281 πολλάκις
2618 1197 2686 1251 τὰ
2740 1196 2875 1253 αὐτὰ
2937 1199 3061 1275 περὶ
3136 1206 3245 1257 τῶν
3323 1201 3499 1259 αὐτῶν
3580 1201 3837 1281 λέγομεν.

2185 1280 2403 1368 Ἐπειδή
2437 1285 2540 1360 γὰρ
2586 1285 2712 1360 περὶ
2757 1294 2860 1358 τῆς
2909 1286 3157 1353 εὐδοκίας
3207 1295 3306 1347 τοῦ
3352 1297 3487 1349 Θεοῦ
3535 1280 3841 1368 λαλοῦμεν,

2188 1367 2276 1426 διὰ
2304 1377 2466 1459 τοῦτο
2493 1374 2585 1429 τὸν
2618 1374 2775 1431 αὐτὸν
2824 1381 2950 1434 νοῦν
2993 1376 3082 1434 διὰ
3125 1377 3395 1437 πλειόνων
3448 1367 3841 1459 ἑρμηνεύομεν,

2192 1462 2267 1535 μὴ
2301 1458 2405 1537 ἄρα
2449 1483 2501 1517 τι
2549 1462 2989 1540 παραλιμπάνειν
3034 1466 3416 1544 δόξωμεν,καί
3448 1458 3707 1547 ἔγκλημα
3753 1458 3845 1549 γέέ

2185 1571 2347 1621 νηται
2389 1551 2465 1615 ὡς
2493 1550 2688 1617 ἐνδεῶς
2721 1553 2989 1631 εἷρηκόσι.
3021 1557 3122 1615 Καὶ
3162 1559 3266 1635 γὰρ
3316 1557 3533 1636 βέλτιον
3577 1559 3843 1618 ταὺτολο-

2187 1638 2310 1729 γίας
2370 1640 2573 1715 μέμψιν
2628 1642 2947 1719 ὑποστῆσαι,
2979 1645 3377 1723 ἢπαραλεῖψαί
3422 1670 3478 1705 τι
3523 1653 3631 1706 τῶν
3693 1649 3843 1729 ὀφει-

2189 1726 2396 1785 λόντων
2428 1738 2718 1811 γραφῆναι·
2750 1734 2820 1788 Τὸ
2856 1735 2951 1808 μὲν
2983 1732 3073 1791 οὖν
3108 1740 3288 1812 σῶμα,
3319 1739 3395 1802 ὡς
3423 1739 3515 1794 καὶ
3552 1739 3681 1795 αὐτὸ
3731 1726 3845 1796 κοι-

2187 1819 2286 1889 νήν
2318 1814 2446 1895 ἔχον
2485 1826 2603 1884 τοῖς
2634 1827 2765 1877 πᾶσι
2793 1824 2891 1894 τὴν
2927 1823 3110 1881 οὐσίαν
3140 1828 3324 1901 (σῶμα
3371 1830 3476 1905 γὰρ
3523 1829 3591 1900 ἦν
3640 1830 3843 1908 ἀνθρώ-

2190 1914 2395 1980 πινον),
2428 1909 2593 1965 εἶκαὶ
2639 1914 2934 1987 καινοτέρῳ
2982 1915 3215 1990 θαύματι
3264 1918 3485 1990 συνέστη
3539 1917 3599 1975 ἐκ
3644 1919 3843 1995 παρθέ-

2189 2018 2285 2054 νου
2346 1998 2519 2072 μόνης
2554 2019 2566 2033 ·
2602 1999 2756 2075 ὅμως
2804 2001 2999 2073 θνητὸν
3059 2001 3137 2076 ὃν,
3167 2006 3304 2061 κατὰ
3352 2005 3674 2063 ἀκολουθίαν
3729 2012 3839 2064 τῶν

2193 2086 2401 2160 ὁμοίων
2423 2085 2513 2142 καὶ
2553 2089 2664 2164 (31)
2688 2089 2989 2161 ἀπέθνησκε
3021 2110 3035 2124 ·
3064 2095 3133 2167 τῇ
3167 2090 3225 2148 δὲ
3250 2098 3348 2150 τοῦ
3388 2095 3571 2171 Λόγου
3624 2094 3701 2158 εἰς
3749 2094 3843 2152 αύ-

2189 2171 2550 2264 τδὲπιϐάσει,
2579 2176 2757 2234 οὐκέτι
2787 2181 2924 2235 κατά
2978 2181 3078 2251 τήν
3125 2179 3263 2238 ἰδίαν
3313 2182 3467 2262 φύσιν
3522 2183 3793 2264 ἐφθείρετο
3824 2226 3839 2241 .

2193 2262 2339 2320 ἀλλά
2366 2262 2455 2321 διὰ
2481 2264 2574 2322 τὸν
2607 2265 2959 2341 ἐνοικήσαντα
2994 2275 3091 2326 τοῦ
3121 2276 3256 2328 Θεοῦ
3285 2273 3461 2350 Λόγον
3523 2262 3676 2338 ἐκτὸς
3733 2273 3847 2351 έγί-

2191 2375 2308 2441 νετο
2356 2356 2579 2433 φθορᾶς.
2610 2354 2710 2411 Καὶ
2754 2354 3057 2416 συνέϐαινεν
3105 2360 3385 2441 ἀμφότερα
3431 2362 3484 2418 έν
3530 2362 3711 2437 ταύτῷ
3754 2385 3846 2441 γε-

2192 2440 2370 2498 νέσθαι
2402 2443 2722 2521 παραδόξως
2746 2466 2759 2480 ·
2796 2446 2879 2502 ὅτι
2909 2469 2970 2504 τε
2999 2451 3028 2506 6
3058 2451 3272 2507 πάντων
3305 2453 3532 2517 θάνατος
3566 2452 3619 2509 ἐν
3646 2457 3725 2527 τῷ
3754 2440 3850 2510 κυ-

2194 2537 2366 2623 ριακῷ
2418 2535 2629 2609 σώματι
2675 2532 3008 2613 ἐπληροῦτο,
3041 2539 3132 2594 καὶ
3162 2540 3191 2595 6
3222 2541 3447 2605 θάνατος
3494 2542 3585 2597 καὶ
3633 2544 3667 2613 ἡ
3714 2544 3845 2623 φθο-

2195 2623 2263 2698 ρὰ
2292 2621 2381 2678 διὰ
2407 2625 2498 2680 τὸν
2545 2624 2772 2682 συνόντα
2813 2626 2989 2704 Λόγον
3041 2627 3407 2708 έξηφανίζετο.
3440 2632 3681 2688 Θανάτου
3730 2621 3845 2709 γὰρ

2192 2713 2260 2783 ἦν
2292 2712 2473 2790 χρεία,
2505 2715 2594 2769 καὶ
2625 2714 2847 2772 θάνατον
2882 2718 3013 2793 ὑπὲρ
3044 2719 3257 2776 πάντων
3308 2717 3414 2776 ἔδει
3464 2721 3731 2797 γενέσθαι,
3757 2721 3849 2778 ἵνα

2192 2803 2254 2857 τὸ
2284 2804 2431 2877 παρά
2480 2805 2696 2860 πάντων
2746 2804 3102 2884 ὀφειλόμενον
3145 2810 3386 2884 γένηται.
3422 2811 3573 2866 Ὅθεν
3602 2813 3737 2887 (32),
3770 2810 3847 2876 ὡς

2194 2897 2477 2967 προεῖπον,
2512 2895 2540 2949 6
2566 2894 2765 2970 Λόγος,
2799 2895 2915 2952 ἐπεὶ
2946 2896 3052 2975 οὐχ
3082 2898 3195 2953 οἷόν
3226 2919 3285 2953 τε
3327 2900 3395 2969 ἦν
3438 2898 3598 2957 κύτὸν
3644 2901 3848 2957 ἀποθαο

2194 2986 2303 3036 νεῖν
2349 2982 2628 3057 (ἀθάνατος
2678 2985 2785 3063 γὰρ
2842 2986 2951 3058 ἧν),
2984 2982 3176 3043 ἔλαϐεν
3233 2989 3407 3062 ἑαυτῷ
3468 2994 3629 3064 σῶμα
3669 2990 3733 3047 τὸ
3762 2987 3851 3047 δυ·
3898 3042 3903 3045 ,

2195 3072 2421 3145 νάμενον
2470 3071 2774 3143 ἀποθανεῖν,
2796 3072 2909 3146 ἵνα,
2943 3076 3019 3140 ὡς
3076 3074 3215 3133 ἴδιον
3275 3078 3390 3134 ἀντὶ
3442 3079 3659 3136 πάντων
3719 3079 3850 3136 αὐτὸ

2195 3162 2548 3238 προσενέγκῃ,
2579 3163 2667 3218 καὶ
2692 3164 2777 3227 ὡς
2824 3164 2987 3228 αὐτὸς
3037 3166 3170 3243 ὑπὲρ
3218 3168 3433 3224 πάντων
3474 3169 3704 3244 πάσχων
3763 3167 3855 3225 διὰ

432 3260 652 3329 tiendo,
686 3259 760 3315 ob
806 3273 981 3314 suum
1030 3256 1089 3310 in
1134 3270 1347 3325 corpus
1394 3251 1755 3323 ingressum,
1795 3250 1924 3320 ejus
1981 3246 2083 3319 qui

2197 3251 2296 3320 τήν
2327 3251 2463 3326 πρὸς
2506 3251 2635 3307 αὐτὸ
2664 3254 2778 3327 (33)
2808 3249 3076 3324 ἐπίϐασιν,
3107 3238 3424 3333 καταργήσῃ
3467 3257 3559 3313 τὸν
3588 3238 3670 3313 ’τὸ
3719 3258 3854 3337 κρά-

434 3349 750 3422 imperium
782 3345 992 3403 mortis
1022 3344 1296 3409 habebat,
1324 3357 1535 3413 nempe
1557 3337 1771 3395 diaboli
1793 3338 1859 3409 ⁸⁸,
1892 3336 2094 3392 irritos

438 3443 684 3496 conatus
716 3436 1004 3501 redderet,
1030 3449 1247 3505 eosque
1289 3430 1563 3485 liberaret
1592 3428 1693 3501 qui
1746 3427 1953 3482 mortis
1985 3427 2095 3482 for-

442 3528 665 3585 midine
695 3540 798 3599 per
825 3529 1009 3581 totam
1036 3522 1217 3578 vitam
1250 3518 1484 3576 obnoxii
1510 3521 1676 3573 erant
1705 3514 1992 3571 servituti.

514 3618 604 3674 21.
630 3619 810 3683 Certe,
837 3617 1150 3686 postquam
1175 3607 1507 3665 communis
1539 3606 1806 3661 omnium
1828 3608 2096 3661 Servator

448 3726 550 3781 pro
581 3706 752 3764 nobis
782 3709 1054 3761 mortuus
1083 3706 1193 3771 est,
1225 3716 1354 3765 nos,
1387 3698 1484 3770 qui
1530 3696 1589 3751 in
1629 3695 1860 3771 Christo
1893 3693 2095 3750 ﬁdeles

448 3816 657 3857 sumus
687 3814 803 3853 non
849 3795 975 3866 jam
1009 3796 1071 3847 ut
1119 3789 1257 3847 olim
1316 3806 1385 3844 ex
1439 3786 1585 3859 legis
1637 3784 2096 3841 comminatione

445 3897 693 3946 mortem
725 3885 997 3942 subimus
1043 3879 1359 3954 (siquidem
1402 3878 1576 3932 ﬁnem
1617 3874 1840 3947 accepit
1885 3874 2096 3947 hujus-

448 3978 607 4035 modi
638 3972 959 4044 damnatio)
984 3988 997 4027 :
1024 3971 1123 4027 sed
1147 3966 1524 4040 corruptione
1549 3964 1852 4021 desinente
1881 3968 1940 4020 et
1967 3981 2096 4019 eva-

443 4070 718 4125 nescente
763 4063 825 4119 in
861 4056 1308 4117 resurrectionis
1340 4055 1547 4128 gratia,
1591 4054 1716 4125 jam
1776 4069 1932 4109 nunc
1988 4068 2093 4124 pro

329 4165 334 4171 '
444 4153 708 4213 mortalis
739 4150 998 4224 corporis
1028 4147 1361 4204 conditione
1390 4143 1796 4199 tantummodo
1828 4146 2094 4214 tempore

441 4246 543 4301 illo
569 4242 965 4307 dissolvimur,
994 4238 1149 4311 quod
1179 4234 1498 4306 unicuique
1531 4238 1680 4289 Deus
1711 4231 1990 4300 deﬁnivit,
2025 4236 2092 4286 ut

438 4333 905 4409 praestantiorem
938 4325 1426 4385 resurrectionem
1458 4321 1736 4394 consequi
1768 4320 2088 4394 possimus.

438 4424 741 4497 Siquidem
786 4422 973 4476 instar
1021 4416 1489 4485 seminum,quae
1538 4415 1703 4468 terrae
1750 4410 2088 4476 mandatur,

436 4529 810 4588 nequaquam
852 4508 1112 4583 perimus
1162 4522 1296 4561 cum
1346 4500 1878 4567 dissolvimur,'sed
1927 4499 2091 4555 velut

438 4607 574 4672 sati,
603 4608 789 4659 morte
818 4617 920 4674 per
949 4598 1198 4672 gratiam
1230 4593 1442 4651 Christi
1476 4593 1792 4662 destructa,
1826 4605 2089 4663 resurge-

440 4712 595 4751 mus.
623 4694 765 4748 [line
806 4707 942 4762 ergo
972 4690 1180 4743 beatus
1212 4700 1444 4757 quoque
1472 4681 1694 4738 Paulus
1724 4696 1972 4752 sponsor
1997 4697 2085 4736 re-

438 4781 819 4841 surrectionis
850 4779 1126 4836 omnibus
1170 4776 1361 4831 factus
1406 4771 1487 4828 ait
1519 4789 1531 4827 :
1566 4771 1781 4843 Oportet
1809 4771 2086 4843 corrupti-

504 4892 548 4927 ⁶⁶
579 4891 721 4947 Heb.
757 4906 820 4957 II,
855 4888 941 4942 14.

505 4999 620 5069 (27)
650 4996 884 5055 Gobler.
916 4996 973 5069 et
993 4991 1258 5069 _Felckm._
1354 4981 1717 5069 ορουηπερί,
1742 4984 1936 5069 Paulo.
1953 4990 2087 5059 post

433 5057 671 5143 Segner.
690 5069 891 5143 πάντας
916 5066 1110 5143 habet,
1128 5069 1192 5118 ut
1211 5059 1502 5143 et‘legisse
1521 5057 1793 5143 videntur
1810 5057 2082 5143 muros.

432 5130 760 5198 Caibaldul.
795 5144 852 5195 et
904 5136 1202 5192 Nannius:
1231 5133 1329 5188 alii
1354 5130 1493 5186 vero
1524 5146 1669 5184 mss.
1703 5134 1762 5185 et
1791 5130 1928 5185 editi
1980 5131 2085 5186 ha-

430 5216 573 5270 bent
601 5210 1029 5283 vra'zvrw:,_quod
1052 5212 1119 5283 et
1147 5205 1289 5277 legit
1316 5202 1703 5283 gmnibonus.
1744 5273 1774 5283 Α
1872 5274 1884 5283 _
1916 5273 1926 5283 ι

505 5287 615 5357 (28)
649 5285 753 5357 Hic
790 5272 965 5357 locus
1003 5272 1291 5357 nitatura
1320 5275 1539 5357 Tlieod.
1574 5272 1710 5328 dial.
1742 5273 1797 5343 3,
1829 5273 1928 5328 ubi
1978 5290 2083 5346 pro

430 5345 553 5425 περί
583 5345 683 5425 τῆς
715 5353 970 5423 θεότητος
1003 5345 1518 5425 Ιθείίυεθεοτάτας.

502 5412 869 5500 (29)’Λοιττν5ν’
911 5412 1137 5500 abesta
1185 5419 1501 5500 T‘hegdor”
1536 5417 1633 5489 qui
1694 5416 1848 5472 idem
1910 5415 2083 5489 paulo

438 5490 721 5571 po‘st'pro
755 5498 955 5571 ἑαυτοῦ
980 5495 1156 5571 habet
1184 5490 1368 5571 αὐτοῦ.

502 5558 746 5642 (30)’8ἱο
774 5572 902 5635 Sag.
940 5566 1111 5642 Basil.
1147 5570 1223 5642 et_
1250 5560 1474 5642 Anglic.
1510 5561 1575 5613 At
1604 5558 1770 5613 Gobl.
1802 5564 1858 5642 et
1882 5560 2078 5642 felclt.

436 5630 696 5712 lgano'n,
727 5642 822 5712 μή.
849 5630 996 5695 Ἐιιὶιὶ
1026 5639 1187 5712 μήτι...
1209 5630 1538 5712 Istaautem
1572 5647 1760 5712 usque
1790 5630 1950 5712 ad‘T_6
1985 5630 2079 5712 μεν

432 5709 522 5769 οὖν
550 5702 941 5789 σῶμα,ὐίροίο
963 5702 1096 5785 quae
1115 5706 1257 5764 nihil
1281 5706 1349 5760 ad
1377 5702 1738 5778 propositum
1763 5702 2076 5778 pertinent,

2198 3360 2290 3402 τος
2340 3338 2538 3418 ἔχοντα
2590 3346 2688 3397 τοῦ
2732 3343 2984 3415 θανάτου,
3014 3344 3257 3402 τουτέστι
3305 3346 3397 3402 τὸν
3449 3341 3731 3419 διάϐολον,
3762 3348 3855 3404 καὶ

2201 3428 2487 3506 ἀπαλλάξῃ
2514 3433 2763 3505 τούτους,
2795 3432 2912 3489 ὅσοι
2945 3429 3100 3513 φόϐῳ
3132 3436 3361 3492 θανάτου
3392 3434 3482 3493 διὰ
3508 3435 3712 3503 παντὸς
3757 3442 3854 3494 τοῦ

2205 3522 2300 3589 ζῆν
2333 3522 2445 3595 (34)
2478 3518 2667 3599 ἔνοχοι
2696 3522 2831 3592 ἦσαν
2865 3520 3137 3588 δουλείας.

2271 3613 2361 3668 21.
2396 3608 2619 3685 Ἀμέλει
2649 3616 2745 3667 τοῦ
2775 3617 2959 3669 κοινοῦ
2998 3614 3214 3669 πάντων
3244 3621 3507 3692 Σωτῆρος
3556 3616 3850 3674 ἀποθανόν-

2199 3720 2295 3761 τος
2328 3700 2459 3775 ὑπὶρ
2492 3702 2676 3774 ἡμῶν,
2707 3702 2890 3757 οὐκέτι
2918 3706 3009 3758 νῦν
3055 3702 3237 3780 ὥσπερ
3266 3703 3438 3762 πάλαι
3464 3708 3601 3763 κατά
3629 3709 3728 3778 τὴν
3756 3710 3854 3763 τοῦ

2201 3788 2375 3863 νόμου
2425 3788 2656 3861 ἀπειλὴν
2710 3792 2922 3866 θανάτῳ
2972 3792 3384 3870 ἀποθνήσκομεν
3431 3797 3484 3851 oi.
3531 3795 3583 3852 ἐν
3642 3800 3856 3871 Χριστῷ

2200 3879 2382 3934 πιστοί
2436 3881 2725 3954 (πέπαυται
2800 3882 2904 3958 γὰρ
2957 3883 2992 3951 ἡ
3036 3872 3261 3954 τοιαύτη
3320 3881 3608 3956 καταδίκη)
3641 3904 3654 3919 ’
3708 3882 3856 3941 ἀλλά

2198 3976 2299 4039 τῆς
2357 3970 2558 4048 φθοράς
2605 3971 2921 4045 παυομένης
2964 3971 3055 4026 καὶ
3108 3972 3505 4051 ἀφανιζομένης
3557 3972 3608 4029 έν
3652 3977 3722 4048 τῇ
3750 3980 3852 4044 τῆς

2202 4058 2539 4121 ἀναστάσεως
2595 4061 2804 4135 χάριτι,
2856 4057 3049 4116 λοιπὸν
3126 4062 3262 4116 κατὰ
3324 4061 3387 4116 τὸ
3440 4065 3539 4117 τοῦ
3594 4062 3852 4137 σώματος

2198 4146 2392 4219 θνητὸν
2421 4145 2750 4223 διαλνόμεθα
2781 4148 2940 4222 μόνον
2965 4155 3046 4223 τῷ
3075 4149 3282 4228 χρόνῳ,
3314 4150 3372 4205 ’ὸν
3423 4150 3632 4225 ἑκάστῳ
3663 4152 3690 4207 6
3722 4152 3852 4216 Θεὸς

2200 4235 2416 4312 ὥρισεν,
2442 4234 2536 4292 τίνα
2563 4237 2871 4314 κρείττονος
2905 4237 3243 4302 ἀναστάσεως
3268 4243 3455 4315 τυχεῖν
3511 4236 3853 4316 δυνηθῶμεν.

2199 4325 2363 4396 Δίκην
2419 4326 2523 4400 γὰρ
2552 4330 2658 4382 τῶν
2693 4325 2745 4382 ἐν
2772 4331 2840 4402 τῇ
2871 4331 2945 4403 γῇ
2976 4324 3475 4404 καταϐαλλομένων
3529 4332 3853 4408 σπερμάτων

2197 4416 2295 4470 οὐκ
2349 4413 2709 4490 ἀπολλύμεθα
2760 4412 3132 4491 διαλυόμενοι,
3190 4415 3319 4473 ἀλλ’
3374 4418 3451 4482 ὡς
3506 4419 3855 4498 σπειρόμενοι

2196 4504 2625 4579 ἀναστησόμεθα,
2656 4505 3090 4582 καταργηθέντος
3136 4510 3234 4562 τοῦ
3282 4508 3509 4563 θανάτου
3559 4509 3697 4565 κατά
3751 4511 3854 4582 τήν

2117 4615 2162 4681 D
2192 4599 2288 4650 τοῦ
2321 4601 2582 4668 Σωτῆρος
2631 4592 2817 4672 χάριν.
2852 4596 2950 4650 Διά
2991 4600 3153 4651 τοῦτο
3204 4601 3335 4673 γοῦν
3392 4598 3483 4653 καὶ
3514 4598 3544 4653 6
3581 4600 3854 4678 μακάριος

2195 4682 2436 4755 Παῦλος,
2477 4683 2754 4759 ἐγγυητὴς
2809 4691 2912 4755 τῆς
2972 4684 3307 4749 ἀναστάσεως
3358 4691 3490 4742 πᾶσι
3537 4688 3851 4764 γενόμενος,

2195 4771 2329 4853 φησί
2362 4795 2375 4808 ο
2435 4778 2526 4828 Δεῖ
2588 4774 2651 4829 τὸ
2726 4775 2955 4853 φθαρτὸν
3034 4779 3219 4857 τοῦτο
3269 4773 3583 4833 ἐνδύσασθαι
3653 4778 3855 4857 ἀφθαρ-

2194 4990 2414 5066 omittit
2449 4989 2871 5066 Theodoretus,
2904 4992 3005 5066 qui
3053 4995 3133 5066 et“
3155 5010 3260 5066 pro
3287 4989 3353 5047 τὸ
3396 4992 3489 5066 μὲν
3518 4989 3635 5062 οῦν,
3676 4994 3857 5053 habet

2190 5061 2254 5116 τὸ
2289 5060 2382 5141 μέν
2405 5061 2541 5141 γάρ,
2565 5060 3012 5141 conjunctionis
3032 5060 3256 5122 scilicet
3278 5060 3489 5139 gratia.
3523 5060 3685 5124 Idem
3715 5083 3857 5141 quo-

2194 5150 2308 5207 que
2338 5134 2634 5207 ibid.'_~coic
2663 5134 2793 5188 πᾶσι
2823 5135 3064 5192 omittit.

2263 5207 2387 5279 (31)_
2409 5204 2508 5259 Καί
2540 5223 2657 5261 non
2690 5207 2912 5265 habent
2941 5205 3175 5264 Gobler.
3207 5212 3265 5266 et
3300 5207 3558 5265 Felckm.
3590 5210 3616 5265 1
3649 5226 3852 5279 anon.,

2194 5294 2299 5333 nec
2328 5277 2751 5334 Theodoretus.

2191 5349 2540 5476 tm(5.319411ch
2587 5350 2726 5406 item
2759 5367 2794 5406 a
2821 5351 3188 5408 Theodoreto
3231 5352 3438 5409 eodem
3485 5349 3613 5409 loco
3662 5353 3854 5410 citan-

2221 5438 2309 5476 UI‘.

2263 5492 2376 5635 (33)
2407 5492 2812 5549 Theodoretus
2839 5492 2901 5547 τὸ
2935 5496 3096 5567 σῶμα
3125 5494 3312 5550 addit.

2286 5565 2352 5617 34
2410 5563 2505 5616 Διά
2534 5563 2730 5625 παντὸς
2758 5567 2855 5619 τοῦ
2890 5567 2984 5635 ζῇν
3040 5566 3217 5622 habet
3264 5566 3312 5621 S1

2286 5563 2376 5635 34)
2410 5563 2517 5640 Ara
2534 5563 2730 5640 παντὸς
2758 5567 2855 5619 τοῦ
2881 5567 2984 5640 Δζῇν
3024 5563 3217 5640 habet
3248 5566 3513 5640 _Segue_r._
3552 5570 3613 5623 et
3658 5566 3853 5640 expri-

2192 5645 2357 5691 munt
2389 5636 2661 5691 Ambros.
2696 5636 2958 5694 Camald.
2982 5643 3041 5694 et
3070 5636 3383 5694 Nannius}
3416 5637 3518 5695 alii
3547 5654 3681 5696 vero
3711 5636 3851 5699 cum

2190 5707 2363 5765 editis
2393 5708 2693 5766 omittunt.
