4160 6388
322 349 434 409 133

1340 344 1632 404 ORATIO
1685 343 1783 402 DE
1829 344 2407 402 lNCAllNATlONE
2457 345 2716 406 VERBI.

3629 348 3741 406 134

316 477 460 550 σίαν,
519 478 608 531 καὶ
667 476 728 530 τὸ
787 476 980 546 θνητὸν
1041 479 1202 529 τοῦτο
1280 471 1590 528 ἐνδύσασθαι
1669 471 1972 528 ἀθανασίαν.

2093 475 2200 528 bile
2230 477 2325 529 hor
2359 477 2588 531 induere
2619 478 3079 548 incorruptionem
3109 495 3127 533 :
3159 482 3211 533 et
3238 478 3470 533 mortale
3520 478 3617 533 hoc
3647 479 3740 532 in-

316 572 450 622 Οταν
514 563 570 620 δὲ
626 566 688 620 τὸ
761 563 991 643 φθαρτὸν
1068 569 1230 618 τοῦτο
1299 561 1585 632 ἐνδύσηται
1661 561 1974 638 ἀφθαρσίαν,

315 657 404 712 καὶ
459 657 572 729 (35)
642 655 704 709 τὸ
777 655 968 723 θνητὸν
1057 658 1218 708 τοῦτο
1303 649 1584 720 ἐνδύσηται
1670 649 1974 723 ἀθανασίαν,

317 745 441 800 τότε
516 746 801 818 γενήσεται
861 745 888 798 6
949 741 1118 818 λόγος
1177 744 1204 797 6
1263 739 1641 816 γεγραμμένος
1678 759 1688 770 ·
1739 739 1976 795 Κατεπό-

319 837 382 906 θη
441 835 467 888 ὁ
527 834 754 896 Θάνατος
841 833 916 895 εἷς
995 832 1144 894 νῖκος
1181 851 1192 863 ⁶
1252 835 1358 884 ποῦ
1436 851 1567 899 σου,
1629 830 1855 898 θάνατε,
1917 829 1976 883 τὸ

317 924 712 999 κέντρον;ποῦ
767 944 882 994 σου,
948 917 1072 994 ᾇδη,
1126 921 1186 974 τὸ
1238 926 1424 986 νῖκοςς
1481 919 1575 972 Διὰ
1630 918 1681 972 τί
1741 916 1854 988 οῦν,
1915 915 1972 972 ἄν

841 833 916 895 εἷς
995 832 1144 894 νῖκος
1181 851 1192 863 ⁶

315 1033 398 1073 τις
432 1008 599 1079 εἷίποι,
632 1010 780 1086 εἷ’περ
833 1011 1121 1084 ἀναγκαῖον
1151 1009 1216 1077 ἦν
1248 1008 1358 1062 ἀντὶ
1401 1006 1616 1061 πάντων
1665 1006 1821 1060 αὐτὸν
1871 1027 1975 1060 πα-

318 1098 572 1174 ραδοῦναι
634 1101 694 1152 τὸ
754 1104 911 1172 σῶμα
960 1099 1194 1169 θανάτῳ,
1247 1097 1355 1172 οὐχ
1407 1099 1518 1168 (36)
1567 1096 1642 1156 ὡς
1691 1094 1973 1172 ἄνθρωπος

318 1188 472 1252 ἰδίως
505 1189 726 1243 ἀπέθετο
756 1193 940 1259 τοῦτο,
974 1185 1119 1241 ἀλλὰ
1161 1185 1250 1240 καὶ
1301 1187 1464 1259 μέχρι
1515 1188 1609 1237 τοῦ
1660 1175 1972 1259 σταυρωθῆ-

313 1301 394 1334 ναι
421 1276 738 1353 παρῆλθεν;
774 1277 1038 1350 Ἐντίμως
1086 1277 1189 1352 γὰρ
1244 1273 1455 1348 μᾶλλον
1508 1272 1729 1348 ἔπρεπεν
1779 1274 1971 1327 ἁποθέ-

313 1370 429 1422 σθαι
459 1367 521 1422 τὸ
552 1372 733 1441 σῶμα,
766 1365 906 1442 ἤπερ
945 1366 1057 1439 μεθ’
1089 1359 1296 1438 ὕϐρεως
1321 1364 1411 1417 τὸν
1444 1367 1693 1416 τοιοῦτον
1751 1361 1972 1416 θάνατον

315 1458 624 1531 ὑπομεῖναι·
667 1457 771 1512 Θὲα
830 1454 895 1524 δὴ
930 1453 1094 1509 πάλιν
1131 1453 1175 1508 εἰ
1211 1455 1285 1527 μὴ
1337 1455 1372 1521 ἡ
1423 1451 1646 1521 τοιαύτη
1711 1450 1971 1512 ἀντίθεσίς

313 1546 454 1601 ἐστιν
488 1545 797 1621 ἀνθρωπίνη
835 1567 846 1578 ·
878 1544 939 1598 τὸ
983 1541 1041 1597 δὲ
1072 1542 1173 1597 ὑπὸ
1222 1546 1318 1596 τοῦ
1374 1547 1632 1616 Σωτῆρος
1678 1539 1968 1615 γενόμενον

312 1637 454 1690 θεῖον
489 1633 712 1704 ἀληθῶς
747 1634 836 1688 καὶ
868 1631 1011 1703 ἄξιον
1043 1640 1144 1701 τῆς
1177 1631 1339 1685 αὐτοῦ
1388 1629 1641 1700 θεότητος
1693 1627 1782 1682 διὰ
1829 1626 1968 1682 πολ-

314 1722 406 1781 λά.
461 1729 682 1799 Πρῶτον
743 1723 856 1796 μὶν,
908 1721 989 1777 ὅτι
1041 1723 1068 1776 ὁ
1122 1715 1432 1794 συμϐαίνων
1487 1724 1602 1780 τοῖς
1665 1719 1970 1793 ἀνθρώποις

315 1815 542 1875 θάνατος
601 1813 738 1867 κατὰ
794 1811 1062 1866 ἀσθένειαν
1103 1817 1202 1879 τῆς
1263 1809 1433 1863 αὐτῶν
1497 1808 1705 1885 φύσεως
1784 1806 1967 1868 αὐτοῖς

314 1902 715 1978 παραγίνεται·
750 1901 811 1955 οὐ
867 1898 1150 1973 δυνάμενοι
1207 1899 1310 1974 γὰρ
1363 1897 1449 1952 ἐπὶ
1503 1895 1646 1951 πολὺ
1680 1895 1970 1966 διαμένειν,

312 1996 391 2064 τῷ
421 1991 608 2069 χρόνῳ
641 1988 974 2046 διαλύονται.
1010 1989 1107 2043 Διά
1148 1993 1308 2042 τοῦτο
1361 1988 1463 2063 γὰρ
1512 1985 1602 2041 καὶ
1649 1985 1800 2040 νόσοι
1844 1984 1970 2039 τού-

310 2101 426 2144 τοις
493 2076 872 2155 συμϐαίνουσι,
936 2079 1024 2133 καὶ
1087 2077 1527 2148 ἐξασθενήσαντες
1603 2075 1970 2145 ἀποθνήσκου-

311 2193 415 2228 σιν.
451 2171 508 2224 Ὀ
539 2168 597 2226 δὲ
637 2169 832 2245 Κύριος
888 2167 989 2223 οὐκ
1045 2168 1291 2236 ἀσθενὴς,
1327 2163 1472 2220 ἀλλὰ
1529 2169 1662 2219 Θεοῦ
1722 2162 1969 2237 δύναμις,

309 2260 400 2315 καὶ
431 2263 564 2314 Θεοῦ
597 2258 773 2333 Λόγος
809 2257 942 2330 ἐστὶ,
973 2256 1062 2310 καὶ
1096 2255 1366 2324 αὐτοζωή.
1400 2254 1460 2308 Εἰ
1496 2254 1589 2327 μὲν
1624 2251 1713 2308 οὖν
1746 2254 1812 2322 ἦν
1862 2251 1974 2324 ἰδίᾳ

312 2371 442 2419 που,
472 2348 728 2405 καὶκατὰ
783 2348 883 2415 τὴν
937 2346 1218 2415 συνήθειαν
1273 2348 1382 2397 τῶν
1426 2344 1721 2418 ἀνθρώπων
1772 2342 1968 2396 ἀποθὲ-

317 2459 479 2513 μενος
506 2437 569 2492 τὸ
600 2441 761 2509 σῶμα
790 2434 840 2490 ἐν
873 2432 1055 2508 κλίνῃ,
1093 2432 1349 2506 ἐνομίσθη
1386 2432 1443 2486 ἂν
1493 2433 1582 2486 καὶ
1630 2432 1789 2495 αὐτὸς
1836 2433 1972 2486 κατά

311 2529 412 2598 τὴν
460 2533 563 2597 τῆς
614 2523 822 2604 φύσεως
875 2523 1143 2577 ἀσθένειαν
1190 2527 1350 2576 τοῦτο
1399 2522 1605 2593 παθὼν,
1647 2522 1737 2576 καὶ
1799 2519 1967 2594 μηδὲν

313 2615 456 2693 ἔχων
490 2613 657 2670 πλέον
689 2618 797 2668 τῶν
832 2610 1019 2666 ἄλλων
1051 2611 1342 2688 ἀνθρώπων
1373 2629 1384 2642 ·
1421 2608 1606 2680 ἐπειδὴ
1643 2608 1700 2664 δὲ
1730 2611 1818 2664 καὶ
1853 2612 1965 2679 ζωὴ

311 2705 377 2775 ἦν
408 2703 498 2758 καὶ
531 2707 664 2758 Θεοῦ
697 2701 900 2777 Λόγος,
938 2705 1030 2755 καῖ
1078 2697 1183 2754 ἔδει
1242 2700 1332 2754 τὸν
1369 2700 1500 2776 ὑπὲρ
1548 2701 1762 2754 πάντων
1822 2699 1969 2773 γενὲ-

313 2795 431 2849 σθαι
465 2794 687 2848 θάνατον
725 2814 736 2826 ·
772 2789 860 2845 διὰ
889 2795 1049 2845 τοῦτο
1081 2789 1157 2852 ὡς
1193 2789 1284 2863 μὲν
1326 2791 1436 2858 ζωὴ
1470 2789 1559 2843 καὶ
1609 2786 1838 2862 δύναμις
1891 2786 1963 2841 ὢν

311 2883 592 2958 συνίσχυεν
623 2880 676 2935 ἐν
710 2879 856 2952 αὐτῷ
886 2880 948 2934 τὸ
980 2882 1136 2952 σῶμα
1171 2897 1182 2909 ·
1220 2879 1296 2940 ὡς
1350 2875 1406 2932 δὲ
1455 2876 1773 2956 ὀφείλοντος
1822 2878 1968 2953 γενέ.-

311 2973 428 3026 σθαι
485 2975 582 3026 τοῦ
635 2971 883 3043 θανάτου,
946 2967 1052 3044 οὐχ
1130 2968 1322 3039 ἑαυτῷ,
1383 2965 1529 3022 ἀλλά
1584 2970 1709 3041 παρ’
1769 2968 1964 3042 ἑτέρων

311 3055 585 3134 ἐλάμϐανε
629 3060 728 3128 τὴν
775 3057 1043 3134 πρόφασιν
1092 3061 1188 3110 τοῦ
1231 3056 1516 3111 τελειῶσαι
1572 3058 1671 3125 τὴν
1731 3055 1912 3110 θυσίαν
1951 3077 1962 3090 ·

308 3149 423 3205 ἐπεὶ
460 3147 600 3223 μηδὲ
630 3153 814 3202 ποσεῖν
848 3143 956 3201 ἔδει
985 3147 1073 3200 τὸν
1107 3144 1324 3221 Κύριον,
1357 3145 1446 3199 τὸν
1478 3149 1585 3199 τῶν
1637 3142 1823 3199 ἄλλων
1869 3146 1966 3206 τὰς

2087 565 2253 618 (lue-re
2304 567 2799 620 vimmorlalilotcm.
2836 567 2970 621 Cum
3017 570 3201 622 autem
3245 568 3476 622 mortale
3501 569 3600 622 hoc
3649 569 3737 622 in-

2087 654 2267 707 duerit
2308 657 2796 723 immorlalitatem,
2848 659 2894 711 et
2942 657 3303 726 corruptibz'le
3353 659 3450 713 hoc
3497 657 3740 711 induerit

2086 744 2565 813 incorruptionem,
2618 749 2747 798 tunc
2793 746 2886 814 ﬁet
2936 761 3133 812 sermo,
3185 747 3281 816 qui
3326 747 3560 818 scriptus
3612 749 3732 802 est:

2084 832 2352 902 Absorpta.
2383 836 2459 886 est
2505 849 2650 887 mors
2679 836 2736 887 in
2774 835 2995 888 victoris
3027 851 3038 888 :
3073 836 3171 889 ubi
3211 839 3309 903 est,
3341 851 3509 906 mors,
3541 837 3736 890 stimu-

2086 921 2170 975 lus
2201 921 2370 976 tuus?
2398 923 2501 976 Ubi
2529 931 2639 990 tua,
2693 925 2937 993 inferne,
2971 925 3205 979 victoria
3250 925 3293 958 ⁶τ
3324 924 3349 977 ?
3381 925 3492 979 Sed
3530 925 3738 980 dixerit

2085 1008 2300 1081 aliquis
2335 1028 2346 1064 :
2382 1010 2440 1064 Si
2489 1010 2668 1082 igitur
2698 1029 2934 1067 necesse
2963 1017 3087 1067 erat
3117 1013 3280 1067 illum
3315 1031 3419 1084 pro
3460 1013 3737 1070 omnibus

2085 1116 2296 1170 corpus
2329 1116 2502 1153 suum
2537 1101 2706 1154 morti
2740 1102 2986 1169 tradere,
3020 1119 3122 1155 cur
3153 1119 3268 1157 non
3301 1107 3365 1156 ut
3393 1103 3567 1157 homo
3590 1102 3734 1157 illud

2083 1188 2351 1259 privatim
2371 1189 2774 1260 deposuit,sed
2809 1191 2965 1244 cruci
2991 1191 3198 1246 afﬁxus
3232 1191 3361 1246 est?
3378 1192 3564 1264 Magis
3581 1192 3736 1247 enim

2083 1296 2215 1332 eum
2250 1279 2490 1334 decebat
2539 1296 2750 1350 corpus
2781 1295 2916 1333 cum
2949 1279 3167 1335 honore
3215 1282 3525 1352 deponere,
3557 1299 3736 1353 quam

2083 1367 2426 1438 hujusmodi
2461 1372 2708 1422 mortem
2731 1385 2863 1422 cum
2884 1369 3208 1439 ignominia
3236 1369 3600 1440 pati.Verum
3619 1371 3736 1438 hic,

2082 1473 2298 1528 quaeso,
2319 1456 2624 1512 considera
2653 1475 2726 1512 an
2760 1475 2873 1511 non
2908 1457 3027 1511 haec
3059 1459 3304 1528 objectio
3336 1476 3492 1516 mere
3523 1461 3601 1515 sit
3627 1461 3738 1516 hu-

2081 1563 2275 1600 mana.
2308 1546 2469 1610 Quod
2519 1551 2714 1600 autem
2768 1563 2800 1601 a
2847 1546 3143 1601 Salvatore
3193 1547 3413 1602 factum
3462 1552 3569 1617 est,
3607 1566 3740 1605 vere

2081 1635 2343 1689 divinum
2378 1639 2468 1690 est
2497 1637 2740 1707 ejusque
2771 1635 3074 1690 divinitate
3109 1634 3308 1692 multis
3337 1637 3409 1691 de
3441 1637 3637 1692 causis
3657 1637 3742 1692 di-

2079 1741 2283 1797 gnum.
2309 1724 2524 1792 Primo,
2550 1741 2854 1796 mors,qua
2882 1724 3155 1780 homines
3178 1725 3494 1793 intereunt,
3524 1725 3641 1782 illis
3672 1743 3742 1782 ex

2079 1831 2280 1870 eorum
2305 1819 2525 1869 natura:
2545 1815 2884 1870 inﬁrmitate
2910 1814 3144 1869 advenit
3169 1831 3180 1869 :
3207 1813 3500 1885 siquidem
3523 1815 3738 1871 idcirco

2080 1907 2340 1975 tempore
2418 1903 2778 1975 dispereunt,
2841 1904 2998 1975 quod
3078 1903 3178 1958 diu
3238 1903 3549 1975 persistere
3624 1921 3737 1960 non

2082 1997 2319 2064 queant.
2354 1992 2498 2046 Hinc
2550 1992 2609 2046 in
2643 1993 2878 2047 morbos
2911 1992 3199 2059 incidunt,
3232 1993 3486 2065 factique
3519 1994 3740 2051 inﬁrmi

2083 2081 2438 2136 moriuntur.
2463 2083 2531 2136 At
2561 2081 2847 2136 Dominus
2879 2099 2994 2136 non
3025 2082 3319 2149 inﬁrmus,
3354 2083 3456 2138 sed
3488 2082 3590 2139 Dei
3619 2085 3740 2140 vir-

2082 2174 2202 2239 tus,
2232 2175 2288 2225 et
2315 2171 2412 2225 Dei
2443 2170 2696 2225 Verbum
2730 2170 2974 2242 ipsaque
3005 2171 3124 2226 vita
3154 2176 3262 2226 est.
3289 2171 3346 2226 Si
3380 2187 3516 2244 ergo
3547 2172 3737 2244 priva-

2081 2259 2186 2313 tim
2220 2263 2276 2315 et
2305 2264 2583 2315 consueto
2616 2277 2774 2314 more
2825 2277 3036 2331 corpus
3067 2260 3125 2314 in
3155 2259 3306 2316 lecto
3340 2261 3736 2332 deposuisset,

2080 2347 2138 2401 id
2173 2346 2256 2401 illi
2287 2365 2355 2402 ex
2383 2351 2601 2402 naturas
2633 2346 2972 2401 inﬁrmitate
3002 2346 3306 2414 accidisse,
3332 2346 3596 2418 nihilque
3617 2364 3738 2403 am-

2079 2436 2234 2508 plius
2265 2436 2396 2492 aliis
2424 2436 2765 2490 hominibus
2797 2435 3075 2491 habuisse
3095 2435 3574 2507 putaretur.Quia
3600 2453 3735 2493 vero

2079 2531 2135 2580 et
2165 2526 2281 2581 vita
2310 2530 2368 2581 et
2395 2525 2654 2580 Verbum
2681 2525 2780 2580 Dei
2809 2530 2952 2592 erat,
2979 2529 3034 2580 et
3066 2530 3314 2580 mortem
3343 2543 3448 2596 pro
3482 2527 3584 2583 53
3612 2543 3733 2582 om-

2078 2616 2254 2671 nibus
2287 2614 2505 2686 suscipi
2555 2631 2791 2669 necesse
2821 2619 2946 2670 erat
2976 2631 2989 2668 :
3027 2631 3093 2669 ea
3122 2615 3192 2669 de
3224 2631 3404 2670 causa
3443 2620 3736 2687 quatenus

2077 2706 2196 2761 vita
2242 2710 2300 2760 et
2345 2705 2532 2760 virtus
2581 2708 2691 2772 est,
2743 2703 2801 2758 in
2852 2704 3045 2775 seipse
3097 2721 3308 2774 corpus
3358 2704 3669 2760 roborabat
3719 2724 3733 2762 :

2078 2799 2371 2866 quatenus
2419 2810 2552 2848 vero
2586 2810 2741 2847 mors
2796 2793 3104 2848 subeunda
3153 2796 3296 2860 erat,
3331 2810 3448 2848 non
3481 2810 3514 2848 a
3542 2793 3735 2865 seipse

2076 2885 2177 2940 sed
2226 2884 2296 2938 ab
2329 2883 2482 2938 aliis
2512 2881 2865 2937 sacriﬁcium
2899 2881 3238 2953 perﬁciendi
3278 2881 3433 2953 cepit
3481 2882 3736 2938 Occasio-

2077 2991 2230 3030 nem.
2263 2973 2461 3044 Neque
2493 2972 2647 3026 enim
2683 2989 2786 3043 par
2815 2975 2938 3026 erat
2968 2970 3306 3038 Dominum,
3341 2971 3440 3042 qui
3483 2969 3736 3027 aliorum

2076 3064 2310 3118 morbos
2360 3061 2624 3128 curabat,
2659 3061 2862 3115 morbo
2896 3059 3094 3131 ipsum
3141 3060 3374 3131 corripi.
3409 3064 3524 3115 Nec
3556 3061 3736 3116 etiam

2077 3151 2364 3206 inﬁrmari
2411 3149 2615 3205 debuit
2663 3166 2895 3220 corpus,
2929 3148 2988 3203 in
3038 3166 3153 3220 quo
3194 3149 3442 3204 aliorum
3489 3150 3740 3206 sanabat

306 3237 496 3300 νόσους
527 3235 906 3312 θεραπεύοντα.
939 3232 1097 3288 Ἀλλ’
1145 3231 1270 3288 οὐδὲ
1315 3232 1652 3303 ἐξασθενῆσαι
1708 3231 1814 3287 ἔδει
1862 3233 1967 3286 πά-

2088 3240 2475 3294 inﬁrmitates.
2509 3241 2695 3303 Quare
2729 3238 2910 3310 igitur
2939 3255 3054 3292 non
3089 3243 3333 3292 mortem
3366 3242 3432 3292 ut
3462 3239 3735 3294 morbum

308 3325 395 3382 λιν
426 3327 488 3381 τὸ
519 3331 699 3398 σῶμα,
732 3323 783 3378 ἐν
817 3325 862 3395 ᾦ
889 3323 979 3378 καὶ
1008 3323 1103 3384 τὰς
1132 3327 1239 3377 τῶν
1274 3320 1458 3376 ἄλλων
1489 3321 1756 3385 ἀσθενείας
1809 3322 1962 3396 ἰσχυ-

311 3415 544 3493 ροποίει.
575 3414 673 3468 Διὰ
708 3411 760 3467 τί
792 3411 882 3467 οῦν
911 3412 1001 3466 καὶ
1030 3412 1120 3465 τὸν
1153 3413 1376 3466 θάνατον
1408 3411 1588 3487 ὥσπερ
1645 3413 1734 3466 καὶ
1772 3413 1834 3465 τὸ
1881 3433 1965 3465 νο-

311 3510 418 3560 σεῖν
453 3503 552 3559 οὐκ
579 3500 846 3557 ἐκώλυσεν
874 3521 888 3571 ;
921 3504 1040 3555 ’Ότι
1072 3498 1159 3554 διὰ
1180 3505 1340 3555 τοῦτο
1372 3502 1486 3574 (37)
1518 3499 1645 3576 ἔσχε
1671 3501 1733 3554 τὸ
1784 3505 1963 3574 σῶμα,

312 3594 405 3650 καὶ
466 3593 701 3670 ἀπρεπὲς
763 3593 826 3660 ἦν
887 3588 1154 3662 κωλῦσαι,
1200 3587 1292 3643 ’ίνα
1339 3591 1412 3662 μὴ
1463 3589 1553 3644 καὶ
1606 3593 1640 3659 ἡ
1686 3587 1964 3651 ἀνάστασις

316 3681 648 3758 ἔμποδισθῇ.
682 3681 1108 3757 Προηγήσασθαι
1162 3679 1340 3750 μέντοι
1389 3683 1485 3733 τοῦ
1533 3681 1759 3734 θανάτου
1810 3679 1966 3734 νόσον

313 3773 549 3849 ἀπρεπὲς
598 3770 763 3825 πάλιν
821 3766 1022 3839 ἦν,“ίνα
1083 3769 1158 3841 μὴ
1219 3768 1459 3822 ἀσθένεια
1505 3773 1602 3822 τοῦ
1653 3767 1702 3822 ἐν
1752 3773 1831 3840 τῷ
1863 3769 1970 3822 σώ-

317 3884 446 3937 ματι
502 3861 758 3934 νομισθῇ.
790 3858 901 3912 Οὐκ
942 3857 1210 3912 ἐπείνασεν
1265 3855 1394 3926 05v;
1428 3857 1527 3912 Ναὶ
1587 3856 1828 3912 ἐπείνασε
1885 3855 1974 3912 διὰ

312 3953 374 4008 τὸ
435 3949 570 4006 ἷίδιον
633 3953 728 4003 τοῦ
788 3948 1042 4021 σώματος
1079 3945 1245 4002 ’ἀλλ’
1298 3947 1358 4002 ού
1409 3945 1560 4019 λιμῷ
1594 3945 1851 4025 διεφθάρη
1886 3945 1974 4001 διὰ

313 4042 405 4097 τὸν
439 4043 710 4120 φοροῦντα
768 4037 897 4092 αὐτὸ
931 4036 1146 4110 Κύριον.
1183 4037 1280 4090 Διὰ
1309 4041 1494 4107 τοῦτο,
1527 4037 1571 4090 εἰ
1621 4038 1709 4092 καὶ
1750 4038 1976 4091 ἀπέθανε

318 4129 408 4186 διὰ
434 4131 496 4184 τὸ
525 4129 656 4205 ὑπὲρ
688 4128 902 4183 πάντων
942 4124 1163 4202 λύτρον,
1197 4124 1323 4180 ἀλλ’
1354 4126 1452 4180 οὐκ
1505 4123 1611 4180 εἶδε
1660 4123 1972 4203 διαφθοράν.

315 4217 654 4295 Ὁλόκληρον
687 4217 791 4293 γὰρ
824 4216 1013 4286 ἀνέστη
1055 4234 1066 4247 ·
1102 4215 1217 4270 ἐπεὶ
1251 4212 1390 4288 μηδὲ
1433 4213 1608 4270 ἄλλου
1655 4217 1819 4289 τινὸς,
1853 4213 1979 4269 ἀλλ’

323 4308 493 4376 αὐτῆς
523 4313 624 4376 τῆς
658 4311 804 4375 ζωῆς
835 4307 901 4374 ἦν
932 4303 996 4359 τὰ
1030 4308 1204 4378 σῶμα.

392 4399 483 4454 22.
518 4393 673 4450 Ἀλλ’
704 4391 832 4464 ἔδει,
868 4396 1085 4472 φήσειεν
1133 4391 1191 4447 ἄν
1249 4415 1355 4466 τις,
1387 4389 1652 4469 κρυϐῆναι
1708 4395 1806 4464 τὴν
1860 4394 1980 4448 ἐπι-

327 4481 534 4555 ϐουλὴν
568 4489 676 4540 τῶν
726 4482 1030 4553 Ἰουδαίων,
1057 4481 1150 4538 ’ίνα
1187 4481 1424 4538 καθόλου
1471 4484 1532 4538 τὸ
1585 4485 1775 4538 ἑαυτοῦ
1826 4488 1984 4557 σῶμα

330 4575 581 4630 ἀθάνατον
611 4571 931 4651 διαφυλάξῃ.
960 4573 1232 4628 ’Δκουὲτω
1283 4569 1348 4641 δὴ
1383 4573 1410 4626 6
1449 4577 1720 4641 τοιοῦτος,
1755 4570 1838 4626 ὅτι
1894 4573 1983 4626 καὶ
2016 4599 2060 4663 D

328 4669 490 4718 10510
521 4664 756 4738 ἀπρεπὲς
786 4666 850 4732 ἦν
893 4667 970 4734 οῷ
999 4661 1206 4737 Κυρίῳ.
1238 4664 1324 4724 Ὡς
1375 4662 1477 4736 γὰρ
1521 4661 1620 4716 οὐκ
1663 4660 1859 4737 ἔπρεπε
1905 4666 1984 4734 τῷ

329 4757 426 4807 τοῦ
463 4755 574 4827 (38)
604 4758 737 4808 Θεοῦ
769 4753 956 4827 Λόγῳ,
993 4757 1106 4827 ζωῇ
1141 4749 1278 4822 ὄντι,
1309 4756 1388 4824 τῷ
1420 4752 1633 4826 σώματι
1667 4752 1857 4806 ἑαυτοῦ
1899 4751 1989 4805 θά-

330 4862 488 4898 νατον
538 4842 663 4916 παρ’
714 4841 903 4895 ἑαυτοῦ
935 4838 1164 4914 διδόναι,
1199 4841 1372 4902 οὕτως
1423 4839 1528 4916 οὐχ
1570 4839 1807 4914 ἥρμοζεν
1867 4836 1991 4894 οὐδὲ

329 4933 420 4988 τὸν
453 4931 580 5008 παρ’
611 4930 807 5004 ὲτὲρων
837 4927 1122 5003 διδόμενον
1158 4930 1371 5007 φεύγειν
1414 4951 1426 4962 ·
1465 4929 1610 4985 ἀλλὰ
1639 4931 1729 4985 καὶ
1778 4927 1990 5004 μᾶλλον

337 5019 554 5077 διώκειν
587 5018 745 5074 αὐτὸν
781 5018 856 5081 εἰς
900 5019 1188 5094 ἀναίρεσιν.
1232 5022 1383 5075 Ὅθεν
1431 5019 1652 5082 εἰκότως
1712 5019 1834 5074 οὕτε
1877 5019 1996 5074 ἑαυ-

406 5131 451 5166 "
482 5131 504 5186 Ι
535 5129 665 5186 Cor.
694 5146 791 5196 xv,
823 5128 1014 5184 53-55.

410 5256 526 5330 (35)
575 5253 752 5342 Basil.
789 5253 1118 5342 Gohlerinan.
1151 5253 1583 5342 ‘Felclfmanki
1638 5271 1912 5342 anonq‘m‘.
1945 5260 2002 5310 et

340 5321 472 5403 Seg.
507 5321 811 5403 ὀφίιωηι
855 5324 916 5378 τὸ
971 5323 1201 5403 φθαρτὸν
1248 5329 1408 5403 τοῦτο
1461 5321 1752 5403 ἐνδύσηται
1795 5321 1997 5403 ἄφθαρ-

343 5395 481 5470 ctua,
513 5395 624 5470 καί,
659 5414 765 5453 nec
796 5395 1327 5470 legerunt'Omnib.
1361 5395 1998 5470 et_Ambros.Cam'ald.,

347 5488 451 5526 nec
469 5468 621 5526 item
653 5471 838 5542 habet
858 5468 1109 5542 Vulgata
1137 5468 1487 5542 versiqialii
1523 5486 1658 5523 vero
1690 5469 2004 5542 habentut

348 5547 406 5614 et
436 5542 670 5597 Graecus
691 5613 699 5614 ί
721 5537 1032 5614 δοῖ-ἱρωτῶ
1065 5546 1279 5596 textus.
1311 5540 1568 5614 Ibidem,
1589 5543 1697 5614 ποῦ
1727 5561 1842 5607 σου,
1875 5537 2002 5610 ᾃδη,

347 5611 411 5666 τὸ
441 5616 592 5672 νῖκος
623 5630 638 5679 ;
673 5613 814 5687 desu
827 5611 888 5669 nt
917 5615 976 5669 in
1009 5611 1787 5687 Segueriano,Basiliensi,et
1815 5614 2006 5686 Angli-

351 5700 518 5759 cano,
553 5699 659 5740 nec
686 5682 952 5760 legerunt
981 5682 1161 5744 iide'm
1191 5685 1560 5760 interpretes.

2075 3328 2441 3399 impedivit?
2489 3327 2635 3392 Quia
2683 3344 2892 3398 nempe
2938 3331 3174 3399 propter
3222 3330 3468 3382 mortem
3521 3344 3734 3398 corpus

2074 3417 2298 3484 habuit,
2333 3433 2436 3471 nec
2467 3433 2592 3471 eam
2625 3414 2792 3471 illum
2827 3433 2859 3470 a
2888 3432 2950 3470 se
2983 3432 3177 3471 arcere
3208 3416 3422 3486 decuit,
3455 3433 3527 3472 ne
3551 3417 3608 3472 id
3644 3434 3732 3472 re-

2077 3504 2420 3561 surrectioni
2451 3510 2605 3560 esset
2628 3503 3426 3575 impedimentum.Similiter
3458 3505 3730 3560 morbum

2078 3595 2250 3650 morti
2282 3595 2486 3666 praeire
2515 3595 2853 3649 indecorum
2887 3598 3028 3665 erat,
3063 3610 3134 3649 ne
3163 3593 3316 3649 istud
3346 3593 3505 3649 illius
3538 3595 3638 3667 qui
3669 3594 3731 3650 in

2080 3700 2316 3754 corpore
2349 3687 2472 3739 erat
2518 3683 2847 3737 inﬁrmitati
2879 3683 3286 3738 ascriberetur.
3319 3691 3407 3738 An
3439 3701 3554 3739 non
3593 3700 3729 3756 ergo

2081 3773 2368 3829 esurivit?
2420 3775 2502 3827 Ita
2552 3789 2693 3827 sane
2742 3777 2874 3827 est:
2923 3789 3027 3842 pro
3080 3772 3340 3844 corporis
3389 3772 3749 3844 proprietate

2082 3862 2324 3919 csurivit
2358 3878 2369 3916 :
2407 3861 2628 3916 atillud
2661 3866 2898 3932 propter
2927 3860 3264 3929 Dominum,
3301 3862 3371 3916 ad
3405 3877 3580 3933 quem
3613 3877 3747 3934 per-

2084 3951 2328 4018 tinebat,
2380 3950 2532 4005 fame
2595 3966 2708 4004 non
2767 3949 3007 4004 interiit.
3061 3949 3443 4021 Quapropter,
3509 3951 3751 4006 tametsi

2085 4044 2354 4095 mortuus
2387 4043 2476 4095 est
2527 4041 2591 4092 ut
2622 4038 2875 4108 pretium
2908 4054 3011 4109 pro
3044 4038 3320 4093 omnibus
3352 4038 3622 4108 solveret,
3657 4043 3746 4094 ta-

2088 4146 2219 4184 men
2252 4128 2683 4199 corruptionem
2717 4143 2834 4182 non
2860 4127 3132 4196 vidit,sed
3167 4127 3391 4200 integer
3412 4127 3754 4197 resurrexit,

2088 4218 2228 4290 quia
2271 4234 2386 4272 non
2419 4216 2570 4272 alius
2619 4217 2975 4287 cujusquam
3008 4217 3108 4272 sed
3153 4216 3342 4288 ipsius
3372 4218 3502 4272 vita:
3536 4234 3752 4290 corpus

2090 4312 2234 4364 erat.

2096 4434 2098 4436 τ
2160 4399 2247 4452 22.
2285 4401 2379 4461 At,
2412 4395 2622 4450 dixerit
2667 4395 2901 4466 aliquis,
2930 4395 3269 4451 Judeeorum
3301 4399 3454 4460 certe
3506 4395 3756 4453 insidias

2092 4487 2275 4545 vitare
2305 4486 2646 4552 debebat,ut
2675 4483 2896 4539 scilicet
2927 4500 3102 4538 suum
3135 4503 3346 4556 corpus
3379 4486 3618 4557 penitus
3642 4485 3758 4541 im-

2095 4575 2343 4632 mortale
2373 4579 2645 4630 servaret.
2680 4573 2896 4628 Verum
2930 4572 2999 4639 is,
3035 4573 3133 4644 qui
3165 4573 3288 4628 haec
3320 4573 3761 4645 objicit,audiat

2098 4667 2154 4721 id
2187 4663 2432 4721 Domino
2466 4664 2806 4718 indecorum
2839 4662 3039 4718 fuisse.
3074 4661 3148 4717 Ut
3177 4661 3334 4717 enim
3368 4679 3482 4720 non
3518 4663 3762 4719 decebat

2098 4754 2200 4810 Dei
2246 4754 2527 4820 Verbum,
2561 4752 2714 4825 quod
2759 4751 2956 4823 ipsum
3007 4751 3125 4807 vita
3171 4757 3315 4820 erat,
3349 4756 3599 4808 mortem
3651 4769 3759 4808 suo

2100 4843 2326 4915 corpori
2362 4859 2464 4914 per
2494 4859 2555 4897 se
2586 4842 2800 4896 inferre
2833 4841 2952 4896 :ita
2982 4857 3085 4896 nec
3117 4841 3495 4897 conveniebat
3525 4841 3596 4898 ab
3629 4841 3762 4898 aliis

2100 4933 2324 4988 illatam
2356 4931 2683 5004 fugere,sed
2715 4931 2876 4985 illam
2909 4929 3102 5002 potius
3133 4931 3548 4986 destruendam
3571 4947 3764 5003 perse-

2104 5022 2225 5095 qui.
2272 5021 2435 5076 Unde
2479 5019 2649 5076 valde
2694 5023 3081 5091 congruenter
3129 5036 3316 5091 neque
3347 5037 3448 5092 per
3496 5020 3762 5092 seipsum

2181 5255 2292 5328 (36)
2323 5253 2707 5328 Anglicanus,
2737 5249 2797 5328 οὐ
2831 5250 3000 5328 _{L_61ov
3015 5253 3211 5328 {aulo
3246 5257 3376 5326 post
3415 5248 3627 5325 μᾶλλον
3661 5253 3768 5309 ha-

2112 5324 2250 5383 bent
2298 5324 2708 5398 Anglic.Basil_.
2735 5325 2971 5398 _Gobler.
3023 5324 3276 5380 Felckni.
3316 5327 3339 5379 1
3372 5324 3548 5380 anon.
3581 5331 3638 5382 et
3669 5330 3768 5382 Se-

2112 5417 2273 5473 guer.
2305 5395 2417 5452 Alii
2441 5413 2574 5473 cum
2606 5395 2870 5473 editione
2889 5397 3169 5452 Commel.
3205 5398 3502 5452 omittunt.

2186 5473 2298 5540 (37)
2331 5467 2756 5540 Seguerianus,
2779 5468 2990 5540 τοῦτον,

2189 5473 2275 5538 {37
2331 5473 2750 5540 Seguerianus,
2779 5473 2990 5520 τοῦτον.

2189 5473 2298 5612 (sai
2329 5542 2433 5612 Sic,
2473 5537 2701 5612 Anglic.
2741 5538 2915 5593 Basil.
2965 5538 3195 5612 Gobler.
3231 5538 3486 5612 Felckm.
3523 5539 3548 5593 1
3594 5556 3770 5612 anon.

2116 5618 2174 5668 et
2197 5608 2539 5685 Seguerian.
2573 5608 2689 5664 Alii
2721 5626 2854 5666 vero
2885 5612 2942 5665 et
2968 5609 3143 5667 editio
3181 5611 3456 5668 Commel.
3491 5611 3776 5670 omittunt

2115 5703 2232 5740 του.
