4178 6380
450 378 564 433 135

987 373 1050 431 S.
1097 371 1523 432 ATHANASII
1568 370 1742 431 OPP.
1790 370 1994 430 PARS
2040 368 2088 427 Ι.
2128 398 2203 411 -
2232 366 2654 429 HISTORICA
2702 365 2802 427 ET
2847 361 3339 426 DOGMATICA.

3759 367 3879 429 136

447 524 661 580 corpus
692 504 982 578 deposuit,
1017 519 1206 575 neque
1239 520 1467 574 rursus,
1490 502 1837 559 insidiantes
1868 502 2100 558 Judteos

2216 502 2297 569 τῷ
2357 497 2582 553 ἀπέθετο
2630 498 2692 552 τὸ
2753 500 2933 570 σῶμα,
2994 490 3119 549 οὔτε
3174 493 3341 549 πάλιν
3418 489 3880 558 ἐπιϐουλεύοντας

450 596 621 669 fugit.
647 596 708 653 Id
745 611 911 667 porro
945 610 1059 649 non
1092 593 1326 665 signum
1361 598 1485 648 erat
1515 591 1878 647 infirmitatis
1913 590 2106 655 Verbi,

450 686 550 741 sed
582 684 775 755 potius
805 687 861 739 et
879 686 1239 737 Servatorem
1272 686 1328 736 et
1349 682 1529 737 vitam
1564 698 1693 737 esse
1724 680 1940 736 indicio
1962 683 2106 751 erat,

450 774 605 846 quod
637 777 693 829 et
722 776 967 827 mortem
995 771 1066 826 ad
1101 770 1363 841 ejusdem
1396 770 1643 826 exitium
1674 769 2020 841 exspectari,
2051 772 2110 825 et

448 880 579 920 eam
609 862 863 919 oblatam
895 878 999 933 pro
1031 859 1297 915 omnium
1319 859 1507 915 salute
1530 860 1816 916 conﬁcere
1836 863 1893 915 et
1921 857 2109 931 exple-

449 968 511 1007 re
541 950 1143 1008 festinaritPraaterea
1174 966 1288 1003 non
1320 954 1386 1003 ut
1416 966 1536 1004 suae
1567 949 1668 1005 sed
1700 953 1767 1004 ut
1795 947 2106 1003 hominum

448 1040 620 1096 morti
654 1041 828 1095 ﬁnem
857 1038 1185 1110 imponeret
1210 1037 1365 1093 venit
1394 1037 1961 1103 Salvator.Quocirca
1989 1053 2106 1093 non

444 1128 680 1202 propria
708 1131 1107 1199 morte,quam
1136 1126 1361 1182 nullam
1390 1126 1826 1197 habuit,utpote
1856 1127 1956 1197 qui
1987 1126 2107 1182 vita

443 1219 571 1291 ipse
596 1221 741 1289 erat,
772 1233 986 1289 corpus
1034 1214 1325 1288 deposuit,
1360 1217 1459 1270 sed
1492 1214 1718 1270 illatam
1751 1216 1821 1271 ab
1853 1214 2106 1272 homini-

440 1309 552 1364 bus
582 1306 861 1379 suscepit,
896 1309 960 1361 ut
1007 1322 1135 1362 eam
1167 1305 1239 1360 ad
1271 1321 1447 1360 suum
1481 1321 1691 1376 corpus
1723 1305 2101 1362 accedentem

444 1397 680 1470 penitus
726 1395 1108 1450 interimeret.
1144 1395 1408 1466 Insuper,
1443 1393 1563 1448 hmo
1607 1393 1785 1449 etiam
1833 1410 1962 1465 quas
2014 1411 2103 1450 se-

441 1489 706 1559 quuntur
752 1485 1021 1556 probant,
1055 1482 1426 1539 Dominicum
1470 1500 1687 1555 corpus
1737 1483 2105 1539 convenienti

439 1575 760 1631 admodum
788 1572 1011 1629 ratione
1040 1570 1217 1628 talem
1250 1577 1496 1628 mortem
1530 1572 1803 1629 subiisse.
1839 1572 2103 1629 Maximis

440 1665 601 1721 enim
649 1680 801 1720 curae
833 1666 958 1719 erat
988 1662 1235 1717 Domino
1266 1663 1338 1717 de
1385 1661 1643 1734 corporis
1675 1661 2104 1719 resurrectione

443 1770 621 1827 quam
655 1757 779 1809 erat
826 1752 1158 1808 eﬁ'ecturus.
1195 1751 1255 1806 Id
1289 1750 1506 1823 quippe
1536 1751 1767 1824 insigne
1813 1752 1884 1807 de
1914 1756 2103 1809 morte

2213 585 2343 650 τοὺς
2377 585 2673 649 Ἰουδαίους
2719 583 2902 663 ἔφυγε.
2933 584 3003 638 Τὸ
3054 579 3112 638 δὲ
3158 587 3411 639 τοιοῦτον
3455 583 3557 640 οὐκ
3613 585 3882 641 ἀσθένειαν

2218 674 2455 732 ἐδείκνυε
2482 681 2578 732 τοῦ
2610 675 2792 750 Λόγου
2826 695 2838 708 ·
2875 671 3023 729 ἀλλά
3056 670 3266 747 μᾶλλον
3297 679 3535 751 Σωτῆρα
3580 674 3673 730 καὶ
3733 675 3878 745 ζωὴν

2218 764 2376 820 αὐτὸν
2424 764 2714 841 ἐγνώριζεν
2750 783 2764 797 ’
2799 762 2883 819 ὅτι
2925 762 3017 817 καὶ
3061 763 3152 817 τὸν
3199 763 3425 818 θάνατον
3482 762 3560 827 εἷς
3610 762 3879 840 ἀναίρεσιν

2214 855 2518 927 περιέμενε,
2551 853 2641 909 καὶ
2668 854 2760 909 τὸν
2805 849 3089 927 διδόμενον
3139 852 3364 908 θάνατον
3414 853 3547 931 ὑπὲρ
3592 860 3695 924 τῆς
3744 855 3880 910 πάν-

2214 963 2322 998 των
2355 941 2629 1018 σωτηρίας
2662 938 2885 998 ἔσπευδε
2909 939 3222 997 τελειῶσαι.
3254 941 3357 997 Καὶ
3388 939 3578 1006 ἄλλως
3608 940 3668 998 δὲ
3698 942 3760 998 ού
3789 944 3882 999 τὸν

2217 1031 2409 1087 ἑαυτοῦ
2437 1032 2684 1102 θάνατον,
2719 1030 2865 1087 ἀλλὰ
2886 1028 2979 1086 τόν
3009 1034 3118 1086 τῶν
3151 1030 3451 1107 ἀνθρώπων
3485 1029 3623 1103 ἦλθε
3660 1029 3884 1088 τελειῶ-
3948 1078 3961 1085 -

2216 1122 2362 1175 σαιὸ
2400 1123 2596 1195 Σωτήρ
2627 1140 2639 1152 ·
2695 1121 2811 1176 ὅθεν
2858 1120 2958 1176 οὐκ
3008 1118 3133 1193 ἰδίῳ
3177 1121 3391 1195 θανάτῳ
3442 1121 3565 1194 (οὐκ
3612 1120 3731 1200 εἶχε
3774 1123 3879 1199 γὰρ

2219 1212 2331 1280 ζωὴ
2393 1208 2488 1284 ὢν)
2525 1209 2808 1266 ἀπετίθετο
2861 1212 2925 1265 τὸ
2982 1215 3162 1284 σῶμα,
3221 1208 3369 1266 ἀλλά
3422 1211 3514 1266 τὸν
3570 1212 3721 1289 παρά
3772 1216 3879 1268 τῶν

2217 1299 2514 1374 ἀνθρώπων
2549 1297 2790 1377 ἐδέχετο,
2819 1297 2913 1355 ’ίνα
2938 1300 3029 1354 καὶ
3056 1303 3249 1354 τοῦτον
3305 1298 3358 1354 ἐν
3406 1304 3487 1372 τῷ
3538 1299 3730 1356 ἑαυτοῦ
3778 1301 3884 1356 σώ-

2219 1409 2348 1463 ματι
2395 1387 2764 1445 ποοσελθόντα
2806 1387 2993 1445 τέλεον
3040 1387 3343 1467 ἐξαφανίσῃ.
3403 1390 3630 1445 Ἔπειτα
3684 1388 3776 1446 καὶ
3823 1390 3885 1447 ἐκ

2210 1476 2419 1534 τούτων
2452 1476 2512 1533 ἄν
2543 1500 2627 1542 τις
2659 1477 2907 1555 εὐλόγως
2938 1475 3049 1534 ἷ¹δοι
3074 1479 3138 1534 τὸ
3166 1483 3415 1534 τοιοῦτον
3447 1476 3610 1542 τέλος
3644 1477 3878 1556 ἐσχηκέ-

2212 1588 2298 1622 ναι
2357 1569 2419 1622 τὸ
2467 1568 2721 1643 κυριακὸν
2783 1572 2964 1641 σῶμα.
2995 1564 3203 1642 Ἐμελε
3257 1572 3341 1641 τῷ
3396 1568 3584 1644 Κυρίῳ
3642 1567 3881 1643 μάλιστα

2212 1656 2336 1730 περὶ
2368 1659 2435 1727 ἧς
2469 1653 2673 1730 ἔμελλε
2699 1662 2875 1712 ποιεῖν
2907 1655 3245 1720 ἀναστάσεως
3287 1661 3386 1712 τοῦ
3432 1657 3713 1731 σώματος.
3741 1662 3876 1714 Τοῦ-

2209 1766 2272 1799 το
2304 1746 2407 1820 γάρ
2439 1748 2503 1814 ἦν
2535 1746 2673 1801 κατά
2699 1750 2797 1801 τοῦ
2825 1747 3055 1801 θανάτου
3100 1745 3361 1821 τρόπαιον
3412 1744 3617 1819 ταύτην
3669 1744 3874 1803 ἐπιδεί-

444 1849 729 1917 tropaeum
780 1842 909 1907 fuit,
941 1858 1070 1896 eam
1123 1840 1399 1896 omnibus
1449 1840 1761 1896 videndam
1806 1840 2100 1909 exhibere,

2213 1834 2396 1905 ξασθαι
2453 1840 2606 1906 πᾶσι,
2639 1834 2730 1890 καὶ
2760 1832 2964 1899 πάντας
3019 1835 3389 1890 πιστώσασθαι
3442 1837 3544 1906 τὴν
3602 1838 3731 1914 παρ’
3785 1836 3878 1892 αὖ·

2280 1926 2305 1936 α·
2521 1924 2532 1941 1
2704 1930 2732 1941 ιν
2840 1926 2865 1941 n
2940 1929 2968 1940 κ
3062 1923 3076 1941 9
3144 1921 3185 1941 ,Χ
3266 1925 3277 1941 I
3378 1926 3482 1941 Inrn
3613 1925 3628 1941 \
3679 1923 3700 1941 Χ
3821 1927 3835 1941 ι

445 1949 765 2005 omnesque
795 1930 1069 1987 certiores
1102 1930 1290 1986 facere
1320 1946 1355 1985 a
1384 1946 1447 1986 se
1477 1929 1731 1993 delatam
1763 1929 1946 1987 fuisse
1975 1947 2101 1986 cor-

445 2023 802 2095 ruptionem,
837 2025 894 2076 et
929 2019 1429 2075 immortalitatem
1459 2020 1805 2092 corporibus
1831 2036 1959 2076 esse
2014 2037 2102 2076 re-

440 2111 906 2182 stitutam.cujus
922 2108 1096 2165 veluti
1114 2109 1328 2181 pignus
1346 2125 1452 2164 nec
1480 2126 1593 2164 non
1612 2109 1818 2164 futura:
1836 2109 2100 2164 omnium

441 2199 886 2257 resurrectionis
937 2199 1196 2271 signum,
1230 2215 1407 2253 suum
1438 2214 1651 2269 corpus
1686 2198 2101 2270 incorruptum

440 2287 991 2353 conservavit.Quod
1024 2288 1073 2342 si
1107 2303 1319 2358 corpus
1342 2286 1543 2342 morbo
1574 2287 1847 2342 affectum
1872 2285 2100 2357 fuisset,

439 2384 498 2435 et
522 2378 780 2435 Verbum
812 2376 872 2431 in
902 2378 1169 2431 omnium
1200 2379 1515 2447 conspectu
1535 2376 1606 2430 ab
1625 2392 1690 2431 eo
1709 2375 2100 2446 discessisset,

438 2467 783 2523 indecorum
816 2465 1074 2538 profecto
1108 2464 1318 2520 fuisset
1346 2482 1502 2532 eum,
1537 2464 1638 2536 qui
1670 2463 1920 2521 aliorum
1952 2481 2103 2520 mor-

442 2558 548 2612 bos
578 2552 1212 2626 curaverat,proprium
1262 2553 1725 2610 instrumentum
1760 2554 1983 2610 morbis
2008 2559 2100 2610 at-

440 2644 650 2700 tritum
684 2642 1110 2715 negligere.Qui
1142 2642 1298 2698 enim
1332 2642 1579 2698 aliorum
1611 2643 1985 2699 inﬁrmitates
2007 2643 2102 2700 de-

376 2769 383 2775 ε
443 2733 667 2806 pulisse
697 2732 1048 2799 crederetur,
1083 2732 1132 2787 si
1162 2731 1222 2786 in
1252 2749 1318 2787 eo
1349 2730 1653 2804 preprium
1692 2731 1980 2804 templum
2010 2732 2101 2788 in-

446 2822 687 2878 ﬁrmum
740 2820 993 2877 fuisset?
1022 2819 1126 2876 Vel
1173 2821 1327 2876 enim
1374 2819 1506 2875 aliis
1552 2820 1846 2877 irrisionis
1893 2838 2100 2878 ansam

445 2912 1012 2981 dedisset,tanquam
1035 2910 1134 2981 qui
1154 2910 1422 2965 morbum
1438 2926 1555 2965 non
1572 2914 1769 2982 posset
1786 2909 2097 2982 repellere:

440 3001 532 3057 vel
563 2999 609 3057 si
656 2999 943 3072 potuisset
974 3015 1080 3055 nec
1108 2998 1167 3055 id
1216 2998 1468 3071 fecisset,
1501 3015 1640 3072 erga
1670 2998 1817 3056 alios
1864 3016 2100 3074 quoque

440 3089 807 3161 inhumayus
837 3088 1169 3144 haberetur.

514 3180 604 3234 23.
639 3177 699 3233 Si
725 3194 896 3250 porro
926 3177 1149 3249 absque
1195 3176 1399 3233 morbo
1429 3175 1516 3232 vel
1546 3176 1765 3248 dolore,
1800 3177 2093 3250 privatim,

2212 1926 2309 1976 τοῦ
2340 1924 2635 1998 γενομένην
2665 1930 2766 1993 τῆς
2800 1926 3003 2000 φθορᾶς
3051 1921 3343 1998 ἀπάλειψιν
3373 1926 3509 1999 (39),
3538 1925 3629 1980 καὶ
3679 1923 3873 1982 λοιπὸν

2210 2014 2311 2081 τὴν
2368 2016 2477 2067 τῶν
2533 2014 2804 2087 σωμάτων
2864 2012 3183 2092 ἀφθαρσίαν,
3213 2016 3280 2083 ἧς
3330 2019 3489 2069 πᾶσιν
3549 2012 3731 2090 ὥσπερ
3790 2014 3874 2071 ἐν·

2213 2100 2410 2177 ἐχυρον
2442 2102 2535 2157 καὶ
2575 2103 2864 2179 γνώρισμα
2910 2109 3009 2174 τῆς
3059 2101 3147 2157 ἐπὶ
3202 2104 3404 2166 πάντας
3448 2104 3563 2177 (40)
3607 2103 3874 2179 ἐσομένης

2215 2190 2554 2255 ἀναστάσεως
2610 2193 2911 2267 τετήρηκεν
2987 2190 3252 2270 ἄφθαρτον
3309 2192 3372 2247 τὸ
3431 2191 3621 2247 ἑαυτοῦ
3692 2196 3872 2267 σῶμα.

2212 2278 2275 2334 Ei.
2310 2280 2405 2353 μὲν
2438 2278 2530 2335 οῦν
2561 2281 2629 2351 ἦν
2661 2278 2825 2336 πάλιν
2885 2288 3116 2352 νοσῆσαν
3164 2282 3227 2336 τὸ
3263 2284 3442 2355 σῶμα,
3470 2280 3563 2337 καὶ
3613 2280 3694 2337 ἐπ’
3751 2278 3876 2357 ὄψει

2211 2369 2424 2425 πάντων
2460 2367 2732 2433 διαλυθεὶς
2765 2371 2855 2425 ἀπ’
2888 2370 3053 2426 αὐτοῦ
3082 2371 3111 2426 ὁ
3136 2370 3337 2446 Λόγος,
3371 2370 3606 2448 ἀπρεπὲς
3658 2372 3754 2446 μὲν
3803 2373 3871 2444 ἦν

2208 2458 2299 2513 τὸν
2330 2463 2438 2514 τῶν
2473 2457 2661 2514 ἄλλων
2706 2460 2805 2523 τὰς
2853 2460 3043 2523 νόσους
3101 2461 3465 2536 θεραπεύοντα
3519 2466 3761 2537 παρορᾷν
3808 2482 3871 2540 το

2210 2544 2350 2602 ἴδιον
2383 2543 2612 2623 ὄργανον
2645 2548 2697 2604 ἐν
2729 2548 2911 2612 νόσοις
2935 2549 3265 2624 τηκόμενον.
3300 2553 3427 2613 Πῶς
3483 2551 3589 2626 γὰρ
3638 2550 3699 2606 ἂν
3748 2550 3866 2606 ἐπι-

2209 2635 2402 2707 στεύθη
2449 2638 2547 2700 τὰς
2598 2634 2786 2693 ἄλλων
2836 2637 3112 2702 ἀπελάσας
3159 2637 3455 2709 ἀσθενείας,
3516 2640 3864 2705 ἀσθενοῦντος

2210 2724 2261 2780 ἐν
2318 2725 2465 2797 αύτῷ
2511 2730 2611 2781 τοῦ
2663 2724 2804 2782 ἰδίου
2850 2732 3019 2797 ναοῦ;
3059 2729 3128 2784 Ἢ
3178 2728 3282 2803 γάρ
3331 2728 3409 2791 ὡς
3456 2727 3518 2784 ού
3570 2727 3865 2804 δυνάμενος

2211 2812 2476 2870 ἀπελάσαι
2531 2815 2686 2871 νόσον
2760 2814 3026 2893 ἐγελάσθη
3063 2838 3076 2852 ο
3135 2816 3170 2887 ἤ
3244 2814 3560 2892 δυνάμενος,
3617 2818 3708 2874 καὶ
3786 2820 3864 2894 μὴ

2207 2908 2403 2977 ποιῶν,
2437 2903 2856 2984 ἀφιλάνθρωπος
2901 2907 2991 2962 καὶ
3041 2906 3177 2982 πρὸς
3230 2905 3361 2971 τοὺς
3413 2904 3621 2971 ἄλλους
3679 2905 3867 2983 ἐνομί-

2211 2997 2352 3063 ζετο.

2275 3174 2368 3231 23.
2396 3173 2461 3228 Εἰ
2495 3170 2553 3228 δὲ
2581 3173 2672 3229 καὶ
2701 3171 2880 3251 χωρίς
2908 3195 3051 3238 τινος
3083 3175 3243 3231 νόσου
3271 3176 3386 3250 (41)
3416 3174 3508 3231 καὶ
3555 3173 3736 3253 χωρίς
3782 3197 3867 3232 τι-

437 3283 825 3339 seorsumque
868 3270 925 3324 et
954 3266 1011 3321 in
1043 3264 1257 3338 angulo
1288 3264 1508 3337 aliquo,
1538 3266 1628 3321 vel
1659 3266 1719 3322 in
1754 3267 2092 3337 solitudine,

2212 3283 2293 3324 νος
2319 3259 2652 3337 ἀλγηδόνος,
2683 3243 2806 3335 ἰδίᾳ·
2823 3284 2930 3319 που
2975 3263 3066 3319 καὶ
3112 3265 3229 3320 καθ’
3259 3243 3444 3320 ἐαυτὸν
3497 3243 3795 3341 ἐν’-γωνίᾳ,
3826 3266 3865 3338 ἢ

436 3361 540 3414 aut
567 3355 874 3424 domi,sive
907 3354 1096 3411 ubivis
1126 3370 1337 3427 corpus
1370 3353 1788 3423 abdidisset,ac
1818 3361 1953 3428 post
1970 3356 2094 3413 haec

436 3446 650 3502 iterum
669 3444 864 3501 subito
895 3460 1242 3515 comparens
1259 3442 1340 3499 sei
1348 3460 1520 3516 psum
1539 3459 1607 3498 ex
1623 3444 1873 3501 mortuis
1905 3462 2096 3502 resur-

446 3535 668 3592 rexisse
698 3531 1344 3603 asseverasset,fabulas
1375 3549 1614 3588 narrare
1645 3535 1922 3590 omnibus
1945 3540 2101 3591 certe

437 3623 601 3681 visus
624 3621 1162 3693 tuisset,multoque
1190 3620 1379 3694 magis
1395 3619 1687 3694 nullaipsi
1718 3622 1790 3678 de
1806 3639 2097 3679 resurrec-

443 3713 602 3769 tione
654 3710 917 3784 loquenti
946 3711 1092 3766 ﬁdes
1140 3709 1348 3766 fuisset
1390 3708 1611 3776 habita,
1642 3711 1877 3782 quando
1926 3728 2098 3768 nemo

445 3818 688 3875 prorsus
719 3801 846 3871 ejus
879 3798 1083 3855 mortis
1114 3798 1281 3854 testis
1311 3798 1616 3854 adfuisset.
1640 3800 1812 3871 Atqui
1846 3814 2100 3857 resurre-

443 3890 622 3947 ctioni
654 3905 814 3945 mors
846 3888 1048 3960 praeire
1076 3888 1409 3959 debet,cum
1440 3893 1627 3944 morte
1657 3906 1772 3945 non
1804 3895 2100 3961 praeeunte

445 3979 609 4034 nulla
636 3982 918 4049 sequatur
947 3975 1483 4032 resurrectio.Unde
1517 3976 1566 4032 si
1597 3977 1859 4034 occultus
1894 3978 2101 4035 fuisset

446 4070 551 4126 54
595 4066 855 4139 corporis
894 4064 1188 4135 interitus,
1221 4081 1361 4121 sane
1408 4064 1548 4137 quia
1598 4082 1758 4122 mors
1793 4068 2097 4143 latuisset,

444 4174 637 4230 neque
667 4172 865 4212 coram
896 4153 1145 4211 testibus
1174 4153 1334 4210 obita
1363 4152 1834 4219 fuisset,occulta
1864 4174 2100 4229 quoque

449 4263 517 4302 ac
535 4247 662 4302 sine
680 4244 926 4301 testibus
946 4243 1152 4299 fuisset
1166 4244 1294 4315 ejus
1312 4244 1898 4301 resurrectio.Verum
1921 4246 2101 4301 enim-

441 4352 575 4393 vero
625 4351 801 4406 quam
844 4333 916 4388 ob
963 4348 1203 4388 causam
1252 4336 1497 4387 mortem
1549 4332 1772 4390 occulte
1816 4334 2103 4391 voluisset

445 4420 628 4492 obire,
662 4423 757 4496 qui
793 4426 1103 4495 postquam
1153 4421 1486 4491 resurrexit,
1520 4439 1688 4478 suam
1720 4425 2098 4479 resurrectio-

437 4532 571 4571 nem
605 4513 802 4587 palam
851 4511 1235 4584 praedicavit?
1265 4510 1367 4566 Vel
1399 4528 1504 4567 cur
1530 4511 1627 4567 ille
1657 4513 1758 4584 qui
1800 4513 2096 4571 daemones

2205 3350 2257 3406 ἐν
2291 3349 2486 3428 ἐρήμῳ
2514 3352 2691 3425 τόπῳ,
2722 3352 2759 3421 ἢ
2789 3353 2906 3408 κατ’
2938 3352 3137 3426 οἰκίαν,
3169 3353 3206 3423 ἢ
3237 3352 3374 3409 ὅπου
3405 3350 3611 3425 δήποτε
3649 3354 3713 3409 τὸ
3761 3357 3869 3411 σῶ-

2209 3461 2284 3514 μα
2332 3439 2542 3516 κρύψας
2588 3440 2678 3513 ἧν,
2711 3439 2802 3496 καὶ
2860 3442 2995 3516 μετά
3035 3446 3206 3497 ταῦτα
3248 3439 3414 3497 πάλιν
3466 3441 3720 3521 ἐξαίφνης
3769 3463 3869 3523 φα-

2203 3528 2336 3600 νεὶς,
2396 3527 2580 3605 ἔλεγεν
2639 3530 2826 3586 ἑαυτὸν
2888 3530 2949 3586 ἐκ
2997 3535 3203 3608 νεκρῶν
3264 3530 3557 3608 ἐγηγέρθαι
3590 3552 3602 3565 ·
3663 3530 3866 3605 μύθους

2211 3619 2305 3692 μὲν
2338 3617 2398 3674 ἂν
2432 3616 2579 3691 ἔδοξε
2611 3617 2790 3695 λέγειν
2823 3619 2972 3693 παρά
3017 3625 3198 3691 πᾶσιν,
3231 3621 3510 3694 ἠπιστήθη
3560 3619 3620 3677 δὲ
3664 3619 3864 3696 πολλῷ

2205 3704 2373 3762 πλέον
2431 3708 2521 3763 καὶ
2570 3708 2694 3782 περὶ
2751 3715 2852 3778 τῆς
2915 3708 3253 3772 ἀναστάσεως
3313 3707 3515 3785 λέγων,
3565 3709 3666 3766 οὐκ
3708 3705 3864 3775 ὄντος

2207 3794 2356 3860 ὅλως
2383 3800 2480 3851 τοῦ
2517 3801 2918 3874 μαρτυροῦντος
2949 3797 3074 3873 περὶ
3117 3800 3215 3853 τοῦ
3260 3799 3490 3854 θανάτου
3538 3798 3721 3857 αὐτοῦ.
3755 3805 3865 3871 Τῆς

2209 3884 2267 3941 δὲ
2296 3885 2635 3949 ἀναστάσεως
2662 3889 3023 3963 προηγεῖσθαι
3080 3884 3164 3942 δεῖ
3210 3888 3460 3958 θάνατον,
3493 3888 3609 3944 ἐπεὶ
3656 3888 3757 3945 οὐκ
3803 3888 3864 3944 ἂν

2209 3973 2292 4045 εἴη
2354 3976 2637 4038 ἀνάστασις
2701 3977 2776 4049 μὴ
2835 3976 3261 4052 προηγουμένου
3321 3977 3569 4034 θανάτου.
3613 3978 3765 4032 Ὅθεν
3818 3974 3866 4032 εἰ

2206 4064 2385 4140 κρύφα
2413 4085 2518 4119 που
2576 4063 2816 4140 ἐγεγόνει
2864 4069 2962 4120 τοῦ
3010 4065 3266 4140 σώματος
3295 4066 3323 4121 ὁ
3353 4067 3597 4135 θάνατος,
3625 4066 3693 4121 ού
3738 4054 3865 4145 φαι-

2206 4154 2440 4228 νομένου
2467 4157 2569 4208 τοῦ
2611 4153 2861 4225 θανάτου,
2894 4150 3021 4231 οὐδὲ
3067 4154 3157 4211 ἐπὶ
3209 4153 3495 4232 μαρτύρων
3546 4155 3867 4232 γενομένου.

2211 4243 2418 4321 ἀφανὴς
2475 4243 2566 4298 καὶ
2625 4243 2935 4317 ἀμάρτυρος
2983 4243 3073 4299 καὶ
3120 4246 3156 4314 ἡ
3185 4244 3383 4299 τούτου
3440 4243 3748 4309 ἀνάστασις.
3796 4245 3868 4301 Ἢ

2210 4330 2299 4387 διὰ
2325 4331 2379 4387 τί
2407 4334 2507 4403 τήν
2544 4333 2636 4407 μὲν
2690 4332 2974 4387 ἀνάστασιν
3036 4331 3324 4410 ἐκήρυττεν
3384 4334 3632 4403 ἀναστὰς,
3662 4334 3753 4390 τὸν
3808 4331 3869 4389 δὲ

2207 4423 2429 4477 θάνατον
2463 4422 2680 4499 ἀφανῶς
2713 4421 2884 4477 ἐποίει
2934 4422 3176 4497 γενέσθαι
3200 4443 3213 4494 ;
3241 4424 3309 4481 Ἦ
3358 4420 3448 4479 διὰ
3487 4421 3543 4478 τί
3584 4422 3716 4486 τοὺς
3767 4422 3864 4497 μὲν

2208 4507 2467 4585 δαίμονας
2501 4510 2582 4566 ἐπ’
2611 4506 2733 4586 ὄψει
2762 4511 2976 4566 πάντων
3035 4508 3336 4583 ἀπήλαυνε,
3365 4510 3457 4566 τόν
3502 4531 3563 4566 τε
3604 4509 3665 4566 ἐκ
3711 4519 3870 4587 γενεά

440 4621 637 4660 coram
668 4602 944 4660 omnibus
992 4600 1234 4673 expulit,
1266 4606 1323 4657 et
1349 4617 1496 4657 caeco
1530 4606 1664 4657 nato
1694 4601 1886 4658 visum
1930 4604 2097 4659 resti-

2212 4607 2307 4671 τῆς
2338 4599 2541 4677 τυφλὸν
2576 4595 2898 4656 ἀναϐλέπειν
2953 4599 3148 4672 ἐποίει,
3179 4601 3271 4657 καὶ
3298 4601 3361 4655 τὸ
3392 4597 3538 4675 ὕδωρ
3588 4599 3666 4663 εἷς
3715 4599 3863 4657 οἶνον

442 4694 576 4761 tuit,
607 4708 941 4763 aquamque
992 4692 1048 4745 in
1077 4691 1277 4745 vinum
1334 4691 1599 4761 mutavit,
1636 4695 1699 4746 ut
1730 4708 1832 4763 per
1885 4691 2004 4747 haec
2036 4710 2099 4750 se

439 4781 698 4838 Verbum
760 4781 852 4836 Dei
884 4796 1013 4835 esse
1062 4779 1235 4835 ﬁdem
1287 4779 1520 4847 faceret,
1555 4780 1613 4835 id
1648 4781 1801 4852 quod
1852 4781 2098 4838 mortale

442 4874 569 4927 erat
601 4887 717 4925 non
742 4869 802 4924 in
835 4869 1101 4926 omnium
1154 4873 1470 4941 conspectu
1499 4868 1904 4942 incorruptum
1936 4870 2097 4928 exhi-

435 4961 683 5028 buisset,
717 4976 832 5031 quo
880 4959 1006 5031 ipse
1037 4959 1157 5014 vita
1203 4975 1333 5014 esse
1382 4958 1764 5015 crederetur?
1795 4961 2095 5026 Quomodo

434 5068 567 5107 vero
599 5052 727 5119 ejus
756 5047 1117 5120 discipulide
1134 5048 1559 5104 resurrectione
1590 5048 1944 5123 libereloqui
1965 5051 2095 5107 ausi

2211 4685 2525 4764 μετέϐαλεν,
2553 4688 2647 4745 ’ίνα
2676 4687 2745 4744 δι’
2770 4689 2945 4746 αὐτῶν
2977 4691 3236 4764 πιστευθῇ
3269 4689 3448 4765 Λόγος
3495 4693 3631 4746 Θεοῦ
3666 4709 3680 4723 ⁸
3708 4690 3772 4747 τὸ
3803 4687 3865 4747 δὲ

2205 4781 2393 4850 θνητὸν
2437 4781 2537 4835 ούκ
2584 4779 2666 4835 ἐπ’
2697 4775 2817 4854 ὄψει
2871 4781 3086 4835 πάντων
3138 4779 3405 4859 ἄφθαρτον
3457 4776 3745 4852 ἐδείκνυεν,
3770 4778 3867 4836 ’ίνα

2204 4872 2463 4944 πιστευθῇ
2517 4869 2676 4932 αὐτὸς
2722 4866 2794 4924 ὣν
2827 4871 2862 4939 ἡ
2898 4872 3009 4942 ζωή
3034 4888 3053 4939 η;
3085 4873 3211 4932 Πῶς
3245 4866 3304 4924 δὲ
3333 4870 3446 4944 (42)
3483 4868 3574 4925 καὶ
3626 4870 3680 4925 οἱ
3733 4868 3865 4925 τού-

2203 4980 2299 5015 του
2334 4958 2569 5034 μαθηταὶ
2600 4958 2905 5035 παῤῥησίαν
2959 4959 3110 5037 εἶχον
3163 4957 3288 5036 περὶ
3333 4963 3432 5015 τοῦ
3487 4966 3590 5030 τῆς
3638 4958 3869 5015 ἀναστά-

2204 5070 2340 5112 σεως
2390 5047 2584 5125 λόγου,
2623 5047 2722 5103 οὐκ
2768 5044 2989 5125 ἔχοντες
3044 5049 3236 5124 εἰπεῖν,
3270 5048 3352 5104 ὅτι
3400 5053 3617 5126 πρῶτον
3667 5048 3873 5105 ἀπέθα-

434 5140 705 5204 fuissent,
726 5138 825 5210 qui
858 5138 1026 5193 illum
1058 5137 1221 5209 prius
1253 5142 1553 5193 mortuum
1586 5138 1770 5195 fuisse
1798 5140 2096 5197 afﬁrmare

2212 5157 2326 5207 vev;
2375 5143 2443 5193 ’H
2498 5142 2616 5200 πῶς
2668 5136 2727 5193 ἃν
2790 5137 3175 5208 ἐπιστεύθησαν
3256 5133 3512 5214 λέγοντες
3579 5137 3863 5214 γεγονέναι

437 5247 554 5287 non
586 5227 861 5302 possent?
876 5231 984 5282 Aut
999 5227 1292 5299 quomodo
1322 5226 1441 5283 illis
1458 5242 1593 5283 eum
1611 5228 1776 5299 prius
1791 5233 2091 5285 mortuum

2212 5233 2416 5300 πρῶτον
2447 5228 2694 5301 θάνατον,
2730 5226 2845 5282 εἶτα
2892 5228 2994 5297 τὴν
3040 5228 3346 5296 ἀνάστασιν,
3376 5227 3423 5282 εἰ
3475 5229 3550 5301 μὴ
3601 5228 3730 5302 παρ’
3776 5227 3863 5291 οἷς

437 5336 586 5391 esse,
620 5317 829 5374 deinde
856 5317 1241 5373 resurrexisse
1271 5316 1605 5373 dicentibus
1637 5317 1923 5373 creditum
1954 5318 2095 5374 fuis-

435 5412 541 5480 set,
575 5407 689 5464 nisi
715 5424 815 5464 eos
845 5407 1187 5481 ipsos,apud
1221 5423 1368 5478 quos
1398 5407 1648 5462 ﬁdenter
1676 5405 2090 5479 loquebantur,

506 5548 619 5621 (39)
651 5549 744 5603 Sic
775 5567 915 5604 mss.
948 5549 1094 5603 Editi
1125 5565 1279 5617 vero,
1314 5545 1623 5621 ἀπόλειψιν.

509 5620 618 5681 (ιω
652 5621 1066 5683 Sequerianus.
1102 5621 1339 5676 πάντων.

510 5690 620 5765 (lii)
651 5685 1003 5769 Sic’Seguer.
1034 5699 1089 5750 et
1117 5710 1322 5750 omnes
1354 5692 1720 5767 interpretes.
1754 5693 1930 5761 Editi,
1961 5695 2088 5749 ναοῦ
2196 5685 2352 5753 tunt.

2202 5316 2686 5394 ἐπαρρησιάζοντο,
2736 5316 2886 5392 εἶχον
2950 5316 3179 5379 τούτους
3233 5316 3509 5392 μάρτυρας
3553 5319 3653 5371 τοῦ
3701 5317 3863 5371 θανά-

2195 5426 2327 5477 τους
2359 5407 2423 5461 Ei
2456 5407 2559 5482 γὰρ
2616 5405 2707 5461 καὶ
2755 5406 2953 5474 οὕτως,
2985 5404 3068 5461 ἐπ’
3115 5400 3237 5480 ὄψει
3282 5406 3499 5461 πάντων
3547 5405 3860 5481 γενομένων

2199 5552 2497 5607 mendose.

2269 5623 2381 5715 (ἰᾷ)
2411 5622 2652 5697 Segucr.
2704 5618 2761 5680 δὲ
2811 5621 2907 5680 hic
2955 5622 3206 5715 inserit:
3243 5620 3342 5679 alii
3388 5624 3447 5679 et
3492 5620 3635 5680 editi
3682 5622 3862 5683 omit-
