4160 6438
279 492 394 556 137

1295 491 1590 556 ORATIO
1634 491 1736 554 DE
1779 490 2372 555 INGARNA'I‘IONE
2416 493 2682 556 VERBI.

3587 492 3702 555 138

278 646 376 682 του
416 644 476 681 τε
505 624 732 682 θανάτου
761 625 852 681 καὶ
880 633 981 698 τῆς
1016 625 1377 693 ἀναστάσεως,
1410 625 1509 681 οὐκ
1557 626 1831 695 ἠθέλησαν
1883 631 1936 679 οἵ

2059 627 2178 698 ejus
2202 629 2406 684 mortis
2428 633 2605 685 testes
2637 629 3028 686 habuissent?
3057 627 3306 697 Etenim,
3354 627 3400 684 si
3437 633 3621 683 morte
3651 631 3707 684 et

275 715 400 771 τότε
449 721 739 790 Φαρισαῖοι
795 716 1087 786 πιστεύειν,
1122 715 1268 771 ἀλλά
1317 716 1408 769 καὶ
1455 715 1585 777 τοὺς
1635 715 1942 790 ἑωρακότας

278 807 378 875 τήν
423 806 703 861 ἀνάστασιν
764 808 1073 882 ἠνάγκασαν
1126 807 1457 883 ἀρνήσασθαι
1501 806 1702 875 ταύτην
1742 827 1753 838 ·
1806 802 1940 858 πάν-

279 915 392 957 τως
437 895 484 948 εἰ
531 896 927 971 κεκρυμμένως
977 896 1218 972 ἐγεγόνει
1257 899 1442 966 ταῦτα,
1471 894 1642 957 πόσας
1691 895 1748 948 ἂν
1801 915 1940 970 προ-

281 986 468 1062 φάσεις
521 985 771 1048 ἀπιστίας
831 984 1082 1040 ἐπενόουν
1113 987 1265 1058 (43);
1301 989 1426 1046 Πῶς
1468 982 1524 1039 δὲ
1583 982 1684 1059 ἄρα
1733 985 1795 1038 τὸ
1844 989 1940 1038 106

276 1076 507 1130 θανάτου
557 1073 719 1138 τέλος
762 1072 1054 1145 ἐδείκνυτο,
1087 1076 1177 1129 καὶ
1208 1077 1242 1144 ἡ
1289 1075 1426 1129 κατά
1466 1073 1662 1129 τούτου
1710 1073 1859 1142 νίκη,
1894 1074 1939 1128 εἰ

282 1165 355 1238 μή
396 1163 476 1219 ἐπ’
523 1158 645 1238 ὄψει
694 1165 910 1219 πάντων
958 1161 1476 1237 προσκαλεσάμενος
1525 1162 1683 1217 αὐτὸν
1740 1162 1941 1238 ἤλεγξε

273 1254 462 1327 νεκρὸν
488 1254 786 1311 κενωθέντα
817 1256 969 1329 (44);
1005 1252 1196 1309 λοιπὸν
1229 1259 1298 1328 τῇ
1329 1259 1425 1309 106
1458 1255 1712 1328 σώματος
1747 1255 1942 1330 ἀφθαρ-

277 1343 400 1416 σίᾳ;

345 1526 436 1580 24.
495 1525 571 1579 Τὰ
628 1520 685 1579 δὲ
731 1523 822 1578 καὶ
878 1524 1006 1598 παρ’
1056 1523 1250 1598 ἑτέρων
1312 1523 1370 1577 ἃν
1431 1520 1714 1598 λεχθέντα,
1773 1528 1940 1578 ταῦτα

276 1608 581 1689 προλαϐεῖν
615 1614 727 1686 (45)
756 1615 907 1686 ἡμᾶς
940 1613 1230 1686 ἀναγκαῖον
1286 1617 1407 1674 ταῖς
1456 1609 1804 1686 ἀπολογίαις.
1836 1614 1937 1665 Τά-

279 1722 358 1780 χα
385 1704 489 1780 γὰρ
525 1699 585 1757 ἅν
615 1723 700 1764 τις
746 1699 891 1756 εἷ’ποι
939 1700 1031 1756 καὶ
1075 1706 1237 1756 τοῦτο
1273 1721 1285 1733 ·
1315 1701 1378 1756 Εἰ
1429 1700 1511 1756 έπ“
1557 1696 1676 1775 ὄψει
1721 1702 1935 1755 πάντων

278 1791 371 1847 καὶ
403 1791 750 1867 ἐμμάρτυρον
778 1788 885 1846 ἔδει
916 1791 1160 1867 γενέσθαι
1189 1792 1280 1847 τὸν
1326 1790 1522 1846 τούτου
1575 1793 1819 1862 θάνατον,
1847 1788 1939 1844 ’ίνα

277 1881 368 1937 καὶ
398 1883 427 1937 ὁ
455 1888 558 1952 τῆς
590 1881 926 1943 ἀναστάσεως
980 1883 1240 1956 πιστευθῇ
1293 1879 1463 1956 λόγος
1496 1899 1508 1911 ·
1545 1879 1652 1936 ἔδει
1699 1880 1796 1935 κᾶν
1850 1879 1938 1934 αὖ·

2055 718 2476 774 resurrectione
2494 737 2688 774 coram
2713 720 2986 775 omnibus
3001 719 3273 792 peractis,
3294 718 3568 774 Pharisaei
3589 735 3706 774 cre-

2051 808 2186 862 dere
2217 825 2330 862 non
2364 808 2554 863 solum
2590 809 2922 878 noluerunt,
2958 811 3051 864 sed
3088 809 3262 863 etiam
3294 808 3446 875 illos,
3482 808 3581 879 qui
3613 825 3699 862 re-

2052 915 2116 953 su
2129 897 2472 952 rrectionem
2494 899 2779 965 viderant,
2805 916 2929 953 eam
2953 915 3164 970 negare
3183 901 3500 969 coegerunt
3527 916 3538 966 ;
3570 915 3702 968 pro-

2053 988 2198 1042 fecto
2222 988 2269 1041 si
2294 986 2517 1042 occulte
2542 987 2660 1042 haec
2683 992 2810 1042 acta
2833 989 3104 1052 fuissent,
3126 992 3287 1059 quot,
3313 1005 3529 1060 quaeso,
3565 1005 3700 1044 cau-

2051 1092 2146 1132 sas
2179 1093 2295 1131 non
2349 1077 2621 1132 credendi
2669 1079 3141 1150 excogitassent‘?
3184 1078 3481 1140 Quomodo
3531 1094 3701 1149 porro

2051 1166 2257 1222 mortis
2290 1166 2562 1222 interitus
2594 1171 2694 1222 aut
2742 1167 2996 1221 victoria:
3051 1170 3121 1222 de
3171 1168 3371 1221 eadem
3407 1171 3702 1240 reportata

2050 1259 2187 1311 nota
2217 1256 2444 1328 fuisset,
2479 1256 2594 1311 nisi
2626 1256 2789 1311 illam
2823 1257 2880 1310 in
2925 1257 3192 1312 omnium
3225 1262 3536 1328 conspectu
3570 1275 3702 1329 pro-

2046 1350 2336 1416 vocatam,
2380 1351 2672 1400 mortuam
2714 1351 2770 1400 et
2820 1347 2911 1401 sui
2963 1346 3220 1418 corporis
3271 1347 3704 1418 incorruptione

2049 1435 2409 1490 exinanitam
2438 1435 2838 1490 ostendisset?

2118 1525 2206 1578 24.
2244 1524 2525 1580 Czeterum
2559 1541 2645 1592 ea,
2691 1542 2817 1596 quae
2868 1525 2938 1580 ab
2988 1525 3117 1581 aliis
3166 1525 3311 1580 forte
3359 1524 3535 1595 objici
3569 1543 3704 1597 pos-

2049 1619 2180 1669 sent
2209 1630 2447 1669 necesse
2473 1619 2561 1668 est
2595 1630 2828 1685 quoque
2858 1617 3059 1669 nostra
3106 1614 3441 1669 defensione
3473 1618 3704 1669 anteoc-

2049 1719 2281 1774 cupare.
2308 1703 2368 1757 Id
2391 1719 2525 1775 ergo
2549 1704 2695 1758 forte
2718 1703 2856 1774 quia
2877 1703 3415 1775 proposuerit:Siin
3438 1703 3702 1757 omnium

2049 1797 2358 1862 conspectu
2384 1809 2449 1848 ac
2471 1809 2666 1848 coram
2709 1793 2961 1848 testibus
2983 1809 3118 1848 eum
3160 1792 3308 1847 mori
3331 1792 3607 1865 oportuit,
3639 1796 3705 1847 ut

2048 1880 2272 1936 scilicet
2296 1881 2626 1954 praedicatio
2651 1881 3095 1938 resurrectionis
3137 1883 3310 1937 ﬁdem
3333 1882 3547 1938 habere
3569 1899 3702 1954 pos-

273 1968 367 2027 τὸν
399 1972 572 2043 ἑαυτῷ
601 1972 718 2046 (46)
746 1968 992 2042 ἔνοδοξον
1028 1971 1414 2042 ἐπινοήσασθαι
1445 1971 1691 2042 θάνατον,
1717 1969 1806 2024 ’ίνα
1840 1969 1935 2040 μό-

2059 1976 2162 2038 set,
2187 1971 2393 2026 saltem
2417 1971 2800 2027 honorificam
2825 1976 3071 2027 mortem
3111 1972 3221 2026 sibi
3244 1971 3457 2044 eligere
3479 1972 3702 2039 debuit,

273 2081 365 2116 vov
396 2063 496 2131 τὴν
531 2059 751 2135 ἀτιμίαν
781 2065 880 2115 106
929 2065 1162 2136 σταυροῦ
1199 2060 1362 2138 φύγῃ.
1394 2058 1549 2118 Ἀλλ’
1585 2061 1630 2114 εἰ
1679 2061 1769 2115 καὶ
1814 2066 1938 2115 106-

269 2170 334 2206 10
382 2152 622 2222 ποιήσας
681 2151 772 2220 ἧν,
807 2150 1060 2206 ὑπόνοιαν
1115 2152 1232 2205 καθ’
1281 2150 1472 2205 ἑαυτοῦ
1528 2155 1812 2226 παρεῖχεν,
1860 2150 1936 2212 ὡς

269 2239 331 2296 οὐ
361 2240 500 2295 κατά
541 2241 744 2302 παντὸς
790 2236 1020 2294 θανάτου
1068 2237 1384 2312 δυνάμενος,
1419 2236 1566 2294 ἀλλά
1626 2237 1794 2312 μόνου
1841 2243 1937 2293 τοῦ

269 2330 396 2406 περὶ
423 2329 589 2385 αὐτοῦ
621 2329 1002 2398 ἐπινοηθέντος
1039 2351 1050 2362 ·
1085 2329 1176 2383 καὶ
1208 2325 1360 2383 οὐδέν
1388 2331 1550 2398 ἧττον
1583 2326 1746 2382 πάλιν
1779 2329 1845 2398 ἦν

277 2418 549 2496 πρόφασις
596 2426 698 2488 τῆς
749 2419 870 2491 περὶ
918 2424 1019 2487 τῆς
1075 2418 1412 2479 ἀναστάσεως
1465 2418 1733 2480 ἀπιστίας.
1785 2420 1936 2474 Ὅθεν

276 2506 338 2562 οὗ
369 2509 496 2581 παρ’
529 2505 712 2577 αὐτοῦ,
746 2504 872 2561 ἀλλ’
899 2505 950 2576 ἐξ
983 2501 1285 2576 ἐπιϐουλῆς
1319 2507 1529 2582 ἐγένετο
1570 2508 1683 2581 (47)
1712 2512 1789 2580 τῷ
1828 2512 1938 2562 σώ-

282 2617 411 2672 ματι
443 2598 472 2652 ὁ
503 2597 730 2659 θάνατος
762 2618 773 2630 ·
804 2594 893 2651 τίνα
923 2597 980 2651 ’όν
1036 2596 1189 2651 αὐτοὶ
1242 2598 1631 2672 προσαγάγωσι
1689 2601 1767 2668 τῷ
1816 2603 1936 2650 Σω-

277 2693 409 2761 τῆρι
458 2687 702 2760 θάνατον,
752 2690 949 2741 τοῦτον
1010 2685 1172 2748 αὐτὸς
1229 2684 1539 2761 ἐξαφανίσῃ.
1600 2685 1698 2741 Καὶ
1757 2685 1936 2760 ὥσπερ

280 2780 526 2852 γενναῖος
556 2773 889 2845 παλαιστὴς,
926 2775 1094 2854 μέγας
1128 2772 1201 2830 ὢν
1235 2779 1304 2850 τῇ
1335 2776 1539 2830 συνέσει
1589 2776 1679 2830 καὶ
1725 2780 1793 2850 τῇ
1847 2777 1936 2831 ἀν-

280 2862 455 2940 δρείᾳ,
485 2864 585 2920 οὐκ
633 2864 793 2927 αὐτὸς
841 2865 1015 2937 ἑαυτῷ
1064 2862 1192 2926 τοὺς
1250 2863 1585 2927 ἀντιπάλους
1635 2863 1935 2939 ἐκλέγεται,

274 2951 370 3010 ’ίνα
403 2956 478 3028 μὴ
511 2953 765 3010 ὑπόνοιαν
796 2960 896 3024 τῆς
927 2953 1063 3029 πρός
1092 2975 1241 3016 τινας
1273 2951 1478 3016 δειλίας
1511 2955 1770 3031 παράσχη
1799 2974 1810 2986 ·
1848 2953 1940 3008 ἀλ-

278 3043 350 3101 λά
377 3048 446 3118 τῇ
475 3048 582 3099 τῶν
615 3043 964 3119 θεωρούντων
1021 3040 1242 3098 δίδωσιν
1289 3043 1520 3114 ἐξουσίᾳ,
1552 3043 1643 3098 καὶ
1704 3041 1940 3117 μάλιστα

273 3134 370 3189 κᾶν
403 3133 594 3211 ἐχθροὶ
625 3135 994 3210 τυγχάνωσιν,
1020 3131 1113 3188 ’ίνα
1139 3134 1275 3210 πρὸς
1319 3133 1376 3188 ’ὃν
1433 3133 1492 3186 ἂν
1547 3128 1937 3207 συμϐάλλωσιν

276 3222 455 3294 αὐτοὶ,
497 3227 691 3279 τοῦτον
750 3221 909 3284 αὐτὸς
958 3220 1316 3298 καταρῥάξας,
1347 3221 1604 3297 κρείττων
1654 3227 1760 3276 τῶν
1810 3222 1942 3277 πάν-

275 3333 384 3368 των
432 3312 694 3385 πιστευθῇ
729 3328 740 3340 ·
778 3309 952 3372 οὕτως
995 3311 1086 3365 καὶ
1115 3313 1150 3379 ἡ
1193 3314 1300 3364 τῶν
1351 3311 1567 3364 πάντων
1628 3312 1740 3380 ζωὴ
1771 3312 1797 3365 ὁ
1831 3313 1942 3384 (48)

2049 2060 2220 2115 utvel
2245 2060 2436 2116 crucis
2485 2061 2870 2133 ignominiam
2902 2062 3200 2134 effugeret.
3253 2061 3431 2132 Atqui
3458 2063 3505 2117 si
3527 2061 3586 2116 id
3620 2063 3704 2117 fe-

2049 2149 2244 2217 cisset,
2270 2151 2589 2222 suspicioni
2615 2150 2808 2206 locum
2841 2151 3120 2206 adversus
3145 2150 3403 2223 seipsum
3424 2151 3703 2218 dedisset,

2050 2240 2218 2310 quasi
2251 2239 2353 2310 qui
2384 2256 2499 2294 non
2533 2240 2790 2310 qualibet
2824 2245 3009 2296 morte
3039 2245 3190 2296 esset
3222 2240 3443 2309 fortior,
3477 2241 3576 2296 sed
3607 2239 3708 2296 illa

2049 2329 2333 2384 duntaxat
2362 2345 2540 2399 quam
2572 2328 2884 2402 elegisset:
2951 2347 3015 2385 ac
3076 2330 3316 2401 proinde
3369 2347 3483 2384 non
3513 2330 3707 2384 minor

2049 2418 2256 2473 fuisset
2276 2419 2504 2474 occasio
2529 2420 2700 2474 ﬁdem
2740 2419 3150 2476 resurrectioni
3174 2419 3512 2491 derogandi.
3540 2419 3703 2476 Unde

2051 2525 2167 2563 non
2197 2525 2266 2562 ex
2297 2508 2509 2580 seipso,
2544 2510 2643 2563 sed
2677 2526 2745 2563 ex
2772 2509 3007 2564 insidiis
3057 2527 3270 2580 corpus
3321 2509 3468 2565 mori
3502 2509 3698 2577 voluit,

2052 2601 2115 2652 ut
2145 2598 2428 2652 nimirum
2462 2615 2638 2670 quam
2672 2598 2755 2653 illi
2788 2603 3032 2654 mortem
3080 2600 3364 2654 Salvatori
3397 2599 3700 2664 inferrent,

2049 2703 2178 2742 eam
2211 2688 2335 2759 ipse
2366 2688 2712 2743 destrueret.
2734 2691 2813 2743 Ac
2839 2689 3017 2744 veluti
3040 2705 3357 2760 generosus
3381 2689 3538 2760 pugil
3563 2706 3702 2760 pru-

2049 2777 2249 2831 dentia
2277 2781 2334 2832 et
2365 2776 2705 2832 fortitudine
2754 2795 2915 2849 aeque
2946 2778 3219 2850 insignis,
3271 2796 3386 2834 non
3434 2779 3561 2851 ipse
3589 2779 3701 2834 sibi

2050 2866 2415 2922 adversarios
2447 2866 2630 2938 eligi.,
2675 2885 2746 2922 ne
2801 2868 2890 2922 cui
2943 2867 3280 2923 timiditatis
3311 2884 3447 2940 erga
3479 2867 3706 2938 aliquos

2051 2956 2448 3028 suspicionem
2476 2961 2705 3012 moveat
2731 2975 2741 3010 :
2776 2959 2875 3012 sed
2910 2957 2965 3010 id
2991 2961 3409 3028 spectatorum,
3435 2957 3712 3013 maxime-

2053 3061 2166 3117 que
2199 3046 2247 3101 si
2281 3045 2411 3101 illos
2442 3046 2806 3102 adversarios
2836 3047 3112 3118 patiatur,
3137 3047 3377 3103 arbitrio
3399 3047 3709 3119 permittit,

2053 3141 2118 3190 ut
2147 3139 2437 3207 prostrato
2472 3152 2536 3190 ac
2568 3136 2792 3190 devicto
2825 3134 3340 3207 quemcunqueilli
3370 3136 3708 3207 objecerint,

2054 3224 2326 3279 omnibus
2389 3225 2596 3280 fortior
2653 3225 2979 3293 habeatur;
3043 3225 3124 3280 ita
3181 3241 3414 3297 quoque
3445 3226 3710 3281 omnium

2057 3312 2193 3379 vita,
2233 3313 2515 3368 Dominus
2546 3318 2602 3369 et
2628 3313 2892 3369 Salvator
2922 3318 3122 3368 noster
3165 3313 3431 3369 Christus
3464 3331 3578 3369 non
3613 3331 3715 3386 per

278 3400 480 3478 Κύριος
511 3401 603 3455 καὶ
637 3400 835 3473 Σωτὴρ
868 3401 1026 3471 ἡμῶν
1057 3400 1085 3455 ὁ
1113 3399 1342 3473 Χριστὸς
1377 3399 1484 3475 οὐχ
1515 3400 1688 3472 ἑαυτῷ
1722 3401 1940 3455 θάνατον

2060 3419 2121 3457 se
2153 3409 2400 3458 mortem
2443 3405 2703 3476 corporis
2736 3403 2970 3476 delegit,
3004 3419 3075 3457 ne
3129 3402 3303 3458 aliam
3335 3403 3715 3459 reformidare

283 3489 490 3546 ἐπενόει
517 3493 598 3562 τῷ
627 3490 868 3561 σώματι,
890 3486 983 3544 ’ίνα
1035 3491 1108 3563 μὴ
1161 3489 1236 3552 ὡς
1279 3486 1461 3561 ἕτερον
1513 3486 1708 3544 δειλῶν
1754 3494 1894 3568 φανῇ
1929 3511 1942 3523 σ

282 3577 429 3636 ἄλλά
472 3580 563 3634 τὸν
609 3580 738 3654 παρ’
785 3579 1006 3655 ἑτέρων,
1055 3579 1144 3632 καὶ
1196 3575 1433 3651 μάλιστα
1487 3579 1577 3634 τὸν
1636 3580 1781 3653 παρὰ
1836 3583 1943 3634 τῶν

281 3668 516 3746 ἐχθρῶν,
548 3669 605 3724 ὃν
650 3667 896 3741 ἐνόμιζον
955 3668 1090 3722 εἶναι
1141 3665 1311 3723 δεινὸν
1363 3666 1556 3722 ἐκεῖνοι
1608 3668 1697 3723 καὶ
1751 3667 1942 3742 ἄτιμον

278 3757 368 3814 καί
396 3758 644 3837 φευκτὸν,
674 3761 869 3813 τοῦτον
901 3756 1059 3820 αὐτὸς
1093 3758 1144 3812 ὲν
1194 3762 1408 3831 σταυρῷ
1443 3755 1744 3832 δεχόμενος
1793 3759 1942 3828 ἠνεί-

277 3867 431 3924 χετο,
460 3845 554 3902 ’ίνα
608 3847 721 3916 καὶ,
752 3845 948 3902 τούτου
995 3840 1412 3916 καταλυθέντος,
1443 3846 1604 3909 αὐτὸς
1656 3847 1749 3921 μὲν
1802 3845 1873 3902 ὣν
1907 3851 1941 3918 ἡ

283 3938 394 4008 ζωή
453 3937 735 4010 πιστευθῇ,
766 3939 864 3991 106
895 3932 953 3990 δὲ
983 3936 1212 3990 θανάτου
1241 3935 1304 3989 τὸ
1334 3936 1533 4012 κράτος
1579 3934 1765 3991 τέλεον
1814 3959 1943 3992 κατ-

281 4027 494 4102 αργηθῇ
525 4028 662 4097 (49).
698 4025 898 4101 Γέγονε
926 4029 1114 4101 γοῦντι
1144 4025 1449 4098 θαυμαστὸν
1485 4024 1576 4080 καὶ
1615 4023 1941 4101 παράδοξον·

279 4116 337 4172 ὃν
360 4117 464 4192 γὰρ
498 4114 750 4188 ἐνόμιζον
786 4112 978 4189 ἄτιμον
1004 4113 1276 4193 ἐπιφέρειν
1298 4115 1718 4184 θάνατον,οὗτος
1738 4116 1803 4184 ἦν
1824 4115 1945 4192 τρό-

277 4226 440 4260 παιον
469 4206 585 4260 κατ’
615 4204 781 4259 αὐτοῦ
826 4209 924 4259 106
975 4201 1227 4278 θανάτου,
1257 4201 1352 4259 Διὸ
1401 4202 1528 4260 οὐδὲ
1571 4206 1661 4260 τὸν
1694 4205 1944 4261 Ἰωάννου

279 4295 505 4349 θάνατον
540 4293 816 4367 ὑπέμεινε,
853 4291 1245 4370 διαιρουμένης
1288 4299 1391 4364 τῆς
1415 4292 1682 4372 κεφαλῆς,
1717 4293 1842 4350 οὐδὲ
1868 4295 1944 4358 ὡς

281 4381 502 4446 Ἡσαΐας
536 4380 909 4459 ἐπρίσθη,’ίνα
953 4382 1044 4437 καὶ
1091 4387 1171 4456 τῷ
1232 4384 1439 4455 θανάτῳ
1492 4380 1794 4458 ἀδιαίρετον
1854 4386 1944 4439 καὶ

282 4471 597 4548 ὁλόκληρον
629 4471 691 4526 τὸ
741 4475 902 4545 σῶμα
951 4469 1180 4549 φυλάξῃ,
1212 4470 1302 4526 καὶ
1365 4473 1440 4546 μὴ
1499 4473 1768 4552 πρόφασις
1821 4480 1943 4537 τοῖς

286 4559 652 4638 βουλομένοις
685 4557 909 4634 διαιρεῖν
940 4562 1040 4630 τήν
1070 4558 1396 4630 Ἐκκλησίαν
1430 4563 1670 4636 γένηται.

350 4652 441 4708 25.
469 4650 571 4705 Καὶ
600 4654 771 4705 ταῦτα
805 4650 897 4723 μὲν
930 4650 1066 4726 πρὸς
1096 4648 1226 4712 τοὺς
1269 4645 1457 4720 ἔξωθεν
1518 4650 1730 4712 ἑαυτοῖς
1779 4649 1937 4726 λογι-

2054 3489 2369 3557 videretur,
2406 3491 2504 3545 sed
2539 3491 2610 3545 ab
2645 3490 2776 3546 aliis
2811 3496 2868 3547 et
2898 3491 3187 3562 praecipue
3217 3492 3289 3544 ab
3320 3491 3590 3547 hostibus
3623 3493 3712 3546 in-

2050 3581 2289 3650 jectam,
2315 3595 2490 3650 quam
2517 3597 2784 3650 asperam
2811 3579 2896 3634 illi
2938 3584 2993 3636 et
3014 3580 3466 3652 ignominiosam
3492 3581 3713 3654 fugien-

2057 3668 2311 3738 dumque
2343 3669 2797 3740 arbitrabantur,
2844 3669 2969 3740 ipse
3030 3671 3086 3724 in
3142 3687 3312 3725 cruce
3367 3670 3566 3726 subire
3596 3689 3712 3727 non

2057 3756 2267 3827 renuit,
2296 3761 2360 3812 ut
2391 3763 2576 3812 morte
2618 3757 2925 3827 dissoluta,
2975 3758 3099 3830 ipse
3148 3758 3385 3830 quidem
3437 3759 3556 3814 vita
3588 3777 3717 3816 esse

2055 3847 2405 3913 crederetur,
2430 3851 2484 3901 et
2507 3847 3036 3920 mortisimperium
3056 3848 3323 3903 funditus
3345 3854 3715 3906 everteretur.

2056 3936 2268 3990 Mirum
2298 3953 2433 4007 ergo
2465 3935 2747 4007 quiddam
2796 3942 2854 3992 et
2911 3937 3344 4008 inexpectatum
3385 3940 3616 4007 accidit,
3651 3943 3718 3996 ut

2057 4043 2232 4096 quam
2261 4024 2343 4079 illi
2361 4025 2816 4098 ignominiosam
2835 4031 3083 4081 mortem
3101 4028 3314 4083 inferre
3328 4031 3633 4099 putabant,
3650 4046 3717 4085 ea

2057 4115 2336 4169 adversus
2359 4114 2548 4186 ipsam
2569 4120 2815 4169 mortem
2830 4116 3157 4187 trophz—eum
3175 4123 3348 4171 esset.
3367 4117 3511 4172 Ilinc
3528 4135 3719 4190 neque

2053 4203 2295 4259 Jeannis
2319 4209 2570 4258 mortem
2595 4205 2802 4276 capitis
2827 4222 2918 4259 am
2931 4206 3230 4277 putatione
3255 4223 3466 4278 passus
3489 4211 3595 4272 est,
3624 4225 3718 4263 ne-

2057 4310 2168 4365 que
2201 4293 2373 4348 sicuti
2405 4293 2590 4348 Isaias
2625 4298 2820 4348 sectus
2852 4299 2962 4359 est,
2996 4299 3061 4348 ut
3110 4299 3165 4349 et
3195 4295 3254 4350 in
3283 4301 3468 4351 morte
3500 4313 3712 4368 corpus

2055 4383 2182 4439 sine
2203 4383 2490 4439 divisione
2512 4381 2807 4454 integrum
2833 4389 3111 4450 servaret,
3154 4388 3210 4438 et
3236 4384 3400 4440 nulla
3420 4402 3597 4440 causa
3615 4384 3710 4440 his

2055 4477 2395 4545 suppeteret
2425 4473 2520 4544 qui
2558 4471 2879 4527 Ecclesiam
2912 4472 3127 4528 vellent
3157 4472 3506 4530 discindere.

2123 4653 2212 4705 25.
2241 4653 2310 4707 Et
2331 4650 2450 4706 haec
2473 4650 2710 4723 quidem
2764 4651 2836 4707 ad
2877 4654 3144 4707 externos
3197 4651 3295 4724 qui
3321 4651 3431 4708 sibi
3453 4652 3600 4725 ipsis
3622 4671 3714 4710 ar-

282 4738 455 4813 σμοὺς
487 4737 914 4813 ἐπισωρεῦοντας
947 4757 962 4772 ·
998 4737 1059 4794 ἂν
1093 4736 1150 4794 δὲ
1179 4738 1269 4793 καὶ
1298 4742 1406 4793 τῶν
1441 4738 1490 4811 ἐξ
1519 4741 1668 4814 ἡρῶν
1711 4761 1795 4801 τις
1859 4743 1933 4814 μὴ

2059 4745 2328 4814 gumento.
2360 4740 2549 4795 solent
2582 4739 2953 4796 accumulare
2979 4759 2992 4796 :
3022 4740 3067 4795 si
3095 4738 3227 4811 quis
3247 4757 3381 4798 vero
3405 4757 3473 4797 ex
3493 4744 3713 4800 nostris

284 4829 360 4890 ὡς
392 4825 723 4907 φιλόνεικος,
759 4826 882 4883 ἀλλ’
931 4827 1004 4890 ὡς
1058 4826 1375 4906 φιλομαθῆς
1427 4833 1562 4904 ζητῇ
1597 4831 1728 4903 (50),
1767 4826 1855 4884 διὰ
1890 4830 1942 4884 τί

289 4919 364 4992 μή
425 4917 646 4988 ἑτέρως,
694 4915 840 4972 ἀλλά
890 4918 1115 4990 σταυρὸν
1177 4918 1503 4991 ὑπέμεινενο
1561 4918 1801 4973 ἀκουέτω
1855 4920 1944 4974 καὶ

281 5009 401 5082 (51)
448 5007 630 5075 οὗτος,
667 5004 752 5061 ὅτι
805 5005 906 5061 οὐκ
961 5004 1148 5069 ἄλλως
1198 5007 1234 5077 ἢ
1287 5006 1461 5070 οὕτως
1503 5009 1638 5082 ἡμῖν
1671 5009 1944 5087 συνέφερε,

380 5134 470 5205 43)
501 5131 733 5189 Gobler.
759 5136 817 5189 et
842 5133 1095 5190 Felckm.
1126 5135 1152 5188 1
1180 5151 1380 5205 anon.,
1409 5131 1726 5204 ἐπενόησαν.

378 5205 469 5277 44)
498 5205 590 5261 Sic
621 5205 864 5278 Seguer.
899 5210 1075 5279 atque
1110 5205 1194 5279 ita
1222 5206 1399 5261 etiam
1429 5206 1643 5279 legisse
1674 5207 1946 5262 videntur

287 5277 660 5352 interpretes,
695 5277 945 5352 quorum
981 5277 1346 5352 Omnibonus
1394 5283 1451 5352 et
1492 5277 1759 5334 Itmbros.
1792 5279 1943 5334 hanc

282 5350 482 5406 vocem
513 5354 770 5417 vertunt,
801 5351 1190 5418 exinanitum;
1235 5350 1522 5416 Nannius,
1570 5352 1795 5406 inanem
1821 5369 1943 5407 eam

285 5424 734 5494 exhaustumque.
765 5421 881 5476 Alii
922 5438 1068 5478 mss.
1119 5425 1176 5494 et
1222 5422 1368 5494 editi
1415 5422 1652 5494 habent,
1682 5422 1946 5476 κενώσαν-

283 5512 371 5619 ἶα.
409 5494 552 5550 Ibid.
583 5493 674 5547 καί
707 5510 845 5550 mox
874 5510 997 5565 seq.
1031 5493 1314 5550 omittunt
1340 5493 1572 5549 Gobler.
1607 5498 1665 5550 et
1687 5494 1941 5551 Felckm.

341 5580 516 5619 anon.

341 5580 516 5621 anon.

361 5636 478 5709 (45)
505 5635 868 5709 SicAnglic.
899 5636 985 5709 Ita
1042 5653 1276 5709 quoque
1334 5637 1710 5709 emendatum
1763 5642 1853 5694 est
1882 5638 1942 5694 in

293 5701 468 5784 Basil;
504 5705 617 5784 glii
651 5713 709 5763 et
723 5701 911 5784 editio
942 5701 1201 5784 Commel
1234 5750 1246 5776 ,
1277 5701 1575 5784 προϐαλεῖν

361 5779 475 5853 (45)
507 5779 744 5852 Seguer.
776 5779 951 5853 habet
980 5779 1176 5853 ὲαυτῷ,
1206 5779 1361 5853 quod
1384 5785 1441 5836 et
1459 5779 1796 5853 exprimunt
1817 5798 1942 5836 om-

292 5851 397 5910 nes
423 5851 814 5925 interpretes;
847 5851 948 5908 alii
975 5851 1298 5910 vero'mss.
1357 5857 1414 5910 et
1469 5851 1609 5909 editi
1639 5853 1940 5909 omittunt.

2059 4849 2170 4888 non
2201 4833 2299 4889 55
2337 4830 2727 4885 contendendi
2769 4831 2868 4886 sed
2925 4831 3184 4886 discendi
3245 4831 3438 4887 studio
3471 4837 3712 4904 qumrat,

2056 4939 2159 4976 cur
2191 4938 2302 4976 non
2339 4919 2515 4974 aliam
2575 4937 2751 4992 quam
2814 4919 3002 4984 crucis
3063 4925 3312 4975 mortem
3343 4921 3711 4978 toleraverit:

2055 5011 2256 5065 audiat
2281 5011 2457 5064 etiam
2484 5009 2612 5075 iste,
2632 5009 2846 5064 idcirco
2861 5007 2968 5064 hoc
2982 5009 3190 5064 mortis
3201 5025 3387 5080 genus
3401 5009 3712 5065 Dominum

2056 5137 2139 5192 Id.
2173 5136 2429 5222 Seguer.~
2446 5138 2501 5188 et
2528 5133 2778 5206 Anglic.,
2813 5133 3044 5202 Gobler,
3075 5137 3132 5189 et
3183 5132 3438 5189 Felckm.
3471 5133 3494 5188 4
3534 5150 3708 5190 anon.

2056 5225 2209 5271 mox,
2242 5211 2546 5273 ἐπινοῆσαι.

2124 5279 2235 5352 (47)
2263 5279 2358 5352 Sic
2389 5279 2627 5352 Seguer.
2663 5274 2836 5352 deiti,
2872 5273 3099 5352 ἐγίνετο.

2125 5346 2237 5423 (48)
2269 5351 2357 5404 Sic
2391 5346 2630 5423 seguer.
2666 5347 2842 5423 Basil.
2877 5346 3106 5423 Gobler.
3159 5351 3236 5423 et_
3261 5346 3577 5423 Felckm._1
3613 5365 3709 5403 an.

2050 5419 2161 5479 Alii
2198 5419 2331 5478 cum
2390 5419 2562 5476 editis
2602 5424 2713 5474 art.
2748 5419 2775 5471 ὁ
2833 5419 3155 5487 omittunt;
3217 5419 3244 5472 ὁ
3299 5436 3421 5490 seq.
3483 5419 3649 5475 abest
3681 5437 3715 5476 a

2053 5494 2218 5551 Gobl.
2253 5499 2309 5548 et
2340 5492 2591 5549 Felckm.
2631 5492 2651 5544 l
2694 5508 2787 5545 an.

2126 5566 2235 5637 (49)
2264 5567 2368 5617 T06
2403 5560 2768 5637 ,δε-θανάτου
2814 5560 2881 5637 τὲ
2920 5559 3151 5637 κράτος.
3186 5557 3371 5614 τέλεον
3429 5580 3708 5637 καταργη-

2051 5632 2367 5707 θῆᾱθέυηι
2397 5636 2455 5690 in
2490 5634 2720 5707 Gobler.
2755 5632 3096 5707 etuFelc‘km.
3134 5634 3289 5707 Ian.

2125 5711 2236 5799 (59)
2269 5709 2364 5764 Sic
2391 5712 2626 5778 Segucr.
2689 5704 2866 5760 Basil.
2927 5709 2980 5758 et
3036 5703 3261 5776 Anglic.
3314 5703 3426 5758 Alii
3460 5708 3518 5760 et
3546 5705 3708 5761 editi.

2267 5850 2366 5904 Καί
2400 5866 2514 5906 non
2547 5847 2768 5903 habent
2807 5846 3033 5904 Gobler.
3066 5850 3123 5902 et
3153 5846 3406 5903 Felckm.
3445 5849 3468 5903 1
3503 5864 3600 5907 an.
