4178 6422
447 527 564 592 139

993 526 1059 590 S.
1103 526 1530 590 ATHANASII
1575 528 1746 590 OPP.
1796 528 1999 589 PARS
2045 526 2092 588 Ι.
2129 558 2208 570 ——
2237 526 2656 590 HISTORICA
2704 527 2806 590 ET
2849 527 3335 591 DOGMATICA.

3759 529 3872 592 140

446 661 780 737 pertulisse,
805 662 944 736 quia
965 661 1130 719 nulla
1151 663 1265 719 alia
1291 665 1460 719 nobis
1483 663 1863 719 conducebat.
1887 663 2033 717 Nam
2055 661 2105 717 si

2230 659 2308 714 ιιαὶ
2363 664 2525 714 τοῦτο
2585 659 2652 715 δι’
2698 663 2848 734 ἡμᾶς
2895 657 3080 722 καλῶς
3131 660 3411 733 ὑπέμεινεν
3466 659 3494 716 6
3535 657 3762 738 Κύριος.
3811 661 3872 719 Εἰ

449 752 580 810 ideo
611 753 765 810 venit
796 757 860 808 ut
885 752 1376 825 maledictionem,
1401 753 1458 808 in
1483 771 1659 826 quam
1687 753 2104 818 incideramus,

404 833 415 840 ’
449 847 727 916 portaret,
763 843 1058 914 quomodo
1089 842 1260 898 aliter
1292 844 1478 899 factus
1511 843 1718 898 fuisset
1749 841 2108 909 maledictio,

449 932 564 988 nisi
596 931 1025 988 maledictionis
1066 935 1316 988 mortem
1362 931 1770 1004 suscepisset?
1797 933 1879 986 Ea
1911 936 2107 986 autem

449 1037 592 1078 crux
620 1025 728 1089 est,
762 1037 900 1076 nam
931 1020 1216 1092 scriptum
1251 1025 1340 1078 est
1369 1038 1380 1077 :
1437 1023 1762 1078 Maledictus
1793 1022 1890 1092 qui
1911 1020 2111 1092 pendet

447 1111 513 1166 in
541 1111 690 1182 ligno
719 1111 784 1164 ⁸⁸.
812 1110 1052 1176 Deinde,
1077 1110 1125 1166 si
1151 1127 1310 1166 mors
1336 1110 1563 1166 Domini
1589 1111 1842 1183 pretium
1865 1115 1954 1165 est
1983 1125 2106 1164 om-

449 1201 638 1271 nium,
671 1201 920 1272 ejusque
951 1204 1138 1256 morte
1171 1201 1399 1255 medius
1434 1199 1625 1273 paries
1650 1199 1912 1256 maceriae
1935 1197 2107 1254 solvi-

445 1293 546 1346 tur
571 1291 637 1361 ",
679 1307 746 1346 ac
777 1291 842 1346 ﬁt
870 1290 1098 1346 vocatio
1131 1289 1420 1362 gentium,
1455 1289 1748 1362 quomodo
1771 1306 1877 1344 nos
1899 1305 2107 1344 convo-

445 1383 658 1447 casset,
712 1379 828 1434 nisi
878 1379 1088 1434 fuisset
1147 1379 1510 1434 cruciﬁxus?
1568 1379 1858 1450 siquidem
1895 1379 1952 1433 in
1986 1377 2111 1434 sola

448 1485 620 1526 cruce
651 1468 906 1524 extensis
940 1468 1218 1524 manibus
1249 1469 1396 1524 mori
1431 1469 1564 1540 quis
1591 1473 1802 1540 potest.
1831 1467 2112 1534 Quocirca

449 1559 512 1616 id
545 1559 752 1614 mortis
785 1575 970 1631 genus
1001 1559 1318 1614 Dominum
1344 1559 1460 1630 pati
1483 1564 1540 1614 et
1566 1575 1780 1615 manus
1804 1560 2112 1633 extendere

449 1647 667 1718 decuit,
702 1651 766 1703 ut
796 1647 980 1704 altera
999 1652 1249 1704 veterem
1275 1648 1577 1720 populum,
1605 1647 1786 1703 altera
1807 1652 2010 1720 gentes
2033 1652 2115 1703 at-

450 1737 734 1804 traheret,
786 1755 851 1793 ae
911 1741 1190 1809 utrosque
1241 1737 1300 1792 in
1357 1738 1550 1810 seipso
1611 1739 2014 1810 conjungerct.
2052 1738 2113 1792 Id

448 1827 669 1900 quippe
698 1830 755 1882 et
785 1827 912 1898 ipse
956 1826 1104 1883 dixit
1153 1826 1495 1900 significans
1545 1843 1661 1898 qua
1693 1831 1878 1882 morte
1908 1844 2114 1882 omnes

451 1919 609 1972 esset
657 1915 1111 1987 redempturus:
1173 1916 1311 1972 Cum
1365 1917 1638 1971 multatus
1692 1918 1873 1987 fuero,
1931 1931 2115 1970 omnes

2217 749 2321 824 γὰρ
2355 751 2454 819 τὴν
2486 752 2600 804 καθ’
2629 751 2789 822 ἡμῶν
2844 749 3146 824 γενομένην
3196 751 3432 826 κατάραν
3490 747 3658 820 ἦλθεν
3717 750 3874 814 αὐτὸς

2221 839 2500 914 βαστάσαι,
2532 844 2650 902 πῶς
2683 839 2742 894 ἂν
2789 837 2976 902 ἄλλως
3037 839 3246 916 ἐγένετο
3291 841 3519 916 κατάρα,
3553 841 3598 896 εἰ
3651 842 3726 915 μὴ
3783 841 3872 897 τὸν

2217 925 2305 980 ἐπὶ
2335 929 2542 1004 κατάρᾳ
2573 928 2861 1003 γένομενον
2912 929 3132 984 θάνατον
3185 925 3436 1000 ἐδέξατος
3468 931 3622 986 Ἔστι
3673 927 3731 985 δὲ
3783 929 3872 985 οὗ·

2214 1036 2307 1077 τος
2346 1017 2374 1071 6
2404 1017 2631 1093 σταυρός
2661 1036 2674 1050 ·
2709 1017 2852 1071 οὕτω
2906 1018 3010 1093 γὰρ
3067 1017 3160 1072 καὶ
3209 1018 3511 1094 γέγραπται
3542 1020 3651 1094 (52)
3686 1063 3699 1077 .
3728 1019 3874 1074 Ἐπι-

2214 1105 2514 1181 κατάρατος
2573 1107 2602 1161 6
2655 1107 2998 1182 κρεμάμενος
3061 1106 3149 1161 ἐπὶ
3207 1105 3396 1178 ξύλου.
3453 1113 3698 1182 Ἔπειτα,
3752 1107 3798 1166 εἰ
3847 1108 3874 1162 6

2215 1195 2442 1258 θάνατος
2502 1201 2598 1251 τοῦ
2656 1197 2855 1271 Κυρίου
2927 1195 3126 1272 λύτρον
3189 1195 3300 1252 ἐστὶ
3375 1197 3613 1272 πάντων,
3655 1196 3747 1252 καὶ
3799 1201 3876 1279 τῷ

2217 1285 2429 1359 θανάτῳ
2484 1285 2678 1341 τούτου
2709 1284 2772 1340 τὸ
2825 1286 3146 1362 μεσότοιχον
3204 1291 3302 1342 τοῦ
3361 1291 3616 1365 φραγμοῦ
3667 1284 3876 1356 λύεται,

2217 1376 2306 1430 καὶ
2337 1375 2541 1450 γίνεται
2571 1381 2678 1430 τῶν
2712 1373 2870 1430 ἐθνῶν
2903 1379 2938 1445 ἡ
2973 1373 3172 1445 κλῆσις
3204 1395 3216 1407 ⁸
3250 1381 3366 1439 πῶς
3407 1377 3466 1431 ἂν
3513 1378 3667 1451 ’ἱμάς
3709 1395 3876 1452 προσ-

2220 1464 2536 1534 εκαλέσατο,
2598 1465 2644 1518 εἰ
2722 1465 2796 1538 μὴ
2877 1463 3220 1540 ἐπαύρωτο;
3282 1463 3334 1520 ἐν
3416 1465 3568 1538 μόνῳ
3641 1465 3746 1542 γὰρ
3801 1470 3879 1538 τῷ

2220 1559 2436 1630 σταυρῷ
2490 1553 2867 1628 ἐκτεταμέναις
2914 1555 3073 1631 χερσί
3110 1576 3194 1617 τις
3250 1556 3596 1626 ἀποθνήσκει.
3651 1555 3743 1610 Διὸ
3788 1555 3878 1610 καὶ

2219 1647 2380 1698 τοῦτο
2413 1641 2640 1720 ἔπρεπεν
2672 1645 2961 1718 ὑπομεῖναι
3009 1637 3099 1699 τὸν
3151 1643 3371 1718 Κύριον,
3401 1643 3492 1698 καὶ
3541 1645 3638 1707 τὰς
3685 1649 3878 1720 χεῖρας

2224 1732 2476 1807 ἐκτεῖναι,
2505 1732 2598 1799 ’ἕνα
2653 1737 2722 1808 τῇ
2776 1734 2870 1807 μὶν
2919 1735 3010 1788 τὸν
3042 1731 3274 1788 παλαιὸν
3331 1731 3486 1807 λαὸν,
3517 1737 3584 1808 τῇ
3644 1731 3702 1789 δὲ
3751 1733 3877 1797 τοὺς

2227 1823 2331 1878 ἀπὸ
2386 1826 2496 1877 τῶν
2540 1821 2704 1878 ἐθνῶν
2767 1822 2989 1898 ἐλκύσῃ,
3047 1823 3138 1878 καὶ
3193 1823 3536 1902 ἀμφοτέρους
3595 1821 3649 1878 ἐν
3706 1823 3880 1898 ἑαυτῷ

2223 1913 2450 1986 συνάψῃ.
2509 1916 2680 1966 Τοῦτο
2751 1913 2856 1989 γὰρ
2927 1913 3017 1967 καὶ
3080 1911 3241 1975 αὐτὸς
3301 1910 3539 1990 εἶ’ρηκεν.
3598 1912 3880 1988 σημαίνων

445 2003 669 2060 traham
687 2005 758 2060 ad
787 2006 1056 2076 meipsum
1085 2006 1149 2060 7°.
1184 2007 1492 2075 Praeterea,
1543 2005 1590 2060 si
1619 2005 1891 2060 diabolus
1925 2003 2110 2060 nostri

2230 2002 2366 2074 ποίῳ
2423 2003 2636 2074 θανάτῳ
2695 1997 2899 2075 ἔμελλε
2932 2005 3046 2076 (53)
3096 1999 3422 2079 λυτροῦσθαι
3478 2000 3608 2065 τοὺς
3659 2003 3878 2066 πάντας.

449 2093 682 2168 generis
704 2093 914 2159 hostis,
935 2111 966 2150 e
997 2093 1140 2150 ccelo
1162 2094 1461 2167 delapsus,
1486 2094 1639 2150 circa
1657 2093 1813 2149 hunc
1837 2093 2110 2149 inﬁmum

450 2200 644 2240 aerem
667 2188 933 2254 vagatur,
952 2183 1053 2239 ubi
1075 2182 1208 2240 aliis
1233 2183 1598 2239 daemonibus
1617 2187 1819 2255 utpote
1841 2183 1901 2238 in
1920 2188 2117 2239 contu-

451 2271 642 2330 macia
657 2271 749 2328 sui
766 2271 1064 2328 similibus
1081 2271 1400 2344 imperans,
1421 2289 1622 2328 eorum
1640 2289 1816 2344 opera
1840 2271 2112 2327 homines

457 2361 770 2436 praestigiis
792 2361 1040 2430 seducit,
1065 2361 1227 2417 ethis
1243 2362 1342 2434 qui
1359 2379 1598 2418 sursum
1618 2361 2114 2416 tenduntobstare

457 2451 704 2520 nititur;
739 2439 856 2523 qua
878 2451 949 2506 de
981 2467 1040 2506 re
1073 2450 1390 2524 Apostolus
1419 2467 1430 2505 :
1466 2451 1775 2506 Secundum
1799 2452 2114 2522 principem

449 2541 748 2614 potestatis
775 2541 945 2610 aeris,
975 2541 1204 2613 spiritus
1248 2543 1345 2612 qui
1385 2557 1534 2596 nunc
1581 2550 1838 2612 aperatur
1885 2542 1944 2595 in
1976 2539 2119 2611 ﬁliis

455 2631 863 2686 contumaeiw'u
883 2647 896 2684 :
913 2633 960 2684 si
984 2629 1225 2702 insuper
1245 2631 1400 2686 venit
1421 2631 1708 2686 Dominus
1733 2634 1795 2685 ut
1817 2629 2115 2686 diabolum

455 2721 812 2790 prosternat,
847 2735 1037 2774 aerem
1071 2726 1300 2792 purget,
1338 2736 1403 2774 ac
1435 2719 1605 2775 nobis
1629 2719 1784 2775 viam
1819 2720 1875 2774 in
1904 2719 2116 2774 coelum

453 2825 556 2882 per
592 2807 863 2879 velamen,
898 2809 955 2864 id
985 2815 1086 2875 est,
1114 2825 1342 2865 carnem
1371 2825 1531 2864 suam
1551 2810 1614 2879 τε,
1665 2813 1730 2864 ut
1757 2809 1840 2864 ait
1869 2813 2118 2880 Aposto-

455 2896 574 2968 lus,
604 2897 862 2969 aperiat;
897 2897 1151 2969 denique
1193 2898 1242 2952 si
1294 2897 1350 2952 id
1401 2902 1586 2954 morte
1618 2898 1952 2953 faciendum
1982 2897 2117 2966 fuit,

457 3003 740 3060 quanam,
767 2987 999 3056 amabo,
1031 2985 1147 3043 alia
1178 2991 1362 3044 morte
1394 2988 1514 3044 haec
1545 2987 1873 3060 potuissent
1897 2987 2118 3060 peragi,

457 3074 575 3132 nisi
603 3093 672 3132 ea
703 3092 882 3148 quam
915 3076 976 3131 in
1006 3092 1138 3132 aere
1171 3075 1229 3131 in
1288 3093 1458 3133 cruce
1517 3077 1754 3150 pertulit
1786 3077 2121 3132 Dominus?

458 3163 634 3220 Solus
664 3165 821 3220 enim
852 3163 951 3221 ille
980 3165 1038 3220 in
1075 3182 1204 3222 aere
1235 3167 1486 3222 moritur
1516 3168 1612 3236 qui
1646 3167 1705 3222 in
1736 3183 1907 3222 cruce
1939 3167 2118 3222 vitam

462 3252 647 3325 ponit.
675 3256 1038 3326 Quapropter
1069 3254 1410 3327 hujusmodi
1437 3261 1682 3311 mortem
1707 3256 2123 3312 convenienter

457 3341 642 3397 subiit
670 3343 978 3399 Dominus.
1005 3343 1122 3399 Hoc
1142 3345 1299 3400 enim
1330 3346 1501 3401 modo
1523 3363 1758 3400 sursum
1785 3345 1993 3409 elatus,
2023 3363 2117 3401 ae-

2221 2091 2380 2144 ’Όταν
2435 2090 2656 2164 ὑψωθῶ,
2717 2090 2902 2169 φησὶν,
2965 2091 3167 2153 πάντας
3257 2089 3470 2146 ἑλκύσω
3525 2091 3662 2166 πρὸς
3716 2091 3881 2166 ἐμαυ-

2220 2178 2335 2234 τόν.
2387 2179 2486 2234 Καὶ
2546 2177 2735 2253 πάλιν,
2770 2180 2815 2234 εἶ
2847 2181 2874 2235 6
2916 2179 3110 2256 ἐχθρὸς
3167 2184 3264 2236 τοῦ
3310 2181 3500 2257 γένους
3549 2183 3712 2254 ἡμῶν
3762 2177 3876 2236 διά-

2222 2263 2390 2331 ϐολος
2425 2267 2662 2324 ἐκπεσὼν
2695 2268 2801 2324 ἀπὸ
2829 2273 2926 2324 τοῦ
2984 2269 3238 2346 ούρανοῦ,
3269 2269 3394 2344 περὶ
3451 2269 3542 2325 τὸν
3603 2269 3736 2347 ἀέρα
3787 2270 3878 2325 τὸν

2223 2354 2331 2412 ὦδε
2387 2358 2535 2412 κάτω
2585 2355 2878 2432 πλανᾶται,
2909 2357 3064 2413 κάκεῖ
3117 2363 3223 2412 τῶν
3280 2357 3370 2413 σὺν
3413 2358 3559 2431 αὐτῷ
3609 2356 3881 2434 δαιμόνων

2224 2447 2299 2509 ὡς
2333 2446 2541 2520 ὁμοίων
2577 2445 2628 2501 ἐν
2661 2450 2729 2520 τῇ
2778 2447 3021 2519 ἀπειθείᾳ
3071 2446 3413 2521 ἐξουσιάζων,
3449 2447 3741 2527 φαντασίας
3789 2448 3884 2524 μὶν

2225 2533 2296 2590 δι’
2328 2536 2500 2590 αὐτῶν
2537 2535 2745 2614 ἐνεργεῖ
2769 2541 2888 2598 τοῖς
2921 2537 3320 2611 ἀπατωμένοις,
3353 2536 3623 2614 ἐπιχειρεῖ
3669 2534 3727 2592 δὲ
3771 2542 3888 2600 τοῖς

2227 2626 2620 2701 ἀνερχομένοις
2675 2623 2988 2698 ἐμποδίζειν
3025 2647 3038 2660 ο
3071 2627 3161 2680 καὶ
3220 2626 3344 2701 περὶ
3395 2625 3592 2682 τούτου
3649 2626 3814 2705 φησὶν
3858 2627 3888 2681 6

2228 2712 2612 2778 Ἀπόστολος·
2664 2716 2812 2770 Κατᾶ
2866 2715 2956 2770 τὸν
3015 2712 3258 2792 ἄρχοντα
3329 2722 3430 2786 τῆς
3489 2713 3731 2786 ἐξουσίας
3789 2719 3890 2770 τοῦ

2229 2803 2408 2880 ἀέρος,
2440 2808 2536 2860 τοῦ
2591 2803 2898 2879 πνεύματος
2955 2807 3070 2879 (54)
3125 2809 3222 2860 τοῦ
3279 2810 3370 2860 νῦν
3426 2804 3773 2881 ἐνεργοῦντος
3836 2803 3890 2860 ἐν

2225 2899 2343 2956 τοῖς
2401 2895 2542 2956 υἱοῖς
2579 2901 2683 2963 τῆς
2741 2893 3037 2956 ἀπειθείας.
3097 2892 3265 2950 Ἦλθε
3315 2893 3374 2950 δὲ
3424 2897 3534 2970 (55)
3585 2896 3614 2950 6
3663 2893 3888 2969 Κύριος,

2223 2980 2316 3038 ’ίνα
2343 2983 2434 3037 τὸν
2471 2983 2566 3056 μὲν
2623 2977 2882 3038 διάϐολον
2941 2977 3243 3058 καταϐάλῃ,
3274 2984 3366 3040 τὸν
3427 2981 3485 3039 δὲ
3538 2983 3670 3061 ἀέρα
3725 2984 3891 3039 καθα-

2229 3071 2371 3148 ρίσῃ,
2405 3073 2495 3127 καὶ
2545 3070 2852 3148 ὁδοποιήσῃ
2897 3073 3034 3147 ἡμῖν
3073 3075 3174 3142 τὴν
3225 3073 3300 3136 εἷς
3350 3071 3610 3151 οὐρανοὺς
3672 3071 3888 3153 ἄνοδον,

2229 3163 2305 3225 ὡς
2361 3162 2504 3216 εἶπεν
2565 3164 2602 3217 6'
2657 3163 3015 3229 Ἀπόστολος,
3077 3159 3165 3217 διὰ
3220 3167 3316 3217 τοῦ
3384 3163 3888 3238 καταπετάσματος,

2224 3253 2372 3306 τοῦτ’
2431 3249 2540 3306 ἔστι
2597 3259 2697 3322 τῆς
2759 3253 2956 3328 σαρκὸς
3014 3251 3179 3308 αὐτοῦ
3213 3271 3225 3284 ⁸
3257 3256 3418 3308 τοῦτο
3477 3249 3536 3308 δὲ
3593 3249 3700 3307 ἔδει
3749 3250 3894 3329 γενέ-

2228 3342 2346 3396 σθαι
2381 3337 2469 3395 διὰ
2496 3345 2591 3396 τοῦ
2622 3343 2850 3396 θανάτου
2885 3361 2897 3373 ο
2926 3341 3072 3414 ποίῳ
3101 3338 3151 3396 δι
3203 3339 3261 3395 ἂν
3313 3339 3474 3414 ἄλλῳ
3522 3342 3733 3415 θανάτῳ
3777 3340 3894 3416 ἐγε-

457 3447 580 3488 rem
603 3449 638 3487 a
659 3431 963 3509 diabolicis
977 3433 1372 3506 omnibusque
1389 3435 1721 3490 daemonum
1739 3435 1970 3490 insidiis
1985 3453 2116 3508 pur-

2230 3429 2375 3506 γόνει
2407 3433 2575 3485 ταῦτα
2603 3430 2637 3499 ἢ
2669 3434 2748 3502 τῷ
2779 3428 2830 3484 ἐν
2866 3430 2982 3502 ἀέρι
3033 3411 3334 3505 γενομένῳ,
3367 3411 3512 3509 φημὶ
3542 3432 3660 3506 (56)

459 3522 642 3593 gavit,
671 3522 754 3576 uti
773 3521 868 3577 his
889 3507 1081 3579 verbis
1106 3527 1357 3580 testatus
1386 3530 1474 3580 cst
1500 3541 1512 3578 :
1560 3524 1816 3582 Videbam
1843 3525 2119 3580 Satanam

455 3609 598 3664 sicut
626 3610 823 3680 fulgur
851 3611 1139 3667 cadentem
1167 3613 1230 3666 ⁷³.
1260 3614 1376 3666 lter
1398 3616 1593 3668 autem
1616 3615 1687 3668 ad
1717 3613 1925 3668 cmlum
1952 3615 2122 3670 nobis

455 3688 810 3754 instauravit
846 3699 1086 3755 dicens:
1133 3701 1382 3756 Attollite
1421 3705 1636 3772 portas,
1696 3704 1998 3774 principes,
2031 3719 2123 3758 ve-

457 3791 631 3856 stras,
669 3791 722 3842 et
752 3787 1074 3856 elevamini,
1131 3797 1301 3861 partes
1356 3792 1638 3846 aeternam
1695 3792 1758 3846 ⁷⁸.
1821 3791 1936 3848 Nec
1967 3792 2122 3847 enim

460 3874 721 3932 Verbum
741 3891 890 3948 opus
909 3876 1117 3933 habuit
1139 3883 1200 3933 ut
1217 3879 1414 3950 januze
1440 3883 1863 3952 reserarentur,
1886 3897 2018 3936 cum
2045 3881 2123 3937 sit

461 3961 750 4020 Dominus
780 3965 1045 4021 omnium
1073 3985 1086 4034 ;
1121 3984 1226 4023 nec
1259 3968 1584 4040 quidquam
1615 3985 1684 4024 ex
1714 3970 1890 4024 rebus
1912 3969 2122 4026 creatis

462 4053 717 4110 Creatori
747 4053 1012 4110 clausum
1043 4059 1207 4122 erat;
1239 4057 1340 4112 sed
1387 4075 1494 4113 nos
1537 4057 1671 4129 ipsi,
1707 4075 1854 4129 quos
1885 4059 2120 4131 proprio

465 4159 571 4199 suo
594 4159 832 4215 corpore
853 4160 1092 4200 sursum
1115 4145 1410 4218 efferabat,
1436 4163 1583 4217 Opus
1608 4147 1700 4203 his
1723 4147 2112 4204 habebamus.

463 4232 609 4287 Nam
631 4232 1127 4304 quemadmodum
1146 4251 1360 4307 corpus
1382 4253 1486 4308 pro
1509 4222 1785 4292 omnibus
1810 4237 1982 4292 morti
2007 4241 2119 4292 tra-

463 4321 632 4392 didit,
666 4321 750 4378 sic
779 4321 956 4378 etiam
987 4340 1088 4396 per
1113 4323 1266 4380 idem
1313 4323 1458 4380 illud
1509 4325 1618 4381 iter
1649 4325 1705 4379 in
1737 4327 1948 4382 ccelum
1981 4343 2115 4398 ape-

463 4409 602 4464 ruit.

2231 3523 2484 3595 σταυρῷ;
2527 3518 2707 3582 Μόνος
2764 3519 2868 3594 γὰρ
2923 3518 2975 3574 ἐν
3018 3523 3099 3592 τῷ
3150 3520 3266 3594 ἀέρι
3319 3541 3404 3582 τις
3463 3519 3812 3592 ἀποθνήσκει,
3865 3521 3897 3576 6

2235 3613 2450 3685 σταυρῷ
2499 3606 2906 3682 τελειούμενος.
2969 3607 3062 3664 Διὸ
3121 3609 3213 3664 καὶ
3273 3609 3498 3672 εἰκότως
3543 3614 3736 3665 ⁴ιοῦτον
3799 3611 3900 3666 ὑπ-

2234 3697 2441 3770 έμεινεν
2477 3698 2504 3752 ὁ
2536 3695 2756 3774 Κύριος.
2791 3697 2946 3752 Οὕτω
3004 3699 3108 3774 γὰρ
3169 3697 3421 3772 ὑψωθεὶς,
3452 3699 3544 3754 τὸν
3608 3699 3702 3772 μὲν
3765 3699 3901 3774 ἀέρα

2235 3785 2540 3864 ἐκαθάριζεν
2605 3786 2709 3841 ἀπό
2763 3807 2824 3841 τε
2876 3794 2979 3857 τῆς
3037 3783 3362 3858 διαϐολικῆς
3417 3787 3506 3843 καὶ
3561 3785 3743 3860 πάσης
3783 3794 3898 3845 τῶν

2234 3873 2504 3949 δαιμόνων
2565 3871 2868 3945 ἐπιϐουλῆς
2927 3875 3106 3952 λέγων
3141 3897 3155 3909 ’
3211 3878 3507 3954 Ἐθεώρουν
3565 3878 3654 3934 τὸν
3717 3885 3897 3934 Σατα-

2229 3971 2324 4020 νᾶν
2387 3965 2463 4028 ὡς
2528 3965 2806 4040 ἀστραπὴν
2881 3965 3113 4021 πεσόντα
3147 4009 3159 4022 .
3221 3967 3320 4036 τὴν
3380 3964 3439 4022 δὲ
3493 3966 3570 4031 εἷς
3631 3967 3898 4045 οὐρανοὺς

2231 4051 2417 4109 ἄνοδον
2477 4051 2749 4110 ὁδοποιῶν
2809 4053 3112 4126 ἀνεκαίνιζε
3187 4053 3365 4132 λέγων
3422 4056 3586 4112 πάλιν
3623 4101 3634 4114 .
3693 4059 3902 4134 ’Ἄρατε

2228 4140 2431 4209 πύλας,
2484 4143 2536 4198 οἱ
2611 4139 2899 4218 ἄρχοντες,
2979 4144 3181 4218 ὑμῶν,
3219 4145 3309 4200 καὶ
3383 4145 3672 4220 ἐπάρθητε,
3723 4145 3901 4203 πύλαι

2228 4233 2460 4288 αἰώνιοι.
2494 4231 2566 4287 Ού
2598 4233 2702 4308 γὰρ
2733 4231 2896 4295 αὐτὸς
2929 4233 2956 4288 ὁ
2989 4234 3166 4310 Λόγος
3198 4234 3266 4305 ἦν
3299 4237 3326 4291 6
3357 4235 3582 4312 χρῄζων
3639 4236 3904 4308 ἀνοίξεως

2226 4327 2334 4377 τῶν
2368 4319 2580 4394 πυλῶν,
2614 4321 2816 4398 Κύριος
2841 4327 2952 4378 τῶν
2983 4325 3194 4380 πάντων
3241 4319 3314 4379 ὥν
3351 4343 3364 4356 °
3415 4323 3540 4380 οὐδὲ
3581 4323 3908 4402 κεκλεισμέ-

2225 4433 2316 4466 νον
2365 4412 2431 4482 ἧν
2474 4433 2528 4466 τι
2580 4417 2692 4468 τῶν
2750 4414 3078 4487 ποιημάτων
3127 4419 3206 4487 τῷ
3262 4418 3470 4489 ποιητῇ
3507 4434 3521 4447 °
3554 4413 3682 4472 ἀλλ’
3729 4419 3904 4491 ἡμεῖς

460 4496 602 4570 ἦμεν
657 4497 711 4552 οἱ
755 4497 1075 4574 χρῄζοντες,
1119 4499 1214 4563 οὓς
1262 4501 1509 4578 ἀνέφερεν
1563 4499 1724 4564 αὐτὸς
1769 4498 1859 4556 διὰ
1903 4507 2000 4555 τοῦ
2053 4499 2194 4558 ἰδίου
2251 4503 2506 4576 σώματος
2556 4500 2741 4559 αὐτοῦ.
2797 4504 2885 4565 Ὧς
2935 4504 3040 4578 γὰρ
3093 4504 3224 4580 ὑπὲρ
3269 4505 3484 4561 πάντων
3537 4503 3668 4560 αύτὸ
3725 4527 3902 4584 προσ-

461 4587 661 4662 ήνεγκε
686 4591 768 4660 τῷ
797 4588 1007 4660 θανάτῷ
1035 4609 1048 4622 ’
1081 4588 1224 4644 οὕτω
1256 4586 1326 4644 δι’
1358 4589 1520 4644 αὐτοῦ
1551 4587 1714 4644 πάλιν
1741 4587 2050 4661 ὡδοποίησε
2077 4593 2175 4663 τήν
2211 4591 2287 4654 εἰς
2318 4591 2580 4666 οὐρανοὺς
2613 4587 2826 4649 ἄνοδοι.

533 4677 624 4731 25.
661 4678 832 4734 Recte
854 4695 990 4751 ergo
1011 4683 1068 4734 et
1089 4681 1499 4736 convenienter
1518 4681 1837 4736 admodum
1862 4687 2110 4738 mortem
2145 4689 2198 4753 D

466 4781 569 4837 pro
603 4767 774 4822 nobis
829 4767 888 4823 in
943 4785 1116 4824 cruce
1172 4769 1476 4825 toleravit:
1539 4771 1707 4838 cujus
1770 4769 2006 4842 quidem
2040 4773 2122 4828 rei

465 4871 646 4912 causa
675 4857 836 4912 omni
870 4873 937 4913 ex
970 4863 1134 4930 parte
1173 4863 1339 4914 rectae
1400 4859 1611 4914 rationi
1668 4859 1835 4914 valde
1867 4866 1958 4916 est
1985 4878 2120 4917 con-

466 4949 766 5015 sentanea,
797 4946 892 5002 cui
951 4964 1164 5020 nempe
1223 4948 1296 5004 sit
1353 4949 1592 5004 evidens
1646 4966 1711 5004 ac
1745 4950 2118 5022 perspicuum

465 5033 714 5090 salutem
747 5035 1012 5092 omnium
1047 5053 1162 5092 non
1195 5038 1457 5109 potuisse
1487 5036 1656 5094 aliter
1676 5055 1853 5110 quam
1873 5056 1978 5111 per
1997 5056 2126 5094 cru-

466 5138 593 5178 cem
617 5123 868 5180 restitui.
890 5125 1156 5198 Namque
1180 5143 1251 5182 ne
1275 5125 1357 5182 sic
1381 5127 1616 5198 quidem
1637 5127 1734 5184 ille
1759 5126 1846 5182 vel
1870 5128 1928 5182 in
1952 5145 2123 5184 cruce

464 5211 706 5286 ignotus
725 5229 854 5269 esse
877 5230 1090 5286 passus
1111 5219 1220 5288 est,
1272 5217 1373 5272 sed
1400 5216 1518 5272 imo
1544 5221 1797 5272 creatam
1847 5223 2121 5274 naturam

2301 4684 2389 4738 26.
2423 4683 2650 4758 Πρέπων
2681 4679 2772 4736 οὖν
2812 4680 2914 4760 ἄρα
2955 4682 3046 4738 καὶ
3096 4683 3349 4760 ἁρμόζων
3379 4685 3407 4740 ὁ
3440 4684 3490 4740 ἐν
3545 4689 3626 4759 τῷ
3682 4689 3910 4760 σταυρῷ

2231 4771 2424 4846 γέγονε
2452 4771 2678 4833 θάνατος
2736 4771 2868 4848 ὑπὲρ
2911 4773 3072 4846 ἡμῶν
3101 4791 3113 4804 ·
3141 4773 3232 4827 καὶ
3279 4775 3314 4843 ἡ
3377 4773 3524 4829 αἰτία
3563 4773 3760 4830 τούτου
3811 4771 3908 4830 εῦ-

2233 4857 2401 4934 λογος
2432 4863 2547 4930 (57)
2579 4859 2749 4938 ἐφάνη
2785 4861 2921 4915 κατὰ
2947 4862 3142 4934 πάντα,
3174 4863 3264 4918 καὶ
3297 4860 3542 4927 δικαίους
3593 4859 3709 4941 ἔχει
3765 4863 3906 4928 τοὺς

2233 4944 2560 5023 λογισμοὺς,
2590 4948 2674 5003 ὅτι
2713 4951 2788 5023 μὴ
2825 4947 3010 5014 ἄλλως
3045 4948 3190 5006 ἀλλά
3222 4949 3310 5006 διὰ
3350 4957 3448 5007 τοῦ
3508 4957 3741 5029 σταυροῦ
3786 4948 3907 5009 ἔδει

2232 5038 2474 5112 γενέσθαι
2532 5039 2631 5108 τὴν
2689 5040 2964 5117 σῶτηρίαν
3022 5045 3129 5096 τῶν
3188 5043 3426 5100 πάντων.
3479 5043 3577 5098 Καὶ
3624 5042 3729 5120 γάρ
3779 5040 3908 5098 οὐδ’

2233 5127 2408 5190 οὕτως
2471 5129 2641 5206 ἀφανῆ
2701 5129 2887 5185 ἑαυτὸν
2945 5127 3071 5186 οὐδὲ
3129 5129 3180 5186 ἐν
3234 5136 3314 5205 τῷ
3370 5136 3585 5206 σταυρῷ
3640 5131 3846 5212 ἀφῆκεν
3889 5152 3907 5166 ο

2232 5214 2378 5271 ἀλλὰ
2422 5219 2559 5273 κατὰ
2615 5218 2866 5295 περιττὸν
2921 5221 3020 5290 τὴν
3071 5220 3165 5294 μὲν
3193 5221 3365 5277 κτίσιν
3396 5219 3568 5276 ἐποίει
3604 5226 3909 5299 μαρτυρεῖν

535 5329 579 5412 ξε
609 5332 775 5386 Deut.
805 5332 1058 5412 πεζῇ-233
1110 5331 1306 5412 _Galat.
1366 5349 1450 5412 tu.
1485 5334 1538 5386 3.
1596 5334 1642 5368 σθ
1683 5333 1872 5406 Ephes
1905 5351 1966 5404 ιι,
2002 5335 2088 5389 14.

2230 5334 2380 5392 loan.
2413 5353 2493 5391 xu
2523 5337 2613 5392 32.
2647 5338 2690 5374 ⁷1
2723 5337 2917 5411 Ephes
2949 5356 3011 5410 ιι,
3044 5340 3079 5393 2
3109 5340 3153 5375 ⁷³
3181 5339 3354 5396 Hebr.
3387 5357 3446 5412 x,
3477 5340 3570 5394 20.

464 5400 508 5434 ⁷³
540 5401 679 5458 Luc.
711 5419 766 5470 χ,
802 5403 889 5458 18.
922 5404 967 5438 7"
999 5403 1148 5460 Psal.
1191 5421 1356 5474 xxm,
1385 5406 1443 5458 7.

535 5515 591 5586 (5
632 5516 995 5594 )Gobler_._et
1019 5517 1278 5594 _Felckm.
1314 5521 1338 5574 1
1390 5537 1511 5594 8.11.,
1551 5518 1810 5594 σταυρὸς,
1859 5520 1994 5573 καθά
2025 5518 2117 5593 γέ-

461 5603 718 5665 γραπται.
755 5589 980 5665 Anglis.
1003 5590 1154 5665 item
1187 5591 1288 5665 γάρ
1325 5609 1437 5647 non
1471 5591 1664 5646 habet.

536 5658 649 5736 (5:3)
670 5658 901 5736 Gobler.
927 5660 1180 5736 Eelckm.
1199 5658 1240 5718 '2
1261 5658 1356 5718 an.
1381 5670 1438 5718 et
1458 5659 1962 5736 Seguerwptklez.
1989 5665 2118 5720 Mox

468 5725 715 5808 (Fugiunt
756 5736 824 5808 ist
855 5732 1182 5808 in_Seguer,
1207 5740 1263 5788 ct
1292 5742 1398 5808 art.
1435 5736 1461 5787 ὁ
1491 5725 1621 5790 ante
1655 5725 1872 5808 ἐχθρός.

539 5800 651 5940 (ξὰζ
677 5805 782 5880 Τοῦ
813 5800 1118 5872 πνεύματος
1150 5805 1313 5861 deest
1343 5807 1400 5860 in
1433 5808 1672 5879 Seguer.

539 5873 595 5936 (ο
684 5870 777 5926 Sic
805 5872 1034 5929 Gobler.
1071 5874 1260 5933 Felck.
1315 5879 1338 5932 1
1391 5896 1485 5934 an.
1545 5884 1601 5935 et
1647 5883 1672 5934 Ε

539 5870 595 5936 (5
635 5870 651 5940 )
684 5870 777 5926 Sic
805 5870 1034 5929 Gobler.
1071 5874 1260 5933 Felck.
1315 5879 1338 5932 1
1391 5896 1485 5934 an.
1511 5870 1601 5935 “et
1647 5883 1882 5951 Seguer.
1917 5879 2116 5953 Aliizet

2237 5520 2376 5575 editi
2406 5517 2462 5575 δέ
2494 5523 2798 5580 omittunt.

2306 5595 2418 5673 (€56)
2448 5595 2712 5673 Sic_Gob.
2751 5596 2864 5673 Fel.
2904 5599 2927 5652 1
2965 5615 3060 5654 an.
3092 5602 3150 5654 et
3199 5598 3330 5670 Seg.
3366 5597 3478 5653 Alii
3505 5601 3564 5655 et
3593 5597 3684 5655 ed.
3719 5601 3912 5658 Com-

2231 5664 2367 5718 mel.
2399 5664 2662 5722 τουτέστι.

2303 5737 2413 5809 (57)
2445 5738 2776 5796 Goblerian.
2820 5744 2878 5796 et
2929 5739 3260 5798 Felckman.
3313 5743 3337 5796 1
3392 5756 3694 5814 anonym.,
3728 5737 3910 5798 εὔλο-

2227 5827 2322 5880 γον
2333 5849 2347 5863 ο
