4178 6382
377 442 489 505 141

1392 446 1685 512 ORATIO
1730 450 1833 511 DE
1876 449 2468 513 INCARNATIONE
2512 454 2773 517 VERBI.

3684 453 3798 515 142

374 574 474 644 τὴν
524 577 622 631 τοῦ
672 572 869 647 ἑαυτῆς
920 573 1262 655 δημιουργοῦ
1309 579 1606 656 παρουσίαν
1638 626 1652 641 .
1684 603 1774 637 τον
1820 580 1876 636 δὲ
1909 582 2023 637 εαυ-

2146 585 2433 641 Creatoris
2474 587 2843 659 praesentiam
2876 586 3092 644 mirum
3126 586 3186 643 in
3232 586 3473 643 modum
3503 586 3686 644 voluit
3713 591 3799 644 te-

375 669 472 720 τοῦ
528 666 654 720 ναὸν
704 667 767 721 τὸ
798 670 913 742 (58)
944 673 1104 743 σῶμα
1153 669 1251 725 οὐκ
1300 668 1387 724 ἐπὶ
1418 668 1562 725 πολὺ
1600 672 1772 744 μένειν
1805 670 2035 747 ἀνασχό-

383 775 561 827 μενος,
597 754 744 811 ἀλλά
777 756 939 831 μόνον
974 756 1147 830 δείξας
1178 758 1365 836 νεκρὸν
1398 765 1467 834 τῇ
1498 758 1594 815 τοῦ
1625 762 1852 815 θανάτου
1898 761 2032 836 πρὸς

378 843 507 900 αὐτὸ
566 845 883 922 συμπλοκῇ,
935 856 1175 919 τριταῖον
1238 849 1433 911 εὐθέως
1489 850 1767 921 ἀνέστησε,
1800 850 2034 926 τρόπαια

377 936 467 989 καὶ
498 937 650 998 νίκας
680 938 816 991 κατά
842 943 939 993 τοῦ
971 937 1197 993 Θανάτου
1232 940 1407 1017 φέρων
1436 940 1535 1009 τήν
1593 940 1642 994 έν
1693 945 1771 1012 τῷ
1822 942 2033 1015 σώματι

378 1026 679 1100 γενομένην
760 1026 1055 1106 ἀφθαρσίαν
1119 1029 1209 1083 καὶ
1268 1030 1519 1084 ἀπάθειαν
1608 1028 1861 1085 Ἠδύνατο
1939 1031 2030 1104 μὲν

376 1116 479 1190 γάρ
535 1116 625 1170 καὶ
684 1118 810 1191 παρ’
868 1118 1001 1172 αὗτά
1055 1123 1152 1173 τοῦ
1208 1120 1435 1173 θανάτου
1466 1120 1528 1174 τὸ
1561 1124 1719 1193 σῶμα
1774 1119 2034 1196 διεγεῖραι

372 1204 463 1258 καὶ
493 1202 658 1259 πάλιν
689 1203 856 1277 δεῖξαι
894 1211 996 1276 ζῶν
1036 1228 1048 1241 ο
1083 1206 1229 1262 ἀλλά
1258 1208 1347 1261 καὶ
1376 1212 1537 1263 τοῦτο
1576 1208 1758 1271 καλῶς
1790 1207 2032 1284 προϊδὼν

375 1293 402 1349 6
436 1296 633 1370 Σωτὴρ
693 1294 754 1349 οὐ
802 1296 1121 1367 πεποίηκεν.
1156 1297 1289 1352 Εἶπε
1340 1298 1445 1374 γὰρ
1509 1296 1568 1352 ἅν
1623 1320 1705 1360 τις
1770 1296 2033 1372 μηδόλως

373 1382 504 1437 αὐτὸ
560 1384 891 1456 τεθνηκέναι,
922 1387 957 1455 ἢ
1015 1384 1155 1459 μηδὲ
1210 1384 1394 1442 τέλεον
1454 1386 1617 1442 αὐτοῦ
1674 1386 1765 1443 τὸν
1812 1390 2034 1444 θάνατον

375 1470 679 1546 ἐψαυκέναι,
722 1474 767 1529 εἷ
809 1481 934 1550 παρ’
977 1474 1111 1531 αύτά
1157 1477 1256 1545 τὴν
1306 1477 1585 1531 ἀνάστασιν
1625 1478 1690 1546 ἦν
1746 1476 2030 1549 ἐπιδείξας.

371 1563 525 1637 Τάχα
568 1560 625 1618 δὲ
680 1563 769 1618 καὶ
829 1563 880 1619 έν
938 1562 1041 1637 ἷ¹σῳ
1096 1570 1193 1619 τοῦ
1243 1562 1612 1639 διαστήματος
1655 1565 1811 1629 ὄντος
1840 1573 1936 1622 τοῦ
1976 1590 2033 1622 τε

374 1652 602 1707 θανάτου
631 1652 856 1723 καὶτῆς
898 1654 1254 1727 ἀναστάσεως,
1289 1652 1495 1726 ἄδηλον
1547 1654 1749 1731 ἐγίνετο
1796 1657 1858 1711 τὸ
1906 1657 2030 1730 περὶ

373 1747 476 1810 τῆς
534 1741 830 1820 ἀφθαρσίας
885 1740 1069 1806 κλέος.
1117 1743 1411 1817 ’Ὀθεν,’ίνα
1470 1742 1662 1821 δειχθῇ
1722 1744 1908 1821 νεκρὸν
1968 1748 2030 1801 τὸ

374 1834 554 1903 σῶμα,
586 1831 675 1885 καὶ
709 1831 833 1905 μίαν
870 1832 1123 1907 ὑπέμεινε
1158 1832 1323 1907 μέσην
1369 1836 1396 1889 6
1430 1834 1630 1911 Λόγος,
1663 1836 1753 1890 καὶ
1786 1842 2026 1911 τριταῖον

370 1924 532 1974 τοῦτο
590 1926 749 1976 πᾶσιν
812 1917 1005 1993 ἔδειξεν
1065 1919 1329 2002 ἄφθαρτον
1378 1927 1575 1982 Ἕνεκα
1637 1926 1728 1999 μὲν
1791 1924 1881 1980 οῦν
1933 1931 2029 1980 τοῦ

373 2006 657 2085 δειχθῆναι
709 2012 798 2066 τὸν
858 2013 1080 2068 θάνατον
1144 2012 1194 2068 ἐν
1251 2018 1331 2086 τῷ
1387 2015 1622 2087 σώματι,
1649 2021 1887 2091 τριταῖον
1941 2017 2028 2069 ἀν-

371 2099 563 2171 έστησε
588 2106 750 2157 τοῦτο
784 2120 797 2134 ⁶
826 2100 919 2157 ἵνα
950 2100 1007 2157 δὲ
1043 2104 1116 2176 μὴ
1151 2102 1238 2158 ἐπὶ
1268 2102 1414 2158 πολὺ
1442 2101 1716 2177 διαμεῖναν
1758 2104 1847 2159 καὶ
1902 2108 2029 2183 φθα-

373 2189 459 2265 ρὶν
485 2188 671 2245 τέλεον
702 2191 921 2268 ὕστερον
976 2194 1276 2263 ἀναστήσας
1317 2194 1614 2267 ἀπιστηθῇ,
1646 2194 1721 2255 ὡς
1751 2193 1848 2248 οὐκ
1878 2195 2029 2267 αὐτὸ,

372 2276 498 2333 ἀλλ’
527 2276 711 2357 ἕτερον
746 2286 906 2355 σῶμα
936 2282 1109 2359 φέρων
1143 2300 1155 2313 °
1193 2278 1398 2355 ἔμελλε
1430 2283 1532 2359 γὰρ
1566 2280 1623 2336 ἄν
1672 2304 1754 2345 τις
1802 2286 1890 2337 καὶ
1944 2282 2031 2338 διὰ

368 2367 461 2421 τὸν
492 2370 605 2442 (59)
636 2368 835 2445 χρόνον
886 2372 1126 2425 ἀπιστεῖν
1176 2376 1255 2443 τῷ
1310 2373 1645 2448 φαινομένῳ,
1674 2371 1763 2427 καὶ
1808 2371 2028 2428 ἐπιλαν-

372 2457 615 2512 θάνεσθαι
673 2462 780 2513 τῶν
837 2460 1182 2534 γενομένων·
1218 2458 1307 2515 διὰ
1363 2464 1523 2515 τοῦτο
1582 2460 1642 2515 οὐ
1690 2459 1867 2516 πλείω
1923 2467 2027 2517 τῶν

370 2550 537 2620 τριῶν
569 2549 792 2621 ἡμερῶν
843 2550 1127 2625 ἠνέσχετο,
1161 2547 1286 2605 οὐδὲ
1318 2548 1404 2605 ἐπὶ
1434 2548 1579 2605 πολὺ
1608 2550 1735 2613 τοὺς
1767 2552 2027 2606 ἀκούσαν-

369 2656 465 2690 τας
517 2636 682 2691 αὐτοῦ
732 2638 857 2714 περὶ
904 2645 1005 2707 τῆς
1056 2639 1397 2702 ἀναστάσεως
1453 2637 1810 2717 παρείλκυσεν
1847 2661 1859 2674 ·
1906 2637 2031 2696 ἀλλ’

373 2722 451 2779 ἔτι
499 2729 607 2780 τῶν
658 2726 835 2782 ἀκοῶν
881 2728 1057 2783 αὐτῶν
1110 2726 1335 2784 ἔναυλον
1391 2728 1630 2805 ἐχόντων
1666 2727 1819 2803 [ἴσως
1864 2728 2027 2805 έχουη

370 2816 503 2888 σῶν]
530 2812 622 2870 τὸν
675 2814 865 2891 λόγον,
896 2817 986 2871 καὶ
1039 2813 1115 2872 ἔτι
1158 2822 1265 2873 τῶν
1328 2817 1626 2896 ὀφθαλμῶν
1676 2818 1850 2873 αὐτῶν
1885 2816 2029 2874 ἐκδε-

370 2904 644 2979 χομένων,
704 2906 795 2960 καὶ
850 2913 953 2977 τῆς
1013 2904 1251 2969 διανοίας
1310 2907 1484 2963 αὐτῶν
1543 2909 1883 2981 ἠρτημένης,
1938 2910 2028 2963 καὶ

372 2994 583 3063 ζώντων
646 2993 733 3049 ἐπὶ
794 3003 900 3071 γῆς
962 2994 1061 3065 ἔτι,
1093 2998 1182 3051 καὶ
1218 2996 1304 3052 ἐπὶ
1335 2997 1516 3053 τόπων
1694 2993 1861 3053 ὄντων
1921 3004 2029 3053 τῶν

366 3082 806 3157 θανατωσάντων,
837 3086 927 3139 καὶ
989 3085 1406 3160 μαρτυρούντων
1462 3088 1587 3162 περὶ
1643 3092 1740 3141 τοῦ
1800 3089 2026 3143 θανάτου

363 3177 461 3227 τοῦ
492 3178 753 3247 κυριακοῦ
786 3174 1062 3247 σώματος,
1093 3174 1251 3237 αὐτὸς
1280 3176 1308 3230 6
1338 3180 1435 3231 τοῦ
1468 3180 1601 3231 Θεοῦ
1636 3178 1757 3239 Υἱὸς
1808 3176 1858 3232 ἐν
1908 3198 2025 3251 τρι-

364 3259 504 3333 ταίῳ
556 3258 884 3336 διαστήματι
932 3264 994 3318 τὸ
1042 3265 1333 3339 γενόμενον
1394 3267 1576 3340 νεκρὸν
1626 3271 1785 3339 σῶμα
1834 3263 2023 3337 ἔδειξεν

366 3349 628 3405 ἀθάνατον
687 3353 777 3406 καὶ
854 3350 1119 3430 ἄφθαρτον
1156 3373 1169 3385 ·

369 3437 470 3493 οὐκ
496 3439 735 3511 ἀσθενείᾳ
782 3440 990 3519 φύσεως
1032 3447 1129 3496 τοῦ
1181 3442 1517 3505 ἐνοικοῦντος
1567 3443 1747 3518 Λόγου
1802 3446 2026 3516 τέθνηκε

366 3528 430 3582 τὸ
487 3532 666 3603 σῶμα,
703 3527 831 3584 ἀλλ’
881 3529 968 3585 ἐπὶ
1015 3535 1095 3603 τῷ
1142 3532 1232 3587 τὸν
1275 3532 1499 3588 θάνατον
1532 3533 1935 3611 έξαφανισθῆναι
1970 3534 2020 3589 έν

369 3616 516 3690 αὐτῷ
544 3621 613 3692 τῇ
646 3618 870 3693 δυνάμει
901 3623 998 3674 τοῦ
1030 3626 1313 3694 Σωτῆρος.

2148 676 2409 731 stiﬁcari.
2435 677 2740 748 Templum
2767 695 3000 749 quoque
3018 695 3190 733 suum
3215 694 3425 749 nempe
3448 694 3662 749 corpus
3682 695 3795 733 non

2146 766 2246 819 diu
2305 766 2571 821 exanime
2621 768 2817 837 jacere
2876 767 3032 831 sivit,
3091 768 3191 822 sed
3242 783 3375 821 cum
3404 766 3549 820 illud
3586 767 3793 821 mortis

2142 871 2459 924 congressu
2493 860 2789 909 mortuum
2824 855 3374 922 ostendisset,tertia
3400 855 3493 910 die
3527 856 3723 909 statim
3758 872 3791 909 a

2146 944 2393 999 mortuis
2425 944 2709 1012 excitacit,
2746 945 3002 1015 corporis
3032 944 3527 1015 incorruptionem
3558 948 3615 998 et
3636 944 3798 999 indo-

2144 1033 2406 1103 lentiam,
2441 1032 2617 1087 veluti
2648 1034 2906 1105 trophma
2936 1038 2990 1088 et
3020 1034 3265 1105 palmas,
3300 1038 3484 1088 morte
3515 1034 3667 1087 victa
3706 1050 3794 1088 re-

2146 1128 2405 1194 portans.
2443 1123 2669 1177 Poterat
2702 1123 2939 1194 quidem
2964 1124 3165 1178 statim
3198 1126 3329 1195 post
3360 1126 3604 1177 mortem
3666 1139 3791 1177 cor-

2145 1229 2257 1284 pus
2283 1212 2639 1267 exsuscitare
2670 1217 2725 1266 et
2753 1213 2946 1266 vivum
2979 1212 3189 1267 iterum
3222 1212 3544 1267 ostendere.
3574 1212 3791 1266 Verum

2144 1301 2201 1357 id
2236 1317 2350 1357 non
2387 1302 2513 1357 sine
2546 1318 2761 1372 magna
2789 1302 3152 1373 providentia
3182 1303 3368 1357 facere
3390 1301 3788 1357 noluitSalva-

2141 1392 2251 1444 tor.
2295 1389 2597 1461 Siquidem
2621 1389 2757 1443 inde
2778 1389 3065 1461 potuisset
3086 1390 3298 1461 aliquis
3328 1389 3614 1461 suspicari
3646 1389 3790 1445 illud

2143 1495 2514 1550 nequaquam
2540 1482 2837 1533 mortuum
2870 1478 3169 1545 esse,velle
3200 1496 3314 1533 non
3343 1478 3601 1533 omnimo
3624 1480 3724 1535 56
3761 1496 3793 1533 a

2144 1572 2328 1623 morte
2358 1572 2580 1624 tactum
2614 1568 2815 1633 fuisse,
2851 1568 2898 1621 si
2936 1568 3536 1623 illicoresurrexisset.
3560 1568 3790 1623 Fortas-

2142 1657 2223 1713 sis
2254 1657 2427 1713 etiam
2463 1658 2511 1713 si
2542 1659 2745 1713 eodem
2778 1657 3057 1729 temporis
3073 1657 3260 1729 spatio
3283 1673 3440 1712 mors
3463 1661 3517 1711 et
3535 1673 3790 1712 resurre-

2141 1748 2253 1803 ctio
2312 1748 2664 1812 evenissent,
2722 1746 3178 1819 incorruptionis
3222 1747 3400 1801 decus
3428 1746 3715 1801 incertum
3738 1750 3794 1801 et

2139 1836 2406 1909 ignotum
2456 1837 2681 1892 fuisset.
2744 1837 3045 1904 Quocirca,
3096 1840 3159 1891 ut
3226 1853 3436 1907 corpus
3492 1839 3791 1891 mortuum

2142 1926 2325 1982 fuisse
2354 1926 2871 1993 constaret,media
2890 1944 3003 1981 una
3021 1927 3113 1981 die
3138 1942 3380 1998 passum
3400 1928 3487 1980 est
3508 1926 3785 1996 Verbum,

2142 2019 2197 2069 et
2228 2031 2439 2085 corpus
2462 2018 2633 2070 tertia
2655 2016 2747 2070 die
2780 2017 3053 2070 omnibus
3085 2016 3485 2086 incorruptum
3512 2014 3787 2069 ostendit.

2141 2104 2363 2175 Itaque,
2396 2108 2461 2159 ut
2490 2122 2701 2176 corpus
2720 2121 2852 2159 vere
2879 2108 3175 2159 mortuum
3202 2105 3385 2159 fuisse
3407 2104 3787 2159 manifestum

2139 2199 2315 2259 esset,
2343 2192 2487 2248 illud
2519 2194 2704 2249 terdia
2735 2194 2828 2249 die
2856 2193 3248 2249 exsuscitavit.
3282 2193 3362 2248 Ne
3384 2196 3577 2248 autem
3602 2192 3677 2263 ,id
3700 2192 3793 2247 in-

2141 2279 2416 2335 credibile
2469 2280 2785 2347 videretur,
2828 2280 3105 2351 aliudque
3156 2297 3288 2335 eum
3331 2280 3546 2336 habere
3576 2296 3787 2351 corpus

2140 2376 2409 2443 putarent
2432 2370 2776 2441 homines,si
2796 2370 3075 2427 nimirum
3096 2387 3208 2425 non
3226 2370 3337 2424 nisi
3370 2374 3500 2441 post
3529 2368 3782 2423 multum

2139 2461 2444 2533 temporis,
2477 2478 2610 2515 cum
2636 2462 2761 2530 jam
2795 2460 3029 2532 penitus
3050 2460 3254 2515 fuisset
3273 2456 3784 2530 corruptum,illud

2138 2551 2266 2605 vitae
2318 2550 2607 2606 reddisset
2636 2553 2764 2621 (nec
2814 2549 2965 2605 enim
3021 2549 3347 2605 defuissent
3403 2548 3504 2619 qui
3552 2551 3787 2620 propter

2139 2640 2464 2713 longiorem
2496 2654 2723 2695 moram
2756 2640 2929 2694 ﬁdem
2963 2656 3077 2693 non
3128 2638 3490 2709 adhiberent,
3546 2642 3602 2693 et
3659 2654 3786 2709 quae

2140 2734 2271 2785 acta
2299 2733 2496 2785 essent
2524 2728 3065 2797 obliviscerentur):
3102 2727 3319 2783 Idcirco
3359 2743 3473 2781 non
3532 2726 3787 2799 amplius

2140 2836 2315 2891 quam
2348 2823 2467 2874 tres
2499 2819 2623 2874 dies
2655 2818 3031 2889 exspectavit,
3060 2834 3248 2889 neque
3277 2816 3409 2871 illos
3441 2816 3541 2887 qui
3599 2832 3660 2871 se
3717 2817 3787 2870 de

2141 2909 2600 2964 ressurrectione
2613 2908 2901 2964 dicentem
2918 2908 3228 2963 audierant
3248 2908 3306 2960 in
3330 2906 3564 2978 longius
3596 2905 3785 2960 distu-

2138 2999 2208 3054 lit
2230 3000 2373 3055 :ised
2406 3016 2537 3053 cum
2573 3000 2700 3070 ejus
2730 2998 2921 3053 verbis
2948 2997 3184 3053 illorum
3218 3014 3388 3051 aures
3414 2994 3608 3052 adhuc
3657 3011 3785 3067 per—

2139 3093 2453 3157 sonarent;
2488 3106 2620 3143 cum
2654 3104 2786 3142 eum
2841 3087 3033 3141 adhuc
3092 3086 3325 3142 attentis
3379 3088 3784 3157 exspectarent

2138 3177 2347 3245 oculis,
2405 3182 2461 3233 et
2518 3177 2713 3233 animo
2773 3180 2968 3232 essent
2997 3176 3308 3247 suspensi:
3344 3191 3476 3230 cum
3502 3173 3692 3229 adhuc
3723 3172 3782 3227 in

2136 3272 2294 3323 terra
2321 3268 2577 3322 viverent
2607 3272 2662 3321 et
2694 3266 2902 3321 iisdem
2945 3266 3002 3319 in
3061 3264 3203 3320 locis
3260 3268 3634 3319 versarentur
3681 3263 3782 3335 qui

1216 3355 1305 3408 καὶ
1354 3352 1637 3430 ἀνεδείχθη
1700 3362 1883 3425 πᾶσιν,
1941 3356 2021 3412 ὅτι

2138 3356 2304 3411 illum
2336 3356 2747 3411 occiderantet
2770 3355 2974 3410 mortis
2998 3354 3282 3409 Dominici
3313 3353 3572 3425 corporis
3604 3356 3779 3407 testes

2133 3451 2335 3513 erant;
2370 3446 2495 3517 ipse
2526 3447 2621 3500 Dei
2657 3445 2835 3500 Filius
2869 3461 3101 3515 corpus,
3136 3444 3290 3514 quod
3321 3442 3499 3496 trium
3549 3442 3776 3495 dierum

2130 3536 2319 3607 spatio
2352 3539 2649 3590 mortuum
2678 3535 2885 3599 fuerat,
2921 3532 3252 3587 immortale
3282 3535 3337 3586 et
3375 3531 3779 3602 incorruptum

2129 3624 2411 3694 exhibuit,
2446 3623 2757 3696 palamque
2797 3622 3012 3677 factum
3059 3626 3148 3677 est
3199 3638 3313 3676 non
3382 3619 3781 3675 imbecillitate

370 3711 592 3764 natura;
650 3709 819 3767 Verbi
874 3709 1262 3767 inhabitantis
1316 3716 1617 3768 mortuum
1676 3730 1805 3770 csse
1864 3731 2098 3787 corpus,
2130 3713 2231 3769 sed
2264 3716 2329 3769 ut
2359 3730 2517 3768 mors
2564 3712 2777 3767 virtute
2832 3710 3149 3767 Salvatoris
3192 3710 3253 3765 in
3290 3709 3417 3781 ipso
3451 3710 3779 3765 destruere-

368 3800 486 3853 tur.

434 3887 525 3941 27.
558 3889 664 3940 Τοῦ
721 3886 816 3960 μὲν
874 3888 978 3964 γὰρ
1035 3885 1433 3944 καταλελύσθαι
1487 3891 1577 3945 τὸν
1634 3892 1879 3963 θάνατον,
1930 3891 2020 3946 καί

362 3973 517 4044 νίκην
567 3977 685 4030 κατ’
737 3975 900 4031 αὐτοῦ
958 3979 1279 4053 γεγενῆσθαι
1331 3980 1421 4033 τὸν
1480 3981 1724 4055 σταυρὸν,
1755 3982 1844 4036 καὶ
1910 4004 2017 4055 μη-

359 4063 475 4117 κέτι
507 4060 699 4119 λοιπὸν
738 4063 967 4142 ἰσχύειν,
1002 4063 1129 4121 ἀλλ’
1160 4066 1291 4122 εἶναι
1320 4068 1507 4145 νεκρὸν
1552 4070 1710 4125 αὐτὸν
1773 4070 2015 4142 ἀληθῶς,

360 4153 648 4228 γνώρισμα
699 4153 799 4209 οὐκ
830 4152 1019 4230 ὀλίγον
1079 4156 1168 4211 καὶ
1219 4158 1401 4220 πίστις
1463 4157 1695 4235 ἐναργὴς
1753 4160 1816 4215 τὸ
1872 4162 2019 4237 παρά

358 4242 575 4297 πάντων
606 4246 712 4298 τῶν
762 4248 860 4299 τοῦ
919 4250 1154 4320 Χριστοῦ
1214 4249 1465 4317 μαθητῶν
1528 4249 1685 4304 αὐτὸν
1745 4271 2018 4329 καταφρο-

358 4332 579 4404 νεῖσθαι,
608 4331 698 4386 καὶ
754 4332 953 4395 πάντας
1003 4329 1292 4391 ἐπιϐαίνειν
1352 4338 1469 4391 κατ’
1524 4338 1708 4411 αὐτοῦ,
1766 4341 1855 4393 καὶ
1914 4362 2017 4409 μη-

358 4420 472 4475 κέτι
507 4415 785 4499 φοϐεῖσθαι
815 4425 1029 4492 τοῦτον,
1065 4421 1212 4478 ἀλλὰ
1256 4429 1335 4497 τῷ
1382 4427 1597 4499 σημείῳ
1640 4432 1737 4482 τοῦ
1787 4433 2017 4503 σταυροῦ

358 4510 449 4565 καὶ
495 4513 563 4584 τῇ
623 4508 700 4572 εἷς
747 4512 974 4585 Χριστὸν
1020 4512 1197 4567 πίστει
1244 4520 1565 4569 καταπατεῖν
1618 4515 1774 4571 αὐτὸν
1825 4517 1900 4579 ὡς
1930 4539 2016 4573 νε-

356 4598 509 4675 κρόν.
543 4598 722 4655 Πάλαι
758 4601 852 4674 μὶν
883 4601 986 4678 γὰρ
1018 4600 1143 4678 πρὶν
1184 4603 1281 4672 τήν
1329 4603 1471 4659 θείαν
1518 4603 1811 4679 ἐπιδημίαν
1872 4608 2018 4682 γενέ-

2201 3894 2291 3948 27.
2323 3892 2568 3948 Mortem
2600 3891 2757 3946 enim
2790 3888 3138 3945 dissolutam
3173 3905 3301 3943 esse
3332 3891 3388 3943 et
3413 3904 3581 3942 cruce
3622 3887 3780 3942 devi-

2131 3989 2304 4051 ctam,
2338 3998 2443 4036 ncc
2463 3997 2591 4035 eam
2618 3978 2871 4050 amplius
2902 3978 3019 4033 vim
3051 3977 3231 4033 ullam
3264 3977 3479 4032 habere
3509 3977 3608 4031 sed
3649 3992 3781 4033 vere

2130 4075 2421 4125 mortuam
2454 4086 2602 4137 esse,
2637 4086 2752 4124 non
2776 4072 2950 4123 tenue
2982 4070 3393 4139 argumentum
3425 4066 3525 4121 sed
3578 4066 3779 4122 certis-

2129 4160 2346 4215 simum
2381 4160 2665 4214 indicium
2698 4162 2787 4213 est
2816 4157 2969 4229 quod
2993 4158 3063 4213 ab
3096 4156 3370 4210 omnibus
3420 4155 3634 4210 Christi
3689 4156 3779 4210 di-

2128 4248 2372 4321 scipulis
2430 4248 2531 4303 illa
2562 4251 2991 4315 contemnatur,
3016 4262 3338 4315 omnesque
3368 4245 3558 4299 eidem
3590 4244 3776 4299 insul-

2126 4343 2270 4407 tent,
2297 4356 2400 4395 nec
2424 4340 2591 4410 jamb
2617 4338 2688 4393 ab
2711 4337 2826 4392 illis
2848 4337 3146 4402 timeatur,
3169 4335 3268 4389 sed
3289 4333 3455 4404 signo
3508 4333 3698 4388 crucis
3720 4338 3778 4389 et

2129 4429 2240 4485 ﬁde
2270 4429 2486 4485 Christi
2518 4433 2799 4497 tanquam
2830 4430 3063 4480 mortua
3092 4422 3483 4479 conculcetur.
3518 4421 3668 4477 Olim
3702 4423 3777 4477 si-

2128 4518 2364 4590 quidem
2398 4521 2529 4572 ante
2561 4516 2824 4571 divinum
2866 4514 3182 4569 Salvatoris
3229 4513 3570 4579 adventum,
3627 4512 3773 4583 ipsis

2127 4608 2305 4663 etiam
2363 4606 2583 4661 sanctis
2634 4621 2792 4659 mors
2848 4608 2973 4658 erat
3002 4601 3299 4673 terribilis,
3341 4600 3652 4671 cunctique
3674 4617 3772 4657 eos

359 4690 477 4743 σθαι
508 4694 607 4743 τοῦ
640 4696 925 4766 Σωτῆρος,
960 4686 1190 4769 φοϐερὸς
1221 4692 1287 4762 ἦν
1318 4693 1409 4748 καὶ
1442 4693 1626 4757 αὐτοῖς
1670 4701 1785 4757 τοῖς
1836 4698 2013 4771 ἁγίοις

2138 4696 2227 4768 qui
2263 4695 2959 4764 moriebanturtanquam
2984 4696 3294 4763 pereuntes
3317 4691 3771 4746 deﬂebant.Jam

359 4779 388 4833 6
420 4779 671 4847 θάνατος,
727 4779 818 4834 καὶ
868 4783 981 4854 (61)
1014 4780 1208 4844 πάντες
1258 4780 1385 4845 τοὺς
1446 4784 1878 4855 ἀποθνήσκοντας
1938 4786 2013 4848 ὡς

359 4867 751 4945 φθειρομένους
808 4867 1105 4945 ἐθρήνουν
1140 4867 1261 4948 ἄρτι
1320 4870 1379 4927 δὲ
1431 4878 1527 4928 τοῦ
1579 4880 1840 4950 Σωτῆρος
1894 4876 2014 4929 ἀνα-

358 4958 658 5028 στήσαντος
691 4957 754 5011 τὸ
785 4961 965 5031 σῶμα,
999 4958 1178 5014 οὐκέτι
1233 4961 1325 5033 μὲν
1357 4963 1384 5017 ὁ
1415 4962 1639 5025 θάνατός
1685 4962 1796 5018 ἐστι
1852 4960 2012 5043 φοϐε-

361 5046 478 5122 ρὸς,
509 5047 705 5109 πάντες
739 5043 797 5101 δὲ
849 5048 902 5101 οἱ
947 5052 1027 5120 τῷ
1074 5054 1289 5125 Χριστῷ
1334 5050 1699 5125 πιστεύοντες,
1733 5053 1807 5115 ὡς
1858 5051 2009 5107 οὐδὲν

358 5135 518 5193 αὐτὸν
581 5131 709 5190 ὄντα
760 5141 989 5191 πατοῦσι
1045 5136 1133 5192 καί
1170 5137 1381 5211 μᾶλλον
1414 5142 1769 5213 ἀποθνήσκειν
1803 5143 2013 5217 αἱροῦν-

355 5245 467 5297 ται,
526 5225 562 5295 ἢ
620 5225 951 5303 ἀρνήσασθαι
1010 5228 1110 5296 τὴν
1160 5228 1237 5290 εἷς
1294 5231 1519 5304 Χριστὸν
1580 5230 1781 5288 πίστιν.
1842 5233 2011 5289 Ἰσασι

356 5316 461 5391 γὰρ
520 5309 714 5389 ὅντως,
748 5314 832 5370 ὅτι
862 5314 1292 5387 ἀποθνήσκοντες
1338 5318 1437 5374 οὐκ
1476 5318 1833 5391 ἀπόλλυνται,
1867 5319 2014 5376 ἀλλὰ

432 5514 545 5590 (ξβ)
576 5513 912 5590 ξεεζυθιιητό
934 5516 1134 5590 habet,
1167 5518 1323 5589 quod
1354 5518 1452 5575 alii
1482 5524 1539 5576 et
1568 5521 1707 5577 editi
1730 5520 2012 5578 omittunt

431 5587 549 5665 (§9(
577 5587 932 5665 Sic—Gobler.
978 5587 1231 5665 Eelckm.
1267 5591 1293 5644 1
1326 5608 1424 5665 an.
1484 5597 1540 5647 et
1574 5592 2009 5665 ‘Seguerianus.

360 5654 560 5737 _Alii_et
588 5658 981 5737 editi,_a6fcdv_._
1000 5660 1172 5737 Iidem
1206 5662 1381 5734 paulo
1405 5668 1539 5720 ante
1569 5654 1847 5737 διαμεῖναν
1902 5666 2012 5721 ha-

362 5727 525 5806 bent,
559 5730 659 5806 υ]ρί
680 5731 784 5806 alii
811 5736 870 5788 et
893 5732 1056 5806 editi,
1080 5727 1379 5806 διαμέῖνον.

434 5800 547 5875 (60)
577 5802 638 5860 Si
668 5802 812 5861 Gob.
846 5807 903 5861 et
933 5804 1123 5862 Felck.
1158 5800 1186 5863 ί
1210 5823 1284 5863 an
1314 5810 1389 5864 At
1416 5806 1515 5865 alii
1544 5811 1603 5865 et
1630 5808 2011 5877 edim-conm».

2125 4790 2344 4852 autem,
2380 4789 2689 4856 postquam
2722 4781 2985 4838 Salvator
3004 4798 3218 4851 corpus
3251 4796 3425 4834 suum
3460 4797 3493 4835 a
3523 4782 3775 4836 mortuis

2124 4875 2414 4942 excitavit,
2441 4890 2596 4928 mors
2628 4890 2743 4927 non
2778 4870 3032 4942 amplius
3063 4868 3343 4925 terribilis
3380 4872 3468 4924 est
3494 4869 3591 4923 sed
3646 4886 3771 4924 0m-

2125 4980 2249 5030 nes,
2276 4964 2374 5034 qui
2407 4963 2637 5017 Christo
2664 4962 2935 5028 credunt,
2967 4976 3095 5015 eam
3130 4964 3411 5029 tanquam
3446 4975 3572 5031 quae
3622 4958 3769 5013 nihil

2124 5053 2201 5108 sit
2229 5052 2476 5117 calcant,
2519 5052 2833 5124 potiusque
2885 5050 3031 5104 mori
3081 5047 3306 5121 eligunt
3357 5063 3534 5119 quam
3594 5048 3767 5102 fidem

2122 5142 2292 5198 Cristi
2354 5158 2586 5214 negare.
2637 5140 2927 5196 Nimirum
2973 5143 3129 5194 certo
3161 5137 3355 5193 sciunt
3376 5154 3436 5192 se
3468 5136 3770 5192 moriendo

2122 5248 2238 5287 non
2269 5230 2477 5302 perire.
2512 5230 2611 5285 sed
2640 5228 2827 5283 vivere
2856 5233 2913 5283 et
2956 5228 3327 5297 incorruptos
3374 5241 3475 5296 per
3518 5241 3771 5279 resurre-

2122 5320 2373 5376 ctionem
2403 5319 2548 5389 ﬁeri,
2582 5316 2681 5372 llle
2704 5320 2899 5372 autem
2933 5315 3033 5386 qui
3059 5314 3227 5369 nobis
3258 5317 3429 5368 antea
3458 5316 3645 5367 morte
3666 5312 3771 5369 im-

2121 5519 2252 5576 Mox
2281 5517 2423 5573 ibid.
2457 5516 2695 5587 Seguer.
2732 5510 3016 5587 μαρτύρων
3046 5509 3142 5587 τού
3174 5510 3422 5587 θάνατον,

2196 5592 2305 5661 (61)
2338 5594 2465 5643 Ηίεο
2494 5578 2669 5641 νξτὺθ.
2699 5578 3024 5661 φοϐερὸς-ἧν
3045 5581 3145 5661 -καὶ
3179 5581 3389 5661 -αύτοῖς
3444 5583 3561 5661 τοξίς
3593 5578 3771 5653 ἁγίοις

2122 5665 2153 5714 ῦ
2184 5654 2432 5727 θάνατος,
2463 5657 2575 5725 καί,
2610 5654 2887 5712 αὺεύηῐά
2918 5654 3147 5710 Gobler.
3179 5655 3435 5710 Felckm.
3499 5655 3523 5708 1
3583 5670 3680 5708 an.
3715 5657 3774 5708 et

2123 5738 2357 5805 Seguer.
