4160 6388
329 414 444 477 M3

862 411 930 474 S.
977 412 1409 475 ATHANASII
1451 412 1627 474 OPP.
1675 411 1873 474 PARS
1917 411 1966 472 Ι.
1998 443 2076 456 -
2118 408 2540 472 HISTORICA
2582 408 2685 470 ET
2728 403 3211 470 DOGMATICA.

3631 398 3750 460 144

322 546 504 621 probe
533 544 858 602 insultabat
888 544 1178 612 diabolus,
1241 544 1450 601 solutis
1498 545 1707 601 mortis
1760 544 1975 601 dolori-

2098 541 2181 596 καὶ
2216 546 2365 613 ζῶσι,
2399 541 2489 597 καὶ
2522 538 2784 620 ἄφθαρτοι
2815 537 2906 594 διὰ
2949 544 3052 607 τῆς
3099 535 3440 597 ἀναστάσεως
3484 530 3745 609 γίνονται.

324 636 438 693 bus
466 637 531 703 ⁷⁵,
563 635 725 692 solus
754 651 884 691 vere
916 638 1184 689 mortuus
1218 634 1470 703 mansit;
1515 635 1685 705 cujus
1737 634 1975 706 quidem

323 726 410 782 rei
442 726 679 798 signum
706 727 817 795 est,
848 723 1005 794 quod
1038 721 1309 778 homines
1367 727 1685 795 antequam
1746 723 1976 779 Christo

322 815 564 871 credant
594 817 843 868 mortem
875 816 940 866 ut
968 811 1288 868 terribilem
1323 812 1661 867 intueantur
1708 817 1765 868 et
1822 812 1975 867 refu-

322 903 522 976 giant:
556 907 756 974 postea
784 917 917 955 vero
947 917 1124 971 quam
1150 901 1221 955 ad
1248 900 1410 956 illius
1441 902 1617 956 fidem
1649 906 1707 956 et
1762 900 1976 955 doctri-

323 1009 461 1049 nam
492 990 853 1058 transierint,
878 989 1019 1045 adeo
1050 990 1276 1046 fortiter
1305 994 1553 1046 mortem
1585 993 1889 1061 spernunt,
1915 993 1980 1044 ut

320 1085 379 1137 et
408 1080 559 1136 mira
588 1078 889 1135 alacritate
918 1079 990 1134 ad
1021 1094 1149 1134 eam
1182 1084 1495 1151 properent
1525 1085 1579 1135 et
1610 1084 1789 1134 testes
1835 1079 1980 1133 ﬁant

321 1168 765 1225 resurrectionis
826 1184 1007 1239 quam
1066 1167 1331 1224 Salvator
1390 1174 1594 1225 contra
1650 1167 1812 1223 illam
1846 1184 1978 1239 pro-

324 1256 506 1313 duxit.
530 1256 677 1311 Aine
706 1255 819 1328 ipsi
849 1256 1025 1311 etiam
1058 1255 1312 1313 infantes
1333 1256 1479 1312 mori
1512 1256 1981 1325 testinant,sese-

323 1362 435 1418 que
465 1349 671 1401 contra
699 1350 946 1400 mortem
970 1361 1084 1399 non
1106 1345 1215 1399 viri
1239 1350 1469 1401 tantum
1494 1346 1595 1401 sed
1626 1351 1683 1400 et
1707 1345 1981 1405 mulieres

321 1439 612 1492 exercent.
644 1434 731 1489 Ita
760 1431 985 1489 scilicet
1014 1434 1252 1490 inﬁrma
1278 1435 1431 1490 facta
1460 1441 1551 1490 est
1582 1439 1648 1490 ut
1676 1440 1733 1490 et
1770 1434 1979 1490 mulie-

322 1541 437 1592 res,
472 1540 618 1597 quas
648 1522 813 1595 prius
847 1522 1170 1595 deceperat,
1206 1541 1361 1579 nunc
1401 1524 1486 1579 illi
1545 1524 1707 1580 velut
1738 1530 1980 1580 mortuae

319 1621 377 1671 et
405 1611 704 1670 dissolutae
730 1609 1000 1666 illudant.
1035 1611 1543 1676 Quemadmodum
1598 1613 1756 1669 enim
1815 1613 1865 1669 si
1898 1617 1983 1687 ty-

326 1717 551 1759 rannus
582 1700 797 1772 aliquis
829 1717 863 1755 a
889 1717 1022 1756 vero
1056 1716 1190 1773 rege
1218 1706 1554 1774 superatus,
1607 1703 1883 1759 manibus
1914 1720 1980 1760 ac

325 1792 574 1865 pedibus
606 1788 918 1855 vinciatur,
941 1807 1113 1846 nemo
1134 1792 1259 1862 jam
1318 1791 1452 1847 illac
1484 1793 1806 1860 transierit,
1836 1794 1979 1865 quin

324 1897 462 1938 eum
484 1879 744 1944 irrideat,
774 1878 1037 1934 verberet
1066 1897 1132 1935 ac
1166 1881 1476 1945 distrahat,
1538 1883 1668 1952 ejus
1717 1882 1973 1938 furorem

326 1974 385 2026 et
413 1967 695 2025 Saevitiam
725 1967 798 2023 ob
826 1966 1131 2024 victoriam
1164 1987 1198 2025 a
1227 1985 1361 2043 rege
1388 1970 1459 2025 de
1488 1969 1589 2026 illo
1629 1976 1984 2043 reportatam

329 2077 446 2116 non
473 2056 728 2130 amplius
785 2056 1171 2115 extimescens
1205 2075 1217 2113 :
1271 2060 1353 2115 ita
1382 2059 1611 2115 devicta
1641 2065 1828 2116 morte
1857 2066 1915 2116 et
1945 2079 1979 2117 a

325 2148 621 2207 Salvatore
652 2146 712 2200 in
738 2161 907 2202 cruce
937 2147 1091 2203 velut
1123 2148 1182 2203 in
1215 2148 1384 2220 cippo
1416 2148 1666 2220 pedibue
1706 2151 1985 2207 manibus

326 2255 441 2312 que
463 2235 662 2309 ligatis
682 2234 965 2307 exposita,
996 2253 1221 2306 omnes,
1256 2237 1357 2309 qui
1386 2238 1446 2293 in
1501 2238 1729 2295 Christo
1788 2244 1983 2296 trans-

326 2332 486 2395 eunt,
510 2342 640 2384 eam
669 2326 768 2385 51
804 2323 1097 2398 intrepide
1127 2325 1375 2397 calcant,
1408 2330 1465 2383 et
1495 2327 1727 2384 Christo
1776 2329 1986 2385 dantes

326 2418 751 2476 testimonium.
786 2422 1036 2474 mortem
1091 2416 1359 2471 derident
1412 2421 1469 2471 et
1516 2416 1731 2472 acriter
1787 2418 1983 2488 objur-

326 2512 488 2580 gant,
536 2525 606 2565 ea
656 2525 783 2581 quae
842 2522 1023 2579 supra
1080 2504 1301 2576 scripta
1358 2510 1501 2560 suut
1557 2505 1825 2561 dicente:
1888 2506 1988 2564 Ubi

327 2605 427 2665 est,
483 2613 654 2667 mors,
706 2597 940 2655 victoria
988 2593 1128 2650 tua?
1187 2595 1289 2651 Ubi
1335 2602 1482 2660 tuus,
1514 2595 1751 2666 inferne,
1782 2598 1987 2652 stimu-

331 2685 417 2742 ιω
446 2687 538 2740 7°?

2088 631 2328 693 Ἐκεῖνος
2360 628 2418 686 δὲ
2448 631 2476 685 6
2508 619 2677 685 πάλαι
2734 633 2814 702 τῷ
2863 628 3077 699 θανάτῳ
3117 629 3381 701 ,πονηρῶς
3430 624 3543 699 (62)
3594 619 3748 678 ἐναλ-

2090 719 2325 793 λόμενος
2358 713 2641 788 διάϐολος,
2673 715 2935 772 λυθεισῶν
2966 715 3130 771 αὐτοῦ
3161 717 3270 769 τῶν
3305 710 3535 785 ὠδίνων,
3569 707 3749 786 ἔμεινε

2094 808 2264 881 μόνος
2310 808 2531 880 ἀληθῶς
2587 807 2795 883 νεκρός.
2847 806 2949 863 Καὶ
3004 805 3201 860 τούτου
3262 804 3583 879 τεκμήριον,
3641 800 3747 875 ὅτι,

2089 897 2216 974 πρὶν
2275 897 2645 953 πιστεύσουσιν
2703 899 2816 970 (63)
2864 896 2917 951 οἱ
2964 892 3234 970 ἅνθρωποι
3272 897 3352 965 τῷ
3384 896 3618 966 Χριστῷ,
3650 912 3747 969 φο-

2090 982 2246 1059 ϐερὸν
2290 988 2381 1042 τὸν
2432 986 2653 1041 θάνατον
2703 987 2871 1060 ὁρῶσι
2921 984 3011 1039 καὶ
3055 980 3332 1038 δειλιῶσιν
3365 980 3523 1036 αὐτόν
3559 998 3571 1012 ’
3608 980 3751 1036 ἐπει-

2090 1073 2181 1130 δᾶν
2219 1073 2276 1131 δὲ
2307 1076 2381 1138 εἷς
2413 1078 2511 1145 τὴν
2543 1074 2749 1134 ἐκείνου
2791 1074 2969 1129 πίστιν
3017 1073 3106 1128 καὶ
3156 1069 3507 1128 διδασκαλίαν
3562 1067 3751 1144 μετέλ-

2088 1166 2245 1237 θωσι,
2296 1169 2552 1220 τοσοῦτον
2609 1167 3006 1243 καταφρονοῦσι
3062 1166 3160 1217 τοῦ
3219 1161 3467 1233 θανάτου,
3529 1159 3606 1222 ὡς
3660 1158 3750 1214 καὶ

2088 1254 2388 1331 προθύμως
2460 1253 2542 1310 ἐπ’
2595 1253 2752 1309 αὐτὸν
2805 1254 2998 1326 ὁρμᾷν,
3050 1251 3139 1307 καὶ
3189 1251 3461 1326 μάρτυρας
3507 1248 3747 1324 γίνεσθαι

2088 1351 2191 1413 τῆς
2247 1350 2362 1399 κατ’
2418 1343 2585 1398 αὐτοῦ
2628 1344 2775 1419 παρὰ
2820 1346 2918 1397 τοῦ
2960 1347 3221 1417 Σωτῆρος
3279 1338 3576 1415 γενομένης
3636 1340 3750 1412 (64)

2091 1434 2445 1496 ἀναστάσεως.
2492 1434 2592 1487 Καὶ
2649 1433 2753 1509 γὰρ
2787 1430 2865 1486 ἔτι
2893 1435 3085 1503 νήπιοι
3137 1425 3289 1491 ὄντες
3341 1430 3442 1498 τὴν
3500 1426 3747 1498 ἡλικίαν,

2091 1520 2407 1580 σπεύδουσιν
2469 1522 2854 1593 ἀποθνήσκειν,
2912 1521 3019 1583 κσιὶΔ
3065 1517 3333 1594 μελετῶσι
3396 1519 3513 1573 κατ’
3583 1517 3748 1573 αὐτοῦ

2087 1618 2205 1675 τοῖς
2238 1613 2526 1683 ἀσκήσεσιν
2566 1610 2628 1667 οὐ
2682 1611 2845 1685 μόνον
2895 1607 3102 1686 ἄνδρες,
3149 1605 3296 1663 ἀλλὰ
3343 1606 3433 1662 καὶ
3475 1612 3746 1681 γυναῖκες.

2091 1700 2281 1765 Οὕτως
2329 1702 2557 1771 ἀσθενὴς
2588 1701 2803 1776 γέγονε,
2832 1700 2907 1763 ὡς
2950 1697 3041 1755 καί
3089 1703 3348 1774 γυναῖκας
3394 1698 3491 1760 τὰς
3537 1697 3748 1767 ἀπατη-

2089 1791 2268 1853 θείσας
2322 1792 2385 1846 τὸ
2443 1789 2569 1867 πρὶν
2633 1791 2762 1867 παρ’
2808 1789 2973 1845 αὐτοῦ
3028 1793 3118 1844 νῦν
3176 1787 3387 1857 παίζειν
3455 1784 3614 1842 αὐτὸν
3673 1786 3750 1849 ὡς

2089 1880 2274 1957 νεκρὸν
2322 1879 2413 1934 καὶ
2461 1880 2789 1956 παρειμένον
2823 1881 2955 1953 (65).
2996 1880 3086 1941 Ὦς
3137 1878 3241 1952 γὰρ
3281 1874 3540 1952 τυράννου
3587 1897 3751 1932 κατα-

2092 1967 2506 2043 πολεμηθέντος
2566 1968 2669 2023 ὑπὸ
2724 1966 2957 2043 γνησίου
3020 1965 3310 2042 βασιλέως,
3366 1965 3457 2021 καὶ
3511 1962 3754 2030 δεθέντος

2092 2058 2226 2122 τοὺς
2256 2056 2427 2121 πόδας
2457 2058 2548 2113 καὶ
2578 2058 2675 2120 τὰς
2706 2063 2920 2133 χεῖρας,
2953 2057 3150 2119 πάντες
3188 2053 3383 2111 λοιπὸν
3436 2056 3494 2110 οἱ
3542 2051 3753 2111 διαϐαί-

2091 2170 2272 2211 νοντες
2329 2146 2749 2218 καταπαίζουσιν
2800 2146 2986 2216 αὐτοῦ,
3042 2145 3332 2208 τύπτοντες
3401 2146 3493 2200 καὶ
3568 2142 3751 2200 διασύ-

2096 2258 2300 2315 ροντες,
2332 2236 2432 2292 οὐκ
2457 2234 2533 2292 ἔτι
2565 2231 2900 2315 φοϐούμενοι
2929 2237 3030 2305 τὴν
3067 2234 3258 2309 μανίαν
3307 2233 3472 2289 αὐτοῦ
3513 2234 3603 2289 καὶ
3648 2234 3749 2303 τήν

2096 2326 2397 2403 ἀγριότητα
2426 2324 2516 2381 διὰ
2543 2326 2634 2381 τὸν
2668 2327 2959 2397 νικήσαντα
3004 2322 3231 2400 βασιλέα
3262 2343 3276 2357 ·
3328 2322 3472 2379 οὕτω
3518 2324 3608 2380 καὶ
3654 2327 3754 2379 τοῦ

2095 2416 2323 2471 θανάτου
2353 2416 2669 2486 νικηθέντος
2711 2414 2803 2470 καὶ
2856 2410 3300 2484 στηλιτευθέντος
3349 2413 3451 2468 ὑπὸ
3497 2417 3596 2468 τοῦ
3636 2419 3756 2467 Σω-

2093 2512 2263 2579 τῆρος
2313 2503 2364 2559 ἐν
2423 2509 2502 2577 τῷ
2531 2508 2766 2581 σταυρῷ,
2797 2503 2887 2559 καὶ
2938 2500 3228 2577 δεδεμένου
3274 2502 3372 2564 τὰς
3422 2506 3614 2577 χεῖρας
3662 2504 3753 2557 καὶ

2094 2592 2222 2657 τοὺς
2253 2591 2448 2664 πόδας,
2483 2591 2673 2653 πάντες
2709 2594 2761 2649 οἱ
2811 2592 2862 2648 ἐν
2913 2595 3133 2668 Χριστῷ
3181 2586 3548 2653 διαϐαίνοντες
3597 2590 3756 2647 αὐτὸν

2095 2687 2486 2753 καταπατοῦσι,
2534 2682 2625 2737 καὶ
2687 2687 3084 2759 μαρτυροῦντες
3139 2686 3219 2755 τῷ
3276 2682 3493 2756 Χριστῷ
3548 2678 3754 2759 χλευά-

333 2777 481 2842 ζουσι
537 2773 628 2827 τὸν
684 2774 930 2843 θάνατον,
990 2770 1471 2847 ἐπικερτομοῦντες
1527 2770 1674 2843 αὐτῷ
1737 2771 1827 2826 καὶ
1893 2773 1962 2826 τὰ
2026 2769 2227 2827 ἄνωθεν
2294 2773 2410 2828 κατ’
2476 2771 2641 2827 αὐτοῦ
2864 2771 3222 2848 γεγραμμένα
3290 2767 3568 2846 λέγοντες,
3641 2774 3756 2827 Ποῦ

332 2883 452 2931 σου,
480 2859 691 2935 θάνατε,
720 2860 783 2916 τὰ
811 2866 961 2923 νῖκος
987 2879 1001 2929 ;
1036 2864 1148 2914 Ποῦ
1181 2880 1295 2930 σου,
1331 2854 1455 2929 ᾆδη.
1488 2860 1550 2914 τὸ
1576 2861 1793 2935 κέντρον
1823 2878 1837 2928 ;

406 2953 497 3007 28.
528 2951 680 3007 Num
712 2952 897 3024 igitur
924 2954 1099 3007 tenue
1130 2954 1187 3005 et
1228 2949 1373 3006 exile
1421 2948 1582 3005 istud
1636 2955 1725 3006 est
1783 2951 1987 3007 mortis

2169 2951 2260 3006 28.
2295 2956 2312 2971 '
2343 2950 2440 3025 Αρ⁹
2482 2947 2573 3005 οὖν
2617 2970 2778 3004 τουτο
2828 2949 3020 3024 μικρὸς
3070 2945 3305 3025 ἔλεγχός
3349 2945 3460 3003 ἐστι
3503 2953 3607 3018 τῆς
3655 2950 3758 3002 τοῦ

332 3039 756 3097 imbecillitatis
808 3039 1094 3096 indicium
1116 3038 1144 3093 ?
1186 3039 1338 3094 Num
1369 3037 1494 3095 leve
1524 3043 1614 3094 est
1640 3039 1892 3096 victoriae
1920 3040 1993 3095 de

332 3145 402 3186 ea
431 3146 465 3186 a
489 3130 786 3187 Salvatore
818 3132 1122 3202 reportatae
1154 3132 1567 3201 argumentum
1626 3131 1783 3200 quod
1825 3129 1987 3184 Chri-

333 3219 510 3275 stiani
542 3219 709 3292 pueri
731 3223 788 3274 et
818 3217 1023 3291 puellae
1057 3221 1407 3290 praesentem
1437 3217 1616 3273 vitam
1641 3218 1986 3290 despiciant,

331 3312 388 3365 et
442 3312 691 3364 mortem
750 3308 1110 3364 meditentur
1130 3307 1157 3361 ?
1186 3310 1371 3361 Homo
1410 3307 1648 3378 quidem
1679 3324 1748 3363 ex
1778 3312 1991 3364 natura

333 3402 582 3454 mortem
631 3397 1009 3469 corporisque
1077 3395 1528 3452 dissolutionem
1599 3397 1985 3454 refarmidat:

332 3488 489 3543 unde
532 3487 593 3542 id
640 3502 1015 3559 summopere
1073 3485 1483 3541 admirandum
1539 3490 1647 3552 est,
1701 3487 1856 3557 quod
1890 3486 1992 3559 qui

335 3575 763 3633 crucis‘ﬂdein
820 3575 1037 3645 induit,
1089 3590 1157 3629 ea
1227 3591 1355 3646 qum
1433 3575 1761 3631 secundum
1820 3580 1992 3631 natu-

338 3680 469 3721 ram
503 3669 761 3737 respuat,
795 3680 903 3720 nec
924 3667 1178 3719 mortem
1227 3666 1467 3734 propter
1507 3663 1805 3719 Christum
1862 3681 1993 3736 pera

335 3753 927 3810 timescat.Nimirum
949 3753 1447 3824 quemadmodum
1465 3751 1515 3808 si
1526 3753 1822 3825 quis,cum
1840 3754 1995 3826 ignis

336 3841 456 3899 vim
488 3840 814 3897 naturalam
857 3841 1238 3897 comburendi
1296 3840 1531 3908 habeat,
1584 3841 1808 3914 aliquid
1866 3859 1996 3898 esse

340 3931 558 3986 diceret
589 3931 745 4002 quod
777 3930 1077 3984 flammam
1108 3930 1236 4000 ejus
1266 3946 1383 3985 non
1411 3935 1717 4000 metueret,
1751 3932 1851 3988 sed
1899 3948 1998 4005 po-

338 4020 461 4077 tius
484 4021 616 4091 ejus
648 4022 920 4091 argueret
948 4017 1376 4090 inﬁrmitatem,
1428 4019 1602 4091 quale
1658 4020 1880 4077 scilicet
1926 4022 1998 4077 de

340 4108 619 4165 Indorum
651 4107 909 4163 amianto
941 4105 1188 4162 refertur
1221 4124 1234 4163 :
1268 4108 1361 4162 cui
1394 4107 1510 4163 ista
1538 4110 1896 4166 asseveranti
1946 4111 1994 4167 si

340 4198 475 4270 quis
495 4197 729 4253 credere
756 4195 983 4262 nolens,
1008 4211 1125 4251 rem
1150 4196 1339 4268 ipsam
1365 4213 1467 4268 per
1495 4214 1558 4253 se
1602 4197 1776 4254 vellet
1823 4215 1989 4272 expe-

339 4287 463 4354 riri,
495 4287 545 4343 is
575 4285 901 4342 amiantum
925 4285 1201 4353 induens,
1245 4302 1501 4358 eumque
1530 4286 1653 4358 igni
1687 4287 1994 4358 objiciens.

338 4375 422 4431 ita
450 4374 707 4448 profecto
730 4374 920 4448 ipsius
939 4374 1094 4447 ignis
1117 4377 1322 4431 contra
1339 4374 1667 4431 amiantum
1698 4375 1999 4431 imbecilli-

337 4468 519 4522 tatem
574 4464 935 4537 exploratam
983 4480 1086 4535 per
1114 4462 1322 4536 seipse
1352 4464 1630 4520 haberet:
1674 4464 1757 4520 vel
1793 4481 1996 4536 quem-

340 4554 661 4610 admodum
693 4554 741 4610 si
772 4554 907 4625 quis
943 4553 1205 4609 vinctum
1237 4559 1550 4623 tyrannum
1573 4553 1806 4609 videndi
1841 4555 1995 4610 desi-

342 4643 504 4699 derio
533 4647 849 4712 teneretur,
884 4658 1123 4698 necesse
1154 4647 1245 4698 est
1275 4660 1337 4697 se
1366 4643 1426 4697 in
1459 4646 1757 4715 regionem
1799 4648 1856 4699 et
1883 4644 1994 4699 im-

343 4731 571 4806 perium
601 4731 837 4787 victoris
865 4735 1145 4802 conferat,
1204 4730 1443 4803 illicque
1501 4748 1659 4801 eum,
1720 4731 1820 4804 qui
1863 4732 1995 4789 aliis

340 4821 753 4877 formidandus
781 4824 926 4888 erat,
957 4819 1177 4875 factum
1207 4818 1563 4876 imbecillem
1590 4821 1858 4878 intuetur
1884 4822 1997 4880 :ita

342 4911 394 4967 si
425 4910 559 4983 quis
588 4913 721 4982 post
750 4925 842 4965 res
873 4912 1087 4977 tantas,
1121 4914 1221 4981 pot
1272 4913 1366 4965 tot
1412 4909 1473 4965 in
1505 4910 1739 4967 Chrtsto
1761 4911 1994 4969 eﬂectos

413 5001 458 5036 ⁷⁵
489 5005 705 5067 Act.n,
744 5000 834 5054 24.
881 4998 978 5055 ⁷⁸1
1039 4999 1167 5054 Cor.
1228 5015 1323 5070 xv,
1383 5000 1493 5068 55;
1554 5000 1684 5056 Ose.
1745 5019 1869 5074 xui,
1904 5004 1993 5058 14.

408 5108 523 5232 ((ἓ2)
555 5106 648 5164 Sic
677 5104 818 5163 Gob.
850 5104 967 5162 Fel.
1005 5106 1030 5159 1
1060 5122 1155 5160 an.
1184 5110 1243 5162 et
1271 5106 1401 5178 Seg.
1448 5105 1560 5162 Alii
1617 5112 1675 5164 et
1701 5107 1866 5175 editi,
1898 5129 1996 5162 πο-

412 5197 439 5232 ο
481 5199 527 5232 C.

336 5199 527 5234 νηοος.

392 5202 397 5212 .
445 5197 473 5232 ο
514 5222 527 5234 _

392 5197 521 5323 (δέ)
552 5248 965 5323 Seguerianus,
998 5246 1373 5323 πιστεύσωσιν.

428 5320 517 5393 64)
558 5320 820 5395 δεειιθτη
852 5320 1248 5395 γεγενημένης.

428 5391 521 5461 65)
552 5391 1178 5465 Ξίᾶὃεευετζῧοθὶειζ.
1205 5396 1262 5447 et
1298 5391 1551 5465 Felckm.
1614 5393 1639 5445 1
1704 5410 1796 5465 an.
1882 5393 1992 5448 Alii

334 5460 470 5589 viro
502 5460 575 5521 iet
628 5466 719 5520 ed.
756 5460 1077 5531 Commel.,
1112 5460 1274 5516 αὐτοῦ
1326 5462 1400 5524 ὡς
1458 5465 1650 5538 νεκροῦ
1680 5463 1770 5517 καὶ
1798 5484 1989 5540 παρει-

343 5556 383 5589 ii.
410 5555 526 5589 νου.

410 5555 526 5590 νου.

342 5556 526 5609 μενοι).

409 5606 524 5678 (66)
556 5610 661 5657 Κεῖῖ

338 5695 513 5734 anon.

407 5750 521 5820 (67)
541 5749 662 5804 Art.
692 5747 720 5801 ό
750 5747 911 5804 deest
940 5748 999 5804 in
1023 5746 1254 5805 Gobler.
1287 5747 1541 5806 Felckm.
1576 5752 1601 5805 1
1644 5767 1741 5807 an.
1773 5755 1830 5807 et
1886 5753 1987 5809 Se-

668 5603 874 5659 ἀὐτοῦ
933 5606 1098 5661 deest
1144 5605 1203 5663 in
1261 5605 1492 5663 Gobler.
1553 5610 1612 5662 et
1668 5606 1984 5664 Felckm.1

2061 3040 2329 3095 ’θανάτου
2384 3036 2693 3107 ἀσθενείας;
2745 3039 2813 3094 Ἦ
2876 3039 3044 3115 μικρά
3109 3036 3250 3093 ἐστιν
3324 3033 3599 3108 ἀπόδειξις
3653 3043 3757 3106 τῆς

2099 3129 2217 3183 κατ’
2247 3128 2410 3184 αὐτοῦ
2441 3128 2740 3203 γενομένης
2770 3126 2929 3197 νίκης
2974 3128 3121 3204 παρὰ
3161 3130 3260 3182 τοῦ
3314 3132 3599 3201 Σωτῆρος,
3632 3124 3758 3182 ὅταν

2102 3219 2154 3273 οἱ
2198 3216 2249 3273 ἐν
2281 3222 2497 3293 Χριστῷ
2546 3215 2738 3278 παῖδες
2795 3216 2886 3271 καὶ
2942 3217 3057 3272 νέαι
3113 3215 3272 3291 κόραι
3327 3219 3612 3293 παρορῶσι
3664 3216 3758 3271 τὸν

2102 3306 2325 3363 ἐνταῦθα
2386 3307 2504 3383 βίον
2566 3307 2657 3362 καὶ
2724 3306 3006 3361 ἀποθανεῖν
3075 3303 3405 3380 μελετῶσιν;
3452 3306 3603 3362 Ἔστι
3664 3306 3757 3379 μὶν

2101 3397 2205 3471 γὰρ
2252 3397 2389 3451 κατὰ
2436 3394 2593 3474 φύσιν
2636 3396 2665 3450 6
2698 3393 2978 3471 ἅνθρωπος
3030 3392 3247 3451 δειλιῶν
3293 3395 3385 3449 τὸν
3413 3395 3638 3450 θάνατον
3668 3394 3759 3449 καὶ

2100 3487 2202 3555 τὴν
2254 3490 2353 3541 τοῦ
2418 3485 2670 3559 σώματος
2740 3481 2985 3540 διάλυσιν
3020 3502 3034 3517 ·
3084 3484 3148 3539 τὸ
3210 3481 3267 3539 δὲ
3324 3480 3759 3559 παραδοξότατον

2101 3574 2262 3630 τοῦτό
2313 3573 2477 3646 ἐστιν,
2509 3572 2594 3629 ὅτι
2625 3576 2653 3630 6
2684 3575 2797 3648 (67)
2829 3575 2926 3643 τὴν
2971 3577 3068 3628 τοῦ
3113 3577 3346 3651 σταυροῦ
3382 3573 3564 3629 πίστιν
3610 3570 3762 3629 ἐνδυ-

2105 3662 2337 3736 σάμενος
2366 3667 2695 3739 καταφρονεῖ
2723 3661 2815 3717 καὶ
2843 3666 2952 3717 τῶν
3000 3663 3138 3717 κατὰ
3188 3661 3364 3741 φύσιν,
3396 3662 3486 3717 καὶ
3523 3662 3615 3718 τὸν
3666 3660 3761 3718 θά-

2103 3771 2259 3806 νατον
2292 3750 2353 3805 οὐ
2387 3748 2567 3822 δειλιᾷ
2596 3748 2687 3806 διὰ
2714 3751 2806 3807 τὸν
2851 3750 3104 3829 Χριστόν.
3132 3752 3232 3806 Καὶ
3283 3751 3465 3829 ὥσπερ
3514 3757 3614 3808 τοῦ
3658 3773 3762 3807 πυ-

2107 3840 2200 3914 ρὸς
2234 3838 2457 3915 ἔχοντος
2487 3840 2624 3895 κατά
2652 3839 2808 3918 φύσιν
2852 3840 2915 3895 τὸ
2963 3839 3155 3915 καίειν,
3189 3839 3236 3895 si
3284 3838 3441 3917 λέγοι
3484 3862 3570 3903 τις
3627 3838 3761 3897 εἷναί

2104 3949 2159 3983 τι
2186 3929 2249 3983 τὸ
2285 3929 2358 4001 μή
2394 3925 2612 3983 δειλιῶν
2643 3927 2806 3984 αὐτοῦ
2830 3929 2929 3998 τήν
2960 3933 3169 4001 καῦσιν,
3202 3927 3350 3985 ἀλλὰ
3405 3930 3497 3985 καὶ
3550 3927 3765 4005 μᾶλλον

2108 4018 2320 4081 ἀσθενὲς
2351 4018 2482 4073 αὐτὸ
2512 4015 2776 4087 δεικνύον,
2809 4019 2920 4073 οἷον
2960 4016 3026 4088 δὴ
3078 4016 3294 4095 λέγεται
3339 4019 3402 4075 τὸ
3448 4021 3596 4097 παρὰ
3642 4025 3762 4083 τοῖς

2108 4104 2300 4169 Ἰνδοῖς
2348 4105 2613 4181 ἀμίαντον
2813 4129 2825 4142 ·
2878 4108 2991 4164 εἶτα
3020 4110 3049 4177 6
3077 4112 3159 4182 τῷ
3206 4106 3490 4185 λεγομένῳ
3538 4112 3614 4185 μὴ
3672 4131 3763 4165 πι-

2110 4195 2332 4267 στεύων,
2389 4197 2435 4251 εἰ
2491 4200 2680 4273 πεῖραν
2748 4195 2997 4269 θελήσειε
3052 4192 3241 4253 λαϐεῖν
3278 4202 3376 4254 τοῦ
3433 4196 3759 4275 λεγομένου,

2107 4286 2325 4348 πάντως
2379 4286 2442 4341 τὸ
2508 4282 2767 4341 ἄκαυστόν
2837 4284 3194 4361 ἐνδυσάμενος
3265 4288 3356 4343 καὶ
3431 4284 3760 4365 προσϐαλὼν

2106 4374 2258 4448 πυρὶ,
2292 4380 2574 4431 πιστοῦται
2633 4375 2826 4431 λοιπὸν
2882 4378 2984 4446 τὴν
3032 4378 3169 4432 κατὰ
3221 4376 3372 4446 [ἴσως
3416 4377 3637 4452 τούτου]
3664 4382 3764 4433 τοῦ

2107 4465 2276 4538 πυρὸς
2307 4460 2575 4520 ἀσθένειαν
2611 4484 2622 4496 ·
2656 4466 2693 4535 ἢ
2727 4466 2824 4538 ὡς,
2859 4463 3016 4529 εἷ’τις
3046 4466 3138 4521 τὸν
3169 4466 3426 4543 τύραννον
3479 4463 3763 4541 δεδεμένον

2110 4551 2241 4609 ἰδεῖν
2273 4552 2541 4627 θελήσειε,
2573 4556 2791 4618 πάντως
2823 4555 2900 4618 είς
2936 4557 3035 4625 τὴν
3066 4560 3163 4612 τοῦ
3210 4558 3533 4629 νικήσαντος
3572 4556 3761 4635 χώραν

2105 4644 2196 4697 καὶ
2229 4644 2407 4719 ἀρχὴν
2440 4641 2746 4720 παρελθὼν,
2776 4645 2876 4717 ὁρᾷ
2910 4645 3001 4701 τὸν
3035 4642 3230 4708 ἄλλοις
3285 4641 3515 4725 φοϐερὸν
3566 4646 3760 4716 ἀσθενῆ

2107 4732 2420 4807 γενόμενον·
2454 4732 2630 4796 οὕτως
2659 4731 2712 4787 εἷ’
2742 4733 2817 4795 τίς
2852 4732 2990 4789 ἐστιν
3020 4731 3266 4804 ἄπιστος,
3297 4736 3388 4790 καὶ
3435 4734 3617 4810 ἀκμὴν
3649 4738 3765 4810 (69)

2111 4823 2246 4895 μετὰ
2308 4827 2564 4891 τοσαῦτα,
2622 4822 2713 4877 καὶ
2794 4824 2929 4897 μετά
2982 4823 3109 4887 τοὺς
3164 4825 3458 4889 τοσούτους
3517 4825 3569 4881 ἐν
3631 4831 3763 4901 Χρι-

2107 4915 2217 4984 στῷ
2273 4912 2602 4987 γενομένους
2656 4912 2950 4989 μάρτυρας,
2995 4911 3087 4969 καί
3132 4916 3267 4989 μετὰ
3310 4916 3410 4985 τήν
3457 4917 3575 4972 καθ’
3623 4915 3763 4992 ἠμέ-

2146 5126 2267 5167 υΒΓ.
2884 5154 2891 5160 .

2103 5127 2291 5256 gu(.2315)
2321 5182 2651 5256 Amiantus,
2685 5187 2836 5239 teste
2866 5154 3073 5256 Minio,
3116 5185 3317 5240 Natur.
3379 5185 3595 5243 Hister.
3654 5186 3757 5243 lib.

2102 5254 2440 5325 xxv1,'1apis
2465 5259 2555 5311 est
2584 5255 2832 5312 alumini
2863 5254 3096 5312 similis.
3120 5258 3201 5313 Ex
3231 5273 3297 5313 eo
3327 5257 3475 5314 telas
3515 5257 3629 5314 texi
3682 5257 3765 5315 ait

2105 5327 2317 5402 Diosc.
2350 5327 2453 5382 lib.
2480 5344 2537 5395 ν,
2568 5343 2619 5383 c.
2649 5328 2778 5396 9l6,
2811 5344 2939 5402 qua;
2972 5328 3032 5384 in
3062 5328 3258 5400 ignem
3294 5328 3520 5402 injectis
3553 5330 3764 5387 ardent

2102 5398 2365 5524 quigemt,
2398 5414 2511 5453 non
2541 5404 2738 5454 autem
2758 5398 3317 5466 comburuntur,sed
3333 5398 3762 5475 splendidiores

2102 5486 2203 5524 eva
2250 5486 2327 5524 un
2361 5511 2374 5523 .

2100 5486 2374 5525 evadunt.

2174 5542 2267 5612 (69
2299 5538 2419 5611 )Kal
2450 5538 2632 5666 ἀκμήν
2664 5558 2780 5597 non
2829 5540 3048 5598 habent
3101 5541 3268 5599 Gobl.
3316 5542 3434 5611 Fel,
3474 5544 3500 5599 1
3563 5560 3661 5601 an.
3693 5549 3754 5602 et

2177 5630 2233 5666 ρ.
2267 5613 2400 5666 Mox
2444 5632 2512 5665 κα
2566 5617 2700 5666 ante
2756 5613 2855 5666 τήν
2920 5613 3053 5666 μετά
3107 5618 3240 5666 etc..
3291 5614 3469 5666 habet
3523 5616 3753 5666 Anglic.

2101 5612 2233 5697 Sag.
2267 5612 2700 5697 Μοξηκαίῆιιοιε
2756 5613 2855 5697 τήν
2919 5613 3053 5697 μετά
3107 5618 3241 5697 etc.,
3291 5614 3469 5672 habet
3523 5616 3753 5691 Anglic.

2098 5685 2212 5740 Alii
2243 5690 2300 5741 et
2326 5685 2507 5741 editio
2540 5685 2819 5742 Commel.
2853 5686 3156 5742 omittunt.
