4160 6430
429 462 542 523 145

1445 460 1734 522 ORATIO
1780 459 1880 520 DE
1925 460 2515 523 INGARNATIONE
2559 461 2821 523 VERBI.

3726 459 3843 522 146

432 611 521 666 ραν
558 612 852 668 γινομενην
908 593 1044 648 κατά
1088 597 1185 649 τοῦ
1233 594 1459 648 θανάτου
1510 592 1718 669 χλεύην
1765 593 1911 668 παρὰ
1964 596 2072 647 τῶν

2191 601 2499 668 martyres,
2533 601 2663 668 post
2695 595 2955 667 quotidie
3002 592 3236 650 irrisam
3284 596 3532 648 mortem
3592 591 3662 647 ab
3694 590 3838 647 insi-

433 681 480 737 έν
529 688 745 755 Χριστῷ
800 680 1221 756 διαπρεπόντων,
1257 682 1429 757 ὅμως,
1465 684 1509 738 εἰ
1552 681 1630 738 ἔτι
1683 685 1782 752 τὴν
1843 679 2073 737 διένοιαν

430 767 736 849 ἀμφίϐολον
800 768 915 849 ἔχει
967 774 1090 849 περὶ
1145 779 1241 828 τοῦ
1290 776 1667 849 κατηργῆσθαι
1697 772 1788 828 τὸν
1830 774 2074 845 θάνατον,

427 862 516 915 καὶ
540 860 699 924 τέλος
729 861 1043 938 ἐσχηκέναι,
1073 861 1261 926 καλῶς
1310 864 1403 935 μὲν
1436 870 1585 917 ποιεῖ
1614 865 1901 935 θαυμάζων
1953 863 2076 935 περὶ

424 956 522 1005 τοῦ
550 949 882 1020 τηλικούτου
916 971 928 983 ·
962 950 1108 1021 πλὴν
1148 955 1220 1025 μὴ
1258 951 1498 1026 σκληρὸς
1528 953 1603 1015 εἷς
1630 952 1901 1019 ἀπιστίαν,
1940 949 2079 1025 μηδὲ

426 1038 648 1110 ἀναιδὴς
682 1042 816 1117 πρὸς
846 1044 913 1096 τὰ
943 1040 1114 1104 οὕτως
1158 1042 1355 1117 ἐναργῆ
1406 1041 1654 1117 γινέσθω.
1692 1042 1849 1097 Ἀλλ’
1897 1040 2075 1115 ὥσπερ

425 1131 453 1184 6
480 1131 569 1185 τὸν
605 1130 864 1204 ἀμίαντον
896 1127 1080 1186 λαϐὼν
1130 1133 1385 1207 γινώσκει
1432 1134 1493 1187 τὸ
1546 1130 1805 1187 ἅκαυστον
1840 1134 1952 1205 (70)
1981 1136 2077 1186 τοῦ

422 1221 589 1296 πυρὸς
622 1220 758 1295 πρὸς
818 1221 967 1291 αὐτὸ,
998 1223 1088 1276 καὶ
1120 1224 1148 1277 6
1179 1223 1269 1277 τὸν
1300 1222 1554 1299 τύραννον
1587 1221 1870 1295 δεδεμένον
1904 1221 2075 1277 θέλων

422 1311 572 1384 ὁρᾷν,
632 1310 708 1373 εἰς
766 1312 864 1381 τὴν
922 1316 1018 1366 τοῦ
1084 1314 1403 1382 νικήσαντος
1461 1311 1640 1388 ἀρχὴν
1697 1312 2075 1388 παρέρχεται·

421 1398 563 1454 οὕτω
621 1400 709 1454 καὶ
772 1402 799 1455 6
848 1400 1083 1455 ἀπιστῶν
1142 1401 1265 1474 περὶ
1324 1408 1426 1470 τῆς
1482 1405 1577 1454 τοῦ
1636 1401 1866 1455 θανάτου
1920 1400 2077 1468 νίκης

420 1484 741 1562 λαμϐανέτω
772 1491 871 1559 τὴν
905 1490 1083 1545 πίστιν
1114 1496 1211 1545 τοῦ
1243 1496 1495 1567 Χριστοῦ,
1528 1491 1617 1544 καὶ
1674 1489 1749 1551 εἰς
1801 1491 1899 1558 τὴν
1949 1488 2075 1544 τού-

416 1599 511 1632 του
558 1576 907 1634 διδασκαλίαν
956 1580 1311 1657 παρερχέσθω
1346 1599 1358 1612 ·
1393 1580 1484 1634 καὶ
1533 1574 1724 1653 ὄψεται
1773 1583 1870 1633 τοῦ
1917 1579 2076 1632 θανά-

415 1689 512 1722 του
569 1669 668 1737 τὴν
708 1669 997 1741 ἀσθένειαν,
1030 1670 1119 1723 καὶ
1166 1670 1263 1738 τὴν
1320 1670 1437 1723 κατ’
1488 1668 1657 1723 αὐτοῦ
1718 1667 1896 1736 νίκην.
1932 1665 2080 1722 Πολ-

418 1754 509 1811 λοὶ
586 1760 689 1833 γάρ
764 1758 1024 1835 πρότερον
1101 1760 1448 1821 ἀπιστοῦντες
1520 1759 1611 1813 καὶ
1690 1756 2076 1833 χλευάζοντες,

415 1845 635 1923 ὕστερον
728 1848 1149 1921 πιστεύσαντες,
1248 1848 1392 1903 οὕτω
1478 1847 1883 1926 κατεφρόνησαν
1979 1851 2077 1901 τοῦ

413 1938 664 2010 Θανάτου,
716 1938 791 2001 ὡς
836 1939 926 1993 καὶ
980 1940 1253 2015 μάρτυρας
1303 1938 1468 1993 αὐτοῦ
1516 1941 1629 2011 (71)
1678 1938 1922 2013 γενέσθαι
1975 1940 2072 1990 τοῦ
2104 1975 2153 2040 Β

411 2030 667 2100 Χριστοῦ.

480 2118 571 2172 29.
604 2117 666 2171 Εἰ
709 2114 766 2171 δὲ
814 2121 892 2189 τῷ
938 2117 1154 2190 σημείῳ
1200 2122 1299 2172 τοῦ
1343 2121 1574 2190 σταυροῦ
1619 2116 1710 2171 καὶ
1768 2120 1837 2189 τῇ
1896 2114 2078 2169 πίστει

409 2212 475 2274 τῆ
512 2205 590 2269 εἰς
620 2209 848 2283 Χριστὸν
894 2213 1277 2262 καταπατεῖται
1310 2209 1337 2262 6
1368 2208 1614 2275 Θάνατος,
1659 2204 1826 2275 δῆλον
1880 2206 1937 2259 ἃν
1990 2202 2072 2275 εἷή

410 2297 556 2372 παρὰ
615 2294 845 2367 ἀληθείᾳ
890 2292 1181 2370 δικαζούσῃ
1236 2299 1308 2368 μὴ
1360 2293 1528 2351 ἄλλον
1582 2296 1718 2350 εἶναι
1771 2293 1957 2364 ἀλλ’ἢ
1991 2292 2080 2348 αὐ-

409 2385 500 2439 τὸν
556 2384 647 2439 τὸν
678 2386 929 2460 Χριστὸν,
963 2386 1053 2439 τὸν
1101 2386 1239 2440 κατὰ
1282 2390 1379 2439 τοῦ
1427 2387 1657 2441 θανάτυυ
1700 2384 1937 2459 τρόπαια
1986 2382 2079 2438 καὶ

408 2473 560 2535 νίκας
595 2471 1018 2548 ἐπιδειξάμενον.
1052 2476 1294 2529 κάκεῖνον
1354 2474 1697 2545 ἐξασθενῆσαι
1746 2476 2073 2544 ποιήσαντα·

415 2563 505 2618 καὶ
538 2564 583 2618 εἷ
614 2564 876 2639 πρότερον
928 2564 1021 2638 μὲν
1070 2562 1253 2640 ἴσχυεν
1289 2566 1316 2619 ὁ
1348 2566 1591 2635 θάνατος,
1622 2565 1711 2619 καὶ
1770 2564 1859 2618 διὰ
1911 2568 2073 2618 τοῦτο

423 2646 654 2730 φοϐερὸς
684 2654 774 2723 ἦν,
810 2650 927 2728 ἄρτι
962 2651 1019 2707 δὲ
1054 2655 1187 2727 μετὰ
1232 2655 1330 2723 τὴν
1384 2651 1679 2727 ἐπιδημίαν
1731 2657 1828 2707 τοῦ
1886 2659 2076 2722 Σωτῆ-

423 2762 517 2817 ρος
547 2742 635 2797 καὶ
668 2742 758 2797 τὸν
786 2746 883 2797 τοῦ
914 2743 1171 2815 σώματος
1202 2742 1365 2798 αὐτοῦ
1397 2744 1619 2797 θάνατον
1669 2742 1759 2797 καὶ
1806 2743 1905 2811 τὴν
1957 2742 2077 2796 ἀνά-

418 2851 597 2885 στασιν
659 2838 1070 2910 καταφρονεῖται
1101 2851 1113 2863 ’
1168 2832 1392 2910 φανερὸν
1454 2831 1512 2887 ἂν
1566 2829 1647 2903 εἷή
1724 2833 1850 2905 παρ’
1910 2831 2075 2885 αὐτοῦ

416 2926 512 2975 τοῦ
545 2920 631 2976 ἐπὶ
661 2922 752 2976 τὸν
794 2923 1017 2999 σταυρὸν
1070 2917 1369 2984 ἀναϐάντος
1423 2926 1656 2999 Χριστοῦ
1700 2924 2074 2995 κατηργῆσθαι

415 3010 505 3065 καὶ
563 3014 872 3081 νενικῆσθαι
919 3013 1010 3066 τὸν
1063 3012 1307 3069 θάνατον.
1342 3013 1430 3074 Ὠς
1481 3013 1606 3087 γὰρ.
1658 3011 1743 3067 ἐὰν
1808 3012 1942 3084 μετα
1981 3011 2076 3063 νύ-

414 3121 515 3155 κτα
540 3101 763 3176 γένηται
816 3099 1001 3173 ἥλιος,
1032 3100 1123 3155 καὶ
1172 3107 1277 3163 πᾶς
1308 3102 1335 3156 6
1367 3102 1645 3176 περίγειος
1691 3100 1861 3163 τόπος
1912 3120 2076 3154 κατα-

416 3187 702 3263 λάμπηται
747 3191 833 3245 ὑπ’
885 3190 1069 3260 αὐτοῦ,
1119 3192 1334 3252 πάντως
1393 3190 1491 3245 οὐκ
1539 3188 1675 3244 ἔστιν
1738 3185 2074 3268 ἀμφίϐολον,

415 3277 499 3334 ὅτι
531 3280 559 3334 6
586 3280 649 3334 16
679 3284 794 3358 φῶς
828 3277 1153 3358 ἐφαπλώσας
1184 3279 1346 3349 ἥλιος
1396 3284 1678 3355 πανταχοῦ
1728 3279 1885 3341 αὐτός
1937 3278 2077 3333 ἐστιν

416 3369 444 3423 6
474 3368 565 3423 καὶ
616 3369 678 3423 τὸ
727 3369 919 3431 σκότος
973 3366 1268 3441 ἀπελάσας,
1317 3369 1407 3423 καί
1456 3371 1521 3423 τὰ
1570 3371 1744 3423 πάντα
1784 3368 2023 3445 φωτίσας
2057 3390 2069 3402 ο
2105 3357 2147 3423 C

415 3456 581 3531 οὕτω,
637 3463 734 3512 τοῦ
792 3459 1018 3513 θανάτου
1075 3460 1574 3535 καταφρονηθέντος
1620 3459 1710 3513 καὶ
1765 3479 2077 3527 καταπατη-

414 3547 617 3617 θέντος,
650 3547 738 3625 ἀφ’
794 3547 856 3602 06
915 3547 1135 3622 γέγονεν
1198 3550 1233 3616 ἡ
1291 3552 1387 3602 τοῦ
1448 3555 1708 3623 Σωτῆρος
1758 3547 1809 3603 ἐν
1862 3552 2077 3621 σῶματι

419 3638 691 3713 σωτήριος
725 3635 1007 3715 ἐπιφάνεια
1036 3637 1126 3692 καὶ
1165 3638 1228 3691 τὸ
1283 3635 1444 3700 τέλος
1496 3642 1592 3692 τοῦ
1640 3642 1895 3714 σταυροῦ,
1939 3636 2074 3713 πρό-

416 3723 584 3797 δηλον
618 3725 677 3781 ἂν
710 3726 817 3797 εἴη,
846 3725 930 3781 ὅτι
978 3725 1139 3789 αὐτός
1194 3725 1334 3781 ἐστιν
1364 3729 1391 3782 6
1430 3729 1625 3803 Σωτὴρ
1659 3729 1686 3781 6
1720 3727 1812 3782 καὶ
1863 3726 1916 3782 ἐν
1972 3728 2079 3781 σώ-

416 3836 543 3888 ματι
597 3813 801 3894 φανεῗς,
850 3817 878 3871 6
926 3816 1017 3870 16v
1077 3818 1302 3871 θάνατον
1377 3820 1752 3893 καταργήσας,
1808 3817 1899 3871 καὶ
1957 3818 2081 3872 κατ’

412 3904 575 3960 αὐτοῦ
604 3905 837 3980 τρόπαια
866 3907 980 3960 καθ’
1022 3905 1230 3981 ἡμέραν
1282 3906 1333 3961 έν
1384 3912 1503 3969 τοῖς
1554 3907 1747 3961 ἑαυτοῦ
1810 3909 2077 3980 μαθηταῖς

410 3991 870 4067 ἐπιδεικνύμενος.
918 3997 1079 4050 Ὅταν
1108 3996 1212 4071 γὰρ
1264 3992 1354 4070 ἴδῃ
1401 4017 1485 4057 τις
1546 3997 1860 4072 ἀνθρώπους
1923 3997 2074 4050 ἀσθε-

407 4089 518 4147 νεῖς
570 4079 727 4148 ὄντας
780 4088 849 4159 τῇ
904 4084 1080 4161 φύσει,
1116 4082 1521 4160 προπηδῶντας
1571 4085 1647 4148 εἷς
1697 4086 1789 4141 τὸν
1822 4086 2074 4155 θάνατον,

408 4174 497 4228 καὶ
534 4175 608 4247 μὴ
640 4175 1116 4243 καταπτήσσοντας
1152 4174 1316 4229 αὐτοῦ
1373 4176 1473 4244 τὴν
1524 4177 1745 4253 φθορὰν,
1796 4173 1937 4249 μηδὲ
1978 4176 2075 4238 τὰς

412 4261 463 4318 ἐν
518 4258 650 4333 ᾇδου
697 4260 961 4325 καθόδους
1013 4260 1359 4336 δειλιῶντας,
1394 4264 1539 4319 ἀλλὰ
1588 4264 1859 4339 προθύμῳ
1916 4268 2071 4341 ψυχῇ

408 4349 890 4425 προκαλουμένους
919 4351 1103 4421 αὐτὸν,
1134 4351 1223 4407 καί
1276 4356 1350 4426 μή
1400 4356 1736 4423 πτήσσοντας
1791 4355 2070 4430 βασάνους,

409 4438 556 4495 ἀλλὰ
590 4437 802 4515 μᾶλλον
831 4447 932 4511 τῆς
967 4440 1192 4496 ἐνταῦθα
1223 4447 1369 4512 ζωῆς
1400 4444 1793 4518 προκρίνοντας
1853 4441 1941 4498 διὰ
1982 4446 2073 4499 τὸν

410 4529 641 4607 Χριστὸν
666 4531 766 4599 τήν
803 4530 879 4592 εἷς
902 4531 992 4584 τὸν
1027 4530 1251 4585 θάνατον
1286 4533 1467 4607 ὁρμήν
1504 4551 1515 4565 ’
1550 4533 1583 4601 ἢ
1615 4530 1704 4587 καί
1736 4532 1823 4586 ἐὰν
1865 4534 2070 4609 θεωρός

406 4641 489 4682 τις
545 4618 773 4696 γένηται
824 4617 1023 4695 ένδρῶν
1073 4620 1163 4674 καὶ
1213 4619 1450 4690 θηλειῶν
1512 4621 1601 4675 καὶ
1664 4620 1874 4676 παίδων
1932 4623 2066 4679 νέων

2188 685 2494 757 gnioribus
2523 686 2737 741 Christi
2770 685 3004 741 athletis
3038 702 3050 752 ;
3086 685 3133 740 si
3196 681 3349 755 quis,
3410 683 3675 754 inquam,
3707 684 3841 753 post

2188 775 2309 831 haec
2340 776 2539 832 omnia
2570 794 2683 832 non
2731 777 2948 847 credat,
3010 775 3318 845 adhucque
3376 772 3605 827 dubitet
3636 775 3837 827 utrum

2190 882 2347 921 mors
2378 866 2673 921 destructa
2706 867 2781 921 sit
2808 871 2864 920 et
2893 866 3069 920 ﬁnem
3099 862 3370 919 habuerit
3394 867 3568 917 :recte
3597 860 3834 933 quidem

2189 962 2321 1028 aget
2350 956 2400 1010 si
2434 972 2555 1010 rem
2613 960 2837 1033 tantam
2892 956 3233 1010 admiretur.
3289 953 3729 1018 Verumtamen,
3764 967 3836 1007 ne

2189 1045 2444 1100 difﬁcilis
2477 1046 2575 1100 ﬁat
2606 1046 2678 1100 ad
2711 1045 3084 1107 credendum,
3130 1060 3233 1099 nec
3288 1042 3598 1113 impudens
3657 1040 3733 1096 sit
3774 1039 3833 1095 in

2190 1137 2365 1190 rebus
2396 1136 2537 1191 adeo
2569 1135 2935 1190 evidentibus
2966 1152 2979 1200 ;
3009 1134 3109 1189 sed
3134 1137 3197 1187 ut
3225 1131 3321 1186 ille
3355 1132 3457 1203 qui
3508 1130 3831 1186 amiantum

2189 1227 2430 1297 accepit,
2466 1241 2599 1280 eum
2633 1225 2705 1279 ab
2736 1224 2870 1296 igne
2919 1240 3033 1279 non
3094 1220 3361 1277 comburi
3419 1219 3737 1293 cognoscit,
3771 1222 3837 1273 ut

2190 1314 2327 1370 item
2360 1314 2453 1370 ille
2486 1314 2585 1386 qui
2616 1315 2879 1369 vinctum
2907 1317 3223 1385 tyrannum
3256 1311 3449 1365 videre
3482 1310 3662 1379 cupit,
3697 1310 3754 1361 in
3776 1307 3832 1361 vi

2190 1404 2365 1459 ctoris
2398 1404 2711 1475 imperium
2745 1402 2955 1457 transit
2985 1419 2996 1457 :
3030 1401 3185 1465 ita,si
3210 1400 3345 1471 quis
3374 1400 3445 1454 de
3476 1402 3661 1453 morte
3684 1396 3835 1451 victa

2188 1494 2434 1558 dubitet,
2467 1493 2684 1549 Christi
2716 1493 2889 1547 ﬁdem
2921 1490 3188 1561 accipiat,
3221 1494 3277 1543 et
3307 1490 3379 1544 ad
3410 1489 3538 1559 ejus
3571 1485 3832 1542 scholam

2188 1586 2468 1653 transeat,
2501 1588 2759 1653 tuncque
2791 1581 2998 1636 mortis
3028 1578 3510 1643 imbecillitatem,
3544 1593 3609 1631 ac
3667 1576 3736 1629 de
3768 1590 3835 1629 ea

2188 1676 2543 1744 reportatam
2574 1671 2878 1727 victoriam
2909 1669 3147 1724 videbit.
3184 1666 3486 1738 Siquidem
3532 1663 3703 1719 multi
3734 1662 3835 1735 qui

2188 1763 2352 1835 prius
2382 1763 2614 1818 credere
2645 1763 2959 1816 renuerant
2980 1775 3047 1813 ac
3068 1757 3835 1825 nosirriserant,postquam

2188 1852 2580 1919 crediderunt,
2615 1852 2757 1906 adeo
2791 1850 3013 1905 fortiter
3044 1853 3291 1904 mortem
3317 1850 3742 1917 contempsere,
3774 1845 3840 1897 ut

2188 1941 2362 1997 etiam
2394 1941 2507 2013 ipsi
2537 1945 2823 2013 martyres
2852 1938 3066 1994 Christi
3099 1937 3323 1993 ﬁerent.

2258 2123 2348 2176 29.
2382 2126 2580 2188 Porro,
2614 2120 2662 2177 si
2696 2122 2862 2193 signo
2900 2118 3091 2175 crucis
3145 2121 3202 2173 et
3256 2114 3471 2173 Christi
3530 2113 3643 2169 ﬁde
3675 2129 3836 2169 mors

2189 2211 2838 2281 conculcaturzjudice
2894 2208 3156 2277 veritate,
3217 2205 3688 2261 concludendum
3747 2206 3836 2257 est

2188 2300 2485 2357 neminem
2516 2300 2696 2375 alium
2730 2304 2938 2371 praeter
2967 2297 3161 2370 ipsum
3193 2294 3491 2352 Christum
3554 2309 3701 2360 esse,
3732 2291 3833 2364 qui

2190 2390 2415 2463 palmas
2436 2395 2492 2445 et
2538 2389 2871 2461 triumphos
2920 2389 2989 2443 de
3023 2391 3209 2443 morte
3265 2383 3531 2440 retulerit
3583 2397 3832 2452 eamque

2188 2480 2576 2536 debilitaverit
2610 2480 2696 2547 ;si
2754 2478 2894 2533 item
2929 2494 3107 2547 mors,
3170 2492 3296 2547 quas
3342 2478 3513 2529 antea
3570 2470 3825 2527 multum

2186 2570 2434 2634 valebat,
2467 2575 2524 2625 et
2554 2570 2704 2624 hanc
2734 2568 2806 2623 ob
2828 2584 3063 2623 causam
3095 2563 3371 2621 terribilis
3403 2562 3673 2632 eratjam
3699 2564 3831 2633 post

2187 2660 2504 2717 Salvatoris
2534 2660 2847 2715 adventum
2880 2663 2937 2712 et
2963 2658 3090 2727 ejus
3149 2654 3409 2727 corporis
3460 2656 3707 2707 mortem
3767 2667 3833 2706 ac

2187 2752 2671 2805 resurrectionem
2703 2747 3264 2813 contemnitur;sane
3286 2743 3421 2798 inde
3452 2740 3832 2797 manifestum

2188 2840 2362 2896 fuerit
2394 2842 2639 2894 mortem
2701 2839 2772 2892 ab
2830 2837 2956 2908 ipso
3014 2836 3267 2901 Christo,
3323 2833 3421 2906 qui
3482 2832 3542 2888 in
3599 2845 3831 2886 crucem

2186 2930 2469 2997 ascendit,
2506 2927 2757 2984 deletam
2787 2933 2843 2983 et
2871 2925 3157 2981 devictam
3190 2940 3339 2980 esse.
3392 2923 3654 2993 Namque
3710 2936 3829 2975 non

2184 3035 2356 3075 secus
2388 3035 2453 3073 ac
2484 3022 2616 3089 post
2645 3022 2872 3071 noctem
2906 3015 3127 3070 oriente
3157 3012 3279 3069 sole
3310 3016 3617 3083 totumque
3650 3014 3832 3065 terra-

2187 3125 2317 3164 rum
2349 3108 2546 3163 orbem
2580 3105 2704 3162 suis
2731 3105 2911 3162 radiis
2943 3100 3563 3169 illuminante,nemini
3587 3098 3833 3154 dubium

2185 3202 2275 3253 est
2304 3197 2446 3270 quin
2480 3196 2586 3264 sol,
2622 3196 2721 3267 qui
2755 3212 2923 3252 suam
2950 3193 3138 3248 lucem
3166 3192 3385 3263 ubique
3405 3188 3837 3259 diﬁ'undit,ipse

2186 3287 2361 3341 etiam
2394 3286 2471 3341 sit
2497 3285 2597 3357 qui
2628 3285 2899 3340 tenebras
2931 3281 3211 3353 repulerit
3250 3286 3306 3335 et
3336 3285 3548 3335 cuncta
3578 3276 3835 3332 illustra-

2188 3376 2263 3431 rit
2297 3391 2310 3431 :
2346 3376 2428 3431 ita
2457 3392 2589 3430 cum
2624 3392 2782 3429 mors
2814 3371 3110 3429 contemni
3145 3374 3204 3426 et
3235 3368 3444 3425 calcari
3502 3366 3740 3440 cceperit
3768 3382 3837 3421 ex

2189 3483 2305 3536 quo
2336 3466 2593 3521 salvator
2623 3481 2861 3537 corpore
2915 3463 3158 3518 indutus
3203 3462 3275 3517 ad
3335 3476 3441 3516 nos
3501 3455 3838 3513 salutariter

2189 3556 2422 3611 advenit
2454 3572 2519 3610 ac
2549 3555 2608 3609 in
2631 3570 2803 3609 cruce
2826 3556 3091 3608 mortuus
3113 3556 3233 3619 est;
3260 3550 3395 3605 inde
3426 3564 3567 3604 sane
3598 3546 3836 3603 evidens

2189 3649 2277 3701 est
2306 3646 2503 3717 ipsum
2562 3645 2915 3701 Salvatorem
2974 3641 3074 3714 qui
3131 3641 3189 3695 in
3251 3656 3490 3711 corpore
3545 3635 3837 3710 apparuit,

2190 3741 2437 3791 mortem
2471 3734 2851 3800 destruxisse,
2876 3730 3255 3804 quotidieque
3286 3730 3344 3785 in
3372 3729 3497 3785 suis
3527 3725 3838 3799 discipulis

2186 3828 2403 3897 tropaea
2435 3826 2505 3879 de
2536 3824 2637 3879 illa
2680 3823 2947 3879 excitare.
2979 3822 3037 3876 Si
3093 3820 3227 3891 quis
3258 3819 3414 3875 enim
3470 3817 3682 3874 viderit
3736 3817 3837 3872 ho-

2188 3916 2380 3971 mines
2413 3919 2624 3969 natura
2652 3911 2975 3968 imbecilles
3005 3912 3074 3966 ad
3112 3914 3361 3965 mortem
3420 3908 3667 3963 ﬁdenter
3696 3922 3835 3961 con-

2186 4004 2380 4061 volare
2410 4020 2515 4057 nec
2546 4004 2672 4074 ejus
2704 4000 3139 4073 corruptionem
3183 3999 3283 4057 58
3342 3997 3675 4065 formidare,
3736 3999 3839 4051 aut

2187 4095 2535 4149 descensum
2568 4093 2639 4148 ad
2672 4092 2889 4148 inferos
2933 4092 3195 4163 refugere
3251 4089 3351 4145 sed
3405 4087 3581 4143 alacri
3639 4084 3836 4141 animo

2186 4181 2351 4237 illam
2384 4198 2695 4253 provocare
2731 4199 2744 4247 ;
2779 4197 2883 4236 nec
2904 4184 3201 4235 tormenta
3228 4179 3457 4243 timere,
3489 4176 3589 4233 sed
3638 4175 3835 4249 potius

2186 4270 2401 4327 Christi
2427 4287 2625 4327 amore
2658 4275 2907 4326 mortem
2939 4267 3211 4341 praesenti
3240 4268 3369 4322 vitae
3430 4266 3699 4338 praeferre
3735 4280 3747 4320 :
3784 4263 3833 4319 si

2185 4362 2318 4433 quis
2348 4361 2486 4417 item
2519 4365 2812 4433 spectator
2842 4359 3015 4415 fuerit
3057 4357 3337 4426 virorum,
3400 4355 3718 4411 mulierum
3747 4358 3833 4408 te-

2184 4466 2577 4521 nerorumque
2610 4466 2925 4521 puerorum
2971 4448 3096 4519 qui,
3129 4464 3237 4503 sua
3268 4446 3327 4501 in
3378 4445 3675 4500 Christum
3708 4441 3831 4515 pie-

2181 4542 2301 4594 tate
2333 4538 2595 4611 impulsi,
2630 4539 2702 4593 ad
2736 4542 2982 4592 mortem
3015 4538 3373 4592 concurrunt
3402 4540 3458 4589 et
3486 4535 3825 4606 properant:

2181 4629 2315 4701 quis
2346 4628 2430 4683 ita
2452 4626 2817 4695 stolidus,vel
2840 4625 3177 4681 incredulus
3207 4630 3309 4680 aut
3338 4627 3533 4677 mente
3574 4621 3829 4677 obcaeca-

408 4709 709 4785 ὁρμώντων
752 4708 843 4765 καὶ
880 4707 1274 4780 έπιπηδώντων
1309 4710 1384 4772 εἷς
1425 4711 1515 4765 τὸν
1566 4712 1789 4766 θάνατον
1836 4709 1925 4767 διὰ
1970 4715 2067 4783 τὴν

2187 4722 2276 4774 tus
2307 4718 2500 4789 fuerit,
2536 4723 2601 4772 ut
2632 4734 2747 4772 non
2778 4715 3066 4788 intelligat
3081 4719 3138 4771 et
3163 4714 3378 4787 cogitet
3406 4709 3827 4779 Christum,cui

409 4797 487 4860 εἷς
546 4798 774 4873 Χριστὸν
837 4794 1130 4867 εὐσέϐειάν,
1178 4798 1262 4862 τίς
1323 4798 1496 4862 οὕτως
1556 4798 1695 4855 ἐστίν
1758 4800 1981 4872 εὐήθης.
2030 4804 2065 4871 ἢ

2187 4811 2363 4863 testes
2389 4824 2517 4864 esse
2550 4810 2850 4862 merentur
2874 4806 3165 4871 homines,
3223 4802 3475 4875 singulis
3524 4802 3825 4858 victoriam

406 4886 491 4949 τίς
542 4886 718 4950 οὕτως
770 4887 908 4943 ἐστὶν
958 4887 1203 4961 ἄπιστος,
1236 4889 1319 4952 τίς
1372 4887 1429 4944 δὲ
1479 4890 1622 4945 οὕτω
1668 4892 1767 4960 τήν
1830 4889 2069 4947 διάνοιαν

406 4978 757 5051 πεπήρωται,
789 4978 864 5040 ὡς
919 4980 993 5051 μὴ
1044 4984 1186 5033 νοεῖν
1231 4978 1323 5034 καὶ
1375 4977 1709 5055 λογίζεσθαι,
1744 4978 1827 5035 ὅτι
1877 4982 1905 5036 ὁ
1937 4988 2070 5058 Χρι-

407 5063 554 5135 στὸς,
618 5066 695 5129 εἷς
754 5067 811 5122 ὃν
866 5072 1227 5143 μαρτυροῦσιν
1283 5070 1335 5123 οἱ
1394 5066 1694 5145 ἅοθρωποι,
1746 5070 1905 5133 αὐτὸς
1964 5072 2065 5141 τὴν

404 5157 539 5211 κατὰ
565 5159 662 5211 τοῦ
710 5157 942 5213 θατάτου
992 5157 1146 5228 νίκην
1207 5154 1416 5231 ἑκάστῳ
1472 5160 1704 5236 παρέχει
1759 5160 1849 5215 καὶ
1905 5158 2066 5216 δίδω-

403 5266 504 5320 σιν,
567 5246 861 5318 έξασθενεῖν
922 5245 1079 5302 αὐτὸν
1138 5252 1308 5304 ποιῶν
1365 5248 1418 5303 ἐν
1478 5249 1686 5323 ἑκάστῳ
1741 5254 1847 5305 τῶν
1900 5250 2064 5306 αὐτοῦ

401 5338 501 5406 τὴν
532 5336 714 5391 πίστιν
746 5336 1011 5413 ἐχόντων,
1042 5336 1132 5391 καὶ
1160 5338 1222 5392 τὸ
1265 5343 1492 5412 σημεῖον
1535 5343 1637 5393 τοῦ
1686 5344 1915 5415 σταυροῦ
1964 5362 2062 5417 φο-

406 5425 644 5501 ρούντων
671 5445 684 5496 ;
716 5426 815 5481 Καὶ
864 5427 968 5504 γὰρ
1019 5427 1048 5481 6
1078 5426 1170 5481 16v
1212 5422 1333 5506 ὅφιν
1385 5426 1602 5505 βλέπων
1652 5429 2061 5503 καταπατούμε-

403 5535 508 5585 νον,
541 5513 702 5579 εἰδὼς
745 5515 911 5572 αὐτοῦ
963 5515 1201 5591 μάλιστα
1250 5518 1349 5586 τὴν
1408 5518 1673 5595 προτέραν
1736 5519 2057 5595 ἀγριότητα,

474 5746 587 5819 (70)
618 5747 844 5821 Anglic.
876 5749 1105 5807 Gobler.
1140 5748 1395 5807 Felckm.
1431 5752 1455 5807 1
1492 5768 1585 5808 an.
1627 5756 1684 5809 et
1711 5755 1866 5826 Seg.,
1890 5748 2057 5825 ἄψαυ-

403 5838 547 5877 στον.

2183 4898 2463 4953 adversus
2494 4902 2739 4951 mortem
2771 4895 3030 4951 tribuere
3055 4900 3112 4949 et
3158 4892 3493 4960 concedere,
3548 4891 3829 4963 illamque

2181 4986 2240 5040 in
2272 4986 2571 5053 omnibus,
2604 4987 2705 5058 qui
2736 4986 2865 5057 ejus
2914 4986 3091 5041 ﬁdem
3142 4983 3381 5049 habent,
3441 4987 3497 5037 et
3528 4981 3721 5037 crucis
3747 4981 3824 5037 si-

2178 5091 2361 5147 gnum
2393 5080 2604 5149 gerunt
2634 5076 2933 5131 inﬁrmare
2959 5074 2987 5129 ‘2
3018 5074 3346 5137 Enimvero,
3366 5071 3465 5144 qui
3494 5074 3824 5142 serpentem

2182 5165 2399 5238 proteri
2426 5165 2632 5232 cernit,
2668 5165 2922 5221 maxime
2953 5164 3000 5220 si
3034 5165 3163 5235 ejus
3194 5162 3485 5218 feritatem
3518 5165 3686 5216 antea
3707 5176 3824 5216 non

2173 5254 2538 5327 ignoraverit
2562 5255 2710 5310 nihil
2734 5255 2860 5326 jam
2885 5254 3120 5309 dubitat
3151 5251 3293 5324 quin
3323 5251 3422 5307 ille
3452 5254 3721 5306 mortuus
3752 5265 3824 5321 pe

2175 5343 2453 5415 nitusque
2482 5343 2807 5400 exstinctus
2839 5344 2936 5415 sit,
2971 5343 3086 5397 nisi
3118 5342 3263 5397 forte
3306 5341 3357 5396 is
3390 5344 3582 5396 mente
3613 5342 3822 5409 captus

2171 5432 2366 5504 fuerit,
2400 5450 2504 5489 nec
2534 5450 2709 5489 sanos
2746 5432 3004 5504 corporis
3062 5429 3334 5487 habuerit
3389 5445 3624 5485 sensus.
3678 5427 3821 5491 Quis

2169 5522 2324 5578 enim
2353 5522 2579 5579 leonem
2607 5523 2805 5594 pueris
2833 5520 3088 5577 ludibrio
3146 5536 3275 5575 esse
3331 5518 3564 5590 videns}
3595 5518 3822 5590 ignoret

2237 5754 2351 5827 (71)
2383 5754 2617 5826 Seguer.
2631 5794 2645 5821 ,
2677 5750 2891 5815 αὐτούς.
