4178 6422
295 368 409 432 M7
828 371 897 436 S.
939 372 1371 438 ATHANASII
1416 373 1585 438 OPP.
1635 373 1837 436 PARS
1881 373 1929 436 Ι.
1961 407 2040 420 -
2073 373 2495 439 HISTORICA
2537 375 2638 440 ET
2680 375 3164 441 DOGMATICA.
3592 371 3712 436 148

293 504 383 562 vel
413 505 583 564 illum
615 511 916 565 mortuum
948 525 1095 576 esse,
1124 509 1215 565 vel
1246 508 1453 566 saltem
1487 509 1603 565 vim
1623 525 1794 565 suam
1823 525 1943 564 om-

2056 507 2158 563 οὐκ
2207 503 2549 588 ἀμφιϐάλλει
2605 506 2822 583 λοιπὸν,
2855 507 2938 565 ὅτι
2995 507 3184 583 νεκρός
3237 504 3349 564 ἐστι
3401 503 3493 563 καὶ
3523 503 3713 563 τέλεον

296 613 432 652 nem
465 598 767 655 amisisse?
783 600 983 671 Itaque
1005 600 1502 670 quemadmodum
1526 599 1648 655 haec
1669 615 1804 654 vera
1819 615 1943 655 esse

2058 596 2429 670 ἐξησθένησεν,
2485 597 2637 662 ἐκτὸς
2688 598 2736 654 εἰ
2796 599 2870 672 μὴ
2927 599 3029 668 τὴν
3097 595 3335 653 διάνοιαν
3399 596 3709 674 ἀπεστράφη

285 684 435 759 ipsis
465 687 640 743 etiam
676 687 862 744 oculis
892 694 1073 760 patet,
1115 690 1219 756 sic,
1271 689 1752 761 quandoquidem
1787 705 1943 745 mors

2056 688 2189 761 (72),
2221 687 2311 741 καὶ
2345 686 2470 743 οὐδὲ
2510 689 2607 750 τὰς
2652 692 2750 742 τοῦ
2799 688 3053 762 σώματος
3112 686 3390 758 αἰσθήσεις
3436 684 3710 761 ὑγιαινού-

288 791 324 831 a
353 775 568 832 Christi
601 776 873 832 ﬁdelibus
903 777 1180 833 irridetur
1205 784 1264 834 et
1292 778 1707 843 contemnitur,
1773 793 1942 832 nemo

2056 796 2149 838 σας
2200 770 2336 852 ἔχει.
2370 777 2462 840 Τίς
2507 779 2632 853 γάρ,
2673 777 2763 832 καὶ
2815 774 3010 832 λέοντα
3058 775 3390 851 παιζόμενον
3441 775 3544 830 ὑπὸ
3582 796 3708 830 παι-

276 864 406 937 jam
439 866 673 921 credere
703 867 954 938 refugiat
986 883 1156 922 nemo
1181 868 1308 939 jam
1342 867 1574 923 dubitet
1603 866 1746 939 quin
1779 882 1938 921 mors

2056 861 2180 920 δίων
2241 866 2405 941 ὁρῶν,
2442 867 2629 941 ἀγνοεῖ
2656 870 2846 921 τοῦτον
2880 867 2916 936 ἢ
2948 865 3135 942 νεκρὸν
3181 865 3470 941 γενόμενον
3519 865 3553 934 ἢ
3605 870 3714 920 π’ἄ-

282 970 316 1009 a
346 953 577 1010 Christo
609 954 906 1011 destructa
937 957 1185 1028 ejusque
1237 957 1532 1030 corruptio
1563 955 1853 1012 dissoluta
1881 960 1938 1011 et

2056 974 2140 1008 ταν
2196 952 2538 1010 ἀπολέσαντα
2591 957 2690 1026 τήν
2747 955 2939 1010 ἑαυτοῦ
2999 957 3112 1029 (73)
3163 952 3445 1029 δύναμιν;
3504 956 3708 1031 ’Ὠσπερ

286 1042 480 1098 deleta
509 1043 703 1100 fuerit.
1206 1045 1211 1050 ’

2056 1040 2135 1098 σῦν
2168 1048 2337 1099 ταῦτα
2367 1042 2546 1114 ἀληθῆ
2582 1044 2862 1107 εἶναιτοῖς
2924 1042 3233 1122 ὀφθαλμοῖς
3295 1040 3489 1114 ἔξεστιν
3551 1044 3706 1117 ὁρᾷν,

290 1127 433 1184 οὕτω
491 1132 825 1204 παιζομένου
884 1131 974 1187 καὶ
1031 1133 1547 1213 καταφρονουμένου
1603 1137 1699 1188 τοῦ
1757 1130 1983 1186 θανάτου
2043 1131 2146 1187 ὑπὸ
2197 1136 2305 1187 τῶν
2365 1132 2440 1196 εἰς
2501 1131 2731 1211 Χριστὸν
2808 1131 3194 1203 πιστευόντων,
3261 1132 3456 1207 μηκέτι
3514 1128 3707 1205 μηδεὶς

297 1213 716 1296 ἀμφιϐαλλέτω,
781 1220 923 1295 μηδὲ
980 1225 1206 1299 γινέσθω
1260 1246 1343 1287 τις
1401 1220 1646 1294 ἄπιστος,
1705 1221 1789 1277 ὅτι
1844 1221 1946 1276 ὑπὸ
1996 1226 2230 1299 Χριστοῦ
2287 1224 2634 1300 κατήργηται
2683 1224 2711 1278 ὁ
2759 1224 3002 1295 θάνατος,
3056 1220 3150 1278 καί
3203 1225 3240 1293 ἡ
3292 1220 3486 1277 τούτου
3535 1221 3709 1298 φθορά

296 1304 613 1364 διαλέλυται
644 1310 732 1366 καὶ
763 1312 1050 1370 πέπαυται.

363 1399 453 1454 30.
490 1401 694 1474 Itaque
724 1409 971 1459 mortem
1003 1422 1036 1460 a
1066 1405 1293 1461 Christo
1326 1423 1454 1462 esse
1483 1406 1857 1470 exstinctam,
1889 1407 1943 1458 et

2125 1405 2214 1460 30.
2264 1405 2370 1457 Τοῦ
2433 1403 2528 1477 μὲν
2589 1401 2680 1458 οῦν
2739 1404 3114 1480 κατηργῆσθαι
3167 1402 3257 1456 τὸν
3313 1401 3560 1469 θάνατον,
3621 1399 3712 1454 καὶ

293 1503 525 1544 crucem
557 1491 920 1549 Dominicam
953 1495 1154 1566 tropaei
1203 1495 1390 1552 instar
1445 1497 1724 1551 adversus
1780 1493 1942 1549 illam

2056 1491 2311 1570 τρόπαιον
2373 1491 2506 1547 εἶναι
2555 1499 2670 1547 κατ’
2713 1492 2879 1548 αὐτοῦ
2923 1491 3016 1548 τὸν
3068 1492 3322 1569 κυριακὸν
3366 1487 3617 1566 σταυρὸν,
3652 1487 3714 1544 ού

295 1577 479 1634 fuisse
509 1579 853 1637 collocatam
885 1599 1002 1638 non
1043 1583 1152 1640 levi
1178 1590 1527 1657 argumento
1554 1590 1693 1640 sunt
1721 1601 1790 1639 ea
1814 1599 1942 1654 quae

2057 1583 2250 1658 μικρὸς
2312 1579 2546 1659 ἔλεγχος
2604 1583 2670 1637 τὰ
2716 1583 3107 1659 προειρημένα.
3157 1587 3262 1651 Τῆς
3315 1577 3373 1635 δὲ
3415 1579 3714 1655 γενομένης

291 1667 742 1734 diximus.Quod
775 1677 972 1735 autem
1003 1673 1354 1730 immortalis
1381 1674 1640 1747 corporis
1684 1689 1942 1729 resurre-

290 1756 408 1813 ctio
440 1775 474 1813 a
517 1761 816 1816 communi
883 1761 1147 1819 omnium
1207 1768 1502 1820 servatore
1557 1763 1808 1833 Christo,
1841 1760 1940 1834 qui

2053 1668 2247 1727 λοιπὸν
2282 1673 2544 1728 ἀθανάτου
2575 1673 2914 1736 ἀναστάσεως
2969 1676 3066 1727 τοῦ
3123 1673 3376 1745 σώματος
3429 1669 3575 1740 παρὰ
3619 1672 3717 1722 τοῦ

2051 1765 2238 1816 κοινοῦ
2296 1761 2511 1816 πάντων
2569 1769 2817 1836 σωτῆρος
2885 1761 2976 1816 καὶ
3052 1765 3198 1830 ζωῆς
3258 1755 3430 1822 ὅντως
3477 1761 3712 1835 Χριστοῦ

289 1863 428 1902 vera
457 1846 577 1904 vita
604 1853 712 1918 est,
737 1850 942 1907 effecta
969 1852 1143 1908 fuerit
1173 1870 1265 1910 res
1295 1853 1437 1926 ipsa;
1478 1851 1664 1908 multo
1707 1852 1941 1908 eviden-

2056 1848 2406 1926 ἐναργεστέρα
2432 1855 2541 1905 τῶν
2593 1847 2774 1926 λόγων
2806 1847 2966 1920 ἡδιά
3012 1853 3122 1904 τῶν
3173 1848 3514 1928 φαινομένων
3575 1845 3712 1902 ἀπό-

217 2006 224 2010 ,
288 1935 409 1991 tius
442 1953 622 2008 quam
652 1939 828 1995 verba
859 1941 1109 2011 probant
1141 1941 1234 1997 his
1293 1942 1516 1998 scilicet
1567 1942 1669 2014 qui
1728 1956 1940 1997 sanum

291 2023 512 2081 habent
561 2028 776 2084 mentis
815 2022 1082 2086 oculum;
1106 2031 1164 2087 Si
1209 2031 1387 2097 enim,
1438 2037 1504 2088 ut
1551 2031 1939 2095 ostendimus,

293 2131 454 2171 mors
483 2116 781 2174 destructa
814 2124 922 2188 est,
955 2137 1204 2192 eamque
1241 2138 1446 2177 omnes
1505 2124 1741 2194 propter
1771 2119 1942 2174 Chri-

293 2208 450 2261 stum
484 2206 850 2277 conculcant,
893 2209 1080 2265 multo
1114 2210 1303 2283 magis
1333 2211 1460 2281 ipse
1489 2209 1651 2265 illam
1708 2209 1941 2282 proprio

292 2310 532 2366 corpore
580 2297 809 2368 primus
869 2299 1235 2356 conculcavit
1290 2304 1348 2356 et
1394 2300 1700 2356 destruxit.
1761 2301 1943 2355 Morte

295 2399 467 2456 porro
490 2385 562 2441 ab
588 2385 688 2442 illo
717 2387 1069 2462 interempta
1100 2391 1244 2462 quid
1275 2390 1533 2446 restabat
1561 2389 1676 2445 nisi
1723 2394 1788 2445 ut
1817 2405 1942 2445 cor-

294 2488 406 2546 pus
464 2481 814 2547 resurgeret,
874 2483 930 2533 et
997 2484 1279 2552 tropaeum
1340 2480 1618 2536 adversus
1694 2481 1941 2534 mortem

295 2561 460 2617 ﬁeret
488 2562 514 2618 ?
543 2564 846 2628 Quomodo
878 2569 1034 2624 enim
1069 2585 1226 2624 mors
1281 2570 1578 2625 destructa
1607 2585 1736 2624 esse
1779 2567 1941 2621 vide-

291 2653 596 2717 retur,nisi
625 2654 997 2713 Dominicum
1033 2675 1247 2730 corpus
1279 2659 1696 2715 resurrexisset
1721 2658 1748 2713 ?
1777 2657 1827 2713 si
1848 2656 1943 2711 cui

290 2745 488 2796 autem
519 2741 642 2800 haec
671 2745 743 2800 ad
775 2746 902 2817 ejus
936 2748 1422 2804 resurrectionem
1455 2748 1819 2820 probandam
1848 2763 1942 2801 sa-

294 2829 373 2885 tis
403 2847 519 2887 non
552 2833 1002 2904 luerint,saltem
1029 2854 1098 2893 ex
1126 2838 1220 2894 his
1237 2855 1364 2911 quae
1395 2837 1582 2894 oculis
1607 2837 1778 2893 obvia
1805 2838 1946 2892 sunt

297 2918 474 2975 fidem
509 2921 679 2978 dictis
709 2923 941 2980 habeat.
969 2925 1112 2981 Nam
1146 2927 1193 2982 si
1227 2931 1496 2983 mortuus
1527 2925 1672 2982 nihil
1703 2941 1946 2999 prorsus

300 3024 470 3081 agere
501 3015 712 3083 potest,
739 3014 840 3069 sed
873 3015 1002 3086 ejus
1058 3017 1343 3072 memoria
1372 3033 1559 3089 usque
1615 3017 1686 3072 ad
1747 3013 1943 3087 sepul-

296 3115 462 3155 crum
493 3101 774 3159 duntaxet
803 3103 978 3177 viget,
1011 3122 1077 3161 ac
1133 3106 1409 3179 deinceps
1440 3106 1656 3162 desinit
1686 3123 1701 3174 ;
1732 3105 1782 3161 si
1809 3121 1945 3160 vero

295 3186 404 3244 soli
437 3189 695 3296 viventes
725 3199 937 3295 agunt,
957 3193 1186 3266 solique
1214 3197 1368 3269 apud
1400 3195 1671 3296 homines
1720 3193 1942 3296 aliquid
1975 3228 2017 3296 α

295 3282 547 3350 possunt
575 3279 805 3338 efﬁcere
839 3300 852 3350 ;
883 3283 1079 3340 videat
1124 3289 1278 3340 certe
1335 3285 1437 3356 qui
1492 3284 1630 3341 velit
1665 3288 1722 3341 et
1750 3301 1819 3341 ex
1850 3283 1945 3340 his

297 3384 425 3439 quas
446 3369 654 3425 viderit
684 3371 983 3428 veritatem
1023 3373 1216 3446 seipso
1248 3374 1450 3446 judice
1481 3374 1750 3430 fateatur.
1801 3373 1944 3429 Cum

298 3457 456 3514 enim
486 3462 574 3516 tot
602 3463 660 3515 et
691 3464 854 3517 tanta
883 3461 1150 3519 Salvator
1201 3463 1260 3518 in
1295 3464 1636 3520 hominibus
1681 3463 1898 3520 efﬁciat
1929 3487 1945 3532 ;

302 3562 437 3603 cum
469 3552 555 3604 tot
585 3550 850 3622 undique
869 3551 1082 3608 Graecis
1115 3557 1170 3609 et
1198 3553 1464 3609 barbaris
1495 3553 1720 3609 occulte
1750 3553 1944 3626 quoti-

297 3635 392 3692 die
421 3638 772 3707 persuadeat
800 3644 863 3695 ut
892 3657 1061 3697 suam
1087 3642 1263 3698 ﬁdem
1289 3641 1804 3715 amplectantur,et
1825 3659 1947 3699 suae

295 3724 574 3781 doctrinas
607 3743 813 3784 omnes
871 3729 1149 3786 obediant
1179 3747 1194 3786 :
1228 3748 1372 3787 num
1426 3731 1619 3788 adhuc
1648 3731 1948 3788 dubitabit

296 3812 514 3886 aliquis
545 3819 746 3872 utrum
777 3835 811 3873 a
841 3818 1136 3876 Salvatore
1168 3820 1320 3876 facta
1349 3820 1428 3877 sit
1483 3822 1833 3878 resurrectio
1889 3825 1948 3878 et

293 3903 450 3958 vivat
477 3903 745 3962 Christus
766 3906 883 3963 imo
914 3924 1047 3964 vero
1076 3909 1203 3982 ipse
1233 3910 1311 3966 sit
1337 3910 1485 3966 vita?
1515 3917 1604 3965 An
1635 3927 1772 3983 ergo
1795 3928 1946 3967 mor-

292 3990 382 4047 tui
413 3997 502 4048 est
531 3997 757 4050 mentes
786 3995 1094 4052 hominum
1115 3997 1197 4053 ita
1226 4004 1712 4072 compungere,ut
1740 4000 1946 4072 patriis

295 4079 527 4154 legibus
558 4083 904 4154 repudiatis,
929 4085 1143 4143 Christi
1204 4088 1533 4146 doctrinam
1567 4094 1894 4162 sequantur
1919 4090 1947 4146 ‘I

294 4171 409 4226 Aut
439 4171 488 4227 si
518 4171 663 4228 nihil
694 4173 814 4246 agit
835 4175 993 4246 (nam
1023 4176 1080 4232 id
1106 4177 1320 4233 mortui
1343 4178 1644 4252 proprium
1669 4180 1948 4252 est),quo-

295 4261 468 4317 modo
501 4261 628 4334 ipse
658 4268 894 4336 agentes
926 4269 983 4321 et
1014 4267 1273 4324 viventes
1311 4267 1383 4324 ab
1441 4269 1666 4339 agendo
1699 4273 1944 4338 coercet,

294 4348 376 4404 ita
406 4355 473 4406 ut
502 4351 734 4409 adulter
755 4355 881 4424 jam
913 4371 1029 4411 non
1061 4355 1676 4424 adulteret,homicida
1705 4374 1822 4413 non
1853 4357 1944 4412 in-

293 4439 564 4507 terﬁciat,
595 4441 856 4513 injustus
904 4444 1201 4501 neminem
1261 4446 1514 4514 fraudet,
1559 4450 1616 4503 et
1645 4463 1713 4503 ex
1761 4447 1944 4519 impio

299 4528 433 4600 pius
464 4530 598 4602 quis
629 4533 835 4589 evadat
863 4533 892 4588 ?
921 4533 1029 4597 Qui
1058 4535 1183 4591 ﬁeri
1235 4539 1447 4608 potest,
1493 4536 1542 4592 si
1602 4553 1717 4592 non
1750 4553 1944 4592 resur-

2052 1938 2214 2010 δειξίς
2271 1939 2379 1994 ἐστι
2434 1944 2553 2002 τοῖς
2610 1940 2702 1994 τὸν
2755 1939 3037 2015 ὀφθαλμὸν
3082 1945 3185 2008 τῆς
3219 1935 3459 1999 διανοίας
3493 1934 3714 2012 ἔχουσιν

2053 2028 2382 2104 ὑγιαίνοντα.
2415 2030 2479 2084 Εἰ
2527 2030 2632 2106 γὰρ
2680 2031 3022 2105 κατήργηται
3057 2028 3085 2083 ὁ
3124 2030 3374 2094 θάνατος,
3407 2027 3482 2088 ὡς
3533 2027 3561 2080 ὁ
3611 2023 3707 2080 λύ-

2050 2139 2149 2194 γος
2181 2113 2365 2191 ἔδειξε,
2397 2117 2488 2173 καὶ
2541 2115 2631 2173 διὰ
2670 2119 2762 2174 τὸν
2814 2117 3042 2190 Χριστόν
3092 2119 3288 2180 πάντες
3334 2117 3492 2172 αὐτὸν
3542 2136 3705 2170 κατα-

2049 2212 2280 2264 πατοῦσι
2305 2225 2316 2239 ⁸
2358 2205 2559 2281 πολλῷ
2587 2205 2756 2263 πλέον
2788 2204 2949 2270 αὐτὸς
3004 2207 3162 2263 αὐτὸν
3208 2211 3428 2282 πρῶτος
3474 2206 3710 2260 κατεπά-

2048 2319 2180 2367 τησε
2208 2302 2287 2370 τῷ
2319 2295 2443 2371 ἰδίῳ
2473 2298 2689 2370 σώματι
2743 2297 2833 2352 καὶ
2881 2298 3222 2373 κατήργησεν
3277 2294 3458 2352 αὐτόν.
3489 2299 3594 2349 Τοῦ
3651 2292 3711 2350 δὲ

2051 2385 2279 2442 θανάτου
2337 2387 2696 2463 νεκρωθὲντος
2754 2387 2841 2441 ὑπ’
2901 2385 3086 2451 αὐτοῦ,
3117 2384 3169 2440 τί
3223 2380 3330 2440 ἔδει
3387 2383 3628 2460 γενέσθαι
3669 2383 3706 2453 ἢ

2048 2477 2112 2531 τὸ
2142 2480 2302 2551 σῶμα
2357 2477 2670 2546 ἀναστῆναι,
2702 2475 2791 2531 καὶ
2836 2479 2997 2530 τοῦτο
3047 2473 3332 2552 δειχθῆναι
3377 2475 3496 2530 κατ’
3540 2473 3708 2528 αὐτοῦ

2049 2565 2349 2642 τρόπαιον;
2383 2571 2454 2620 ’Ή
2501 2569 2621 2628 πῶς
2669 2565 2772 2642 γὰρ
2821 2563 2886 2620 av’
2932 2565 3094 2643 ἐφάνη
3145 2563 3508 2640 καταργηθεὶς
3538 2564 3566 2618 6
3614 2563 3707 2617 θά-

2050 2676 2232 2722 νατος,
2266 2653 2312 2709 εἰ
2348 2655 2422 2729 μὴ
2453 2653 2515 2709 τὸ
2547 2658 2707 2728 σῶμα
2732 2652 2796 2710 τὰ
2826 2654 3079 2728 κυριακὸν
3126 2654 3193 2722 ἦν
3246 2653 3473 2708 ἀναστὰν
3501 2672 3514 2722 ;
3546 2652 3611 2708 Εἰ
3652 2651 3709 2707 δέ

2051 2766 2132 2818 τῳ
2167 2745 2242 2818 μὴ
2277 2743 2549 2821 αὐτάρκης
2581 2747 2692 2818 (74)
2717 2746 2752 2814 ἡ
2787 2741 3060 2815 ἀπόδειξις
3094 2743 3226 2813 αὕτη
3259 2743 3382 2819 περὶ
3427 2749 3530 2813 τῆς
3576 2743 3707 2798 ἀνα-

2054 2831 2290 2896 στάσεως
2335 2833 2518 2890 αὐτοῦ.
2552 2833 2648 2888 κᾶν
2713 2832 2772 2889 ἐκ
2818 2837 2923 2888 τῶν
2976 2831 3027 2889 ἐν
3080 2828 3201 2908 ὄψει
3246 2832 3558 2908 γονομένων
3617 2851 3708 2886 πι-

2055 2927 2272 2978 στοῦται
2299 2925 2362 2978 τὸ
2393 2920 2716 2998 λεγόμενον.
2745 2922 2812 2978 Εἰ
2854 2923 2958 2999 γὰρ
3011 2919 3078 2992 δὴ
3125 2921 3312 2998 νεκρός
3350 2941 3435 2983 τις
3479 2919 3708 2997 γενόμε-

2054 3033 2146 3076 νος
2177 3009 2328 3068 οὐδὲν
2360 3011 2592 3090 ἐνεργεῖν
2629 3009 2866 3080 δύναται,
2901 3008 3046 3067 ἀλλὰ
3081 3011 3248 3088 μέχρι
3275 3015 3372 3066 τοῦ
3425 3013 3528 3084 μνή
3543 3011 3708 3084 ματός

2056 3102 2196 3158 ἐστιν
2230 3102 2377 3174 αύτῷ
2400 3105 2435 3171 ἡ
2469 3099 2656 3178 χάρις,
2682 3101 2773 3157 καὶ
2802 3101 3072 3157 πέπαυται
3120 3099 3314 3156 λοιπόν
3352 3119 3364 3133 ·
3415 3100 3594 3175 μόνων
3653 3097 3711 3155 δὲ

2054 3196 2162 3248 τῶν
2212 3193 2426 3262 ζώντων
2487 3189 2618 3246 εἰσὶν
2672 3192 2726 3246 αἱ
2771 3190 2990 3266 πράξεις
3037 3190 3128 3246 καὶ
3181 3191 3236 3246 αἱ
3280 3190 3418 3268 πρὸς
3462 3189 3590 3254 τοὺς
3621 3189 3711 3244 ἀν-

2055 3282 2309 3359 θρώπους
2357 3281 2619 3358 ἐνέργειαι
2655 3300 2668 3313 '
2702 3281 2882 3356 ὁράτω
2927 3278 2992 3350 δὴ
3027 3281 3055 3336 ὁ
3090 3279 3450 3356 βουλόμενος,
3480 3278 3570 3336 καί
3617 3301 3710 3356 γε-

2053 3371 2224 3426 νέσθω
2257 3369 2515 3442 δικαστὴς
2547 3369 2606 3427 ἐκ
2632 3373 2740 3426 τῶν
2773 3371 3067 3446 ὁρωμένων
3114 3371 3215 3440 τήν
3267 3367 3525 3442 ἀλήθειαν
3573 3371 3710 3444 ὁμο-

2055 3457 2260 3535 λογῶν.
2292 3464 2532 3516 Τοσαῦτα
2560 3461 2664 3537 γὰρ
2694 3463 2791 3514 τοῦ
2823 3466 3086 3536 Σωτῆρος
3119 3459 3465 3535 ἐνεργοῦντος
3515 3457 3565 3514 ἐν
3618 3459 3710 3520 ἀν-

2054 3551 2318 3625 θρώποις,
2375 3549 2466 3604 καὶ
2511 3551 2628 3605 καθ’
2677 3550 2888 3625 ἡμέραν
2937 3549 3273 3626 πανταχόθεν
3332 3549 3437 3604 ἀπό
3495 3569 3555 3604 τε
3600 3553 3708 3604 τῶν

2051 3641 2152 3709 τήν
2201 3635 2439 3694 Ἐλλάδα
2492 3638 2584 3693 καὶ
2629 3638 2730 3708 τήν
2783 3632 3054 3715 βάρϐαρον
3113 3637 3404 3692 οἰκούντων
3451 3640 3708 3693 τοσοῦτον

2053 3725 2269 3798 πλῆθος
2301 3729 2547 3806 ἀοράτως
2576 3725 2858 3790 πείθοντος
2890 3727 2966 3790 εἰς
3022 3728 3123 3798 τήν
3169 3727 3360 3783 ἑαυτοῦ
3390 3729 3504 3802 (75)
3533 3727 3712 3782 πίστιν

2052 3815 2365 3892 παρελθεῖν,
2395 3815 2486 3873 καὶ
2540 3817 2742 3880 πάντας
2792 3815 3081 3873 ὑπακούειν
3125 3821 3195 3892 τῇ
3245 3815 3410 3872 αὐτοῦ
3454 3814 3708 3872 διδασκα-

2055 3907 2152 3980 λίᾳ
2185 3925 2198 3939 °
2234 3906 2318 3984 ἆρ’
2349 3903 2427 3962 ἔτι
2456 3928 2541 3970 τις
2568 3907 2668 3976 τήν
2719 3903 2954 3962 διάνοιαν
3006 3901 3319 3985 ἀμφίϐολον
3366 3903 3473 3978 ἕξει
3521 3907 3566 3960 εἰ
3614 3906 3704 3980 γέ-

2054 4018 2205 4074 γονεν
2240 3996 2520 4058 ἀνάστασις
2551 3996 2653 4052 ὑπὸ
2696 3999 2799 4051 τοῦ
2840 4002 3124 4071 Σωτῆρος,
3155 3996 3246 4052 καὶ
3297 4000 3361 4071 ζῇ
3393 3997 3421 4052 6
3451 3995 3704 4072 Χριστὸς,

2059 4084 2272 4161 μᾶλλον
2325 4083 2383 4140 δὲ
2429 4084 2590 4148 αὐτός
2631 4083 2770 4140 ἐστιν
2803 4087 2838 4156 ἡ
2875 4088 2986 4157 ζωή
3016 4105 3030 4156 ;
3061 4090 3203 4161 ’Δρα
3251 4083 3309 4141 δὲ
3351 4090 3538 4163 νεκροῦ
3596 4084 3705 4140 ἐστι

2052 4177 2150 4239 τὰς
2211 4175 2306 4250 μὲν
2361 4171 2602 4238 διανοίας
2656 4178 2764 4230 τῶν
2827 4175 3122 4252 ἀνθρώπων
3175 4174 3517 4232 κατανύττειν
3577 4176 3708 4250 (76),

2055 4264 2194 4320 ὥστε
2228 4262 2356 4326 τοὺς
2404 4263 2703 4338 πατρικοὺς
2758 4265 3028 4342 ἀρνεῖσθαι
3073 4264 3299 4339 νόμους,
3325 4266 3424 4335 τὴν
3472 4261 3531 4319 δὲ
3577 4269 3709 4340 Χρι-

2054 4359 2183 4410 στοῦ
2251 4351 2599 4409 διδασκαλίαν
2659 4359 3024 4429 προσκυνεῖν;
3080 4360 3148 4412 Ἣ
3202 4359 3343 4428 πῶς,
3404 4351 3553 4430 εἶ’περ
3613 4353 3712 4409 οὐκ

2053 4438 2194 4500 ἔστιν
2256 4443 2508 4521 ἐνεργῶν,
2539 4449 2732 4519 νεκροῦ
2782 4445 2887 4520 γὰρ
2946 4441 3085 4500 ἴδιόν
3147 4443 3259 4500 ἐστι
3313 4447 3498 4519 τοῦτο,
3547 4442 3708 4506 αὐτὸς

2050 4532 2178 4596 τοὺς
2229 4529 2579 4610 ἐνεργοῦντας
2634 4533 2724 4592 καὶ
2786 4537 2987 4604 ζῶντας
3043 4541 3144 4605 τῆς
3202 4532 3474 4612 ἐνεργείας
3526 4531 3706 4604 παύει,

296 4617 463 4686 rexit,
488 4621 589 4676 sed
639 4625 911 4678 mortuus
959 4627 1066 4694 est,
1128 4629 1195 4680 ut
1235 4605 1568 4694 daemones,
1626 4642 1775 4698 quos
1805 4626 1943 4681 deos

2056 4621 2194 4679 ὥστε
2216 4605 2325 4679 τὸν⁷
2345 4605 2439 4699 μὲν
2477 4624 2673 4701 μοιχὸν
2725 4622 2924 4698 μηκέτι,
2953 4623 3255 4701 μοιχεύειν,
3410 4621 3468 4679 δὲ
3518 4619 3708 4699 ἀνδρο-

299 4706 444 4763 false
464 4709 764 4781 appellant
792 4715 848 4767 et
874 4717 1228 4769 venerantur
1277 4713 1566 4782 inﬁdeles,
1605 4714 1732 4787 ipse
1762 4712 1948 4787 expel-

292 4793 394 4865 lat,
427 4804 818 4870 persequatur
848 4807 906 4857 et
943 4801 1213 4876 proﬂiget
1236 4802 1264 4858 ?
1293 4803 1402 4860 Ubi
1459 4803 1615 4859 enim
1675 4803 1945 4860 Christus

292 4883 626 4959 Christique
658 4889 804 4945 ﬁdes
835 4889 1194 4960 nominatur,
1227 4893 1365 4948 inde
1394 4894 1588 4949 omnis
1617 4892 1943 4949 idololatria

290 4976 653 5050 exturbatur,
697 4995 903 5036 omnes
953 4981 1154 5036 statim
1215 4981 1548 5038 daemonum
1600 4983 1834 5039 fraudes
1877 4999 1944 5038 ac

291 5063 534 5121 fallaciae
569 5067 670 5124 59
704 5069 1334 5144 pateﬁunt,nullusque
1366 5072 1593 5128 daemon
1625 5072 1708 5129 vel
1745 5073 1942 5147 ipsum

293 5152 486 5211 solum
521 5173 735 5212 nomen
769 5157 916 5214 ferre
946 5163 1156 5230 potest,
1186 5161 1288 5215 sed
1341 5177 1408 5217 eo
1438 5159 1529 5217 vel
1578 5163 1779 5219 audito
1811 5179 1945 5218 mox

295 5245 519 5318 aufugit
551 5251 610 5303 et
637 5246 778 5302 abit.
809 5251 930 5303 Hoc
960 5249 1218 5320 profecto
1251 5250 1464 5306 mortui
1506 5267 1622 5307 non
1652 5268 1800 5324 opus
1831 5256 1942 5319 est,

368 5369 481 5444 (72)
503 5370 606 5444 Ξίο
628 5371 867 5444 Seguer.
905 5371 1074 5444 Basil.
1107 5373 1338 5431 Gobler.
1371 5379 1428 5431 et
1484 5375 1738 5432 Felckm.
1784 5379 1810 5432 1
1843 5395 1939 5434 an.

288 5439 488 5521 Aliine‘t
506 5443 680 5521 editi:
709 5439 1042 5521 ἐπεστράφη.
1077 5445 1223 5521 Ibid.
1258 5463 1393 5521 mox
1424 5448 1688 5521 Seguer.,
1721 5445 1866 5521 ἔχοι.

361 5513 472 5594 (Ἰξ)
501 5513 612 5594 sic,
638 5513 898 5594 Seguerj;
934 5513 1145 5594 ἐαυτοῦ.
1183 5513 1574 5594 item_habent
1624 5513 1862 5594 Anglic,
1884 5525 1942 5577 et

293 5581 469 5659 Basili
500 5584 612 5659 alii
635 5581 864 5659 _veFo_et
886 5581 1055 5656 editi,
1088 5586 1252 5643 αὐτοῦ
1278 5591 1400 5659 τήν.

357 5655 482 5736 (⁷4).
501 5656 596 5736 sic
626 5657 757 5736 565-
782 5655 1423 5736 ἒαείιοειΑυειίοοέιυί
1452 5666 1786 5736 postremus
1808 5659 1936 5719 αὕτ-

289 5743 445 5802 αρκες
470 5727 664 5786 habet.
696 5727 860 5786 Gobl.
893 5735 950 5787 et
979 5727 1234 5790 Felckiﬁ.
1270 5735 1296 5790 1
1331 5727 1538 5806 ἐκ,Ἐί
1569 5731 1626 5790 δὲ
1676 5731 1818 5792 οὕτω
1856 5738 1930 5812 μή

2055 4712 2216 4792 φόνον
2253 4714 2450 4788 μηκέτι
2481 4712 2740 4792 φονεύειν,
2761 4713 2853 4768 τὸν
2887 4710 2945 4769 δὲ
2976 4711 3258 4770 ἀδικοῦντα
3291 4713 3487 4788 μηκέτι
3517 4711 3711 4769 πλεονο

2055 4808 2246 4877 εκτεῖν,
2277 4801 2367 4857 καὶ
2424 4802 2516 4858 τὸν
2580 4797 2744 4873 ἀσεϐῆ
2804 4800 2995 4858 λοιπὸν
3057 4799 3332 4875 εὖσεϐεῖν;
3365 4807 3492 4867 Πῶς
3537 4800 3616 4877 δὲ,
3663 4803 3709 4858 εἰ

2058 4895 2133 4968 μή
2195 4893 2412 4964 ἀνέστη,
2447 4889 2593 4947 ἀλλὰ
2636 4891 2824 4970 νεκρός
2875 4892 3006 4965 ἐστι,
3047 4892 3174 4957 τοὺς
3225 4891 3558 4970 λεγομένους
3607 4893 3709 4948 ὑπὸ

2051 4985 2159 5038 τῶν
2203 4979 2442 5038 ἀπίστων
2504 4985 2598 5056 ζῇν
2676 4979 3002 5057 ψευδοθέους
3070 4983 3162 5038 καὶ
3240 4983 3709 5060 θρησκευομένους

2054 5069 2318 5147 δαίμονας
2358 5071 2517 5135 αὐτὸς
2571 5069 2886 5141 ἀπελαύνει,
2917 5069 3004 5128 καί
3059 5069 3266 5144 διώκει,
3296 5071 3387 5128 καὶ
3432 5066 3708 5128 καταϐάλ-

2053 5159 2178 5232 λει;
2227 5162 2392 5221 Ἔνθα
2465 5165 2569 5238 γὰρ
2632 5161 2953 5237 ὀνομάζετοι
3009 5162 3240 5238 Χριστὸς
3291 5161 3381 5218 καὶ
3437 5164 3474 5233 ἠ
3511 5161 3708 5219 τούτου

2050 5251 2253 5324 πίστις,
2289 5250 2486 5308 ἐκεῖθεν
2543 5256 2690 5308 πᾶσα
2748 5252 2844 5328 μὶν
2895 5249 3324 5331 εἰδωλολατρεία
3351 5252 3706 5327 καθαιρεῖται,

2049 5374 2347 5506 αύτάὲκης.
2379 5378 2492 5436 Alii
2521 5383 2580 5436 et
2599 5379 2760 5447 editi,
2792 5378 2855 5434 Εἰ
2887 5376 2946 5435 δὶ
2979 5381 3148 5454 μήπω
3175 5375 3472 5466 αὐτάρκης.

2122 5451 2178 5506 (7
2221 5453 2236 5506 l
2266 5456 2356 5506 Sic
2386 5452 2519 5506 Sea.
2544 5451 2687 5506 Gob.
2721 5452 2838 5506 Fel.
2874 5454 2901 5506 1
2943 5469 3037 5506 an.
3070 5458 3129 5506 et
3155 5455 3304 5506 Anq.
3338 5453 3452 5506 Alii

2122 5451 2236 5527 (7§)
2266 5451 2356 5508 Sic
2386 5452 2519 5525 Seg.
2544 5451 2687 5508 Gob.
2721 5452 2838 5510 Fel.
2874 5454 2901 5508 1
2943 5451 3037 5512 an.
3070 5458 3129 5510 et
3155 5451 3452 5527 Ang.'Alii
3483 5455 3541 5510 et
3585 5453 3703 5522 ed.,

2121 5595 2270 5678 σῷ)...
2288 5593 2384 5650 Sic
2413 5593 2652 5678 Seguer.
2685 5593 2854 5654 Gobl.
2888 5594 3080 5654 Felck.
3114 5595 3138 5652 4
3175 5612 3270 5653 an.
3303 5599 3363 5653 et
3389 5595 3564 5670 Angl.
3591 5594 3705 5653 Alii

2049 5669 2107 5723 et
2129 5664 2296 5739 editi,
2326 5664 2688 5742 κατανῦίγειν.

2034 5518 2234 5578 αὐτοῦ.

1901 6328 2302 6342 η

1901 6343 2302 6358 —_——————-—-—
