4178 6442
525 494 644 559 149

1543 498 1833 562 ORATIO
1876 497 1978 558 DE
2022 495 2618 562 INCARNATIONE
2660 498 2924 562 VERBI.

3825 495 3943 558 150

523 633 669 683 πᾶσα
699 624 756 683 δὲ
806 625 1072 702 δαιμόνων
1130 630 1303 702 ἀπάτη
1355 629 1661 708 ἐλέγχεται,
1694 636 1798 691 πᾶς
1853 627 1911 684 δὲ
1961 628 2172 702 δαίμων

2309 631 2390 685 sed
2419 631 2666 687 viventis
2698 633 3067 706 maximeque
3114 631 3236 689 Dei.
3287 631 3569 688 Praeterea
3617 629 3933 687 ridiculum

524 715 648 773 οὐδὲ
694 719 756 772 τὸ
807 713 985 792 ὄνομα
1036 720 1291 798 ὑποφέρει
1326 721 1460 793 (77),
1493 719 1638 775 ἀλλά
1684 721 1773 774 καὶ
1823 720 1982 793 μόνον
2018 717 2178 774 ἀκού-

523 829 638 879 σας,
673 809 845 886 φυγὰς
901 807 1133 886 οἷ’χεται,
1191 814 1360 864 Τοῦτο
1416 807 1472 864 δὲ
1522 809 1582 865 οὐ
1633 813 1824 887 νεκροῦ
1876 809 1938 863 τὸ
1997 806 2178 884 ἔργον,

526 895 672 952 ἀλλὰ
706 902 906 968 ζῶντος
936 899 1025 953 καὶ
1062 897 1298 973 μάλιστα
1327 903 1480 956 Θεοῦ.
1507 897 1733 962 Ἀλλως
1753 920 1811 954 τε
1840 899 1929 953 καὶ
1960 895 2178 973 γελοῖον

525 986 583 1042 ἂν
644 984 728 1057 εἴη
785 988 912 1050 τοὺς
977 989 1069 1061 μὲν
1125 985 1494 1061 διωκομένους
1544 990 1631 1045 ὑπ’
1681 989 1848 1044 αὐτοῦ
1896 986 2180 1061 δαιμονας,

523 1073 614 1130 καί
666 1077 733 1131 τὰ
788 1078 1199 1152 καταργούμενα
1259 1076 1463 1134 εἷ’δωλα
1521 1077 1700 1154 λέγειν
1765 1083 1963 1148 ζῶντας
2024 1077 2185 1144 εἶναι,

2291 720 2466 774 fuerit
2493 721 2748 777 viventes
2779 727 2984 793 putare
3020 723 3316 778 daemones
3365 737 3513 792 quos
3541 719 3638 776 ille
3669 719 3848 794 pellit,
3883 723 3940 775 et

2290 809 2447 864 idola
2478 827 2603 880 quae
2637 812 2905 883 destruit,
2938 829 3073 867 eum
3104 829 3235 867 vero
3284 817 3585 866 mortuum
3611 811 3801 867 dicere
3835 809 3939 882 qui

2291 897 2423 954 illos
2454 899 2636 971 pellit,
2671 903 2726 956 et
2773 919 2881 957 sua
2908 901 3118 958 virtute
3149 902 3329 958 efficit
3387 906 3455 956 ut
3507 917 3578 956 ne
3619 903 3940 973 appareant
4000 927 4006 932 -

2294 988 2552 1060 quidem,
2588 1006 2761 1060 quem
2793 990 2966 1046 etiam
2998 991 3110 1063 ipsi
3158 1008 3363 1047 omnes
3400 991 3658 1046 fatentur
3685 1006 3815 1047 esse
3845 989 3936 1046 Fi-

2294 1077 2441 1132 lium
2474 1077 2598 1134 Dei.

520 1165 613 1220 16v
677 1164 734 1220 6‘s
793 1165 1185 1237 ἀπελαύνοντα,
1239 1169 1330 1223 καὶ
1387 1173 1456 1243 τῇ
1518 1169 1711 1224 ἑαυτοῦ
1767 1166 1989 1242 δυνάμει
2053 1164 2193 1242 μηδὲ
2251 1174 2475 1242 φανῆναι
2536 1172 2797 1223 ποιοῦντα
2846 1168 3095 1240 τούτους,
3148 1167 3294 1224 ἀλλὰ
3347 1167 3436 1224 καί
3491 1166 3938 1244 ὁμολογούμενον

533 1253 636 1310 ὑπὸ
667 1257 877 1311 πάντων
908 1257 1042 1312 εἶναι
1073 1262 1207 1313 Θεοῦ
1238 1259 1382 1328 Υἱὸν,
1414 1263 1604 1314 τοῦτον
1639 1257 1818 1334 λέγειν
1849 1257 1983 1314 εἶναι
2015 1255 2224 1332 νεκρόν.

596 1347 683 1401 31.
718 1345 898 1421 Μέγαν
951 1333 1010 1401 δὲ
1061 1347 1152 1401 καὶ
1199 1349 1311 1421 (78)
1342 1349 1458 1402 καθ’
1487 1348 1688 1402 ἑαυτῶν
1722 1333 1833 1402 (τὸν
1873 1345 2104 1422 ἔλεγχον
2138 1347 2190 1400 οἳ

530 1434 880 1498 ἀπιστοῦντες
925 1439 994 1510 τῇ
1055 1437 1333 1490 ἀναστάσει
1392 1432 1825 1512 προϐάλλονται,
1859 1437 1904 1491 εἰ
1956 1437 2045 1490 τὸν
2098 1434 2190 1490 λε-

529 1523 765 1598 γόμενον
819 1525 946 1599 παρ’
1002 1524 1175 1580 αὐτῶν
1236 1526 1421 1599 νεκρὸν
1484 1527 1575 1580 τὸν
1653 1525 1882 1603 Χριστὸν
1960 1527 2188 1589 ἅπαντες

531 1610 787 1687 δαίμονες
833 1615 922 1668 καὶ
972 1615 1024 1669 οἱ
1075 1615 1545 1689 ποοσκυνούμενοι
1592 1617 1718 1690 παρ’
1750 1615 1922 1670 αὐτῶν
1975 1617 2085 1671 θεοὶ
2127 1615 2187 1670 οὐ

531 1699 841 1773 διωκουσιν,
877 1701 1022 1758 ἀλλὰ
1057 1702 1271 1778 μᾶλλον
1302 1706 1329 1758 6
1363 1706 1593 1782 Χριστὸς
1624 1704 1749 1767 τοὺς
1779 1707 1982 1767 πάντας
2036 1703 2190 1780 ἐλέγ-

528 1812 619 1868 χει
673 1793 917 1870 νεκρούςο
949 1794 1015 1848 Εἰ
1071 1794 1174 1870 γὰρ
1236 1791 1436 1863 ἀληθὲς
1484 1795 1574 1850 τὸν
1624 1796 1811 1872 νεκρὸν
1848 1792 2015 1869 μηδὲν
2046 1795 2188 1872 ἐνερ-

528 1887 666 1958 γεῖν,
720 1882 1002 1960 ἐργάζεται
1054 1881 1111 1938 δὲ
1157 1888 1390 1938 τοσαῦτα
1454 1886 1570 1939 καθ’
1628 1886 1839 1959 ἡμέραν
1892 1886 1920 1939 6
1965 1887 2184 1961 Σωτὴρ,

2370 1349 2458 1404 31.
2493 1349 2676 1406 Grave
2706 1353 2901 1405 autem
2931 1350 2989 1405 in
3022 1367 3141 1412 eos,
3175 1350 3276 1422 qui
3300 1350 3370 1406 de
3390 1348 3815 1406 resurrectione
3845 1347 3946 1401 du-

2298 1438 2506 1508 bitant,
2540 1439 2699 1494 istud
2732 1439 2907 1495 fuerit
2954 1444 3389 1512 argumentum,
3441 1438 3490 1494 si
3533 1454 3743 1510 nempe
3772 1435 3944 1492 Chri-

2299 1532 2481 1595 stum,
2499 1545 2673 1600 quem
2694 1533 2989 1584 mortuum
3005 1528 3116 1602 ipsi
3131 1531 3360 1600 putant,
3384 1528 3638 1584 universi
3653 1528 3944 1582 daemones

2299 1635 2365 1673 ac
2397 1617 2498 1684 dii,
2532 1635 2680 1689 quos
2712 1618 2931 1689 colunt,
2957 1635 3074 1674 non
3114 1621 3564 1690 persequantur,
3617 1616 3717 1673 sed
3749 1615 3944 1687 potius

2296 1706 2422 1779 ipse
2452 1707 2722 1764 Christus
2753 1725 2956 1765 omnes
2982 1707 3115 1764 illos
3147 1713 3412 1764 mortuos
3461 1723 3589 1762 esse
3620 1705 3946 1762 convincat.

2298 1796 2358 1854 Si
2389 1796 2545 1852 enim
2577 1814 2778 1854 verum
2802 1798 2878 1853 sit
2900 1803 3199 1854 mortuum
3233 1795 3378 1852 nihil
3411 1812 3600 1869 agere,
3633 1799 3723 1851 tot
3750 1798 3947 1851 autem

2296 1889 2353 1942 et
2381 1889 2546 1942 tanta
2565 1887 2828 1958 quotidie
2849 1891 2983 1960 agat
3002 1887 3292 1954 Christus,
3322 1885 3424 1958 qui
3447 1901 3657 1958 nempe
3679 1883 3948 1941 homines

530 1968 711 2026 ἓλκων
772 1971 849 2034 εἷς
910 1967 1203 2046 εὐσέϐειαν,
1253 1972 1452 2028 πείθων
1514 1973 1590 2036 εἷς
1649 1974 1867 2050 ἀρετὴν,
1919 1971 2182 2029 διδάσκων

2309 1976 2369 2031 ad
2395 1976 2670 2048 pietatem
2693 1977 2953 2042 attrahit,
2990 1977 3090 2048 qui
3117 1977 3237 2032 illis
3263 1981 3328 2032 ut
3346 1975 3623 2031 virtutem
3649 1977 3951 2030 sectentur

531 2061 658 2138 περί
708 2060 1019 2131 ἀθανασίας,
1054 2061 1130 2124 εἷς
1169 2062 1334 2117 πόθον
1363 2067 1470 2118 τῶν
1505 2062 1764 2139 οὐρανίων
1818 2063 2022 2139 ἐνάγων
2053 2065 2185 2138 (79),

535 2147 938 2206 ἀποκαλύπτων
1005 2153 1104 2222 τὴν
1163 2153 1288 2228 περὶ
1345 2153 1556 2230 Πατρὸς
1618 2158 1841 2229 γνῶσιν,
1899 2156 1997 2223 τήν
2053 2155 2189 2208 κατὰ

525 2243 624 2293 τοῦ
657 2240 881 2295 θανάτου
915 2237 1139 2314 δύναμιν
1200 2239 1466 2315 ἐμπνέων,
1501 2243 1709 2315 ἑκάστῳ
1759 2240 2013 2299 δεικνύων
2068 2245 2187 2298 ἐαυ-

526 2329 643 2400 τὸν,
689 2329 779 2383 καὶ
835 2330 934 2398 τήν
997 2327 1244 2385 εἰδώλων
1295 2330 1559 2400 ἀθεότητα
1614 2333 1884 2408 καθαιρῶν
1920 2351 1932 2363 ”
1980 2331 2186 2386 τούτων

529 2414 587 2472 δὲ
617 2415 773 2473 οὐδὲν
809 2416 1061 2474 δύνανται
1093 2420 1144 2473 οἱ
1173 2420 1320 2496 παρά
1348 2425 1465 2483 τοῖς
1497 2419 1744 2483 ἀπίστοις
1776 2421 1887 2475 θεοὶ
1934 2421 2024 2475 καὶ
2073 2419 2188 2476 δαί-

532 2527 714 2581 μονες,
742 2505 888 2562 ἀλλὰ
923 2505 1136 2581 μᾶλλον
1166 2512 1235 2583 τῇ
1280 2513 1513 2584 Χριστοῦ
1557 2509 1826 2585 παρουσίᾳ
1871 2510 2051 2586 νεκροὶ
2109 2511 2191 2585 γί-

524 2617 726 2664 νονται,
761 2597 934 2672 ἀργὴν
968 2591 1184 2674 ἔχοντες
1232 2598 1321 2654 καὶ
1369 2600 1527 2668 κενὴν
1578 2600 1676 2668 τὴν
1722 2598 2010 2676 φαντασίαν
2047 2621 2059 2634 ·
2109 2605 2190 2672 τῷ

528 2684 586 2741 δὲ
635 2685 851 2761 σημείῳ
899 2691 996 2741 τοῦ
1047 2692 1278 2764 σταυροῦ
1330 2693 1473 2742 πᾶσα
1536 2689 1629 2761 μὲν
1695 2688 1892 2764 μαγεία
1941 2688 2188 2759 παύεται,

528 2781 674 2831 πᾶσα
750 2773 808 2831 δὲ
883 2777 1197 2854 φαρμακεία
1272 2783 1643 2854 καταργεῖται,
1697 2777 1787 2832 καὶ
1865 2779 2039 2834 πάντα
2099 2779 2192 2853 μὲν

532 2867 600 2922 τὰ
658 2862 861 2921 εἷ’δωλα
920 2865 1221 2942 ἐρημοῦται
1274 2867 1364 2921 καὶ
1417 2865 1905 2942 καταλιμπάνεται,
1938 2875 2081 2923 πᾶσα
2134 2866 2192 2924 δὲ

535 2953 738 3030 ἄλογος
797 2953 970 3025 ἡδονὴ
1019 2954 1266 3027 παύεται,
1298 2955 1388 3010 καὶ
1434 2962 1540 3019 πᾶς
1582 2979 1666 3020 τις
1712 2957 1788 3020 εἷς
1820 2957 2042 3034 οὐρανὸν
2077 2960 2190 3033 (80)

530 3042 637 3099 ἀπὸ
669 3052 795 3121 .γῆς
843 3040 1146 3100 ἀποϐλέπει
1180 3065 1192 3076 ·
1248 3045 1370 3100 τίνα
1416 3043 1474 3100 ἄν
1523 3068 1608 3109 τις
1653 3043 1794 3101 εἷ’ποι
1844 3047 2192 3122 νεκρόνςΤὸν

533 3139 768 3190 τοσαῦτα
801 3134 1162 3212 ἐργαζόμενον
1194 3134 1422 3208 Χριστόν
1448 3156 1460 3204 ;
1496 3133 1654 3192 Ἀλλ’
1686 3136 1787 3191 οὐκ
1816 3134 1950 3191 ἴδιον
1999 3140 2191 3214 νεκροῦ

530 3223 593 3279 τὸ
646 3223 981 3301 ἐργάζεσθαι.
1015 3226 1083 3280 Ἢ
1130 3227 1220 3279 τὸν
1282 3222 1544 3296 μηδόλως
1586 3224 1922 3302 ἐνεργοῦντα,
1955 3224 2082 3281 ἀλλ’
2115 3227 2191 3289 ὡς

533 3311 744 3390 ἄψυχον
794 3313 1066 3388 κείμενον,
1102 3313 1233 3387 ὅπερ
1286 3312 1421 3369 ἴδιον
1475 3315 1710 3390 ὑπάρχει
1758 3320 1863 3370 τῶν
1918 3312 2190 3389 δαιμόνων

603 3403 620 3458 ὶ
700 3401 748 3459 ’δ
777 3401 836 3458 Ιλ
985 3405 999 3424 ε
1154 3426 1166 3436 ι
1228 3409 1254 3419 ~
1364 3407 1420 3458 (Ο
1512 3405 1527 3422 \
1661 3406 1673 3422 \
1835 3409 1860 3419 υ
2005 3411 2032 3421 ~
2089 3413 2105 3426 θ
2136 3406 2150 3423 \

529 3424 598 3458 κα
671 3425 714 3458 ει
756 3426 798 3458 ω
844 3425 916 3458 ων
969 3426 1044 3467 ως
1095 3424 1319 3479 νεκρων,
1473 3425 1567 3478 μεν
1613 3425 1716 3480 γαρ
1766 3426 1864 3460 του
1902 3413 2036 3460 Θεου
2066 3407 2188 3468 Hoc

536 3497 640 3562 ζῶν
698 3493 789 3548 καὶ
848 3491 1073 3568 ἐνεργὴς
1145 3489 1216 3548 ὢν
1297 3495 1411 3547 καθ’
1459 3495 1668 3568 ἡμέραν
1744 3493 2046 3570 ἐργάζεται,
2105 3494 2195 3549 καὶ

534 3582 744 3658 ἐνεργεῖ
779 3583 878 3652 τήν
908 3582 1124 3638 πάντων
1175 3575 1448 3659 σωτηρίαν
1484 3602 1495 3614 ·
1533 3585 1560 3638 6
1593 3581 1650 3638 δὲ
1693 3585 1921 3646 θάνατος
1969 3582 2196 3660 ἐλέγχετ

527 3693 616 3727 ται
669 3673 784 3726 καθ’
833 3672 1043 3746 ἡμέραν
1104 3671 1261 3734 αὐτὸς
1324 3670 1697 3744 ἐξασθενήσας,
1737 3673 1827 3727 καὶ
1885 3675 1951 3728 τά
1994 3671 2198 3728 εἷ’δωλα

529 3761 618 3815 καὶ
669 3761 722 3815 οἱ
771 3758 1027 3834 δαίμονες
1081 3758 1293 3833 μᾶλλον
1343 3762 1528 3838 νεκροὶ
1575 3759 1963 3838 τυγχάνοντες,
2013 3764 2087 3825 ὡς
2139 3762 2198 3819 ἐκ

529 3850 726 3905 τούτου
764 3847 966 3923 μηδένα
1003 3847 1267 3919 διστάζειν
1317 3847 1393 3906 ἔτι
1443 3851 1570 3928 περὶ
1627 3859 1728 3921 τῆς
1787 3857 1884 3906 τοῦ
1913 3854 2197 3927 -σώματος

529 3938 870 4001 ἀναστάσεως
918 3939 1103 3996 αὐτοῦ.
1137 3940 1320 3995 ’Έοικε
1370 3937 1428 3995 δὲ
1479 3942 1506 3995 6
1538 3941 1662 4017 περὶ
1707 3949 1807 4011 τῆς
1859 3942 2196 4005 ἀναστάσεως

530 4035 628 4085 τοῦ
659 4033 920 4104 κυριακοῦ
952 4030 1206 4102 σώματος
1239 4029 1479 4085 ἀπιστῶν
1529 4031 1742 4106 ἀγνοεῖν
1796 4030 2022 4105 δύναμιν
2062 4036 2196 4087 Θεοῦ

533 4118 716 4194 Λόγου
771 4117 860 4173 καὶ
913 4119 1116 4197 Σοφίας
1149 4121 1282 4193 (81).
1427 4121 1531 4196 γάρ
1582 4118 1728 4182 ὅλως
1781 4115 1973 4175 ἔλαϐεν
2024 4121 2198 4194 ἐαυτῷ

534 4211 716 4281 σῶμα,
747 4208 837 4261 καὶ
865 4211 1027 4262 τοῦτο
1059 4205 1440 4279 ἷδιοποιήσατο
1471 4211 1607 4265 κατά
1636 4211 1735 4279 τὴν
1783 4207 2012 4285 εὔλογον
2072 4211 2198 4265 ἀκο-

535 4292 778 4365 λουθίαν,
810 4295 886 4357 ὡς
917 4296 944 4350 6
977 4293 1144 4371 λόγος
1180 4294 1344 4368 ἔδειξε
1378 4316 1389 4327 ·
1422 4298 1475 4353 τί
1508 4297 1614 4354 ἔδει
1643 4300 1734 4354 τὸν
1777 4297 1970 4374 Κύριον
2019 4304 2194 4354 ποιεῖν

533 4383 660 4459 περὶ
687 4383 922 4454 τούτου;
955 4385 989 4454 ἢ
1021 4391 1178 4440 ποῖον
1222 4383 1328 4440 ἔδει
1376 4384 1538 4450 τέλος
1586 4388 1830 4463 γενέσθαι
1876 4393 1973 4444 τοῦ
2020 4390 2201 4462 σώμα-

447 4497 452 4502 “
534 4495 651 4544 τος,
678 4473 814 4544 ἅπαξ
846 4468 1133 4536 ἐπιϐάντος
1183 4474 1329 4547 αὐτῷ
1375 4481 1472 4530 τοῦ
1524 4477 1704 4552 Λόγου
1732 4505 1745 4548 ;
1777 4480 1864 4547 Μὴ
1916 4478 2199 4534 ἀποθανεῖν

541 4565 636 4638 μὲν
667 4565 771 4640 γὰρ
804 4563 903 4618 οὐκ
932 4560 1191 4636 ἠδύνατο,
1222 4565 1314 4619 ἅτε
1344 4561 1410 4634 δὴ
1444 4567 1558 4639 (82)
1588 4564 1782 4638 θνητὸν
1814 4565 1893 4636 ὃν,
1924 4567 2014 4622 καὶ
2067 4568 2197 4644 ὑπὲρ

535 4655 752 4709 πάντων
809 4651 1254 4733 προσφερόμενον
1317 4653 1395 4716 εἷς
1449 4655 1540 4708 τὸν
1599 4656 1824 4710 θάνατον
1861 4677 1874 4690 ο
1922 4656 1988 4710 οὗ
2034 4658 2196 4734 χάριν

536 4742 688 4798 καὶὸ
741 4744 939 4819 Σωτήρ
1001 4741 1130 4798 αὐτὸ
1187 4741 1569 4798 κατεσκεύασεν
1629 4745 1803 4817 ἑαυτῷ
1837 4763 1848 4776 ·

538 4833 727 4905 νεκρὸν
758 4831 864 4908 οὐχ
895 4832 1008 4886 οἷόν
1041 4853 1097 4886 τε
1126 4833 1218 4902 ἦν,
1254 4829 1342 4888 διὰ
1387 4833 1450 4887 τὸ
1503 4839 1648 4904 ζωῆς
1699 4832 1828 4889 αύτὸ
1877 4835 2002 4890 ναὸν
2045 4857 2200 4912 γεγε-

539 4922 750 4990 νῆσθαι.
785 4923 937 4976 Ὅθεν
995 4923 1221 4977 ἀπέθανε
1284 4922 1375 4996 μὲν
1436 4923 1512 4986 ὡς
1569 4923 1759 4994 θνητόν
1797 4942 1810 4955 ·
1864 4925 2088 4994 ἀνέζησε
2143 4923 2201 4981 δὶ

545 5007 636 5065 διὰ
690 5011 789 5080 τήν
852 5009 903 5066 ἐν
963 5010 1109 5083 αὐτῷ
1171 5013 1342 5082 ζωήν,
1388 5011 1478 5067 καὶ
1533 5019 1635 5082 τῆς
1695 5013 2031 5077 ἀναστάσεώς
2072 5013 2198 5070 ἐστι

536 5099 828 5176 γνώρισμα
857 5100 926 5155 τὰ
956 5097 1108 5177 ἔργα.

604 5276 692 5337 32.
728 5278 794 5334 Εἰ
840 5276 905 5352 δ’,
935 5277 1019 5334 ὅτι
1055 5279 1129 5353 μή
1160 5279 1372 5356 ὁρᾶται,
1409 5281 1713 5336 ἀπιστεῖται
1741 5281 1831 5336 καὶ
1883 5279 2197 5359 ἐγηγέρθαι,

539 5367 655 5444 ὥρα
711 5369 802 5424 καὶ
847 5369 910 5424 τὸ
959 5369 1096 5423 κατά
1127 5367 1280 5447 φύσιν
1326 5369 1596 5446 ἀρνεῖσθαι
1641 5371 1769 5434 τοὺς
1820 5371 2196 5434 ἀπιστοῦντας.

612 5498 727 5575 (77_)
777 5496 1026 5569 Anglic.,
1081 5495 1367 5575 ᾦποιιξέρειν
1429 5493 1828 5575 δύναται--Μοχ
1877 5505 2011 5575 ante
2053 5496 2202 5575 οἷ’χε-

538 5567 923 5644 ταὶ,βεευεὶ·,
957 5567 1132 5644 φυγάς
1164 5567 1330 5644 addit
1356 5587 1370 5639 ;
1405 5569 1502 5626 alii
1529 5576 1586 5627 et
1610 5572 1749 5644 editi
1781 5573 2085 5627 omittunt.

615 5639 726 5711 (78)
757 5639 854 5694 Καί
886 5639 1054 5697 deest
1079 5640 1138 5696 in
1188 5641 1419 5697 Gobler.
1453 5647 1509 5698 et
1559 5643 1815 5699 Felckm.
1849 5645 1872 5699 4
1917 5661 2013 5699 an.
2048 5648 2196 5698 Pau-

541 5709 598 5766 lo
624 5709 760 5788 post
789 5717 1047 5788 Sheguera
1070 5712 1249 5788 habet
1266 5711 1327 5788 Δεἷ’
1372 5712 1463 5767 τὸν
1498 5715 1726 5788 Χριστὸν
1770 5715 1861 5770 τὸν
1895 5712 2194 5788 λεγόμενον

541 5782 1088 5859 παρ’ᾼαύτῶἶνεκρὸν
1119 5783 1175 5838 ot
1208 5783 1424 5859 πάντες,
1459 5782 1566 5843 εἴθ’.

615 5854 726 5926 (79)
755 5854 1170 5930 Seguerianus,
1203 5855 1436 5933 ἀνάγων.

2297 2065 2632 2136 persuadet,
2658 2065 2759 2137 qui
2789 2082 2888 2121 eos
2919 2065 3423 2122 immortalitatem
3456 2065 3644 2131 docet,
3674 2066 3732 2119 et
3752 2078 3948 2118 rerum

2296 2153 2620 2210 caelestium
2652 2154 2938 2210 desiderio
2969 2155 3318 2222 inflammat,
3367 2154 3468 2226 qui
3502 2153 3594 2208 sui
3628 2150 3813 2208 Patris
3843 2167 3946 2207 co-

2296 2242 2616 2314 gnitionem
2651 2243 2859 2299 iisdem
2893 2244 3173 2316 impertit,
3204 2244 3440 2315 vimque
3469 2246 3667 2297 contra
3697 2244 3944 2296 mortem

2296 2331 2576 2398 infundit,
2609 2332 2709 2404 qui
2742 2333 2994 2406 denique
3023 2332 3271 2405 singulis
3301 2332 3560 2404 seipsum
3585 2329 3861 2403 patefacit
3891 2332 3950 2385 et

2297 2421 2538 2494 impiam
2569 2422 2858 2478 idolorum
2883 2423 3087 2478 evertit
3109 2421 3584 2494 superstitionem
3614 2438 3626 2487 ;
3653 2436 3786 2474 cum
3817 2435 3950 2474 con-

2297 2515 2388 2566 tra
2418 2511 2565 2567 nihil
2618 2511 2811 2568 simile
2854 2511 3082 2568 efﬁcere
3133 2511 3362 2584 possint
3408 2508 3737 2565 infidelium
3786 2507 3865 2563 dii
3893 2511 3950 2564 et

2300 2601 2616 2668 daemones,
2676 2601 2776 2657 sed
2839 2602 3035 2674 potius
3094 2601 3308 2658 Christi
3361 2599 3674 2673 praesentia
3729 2596 3946 2653 mortui

2300 2690 2464 2758 ﬁant,
2499 2707 2820 2764 eorumque
2849 2691 3155 2764 praestigiae
3175 2689 3349 2746 irritae
3375 2690 3698 2746 reddantur
3725 2704 3741 2755 ;
3771 2684 3952 2757 siqui-

2300 2779 2430 2834 dem
2459 2779 2628 2852 signo
2659 2780 2849 2835 crucis
2881 2781 3073 2836 omnis
3103 2797 3199 2836 ars
3233 2779 3461 2852 magica
3496 2777 3713 2848 deficit,
3743 2776 3948 2831 incan-

2298 2873 2560 2925 tamenta
2589 2870 2786 2924 omnia
2807 2874 3180 2938 evanescunt,
3215 2867 3368 2924 idola
3399 2868 3750 2924 deseruntur
3769 2868 3826 2921 et
3856 2880 3946 2920 re-

2300 2956 2672 3030 linquuntur,
2706 2959 3058 3030 sedaturque
3097 2959 3307 3014 insana
3348 2961 3406 3013 et
3433 2955 3628 3028 turpis
3657 2955 3948 3027 voluptas,

2303 3065 2367 3103 ac
2399 3047 2645 3120 quilibet
2667 3048 2792 3118 jam
2826 3065 2856 3104 e
2906 3048 3077 3104 terris
3128 3048 3186 3103 in
3236 3046 3447 3103 ccelum
3479 3045 3761 3118 suspicit;
3795 3043 3949 3116 quis,

2302 3154 2520 3209 quaeso,
2554 3141 2820 3193 mortuus
2852 3137 3136 3193 dicendus
3174 3136 3308 3192 est?
3347 3135 3693 3192 Christusne
3727 3132 3826 3204 qui
3859 3149 3951 3188 res

2298 3231 2493 3282 tantas
2506 3225 2836 3298 efﬁcit?Atq
2848 3244 2917 3282 ue
2935 3244 3049 3283 non
3089 3226 3391 3299 proprium
3411 3229 3500 3281 est
3524 3223 3735 3282 mortui
3755 3238 3948 3296 agere.

2303 3319 2387 3370 An
2419 3332 2533 3370 non
2565 3315 2760 3388 potius
2792 3316 2840 3371 is
2872 3315 2971 3387 qui
3002 3315 3146 3371 nihil
3199 3331 3440 3388 prorsus
3485 3314 3625 3388 agit,
3660 3313 3759 3369 sed
3792 3311 3952 3368 velut

2302 3405 2602 3461 inanimus
2625 3405 2802 3476 jacet,
2837 3405 2988 3477 quod
3013 3406 3140 3477 jam
3176 3404 3542 3460 damonibus
3567 3406 3624 3458 et
3651 3401 3824 3457 idolis
3853 3404 3950 3456 ut-

2307 3500 2441 3567 pote
2466 3494 2714 3550 mortuis
2745 3494 3032 3549 convenit.
3059 3495 3131 3549 At
3149 3493 3332 3550 Filius
3362 3493 3458 3548 Dei
3481 3491 3642 3548 vivus
3664 3494 3722 3546 et
3745 3489 3952 3546 efﬁcax

2305 3584 2567 3656 quotidie
2597 3584 2718 3656 agit
2768 3588 2825 3640 et
2871 3584 3138 3640 omnium
3195 3583 3446 3640 salutem
3505 3580 3718 3638 efﬁcit:
3754 3585 3958 3635 contra

2304 3689 2438 3729 vero
2471 3677 2719 3729 mortem
2751 3674 2941 3746 magis
2985 3672 3046 3728 in
3093 3673 3219 3729 dies
3264 3671 3550 3727 infirmari
3601 3669 3872 3740 idolaque
3903 3671 3960 3724 et

2306 3763 2602 3819 daemones
2633 3762 2824 3834 magis
2858 3779 2923 3818 ac
2952 3762 3142 3836 magis
3175 3765 3437 3817 mortuos
3464 3760 3588 3816 fieri
3617 3759 3700 3816 ita
3729 3757 3953 3814 clarum

2306 3857 2415 3920 est,
2443 3857 2506 3908 ut
2530 3868 2701 3908 nemo
2716 3853 2843 3924 jam
2866 3851 3122 3924 amplius
3152 3853 3223 3908 de
3244 3850 3460 3907 Christi
3481 3849 3742 3921 corporis
3766 3864 3958 3904 resur-

2306 3942 2562 3998 rectione
2588 3941 2858 3998 dubitare
2881 3942 3086 4014 possit.
3111 3940 3170 3998 Si
3193 3941 3325 4013 quis
3349 3943 3545 3996 autem
3567 3938 3760 3995 adhuc
3782 3936 3958 3993 fuerit

2307 4031 2406 4104 qui
2441 4031 2673 4086 Domini
2705 4048 2918 4104 corpus
2950 4031 3338 4087 resurrexisse
3381 4029 3616 4086 credere
3645 4030 3873 4098 renuat,
3905 4025 3958 4081 is

2308 4137 2449 4177 sane
2480 4121 2580 4177 Dei
2610 4121 2779 4177 Verbi
2826 4125 2881 4176 et
2909 4121 3220 4192 Sapientiae
3246 4119 3363 4176 vim
3403 4120 3672 4193 ignorare
3701 4116 3955 4172 videtur.

2307 4212 2361 4267 Si
2393 4212 2550 4267 enim
2581 4227 2710 4266 vere
2743 4227 2954 4282 corpus
3003 4210 3246 4284 accepit.
3298 4208 3560 4280 illudque
3590 4205 3956 4263 convenienti

2309 4300 2531 4357 ratione
2562 4299 2673 4356 sibi
2705 4299 3007 4372 proprium
3038 4297 3314 4368 reddidit,
3370 4302 3438 4353 ut
3463 4300 3661 4353 nostra
3693 4294 3956 4351 oratione

2307 4390 2687 4463 exposuimus
2716 4415 2728 4456 ;
2760 4389 2922 4462 quid,
2953 4405 3169 4461 quzeso,
3201 4390 3272 4444 de
3303 4386 3404 4443 illo
3435 4385 3748 4443 Dominum
3771 4384 3958 4440 facere

2309 4480 2630 4551 Oportebat,
2661 4478 2748 4534 vel
2781 4478 2911 4550 quis
2943 4477 3202 4550 corporis
3233 4477 3369 4533 finis
3395 4492 3524 4533 esse
3545 4473 3765 4542 debuit,
3791 4477 3958 4546 post-

2309 4586 2487 4642 quam
2517 4566 2698 4624 semel
2730 4569 2802 4623 ad
2833 4567 2980 4623 illud
3027 4567 3275 4623 accessit
3318 4566 3575 4622 Verbum
3600 4563 3629 4620 ?
3659 4567 3773 4618 Nec
3799 4561 3956 4618 enim

2309 4662 2534 4732 poterat
2562 4674 2678 4713 non
2713 4657 2880 4725 mori,
2913 4673 3055 4713 cum
3089 4655 3334 4712 mortale
3363 4658 3517 4711 esset
3547 4657 3604 4710 et
3632 4669 3736 4725 pro
3767 4650 3963 4708 omni-

1906 4751 2083 4819 μεῖναι
2143 4744 2200 4802 δὲ
2229 4745 2277 4810 Β
2308 4749 2419 4805 bus
2452 4748 2621 4804 morti
2649 4747 2978 4814 offerretur,
3033 4762 3162 4818 quae
3213 4745 3454 4816 quidem
3508 4759 3686 4800 causa
3716 4741 3828 4798 fuit
3857 4757 3964 4796 cur

2312 4838 2423 4893 sibi
2476 4836 2620 4892 illud
2671 4835 2936 4892 Salvator
2991 4835 3313 4907 aptaverit:
3377 4838 3678 4888 mortuum
3733 4844 3966 4902 quoque

2312 4943 2548 4982 manere
2578 4943 2691 4981 non
2725 4924 2936 4997 potuit,
2971 4941 3098 4996 quae
3128 4924 3257 4979 vitae
3279 4920 3566 4995 templum
3591 4922 3809 4976 factum
3842 4919 3963 4974 fue-

2311 5021 2419 5072 rat.
2453 5017 2814 5088 Quapropter
2846 5018 3145 5070 mortuum
3177 5012 3414 5086 quidem
3447 5015 3555 5079 est,
3589 5014 3654 5065 ut
3683 5007 3959 5074 mortale;

2311 5105 2516 5161 revixit
2543 5121 2694 5173 vero,
2745 5105 2886 5176 quia
2932 5103 3112 5159 vitam
3165 5103 3223 5157 in
3277 5117 3338 5158 se
3384 5099 3738 5167 continebat,
3791 5098 3963 5170 cujus

2310 5211 2450 5252 sane
2475 5193 2920 5252 resurrectionis
2952 5192 3171 5248 indicia
3201 5192 3329 5264 ipsa
3359 5194 3498 5247 sunt
3527 5203 3722 5260 opera.

2380 5287 2468 5341 32.
2501 5285 2663 5350 Quod
2697 5283 2745 5338 si
2778 5284 2907 5340 ideo
2938 5281 3330 5338 resurrexisse
3367 5295 3482 5335 non
3513 5277 3789 5343 creditur,
3823 5273 3967 5347 quia

2310 5392 2426 5432 non
2455 5375 2726 5442 videtur;
2759 5373 2900 5445 quid
2935 5371 3094 5429 aliud
3128 5375 3398 5443 superest
3437 5383 3616 5440 quam
3645 5369 3712 5420 ut
3739 5380 3807 5421 ea
3837 5380 3964 5437 quas

2380 5499 2492 5624 (80?
2523 5501 2656 5571 Seg.
2707 5497 2900 5580 Gobl..
2932 5501 2989 5554 et
3036 5495 3289 5578 Felckm.
3328 5497 3350 5550 1
3397 5510 3599 5579 auom,
3638 5487 3820 5572 πίστις
3854 5485 3961 5543 διπὸ

2387 5592 2410 5624 ς
2445 5592 2469 5624 ε
2495 5593 2519 5624 ς
2543 5569 2785 5624 οὐρανόν.
2822 5569 2967 5624 Ιὸιᾶ.
3015 5573 3350 5624 Sequerian.
3404 5557 3720 5618 ἀναϐλέπει.
3772 5561 3953 5617 Iidem

2445 5557 2519 5632 είς
2543 5557 2785 5644 οὐρανόν.
2822 5568 2994 5644 IbidL
3015 5568 3350 5644 Seguerian.
3404 5557 3720 5618 ἀναϐλέπει.
3772 5561 3953 5644 Iidem

2349 5636 2828 5730 eguer.‘Gobler..
2867 5636 3208 5730 et..Feflcl:(m.
3247 5642 3270 5694 1
3333 5654 3607 5711 anonym.
3651 5651 3783 5690 mox
3831 5636 3963 5704 Χρι-

2307 5711 2430 5770 στόν
2465 5716 2700 5781 habent,
2735 5712 2832 5768 ubi
2865 5712 2985 5778 alii,
3017 5711 3166 5766 Θεόν.

2381 5789 2494 5861 (81)
2526 5787 2903 5861 Anglicanus,
2937 5781 3147 5861 σοφίαν.

2381 5789 2494 5932 (81)
2526 5789 2903 5860 Anglicanus,
2937 5789 3147 5868 σοφίαν.

2405 5861 2496 5932 82)
2524 5862 2648 5915 Ἀτε
2678 5854 2744 5932 δῄ
2795 5857 2958 5914 deest
2984 5873 3044 5912 1n
3100 5851 3330 5912 Gobler.
3381 5856 3442 5909 et
3485 5849 3742 5908 Felckm.
3795 5848 3951 5903 ian.
