4178 6444
210 401 316 462 151

749 410 814 472 S.
860 411 1286 478 ATHANASII
1330 416 1504 478 OPP.
1549 415 1751 479 PARS
1797 416 1846 478 Ι.
1878 447 1958 462 --
1987 415 2406 482 HISTORIGA
2449 418 2552 482 ET
2596 416 3077 484 DOGMATICA.

3509 419 3626 482 152

211 540 432 629 naturas
462 541 700 613 propria
729 547 868 600 sunt
910 551 1124 618 negent
1161 548 1500 620 hujusmodi
1543 549 1858 607 homines?

1975 555 2104 605 Θεοῦ
2154 551 2258 628 γὰρ
2306 549 2446 607 ίδιον
2493 553 2567 626 μὴ
2619 553 2840 629 ὁρᾶσθαι
2896 551 3014 626 μὲν,
3066 549 3126 606 ἐκ
3181 546 3240 607 δὲ
3293 554 3400 607 τῶν
3451 547 3625 627 ἔργων

211 623 511 696 Siquidem
536 629 633 685 Dei
661 634 960 704 proprium
990 635 1097 691 esti
1121 653 1235 692 non
1264 637 1497 710 quidem
1522 640 1723 708 videri,
1753 643 1852 697 sed

211 729 280 769 ex
311 717 585 788 operibus
619 723 910 792 cognosci,
947 725 1027 779 uti
1062 743 1241 798 supra
1272 728 1548 785 diximus.
1584 731 1783 804 Itaque
1807 733 1858 788 si

209 803 426 862 desunt
454 824 648 881 Opera,
683 817 835 867 recte
857 814 908 868 ei
941 831 1053 870 non
1088 820 1390 889 apparenti
1426 821 1658 876 credere
1691 803 1856 878 recu-

211 900 362 950 sant.
398 896 496 952 Sin
531 905 726 956 autem
750 902 876 973 ipsa
907 903 1162 962 clamant
1182 925 1356 979 opera
1377 914 1434 964 et
1457 927 1579 965 rem
1613 911 1855 966 manife-

211 989 297 1039 ste
327 988 596 1056 probant,
632 1007 736 1045 cur
787 992 939 1048 ultro
973 1000 1092 1051 tam
1145 997 1363 1054 claram
1414 1003 1858 1058 resurrectionis

209 1072 388 1129 vitam
420 1079 682 1149 negant?
714 1081 830 1136 Etsi
863 1083 1017 1139 enim
1052 1091 1246 1142 mente
1287 1088 1405 1143 sint
1435 1090 1729 1158 obcaecati,
1763 1109 1857 1146 ex-

209 1166 391 1219 ternis
423 1171 619 1223 tamen
653 1172 930 1229 sensibus
961 1174 1234 1230 invictam
1282 1177 1497 1233 Christi
1538 1181 1856 1250 potentiam

211 1259 268 1308 et
297 1253 659 1313 divinitatem
718 1260 852 1317 licet
881 1261 997 1318 illis
1046 1266 1324 1337 aspicere.
1369 1267 1439 1322 Ut
1484 1269 1640 1325 enim
1674 1287 1859 1326 cmcus

211 1345 446 1400 tametsi
505 1345 688 1404 solem
747 1367 862 1406 non
919 1353 1096 1421 videt,
1145 1360 1401 1412 attamen
1460 1358 1648 1415 calore
1680 1377 1856 1432 quem

212 1434 482 1503 producit
514 1443 802 1511 percepto,
837 1440 1018 1497 solem
1045 1461 1223 1516 super
1243 1450 1456 1502 terram
1491 1465 1619 1504 esse
1645 1450 1748 1505 (ιο
1769 1451 1859 1506 in-

211 1521 425 1595 telligit
451 1543 464 1592 ;
487 1525 567 1580 ita
596 1528 698 1598 qui
721 1532 1148 1601 contradicunt,
1172 1537 1442 1606 quamvis
1463 1539 1721 1594 nondum
1745 1557 1863 1595 cre-

216 1610 376 1678 dant,
411 1614 626 1686 quippe
659 1617 754 1688 qui
790 1619 982 1676 adhuc
1012 1622 1168 1678 circa
1219 1625 1521 1682 veritatem
1553 1628 1686 1683 caeci
1717 1629 1859 1696 sint,

214 1699 463 1791 aliorum
498 1705 704 1761 saltem
755 1709 853 1780 qui
911 1712 1154 1769 credunt
1213 1714 1554 1774 fortitudine
1609 1721 1859 1791 cognita,

213 1789 426 1847 Christi
449 1793 812 1852 divinitatem
832 1803 889 1854 et
911 1800 1122 1857 factam
1157 1804 1228 1859 ab
1254 1803 1354 1860 illo
1378 1789 1862 1865 resurrectionem

215 1896 596 1994 negarennojn
620 1885 848 1943 debent.
874 1889 1020 1994 Nam
1043 1891 1093 1946 si
1124 1892 1390 1950 Christus
1412 1901 1682 1953 mortuus
1707 1898 1860 1968 jace-
1889 1928 1939 1994 B

216 1974 321 2037 ret,
356 1976 509 2028 certe
541 1974 834 2032 daemones
856 1995 970 2034 non
993 1980 1242 2054 fugaret,
1268 2001 1373 2040 nec
1396 1985 1551 2041 idola
1572 1985 1859 2058 exspolia-

213 2064 336 2126 ret;
389 2077 494 2116 nec
540 2063 695 2119 enim
747 2071 977 2142 mortuo
1023 2071 1493 2144 obtemperarent
1544 2075 1862 2134 daamones.

216 2148 325 2204 Sed
360 2150 408 2205 si
440 2151 569 2221 ejus
599 2155 835 2211 nomine
866 2158 1088 2230 prolato
1137 2162 1328 2233 palam
1375 2165 1674 2236 fugantur,
1708 2183 1859 2222 mor-

213 2243 384 2294 tuum
416 2239 580 2297 illum
615 2261 730 2299 non
765 2263 1107 2318 permanere
1143 2253 1538 2310 certissimum
1574 2255 1681 2311 hoc
1711 2256 1862 2311 indi-

213 2328 367 2384 cium
401 2329 614 2400 fuerit;
645 2337 968 2404 praesertim
990 2355 1125 2395 cum
1153 2343 1473 2414 daemones,
1499 2345 1599 2416 qui
1623 2362 1708 2413 ea,
1733 2362 1861 2417 quae

213 2418 284 2474 ab
335 2418 572 2476 homine
630 2439 746 2479 non
777 2425 1065 2495 videntur,
1121 2431 1232 2503 ipsi
1261 2431 1480 2501 vident,
1514 2450 1866 2506 cognoscere

213 2505 381 2563 facile
412 2516 672 2580 possent,
705 2529 777 2568 an
829 2532 958 2572 vere
1011 2517 1275 2576 Christus
1325 2505 1861 2595 mortuusijaceret,

213 2613 318 2652 nec
344 2599 584 2669 proinde
608 2600 691 2656 illi
717 2619 938 2661 morem
960 2614 1248 2680 gererent.
1281 2611 1448 2667 Nunc
1472 2618 1664 2668 autem
1694 2613 1861 2669 illum

211 2685 432 2758 ipsum,
466 2690 558 2743 cui
590 2689 757 2764 impii
815 2712 930 2751 non
989 2698 1258 2769 credunt,
1317 2701 1515 2757 vident
1571 2703 1864 2759 daemones

216 2780 397 2831 Deum
430 2794 579 2850 esse,
613 2796 861 2854 eamque
892 2785 964 2841 ob
1014 2803 1252 2844 causam
1295 2790 1530 2862 fugiunt
1571 2809 1638 2848 ac
1667 2809 1861 2848 coram

215 2881 282 2920 eo
315 2867 648 2939 procidunt,
698 2873 899 2929 eadem
951 2892 1080 2947 qua:
1128 2878 1288 2949 olim,
1341 2897 1475 2936 cum
1524 2881 1584 2936 in
1625 2898 1864 2954 corpore

216 2960 392 3027 esset,
425 2957 717 3020 dicentes:
765 2963 1025 3020 Nouimus
1065 2971 1117 3023 te
1163 2970 1286 3039 quis
1314 2971 1406 3037 sis,
1458 2974 1517 3026 tu
1544 2988 1600 3028 es
1629 2971 1864 3028 Sanctus

217 3047 336 3101 Dei.
372 3047 414 3080 ⁷⁷
446 3048 550 3104 Et:
585 3049 732 3120 Sine,
755 3055 893 3124 quid
913 3055 1017 3111 tibi
1044 3065 1096 3112 et
1113 3058 1288 3126 nobis,
1320 3061 1442 3116 Fili
1470 3061 1609 3118 Dei?
1638 3060 1863 3118 Obsecro

212 3137 263 3190 te
292 3152 364 3190 ne
389 3152 477 3193 me
500 3145 751 3210 torqueas
789 3143 851 3198 ⁷⁸.
886 3145 1224 3204 Fatentibus
1268 3149 1464 3218 itaque
1497 3151 1864 3208 daemonibus

214 3223 502 3298 factisque
531 3231 791 3300 quotidie
819 3237 1195 3308 testantibus,
1245 3238 1445 3296 nullus
1471 3241 1596 3312 jam
1628 3241 1860 3297 veritati

209 3299 583 3388 impudenter
611 3321 865 3392 resistat,
901 3326 1002 3380 sed
1035 3299 1241 3384 omnes
1285 3346 1388 3401 pro
1419 3299 1575 3386 certo
1607 3331 1860 3387 habeant
1891 3299 1936 3368 α

211 3406 569 3464 Salvatorem
617 3427 828 3484 corpus
877 3431 1053 3471 suum
1103 3418 1511 3486 exsuscitasse,
1563 3425 1620 3476 et
1659 3437 1862 3476 verum

212 3513 341 3553 esse
371 3498 584 3556 Filium
616 3501 738 3570 Dei,
763 3519 830 3558 ex
861 3521 975 3575 quo
1006 3505 1274 3563 videlicet
1301 3513 1584 3581 tanquam
1607 3527 1676 3566 ex
1696 3511 1865 3566 Patre

213 3590 516 3660 proprium
548 3589 805 3647 Verbum
851 3593 1139 3666 sapientia
1163 3601 1220 3652 et
1265 3598 1454 3654 virtus
1483 3599 1729 3668 exsistit,
1763 3600 1864 3671 qui

214 3681 435 3749 postea,
468 3678 678 3736 salutis
707 3682 975 3738 omnium
1026 3701 1205 3740 causa
1252 3703 1490 3760 corpore
1535 3694 1862 3762 assumpto,

215 3765 403 3822 Patris
434 3769 764 3840 cognitione
812 3773 1104 3828 mundum
1157 3775 1497 3832 universum
1531 3777 1862 3846 illustravit,

217 3860 466 3911 mortem
498 3857 804 3929 destruxit,
855 3866 1033 3935 atque
1081 3863 1376 3931 omnibus,
1423 3867 1866 3924 resurrectionis

218 3946 632 4018 promissione,
684 3954 749 4005 ut
797 3951 1116 4025 incorrupti
1165 3964 1361 4011 essent
1407 3956 1663 4024 donavit,
1695 3958 1867 4028 cujus

219 4037 513 4108 primitias
571 4039 872 4111 proprium
923 4057 1136 4114 corpus
1191 4060 1222 4099 θ
1275 4045 1524 4101 mortuis
1575 4045 1864 4116 excitavit,

219 4127 376 4198 quod
404 4131 461 4182 et
486 4127 811 4200 trophaeum
836 4131 907 4187 de
936 4138 1121 4189 morte
1139 4137 1197 4190 et
1217 4134 1344 4205 ejus
1374 4135 1766 4208 corruptione,
1789 4137 1867 4192 si-

218 4232 332 4288 gno
365 4217 575 4286 crucis,
609 4218 891 4276 exhibuit.

289 4308 377 4363 33.
413 4311 554 4364 Cum
589 4325 758 4381 porro
791 4326 884 4374 res
914 4311 994 4367 ita
1023 4327 1086 4368 se
1129 4311 1402 4381 habeant,
1451 4315 1866 4372 manifestum-

219 4413 332 4467 que
362 4397 441 4455 sit
479 4415 691 4472 corpus
737 4399 970 4456 Domini
1019 4403 1408 4459 resurrexisse
1450 4409 1510 4460 et
1556 4409 1803 4460 mortem
1835 4421 1870 4460 a

218 4488 512 4543 Salvatore
543 4487 724 4545 fuisse
755 4489 1062 4558 devictam,
1094 4508 1222 4564 age,
1262 4492 1600 4549 Judaaorum
1634 4509 1868 4566 quoque

219 4577 276 4631 in
287 4576 622 4634 ﬁdelitatem
641 4583 700 4634 et
713 4580 976 4652 gentium
995 4573 1312 4637 cachinnos
1334 4583 1739 4638 retundamus.
1765 4582 1866 4638 Hic

1969 641 2346 714 γινώσκεσθαι,
2395 643 2630 716 καθάπερ
2688 643 2778 696 καὶ
2839 641 3019 696 ἐπάνω
3078 638 3354 698 λέλεκται.
3415 639 3479 694 Ei
3531 641 3625 714 μὲν

1968 727 2060 784 οῦν
2117 732 2183 784 τὰ
2239 729 2371 806 ἔργα
2433 734 2506 805 μὴ
2569 731 2702 804 ἐστι,
2761 729 2946 793 καλῶς
3003 735 3082 804 τῷ
3157 732 3232 804 μὴ
3312 731 3624 809 φαινομένῳ

1968 818 2279 874 ἀπιστοῦσιν
2316 840 2329 851 ⁸
2365 821 2410 875 εί
2452 819 2509 876 δὲ
2557 822 2624 876 τὰ
2673 818 2805 897 ἔργα
2856 823 2959 898 βοᾷ
3006 822 3096 875 καὶ
3154 818 3416 875 δείκνυσιν
3470 820 3622 897 ἐναρ-

1968 913 2102 982 γῶς,
2135 905 2225 964 διὰ
2265 909 2318 964 τί
2369 909 2580 974 ἑκόντες
2630 911 2913 987 ἀρνοῦνται
2971 911 3070 978 τήν
3125 917 3228 979 τῆς
3285 909 3624 972 ἀναστάσεως

1969 996 2113 1052 οὕτω
2189 1005 2433 1077 φανερῶς
2515 1002 2699 1071 ζωήν;
2752 1000 2815 1056 Ei
2871 1001 2974 1074 γὰρ
3051 999 3141 1054 καὶ
3211 1001 3308 1069 την
3383 997 3620 1054 διάνοιαν

1969 1085 2352 1164 ἐπηρώθησαν,
2394 1087 2539 1144 ἀλλᾶ
2587 1088 2682 1144 κᾶν
2726 1095 2846 1153 ταῖς
2887 1088 3076 1161 ἔξωθεν
3130 1089 3434 1161 αἰσθήσεσιν
3496 1091 3623 1164 ὁρᾷν

1969 1176 2078 1232 ἔστι
2109 1179 2208 1247 τήν
2241 1178 2568 1257 ἀντίῤῥητον
2599 1179 2695 1236 τού
2730 1185 2963 1257 Χριστοῦ
3016 1177 3240 1253 δύναμιν
3289 1179 3379 1234 καὶ
3436 1178 3627 1250 θεότη-

1966 1288 2033 1322 τα
2066 1287 2077 1299 ·
2117 1267 2233 1322 ἐπεὶ
2262 1269 2352 1323 καὶ
2383 1267 2612 1347 τυφλὸς,
2645 1268 2733 1324 ἐὰν
2772 1271 2846 1342 μή
2904 1267 3080 1344 βλέπῃ
3128 1269 3221 1323 τὸν
3268 1266 3450 1338 ἥλιον,
3482 1267 3630 1324 ἀλλὰ

1968 1356 2064 1412 κᾶν
2097 1359 2212 1432 (83)
2259 1365 2360 1428 τῆς
2408 1359 2495 1414 ὑπ’
2541 1358 2706 1414 αὐτοῦ
2752 1359 3046 1434 γινομένης
3099 1359 3308 1433 θέρμης
3368 1355 3629 1432 ἀντιλαμ-

1971 1441 2291 1521 ϐανόμενος,
2324 1445 2484 1518 οἶδεν,
2517 1447 2602 1504 ὅτι
2631 1446 2792 1518 ἥλιος
2828 1449 2959 1525 ὑπὲρ
2990 1454 3096 1525 γῆς
3142 1447 3306 1505 ἐστιν.
3334 1447 3489 1503 Οὕτω
3537 1448 3628 1503 καὶ

1972 1539 2024 1592 οἱ
2082 1536 2479 1613 ἀντιλέγοντες,
2531 1539 2576 1594 εἰ
2630 1539 2720 1593 καὶ
2791 1541 2961 1612 μήπω
3002 1536 3383 1612 πιστεύουσιν,
3445 1539 3625 1612 ἀκμὴν

1969 1625 2378 1706 τυφλώττοντες
2437 1629 2559 1702 περὶ
2617 1630 2717 1698 τήν
2778 1627 3060 1700 ἀλήθειαν,
3093 1625 3240 1682 ἀλλὰ
3295 1625 3390 1682 κᾶν
3428 1628 3624 1704 ἐτέρων

1969 1717 2330 1772 πιστευόντων
2379 1718 2740 1793 γινώσκοντες
2784 1718 2884 1787 τὴν
2937 1715 3182 1791 δύναμιν,
3220 1717 3295 1790 μή
3331 1716 3628 1793 ἀρνείσθω-

1972 1827 2065 1860 σαν
2118 1807 2218 1875 τὴν
2275 1810 2372 1860 τοῦ
2428 1811 2660 1875 Χριστοῦ
2717 1807 2969 1876 θεότητα,
3025 1805 3117 1860 καί
3165 1807 3264 1874 τήν
3318 1805 3408 1860 ὑπ’
3464 1805 3628 1862 αὑτοῦ

1971 1897 2264 1971 γενομένην
2294 1894 2600 1953 ἀνάστασιν.
2635 1894 2814 1967 Δῆλον
2872 1897 2998 1972 γὰρ,
3032 1895 3136 1965 ὅτι,
3168 1895 3215 1950 εί
3244 1895 3433 1970 νεκρός
3487 1895 3626 1951 ἐστιν

1972 1986 2000 2040 6
2032 1986 2283 2060 Χριστὸς,
2316 1985 2415 2041 ούκ
2455 1985 2513 2041 ἂν
2561 1985 2691 2050 τοὺς
2745 1983 3008 2060 δαίμονας
3059 1982 3270 2055 ἐδίωκε,
3302 1986 3391 2040 καὶ
3434 1987 3502 2040 τὰ
3551 1982 3627 2040 εἷ’-

1972 2072 2126 2130 δωλα
2204 2073 2458 2130 ἐσκύλευε
2489 2094 2502 2107 °
2554 2079 2730 2150 νεκρῷ
2786 2075 2890 2151 γὰρ
2949 2074 3049 2130 οὐκ
3104 2075 3163 2130 ἂν
3225 2075 3534 2145 ὑπήκουσαν
3575 2076 3629 2130 οἱ

1972 2161 2247 2238 δαίμονες.
2279 2165 2344 2220 Εἰ
2372 2162 2429 2220 δὲ
2461 2162 2750 2221 διώκονται
2782 2169 3024 2243 φανερῶς
3069 2168 3139 2238 τῇ
3185 2164 3382 2220 τούτου
3432 2163 3628 2238 ὀνομα-

1973 2255 2079 2327 σίᾳ,
2115 2252 2284 2325 δῆλον
2342 2253 2400 2310 ἂν
2463 2252 2544 2325 εἷή
2583 2255 2657 2328 μὴ
2709 2254 2846 2310 εἶναι
2891 2257 3082 2308 τοῦτον
3127 2254 3312 2330 νεκρὸν
3369 2251 3624 2330 μάλιστα,

1971 2343 2054 2400 ὅτι
2105 2343 2382 2419 δαίμονες,
2414 2345 2601 2400 καὶτὰ
2653 2345 2728 2419 μὴ
2788 2341 3100 2420 βλεπόμενα
3151 2348 3269 2406 τοῖς
3318 2343 3626 2417 ἀνθρώποις

1973 2435 2230 2511 ὁρῶντες,
2277 2432 2540 2504 ἠδύναντο
2596 2435 2886 2511 γενώσκειν
2917 2437 3030 2507 (84)
3076 2432 3121 2487 εί
3173 2431 3360 2506 νεκρός
3411 2431 3550 2487 ἐστιν
3598 2433 3627 2487 6

1973 2524 2226 2600 Χριστὸς,
2256 2523 2346 2578 καὶ
2409 2521 2673 2597 μηδόλως
2723 2521 3007 2578 ὑπακούειν
3055 2521 3221 2595 αύτῷ.
3258 2526 3363 2577 Νῦν
3399 2519 3457 2576 δὲ
3486 2522 3515 2577 ’ὁ
3550 2523 3625 2595 μὴ

1971 2612 2312 2668 πιστεύουσιν
2374 2609 2610 2682 ἀσεϐεῖς,
2656 2614 2854 2689 ὁρῶσιν
2912 2613 2966 2668 oi
3023 2609 3302 2685 δαίμονες,
3358 2610 3442 2666 ὅτι
3499 2611 3630 2673 Θεός

1973 2701 2108 2773 ἐστι,
2139 2703 2230 2758 καὶ
2257 2700 2346 2758 διὰ
2371 2707 2534 2758 τοῦτο
2582 2701 2839 2779 φεύγουσι
2869 2702 2960 2757 καὶ
2996 2701 3427 2776 προσπίπτουσιν
3482 2701 3629 2774 αὐτῷ

1973 2791 2228 2868 λέγοντες
2279 2795 2412 2867 (δῖ),
2447 2791 2481 2846 ἃ
2527 2793 2618 2848 καὶ
2676 2791 2766 2848 ὅτε
2815 2793 2882 2863 ἦν
2928 2792 2979 2847 ἐν
3013 2791 3226 2866 σώματι
3259 2790 3578 2870 ἐφθέγξαντο
3614 2807 3630 2824 ⁶

1972 2879 2206 2955 Οἷ’δαμέν
2276 2902 2335 2936 σε
2377 2880 2463 2944 τίς
2512 2881 2603 2936 εἶ·
2662 2881 2726 2936 σὺ
2773 2881 2825 2937 εἴ
2869 2882 2898 2937 6
2947 2882 3102 2957 ἅγιος
3152 2884 3250 2936 τοῦ
3297 2884 3460 2935 Θεοῦ·
3514 2880 3627 2949 καὶ,

1970 2972 2092 3042 Ἔα,
2123 2969 2176 3025 τί
2233 2969 2317 3026 σοὶ
2367 2970 2458 3026 καὶ
2512 2973 2668 3045 ἡμῖν,
2727 2970 2818 3026 Υἱὶ
2873 2975 2971 3025 τοῦ
3027 2973 3199 3039 Θεοῦ;
3247 2967 3450 3043 Δέομαί
3507 2990 3625 3040 σου,

1975 3061 2049 3134 μή
2119 3080 2186 3133 με
2251 3058 2558 3134 βασανίσῃς.
2612 3057 2894 3134 Δαιμόνων
2960 3058 3139 3115 τοίνυν
3199 3055 3626 3134 ὁμολογούντων

1970 3147 2062 3204 καὶ
2107 3153 2214 3203 τῶν
2263 3147 2434 3226 ἔργων
2487 3151 2754 3225 ὁσημέραι
2807 3147 3242 3226 μαρτυρούντων,
3285 3148 3510 3227 φανερὸν
3564 3145 3623 3202 ἃν

1972 3234 2080 3311 εἷή,
2112 3238 2203 3293 καὶ
2256 3237 2448 3312 μηδεὶς
2498 3237 2855 3294 ἀναιδευέσθῶ
2899 3238 3038 3313 πρὸς
3087 3238 3188 3308 τὴν
3236 3235 3512 3309 ἀλήθειαν,
3545 3235 3629 3291 ὅτι

1970 3348 2030 3382 τε
2076 3326 2334 3397 ἀνέστησε
2377 3329 2440 3384 τὸ
2500 3328 2691 3384 ἑαυτοῦ
2740 3331 2901 3401 σῶμα
2931 3328 2960 3382 6
2993 3327 3213 3403 Σωτὴρ,
3243 3325 3333 3381 καὶ
3385 3325 3467 3382 ὅτι
3495 3330 3631 3381 Θεοῦ

1973 3416 2099 3479 Υἱός
2129 3417 2268 3472 ἐστιν
2299 3415 2580 3489 ἀληθινὸς,
2614 3417 2664 3489 ἐξ
2697 3417 2859 3472 αὐτοῦ
2890 3418 2979 3471 οἶα
3020 3414 3086 3485 δὴ
3139 3415 3199 3471 ἐκ
3245 3417 3456 3491 Πατρὸς
3488 3413 3630 3478 ἴδιος

1974 3505 2154 3581 Λόγος
2199 3507 2289 3561 καὶ
2339 3505 2500 3586 σοφία
2543 3506 2635 3562 καὶ
2688 3504 2916 3580 δύναμις
2966 3505 3252 3582 ὑπάρχων,
3301 3505 3362 3567 ’ὸς
3409 3505 3632 3581 χρόνοις

1975 3593 2192 3672 ὕστερον
2251 3595 2338 3651 ἐπὶ
2400 3595 2647 3674 σωτηρίᾳ
2693 3600 2802 3651 τῶν
2850 3596 3068 3650 πάντων
3111 3589 3278 3651 ἔλαϐε
3329 3598 3508 3668 σῶμα,
3542 3595 3634 3649 καὶ

1972 3685 2074 3754 τήν
2136 3685 2230 3758 μὲν
2287 3684 2616 3759 οἰκουμένην
2679 3685 2804 3759 περὶ
2857 3686 3067 3762 Πατρὸς
3150 3681 3376 3756 ἐδίδαξε,
3435 3684 3528 3738 τὸν
3578 3681 3636 3739 δὲ

1973 3774 2195 3830 θάνατον
2254 3776 2592 3849 κατήργησε,
2652 3781 2783 3830 πᾶσι
2832 3771 2890 3830 δὲ
2935 3775 3038 3844 τήν
3091 3772 3383 3851 ἀφθαρσίαν
3445 3771 3634 3850 ἐχαρί-

1975 3885 2103 3919 σατο
2149 3860 2239 3918 διὰ
2282 3869 2385 3933 τῆς
2433 3861 2766 3940 ἐπαγγελίας
2821 3871 2923 3934 τῆς
2983 3863 3346 3930 ἀναστάσεως,
3375 3862 3630 3938 ἀπαρχὴν

1972 3951 2178 4023 ταύτης
2206 3952 2269 4007 τὸ
2301 3950 2436 4008 ἴδιον
2471 3952 2685 4028 ἐγείρας
2717 3957 2896 4027 σῶμα,
2928 3953 3018 4008 καὶ
3047 3952 3310 4030 τρόπαιον
3359 3951 3490 4007 αὐτὸ

1974 4042 2111 4097 κατά
2164 4045 2262 4097 τοῦ
2311 4042 2536 4097 θανάτου
2582 4043 2673 4097 καὶ
2718 4049 2822 4113 τῆς
2873 4041 3069 4098 τούτου
3119 4043 3321 4121 φθορᾶς
3367 4038 3632 4112 ἐπιδειξά-

1979 4153 2137 4207 μενος
2163 4136 2242 4203 τῷ
2272 4131 2488 4206 σημείῳ
2515 4136 2612 4188 τοῦ
2643 4136 2897 4210 σταυροῦ.

2046 4312 2137 4367 33.
2169 4307 2382 4364 Τούτων
2430 4306 2488 4364 δὲ
2533 4308 2709 4372 οὕτως
2758 4307 3021 4386 ἐχόντων,
3052 4307 3144 4363 καί
3187 4312 3418 4386 φανερᾶς
3466 4304 3633 4379 οὔσης

1973 4405 2075 4469 τῆς
2123 4395 2442 4469 ἀπιδείξεως
2489 4399 2614 4475 περὶ
2659 4405 2762 4469 τῆς
2811 4396 3150 4461 ἀνάστάσεως
3207 4401 3306 4453 τοῦ
3357 4398 3632 4471 σώματος,

1975 4487 2066 4544 καὶ
2118 4494 2222 4558 τῆς
2267 4489 2404 4544 κατά
2447 4492 2546 4544 τοῦ
2596 4489 2826 4543 θανάτου
2871 4487 3197 4564 γενομένης,
3231 4487 3333 4542 ὑπὸ
3374 4491 3473 4543 τοῦ
3515 4493 3634 4542 Σω-

1973 4584 2146 4653 τῆρος
2194 4577 2374 4648 νίκης,
2407 4579 2556 4656 φέρε,
2605 4577 2696 4632 καὶ
2746 4577 2846 4646 τήν
2892 4575 3142 4632 ἀπιστίαν
3186 4579 3294 4632 τῶν
3357 4573 3634 4634 Ἰουδαίων

220 4667 376 4722 enim
410 4669 628 4738 pariter
653 4669 838 4725 Judaei
862 4686 975 4726 non
1007 4671 1254 4726 credunt
1293 4675 1350 4727 et
1377 4671 1628 4744 gentiles
1657 4672 1865 4739 rident,

1979 4669 2069 4724 καὶ
2125 4670 2224 4739 τήν
2289 4673 2398 4724 τῶν
2447 4666 2732 4739 Ἑλλήνων
2795 4665 3006 4743 χλεύην
3072 4664 3459 4742 διελέγξωμεν·
3510 4665 3634 4722 Ἐπὶ

220 4756 318 4828 qui
348 4761 404 4812 et
432 4757 622 4812 crucis
650 4775 716 4814 ac
765 4759 861 4814 Dei
891 4760 1065 4816 Verbi
1116 4760 1372 4816 hominis
1424 4761 1558 4818 facti
1593 4763 1866 4830 dedecus,

219 4851 284 4901 ut
313 4846 458 4918 ipsis
488 4846 726 4919 quidem
754 4848 1005 4917 videtur,
1039 4848 1442 4906 vehementius
1481 4850 1865 4907 insectantur.

218 4935 433 4992 Verum
465 4942 730 5008 utrisque
761 4954 892 4993 mea
920 4939 1182 4995 oratione
1231 4955 1533 4995 occurrere
1563 4939 1707 4995 nihil
1736 4957 1867 5013 gra-

216 5027 417 5098 vabor,
450 5025 704 5083 maxime
733 5043 869 5083 cum
891 5029 1168 5084 adversus
1189 5027 1323 5084 illos
1343 5029 1632 5085 evidentia
1660 5045 1867 5102 suppe-

217 5121 351 5172 tunt
379 5120 742 5190 argumenta.
802 5117 1103 5190 Siquidem
1160 5117 1348 5174 Judaai
1391 5135 1504 5175 non
1566 5119 1870 5176 credentes

223 5257 226 5260 ’
289 5262 333 5297 ⁷⁷
360 5263 496 5319 Luc.
526 5280 602 5330 ιν,
633 5263 724 5319 34.
756 5263 799 5298 ⁷⁸
828 5265 1003 5318 Marc.
1037 5279 1092 5330 ν,
1121 5264 1177 5318 7.

289 5407 402 5480 (83)
431 5410 665 5480 Seguer.
696 5403 808 5463 καί.
840 5405 1100 5480 Προωειε.
1141 5410 1199 5462 et
1254 5405 1506 5480 Felckm.
1542 5407 1566 5462 1
1629 5424 1747 5478 an.,
1778 5405 1868 5462 καὶ

218 5483 278 5534 et
297 5474 413 5552 ’κᾷἱν
442 5474 978 5552 Aofnittuntslbid.
1003 5479 1267 5552 Seguem,
1293 5479 1616 5552 γενομένης.

291 5551 403 5622 (84)
434 5549 528 5604 Sic
559 5551 688 5621 Seg.
722 5550 928 5626 Aliiet
950 5548 1094 5626 editi
1121 5551 1244 5626 haec
1276 5548 1456 5626 verba
1484 5548 1755 5626 ἠδύναντο
1785 5571 1870 5626 γι-

217 5620 442 5696 νώσκειν
477 5626 608 5696 post
641 5620 882 5696 Χριστός
904 5621 1154 5696 habent.
1206 5622 1354 5678 Ibid.
1401 5620 1557 5696 Seg.,
1609 5620 1873 5680 αὐτοῦέῒ.

220 5693 420 5766 «(nubi
448 5691 634 5766 aliiet
666 5691 828 5766 editi,
861 5691 1095 5766 αὐτῷδθι
1123 5691 1172 5766 6'.

292 5765 403 5841 (85)
436 5763 603 5823 Gobl.
636 5769 693 5822 et
721 5764 880 5823 Felk.
915 5767 942 5823 1
976 5761 1096 5840 εῖτ,
1130 5761 1219 5820 διὰ
1245 5767 1406 5822 τοῦτο
1435 5764 1748 5824 πιστεύουσι
1779 5764 1870 5822 xui

1974 4758 2192 4821 τούτοις
2223 4760 2326 4834 γὰρ
2374 4755 2506 4820 ῗ¹σως
2543 4754 2794 4813 Ἰουδαῖοι
2846 4758 2938 4830 μὲν
2991 4757 3327 4828 ἀπιστοῦσιν,
3359 4753 3636 4827 Ἕλληνες

1978 4846 2037 4904 δὲ
2064 4846 2292 4925 γελῶσι,
2323 4848 2386 4904 τὸ
2417 4847 2652 4923 ἀπρεπὲς
2681 4851 2778 4902 τοῦ
2809 4850 3042 4922 σταυροῦ
3082 4847 3173 4902 καὶ
3214 4853 3317 4916 τῆς
3366 4844 3634 4923 ένανθρω-

1976 4941 2197 5010 πήσεως
2245 4942 2341 4995 τοῦ
2404 4941 2538 4994 Θεοῦ
2606 4935 2786 5013 Λόγου
2852 4933 3196 5012 διασύροντες
3231 4954 3244 4967 '
3295 4933 3443 4991 ἀλλά
3500 4936 3638 4990 κατὰ

1977 5028 2300 5108 ἀμφοτέρων
2341 5029 2370 5084 6
2419 5025 2589 5103 λόγος
2647 5027 2746 5082 οὐκ
2795 5025 3011 5097 ὀκνήσέι
3067 5031 3344 5103 χωρῆσαι,
3400 5024 3640 5098 μάλιστα

1977 5119 2093 5174 κατ’
2141 5118 2317 5174 αὐτῶν
2357 5118 2454 5180 τὰς
2501 5113 2801 5188 ἀποδείξεις
2852 5114 3097 5191 ἐναργεῖς
3151 5112 3320 5192 ἔχων.
3382 5111 3636 5171 Ἰουδαῖοι

2021 5403 2239 5535 εύέουσι
2293 5401 2724 5488 προσπίπτοντες
2784 5399 3111 5477 λέγοντες...
3175 5400 3498 5486 ἐφθέγξαντο
3552 5400 3637 5458 τό.

2021 5479 2063 5535 )ἰ
2114 5486 2132 5534 .·
2162 5476 2207 5533 εί
2235 5475 2296 5532 σύ
2330 5479 2492 5535 deest
2520 5477 2580 5532 in
2603 5478 2744 5534 edit.
2778 5475 3085 5535 Commel..
3113 5491 3219 5531 nec
3249 5474 3465 5535 legitur
3495 5475 3637 5530 Luc.

1980 5479 2132 5537 Ibid.‘
2162 5479 2207 5533 εί
2235 5479 2296 5532 σύ
2330 5479 2492 5535 deest
2520 5479 2580 5532 in
2603 5479 2744 5534 edit.
2778 5479 3085 5543 Commel.,
3113 5479 3224 5531 nec’
3249 5479 3302 5532 le
3345 5479 3465 5530 itur
3496 5479 3637 5530 Luc.

1980 5569 2056 5619 ιν,
2087 5553 2154 5608 34
2181 5569 2195 5620 ;
2229 5549 2277 5604 εἶ
2303 5550 2486 5606 semel
2518 5554 2747 5605 tantum
2784 5552 2889 5620 est
2914 5547 2974 5603 in
3027 5547 3194 5605 Gobl.
3226 5553 3284 5604 et
3305 5492 3572 5605 $elckm.
3607 5548 3634 5602 1

1980 5641 2075 5680 an.
2112 5627 2182 5680 At
2209 5627 2445 5695 Seguer.
2477 5621 2656 5695 habet
2685 5626 2752 5676 ut
2782 5619 3016 5693 legitur.

2016 5697 2161 5782 “(86)
2194 5686 2425 5754 Gobler.
2480 5693 2816 5752 Felckman.
2840 5686 2876 5748 ἱ
2923 5707 3098 5749 anon.
3150 5693 3208 5748 et
3237 5690 3504 5766 Seguer.,
3535 5686 3637 5744 αὐ-

1978 5788 2076 5827 τωο
