4178 6394
446 385 561 444 153

1465 374 1760 436 ORATIO
1802 374 1905 433 DE
1951 372 2535 433 lNCAHNATIONE
2579 371 2838 433 VERBI.

3744 387 3860 449 154

449 515 542 587 μὶν
604 513 949 573 ἀπιστοῦντες
993 507 1213 586 ἔχουσιν
1269 507 1357 585 ἀφ’
1406 507 1479 560 ὧν
1530 505 1960 580 ἀναγινώσκουσι
2008 504 2098 557 καὶ

2234 505 2431 560 labent
2459 505 2614 560 unde
2634 505 3414 581 convincantur,Scripturas
3446 514 3725 573 nimirum
3773 537 3862 575 sa-

446 602 600 657 αὐτοὶ
632 605 858 680 Γραφῶν
888 601 980 655 τὸν
1013 597 1244 675 ἔλεγχον
1284 640 1296 653 .
1325 593 1435 651 ἄνω
1469 594 1560 649 καὶ
1590 596 1759 662 κάτω,
1790 593 1879 649 καὶ
1925 594 2104 663 πάσης

448 689 640 753 ἁπλῶς
668 689 1025 746 θεοπνεύστου
1062 684 1259 764 βίϐλου
1306 685 1430 761 περὶ
1478 683 1686 740 τούτων
1718 684 1938 760 βοώσης
1968 684 2103 756 (87),

448 781 522 843 ὡς
557 779 814 834 καὶαύτά
858 780 927 834 τὰ
977 777 1196 854 ῥήματα
1241 771 1520 853 πρόδηλα.
1552 778 1802 851 Πρφῆται
1858 772 1951 845 μὲν
2001 771 2104 846 γὰρ

448 868 647 925 ἄνωθεν
695 866 819 945 περί
876 872 973 923 τοῦ
1020 868 1158 922 κατά
1201 867 1300 934 τὴν
1356 863 1623 938 Παρθένον
1674 861 1968 936 θαύματος,
2015 857 2105 914 καί

446 966 549 1028 τῆς
599 958 650 1029 ἐξ
704 957 875 1027 αὐτῆς
923 956 1227 1032 γενομένης
1284 955 1590 1030 γεννήσεως
1620 954 1986 1029 προεμήνυον,
2019 947 2108 1004 λέ-

449 1069 636 1125 γοντες
675 1068 688 1079 ·
738 1045 881 1104 Ἰδοὺ
928 1049 963 1116 ἡ
1012 1046 1273 1122 παρθένος
1323 1045 1375 1099 ἐν
1440 1042 1632 1118 γαστρὶ
1705 1038 1811 1112 ’ἑξει
1865 1040 1955 1095 καὶ
2019 1040 2107 1094 τὲ-

450 1139 590 1210 ξεται
657 1137 771 1192 υἱόν
808 1156 821 1169 ⁸
880 1135 969 1191 καί
1042 1133 1331 1190 καλέσουσι
1386 1131 1449 1188 τὰ
1506 1128 1679 1205 ὄνομα
1753 1130 1917 1185 αὐτοῦ
1979 1130 2109 1203 Ἐμ-

454 1225 725 1302 μανουὴλ,
775 1224 805 1280 6'
848 1225 957 1280 ἐστι
1031 1221 1591 1300 μεθερμηνευόμενον,
1656 1221 1769 1295 μεθ’
1844 1222 2006 1293 ἡμῶν
2080 1218 2109 1271 6

450 1317 601 1380 Θεός.
636 1322 840 1385 Μωσῆς
891 1312 949 1369 δὲ
996 1316 1108 1387 (88)
1140 1315 1167 1368 6
1194 1317 1274 1385 τῷ
1323 1307 1433 1366 ὄντι
1483 1311 1672 1386 μέγας,
1712 1310 1802 1364 καὶ
1848 1313 1977 1384 παρ’
2018 1306 2111 1361 αὐ-

448 1411 565 1468 τοῖς
610 1403 999 1478 πιστευόμενος
1049 1400 1287 1473 ἀληθὴς,
1330 1400 1455 1474 περὶ
1499 1405 1602 1469 τῆς
1649 1398 2109 1471 ἐνανθρωπήσεως

448 1501 546 1551 τοῦ
578 1501 838 1570 Σωτῆρος
872 1493 988 1549 ἀντὶ
1043 1490 1286 1567 μεγάλου
1336 1490 1399 1545 τὸ
1454 1488 1616 1565 ῥητὸν
1667 1485 1989 1561 δοκιμάσας,
2019 1490 2115 1545 καὶ

455 1584 655 1657 ἀληθὲς
705 1582 961 1659 ἐπιγνοὺς
1010 1580 1168 1652 ἔθηκε
1212 1578 1413 1654 λέγων.
1460 1579 1768 1633 Ἀνατεελεῖ
1820 1574 2013 1649 ἄστρον
2060 1574 2112 1644 ἐξ

457 1668 675 1744 Ἰακὼϐ,
754 1672 845 1727 καὶ
928 1668 1212 1746 ἅνθρωπος
1286 1668 1338 1739 ἐξ
1423 1664 1666 1743 Ἰσραὴλ,
1725 1666 1815 1720 καὶ
1898 1662 2113 1739 θραύσει

455 1762 605 1837 τοὺς,
653 1759 940 1838 ἀρχηγοὺς
996 1755 1207 1815 Μωάϐ⁸
1243 1758 1332 1813 καὶ
1390 1755 1556 1812 πάλιν
1595 1776 1608 1789 ·
1651 1757 1742 1817 Ὧς
1798 1752 1960 1809 καλοί
2018 1773 2114 1806 σου

459 1853 512 1907 οἱ
574 1851 736 1921 οἶκοι,
794 1845 1010 1920 Ἰακὼϐ,
1068 1850 1123 1903 αἱ
1199 1846 1391 1919 σκηναί
1472 1867 1589 1916 σου,
1648 1841 1909 1919 Ἰσραήλί
1971 1843 2114 1897 Ὠσεὶ

456 1942 621 1996 νάπαι
695 1941 1026 2010 σκιάζουσαι,
1086 1938 1174 1992 καῖ
1254 1936 1382 1990 ὡσεὶ
1460 1932 1777 2002 παράδεισοι
1854 1932 1941 1987 ἐπὶ
2012 1953 2112 1986 πο-

456 2034 668 2104 ταμῶν,
746 2029 837 2083 καὶ
912 2027 1040 2082 ὡσεὶ
1109 2026 1321 2097 σκηναὶ,
1401 2023 1463 2086 ’ἀς
1540 2022 1729 2094 ἔπηξεν
1799 2023 1828 2076 ὁ
1894 2020 2112 2097 Κύριος,

461 2120 591 2174 ὡσεὶ
665 2114 850 2191 κὲδροι
933 2122 1059 2193 παρ’
1133 2113 1320 2170 ὕδατα.
1394 2110 1757 2184 Ἐξελεόσεται
1832 2107 2114 2183 ἄνθρωπος

458 2207 519 2263 ἐκ
599 2211 696 2262 τοῦ
769 2206 1079 2281 σπέρματος
1163 2203 1347 2274 αὐτοῦ,
1425 2202 1516 2255 καὶ
1600 2198 1870 2276 κυριεύσει
1954 2196 2116 2251 ἐθνῶν

457 2294 705 2351 πολλῶν·
769 2293 871 2349 Καὶ
946 2290 1110 2348 πάλιν
1179 2288 1398 2353 Ἡσαΐας
1432 2310 1444 2324 ·
1498 2287 1628 2364 [lin
1700 2289 1737 2358 ἢ
1794 2291 1997 2363 γνῶναι
2056 2286 2118 2340 τὸ

459 2381 675 2440 παιδίον
761 2380 948 2437 καλεῖν
1014 2382 1221 2458 πατὲρα
1291 2380 1327 2450 ἢ
1405 2379 1632 2455 μητέρα,
1713 2377 1948 2452 λήψεται
2025 2374 2117 2431 δύ-

464 2494 628 2547 ναμιν
690 2475 1001 2547 Δαμασκοῦ,
1059 2469 1149 2525 καὶ
1204 2471 1272 2524 τὰ
1329 2467 1503 2524 σκύλα
1579 2466 1889 2543 Σαμαρείας
1944 2465 2119 2521 ἔναντι

474 2560 746 2638 βασιλέως
794 2560 1092 2637 ’Δσσυρίων
1128 2601 1140 2614 .
1175 2561 1295 2614 Ὅτι
1340 2558 1434 2633 μὲν
1484 2555 1574 2613 οὖν
1619 2555 1897 2634 ἄνθρωπος
1945 2557 2118 2635 φανή-

467 2671 639 2722 σεται,
673 2648 762 2706 διὰ
801 2649 1009 2705 τούτων
1055 2645 1595 2723 προκαταγγέλλεται
1632 2666 1644 2678 ·
1677 2645 1763 2701 ὅτι
1817 2643 1875 2700 δὲ
1922 2644 2118 2721 Κύριος

465 2745 575 2796 τῶν
625 2741 841 2795 πάντων
876 2737 1016 2794 ἐστὶν
1067 2740 1095 2793 6
1141 2737 1462 2815 ἐργόμενος,
1513 2734 1676 2792 πάλιν
1737 2733 2119 2809 προμηνύουσι

466 2826 721 2906 λέγοντες
773 2847 786 2860 ·
838 2825 978 2882 Ἰδοὺ
1026 2825 1222 2904 Κύριος
1288 2826 1516 2896 κάθηται
1567 2825 1654 2879 ἐπὶ
1703 2822 1938 2903 νεφέλης
1994 2822 2122 2879 κού-

467 2940 596 2998 φης,
647 2920 737 2974 καὶ
787 2917 904 2989 ἥξει
980 2916 1055 2979 εἰς
1131 2914 1431 2992 Αἴγυπτον,
1478 2913 1568 2969 καὶ
1645 2915 1982 2985 σεισθήσεται
2054 2912 2122 2967 τὰ

2213 611 2514 665 cras,quas
2536 598 2589 648 et
2620 594 2732 665 ipsi
2762 593 2984 667 legunt.
3009 595 3273 670 Namque
3305 599 3437 657 libri
3473 602 3588 659 Dec
3625 607 3862 665 afﬂante

2214 683 2414 753 scripti
2448 683 2567 737 haec
2599 683 2818 754 passim
2850 685 3025 740 variis
3056 685 3115 740 in
3164 686 3305 744 locis
3336 692 3565 759 docent,
3602 697 3682 750 uti
3715 697 3861 769 ipsis

2212 772 2405 826 verbis
2437 772 2639 843 liquet.
2676 773 2971 844 Prophetas
3004 775 3239 846 quidem
3262 780 3387 848 jam
3431 781 3570 839 olim
3602 784 3861 858 Virginis

2216 864 2272 916 et
2300 860 2479 932 prolis
2527 878 2595 916 ex
2640 878 2707 916 ea
2763 863 3071 917 nasciturae
3133 866 3484 926 miraculum
3544 873 3636 930 his
3664 877 3860 933 verbis

2212 950 2565 1021 praedixere:
2603 955 2731 1005 Ecce
2788 952 2942 1022 virgo
2997 955 3058 1007 in
3104 964 3261 1010 utero
3318 958 3556 1031 habebit,
3589 974 3642 1019 et
3680 968 3865 1035 pariet

2216 1039 2416 1109 ﬁlium,
2450 1042 2499 1093 et
2527 1040 2792 1095 vocabunt
2820 1057 3020 1096 nomen
3050 1044 3164 1113 ejus
3216 1048 3568 1117 Emmanuel,
3612 1055 3757 1124 quod
3786 1060 3863 1111 est

2218 1132 2656 1199 interpretatum,
2688 1130 2969 1185 nobiscum
3016 1134 3151 1187 Deus
3192 1136 3255 1189 79.
3309 1138 3590 1196 Similiter
3638 1144 3864 1215 Moyses

2216 1218 2304 1272 vir
2332 1234 2461 1273 vere
2494 1234 2764 1290 magnus,
2808 1236 2983 1290 quem
3032 1226 3089 1275 et
3130 1222 3242 1294 ipsi
3300 1243 3560 1283 veracem
3595 1233 3865 1303 credunt,

2217 1307 2373 1378 quod
2406 1307 2629 1361 dictum
2662 1312 2788 1362 erat
2836 1308 2905 1363 de
2956 1311 3213 1366 humana
3261 1320 3467 1372 natura
3498 1336 3531 1374 a
3561 1320 3860 1379 Salvatore

2219 1396 2595 1465 assumenda,
2628 1399 2908 1467 tanquam
2940 1414 3060 1453 rem
3096 1402 3293 1472 magni
3326 1408 3605 1462 momenti
3649 1426 3861 1482 expen-

2220 1485 2323 1552 dit,
2353 1486 2601 1556 ejusque
2630 1485 2923 1557 cognitam
2972 1488 3272 1545 veritatem
3323 1492 3402 1547 ita
3444 1494 3652 1553 litteris
3683 1502 3869 1556 consi-

2222 1573 2453 1646 gnavit:
2489 1574 2709 1629 Orietur
2736 1575 2899 1629 stella
2952 1591 3020 1630 ex
3073 1579 3262 1647 Jacob,
3295 1588 3345 1634 et
3388 1582 3547 1638 homo
3576 1602 3645 1641 ex
3673 1590 3865 1659 Israel,

2221 1672 2271 1719 et
2300 1665 2566 1735 percutiet
2596 1663 2756 1719 duces
2801 1665 2959 1720 Moab
3002 1664 3065 1720 ⁸ο.
3117 1667 3195 1721 Ει.
3220 1685 3464 1727 rursus:
3518 1674 3693 1742 Quam
3737 1680 3865 1749 ραι-

2221 1752 2368 1808 chrae
2400 1756 2513 1809 tua?
2557 1752 2766 1821 domus,
2816 1754 3023 1817 Jacob;
3079 1755 3437 1815 tabernacula
3488 1765 3605 1833 tua,
3655 1767 3869 1823 Israel!

2228 1842 2289 1898 Ut
2316 1843 2484 1896 valles
2512 1843 2805 1907 umbrosae,
2838 1851 2888 1897 et
2915 1853 2976 1898 ut
2998 1843 3146 1899 horti
3165 1846 3339 1917 juxta
3366 1851 3582 1918 ﬂuvios,
3613 1863 3664 1909 et
3694 1861 3755 1911 ut
3783 1862 3869 1913 ta-

2227 1931 2546 1995 bernacula,
2596 1946 2721 2003 quae
2792 1932 2916 2002 ﬁxit
2971 1934 3258 2004 Dominus,
3321 1942 3480 2009 quasi
3526 1943 3674 1998 cedri
3720 1963 3871 2003 secus

2224 2036 2418 2093 aquas.
2451 2020 2773 2088 Egredietur
2801 2022 2957 2076 homo
2986 2038 3059 2076 ea:
3112 2027 3320 2081 semine
3371 2029 3509 2099 ejus,
3542 2040 3593 2086 et
3620 2033 3868 2091 domina-

2227 2110 2378 2165 bitur
2404 2110 2465 2163 in
2492 2109 2683 2163 multis
2712 2111 2964 2180 gentibus
2984 2112 3046 2167 3‘.
3081 2113 3149 2168 Et
3195 2113 3411 2171 iterum
3454 2118 3635 2177 Isaias
3665 2141 3677 2177 :
3714 2125 3871 2182 Ante-

2225 2214 2392 2269 quam
2420 2198 2557 2252 sciat
2583 2214 2720 2268 puer
2766 2214 2958 2255 vocare
3002 2210 3217 2271 patrem
3261 2205 3345 2259 vel
3372 2212 3625 2278 matrem,
3659 2217 3872 2285 auferet

2225 2286 2612 2361 fortitudinem
2636 2288 2911 2356 Damasci,
2945 2299 2995 2345 et
3021 2293 3200 2358 spolia
3229 2293 3502 2355 Samariae
3528 2316 3713 2357 coram.
3743 2322 3870 2377 rege

2228 2378 2582 2449 Assyriorum
2603 2377 2667 2431 ⁸³.
2720 2379 2882 2442 Quod
2936 2396 3070 2451 ergo
3129 2380 3303 2439 homo
3362 2386 3597 2445 futurus
3638 2392 3734 2462 sit,
3777 2394 3871 2449 his

2229 2466 2683 2538 praenuntiatum
2719 2468 2874 2537 quod
2924 2474 3119 2525 autem
3175 2471 3224 2526 is
3266 2474 3365 2544 qui
3397 2476 3556 2531 venit
3584 2477 3870 2539 Dominus

2230 2555 2306 2610 sit
2335 2554 2621 2619 omnium,
2646 2556 2951 2626 sequentia
2980 2566 3432 2628 praemonstrant
3484 2567 3697 2624 verba:
3732 2574 3873 2627 Ecce

2228 2646 2492 2700 Dominus
2520 2644 2668 2700 sedet
2696 2647 2754 2698 in
2784 2646 2927 2700 nube
2957 2647 3086 2717 levi,
3117 2657 3171 2702 et
3198 2653 3377 2706 veniet
3406 2653 3465 2707 in
3485 2657 3802 2731 AEgyptum,
3826 2669 3879 2719 et

2228 2735 2610 2789 concutientur
2638 2733 2941 2789 simulacra
2985 2737 3207 2809 Egypti
3230 2738 3293 2794 ⁸³.
3344 2741 3490 2797 Nam
3550 2751 3609 2800 et
3642 2747 3776 2803 inde
3805 2749 3875 2804 il-

2228 2822 2353 2878 lum
2386 2822 2551 2878 Pater
2580 2828 2808 2878 revocat
2864 2824 3107 2880 dicens:
3163 2829 3247 2883 Ex
3302 2832 3528 2903 (Egi/pte
3572 2840 3757 2893 vocavi
3785 2840 3877 2894 Fi-

2232 2914 2371 2968 lium
2397 2928 2580 2967 meum
2600 2911 2664 2966 3‘.

468 2997 843 3086 χειροποίητα
897 3003 1199 3082 Αἰγύπτου.
1258 3005 1358 3059 Καὶ
1412 3004 1517 3079 γὰρ
1592 3003 1832 3058 κάκεῖθεν
1901 3000 2059 3057 αὐτὸν
2116 3002 2145 3056 6
2201 3001 2389 3076 Πατὴρ
2450 2997 2709 3054 ἀνακαλεῖ
2761 2997 2939 3075 λὲγων
2977 3003 3102 3075 ,Ἐξ
3161 3005 3441 3081 Αἰγύπτου
3504 3008 3731 3068 ἐκάλεσα
3784 3016 3877 3070 τὸν

468 3097 592 3153 Υῖόν
629 3118 735 3172 μου
746 3140 758 3152 .

535 3189 625 3243 34.
678 3184 751 3240 Οὐ
809 3184 1143 3254 σεσιώπηται
1204 3179 1263 3237 δὲ
1327 3179 1453 3237 οὐδὲ
1511 3181 1539 3236 6
1586 3179 1782 3236 τούτου
1847 3180 2119 3242 θάνατος·

2306 3182 2401 3236 61
2438 3180 2527 3235 34.
2560 3180 2758 3253 Neque
2789 3181 2964 3237 etiam
2996 3200 3154 3248 mors
3183 3186 3311 3257 ejus
3342 3187 3451 3244 fuit
3480 3189 3710 3249 silentio
3745 3212 3885 3267 pras-

469 3273 616 3330 ἀλλὰ
667 3273 759 3330 καὶ
806 3272 927 3329 λίαν
976 3269 1274 3347 τηλαυγῶς
1310 3269 1362 3326 ἐν
1413 3275 1535 3332 ταῖς
1584 3268 1753 3332 θείαις
1802 3268 2125 3342 σημαίνεται

468 3368 708 3443 Γραφαῖς
741 3382 754 3395 ·
804 3360 894 3416 καί
950 3362 1055 3437 γὰρ
1103 3361 1194 3415 καὶ
1241 3362 1341 3430 τὴν
1392 3357 1568 3414 αἰτίαν
1619 3362 1717 3413 τοῦ
1762 3359 2011 3429 θανάτου,
2044 3357 2129 3413 ὅτι

477 3454 552 3527 μὴ
606 3450 674 3507 δι’
705 3451 913 3520 ἑαυτὸν,
946 3448 1073 3505 ἀλλ’
1108 3449 1239 3521 ὑπὲρ
1286 3455 1388 3519 τῆς
1435 3449 1651 3503 πάντων
1702 3446 1988 3509 ἀθανασίας
2037 3446 2128 3502 καὶ

476 3540 752 3618 σωτηρίας
786 3539 1064 3613 ὑπομένει,
1094 3539 1186 3594 καὶ
1229 3540 1329 3608 τὴν
1360 3535 1634 3593 Ἰουδαίων
1683 3532 2009 3606 ἐπιϐουλὴν,
2038 3535 2129 3591 καὶ

474 3632 571 3693 τὰς
629 3630 706 3693 είς
766 3627 924 3684 αὺτὸν
984 3628 1277 3703 γινομένας
1346 3628 1471 3703 παρ’
1528 3626 1703 3681 αὐτῶν
1774 3621 1957 3699 ὕϐρεις
2035 3624 2133 3680 οὐκ

480 3714 824 3799 ἐφοϐήθησαν
861 3719 1051 3786 εἰπεῖν,
1084 3721 1221 3794 πρὸς
1252 3716 1313 3771 τὸ
1348 3712 1554 3790 μηδένα
1603 3713 1774 3769 αὐτῶν
1822 3718 1930 3769 τῶν
1981 3735 2131 3789 γινο-

487 3830 661 3884 μενων
712 3809 952 3879 ἀνήκοον
1008 3806 1141 3862 εἶναι
1189 3806 1278 3861 καὶ
1323 3803 1690 3875 πλανηθῆναι.
1718 3804 1858 3858 Φασὶ
1905 3804 2083 3858 τοίνυν
2117 3822 2130 3834 ·

483 3901 801 3973 ’Ἄνθρωπος
861 3898 912 3953 ἐν
971 3895 1167 3973 πληγῇ
1227 3893 1323 3965 ὣν,
1355 3895 1445 3949 καὶ
1505 3891 1664 3956 εἰδὼς
1720 3894 1896 3972 φέρειν
1961 3894 2135 3966 μαλα-

478 3988 623 4061 κίαν,
682 3988 764 4044 ὅτι
842 3987 1211 4064 ἀπέστραπται
1275 3985 1338 4040 τὸ
1399 3983 1692 4061 πρόσωπον
1766 3982 1952 4053 αὐτοῦ,
2015 3983 2135 4053 ἠτι-

486 4080 685 4153 μάσθη,
738 4077 830 4133 καὶ
907 4077 1007 4133 οὐκ
1074 4074 1356 4151 ἐλογίσθη.
1408 4074 1576 4136 Οὗτος
1635 4075 1748 4147 (89)
1803 4074 1902 4135 τὰς
1959 4073 2136 4147 ἁμαρ-

479 4167 601 4231 τίας
676 4170 836 4240 ἡμῶν
911 4167 1081 4246 φέρει,
1127 4166 1218 4221 καὶ
1285 4165 1410 4239 περὶ
1466 4166 1625 4237 ἡμῶν
1689 4160 1987 4218 ὀδυνᾶται·
2046 4160 2139 4216 καὶ

483 4257 649 4329 ἡμεῖς
725 4255 1092 4331 ἐλογισάμεθα
1165 4254 1322 4309 αὐτὸν
1396 4252 1530 4308 εἶναι
1594 4251 1646 4307 ἐν
1716 4251 1890 4325 πόνῳ,
1944 4252 2035 4306 καὶ
2088 4249 2140 4305 ἐν

485 4343 703 4421 πληγῇ,
763 4344 854 4399 καὶ
930 4345 980 4398 ἐν
1055 4344 1335 4398 κακώσει*
1392 4340 1551 4404 αὐτὸς
1618 4338 1676 4396 δὲ
1741 4339 2137 4418 ἐτραυματίσθη

487 4432 577 4489 διὰ
649 4434 747 4496 τὰς
824 4431 1095 4509 ἁμαρτίας
1170 4434 1357 4505 ἡμῶν,
1418 4432 1509 4485 καὶ
1583 4428 1980 4503 μεμαλάκισται
2054 4428 2144 4485 διὰ

485 4526 584 4587 τὰς
663 4521 893 4597 ἀνομίας
969 4523 1151 4595 ἡμῶν.
1226 4517 1453 4575 Παιδεία
1527 4519 1752 4593 εἰρήνης
1825 4521 1986 4592 ἡμῶν
2060 4518 2141 4574 ἐπ’

491 4614 672 4684 αὐτὸν,
734 4616 813 4685 τῷ
899 4609 1139 4685 μώλωπι
1223 4609 1387 4665 αὐτοῦ
1461 4610 1627 4682 ἡμεῖς
1695 4608 1945 4681 ἰάθημεν.
2004 4610 2142 4665 Θαύ-

496 4707 630 4775 μαζε
657 4702 756 4771 τὴν
787 4705 885 4756 τοῦ
916 4700 1097 4776 Λόγου
1144 4696 1575 4778 φιλανθρωπίαν,
1607 4695 1692 4752 ὅτι
1741 4695 1809 4752 δι’
1838 4700 1986 4772 ἡμᾶς
2035 4698 2146 4752 ἀτι-

496 4793 743 4864 μάζεται,
792 4789 885 4845 ἵνα
929 4792 1095 4863 ἡμεῖς
1153 4789 1263 4863 (90)
1322 4782 1533 4862 ἔντιμοι
1579 4787 1880 4862 γενώμεθα.
1943 4788 2145 4850 Πάντες

491 4881 618 4956 γὰρ,
678 4879 862 4958 φησὶν,
922 4880 996 4941 ὡς
1062 4874 1310 4953 πρόϐατα
1369 4876 1755 4951 ἐπλανήθημεν
1788 4897 1800 4909 ·
1861 4873 2144 4953 ἅνθρωπος

487 4973 559 5043 τῇ
619 4966 730 5041 ὁδῷ
796 4968 961 5024 αὐτοῦ
1032 4966 1313 5039 ἐπλανήθη
1350 4990 1361 5002 ·
1413 4966 1503 5022 καὶ
1563 4965 1761 5043 Κύριος
1834 4963 2143 5042 παρέδωκεν

490 5058 647 5115 αὐτὸν
720 5063 842 5121 ταῖς
920 5057 1208 5135 ἁμαρτίαις
1283 5059 1445 5131 ἡμῶν
1477 5074 1489 5087 '
1549 5055 1638 5110 καὶ
1716 5054 1897 5127 αὐτὸς,
1948 5053 2037 5111 διὰ
2082 5056 2145 5110 τὸ

555 5204 601 5239 7°
632 5202 744 5259 Isa.
775 5218 877 5272 vn,
911 5202 977 5258 14
1004 5219 1017 5269 ;
1050 5201 1257 5257 Matth.
1291 5219 1329 5270 Ι,
1359 5203 1450 5257 23.

484 5276 530 5311 3‘
558 5275 689 5332 Ose.
720 5292 800 5346 χι,
834 5275 885 5330 1.
964 5273 1075 5330 Isa.
1109 5289 1227 5344 LIII,
1257 5273 1366 5328 3-5.

559 5437 673 5527 (8,7)
704 5438 943 5509 Seguer.
979 5433 1209 5492 Gobler.
1267 5438 1325 5490 et
1371 5433 1625 5491 Felckm.
1674 5434 1700 5488 1
1753 5449 1953 5503 anon.,
1996 5426 2143 5485 διδα-

493 5526 1096 5649 ῗκῗὲἕρὲοωθνὶοουε
1126 5582 1184 5634 et
1212 5577 1589 5634 Felckmanni
1626 5577 1652 5631 1
1703 5592 1902 5647 anon.,
1935 5578 2140 5643 Μωσῆς

493 5643 550 5701 δὲ
571 5643 766 5721 φησιν,
790 5651 1030 5721 caeteris
1047 5650 1306 5706 omissis.

567 5716 680 5793 (89)
711 5716 948 5796 Seguer.
976 5719 1158 5786 αὐτός.
1183 5721 1408 5795 Anglic.
1433 5719 1609 5779 Basil.
1634 5718 1866 5778 Gobler.
1892 5722 1950 5774 et
1969 5716 2143 5775 Felck

2175 4580 2222 4642 D

1563 5201 1610 5236 ⁸ο
1656 5200 1828 5257 Num.
1873 5217 2024 5256 xxxv.
2080 5202 2163 5256 17.

2235 3270 2531 3337 termissa,
2555 3271 2657 3325 sed
2690 3270 2855 3326 valde
2886 3277 3083 3343 aperte
3110 3274 3169 3328 in
3203 3274 3414 3333 divinis
3446 3279 3766 3353 Scripturis
3794 3284 3883 3340 in-

2239 3359 2431 3415 dicata
2452 3364 2558 3414 est.
2579 3359 2844 3431 Namque
2870 3365 2926 3416 et
2945 3377 3183 3418 causam
3218 3367 3445 3434 mortis,
3470 3371 3624 3440 quod
3659 3371 3886 3429 scilicet

2242 3466 2355 3504 non
2379 3453 2616 3521 propter
2634 3450 2898 3521 seipsum
2916 3452 3016 3507 sed
3036 3469 3138 3522 pro
3156 3456 3421 3512 omnium
3444 3458 3887 3519 immortalitate

2240 3543 2297 3593 et
2314 3537 2504 3593 salute
2525 3554 2653 3592 eam
2672 3539 3037 3607 sustinuerit,
3059 3546 3115 3596 et
3132 3542 3472 3602 Judaeorum
3497 3547 3740 3605 insidias
3777 3568 3882 3607 nec

2243 3645 2357 3681 non
2388 3627 2658 3697 injurias,
2681 3628 2897 3698 quibus
2926 3645 3060 3685 eum
3092 3631 3353 3704 effecere,
3388 3653 3623 3693 narrare
3653 3656 3767 3695 non
3803 3657 3886 3696 re-

2244 3715 2651 3786 formidarunt,
2686 3721 2752 3770 ut
2782 3716 3046 3773 videlicet
3070 3736 3240 3777 nemo
3272 3721 3368 3778 his
3398 3742 3513 3779 non
3542 3728 3761 3784 auditis
3793 3746 3889 3785 er—

2244 3810 2433 3872 raret;
2469 3804 2553 3859 sic
2582 3821 2717 3877 ergo
2750 3805 2949 3862 aiunt:
3004 3809 3168 3865 Homo
3223 3813 3319 3882 qui
3364 3815 3426 3867 in
3456 3817 3681 3872 vulnere
3711 3827 3810 3885 est,
3838 3827 3892 3875 et

2243 3896 2349 3950 scit
2374 3897 2523 3966 ferre
2553 3894 2952 3964 inﬁmitatem.
2980 3900 3113 3969 quia
3163 3917 3385 3957 aversus
3436 3913 3512 3960 est
3541 3906 3723 3962 vultus
3752 3909 3891 3980 ejus,

2245 3983 2521 4055 despectus
2549 3988 2646 4052 est,
2678 4001 2776 4039 nec
2831 3992 3117 4056 reputatus
3178 3996 3296 4047 est:
3348 3993 3462 4064 ipse
3504 3994 3618 4068 [ert
3668 4001 3895 4069 peccata

2246 4081 2455 4143 nostra,
2477 4081 2527 4129 et
2552 4088 2655 4144 pro
2676 4074 2829 4129 nobis
2853 4075 3045 4132 dolore
3067 4079 3322 4151 afﬁcitur
3338 4098 3359 4143 ;
3381 4092 3431 4137 et
3450 4099 3548 4139 nos
3578 4089 3896 4157 putavimus

2247 4178 2373 4217 eum
2393 4178 2505 4217 esse
2526 4164 2587 4216 in
2608 4163 2816 4235 labore,
2842 4169 2894 4219 et
2915 4167 2975 4221 in
3002 4168 3245 4241 vulnere,
3268 4178 3317 4225 et
3339 4173 3398 4225 in
3435 4174 3756 4244 afﬂictione.
3781 4177 3899 4248 Ipse

2246 4252 2567 4307 vulneratus
2596 4256 2675 4308 est
2715 4262 2939 4324 propter
2975 4265 3203 4325 peccata
3248 4268 3456 4328 nostra,
3494 4265 3546 4317 et
3597 4263 3898 4335 languidus

2249 4343 2424 4412 factus
2452 4354 2532 4396 est
2556 4351 2777 4413 propter
2808 4345 3128 4413 iniquitates
3154 4351 3368 4403 nostras
3394 4366 3413 4404 :
3468 4350 3768 4423 disciplina
3793 4372 3895 4427 pa-

2250 4432 2329 4487 cis
2357 4433 2561 4486 nostrae
2588 4448 2752 4503 super
2773 4448 2921 4487 eum.
2986 4435 3256 4492 Cicatrice
3309 4439 3425 4510 ejus
3469 4456 3568 4495 nos
3596 4446 3786 4499 sanati
3809 4462 3899 4501 su-

2250 4537 2373 4575 mus
2391 4521 2456 4575 3“.
2487 4521 2791 4577 Admirare
2817 4523 2990 4577 Verbi
3023 4540 3161 4597 erga
3189 4526 3459 4583 homines
3489 4547 3769 4601 amorem,
3796 4536 3897 4606 qui

2250 4609 2595 4681 ignominia,
2631 4610 2816 4666 nostri
2846 4613 3053 4684 gratia,
3089 4614 3331 4671 affectus
3358 4621 3467 4686 est,
3495 4624 3559 4674 ut
3588 4621 3757 4677 nobis
3780 4623 3900 4695 glo-

2253 4699 2403 4754 riam
2435 4705 2818 4771 compararet.
2872 4702 3067 4758 Omnes
3122 4708 3289 4772 enim,
3345 4708 3557 4779 inquit,
3591 4714 3749 4781 quasi
3776 4729 3900 4769 oves

2251 4789 2740 4859 erravimus,homo
2762 4792 2823 4845 in
2840 4792 2931 4845 via
2960 4808 3061 4846 sua
3082 4795 3318 4849 erravit:
3354 4804 3405 4850 et
3437 4797 3696 4855 Dominus
3724 4802 3901 4857 tradi-

2252 4878 2333 4933 dit
2361 4880 2543 4949 ipsum
2567 4881 2800 4950 peccatis
2829 4883 3054 4949 nostris,
3075 4891 3128 4937 et
3158 4883 3272 4953 ipse
3302 4886 3434 4955 quia
3486 4887 3767 4960 afﬂigitur
3790 4907 3903 4947 non

2254 4970 2482 5039 aperuit
2510 4983 2567 5023 os
2595 4985 2778 5024 suum.
2814 4971 3092 5042 Tanquam
3138 4973 3253 5027 ovis
3282 4974 3351 5028 ad
3372 4978 3692 5032 occisionem
3713 4979 3905 5037 ductus

2252 5061 2354 5125 est,
2390 5061 2440 5112 et
2467 5059 2609 5113 sicut
2637 5074 2809 5130 agnus
2839 5075 3031 5116 coram
3058 5062 3307 5117 tondente
3332 5080 3389 5119 se
3435 5066 3557 5121 sine
3604 5082 3765 5123 voce:
3825 5072 3905 5126 sic

2253 5201 2296 5236 ει
2327 5200 2468 5256 ibid.
2500 5201 2556 5268 5,
2588 5203 2642 5271 6,
2695 5202 2781 5257 19.
2896 5204 2941 5238 3’
2974 5204 3083 5261 Isa.
3135 5223 3259 5273 vm,
3311 5208 3362 5262 4.
3475 5209 3520 5244 ⁸³
3550 5208 3663 5267 Isa.
3694 5227 3813 5281 xrx,
3848 5214 3902 5274 1.

2254 5433 2434 5523 13.51.,
2487 5430 2685 5523 ad}:ch
2729 5435 2861 5523 Mox
2907 5436 3083 5523 Basil.
3124 5440 3191 5523 .et
3238 5440 3479 5523 ‘Anglic.
3534 5441 3898 5523 ὑπὲρ-ημῶν.

2249 5504 2714 5647 ᾗὶὲξέὶῆἷιιῗξίςὴμεῖς
2764 5509 2931 5563 abest
2988 5509 3059 5565 ab
3107 5504 3379 5583 Anglia,"
3403 5519 3460 5569 et
3506 5531 3541 5571 a
3571 5504 3902 5575 Basill'sola

2283 5738 2421 5792 ημεν
2456 5718 2631 5776 habet
2660 5716 2917 5796 ἐλογίσθη
2929 5740 3044 5795 μεν.
