4178 6414
272 358 394 419 155

809 350 875 411 S.
921 345 1346 409 ATHANASII
1391 344 1566 408 OPP.
1611 345 1816 408 PARS
1859 345 1907 405 l.
1941 377 2019 387 —
2051 344 2471 406 HISTORICA
2518 344 2618 405 ET
2668 343 3154 406 DOGMATIGA.

3565 344 3695 405 ’156

264 507 378 549 non
408 488 588 561 aperit
618 501 676 542 os
706 500 907 551 suum;
932 482 991 537 in
1018 481 1134 553 ejus
1163 479 1486 536 humilitate
1495 478 1777 552 judieium
1806 479 1909 551 eju:

2033 476 2387 546 κεκακῶσθαι,
2438 475 2537 530 οὐκ
2608 474 2817 551 ἀνοίγει
2873 477 2935 531 τὸ
2995 476 3192 550 στόμα.
3251 477 3340 538 Ὠς
3409 470 3685 552 πρόϐατον

265 579 554 637 sublatum
582 578 664 632 est
683 574 747 629 ⁸⁸.
781 569 1017 641 Deinde,
1050 586 1123 625 ne
1153 568 1288 641 quis
1318 584 1452 624 eum
1486 566 1789 640 vulgarem
1818 566 1921 623 bo-

270 668 514 736 minem,
548 681 619 720 ex
645 662 740 719 his
771 677 898 734 quae
931 658 1173 732 patitur,
1203 657 1579 730 suspicetur;
1610 656 1921 712 hominum

268 756 575 830 opiniones
597 748 1236 826 preoccupat,ejusque
1256 745 1580 819 potentiam
1608 762 1675 801 ac
1697 748 1920 800 naturae

268 844 657 902 differentiam
685 840 778 896 his
808 837 1001 895 verbis
1040 836 1339 909 Scriptura
1368 835 1618 909 explicat
1644 852 1656 889 :
1684 834 1918 891 Genera-

264 936 476 992 tionem
502 933 623 1003 ejus
652 931 774 1003 quis
802 926 1088 985 enarrabit
1106 929 1132 979 .9
1160 927 1300 997 quia
1328 926 1549 980 tollitur
1576 940 1605 980 e
1635 932 1784 980 terra
1807 926 1920 980 vita

263 1024 404 1096 ejus,
437 1022 503 1078 ab
538 1018 929 1093 iniquitatibus
955 1013 1152 1088 populi
1194 1017 1390 1071 auctus
1437 1022 1518 1069 est
1557 1015 1617 1069 in
1648 1022 1915 1069 mortem:

262 1121 315 1169 et
340 1111 477 1168 dabo
507 1110 679 1167 malos
706 1124 805 1181 pro
827 1106 1114 1179 sepultura
1145 1104 1263 1176 ejus
1293 1107 1346 1160 et
1374 1103 1567 1159 divites
1591 1118 1692 1175 pro
1740 1110 1918 1158 morte

260 1204 454 1275 ipsius,
482 1201 614 1272 quia
643 1199 996 1269 iniquitatem
1024 1210 1135 1250 non
1163 1195 1314 1266 fecit,
1345 1207 1520 1265 neque
1561 1194 1815 1249 inventus
1840 1195 1916 1249 est

255 1291 413 1348 dolus
444 1292 501 1347 in
531 1303 623 1346 ore
650 1288 770 1360 ejus
790 1304 809 1342 :
838 1292 890 1342 et
920 1286 1188 1341 Dominus
1242 1282 1361 1338 vult
1407 1281 1678 1337 mundare
1723 1297 1848 1338 eum
1881 1296 1917 1336 α

260 1385 431 1454 plaga
448 1379 514 1433 ⁸⁷.

2035 563 2124 620 ἐπὶ
2203 567 2414 643 σφαγὴν
2491 564 2667 642 ἤχθη,
2725 564 2817 620 καὶ
2892 566 2968 627 ὡς
3048 566 3219 639 ἀμνὸς
3283 564 3519 621 ἐναντίον
3591 570 3691 621 τοῦ

2030 653 2307 730 κείροντος
2368 657 2480 729 (91)
2530 654 2710 727 αὐτὸν,
2772 653 2987 733 ἄφωνος
3021 676 3033 689 ·
3086 654 3269 718 οὕτως
3327 654 3425 710 οὐκ
3482 653 3690 731 ἀνοίγει

2028 744 2090 798 τὸ
2166 743 2344 817 στόμα
2434 744 2598 801 αὐτοῦ
2632 764 2645 778 ·
2706 750 2775 800 Εν
2853 746 2924 817 τῇ
3009 745 3329 800 ταπεινώσει
3410 743 3575 800 αὐτοῦ
3651 746 3687 815 ἡ

2027 832 2205 907 κρίσις
2261 833 2426 889 αὐτοῦ
2485 832 2652 909 ἤρθη.
2698 833 2832 890 Εἶτα
2881 831 2975 887 ⁸ίνα
3034 835 3108 907 μή
3159 855 3242 897 τις
3290 833 3685 890 αὐτὸν.κοινὸν

2028 919 2309 996 ἄνθρωπον
2360 923 2419 979 ἐκ
2454 928 2553 979 τοῦ
2602 925 2805 987 πάθους
2857 918 3108 997 ὑπολάϐῃ
3138 926 3271 998 (92),
3302 919 3684 999 προλαμϐάνει

2024 1013 2119 1074 τὰς
2179 1012 2436 1075 ὑπονοίας
2480 1018 2589 1069 τῶν
2650 1012 2972 1088 ἀνθρώπων,
3030 1015 3120 1070 καὶ
3173 1015 3275 1083 τὴν
3333 1014 3465 1090 ὑπὲρ
3519 1012 3685 1068 αὐτοῦ

2027 1099 2274 1175 δύναμιν,
2308 1101 2397 1157 καὶ
2426 1102 2489 1158 τὸ
2519 1102 2656 1179 πρὸς
2686 1105 2837 1177 ἡμᾶς
2886 1104 3145 1180 ἀνόμοιον
3193 1108 3297 1173 τῆς
3341 1101 3552 1181 φύσεως
3602 1098 3686 1157 δι-

2025 1195 2239 1266 ηγεῖται
2268 1194 2304 1261 ἡ
2340 1194 2523 1271 Γραφὴ
2585 1189 2823 1268 λέγουσα
2857 1216 2868 1228 ·
2901 1196 3015 1265 Τήν
3066 1191 3125 1250 δὲ
3171 1192 3355 1269 γενεὰν
3408 1190 3571 1247 αὐτοῦ
3599 1190 3685 1254 τίς

2025 1276 2383 1355 διηγήσεται;
2434 1280 2518 1337 ὅτι
2598 1279 2804 1358 αἶ’ρεται
2877 1283 2982 1339 ἀπὸ
3038 1291 3140 1354 τῆς
3190 1289 3299 1359 γῆς
3334 1283 3371 1351 ἡ
3424 1282 3537 1351 ζωὴ
3587 1280 3686 1336 αὒ-

2021 1373 2119 1424 τοῦ
2152 1388 2164 1402 ο
2218 1370 2324 1425 ἀπὸ
2377 1375 2484 1425 τῶν
2536 1371 2778 1445 ἀνομιῶν
2825 1377 2923 1427 τοῦ
2973 1370 3111 1429 λαοῦ
3171 1369 3323 1448 ἤχθη
3389 1370 3467 1433 εἷς
3529 1370 3685 1425 θάνα-

254 1489 378 1525 τον.
446 1464 547 1522 Καὶ
639 1461 799 1519 δώσω
873 1459 1003 1522 τοὺς
1085 1457 1360 1534 πονηροὺς
1446 1456 1563 1512 ἀντὶ
1643 1463 1744 1526 τῆς
1826 1463 2004 1535 ταφῆς
2073 1457 2280 1533 αὐτοῦ,
2347 1459 2439 1514 καὶ
2531 1459 2659 1522 τοὺς
2745 1458 3043 1525 πλουσίους
3111 1460 3225 1516 ἀντὶ
3289 1463 3388 1515 τοῦ
3453 1460 3682 1516 θανάτου

258 1555 423 1612 αὐτοῦ
458 1574 471 1587 ’
522 1552 606 1609 ὅτι
688 1550 915 1625 ἀνομίαν
975 1551 1091 1620 (93)
1147 1547 1247 1604 οὐκ
1290 1545 1587 1618 ἐποίησεν,
1642 1542 1768 1601 οὐδὲ
1820 1545 2008 1621 εὑρέθη
2070 1544 2233 1611 δόλος
2292 1546 2343 1604 ἐν
2399 1554 2479 1621 τῷ
2537 1548 2766 1624 στόματι
2844 1551 3045 1609 αὐτοῦ.
3105 1550 3206 1606 Καὶ
3273 1548 3474 1612 Κύοιος
3549 1546 3683 1626 βοό-

258 1642 412 1700 λεται
440 1639 724 1719 καθαρίσαι
755 1638 913 1694 αὐτὸν
946 1636 1052 1692 ἀπὸ
1080 1642 1180 1707 τῆς
1211 1633 1461 1711 πληγῆς.

328 1734 418 1790 35.
451 1733 565 1789 Sed
597 1732 745 1787 forte
774 1729 991 1786 auditis
1022 1728 1093 1784 de
1115 1728 1245 1799 ejus
1276 1730 1461 1782 morte
1485 1724 1909 1781 vaticinationi-

2088 1727 2175 1782 35.
2211 1723 2371 1781 Ἀλλ’
2404 1724 2556 1797 ἴσως,
2587 1728 2712 1801 περὶ
2746 1729 2842 1802 μὲν
2882 1736 2986 1799 τῆς
3033 1733 3134 1784 τοῦ
3181 1725 3411 1784 θανάτου
3457 1746 3677 1804 προφη-

253 1825 391 1890 bus,
422 1820 591 1895 cupis
612 1836 845 1893 quoque
874 1817 1099 1874 discere
1134 1832 1407 1889 quaenam
1439 1831 1676 1871 crucem
1708 1814 1907 1887 praesi-

254 1910 662 1986 gniﬁcaverint
679 1908 707 1965 ?
729 1923 921 1980 neque
941 1905 1099 1963 enim
1133 1906 1189 1962 id
1221 1904 1511 1962 omissum
1534 1908 1644 1972 est,
1673 1904 1772 1960 sed
1802 1903 1911 1959 cla-

256 2001 491 2059 rissime
520 2016 554 2056 a
582 1998 722 2054 viris
753 1995 975 2053 sanctis
1006 1999 1097 2051 est
1120 2010 1486 2068 expressum.
1510 1993 1656 2048 Nam
1682 1992 1911 2065 primus

253 2092 309 2147 id
345 2090 575 2160 Moyses
605 2102 820 2161 magna
846 2101 983 2142 voce
1018 2082 1435 2157 praenuntiavit
1464 2082 1703 2138 dicens:
1754 2080 1909 2137 Vide-

256 2180 381 2236 bitis
408 2179 578 2235 vitam
617 2184 859 2233 vestram
904 2174 1230 2246 pendentem
1276 2176 1406 2227 ante
1454 2171 1634 2226 oculos
1680 2178 1906 2242 vestros,

184 2254 195 2269 κ
251 2285 352 2326 nec
373 2263 1148 2336 credideritis“.Aliiquoque
1172 2262 1270 2334 qui
1287 2262 1543 2335 Moysem
1566 2261 1750 2317 secuti
1770 2264 1910 2316 sunt

254 2358 549 2432 prophetae
579 2357 736 2412 idem
766 2355 848 2409 ita
906 2352 1338 2409 testificantur:
1400 2355 1509 2423 Ego
1566 2366 1691 2406 vero
1749 2352 1909 2422 quasi

254 2463 427 2519 agnus
457 2448 719 2503 innocens
748 2445 847 2516 qui
865 2441 1239 2499 immolandas
1258 2440 1499 2511 ducitur,
1522 2456 1633 2496 non
1654 2441 1904 2509 coynovi.

254 2535 427 2608 Super
452 2551 539 2591 me
566 2536 946 2607 cogitaverunt
971 2532 1183 2587 malam
1213 2530 1618 2599 cogitationem,
1643 2529 1905 2585 dicentes:

258 2626 438 2681 Venite
466 2632 516 2681 et
544 2624 864 2696 injiciamus
896 2622 1111 2690 lignum
1139 2621 1197 2675 in
1225 2635 1427 2691 panem
1457 2619 1597 2690 ejus,
1629 2627 1680 2674 et
1708 2618 1906 2674 erada-

250 2730 373 2769 mus
403 2730 529 2769 eum
555 2713 623 2769 de
652 2715 808 2768 terra
863 2710 1164 2766 viventium
1183 2708 1248 2763 ⁸⁸.
1307 2709 1377 2763 Et
1433 2724 1644 2763 rursus
1678 2725 1691 2763 :
1739 2706 1906 2763 Fode-

252 2812 385 2859 runt
413 2818 613 2858 manus
644 2816 796 2856 meas
845 2809 900 2855 et
955 2798 1122 2870 pedes
1179 2812 1363 2853 meos:
1411 2796 1909 2852 dinumeraverunt

256 2893 446 2949 omnia
472 2906 593 2947 ossa
620 2905 765 2945 mea.
798 2888 1114 2944 Diviserunt
1158 2886 1265 2941 sibi
1311 2886 1646 2941 vestimenta
1681 2901 1825 2951 mea,
1856 2889 1907 2941 et

255 2996 421 3053 super
449 2986 650 3035 vestem
674 2993 856 3033 meam
885 2977 1153 3032 miserunt
1189 2977 1392 3030 sortem
1413 2974 1475 3028 νο.
1528 2974 1683 3029 Mors
1732 2989 1905 3046 porro

253 3070 315 3126 in
347 3086 479 3126 aere
507 3072 564 3125 et
594 3068 653 3123 in
681 3066 840 3139 ligno
886 3063 1156 3132 tolerata,
1207 3080 1325 3119 non
1383 3062 1497 3119 alia
1546 3066 1699 3119 certe
1730 3063 1905 3119 fuerit

254 3175 434 3232 quam
464 3158 593 3231 ipsa
622 3173 784 3225 crux,
818 3153 1097 3226 nullaque
1157 3152 1217 3208 in
1274 3156 1462 3208 morte
1492 3153 1669 3225 pedes
1701 3156 1757 3208 et
1787 3169 1904 3208 ma-

254 3266 367 3305 nus
397 3248 790 3321 perforentur,
845 3243 961 3300 nisi
1018 3242 1078 3298 in
1138 3242 1265 3299 sola
1321 3258 1511 3298 cruce.
1570 3242 1720 3306 Quia
1768 3258 1901 3299 vero

254 3336 570 3394 Salvatoris
596 3336 848 3393 adventu
877 3333 1082 3389 omnes
1113 3332 1333 3403 ubique
1363 3334 1566 3403 gentes
1596 3331 1781 3387 Deum
1812 3349 1904 3389 co-

254 3442 533 3500 gnoscere
559 3423 861 3497 coeperint,
894 3421 1290 3493 neque-etiam
1322 3420 1377 3474 id
1434 3420 1560 3475 sine
1609 3420 1776 3493 signo
1808 3438 1903 3477 re-

253 3515 577 3588 liquerunt,
611 3513 713 3569 sed
744 3510 1047 3567 luculenta
1101 3509 1209 3565 hac
1260 3509 1332 3564 de
1384 3525 1443 3564 re
1502 3510 1719 3565 mentio
1747 3509 1812 3564 ﬁt
1840 3509 1900 3564 in

252 3605 438 3663 sacris
467 3603 699 3660 litteris.
732 3603 852 3658 Erit
880 3601 1048 3667 enim,
1080 3599 1290 3671 inquit,
1322 3598 1488 3655 radix
1515 3601 1679 3671 Iesse,
1710 3602 1761 3655 et
1807 3601 1904 3671 qui

252 3694 505 3765 exsurgit
533 3707 721 3763 regere
747 3693 974 3763 gentes:
1015 3689 1072 3744 in
1113 3705 1234 3744 eum
1281 3696 1468 3760 gentes
1516 3689 1815 3761 sperabunt
1833 3689 1900 3742 θί.

254 3783 326 3839 Ει
354 3782 479 3838 haec
507 3780 743 3853 quidem
773 3795 961 3852 pauca
1016 3778 1088 3834 ad
1147 3793 1349 3833 eorum
1411 3792 1537 3849 quae
1586 3777 1738 3833 facta
1764 3780 1906 3831 sunt

254 3870 758 3928 confirmationem
790 3867 910 3924 sint
939 3866 1112 3923 dicta.
1136 3866 1342 3922 Omnis
1372 3871 1567 3923 autem
1599 3865 1904 3938 Scriptura

256 3960 430 4033 plena
458 3962 547 4015 est
576 3956 929 4015 testimoniis
958 3957 1175 4028 quibus
1201 3956 1541 4012 Judaeorum
1583 3954 1904 4010 infidelitas

256 4050 612 4105 confutatur.
645 4047 787 4112 Quis
837 4046 995 4102 enim
1044 4062 1306 4118 unquam
1329 4046 1629 4116 justorum
1670 4047 1902 4099 sancto-

255 4154 508 4211 rumque
538 4136 955 4210 prophetarum
986 4139 1044 4191 et
1069 4133 1557 4207 patriarcharum,
1590 4132 1691 4205 qui
1722 4132 1779 4188 in
1815 4133 1902 4187 di-

252 4227 406 4284 vinis
436 4226 646 4283 litteris
673 4226 1182 4291 commendantur,
1214 4240 1283 4279 ex
1312 4220 1440 4279 sola
1461 4221 1686 4295 virgine
1736 4225 1904 4278 ortus

255 4317 389 4374 est?
417 4316 518 4374 62
549 4314 637 4372 vel
670 4332 798 4389 quis
830 4313 1042 4370 mulier
1071 4313 1198 4370 sine
1226 4312 1350 4367 viro
1394 4310 1694 4367 hominem
1726 4327 1901 4385 gene-

251 4423 380 4462 rare
412 4404 648 4479 potuit?
668 4407 756 4461 An
785 4420 901 4459 non
922 4401 1065 4458 Abel
1097 4418 1166 4458 ex
1186 4401 1371 4456 Adam
1394 4404 1569 4456 natus
1589 4400 1901 4470 est,Enoch

2019 1813 2167 1877 τείας
2226 1814 2478 1886 ἀκούσας,
2514 1821 2695 1888 ζητεῖς
2749 1818 2840 1873 καὶ
2895 1819 2964 1873 τὰ
3010 1818 3135 1896 περὶ
3182 1821 3281 1874 τοῦ
3321 1820 3553 1890 σταυροῦ
3584 1836 3682 1886 ση-

2027 1903 2328 1977 μαινόμενα
2361 1906 2567 1979 μαθεῖν.
2609 1903 2747 1962 Οὒδὶ
2777 1908 2881 1983 γὰρ
2915 1905 3042 1963 ουδὲ
3084 1911 3247 1963 τοῦτο
3296 1906 3632 1977 σεσιώπηται
3668 1923 3681 1936 ⁸

2022 1989 2333 2062 δεδήλωται
2381 1992 2439 2048 δὲ
2486 1994 2578 2049 καὶ
2631 1992 2755 2049 λίαν
2804 1992 3099 2072 τηλαυγῶς
3161 1996 3265 2050 ἀπὸ
3317 2000 3427 2049 τῶν
3481 1993 3679 2071 ἁγίων,

2020 2087 2259 2152 Μωϋσ-ῆς
2287 2084 2392 2160 γὰρ
2422 2077 2643 2160 πρῶτος
2671 2084 2762 2138 καὶ
2815 2083 3029 2160 μεγάλῃ
3074 2089 3143 2159 τῇ
3193 2088 3348 2164 φωνῇ
3393 2104 3681 2161 προαπαγ-

2020 2169 2211 2247 γὲλλει
2263 2169 2442 2247 λέγων
2481 2194 2493 2208 ·

2023 2261 2267 2335 μαμὲνην
2338 2261 2590 2317 ἀπέναντι
2661 2266 2769 2318 τῶν
2852 2261 3147 2342 ὀφθαλμῶν
3227 2263 3400 2338 ὑμῶν,
3460 2263 3551 2319 καὶ
3618 2259 3680 2317 οὒ

2023 2350 2097 2423 μή
2146 2348 2489 2421 πιστεύσητε.
2524 2350 2624 2406 Καὶ
2674 2352 2727 2407 οἱ
2780 2354 2894 2426 μετ’
2926 2352 3083 2409 αὐτὸν
3135 2350 3194 2408 δὲ
3240 2359 3518 2432 προφῆται
3561 2353 3679 2426 (95)

2016 2435 2182 2493 πάλιν
2240 2439 2365 2515 περὶ
2408 2438 2606 2495 τούτου
2669 2446 3000 2518 μαρτυροῦσι
3060 2439 3315 2518 λέγοντες
3350 2460 3364 2473 ο
3395 2442 3541 2517 Ἐγὼ
3596 2437 3675 2515 δὲ,

2018 2527 2092 2589 ὡς
2177 2528 2355 2603 ἀρνίον
2444 2526 2640 2584 ἄκακον
2736 2530 2999 2606 ἀγόμενον
3086 2535 3184 2586 τοῦ
3252 2529 3506 2604 θύεσθαι,
3576 2529 3676 2586 οὐκ

2017 2614 2206 2692 ἔγνων.
2240 2618 2351 2672 Ἐπ’
2381 2616 2479 2691 ἐμὲ
2537 2616 2850 2694 ἐλογίσαντο
2907 2621 3149 2694 πονηρὸν
3196 2617 3488 2694 λογισμὸν,
3530 2621 3671 2694 (96),

2017 2705 2270 2780 λέγοντες
2306 2724 2317 2737 ⁸
2379 2711 2557 2779 Δεῦτε,
2617 2708 2707 2763 καὶ
2784 2704 3117 2783 ἐμϐάλωμεν
3194 2706 3356 2779 ξύλον
3439 2707 3517 2770 εἷς
3577 2708 3670 2762 τὸν

2016 2793 2175 2872 ἄρτον
2229 2795 2414 2868 αὐτοῦ,
2457 2798 2548 2852 καὶ
2599 2796 2938 2872 ἐκτρίψωμεν
2992 2798 3147 2853 αὐτὸν
3210 2797 3315 2852 ἄπὸ
3373 2803 3478 2872 γῆς
3535 2796 3671 2865 ζών-

2012 2904 2120 2939 των
2150 2902 2163 2916 ·
2222 2885 2312 2940 καὶ
2368 2883 2534 2941 πάλιν
2572 2906 2584 2918 ·
2625 2886 2853 2962 Ὤρυξαν
2904 2887 3096 2963 χεῖράς
3180 2906 3284 2958 μου
3351 2885 3441 2939 καὶ
3498 2883 3671 2948 πόδας

2018 2994 2171 3047 μου’
2232 2973 2597 3051 ἐξηρίθμησαν
2670 2976 2844 3031 πάντα
2915 2976 2983 3031 τὰ
3042 2974 3174 3029 ὀστᾶ
3235 2994 3360 3047 μου.
3423 2973 3673 3048 Διεμερί-

2014 3084 2173 3119 σαντο
2227 3064 2296 3120 τὰ
2351 3063 2544 3138 ἱμάτιά
2606 3085 2709 3139 μου
2767 3064 3004 3137 ἑαυτοῖς,
3048 3063 3139 3118 καὶ
3197 3060 3286 3117 ἐπί
3336 3062 3427 3117 τὸν
3485 3064 3674 3136 ἱματι-

2013 3152 2148 3227 σμόν
2212 3175 2315 3228 μου
2390 3148 2587 3209 ἔϐαλον
2664 3150 2897 3229 κλῆρον.
2969 3153 3207 3214 Θάνατος
3281 3148 3339 3206 δὲ
3397 3152 3671 3228 μετέωρος

2010 3242 2101 3296 καὶ
2133 3241 2184 3298 ἐν
2218 3239 2368 3315 ξύλῳ
2392 3240 2683 3316 γινόμενος
2717 3240 2815 3295 οὐκ
2845 3238 3015 3303 ἄλλος
3049 3238 3108 3295 ἂν
3143 3236 3226 3311 εἶή
3264 3240 3311 3295 εἰ
3345 3242 3419 3314 μή
3453 3242 3482 3296 ὁ
3513 3261 3670 3296 σταυ-

2012 3330 2106 3407 ρός
2140 3349 2153 3364 ⁶
2213 3330 2307 3386 καὶ
2353 3329 2404 3385 ἐν
2457 3328 2634 3385 οὐδενὶ
2694 3326 2752 3385 δὲ
2799 3327 2964 3385 πάλιν
3018 3330 3226 3403 θανάτῳ
3295 3326 3668 3405 διορύσσονται

2011 3418 2175 3482 πόδες
2216 3420 2307 3474 καὶ
2356 3423 2543 3495 χεῖρες
2575 3418 2621 3474 εἷ
2655 3419 2730 3492 μὴ
2783 3418 2835 3474 ἐν
2886 3418 3038 3493 μόνῳ
3064 3423 3145 3491 τῷ
3174 3423 3409 3497 σταυρῷ.
3444 3416 3665 3489 Ἐπειδή

2012 3509 2071 3564 δὲ
2096 3512 2166 3584 τῇ
2196 3513 2294 3564 τοῦ
2328 3514 2588 3581 Σωτῆρος
2616 3504 2884 3581 ἐπιδημίᾳ
2909 3507 3000 3563 καὶ
3025 3505 3194 3562 πάντα
3239 3508 3307 3563 τὰ
3353 3504 3476 3578 ἔθνη
3527 3529 3667 3563 παν-

2008 3597 2237 3675 ταχόθεν
2272 3596 2646 3672 ἐπιγινώσκειν
2704 3597 2795 3652 τὸν
2854 3597 2981 3654 Θεὸν
3037 3594 3293 3674 ἤρξαντο,
3326 3594 3456 3653 οὐδὲ
3501 3601 3665 3654 τοῦτο

2011 3688 2467 3761 ἆπαρασήμαντον
2508 3684 2829 3761 κατελειψαν
2863 3705 2877 3720 ·
2910 3684 3036 3742 ἀλλ’
3065 3683 3176 3742 ἔστι
3219 3686 3309 3742 καὶ
3357 3686 3481 3763 περὶ
3536 3686 3663 3741 τού-

2009 3797 2117 3831 των
2168 3776 2360 3849 μνήμη
2413 3774 2465 3830 ἐν
2510 3780 2627 3838 τοῖς
2685 3775 2862 3852 ἁγίοις
2914 3777 3229 3852 γράμμασιν
3281 3777 3395 3850 (97)
3430 3795 3443 3808 ’
3476 3776 3665 3830 Ἔσται

2011 3866 2136 3941 γὰρ,
2193 3863 2378 3942 φησὶν,
2428 3866 2463 3933 ἡ
2525 3863 2647 3941 ῥίζα
2711 3868 2808 3919 τοῦ
2878 3865 3092 3936 Ἰεσσαὶ,
3156 3865 3246 3920 καὶ
3294 3866 3323 3918 ὁ
3385 3864 3667 3936 ἀνιστάμε-

2009 3973 2103 4015 νος
2158 3950 2345 4029 ἅρχειν
2401 3951 2566 4008 ἐθνῶν
2594 3972 2607 3985 ·
2656 3952 2738 4008 ἐπ’
2781 3952 2928 4026 αὐτῷ
2986 3952 3109 4025 ἔθνη
3169 3952 3440 4008 ἐλπιοῦσι.
3488 3955 3665 4005 Ταῦτα

2017 4044 2110 4118 μὲν
2168 4041 2333 4119 ὀλίγα
2387 4044 2523 4119 πρὸς
2574 4040 2843 4115 ἀπόδειξιν
2890 4048 2999 4099 τῶν
3033 4044 3365 4119 γενομένων.
3397 4046 3550 4096 Πᾶσα
3605 4037 3665 4096 δὲ

2012 4134 2198 4211 Γραφῆ
2250 4130 2611 4209 πεπλήρωται
2671 4130 3035 4209 διελέγχουσα
3078 4133 3178 4201 τήν
3217 4128 3491 4185 Ἰουδαίων
3542 4129 3666 4185 ἀπι-

2012 4220 2181 4279 στίαν.
2214 4221 2306 4285 Τίς
2365 4222 2469 4299 γὰρ
2517 4223 2740 4278 πώποτε
2780 4226 2888 4277 τῶν
2939 4220 2991 4276 ἐν
3047 4225 3166 4283 ταῖς
3215 4219 3384 4282 θείαις
3426 4222 3664 4297 Γραφαῖς

2011 4311 2404 4388 ἱστορηθέντων
2484 4308 2731 4382 δικαίων,
2798 4310 2889 4365 καὶ
2964 4307 3134 4384 ἁγίων
3205 4311 3523 4386 προφητῶν,
3572 4306 3665 4363 καὶ

2011 4405 2392 4477 πατριαρχῶν,
2425 4400 2485 4457 ἐκ
2542 4401 2807 4475 παρθένου
2869 4397 3041 4473 μόνης
3089 4392 3219 4474 ἔσχε
3267 4397 3367 4467 τὴν
3414 4400 3513 4451 τοῦ
3557 4398 3665 4452 σώ-

252 4511 322 4551 ex
349 4477 547 4561 Ja‘red,
592 4494 712 4550 Noe
761 4510 830 4550 ex
878 4490 1152 4559 Lamecb,
1197 4487 1492 4545 Abraham
1540 4506 1610 4545 ex
1658 4490 1902 4558 Tbarra,

2020 4511 2186 4564 ματος
2229 4491 2434 4565 γένεσιν
2462 4517 2477 4561 ;
2509 4490 2545 4560 ἢ
2593 4488 2678 4552 τίς
2726 4489 2859 4564 γυνή
2911 4487 3090 4564 χωρὶς
3143 4484 3338 4563 ἀνδρὸς
3394 4485 3668 4563 αὐτάρκης

252 4584 433 4641 Jacob
466 4600 537 4639 ex
567 4583 729 4639 Isaac
751 4581 780 4637 ‘2
808 4584 894 4637 An
946 4597 1062 4636 non
1111 4579 1293 4635 ludas
1340 4595 1409 4634 ex
1444 4577 1645 4646 Jacob,
1680 4578 1907 4653 Moyses

255 4678 313 4729 et
338 4674 530 4729 Aaron
561 4688 632 4728 ex
656 4673 919 4737 Amram,
952 4666 1189 4725 Samuel
1240 4683 1311 4723 ex
1356 4665 1571 4722 Elcana
1595 4666 1624 4721 ?
1670 4670 1758 4724 An
1791 4686 1907 4725 non

258 4761 438 4819 David
490 4778 560 4817 ex
612 4759 800 4825 Jesse,
860 4757 1137 4816 Salomon
1193 4773 1263 4814 ex
1300 4756 1502 4824 David,
1535 4755 1811 4815 Ezechias
1839 4776 1908 4816 ex

2016 4580 2206 4656 γὲγονε
2244 4579 2384 4657 πρὸς
2429 4577 2677 4634 σύστασιν
2729 4576 3065 4650 ἀνθρώπων;
3098 4575 3209 4631 Οὐκ
3251 4569 3421 4631 Ἅϐελ
3472 4575 3566 4649 μὲν
3617 4574 3669 4647 ἐξ

2016 4667 2199 4744 Ἀδὰμ
2244 4671 2487 4745 γέγονεν,
2516 4667 2697 4741 Ἑνὼχ
2746 4663 2804 4720 δὲ
2852 4664 2912 4720 ἐκ
2934 4669 3031 4720 τοῦ
3063 4662 3255 4739 Ἰάρεδ,
3287 4669 3410 4721 Νῶε
3456 4664 3515 4720 ἐκ
3558 4673 3667 4721 Λα-

2021 4760 2151 4835 μὲχ,
2171 4759 2262 4814 καὶ
2294 4752 2547 4835 ’Δϐραὰμ
2579 4755 2673 4828 μὲν
2708 4752 2769 4810 ἐκ
2798 4753 3193 4832 Θάρῥα,Ἰσαὰκ
3223 4753 3281 4810 δὲ
3311 4753 3363 4827 ἐξ
3391 4749 3667 4832 Ἀϐραὰμ.

327 4886 373 4923 ⁸⁸
404 4886 515 4942 Isa.
567 4901 690 4952 Lm,
720 4884 777 4949 6,
809 4883 864 4955 8,
895 4885 1021 4939 Act.
1056 4882 1296 4955 vm,_32,
1322 4881 1411 4936 33.
1487 4880 1675 4955 97,180..
1717 4902 1840 4955 Lm,
1881 4886 2037 4943 8-10.
2112 4887 2157 4921 ⁸⁸
2188 4885 2355 4942 Deut.
2389 4898 2583 4950 xxvm,
2615 4882 2707 4937 66.
2782 4880 2828 4918 ‘9
2866 4882 3081 4940 Jerem.
3135 4900 3214 4952 xx,
3265 4883 3353 4938 19.
3429 4882 3475 4918 ⁹⁰
3513 4880 3670 4938 Psal.

256 4974 378 5025 χχι,
408 4959 497 5027 17,
532 4956 619 5012 19.
696 4955 740 4993 ⁹¹
773 4953 885 5012 Isa.
919 4972 996 5024 ιι,
1032 4955 1142 5023 10;
1172 4953 1339 5010 Rom.
1370 4970 1464 5022 xv,
1492 4953 1579 5010 12.

331 5100 445 5175 (91)
477 5098 572 5175 Sic
604 5098 838 5175 Seguer.
872 5102 937 5154 ut
979 5101 1035 5175 et
1065 5096 1311 5175 legitur
1344 5097 1499 5175 apud
1532 5096 1914 5175 Isaiam._A_lii

267 5167 401 5246 cum
428 5167 630 5246 editis,
659 5167 963 5246 islpavtox.
992 5167 1361 5246 Ibidfeditio
1380 5167 1688 5246 Commel.,
1730 5168 1914 5246 αὐτός.

333 5244 447 5317 (92)
480 5240 657 5317 Αὐτόν
687 5240 948 5317 addunt
965 5257 1181 5317 omnes
1204 5245 1439 5317 praeter
1474 5242 1719 5317 Segne}.
1753 5243 1919 5317 quiet

267 5306 441 5373 Gobii
468 5319 525 5370 et
555 5313 744 5370 Felck.
781 5316 806 5369 1
843 5331 936 5369 an.
960 5314 1180 5370 ibidem
1204 5306 1445 5377 habent,
1468 5306 1921 5369 ὑπόλάϐσιῘΜοκ

310 5404 373 5443 ro
404 5385 715 5460 ἀνθρῴςπων
742 5385 973 5443 Gobler.
1006 5391 1069 5460 et
1119 5384 1373 5460 Felckm_.
1404 5384 1463 5460 J1
1512 5400 1690 5460 anon.
1739 5382 1916 5438 αὐτῶν

310 5406 373 5443 ro
404 5406 702 5460 ανυρωπων
742 5406 973 5443 UODleI‘.
1006 5406 1064 5442 ϐῐρ
1119 5406 1373 5441 ΓϐΙΟΚΠῚ.
1438 5406 1463 5437 1
1516 5406 1690 5439 ΕΠΟΠ.

268 5406 670 5534 EabqptLqu
702 5458 844 5534 item
869 5464 972 5526 τῆς
1004 5454 1216 5534 φύσεως
1248 5454 1467 5534 omittit
1494 5455 1720 5534 Anglic.

342 5528 455 5601 (93)
487 5529 582 5584 Sic
611 5525 1027 5602 Seguerianus;
1076 5528 1483 5602 Goblerianus,
1502 5596 1517 5602 _
1537 5525 1921 5602 Felckmanni

275 5596 717 5673 lanonymusf
736 5605 795 5656 et
850 5599 1212 5673 Basiliensis,
1263 5602 1321 5654 et
1369 5598 1452 5673 ita
1489 5596 1717 5673 legitur
1762 5599 1921 5672 apud

274 5667 511 5741 Isaiam}
542 5670 654 5731 Alii
683 5687 819 5734 cum
858 5671 1114 5739 editione
1140 5668 1445 5746 Commel.,
1476 5667 1764 5749 ἁμᾶρτίαν.

2095 5099 2208 5243 (94)
2239 5096 2655 5171 Seguerianus,
2686 5097 2870 5170 ἡμῶν.

2117 5171 2206 5242 95)
2236 5170 2360 5226 Vox
2390 5174 2668 5243 προφῆται
2696 5170 2863 5227 deest

2026 5167 2206 5298 an((91?)
2236 5167 2360 5226 Vo'x
2390 5167 2668 5247 προφῆται
2696 5167 2863 5227 deest
2890 5170 2951 5226 in
2982 5169 3213 5228 Gobler.
3246 5172 3304 5226 et
3354 5168 3610 5226 Felckm.
3644 5167 3670 5222 1

2098 5314 2210 5439 (96)
2242 5309 2519 5387 Λογισμόν
2580 5312 2744 5369 abest
2792 5329 2826 5368 a
2882 5312 3255 5396 segueriano,
3301 5308 3675 5393 Gobleriano,

2029 5386 2103 5441 Fe
2132 5386 2365 5440 ckman.
2400 5386 2425 5439 1
2460 5401 2772 5455 anonymo,
2807 5384 3115 5455 Basnliensi
3147 5382 3573 5455 etAngllcano.
3602 5452 3613 5455 _

2100 5457 2221 5531 (97)
2244 5455 2359 5531 Has
2388 5424 2688 5531 voces,_gv4
2716 5427 2835 5531 τόῖς
2883 5454 3062 5531 ἁγίοις
3098 5424 3453 5531 χράμμοῗσιν,
3490 5452 3680 5531 omit-

2029 5526 2162 5603 tunt
2191 5527 2421 5585 Gobler.
2464 5532 2524 5585 et
2576 5528 2733 5586 Felk.
2795 5528 2821 5583 1
2875 5526 3049 5586 anon.
3098 5526 3282 5584 Besil.
3327 5526 3507 5583 habet
3558 5543 3683 5603 συγ-

2030 5599 2369 5677 γράμμασιν.

2548 2174 2775 2248 Ὀψεσθε
2819 2174 2920 2243 τὴν
2980 2175 3124 2245 ζωήν
3184 2175 3336 2248 ὑμῶν
3395 2176 3509 2249 (94)
3557 2194 3680 2248 κρε-
3792 2184 3799 2189 ’
