4178 6400
458 366 571 427 157

1476 363 1771 425 ORATIO
1816 363 1918 424 DE
1964 362 2554 424 INCARNATIONE
2598 364 2861 425 VERBI.

3761 374 3878 436 158

456 495 545 552 καὶ
596 491 790 551 Ἰακὼϐ
849 494 900 567 ἐξ
956 497 1172 565 Ἰσαάκ;
1216 494 1355 572 Οὐχὶ
1414 492 1618 556 Ἰούδας
1674 492 1725 564 ἐξ
1772 496 1985 563 Ἰακὼο,
2019 493 2109 548 καὶ

2236 495 2431 566 Αιοὶιεῑ,
2458 496 2651 552 Josias
2683 513 2753 553 ex
2782 498 2980 564 Amos,
3015 497 3196 553 Isaias
3245 515 3311 554 ex
3358 501 3559 571 Amos,
3597 502 3881 563 Jeremias

460 591 697 655 Μωϋσῆς
754 585 844 640 καὶ
893 586 1102 660 Ἀαρὼν
1156 585 1207 657 ἐξ
1254 586 1506 659 Ἀμεράμ
1553 585 1704 657 (98);
1738 583 1798 639 οὐ
1845 582 2111 657 Σαμουὴλ

455 679 552 730 τοῦ
600 672 838 730 Ἐλκανᾶ
882 675 1128 751 γέγονεν,
1170 675 1232 729 οὐ
1266 669 1432 729 Δαϐὶδ
1468 677 1566 728 τοῦ
1600 673 1813 741 Ἰεσσαὶ,
1846 672 1907 727 οὐ
1941 672 2117 728 Σολο·

465 765 578 839 μὼν
628 768 727 820 τοῦ
777 759 966 836 Δαϐὶδ,
1002 764 1101 819 οὐκ
1148 762 1385 833 Ἐζεκίας
1437 767 1533 817 τοῦ
1588 763 1783 839 ’Δχὰζ,
1846 761 1944 817 οὐκ
1999 764 2113 816 Ἰω-

463 853 579 916 σίας
638 857 736 908 τοῦ
784 854 992 928 Ἀμὼς,
1025 853 1131 929 οὐχ
1178 850 1399 915 Ἡσαΐας
1446 855 1543 907 τοῦ
1593 852 1779 923 Ἀμὼς
1822 852 1952 925 (99),
1987 848 2115 926 οὐχί

460 943 730 1019 Ἱερεμίας
757 946 855 997 τοῦ
900 942 1161 1011 Χελκιου,
1196 941 1294 997 οὐκ
1322 942 1575 1010 Ἰεζεκιὴν
1617 944 1714 995 τοῦ
1764 939 1962 1009 Βουζί;
1999 939 2117 1015 Οὐχ

459 1029 685 1095 ἕκαστος
728 1027 857 1109 ἔσχε
900 1032 991 1087 τὸν
1043 1031 1248 1108 πατέρα
1282 1037 1384 1101 τῆς
1414 1030 1672 1105 γενέσεως
1705 1029 1953 1105 ἀρχηγόν
1980 1048 1993 1100 ;
2026 1028 2119 1091 Τίς

464 1120 555 1178 οῦν
606 1124 633 1178 6
685 1122 745 1177 ἐκ
798 1122 1060 1197 παρθένου
1127 1120 1296 1196 μόνης
1353 1120 1791 1196 γεγονώς;¹¹οτι
1845 1117 1935 1173 καί
1996 1117 2115 1173 λίαν

465 1210 704 1285 ἐμέλησε
731 1216 810 1284 τῷ
840 1214 1097 1289 προφήτῃ
1136 1212 1260 1285 περὶ
1307 1216 1407 1279 τῆς
1459 1208 1653 1265 τούτου
1704 1207 1996 1282 σημασίας.
2028 1206 2118 1262 Τί-

464 1322 554 1364 νος
602 1298 659 1356 δέ
686 1308 789 1370 τῆς
838 1301 1099 1375 γενέσεως
1143 1297 1482 1377 πρόέδραμεν
1527 1299 1698 1375 ἀστὴρ
1739 1296 1792 1353 ἐν
1844 1296 2116 1373 οὐρανοῖς,

462 1391 553 1445 καὶ
600 1390 692 1445 τὸν
741 1390 1067 1466 γεννηθέντα
1113 1388 1350 1463 ἐσήμανε
1392 1391 1461 1461 τῇ
1512 1386 1831 1464 οἷκουρένῃ;
1882 1392 2121 1456 Μωϋσῆς

470 1479 563 1552 μέν
622 1479 724 1555 γὰρ
773 1480 1117 1554 γεννώμενος
1177 1477 1472 1552 ἐκρύπτετο
1534 1476 1636 1531 ὑπὸ
1693 1480 1801 1531 τῶν
1860 1476 2066 1551 γονέων
2104 1494 2118 1508 ⁶

468 1562 633 1623 Δαϐὶδ
665 1565 723 1623 δὲ
754 1565 881 1622 οὐδὲ
907 1573 1024 1629 τοῖς
1058 1567 1119 1622 έκ
1154 1564 1413 1642 γειτόνων
1445 1565 1711 1639 ⁴ἠκούσθη,
1744 1564 1949 1639 ὅπουγε
1998 1561 2125 1619 οὐδὲ

465 1658 494 1712 6
533 1657 701 1733 μέγας
745 1654 1013 1731 Σαμουὴλ
1063 1654 1223 1712 αὐτὸν
1278 1654 1590 1731 ἐγίνωσκεν,
1623 1653 1749 1711 ἀλλ’
1777 1654 2121 1726 ἐπυνθάνετο,

2222 602 2291 640 ex
2338 584 2555 653 Helcia,
2604 584 2865 642 Ezcchiel
2917 602 2986 641 ex
3034 587 3171 641 Buzi
3222 589 3455 660 genitus
3488 590 3615 645 est?
3642 598 3728 647 An
3760 611 3878 650 non

2226 674 2446 747 singuli
2478 676 2569 730 sui
2600 680 2762 730 ortus
2795 681 3093 731 auctorem
3135 681 3358 748 patrem
3411 677 3711 735 habuere?
3740 682 3879 748 Quis

2227 779 2362 835 ergo
2386 780 2454 818 ex
2485 762 2609 819 sola
2637 764 2860 836 virgine
2891 768 3064 820 natus
3103 768 3229 820 est?
3259 766 3523 839 Namque
3573 767 3752 840 hujus
3798 772 3882 826 rei

2228 853 2466 925 signum
2508 869 2733 925 magna;
2784 870 2933 908 curae
2984 854 3096 909 fuit
3143 856 3456 926 prOphetae.
3513 858 3691 929 Cujus
3741 859 3883 916 item

2229 942 2422 1014 partui
2456 942 2621 997 sidus
2651 942 2709 996 in
2742 941 2902 997 caelis
2934 944 3403 1015 praecucurrit,et
3431 951 3636 1002 natum
3660 950 3883 1005 mundo

2228 1030 2552 1086 indicavit?
2578 1031 2724 1086 Nam
2758 1032 2973 1104 Moysis
2996 1037 3185 1087 ortum
3219 1039 3489 1104 parentes
3526 1035 3879 1094 celaverunt.

2230 1119 2407 1176 David
2438 1124 2632 1176 autem
2666 1137 2737 1175 ne
2768 1120 2973 1176 vicinis
3006 1122 3242 1193 quidem
3276 1128 3452 1178 notus
3484 1129 3630 1191 erat,
3662 1127 3882 1200 quippe

2231 1226 2405 1282 quem
2439 1226 2543 1265 nec
2576 1226 2827 1281 magnus
2859 1210 3091 1265 Samuel
3126 1216 3520 1283 cognosceret,
3556 1214 3657 1269 sed
3689 1215 3887 1271 scisci-

2233 1299 2467 1355 tabatur
2496 1316 2568 1353 an
2600 1298 2751 1353 alius
2791 1304 2947 1354 esset
2990 1298 3147 1354 ﬁlius
3193 1299 3397 1356 Jesee?
3424 1302 3720 1358 Abraham
3752 1320 3885 1361 vero

2233 1387 2474 1461 grandis
2524 1392 2754 1443 tantum
2801 1388 2989 1443 factus
3048 1388 3331 1459 proximis
3375 1390 3608 1462 agnitus
3657 1397 3764 1449 est.
3814 1399 3889 1449 At

2234 1476 2447 1532 Christi
2479 1477 2778 1532 nascentis
2826 1493 2939 1531 non
2990 1475 3166 1531 homo
3215 1477 3382 1533 testis
3430 1478 3559 1550 fuit,
3594 1482 3693 1536 sed
3748 1481 3884 1538 stel-

2232 1564 2291 1621 la
2333 1581 2463 1637 quae
2506 1565 2565 1619 in
2616 1564 2758 1621 coelo
2808 1565 2964 1620 unde
3010 1569 3066 1621 et
3116 1565 3241 1638 ipse
3295 1567 3676 1624 descenderat
3705 1586 3883 1643 appa-

2236 1654 2373 1709 ruit.

465 1745 510 1801 εἰ
562 1743 641 1801 ἔτι
700 1743 871 1808 ἄλλος
932 1744 1071 1801 ἐστὶν
1128 1744 1245 1808 υἱδς
1297 1749 1377 1817 τῷ
1435 1744 1659 1815 Ἰεσσαί;
1711 1740 1967 1820 Ἀϐραὰμ
2014 1741 2072 1799 δὲ
2117 1741 2309 1799 λοιπὸν
2361 1742 2603 1818 γεγονὼς
2656 1742 2824 1817 μέγας
2872 1741 3113 1817 ἐγνώσθη
3165 1747 3283 1805 τοῖς
3332 1741 3515 1819 ἐγγύς.
3546 1751 3655 1816 Τῆς
3694 1744 3751 1803 δὲ
3779 1754 3878 1804 τοῦ

468 1838 703 1910 Χριστοῦ
733 1834 995 1910 γενέσεως
1030 1834 1234 1911 μάρτυς
1266 1832 1364 1889 οὐκ
1392 1829 1695 1910 ἅνθρωπος,
1730 1831 1855 1889 ἀλλ’
1884 1833 2055 1909 ἀστὴρ
2089 1831 2414 1911 φαινόμενος
2444 1832 2510 1901 ἦν
2542 1830 2594 1885 έν
2626 1830 2854 1907 οὐρανῷ,
2890 1831 3005 1886 ὅθεν
3038 1832 3126 1887 καὶ
3156 1828 3484 1890 κατέϐαινεν.

531 1926 618 1981 36.
652 1924 744 1987 Τίς
797 1921 855 1979 δέ
900 1925 1124 1980 πώποτε
1168 1928 1277 1979 τῶν
1323 1924 1630 2000 γενομένων
1690 1923 1956 1998 βασιλέων
1990 1923 2117 2000 πρὶν

2295 1924 2383 1979 36.
2418 1923 2558 1989 Quis
2598 1939 2860 1994 unquam
2920 1939 3145 1996 regum,
3180 1928 3494 1996 antequam
3546 1932 3767 1998 patrem
3795 1929 3883 1986 vel

466 2013 687 2089 ἰσχῦσαι
762 2011 948 2069 καλεῖν
1012 2013 1218 2089 πατέρα
1272 2013 1308 2083 ἢ
1372 2014 1589 2089 μητέρα¹
1638 2009 1972 2085 ἐϐασίλευσε,
2030 2010 2121 2067 καὶ

461 2102 697 2179 τρόπαια
741 2104 878 2158 κατὰ
920 2107 1027 2157 τῶν
1080 2101 1292 2179 ἐχθρῶν
1341 2098 1564 2181 εἷ’ληφεν
1591 2122 1605 2171 ;
1633 2102 1705 2156 Οὐ
1756 2096 1921 2156 Δαϐὶδ
1968 2121 2120 2175 τρια-

465 2193 761 2261 κονταετής
831 2186 1168 2262 ἐϐασίλευσε,
1216 2191 1306 2246 καὶ
1367 2189 1636 2265 Σολομὼν
1696 2191 1818 2253 νέος
1878 2190 2121 2266 γεγονὼς

466 2278 809 2336 ἐϐασίλευσεν
836 2299 851 2350 ;
885 2280 996 2336 Οὐκ
1027 2282 1180 2342 Ἰώας
1211 2279 1342 2335 ἐτῶν
1376 2280 1511 2336 ἑπτὰ
1539 2280 1834 2356 γενόμενος
1885 2279 1972 2334 ἐπὶ
2020 2281 2119 2350 τήν

471 2368 747 2445 βασιλείαν
791 2369 1062 2445 παρῆλθε,
1094 2369 1184 2425 καὶ
1234 2371 1262 2424 ὁ
1302 2368 1379 2424 ἔτι
1430 2370 1720 2446 κατωτέρω
1772 2370 1977 2432 Ἰωσίας
2025 2390 2121 2424 πε·-

471 2458 523 2535 ρὶ
555 2460 633 2533 (1)
665 2453 757 2530 ἔτη
791 2460 1033 2534 γεγονὼς
1061 2460 1195 2515 ἑπτὰ
1223 2464 1324 2528 τῆς
1357 2460 1535 2535 ἀρχῆς
1568 2453 1920 2527 ἀντελάϐετο;
1948 2457 2125 2513 Ἀλλὰ

469 2549 560 2603 καὶ
594 2547 747 2622 ὅμως
780 2549 931 2604 οὗτοι
957 2548 1158 2620 ταύτην
1192 2546 1410 2624 ἄγοντες
1438 2549 1537 2618 τὴν
1563 2546 1805 2619 ἡλικίαν,
1832 2545 2020 2624 ἴσχυον
2047 2550 2122 2621 (2)

467 2636 653 2693 καλεῖν
684 2638 889 2713 πατέρα
919 2638 954 2707 ἤ
993 2639 1222 2714 μητέρα.
1261 2637 1353 2700 Τίς
1393 2635 1483 2693 οῦν
1536 2636 1639 2715 ἄρα
1684 2637 1823 2693 ἐστὶν
1859 2638 1886 2692 6
1928 2635 2119 2713 σχεδὸν

469 2728 595 2802 πρὶν
630 2728 890 2802 γενέσεως
928 2726 1247 2803 βασιλεύων,
1279 2726 1370 2783 καὶ
1401 2726 1673 2784 σκυλεύων
1707 2727 1833 2791 τοὺς
1862 2726 2121 2804 ἐχθρούς;

468 2816 560 2880 Τίς
594 2813 651 2872 δὲ
680 2821 930 2880 τοιοῦτος
960 2818 1154 2894 γέγονε
1187 2815 1441 2893 βασιλεὺς
1473 2816 1524 2873 ἐν
1555 2822 1635 2890 τῷ
1663 2815 1883 2893 Ἰσραὴλ
1931 2816 2020 2872 καὶ
2070 2815 2122 2871 έν

471 2909 551 2978 τῷ
608 2904 808 2978 Ἰούδᾳ,
867 2901 1170 2982 λεγέτωσαν
1242 2904 1495 2963 Ἰουδαῖοι
1554 2907 1606 2961 οἱ
1663 2904 2124 2985 διερευνήσαντες,

471 2994 552 3073 ἐφ’
580 2994 639 3050 ὃν
684 2996 752 3051 τὰ
796 2990 921 3065 ἔθνη
972 2996 1145 3051 πάντα
1187 2997 1287 3066 τὴν
1338 2994 1535 3052 ἐλπίδα
1571 2997 1830 3053 τέθεινται
1857 2996 1946 3052 καὶ
1978 2995 2127 3072 εἰρή-

470 3106 568 3155 νην
630 3083 779 3161 εἶχε;
826 3084 925 3139 Καὶ
982 3084 1044 3140 οὐ
1108 3082 1320 3159 μᾶλλον
1383 3086 1734 3156 ἠναντιοῦντο
1792 3085 2124 3161 πανταχόθεν

474 3173 699 3245 αὐτοῖς;
749 3177 895 3237 Ἕως
950 3175 1054 3251 γὰρ
1111 3177 1441 3246 συνειστήκει
1492 3176 1526 3245 ἡ
1584 3174 1968 3251 Ἰερουσαλὴμ,
2024 3173 2126 3228 πό-

476 3261 648 3337 λεμος
677 3263 743 3333 ἦν
777 3260 1045 3324 ἄσπονδος
1076 3262 1282 3332 αὐτοῖς,
1314 3262 1404 3318 καὶ
1442 3262 1716 3339 ἐμάχοντο
1765 3265 1960 3326 πάντες
1990 3264 2127 3338 πρὸς

472 3353 564 3407 τὸν
614 3350 855 3427 Ἰσραὴλ,
896 3350 1174 3428 Ἀσσύριοι
1227 3353 1318 3425 μὲν
1374 3348 1676 3421 θλίϐοντες,
1728 3353 2020 3429 Αῗγύπτιοι
2070 3350 2127 3408 δὲ

477 3438 787 3514 διώκοντες,
837 3436 1179 3496 Βαϐυλώνιοι
1236 3440 1294 3496 δὲ
1351 3436 1744 3505 ἐπιϐαίνοντες·
1802 3442 1891 3497 καὶ
1948 3442 2009 3497 τό
2066 3463 2129 3517 γε

474 3530 779 3605 θαυμαστὸν
813 3528 897 3586 ὅτι
944 3529 1035 3585 καὶ
1067 3529 1275 3607 Σύρους
1329 3530 1457 3594 τοὺς
1488 3531 1547 3586 ἐκ
1599 3531 1856 3606 γειτόνων
1913 3532 2128 3587 ἀντιπο-

476 3619 780 3694 λεμοῦντας
822 3620 971 3696 εἶχον
1024 3619 1208 3683 αὐτοῖς
1243 3639 1256 3652 °
1287 3621 1322 3690 ἢ
1357 3620 1485 3696 οὐχὶ
1519 3617 1686 3676 Δαϐἱδ
1716 3620 1841 3684 τοὺς
1872 3620 1922 3677 ἐν
1956 3615 2127 3677 Μωάϐ

475 3707 757 3783 ἐπολέμει,
805 3709 895 3765 καὶ
942 3708 1071 3773 τοὺς
1132 3708 1340 3785 Σύρους
1403 3709 1702 3781 ἐξέκοπτεν,
1738 3710 1944 3774 Ἰωσίας
1998 3709 2127 3775 τοὺς

474 3797 710 3869 πλησίον
758 3796 1105 3877 ἐφυλάττετο,
1137 3798 1227 3853 καὶ
1284 3799 1532 3876 Ἐζεχίας
1590 3798 1795 3855 ἐδειλία
1844 3803 1943 3871 τήν
1994 3799 2127 3856 ἀλα-

480 3885 685 3957 ζονείαν
715 3886 812 3941 τοὺ
845 3887 1217 3963 Σεναχηρεῖμ,
1249 3887 1338 3943 καὶ
1362 3895 1582 3945 Μωϋσεῖ
1611 3890 1639 3944 ὁ
1672 3887 1912 3965 Δμαλήκ
1941 3891 2128 3968 ἐστρα-

476 3976 681 4048 τεύετο,
714 3977 804 4032 καὶ
836 3978 888 4031 οἱ
914 3977 1239 4054 Ἀμοῤῥαῖοι
1281 3979 1649 4051 ἠναντιοῦντο,
1683 3984 1862 4052 Ἰησοῦ
1908 3986 1988 4055 τῷ
2031 3985 2130 4036 τοῦ

480 4073 630 4136 Ναυῆ
678 4067 729 4121 οἱ
753 4068 852 4136 τὴν
883 4068 1100 4144 Ἱεριχὼ
1145 4073 1522 4133 κατοικοῦντες
1572 4070 2127 4146 ἀντιπαρετάσσοντο;

482 4155 581 4209 Καὶ
631 4153 778 4218 ὅλως
810 4151 1051 4211 ἄσπονδα
1091 4157 1158 4226 ἦν
1204 4163 1323 4220 τοῖς
1373 4156 1541 4214 ἔθνεσι
1586 4160 1720 4237 πρὸς
1769 4160 1858 4215 τὸν
1911 4158 2129 4237 Ἰσραὴλ

477 4246 545 4299 τὰ
590 4250 692 4314 τῆς
742 4243 972 4323 φιλίας;
1011 4246 1102 4308 Τίς
1152 4244 1243 4301 οῦν
1295 4246 1457 4319 ἐστιν,
1510 4248 1586 4311 εἷς
1637 4250 1694 4305 ’ὸν
1743 4250 1811 4305 τὰ
1857 4248 1979 4321 ἔθνη
2030 4252 2129 4321 τὴν

481 4331 678 4390 ἐλπίδα
727 4334 951 4405 τίθεται,
996 4332 1138 4405 ἄξιον
1191 4333 1322 4391 ἰδεῖν
1358 4355 1370 4368 ⁸
1423 4337 1558 4392 εἶναι
1600 4340 1702 4414 γὰρ
1757 4337 1858 4408 δεῖ,
1890 4340 2004 4395 ἐπεὶ
2042 4343 2133 4397 καὶ

478 4424 569 4480 τὸν
642 4425 931 4502 προφήτην
1006 4421 1260 4481 ἀδύνατον
1335 4425 1647 4500 ψεύσασθαι·
1697 4428 1852 4492 Τίνος
1911 4427 1969 4485 δὲ
2023 4435 2131 4486 τῶν

479 4513 649 4590 ἁγίων
695 4515 1052 4592 προφητῶνῆ
1082 4518 1190 4570 τῶν
1241 4513 1438 4571 ἄνωθεν
1489 4523 1842 4595 πατριαρχῶν
1895 4521 1923 4575 6
1973 4521 2131 4575 θάνα-

478 4624 573 4667 τος
618 4602 669 4659 ἐν
718 4609 931 4680 σταυρῷ
974 4604 1194 4681 γέγονεν
1251 4605 1383 4680 ὑπὲρ
1428 4612 1531 4677 τῆς
1568 4607 1784 4663 πάντων
1816 4609 2129 4686 σωτηρίας;

2234 2018 2481 2067 matrem
2516 2012 2808 2084 appellare
2858 2018 3072 2084 posset,
3128 2014 3389 2084 regnavit
3434 2020 3491 2070 et
3540 2018 3765 2084 palmas
3815 2019 3888 2073 de

2232 2102 2502 2157 hostibus
2536 2101 2774 2157 retulit?
2802 2103 2886 2156 An
2937 2119 3052 2157 non
3098 2103 3274 2157 David
3301 2103 3542 2175 triginta
3570 2123 3756 2162 annos
3787 2124 3885 2163 na-

2234 2195 2353 2261 tus,
2376 2195 2433 2247 et
2463 2190 2736 2247 Salomon
2760 2190 3098 2247 adolescens
3130 2192 3318 2248 factus
3350 2196 3776 2265 regnaverunt?
3798 2199 3882 2253 An

2233 2297 2348 2335 non
2380 2280 2518 2335 Joas
2550 2278 2798 2353 septimo
2846 2280 3036 2336 aetatis
3083 2298 3257 2353 anno,
3309 2286 3365 2335 et
3412 2285 3697 2354 posterior
3742 2285 3882 2343 item

2230 2368 2422 2424 Josias
2452 2368 2606 2425 circa
2637 2368 2952 2440 septimum
2986 2387 3207 2425 annum
3256 2370 3570 2443 imperium
3612 2390 3883 2448 suscepe-

2232 2461 2372 2512 runt
2397 2458 2478 2511 9'?
2506 2458 2679 2529 Atqui
2714 2457 2814 2529 qui
2857 2457 2972 2512 ista
3002 2462 3168 2513 erant
3199 2463 3387 2529 zetate,
3421 2467 3645 2532 patrem
3678 2464 3883 2536 utique

2231 2546 2319 2601 vel
2352 2550 2597 2601 matrem
2630 2563 2836 2601 vocare
2875 2546 3168 2602 valebant.
3207 2548 3347 2611 Quis
3392 2548 3588 2620 itaque
3637 2551 3733 2607 ille
3782 2553 3885 2624 qui

2241 2636 2359 2691 fere
2380 2640 2693 2707 antequam
2730 2639 3067 2691 nasceretur
3112 2636 3373 2708 regnavit
3387 2642 3443 2692 et
3466 2638 3665 2695 hostes
3687 2658 3889 2713 exspo-

2232 2723 2431 2780 liavit?
2460 2724 2601 2790 Quis
2631 2724 2765 2779 talis
2796 2740 2895 2780 rex
2922 2724 3144 2781 exstitit
3171 2725 3231 2781 in
3263 2726 3439 2781 Israel
3468 2731 3526 2782 et
3553 2728 3611 2782 in
3644 2729 3798 2785 Juda
3826 2730 3887 2786 in

2235 2830 2351 2886 quo
2382 2830 2586 2869 omnes
2620 2818 2821 2885 gentes
2847 2831 3011 2885 spem
3041 2831 3206 2870 suam
3237 2814 3578 2871 collocarint
3606 2821 3662 2873 et
3684 2836 3885 2890 pacem

2235 2901 2587 2957 habuerint?
2617 2902 2922 2975 Inquirant
2941 2907 2999 2957 et
3031 2903 3229 2958 dicant
3255 2904 3463 2959 Judaei.
3498 2907 3585 2961 An
3627 2924 3742 2963 non
3774 2926 3890 2980 po-

2234 2991 2352 3047 tius
2373 2990 2519 3063 ipsis
2539 2992 2798 3063 undique
2809 2996 3011 3064 gentes
3028 2992 3517 3049 adversabantur?
3528 2995 3894 3069 Nam,quan-

2237 3081 2337 3136 diu
2370 3080 2531 3136 stetit
2579 3079 2926 3152 Jerusalem,
2960 3081 3071 3136 fuit
3114 3081 3234 3136 illis
3263 3098 3397 3137 cum
3427 3099 3495 3139 ea
3520 3084 3742 3140 bellum
3774 3087 3889 3143 im-

2238 3169 2861 3242 placabile,cunctique
2890 3170 3169 3226 adversus
3200 3170 3492 3227 Israelitas
3522 3175 3886 3247 pugnabant,

2159 3302 2201 3370 ϐ
2242 3259 2457 3331 quippe
2488 3276 2636 3330 quos
2668 3259 2888 3331 Assyrii
2915 3265 3267 3331 premerent,
3300 3262 3551 3333 Egyptii
3571 3280 3887 3336 perseque-

2186 3344 2201 3368 ‘
2241 3352 2465 3417 rentur,
2498 3347 2795 3419 Babylonii
2826 3347 3264 3404 incursionibus
3290 3356 3567 3407 vexarent
3599 3368 3611 3406 :
3644 3358 3701 3409 et
3730 3355 3886 3426 quod

2240 3438 2456 3492 mirum
2487 3440 2596 3503 est,
2626 3436 2847 3492 vicinos
2877 3437 3050 3509 Syros
3081 3436 3278 3493 hostes
3326 3455 3560 3512 quoque
3607 3441 3887 3501 habuere.

2239 3528 2325 3581 An
2358 3542 2474 3581 non
2505 3526 2661 3580 enim
2695 3526 2871 3581 David
2896 3525 3121 3581 bellum
3144 3527 3421 3583 adversus
3450 3530 3733 3586 Moabitae
3753 3547 3886 3603 ges-

2236 3615 2397 3687 sit,et
2424 3619 2595 3687 Syros
2627 3614 2989 3687 proﬂigavit?
3018 3619 3106 3670 An
3139 3632 3253 3671 non
3282 3616 3474 3673 Josias
3505 3618 3617 3674 sibi
3638 3636 3671 3674 a
3696 3621 3887 3692 proxi-

2239 3705 2353 3761 mis
2402 3704 2662 3771 cavebat,
2695 3708 2752 3759 et
2781 3704 3057 3759 Ezechias
3105 3706 3498 3778 arrogantiam
3549 3709 3886 3766 Sennache-

2238 3795 2327 3849 rib
2378 3792 2765 3849 formidabat?
2812 3800 2899 3847 An
2950 3810 3065 3848 non
3120 3799 3326 3850 contra
3374 3799 3605 3869 Moysen
3654 3798 3888 3855 Amalec

2238 3883 2404 3940 duxit
2431 3883 2770 3947 exercitum,
2803 3882 2973 3954 eique
3021 3884 3337 3939 Amorrhaei
3380 3886 3773 3943 resistebant?
3800 3890 3889 3945 An

2242 3990 2356 4030 non
2388 3972 2540 4028 cives
2562 3972 2791 4028 Jericho
2821 3990 2953 4029 cum
2984 3974 3125 4029 Jesu
3159 3973 3276 4030 ﬁlio
3307 3974 3461 4032 Nave
3491 3977 3888 4034 dimicabant?

2239 4062 2499 4134 Denique
2528 4060 2692 4118 nulla
2721 4067 2887 4117 erant
2915 4062 3068 4119 inter
3097 4068 3301 4136 gentes
3321 4070 3379 4120 et
3400 4065 3576 4121 Israel
3619 4068 3889 4124 amicitiae

2242 4150 2623 4214 fcedera.Quis
2655 4150 2853 4223 itaque
2882 4150 2979 4205 ille
3012 4151 3089 4206 sit
3116 4152 3175 4206 in
3209 4169 3324 4224 quo
3355 4159 3558 4225 gentes
3589 4172 3753 4227 spem
3787 4173 3889 4229 po-

2242 4244 2406 4307 nant,
2457 4239 2782 4311 disquirere
2825 4255 3011 4311 operae
3060 4241 3312 4311 pretium
3363 4244 3554 4299 fuerit.
3589 4244 3734 4300 Nam
3766 4262 3896 4302 esse

2242 4329 2498 4401 aliquem
2531 4344 2767 4384 necesse
2790 4332 2897 4395 est,
2915 4329 3390 4402 quandoquidem
3412 4332 3536 4387 ﬁeri
3567 4350 3682 4388 non
3706 4337 3899 4407 potest

2242 4424 2309 4475 ut
2355 4417 2637 4491 propheta
2688 4417 2967 4472 mentitus
3016 4416 3111 4473 sit.
3164 4419 3309 4483 Quis
3353 4420 3497 4476 item
3556 4428 3894 4480 sanctorum

2244 4508 2663 4582 prophetarum
2712 4510 2769 4561 et
2810 4511 3070 4562 veterum
3123 4509 3589 4579 patriarcharum
3620 4512 3680 4567 in
3722 4530 3896 4570 cruce

2246 4614 2349 4670 pro
2406 4597 2673 4653 omnium
2732 4595 2921 4651 salute
2974 4596 3171 4651 obiit?
3217 4596 3319 4653 Vel
3367 4599 3500 4670 quis
3549 4617 3720 4672 porro
3766 4618 3896 4659 om-

480 4693 549 4747 Ἢ
596 4693 681 4755 τίς
737 4670 1132 4770 ἐτραυματίσθη
1176 4695 1266 4751 καὶ
1312 4670 1538 4771 ἀνῃρέθη
1594 4697 1724 4772 ὑπὲρ
1770 4704 1873 4768 τῆς

2242 4686 2408 4743 nium
2467 4685 2715 4742 sanitate
2762 4683 3106 4741 vulneratus
3169 4691 3227 4742 et
3290 4688 3518 4743 occisus
3554 4670 3703 4745 Vest?
3754 4690 3896 4755 Quis

485 4780 667 4855 ὑγείας
690 4802 715 4836 ε
740 4782 832 4845 Τίς
864 4782 921 4838 δὲ
951 4788 1056 4839 τῶν
1092 4783 1313 4841 δικαίων
1344 4785 1379 4855 ἢ
1411 4790 1517 4841 τῶν
1556 4784 1824 4862 βασιλέων
1864 4788 2123 4859 κατῆλθεν

2236 4777 2535 4847 justorum
2568 4778 2670 4831 aut.
2699 4791 2904 4847 regum
2937 4774 2995 4829 in
3028 4776 3334 4848 Egyptum
3366 4778 3689 4845 descendit,
3738 4781 3896 4851 ejus-

481 4868 561 4932 εἰς
619 4867 916 4946 Αἴγυπτον,
945 4874 1035 4928 καὶ
1071 4878 1141 4949 τῇ
1186 4874 1382 4932 τούτου
1436 4875 1651 4951 καθόδῳ
1696 4878 1763 4932 τὰ
1806 4882 1915 4933 τῶν
1963 4878 2132 4954 Αἴγυ-

480 4960 652 5016 πτίων
686 4962 763 5035 (3)
795 4958 997 5017 εἷ’δωλα
1016 4965 1292 5021 πέπτωκεν
1320 4984 1334 5035 ;
1369 4961 1621 5043 Ἀϐραὰμ
1653 4967 1746 5042 μὲν
1791 4968 1896 5045 γὰρ
1924 4966 2132 5039 κατῆλ-

549 5114 595 5149 θ’
626 5111 699 5171 IV
727 5112 867 5187 Reg.
898 5131 979 5186 x1,
1008 5116 1108 5185 21;
1139 5133 1279 5189 xin,
1313 5121 1365 5184 1.

689 5265 783 5348 Sic
813 5282 925 5348 ms.
958 5266 1183 5348 Anglic.
1209 5268 1361 5348 Alii.
1395 5286 1531 5348 vero
1581 5276 1639 5327 et
1686 5272 1824 5328 editi
1857 5266 2128 5348 Ἀϐραάμ.

475 5325 676 5434 Segim’é
688 5330 885 5434 μτϐροίμ
897 5325 1849 5434 eapudTSeprtuaginta~1pterpretes

548 5410 661 5491 (99)
693 5409 789 5491 liae
811 5409 1378 5491 _voces_o_6x_’§la_at&¢
1405 5416 1502 5491 τοῦ
1534 5409 1741 5487 Ἀμώς,
1774 5434 1901 5491 quin
1931 5409 2132 5491 lagun-

477 5430 661 5537 tul”?.l
692 5430 1378 5543 ἕὲἒίῖῗ⁰ἓὲιῗιῗγρεῗεσιῗέῗ
1398 5430 1741 5543 ἷ⁰ἔηέηθῗωὲἐ

2245 4882 2359 4937 que
2387 4865 2640 4921 adventu
2668 4863 3066 4937 Egyptiorum
3119 4864 3275 4921 idola
3304 4868 3692 4922 corruerunt?
3711 4869 3897 4925 Abra-

2242 4955 2380 5011 ham
2410 4954 2645 5025 quidem
2693 4952 2834 5009 illuc
2877 4954 3182 5011 descendit
3215 4972 3228 5012 :
3263 4959 3323 5012 at
3347 4955 3737 5014 nihilominus
3767 4956 3897 5015 ido-

2244 5279 2348 5335 Alii
2377 5294 2512 5334 vero
2542 5292 2672 5349 cum
2708 5274 2879 5333 editis
2909 5274 3030 5349 περῖ
3064 5278 3363 5334 omittunt.

2310 5348 2800 5424 (2)A7G_o_blerianus
2829 5354 2885 5403 et
2915 5343 3353 5424 Eelclrmanni‘t
3394 5366 3689 5423 anonym.,
3735 5343 3897 5422 ἴσχυ-

2241 5418 2535 5476 σαν.Ἰὺὶ(1.
2568 5418 2797 5491 Anglic.
2828 5420 3003 5491 Basil.
3039 5422 3267 5477 Gobler.
3305 5418 3568 5480 Felckm:
3618 5424 3643 5475 1
3698 5418 3900 5491 anffet

1826 5486 2021 5583 2839':-
2068 5491 2123 5583 is

2240 5493 2603 5583 Seguerian.,
2665 5486 2872 5563 πατέρα
2922 5486 2980 5559 ἤ.
3014 5492 3127 5547 Alii
3160 5497 3364 5549 autem
3408 5504 3465 5551 et
3500 5493 3662 5558 editi,
3693 5488 3901 5561 πατέρα

480 5554 613 5608 aliis
650 5558 709 5608 et
737 5554 912 5609 editis
962 5555 1390 5615 desiderantur.
1440 5559 1572 5615 Mox
1618 5559 1760 5615 ibid.
1810 5554 2042 5618 Gobler.
2075 5567 2132 5618 et
2238 5554 2349 5618 καίἶ

480 5624 733 5680 Felckm.
770 5626 795 5679 1
830 5642 949 5693 an.,
983 5625 1224 5685 Ἑλκίου.

554 5694 629 5775 (1)
662 5695 757 5752 Sic
778 5701 1010 5770 Seguer.
1044 5700 1221 5758 Basil.
1262 5702 1492 5761 Gobler.
1543 5704 1600 5759 et
1646 5701 1899 5760 Felckm.
1953 5704 1979 5760 1
2030 5720 2127 5764 an.

2311 5636 2389 5708 (3)
2418 5636 2533 5708 Τῶν
2561 5629 2874 5707 Αὶγυπτίων
2907 5634 3072 5691 abest
3102 5651 3135 5689 a
3164 5630 3353 5689 Basil.
3389 5636 3540 5695 Ibid.
3571 5634 3807 5705 Seguer.
3850 5632 3915 5691 et

2242 5704 2414 5763 Basil.
2470 5704 2760 5765 πέπαυται,
