4178 6438
351 435 467 495 159

880 429 947 490 S.
997 427 1423 491 ATHANASII
1465 427 1640 489 OPP.
1686 426 1891 489 PARS
1938 427 1986 487 l.
2019 459 2095 471 -—-
2126 426 2550 489 HISTORICA
2594 427 2708 491 ΕΤ·
2732 427 3219 489 DOGMATICA.

3650 433 3775 496 160

348 564 580 621 lolatria
605 563 823 618 ibidem
854 561 1058 635 viguit.
1107 561 1230 617 Illic
1278 565 1335 617 et
1381 562 1609 634 Moyses
1658 565 1836 617 natus
1860 563 1952 616 est

2111 558 2215 628 θεν,
2250 554 2397 611 ἀλλὰ
2453 555 2619 612 πάλιν
2651 559 2733 630 (4)
2783 559 2818 626 ἡ
2869 554 3302 635 εἷδωλολατρεία
3359 560 3496 616 κατά
3550 557 3767 618 πάντων

347 655 448 709 sed
481 653 682 708 eadem
714 668 842 724 quae
872 655 1042 707 antea
1074 651 1399 724 permansit
1427 649 1753 707 errantium
1784 665 1993 721 super-

348 742 532 798 stitio.

415 830 504 885 37.
571 828 710 893 Quis
766 828 918 885 inter
973 844 1093 895 eos,
1165 845 1309 900 quos
1375 828 1678 899 Scriptura
1741 842 1995 883 comme-

344 922 555 985 morat,
613 916 890 973 manibus
936 921 994 972 et
1035 917 1285 990 pedibus
1332 918 1632 990 perfossus
1678 915 1768 972 vel
1809 916 1870 971 in
1922 914 1994 970 li-

340 1023 456 1080 gno
487 1023 811 1079 suspensus
841 1011 1017 1078 atque
1063 1005 1123 1061 in
1178 1022 1349 1062 cruce
1400 1023 1503 1077 pro
1548 1006 1812 1061 omnium
1844 1004 1993 1061 salu-

338 1101 396 1153 te
462 1099 731 1152 mortuus
784 1095 911 1151 est?
976 1094 1242 1167 Namque
1313 1094 1612 1151 Abraham
1684 1095 1744 1150 in
1813 1093 1992 1150 cubili

338 1184 482 1241 obiit
541 1203 555 1242 :
615 1183 890 1240 similiter
938 1186 1101 1241 lsaao
1159 1188 1218 1240 et
1271 1185 1453 1240 Jacob
1508 1183 1759 1256 pedibus
1808 1184 1868 1239 in
1918 1184 1993 1239 le-

337 1278 428 1330 cto
486 1274 736 1330 extentis
794 1273 1015 1330 mortui
1072 1276 1231 1329 sunt.
1288 1273 1517 1346 Moyses
1575 1277 1635 1328 et
1689 1275 1880 1328 Aaron
1928 1272 1989 1327 in

337 1362 437 1419 68
470 1367 689 1427 monte,
722 1362 900 1419 David
933 1363 1091 1418 domi
1123 1360 1317 1418 nullas
1347 1362 1697 1433 populorum
1743 1361 1990 1418 insidias

334 1469 547 1525 passus
567 1451 818 1519 interiit;
851 1450 987 1507 licet
1006 1449 1163 1505 enim
1187 1450 1413 1506 aSaule
1434 1450 1502 1506 ad
1529 1466 1732 1506 necem
1755 1449 1992 1522 conqui-

334 1540 485 1597 situs
529 1540 724 1610 fuerit,
772 1544 969 1595 tamen
1018 1539 1146 1594 sine
1189 1538 1405 1595 damno
1429 1538 1632 1595 evasit.
1660 1540 1866 1596 Sectus
1898 1542 1990 1595 est

334 1630 575 1703 quidem
607 1628 809 1696 Isaias,
834 1634 894 1684 at
926 1629 986 1683 in
1010 1627 1170 1701 ligno
1201 1645 1316 1684 non
1338 1628 1445 1683 fuit
1474 1628 1989 1701 suspensus.Jere—

335 1719 486 1776 mias
515 1717 890 1775 contumeliis
912 1718 1155 1774 affectus
1178 1718 1397 1788 est,eed
1424 1734 1539 1773 non
1562 1718 1988 1774 condemnatus

332 1808 525 1881 periit.
559 1806 818 1864 Ezechiel
848 1823 1061 1879 passus
1089 1812 1198 1874 est,
1232 1811 1294 1862 at
1324 1823 1438 1862 non
1470 1823 1574 1879 pro
1605 1806 1840 1879 populo,
1883 1808 1985 1864 sed

2107 644 2461 719 ἐπεκράτησε.
2504 652 2741 715 Μωυσῆς
2775 645 2885 701 ἐκεῖ
2913 647 3256 722 γεγέννηται,
3288 649 3380 703 καὶ
3412 647 3567 705 οὐδὲν
3605 652 3769 721 ἧττον

2105 735 2173 805 ἧν
2209 734 2320 790 ἐκεῖ
2349 737 2385 804 ἠ
2416 739 2524 790 τῶν
2547 733 2977 809 πεπλανημένων
3006 735 3286 810 θρησκεία.

2178 827 2266 881 37.
2294 824 2384 887 Τίς
2441 822 2500 880 δὲ.
2545 829 2654 880 τῶν
2702 823 2755 879 ἒν
2800 828 2870 899 τῇ
2920 829 3109 904 Γραφῇ
3175 829 3635 904 μαρτυρουμένων
3691 827 3769 886 δι-

2106 911 2333 989 ωρύχθη
2365 914 2462 975 τὰς
2492 919 2684 989 χεῖρας
2712 914 2804 969 καὶ
2832 912 2961 977 τοὺς
2992 912 3184 987 πόδας,
3216 916 3251 985 ἢ
3284 914 3431 979 ὅλως
3463 916 3551 973 ἐπὶ
3599 916 3766 989 ξύλου

2100 1003 2484 1078 κεκρέμασται,
2515 1003 2606 1057 καὶ
2655 1007 2870 1080 σταυρῷ
2915 1002 3262 1059 τετελείωται
3295 1005 3427 1080 ὑπὲρ
3478 1013 3579 1077 τῆς
3627 1008 3764 1064 πάν-

2099 1114 2209 1148 των
2264 1091 2575 1167 σωτηρίας;
2622 1087 2857 1167 Αϐραὰμ
2908 1093 3002 1166 μὲν
3054 1094 3158 1170 γὰρ
3208 1092 3297 1149 ἐπὶ
3345 1093 3543 1167 κλίνης
3584 1094 3764 1153 ἐκλεί-

2099 1202 2217 1236 πων
2272 1180 2523 1236 ἀπέθανεν
2560 1200 2572 1212 ·
2630 1183 2809 1238 Ἰσαὰκ
2857 1179 2914 1237 δὲ
2968 1182 3060 1237 καὶ
3109 1179 3303 1238 Ἰακὼϐ
3341 1184 3432 1239 καὶ
3481 1184 3635 1241 αὐτοὶ
3682 1186 3764 1258 ἐξ·

2101 1271 2322 1344 ἀραντες
2351 1269 2480 1332 τοὺς
2509 1268 2680 1333 πόδας
2711 1270 2799 1326 ἐπὶ
2828 1268 3025 1343 κλίνης
3076 1271 3362 1330 ἀπέθανον.
3389 1280 3630 1344 Μωϋσῆς
3672 1274 3765 1331 καὶ

2101 1360 2309 1434 ’Δαρὼν
2359 1358 2412 1414 ἐν
2461 1363 2541 1431 τῷ
2587 1357 2722 1435 ὄρει,
2755 1355 2922 1415 Δαϐὶδ
2972 1360 3025 1416 ἐν
3064 1366 3143 1433 τῷ
3187 1359 3325 1435 οἷ’κῳ
3353 1362 3759 1437 τετελεύτηκεν,

2099 1444 2353 1521 οὐδεμίαν
2400 1442 2703 1517 ἐπιϐουλὴν
2756 1449 2858 1504 ὑπὸ
2903 1453 3010 1504 τῶν
3062 1446 3210 1505 λαῶν
3249 1451 3453 1506 παθών·
3487 1451 3550 1507 Ei
3581 1449 3641 1507 δὲ
3669 1453 3760 1508 καὶ

2100 1534 2336 1608 ἐζητήθη
2391 1537 2493 1592 ὑπὸ
2538 1542 2636 1593 τοῦ
2667 1539 2745 1613 (5)
2779 1535 2985 1609 Σαοὺλ,
3017 1536 3145 1594 ἀλλ’
3194 1534 3447 1610 ἀϐλαϐὴς
3498 1540 3755 1612 ἐσώζετο.

2096 1623 2318 1687 Ἡσαΐας
2365 1625 2589 1700 ἐπρίσθη
2648 1627 2767 1701 μὲν,
2811 1625 2939 1683 ἀλλ’
2988 1627 3088 1683 οὐκ
3135 1626 3223 1684 ἐπὶ
3273 1627 3439 1699 ξύλου
3486 1631 3756 1705 κεκρέμα-

2096 1734 2217 1769 σται
2250 1733 2262 1746 ’
2313 1714 2576 1789 Ἱερεμίας
2650 1711 2902 1793 ὑϐρίσθη,
2953 1714 3081 1772 ἀλλ’
3132 1716 3195 1773 οὐ
3252 1720 3594 1795 κατακριθεὶς
3653 1721 3756 1776 ἀπ-

2096 1804 2274 1859 έθανεν
2308 1823 2322 1837 ·
2359 1802 2619 1875 Ἰεζεκιὴλ
2670 1804 2929 1882 ἔπασχεν,
2963 1803 3087 1861 ἀλλ’
3117 1806 3224 1884 οὐχ
3274 1808 3407 1884 ὑπὲρ
3443 1812 3541 1864 τοῦ
3594 1806 3753 1883 λαοῦ,

333 1896 472 1968 quia
501 1896 747 1952 adversa
775 1893 989 1966 populo
1018 1898 1293 1950 eventura
1324 1894 1974 1966 praedicebatPrzsteres

2096 1890 2243 1948 ἀλλὰ
2294 1894 2361 1948 τὰ
2417 1893 2647 1968 ἐσόμενα
2695 1895 2834 1951 κατά
2876 1899 2975 1950 τοῦ
3020 1894 3157 1951 λαοῦ
3187 1896 3496 1970 σημαίνων.
3529 1899 3756 1955 Ἔπειτα

333 1939 472 1968 ην...
501 1939 747 1952 ww.--
775 1939 987 1966 ,υτ-,υ
1019 1939 1293 1950 -.νη-..ω
1324 1939 1724 1966 τηρηννυη-
1750 1939 1974 1950 ...πων

329 1985 414 2054 hi,
448 1985 550 2056 qui
582 1985 695 2041 ista
725 1983 1395 2056 patiebantur,bomines
1425 1983 1821 2056 erant,quales
1843 1989 1974 2039 sunt

2098 1939 2243 1948 ........
2306 1939 2361 1948 -..
2417 1939 2647 1968 "cf"...
2698 1939 2834 1951 η...-
2888 1939 2973 1950 ...ν
3020 1939 3155 1951 ...η-
3188 1939 3496 1970 "manu..."
3554 1939 3753 1955 mm...

2089 1982 2261 2054 οὗτοι,
2292 1981 2382 2038 καὶ
2410 1981 2740 2060 πάσχοντες,
2777 1981 3052 2058 ἄνθρωποι
3084 1986 3238 2056 ἦσαν,
3282 1986 3465 2041 ὁποῖοι
3495 1989 3587 2043 καὶ
3615 1989 3753 2044 πάν-

328 2089 534 2130 omnes
558 2078 779 2128 natura:
810 2071 1220 2129 similitudine.
1255 2074 1437 2139 Quem
1486 2089 1623 2129 vero
1670 2074 1978 2146 Scriptum

326 2179 432 2235 pro
450 2163 726 2219 omnibus
742 2177 1060 2234 passurum
1082 2161 1617 2234 prmnuntiantmon
1636 2161 1980 2235 simpliciter

325 2251 522 2320 homo,
557 2250 655 2307 sed
689 2251 955 2308 omnium
985 2250 1106 2306 vita
1132 2250 1366 2323 dicitur,
1391 2249 1621 2305 etiamsi
1653 2252 1976 2307 secundum

327 2344 596 2396 naturam
625 2339 968 2396 hominibus
988 2338 1198 2395 similis
1221 2340 1415 2395 fuerit.
1447 2339 1700 2396 Videbitis
1720 2340 1980 2408 enim,in-

324 2430 472 2502 quit,
485 2431 668 2486 vitam
696 2432 935 2485 vestram
958 2428 1287 2501 pendentem
1300 2432 1430 2484 ante
1452 2429 1633 2485 oculos
1661 2434 1868 2486 vestros
1897 2431 1975 2499 '3;

323 2523 401 2590 et,
452 2517 860 2576 Generationem
904 2519 1024 2591 ejus
1071 2519 1191 2590 quis
1236 2519 1524 2574 enarrabit
1562 2519 1645 2573 9“‘2
1675 2518 1977 2590 Siquidem

325 2609 592 2664 omnium
622 2611 961 2664 sanctorum
987 2607 1424 2680 generationem
1458 2607 1508 2663 si
1526 2608 1661 2680 quis
1684 2608 1974 2675 didicerit,

328 2713 456 2754 eam
489 2697 561 2753 ab
592 2697 815 2770 origine
843 2702 1120 2769 repetere,
1153 2701 1211 2752 et
1239 2698 1395 2753 unde
1424 2697 1678 2769 quisque
1710 2702 1873 2752 ortus
1903 2696 1980 2752 sit

327 2802 601 2843 enarrare
630 2785 798 2843 facile
827 2786 1057 2858 poterit.
1079 2789 1153 2841 At
1180 2787 1309 2858 ejus
1341 2787 1440 2858 qui
1470 2785 1592 2841 vita
1620 2791 1710 2841 est
1736 2801 1976 2858 genera-

325 2877 549 2932 tionem
579 2875 806 2931 narrari
835 2892 953 2931 non
984 2892 1156 2946 posse
1176 2876 1372 2931 divina
1397 2874 1698 2931 declarant
1720 2873 1974 2930 oracula.

326 2966 435 3032 Qui
464 2964 649 3037 igitur
671 2964 769 3020 ille
797 2968 906 3032 est,
939 2965 1013 3020 de
1060 2981 1178 3037 quo
1230 2964 1353 3019 haec
1400 2963 1727 3035 loquuntur
1772 2962 1978 3018 divina

323 3054 633 3126 Scriptura
652 3056 681 3108 ?
707 3053 848 3117 Quis
877 3057 1080 3109 tantus
1110 3052 1208 3109 ille
1237 3057 1346 3121 est,
1389 3056 1453 3107 ut
1479 3056 1538 3107 et
1567 3051 1858 3123 prophetas
1906 3052 1977 3108 de

321 3142 421 3198 illo
450 3146 618 3199 tanta
646 3141 1205 3215 praenuntiaverint?
1259 3140 1423 3196 Certe
1454 3139 1656 3196 nullus
1703 3138 1856 3195 alius
1913 3140 1975 3197 in

2085 2091 2176 2133 τες
2232 2072 2370 2126 κατὰ
2425 2072 2526 2141 τὴν
2584 2077 2685 2140 τῆς
2729 2072 2938 2149 φύσεως
2988 2072 3315 2146 ὁμοιότητα.
3345 2079 3401 2128 Ὁ
3448 2072 3507 2131 δὲ
3545 2097 3752 2151 σημαι-

2085 2159 2313 2235 νόμενος
2366 2159 2425 2216 ἐκ
2468 2164 2576 2216 τῶν
2630 2164 2857 2239 Γραφῶν
2907 2161 3039 2237 ὑπὲρ
3096 2163 3311 2218 πάντων
3357 2164 3588 2241 πάσχειν
3639 2165 3750 2242 οὐχ

2088 2247 2281 2313 ἁπλῶς
2341 2246 2644 2325 ἅνθρωπος,
2690 2248 2837 2305 ἀλλὰ
2894 2252 3008 2321 ζωὴ
3075 2253 3289 2308 πάντων
3349 2250 3589 2329 λέγεται,
3648 2256 3747 2312 κᾶν

2086 2339 2282 2412 ὅμοιος
2312 2339 2449 2394 κατὰ
2474 2339 2575 2408 τήν
2620 2336 2775 2417 φύσιν
2825 2345 2943 2403 τοῖς
2994 2341 3301 2419 ἀνθρώποις
3351 2342 3744 2420 ἐτύγχανε

2084 2428 2311 2501 ’Όψεσθε
2338 2428 2465 2502 γὰρ,
2490 2428 2645 2504 φησὶ,
2676 2428 2776 2498 τήν
2812 2430 2957 2499 ζωὴν
2987 2431 3140 2502 ὑμῶν
3195 2431 3348 2506 ὗμων
3388 2434 3742 2508 κρεμαμένην

2087 2517 2337 2572 ἀπέναντι
2405 2521 2514 2571 τῶν
2594 2515 2892 2595 ὀφθαλμῶν
2957 2519 3109 2593 ὑμῶν
3145 2538 3159 2551 ⁸
3216 2521 3330 2591 καὶ,
3385 2523 3493 2591 Τὴν
3556 2524 3743 2599 γενεὰν

2087 2604 2252 2661 αὐτοῦ
2296 2605 2382 2667 τίς
2436 2602 2791 2680 διηγήσεται;
2846 2608 3068 2663 Πάντων
3123 2608 3217 2682 μὲν
3264 2610 3369 2686 γὰρ
3415 2615 3524 2666 τῶν
3575 2611 3747 2686 ἁγίων

2083 2695 2182 2763 τήν
2243 2694 2429 2768 γενεάν
2472 2714 2563 2756 ,τις
2616 2694 2822 2767 μαθὼν,
2862 2693 3082 2751 δύναται
3131 2693 3331 2752 ἄνωθεν
3381 2697 3742 2773 διηγήσασθαι

2084 2780 2169 2844 τίς
2212 2782 2303 2836 καὶ
2353 2781 2513 2837 πόθεν
2567 2778 2793 2845 ἕκαστος
2844 2784 3039 2859 γέγονε
3071 2803 3084 2815 ·
3116 2788 3214 2839 τοῦ
3264 2783 3323 2840 δὲ
3372 2788 3743 2863 τυγχάνοντος

2086 2874 2233 2940 ζωῆς
2264 2868 2564 2946 ἀδιήγητον
2594 2873 2694 2941 τήν
2726 2872 2908 2948 γενεὰν
2941 2873 2993 2927 οἱ
3022 2874 3157 2929 θεῖοι
3199 2874 3525 2948 σημαίνουσι
3556 2872 3740 2953 λόγοι.

2083 2959 2178 3022 Τίς
2208 2957 2298 3016 οὖν
2332 2959 2467 3030 ἐστι,
2493 2960 2619 3036 περὶ
2668 2961 2729 3015 οὗ
2784 2965 2953 3017 ταῦτα
3006 2960 3256 3037 λέγουσιν
3315 2964 3371 3018 αἱ
3426 2965 3564 3020 θεῖαι
3609 2972 3744 3043 Γρα-

2085 3048 2218 3129 φαί;
2278 3055 2345 3105 Ἥ
2401 3049 2487 3110 τίς
2543 3048 2895 3122 τηλικοῦτος,
2955 3051 3033 3114 ὡς
3107 3053 3198 3107 καὶ
3258 3053 3388 3117 τοὺς
3453 3058 3741 3133 προφήτας

2082 3139 2207 3215 περὶ
2254 3139 2419 3195 αὐτοῦ
2464 3144 2699 3195 τοσαῦτα
2745 3139 3291 3217 προκαταγγέλλειν;
3325 3140 3486 3199 Αλλᾶ
3528 3146 3631 3220 γὰρ
3662 3147 3743 3219 (7)

317 3232 635 3305 Soripturis
680 3231 968 3305 reperitur
1015 3234 1225 3303 praeter
1268 3245 1645 3285 communem
1703 3229 1972 3286 omnium

2085 3226 2261 3292 οὐδεὶς
2301 3227 2475 3292 ἄλλος
2526 3228 2578 3284 ἐν
2630 3234 2751 3292 ταῖς
2804 3234 3042 3308 Γραφαῖς
3087 3229 3387 3305 εὑρίσκεται
3442 3230 3591 3302 πλὴν
3641 3237 3742 3288 τοῦ

320 3325 674 3377 servatorem
705 3321 802 3377 Dei
834 3320 1115 3385 Verbum,
1134 3318 1445 3373 Dominum
1479 3323 1747 3375 nostrum
1770 3318 1973 3375 Jesum

2085 3322 2267 3373 κοινοῦ
2297 3318 2511 3374 πάντων
2543 3325 2792 3395 σωτῆρος
2843 3323 2941 3373 τοῦ
2988 3323 3123 3375 Θεοῦ
3155 3319 3358 3396 Λόγου,
3389 3325 3488 3376 τοῦ
3534 3321 3741 3396 Κυρίου

319 3409 640 3466 Christum.
672 3410 777 3465 Hic
807 3409 964 3466 enim
997 3407 1093 3462 ille
1123 3407 1340 3480 est,qui
1371 3424 1439 3464 ex
1466 3407 1706 3481 Virgine
1737 3408 1973 3480 prodiit,

316 3504 377 3556 et
404 3500 578 3556 homo
603 3498 665 3553 in
691 3498 862 3555 terris
891 3496 1053 3553 visus
1082 3502 1262 3564 est,et
1291 3499 1463 3569 cujus
1494 3512 1772 3570 corporea
1799 3514 1973 3570 gene-

318 3588 466 3644 ratio
496 3588 753 3645 enarrari
788 3586 993 3658 nequit
1025 3604 1038 3641 :
1072 3586 1365 3659 siquidem
1398 3604 1570 3643 nemo
1597 3586 1815 3659 est,qui
1844 3589 1974 3659 ejus

318 3681 541 3749 patrem
601 3676 928 3734 secundum
977 3691 1210 3730 carnem
1269 3675 1528 3733 indicare
1578 3676 1785 3748 possit,
1836 3693 1971 3733 cum

314 3767 444 3837 ejus
474 3782 688 3838 corpus
731 3783 847 3821 non
877 3781 947 3820 ex
973 3764 1097 3820 viro
1146 3765 1247 3821 sed
1297 3781 1367 3821 ex
1412 3764 1534 3821 sola
1581 3765 1660 3821 sit
1706 3765 1968 3838 Virgine.

315 3856 823 3922 Quemadmodum
847 3870 986 3927 ergo
1014 3853 1250 3910 Davidis
1276 3858 1335 3910 et
1349 3855 1563 3928 Moysis
1581 3855 1971 3928 omniumque

312 3944 779 4018 patriarcharum
811 3947 1005 4017 patres
1034 3944 1333 3999 numerari
1365 3948 1616 4016 possunt
1645 3960 1659 4000 :
1694 3945 1776 4000 ita
1796 3960 1968 4001 nemo

313 4040 403 4089 est
430 4034 532 4107 qui
565 4048 904 4105 corpoream
934 4030 1250 4089 Salvatoris
1280 4048 1349 4088 ex
1377 4033 1500 4088 viro
1532 4032 1968 4105 generationem

314 4139 555 4179 narrare
585 4126 779 4194 queat.
812 4122 921 4178 Hic
951 4119 1049 4177 illo
1074 4126 1166 4177 est
1194 4120 1297 4192 qui
1328 4120 1418 4175 sui
1469 4120 1729 4192 corporis
1772 4127 1965 4176 ortum

319 4210 491 4268 stella
531 4210 982 4267 commonstrari
1010 4209 1214 4266 voluit.
1241 4208 1493 4265 Decebat
1521 4208 1676 4265 enim
1705 4209 1964 4265 Verbum

312 4317 344 4355 e
368 4300 513 4356 coelo
541 4299 961 4365 descendens,e
989 4298 1133 4355 ccelo
1163 4314 1397 4371 quoque
1427 4298 1670 4353 indicari
1690 4314 1702 4352 :
1726 4298 1968 4354 decebat

309 4393 531 4444 natura
562 4404 756 4461 regem
790 4388 1199 4460 prodeuntem,
1233 4385 1429 4459 palam
1460 4388 1531 4443 ab
1566 4387 1839 4443 universa
1861 4404 1964 4443 na-

302 4480 442 4534 tura
472 4476 734 4550 agnosci.
769 4477 834 4533 In
862 4477 1065 4532 Judaea
1094 4477 1464 4546 nascebatur,
1505 4481 1564 4533 et
1609 4476 1797 4533 Persae
1827 4493 1963 4532 eum

306 4566 606 4623 adoraturi
637 4567 971 4622 veniebant.
998 4566 1102 4622 Hic
1129 4565 1229 4622 ille
1258 4570 1349 4622 est
1376 4565 1497 4640 qui,
1521 4567 1870 4640 priusquam
1900 4566 1961 4622 in

2084 3409 2246 3479 ἡμῶν
2286 3408 2458 3485 Ἰρσοῦ
2505 3407 2755 3482 χριστοῦ,
2790 3406 2958 3470 Οὗτος
3007 3408 3110 3482 γὰρ
3161 3406 3300 3465 ἐστιν
3351 3410 3380 3465 ὁ
3428 3409 3489 3466 ἐκ
3531 3411 3740 3487 Παρθέ-

2082 3518 2174 3553 νου
2205 3495 2490 3574 προελθὼν
2518 3495 2609 3551 καί
2640 3493 2920 3571 ἅνθρωπος
2944 3494 3033 3551 ἐπὶ
3060 3504 3167 3572 γῆς
3198 3499 3402 3577 φανεὶς,
3433 3499 3524 3555 καὶ
3573 3497 3734 3571 ἀδιή-

2081 3608 2251 3664 γητον
2281 3590 2357 3661 (8)
2387 3583 2531 3662 ἔχων
2581 3587 2681 3656 τήν
2727 3587 2865 3641 κατά
2912 3587 3081 3662 σάρκα
3124 3586 3337 3662 γενεάν.
3360 3588 3433 3643 Οὐ
3460 3588 3563 3663 γάρ
3594 3587 3734 3644 ἐστιν

2081 3676 2142 3738 ’ὸς
2173 3673 2392 3731 δύναται
2420 3676 2513 3731 τὸν
2544 3676 2681 3731 κατὰ
2712 3676 2883 3752 σάρκα
2909 3677 3117 3753 πατέρα
3150 3676 3349 3733 τούτου
3401 3675 3605 3752 λέγειν,
3639 3677 3738 3733 οὐκ

2080 3760 2231 3828 ὄντος
2260 3770 2359 3821 τοῦ
2397 3764 2652 3838 σώματος
2700 3763 2864 3819 αὐτοῦ
2914 3763 2966 3835 ἐξ
3007 3763 3225 3841 ἀνδρὸς,
3258 3764 3383 3821 ἀλλ’
3436 3765 3495 3820 ὲκ
3545 3767 3738 3842 παρθέ-

2077 3875 2172 3909 νου
2208 3853 2399 3927 μόνης.
2431 3855 2636 3929 ’Ὠσπερ
2685 3850 2776 3908 οὖν
2823 3857 2922 3908 τοῦ
2952 3848 3140 3922 Δαϐὶδ,
3176 3854 3267 3908 καὶ
3317 3854 3613 3925 Μωϋσέως,
3643 3853 3734 3908 καὶ

2076 3943 2293 3997 πάντων
2322 3945 2430 3997 τῶν
2477 3945 2833 4019 πατριαρχῶν
2882 3940 3011 4003 τοὺς
3054 3941 3289 4007 πατέρας
3336 3961 3420 4002 τις
3474 3938 3733 4015 γενεαλο-

2077 4036 2190 4106 γεῖν
2243 4028 2483 4103 δύναται,
2516 4030 2691 4093 οὕτως
2745 4026 2924 4091 οὐδεὶς
2977 4026 3197 4084 δύναται
3242 4029 3341 4098 τήν
3400 4029 3536 4084 κατὰ
3562 4026 3734 4104 σάρκα

2076 4120 2261 4195 γενεὰν
2322 4124 2421 4175 τοῦ
2467 4125 2728 4193 Σωτῆρος
2779 4119 2831 4190 ἐξ
2873 4115 3066 4192 ἀνδρὸς
3125 4114 3509 4193 διηγήσασθαι.
3560 4117 3729 4181 Οὗτός

2076 4208 2217 4264 ἐστιν
2255 4209 2283 4263 ὁ
2329 4208 2421 4263 καὶ
2469 4208 2558 4264 τὸν
2610 4207 2808 4283 ἀστέρα
2852 4206 3135 4281 σημαίνειν
3176 4207 3278 4276 τὴν
3329 4211 3426 4262 τοῦ
3472 4207 3727 4280 σώματος

2074 4298 2279 4374 γένεσιν
2327 4298 2562 4369 ποιήσας
2596 4316 2610 4329 ⁸
2645 4293 2751 4351 ἔδει
2800 4298 2927 4372 γὰρ,
2961 4296 3065 4352 ἀπὸ
3112 4296 3343 4372 οὐρανοῦ
3389 4297 3726 4373 κατερχόμε-

2074 4407 2164 4442 νον
2203 4387 2294 4443 τὸν
2343 4387 2544 4463 Λόγον,
2580 4386 2631 4458 ἐξ
2681 4385 2912 4461 οὐρανοῦ
2958 4385 3049 4441 καὶ
3092 4387 3195 4456 τὴν
3227 4385 3496 4460 σημασίαν
3526 4380 3672 4461 ἔχειν
3709 4403 3724 4418 ’

2071 4474 2163 4531 καὶ
2212 4472 2320 4530 ἔδει
2367 4475 2458 4531 τὸν
2509 4482 2613 4546 τῆς
2658 4474 2887 4538 κτίσεως
2934 4472 3161 4552 βασιλέα
3188 4474 3592 4551 προερχόμενον
3626 4474 3725 4549 ἐμ-

2074 4569 2257 4645 φανῶς
2330 4563 2433 4621 ὑπὸ
2491 4566 2671 4637 πάσης
2727 4565 2954 4628 κτίσεως
2995 4566 3073 4640 (9)
3124 4564 3501 4640 γινώσκεσθαι.
3562 4565 3727 4637 Ἀμέ-

307 4671 548 4728 corpore
576 4660 906 4729 appareret,
937 4655 1243 4713 victoriam
1275 4656 1348 4713 de
1377 4656 1825 4713 adversantibus
1854 4657 1963 4712 dte-

2085 4658 2157 4709 Kst
2189 4652 2239 4708 ἐν
2275 4651 2514 4727 Ἰουδαίᾳ
2544 4653 2815 4729 ἐγεννᾶτο,
2840 4654 2930 4709 καὶ
2963 4654 3015 4708 οἱ
3054 4654 3159 4709 ἀπὸ
3190 4649 3452 4729 Περσίδος
3481 4650 3724 4730 ἤρχοντο

308 4744 585 4802 monibus
615 4746 929 4818 reportavit
957 4762 1024 4801 ac
1063 4745 1135 4801 de
1176 4743 1507 4801 idololatria
1551 4745 1956 4817 triumphavit.

304 4833 452 4890 Hinc
481 4849 619 4908 ergo
640 4850 847 4891 omnes
871 4835 1135 4907 undique
1154 4838 1357 4907 gentes
1378 4834 1634 4906 patrium
1657 4850 1880 4890 morem
1902 4841 1960 4892 et

302 4922 595 4979 idolorum
627 4922 996 4996 impietatem
1029 4923 1322 4988 detestati,
1354 4939 1521 4978 suam
1545 4924 1672 4995 jam
1704 4941 1868 4996 spem
1894 4925 1955 4981 iu

301 5012 531 5070 Christo
561 5011 867 5081 collocant,
901 5028 1082 5084 seque
1112 5012 1163 5067 ei
1194 5002 1622 5080 adcisc'unt,uti
1648 5012 1737 5069 vel
1770 5013 1956 5071 oculis

370 5128 416 5165 9’
446 5128 614 5197 Deut.
644 5144 846 5195 xxvm,
875 5129 966 5183 66.
1044 5128 1090 5163 9‘
1116 5129 1229 5185 Isa.
1263 5145 1383 5197 LIII,
1416 5128 1468 5182 8.

371 5262 448 5335 (4)
476 5260 858 5335 Anglicanus,
910 5260 1273 5335 Basiliensis,
1301 5260 1950 5335 Goblerianus,_Felck-

300 5330 499 5406 manui
543 5330 957 5406 1'anonymus,
1008 5338 1066 5406 et
1114 5330 1528 5406 Seguerianurs,
1577 5330 1817 5403 κατῆλθε
1860 5336 1951 5391 καὶ

296 5401 482 5461 πάλιν.
516 5405 663 5461 Ibid.
697 5401 805 5461 voi
829 5401 1162 5475 ἐπεκράτησε
1190 5401 1355 5461 deest
1384 5407 1444 5460 in
1466 5401 1698 5462 iisdem.

389 5478 445 5550 5)
475 5479 590 5550 Τοῦ,
612 5477 851 5550 Seguer.
881 5476 1217 5550 habet;ialii
1250 5482 1317 5550 et,
1333 5477 1473 5550 editi
1503 5478 1801 5550 omittunt.

389 5549 447 5633 ὃ)
485 5545 785 5633 Ἐτὺγχξνε
841 5548 1009 5605 abest
1054 5549 1125 5604 ab
1162 5549 1517 5633 _Ahnglicano,
1578 5549 1948 5621 Gobleriauo,

295 5619 755 5687 Felckmanni'Z,
779 5637 1089 5716 anonvmo.
1123 5625 1180 5676 et
1205 5619 1579 5694 Segueriano.

368 5692 444 5716 ΙὟΧ
475 5690 579 5716 ΪῚΔ-
616 5692 890 5716 -..ζιιη-ι.
925 5696 941 5716 l
978 5692 1135 5716 -LI-..
1209 5698 1258 5716 ΑΙ.
1312 5693 1536 5716 13-1-1-—

366 5692 446 5764 (7)
475 5690 581 5765 Γάρ
612 5692 894 5765 omittunt
925 5690 1154 5749 Gobler.
1204 5698 1262 5765 et
1283 5690 1563 5765 'Felckm.
1611 5693 1637 5747 1
1685 5710 1781 5765 an.
1816 5693 1949 5750 Mox

293 5762 474 5827 iidem
520 5762 579 5821 et
623 5762 801 5821 Basil.
849 5768 908 5821 et
951 5768 1186 5839 Seguer.
1221 5764 1442 5824 habent
1480 5766 1666 5820 κοινοῦ
1704 5764 1942 5823 πάντων.

2070 4750 2442 4817 προσκυνῆσαι
2494 4741 2661 4816 αὐτῷ.
2694 4742 2864 4805 Οὗτός
2912 4741 3051 4798 ἐστιν
3084 4743 3112 4797 ὁ
3158 4740 3250 4797 καὶ
3297 4740 3424 4818 πρὶν
3473 4746 3577 4810 τῆς
3625 4762 3728 4796 σω-

2073 4838 2309 4906 ματικῆς
2356 4830 2669 4910 ἐπιφανείας
2728 4826 2911 4887 λαϐὼν
2966 4832 3067 4901 τήν
3123 4830 3261 4886 κατὰ
3286 4833 3395 4885 τῶν
3427 4829 3728 4904 ἀντικειμέ-

2066 4942 2173 4976 νων
2201 4923 2312 4995 (10)
2342 4918 2616 4996 δαιμόνων
2647 4918 2823 4992 νίκην,
2854 4920 2943 4976 καὶ
2969 4921 3107 4976 κατὰ
3131 4926 3232 4990 τῆς
3266 4916 3725 4994 εἷδωλολατρείας

2063 5009 2317 5088 τρόπαια.
2350 5013 2554 5075 Πάντες
2586 5014 2717 5089 γοῦν
2765 5010 3100 5087 πανταχόθεν
3151 5011 3205 5065 οἱ
3253 5009 3358 5064 ἀπὸ
3405 5012 3514 5064 τῶν
3561 5007 3725 5064 ἐθνῶν

2063 5264 2178 5321 Alii
2203 5269 2261 5320 et
2284 5264 2447 5332 editi,
2476 5260 2713 5320 πάντων.

2133 5338 2212 5409 (8)
2239 5336 2331 5391 Sic
2360 5337 2600 5410 Seguer.
2633 5334 2808 5410 Basil.
2846 5340 2905 5392 et
2949 5334 3176 5410 Anglic.
3205 5338 3309 5410 _ut_
3344 5337 3402 5391 et
3449 5332 3722 5406 legerunt

2060 5402 2571 5480 interpretes.'Alii
2609 5408 2787 5465 editio
2813 5402 3118 5479 Commel.,
3169 5402 3717 5480 εὖδιὴγητονξωθῑιο

2059 5480 2470 5624 ἁἝῧΌοδΙετ.
2499 5551 2752 5608 Felckm.
2805 5552 2831 5607 1
2886 5568 3064 5608 anon.
3113 5554 3171 5607 et
3216 5551 3482 5623 Seguer.,
3529 5566 3713 5603 οικου-

2063 5622 2395 5768 μέἷίίξίνοχ
2422 5693 3005 5768 ἀντικειμένωνᾲᾶιξφβι
3049 5692 3380 5768 inhAnglic.
3423 5692 3567 5768 _Mox
3612 5695 3712 5747 Se-

2055 5763 2220 5841 guer.
2248 5765 2340 5821 καὶ
2367 5768 2503 5823 κατά
2531 5763 2838 5841 habet,ubi
2863 5766 2961 5823 alii
2989 5770 3049 5824 et
3077 5763 3350 5836 editiﬁtai
3370 5763 3438 5820 τά
3456 5768 3711 5822 tantum.
