4178 6372
385 381 491 439 161

1404 381 1699 443 ORATIO
1744 382 1844 442 DE
1892 380 2475 444 lNCARNATIONE
2521 385 2781 446 VERBI.

3664 396 3782 455 162

383 508 738 582 ἐξομνύμενοι
766 512 866 578 τὴν
898 512 1123 585 πάτριον
1163 513 1442 581 συνήθειαν
1491 512 1581 565 καὶ
1630 514 1727 580 τὴν
1782 510 2025 567 εἰδώλων

2150 512 2277 569 licet
2307 517 2580 587 aspicere.
2612 519 2811 590 Neque
2841 519 2995 574 enim
3029 520 3287 591 unquam
3321 522 3463 579 alias
3492 525 3783 597 Egyptio-

381 596 643 665 ἀθεότητα
697 599 835 673 πρὸς
875 599 966 653 τὸν
1014 600 1243 675 Χριστὸν
1285 598 1476 654 λοιπὸν
1507 602 1605 669 τὴν
1641 598 1835 654 ἐλπίδα
1863 601 2030 655 τίθεν-

376 706 484 757 ται,
514 684 603 739 καὶ
662 685 809 758 αὐτῷ
863 688 1299 765 καταγράφουσιν
1357 687 1601 760 ἑαυτοὺς,
1634 689 1709 750 ὡς
1767 688 1855 742 καὶ
1912 689 2028 750 τοῖς

381 771 687 850 ὀφθαλμοῖς
720 771 915 847 ἔξεστιν
952 773 1085 831 ἰδεῖν
1114 776 1176 830 τὸ
1220 780 1457 833 τυιοῢτο.
1491 774 1626 830 Οὐδὲ
1680 777 1779 851 γὰρ
1830 774 2032 831 ἄλλοτε

380 866 415 932 ἡ
462 866 569 917 τῶν
614 863 925 939 Αἰγυπτίων
979 865 1207 934 ἀθεότης
1255 866 1522 920 πέπαυται
1564 865 1608 919 εἰ
1645 866 1719 938 μὴ
1754 864 1842 919 ὅτε
1873 866 1899 918 6
1931 865 2033 919 Κύ-

383 971 497 1027 ριος
554 956 652 1006 τοῦ
700 953 918 1022 παντὸς,
951 954 1026 1015 ὡς
1086 952 1173 1008 ἐπὶ
1229 952 1463 1031 νεφέλης
1510 953 1911 1028 ἐποχούμενος,
1951 957 2030 1024 τῷ

383 1041 595 1112 σώματι
626 1040 892 1110 κατῆλθεν
936 1041 1065 1114 ἐκεῖ,
1098 1042 1186 1096 καὶ
1224 1044 1323 1111 τὴν
1374 1047 1481 1097 τῶν
1536 1039 1780 1096 εἰδώλων
1826 1043 2028 1115 κατήρ-

379 1148 513 1203 γησε
554 1127 791 1201 πλάνην,
826 1129 1029 1192 πάντας
1082 1128 1139 1184 δὲ
1187 1130 1262 1191 εἰς
1322 1130 1507 1185 ἑαυτὸν
1567 1130 1656 1185 καὶ
1715 1128 1784 1183 δι’
1840 1129 2031 1182 ἑαυτοῦ

382 1218 518 1291 πρὸς
557 1218 649 1273 τὸν
701 1220 913 1293 Πατέρα
962 1222 1305 1295 μετήνεγκεν.
1364 1219 1533 1281 Οὗτός
1585 1218 1724 1274 ἐστιν
1784 1219 1811 1271 6
1872 1238 2027 1272 σταυ-

384 1305 576 1381 ρωθεὶς
630 1306 715 1361 ἐπὶ
769 1309 1107 1383 μάρτυριτῷ
1139 1306 1288 1380 ἡλίῳ
1318 1308 1408 1363 καὶ
1458 1312 1526 1381 τῇ
1559 1307 1727 1362 κτίσει
1778 1305 1867 1361 καὶ
1914 1308 2030 1365 τοῖς

381 1394 527 1467 αὐτῷ
567 1394 659 1449 τὸν
709 1395 932 1451 θάνατον
965 1400 1403 1473 ειτροσαγαγοῢσι⁸
1436 1396 1526 1451 καὶ
1572 1400 1651 1467 τῷ
1698 1394 1894 1450 τούτου
1939 1395 2031 1446 θα-

2140 620 2270 657 rum
2296 604 2563 675 impietas
2594 607 2884 663 dissoluta
2908 611 3018 674 est,
3043 608 3155 663 nisi
3187 626 3321 665 cum
3354 612 3633 668 Dominus
3665 631 3786 670 om-

2112 688 2113 691 “
2140 690 2304 745 nium
2327 693 2485 748 venit
2515 695 2573 749 in
2606 696 2759 750 nube
2778 700 2998 761 vectus,
3020 713 3258 769 corpore
3289 698 3427 754 illuc
3456 701 3580 769 ivit,
3602 701 3784 758 idolo-

2140 795 2390 851 rumque
2412 798 2663 838 errorem
2684 785 2910 853 evertit,
2925 789 2983 839 et
3001 802 3201 841 omnes
3215 788 3285 841 ad
3309 788 3589 860 seipsum,
3605 794 3661 845 et
3684 807 3788 862 per

2140 866 2400 937 seipsum
2434 872 2502 924 ad
2530 876 2758 927 Patrem
2790 875 3089 928 convertit.
3114 875 3217 929 Hic
3248 875 3344 931 ille
3375 882 3486 944 est,
3508 878 3607 949 qui
3640 878 3782 945 sole,

2140 960 2372 1021 natura,
2388 961 2562 1029 atque
2578 959 2671 1014 his
2688 960 2854 1031 ipsis,
2870 961 2968 1032 qui
2986 977 3119 1016 eum
3138 962 3494 1031 interfecere,
3508 966 3780 1035 testibus,

2141 1044 2449 1101 cruciﬁxus
2489 1052 2577 1102 est
2608 1064 2621 1101 :
2673 1049 2842 1119 cujus
2876 1055 3060 1104 morte
3090 1051 3249 1106 salus
3279 1054 3553 1109 omnibus
3584 1059 3784 1111 exorta

2140 1137 2246 1198 est,
2262 1137 2319 1187 et
2339 1135 2532 1190 omnis
2550 1140 2757 1192 natura
2778 1138 3023 1193 liberata
3042 1144 3149 1195 est.
3164 1140 3268 1195 Hic
3282 1140 3381 1197 ille
3402 1146 3492 1197 est
3513 1144 3779 1199 omnium

2140 1218 2277 1289 vita,
2302 1221 2401 1293 qui
2427 1228 2483 1277 et
2504 1228 2783 1295 tanquam
2809 1225 2930 1281 ovis
2953 1243 3055 1297 pro
3078 1228 3341 1283 omnium
3373 1229 3579 1300 salute,
3603 1247 3779 1286 suum

2142 1323 2355 1449 iogpus
2385 1327 2489 1382 pro
2521 1312 2652 1368 aliis
2683 1313 2857 1368 morti
2884 1314 3146 1383 tradidit,
3168 1315 3301 1371 licet
3330 1316 3520 1372 nolint
3549 1319 3781 1375 credere

2176 1411 2213 1449 u
2257 1413 2345 1449 εει.

2176 1411 2345 1452 uaae1.

380 1482 526 1556 νάτῳ
554 1486 589 1553 ἡ
623 1484 867 1560 σωτηρία
893 1487 1005 1558 (11)
1039 1491 1167 1539 πᾶσι
1194 1485 1401 1561 γέγονε,
1432 1484 1521 1540 καὶ
1546 1484 1587 1553 ἡ
1620 1484 1789 1546 κτίσις
1818 1488 1962 1537 πᾶσα
2004 1477 2362 1555 λελύτρωται.
2397 1484 2564 1547 Οὗτός
2600 1485 2739 1540 ἐστιν
2772 1489 2806 1555 ἡ
2839 1486 3049 1541 πάντων
3086 1489 3199 1556 ζωὴ
3230 1489 3317 1543 καὶ
3345 1490 3373 1543 6
3404 1490 3478 1552 ὡς
3508 1487 3779 1566 πρόϐατον

384 1572 516 1647 ὑπὲρ
561 1579 661 1641 τῆς
714 1573 929 1628 πάντων
992 1574 1265 1649 σωτηρίας
1326 1575 1621 1648 ἀντίψυχον
1678 1574 1740 1628 τὸ
1797 1574 1989 1627 ἑαυτοῦ
2022 1572 2180 1642 σῶμα
2212 1570 2287 1633 εἰς
2324 1572 2547 1636 θάνατον
2581 1573 2876 1651 παραδοὺς,
2909 1575 3003 1630 κᾶν
3044 1573 3294 1631 Ἰουδαῖοι
3330 1579 3405 1649 μὴ
3438 1580 3780 1637 πιστεύωσιν.

452 1664 541 1717 38.
576 1660 639 1716 Εἰ
695 1662 797 1737 γὰρ
858 1663 937 1735 μὴ
996 1663 1235 1739 αὐτάρκη
1295 1664 1581 1737 νομίζουσι
1631 1668 1818 1734 ταῦτα,
1848 1662 1944 1715 κᾶν
1979 1658 2028 1730 ἐξ

386 1748 581 1825 ἑτέρων
630 1749 991 1806 πειθέσθωσαν
1042 1752 1131 1829 ἀφ’
1162 1753 1237 1805 ὦν
1298 1752 1451 1807 αὐτοὶ
1500 1750 1665 1807 πάλιν
1709 1747 1898 1825 ἔχουσι
1934 1747 2027 1802 λο-

385 1859 543 1912 γιων.
578 1838 709 1915 Περὶ
756 1839 901 1902 τίνος
949 1842 1050 1916 γὰρ
1101 1839 1347 1917 λέγουσιν
1397 1843 1448 1896 οἱ
1497 1848 1793 1919 προφῆταιο
1830 1841 2030 1915 Ἐμφα-

383 1928 481 1995 νής
526 1927 791 2004 ἐγενόμην
840 1934 960 1991 τοῖς
1017 1929 1113 2004 ἐμὲ
1159 1931 1235 2002 μὴ
1300 1934 1548 2001 ζητοῦσιν
1577 1950 1589 1963 ·
1634 1928 1855 2005 εὸρέθην
1910 1931 2028 1986 τοῖς

386 2016 481 2088 ἐμὲ
538 2018 614 2091 μὴ
673 2016 1015 2093 ἐπερωτῶσιν
1044 2041 1055 2053 ·
1117 2018 1260 2090 εἶπα,
1304 2017 1443 2076 Ἰδού
1498 2019 1634 2092 εἰμι,
1666 2023 1746 2090 τῷ
1790 2016 1927 2080 ἔθνει
1976 2014 2029 2068 οἳ

390 2105 488 2160 οὐκ
552 2105 809 2161 ἐκάλεσάν
869 2129 974 2180 μου
1028 2108 1093 2163 τὸ
1148 2103 1325 2180 ὄνομα
1354 2130 1365 2142 ο
1428 2108 1712 2178 ἐξεπέτασα
1758 2108 1853 2168 τὰς
1914 2108 2033 2179 ’χεῖ-
2064 2087 2111 2152 Β

388 2192 483 2269 ράς
528 2215 632 2267 μου
689 2196 826 2270 πρὸς
880 2195 1011 2251 λαὸν
1082 2196 1407 2259 ἀπειθοῦντα
1479 2197 1569 2251 καὶ
1643 2193 2027 2270 ἀντιλέγοντα;

388 2281 478 2342 Τίς
541 2280 632 2335 οὖν
688 2282 827 2337 ἐστιν
861 2284 888 2336 6
922 2282 1166 2361 ἐμφανὴς
1216 2283 1545 2359 γενόμενος;
1580 2282 1719 2338 εἷ’ποι
1776 2303 1859 2343 τις
1896 2282 2029 2356 πρὸς

391 2366 705 2432 Ἰουδαίους·
739 2370 802 2423 Εἰ
857 2372 950 2442 μὲν
996 2370 1096 2445 γὰρ
1148 2372 1175 2423 6
1220 2372 1507 2446 προφήτης
1566 2370 1697 2441 ἐστὶ,
1733 2369 2029 2444 λεγέτωσαν

389 2455 523 2512 πότε
576 2456 890 2532 ἐκρύπτετο,
947 2456 1040 2511 ’ίνα
1091 2457 1181 2513 καὶ
1240 2458 1459 2533 ὕστερον
1511 2462 1691 2536 φανῇ;
1752 2463 1917 2519 Ποῖος
1976 2454 2033 2510 δὲ

390 2545 549 2606 οὗτός
610 2545 751 2600 ἐστιν
810 2547 838 2599 ὁ
895 2549 1184 2624 προφήτης
1236 2548 1383 2602 ὁκαὶ
1424 2547 1666 2625 ἐμφανὴς
1717 2546 1766 2619 ἐξ
1815 2547 2029 2623 ἀφανῶν

386 2633 699 2709 γενόμενος,
733 2634 822 2690 καὶ
868 2635 964 2698 τὰς
1016 2640 1206 2711 χεῖρας
1262 2633 1552 2699 ἐκπετάσας
1603 2636 1690 2691 ἐπὶ
1736 2640 1834 2690 τοῦ
1880 2655 2033 2689 σταυ-

388 2726 664 2798 ροῦ;Τῶν
728 2723 822 2795 μὲν
883 2722 974 2778 οὖν
1038 2721 1257 2780 δικαίων
1301 2722 1500 2796 οὐδεὶς,
1537 2724 1701 2798 μόνος
1753 2722 1811 2778 δὲ
1857 2724 1885 2777 ὁ
1935 2727 2031 2777 τοῦ

387 2815 520 2867 Θεοῦ
552 2810 747 2886 Λόγος,
780 2812 808 2865 6
840 2811 1127 2885 ἀσῶματος
1163 2809 1235 2867 ὢν
1274 2814 1371 2882 τήν
1426 2813 1580 2891 φύσιν
1634 2812 1723 2868 καὶ
1769 2810 1839 2867 δι’
1883 2815 2030 2885 ἡμᾶς

385 2904 465 2971 τῷ
511 2900 722 2972 σώματι
773 2900 977 2977 φανεὶς,
1013 2901 1101 2955 καὶ
1147 2902 1279 2978 ὑπὲρ
1334 2905 1547 2958 πάντων
1579 2904 1690 2977 (12)
1722 2903 1928 2966 παθών.
1963 2904 2032 2957 Ἣ

388 2988 433 3043 εἰ
478 2984 619 3060 μηδὲ
654 2992 816 3043 τοῦτο
870 2985 1128 3065 αὔταρκες
1176 2990 1384 3061 αὐτοῖς,
1416 2991 1511 3045 κᾶν
1564 2992 1613 3064 ἐξ
1664 2992 1857 3067 ἑτέρων
1905 2988 2029 3045 δυσ-

386 3076 759 3149 ωπείσθωσαν,
793 3076 965 3139 οὕτως
997 3077 1192 3155 ἐναργῆ
1224 3080 1316 3133 τὸν
1350 3076 1578 3155 ἔλεγχον
1608 3080 1860 3155 ὁρῶντες.
1886 3078 2031 3148 Φησὶ

318 3178 323 3183 ’
383 3168 485 3241 γὰρ
533 3167 569 3234 ἡ
616 3167 801 3242 Γραφή
830 3187 842 3199 ο
886 3166 1186 3240 Ἰσχύσατε,
1248 3173 1432 3242 χεῖρες
1481 3167 1754 3241 ἀνειμέναι
1802 3166 2033 3242 καὶγό-

385 3274 519 3308 νατα
587 3252 1062 3329 -παραλελυμένα-
1139 3254 1547 3330 παρακαλέσατε
1631 3256 1682 3309 οἰ
1769 3254 2029 3330 ὀλιγόψυ-

385 3361 482 3416 χοι
536 3342 647 3414 (13)
696 3345 765 3415 τῇ
825 3339 1055 3413 διανοίᾳ·
1116 3342 1394 3418 ἰσχύσατε,
1429 3345 1504 3416 μὴ
1564 3339 1833 3422 φοϐεῖσθε.
1891 3340 2030 3400 Ἰδοὺ

2210 1664 2299 1717 38.
2335 1666 2641 1721 Enimvero
2696 1666 2747 1721 si
2795 1666 2916 1721 haec
2964 1667 3035 1721 ad
3077 1666 3403 1723 faciendam
3433 1668 3609 1725 fidem
3640 1670 3785 1728 satis

2141 1765 2269 1806 esse
2302 1768 2419 1807 non
2452 1753 2832 1823 arbitrantur,
2860 1754 3069 1809 saltem
3101 1771 3170 1811 ex
3201 1754 3353 1825 aliis,
3377 1772 3507 1827 quae
3535 1756 3649 1829 ipsi
3680 1758 3784 1814 ha-

2140 1840 2297 1908 bent,
2323 1840 2574 1897 oraculis
2595 1842 2652 1897 id
2675 1842 2785 1898 sibi
2808 1842 3144 1914 persuaderi
3164 1843 3358 1899 velint.
3383 1844 3464 1901 De
3490 1862 3605 1917 quo
3626 1846 3783 1902 enim

2140 1927 2344 1983 dicunt
2372 1929 2664 2001 propheta:
2699 1947 2711 1985 :
2762 1931 2965 1986 Palam
2992 1934 3227 2002 apparui
3264 1932 3353 1987 his
3398 1934 3496 2003 qui
3536 1950 3629 1989 me
3672 1951 3785 1992 non

2139 2019 2459 2088 quaerebant
2486 2036 2505 2072 :
2534 2021 2787 2074 inventus
2814 2035 2939 2074 sum
2968 2036 3000 2074 a
3030 2036 3139 2075 non
3163 2020 3630 2091 interrogantibus
3657 2039 3743 2078 me
3760 2041 3781 2078 :

2140 2106 2280 2176 dixi,
2303 2108 2434 2162 Ecce
2451 2124 2592 2175 sum,
2608 2110 2758 2178 genti
2780 2125 2900 2179 qum
2923 2124 3034 2164 non
3053 2110 3328 2165 invocavit
3344 2124 3545 2165 nomen
3564 2126 3745 2166 meum
3759 2131 3780 2167 :

2140 2196 2381 2267 expandi
2407 2212 2604 2251 manus
2633 2213 2785 2251 meas
2828 2196 2905 2252 ad
2945 2198 3209 2268 populum
3234 2213 3349 2252 non
3375 2198 3705 2256 obedientem
3731 2208 3784 2256 et

2140 2284 2595 2340 contradicentem
2614 2285 2703 2338 95?
2753 2285 2913 2353 Quis,
2950 2302 3164 2357 quaeso,
3201 2285 3298 2340 ille
3337 2290 3426 2341 est
3453 2288 3554 2358 qui
3584 2287 3779 2359 palam

2142 2373 2408 2445 apparuit
2422 2374 2449 2426 ?
2466 2373 2673 2428 dixerit
2690 2373 2822 2445 quis
2844 2374 2913 2428 ad
2927 2374 3179 2429 Judaaos.
3194 2374 3338 2429 Nam
3362 2375 3412 2428 si
3434 2375 3781 2447 prophetam

2141 2462 2345 2517 volunt
2392 2477 2541 2532 esse,
2575 2462 2770 2517 dicant
2801 2463 3173 2532 quandonam
3205 2462 3672 2519 abscondebatur
3716 2468 3784 2520 ut

2143 2555 2342 2621 postea
2372 2549 2721 2621 appareret?
2752 2549 2950 2615 Qualis
2970 2565 3103 2605 vero
3135 2549 3232 2605 ille
3251 2554 3340 2605 est
3368 2550 3651 2622 propheta
3680 2552 3783 2623 qui

2142 2656 2211 2694 ex
2241 2639 2464 2693 occulto
2496 2638 2845 2693 manifestus
2875 2638 2977 2693 64
3025 2638 3213 2693 factus
3253 2641 3360 2708 est,
3392 2642 3449 2693 et
3477 2655 3690 2695 manus
3720 2639 3782 2695 in

2142 2743 2312 2783 cruce
2341 2726 2646 2783 extendit?
2687 2726 2896 2782 Nullus
2930 2731 3080 2782 certe
3104 2728 3421 2798 justorum,
3456 2728 3559 2782 sed
3589 2727 3781 2783 solum

2140 2814 2250 2868 fuit
2281 2813 2381 2868 Dei
2410 2813 2686 2881 Verbum,
2719 2814 2875 2883 quod
2905 2829 3041 2868 cum
3080 2830 3147 2868 ex
3195 2829 3304 2869 sua
3342 2817 3552 2869 natura
3578 2830 3783 2886 expers

2140 2906 2294 2959 esset
2324 2900 2602 2974 corporis,
2625 2905 2860 2973 propter
2885 2918 2992 2957 nos
3022 2918 3260 2973 corpore
3280 2902 3568 2973 apparuit,
3591 2906 3651 2958 et
3680 2918 3783 2974 pro

2140 2990 2417 3046 omnibus
2448 2991 2569 3061 pati
2599 2989 2802 3045 voluit.
2832 2989 3051 3044 Verum
3085 2989 3135 3045 si
3164 3005 3354 3060 neque
3390 2990 3449 3045 id
3492 2989 3607 3047 illis
3640 2991 3784 3047 satis

2140 3079 2333 3146 fuerit,
2353 3095 2421 3133 ex
2442 3077 2571 3133 aliis
2593 3076 2801 3133 saltem
2824 3076 3259 3147 convincantur,
3281 3078 3382 3148 qui
3408 3082 3528 3133 tam
3550 3078 3785 3136 evidens

2142 3171 2557 3240 argumentum
2606 3166 2680 3220 0b
2729 3164 2927 3221 oculos
2975 3166 3213 3236 habent,
3247 3166 3347 3221 ubi
3398 3181 3606 3238 nempe
3644 3166 3787 3224 dicit

2141 3256 2487 3327 Scriptura:
2538 3254 2910 3322 Roboramini,
2958 3270 3159 3309 manus
3202 3255 3446 3313 remissae
3494 3261 3551 3310 et
3606 3270 3788 3326 genua

2141 3345 2414 3401 dissoluta.
2442 3361 2461 3398 :
2506 3343 2886 3408 consolamini,
2919 3359 3012 3412 quz
3040 3342 3244 3414 pusillo
3271 3344 3455 3397 animo
3483 3344 3613 3398 estis
3642 3361 3658 3397 :
3704 3358 3791 3399 ro-

387 3431 416 3483 6
474 3430 605 3491 Θεὸς
672 3432 832 3502 ἡμῶν
911 3430 1085 3506 κρίσιν
1165 3429 1591 3486 ἀνταποδίδωσιν
1629 3454 1640 3467 ·
1701 3432 1861 3493 αὐτὸς
1916 3430 2032 3503 ἥξει

2154 3436 2447 3499 boramini,
2477 3448 2588 3488 non
2619 3434 2827 3487 timete.
2858 3433 2999 3486 Ecce
3029 3431 3165 3486 Deus
3196 3439 3379 3486 noster
3394 3430 3671 3502 judicium
3700 3447 3792 3487 re-

384 3518 476 3573 καὶ
536 3519 696 3573 σώσει
754 3521 923 3591 ἡμᾶς.
982 3518 1115 3573 Τότε
1171 3520 1594 3594 ἀνοιχθήσονται
1652 3521 1703 3574 οἱ
1759 3519 2036 3597 ὀφθαλμοὶ

329 3664 334 3669 ,
384 3605 632 3685 τυφλῶν,
690 3608 778 3661 καὶ
853 3605 965 3662 ὦτα
1040 3611 1237 3686 κωφῶν
1299 3608 1657 3664 ἀκούσονται.
1714 3608 1838 3663 τότε
1895 3607 2039 3663 ἀλεῖ-

386 3716 471 3750 ται
533 3695 607 3756 ὡς
665 3693 865 3771 ἔλαφος
928 3696 955 3749 ὁ
1014 3695 1227 3770 χωλὸς,
1268 3696 1356 3751 καὶ
1404 3698 1573 3772 τρανὴ
1626 3696 1769 3752 ἔσται
1818 3697 2040 3773 γλῶσσα

394 3781 735 3861 μογιλάλων.
769 3783 829 3837 Τί
874 3783 1054 3838 τοίνυν
1106 3785 1192 3838 καὶ
1234 3785 1357 3860 περὶ
1403 3786 1599 3840 τούτου
1646 3784 1893 3841 δύνανται
1949 3785 2036 3841 λέ-

388 3873 524 3948 γειν,
557 3871 593 3941 ἢ
624 3876 742 3934 πῶς
774 3870 921 3934 ὅλως
955 3872 1045 3927 καὶ
1076 3872 1213 3949 πρὸς
1262 3877 1423 3928 τοῦτο
1468 3872 1748 3947 τολμῶσιν
1796 3869 2041 3929 ἀντιϐλέ-

390 3982 505 4015 πειν
563 3962 714 4035 (14);
765 3962 827 4015 Ἡ
890 3962 984 4033 μὲν
1041 3961 1142 4037 γὰρ
1200 3962 1505 4040 προφητεία
1560 3963 1688 4017 Θεὸν
1750 3961 2037 4036 ἐπιδημεῖν

392 4049 643 4123 σημαίνει
682 4071 694 4083 ·
725 4050 792 4103 τὰ
822 4047 879 4105 δέ
913 4056 1116 4123 σημεῖα
1163 4051 1252 4105 καὶ
1295 4051 1386 4106 τὸν
1442 4051 1643 4128 χρόνον
1693 4058 1794 4122 τῆς
1842 4073 2041 4128 παρου-

392 4138 509 4201 σίας
566 4137 816 4215 γνωρίζει
848 4140 981 4213 (15).
1037 4139 1107 4192 Τό
1151 4160 1211 4194 τε
1256 4139 1360 4215 γὰρ
1408 4139 1646 4217 νυφλοὺς
1697 4134 2038 4213 ἀναϐλέπειν,

393 4226 484 4280 καὶ
514 4225 740 4301 χωλοὺς
771 4231 1114 4302 περιπατεῖν,
1148 4228 1237 4282 καὶ
1268 4227 1485 4305 κωφοὺς
1519 4228 1752 4300 ἀκούειν,
1785 4230 1873 4284 καὶ
1920 4250 2044 4305 τρα-

394 4319 614 4378 νοῢσθαι
654 4314 975 4391 μογιλάλων
1008 4316 1106 4383 τὴν
1139 4315 1412 4392 γλῶσσαν,
1437 4316 1524 4371 ἐπὶ
1554 4321 1622 4391 τῇ
1652 4317 1911 4392 γινομένῃ
1933 4320 2044 4391 (16)

396 4404 513 4475 θείᾳ
568 4403 838 4480 παρουσίᾳ
881 4402 1123 4479 λέγουσι.
1158 4404 1298 4458 Πότε
1348 4404 1526 4459 τοίνυν
1587 4404 1771 4481 γέγονε
1825 4410 2047 4461 τοιαῦτα

398 4499 603 4566 σημεῖα
660 4493 711 4548 ἐν
769 4497 847 4565 τῷ
900 4492 1144 4568 Ἰσραήλ,
1176 4493 1213 4562 ἢ
1246 4498 1351 4547 ποῦ
1393 4493 1639 4548 τοιοῦτόν
1671 4515 1722 4548 τι
1752 4493 1963 4569 γέγονεν
1995 4493 2045 4549 ἐν

394 4586 463 4657 τῇ
497 4580 752 4653 Ἰουδαίᾳ,
791 4581 1115 4657 λεγέτωσαν.
1160 4582 1371 4656 Λεπρὸς
1426 4581 1746 4658 ἐκαθαρίσθη
1803 4582 2051 4656 Νααμάν-

395 4670 522 4726 ἀλλ’
582 4670 644 4725 οὐ
700 4671 884 4748 κωφὸς
934 4669 1187 4743 ἤκουσεν,
1244 4669 1369 4725 οὐδὲ
1431 4669 1620 4746 χωλὸς
1670 4670 2047 4746 περιεπάτησε.

399 4758 603 4834 Νεκρὸν
634 4755 849 4835 ἤγειρεν
881 4758 1069 4821 Ἠλίας
1128 4759 1217 4814 καὶ
1268 4758 1575 4821 Ἐλισσαῖος
1614 4781 1625 4793 ο
1658 4759 1783 4815 ἀλλ’
1842 4761 1941 4815 οὐκ
1996 4760 2055 4815 ἐκ

400 4854 620 4923 γενετῆς
653 4843 922 4922 ἀνέϐλεψε
944 4847 1176 4925 τυφλός.
1211 4847 1360 4925 Μέγα
1395 4848 1488 4922 μὲν
1539 4848 1639 4925 γὰρ
1684 4848 1773 4903 καὶ
1816 4849 1880 4904 τὸ
1924 4849 2055 4925 ἐγεῖ-

2149 3524 2350 3581 tribuit
2379 3540 2397 3575 :
2445 3523 2563 3591 ipse
2602 3520 2777 3575 veniet
2812 3524 2865 3574 et
2896 3519 3129 3574 salvabit
3155 3534 3272 3574 nos.
3306 3520 3448 3575 Tunc
3476 3521 3794 3591 aperientur

2148 3613 2292 3671 oculi
2318 3625 2607 3675 caecorum,
2638 3617 2690 3664 et
2717 3624 2877 3663 aures
2905 3608 3198 3663 surdorum
3246 3606 3491 3663 audient.
3532 3609 3675 3664 Tunc
3701 3624 3794 3665 sa-

2150 3703 2245 3757 liet
2299 3702 2438 3756 sicut
2492 3712 2679 3752 cervus
2736 3696 2985 3761 claudus,
3044 3699 3094 3751 et
3148 3696 3401 3767 expedita
3453 3697 3560 3752 erit
3603 3697 3795 3768 lingua

2151 3788 2548 3846 balborum95'.
2569 3785 2716 3850 Quid
2739 3802 2875 3857 ergo
2896 3784 2980 3839 illi
3003 3786 3073 3839 de
3096 3785 3437 3855 hujusmodi
3460 3785 3794 3842 testimonio

2150 3883 2399 3951 possunt
2418 3875 2629 3945 dicere,
2656 3877 2758 3929 aut
2778 3874 3070 3944 quomodo
3092 3873 3181 3927 vel
3212 3872 3411 3928 oculos
3443 3877 3645 3929 contra
3672 3874 3791 3929 eri-

2150 3984 2283 4040 gere
2300 3964 2496 4021 ausint
2510 3962 2537 4017 ?
2560 3961 2859 4033 Siquidem
2884 3960 3189 4033 prophetia
3205 3960 3303 4017 Dei
3320 3961 3633 4017 adventum
3655 3978 3796 4034 prm-

2152 4055 2408 4123 nuntiat,
2439 4052 2612 4123 cujus
2661 4050 2945 4105 adventus
2993 4054 3227 4121 tempus
3266 4049 3438 4122 signa
3474 4050 3793 4107 declarant.

2150 4144 2371 4215 Nempe
2413 4139 2606 4196 divino
2655 4138 2752 4193 illo
2790 4139 3055 4211 adventu
3100 4154 3281 4195 caecos
3309 4138 3524 4205 videre,
3556 4139 3799 4196 claudos

2154 4231 2478 4296 ambulare,
2503 4229 2713 4284 surdos
2744 4226 2965 4294 audire,
2992 4231 3049 4281 et
3076 4227 3386 4282 balborum
3418 4225 3679 4298 linguam
3711 4244 3804 4283 ex-

2156 4319 2341 4393 pediri
2372 4319 2599 4373 docent.
2635 4315 2874 4380 Quando
2917 4314 3096 4385 igitur
3137 4313 3478 4385 hujusmodi
3527 4315 3696 4386 signa
3738 4315 3801 4371 in

2158 4408 2335 4465 Israel
2368 4407 2493 4461 visa
2525 4408 2683 4471 sunt,
2708 4402 2795 4458 vel
2826 4404 2927 4457 ubi
2956 4402 3068 4457 tale
3099 4403 3240 4473 quid
3272 4402 3328 4456 in
3350 4402 3553 4457 Judaaa
3582 4404 3803 4459 factum

2158 4497 2254 4564 sit,
2270 4496 2439 4552 nobis
2462 4494 2680 4549 dicant.
2699 4493 2987 4562 Leprosus
3011 4490 3248 4561 quidem
3261 4490 3521 4545 Naaman
3545 4492 3804 4547 mundus

2161 4588 2348 4642 lactus
2379 4588 2487 4652 est,
2512 4582 2610 4638 sed
2643 4580 2857 4636 surdus
2888 4596 3004 4633 non
3036 4579 3258 4633 audivit
3278 4594 3382 4633 nec
3412 4576 3657 4634 claudus
3679 4595 3803 4634 am-

2161 4674 2400 4731 bulavit.
2421 4673 2712 4728 Mortuum
2743 4667 3012 4723 excitavit
3028 4666 3183 4722 Elias
3205 4671 3261 4722 et
3280 4665 3543 4734 Elisaeus,
3566 4669 3667 4724 sed
3689 4685 3807 4724 non

2162 4763 2309 4819 vidit
2335 4763 2738 4818 caecus-natus.
2759 4757 3035 4827 Magnum
3061 4755 3299 4827 quidem
3321 4770 3516 4809 revera
3536 4760 3645 4827 est,
3660 4773 3811 4811 mor-

2165 4857 2333 4908 tuum
2361 4850 2609 4905 excitare
2634 4864 2646 4901 :
2684 4847 2785 4901 sed
2820 4861 2935 4899 non
2967 4843 3080 4899 tale
3106 4843 3213 4898 fuit
3241 4841 3613 4912 miraculum,
3639 4843 3813 4915 quale

404 4957 489 5011 ραι
521 4936 711 5012 νεκρὸν
745 4936 993 5007 ἀληθῶς,
1026 4935 1155 4992 ἀλλ’
1188 4937 1251 4992 οὐ
1277 4942 1550 5008 τοιοῦτον,
1585 4937 1774 4992 ὁποῖον
1814 4938 1877 4992 τὸ
1914 4939 2038 5015 παρὲ

2168 4940 2432 4997 Salvator
2459 4937 2662 4993 edidit.
2686 4935 2832 4989 Nam
2865 4933 2914 4988 si
2945 4932 3016 4987 de
3046 4932 3275 5004 leproso
3306 4935 3362 4986 et
3387 4930 3574 4985 viduae
3605 4933 3813 4987 defun-

402 5030 499 5079 τοῦ
530 5031 792 5102 Σωτῆρος
828 5027 1027 5099 θαῦμα.
1062 5025 1219 5094 Πλήν
1252 5025 1298 5081 εἰ
1326 5026 1389 5081 τὸ
1415 5026 1539 5102 περὶ
1570 5030 1667 5081 τοῦ
1719 5025 1921 5104 λεπροῦ
1969 5029 2057 5083 καὶ

475 5180 518 5215 π
548 5179 661 5236 Isa.
696 5196 821 5249 va,
858 5180 911 5248 1,
940 5181 994 5233 2.
1072 5180 1141 5215 π·
1173 5180 1282 5236 Isa.
1325 5197 1493 5248 xxxv,
1523 5181 1647 5235 3-6.

2170 5034 2261 5085 cto
2293 5028 2412 5083 ﬁlio
2442 5042 2557 5082 non
2587 5024 2774 5080 tacuit
2813 5021 3133 5095 Scriptura,
3167 5022 3217 5077 si
3266 5018 3468 5093 utique
3508 5020 3817 5080 accidisset

480 5331 592 5404 (11)
625 5331 722 5387 Sic
742 5331 979 5404 ,Anglic.
1009 5331 1185 5388 Basil.
1213 5331 1442 5389 Gobler.
1468 5332 1722 5404 Felckm.
1758 5331 1781 5389 1
1817 5349 1989 5392 anon.
2013 5340 2071 5394 et
2138 5358 2152 5373 ο
2178 5332 2583 5403 Goblerianus,
2618 5338 2675 5390 et
2720 5325 3095 5404 Felckmanni
3146 5331 3570 5404 lnanonymus,
3604 5323 3820 5381 ἀντιλὲ-

410 5402 653 5476 Seguer.
690 5403 801 5459 Alii
832 5402 966 5476 vero
998 5408 1056 5461 et
1096 5405 1261 5474 editi,
1292 5408 1371 5476 τῷ
1417 5402 1653 5476 τοιούτῳ
1693 5408 1789 5458 τοῦ
1840 5405 2068 5469 θανάτου

404 5473 599 5549 τρόπῳ
640 5476 674 5527 ἢ
718 5473 981 5550 σωτηρία.

477 5547 600 5617 (12)
632 5547 1051 5618 Seguerianus,
1085 5547 1267 5618 ἡμῶν.

633 5616 1050 5691 Seguerianus,
1097 5616 1462 5691 ὀλιγόπιστοι.

492 5688 610 5763 (14)
642 5688 736 5745 Sic
759 5690 1140 5763 Anglicanus,
1165 5688 1528 5759 B'asiliensis,
1552 5691 1981 5763 Seguerianus:
2015 5695 2074 5749 at

705 5817 971 5883 PATROL.
1018 5819 1131 5881 Gn.
1176 5818 1365 5881 XXV.

2180 5428 2316 5481 γειν.
2348 5408 2459 5481 Alii
2492 5411 2547 5481 et
2572 5396 2676 5461 'ed.
2710 5396 3393 5481 Οοωφςῌεηάποϐλέπεινξ

2251 5481 2363 5549 (15)
2392 5480 2485 5551 Sic
2516 5478 2753 5549 Seguer.
2788 5474 3059 5551 qui_ib_id.
3084 5479 3140 5529 et
3167 5470 3388 5551 Anglic.
3412 5471 3655 5551 verbum
3683 5486 3824 5551 γνιξξς

2221 5540 2313 5616 ίξει
2342 5540 2643 5619 οῐῐιὶαιιιιῖ,
2666 5540 2821 5619 quod
2850 5545 2945 5600 hic
2975 5546 3186 5619 iterum
3217 5543 3438 5597 habent
3469 5542 3567 5598 alii
3598 5546 3657 5596 et
3686 5540 3826 5595 éditi

2224 5614 2290 5676 0V0
2324 5622 2494 5675 modo
2528 5636 2540 5674 :
2578 5614 2708 5671 Γότέ
2738 5616 2839 5689 γὰρ
2872 5614 3144 5689 γνωρίζει.

2254 5694 2366 5766 (16)
2394 5685 2821 5763 Segueraniu's,
2836 5685 3122 5761 γενομένη.

3518 5812 3557 5877 6
