4178 6392
364 416 479 476 163

897 409 966 470 8.
1010 401 1437 468 ATHANASII
1480 400 1656 462 OPP.
1700 398 1904 460 PARS
1950 397 1996 457 Ι.
2032 428 2110 440 -
2141 396 2559 459 HISTORICA
2603 396 2703 457 ET
2747 395 3227 460 DOGMATICA.

3661 402 3779 462 164

365 550 433 602 ut
451 548 510 601 et
536 542 783 601 claudus
807 538 1137 597 ambularet
1164 540 1222 593 et
1249 551 1436 592 caecus
1453 534 1698 601 videret,
1722 531 1845 586 haec
1865 546 2014 601 quo-

2142 530 2226 580 τοῦ
2255 530 2451 602 νεκροῦ
2480 547 2582 596 της
2614 528 2796 603 χήρας
2847 526 2910 581 οὐ
2951 528 3287 597 σεσιώπηκεν
3320 529 3355 597 ἡ
3388 531 3573 607 Γραφή
3612 551 3623 564 ·
3653 530 3783 585 πάν-

368 650 485 706 que
513 644 973 689 commemorare
1004 644 1119 684 non
1142 624 1461 682 omisisset.
1487 622 1637 687 Quia
1664 636 1800 679 vero
1823 619 1895 674 de
1924 617 2019 673 his

373 722 550 778 silent
578 719 731 777 sacri
763 717 1009 786 codices,
1043 732 1160 772 non
1197 713 1362 787 prius
1405 712 1560 767 facta
1606 710 1790 765 fuisse
1839 706 2021 762 mani-

374 811 591 867 festum
620 807 758 865 inde
779 811 888 863 est.
910 805 1153 872 Quando
1172 802 1372 874 itaque
1399 800 1521 856 haec
1549 799 1884 865 evenerunt,
1904 793 2019 850 nisi

375 914 511 955 cum
525 896 722 970 ipsum
735 894 1099 952 DeiVerbum
1115 893 1177 948 in
1198 905 1436 963 corpore
1454 886 1761 960 apparuit?
1780 884 2020 949 Quando

376 1001 548 1060 porro
578 984 869 1058 apparuit,
900 981 1015 1039 nisi
1046 997 1180 1037 cum
1211 976 1402 1034 claudi
1442 973 1833 1041 ambulavere,
1862 970 2021 1060 balbi

378 1059 532 1132 clare
560 1072 740 1131 locuti
768 1075 928 1142 sunt,
960 1069 1125 1127 surdi
1156 1066 1489 1133 audierunt,
1522 1063 1656 1120 caeci
1703 1062 1823 1117 nati
1868 1059 2022 1115 vide.

376 1162 561 1220 runt?
588 1162 722 1219 Ideo
753 1161 910 1218 enim
939 1159 1034 1215 his
1062 1161 1205 1213 tunc
1235 1152 1565 1227 conspectis
1590 1151 1799 1218 Judaei,
1823 1152 1889 1204 ut
1920 1147 2019 1219 qui

374 1268 443 1309 ea
462 1266 769 1322 nunquam
794 1248 941 1305 alias
969 1248 1123 1303 facta
1142 1242 1524 1311 audivissent,
1544 1240 1778 1296 aiebant
1805 1255 1818 1292 :
1849 1238 1888 1293 A
1919 1253 2021 1293 sae-

373 1341 496 1396 culo
522 1354 637 1395 non
663 1341 745 1394 est
772 1336 1048 1406 auditum,
1080 1336 1214 1406 quia
1240 1333 1363 1406 quis
1399 1330 1620 1403 aperuit
1665 1327 1846 1384 oculos
1891 1326 2025 1383 caeci

376 1428 520 1484 nati.
549 1425 673 1482 Nisi
720 1431 857 1482 esset
903 1422 996 1505 hic
1045 1438 1081 1476 a
1125 1421 1253 1489 Deo,
1281 1435 1391 1476 non
1434 1418 1611 1489 posset
1653 1417 1836 1487 facere
1864 1412 2023 1487 quid-

380 1514 646 1587 quain“-

453 1777 545 1835 39.
574 1776 791 1833 Verum
814 1759 959 1831 forte
977 1772 1093 1846 ipsi
1120 1772 1293 1829 rebus
1322 1775 1444 1828 tam
1465 1768 1682 1843 apertis
1701 1781 2025 1840 repugnare

386 1882 505 1923 non
533 1863 813 1934 valentes,
843 1862 962 1919 ista
1014 1860 1252 1932 quidem
1282 1858 1501 1931 scripta
1526 1872 1655 1913 esse
1695 1872 1808 1911 non
1852 1856 2027 1909 ibunt

385 1952 635 2021 inﬁcias,
658 1951 761 2009 sed
781 1966 850 2007 ea
868 1966 931 2007 se
949 1951 1300 2021 exspectare,
1324 1946 1702 2017 nondumque
1723 1942 2027 1999 advenisse

382 2043 567 2100 Deum
582 2040 840 2097 Verbum
861 2036 1318 2111 respondebunt.
1338 2034 1400 2091 Id
1421 2034 1619 2107 ipsum
1646 2031 1800 2089 enim
1824 2046 2025 2104 perpe-

380 2146 508 2187 ram
533 2128 622 2185 illi
654 2128 944 2199 dictitant,
975 2142 1083 2183 nec
1112 2142 1212 2182 eos
1248 2124 1432 2198 pudet
1460 2124 1636 2179 rebus
1665 2120 1808 2177 adeo
1839 2118 2028 2175 mani-

379 2217 545 2275 festis
567 2215 942 2289 impudenter
959 2211 1276 2271 adversari.
1302 2212 1521 2267 Verum
1543 2210 1638 2265 hic
1657 2209 1833 2266 etiam
1856 2208 2031 2279 potis-

380 2306 601 2365 simum
629 2303 1113 2372 confutabuntur,
1146 2318 1263 2358 non
1295 2318 1330 2356 a
1369 2299 1538 2356 nobis
1568 2298 1830 2371 quidem,
1863 2296 1967 2352 sed
1996 2311 2032 2351 a

382 2392 821 2467 sapientissimo
849 2390 1108 2463 Daniele,
1142 2390 1244 2462 qui
1298 2393 1357 2445 et
1403 2402 1659 2460 praesens
1706 2391 1943 2456 tempus
1973 2388 2033 2439 et

380 2480 651 2538 divinum
674 2478 988 2537 Salvatoris
1008 2479 1324 2535 adventum
1354 2476 1447 2532 his
1466 2476 1659 2533 verbis
1685 2471 2030 2547 praesigniﬁ-

384 2568 540 2627 cavit
571 2585 587 2626 :
617 2567 981 2641 Septuaginta
1006 2565 1369 2623 hebdomades
1402 2571 1690 2622 contractae
1718 2564 1846 2617 sunt
1872 2574 2035 2631 super

385 2657 652 2730 populum
678 2665 837 2714 tuum
881 2658 933 2712 et
976 2671 1140 2728 super
1178 2656 1369 2711 urbem
1395 2661 1664 2721 sanctam,
1694 2653 1755 2707 ut
1783 2663 2031 2706 consum-

386 2748 570 2803 metur
588 2748 896 2817 peccatum,
925 2749 978 2800 et
1005 2744 1361 2816 obsignentur
1383 2750 1622 2814 peccata,
1656 2748 1708 2797 et
1742 2740 2037 2795 deleantur

387 2834 728 2907 iniquitates,
770 2841 823 2890 et
869 2835 1230 2890 remittantur
1279 2830 1597 2900 iniustitiae,
1637 2832 1689 2885 et
1733 2827 2036 2884 adducatur

377 2924 602 2997 justitia
629 2924 983 2995 sempiterna,
1013 2929 1066 2979 et
1092 2922 1405 2991 obsignetur
1431 2920 1569 2974 visio
1599 2925 1650 2973 et
1673 2916 1959 2989 propheta,
1982 2923 2036 2973 et

381 3020 634 3082 ungatur
652 3010 885 3067 Sanctus
911 3018 1251 3079 sanctorum,
1280 3015 1334 3063 et
1362 3022 1648 3077 cognosces
1674 3008 1725 3060 et
1749 3005 2036 3075 intelliges

387 3101 457 3159 ab
486 3101 644 3157 exitu
666 3100 937 3157 sermonis
963 3106 1023 3155 ut
1052 3095 1453 3169 respondeatur
1479 3098 1530 3150 et
1557 3094 1862 3164 aediﬁcetur
1878 3095 2036 3150 Jeru-

383 3189 563 3248 salem
590 3202 761 3261 usque
789 3187 861 3244 ad
885 3187 1163 3243 Christum
1191 3185 1385 3240 ducem
1408 3184 1471 3238 9".
1498 3183 1782 3255 Equidem
1812 3182 1871 3238 in
1903 3182 2035 3240 aliis

386 3277 630 3336 forsitan
658 3249 1038 3341 testimoniis,
1070 3272 1277 3330 saltem
1308 3270 1521 3343 effugia
1557 3249 1831 3344 reperire,
1861 3276 1920 3329 et
1966 3288 2035 3329 ea
2063 3249 2107 3319 C

387 3383 519 3440 qua
536 3365 755 3439 scripta
769 3369 910 3422 sunt
926 3364 988 3419 in
1005 3363 1272 3419 futurum
1287 3364 1523 3433 tempus
1540 3360 1772 3417 differre
1787 3362 2033 3434 possint.

391 3453 543 3522 Quid
590 3457 791 3511 autem
839 3452 914 3507 ad
960 3450 1082 3507 haec
1124 3449 1316 3506 dicere
1359 3449 1451 3507 vel
1480 3466 1769 3522 opponere
1798 3450 2034 3523 habent,

394 3543 497 3600 ubi
527 3557 738 3615 nempe
766 3544 825 3597 et
845 3539 1113 3596 Christus
1142 3538 1527 3611 signiﬁcatur,
1550 3543 1609 3595 et
1638 3539 1711 3605 is,
1735 3539 1834 3611 qui
1865 3540 2038 3613 ungi-

391 3636 514 3702 tur,
543 3647 661 3688 non
688 3630 865 3686 homo
897 3626 1259 3700 simpliciter,
1286 3628 1388 3685 sed
1418 3628 1669 3684 Sanctus
1698 3633 2035 3685 sanctorum

392 3734 524 3779 esse
548 3717 899 3785 declaratur,
923 3717 1020 3775 65
1046 3720 1105 3773 et
1127 3732 1316 3788 usque
1336 3717 1405 3772 ad
1431 3717 1560 3788 ejus
1581 3717 1891 3773 adventum
1921 3720 2041 3774 stat

388 3806 806 3876 Jerusalem,ac
816 3809 1016 3877 postea
1026 3805 1534 3877 desinitpmpheta
1543 3805 2040 3865 etvisioinlsrael?

394 3897 546 3955 Olim
594 3894 829 3968 quidem
874 3893 1079 3960 David,
1108 3892 1406 3965 Salomon,
1438 3897 1496 3949 et
1547 3894 1822 3951 Ezechias
1875 3896 2037 3953 uncti

395 3989 557 4054 sunt,
572 3984 672 4042 sed
693 3987 892 4040 tamen
913 3986 971 4038 et
992 3981 1313 4038 Jerusalem
1334 3985 1391 4037 et
1412 3980 1575 4038 locus
1600 3982 1780 4051 stetit,
1794 3984 2040 4056 prephe-

391 4079 583 4145 taque
609 4070 908 4129 vaticinati
938 4076 1097 4137 sunt,
1120 4069 1341 4126 scilicet
1369 4069 1513 4140 Gad,
1537 4070 1755 4141 Asaph,
1781 4071 2038 4145 Nathan,

390 4165 452 4218 et
498 4165 631 4234 post
675 4159 812 4216 illos
856 4159 1059 4228 Isaias,
1091 4158 1255 4228 Osee,
1286 4158 1464 4213 Amos
1494 4161 1552 4213 et
1581 4158 1699 4213 alii.
1732 4163 2037 4230 Praeterea,

389 4249 431 4305 ii
462 4250 560 4320 qui
591 4249 751 4305 uncti
783 4247 1038 4317 fuerunt,
1062 4246 1333 4302 homines
1367 4245 1602 4318 quidem
1637 4247 1821 4303 sancti
1852 4247 2038 4304 vocati

386 4341 548 4409 sunt,
579 4354 697 4394 non
732 4351 867 4392 vero
898 4334 1096 4392 Sancti
1126 4337 1485 4391 sanctorum.
1519 4335 1681 4401 Quod
1714 4335 1764 4390 si
1795 4337 2036 4409 captivi-

383 4428 567 4482 tatem
594 4423 893 4497 objiciant,
920 4427 979 4479 et
1005 4427 1240 4496 pr0pter
1259 4439 1410 4491 eam,
1432 4422 1756 4479 Jerusalem
1783 4441 1898 4480 non
1924 4430 2037 4481 ste-

380 4513 525 4571 tisse
545 4514 922 4578 contendant,
937 4512 1076 4584 quid
1096 4512 1167 4569 de
1184 4512 1485 4585 prophetis
1505 4512 2037 4570 dixerint?Etenim

2124 636 2234 675 τως
2292 614 2336 668 εἰ
2395 614 2627 691 ἐγεγόνει
2687 614 2777 669 καὶ
2833 614 3023 690 χωλὸν
3083 622 3422 691 περιπατεῖν,
3453 618 3541 673 καὶ
3572 619 3776 697 τυφλὸν

2126 697 2472 773 ἀναϐλέπειν,
2507 704 2606 758 οὐκ
2636 704 2695 758 ἂν
2727 711 2939 780 παρῆκε
2990 704 3078 759 καὶ
3121 709 3290 761 ταῦτα
3338 703 3589 776 δηλῶσαι
3621 709 3649 762 ὁ
3680 707 3777 764 λό-

2126 812 2241 867 γος.
2278 789 2497 860 Ἐπειδὴ
2549 790 2607 846 δὲ
2657 793 2991 862 σεσιώπηται
3040 792 3091 847 ἐν
3142 800 3261 857 ταῖς
3312 801 3571 874 Γραφαῖς,
3603 794 3775 867 δῆλόν

2129 878 2239 934 ἐστι
2276 881 2351 951 μὴ
2378 886 2694 955 γεγενῆσθαι
2722 886 2888 936 ταῦτα
2939 880 3226 957 πρότερον.
3262 883 3401 939 Πότε
3447 884 3540 939 οῦν
3590 885 3779 962 γέγονε

2126 972 2312 1040 ταῦτα,
2345 968 2391 1023 εἰ
2427 970 2502 1041 μὴ
2538 967 2626 1023 ὅτε
2656 969 2816 1031 αὑτὸς
2849 970 2877 1023 ὁ
2904 974 3003 1024 τοῦ
3052 974 3187 1025 Θεοῦ
3235 972 3410 1049 Λόγος
3465 973 3516 1029 ἐν
3564 975 3775 1046 σώματι

2128 1057 2496 1132 παραγεγονε;
2532 1057 2670 1111 Πότε
2702 1055 2758 1111 δὲ
2808 1058 3193 1133 παραγέγονεν,
3235 1060 3281 1115 εἷ
3333 1062 3410 1134 μὴ
3456 1060 3545 1117 ὅτε
3592 1061 3776 1137 χωλοὶ

2128 1144 2547 1219 περιεπάτησαν,
2581 1147 2669 1200 καὶ
2704 1146 2997 1222 μογιλάλοι
3044 1147 3442 1224 ἐτρανώθησαν,
3480 1149 3570 1206 καὶ
3598 1150 3777 1230 κωιροὶ

2129 1230 2389 1303 ἤκουσαν,
2423 1235 2513 1289 καὶ
2543 1234 2742 1312 τυφλοὶ
2770 1235 2829 1290 ἐκ
2855 1242 3076 1311 γενετῆς
3109 1233 3407 1312 ἀνέϐλεψαν
3434 1259 3447 1309 ;
3481 1239 3579 1294 Διᾶ
3614 1244 3777 1295 τοῦτο

2130 1323 2230 1397 γὰρ
2261 1322 2350 1376 καὶ
2383 1324 2433 1377 οἱ
2485 1323 2608 1379 τότε
2656 1328 2982 1400 θεωροῦντες
3012 1322 3265 1380 Ἰουδαῖοι
3312 1324 3522 1403 ἔλεγον,
3555 1328 3630 1391 ὡς
3680 1328 3781 1384 οὐκ

2133 1407 2335 1465 ἄλλοτε
2391 1418 2557 1467 ταῦτα
2611 1412 2876 1488 γενόμενα
2949 1413 3273 1476 ἀκούσαντες
3332 1417 3483 1490 (17).
3541 1422 3634 1471 Ἐκ
3680 1421 3779 1471 τοῦ

2132 1498 2332 1562 αἰῶνος
2393 1501 2493 1555 οὐκ
2548 1502 2815 1573 ἠκούσθη,
2869 1501 2952 1556 ὅτι
3028 1501 3232 1575 ἠνεῳξὲ
3299 1525 3382 1566 τις
3459 1502 3778 1582 ὀφθαλμοὺς

2130 1586 2340 1665 τυφλοῦ
2422 1590 2834 1665 γεγεννημένου.
2923 1590 2989 1644 Εἰ
3075 1592 3151 1664 μὴ
3239 1593 3306 1662 ἦν
3396 1593 3554 1656 οὗτος
3635 1594 3781 1670 παρὰ

2132 1680 2230 1730 τοῦ
2262 1677 2373 1750 (18)
2405 1681 2559 1749 Θεοῦ,
2592 1677 2692 1732 οὐκ
2721 1674 2943 1733 ἐδύνατο
2974 1685 3152 1735 ποιεῖν
3186 1678 3361 1736 οὐδὲν.

2205 1767 2293 1820 39.
2328 1764 2485 1821 Ἀλλ’
2544 1763 2675 1828 ἴσως
2733 1767 2809 1839 μή
2862 1764 3150 1840 δυνάμενοι
3195 1769 3285 1824 καὶ
3329 1770 3485 1826 αὐτοὶ
3531 1771 3669 1847 πρὸς
3714 1772 3783 1827 τὰ

2058 1890 2106 1955 Β
2138 1853 2338 1955 φανερά
2371 1851 2756 1955 διαμέχεσθαει,
2791 1854 2891 1909 οὐκ
2918 1855 3243 1930 ἀρνήσονται
3298 1858 3392 1929 μὶν
3429 1859 3498 1914 τὰ
3542 1881 3778 1936 γεγραμ-

2140 1943 2273 2016 μένα
2297 1963 2310 1976 ο
2362 1940 2668 2017 προσδοκᾷν
2703 1939 2761 1996 δὲ
2788 1947 2955 1996 ταῦτα
2992 1944 3081 1997 καὶ
3135 1942 3365 2016 μηδέπω
3414 1955 3779 2022 παραγεγενῆ-

2138 2045 2257 2096 σθαι
2285 2030 2375 2085 τὸν
2410 2032 2538 2085 Θεὸν
2568 2030 2742 2105 Λόγον
2776 2025 3280 2087 διαϐεϐαιώσονται.
3313 2030 3482 2089 Τοῦτο
3511 2037 3612 2110 γὰρ
3671 2037 3782 2090 ἄνω

2137 2119 2226 2175 καὶ
2255 2119 2402 2173 κάτω
2432 2118 2816 2194 θρυλλοῦντες,
2850 2120 2949 2174 οὐκ
3001 2119 3318 2196 ἐρυθριῶσιν
3375 2121 3783 2196 ἀναιδευόμενοι

2138 2209 2275 2284 πρὸς
2304 2208 2372 2262 τὰ
2401 2206 2601 2285 φανερά
2623 2210 2754 2280 (19).
2793 2208 2968 2264 Ἀλλά
2997 2209 3121 2283 περὶ
3151 2210 3347 2265 τούτου
3376 2211 3465 2266 καὶ
3496 2212 3603 2287 πρὸ
3658 2211 3787 2266 πάν-

2136 2318 2244 2352 των
2281 2295 2494 2368 μᾶλλον
2528 2295 2978 2372 ἐλεγχθήσονται,
3010 2296 3073 2352 οὐ
3104 2300 3231 2374 παρ’
3257 2301 3441 2371 ἡμῶν,
3473 2299 3619 2355 ἀλλὰ
3643 2302 3788 2376 παρὰ

2137 2389 2235 2441 τοῦ
2266 2384 2582 2463 σοφωτάτου
2615 2386 2819 2454 Δανιὴλ
2851 2387 3212 2459 σημαίνοντος
3260 2390 3349 2443 καὶ
3401 2389 3494 2444 τὸν
3547 2389 3790 2465 παρόντα

2138 2474 2349 2549 καιρὸν,
2372 2473 2461 2528 καὶ
2490 2474 2589 2541 τὴν
2625 2473 2766 2536 θείαν
2798 2478 2896 2528 τοῦ
2926 2481 3188 2551 Σωτῆρος
3224 2474 3540 2550 ἐπιδημίαν,
3559 2478 3648 2533 καὶ
3672 2481 3785 2552 (20)

2144 2560 2437 2638 λὲγοντοςο
2511 2556 2923 2634 Ἑϐδομήκοντα
2994 2559 3293 2638 ἑϐδομάδες
3375 2569 3786 2638 συνετμήθησαν

2144 2651 2231 2706 ἐπὶ
2277 2651 2369 2705 τὸν
2418 2650 2547 2705 λαόν
2596 2671 2713 2721 σου,
2745 2650 2835 2705 καὶ
2877 2650 2964 2706 ἐπὶ
3007 2654 3105 2721 τὴν
3158 2652 3321 2708 πόλιν
3351 2654 3450 2723 τήν
3484 2654 3659 2731 ἆγίαν,
3688 2660 3787 2710 τοῦ

2144 2739 2559 2809 συντελεσθῆναι
2645 2739 2931 2815 ἁμαρτίαν,
3033 2741 3123 2795 καὶ
3213 2746 3309 2796 τνῦ
3396 2751 3788 2819 σφραγισθῆναι

2145 2828 2429 2903 ἁμαρτίας,
2483 2828 2571 2882 καὶ
2629 2827 2925 2901 ἀπαλεῖψαι
2986 2830 3099 2903 (21)
3138 2830 3234 2892 τὰς
3293 2828 3524 2904 ἀδικίας,
3556 2833 3646 2887 καὶ
3692 2838 3790 2888 τοῦ

2146 2916 2484 2990 ἐξιλάσασθαι
2540 2916 2636 2979 τὰς
2696 2914 2927 2989 ἀδικίας,
2987 2918 3076 2972 καὶ
3130 2923 3228 2973 τοῦ
3294 2920 3507 2996 ἀγαγεῖν
3587 2919 3790 2977 δικαιο-

2146 3006 2310 3076 σύνην
2368 3005 2591 3060 αἰώνιον
2638 3004 2727 3060 καὶ
2784 3010 2881 3060 τοῦ
2938 3005 3221 3083 σφραγίσαι
3283 3006 3466 3083 ὅρασιν
3526 3011 3615 3065 καὶ
3660 3032 3792 3087 προ-

2146 3097 2345 3172 φήτην,
2379 3094 2467 3150 καὶ
2496 3098 2594 3149 τοῦ
2642 3099 2830 3169 χρῖσαι
2862 3097 3048 3171 “Αγιον
3103 3096 3288 3171 ἅγίων,
3320 3099 3409 3151 καὶ
3465 3100 3647 3174 γνώσῃ

2146 3184 2234 3239 καὶ
2322 3184 2569 3254 συνήσεις
2639 3182 2746 3237 ἀπὸ
2795 3180 2980 3255 ἐξόδου
3030 3183 3198 3259 λόγου
3254 3190 3351 3240 τοῦ
3406 3186 3792 3264 ἀποκριθῆναι,

2144 3272 2234 3329 καὶ
2288 3276 2385 3327 τοῦ
2474 3269 2837 3345 οἰκοδομῆσαι
2932 3272 3295 3347 Ἰερουσαλὴμ
3372 3272 3476 3338 ἕως
3558 3282 3793 3353 Χριστοῦ

2144 3359 2473 3437 ἡγουμένου.
2507 3361 2663 3422 Ἴσως
2700 3359 2787 3414 ἐπὶ
2816 3365 2933 3423 τοῖς
2964 3359 3158 3424 ἄλλοις
3206 3362 3301 3417 κᾶν
3357 3363 3650 3442 πρνφάσεις
3703 3366 3790 3421 εὑ-

2149 3450 2347 3525 ρίσκειν
2382 3446 2652 3522 δύνανται,
2684 3448 2773 3503 καὶ
2807 3448 2883 3511 εἷς
2919 3448 3193 3521 μέλλοντα
3239 3451 3441 3528 χρόνον
3492 3448 3793 3510 ἀναϐάλλε-

2146 3550 2266 3603 σθαι
2295 3537 2363 3592 τά
2389 3536 2754 3614 γεγραμμένα.
2797 3536 2857 3591 Τί
2888 3535 2945 3592 δὲ
2974 3538 3111 3613 πρὸς
3140 3543 3307 3595 ταῦτα
3337 3539 3511 3617 λέγειν
3551 3543 3587 3611 ἢ
3640 3540 3788 3606 ὅλως

2146 3626 2461 3695 ἀντωπῆσαι
2494 3624 2764 3698 δύνανται,
2798 3624 2936 3681 ὅπου
2982 3647 3044 3702 γε
3072 3626 3162 3681 καὶ
3191 3628 3220 3681 ὁ
3249 3628 3479 3703 Χριστὸς
3534 3630 3791 3703 σημαίνε-

2143 3714 2364 3785 ται,“καὶ
2394 3712 2423 3767 ὀ
2453 3713 2751 3789 χριόμενος
2783 3715 2883 3769 οῦκ
2913 3715 3196 3790 ἄνθρωπος
3224 3714 3579 3789 ἁπλῶς,ἀλλ’
3598 3721 3787 3796 ’Ἄγιος

2146 3804 2311 3880 ἁγίων
2361 3802 2495 3879 εἶναι
2543 3802 2985 3878 καταγγέλλεται,
3032 3804 3121 3858 καὶ
3176 3801 3279 3865 ἓως
3336 3812 3437 3875 τῆς
3496 3808 3793 3883 παρουσίας

2146 3893 2310 3948 αὐτοῦ
2338 3890 2697 3967 Ἰερουσαλήμ
2746 3891 3051 3946 συνίσταται
3087 3892 3220 3964 (23),
3268 3892 3358 3946 καὶ
3409 3892 3601 3949 λοιπὸν
3653 3898 3792 3952 παύ-

2148 4003 2258 4036 εται
2318 3982 2605 4057 προφήτης
2652 3978 2741 4034 καὶ
2801 3978 2987 4054 ὅρασις
3040 3979 3092 4033 ἐν
3125 3983 3205 4050 τῷ
3239 3980 3496 4054 Ἰσραήλ;
3530 3984 3792 4059 Ἐχρίσθη

2146 4069 2314 4125 πάλαι
2365 4063 2551 4139 Δαϐὶδ,
2594 4067 2681 4122 καὶ
2735 4067 3026 4139 Σολομὼν,
3060 4066 3151 4120 καὶ
3198 4067 3434 4136 Ἐζεκίας
3462 4090 3474 4102 ·
3524 4069 3672 4126 ἀλλὰ
3707 4073 3799 4127 καὶ

2146 4156 2311 4213 πάλιν
2359 4155 2743 4232 Ἰερουσαλὴμ,
2811 4155 2902 4210 καὶ
2962 4157 2990 4208 ὁ
3045 4155 3213 4218 τόπος
3293 4160 3650 4231 συνειστήκει,
3707 4162 3797 4215 καὶ

2146 4253 2423 4324 προφῆται
2472 4246 2865 4322 προεφήτευον,
2915 4241 3043 4316 Γὰδ,
3094 4245 3182 4299 καὶ
3219 4246 3408 4323 Ἀσὰιρ,
3460 4246 3550 4301 καὶ
3600 4251 3800 4321 Ναθάν,

2146 4336 2235 4390 καὶ
2268 4336 2417 4407 ὁμετ⁹
2445 4331 2640 4395 αὐτοὺς
2677 4336 2788 4407 (24)
2820 4334 3061 4405 ᾛσαῖας,
3094 4333 3183 4388 καὶ
3226 4334 3406 4407 Ὠσηὲ,
3440 4336 3529 4390 καὶ
3585 4337 3796 4412 Ἀμὼς,

2144 4425 2234 4480 καὶ
2283 4423 2466 4480 ἄλλοι.
2500 4424 2723 4477 Ἔπειτα
2778 4423 2866 4477 καὶ
2918 4422 3071 4477 αὐτοὶ
3111 4424 3163 4477 οἱ
3222 4422 3536 4499 ’χρισθέντες
3592 4426 3799 4503 ἄνθρω-

2146 4534 2239 4568 ποι
2272 4514 2437 4589 ἅγιοι,
2468 4511 2558 4566 καὶ
2599 4510 2706 4586 οὐχ
2756 4512 2898 4588 ἅγιοι
2940 4511 3103 4587 ἁγίων
3155 4510 3485 4583 ἐκλήθησαν.
3521 4512 3677 4571 Ἀλλ’
3704 4514 3791 4569 ἐὰν

383 4606 700 4676 postquam
746 4601 883 4659 olim
934 4600 1188 4674 populus
1219 4601 1573 4674 Babylonem
1604 4602 1892 4659 deductus
1923 4608 2030 4676 est,

2142 4603 2238 4672 τήν
2272 4599 2658 4676 αἰχμαλωσίαν
2689 4594 3097 4675 προϐάλωνται,
3122 4599 3212 4654 καὶ
3241 4597 3310 4654 δι’
3340 4599 3507 4670 αὐτὴν
3546 4602 3623 4675 μὴ
3657 4602 3791 4658 εἶναι

445 4717 491 4755 ⁸⁸
516 4716 684 4774 Joan.
718 4733 796 4788 IX,
825 4716 914 4785 32,
946 4716 1033 4771 33.
1110 4717 1155 4752 9"
1185 4715 1328 4771 Dan.
1365 4734 1441 4785 ιχ,
1478 4717 1568 4785 24,
1598 4717 1689 4772 25.

446 4832 560 4905 (_17_)
591 4830 821 4889 Gobler.
853 4835 919 4905 et
939 4830 1193 4905 Felclgm:
1241 4832 1267 4885 1
1311 4847 1509 4905 anon.,
1539 4826 1748 4905 ἔλεγον·
1784 4826 2023 4905 Οὑδὲποε-

372 4921 431 4956 τε
454 4899 740 4978 ’ἐγηγερται
787 4904 1036 4962 τοιοῦτος
1080 4899 1131 4954 ἐν
1179 4899 1399 4976 Ἰσραὴλ
1445 4899 1504 4955 ἐκ
1530 4905 1625 4955 τοῦ
1648 4899 1877 4963 ἀίῶνος.
1910 4904 2022 4958 Alii

373 4979 433 5029 et
462 4975 602 5029 editi
637 4978 847 5029 praeter
878 4990 989 5029 ms.
1020 4973 1258 5029 Seguer.
1291 4979 1422 5029 post
1460 4972 1753 5029 ἀκούσαντε
1797 4977 2022 5029 addunt

373 4979 433 5030 et
462 4975 602 5030 editi

369 5045 513 5102 item
544 5039 825 5110 οὐδεποτε,
854 5049 989 5110 etc.,
1015 5039 1141 5117 qué
1172 5039 1404 5117 Seguer.
1432 5061 1547 5100 non
1579 5045 1775 5111 habet,
1802 5063 1905 5101 nec
1938 5046 2019 5101 le-

369 5060 513 5102 nem
544 5060 825 5110 οοοεποτε,
854 5060 989 5110 etc.,
1015 5060 1141 5169 quae
1172 5060 1404 5117 neguer.
1432 5061 1547 5100 non
1580 5060 1775 5111 habet,
1802 5063 1905 5101 nec
1938 5060 2017 5101 1e-

369 5122 594 5190 guntur
621 5117 1022 5190 apudAevang‘e
1052 5116 1246 5190 istam,
1272 5116 1354 5170 uti
1388 5132 1493 5172 nec
1523 5117 1792 5188 legerunt
1815 5118 2017 5172 Omni-

369 5187 560 5245 bonus
591 5192 649 5242 et
664 5187 939 5243 ’Ambros.
972 5187 1234 5241 Camald.

438 5259 554 5332 (18)
578 5258 697 5332 Τοῦ
742 5259 909 5332 deest
953 5258 1011 5332 in
1062 5258 1299 5332 Seguer.
1333 5257 1563 5332 Gobler.
1606 5263 1662 5332 et
1692 5259 1952 5332 Folckm_._
1985 5261 2011 5315 1

367 5326 543 5411 anon;
578 5329 722 5411 l_bi_d:
758 5328 1106 5411 particulam
1142 5326 1258 5411 :on
1306 5346 1481 5411 quam
1532 5328 1750 5411 habent
1787 5330 2011 5411 Anglic.

2128 5259 2385 5314 Felckm.
2422 5260 2446 5312 1
2485 5276 2681 5324 anon.,

2205 4829 2700 4905 (‘31)_Sic__Gobler.
2727 4830 2979 4905 Felic‘km.
3017 4832 3250 4905 1_anon.
3276 4832 3513 4905 seguer.
3542 4835 3615 4905 et
3629 4833 3784 4905 apud

2134 4899 2354 4958 Daniel.
2379 4902 2489 4957 Alii
2523 4919 2654 4957 vero
2686 4907 2745 4956 et
2772 4902 2911 4957 editi
2946 4899 3262 4973 ἀπολεῖψαι.
3296 4904 3444 4973 Ibid.
3478 4899 3708 4959 Gobler.
3732 4908 3791 4959 et

681 4978 847 5029 raeter
878 4990 989 5029 ms.
1020 4971 1264 5045 Seguer
1290 4979 1422 5044 post
1460 4972 1753 5034 ἀκούσαντς
1797 4977 2024 5031 addunt

2142 4975 2465 5045 Felckman.
2524 4977 2545 5027 1
2600 4990 2774 5029 anon.
2829 4990 2962 5028 mox
2994 4971 3247 5045 habent,
3300 4971 3639 5044 ἐξιλάσασθαι
3692 4974 3787 5035 τὰς

2132 5044 2379 5127 ἀνομίας..
2404 5046 2549 5127 Item
2582 5044 3107 5127 ibid.‘particula‘m
3140 5043 3261 5127 καί,
3289 5043 3421 5127 qua:
3452 5045 3785 5127 iubs-eguer.

2129 5124 2187 5173 et
2216 5114 2372 5179 apud
2403 5115 2700 5171 Danielem
2736 5114 2971 5185 legitur,
3006 5116 3101 5170 alii
3151 5122 3208 5171 ct
3238 5114 3376 5172 editi
3411 5114 3712 5172 omittunt.

2200 5190 2317 5313 (22)
2350 5188 2444 5243 Sic
2475 5188 2712 5259 Seguer.
2749 5193 2813 5242 ut
2842 5193 2898 5241 et
2926 5188 3144 5255 legitur
3174 5188 3328 5259 apud
3367 5188 3581 5243 Daniel.
3607 5187 3786 5244 Basil.

2230 5262 2385 5313 ckm.
2422 5260 2446 5312 1
2485 5276 2681 5313 anon..
2715 5257 2947 5313 γνώσης.
2982 5259 3094 5312 Alii
3136 5264 3194 5313 et
3235 5259 3398 5313 editi.
3429 5258 3675 5313 γνώσεις.

2715 5257 2947 5330 γνώσῃς.
2982 5259 3094 5312 Alii
3136 5257 3398 5324 ctﬁediti,
3429 5258 3675 5330 γνώσεις.

2196 5332 2309 5401 (23)
2343 5330 2451 5401 Sic
2485 5332 2628 5401 Aug.
2669 5316 3136 5385 'BasilfGobler.
3177 5316 3395 5401 AFelck;
3430 5316 3455 5385 1
3507 5316 3681 5385 anon.
3734 5334 3793 5385 et

367 5400 543 5457 Basil.
580 5399 806 5456 Gobler.
845 5400 1095 5456 Felckm.
1140 5401 1166 5454 1
1222 5417 1397 5455 anon.
1430 5404 1488 5455 et
1533 5401 1796 5472 Seguer.,
1830 5399 1927 5457 alii
1958 5406 2015 5457 et
2124 5399 2360 5471 Seguer.
2392 5400 2503 5455 Alii
2554 5406 2609 5456 et
2639 5401 2815 5472 editio
2846 5402 3033 5467 Com.,
3068 5399 3435 5463 συνίστασθαι.
3472 5402 3618 5457 Ibid.
3653 5418 3790 5458 mox

366 5472 506 5526 editi
537 5472 837 5528 omittunt.

357 5613 544 5747 ωεὲιη
577 5613 679 5671 Καί
712 5613 1107 5690 Seguerianus
1158 5614 1353 5686 habet,
1386 5613 1485 5671 alii
1523 5613 1592 5671 "et
1640 5614 1781 5672 editi
1831 5616 2009 5673 omit-

2119 5468 2364 5548 Anpizli‘ci,
2407 5470 2732 5548 προφητεία.

2193 5546 2305 5616 (24)
2336 5544 2391 5597 '0
2439 5540 2557 5616 μετ’
2584 5540 2780 5603 αὐτούς
2812 5544 3058 5616 αὒεεῐηιι
3096 5543 3333 5616 Gobler.
3368 5548 3431 5616 et
3456 5543 3777 5616 Felclgm._1

2119 5610 2317 5685 anon.,
2351 5616 2379 5671 ὁ
2410 5610 2481 5673 ab
2510 5616 2768 5688 Seguer.,
2794 5615 2909 5689 μετ’
2938 5610 3139 5678 αὕτοῦς
3173 5616 3247 5671 ab
3268 5615 3493 5689 Anglic.
3517 5620 3575 5674 et
3598 5614 3779 5675 Basil.
