  <div class='ocr_page' id='page_1' title='image "/cluster/home/n/w/nwhite01/storage/ocr_20150623/25:no.1/coo.31924054873066/376.png"; bbox 0 0 4178 6420; ppageno 0'>
   <div class='ocr_carea' id='block_1_1' title="bbox 338 459 454 520">
    <p class='ocr_par' dir='ltr' id='par_1_1' title="bbox 338 459 454 520">
     <span class='ocr_line' id='line_1_1' title="bbox 338 459 454 520; baseline 0.009 -2"><span class='ocrx_word' id='word_1_1' title='bbox 338 459 454 520; x_wconf 80' lang='grc'>165</span> 
     </span>
    </p>
   </div>
   <div class='ocr_carea' id='block_1_2' title="bbox 1358 455 2736 520">
    <p class='ocr_par' dir='ltr' id='par_1_2' title="bbox 1358 455 2736 520">
     <span class='ocr_line' id='line_1_2' title="bbox 1358 455 2736 520; baseline -0.001 -1"><span class='ocrx_word' id='word_1_2' title='bbox 1358 458 1654 519; x_wconf 77' lang='lat' dir='ltr'>ORATIO</span> <span class='ocrx_word' id='word_1_3' title='bbox 1697 457 1800 517; x_wconf 90' lang='lat' dir='ltr'>DE</span> <span class='ocrx_word' id='word_1_4' title='bbox 1843 455 2431 519; x_wconf 81' lang='lat' dir='ltr'>INCARNATIONE</span> <span class='ocrx_word' id='word_1_5' title='bbox 2476 461 2736 520; x_wconf 82' lang='lat' dir='ltr'>VERBI.</span> 
     </span>
    </p>
   </div>
   <div class='ocr_carea' id='block_1_3' title="bbox 3616 464 3735 524">
    <p class='ocr_par' dir='ltr' id='par_1_3' title="bbox 3616 464 3735 524">
     <span class='ocr_line' id='line_1_3' title="bbox 3616 464 3735 524; baseline -0.017 0"><span class='ocrx_word' id='word_1_6' title='bbox 3616 464 3735 524; x_wconf 83' lang='grc'>166</span> 
     </span>
    </p>
   </div>
   <div class='ocr_carea' id='block_1_4' title="bbox 334 586 1984 667">
    <p class='ocr_par' dir='ltr' id='par_1_4' title="bbox 334 587 1978 665">
     <span class='ocr_line' id='line_1_4' title="bbox 334 587 1978 665; baseline -0.004 -20"><span class='ocrx_word' id='word_1_7' title='bbox 334 588 529 665; x_wconf 81' lang='grc' dir='ltr'>λέγωσι</span> <span class='ocrx_word' id='word_1_8' title='bbox 577 589 677 657; x_wconf 81' lang='grc' dir='ltr'>τήν</span> <span class='ocrx_word' id='word_1_9' title='bbox 732 588 1117 663; x_wconf 82' lang='grc' dir='ltr'>Ἰερουσαλήμ·</span> <span class='ocrx_word' id='word_1_10' title='bbox 1147 587 1200 642; x_wconf 87' lang='grc' dir='ltr'>τί</span> <span class='ocrx_word' id='word_1_11' title='bbox 1230 589 1317 643; x_wconf 86' lang='grc' dir='ltr'>καὶ</span> <span class='ocrx_word' id='word_1_12' title='bbox 1374 588 1497 663; x_wconf 83' lang='grc' dir='ltr'>περὶ</span> <span class='ocrx_word' id='word_1_13' title='bbox 1545 592 1652 642; x_wconf 86' lang='grc' dir='ltr'>τῶν</span> <span class='ocrx_word' id='word_1_14' title='bbox 1684 588 1978 664; x_wconf 86' lang='grc' dir='ltr'>προφητῶν</span> 
     </span>
    </p>
   </div>
   <div class='ocr_carea' id='block_1_5' title="bbox 2102 586 3735 667">
    <p class='ocr_par' dir='ltr' id='par_1_5' title="bbox 2102 586 3735 667">
     <span class='ocr_line' id='line_1_5' title="bbox 2102 586 3735 667; baseline 0.007 -28"><span class='ocrx_word' id='word_1_15' title='bbox 2102 586 2211 642; x_wconf 90' lang='lat' dir='ltr'>illic</span> <span class='ocrx_word' id='word_1_16' title='bbox 2243 588 2439 645; x_wconf 82' lang='lat' dir='ltr'>Daniel</span> <span class='ocrx_word' id='word_1_17' title='bbox 2470 596 2527 646; x_wconf 91' lang='lat' dir='ltr'>et</span> <span class='ocrx_word' id='word_1_18' title='bbox 2554 592 2838 648; x_wconf 86' lang='lat' dir='ltr'>Jeremias</span> <span class='ocrx_word' id='word_1_19' title='bbox 2860 594 3120 664; x_wconf 84' lang='lat' dir='ltr'>aderant,</span> <span class='ocrx_word' id='word_1_20' title='bbox 3153 593 3735 667; x_wconf 87' lang='lat' dir='ltr'>vaticinabanturque</span> 
     </span>
    </p>
   </div>
   <div class='ocr_carea' id='block_1_6' title="bbox 333 671 1984 753">
    <p class='ocr_par' dir='ltr' id='par_1_6' title="bbox 333 671 1984 753">
     <span class='ocr_line' id='line_1_6' title="bbox 333 671 1984 753; baseline -0.003 -21"><span class='ocrx_word' id='word_1_21' title='bbox 333 677 391 732; x_wconf 81' lang='grc' dir='ltr'>ἃν</span> <span class='ocrx_word' id='word_1_22' title='bbox 442 674 641 731; x_wconf 58' lang='grc' dir='ltr'>εἷίποιεν</span> <span class='ocrx_word' id='word_1_23' title='bbox 678 677 815 746; x_wconf 84' lang='lat' dir='ltr'>;Kui</span> <span class='ocrx_word' id='word_1_24' title='bbox 862 677 963 753; x_wconf 71' lang='grc' dir='ltr'>γὰρ</span> <span class='ocrx_word' id='word_1_25' title='bbox 1013 676 1205 748; x_wconf 86' lang='grc' dir='ltr'>πάλαι,</span> <span class='ocrx_word' id='word_1_26' title='bbox 1258 671 1675 737; x_wconf 88' lang='grc' dir='ltr'>καταϐαίνοντος</span> <span class='ocrx_word' id='word_1_27' title='bbox 1706 680 1803 730; x_wconf 88' lang='grc' dir='ltr'>τοῦ</span> <span class='ocrx_word' id='word_1_28' title='bbox 1854 674 1984 728; x_wconf 83' lang='grc' dir='ltr'>λαοῦ</span> 
     </span>
    </p>
   </div>
   <div class='ocr_carea' id='block_1_7' title="bbox 2102 671 3092 753">
    <p class='ocr_par' dir='ltr' id='par_1_7' title="bbox 2102 676 3092 751">
     <span class='ocr_line' id='line_1_7' title="bbox 2102 676 3092 751; baseline 0.011 -23"><span class='ocrx_word' id='word_1_29' title='bbox 2102 676 2379 743; x_wconf 79' lang='lat' dir='ltr'>Ezechiel,</span> <span class='ocrx_word' id='word_1_30' title='bbox 2412 680 2655 751; x_wconf 69' lang='lat' dir='ltr'>Aggmus</span> <span class='ocrx_word' id='word_1_31' title='bbox 2682 686 2737 736; x_wconf 87' lang='lat' dir='ltr'>et</span> <span class='ocrx_word' id='word_1_32' title='bbox 2766 681 3092 739; x_wconf 85' lang='lat' dir='ltr'>Zacharias.</span> 
     </span>
    </p>
   </div>
   <div class='ocr_carea' id='block_1_8' title="bbox 331 761 3731 847">
    <p class='ocr_par' dir='ltr' id='par_1_8' title="bbox 331 761 3731 847">
     <span class='ocr_line' id='line_1_8' title="bbox 331 761 3731 847; baseline 0.002 -27"><span class='ocrx_word' id='word_1_33' title='bbox 331 765 406 828; x_wconf 85' lang='grc' dir='ltr'>εἷς</span> <span class='ocrx_word' id='word_1_34' title='bbox 465 761 780 839; x_wconf 87' lang='grc' dir='ltr'>Βαϐυλῶνα,</span> <span class='ocrx_word' id='word_1_35' title='bbox 838 769 975 835; x_wconf 73' lang='grc' dir='ltr'>ἦσαν</span> <span class='ocrx_word' id='word_1_36' title='bbox 1034 766 1145 821; x_wconf 77' lang='grc' dir='ltr'>ἐκεῖ</span> <span class='ocrx_word' id='word_1_37' title='bbox 1203 766 1409 834; x_wconf 69' lang='grc' dir='ltr'>Δανιὴλ</span> <span class='ocrx_word' id='word_1_38' title='bbox 1469 767 1558 821; x_wconf 88' lang='grc' dir='ltr'>καὶ</span> <span class='ocrx_word' id='word_1_39' title='bbox 1616 765 1898 840; x_wconf 77' lang='grc' dir='ltr'>Ἱερεμίας·</span> <span class='ocrx_word' id='word_1_40' title='bbox 1958 766 2325 840; x_wconf 81' lang='grc' dir='ltr'>προεφήτευον</span> <span class='ocrx_word' id='word_1_41' title='bbox 2390 764 2447 819; x_wconf 72' lang='grc' dir='ltr'>δέ</span> <span class='ocrx_word' id='word_1_42' title='bbox 2507 768 2764 836; x_wconf 72' lang='grc' dir='ltr'>Ἰεζεκιήλ</span> <span class='ocrx_word' id='word_1_43' title='bbox 2822 769 2909 823; x_wconf 83' lang='grc' dir='ltr'>καὶ</span> <span class='ocrx_word' id='word_1_44' title='bbox 2967 771 3216 845; x_wconf 79' lang='grc' dir='ltr'>Ἀγγαῖος</span> <span class='ocrx_word' id='word_1_45' title='bbox 3274 770 3362 825; x_wconf 81' lang='grc' dir='ltr'>καὶ</span> <span class='ocrx_word' id='word_1_46' title='bbox 3414 771 3683 847; x_wconf 79' lang='grc' dir='ltr'>Ζαχαρίας</span> <span class='ocrx_word' id='word_1_47' title='bbox 3717 812 3731 826; x_wconf 96' lang='grc'>.</span> 
     </span>
    </p>
   </div>
   <div class='ocr_carea' id='block_1_9' title="bbox 401 852 1985 931">
    <p class='ocr_par' dir='ltr' id='par_1_9' title="bbox 401 852 1985 931">
     <span class='ocr_line' id='line_1_9' title="bbox 401 852 1985 931; baseline -0.003 -20"><span class='ocrx_word' id='word_1_48' title='bbox 401 857 488 911; x_wconf 79' lang='grc'>40.</span> <span class='ocrx_word' id='word_1_49' title='bbox 521 855 725 909; x_wconf 74' lang='grc' dir='ltr'>Οὐκοῦν</span> <span class='ocrx_word' id='word_1_50' title='bbox 782 853 1178 931; x_wconf 73' lang='grc' dir='ltr'>μυθολογοῦσιν</span> <span class='ocrx_word' id='word_1_51' title='bbox 1214 856 1265 909; x_wconf 77' lang='lat' dir='ltr'>oi</span> <span class='ocrx_word' id='word_1_52' title='bbox 1298 852 1576 925; x_wconf 80' lang='grc' dir='ltr'>Ἰουδαῖοι,</span> <span class='ocrx_word' id='word_1_53' title='bbox 1609 854 1699 908; x_wconf 91' lang='grc' dir='ltr'>καὶ</span> <span class='ocrx_word' id='word_1_54' title='bbox 1746 853 1985 930; x_wconf 88' lang='grc' dir='ltr'>παρόντα</span> 
     </span>
    </p>
   </div>
   <div class='ocr_carea' id='block_1_10' title="bbox 327 942 1981 1020">
    <p class='ocr_par' dir='ltr' id='par_1_10' title="bbox 327 942 1981 1020">
     <span class='ocr_line' id='line_1_10' title="bbox 327 942 1981 1020; baseline -0.001 -22"><span class='ocrx_word' id='word_1_55' title='bbox 327 943 417 998; x_wconf 88' lang='grc' dir='ltr'>τὸν</span> <span class='ocrx_word' id='word_1_56' title='bbox 449 948 539 997; x_wconf 92' lang='grc' dir='ltr'>νῦν</span> <span class='ocrx_word' id='word_1_57' title='bbox 571 945 757 1019; x_wconf 84' lang='grc' dir='ltr'>καιρὸν</span> <span class='ocrx_word' id='word_1_58' title='bbox 810 943 1201 1020; x_wconf 83' lang='grc' dir='ltr'>ὑπερτίθενται.</span> <span class='ocrx_word' id='word_1_59' title='bbox 1236 943 1375 998; x_wconf 86' lang='grc' dir='ltr'>Πότε</span> <span class='ocrx_word' id='word_1_60' title='bbox 1415 944 1515 1019; x_wconf 83' lang='grc' dir='ltr'>γάρ</span> <span class='ocrx_word' id='word_1_61' title='bbox 1547 945 1836 1020; x_wconf 86' lang='grc' dir='ltr'>προφήτης</span> <span class='ocrx_word' id='word_1_62' title='bbox 1870 942 1981 1015; x_wconf 80' lang='lat'>(‘25)</span> 
     </span>
    </p>
   </div>
   <div class='ocr_carea' id='block_1_11' title="bbox 329 1030 1981 1108">
    <p class='ocr_par' dir='ltr' id='par_1_11' title="bbox 329 1030 1981 1108">
     <span class='ocr_line' id='line_1_11' title="bbox 329 1030 1981 1108; baseline -0.002 -22"><span class='ocrx_word' id='word_1_63' title='bbox 329 1032 363 1101; x_wconf 74' lang='grc' dir='ltr'>ἢ</span> <span class='ocrx_word' id='word_1_64' title='bbox 398 1030 582 1108; x_wconf 71' lang='grc' dir='ltr'>ὅρασις</span> <span class='ocrx_word' id='word_1_65' title='bbox 617 1031 884 1087; x_wconf 86' lang='grc' dir='ltr'>ἐπαύσατο</span> <span class='ocrx_word' id='word_1_66' title='bbox 916 1032 1022 1087; x_wconf 84' lang='grc' dir='ltr'>ἀπὸ</span> <span class='ocrx_word' id='word_1_67' title='bbox 1065 1036 1161 1087; x_wconf 88' lang='grc' dir='ltr'>τοῦ</span> <span class='ocrx_word' id='word_1_68' title='bbox 1194 1030 1416 1107; x_wconf 76' lang='grc' dir='ltr'>Ισραὴλ,</span> <span class='ocrx_word' id='word_1_69' title='bbox 1442 1031 1485 1085; x_wconf 84' lang='grc' dir='ltr'>εἷ</span> <span class='ocrx_word' id='word_1_70' title='bbox 1512 1033 1588 1104; x_wconf 73' lang='grc' dir='ltr'>μὴ</span> <span class='ocrx_word' id='word_1_71' title='bbox 1612 1030 1701 1087; x_wconf 77' lang='grc' dir='ltr'>ὅτε</span> <span class='ocrx_word' id='word_1_72' title='bbox 1732 1033 1760 1085; x_wconf 85' lang='lat'>6</span> <span class='ocrx_word' id='word_1_73' title='bbox 1791 1034 1981 1105; x_wconf 71' lang='grc' dir='ltr'>’Ἄγιος</span> 
     </span>
    </p>
   </div>
   <div class='ocr_carea' id='block_1_12' title="bbox 327 1120 1983 1197">
    <p class='ocr_par' dir='ltr' id='par_1_12' title="bbox 327 1120 1983 1197">
     <span class='ocr_line' id='line_1_12' title="bbox 327 1120 1983 1197; baseline -0.002 -21"><span class='ocrx_word' id='word_1_74' title='bbox 327 1126 434 1177; x_wconf 88' lang='grc' dir='ltr'>τῶν</span> <span class='ocrx_word' id='word_1_75' title='bbox 497 1121 661 1197; x_wconf 83' lang='grc' dir='ltr'>ἁγίων</span> <span class='ocrx_word' id='word_1_76' title='bbox 716 1122 947 1197; x_wconf 85' lang='grc' dir='ltr'>Χριστὸς</span> <span class='ocrx_word' id='word_1_77' title='bbox 1023 1120 1341 1197; x_wconf 82' lang='grc' dir='ltr'>παρεγένετο</span> <span class='ocrx_word' id='word_1_78' title='bbox 1378 1141 1389 1188; x_wconf 93' lang='grc'>;</span> <span class='ocrx_word' id='word_1_79' title='bbox 1430 1126 1667 1193; x_wconf 85' lang='grc' dir='ltr'>Σημεῖον</span> <span class='ocrx_word' id='word_1_80' title='bbox 1735 1120 1836 1195; x_wconf 76' lang='grc' dir='ltr'>γὰρ</span> <span class='ocrx_word' id='word_1_81' title='bbox 1894 1121 1983 1173; x_wconf 81' lang='grc' dir='ltr'>καὶ</span> 
     </span>
    </p>
   </div>
   <div class='ocr_carea' id='block_1_13' title="bbox 334 1208 1981 1286">
    <p class='ocr_par' dir='ltr' id='par_1_13' title="bbox 334 1208 1981 1286">
     <span class='ocr_line' id='line_1_13' title="bbox 334 1208 1981 1286; baseline -0.002 -22"><span class='ocrx_word' id='word_1_82' title='bbox 334 1209 468 1285; x_wconf 83' lang='grc' dir='ltr'>μέγα</span> <span class='ocrx_word' id='word_1_83' title='bbox 523 1211 807 1286; x_wconf 86' lang='grc' dir='ltr'>γνώρισμα</span> <span class='ocrx_word' id='word_1_84' title='bbox 848 1216 948 1279; x_wconf 75' lang='grc' dir='ltr'>τῆς</span> <span class='ocrx_word' id='word_1_85' title='bbox 998 1214 1096 1264; x_wconf 85' lang='grc' dir='ltr'>τοῦ</span> <span class='ocrx_word' id='word_1_86' title='bbox 1154 1214 1285 1264; x_wconf 93' lang='grc' dir='ltr'>Θεοῦ</span> <span class='ocrx_word' id='word_1_87' title='bbox 1334 1208 1510 1284; x_wconf 83' lang='grc' dir='ltr'>Λόγου</span> <span class='ocrx_word' id='word_1_88' title='bbox 1567 1208 1862 1284; x_wconf 75' lang='grc' dir='ltr'>παρουσίας</span> <span class='ocrx_word' id='word_1_89' title='bbox 1919 1208 1981 1261; x_wconf 88' lang='grc' dir='ltr'>τὸ</span> 
     </span>
    </p>
   </div>
   <div class='ocr_carea' id='block_1_14' title="bbox 334 1296 1983 1374">
    <p class='ocr_par' dir='ltr' id='par_1_14' title="bbox 334 1296 1983 1374">
     <span class='ocr_line' id='line_1_14' title="bbox 334 1296 1983 1374; baseline -0.002 -20"><span class='ocrx_word' id='word_1_90' title='bbox 334 1297 525 1370; x_wconf 84' lang='grc' dir='ltr'>μηκέτι</span> <span class='ocrx_word' id='word_1_91' title='bbox 562 1300 701 1372; x_wconf 87' lang='grc' dir='ltr'>μήτε</span> <span class='ocrx_word' id='word_1_92' title='bbox 746 1300 845 1367; x_wconf 79' lang='grc' dir='ltr'>τὴν</span> <span class='ocrx_word' id='word_1_93' title='bbox 900 1296 1267 1374; x_wconf 77' lang='grc' dir='ltr'>Ἰερουσαλὴμ</span> <span class='ocrx_word' id='word_1_94' title='bbox 1317 1298 1553 1369; x_wconf 70' lang='grc' dir='ltr'>ἑστάναι,</span> <span class='ocrx_word' id='word_1_95' title='bbox 1605 1299 1743 1370; x_wconf 87' lang='grc' dir='ltr'>μήτε</span> <span class='ocrx_word' id='word_1_96' title='bbox 1771 1298 1983 1372; x_wconf 78' lang='grc' dir='ltr'>προφή-</span> 
     </span>
    </p>
   </div>
   <div class='ocr_carea' id='block_1_15' title="bbox 326 1384 1979 1463">
    <p class='ocr_par' dir='ltr' id='par_1_15' title="bbox 326 1384 1979 1463">
     <span class='ocr_line' id='line_1_15' title="bbox 326 1384 1979 1463; baseline -0.002 -22"><span class='ocrx_word' id='word_1_97' title='bbox 326 1408 424 1457; x_wconf 91' lang='grc' dir='ltr'>την</span> <span class='ocrx_word' id='word_1_98' title='bbox 458 1387 761 1463; x_wconf 80' lang='grc' dir='ltr'>ἐγερθῆναι,</span> <span class='ocrx_word' id='word_1_99' title='bbox 801 1389 939 1460; x_wconf 83' lang='grc' dir='ltr'>μήτε</span> <span class='ocrx_word' id='word_1_100' title='bbox 986 1386 1171 1463; x_wconf 80' lang='grc' dir='ltr'>ὅρασιν</span> <span class='ocrx_word' id='word_1_101' title='bbox 1224 1385 1699 1449; x_wconf 79' lang='grc' dir='ltr'>ἀποκαλύπτεσθαι</span> <span class='ocrx_word' id='word_1_102' title='bbox 1741 1384 1979 1455; x_wconf 89' lang='grc' dir='ltr'>τούτοις,</span> 
     </span>
    </p>
   </div>
   <div class='ocr_carea' id='block_1_16' title="bbox 329 1473 1979 1551">
    <p class='ocr_par' dir='ltr' id='par_1_16' title="bbox 329 1473 1979 1551">
     <span class='ocr_line' id='line_1_16' title="bbox 329 1473 1979 1551; baseline -0.002 -21"><span class='ocrx_word' id='word_1_103' title='bbox 329 1477 416 1530; x_wconf 89' lang='lat' dir='ltr'>xui</span> <span class='ocrx_word' id='word_1_104' title='bbox 452 1475 601 1549; x_wconf 82' lang='grc' dir='ltr'>μάλα</span> <span class='ocrx_word' id='word_1_105' title='bbox 631 1475 876 1539; x_wconf 79' lang='grc' dir='ltr'>εἰκότως.</span> <span class='ocrx_word' id='word_1_106' title='bbox 911 1475 1204 1539; x_wconf 85' lang='grc' dir='ltr'>Ἐλθόντος</span> <span class='ocrx_word' id='word_1_107' title='bbox 1258 1475 1358 1551; x_wconf 72' lang='grc' dir='ltr'>γὰρ</span> <span class='ocrx_word' id='word_1_108' title='bbox 1402 1480 1499 1530; x_wconf 91' lang='grc' dir='ltr'>τοῦ</span> <span class='ocrx_word' id='word_1_109' title='bbox 1548 1473 1979 1547; x_wconf 70' lang='grc' dir='ltr'>σημαινομένου,</span> 
     </span>
    </p>
   </div>
   <div class='ocr_carea' id='block_1_17' title="bbox 326 1560 1981 1640">
    <p class='ocr_par' dir='ltr' id='par_1_17' title="bbox 326 1560 1981 1640">
     <span class='ocr_line' id='line_1_17' title="bbox 326 1560 1981 1640; baseline -0.002 -22"><span class='ocrx_word' id='word_1_110' title='bbox 326 1563 409 1626; x_wconf 90' lang='grc' dir='ltr'>τίς</span> <span class='ocrx_word' id='word_1_111' title='bbox 583 1561 659 1619; x_wconf 73' lang='grc' dir='ltr'>ἔτι</span> <span class='ocrx_word' id='word_1_112' title='bbox 692 1564 852 1640; x_wconf 86' lang='grc' dir='ltr'>χρεία</span> <span class='ocrx_word' id='word_1_113' title='bbox 880 1569 985 1619; x_wconf 86' lang='grc' dir='ltr'>τῶν</span> <span class='ocrx_word' id='word_1_114' title='bbox 1020 1563 1396 1636; x_wconf 83' lang='grc' dir='ltr'>σημαινόντων</span> <span class='ocrx_word' id='word_1_115' title='bbox 1428 1564 1495 1632; x_wconf 78' lang='grc' dir='ltr'>ἦν</span> <span class='ocrx_word' id='word_1_116' title='bbox 1524 1582 1537 1632; x_wconf 88' lang='grc'>;</span> <span class='ocrx_word' id='word_1_117' title='bbox 1570 1562 1670 1616; x_wconf 85' lang='grc' dir='ltr'>Καὶ</span> <span class='ocrx_word' id='word_1_118' title='bbox 1701 1560 1981 1637; x_wconf 80' lang='grc' dir='ltr'>παρούσης</span> 
     </span>
    </p>
   </div>
   <div class='ocr_carea' id='block_1_18' title="bbox 331 1650 1982 1729">
    <p class='ocr_par' dir='ltr' id='par_1_18' title="bbox 331 1650 1982 1729">
     <span class='ocr_line' id='line_1_18' title="bbox 331 1650 1982 1729; baseline -0.002 -22"><span class='ocrx_word' id='word_1_119' title='bbox 331 1658 436 1721; x_wconf 80' lang='grc' dir='ltr'>τῆς</span> <span class='ocrx_word' id='word_1_120' title='bbox 468 1652 748 1725; x_wconf 81' lang='grc' dir='ltr'>ἀληθείας,</span> <span class='ocrx_word' id='word_1_121' title='bbox 778 1652 860 1715; x_wconf 91' lang='grc' dir='ltr'>τίς</span> <span class='ocrx_word' id='word_1_122' title='bbox 910 1651 985 1707; x_wconf 80' lang='grc' dir='ltr'>ἔτι</span> <span class='ocrx_word' id='word_1_123' title='bbox 1032 1652 1189 1729; x_wconf 82' lang='grc' dir='ltr'>χρεία</span> <span class='ocrx_word' id='word_1_124' title='bbox 1218 1658 1318 1720; x_wconf 76' lang='grc' dir='ltr'>τῆς</span> <span class='ocrx_word' id='word_1_125' title='bbox 1368 1657 1517 1713; x_wconf 79' lang='grc' dir='ltr'>σκιᾶς</span> <span class='ocrx_word' id='word_1_126' title='bbox 1548 1651 1615 1719; x_wconf 78' lang='grc' dir='ltr'>ἧν</span> <span class='ocrx_word' id='word_1_127' title='bbox 1652 1670 1665 1719; x_wconf 91' lang='grc'><strong>;</strong></span> <span class='ocrx_word' id='word_1_128' title='bbox 1700 1650 1798 1704; x_wconf 70' lang='grc' dir='ltr'>Διὰ</span> <span class='ocrx_word' id='word_1_129' title='bbox 1822 1654 1982 1705; x_wconf 88' lang='grc' dir='ltr'>τοῦτο</span> 
     </span>
    </p>
   </div>
   <div class='ocr_carea' id='block_1_19' title="bbox 328 1736 1982 1818">
    <p class='ocr_par' dir='ltr' id='par_1_19' title="bbox 328 1736 1982 1818">
     <span class='ocr_line' id='line_1_19' title="bbox 328 1736 1982 1818; baseline -0.002 -23"><span class='ocrx_word' id='word_1_130' title='bbox 328 1740 432 1816; x_wconf 75' lang='grc' dir='ltr'>γὰρ</span> <span class='ocrx_word' id='word_1_131' title='bbox 463 1740 553 1795; x_wconf 84' lang='grc' dir='ltr'>καὶ</span> <span class='ocrx_word' id='word_1_132' title='bbox 583 1742 952 1818; x_wconf 86' lang='grc' dir='ltr'>προεφήτευον</span> <span class='ocrx_word' id='word_1_133' title='bbox 1004 1738 1105 1803; x_wconf 79' lang='grc' dir='ltr'>ἕως</span> <span class='ocrx_word' id='word_1_134' title='bbox 1160 1740 1219 1794; x_wconf 77' lang='grc' dir='ltr'>ἂν</span> <span class='ocrx_word' id='word_1_135' title='bbox 1272 1737 1403 1813; x_wconf 78' lang='grc' dir='ltr'>ἔλθῃ</span> <span class='ocrx_word' id='word_1_136' title='bbox 1432 1742 1467 1809; x_wconf 73' lang='grc' dir='ltr'><strong>ἡ</strong></span> <span class='ocrx_word' id='word_1_137' title='bbox 1508 1736 1982 1815; x_wconf 71' lang='grc' dir='ltr'>αὖτοδικαιοσύνη,</span> 
     </span>
    </p>
   </div>
   <div class='ocr_carea' id='block_1_20' title="bbox 327 1826 1984 1905">
    <p class='ocr_par' dir='ltr' id='par_1_20' title="bbox 327 1826 1984 1905">
     <span class='ocr_line' id='line_1_20' title="bbox 327 1826 1984 1905; baseline -0.001 -22"><span class='ocrx_word' id='word_1_138' title='bbox 327 1827 419 1883; x_wconf 84' lang='grc' dir='ltr'>καὶ</span> <span class='ocrx_word' id='word_1_139' title='bbox 451 1828 480 1881; x_wconf 98' lang='lat'>6</span> <span class='ocrx_word' id='word_1_140' title='bbox 514 1826 884 1905; x_wconf 85' lang='grc' dir='ltr'>λυτρούμενος</span> <span class='ocrx_word' id='word_1_141' title='bbox 931 1828 1027 1891; x_wconf 77' lang='grc' dir='ltr'>τὰς</span> <span class='ocrx_word' id='word_1_142' title='bbox 1074 1827 1322 1883; x_wconf 81' lang='grc' dir='ltr'>ἁπάντων</span> <span class='ocrx_word' id='word_1_143' title='bbox 1373 1826 1661 1903; x_wconf 80' lang='grc' dir='ltr'>ἁμαρτίας.</span> <span class='ocrx_word' id='word_1_144' title='bbox 1697 1827 1795 1881; x_wconf 79' lang='grc' dir='ltr'>Διά</span> <span class='ocrx_word' id='word_1_145' title='bbox 1822 1830 1984 1881; x_wconf 89' lang='grc' dir='ltr'>τοῦτο</span> 
     </span>
    </p>
   </div>
   <div class='ocr_carea' id='block_1_21' title="bbox 327 1913 1983 1993">
    <p class='ocr_par' dir='ltr' id='par_1_21' title="bbox 327 1913 1983 1993">
     <span class='ocr_line' id='line_1_21' title="bbox 327 1913 1983 1993; baseline -0.001 -22"><span class='ocrx_word' id='word_1_146' title='bbox 327 1916 417 1971; x_wconf 81' lang='grc' dir='ltr'>καὶ</span> <span class='ocrx_word' id='word_1_147' title='bbox 445 1915 756 1993; x_wconf 77' lang='grc' dir='ltr'>Ἱερουσαλὴ</span> <span class='ocrx_word' id='word_1_148' title='bbox 768 1939 808 1990; x_wconf 88' lang='grc' dir='ltr'>μ</span> <span class='ocrx_word' id='word_1_149' title='bbox 837 1917 924 1972; x_wconf 80' lang='grc' dir='ltr'>ἐπὶ</span> <span class='ocrx_word' id='word_1_150' title='bbox 952 1920 1209 1972; x_wconf 90' lang='grc' dir='ltr'>τοσοῦτον</span> <span class='ocrx_word' id='word_1_151' title='bbox 1244 1917 1603 1988; x_wconf 78' lang='grc' dir='ltr'>συνειστήκει,</span> <span class='ocrx_word' id='word_1_152' title='bbox 1630 1913 1820 1970; x_wconf 58' lang='grc' dir='ltr'>τίν’ἐκεῖ</span> <span class='ocrx_word' id='word_1_153' title='bbox 1847 1935 1983 1991; x_wconf 88' lang='grc' dir='ltr'>προ-</span> 
     </span>
    </p>
   </div>
   <div class='ocr_carea' id='block_1_22' title="bbox 331 2002 1982 2079">
    <p class='ocr_par' dir='ltr' id='par_1_22' title="bbox 331 2002 1982 2079">
     <span class='ocr_line' id='line_1_22' title="bbox 331 2002 1982 2079; baseline -0.001 -20"><span class='ocrx_word' id='word_1_154' title='bbox 331 2004 595 2077; x_wconf 86' lang='grc' dir='ltr'>μελετῶσι</span> <span class='ocrx_word' id='word_1_155' title='bbox 623 2012 724 2074; x_wconf 82' lang='grc' dir='ltr'>τῆς</span> <span class='ocrx_word' id='word_1_156' title='bbox 756 2004 1013 2075; x_wconf 87' lang='grc' dir='ltr'>ἀληθείας</span> <span class='ocrx_word' id='word_1_157' title='bbox 1065 2005 1192 2067; x_wconf 81' lang='grc' dir='ltr'>τοὺς</span> <span class='ocrx_word' id='word_1_158' title='bbox 1244 2004 1470 2066; x_wconf 86' lang='grc' dir='ltr'>τύπους.</span> <span class='ocrx_word' id='word_1_159' title='bbox 1500 2004 1775 2079; x_wconf 89' lang='grc' dir='ltr'>Παρόντος</span> <span class='ocrx_word' id='word_1_160' title='bbox 1804 2002 1982 2058; x_wconf 90' lang='grc' dir='ltr'>τοίνυν</span> 
     </span>
    </p>
   </div>
   <div class='ocr_carea' id='block_1_23' title="bbox 323 2091 1983 2170">
    <p class='ocr_par' dir='ltr' id='par_1_23' title="bbox 323 2091 1983 2170">
     <span class='ocr_line' id='line_1_23' title="bbox 323 2091 1983 2170; baseline -0.001 -23"><span class='ocrx_word' id='word_1_161' title='bbox 323 2098 422 2148; x_wconf 89' lang='grc' dir='ltr'>τοῦ</span> <span class='ocrx_word' id='word_1_162' title='bbox 446 2092 642 2169; x_wconf 73' lang='grc' dir='ltr'>’Ἃγίου</span> <span class='ocrx_word' id='word_1_163' title='bbox 672 2097 780 2149; x_wconf 89' lang='grc' dir='ltr'>τῶν</span> <span class='ocrx_word' id='word_1_164' title='bbox 831 2094 1251 2169; x_wconf 81' lang='grc' dir='ltr'>ἁγίων,εἰκότως</span> <span class='ocrx_word' id='word_1_165' title='bbox 1299 2092 1633 2170; x_wconf 79' lang='grc' dir='ltr'>ἐσφραγίσθη</span> <span class='ocrx_word' id='word_1_166' title='bbox 1677 2092 1768 2146; x_wconf 84' lang='grc' dir='ltr'>καὶ</span> <span class='ocrx_word' id='word_1_167' title='bbox 1799 2091 1983 2167; x_wconf 81' lang='grc' dir='ltr'>ὅρασις</span> 
     </span>
    </p>
   </div>
   <div class='ocr_carea' id='block_1_24' title="bbox 327 2180 1982 2261">
    <p class='ocr_par' dir='ltr' id='par_1_24' title="bbox 327 2180 1982 2261">
     <span class='ocr_line' id='line_1_24' title="bbox 327 2180 1982 2261; baseline -0.001 -24"><span class='ocrx_word' id='word_1_168' title='bbox 327 2183 416 2237; x_wconf 81' lang='grc' dir='ltr'>καὶ</span> <span class='ocrx_word' id='word_1_169' title='bbox 447 2182 773 2261; x_wconf 72' lang='grc' dir='ltr'>προφητεία,</span> <span class='ocrx_word' id='word_1_170' title='bbox 824 2183 913 2237; x_wconf 83' lang='grc' dir='ltr'>καὶ</span> <span class='ocrx_word' id='word_1_171' title='bbox 964 2186 998 2251; x_wconf 79' lang='grc' dir='ltr'>ἡ</span> <span class='ocrx_word' id='word_1_172' title='bbox 1052 2189 1152 2252; x_wconf 85' lang='grc' dir='ltr'>τῆς</span> <span class='ocrx_word' id='word_1_173' title='bbox 1201 2181 1565 2258; x_wconf 80' lang='grc' dir='ltr'>Ἰερουσαλὴμ</span> <span class='ocrx_word' id='word_1_174' title='bbox 1613 2180 1861 2257; x_wconf 86' lang='grc' dir='ltr'>βασιλεία</span> <span class='ocrx_word' id='word_1_175' title='bbox 1889 2181 1982 2235; x_wconf 82' lang='grc' dir='ltr'>πέ-</span> 
     </span>
    </p>
   </div>
   <div class='ocr_carea' id='block_1_25' title="bbox 329 2270 1983 2347">
    <p class='ocr_par' dir='ltr' id='par_1_25' title="bbox 329 2270 1983 2347">
     <span class='ocr_line' id='line_1_25' title="bbox 329 2270 1983 2347; baseline -0.002 -22"><span class='ocrx_word' id='word_1_176' title='bbox 329 2292 548 2327; x_wconf 84' lang='grc' dir='ltr'>παυται.</span> <span class='ocrx_word' id='word_1_177' title='bbox 582 2270 703 2326; x_wconf 86' lang='grc' dir='ltr'>Ἐπὶ</span> <span class='ocrx_word' id='word_1_178' title='bbox 728 2275 986 2325; x_wconf 88' lang='grc' dir='ltr'>τοσοῦτον</span> <span class='ocrx_word' id='word_1_179' title='bbox 1036 2271 1137 2346; x_wconf 73' lang='grc' dir='ltr'>γὰρ</span> <span class='ocrx_word' id='word_1_180' title='bbox 1186 2270 1438 2347; x_wconf 81' lang='grc' dir='ltr'>ἐχρίοντο</span> <span class='ocrx_word' id='word_1_181' title='bbox 1487 2271 1613 2345; x_wconf 87' lang='grc' dir='ltr'>παρ’</span> <span class='ocrx_word' id='word_1_182' title='bbox 1665 2270 1850 2333; x_wconf 81' lang='grc' dir='ltr'>αὐτοῖς</span> <span class='ocrx_word' id='word_1_183' title='bbox 1888 2270 1983 2345; x_wconf 85' lang='grc' dir='ltr'>βα-</span> 
     </span>
    </p>
   </div>
   <div class='ocr_carea' id='block_1_26' title="bbox 332 2355 1982 2433">
    <p class='ocr_par' dir='ltr' id='par_1_26' title="bbox 332 2355 1982 2433">
     <span class='ocr_line' id='line_1_26' title="bbox 332 2355 1982 2433; baseline -0.001 -22"><span class='ocrx_word' id='word_1_184' title='bbox 332 2357 529 2431; x_wconf 83' lang='grc' dir='ltr'>σιλεῖς,</span> <span class='ocrx_word' id='word_1_185' title='bbox 560 2356 665 2420; x_wconf 73' lang='grc' dir='ltr'>ἓως</span> <span class='ocrx_word' id='word_1_186' title='bbox 699 2357 758 2412; x_wconf 76' lang='grc' dir='ltr'>ἂν</span> <span class='ocrx_word' id='word_1_187' title='bbox 812 2356 1040 2432; x_wconf 86' lang='grc' dir='ltr'>ἐχρίσθη</span> <span class='ocrx_word' id='word_1_188' title='bbox 1074 2358 1101 2411; x_wconf 89' lang='grc' dir='ltr'>ὁ</span> <span class='ocrx_word' id='word_1_189' title='bbox 1127 2360 1319 2433; x_wconf 71' lang='grc' dir='ltr'>’Ἄγιος</span> <span class='ocrx_word' id='word_1_190' title='bbox 1367 2361 1474 2411; x_wconf 87' lang='grc' dir='ltr'>τῶν</span> <span class='ocrx_word' id='word_1_191' title='bbox 1509 2355 1697 2431; x_wconf 80' lang='grc' dir='ltr'>ἁγίων.</span> <span class='ocrx_word' id='word_1_192' title='bbox 1750 2357 1849 2409; x_wconf 82' lang='grc' dir='ltr'>Καὶ</span> <span class='ocrx_word' id='word_1_193' title='bbox 1882 2357 1982 2410; x_wconf 85' lang='grc' dir='ltr'>Ἰα-</span> 
     </span>
    </p>
   </div>
   <div class='ocr_carea' id='block_1_27' title="bbox 332 2440 1985 2519">
    <p class='ocr_par' dir='ltr' id='par_1_27' title="bbox 332 2440 1985 2519">
     <span class='ocr_line' id='line_1_27' title="bbox 332 2440 1985 2519; baseline -0.001 -18"><span class='ocrx_word' id='word_1_194' title='bbox 332 2440 449 2501; x_wconf 87' lang='grc' dir='ltr'>κὼϐ</span> <span class='ocrx_word' id='word_1_195' title='bbox 485 2448 597 2519; x_wconf 83' lang='grc'>(27)</span> <span class='ocrx_word' id='word_1_196' title='bbox 630 2444 688 2501; x_wconf 73' lang='grc' dir='ltr'>δὲ</span> <span class='ocrx_word' id='word_1_197' title='bbox 714 2442 819 2510; x_wconf 69' lang='grc' dir='ltr'>ἕως</span> <span class='ocrx_word' id='word_1_198' title='bbox 851 2446 1016 2501; x_wconf 82' lang='grc' dir='ltr'>αὐτοῦ</span> <span class='ocrx_word' id='word_1_199' title='bbox 1061 2446 1160 2514; x_wconf 72' lang='grc' dir='ltr'>τὴν</span> <span class='ocrx_word' id='word_1_200' title='bbox 1210 2444 1482 2500; x_wconf 84' lang='grc' dir='ltr'>Ἰουδαίων</span> <span class='ocrx_word' id='word_1_201' title='bbox 1527 2443 1777 2508; x_wconf 64' lang='grc' dir='ltr'>’ίστασθαι</span> <span class='ocrx_word' id='word_1_202' title='bbox 1831 2445 1985 2519; x_wconf 90' lang='grc' dir='ltr'>βασι-</span> 
     </span>
    </p>
   </div>
   <div class='ocr_carea' id='block_1_28' title="bbox 333 2533 1983 2611">
    <p class='ocr_par' dir='ltr' id='par_1_28' title="bbox 333 2533 1983 2611">
     <span class='ocr_line' id='line_1_28' title="bbox 333 2533 1983 2611; baseline -0.001 -22"><span class='ocrx_word' id='word_1_203' title='bbox 333 2533 483 2590; x_wconf 88' lang='grc' dir='ltr'>λείαν</span> <span class='ocrx_word' id='word_1_204' title='bbox 541 2534 872 2611; x_wconf 81' lang='grc' dir='ltr'>προφητεύει</span> <span class='ocrx_word' id='word_1_205' title='bbox 935 2533 1105 2610; x_wconf 81' lang='grc' dir='ltr'>λέγων</span> <span class='ocrx_word' id='word_1_206' title='bbox 1142 2556 1155 2569; x_wconf 78' lang='grc' dir='ltr'><strong><em>ο</em></strong></span> <span class='ocrx_word' id='word_1_207' title='bbox 1215 2533 1326 2589; x_wconf 81' lang='grc' dir='ltr'>Οὐκ</span> <span class='ocrx_word' id='word_1_208' title='bbox 1383 2533 1618 2607; x_wconf 79' lang='grc' dir='ltr'>ἐκλείψει</span> <span class='ocrx_word' id='word_1_209' title='bbox 1689 2535 1874 2609; x_wconf 82' lang='grc' dir='ltr'>ἄρχων</span> <span class='ocrx_word' id='word_1_210' title='bbox 1934 2533 1983 2605; x_wconf 82' lang='grc' dir='ltr'>ἐξ</span> 
     </span>
    </p>
   </div>
   <div class='ocr_carea' id='block_1_29' title="bbox 333 2618 1985 2697">
    <p class='ocr_par' dir='ltr' id='par_1_29' title="bbox 333 2618 1985 2697">
     <span class='ocr_line' id='line_1_29' title="bbox 333 2618 1985 2697; baseline -0.001 -19"><span class='ocrx_word' id='word_1_211' title='bbox 333 2620 532 2693; x_wconf 81' lang='grc' dir='ltr'>Ἰούδα,</span> <span class='ocrx_word' id='word_1_212' title='bbox 581 2623 670 2677; x_wconf 86' lang='grc' dir='ltr'>καὶ</span> <span class='ocrx_word' id='word_1_213' title='bbox 720 2622 1026 2697; x_wconf 81' lang='grc' dir='ltr'>ἡγούμενος</span> <span class='ocrx_word' id='word_1_214' title='bbox 1087 2622 1145 2678; x_wconf 87' lang='grc' dir='ltr'>ἐκ</span> <span class='ocrx_word' id='word_1_215' title='bbox 1200 2626 1307 2677; x_wconf 89' lang='grc' dir='ltr'>τῶν</span> <span class='ocrx_word' id='word_1_216' title='bbox 1370 2626 1559 2697; x_wconf 82' lang='grc' dir='ltr'>μηρῶν</span> <span class='ocrx_word' id='word_1_217' title='bbox 1637 2622 1823 2694; x_wconf 83' lang='grc' dir='ltr'>αὐτοῦ,</span> <span class='ocrx_word' id='word_1_218' title='bbox 1880 2618 1985 2684; x_wconf 73' lang='grc' dir='ltr'>ἕως</span> 
     </span>
    </p>
   </div>
   <div class='ocr_carea' id='block_1_30' title="bbox 334 2709 1984 2786">
    <p class='ocr_par' dir='ltr' id='par_1_30' title="bbox 334 2709 1984 2786">
     <span class='ocr_line' id='line_1_30' title="bbox 334 2709 1984 2786; baseline 0.001 -22"><span class='ocrx_word' id='word_1_219' title='bbox 334 2710 394 2765; x_wconf 75' lang='grc' dir='ltr'>ἂν</span> <span class='ocrx_word' id='word_1_220' title='bbox 428 2709 559 2785; x_wconf 81' lang='grc' dir='ltr'>ἔλθῃ</span> <span class='ocrx_word' id='word_1_221' title='bbox 759 2710 827 2765; x_wconf 77' lang='grc' dir='ltr'>τὰ</span> <span class='ocrx_word' id='word_1_222' title='bbox 884 2709 1215 2784; x_wconf 80' lang='grc' dir='ltr'>ἀποκείμενα</span> <span class='ocrx_word' id='word_1_223' title='bbox 1262 2710 1429 2783; x_wconf 75' lang='grc' dir='ltr'>αὐτῷ,</span> <span class='ocrx_word' id='word_1_224' title='bbox 1474 2710 1565 2765; x_wconf 80' lang='grc' dir='ltr'>καὶ</span> <span class='ocrx_word' id='word_1_225' title='bbox 1612 2709 1771 2771; x_wconf 80' lang='grc' dir='ltr'>αὐτὸς</span> <span class='ocrx_word' id='word_1_226' title='bbox 1816 2730 1984 2786; x_wconf 89' lang='grc' dir='ltr'>προσ-</span> 
     </span>
    </p>
   </div>
   <div class='ocr_carea' id='block_1_31' title="bbox 336 2794 1983 2874">
    <p class='ocr_par' dir='ltr' id='par_1_31' title="bbox 336 2794 1983 2874">
     <span class='ocr_line' id='line_1_31' title="bbox 336 2794 1983 2874; baseline -0.001 -20"><span class='ocrx_word' id='word_1_227' title='bbox 336 2797 489 2854; x_wconf 89' lang='grc' dir='ltr'>δοκία</span> <span class='ocrx_word' id='word_1_228' title='bbox 542 2799 729 2863; x_wconf 89' lang='grc' dir='ltr'>ἐθνῶν.</span> <span class='ocrx_word' id='word_1_229' title='bbox 762 2802 915 2863; x_wconf 89' lang='grc' dir='ltr'>Ὅθεν</span> <span class='ocrx_word' id='word_1_230' title='bbox 965 2800 1055 2854; x_wconf 86' lang='grc' dir='ltr'>καὶ</span> <span class='ocrx_word' id='word_1_231' title='bbox 1101 2800 1263 2863; x_wconf 80' lang='grc' dir='ltr'>αὐτὸς</span> <span class='ocrx_word' id='word_1_232' title='bbox 1311 2801 1339 2856; x_wconf 90' lang='lat'>6</span> <span class='ocrx_word' id='word_1_233' title='bbox 1390 2800 1587 2874; x_wconf 81' lang='grc' dir='ltr'>Σωτὴρ</span> <span class='ocrx_word' id='word_1_234' title='bbox 1620 2794 1749 2853; x_wconf 88' lang='grc' dir='ltr'>ἐϐόα</span> <span class='ocrx_word' id='word_1_235' title='bbox 1788 2797 1983 2873; x_wconf 85' lang='grc' dir='ltr'>λέγων·</span> 
     </span>
    </p>
   </div>
   <div class='ocr_carea' id='block_1_32' title="bbox 329 2886 1983 2966">
    <p class='ocr_par' dir='ltr' id='par_1_32' title="bbox 329 2886 1983 2966">
     <span class='ocr_line' id='line_1_32' title="bbox 329 2886 1983 2966; baseline -0.001 -25"><span class='ocrx_word' id='word_1_236' title='bbox 329 2893 385 2941; x_wconf 86' lang='lat'>&#39;0</span> <span class='ocrx_word' id='word_1_237' title='bbox 414 2888 585 2961; x_wconf 90' lang='grc' dir='ltr'>νόμος</span> <span class='ocrx_word' id='word_1_238' title='bbox 629 2888 719 2943; x_wconf 80' lang='grc' dir='ltr'>καὶ</span> <span class='ocrx_word' id='word_1_239' title='bbox 779 2889 830 2942; x_wconf 70' lang='grc' dir='ltr'>οἱ</span> <span class='ocrx_word' id='word_1_240' title='bbox 888 2895 1165 2966; x_wconf 77' lang='grc' dir='ltr'>προφῆται</span> <span class='ocrx_word' id='word_1_241' title='bbox 1218 2886 1324 2952; x_wconf 77' lang='grc' dir='ltr'>ἓως</span> <span class='ocrx_word' id='word_1_242' title='bbox 1554 2886 1804 2942; x_wconf 85' lang='grc' dir='ltr'>Ἰωάννου</span> <span class='ocrx_word' id='word_1_243' title='bbox 1848 2907 1983 2963; x_wconf 88' lang='grc' dir='ltr'>προ-</span> 
     </span>
    </p>
   </div>
   <div class='ocr_carea' id='block_1_33' title="bbox 332 2972 1983 3055">
    <p class='ocr_par' dir='ltr' id='par_1_33' title="bbox 332 2972 1983 3055">
     <span class='ocr_line' id='line_1_33' title="bbox 332 2972 1983 3055; baseline -0.001 -24"><span class='ocrx_word' id='word_1_244' title='bbox 332 2978 648 3055; x_wconf 83' lang='grc' dir='ltr'>εφήτευσαν.</span> <span class='ocrx_word' id='word_1_245' title='bbox 682 2975 747 3031; x_wconf 79' lang='lat' dir='ltr'>Ei</span> <span class='ocrx_word' id='word_1_246' title='bbox 800 2977 892 3049; x_wconf 74' lang='grc' dir='ltr'>μὲν</span> <span class='ocrx_word' id='word_1_247' title='bbox 944 2974 1035 3030; x_wconf 84' lang='grc' dir='ltr'>οῦν</span> <span class='ocrx_word' id='word_1_248' title='bbox 1090 2977 1202 3031; x_wconf 89' lang='grc' dir='ltr'>ἐστι</span> <span class='ocrx_word' id='word_1_249' title='bbox 1252 2978 1399 3052; x_wconf 86' lang='grc' dir='ltr'>παρᾶ</span> <span class='ocrx_word' id='word_1_250' title='bbox 1429 2972 1709 3037; x_wconf 83' lang='grc' dir='ltr'>Ἰουδαίοις</span> <span class='ocrx_word' id='word_1_251' title='bbox 1750 2980 1842 3029; x_wconf 89' lang='grc' dir='ltr'>νῦν</span> <span class='ocrx_word' id='word_1_252' title='bbox 1888 2976 1983 3051; x_wconf 86' lang='grc' dir='ltr'>βα-</span> 
     </span>
    </p>
   </div>
   <div class='ocr_carea' id='block_1_34' title="bbox 2013 1698 2063 1763">
    <p class='ocr_par' dir='ltr' id='par_1_34' title="bbox 2013 1698 2063 1763">
     <span class='ocr_line' id='line_1_34' title="bbox 2013 1698 2063 1763; baseline 0 0"><span class='ocrx_word' id='word_1_253' title='bbox 2013 1698 2063 1763; x_wconf 93' lang='grc' dir='ltr'><strong>Β</strong></span> 
     </span>
    </p>
   </div>
   <div class='ocr_carea' id='block_1_35' title="bbox 2165 854 3734 933">
    <p class='ocr_par' dir='ltr' id='par_1_35' title="bbox 2165 854 3734 933">
     <span class='ocr_line' id='line_1_35' title="bbox 2165 854 3734 933; baseline 0.007 -26"><span class='ocrx_word' id='word_1_254' title='bbox 2165 855 2249 908; x_wconf 81' lang='grc'>40.</span> <span class='ocrx_word' id='word_1_255' title='bbox 2284 854 2591 927; x_wconf 88' lang='lat' dir='ltr'>Nugantur</span> <span class='ocrx_word' id='word_1_256' title='bbox 2637 875 2773 930; x_wconf 66' lang='lat' dir='ltr'>ergo</span> <span class='ocrx_word' id='word_1_257' title='bbox 2814 860 2999 914; x_wconf 62' lang='lat' dir='ltr'>Judaei</span> <span class='ocrx_word' id='word_1_258' title='bbox 3050 877 3184 916; x_wconf 89' lang='lat' dir='ltr'>cum</span> <span class='ocrx_word' id='word_1_259' title='bbox 3215 878 3472 933; x_wconf 65' lang='lat' dir='ltr'>praesens</span> <span class='ocrx_word' id='word_1_260' title='bbox 3499 866 3734 933; x_wconf 83' lang='lat' dir='ltr'>tempus</span> 
     </span>
    </p>
   </div>
   <div class='ocr_carea' id='block_1_36' title="bbox 2095 941 3733 1019">
    <p class='ocr_par' dir='ltr' id='par_1_36' title="bbox 2095 941 3733 1019">
     <span class='ocr_line' id='line_1_36' title="bbox 2095 941 3733 1019; baseline 0.006 -24"><span class='ocrx_word' id='word_1_261' title='bbox 2095 941 2632 1006; x_wconf 83' lang='lat' dir='ltr'>dill‘erunt.Quando</span> <span class='ocrx_word' id='word_1_262' title='bbox 2663 946 2817 1000; x_wconf 90' lang='lat' dir='ltr'>enim</span> <span class='ocrx_word' id='word_1_263' title='bbox 2849 948 3134 1019; x_wconf 84' lang='lat' dir='ltr'>propheta</span> <span class='ocrx_word' id='word_1_264' title='bbox 3161 948 3249 1004; x_wconf 89' lang='lat' dir='ltr'>vel</span> <span class='ocrx_word' id='word_1_265' title='bbox 3279 949 3423 1005; x_wconf 90' lang='lat' dir='ltr'>visio</span> <span class='ocrx_word' id='word_1_266' title='bbox 3453 950 3525 1005; x_wconf 87' lang='lat' dir='ltr'>ab</span> <span class='ocrx_word' id='word_1_267' title='bbox 3556 950 3733 1006; x_wconf 86' lang='lat' dir='ltr'>Israel</span> 
     </span>
    </p>
   </div>
   <div class='ocr_carea' id='block_1_37' title="bbox 2093 1031 3735 1099">
    <p class='ocr_par' dir='ltr' id='par_1_37' title="bbox 2093 1031 3735 1099">
     <span class='ocr_line' id='line_1_37' title="bbox 2093 1031 3735 1099; baseline 0.006 -15"><span class='ocrx_word' id='word_1_268' title='bbox 2093 1031 2444 1099; x_wconf 85' lang='lat' dir='ltr'>defecit,nisi</span> <span class='ocrx_word' id='word_1_269' title='bbox 2477 1050 2611 1088; x_wconf 90' lang='lat' dir='ltr'>cum</span> <span class='ocrx_word' id='word_1_270' title='bbox 2644 1035 2891 1091; x_wconf 88' lang='lat' dir='ltr'>Sanctus</span> <span class='ocrx_word' id='word_1_271' title='bbox 2922 1042 3258 1093; x_wconf 87' lang='lat' dir='ltr'>sanctorum</span> <span class='ocrx_word' id='word_1_272' title='bbox 3280 1038 3546 1094; x_wconf 88' lang='lat' dir='ltr'>Christus</span> <span class='ocrx_word' id='word_1_273' title='bbox 3568 1039 3735 1094; x_wconf 87' lang='lat' dir='ltr'>adve-</span> 
     </span>
    </p>
   </div>
   <div class='ocr_carea' id='block_1_38' title="bbox 2094 1120 3735 1195">
    <p class='ocr_par' dir='ltr' id='par_1_38' title="bbox 2094 1120 3735 1195">
     <span class='ocr_line' id='line_1_38' title="bbox 2094 1120 3735 1195; baseline 0.004 -22"><span class='ocrx_word' id='word_1_274' title='bbox 2094 1120 2225 1174; x_wconf 84' lang='lat' dir='ltr'>nit?</span> <span class='ocrx_word' id='word_1_275' title='bbox 2259 1121 2537 1191; x_wconf 87' lang='lat' dir='ltr'>Magnum</span> <span class='ocrx_word' id='word_1_276' title='bbox 2562 1122 2853 1193; x_wconf 86' lang='lat' dir='ltr'>siquidem</span> <span class='ocrx_word' id='word_1_277' title='bbox 2876 1124 3107 1195; x_wconf 89' lang='lat' dir='ltr'>signum</span> <span class='ocrx_word' id='word_1_278' title='bbox 3132 1130 3187 1180; x_wconf 88' lang='lat' dir='ltr'>et</span> <span class='ocrx_word' id='word_1_279' title='bbox 3214 1126 3495 1182; x_wconf 91' lang='lat' dir='ltr'>indicium</span> <span class='ocrx_word' id='word_1_280' title='bbox 3528 1131 3617 1183; x_wconf 87' lang='lat' dir='ltr'>est</span> <span class='ocrx_word' id='word_1_281' title='bbox 3632 1126 3735 1183; x_wconf 88' lang='lat' dir='ltr'>Dei</span> 
     </span>
    </p>
   </div>
   <div class='ocr_carea' id='block_1_39' title="bbox 2092 1208 3735 1282">
    <p class='ocr_par' dir='ltr' id='par_1_39' title="bbox 2092 1208 3735 1282">
     <span class='ocr_line' id='line_1_39' title="bbox 2092 1208 3735 1282; baseline 0.007 -22"><span class='ocrx_word' id='word_1_282' title='bbox 2092 1208 2265 1263; x_wconf 83' lang='lat' dir='ltr'>Verbi</span> <span class='ocrx_word' id='word_1_283' title='bbox 2296 1211 2600 1280; x_wconf 85' lang='lat' dir='ltr'>adventus,</span> <span class='ocrx_word' id='word_1_284' title='bbox 2630 1213 2785 1282; x_wconf 89' lang='lat' dir='ltr'>quod</span> <span class='ocrx_word' id='word_1_285' title='bbox 2817 1228 2919 1267; x_wconf 89' lang='lat' dir='ltr'>nec</span> <span class='ocrx_word' id='word_1_286' title='bbox 2942 1214 3069 1282; x_wconf 80' lang='lat' dir='ltr'>jam</span> <span class='ocrx_word' id='word_1_287' title='bbox 3100 1217 3213 1268; x_wconf 86' lang='lat' dir='ltr'>stet</span> <span class='ocrx_word' id='word_1_288' title='bbox 3250 1214 3595 1282; x_wconf 88' lang='lat' dir='ltr'>Jerusalem,</span> <span class='ocrx_word' id='word_1_289' title='bbox 3628 1231 3735 1270; x_wconf 89' lang='lat' dir='ltr'>nec</span> 
     </span>
    </p>
   </div>
   <div class='ocr_carea' id='block_1_40' title="bbox 2093 1298 3737 1375">
    <p class='ocr_par' dir='ltr' id='par_1_40' title="bbox 2093 1298 3737 1375">
     <span class='ocr_line' id='line_1_40' title="bbox 2093 1298 3737 1375; baseline 0.005 -25"><span class='ocrx_word' id='word_1_290' title='bbox 2093 1298 2376 1368; x_wconf 82' lang='lat' dir='ltr'>propheta</span> <span class='ocrx_word' id='word_1_291' title='bbox 2406 1305 2699 1371; x_wconf 83' lang='lat' dir='ltr'>exsurgat,</span> <span class='ocrx_word' id='word_1_292' title='bbox 2751 1317 2855 1355; x_wconf 91' lang='lat' dir='ltr'>nec</span> <span class='ocrx_word' id='word_1_293' title='bbox 2904 1300 3024 1356; x_wconf 88' lang='lat' dir='ltr'>illis</span> <span class='ocrx_word' id='word_1_294' title='bbox 3052 1302 3198 1357; x_wconf 89' lang='lat' dir='ltr'>visio</span> <span class='ocrx_word' id='word_1_295' title='bbox 3228 1307 3525 1374; x_wconf 87' lang='lat' dir='ltr'>appareat,</span> <span class='ocrx_word' id='word_1_296' title='bbox 3557 1303 3737 1375; x_wconf 89' lang='lat' dir='ltr'>idque</span> 
     </span>
    </p>
   </div>
   <div class='ocr_carea' id='block_1_41' title="bbox 2092 1385 3733 1463">
    <p class='ocr_par' dir='ltr' id='par_1_41' title="bbox 2092 1385 3733 1463">
     <span class='ocr_line' id='line_1_41' title="bbox 2092 1385 3733 1463; baseline 0.004 -25"><span class='ocrx_word' id='word_1_297' title='bbox 2092 1385 2410 1440; x_wconf 89' lang='lat' dir='ltr'>admodum</span> <span class='ocrx_word' id='word_1_298' title='bbox 2441 1388 2865 1444; x_wconf 85' lang='lat' dir='ltr'>convenienter.</span> <span class='ocrx_word' id='word_1_299' title='bbox 2899 1389 3213 1460; x_wconf 86' lang='lat' dir='ltr'>Postquam</span> <span class='ocrx_word' id='word_1_300' title='bbox 3244 1391 3401 1446; x_wconf 89' lang='lat' dir='ltr'>enim</span> <span class='ocrx_word' id='word_1_301' title='bbox 3423 1392 3493 1462; x_wconf 87' lang='lat' dir='ltr'>is,</span> <span class='ocrx_word' id='word_1_302' title='bbox 3524 1392 3625 1463; x_wconf 90' lang='lat' dir='ltr'>qui</span> <span class='ocrx_word' id='word_1_303' title='bbox 3656 1390 3733 1447; x_wconf 91' lang='lat' dir='ltr'>si-</span> 
     </span>
    </p>
   </div>
   <div class='ocr_carea' id='block_1_42' title="bbox 2092 1473 3795 1554">
    <p class='ocr_par' dir='ltr' id='par_1_42' title="bbox 2092 1473 3795 1554">
     <span class='ocr_line' id='line_1_42' title="bbox 2092 1473 3795 1554; baseline 0.005 -28"><span class='ocrx_word' id='word_1_304' title='bbox 2092 1473 2499 1543; x_wconf 86' lang='lat' dir='ltr'>gnificabatur,</span> <span class='ocrx_word' id='word_1_305' title='bbox 2535 1476 2787 1542; x_wconf 88' lang='lat' dir='ltr'>advenit,</span> <span class='ocrx_word' id='word_1_306' title='bbox 2821 1476 2961 1547; x_wconf 91' lang='lat' dir='ltr'>quid</span> <span class='ocrx_word' id='word_1_307' title='bbox 2993 1476 3184 1532; x_wconf 88' lang='lat' dir='ltr'>adhuc</span> <span class='ocrx_word' id='word_1_308' title='bbox 3233 1478 3537 1547; x_wconf 83' lang='lat' dir='ltr'>signorum</span> <span class='ocrx_word' id='word_1_309' title='bbox 3586 1495 3734 1550; x_wconf 89' lang='lat' dir='ltr'>opus</span> <span class='ocrx_word' id='word_1_310' title='bbox 3784 1544 3795 1554; x_wconf 23' lang='grc' dir='ltr'>γ</span> 
     </span>
    </p>
   </div>
   <div class='ocr_carea' id='block_1_43' title="bbox 2092 1561 3739 1637">
    <p class='ocr_par' dir='ltr' id='par_1_43' title="bbox 2092 1561 3739 1637">
     <span class='ocr_line' id='line_1_43' title="bbox 2092 1561 3739 1637; baseline 0.005 -22"><span class='ocrx_word' id='word_1_311' title='bbox 2092 1561 2295 1617; x_wconf 82' lang='lat' dir='ltr'>esset?</span> <span class='ocrx_word' id='word_1_312' title='bbox 2322 1562 2603 1619; x_wconf 87' lang='lat' dir='ltr'>Similiter</span> <span class='ocrx_word' id='word_1_313' title='bbox 2632 1568 2914 1635; x_wconf 86' lang='lat' dir='ltr'>praesente</span> <span class='ocrx_word' id='word_1_314' title='bbox 2971 1564 3233 1636; x_wconf 81' lang='lat' dir='ltr'>veritate,</span> <span class='ocrx_word' id='word_1_315' title='bbox 3266 1567 3407 1636; x_wconf 89' lang='lat' dir='ltr'>quid</span> <span class='ocrx_word' id='word_1_316' title='bbox 3437 1566 3739 1637; x_wconf 88' lang='lat' dir='ltr'>prodesset</span> 
     </span>
    </p>
   </div>
   <div class='ocr_carea' id='block_1_44' title="bbox 2094 1650 3735 1724">
    <p class='ocr_par' dir='ltr' id='par_1_44' title="bbox 2094 1650 3735 1724">
     <span class='ocr_line' id='line_1_44' title="bbox 2094 1650 3735 1724; baseline 0.004 -22"><span class='ocrx_word' id='word_1_317' title='bbox 2094 1650 2304 1705; x_wconf 90' lang='lat' dir='ltr'>umbra</span> <span class='ocrx_word' id='word_1_318' title='bbox 2323 1651 2351 1705; x_wconf 79' lang='lat'><strong>?</strong></span> <span class='ocrx_word' id='word_1_319' title='bbox 2370 1650 2634 1722; x_wconf 90' lang='lat' dir='ltr'>Namque</span> <span class='ocrx_word' id='word_1_320' title='bbox 2652 1651 2868 1707; x_wconf 90' lang='lat' dir='ltr'>idcirco</span> <span class='ocrx_word' id='word_1_321' title='bbox 2884 1652 3569 1724; x_wconf 88' lang='lat' dir='ltr'>vaticinabantur,usque</span> <span class='ocrx_word' id='word_1_322' title='bbox 3591 1655 3735 1709; x_wconf 90' lang='lat' dir='ltr'>dum</span> 
     </span>
    </p>
   </div>
   <div class='ocr_carea' id='block_1_45' title="bbox 2093 1738 3728 1814">
    <p class='ocr_par' dir='ltr' id='par_1_45' title="bbox 2093 1738 3728 1814">
     <span class='ocr_line' id='line_1_45' title="bbox 2093 1738 3728 1814; baseline 0.003 -21"><span class='ocrx_word' id='word_1_323' title='bbox 2093 1738 2315 1794; x_wconf 90' lang='lat' dir='ltr'>veniret</span> <span class='ocrx_word' id='word_1_324' title='bbox 2344 1738 2570 1810; x_wconf 85' lang='lat' dir='ltr'>ille,qui</span> <span class='ocrx_word' id='word_1_325' title='bbox 2592 1739 2716 1811; x_wconf 89' lang='lat' dir='ltr'>ipse</span> <span class='ocrx_word' id='word_1_326' title='bbox 2739 1739 2972 1810; x_wconf 86' lang='lat' dir='ltr'>justitia</span> <span class='ocrx_word' id='word_1_327' title='bbox 3001 1744 3090 1796; x_wconf 91' lang='lat' dir='ltr'>est</span> <span class='ocrx_word' id='word_1_328' title='bbox 3110 1744 3168 1796; x_wconf 90' lang='lat' dir='ltr'>et</span> <span class='ocrx_word' id='word_1_329' title='bbox 3195 1740 3461 1796; x_wconf 90' lang='lat' dir='ltr'>omnium</span> <span class='ocrx_word' id='word_1_330' title='bbox 3488 1746 3728 1814; x_wconf 89' lang='lat' dir='ltr'>peccata</span> 
     </span>
    </p>
   </div>
   <div class='ocr_carea' id='block_1_46' title="bbox 2094 1825 3736 1899">
    <p class='ocr_par' dir='ltr' id='par_1_46' title="bbox 2094 1825 3736 1899">
     <span class='ocr_line' id='line_1_46' title="bbox 2094 1825 3736 1899; baseline 0.002 -18"><span class='ocrx_word' id='word_1_331' title='bbox 2094 1825 2345 1881; x_wconf 85' lang='lat' dir='ltr'>redimit.</span> <span class='ocrx_word' id='word_1_332' title='bbox 2372 1826 2532 1882; x_wconf 90' lang='lat' dir='ltr'>Unde</span> <span class='ocrx_word' id='word_1_333' title='bbox 2550 1827 2756 1882; x_wconf 89' lang='lat' dir='ltr'>tandiu</span> <span class='ocrx_word' id='word_1_334' title='bbox 2788 1827 2951 1883; x_wconf 87' lang='lat' dir='ltr'>stetit</span> <span class='ocrx_word' id='word_1_335' title='bbox 2978 1827 3326 1899; x_wconf 89' lang='lat' dir='ltr'>Jerusalem,</span> <span class='ocrx_word' id='word_1_336' title='bbox 3351 1834 3417 1884; x_wconf 90' lang='lat' dir='ltr'>ut</span> <span class='ocrx_word' id='word_1_337' title='bbox 3443 1828 3564 1884; x_wconf 92' lang='lat' dir='ltr'>illic</span> <span class='ocrx_word' id='word_1_338' title='bbox 3591 1829 3736 1885; x_wconf 85' lang='lat' dir='ltr'>veri-</span> 
     </span>
    </p>
   </div>
   <div class='ocr_carea' id='block_1_47' title="bbox 2092 1914 3736 1989">
    <p class='ocr_par' dir='ltr' id='par_1_47' title="bbox 2092 1914 3736 1989">
     <span class='ocr_line' id='line_1_47' title="bbox 2092 1914 3736 1989; baseline 0.002 -19"><span class='ocrx_word' id='word_1_339' title='bbox 2092 1914 2229 1970; x_wconf 85' lang='lat' dir='ltr'>tatis</span> <span class='ocrx_word' id='word_1_340' title='bbox 2253 1914 2470 1987; x_wconf 83' lang='lat' dir='ltr'>figuras</span> <span class='ocrx_word' id='word_1_341' title='bbox 2494 1915 3429 1989; x_wconf 70' lang='lat' dir='ltr'>praemeditarentur.Quapropter</span> <span class='ocrx_word' id='word_1_342' title='bbox 3449 1922 3736 1989; x_wconf 78' lang='lat' dir='ltr'>praesente</span> 
     </span>
    </p>
   </div>
   <div class='ocr_carea' id='block_1_48' title="bbox 2092 2004 3735 2077">
    <p class='ocr_par' dir='ltr' id='par_1_48' title="bbox 2092 2004 3735 2077">
     <span class='ocr_line' id='line_1_48' title="bbox 2092 2004 3735 2077; baseline 0.003 -19"><span class='ocrx_word' id='word_1_343' title='bbox 2092 2006 2300 2059; x_wconf 88' lang='lat' dir='ltr'>Sancto</span> <span class='ocrx_word' id='word_1_344' title='bbox 2330 2008 2689 2071; x_wconf 90' lang='lat' dir='ltr'>sanctorum,</span> <span class='ocrx_word' id='word_1_345' title='bbox 2746 2008 3133 2077; x_wconf 84' lang='lat' dir='ltr'>congruenter</span> <span class='ocrx_word' id='word_1_346' title='bbox 3160 2004 3307 2061; x_wconf 90' lang='lat' dir='ltr'>visio</span> <span class='ocrx_word' id='word_1_347' title='bbox 3346 2009 3403 2061; x_wconf 89' lang='lat' dir='ltr'>et</span> <span class='ocrx_word' id='word_1_348' title='bbox 3429 2006 3735 2077; x_wconf 84' lang='lat' dir='ltr'>prophetia</span> 
     </span>
    </p>
   </div>
   <div class='ocr_carea' id='block_1_49' title="bbox 2095 2092 3733 2166">
    <p class='ocr_par' dir='ltr' id='par_1_49' title="bbox 2095 2092 3733 2166">
     <span class='ocr_line' id='line_1_49' title="bbox 2095 2092 3733 2166; baseline 0.002 -19"><span class='ocrx_word' id='word_1_349' title='bbox 2095 2092 2417 2164; x_wconf 82' lang='lat' dir='ltr'>obsignatae</span> <span class='ocrx_word' id='word_1_350' title='bbox 2454 2096 2613 2158; x_wconf 90' lang='lat' dir='ltr'>sunt,</span> <span class='ocrx_word' id='word_1_351' title='bbox 2646 2109 2712 2147; x_wconf 86' lang='lat' dir='ltr'>ac</span> <span class='ocrx_word' id='word_1_352' title='bbox 2769 2092 2947 2147; x_wconf 87' lang='lat' dir='ltr'>ﬁnem</span> <span class='ocrx_word' id='word_1_353' title='bbox 3004 2092 3210 2148; x_wconf 89' lang='lat' dir='ltr'>habuit</span> <span class='ocrx_word' id='word_1_354' title='bbox 3237 2093 3733 2166; x_wconf 85' lang='lat' dir='ltr'>Jerosolymorum</span> 
     </span>
    </p>
   </div>
   <div class='ocr_carea' id='block_1_50' title="bbox 2094 2179 3732 2252">
    <p class='ocr_par' dir='ltr' id='par_1_50' title="bbox 2094 2179 3732 2252">
     <span class='ocr_line' id='line_1_50' title="bbox 2094 2179 3732 2252; baseline 0.002 -19"><span class='ocrx_word' id='word_1_355' title='bbox 2094 2195 2360 2251; x_wconf 89' lang='lat' dir='ltr'>regnum.</span> <span class='ocrx_word' id='word_1_356' title='bbox 2394 2180 2623 2235; x_wconf 89' lang='lat' dir='ltr'>Tandiu</span> <span class='ocrx_word' id='word_1_357' title='bbox 2653 2179 2810 2235; x_wconf 90' lang='lat' dir='ltr'>enim</span> <span class='ocrx_word' id='word_1_358' title='bbox 2839 2196 3004 2251; x_wconf 88' lang='lat' dir='ltr'>reges</span> <span class='ocrx_word' id='word_1_359' title='bbox 3034 2180 3189 2251; x_wconf 87' lang='lat' dir='ltr'>apud</span> <span class='ocrx_word' id='word_1_360' title='bbox 3219 2180 3351 2237; x_wconf 90' lang='lat' dir='ltr'>illos</span> <span class='ocrx_word' id='word_1_361' title='bbox 3381 2183 3541 2238; x_wconf 89' lang='lat' dir='ltr'>uncti</span> <span class='ocrx_word' id='word_1_362' title='bbox 3571 2185 3732 2252; x_wconf 90' lang='lat' dir='ltr'>sunt,</span> 
     </span>
    </p>
   </div>
   <div class='ocr_carea' id='block_1_51' title="bbox 2094 2268 3734 2342">
    <p class='ocr_par' dir='ltr' id='par_1_51' title="bbox 2094 2268 3734 2342">
     <span class='ocr_line' id='line_1_51' title="bbox 2094 2268 3734 2342; baseline 0.003 -20"><span class='ocrx_word' id='word_1_363' title='bbox 2094 2268 2249 2336; x_wconf 91' lang='lat' dir='ltr'>quod</span> <span class='ocrx_word' id='word_1_364' title='bbox 2280 2268 2527 2323; x_wconf 90' lang='lat' dir='ltr'>Sanctus</span> <span class='ocrx_word' id='word_1_365' title='bbox 2549 2271 2884 2324; x_wconf 90' lang='lat' dir='ltr'>sanctorum</span> <span class='ocrx_word' id='word_1_366' title='bbox 2919 2271 3254 2339; x_wconf 90' lang='lat' dir='ltr'>ungeretur.</span> <span class='ocrx_word' id='word_1_367' title='bbox 3285 2269 3464 2326; x_wconf 88' lang='lat' dir='ltr'>Jacob</span> <span class='ocrx_word' id='word_1_368' title='bbox 3496 2286 3734 2342; x_wconf 90' lang='lat' dir='ltr'>quoque</span> 
     </span>
    </p>
   </div>
   <div class='ocr_carea' id='block_1_52' title="bbox 2096 2355 3734 2427">
    <p class='ocr_par' dir='ltr' id='par_1_52' title="bbox 2096 2355 3734 2427">
     <span class='ocr_line' id='line_1_52' title="bbox 2096 2355 3734 2427; baseline 0.002 -16"><span class='ocrx_word' id='word_1_369' title='bbox 2096 2372 2284 2427; x_wconf 89' lang='lat' dir='ltr'>usque</span> <span class='ocrx_word' id='word_1_370' title='bbox 2342 2356 2412 2410; x_wconf 90' lang='lat' dir='ltr'>ad</span> <span class='ocrx_word' id='word_1_371' title='bbox 2471 2355 2667 2427; x_wconf 91' lang='lat' dir='ltr'>ipsum</span> <span class='ocrx_word' id='word_1_372' title='bbox 2726 2372 3178 2427; x_wconf 88' lang='lat' dir='ltr'>permansurum</span> <span class='ocrx_word' id='word_1_373' title='bbox 3221 2372 3349 2413; x_wconf 89' lang='lat' dir='ltr'>esse</span> <span class='ocrx_word' id='word_1_374' title='bbox 3394 2358 3734 2414; x_wconf 74' lang='lat' dir='ltr'>Judaeorum</span> 
     </span>
    </p>
   </div>
   <div class='ocr_carea' id='block_1_53' title="bbox 2094 2442 3733 2519">
    <p class='ocr_par' dir='ltr' id='par_1_53' title="bbox 2094 2442 3733 2519">
     <span class='ocr_line' id='line_1_53' title="bbox 2094 2442 3733 2519; baseline 0.002 -21"><span class='ocrx_word' id='word_1_375' title='bbox 2094 2459 2339 2516; x_wconf 85' lang='lat' dir='ltr'>regnum</span> <span class='ocrx_word' id='word_1_376' title='bbox 2373 2442 2466 2499; x_wconf 91' lang='lat' dir='ltr'>his</span> <span class='ocrx_word' id='word_1_377' title='bbox 2496 2443 2689 2499; x_wconf 88' lang='lat' dir='ltr'>verbis</span> <span class='ocrx_word' id='word_1_378' title='bbox 2747 2445 3105 2515; x_wconf 83' lang='lat' dir='ltr'>praenuntiat</span> <span class='ocrx_word' id='word_1_379' title='bbox 3138 2461 3152 2500; x_wconf 89' lang='lat'>:</span> <span class='ocrx_word' id='word_1_380' title='bbox 3183 2446 3301 2501; x_wconf 78' lang='lat' dir='ltr'>Non</span> <span class='ocrx_word' id='word_1_381' title='bbox 3330 2446 3550 2516; x_wconf 73' lang='lat' dir='ltr'>deﬁciet</span> <span class='ocrx_word' id='word_1_382' title='bbox 3572 2448 3733 2519; x_wconf 83' lang='lat' dir='ltr'>prin-</span> 
     </span>
    </p>
   </div>
   <div class='ocr_carea' id='block_1_54' title="bbox 2093 2531 3738 2603">
    <p class='ocr_par' dir='ltr' id='par_1_54' title="bbox 2093 2531 3738 2603">
     <span class='ocr_line' id='line_1_54' title="bbox 2093 2531 3738 2603; baseline 0.004 -16"><span class='ocrx_word' id='word_1_383' title='bbox 2093 2548 2215 2602; x_wconf 84' lang='lat' dir='ltr'>ceps</span> <span class='ocrx_word' id='word_1_384' title='bbox 2244 2547 2313 2587; x_wconf 75' lang='lat' dir='ltr'>ex</span> <span class='ocrx_word' id='word_1_385' title='bbox 2341 2531 2501 2598; x_wconf 77' lang='lat' dir='ltr'>Iuda,</span> <span class='ocrx_word' id='word_1_386' title='bbox 2532 2539 2583 2587; x_wconf 85' lang='lat' dir='ltr'>et</span> <span class='ocrx_word' id='word_1_387' title='bbox 2610 2531 2725 2587; x_wconf 76' lang='lat' dir='ltr'>dux</span> <span class='ocrx_word' id='word_1_388' title='bbox 2777 2548 2847 2588; x_wconf 76' lang='lat' dir='ltr'>ex</span> <span class='ocrx_word' id='word_1_389' title='bbox 2892 2533 3189 2603; x_wconf 71' lang='lat' dir='ltr'>femoribus</span> <span class='ocrx_word' id='word_1_390' title='bbox 3218 2532 3357 2603; x_wconf 79' lang='lat' dir='ltr'>eius,</span> <span class='ocrx_word' id='word_1_391' title='bbox 3386 2534 3553 2592; x_wconf 76' lang='lat' dir='ltr'>donec</span> <span class='ocrx_word' id='word_1_392' title='bbox 3582 2551 3738 2593; x_wconf 83' lang='lat' dir='ltr'>vene-</span> 
     </span>
    </p>
   </div>
   <div class='ocr_carea' id='block_1_55' title="bbox 2094 2621 3735 2695">
    <p class='ocr_par' dir='ltr' id='par_1_55' title="bbox 2094 2621 3735 2695">
     <span class='ocr_line' id='line_1_55' title="bbox 2094 2621 3735 2695; baseline 0.004 -20"><span class='ocrx_word' id='word_1_393' title='bbox 2094 2623 2209 2675; x_wconf 82' lang='lat' dir='ltr'>rint</span> <span class='ocrx_word' id='word_1_394' title='bbox 2238 2636 2358 2691; x_wconf 63' lang='lat' dir='ltr'>qum</span> <span class='ocrx_word' id='word_1_395' title='bbox 2387 2621 2626 2691; x_wconf 83' lang='lat' dir='ltr'>reposita</span> <span class='ocrx_word' id='word_1_396' title='bbox 2652 2625 2783 2676; x_wconf 79' lang='lat' dir='ltr'>sunt</span> <span class='ocrx_word' id='word_1_397' title='bbox 2809 2622 2883 2689; x_wconf 86' lang='lat' dir='ltr'>ei,</span> <span class='ocrx_word' id='word_1_398' title='bbox 2916 2629 2964 2676; x_wconf 86' lang='lat' dir='ltr'>et</span> <span class='ocrx_word' id='word_1_399' title='bbox 2994 2624 3108 2692; x_wconf 84' lang='lat' dir='ltr'>ipse</span> <span class='ocrx_word' id='word_1_400' title='bbox 3136 2625 3215 2677; x_wconf 83' lang='lat' dir='ltr'>est</span> <span class='ocrx_word' id='word_1_401' title='bbox 3243 2626 3579 2694; x_wconf 72' lang='lat' dir='ltr'>exspectatio</span> <span class='ocrx_word' id='word_1_402' title='bbox 3603 2640 3735 2695; x_wconf 80' lang='lat' dir='ltr'>gen-</span> 
     </span>
    </p>
   </div>
   <div class='ocr_carea' id='block_1_56' title="bbox 2094 2709 3738 2781">
    <p class='ocr_par' dir='ltr' id='par_1_56' title="bbox 2094 2709 3738 2781">
     <span class='ocr_line' id='line_1_56' title="bbox 2094 2709 3738 2781; baseline 0.004 -17"><span class='ocrx_word' id='word_1_403' title='bbox 2094 2712 2235 2765; x_wconf 84' lang='lat' dir='ltr'>tium</span> <span class='ocrx_word' id='word_1_404' title='bbox 2262 2710 2325 2763; x_wconf 72' lang='lat'>93.</span> <span class='ocrx_word' id='word_1_405' title='bbox 2358 2709 2504 2763; x_wconf 87' lang='lat' dir='ltr'>Hinc</span> <span class='ocrx_word' id='word_1_406' title='bbox 2535 2714 2592 2765; x_wconf 89' lang='lat' dir='ltr'>et</span> <span class='ocrx_word' id='word_1_407' title='bbox 2637 2709 2763 2781; x_wconf 92' lang='lat' dir='ltr'>ipse</span> <span class='ocrx_word' id='word_1_408' title='bbox 2814 2709 3074 2765; x_wconf 86' lang='lat' dir='ltr'>Salvator</span> <span class='ocrx_word' id='word_1_409' title='bbox 3127 2710 3420 2767; x_wconf 89' lang='lat' dir='ltr'>clamabat</span> <span class='ocrx_word' id='word_1_410' title='bbox 3472 2730 3486 2769; x_wconf 88' lang='lat'>:</span> <span class='ocrx_word' id='word_1_411' title='bbox 3546 2715 3657 2769; x_wconf 71' lang='lat' dir='ltr'>Lex</span> <span class='ocrx_word' id='word_1_412' title='bbox 3682 2721 3738 2770; x_wconf 85' lang='lat' dir='ltr'>et</span> 
     </span>
    </p>
   </div>
   <div class='ocr_carea' id='block_1_57' title="bbox 2090 2798 3737 2870">
    <p class='ocr_par' dir='ltr' id='par_1_57' title="bbox 2090 2798 3737 2870">
     <span class='ocr_line' id='line_1_57' title="bbox 2090 2798 3737 2870; baseline 0.003 -18"><span class='ocrx_word' id='word_1_413' title='bbox 2090 2799 2369 2870; x_wconf 69' lang='lat' dir='ltr'>prophetae</span> <span class='ocrx_word' id='word_1_414' title='bbox 2409 2813 2577 2869; x_wconf 83' lang='lat' dir='ltr'>usque</span> <span class='ocrx_word' id='word_1_415' title='bbox 2602 2798 2680 2853; x_wconf 86' lang='lat' dir='ltr'>ad</span> <span class='ocrx_word' id='word_1_416' title='bbox 2707 2799 2972 2854; x_wconf 82' lang='lat' dir='ltr'>Joannem</span> <span class='ocrx_word' id='word_1_417' title='bbox 2996 2798 3457 2870; x_wconf 81' lang='lat' dir='ltr'>prophetavemnt</span> <span class='ocrx_word' id='word_1_418' title='bbox 3487 2801 3550 2855; x_wconf 72' lang='lat'>9°.</span> <span class='ocrx_word' id='word_1_419' title='bbox 3584 2801 3737 2866; x_wconf 86' lang='lat' dir='ltr'>Quo-</span> 
     </span>
    </p>
   </div>
   <div class='ocr_carea' id='block_1_58' title="bbox 2094 2886 3739 2961">
    <p class='ocr_par' dir='ltr' id='par_1_58' title="bbox 2094 2886 3739 2961">
     <span class='ocr_line' id='line_1_58' title="bbox 2094 2886 3739 2961; baseline 0.001 -19"><span class='ocrx_word' id='word_1_420' title='bbox 2094 2887 2246 2942; x_wconf 87' lang='lat' dir='ltr'>circa</span> <span class='ocrx_word' id='word_1_421' title='bbox 2277 2886 2326 2942; x_wconf 90' lang='lat' dir='ltr'>si</span> <span class='ocrx_word' id='word_1_422' title='bbox 2358 2902 2513 2941; x_wconf 91' lang='lat' dir='ltr'>nunc</span> <span class='ocrx_word' id='word_1_423' title='bbox 2544 2886 2699 2957; x_wconf 90' lang='lat' dir='ltr'>apud</span> <span class='ocrx_word' id='word_1_424' title='bbox 2728 2886 2963 2941; x_wconf 79' lang='lat' dir='ltr'>Judaeos</span> <span class='ocrx_word' id='word_1_425' title='bbox 2982 2886 3070 2941; x_wconf 91' lang='lat' dir='ltr'>vel</span> <span class='ocrx_word' id='word_1_426' title='bbox 3101 2904 3200 2942; x_wconf 87' lang='lat' dir='ltr'>rex</span> <span class='ocrx_word' id='word_1_427' title='bbox 3232 2887 3318 2943; x_wconf 92' lang='lat' dir='ltr'>vel</span> <span class='ocrx_word' id='word_1_428' title='bbox 3349 2888 3635 2961; x_wconf 87' lang='lat' dir='ltr'>propheta</span> <span class='ocrx_word' id='word_1_429' title='bbox 3648 2889 3739 2945; x_wconf 89' lang='lat' dir='ltr'>vel</span> 
     </span>
    </p>
   </div>
   <div class='ocr_carea' id='block_1_59' title="bbox 2092 2973 3739 3046">
    <p class='ocr_par' dir='ltr' id='par_1_59' title="bbox 2092 2973 3739 3046">
     <span class='ocr_line' id='line_1_59' title="bbox 2092 2973 3739 3046; baseline 0.003 -18"><span class='ocrx_word' id='word_1_430' title='bbox 2092 2974 2239 3029; x_wconf 87' lang='lat' dir='ltr'>visio</span> <span class='ocrx_word' id='word_1_431' title='bbox 2273 2975 2525 3039; x_wconf 87' lang='lat' dir='ltr'>sit,recte</span> <span class='ocrx_word' id='word_1_432' title='bbox 2551 2973 2851 3029; x_wconf 86' lang='lat' dir='ltr'>Christum</span> <span class='ocrx_word' id='word_1_433' title='bbox 2882 2974 3111 3029; x_wconf 90' lang='lat' dir='ltr'>venisse</span> <span class='ocrx_word' id='word_1_434' title='bbox 3140 2979 3375 3046; x_wconf 89' lang='lat' dir='ltr'>negant.</span> <span class='ocrx_word' id='word_1_435' title='bbox 3408 2976 3520 3032; x_wconf 89' lang='lat' dir='ltr'>Sed</span> <span class='ocrx_word' id='word_1_436' title='bbox 3552 2977 3603 3033; x_wconf 89' lang='lat' dir='ltr'>si</span> <span class='ocrx_word' id='word_1_437' title='bbox 3632 2994 3739 3033; x_wconf 89' lang='lat' dir='ltr'>ne-</span> 
     </span>
    </p>
   </div>
   <div class='ocr_carea' id='block_1_60' title="bbox 331 3060 1984 3142">
    <p class='ocr_par' dir='ltr' id='par_1_60' title="bbox 331 3063 1979 3142">
     <span class='ocr_line' id='line_1_60' title="bbox 331 3063 1979 3142; baseline -0.001 -23"><span class='ocrx_word' id='word_1_438' title='bbox 331 3064 540 3137; x_wconf 79' lang='grc' dir='ltr'>σιλεῦς,</span> <span class='ocrx_word' id='word_1_439' title='bbox 572 3066 608 3134; x_wconf 72' lang='grc' dir='ltr'><strong>ἢ</strong></span> <span class='ocrx_word' id='word_1_440' title='bbox 652 3066 963 3142; x_wconf 82' lang='grc' dir='ltr'>προφήτης,</span> <span class='ocrx_word' id='word_1_441' title='bbox 994 3064 1031 3133; x_wconf 77' lang='grc' dir='ltr'><strong>ἢ</strong></span> <span class='ocrx_word' id='word_1_442' title='bbox 1065 3063 1272 3139; x_wconf 76' lang='grc' dir='ltr'>ὅρασις,</span> <span class='ocrx_word' id='word_1_443' title='bbox 1323 3064 1508 3127; x_wconf 86' lang='grc' dir='ltr'>καλῶς</span> <span class='ocrx_word' id='word_1_444' title='bbox 1558 3064 1843 3141; x_wconf 74' lang='grc' dir='ltr'>ἀρνοῦνται</span> <span class='ocrx_word' id='word_1_445' title='bbox 1888 3064 1979 3118; x_wconf 88' lang='grc' dir='ltr'>τὸν</span> 
     </span>
    </p>
   </div>
   <div class='ocr_carea' id='block_1_61' title="bbox 2102 3060 3738 3142">
    <p class='ocr_par' dir='ltr' id='par_1_61' title="bbox 2102 3061 3738 3135">
     <span class='ocr_line' id='line_1_61' title="bbox 2102 3061 3738 3135; baseline 0.002 -17"><span class='ocrx_word' id='word_1_446' title='bbox 2102 3079 2210 3135; x_wconf 89' lang='lat' dir='ltr'>que</span> <span class='ocrx_word' id='word_1_447' title='bbox 2238 3078 2433 3134; x_wconf 88' lang='lat' dir='ltr'>regem</span> <span class='ocrx_word' id='word_1_448' title='bbox 2466 3078 2655 3133; x_wconf 91' lang='lat' dir='ltr'>neque</span> <span class='ocrx_word' id='word_1_449' title='bbox 2684 3061 2967 3117; x_wconf 89' lang='lat' dir='ltr'>visionem</span> <span class='ocrx_word' id='word_1_450' title='bbox 3025 3061 3264 3133; x_wconf 87' lang='lat' dir='ltr'>habent,</span> <span class='ocrx_word' id='word_1_451' title='bbox 3325 3066 3423 3120; x_wconf 90' lang='lat' dir='ltr'>sed</span> <span class='ocrx_word' id='word_1_452' title='bbox 3457 3068 3514 3121; x_wconf 90' lang='lat' dir='ltr'>et</span> <span class='ocrx_word' id='word_1_453' title='bbox 3543 3065 3738 3121; x_wconf 86' lang='lat' dir='ltr'>omnis</span> 
     </span>
    </p>
   </div>
   <div class='ocr_carea' id='block_1_62' title="bbox 331 3150 1982 3229">
    <p class='ocr_par' dir='ltr' id='par_1_62' title="bbox 331 3150 1982 3229">
     <span class='ocr_line' id='line_1_62' title="bbox 331 3150 1982 3229; baseline -0.001 -22"><span class='ocrx_word' id='word_1_454' title='bbox 331 3152 559 3216; x_wconf 82' lang='grc' dir='ltr'>ἐλθόντα</span> <span class='ocrx_word' id='word_1_455' title='bbox 583 3152 836 3229; x_wconf 79' lang='grc' dir='ltr'>Χριστόν·</span> <span class='ocrx_word' id='word_1_456' title='bbox 880 3153 925 3208; x_wconf 86' lang='grc' dir='ltr'>εἷ</span> <span class='ocrx_word' id='word_1_457' title='bbox 977 3150 1034 3206; x_wconf 72' lang='grc' dir='ltr'>δὲ</span> <span class='ocrx_word' id='word_1_458' title='bbox 1079 3155 1219 3225; x_wconf 88' lang='grc' dir='ltr'>μήτε</span> <span class='ocrx_word' id='word_1_459' title='bbox 1270 3152 1548 3227; x_wconf 77' lang='grc' dir='ltr'>βασιλεὺς,</span> <span class='ocrx_word' id='word_1_460' title='bbox 1603 3155 1741 3226; x_wconf 88' lang='grc' dir='ltr'>μήτε</span> <span class='ocrx_word' id='word_1_461' title='bbox 1774 3150 1982 3228; x_wconf 79' lang='grc' dir='ltr'>ὅρασις,</span> 
     </span>
    </p>
   </div>
   <div class='ocr_carea' id='block_1_63' title="bbox 330 3240 1982 3319">
    <p class='ocr_par' dir='ltr' id='par_1_63' title="bbox 330 3240 1982 3319">
     <span class='ocr_line' id='line_1_63' title="bbox 330 3240 1982 3319; baseline 0 -24"><span class='ocrx_word' id='word_1_462' title='bbox 330 3241 458 3297; x_wconf 88' lang='grc' dir='ltr'>ἀλλ’</span> <span class='ocrx_word' id='word_1_463' title='bbox 516 3241 864 3319; x_wconf 79' lang='grc' dir='ltr'>ἐσφράγισται</span> <span class='ocrx_word' id='word_1_464' title='bbox 912 3240 1107 3295; x_wconf 87' lang='grc' dir='ltr'>λοιπὸν</span> <span class='ocrx_word' id='word_1_465' title='bbox 1157 3241 1246 3295; x_wconf 80' lang='grc' dir='ltr'>καὶ</span> <span class='ocrx_word' id='word_1_466' title='bbox 1454 3247 1598 3295; x_wconf 79' lang='grc' dir='ltr'>πᾶσα</span> <span class='ocrx_word' id='word_1_467' title='bbox 1642 3240 1982 3319; x_wconf 76' lang='grc' dir='ltr'>προφητεία,</span> 
     </span>
    </p>
   </div>
   <div class='ocr_carea' id='block_1_64' title="bbox 329 3325 1983 3401">
    <p class='ocr_par' dir='ltr' id='par_1_64' title="bbox 329 3325 1983 3401">
     <span class='ocr_line' id='line_1_64' title="bbox 329 3325 1983 3401; baseline -0.001 -18"><span class='ocrx_word' id='word_1_468' title='bbox 329 3329 419 3383; x_wconf 80' lang='grc' dir='ltr'>καὶ</span> <span class='ocrx_word' id='word_1_469' title='bbox 450 3332 487 3399; x_wconf 81' lang='grc' dir='ltr'>ἡ</span> <span class='ocrx_word' id='word_1_470' title='bbox 516 3328 680 3390; x_wconf 87' lang='grc' dir='ltr'>πόλις</span> <span class='ocrx_word' id='word_1_471' title='bbox 720 3328 811 3383; x_wconf 84' lang='grc' dir='ltr'>καὶ</span> <span class='ocrx_word' id='word_1_472' title='bbox 854 3328 882 3381; x_wconf 89' lang='lat'>6</span> <span class='ocrx_word' id='word_1_473' title='bbox 912 3329 1038 3391; x_wconf 89' lang='grc' dir='ltr'>ναὸς</span> <span class='ocrx_word' id='word_1_474' title='bbox 1089 3328 1255 3383; x_wconf 61' lang='grc' dir='ltr'>ἑάλω</span> <span class='ocrx_word' id='word_1_475' title='bbox 1306 3329 1358 3383; x_wconf 90' lang='grc' dir='ltr'>τί</span> <span class='ocrx_word' id='word_1_476' title='bbox 1408 3334 1663 3384; x_wconf 89' lang='grc' dir='ltr'>τοσοῦτον</span> <span class='ocrx_word' id='word_1_477' title='bbox 1707 3325 1983 3401; x_wconf 88' lang='grc' dir='ltr'>ἀσεϐοῦσι,</span> 
     </span>
    </p>
   </div>
   <div class='ocr_carea' id='block_1_65' title="bbox 333 3412 1983 3493">
    <p class='ocr_par' dir='ltr' id='par_1_65' title="bbox 333 3412 1983 3493">
     <span class='ocr_line' id='line_1_65' title="bbox 333 3412 1983 3493; baseline -0.001 -20"><span class='ocrx_word' id='word_1_478' title='bbox 333 3417 425 3473; x_wconf 85' lang='grc' dir='ltr'>καὶ</span> <span class='ocrx_word' id='word_1_479' title='bbox 480 3412 924 3492; x_wconf 89' lang='grc' dir='ltr'>παραϐαίνουσιν,</span> <span class='ocrx_word' id='word_1_480' title='bbox 972 3415 1111 3471; x_wconf 82' lang='grc' dir='ltr'>ὥστε</span> <span class='ocrx_word' id='word_1_481' title='bbox 1144 3416 1210 3471; x_wconf 75' lang='grc' dir='ltr'>τὰ</span> <span class='ocrx_word' id='word_1_482' title='bbox 1256 3417 1350 3489; x_wconf 72' lang='grc' dir='ltr'>μὲν</span> <span class='ocrx_word' id='word_1_483' title='bbox 1397 3417 1661 3493; x_wconf 89' lang='grc' dir='ltr'>γενόμενα</span> <span class='ocrx_word' id='word_1_484' title='bbox 1709 3418 1859 3493; x_wconf 77' lang='grc' dir='ltr'>ὁρᾷν,</span> <span class='ocrx_word' id='word_1_485' title='bbox 1891 3418 1983 3472; x_wconf 88' lang='grc' dir='ltr'>τὸν</span> 
     </span>
    </p>
   </div>
   <div class='ocr_carea' id='block_1_66' title="bbox 334 3503 1984 3581">
    <p class='ocr_par' dir='ltr' id='par_1_66' title="bbox 334 3503 1984 3581">
     <span class='ocr_line' id='line_1_66' title="bbox 334 3503 1984 3581; baseline 0 -22"><span class='ocrx_word' id='word_1_486' title='bbox 334 3503 393 3560; x_wconf 74' lang='grc' dir='ltr'>δὲ</span> <span class='ocrx_word' id='word_1_487' title='bbox 448 3509 617 3559; x_wconf 87' lang='grc' dir='ltr'>ταῦτα</span> <span class='ocrx_word' id='word_1_488' title='bbox 663 3504 1004 3575; x_wconf 79' lang='grc' dir='ltr'>πεποιηκότα</span> <span class='ocrx_word' id='word_1_489' title='bbox 1046 3505 1276 3580; x_wconf 83' lang='grc' dir='ltr'>Χριστὸν</span> <span class='ocrx_word' id='word_1_490' title='bbox 1331 3505 1603 3581; x_wconf 84' lang='grc' dir='ltr'>ἀρνεῖσθαι</span> <span class='ocrx_word' id='word_1_491' title='bbox 1637 3525 1651 3575; x_wconf 86' lang='grc'><strong>;</strong></span> <span class='ocrx_word' id='word_1_492' title='bbox 1682 3506 1743 3559; x_wconf 93' lang='grc' dir='ltr'>Τί</span> <span class='ocrx_word' id='word_1_493' title='bbox 1791 3504 1848 3560; x_wconf 77' lang='grc' dir='ltr'>δὲ</span> <span class='ocrx_word' id='word_1_494' title='bbox 1894 3507 1984 3561; x_wconf 87' lang='lat' dir='ltr'>xui</span> 
     </span>
    </p>
   </div>
   <div class='ocr_carea' id='block_1_67' title="bbox 329 3592 1985 3667">
    <p class='ocr_par' dir='ltr' id='par_1_67' title="bbox 329 3592 1985 3667">
     <span class='ocr_line' id='line_1_67' title="bbox 329 3592 1985 3667; baseline 0 -18"><span class='ocrx_word' id='word_1_495' title='bbox 329 3592 459 3657; x_wconf 79' lang='grc' dir='ltr'>τοὺς</span> <span class='ocrx_word' id='word_1_496' title='bbox 491 3592 599 3649; x_wconf 84' lang='grc' dir='ltr'>ἀπὸ</span> <span class='ocrx_word' id='word_1_497' title='bbox 626 3598 734 3649; x_wconf 87' lang='grc' dir='ltr'>τῶν</span> <span class='ocrx_word' id='word_1_498' title='bbox 770 3593 935 3658; x_wconf 84' lang='grc' dir='ltr'>ἐθνῶν</span> <span class='ocrx_word' id='word_1_499' title='bbox 992 3598 1318 3667; x_wconf 80' lang='grc' dir='ltr'>θεωροῦντες</span> <span class='ocrx_word' id='word_1_500' title='bbox 1366 3593 1874 3667; x_wconf 88' lang='grc' dir='ltr'>καταλιμπάνοντας</span> <span class='ocrx_word' id='word_1_501' title='bbox 1918 3595 1985 3649; x_wconf 77' lang='grc' dir='ltr'>τὰ</span> 
     </span>
    </p>
   </div>
   <div class='ocr_carea' id='block_1_68' title="bbox 329 3679 1983 3759">
    <p class='ocr_par' dir='ltr' id='par_1_68' title="bbox 329 3679 1983 3759">
     <span class='ocr_line' id='line_1_68' title="bbox 329 3679 1983 3759; baseline 0 -22"><span class='ocrx_word' id='word_1_502' title='bbox 329 3679 554 3756; x_wconf 75' lang='grc' dir='ltr'>εἴδωλα,</span> <span class='ocrx_word' id='word_1_503' title='bbox 593 3683 682 3738; x_wconf 85' lang='grc' dir='ltr'>καὶ</span> <span class='ocrx_word' id='word_1_504' title='bbox 738 3681 826 3737; x_wconf 77' lang='grc' dir='ltr'>ἐπὶ</span> <span class='ocrx_word' id='word_1_505' title='bbox 870 3681 962 3737; x_wconf 88' lang='grc' dir='ltr'>τὸν</span> <span class='ocrx_word' id='word_1_506' title='bbox 1014 3682 1144 3737; x_wconf 88' lang='grc' dir='ltr'>Θεὸν</span> <span class='ocrx_word' id='word_1_507' title='bbox 1200 3682 1422 3759; x_wconf 81' lang='grc' dir='ltr'>Ἰσραὴλ</span> <span class='ocrx_word' id='word_1_508' title='bbox 1472 3680 1561 3737; x_wconf 80' lang='grc' dir='ltr'>διὰ</span> <span class='ocrx_word' id='word_1_509' title='bbox 1600 3687 1697 3737; x_wconf 89' lang='grc' dir='ltr'>τοῦ</span> <span class='ocrx_word' id='word_1_510' title='bbox 1749 3687 1983 3759; x_wconf 85' lang='grc' dir='ltr'>Χριστοῦ</span> 
     </span>
    </p>
   </div>
   <div class='ocr_carea' id='block_1_69' title="bbox 327 3767 1981 3847">
    <p class='ocr_par' dir='ltr' id='par_1_69' title="bbox 327 3767 1981 3847">
     <span class='ocr_line' id='line_1_69' title="bbox 327 3767 1981 3847; baseline -0.001 -22"><span class='ocrx_word' id='word_1_511' title='bbox 327 3768 555 3846; x_wconf 79' lang='grc' dir='ltr'>ἔχοντας</span> <span class='ocrx_word' id='word_1_512' title='bbox 604 3772 703 3839; x_wconf 81' lang='grc' dir='ltr'>τὴν</span> <span class='ocrx_word' id='word_1_513' title='bbox 757 3767 991 3843; x_wconf 82' lang='grc' dir='ltr'>ἐλπίδα,</span> <span class='ocrx_word' id='word_1_514' title='bbox 1043 3770 1329 3846; x_wconf 88' lang='grc' dir='ltr'>ἀρνοῦνται</span> <span class='ocrx_word' id='word_1_515' title='bbox 1386 3771 1479 3825; x_wconf 84' lang='grc' dir='ltr'>τὸν</span> <span class='ocrx_word' id='word_1_516' title='bbox 1559 3770 1619 3826; x_wconf 88' lang='grc' dir='ltr'>ἐκ</span> <span class='ocrx_word' id='word_1_517' title='bbox 1670 3778 1771 3840; x_wconf 85' lang='grc' dir='ltr'>τῆς</span> <span class='ocrx_word' id='word_1_518' title='bbox 1828 3771 1981 3847; x_wconf 78' lang='grc' dir='ltr'>ῥίζης</span> 
     </span>
    </p>
   </div>
   <div class='ocr_carea' id='block_1_70' title="bbox 326 3857 1981 3935">
    <p class='ocr_par' dir='ltr' id='par_1_70' title="bbox 326 3857 1981 3935">
     <span class='ocr_line' id='line_1_70' title="bbox 326 3857 1981 3935; baseline -0.002 -19"><span class='ocrx_word' id='word_1_519' title='bbox 326 3858 517 3917; x_wconf 84' lang='grc' dir='ltr'>Ἰεσσαὶ</span> <span class='ocrx_word' id='word_1_520' title='bbox 578 3858 715 3913; x_wconf 78' lang='grc' dir='ltr'>κατὰ</span> <span class='ocrx_word' id='word_1_521' title='bbox 790 3857 961 3935; x_wconf 83' lang='grc' dir='ltr'>σάρκα</span> <span class='ocrx_word' id='word_1_522' title='bbox 1009 3857 1301 3934; x_wconf 87' lang='grc' dir='ltr'>γενόμενον</span> <span class='ocrx_word' id='word_1_523' title='bbox 1374 3858 1605 3913; x_wconf 69' lang='grc' dir='ltr'>Χοιστὸν</span> <span class='ocrx_word' id='word_1_524' title='bbox 1676 3860 1767 3913; x_wconf 81' lang='grc' dir='ltr'>καὶ</span> <span class='ocrx_word' id='word_1_525' title='bbox 1828 3860 1981 3933; x_wconf 87' lang='grc' dir='ltr'>βασι-</span> 
     </span>
    </p>
   </div>
   <div class='ocr_carea' id='block_1_71' title="bbox 332 3945 1984 4023">
    <p class='ocr_par' dir='ltr' id='par_1_71' title="bbox 332 3945 1984 4023">
     <span class='ocr_line' id='line_1_71' title="bbox 332 3945 1984 4023; baseline -0.002 -19"><span class='ocrx_word' id='word_1_526' title='bbox 332 3948 558 4004; x_wconf 88' lang='grc' dir='ltr'>λεύοντα</span> <span class='ocrx_word' id='word_1_527' title='bbox 614 3946 809 4003; x_wconf 88' lang='grc' dir='ltr'>λοιπόν</span> <span class='ocrx_word' id='word_1_528' title='bbox 846 3966 860 4017; x_wconf 89' lang='grc'><strong>;</strong></span> <span class='ocrx_word' id='word_1_529' title='bbox 892 3946 955 4000; x_wconf 83' lang='grc' dir='ltr'><strong>Εἰ</strong></span> <span class='ocrx_word' id='word_1_530' title='bbox 1007 3948 1101 4021; x_wconf 74' lang='grc' dir='ltr'>μὲν</span> <span class='ocrx_word' id='word_1_531' title='bbox 1155 3947 1256 4023; x_wconf 75' lang='grc' dir='ltr'>γὰρ</span> <span class='ocrx_word' id='word_1_532' title='bbox 1314 3945 1485 4002; x_wconf 77' lang='grc' dir='ltr'>ἄλλον</span> <span class='ocrx_word' id='word_1_533' title='bbox 1547 3946 1869 4023; x_wconf 67' lang='grc' dir='ltr'>ἐθρήσκευον</span> <span class='ocrx_word' id='word_1_534' title='bbox 1917 3946 1984 4001; x_wconf 78' lang='grc' dir='ltr'>τά</span> 
     </span>
    </p>
   </div>
   <div class='ocr_carea' id='block_1_72' title="bbox 332 4030 1985 4112">
    <p class='ocr_par' dir='ltr' id='par_1_72' title="bbox 332 4030 1985 4112">
     <span class='ocr_line' id='line_1_72' title="bbox 332 4030 1985 4112; baseline -0.001 -20"><span class='ocrx_word' id='word_1_535' title='bbox 332 4035 457 4107; x_wconf 76' lang='grc' dir='ltr'>ἔθνη</span> <span class='ocrx_word' id='word_1_536' title='bbox 520 4036 673 4108; x_wconf 88' lang='grc' dir='ltr'>Θεὸν,</span> <span class='ocrx_word' id='word_1_537' title='bbox 732 4034 879 4091; x_wconf 77' lang='grc' dir='ltr'>ἀλλὰ</span> <span class='ocrx_word' id='word_1_538' title='bbox 937 4037 1013 4109; x_wconf 79' lang='grc' dir='ltr'>μὴ</span> <span class='ocrx_word' id='word_1_539' title='bbox 1071 4035 1162 4090; x_wconf 92' lang='grc' dir='ltr'>τὸν</span> <span class='ocrx_word' id='word_1_540' title='bbox 1213 4036 1341 4091; x_wconf 86' lang='grc' dir='ltr'>Θεὸν</span> <span class='ocrx_word' id='word_1_541' title='bbox 1388 4030 1638 4112; x_wconf 72' lang='grc' dir='ltr'>Ἀϐραὰμ</span> <span class='ocrx_word' id='word_1_542' title='bbox 1668 4035 1757 4090; x_wconf 80' lang='grc' dir='ltr'>καὶ</span> <span class='ocrx_word' id='word_1_543' title='bbox 1809 4036 1985 4091; x_wconf 81' lang='grc' dir='ltr'>Ἰσαὰκ</span> 
     </span>
    </p>
   </div>
   <div class='ocr_carea' id='block_1_73' title="bbox 334 4118 1983 4200">
    <p class='ocr_par' dir='ltr' id='par_1_73' title="bbox 334 4118 1983 4200">
     <span class='ocr_line' id='line_1_73' title="bbox 406 4123 1949 4147; baseline -0.006 0"><span class='ocrx_word' id='word_1_544' title='bbox 406 4126 421 4147; x_wconf 86' lang='lat'><strong><em>\</em></strong></span> <span class='ocrx_word' id='word_1_545' title='bbox 464 4126 478 4147; x_wconf 67' lang='grc' dir='ltr'><strong><em>ι</em></strong></span> <span class='ocrx_word' id='word_1_546' title='bbox 590 4126 605 4143; x_wconf 77' lang='lat'><strong><em>\</em></strong></span> <span class='ocrx_word' id='word_1_547' title='bbox 764 4124 777 4143; x_wconf 84' lang='lat'><strong><em>\</em></strong></span> <span class='ocrx_word' id='word_1_548' title='bbox 933 4133 959 4143; x_wconf 88' lang='lat'>..</span> <span class='ocrx_word' id='word_1_549' title='bbox 1153 4124 1166 4143; x_wconf 71' lang='grc' dir='ltr'>ι</span> <span class='ocrx_word' id='word_1_550' title='bbox 1318 4123 1331 4143; x_wconf 76' lang='grc' dir='ltr'><em>ι</em></span> <span class='ocrx_word' id='word_1_551' title='bbox 1656 4128 1684 4139; x_wconf 83' lang='grc'>...</span> <span class='ocrx_word' id='word_1_552' title='bbox 1938 4124 1949 4144; x_wconf 85' lang='lat'>,</span> 
     </span>
     <span class='ocr_line' id='line_1_74' title="bbox 334 4118 1983 4200; baseline -0.001 -20"><span class='ocrx_word' id='word_1_553' title='bbox 334 4147 424 4180; x_wconf 88' lang='grc' dir='ltr'>και</span> <span class='ocrx_word' id='word_1_554' title='bbox 484 4118 659 4180; x_wconf 86' lang='grc' dir='ltr'>Ιακωϐ</span> <span class='ocrx_word' id='word_1_555' title='bbox 690 4145 781 4179; x_wconf 88' lang='grc' dir='ltr'>και</span> <span class='ocrx_word' id='word_1_556' title='bbox 824 4123 1101 4182; x_wconf 75' lang='grc' dir='ltr'>Μωυσέως</span> <span class='ocrx_word' id='word_1_557' title='bbox 1137 4123 1485 4200; x_wconf 88' lang='grc' dir='ltr'>ωμολογουν.</span> <span class='ocrx_word' id='word_1_558' title='bbox 1542 4123 1725 4186; x_wconf 88' lang='grc' dir='ltr'>καλως</span> <span class='ocrx_word' id='word_1_559' title='bbox 1769 4124 1827 4179; x_wconf 80' lang='grc' dir='ltr'>ἂν</span> <span class='ocrx_word' id='word_1_560' title='bbox 1880 4145 1983 4179; x_wconf 87' lang='grc' dir='ltr'>πα-</span> 
     </span>
    </p>
   </div>
   <div class='ocr_carea' id='block_1_74' title="bbox 337 4210 1983 4292">
    <p class='ocr_par' dir='ltr' id='par_1_74' title="bbox 337 4210 1983 4292">
     <span class='ocr_line' id='line_1_75' title="bbox 337 4210 1983 4292; baseline -0.002 -24"><span class='ocrx_word' id='word_1_561' title='bbox 337 4214 422 4269; x_wconf 91' lang='grc' dir='ltr'>λιν</span> <span class='ocrx_word' id='word_1_562' title='bbox 455 4212 888 4292; x_wconf 82' lang='grc' dir='ltr'>προύφασίζοντο</span> <span class='ocrx_word' id='word_1_563' title='bbox 926 4213 1001 4286; x_wconf 78' lang='grc' dir='ltr'>μὴ</span> <span class='ocrx_word' id='word_1_564' title='bbox 1034 4211 1359 4283; x_wconf 70' lang='grc' dir='ltr'>ἐληλυθέναι</span> <span class='ocrx_word' id='word_1_565' title='bbox 1388 4212 1479 4267; x_wconf 89' lang='grc' dir='ltr'>τὸν</span> <span class='ocrx_word' id='word_1_566' title='bbox 1514 4212 1665 4267; x_wconf 87' lang='grc' dir='ltr'>Θεόν·</span> <span class='ocrx_word' id='word_1_567' title='bbox 1699 4212 1744 4267; x_wconf 83' lang='grc' dir='ltr'>εἷ</span> <span class='ocrx_word' id='word_1_568' title='bbox 1795 4210 1852 4267; x_wconf 75' lang='grc' dir='ltr'>δὲ</span> <span class='ocrx_word' id='word_1_569' title='bbox 1891 4214 1983 4267; x_wconf 92' lang='grc' dir='ltr'>τὸν</span> 
     </span>
    </p>
   </div>
   <div class='ocr_carea' id='block_1_75' title="bbox 2095 3150 3740 3223">
    <p class='ocr_par' dir='ltr' id='par_1_75' title="bbox 2095 3150 3740 3223">
     <span class='ocr_line' id='line_1_76' title="bbox 2095 3150 3740 3223; baseline 0.003 -18"><span class='ocrx_word' id='word_1_570' title='bbox 2095 3151 2398 3223; x_wconf 85' lang='lat' dir='ltr'>prophetia</span> <span class='ocrx_word' id='word_1_571' title='bbox 2426 3151 2547 3221; x_wconf 78' lang='lat' dir='ltr'>iam</span> <span class='ocrx_word' id='word_1_572' title='bbox 2579 3150 2887 3222; x_wconf 88' lang='lat' dir='ltr'>obsignata</span> <span class='ocrx_word' id='word_1_573' title='bbox 2916 3153 3023 3221; x_wconf 90' lang='lat' dir='ltr'>est,</span> <span class='ocrx_word' id='word_1_574' title='bbox 3062 3154 3346 3223; x_wconf 88' lang='lat' dir='ltr'>captaque</span> <span class='ocrx_word' id='word_1_575' title='bbox 3393 3156 3483 3209; x_wconf 89' lang='lat' dir='ltr'>est</span> <span class='ocrx_word' id='word_1_576' title='bbox 3510 3154 3652 3210; x_wconf 89' lang='lat' dir='ltr'>urbs</span> <span class='ocrx_word' id='word_1_577' title='bbox 3682 3156 3740 3210; x_wconf 85' lang='lat' dir='ltr'>et</span> 
     </span>
    </p>
   </div>
   <div class='ocr_carea' id='block_1_76' title="bbox 2094 3238 3740 3314">
    <p class='ocr_par' dir='ltr' id='par_1_76' title="bbox 2094 3238 3740 3314">
     <span class='ocr_line' id='line_1_77' title="bbox 2094 3238 3740 3314; baseline 0.002 -19"><span class='ocrx_word' id='word_1_578' title='bbox 2094 3238 2380 3311; x_wconf 89' lang='lat' dir='ltr'>templum</span> <span class='ocrx_word' id='word_1_579' title='bbox 2416 3257 2429 3295; x_wconf 89' lang='lat'><strong>:</strong></span> <span class='ocrx_word' id='word_1_580' title='bbox 2463 3239 2602 3310; x_wconf 89' lang='lat' dir='ltr'>quid</span> <span class='ocrx_word' id='word_1_581' title='bbox 2637 3238 2778 3294; x_wconf 89' lang='lat' dir='ltr'>adeo</span> <span class='ocrx_word' id='word_1_582' title='bbox 2808 3238 2975 3309; x_wconf 90' lang='lat' dir='ltr'>impii</span> <span class='ocrx_word' id='word_1_583' title='bbox 3006 3243 3145 3294; x_wconf 91' lang='lat' dir='ltr'>sunt</span> <span class='ocrx_word' id='word_1_584' title='bbox 3173 3243 3230 3295; x_wconf 89' lang='lat' dir='ltr'>et</span> <span class='ocrx_word' id='word_1_585' title='bbox 3258 3244 3377 3297; x_wconf 85' lang='lat' dir='ltr'>tam</span> <span class='ocrx_word' id='word_1_586' title='bbox 3409 3256 3582 3313; x_wconf 85' lang='lat' dir='ltr'>grave</span> <span class='ocrx_word' id='word_1_587' title='bbox 3612 3258 3740 3314; x_wconf 90' lang='lat' dir='ltr'>pec-</span> 
     </span>
    </p>
   </div>
   <div class='ocr_carea' id='block_1_77' title="bbox 2096 3327 3732 3399">
    <p class='ocr_par' dir='ltr' id='par_1_77' title="bbox 2096 3327 3732 3399">
     <span class='ocr_line' id='line_1_78' title="bbox 2096 3327 3732 3399; baseline 0.001 -15"><span class='ocrx_word' id='word_1_588' title='bbox 2096 3333 2291 3384; x_wconf 90' lang='lat' dir='ltr'>catum</span> <span class='ocrx_word' id='word_1_589' title='bbox 2323 3327 2719 3393; x_wconf 88' lang='lat' dir='ltr'>committunt,</span> <span class='ocrx_word' id='word_1_590' title='bbox 2754 3331 2817 3381; x_wconf 89' lang='lat' dir='ltr'>ut</span> <span class='ocrx_word' id='word_1_591' title='bbox 2844 3328 2996 3384; x_wconf 85' lang='lat' dir='ltr'>facta</span> <span class='ocrx_word' id='word_1_592' title='bbox 3025 3327 3262 3399; x_wconf 90' lang='lat' dir='ltr'>quidem</span> <span class='ocrx_word' id='word_1_593' title='bbox 3291 3329 3545 3398; x_wconf 85' lang='lat' dir='ltr'>videant,</span> <span class='ocrx_word' id='word_1_594' title='bbox 3572 3329 3732 3386; x_wconf 87' lang='lat' dir='ltr'>Chri-</span> 
     </span>
    </p>
   </div>
   <div class='ocr_carea' id='block_1_78' title="bbox 2094 3415 3733 3487">
    <p class='ocr_par' dir='ltr' id='par_1_78' title="bbox 2094 3415 3733 3487">
     <span class='ocr_line' id='line_1_79' title="bbox 2094 3415 3733 3487; baseline 0.001 -14"><span class='ocrx_word' id='word_1_595' title='bbox 2094 3422 2252 3474; x_wconf 88' lang='lat' dir='ltr'>stum</span> <span class='ocrx_word' id='word_1_596' title='bbox 2283 3433 2416 3472; x_wconf 88' lang='lat' dir='ltr'>vero</span> <span class='ocrx_word' id='word_1_597' title='bbox 2439 3416 2540 3487; x_wconf 88' lang='lat' dir='ltr'>qui</span> <span class='ocrx_word' id='word_1_598' title='bbox 2569 3416 2691 3470; x_wconf 72' lang='lat' dir='ltr'>haec</span> <span class='ocrx_word' id='word_1_599' title='bbox 2712 3415 2842 3487; x_wconf 89' lang='lat' dir='ltr'>ipsa</span> <span class='ocrx_word' id='word_1_600' title='bbox 2873 3416 3007 3471; x_wconf 84' lang='lat' dir='ltr'>fecit</span> <span class='ocrx_word' id='word_1_601' title='bbox 3028 3431 3237 3487; x_wconf 89' lang='lat' dir='ltr'>negare</span> <span class='ocrx_word' id='word_1_602' title='bbox 3255 3418 3555 3473; x_wconf 77' lang='lat' dir='ltr'>audeant?</span> <span class='ocrx_word' id='word_1_603' title='bbox 3583 3420 3733 3485; x_wconf 90' lang='lat' dir='ltr'>Quid</span> 
     </span>
    </p>
   </div>
   <div class='ocr_carea' id='block_1_79' title="bbox 2094 3503 3731 3577">
    <p class='ocr_par' dir='ltr' id='par_1_79' title="bbox 2094 3503 3731 3577">
     <span class='ocr_line' id='line_1_80' title="bbox 2094 3503 3731 3577; baseline 0.001 -16"><span class='ocrx_word' id='word_1_604' title='bbox 2094 3523 2228 3561; x_wconf 92' lang='lat' dir='ltr'>cum</span> <span class='ocrx_word' id='word_1_605' title='bbox 2280 3506 2407 3577; x_wconf 92' lang='lat' dir='ltr'>ipso</span> <span class='ocrx_word' id='word_1_606' title='bbox 2439 3504 2612 3560; x_wconf 90' lang='lat' dir='ltr'>etiam</span> <span class='ocrx_word' id='word_1_607' title='bbox 2645 3503 2889 3577; x_wconf 88' lang='lat' dir='ltr'>gentiles</span> <span class='ocrx_word' id='word_1_608' title='bbox 2920 3503 3135 3560; x_wconf 89' lang='lat' dir='ltr'>relictis</span> <span class='ocrx_word' id='word_1_609' title='bbox 3165 3504 3336 3561; x_wconf 88' lang='lat' dir='ltr'>idolis</span> <span class='ocrx_word' id='word_1_610' title='bbox 3367 3522 3528 3577; x_wconf 88' lang='lat' dir='ltr'>spem</span> <span class='ocrx_word' id='word_1_611' title='bbox 3561 3523 3731 3563; x_wconf 89' lang='lat' dir='ltr'>suam</span> 
     </span>
    </p>
   </div>
   <div class='ocr_carea' id='block_1_80' title="bbox 2093 3591 3730 3667">
    <p class='ocr_par' dir='ltr' id='par_1_80' title="bbox 2093 3591 3730 3667">
     <span class='ocr_line' id='line_1_81' title="bbox 2093 3591 3730 3667; baseline 0.002 -18"><span class='ocrx_word' id='word_1_612' title='bbox 2093 3610 2197 3666; x_wconf 90' lang='lat' dir='ltr'>per</span> <span class='ocrx_word' id='word_1_613' title='bbox 2225 3592 2518 3649; x_wconf 87' lang='lat' dir='ltr'>Christum</span> <span class='ocrx_word' id='word_1_614' title='bbox 2559 3593 2618 3647; x_wconf 90' lang='lat' dir='ltr'>in</span> <span class='ocrx_word' id='word_1_615' title='bbox 2674 3592 2790 3648; x_wconf 91' lang='lat' dir='ltr'>Deo</span> <span class='ocrx_word' id='word_1_616' title='bbox 2822 3591 2999 3647; x_wconf 87' lang='lat' dir='ltr'>Israel</span> <span class='ocrx_word' id='word_1_617' title='bbox 3030 3608 3243 3664; x_wconf 90' lang='lat' dir='ltr'>ponere</span> <span class='ocrx_word' id='word_1_618' title='bbox 3275 3593 3584 3666; x_wconf 89' lang='lat' dir='ltr'>aspiciant,</span> <span class='ocrx_word' id='word_1_619' title='bbox 3615 3595 3730 3667; x_wconf 88' lang='lat' dir='ltr'>ipsi</span> 
     </span>
    </p>
   </div>
   <div class='ocr_carea' id='block_1_81' title="bbox 2092 3679 3730 3740">
    <p class='ocr_par' dir='ltr' id='par_1_81' title="bbox 2092 3679 3730 3740">
     <span class='ocr_line' id='line_1_82' title="bbox 2092 3679 3730 3740; baseline 0.001 -2"><span class='ocrx_word' id='word_1_620' title='bbox 2092 3681 2480 3739; x_wconf 87' lang='lat' dir='ltr'>nihilominus</span> <span class='ocrx_word' id='word_1_621' title='bbox 2511 3679 2809 3735; x_wconf 88' lang='lat' dir='ltr'>Christum</span> <span class='ocrx_word' id='word_1_622' title='bbox 2865 3696 2933 3735; x_wconf 84' lang='lat' dir='ltr'>ex</span> <span class='ocrx_word' id='word_1_623' title='bbox 2988 3679 3181 3737; x_wconf 89' lang='lat' dir='ltr'>radice</span> <span class='ocrx_word' id='word_1_624' title='bbox 3209 3681 3374 3737; x_wconf 87' lang='lat' dir='ltr'>Jesse</span> <span class='ocrx_word' id='word_1_625' title='bbox 3405 3684 3730 3740; x_wconf 91' lang='lat' dir='ltr'>secundum</span> 
     </span>
    </p>
   </div>
   <div class='ocr_carea' id='block_1_82' title="bbox 2092 3768 3731 3843">
    <p class='ocr_par' dir='ltr' id='par_1_82' title="bbox 2092 3768 3731 3843">
     <span class='ocr_line' id='line_1_83' title="bbox 2092 3768 3731 3843; baseline 0.002 -17"><span class='ocrx_word' id='word_1_626' title='bbox 2092 3786 2326 3826; x_wconf 88' lang='lat' dir='ltr'>carnem</span> <span class='ocrx_word' id='word_1_627' title='bbox 2357 3772 2561 3824; x_wconf 91' lang='lat' dir='ltr'>natum</span> <span class='ocrx_word' id='word_1_628' title='bbox 2585 3784 2651 3823; x_wconf 88' lang='lat' dir='ltr'>ac</span> <span class='ocrx_word' id='word_1_629' title='bbox 2700 3768 2872 3825; x_wconf 91' lang='lat' dir='ltr'>modo</span> <span class='ocrx_word' id='word_1_630' title='bbox 2902 3771 3243 3840; x_wconf 89' lang='lat' dir='ltr'>regnantem</span> <span class='ocrx_word' id='word_1_631' title='bbox 3276 3770 3583 3843; x_wconf 88' lang='lat' dir='ltr'>repudiare</span> <span class='ocrx_word' id='word_1_632' title='bbox 3611 3789 3731 3829; x_wconf 89' lang='lat' dir='ltr'>non</span> 
     </span>
    </p>
   </div>
   <div class='ocr_carea' id='block_1_83' title="bbox 2090 3855 3736 3931">
    <p class='ocr_par' dir='ltr' id='par_1_83' title="bbox 2090 3855 3736 3931">
     <span class='ocr_line' id='line_1_84' title="bbox 2090 3855 3736 3931; baseline 0.001 -17"><span class='ocrx_word' id='word_1_633' title='bbox 2090 3863 2363 3915; x_wconf 90' lang='lat' dir='ltr'>verentur</span> <span class='ocrx_word' id='word_1_634' title='bbox 2384 3857 2413 3912; x_wconf 83' lang='lat'>?</span> <span class='ocrx_word' id='word_1_635' title='bbox 2441 3857 2706 3927; x_wconf 86' lang='lat' dir='ltr'>Namque</span> <span class='ocrx_word' id='word_1_636' title='bbox 2736 3856 2787 3911; x_wconf 91' lang='lat' dir='ltr'>si</span> <span class='ocrx_word' id='word_1_637' title='bbox 2816 3855 2997 3911; x_wconf 88' lang='lat' dir='ltr'>alium</span> <span class='ocrx_word' id='word_1_638' title='bbox 3027 3856 3211 3913; x_wconf 91' lang='lat' dir='ltr'>Deum</span> <span class='ocrx_word' id='word_1_639' title='bbox 3233 3861 3435 3929; x_wconf 88' lang='lat' dir='ltr'>gentes</span> <span class='ocrx_word' id='word_1_640' title='bbox 3456 3859 3736 3931; x_wconf 86' lang='lat' dir='ltr'>colerent,</span> 
     </span>
    </p>
   </div>
   <div class='ocr_carea' id='block_1_84' title="bbox 2092 3943 3736 4021">
    <p class='ocr_par' dir='ltr' id='par_1_84' title="bbox 2092 3943 3736 4021">
     <span class='ocr_line' id='line_1_85' title="bbox 2092 3943 3736 4021; baseline 0.002 -19"><span class='ocrx_word' id='word_1_641' title='bbox 2092 3964 2198 4004; x_wconf 89' lang='lat' dir='ltr'>nec</span> <span class='ocrx_word' id='word_1_642' title='bbox 2228 3947 2423 4017; x_wconf 90' lang='lat' dir='ltr'>ipsum</span> <span class='ocrx_word' id='word_1_643' title='bbox 2456 3945 2639 4000; x_wconf 91' lang='lat' dir='ltr'>Deum</span> <span class='ocrx_word' id='word_1_644' title='bbox 2670 3943 2984 4014; x_wconf 86' lang='lat' dir='ltr'>Abraham,</span> <span class='ocrx_word' id='word_1_645' title='bbox 3019 3944 3199 4013; x_wconf 90' lang='lat' dir='ltr'>Isaac,</span> <span class='ocrx_word' id='word_1_646' title='bbox 3228 3945 3406 4002; x_wconf 88' lang='lat' dir='ltr'>Jacob</span> <span class='ocrx_word' id='word_1_647' title='bbox 3436 3951 3494 4003; x_wconf 92' lang='lat' dir='ltr'>et</span> <span class='ocrx_word' id='word_1_648' title='bbox 3521 3949 3736 4021; x_wconf 78' lang='lat' dir='ltr'>Moysis</span> 
     </span>
    </p>
   </div>
   <div class='ocr_carea' id='block_1_85' title="bbox 2094 4032 3737 4104">
    <p class='ocr_par' dir='ltr' id='par_1_85' title="bbox 2094 4032 3737 4104">
     <span class='ocr_line' id='line_1_86' title="bbox 2094 4032 3737 4104; baseline 0.002 -13"><span class='ocrx_word' id='word_1_649' title='bbox 2094 4033 2755 4104; x_wconf 58' lang='lat' dir='ltr'>conﬁterenturjustam</span> <span class='ocrx_word' id='word_1_650' title='bbox 2778 4049 2919 4088; x_wconf 88' lang='lat' dir='ltr'>sane</span> <span class='ocrx_word' id='word_1_651' title='bbox 2940 4033 3011 4087; x_wconf 92' lang='lat' dir='ltr'>de</span> <span class='ocrx_word' id='word_1_652' title='bbox 3036 4032 3136 4089; x_wconf 89' lang='lat' dir='ltr'>Dei</span> <span class='ocrx_word' id='word_1_653' title='bbox 3159 4036 3408 4090; x_wconf 90' lang='lat' dir='ltr'>adventu</span> <span class='ocrx_word' id='word_1_654' title='bbox 3426 4036 3737 4094; x_wconf 76' lang='lat' dir='ltr'>dubitandi</span> 
     </span>
    </p>
   </div>
   <div class='ocr_carea' id='block_1_86' title="bbox 2095 4120 3735 4198">
    <p class='ocr_par' dir='ltr' id='par_1_86' title="bbox 2095 4120 3735 4198">
     <span class='ocr_line' id='line_1_87' title="bbox 2095 4120 3735 4198; baseline 0.001 -17"><span class='ocrx_word' id='word_1_655' title='bbox 2095 4124 2460 4181; x_wconf 89' lang='lat' dir='ltr'>occasionem</span> <span class='ocrx_word' id='word_1_656' title='bbox 2494 4121 2790 4176; x_wconf 84' lang='lat' dir='ltr'>haberent.</span> <span class='ocrx_word' id='word_1_657' title='bbox 2822 4120 2877 4174; x_wconf 92' lang='lat' dir='ltr'>Si</span> <span class='ocrx_word' id='word_1_658' title='bbox 2922 4137 3056 4176; x_wconf 90' lang='lat' dir='ltr'>vero</span> <span class='ocrx_word' id='word_1_659' title='bbox 3085 4121 3252 4177; x_wconf 89' lang='lat' dir='ltr'>illum</span> <span class='ocrx_word' id='word_1_660' title='bbox 3302 4124 3499 4194; x_wconf 90' lang='lat' dir='ltr'>ipsum</span> <span class='ocrx_word' id='word_1_661' title='bbox 3528 4130 3735 4198; x_wconf 88' lang='lat' dir='ltr'>gentes</span> 
     </span>
    </p>
   </div>
   <div class='ocr_carea' id='block_1_87' title="bbox 2096 4208 3737 4283">
    <p class='ocr_par' dir='ltr' id='par_1_87' title="bbox 2096 4208 3737 4283">
     <span class='ocr_line' id='line_1_88' title="bbox 2096 4208 3737 4283; baseline 0.001 -15"><span class='ocrx_word' id='word_1_662' title='bbox 2096 4212 2317 4278; x_wconf 90' lang='lat' dir='ltr'>colunt,</span> <span class='ocrx_word' id='word_1_663' title='bbox 2350 4210 2449 4282; x_wconf 90' lang='lat' dir='ltr'>qui</span> <span class='ocrx_word' id='word_1_664' title='bbox 2478 4209 2657 4281; x_wconf 85' lang='lat' dir='ltr'>Moysi</span> <span class='ocrx_word' id='word_1_665' title='bbox 2699 4208 2889 4280; x_wconf 89' lang='lat' dir='ltr'>legem</span> <span class='ocrx_word' id='word_1_666' title='bbox 2941 4213 2998 4264; x_wconf 91' lang='lat' dir='ltr'>et</span> <span class='ocrx_word' id='word_1_667' title='bbox 3042 4209 3288 4266; x_wconf 86' lang='lat' dir='ltr'>Abrahae</span> <span class='ocrx_word' id='word_1_668' title='bbox 3317 4214 3737 4283; x_wconf 87' lang='lat' dir='ltr'>promissiones</span> 
     </span>
    </p>
   </div>
   <div class='ocr_carea' id='block_1_88' title="bbox 337 4296 1984 4377">
    <p class='ocr_par' dir='ltr' id='par_1_88' title="bbox 337 4296 1984 4377">
     <span class='ocr_line' id='line_1_89' title="bbox 337 4296 1984 4377; baseline -0.001 -20"><span class='ocrx_word' id='word_1_669' title='bbox 337 4306 543 4376; x_wconf 79' lang='grc' dir='ltr'>Μωϋσῇ</span> <span class='ocrx_word' id='word_1_670' title='bbox 595 4302 705 4376; x_wconf 74' lang='grc'>(34)</span> <span class='ocrx_word' id='word_1_671' title='bbox 768 4297 1044 4355; x_wconf 88' lang='grc' dir='ltr'>δεδωκότα</span> <span class='ocrx_word' id='word_1_672' title='bbox 1096 4300 1188 4354; x_wconf 85' lang='grc' dir='ltr'>τὸν</span> <span class='ocrx_word' id='word_1_673' title='bbox 1246 4300 1415 4372; x_wconf 87' lang='grc' dir='ltr'>νόμον</span> <span class='ocrx_word' id='word_1_674' title='bbox 1475 4300 1566 4355; x_wconf 85' lang='grc' dir='ltr'>καὶ</span> <span class='ocrx_word' id='word_1_675' title='bbox 1614 4305 1694 4372; x_wconf 78' lang='grc' dir='ltr'>τῷ</span> <span class='ocrx_word' id='word_1_676' title='bbox 1736 4296 1984 4377; x_wconf 79' lang='grc' dir='ltr'>Ἀϐραὰμ</span> 
     </span>
    </p>
   </div>
   <div class='ocr_carea' id='block_1_89' title="bbox 2102 4296 3735 4377">
    <p class='ocr_par' dir='ltr' id='par_1_89' title="bbox 2102 4296 3735 4372">
     <span class='ocr_line' id='line_1_90' title="bbox 2102 4296 3735 4372; baseline 0 -15"><span class='ocrx_word' id='word_1_677' title='bbox 2102 4300 2275 4368; x_wconf 89' lang='lat' dir='ltr'>dedit,</span> <span class='ocrx_word' id='word_1_678' title='bbox 2299 4304 2357 4354; x_wconf 91' lang='lat' dir='ltr'>et</span> <span class='ocrx_word' id='word_1_679' title='bbox 2386 4299 2558 4369; x_wconf 89' lang='lat' dir='ltr'>cujus</span> <span class='ocrx_word' id='word_1_680' title='bbox 2586 4297 2842 4352; x_wconf 89' lang='lat' dir='ltr'>Verbum</span> <span class='ocrx_word' id='word_1_681' title='bbox 2872 4296 3059 4352; x_wconf 81' lang='lat' dir='ltr'>Judaei</span> <span class='ocrx_word' id='word_1_682' title='bbox 3091 4298 3502 4372; x_wconf 89' lang='lat' dir='ltr'>indignissime</span> <span class='ocrx_word' id='word_1_683' title='bbox 3521 4305 3735 4358; x_wconf 89' lang='lat' dir='ltr'>tracta-</span> 
     </span>
    </p>
   </div>
   <div class='ocr_carea' id='block_1_90' title="bbox 338 4386 1984 4478">
    <p class='ocr_par' dir='ltr' id='par_1_90' title="bbox 338 4387 1984 4478">
     <span class='ocr_line' id='line_1_91' title="bbox 338 4387 1984 4478; baseline -0.003 -32"><span class='ocrx_word' id='word_1_684' title='bbox 338 4389 797 4467; x_wconf 79' lang='grc' dir='ltr'>ἐπαγγειλάμενον</span> <span class='ocrx_word' id='word_1_685' title='bbox 830 4387 982 4478; x_wconf 85' lang='grc' dir='ltr'>Θεὸν,</span> <span class='ocrx_word' id='word_1_686' title='bbox 1030 4387 1120 4441; x_wconf 89' lang='lat' dir='ltr'>xui</span> <span class='ocrx_word' id='word_1_687' title='bbox 1170 4388 1232 4478; x_wconf 60' lang='grc' dir='ltr'>οὗ</span> <span class='ocrx_word' id='word_1_688' title='bbox 1278 4388 1371 4442; x_wconf 89' lang='grc' dir='ltr'>τὸν</span> <span class='ocrx_word' id='word_1_689' title='bbox 1404 4388 1577 4463; x_wconf 89' lang='grc' dir='ltr'>Λόγον</span> <span class='ocrx_word' id='word_1_690' title='bbox 1632 4387 1900 4461; x_wconf 81' lang='grc' dir='ltr'>ἠτίμασαν</span> <span class='ocrx_word' id='word_1_691' title='bbox 1935 4390 1984 4443; x_wconf 77' lang='lat' dir='ltr'>oi</span> 
     </span>
    </p>
   </div>
   <div class='ocr_carea' id='block_1_91' title="bbox 2102 4386 3739 4478">
    <p class='ocr_par' dir='ltr' id='par_1_91' title="bbox 2102 4386 3739 4460">
     <span class='ocr_line' id='line_1_92' title="bbox 2102 4386 3739 4460; baseline 0 -13"><span class='ocrx_word' id='word_1_692' title='bbox 2102 4392 2307 4449; x_wconf 84' lang='lat' dir='ltr'>verunt</span> <span class='ocrx_word' id='word_1_693' title='bbox 2337 4404 2351 4442; x_wconf 88' lang='lat'><strong>:</strong></span> <span class='ocrx_word' id='word_1_694' title='bbox 2386 4402 2567 4458; x_wconf 92' lang='lat' dir='ltr'>quare</span> <span class='ocrx_word' id='word_1_695' title='bbox 2596 4402 2712 4440; x_wconf 92' lang='lat' dir='ltr'>non</span> <span class='ocrx_word' id='word_1_696' title='bbox 2745 4389 3088 4457; x_wconf 88' lang='lat' dir='ltr'>agnoscunt,</span> <span class='ocrx_word' id='word_1_697' title='bbox 3114 4386 3203 4443; x_wconf 89' lang='lat' dir='ltr'>vel</span> <span class='ocrx_word' id='word_1_698' title='bbox 3226 4388 3420 4460; x_wconf 89' lang='lat' dir='ltr'>potius</span> <span class='ocrx_word' id='word_1_699' title='bbox 3450 4406 3555 4445; x_wconf 92' lang='lat' dir='ltr'>cur</span> <span class='ocrx_word' id='word_1_700' title='bbox 3583 4391 3739 4448; x_wconf 93' lang='lat' dir='ltr'>ultro</span> 
     </span>
    </p>
   </div>
   <div class='ocr_carea' id='block_1_92' title="bbox 338 4470 1990 4551">
    <p class='ocr_par' dir='ltr' id='par_1_92' title="bbox 338 4470 1990 4551">
     <span class='ocr_line' id='line_1_93' title="bbox 338 4470 1990 4551; baseline -0.002 -17"><span class='ocrx_word' id='word_1_701' title='bbox 338 4476 615 4550; x_wconf 88' lang='grc' dir='ltr'>Ἰουδαῖοι,</span> <span class='ocrx_word' id='word_1_702' title='bbox 637 4482 827 4533; x_wconf 89' lang='grc' dir='ltr'>τοῦτον</span> <span class='ocrx_word' id='word_1_703' title='bbox 860 4476 927 4531; x_wconf 78' lang='grc' dir='ltr'>τὰ</span> <span class='ocrx_word' id='word_1_704' title='bbox 956 4471 1081 4545; x_wconf 76' lang='grc' dir='ltr'>ἔθνη</span> <span class='ocrx_word' id='word_1_705' title='bbox 1116 4470 1354 4547; x_wconf 80' lang='grc' dir='ltr'>σέϐουσι,</span> <span class='ocrx_word' id='word_1_706' title='bbox 1389 4472 1478 4529; x_wconf 76' lang='grc' dir='ltr'>διὰ</span> <span class='ocrx_word' id='word_1_707' title='bbox 1499 4474 1551 4529; x_wconf 83' lang='grc' dir='ltr'>τί</span> <span class='ocrx_word' id='word_1_708' title='bbox 1586 4476 1662 4547; x_wconf 81' lang='grc' dir='ltr'>μὴ</span> <span class='ocrx_word' id='word_1_709' title='bbox 1692 4478 1990 4551; x_wconf 84' lang='grc' dir='ltr'>γινώσκου-</span> 
     </span>
    </p>
   </div>
   <div class='ocr_carea' id='block_1_93' title="bbox 338 4561 1992 4641">
    <p class='ocr_par' dir='ltr' id='par_1_93' title="bbox 338 4561 1992 4641">
     <span class='ocr_line' id='line_1_94' title="bbox 338 4561 1992 4641; baseline -0.003 -19"><span class='ocrx_word' id='word_1_710' title='bbox 338 4588 413 4639; x_wconf 91' lang='grc' dir='ltr'>σι,</span> <span class='ocrx_word' id='word_1_711' title='bbox 450 4566 664 4639; x_wconf 78' lang='grc' dir='ltr'>μᾶλλον</span> <span class='ocrx_word' id='word_1_712' title='bbox 698 4563 756 4619; x_wconf 80' lang='grc' dir='ltr'>δὲ</span> <span class='ocrx_word' id='word_1_713' title='bbox 787 4561 875 4619; x_wconf 80' lang='grc' dir='ltr'>διὰ</span> <span class='ocrx_word' id='word_1_714' title='bbox 903 4562 957 4617; x_wconf 90' lang='grc' dir='ltr'>τί</span> <span class='ocrx_word' id='word_1_715' title='bbox 988 4561 1199 4624; x_wconf 67' lang='grc' dir='ltr'>ἑκόντες</span> <span class='ocrx_word' id='word_1_716' title='bbox 1234 4566 1568 4639; x_wconf 89' lang='grc' dir='ltr'>παρορῶσιν,</span> <span class='ocrx_word' id='word_1_717' title='bbox 1603 4561 1685 4616; x_wconf 82' lang='grc' dir='ltr'>ὅτι</span> <span class='ocrx_word' id='word_1_718' title='bbox 1717 4563 1745 4616; x_wconf 88' lang='grc' dir='ltr'>ὁ</span> <span class='ocrx_word' id='word_1_719' title='bbox 1777 4584 1992 4641; x_wconf 87' lang='grc' dir='ltr'>προφη-</span> 
     </span>
    </p>
   </div>
   <div class='ocr_carea' id='block_1_94' title="bbox 2102 4473 3736 4551">
    <p class='ocr_par' dir='ltr' id='par_1_94' title="bbox 2102 4473 3736 4551">
     <span class='ocr_line' id='line_1_95' title="bbox 2102 4473 3736 4551; baseline -0.001 -16"><span class='ocrx_word' id='word_1_720' title='bbox 2102 4478 2407 4550; x_wconf 89' lang='lat' dir='ltr'>negligunt</span> <span class='ocrx_word' id='word_1_721' title='bbox 2434 4476 2627 4530; x_wconf 90' lang='lat' dir='ltr'>videre</span> <span class='ocrx_word' id='word_1_722' title='bbox 2655 4473 2990 4541; x_wconf 89' lang='lat' dir='ltr'>Dominum,</span> <span class='ocrx_word' id='word_1_723' title='bbox 3024 4489 3199 4546; x_wconf 91' lang='lat' dir='ltr'>quem</span> <span class='ocrx_word' id='word_1_724' title='bbox 3257 4477 3535 4548; x_wconf 68' lang='lat' dir='ltr'>Sripturai</span> <span class='ocrx_word' id='word_1_725' title='bbox 3589 4495 3736 4551; x_wconf 73' lang='lat' dir='ltr'>prie-</span> 
     </span>
    </p>
   </div>
   <div class='ocr_carea' id='block_1_95' title="bbox 2102 4559 3740 4635">
    <p class='ocr_par' dir='ltr' id='par_1_95' title="bbox 2102 4559 3740 4635">
     <span class='ocr_line' id='line_1_96' title="bbox 2102 4559 3740 4635; baseline 0.001 -14"><span class='ocrx_word' id='word_1_726' title='bbox 2102 4566 2395 4629; x_wconf 87' lang='lat' dir='ltr'>dixerunt,</span> <span class='ocrx_word' id='word_1_727' title='bbox 2425 4562 2551 4618; x_wconf 89' lang='lat' dir='ltr'>orbi</span> <span class='ocrx_word' id='word_1_728' title='bbox 2582 4566 2869 4615; x_wconf 88' lang='lat' dir='ltr'>terrarum</span> <span class='ocrx_word' id='word_1_729' title='bbox 2900 4559 3188 4632; x_wconf 81' lang='lat' dir='ltr'>illuxisse,</span> <span class='ocrx_word' id='word_1_730' title='bbox 3218 4565 3275 4618; x_wconf 91' lang='lat' dir='ltr'>et</span> <span class='ocrx_word' id='word_1_731' title='bbox 3303 4579 3540 4635; x_wconf 89' lang='lat' dir='ltr'>corpore</span> <span class='ocrx_word' id='word_1_732' title='bbox 3568 4564 3740 4622; x_wconf 94' lang='lat' dir='ltr'>indu-</span> 
     </span>
    </p>
   </div>
   <div class='ocr_carea' id='block_1_96' title="bbox 336 4648 1984 4728">
    <p class='ocr_par' dir='ltr' id='par_1_96' title="bbox 336 4649 1984 4728">
     <span class='ocr_line' id='line_1_97' title="bbox 336 4649 1984 4728; baseline -0.002 -18"><span class='ocrx_word' id='word_1_733' title='bbox 336 4654 630 4728; x_wconf 87' lang='grc' dir='ltr'>τευόμενος</span> <span class='ocrx_word' id='word_1_734' title='bbox 688 4652 792 4707; x_wconf 84' lang='grc' dir='ltr'>ὑπὸ</span> <span class='ocrx_word' id='word_1_735' title='bbox 847 4655 956 4706; x_wconf 85' lang='grc' dir='ltr'>τῶν</span> <span class='ocrx_word' id='word_1_736' title='bbox 1035 4654 1259 4728; x_wconf 84' lang='grc' dir='ltr'>Γραφῶν</span> <span class='ocrx_word' id='word_1_737' title='bbox 1328 4649 1526 4726; x_wconf 83' lang='grc' dir='ltr'>Κύριος</span> <span class='ocrx_word' id='word_1_738' title='bbox 1588 4649 1869 4724; x_wconf 79' lang='grc' dir='ltr'>ἐπέλαμψε</span> <span class='ocrx_word' id='word_1_739' title='bbox 1923 4657 1984 4727; x_wconf 84' lang='grc' dir='ltr'>τῇ</span> 
     </span>
    </p>
   </div>
   <div class='ocr_carea' id='block_1_97' title="bbox 2102 4648 3739 4728">
    <p class='ocr_par' dir='ltr' id='par_1_97' title="bbox 2102 4648 3739 4725">
     <span class='ocr_line' id='line_1_98' title="bbox 2102 4648 3739 4725; baseline 0.001 -15"><span class='ocrx_word' id='word_1_740' title='bbox 2102 4660 2228 4710; x_wconf 89' lang='lat' dir='ltr'>tum</span> <span class='ocrx_word' id='word_1_741' title='bbox 2286 4651 2650 4724; x_wconf 87' lang='lat' dir='ltr'>apparuisse,</span> <span class='ocrx_word' id='word_1_742' title='bbox 2708 4648 3208 4719; x_wconf 85' lang='lat' dir='ltr'>quemadmodum</span> <span class='ocrx_word' id='word_1_743' title='bbox 3264 4649 3345 4705; x_wconf 87' lang='lat' dir='ltr'>ait</span> <span class='ocrx_word' id='word_1_744' title='bbox 3393 4652 3739 4725; x_wconf 86' lang='lat' dir='ltr'>Scriptura:</span> 
     </span>
    </p>
   </div>
   <div class='ocr_carea' id='block_1_98' title="bbox 342 4737 1984 4818">
    <p class='ocr_par' dir='ltr' id='par_1_98' title="bbox 342 4738 1984 4818">
     <span class='ocr_line' id='line_1_99' title="bbox 342 4738 1984 4818; baseline -0.001 -20"><span class='ocrx_word' id='word_1_745' title='bbox 342 4742 636 4817; x_wconf 77' lang='grc' dir='ltr'>οἰκουμένῃ</span> <span class='ocrx_word' id='word_1_746' title='bbox 668 4788 683 4816; x_wconf 93' lang='grc'>,</span> <span class='ocrx_word' id='word_1_747' title='bbox 735 4741 826 4796; x_wconf 82' lang='grc' dir='ltr'>καὶ</span> <span class='ocrx_word' id='word_1_748' title='bbox 885 4739 1120 4818; x_wconf 77' lang='grc' dir='ltr'>ἐπεφάνη</span> <span class='ocrx_word' id='word_1_749' title='bbox 1182 4742 1511 4813; x_wconf 88' lang='grc' dir='ltr'>σωματικῶς</span> <span class='ocrx_word' id='word_1_750' title='bbox 1573 4738 1711 4813; x_wconf 70' lang='grc' dir='ltr'>αὐτῇ</span> <span class='ocrx_word' id='word_1_751' title='bbox 1740 4785 1755 4811; x_wconf 97' lang='grc'>,</span> <span class='ocrx_word' id='word_1_752' title='bbox 1813 4742 1984 4805; x_wconf 77' lang='grc' dir='ltr'>καθὼς</span> 
     </span>
    </p>
   </div>
   <div class='ocr_carea' id='block_1_99' title="bbox 2102 4737 3745 4818">
    <p class='ocr_par' dir='ltr' id='par_1_99' title="bbox 2102 4737 3745 4810">
     <span class='ocr_line' id='line_1_100' title="bbox 2102 4737 3745 4810; baseline 0.001 -11"><span class='ocrx_word' id='word_1_753' title='bbox 2102 4743 2365 4799; x_wconf 83' lang='lat' dir='ltr'>Dominus</span> <span class='ocrx_word' id='word_1_754' title='bbox 2394 4741 2532 4796; x_wconf 85' lang='lat' dir='ltr'>Deus</span> <span class='ocrx_word' id='word_1_755' title='bbox 2574 4738 2838 4810; x_wconf 77' lang='lat' dir='ltr'>apparuit</span> <span class='ocrx_word' id='word_1_756' title='bbox 2890 4737 3047 4794; x_wconf 81' lang='lat' dir='ltr'>nobis</span> <span class='ocrx_word' id='word_1_757' title='bbox 3092 4740 3110 4775; x_wconf 75' lang='grc' dir='ltr'>ί</span> <span class='ocrx_word' id='word_1_758' title='bbox 3145 4756 3158 4807; x_wconf 90' lang='grc'>;</span> <span class='ocrx_word' id='word_1_759' title='bbox 3209 4742 3271 4795; x_wconf 87' lang='lat' dir='ltr'>et</span> <span class='ocrx_word' id='word_1_760' title='bbox 3313 4740 3462 4797; x_wconf 78' lang='lat' dir='ltr'>Misit</span> <span class='ocrx_word' id='word_1_761' title='bbox 3517 4743 3745 4800; x_wconf 80' lang='lat' dir='ltr'>Verbum</span> 
     </span>
    </p>
   </div>
   <div class='ocr_carea' id='block_1_100' title="bbox 415 4864 2170 4965">
    <p class='ocr_par' dir='ltr' id='par_1_100' title="bbox 415 4864 2170 4965">
     <span class='ocr_line' id='line_1_101' title="bbox 415 4864 2170 4965; baseline -0.002 -12"><span class='ocrx_word' id='word_1_762' title='bbox 415 4896 460 4931; x_wconf 70' lang='grc'>9⁸</span> <span class='ocrx_word' id='word_1_763' title='bbox 487 4895 701 4961; x_wconf 85' lang='lat' dir='ltr'>Genes.</span> <span class='ocrx_word' id='word_1_764' title='bbox 733 4864 887 4951; x_wconf 68' lang='lat' dir='ltr'>mir.</span> <span class='ocrx_word' id='word_1_765' title='bbox 925 4895 1007 4949; x_wconf 83' lang='lat'>10.</span> <span class='ocrx_word' id='word_1_766' title='bbox 1084 4893 1128 4929; x_wconf 75' lang='lat'>9°</span> <span class='ocrx_word' id='word_1_767' title='bbox 1156 4892 1364 4949; x_wconf 89' lang='lat' dir='ltr'>Matth.</span> <span class='ocrx_word' id='word_1_768' title='bbox 1394 4910 1473 4963; x_wconf 78' lang='lat' dir='ltr'>x1,</span> <span class='ocrx_word' id='word_1_769' title='bbox 1506 4892 1594 4948; x_wconf 86' lang='grc'><strong>14.</strong></span> <span class='ocrx_word' id='word_1_770' title='bbox 1630 4914 1659 4943; x_wconf 89' lang='grc'>‹‹</span> <span class='ocrx_word' id='word_1_771' title='bbox 1692 4891 1843 4950; x_wconf 86' lang='lat' dir='ltr'>Psal.</span> <span class='ocrx_word' id='word_1_772' title='bbox 1876 4908 2050 4965; x_wconf 86' lang='lat' dir='ltr'>cxvn,</span> <span class='ocrx_word' id='word_1_773' title='bbox 2079 4895 2170 4951; x_wconf 86' lang='lat'>27.</span> 
     </span>
    </p>
   </div>
   <div class='ocr_carea' id='block_1_101' title="bbox 420 5042 1999 5171">
    <p class='ocr_par' dir='ltr' id='par_1_101' title="bbox 420 5042 1999 5171">
     <span class='ocr_line' id='line_1_102' title="bbox 420 5042 1999 5171; baseline -0.003 -69"><span class='ocrx_word' id='word_1_774' title='bbox 420 5047 536 5119; x_wconf 87' lang='lat'>(25)</span> <span class='ocrx_word' id='word_1_775' title='bbox 562 5046 658 5102; x_wconf 88' lang='lat' dir='ltr'>Sic</span> <span class='ocrx_word' id='word_1_776' title='bbox 686 5048 999 5171; x_wconf 60' lang='lat' dir='ltr'>Seguermt</span> <span class='ocrx_word' id='word_1_777' title='bbox 1028 5047 1086 5099; x_wconf 91' lang='lat' dir='ltr'>et</span> <span class='ocrx_word' id='word_1_778' title='bbox 1115 5043 1382 5115; x_wconf 89' lang='lat' dir='ltr'>legerunt</span> <span class='ocrx_word' id='word_1_779' title='bbox 1404 5042 1769 5099; x_wconf 90' lang='lat' dir='ltr'>Omnibonus</span> <span class='ocrx_word' id='word_1_780' title='bbox 1791 5047 1846 5099; x_wconf 88' lang='lat' dir='ltr'>et</span> <span class='ocrx_word' id='word_1_781' title='bbox 1864 5045 1999 5099; x_wconf 88' lang='lat' dir='ltr'>Am-</span> 
     </span>
     <span class='ocr_line' id='line_1_103' title="bbox 420 5113 1997 5171; baseline -0.001 0"><span class='ocrx_word' id='word_1_782' title='bbox 420 5135 511 5171; x_wconf 85' lang='lat' dir='ltr'>os.</span> <span class='ocrx_word' id='word_1_783' title='bbox 546 5117 745 5171; x_wconf 88' lang='lat' dir='ltr'>Gamal</span> <span class='ocrx_word' id='word_1_784' title='bbox 798 5158 810 5170; x_wconf 96' lang='lat'>.</span> <span class='ocrx_word' id='word_1_785' title='bbox 847 5117 932 5171; x_wconf 87' lang='lat' dir='ltr'>Ita</span> <span class='ocrx_word' id='word_1_786' title='bbox 960 5130 1193 5171; x_wconf 83' lang='lat' dir='ltr'>auoaue</span> <span class='ocrx_word' id='word_1_787' title='bbox 1217 5113 1433 5171; x_wconf 71' lang='lat' dir='ltr'>legitur</span> <span class='ocrx_word' id='word_1_788' title='bbox 1461 5114 1519 5168; x_wconf 89' lang='lat' dir='ltr'>in</span> <span class='ocrx_word' id='word_1_789' title='bbox 1553 5130 1664 5170; x_wconf 91' lang='lat' dir='ltr'>ms.</span> <span class='ocrx_word' id='word_1_790' title='bbox 1694 5114 1997 5171; x_wconf 72' lang='lat' dir='ltr'>Anal..sed</span> 
     </span>
    </p>
   </div>
   <div class='ocr_carea' id='block_1_102' title="bbox 350 5113 1997 5187">
    <p class='ocr_par' dir='ltr' id='par_1_102' title="bbox 350 5113 1997 5187">
     <span class='ocr_line' id='line_1_104' title="bbox 350 5113 1997 5187; baseline -0.003 -13"><span class='ocrx_word' id='word_1_791' title='bbox 350 5113 524 5174; x_wconf 44' lang='lat' dir='ltr'>brosJ</span> <span class='ocrx_word' id='word_1_792' title='bbox 546 5113 810 5173; x_wconf 84' lang='lat' dir='ltr'>Gamald.</span> <span class='ocrx_word' id='word_1_793' title='bbox 847 5117 932 5171; x_wconf 89' lang='lat' dir='ltr'>Ita</span> <span class='ocrx_word' id='word_1_794' title='bbox 960 5113 1198 5186; x_wconf 74' lang='lat' dir='ltr'>quoque</span> <span class='ocrx_word' id='word_1_795' title='bbox 1217 5113 1433 5187; x_wconf 82' lang='lat' dir='ltr'>legitur</span> <span class='ocrx_word' id='word_1_796' title='bbox 1459 5114 1519 5187; x_wconf 79' lang='lat' dir='ltr'>in</span> <span class='ocrx_word' id='word_1_797' title='bbox 1553 5130 1664 5170; x_wconf 91' lang='lat' dir='ltr'>ms.</span> <span class='ocrx_word' id='word_1_798' title='bbox 1688 5114 1997 5187; x_wconf 38' lang='lat' dir='ltr'>Anglused</span> 
     </span>
    </p>
   </div>
   <div class='ocr_carea' id='block_1_103' title="bbox 352 5183 1997 5264">
    <p class='ocr_par' dir='ltr' id='par_1_103' title="bbox 352 5183 1997 5264">
     <span class='ocr_line' id='line_1_105' title="bbox 352 5183 1997 5264; baseline -0.002 -20"><span class='ocrx_word' id='word_1_799' title='bbox 352 5189 479 5264; x_wconf 83' lang='lat' dir='ltr'>loco</span> <span class='ocrx_word' id='word_1_800' title='bbox 510 5188 823 5264; x_wconf 72' lang='grc' dir='ltr'>προφήτης,</span> <span class='ocrx_word' id='word_1_801' title='bbox 854 5183 1032 5264; x_wconf 67' lang='lat' dir='ltr'>habet</span> <span class='ocrx_word' id='word_1_802' title='bbox 1050 5183 1374 5264; x_wconf 58' lang='grc' dir='ltr'>προφητεία,</span> <span class='ocrx_word' id='word_1_803' title='bbox 1405 5184 1521 5239; x_wconf 86' lang='lat' dir='ltr'>Alii</span> <span class='ocrx_word' id='word_1_804' title='bbox 1539 5190 1608 5264; x_wconf 54' lang='lat' dir='ltr'>et</span> <span class='ocrx_word' id='word_1_805' title='bbox 1623 5183 1814 5264; x_wconf 61' lang='lat' dir='ltr'>editio</span> <span class='ocrx_word' id='word_1_806' title='bbox 1827 5186 1997 5264; x_wconf 65' lang='lat' dir='ltr'>Qom:</span> 
     </span>
    </p>
   </div>
   <div class='ocr_carea' id='block_1_104' title="bbox 354 5252 1998 5333">
    <p class='ocr_par' dir='ltr' id='par_1_104' title="bbox 354 5252 1998 5333">
     <span class='ocr_line' id='line_1_106' title="bbox 354 5252 1998 5333; baseline -0.004 -18"><span class='ocrx_word' id='word_1_807' title='bbox 354 5259 516 5333; x_wconf 77' lang='lat' dir='ltr'>mel.,</span> <span class='ocrx_word' id='word_1_808' title='bbox 547 5252 692 5333; x_wconf 71' lang='grc' dir='ltr'>Πότε</span> <span class='ocrx_word' id='word_1_809' title='bbox 734 5252 1143 5333; x_wconf 22' lang='grc' dir='ltr'>γάρῃέπαύσατο</span> <span class='ocrx_word' id='word_1_810' title='bbox 1175 5252 1476 5333; x_wconf 72' lang='grc' dir='ltr'>’προφήτης</span> <span class='ocrx_word' id='word_1_811' title='bbox 1618 5252 1803 5329; x_wconf 75' lang='grc' dir='ltr'>ὅρασις</span> <span class='ocrx_word' id='word_1_812' title='bbox 1848 5254 1897 5308; x_wconf 82' lang='grc' dir='ltr'>ἐν</span> <span class='ocrx_word' id='word_1_813' title='bbox 1929 5258 1998 5328; x_wconf 79' lang='grc' dir='ltr'>τῇ</span> 
     </span>
    </p>
   </div>
   <div class='ocr_carea' id='block_1_105' title="bbox 355 5325 1624 5406">
    <p class='ocr_par' dir='ltr' id='par_1_105' title="bbox 355 5325 1624 5406">
     <span class='ocr_line' id='line_1_107' title="bbox 355 5325 1624 5406; baseline -0.003 -21"><span class='ocrx_word' id='word_1_814' title='bbox 355 5325 668 5406; x_wconf 66' lang='grc' dir='ltr'>Ἰερουσαλή</span> <span class='ocrx_word' id='word_1_815' title='bbox 680 5325 994 5406; x_wconf 49' lang='lat' dir='ltr'>pflbidem</span> <span class='ocrx_word' id='word_1_816' title='bbox 1028 5325 1288 5406; x_wconf 39' lang='lat' dir='ltr'>Seguer.)</span> <span class='ocrx_word' id='word_1_817' title='bbox 1312 5325 1367 5379; x_wconf 79' lang='grc' dir='ltr'>ἐἰ</span> <span class='ocrx_word' id='word_1_818' title='bbox 1393 5326 1494 5406; x_wconf 44' lang='grc' dir='ltr'>μὴ,</span> <span class='ocrx_word' id='word_1_819' title='bbox 1510 5329 1624 5381; x_wconf 88' lang='grc' dir='ltr'>νῦν.</span> 
     </span>
    </p>
   </div>
   <div class='ocr_carea' id='block_1_106' title="bbox 2199 5034 3557 5113">
    <p class='ocr_par' dir='ltr' id='par_1_106' title="bbox 2199 5034 3557 5113">
     <span class='ocr_line' id='line_1_108' title="bbox 2199 5034 3557 5113; baseline 0.001 -15"><span class='ocrx_word' id='word_1_820' title='bbox 2199 5043 2290 5113; x_wconf 88' lang='lat'>28)</span> <span class='ocrx_word' id='word_1_821' title='bbox 2320 5040 2545 5113; x_wconf 86' lang='lat' dir='ltr'>Anglic.</span> <span class='ocrx_word' id='word_1_822' title='bbox 2578 5034 2729 5113; x_wconf 71' lang='grc' dir='ltr'>ἔλθοι</span> <span class='ocrx_word' id='word_1_823' title='bbox 2760 5042 2816 5095; x_wconf 91' lang='lat' dir='ltr'>et</span> <span class='ocrx_word' id='word_1_824' title='bbox 2844 5039 3017 5113; x_wconf 67' lang='lat' dir='ltr'>paulo</span> <span class='ocrx_word' id='word_1_825' title='bbox 3046 5045 3198 5113; x_wconf 89' lang='lat' dir='ltr'>post,</span> <span class='ocrx_word' id='word_1_826' title='bbox 3226 5044 3333 5095; x_wconf 83' lang='grc' dir='ltr'>τῶν</span> <span class='ocrx_word' id='word_1_827' title='bbox 3366 5039 3557 5105; x_wconf 80' lang='grc' dir='ltr'>ἐθνῶν.</span> 
     </span>
    </p>
   </div>
   <div class='ocr_carea' id='block_1_107' title="bbox 2177 5044 3745 5238">
    <p class='ocr_par' dir='ltr' id='par_1_107' title="bbox 2177 5044 3745 5238">
     <span class='ocr_line' id='line_1_109' title="bbox 2177 5044 3566 5238; baseline 0.001 -140"><span class='ocrx_word' id='word_1_828' title='bbox 2177 5044 2290 5238; x_wconf 57' lang='grc' dir='ltr'>ζ28)</span> <span class='ocrx_word' id='word_1_829' title='bbox 2320 5044 2545 5123; x_wconf 77' lang='lat' dir='ltr'>Anglic.</span> <span class='ocrx_word' id='word_1_830' title='bbox 2578 5044 2729 5122; x_wconf 50' lang='lat' dir='ltr'>Expos</span> <span class='ocrx_word' id='word_1_831' title='bbox 2760 5044 2816 5095; x_wconf 92' lang='lat' dir='ltr'>et</span> <span class='ocrx_word' id='word_1_832' title='bbox 2844 5044 3209 5166; x_wconf 47' lang='lat' dir='ltr'>paulofiost,</span> <span class='ocrx_word' id='word_1_833' title='bbox 3226 5044 3333 5095; x_wconf 83' lang='grc' dir='ltr'>τῶν</span> <span class='ocrx_word' id='word_1_834' title='bbox 3366 5044 3566 5126; x_wconf 51' lang='grc' dir='ltr'>ἐθνῶν..</span> 
     </span>
     <span class='ocr_line' id='line_1_110' title="bbox 2199 5111 3745 5185; baseline 0.003 -18"><span class='ocrx_word' id='word_1_835' title='bbox 2199 5115 2292 5181; x_wconf 82' lang='lat'>29)</span> <span class='ocrx_word' id='word_1_836' title='bbox 2343 5114 2435 5167; x_wconf 87' lang='lat' dir='ltr'>Sic</span> <span class='ocrx_word' id='word_1_837' title='bbox 2481 5111 2857 5182; x_wconf 87' lang='lat' dir='ltr'>Anglicanus,</span> <span class='ocrx_word' id='word_1_838' title='bbox 2910 5111 3038 5167; x_wconf 86' lang='lat' dir='ltr'>Basi</span> <span class='ocrx_word' id='word_1_839' title='bbox 3068 5130 3267 5180; x_wconf 85' lang='lat' dir='ltr'>iensis,</span> <span class='ocrx_word' id='word_1_840' title='bbox 3340 5114 3745 5185; x_wconf 86' lang='lat' dir='ltr'>Goblerianus,</span> 
     </span>
     <span class='ocr_line' id='line_1_111' title="bbox 2177 5182 3745 5238; baseline 0 0"><span class='ocrx_word' id='word_1_841' title='bbox 2177 5206 2183 5237; x_wconf 69' lang='grc' dir='ltr'>ι</span> <span class='ocrx_word' id='word_1_842' title='bbox 2210 5183 2482 5238; x_wconf 87' lang='lat' dir='ltr'>ckmanni</span> <span class='ocrx_word' id='word_1_843' title='bbox 2517 5184 2542 5236; x_wconf 97' lang='grc'>1</span> <span class='ocrx_word' id='word_1_844' title='bbox 2576 5198 2749 5236; x_wconf 90' lang='lat' dir='ltr'>anon.</span> <span class='ocrx_word' id='word_1_845' title='bbox 2782 5185 2840 5236; x_wconf 91' lang='lat' dir='ltr'>et</span> <span class='ocrx_word' id='word_1_846' title='bbox 2862 5185 3093 5238; x_wconf 65' lang='lat' dir='ltr'>Seuuer.</span> <span class='ocrx_word' id='word_1_847' title='bbox 3126 5183 3277 5238; x_wconf 91' lang='lat' dir='ltr'>Alibi</span> <span class='ocrx_word' id='word_1_848' title='bbox 3301 5188 3357 5238; x_wconf 90' lang='lat' dir='ltr'>et</span> <span class='ocrx_word' id='word_1_849' title='bbox 3384 5185 3547 5238; x_wconf 87' lang='lat' dir='ltr'>editi.</span> <span class='ocrx_word' id='word_1_850' title='bbox 3583 5182 3745 5238; x_wconf 74' lang='grc' dir='ltr'>μένοι</span> 
     </span>
    </p>
   </div>
   <div class='ocr_carea' id='block_1_108' title="bbox 2108 5182 3747 5258">
    <p class='ocr_par' dir='ltr' id='par_1_108' title="bbox 2108 5182 3747 5258">
     <span class='ocr_line' id='line_1_112' title="bbox 2108 5182 3747 5258; baseline -0.001 -18"><span class='ocrx_word' id='word_1_851' title='bbox 2108 5182 2542 5258; x_wconf 82' lang='lat' dir='ltr'>Felck_i_n_a_nni_1</span> <span class='ocrx_word' id='word_1_852' title='bbox 2576 5198 2749 5258; x_wconf 83' lang='lat' dir='ltr'>anon.</span> <span class='ocrx_word' id='word_1_853' title='bbox 2782 5185 2840 5236; x_wconf 91' lang='lat' dir='ltr'>et</span> <span class='ocrx_word' id='word_1_854' title='bbox 2858 5185 3093 5258; x_wconf 66' lang='lat' dir='ltr'>Seguer.</span> <span class='ocrx_word' id='word_1_855' title='bbox 3126 5183 3277 5258; x_wconf 65' lang='lat' dir='ltr'>Alibi</span> <span class='ocrx_word' id='word_1_856' title='bbox 3301 5185 3547 5258; x_wconf 7' lang='lat' dir='ltr'>etpediti,</span> <span class='ocrx_word' id='word_1_857' title='bbox 3582 5182 3747 5258; x_wconf 75' lang='grc' dir='ltr'>μέχρι</span> 
     </span>
    </p>
   </div>
   <div class='ocr_carea' id='block_1_109' title="bbox 2110 5251 3750 5323">
    <p class='ocr_par' dir='ltr' id='par_1_109' title="bbox 2110 5251 3750 5323">
     <span class='ocr_line' id='line_1_113' title="bbox 2110 5251 3750 5323; baseline 0 -11"><span class='ocrx_word' id='word_1_858' title='bbox 2110 5258 2243 5312; x_wconf 85' lang='lat' dir='ltr'>Mox</span> <span class='ocrx_word' id='word_1_859' title='bbox 2270 5255 2414 5308; x_wconf 92' lang='lat' dir='ltr'>ibid.</span> <span class='ocrx_word' id='word_1_860' title='bbox 2452 5251 2544 5323; x_wconf 82' lang='grc' dir='ltr'>μέν</span> <span class='ocrx_word' id='word_1_861' title='bbox 2578 5253 2819 5323; x_wconf 15' lang='grc' dir='ltr'>θὼεεῐίξι</span> <span class='ocrx_word' id='word_1_862' title='bbox 2849 5252 3079 5309; x_wconf 89' lang='lat' dir='ltr'>Gobler.</span> <span class='ocrx_word' id='word_1_863' title='bbox 3139 5259 3196 5309; x_wconf 92' lang='lat' dir='ltr'>et</span> <span class='ocrx_word' id='word_1_864' title='bbox 3229 5254 3481 5310; x_wconf 88' lang='lat' dir='ltr'>Felckm.</span> <span class='ocrx_word' id='word_1_865' title='bbox 3515 5256 3541 5309; x_wconf 92' lang='grc'>1</span> <span class='ocrx_word' id='word_1_866' title='bbox 3575 5251 3750 5323; x_wconf 67' lang='lat' dir='ltr'>anon,</span> 
     </span>
    </p>
   </div>
   <div class='ocr_carea' id='block_1_110' title="bbox 2111 5322 3753 5401">
    <p class='ocr_par' dir='ltr' id='par_1_110' title="bbox 2111 5322 3753 5401">
     <span class='ocr_line' id='line_1_114' title="bbox 2111 5322 3753 5401; baseline -0.01 -17"><span class='ocrx_word' id='word_1_867' title='bbox 2111 5332 2169 5384; x_wconf 88' lang='lat' dir='ltr'>et</span> <span class='ocrx_word' id='word_1_868' title='bbox 2199 5322 2508 5401; x_wconf 78' lang='lat' dir='ltr'>paulopOSt</span> <span class='ocrx_word' id='word_1_869' title='bbox 2536 5324 2595 5378; x_wconf 93' lang='lat' dir='ltr'>in</span> <span class='ocrx_word' id='word_1_870' title='bbox 2628 5322 2851 5395; x_wconf 87' lang='lat' dir='ltr'>Anglic.</span> <span class='ocrx_word' id='word_1_871' title='bbox 2883 5322 3009 5380; x_wconf 90' lang='lat' dir='ltr'>loco</span> <span class='ocrx_word' id='word_1_872' title='bbox 3041 5325 3355 5399; x_wconf 78' lang='grc' dir='ltr'>προφήτης,</span> <span class='ocrx_word' id='word_1_873' title='bbox 3381 5325 3596 5399; x_wconf 76' lang='lat' dir='ltr'>legitur</span> <span class='ocrx_word' id='word_1_874' title='bbox 3612 5322 3753 5401; x_wconf 64' lang='grc' dir='ltr'>προ.</span> 
     </span>
    </p>
   </div>
   <div class='ocr_carea' id='block_1_111' title="bbox 429 5393 1984 5475">
    <p class='ocr_par' dir='ltr' id='par_1_111' title="bbox 429 5393 1984 5475">
     <span class='ocr_line' id='line_1_115' title="bbox 429 5393 1984 5475; baseline -0.003 -19"><span class='ocrx_word' id='word_1_875' title='bbox 429 5393 543 5475; x_wconf 74' lang='lat'>&#39;(_26)</span> <span class='ocrx_word' id='word_1_876' title='bbox 575 5393 706 5475; x_wconf 53' lang='lat' dir='ltr'>uate</span> <span class='ocrx_word' id='word_1_877' title='bbox 754 5402 982 5475; x_wconf 83' lang='lat' dir='ltr'>integra</span> <span class='ocrx_word' id='word_1_878' title='bbox 1006 5393 1312 5475; x_wconf 63' lang='lat' dir='ltr'>sententia</span> <span class='ocrx_word' id='word_1_879' title='bbox 1341 5393 1429 5475; x_wconf 53' lang='lat' dir='ltr'>ad</span> <span class='ocrx_word' id='word_1_880' title='bbox 1443 5395 1537 5475; x_wconf 49' lang='lat' dir='ltr'>sic</span> <span class='ocrx_word' id='word_1_881' title='bbox 1558 5412 1822 5475; x_wconf 77' lang='lat' dir='ltr'>sequens</span> <span class='ocrx_word' id='word_1_882' title='bbox 1842 5396 1984 5452; x_wconf 80' lang='lat' dir='ltr'>dees&#39;</span> 
     </span>
    </p>
   </div>
   <div class='ocr_carea' id='block_1_112' title="bbox 2102 5393 2326 5475">
    <p class='ocr_par' dir='ltr' id='par_1_112' title="bbox 2113 5393 2326 5475">
     <span class='ocr_line' id='line_1_116' title="bbox 2113 5393 2326 5475; baseline 0.014 -3"><span class='ocrx_word' id='word_1_883' title='bbox 2113 5393 2326 5475; x_wconf 57' lang='grc' dir='ltr'>φηῗεξὲε-</span> 
     </span>
    </p>
   </div>
   <div class='ocr_carea' id='block_1_113' title="bbox 357 5472 827 5545">
    <p class='ocr_par' dir='ltr' id='par_1_113' title="bbox 357 5472 827 5545">
     <span class='ocr_line' id='line_1_117' title="bbox 357 5472 827 5545; baseline -0.006 -16"><span class='ocrx_word' id='word_1_884' title='bbox 357 5473 418 5529; x_wconf 90' lang='lat' dir='ltr'>in</span> <span class='ocrx_word' id='word_1_885' title='bbox 449 5472 827 5545; x_wconf 87' lang='lat' dir='ltr'>Segueriano,</span> 
     </span>
    </p>
   </div>
   <div class='ocr_carea' id='block_1_114' title="bbox 931 5467 2005 5537">
    <p class='ocr_par' dir='ltr' id='par_1_114' title="bbox 931 5467 2005 5537">
     <span class='ocr_line' id='line_1_118' title="bbox 931 5467 2005 5537; baseline -0.003 -12"><span class='ocrx_word' id='word_1_886' title='bbox 931 5468 1246 5537; x_wconf 89' lang='lat' dir='ltr'>obleriano,</span> <span class='ocrx_word' id='word_1_887' title='bbox 1300 5473 1358 5524; x_wconf 88' lang='lat' dir='ltr'>et</span> <span class='ocrx_word' id='word_1_888' title='bbox 1389 5467 1770 5537; x_wconf 85' lang='lat' dir='ltr'>Felckmanni</span> <span class='ocrx_word' id='word_1_889' title='bbox 1800 5467 1822 5522; x_wconf 79' lang='grc'><strong>4</strong></span> <span class='ocrx_word' id='word_1_890' title='bbox 1865 5484 2005 5522; x_wconf 86' lang='lat' dir='ltr'>ano-</span> 
     </span>
    </p>
   </div>
   <div class='ocr_carea' id='block_1_115' title="bbox 2186 5462 3753 5539">
    <p class='ocr_par' dir='ltr' id='par_1_115' title="bbox 2186 5462 3753 5539">
     <span class='ocr_line' id='line_1_119' title="bbox 2186 5462 3753 5539; baseline 0.001 -18"><span class='ocrx_word' id='word_1_891' title='bbox 2186 5467 2297 5539; x_wconf 88' lang='lat'>(30)</span> <span class='ocrx_word' id='word_1_892' title='bbox 2345 5462 2548 5518; x_wconf 84' lang='grc' dir='ltr'>Λοιπὸν</span> <span class='ocrx_word' id='word_1_893' title='bbox 2597 5462 2686 5517; x_wconf 90' lang='grc' dir='ltr'>καί</span> <span class='ocrx_word' id='word_1_894' title='bbox 2727 5465 2888 5521; x_wconf 84' lang='lat' dir='ltr'>deest</span> <span class='ocrx_word' id='word_1_895' title='bbox 2934 5465 2992 5519; x_wconf 89' lang='lat' dir='ltr'>in</span> <span class='ocrx_word' id='word_1_896' title='bbox 3041 5464 3271 5521; x_wconf 91' lang='lat' dir='ltr'>Gobler.</span> <span class='ocrx_word' id='word_1_897' title='bbox 3324 5470 3383 5522; x_wconf 91' lang='lat' dir='ltr'>et</span> <span class='ocrx_word' id='word_1_898' title='bbox 3412 5465 3665 5523; x_wconf 90' lang='lat' dir='ltr'>Felckm.</span> <span class='ocrx_word' id='word_1_899' title='bbox 3726 5467 3753 5523; x_wconf 86' lang='grc'>1</span> 
     </span>
    </p>
   </div>
   <div class='ocr_carea' id='block_1_116' title="bbox 357 5532 2290 5617">
    <p class='ocr_par' dir='ltr' id='par_1_116' title="bbox 357 5532 2290 5617">
     <span class='ocr_line' id='line_1_120' title="bbox 357 5532 2290 5617; baseline -0.005 -16"><span class='ocrx_word' id='word_1_900' title='bbox 357 5532 560 5617; x_wconf 60' lang='grc' dir='ltr'>ῃγωοξ</span> <span class='ocrx_word' id='word_1_901' title='bbox 590 5547 649 5599; x_wconf 86' lang='lat' dir='ltr'>et</span> <span class='ocrx_word' id='word_1_902' title='bbox 694 5532 909 5598; x_wconf 84' lang='lat' dir='ltr'>recenti</span> <span class='ocrx_word' id='word_1_903' title='bbox 953 5556 1136 5617; x_wconf 75' lang='lat' dir='ltr'>manu</span> <span class='ocrx_word' id='word_1_904' title='bbox 1166 5532 1366 5617; x_wconf 79' lang='lat' dir='ltr'>addita</span> <span class='ocrx_word' id='word_1_905' title='bbox 1412 5532 1474 5617; x_wconf 78' lang='lat' dir='ltr'>in</span> <span class='ocrx_word' id='word_1_906' title='bbox 1514 5538 1821 5595; x_wconf 90' lang='lat' dir='ltr'>Basiliensi</span> <span class='ocrx_word' id='word_1_907' title='bbox 1852 5555 1867 5594; x_wconf 90' lang='lat'><strong>:</strong></span> <span class='ocrx_word' id='word_1_908' title='bbox 1900 5554 2006 5594; x_wconf 89' lang='lat' dir='ltr'>nec</span> <span class='ocrx_word' id='word_1_909' title='bbox 2116 5532 2290 5617; x_wconf 45' lang='lat' dir='ltr'>anon;</span> 
     </span>
    </p>
   </div>
   <div class='ocr_carea' id='block_1_117' title="bbox 359 5610 1571 5738">
    <p class='ocr_par' dir='ltr' id='par_1_117' title="bbox 359 5610 1571 5738">
     <span class='ocr_line' id='line_1_121' title="bbox 359 5610 1571 5671; baseline -0.006 0"><span class='ocrx_word' id='word_1_910' title='bbox 359 5610 503 5671; x_wconf 75' lang='lat' dir='ltr'>item</span> <span class='ocrx_word' id='word_1_911' title='bbox 529 5615 583 5670; x_wconf 89' lang='lat' dir='ltr'>1e</span> <span class='ocrx_word' id='word_1_912' title='bbox 627 5617 800 5669; x_wconf 88' lang='lat' dir='ltr'>erunt</span> <span class='ocrx_word' id='word_1_913' title='bbox 827 5612 1189 5668; x_wconf 90' lang='lat' dir='ltr'>Omnibonus</span> <span class='ocrx_word' id='word_1_914' title='bbox 1213 5614 1271 5667; x_wconf 90' lang='lat' dir='ltr'>et</span> <span class='ocrx_word' id='word_1_915' title='bbox 1297 5610 1571 5665; x_wconf 78' lang='lat' dir='ltr'>Ambros.</span> 
     </span>
     <span class='ocr_line' id='line_1_122' title="bbox 437 5630 1568 5738; baseline -0.001 0"><span class='ocrx_word' id='word_1_916' title='bbox 437 5685 551 5738; x_wconf 75' lang='lat'>(27)</span> <span class='ocrx_word' id='word_1_917' title='bbox 582 5630 678 5738; x_wconf 61' lang='lat' dir='ltr'>Sic</span> <span class='ocrx_word' id='word_1_918' title='bbox 707 5684 849 5738; x_wconf 89' lang='lat' dir='ltr'>Gob.</span> <span class='ocrx_word' id='word_1_919' title='bbox 883 5687 941 5738; x_wconf 90' lang='lat' dir='ltr'>et</span> <span class='ocrx_word' id='word_1_920' title='bbox 968 5682 1159 5738; x_wconf 88' lang='lat' dir='ltr'>Felck.</span> <span class='ocrx_word' id='word_1_921' title='bbox 1194 5682 1218 5738; x_wconf 92' lang='grc'>1</span> <span class='ocrx_word' id='word_1_922' title='bbox 1255 5698 1428 5738; x_wconf 86' lang='lat' dir='ltr'>anon.</span> <span class='ocrx_word' id='word_1_923' title='bbox 1453 5679 1568 5737; x_wconf 88' lang='lat' dir='ltr'>Alii</span> 
     </span>
    </p>
   </div>
   <div class='ocr_carea' id='block_1_118' title="bbox 360 5685 623 5829">
    <p class='ocr_par' dir='ltr' id='par_1_118' title="bbox 360 5685 623 5829">
     <span class='ocr_line' id='line_1_123' title="bbox 437 5685 621 5759; baseline 0 -19"><span class='ocrx_word' id='word_1_924' title='bbox 437 5685 551 5759; x_wconf 88' lang='lat'>(27)</span> <span class='ocrx_word' id='word_1_925' title='bbox 582 5685 621 5741; x_wconf 88' lang='lat' dir='ltr'>S</span> 
     </span>
     <span class='ocr_line' id='line_1_124' title="bbox 360 5759 623 5829; baseline 0.004 -17"><span class='ocrx_word' id='word_1_926' title='bbox 360 5759 623 5829; x_wconf 73' lang='grc' dir='ltr'>Μωυσῆς.</span> 
     </span>
    </p>
   </div>
   <div class='ocr_carea' id='block_1_119' title="bbox 626 5677 2007 5751">
    <p class='ocr_par' dir='ltr' id='par_1_119' title="bbox 626 5677 2007 5751">
     <span class='ocr_line' id='line_1_125' title="bbox 626 5677 2007 5751; baseline -0.006 -10"><span class='ocrx_word' id='word_1_927' title='bbox 626 5685 678 5741; x_wconf 91' lang='lat' dir='ltr'>ic</span> <span class='ocrx_word' id='word_1_928' title='bbox 707 5684 849 5742; x_wconf 88' lang='lat' dir='ltr'>Gob.</span> <span class='ocrx_word' id='word_1_929' title='bbox 883 5687 941 5741; x_wconf 90' lang='lat' dir='ltr'>et</span> <span class='ocrx_word' id='word_1_930' title='bbox 968 5682 1159 5740; x_wconf 88' lang='lat' dir='ltr'>Felck.</span> <span class='ocrx_word' id='word_1_931' title='bbox 1194 5682 1218 5738; x_wconf 91' lang='grc'>1</span> <span class='ocrx_word' id='word_1_932' title='bbox 1255 5698 1428 5739; x_wconf 87' lang='lat' dir='ltr'>anon.</span> <span class='ocrx_word' id='word_1_933' title='bbox 1453 5679 1568 5737; x_wconf 89' lang='lat' dir='ltr'>Alii</span> <span class='ocrx_word' id='word_1_934' title='bbox 1598 5694 1733 5737; x_wconf 89' lang='lat' dir='ltr'>vero</span> <span class='ocrx_word' id='word_1_935' title='bbox 1762 5683 1820 5737; x_wconf 88' lang='lat' dir='ltr'>et</span> <span class='ocrx_word' id='word_1_936' title='bbox 1845 5677 2007 5751; x_wconf 84' lang='lat' dir='ltr'>editi,</span> 
     </span>
    </p>
   </div>
   <div class='ocr_carea' id='block_1_120' title="bbox 2188 5604 3760 5692">
    <p class='ocr_par' dir='ltr' id='par_1_120' title="bbox 2188 5604 3760 5692">
     <span class='ocr_line' id='line_1_126' title="bbox 2188 5604 3760 5692; baseline 0 -29"><span class='ocrx_word' id='word_1_937' title='bbox 2188 5609 2306 5692; x_wconf 37' lang='lat'>(.31).</span> <span class='ocrx_word' id='word_1_938' title='bbox 2328 5605 2861 5692; x_wconf 35' lang='lat' dir='ltr'>Si‘c&#39;lSegueriaiius,</span> <span class='ocrx_word' id='word_1_939' title='bbox 2887 5604 3247 5677; x_wconf 85' lang='lat' dir='ltr'>Basiliensis,</span> <span class='ocrx_word' id='word_1_940' title='bbox 3280 5610 3346 5663; x_wconf 87' lang='lat' dir='ltr'>et</span> <span class='ocrx_word' id='word_1_941' title='bbox 3374 5606 3760 5681; x_wconf 81' lang='lat' dir='ltr'>Anglicanus.</span> 
     </span>
    </p>
   </div>
   <div class='ocr_carea' id='block_1_121' title="bbox 2116 5677 2799 5753">
    <p class='ocr_par' dir='ltr' id='par_1_121' title="bbox 2116 5677 2799 5753">
     <span class='ocr_line' id='line_1_127' title="bbox 2116 5677 2799 5753; baseline -0.003 -17"><span class='ocrx_word' id='word_1_942' title='bbox 2116 5677 2227 5736; x_wconf 86' lang='lat' dir='ltr'>Alii</span> <span class='ocrx_word' id='word_1_943' title='bbox 2259 5677 2315 5737; x_wconf 80' lang='lat' dir='ltr'>et</span> <span class='ocrx_word' id='word_1_944' title='bbox 2346 5677 2505 5743; x_wconf 87' lang='lat' dir='ltr'>editi,</span> <span class='ocrx_word' id='word_1_945' title='bbox 2537 5677 2799 5753; x_wconf 68' lang='grc' dir='ltr'>Μωυσῆν.</span> 
     </span>
    </p>
   </div>
  </div>
