4178 6418
404 429 520 489 167

924 429 990 490 s.
1034 382 1461 516 A'PHANASII
1505 427 1679 487 ore.
1730 425 1927 485 PARS
1972 423 2020 483 1.
2055 453 2134 466 -
2162 421 2573 487 HISTORICA
2621 427 2720 488 ET
2764 425 3243 490 DOGMATICA.

3690 431 3809 493 £68

401 577 563 617 suum
591 567 643 617 et
669 561 885 616 sanavit
914 575 1003 616 eos
1029 559 1089 627 ¹;
1120 562 1179 614 et
1204 575 1434 626 rursus,
1482 562 1604 614 Non
1652 557 1885 627 legatus,
1935 569 2040 609 non

2159 552 2301 607 εἶπεν
2352 557 2386 623 ἡ
2443 558 2627 633 Γραφή
2673 556 2871 632 Κύριος
2925 556 2953 610 ὀ
3004 557 3132 619 Θεὸς
3184 557 3436 636 ἐπέφανεν
3493 561 3659 632 ἡμῖν·
3719 562 3809 616 καὶ

402 650 650 721 angelus,
680 648 773 706 sed
800 652 918 721 ipse
945 650 1207 705 Dominus
1256 648 1432 703 salvos
1477 647 1600 701 illos
1628 648 1757 717 fecit
1777 646 1799 679 ³
1825 644 1853 698 ‘I
1880 644 2048 699 Certe

404 737 596 794 simile
624 737 710 793 illi
741 753 909 810 agere
938 737 1083 792 mihi
1129 737 1425 802 videntur,
1484 752 1551 790 ac
1580 735 1633 789 si
1685 733 1822 805 puis
1855 736 2048 787 mente

405 826 709 900 perculsus
730 830 944 882 terram
977 842 1011 881 a
1041 827 1162 881 sole
1183 826 1285 881 68
1306 823 1700 879 illuminatam
1732 821 2046 893 aspiciens,

404 913 587 971 solem
621 932 655 971 a
684 931 801 987 quo
831 913 1169 969 illuminata
1190 917 1280 969 est
1300 911 1609 985 negaverit.
1639 910 1860 980 Ecquid
1890 908 2048 964 enim

403 1002 661 1074 amplius
690 1004 741 1059 ei
772 1018 947 1075 quem
975 1001 1061 1057 illi
1090 1003 1430 1074 exspectant
1457 998 1793 1054 faciendum
1822 996 2050 1053 restat?

401 1093 489 1147 An
519 1096 587 1147 ut
613 1095 817 1164 gentes
844 1094 1008 1147 vocet
1033 1090 1062 1144 ?
1112 1090 1218 1146 sed
1265 1090 1384 1160 jam
1416 1090 1629 1143 vocata
1660 1089 1820 1141 sunt.
1851 1087 1938 1140 An
1987 1088 2052 1139 ut

403 1180 770 1253 prophetam,
823 1194 1020 1251 regem
1078 1183 1135 1233 et
1162 1177 1447 1232 visionem
1480 1173 1760 1231 auferat?
1808 1174 1908 1230 sed
1941 1172 2050 1229 hoc

399 1268 543 1325 item
564 1269 689 1340 jam
721 1268 937 1323 factum
970 1269 1078 1322 est.
1131 1267 1220 1321 An
1251 1269 1316 1320 ut
1361 1264 1651 1320 idolorum
1686 1262 2048 1335 impietatem

403 1355 757 1413 convincat?
785 1354 1050 1411 convicta
1078 1357 1135 1409 et
1164 1353 1490 1424 proscripta
1518 1356 1609 1407 est
1661 1357 1749 1405 An
1795 1355 1860 1406 ut
1887 1368 2048 1406 mor-

401 1448 523 1501 tem
554 1442 863 1500 destruat?
891 1442 1192 1498 destructa
1220 1439 1482 1508 est.Quid
1514 1456 1651 1512 ergo
1681 1456 1796 1495 non
1825 1439 2045 1495 factum

402 1535 492 1587 est
521 1532 676 1602 quod
696 1529 996 1586 Christum
1026 1530 1215 1584 facere
1245 1527 1615 1600 oportuit,vel
1639 1528 1778 1599 quid
1809 1529 2046 1583 tandem

404 1619 855 1692 superest,quod
875 1617 1139 1673 nondum
1160 1616 1470 1689 impletum
1494 1616 1695 1687 fuit,ut
1714 1617 1886 1671 modo
1910 1632 2048 1687 gau-

404 1709 580 1764 deant
623 1707 833 1776 Judaei,
863 1710 923 1762 et
977 1723 1218 1762 causam
1274 1723 1389 1762 non
1437 1706 1709 1761 credendi
1740 1704 2048 1760 habeant?

402 1795 666 1852 Profecto
696 1795 766 1865 si,
826 1795 1324 1866 quemadmodum
1355 1794 1558 1865 utique
1594 1794 1885 1859 videmus,
1941 1808 2047 1848 nec

2156 640 2320 696 πάλιν
2358 661 2369 671 ·
2428 642 2796 713 Ἐξαπέστειλε
2869 644 2961 699 τὸν
3017 644 3191 720 Λόγον
3250 646 3416 702 αὐτοῦ
3473 648 3563 702 καὶ
3621 646 3808 704 ἰάσατο

2156 729 2350 793 αὐτούς
2385 753 2397 765 ο
2457 733 2546 786 καὶ
2599 730 2763 787 πάλιν
2803 755 2814 766 ·
2872 733 2945 787 Οὐ
3024 728 3280 809 πρέσϐυς,
3357 734 3458 791 οὐκ
3530 735 3758 812 ἅγγελος
3793 784 3808 812 ,

2156 818 2283 874 ἀλλ’
2338 819 2497 882 αὐτὸς
2560 822 2585 874 δ
2645 819 2840 896 Κύριος
2899 819 3095 877 ἔσωσεν
3153 822 3349 886 αὐτούς
3411 843 3425 893 ;
3474 827 3703 897 Ὅμοιον
3754 823 3813 881 δὲ

2156 906 2490 983 πάσχουσιν,
2544 909 2618 971 ὡς
2664 906 2719 963 εἷ’
2762 931 2844 972 τις
2896 910 3340 987 παραπεπληγὼς
3387 912 3486 981 τὴν
3542 910 3806 989 διάνοιαν,

2154 997 2253 1064 τήν
2290 996 2384 1067 μὲν
2415 1004 2516 1072 γῆν
2568 998 2945 1076 φωτιζομένην
2980 998 3084 1053 ὑπὸ
3111 1003 3209 1054 τοῦ
3239 999 3404 1069 ἡλίου
3451 999 3640 1075 βλέπει
3670 1004 3805 1076 (32),

2156 1084 2246 1137 τὸν
2285 1081 2342 1138 δὲ
2381 1084 2581 1154 ταύτην
2634 1086 2938 1163 φωτίζοντα
2980 1084 3143 1155 ἤλιον
3175 1086 3433 1163 ἀρνεῖται.
3468 1088 3528 1143 Γί
3578 1088 3680 1165 γὰρ
3716 1090 3806 1146 καὶ

2157 1170 2346 1226 πλεῖον
2402 1171 2570 1228 ἐλθὼν
2645 1175 2672 1227 ὁ
2745 1172 3204 1250 προσδοκώμενος
3262 1177 3389 1251 παρ’
3444 1176 3629 1240 αὐτοῖς
3688 1177 3805 1256 ἔχει

2157 1268 2381 1329 ποιῆσαι
2417 1282 2431 1331 ;
2465 1261 2693 1317 Καλέσαι
2745 1263 2812 1318 τὰ
2861 1262 2985 1334 ἔθνη
3016 1284 3029 1333 ;
3064 1263 3220 1321 Ἀλλ’
3270 1267 3381 1339 (33)
3434 1262 3628 1344 ἔφθασε
3665 1266 3805 1339 κλη-

2158 1356 2336 1418 θῆναι.
2399 1350 2574 1407 Ἀλλά
2623 1357 2822 1406 παῦσαι
2872 1355 3183 1430 προφήτην,
3244 1354 3335 1408 καὶ
3391 1354 3654 1429 βασιλέα,
3716 1358 3805 1412 καὶ

2156 1438 2340 1515 ὅρασιν
2377 1459 2391 1509 ;
2425 1438 2641 1516 Γέγονεν
2673 1439 2783 1510 ἤδη
2817 1442 2906 1497 καὶ
2935 1442 3229 1510 τοῦτο.Τὴν
3265 1440 3510 1499 εἰδώλων
3541 1444 3807 1515 ἀθεότητα

2157 1525 2420 1603 διελέγξαι
2453 1549 2477 1581 ε
2506 1527 2819 1605 Διηλέγχθη
2874 1527 2983 1599 ἤδη
3032 1530 3122 1584 καὶ
3180 1532 3525 1607 κατεγνώσθη
3555 1573 3568 1586 .
3630 1532 3808 1590 Ἀλλᾶ

2154 1616 2244 1669 τὸν
2279 1615 2502 1678 θάνατον
2551 1624 2881 1692 καταργῆσαι
2917 1636 2930 1687 ;
2963 1620 3308 1693 Κατήργηται
3357 1616 3491 1688 ἤδη.
3521 1619 3582 1673 Τί
3624 1621 3802 1676 τοίνυν

2157 1703 2219 1757 ού
2243 1704 2481 1779 γέγονεν,
2529 1706 2558 1759 '6
2608 1703 2691 1760 δεῖ
2736 1706 2827 1759 τὸν
2859 1706 3088 1782 Χριστὸν
3136 1714 3362 1777 ποιῆσαι
3397 1727 3412 1778 ;
3444 1710 3511 1763 Ἣ
3555 1708 3609 1763 τί
3650 1730 3803 1786 περι-

2157 1790 2418 1865 λείπεται,
2470 1793 2499 1846 ’ὀ
2555 1794 2632 1865 μὴ
2680 1793 3090 1870 πεπλήρωται,
3138 1793 3230 1850 ’ίνα
3274 1801 3366 1850 νῦν
3426 1797 3692 1874 χαίρωσιν
3751 1800 3804 1854 οἱ

403 1900 600 1956 regem
622 1899 728 1939 nec
746 1882 1090 1954 prophetam
1103 1882 1230 1953 jam
1252 1882 1546 1954 babent,si
1569 1898 1675 1937 nec
1694 1881 2040 1950 Jerusalem,

2155 1879 2406 1937 Ἰουδαῖοι
2444 1883 2534 1937 καὶ
2564 1882 2859 1938 ἀπιστῶσιν
2894 1902 2908 1954 ;
2940 1883 3004 1938 Εἰ
3034 1884 3136 1961 γὰρ
3192 1882 3282 1957 δὴ,
3334 1884 3516 1963 ὥσπερ
3547 1885 3639 1942 οὖν
3690 1890 3802 1963 (34)

403 1988 510 2029 nec
538 1971 914 2039 sacriﬁcium,
956 1987 1061 2027 nec
1112 1970 1259 2026 visio
1308 1970 1464 2042 apud
1509 1969 1641 2027 illos
1689 1974 1907 2037 manet,
1943 1971 2040 2027 sed

2154 1972 2243 2026 καὶ
2303 1972 2515 2047 ὁρῶμεν
2552 2017 2565 2043 ,
2617 1968 2737 2026 οὕτε
2792 1971 3067 2046 βασιλεὺς,
3127 1969 3252 2028 οὔτε
3308 1977 3620 2056 προφήτης,
3680 1974 3805 2033 οὔτε

403 2060 596 2117 omnis
624 2064 780 2117 terra
807 2060 908 2115 Dei
954 2059 1284 2132 cognitione
1329 2058 1547 2131 repleta
1597 2062 1707 2127 est,
1744 2063 1802 2114 et
1840 2064 2045 2131 gentes

401 2148 702 2221 impietate
732 2148 965 2219 rejecta,
989 2149 1118 2219 jam
1148 2148 1220 2203 ad
1255 2152 1433 2203 Deum
1461 2146 1755 2203 Abraham
1778 2165 1882 2220 per
1906 2148 2047 2204 Ver-

400 2237 699 2313 bum,.qui
726 2241 816 2294 est
842 2236 1129 2293 Dominus
1161 2239 1362 2291 noster
1380 2239 1551 2293 Jesus
1581 2235 1875 2306 Christus,
1905 2254 2044 2293 con-

398 2325 635 2400 fugiunt
657 2342 671 2382 :
696 2330 850 2382 certe
880 2324 967 2381 vel
992 2323 1526 2396 impudentissimis
1545 2324 1924 2396 perspicuum
1953 2326 2043 2381 in-
2074 2380 2079 2403 ι

398 2415 472 2470 de
500 2413 693 2481 fuerit,
724 2413 1021 2470 Christum
1051 2412 1300 2480 venisse,
1333 2428 1588 2484 eumque
1615 2429 1818 2468 omnes
1850 2413 2042 2469 omni-

399 2519 475 2560 no
503 2519 614 2560 sua
641 2502 771 2559 luce
824 2501 1174 2568 illustrasse,
1231 2505 1290 2556 et
1325 2516 1462 2556 vera
1516 2518 1584 2556 ac
1614 2501 1810 2557 divina
1836 2502 1907 2557 de
1935 2519 2042 2559 suo

397 2594 569 2648 Patre
597 2590 866 2648 doctrina
893 2590 1263 2646 informasse.
1287 2589 1369 2643 Ex
1401 2587 1492 2644 his
1523 2588 1722 2661 itaque
1744 2590 2040 2662 pluribus-

400 2695 516 2753 que
544 2678 695 2749 aliis,
730 2695 858 2757 quae
888 2694 958 2734 ex
1003 2676 1216 2733 divinis
1270 2676 1505 2733 Litteris
1549 2677 1685 2733 licet
1714 2695 2038 2752 excerpere,

399 2767 635 2824 Judaeos
663 2782 781 2824 non
806 2766 1003 2838 inepte
1032 2780 1350 2836 possumus
1398 2766 1717 2822 confutare.

2156 2056 2534 2133 Ἰερουσαλὴμ,
2578 2053 2699 2112 οὔτε
2739 2058 2912 2131 θυσία,
2966 2056 3090 2115 οὔτε
3138 2058 3322 2136 ὅρασίς
3373 2053 3484 2117 ἐστι
3532 2066 3660 2139 παρ’
3706 2065 3801 2121 αύ-

2152 2151 2290 2218 τοῖς,
2322 2144 2468 2201 ἀλλά
2498 2146 2587 2201 καὶ
2618 2152 2761 2201 πᾶσα
2810 2146 3172 2223 πεπλήρωται
3223 2151 3259 2219 ἡ
3308 2157 3378 2226 γῆ
3420 2158 3520 2221 τῆς
3548 2153 3801 2228 γνώσεως

2151 2240 2249 2290 τοῦ
2302 2239 2456 2306 Θεοῦ,
2514 2235 2603 2289 καὶ
2664 2236 2715 2289 οἱ
2762 2234 2869 2290 ἀπὸ
2919 2240 3026 2291 τῶν
3087 2236 3252 2301 ἐθνῶν
3298 2238 3800 2313 καταλιμπάνοντες

2150 2325 2249 2393 τὴν
2299 2323 2563 2394 ἀθεότητα
2612 2322 2803 2378 λοιπὸν
2858 2325 2993 2401 πρὸς
3043 2324 3135 2380 τὸν
3179 2325 3308 2382 Θεὸν
3341 2322 3594 2404 ’Δϐραάμ
3634 2352 3797 2387 κατα-

2153 2414 2405 2491 φεύγουσι
2467 2410 2556 2467 διὰ
2608 2418 2707 2467 τοῦ
2759 2414 2938 2490 Λόγου
2992 2419 3090 2469 τοῦ
3148 2415 3347 2491 Κυρίου
3395 2419 3557 2491 ἡμῶν
3619 2406 3799 2492 Ἰησοῦ

2150 2506 2403 2577 Χριστοῦ·
2457 2499 2626 2571 δῆλον
2674 2500 2733 2556 ἃν
2789 2501 2872 2573 εἴη
2905 2502 2996 2557 καὶ
3042 2508 3158 2566 τοῖς
3193 2503 3312 2561 λίαν
3351 2506 3797 2584 ἀναισχυντοῦσιν

2152 2590 2471 2662 ἐληλυθέναι
2523 2590 2614 2645 τὸν
2664 2591 2917 2666 Χριστὸν,
2967 2592 3057 2646 καὶ
3099 2591 3257 2648 αὐτὸν
3279 2594 3480 2659 πάντας
3502 2595 3691 2660 ἀπλῶς
3719 2601 3800 2669 τῷ

2149 2681 2339 2735 ἑαυτοῦ
2370 2678 2510 2757 φωτὶ
2557 2676 3008 2751 καταλάμψαντα,
3060 2679 3151 2734 καὶ
3201 2678 3485 2753 διδάξαντα
3530 2685 3653 2763 περὶ
3701 2689 3799 2741 τοῦ

2149 2772 2339 2827 ἑαυτοῦ
2388 2766 2597 2841 Πατρὸς
2648 2765 2748 2833 τήν
2800 2764 2982 2836 ἀληθῆ
3036 2768 3126 2822 καὶ
3175 2768 3315 2832 θείαν
3542 2770 3796 2829 διδασκα-

401 2852 544 2909 λίαν.
603 2849 894 2913 Ἰουδαίους
957 2851 1050 2923 μὲν
1105 2847 1196 2905 οῦν
1256 2849 1317 2905 ἐκ
1368 2849 1573 2904 τούτων
1633 2851 1722 2905 καὶ
1776 2857 1883 2908 τῶν
1942 2855 2213 2916 πλειόνων
2271 2855 2417 2930 παρὰ
2470 2857 2577 2908 τῶν
2637 2851 2792 2915 θείων
2853 2858 3079 2931 Γραφῶν
3135 2855 3360 2920 εἰκότως
3414 2860 3475 2914 ἄν
3506 2882 3591 2925 τις
3643 2861 3795 2940 ἐλέγ-

430 2962 556 3000 ειεν.

461 2962 475 2997 ι
543 2984 556 3000 ο

400 2943 559 3088 ﬁeri.
589 3032 723 3089 Jam
752 3030 906 3103 quod
935 3030 1183 3103 gentiles
1213 3032 1455 3101 spectat,
1514 3030 1658 3087 satis
1688 3032 1890 3089 mirari
1918 3053 2035 3093 non

398 3136 569 3195 queo,
601 3120 758 3192 quod
788 3135 857 3175 ea
885 3134 1012 3191 ques
1042 3117 1284 3174 minime
1318 3118 1564 3173 ridenda
1614 3124 1754 3177 sunt
1783 3122 2032 3193 rideant,

395 3210 628 3284 ipsique
657 3208 892 3264 interim
923 3207 984 3262 in
1015 3223 1124 3263 sua
1150 3206 1513 3277 turpitudine
1542 3209 1813 3265 obcaecati
1847 3227 2036 3283 perse-

2217 3035 2304 3089 41.
2336 3026 2614 3099 Ἕλληνας
2648 3025 2706 3083 δὲ
2734 3029 2823 3083 καὶ
2871 3027 3011 3084 πάνυ
3056 3052 3140 3094 τις
3190 3034 3484 3105 θαυμάσειε
3518 3034 3793 3110 γελῶντας

2147 3122 2241 3195 μὲν
2291 3118 2358 3174 τὸ.
2399 3116 2732 3193 ἀχλεῦαστα,
2783 3117 3217 3193 πεπηρωμένους
3252 3116 3310 3175 δὲ
3339 3119 3534 3184 αὐτοὺς
3705 3123 3793 3179 ἐπὶ

2141 3212 2210 3283 τῇ
2243 3210 2443 3264 ἑαυτῶν
2485 3204 2737 3281 αἰσχύνῃ,
2763 3206 2829 3275 ἢν
2863 3204 2914 3260 ὲν
2948 3204 3131 3277 ξύλοις
3163 3208 3253 3262 καὶ
3287 3208 3463 3273 λίθοις
3513 3209 3792 3274 ἀναθέντες

393 3303 614 3370 vorent,
645 3313 824 3370 quam
855 3295 1079 3353 scilicet
1107 3295 1249 3351 sein
1278 3294 1458 3367 lignis
1489 3300 1547 3351 et
1574 3295 1870 3368 lapidibus
1900 3315 2037 3355 con-

2152 3297 2259 3372 οὐχ
2289 3298 2475 3372 ὁρῶσι.
2505 3293 2658 3363 Πλὴν
2710 3292 2810 3349 οὐκ
2855 3293 3190 3370 ἀποροῦντος
3248 3296 3299 3351 ἐν
3346 3295 3649 3371 ἀπδδείξεσι
3695 3302 3793 3353 τοῦ

396 3389 638 3446 stituere
667 3401 1042 3459 nequaquam
1072 3383 1402 3439 attendunt.
1434 3383 1651 3439 Verum
1673 3386 2041 3459 quandoqui-

395 3478 532 3534 dem
552 3476 733 3531 ﬁrme
750 3473 920 3530 nobis
945 3489 1060 3529 non
1084 3473 1291 3529 desunt
1315 3472 1569 3528 rationes
1592 3473 1806 3544 quibus
1827 3480 2038 3530 nostras

394 3564 670 3622 doctrina
722 3562 1027 3619 veritatem
1083 3564 1374 3631 tueamur,
1405 3576 1531 3632 age,
1564 3560 1615 3616 si
1664 3561 1872 3632 placet,
1906 3562 2038 3619 illos

396 3669 634 3727 quoque
660 3652 812 3725 aptis
841 3648 1201 3723 argumentis
1231 3647 1565 3705 refellamus
1625 3649 1877 3706 maxime
1903 3667 2037 3708 vero

398 3760 468 3800 ex
522 3741 617 3797 his
667 3739 812 3812 ipsis
859 3755 985 3810 quae
1041 3735 1386 3808 nesmetipsi
1436 3737 1854 3808 conspicimus.
1888 3739 2036 3804 Quid

397 3831 557 3889 enim
590 3828 749 3886 aliud
776 3827 1099 3884 absurdum
1138 3828 1196 3881 et
1223 3823 1538 3880 ridiculum
1569 3825 1723 3896 apud
1747 3842 1853 3881 nos
1882 3843 2041 3899 repe-

396 3920 578 3985 riunt,
610 3931 788 3989 quam
818 3914 972 3986 quod
1026 3913 1284 3969 Verbum
1324 3912 1385 3967 in
1426 3928 1667 3984 corpore
1698 3914 2038 3986 apparuisse

397 4004 699 4065 dicimus?
729 4002 903 4076 Atqui
958 4001 1067 4058 hoc
1123 4001 1320 4073 ipsum
1377 4017 1493 4056 non
1526 4000 1779 4058 absurde
1815 4003 2034 4059 factum
2082 4075 2086 4079 ‘

395 4096 581 4156 fuisse
620 4092 735 4166 ipsi
782 4090 960 4147 etiam
1010 4088 1397 4159 consentient,
1446 4089 1498 4144 si
1542 4090 1714 4145 modo
1770 4091 2035 4148 veritatis

2146 3386 2270 3462 παρ’
2301 3387 2435 3457 ἡμῖν
2478 3381 2676 3458 Λόγου,
2710 3381 2837 3460 φέρε
2882 3383 2970 3437 καὶ
3017 3382 3243 3447 τούτους
3289 3384 3349 3439 ἐκ
3391 3390 3497 3441 τῶν
3551 3386 3792 3463 εὐλόγων

2147 3470 2581 3544 δυσωπήσωμεν,
2618 3469 2855 3543 μάλιστα
2900 3469 2991 3549 ἀφ’
3022 3472 3095 3525 ὡν
3141 3473 3230 3527 καὶ
3269 3471 3423 3528 αύτοὶ
3453 3476 3618 3547 ἡμεῖς
3650 3475 3792 3550 ὁρῶ-

2150 3582 2266 3633 μεν.
2299 3560 2359 3615 Τί
2388 3559 2489 3635 γὰρ
2539 3558 2761 3629 ἄτοπον,
2812 3557 2847 3626 ἢ
2896 3557 2949 3611 τί
2978 3556 3190 3632 χλεύης
3221 3562 3347 3635 παρ’
3381 3562 3518 3633 ἡμῖν
3551 3562 3720 3634 ἄξιον,
3753 3562 3791 3632 ἢ

2146 3650 2360 3712 πάντως
2392 3647 2474 3702 ὅτι
2506 3646 2597 3701 τὸν
2630 3645 2802 3721 Λόγον
2836 3644 2887 3699 έν
2930 3646 3142 3718 σώματι
3174 3652 3582 3724 πεφανερῶσθαι
3634 3649 3791 3726 λέγο-

2150 3757 2243 3809 μεν
2300 3757 2313 3805 ;
2374 3732 2551 3790 Ἀλλὰ
2590 3737 2750 3787 τοῦτο
2794 3732 2885 3786 καὶ
2943 3732 3095 3787 αὐτοὶ
3146 3733 3651 3810 συνομολογήσουσι
3714 3738 3792 3811 μὴ

2145 3824 2361 3885 ἀτόπως
2409 3827 2746 3898 γεγενῆσθαι,
2806 3818 2998 3895 ἐάνπερ
3054 3826 3155 3889 τῆς
3212 3819 3473 3891 ἀληθείας
3529 3824 3791 3901 γένωνται

2145 3912 2318 3990 φίλοι.
2368 3909 2432 3965 Εἰ
2468 3910 2561 3981 μὲν
2610 3906 2701 3961 οῦν
2753 3905 2900 3968 ὅλως
2949 3907 3232 3983 ἀρνοῦνται
3264 3909 3436 3986 Λόγον
3468 3911 3599 3967 εἶναι
3633 3919 3790 3989 Θεοῦ,

2144 4002 2412 4076 περιττῶς
2445 4000 2685 4065 ποιοῦσι,
2718 3994 2841 4068 περὶ
2890 3995 2953 4049 οὗ
3005 3996 3082 4069 μὴ
3134 3994 3275 4051 ἴσασι
3324 3997 3707 4074 χλευάζοντεςο
3742 4004 3789 4059 εἰ

2145 4086 2202 4143 δὲ
2236 4086 2570 4161 ὁμολογοῦσι
2601 4082 2773 4159 Λόγον
2808 4081 2940 4136 εἶναι
2988 4087 3144 4155 Θεοῦ,
3176 4084 3266 4139 καὶ
3312 4091 3503 4142 τοῦτον
3544 4091 3792 4166 ἡγεμόνα

393 4188 684 4244 amatores
711 4195 839 4237 esse
866 4175 1392 4235 volent.Enimvero
1422 4175 1473 4232 si
1500 4176 1756 4232 Verbum
1782 4178 1883 4234 Dei
1906 4195 2035 4237 esse

2152 4182 2238 4232 τοῦ
2268 4174 2489 4243 παντὸς,
2543 4170 2633 4227 καὶ
2686 4169 2737 4225 ἐν
2788 4170 2935 4243 αύτῷ
2974 4171 3066 4226 τὸν
3118 4173 3330 4251 Πατέρα
3379 4172 3785 4256 δεδημιουργη-

391 4273 568 4349 plane
594 4270 952 4335 inﬁciantur,
978 4266 1189 4322 inscite
1209 4265 1678 4337 nugantur,dum
1698 4266 1766 4321 de
1788 4265 1883 4323 his
1904 4283 2032 4339 quae

390 4362 666 4421 nesciunt
695 4355 1020 4415 rident.Sed
1048 4355 1099 4411 si
1129 4353 1388 4410 Verbum
1406 4353 1505 4408 Dei
1528 4369 1657 4410 esse
1681 4356 2029 4427 concedunt,

2142 4265 2286 4320 κέναι
2317 4264 2415 4331 τὴν
2448 4259 2642 4332 κτίσιν,
2674 4258 2763 4314 καὶ
2811 4261 2880 4333 τῇ
2928 4258 3126 4316 τούτου
3173 4263 3404 4338 προνοίᾳ
3447 4264 3516 4319 τὰ
3543 4263 3647 4321 ὅλα
3671 4288 3789 4346 φω-

2137 4353 2394 4423 τίζεσθαι,
2428 4348 2517 4404 καὶ
2542 4351 2942 4422 ζωογονεῖσθαι,
2991 4350 3081 4403 καὶ
3125 4348 3281 4423 εἶναι,
3330 4352 3421 4407 καὶ
3452 4352 3539 4409 ἐπὶ
3569 4354 3787 4413 πάντων

387 4451 706 4525 ipsumque
734 4444 993 4503 universi
1021 4447 1304 4500 rectorem
1326 4458 1475 4507 esse,
1494 4445 1553 4497 et
1578 4442 1639 4498 in
1668 4442 1767 4499 illo
1799 4443 2029 4502 Patrem

2152 4442 2297 4498 κύτὸν
2361 4436 2687 4515 βασιλεύειν,
2728 4437 2802 4499 ὡς
2846 4436 2912 4525 ,ἐκ
2962 4441 3069 4492 τῶν
3130 4434 3300 4516 ἔργων
3368 4448 3469 4511 τῆς
3525 4446 3788 4521 προνοίας

389 4522 680 4598 mundum
709 4549 958 4601 creasse,
990 4532 1188 4589 omnia
1217 4529 1468 4601 denique
1497 4530 1626 4601 ejus
1665 4531 2032 4603 providentia

2152 4529 2488 4607 γινώσκεσθαι
2541 4525 2722 4596 αὐτὸν,
2771 4524 2861 4579 καὶ
2893 4522 2964 4579 δι’
3011 4525 3177 4581 αὐτοῦ
3232 4528 3324 4583 τὸν
3375 4530 3605 4608 Πατέρα·
3657 4535 3786 4590 σκό-

385 4624 730 4692 illuminari,
760 4622 949 4679 vivere
978 4623 1036 4677 et
1063 4635 1212 4687 esse,
1246 4635 1313 4674 ac
1360 4619 1489 4690 ejus
1520 4619 1765 4691 imperio
1796 4621 2029 4692 subjici,

2152 4642 2247 4693 πει,
2280 4615 2600 4694 παρακαλω,
2628 4614 2673 4669 εἷ
2700 4614 2775 4686 μὴ
2805 4614 2904 4682 τὴν
2937 4613 3146 4688 χλεύην
3170 4618 3288 4681 καθ’
3318 4619 3520 4675 ἑαυτῶν
3568 4627 3786 4678 κινοῦν-

2262 4707 2275 4723 9
2382 4710 2409 4721 η-
2544 4703 2607 4723 m‘
2738 4701 2752 4723 Ι
2778 4722 2787 4723 κ
2850 4722 2853 4723 ,
2970 4706 3016 4723 ,"'
3208 4703 3218 4723 1
3451 4707 3465 4723 \
3571 4709 3597 4723 Ir
3763 4714 3780 4723 Α

326 4756 331 4763 -
384 4717 472 4774 ita
501 4720 567 4771 ut
594 4731 664 4771 ex
690 4709 1065 4785 providentiae
1096 4707 1398 4765 effectibus
1436 4710 1493 4763 et
1547 4707 1744 4780 ipsum
1775 4709 2024 4768 Verbum

2152 4730 2219 4771 τες
2252 4707 2489 4783 ἀγνοῦσι.
2544 4703 2644 4757 Τὸν
2691 4701 2897 4774 κόσμον
2951 4706 3109 4774 σῶμα
3159 4703 3293 4780 μέγα
3339 4707 3496 4784 φασὶν
3546 4709 3678 4765 εἶναι
3730 4714 3787 4769 οἱ

385 4805 791 4878 cognoscatur,
823 4803 882 4854 et
929 4813 1032 4869 per
1056 4795 1315 4852 Verbum
1360 4797 1529 4852 Pater
1561 4812 1574 4850 :
1603 4797 1752 4865 vide,
1803 4814 2022 4870 quasso,

386 4911 461 4952 an
492 4908 607 4948 non
628 4888 823 4962 potius
853 4885 965 4958 ipsi
1013 4884 1200 4941 risum
1231 4885 1509 4940 adversus
1539 4883 1764 4957 seipsos
1794 4886 2023 4960 impru-

382 4984 587 5040 denter
614 4975 922 5034 concitent.
948 4972 1543 5044 Mundum,magnum
1576 4973 1870 5044 quoddam
1896 4992 2023 5032 cor-

2132 4802 2237 4852 τῶν
2286 4793 2569 4863 Ἑλλήνων
2625 4789 2941 4869 φιλόσοφοι,
2993 4790 3083 4844 καὶ
3132 4791 3458 4864 ἀληθεύουσι
3510 4795 3782 4874 λέγοντες.

2135 4886 2347 4962 ὁρῶμεν
2396 4882 2496 4957 γὰρ
2542 4878 2701 4957 αὐτὸν
2752 4877 2841 4932 καὶ
2888 4877 2956 4932 τὰ
2999 4878 3195 4934 τούτου
3247 4880 3384 4958 μέρη
3416 4890 3536 4947 ταῖς
3586 4886 3783 4961 alae-.5-

2134 4993 2273 5029 σεσιν
2310 4969 2700 5026 ὑποπίπτοντα.
2756 4964 2821 5020 Εἰ
2869 4965 3047 5020 τοίνυν
3100 4967 3151 5021 ἐν
3199 4974 3279 5042 τῷ
3330 4971 3525 5046 κόσμῳ
3565 4977 3782 5050 σώματι

382 5086 495 5144 pus
523 5082 653 5125 esse
678 5066 889 5122 docent
914 5059 1162 5134 gentiles
1192 5058 1549 5132 philosophi,
1571 5077 1674 5116 nec
1702 5060 1797 5117 hic
1825 5079 1859 5119 a
1887 5080 2022 5121 vero

2152 5059 2245 5117 ἱντι
2278 5061 2305 5114 ὁ
2344 5061 2441 5114 τοῦ
2485 5061 2619 5111 Θεοῦ
2669 5053 2843 5129 ⁴Λόγος
2897 5053 3029 5126 ἐστὶ,
3078 5055 3167 5110 καὶ
3218 5056 3269 5112 ἐν
3321 5057 3475 5123 ὅλοις
3522 5064 3613 5118 καὶ
3658 5072 3781 5130 τοῖς

448 5184 475 5221 ²
503 5181 656 5239 PsaI.
687 5193 861 5244 cxvu,
888 5178 979 5232 20.
1054 5174 1077 5209 ³
1106 5177 1219 5229 Isa.
1253 5189 1409 5242 LXIII,
1441 5174 1495 5229 9.

446 5298 561 5424 S32)
591 5296 686 5351 Sic
711 5290 1088 5373 Anglicanus,
1119 5288 1521 5372 Goblerianus.
1553 5294 1610 5346 et
1638 5290 2016 5351 Felckmanni

509 5360 1015 5424 annonymus.Alu
1043 5365 1103 5416 et
1120 5362 1292 5416 editio
1312 5360 1614 5424 Commel.,
1643 5360 1858 5424 βλέποι.
1885 5366 2016 5423 Mox

2197 5296 2312 5366 (34)
2342 5288 2442 5344 Οὗν
2476 5289 2572 5346 hic
2598 5288 2825 5366 habent.
2845 5286 3264 5366 Seguerianus,
3284 5289 3687 5366 __B_asjliensis,
3718 5303 3782 5355 et

509 5358 1015 5440 annonymusAlii
1036 5360 1614 5440 eteditio_Commel._,
1633 5360 1858 5440 βλέποι.
1885 5366 2017 5440 Mox
2122 5358 2478 5440 Anglicanus
2497 5380 2530 5440 ,ξ
2558 5361 2834 5440 omittunt
2862 5375 2994 5440 vero
3017 5358 3115 5440 alii
3146 5366 3204 5440 et
3234 5358 3403 5440 editi.
3421 5363 3598 5423 Paulo
3621 5358 3776 5440 post.

374 5440 552 5496 iidem
584 5443 642 5492 et
669 5429 1006 5499 Basiliensis
1035 5430 1253 5486 habent
1283 5429 1651 5499 apveitazmbi'
1677 5433 1775 5488 alii
1807 5440 1864 5491 et
1893 5438 2013 5492 edi-

371 5481 884 5585 aSVCQmmelwbt’i
919 5498 1134 5585 βλέποι.
1167 5481 1539 5585 ρωιιῖὺοηυέ
1580 5512 1638 5559 et
1667 5481 2013 5566 Ambrosius

373 5569 839 5645 Camalduleneis
869 5569 1137 5645 legerunt
1160 5569 1396 5645 ἀρνεῖται

443 5650 558 5722 (33)
588 5644 762 5722 Ἀλλ-ά
786 5642 1074 5722 _deest_in
1134 5642 1479 5722 Gobleriano
1508 5648 1567 5722 et
1606 5645 1948 5722 Ijelkmanni
1978 5651 2001 5707 l

372 5712 683 5801 anonymo.
716 5715 936 5783 Ibidem
965 5713 1355 5789 Seguerianus
1385 5714 1581 5787 habet,
1614 5712 1864 5797 ἔφθασαν.

2123 5430 2247 5565 ΕΡό
2263 5434 2436 5503 θυσία,
2490 5430 2874 5488 Goblerianus
2905 5435 2962 5486 et
3017 5430 3351 5489 Felckmani
3382 5436 3409 5490 1
3443 5430 3779 5512 αηοιηῖωυε

2166 5511 2341 5565 abent
2366 5501 2563 5559 θυσίαι.

2166 5511 2341 5566 abent
2366 5501 2563 5559 θυσίαι.

2193 5580 2307 5650 (35)
2334 5576 2671 5650 Aglicanus,
2705 5570 2932 5650 εὐθεῖαν.

2193 5580 2307 5723 (35)
2334 5580 2671 5667 Aglicanus,
2705 5580 2932 5664 εὐθεῖαν.
3366 5648 3376 5658 Ι

2191 5653 2307 5723 (367
2335 5652 2544 5723 Αυτους
2575 5644 2740 5723 deest
2758 5661 2819 5699 1n
2852 5648 3091 5717 beguer.
3117 5648 3175 5701 et
3206 5646 3432 5721 Anglic.
3453 5667 3467 5721 ;
3491 5651 3772 5713 Basil.ve-

2119 5739 2184 5783 1‘0
2200 5716 2394 5782 habet
2423 5716 2644 5781 ἑαυτούς
