4178 6420
450 447 565 510 169

1464 449 1760 514 ORATIO
1805 451 1909 512 DE
1954 448 2541 514 INCARNATIONE
2584 450 2842 513 VERBI.

3738 439 3858 508 170

445 577 578 636 κατά
611 575 771 658 μέρος
802 578 975 636 αὑτῶν
1025 585 1182 636 πᾶσιν
1235 574 1544 653 ὲπιϐἑϐηκε·
1586 583 1637 637 τί
1695 584 1997 656 θαυμαστὸν
2051 583 2084 651 ἢ

2204 585 2494 640 aberrant.
2531 586 2817 641 Mundum
2864 585 3019 642 enim
3068 582 3314 656 ejusque
3343 584 3537 656 partes
3579 581 3856 639 sensibus

444 670 495 724 τί
525 666 746 742 ἄτοπον,
800 669 844 725 εἰ
896 669 985 726 καὶ
1030 670 1080 726 ἐν
1115 671 1386 746 ἀνθρώπῳ
1419 673 1590 749 φαμὲν
1645 672 1803 728 αὑτὸν
1845 667 2100 742 ἐπιϐεϐη-

445 758 590 814 κὲναι
621 778 633 828 ;
666 759 730 814 Εἰ
781 760 883 836 γὰρ
937 761 1136 815 ἄτοπον
1199 759 1344 822 ὅλως
1375 760 1437 833 ξέν
1490 761 1700 832 σώματι
1748 761 1904 815 αὑτὸν
1954 759 2098 835 γενὲ-

444 851 584 920 σθαι,
634 846 833 904 ἄτοπον
876 848 934 903 ἂν
987 847 1070 919 εἷή
1124 849 1212 904 καὶ
1263 849 1425 921 ἐντῷ
1473 850 1630 904 παντί
1678 855 1869 904 τοῦτον
1918 844 2094 904 ἐπιϐε-

446 933 689 1010 ϐηκέναι,
739 938 826 992 xui
866 939 932 993 τὰ
980 937 1151 992 πάντα
1201 941 1268 1012 τῇ
1314 937 1542 1015 προνοίᾳ
1591 940 1780 993 ἑαυτοῦ
1847 938 2094 1015 φωτίζειν

444 1028 531 1082 καὶ
582 1032 768 1081 κινεῖν·
802 1031 960 1099 σῶμα
991 1027 1092 1103 γάρ
1126 1028 1232 1082 ἐστι
1264 1027 1352 1082 xui
1400 1027 1463 1081 τὸ
1495 1026 1645 1082 ὅλον.
1682 1027 1742 1081 Εἰ
1792 1025 1848 1081 δὲ
1893 1032 1971 1098 τῷ
2001 1049 2094 1081 κο-

444 1137 568 1188 σμῳ
597 1119 785 1169 τοῦτον
821 1110 1112 1169 ἐπιϐαίνειν
1144 1115 1233 1170 xui
1287 1115 1336 1170 ἐν
1388 1114 1503 1187 ὅλῳ
1553 1115 1712 1169 αὑτὸν
1745 1115 2094 1190 γνωρίζεσθαι

445 1203 657 1280 πρέπει,
718 1203 914 1280 πρὲποι
966 1202 1024 1258 ἂν
1081 1203 1170 1258 xui
1215 1204 1264 1258 ἐν
1301 1204 1623 1280 ἀνθρωπίνῳ
1674 1205 1883 1275 σώματι
1935 1204 2092 1258 αὑτὸν

445 1293 832 1370 ἐπιφαίνεσθαι,
890 1294 977 1346 καὶ
1039 1293 1142 1348 ὑπὸ
1203 1294 1366 1347 αὑτοῦ
1422 1298 1583 1347 τοῦτο
1638 1292 1960 1368 φωτίζεσθαι
2005 1294 2092 1347 xui

444 1382 697 1459 ἐνεργεῖν.
733 1380 906 1457 Μέρος
939 1382 1042 1458 γάρ
1093 1387 1190 1436 τοῦ
1235 1382 1434 1443 παντὸς
1493 1382 1580 1436 καὶ
1628 1383 1691 1436 τὸ
1729 1386 1834 1435 τῶν
1885 1382 2092 1456 ἀνθρώ-

444 1492 560 1524 πων
628 1470 736 1525 ἐστὶ
801 1469 992 1544 γενος.
1054 1471 1153 1524 Καὶ
1213 1471 1258 1525 εἰ
1314 1471 1375 1524 τὸ
1437 1469 1600 1542 μέοος
1659 1469 1891 1545 ἀπρεπὲς
1955 1470 2090 1524 ἐστιν

444 1557 672 1635 ὅργανον
715 1559 878 1612 αὑτοῦ
909 1559 1143 1634 γίνεσθαι
1189 1559 1327 1634 πρὸς
1374 1560 1473 1628 τήν
1517 1567 1617 1628 τῆς
1650 1559 1908 1628 θεότητος
1955 1564 2092 1633 γνῶ-

445 1669 549 1718 σιν,
584 1649 928 1702 ἀτοπώτατον
964 1647 1022 1701 ἂν
1049 1646 1132 1718 εἷή
1165 1647 1253 1702 καὶ
1296 1645 1366 1702 δι’
1396 1647 1530 1703 ὅλου
1569 1653 1664 1702 τοῦ
1712 1647 1920 1720 κόσμου
1951 1669 2093 1722 γνω-

446 1735 679 1812 ρίζεσθαι
712 1740 902 1790 τοῦτον
938 1738 1068 1810 (37).

2210 673 2418 743 subjici
2449 674 2737 729 videmus.
2758 674 2817 730 Si
2840 674 3019 746 igitur
3040 674 3100 728 in
3132 672 3482 744 mundo,qui
3513 687 3722 743 corpus
3745 675 3879 738 est,

2211 760 2306 813 Dei
2339 759 2593 815 Verbum
2645 765 2754 828 est,
2786 761 2835 815 si
2884 761 2944 816 in
2976 761 3252 816 omnibus
3298 764 3355 815 et
3401 759 3649 831 singulis
3680 759 3857 814 rebus

2205 848 2432 903 exsistit
2458 867 2471 916 ;
2499 850 2637 920 quid
2669 849 3011 905 incredibile
3041 850 3128 905 vel
3170 850 3310 920 quid
3341 849 3666 905 absurdum
3697 848 3855 903 vide-

2208 941 2323 1001 tur,
2362 937 2408 991 si
2442 937 2639 1007 ipsum
2690 955 2923 1009 quoque
2953 938 3012 992 in
3064 938 3300 993 homine
3330 954 3458 993 esse
3487 936 3856 992 asserimus?

2206 1025 2352 1079 Nam
2402 1025 2448 1080 si
2509 1027 2762 1080 Verbum
2810 1027 2870 1081 in
2919 1043 3157 1098 corpore
3207 1026 3485 1082 exsistere
3531 1025 3854 1096 generatim

2206 1114 2531 1168 absurdum
2563 1119 2670 1179 est,
2704 1115 3026 1170 absurdum
3080 1132 3312 1185 quoque
3344 1114 3517 1170 fuerit
3562 1115 3759 1186 ipsum
3791 1114 3851 1168 in

2206 1203 2477 1257 universo
2509 1204 2728 1258 mundo
2758 1204 3035 1259 exsistere
3066 1204 3377 1275 omniaque
3409 1220 3515 1258 sua
3542 1203 3851 1274 providen-

2205 1291 2288 1346 tia
2307 1291 2603 1347 illustrare
2627 1298 2682 1346 et
2704 1309 2932 1347 movere
2957 1311 2969 1360 ;
3004 1293 3293 1364 siquidem
3311 1309 3521 1364 corpus
3544 1297 3632 1348 est
3655 1307 3854 1347 rerum

2206 1381 2578 1436 universitas.
2613 1381 2714 1435 Sin
2747 1385 2940 1436 autem
2961 1381 3218 1437 Verbum
3241 1382 3300 1435 in
3332 1381 3551 1436 mundo
3576 1381 3854 1438 exsistere

2204 1473 2260 1524 et
2291 1469 2348 1523 in
2381 1469 2648 1525 universo
2696 1474 2901 1524 notum
2951 1469 3075 1524 ﬁeri
3112 1469 3364 1523 maxime
3409 1468 3695 1539 convenit,
3747 1485 3854 1525 nec

2206 1557 2382 1612 etiam
2413 1558 2828 1613 inconveniens
2860 1557 2972 1612 erit
3001 1557 3196 1628 ipsum
3230 1557 3290 1610 in
3329 1556 3588 1613 humano
3615 1573 3856 1629 corpore

2207 1663 2504 1718 apparere,
2537 1646 2801 1717 illudque
2832 1647 2904 1701 ab
2935 1663 3001 1700 eo
3056 1644 3380 1701 illuminari
3409 1649 3466 1700 et
3494 1645 3608 1701 vim
3644 1646 3855 1718 agendi

2209 1736 2419 1790 habere
2453 1752 2465 1788 :
2502 1752 2639 1807 pars
2670 1735 2827 1790 enim
2870 1734 3124 1790 universi
3174 1737 3263 1790 est
3292 1733 3600 1789 hominum
3647 1750 3854 1803 genus.

443 1825 607 1882 Unde
634 1826 683 1881 si
715 1830 964 1898 partem,
997 1827 1124 1897 ejus
1162 1826 1625 1881 instrumentum
1668 1827 1738 1882 ad
1788 1825 2109 1881 divinitatis
2147 1825 2595 1897 patefactionem
2647 1823 2769 1878 ﬁeri
2816 1823 3074 1890 dedecet,
3115 1827 3269 1878 certe
3318 1823 3745 1894 perabsurdum
3778 1823 3854 1880 si-

442 1914 660 1969 militer
691 1914 866 1970 fuerit
898 1916 1093 1986 ipsum
1126 1931 1228 1985 per
1270 1913 1607 1970 universum
1639 1916 1929 1970 mundum
1960 1913 2252 1987 cognosci.

509 2003 598 2057 42.
651 2003 850 2078 ’Ὠσπερ
889 2001 1028 2078 γάρ,
1082 1999 1216 2055 ὅλου
1265 2005 1362 2056 τοῦ
1411 2001 1664 2074 σώματος
1707 2002 1810 2056 ὑπὸ
1857 2006 1954 2056 τοῦ
2004 2003 2090 2056 ἀν-
2119 2006 2167 2070 B

439 2089 661 2166 θρώπου
714 2088 1103 2164 ἐνεργουμὲνου
1151 2089 1240 2144 καὶ
1299 2089 1678 2167 φωτιζομένου
1764 2089 1817 2144 εἷ’
1863 2111 1945 2152 τις
2002 2089 2091 2145 λέ-

433 2197 520 2252 γοι
555 2174 753 2232 ἄτοπον
789 2177 920 2232 εἶναι
974 2177 1063 2232 καὶ
1097 2176 1149 2232 ἐν
1198 2182 1278 2249 τῷ
1331 2175 1583 2250 δακτύλῳ
1634 2183 1731 2232 τοῦ
1783 2175 1956 2233 ποδὸσ
1992 2179 2090 2247 τὴν

438 2263 663 2338 δύναμιν
717 2265 849 2319 εἶναι
900 2270 997 2319 τοῦ
1047 2266 1357 2341 ἀνθρώπου,
1405 2267 1638 2336 ἀνόητος
1682 2266 1741 2321 ἂν
1783 2266 2090 2340 νομισθείη,

439 2351 545 2424 ὅτι,
578 2351 760 2415 διδοὺς
792 2352 843 2408 ἐν
873 2358 952 2425 τῷ
999 2353 1114 2426 ὅλῳ
1162 2354 1320 2408 αὑτὸν
1365 2354 1681 2410 διϊκνεῖσθαι
1713 2355 1801 2409 καὶ
1835 2355 2091 2431 ἐνεργεῖν,

441 2439 642 2495 κωλύει
674 2439 762 2495 xui
809 2441 858 2496 ἐν
906 2446 984 2513 τῷ
1037 2439 1184 2518 μὲρει
1228 2443 1386 2497 αὑτὸν
1439 2443 1593 2497 εἶναι·
1642 2443 1817 2506 οὕτως
1850 2445 1876 2498 ὁ
1909 2441 2093 2505 διδοὺς

440 2528 528 2582 καὶ
559 2529 848 2601 πιστεύων,
900 2530 990 2584 τὸν
1037 2536 1133 2585 τοῦ
1183 2536 1316 2586 Θεοῦ
1366 2531 1537 2607 Λόγον
1571 2535 1682 2607 (38)
1728 2532 1778 2587 ἐν
1810 2538 1888 2606 τῷ
1935 2533 2092 2587 παντὶ

440 2616 614 2689 εἶναι,
663 2619 751 2673 καὶ
797 2619 860 2673 τὸ
915 2625 1018 2673 πᾶν
1074 2619 1164 2674 ὑπ’
1212 2621 1375 2674 αὑτοῦ
1414 2622 1734 2698 φωτίζεσθαι
1788 2623 1875 2677 xui
1926 2628 2091 2677 κινεῖ-

438 2707 580 2777 σθαι,
615 2706 714 2761 οὑκ
744 2708 942 2762 ἄτοπον
995 2707 1052 2762 ἂν
1109 2710 1403 2784 ἡγήσηται,
1437 2711 1524 2764 καὶ
1576 2717 1736 2784 σῶμα
1774 2711 1828 2765 ἓν
1863 2715 1976 2785 (39)
2008 2713 2093 2765 ἀν-

1966 2800 2059 2820 ’ΝΚ

438 2796 712 2870 θρὼπινον
757 2797 847 2851 ὑπ’
885 2798 1050 2852 αὑτοῦ
1089 2800 1350 2853 κινεῖσθαι
1404 2800 1490 2853 xui
1524 2800 1866 2874 φωτίζεσθαι.
1921 2802 1981 2855 Ei
2014 2800 2090 2872 δὲ,

438 2882 521 2938 ὅτι
550 2884 776 2959 γὲνητόν
826 2885 956 2956 ἐστι,
1007 2886 1095 2940 καὶ
1132 2887 1181 2957 ἐξ
1235 2888 1335 2942 οὑκ
1364 2883 1533 2943 ὄντων
1565 2888 1751 2965 γέγονε
1779 2891 1841 2944 τὸ
1888 2890 2095 2966 ἀνθρώ-

437 2993 590 3028 πινον
622 2972 796 3050 γένος,
832 2972 921 3029 8ιά
966 2980 1126 3030 τοῦτο
1172 2977 1271 3030 οὑκ
1301 2978 1543 3053 εὑπρεπῆ
1587 2978 1898 3050 νομίζουσιν
1944 2982 2092 3052 ἡμᾶς

438 3059 610 3136 λέγειν
637 3064 734 3132 τὴν
770 3063 821 3118 ἐν
855 3064 1126 3140 ἀνθρώπῳ
1155 3069 1252 3118 τοῦ
1298 3071 1561 3141 Σωτῆρος
1613 3066 1944 3146 ἐπιφάνειαν.
1980 3068 2095 3144 ὥρα

437 3149 526 3204 καὶ
556 3157 658 3219 τῆς
690 3150 914 3213 κτίσεως
959 3151 1154 3213 αὑτοὺς
1187 3153 1346 3207 αὑτὸν
1400 3149 1709 3209 ἐκϐάλλειν·
1743 3156 1831 3210 καὶ
1872 3157 1974 3232 γὰρ
2004 3157 2092 3211 καὶ

441 3237 577 3308 αὕτη
608 3238 668 3293 ἐκ
695 3243 793 3293 τοῦ
829 3241 903 3312 μή
950 3236 1104 3302 ὄντος
1139 3241 1216 3302 εἷς
1238 3241 1302 3295 τὸ
1335 3241 1468 3296 εἶναι
1512 3241 1601 3296 διὰ
1637 3249 1734 3298 τοῦ
1778 3244 1958 3319 Λόγου
2003 3245 2091 3320 γὲ-

437 3346 612 3401 γονεν.
645 3327 709 3380 Ei
741 3324 817 3399 δὲ,
877 3327 964 3382 xui
1026 3336 1259 3404 γενητῆς
1321 3326 1486 3400 οὔσης
1539 3339 1646 3401 τῆς
1697 3333 1943 3395 κτίσεως.
1997 3335 2168 3432 οὑκα

444 3411 470 3432 ν
679 3414 692 3432 9
803 3415 816 3432 ο
865 3419 892 3430 ~
966 3416 980 3432 \
1072 3424 1081 3432 Α
1117 3416 1128 3432 1
1305 3418 1329 3432 ν
1523 3421 1535 3432 ι
1617 3419 1640 3432 \I
1784 3419 1854 3432 and
1902 3421 1914 3432 ἡ
2011 3423 2023 3432 ι

439 3411 640 3468 ἄτοπον
674 3414 726 3470 ἐν
760 3415 896 3490 αὑτῇ
926 3416 1017 3471 τὸν
1055 3416 1227 3493 Λόγον
1279 3418 1432 3489 εἶναι,
1483 3421 1582 3475 οὑκ
1612 3419 1713 3497 ἄρα
1743 3419 1868 3476 οὑδὲ
1898 3421 1948 3476 ἐν
2001 3423 2091 3477 ἀν-

441 3503 645 3578 θρώπῳ
700 3504 857 3559 αὑτὸν
915 3505 1048 3559 εἶναι
1100 3502 1322 3563 ἄτοπον.
1358 3509 1548 3562 Ὀποῖα
1597 3511 1699 3584 γὰρ
1746 3511 1803 3565 ἂν
1845 3511 2095 3586 περὶτοῦ

437 3593 573 3649 ὅλου
629 3595 901 3666 νοήσειαν,
959 3601 1182 3650 τοιαῦτα
1239 3597 1440 3673 ἀνάγκη
1503 3599 1590 3653 xui
1651 3603 1765 3674 (40)
1819 3601 1939 3676 περῖ
1997 3608 2094 3656 τοῦ

441 3681 640 3758 μέρους
670 3682 866 3746 αὑτοὺς
899 3684 1263 3756 ἐνθυμεῖσθαι·
1317 3685 1480 3762 μέρος
1524 3688 1645 3764 γὰρ,
1690 3689 1764 3751 ὠς
1809 3696 2092 3764 προεῖπον,

434 3777 532 3826 τοῦ
571 3770 706 3828 ὅλου
755 3773 844 3826 xui
896 3773 923 3826 ὁ
958 3774 1242 3850 ἄνθρωπός
1304 3775 1464 3830 ἐστιν.
1529 3778 1732 3831 Οὑκοῦν
1791 3775 1937 3840 ὅλως
1998 3779 2096 3833 οὑκ

438 3860 674 3936 ἀπρεπὲς
704 3861 766 3915 τὸ
798 3861 848 3915 ἐν
895 3863 1166 3938 ἀνθρώπῳ
1217 3863 1350 3917 εἶναι
1394 3865 1486 3919 τὸν
1540 3865 1736 3941 Λόγον,
1785 3867 1873 3921 xui
1925 3866 2096 3922 πάντα

439 3950 528 4004 ὑπ’
571 3949 736 4005 αὐτοῦ
791 3949 882 4005 xui
945 3949 995 4004 ἐν
1056 3952 1204 4023 αὑτῷ
1261 3953 1604 4029 φωτίζεσθαι,
1664 3955 1752 4009 καὶ
1811 3956 2091 4027 κινεῖσθαι,

437 4039 524 4093 xui
565 4043 682 4113 ζῇν,
731 4040 914 4103 καθὼς
961 4040 1051 4094 xui
1104 4041 1154 4094 oi
1204 4042 1330 4117 παρ’
1379 4042 1564 4104 αὑτοῖς
1616 4050 1941 4123 συγγραφεῖς
1992 4067 2090 4122 φα-

438 4150 542 4198 σιν,
575 4127 678 4186 δτι·
714 4129 797 4183 Ἐν
843 4130 990 4200 αὗτῷ
1039 4134 1239 4202 ζῶμεν,
1284 4132 1370 4185 xui
1425 4133 1739 4206 κινούμεθα,
1788 4136 1875 4188 καὶ
1910 4134 2087 4206 ἐσμεν.

435 4217 494 4271 Τί
527 4216 720 4272 λοιπὸν
754 4215 964 4292 χλεύης
996 4215 1140 4288 ἄξιον
1171 4219 1479 4293 λεγομενβῖ
1514 4221 1564 4275 ἐν
1591 4223 1636 4294 ᾧ
1659 4221 1797 4276 ἐστιν
1833 4223 1860 4276 ὁ
1893 4223 2088 4298 Λόγος,

434 4305 612 4378 τούτῳ
642 4305 779 4381 πρὸς
811 4305 1106 4383 φανὲρωσιν
1138 4307 1214 4368 ὡς
1250 4306 1462 4384 ὀργάνῳ
1491 4308 1757 4385 κέχρηται
1804 4313 1831 4364 ὁ
1865 4311 2040 4386 Λόγος
2077 4332 2088 4381 ;

435 4395 500 4450 Ei’
534 4397 628 4467 μὲν
663 4394 766 4470 γὰρ
799 4394 899 4448 οὑκ
943 4397 1008 4463 ἦν
1057 4394 1109 4449 ἐν
1157 4396 1322 4468 αὐτῷ,
1370 4395 1496 4452 οὐδὲ
1527 4401 1830 4474 χρήσασθαι
1864 4399 1922 4454 ἂν
1956 4399 2087 4470 ἠδυ-

433 4485 573 4554 νήθη
607 4483 805 4555 τούτῳ·
841 4483 885 4537 εἷ
919 4480 976 4537 δὲ
1019 4482 1552 4560 προαποδεδώκαμεν
1597 4486 1647 4540 ἐν
1687 4493 1767 4559 τῷ
1810 4489 1968 4542 παντὶ
2001 4489 2087 4544 xui

435 4573 486 4630 ἐν
517 4578 636 4634 τοῖς
669 4572 804 4627 κατά
850 4571 1012 4648 μέρος
1064 4575 1199 4626 εἶναι
1237 4578 1450 4643 τοῦτον,
1490 4574 1541 4628 τί
1581 4573 1802 4630 ἄπιστον
1847 4577 1893 4631 εἷ’
1922 4578 1972 4632 ἐν
2006 4581 2089 4641 οἷς

436 4662 598 4732 ἐστὶν,
641 4660 692 4715 ἐν
746 4660 962 4723 τούτοις
1015 4661 1201 4715 ἑαυτὸν
1248 4662 1335 4716 xui
1389 4663 1651 4741 ἐπιφαίνει
1691 4669 1936 4742 ;“Ωτπερ
1987 4669 2088 4744 γὰρ

433 4757 552 4812 ταῖς
586 4752 776 4805 ἑαυτοῦ
808 4747 1093 4822 δυνάμεσιν
1129 4749 1260 4812 ὅλος
1292 4754 1404 4824 (41)
1457 4752 1506 4806 ἐν
1565 4753 1768 4826 ἑκάστῳ
1798 4756 1884 4809 xui
1929 4763 2085 4810 πᾶσιν

436 4835 748 4910 ὲπιϐαίνων,
804 4838 891 4893 xui
952 4838 1123 4894 πάντα
1177 4838 1488 4914 διακοσμῶν
1552 4844 1818 4918 ἀφθόνως,
1881 4846 1924 4899 εἰ
1972 4849 2084 4919 (42)

432 4925 616 5000 ἤθελε,
669 4926 758 4982 διὰ
812 4927 996 4999 ἡλίου,
1130 4927 1389 5002 σελήνης,
1422 4928 1458 5000 ἤ
1502 4932 1752 5008 οὐρανοῦ,
1891 4941 2014 5010 γῆς,

437 5015 667 5090 ὑδάτων,
710 5015 746 5085 ἤ
792 5017 1003 5092 πυρὸς,
1057 5017 1158 5072 οὑκ
1203 5014 1262 5072 ἄν
1314 5040 1399 5082 τις
1447 5020 1665 5083 ἀτόπως
1715 5023 1874 5076 αὑτὸν
1927 5028 2083 5100 φωνῇ

502 5109 525 5142 ⁴
550 5111 678 5166 Act.
707 5124 845 5175 xvn,
876 5109 966 5163 28.

506 5197 618 5270 (37)
651 5197 746 5253 Sic
774 5195 1190 5270 Seguerjanus,
1222 5197 1605 5270 Goblerianus
1627 5203 1683 5256 et
1710 5200 2088 5256 Felckmanni

436 5269 462 5323 1
497 5267 952 5342 annnymus‘fAt
980 5267 1318 5342 Basiliensis
1349 5275 1405 5326 et
1434 5271 1810 5342 Anglicanus,
1855 5291 2085 5342 ποιητον

440 5340 719 5408 τοιοῦτῆν.
745 5340 860 5394 Alii
891 5355 1026 5394 vero
1057 5344 1113 5394 et
1142 5340 1303 5406 editi,
1346 5340 1583 5411 ποιητῆν
1617 5340 1870 5399 tantum.

505 5413 619 5489 (ἓξ)
649 5411 1057 5489 Seguerianus,
1091 5415 1224 5489 630:)
1245 5411 1379 5489 ρερν
1415 5412 1610 5489 Λόγον,

507 5483 597 5553 (39
649 5483 743 5539 Sic
769 5499 974 5539 omnes
1004 5499 1148 5537 mss.
1182 5484 1333 5538 Editi
1365 5483 1520 5556 vero,
1556 5483 1672 5555 μὲν.

507 5485 620 5628 (40)
639 5554 1054 5628 iSeguenarius
1078 5554 1173 5628 hic
1204 5556 1367 5610 addit
1393 5554 1503 5613 καί.
1530 5557 1638 5612 Alii

506 5554 620 5624 (40)
652 5554 1047 5624 Seguenarius
1078 5554 1173 5608 hic
1204 5556 1367 5610 addit
1393 5554 1638 5613 καίζΑΙίἱ
1673 5559 1727 5612 et
1756 5558 1891 5612 editi
1925 5557 2090 5612 omit-

437 5625 808 5700 tuntJPgulo
841 5631 993 5698 post,
1025 5625 1258 5700 Gobler.
1291 5632 1348 5700 et
1403 5628 1656 5700 E‘elckm.
1692 5629 1714 5681 1
1751 5645 1924 5684 anon.
1959 5632 2091 5700 post

437 5711 637 5772 vocem
668 5696 978 5772 ἄνθρωπος,
1010 5698 1292 5772 omittunt
1326 5696 1489 5756 ἐστίν,

510 5769 621 5842 (41)
651 5766 1064 5842 Seguerianus,
1097 5766 1266 5832 ὅλως.

2270 2002 2356 2056 42.
2393 2001 2465 2056 Ut
2495 2001 2650 2056 enim
2673 1999 3053 2055 insulsusille
3086 2016 3202 2055 non
3223 1999 3515 2055 immerito
3538 1999 3858 2056 haberetur

2204 2091 2324 2162 qui,
2350 2107 2485 2145 cum
2519 2094 2701 2144 totum
2721 2106 2933 2160 corpus
2965 2089 3037 2144 ab
3055 2088 3295 2144 homine
3324 2092 3627 2144 moveatur
3646 2093 3703 2145 et
3723 2088 3856 2144 illu-

2205 2180 2460 2234 minetur
2481 2180 2603 2244 61,
2635 2178 2960 2233 absurdum
2992 2193 3122 2232 esse
3143 2177 3362 2233 diceret
3392 2177 3453 2232 in
3485 2177 3651 2248 pedis
3675 2176 3856 2249 digito

2202 2269 2477 2323 virtutem
2499 2267 2756 2322 hominis
2780 2266 3230 2337 exsistere,quia
3249 2265 3472 2321 scilicet
3493 2282 3634 2344 cum.
3649 2281 3857 2321 conce-

2203 2357 2289 2412 dit
2319 2358 2514 2428 ipsum
2548 2357 2607 2410 in
2639 2360 2760 2410 toto
2791 2372 3030 2426 corpore
3053 2371 3181 2410 esse
3201 2359 3258 2410 et
3277 2371 3467 2426 agere,
3492 2371 3628 2409 eum
3659 2357 3856 2410 tamen

2205 2446 2265 2500 in
2293 2451 2456 2517 parte
2480 2462 2606 2500 esse
2636 2462 2751 2500 non
2773 2443 2898 2498 vult
2923 2461 2937 2500 :
2970 2444 3052 2498 ita
3081 2443 3181 2514 qui
3213 2445 3427 2498 fatetur
3457 2447 3515 2498 et
3544 2443 3729 2499 credit
3755 2443 3856 2498 Dei

2206 2535 2460 2591 Verbum
2492 2534 2552 2588 in
2581 2533 2850 2588 universo
2873 2549 3023 2600 esse,
3049 2537 3360 2603 totumque
3382 2531 3673 2586 mundum
3695 2531 3768 2587 ab
3790 2548 3858 2587 eo

2203 2623 2524 2678 illuminari
2574 2629 2631 2677 ct
2680 2622 2916 2691 moveri,
2951 2621 3088 2676 huic
3135 2638 3276 2676 sane
3326 2621 3647 2675 absurdum
3676 2620 3859 2676 videri

2206 2729 2319 2767 non
2352 2712 2544 2778 debet,
2578 2711 2626 2766 si
2683 2727 2868 2765 unum
2918 2727 3129 2781 corpus
3181 2710 3508 2763 humanum
3539 2709 3612 2764 ab
3654 2709 3858 2765 eodem

2207 2807 2510 2857 moveatur
2538 2804 2596 2856 et
2615 2800 3002 2855 illuminetur.
3030 2799 3194 2865 Quod
3221 2799 3270 2854 si
3297 2798 3437 2869 quia
3464 2797 3688 2854 factum
3715 2802 3772 2854 et
3791 2815 3860 2854 ex

2206 2891 2387 2945 nihilo
2439 2898 2697 2944 creatum
2730 2889 2840 2943 fuit
2887 2888 3215 2944 humanum
3247 2904 3450 2959 genus,
3505 2887 3722 2942 idcirco
3752 2905 3860 2944 nos

2204 2981 2276 3035 ab
2305 2995 2371 3033 eo
2403 2979 2556 3051 quod
2588 2979 2867 3033 decorum
2898 2982 2986 3032 est
3030 2978 3299 3032 recedere
3329 2976 3688 3047 existimant,
3723 2993 3859 3032 cum

2204 3067 2565 3123 Salvatorem
2587 3068 2646 3120 in
2669 3066 2931 3120 humano
2957 3082 3196 3136 corpore
3219 3064 3563 3136 apparuisse
3585 3066 3857 3121 dicimus:

2203 3173 2338 3211 eum
2371 3172 2604 3226 quoque
2638 3155 2760 3226 pari
2795 3154 3017 3209 ratione
3049 3170 3118 3208 ex
3147 3154 3368 3209 mundo
3413 3153 3719 3209 excludere
3751 3155 3854 3209 de-

2203 3246 2363 3311 bent,
2393 3245 2609 3316 quippe
2639 3243 2759 3314 qui,
2811 3247 2876 3296 ut
2910 3246 3084 3313 esset,
3117 3259 3184 3297 ex
3233 3241 3416 3297 nihilo
3448 3259 3552 3314 per
3600 3242 3858 3298 Verbum

2208 3335 2396 3390 factus
2431 3334 2524 3389 sit.
2556 3333 2666 3388 Sed
2692 3333 2739 3387 si
2773 3332 3042 3402 quamvis
3066 3333 3324 3386 mundus
3357 3332 3546 3387 factus
3577 3335 3684 3399 est,
3716 3331 3859 3388 Ver-

2207 3424 2348 3478 bum
2375 3423 2436 3476 in
2468 3439 2534 3476 eo
2565 3437 2694 3476 esse
2726 3437 2841 3475 non
2865 3425 2954 3475 est
2978 3420 3300 3474 absurdum
3335 3437 3348 3474 :
3383 3437 3488 3475 nec
3517 3416 3653 3492 ergo
3680 3420 3857 3476 etiam

2205 3513 2529 3567 absurdum
2554 3513 2640 3564 est
2657 3509 2852 3580 ipsum
2871 3508 2931 3563 in
2964 3508 3201 3563 homine
3218 3505 3674 3580 esse.Quidquid
3699 3508 3857 3564 enim

2205 3601 2275 3655 de
2307 3605 2423 3654 toto
2474 3599 2694 3652 mundo
2744 3598 3147 3668 cogitaverint,
3181 3613 3416 3652 necesse
3465 3601 3553 3652 est
3600 3597 3753 3653 idem
3785 3599 3858 3653 de

2205 3695 2369 3761 parte
2419 3687 2744 3757 intelligere
2778 3704 2791 3742 :
2827 3687 3118 3757 siquidem
3171 3686 3369 3756 homo,
3401 3690 3467 3740 ut
3514 3689 3684 3742 antea
3715 3686 3854 3754 dixi,

2205 3795 2339 3851 pars
2367 3783 2455 3833 est
2482 3777 2662 3831 totius
2691 3776 2915 3830 mundi.
2943 3774 3113 3830 Nullo
3142 3774 3322 3846 igitur
3353 3775 3524 3831 modo
3552 3776 3857 3832 dedeceret

2210 3867 2456 3922 Verbum
2490 3866 2547 3920 in
2582 3865 2820 3920 nomine
2843 3881 2991 3930 esse,
3015 3868 3342 3935 cunctaque
3367 3863 3436 3919 ab
3459 3863 3558 3920 illo
3587 3872 3640 3919 et
3670 3863 3731 3920 in
3753 3863 3854 3920 illo

2203 3954 2550 4022 illuminari,
2605 3955 2821 4009 moveri
2871 3958 2924 4009 et
2973 3953 3180 4024 vivere,
3214 3953 3365 4010 sicut
3410 3952 3674 4025 ipsorum
3717 3971 3856 4026 quo-

2204 4062 2314 4117 que
2345 4045 2662 4115 scriptorcs
2697 4047 2986 4098 testantur
3019 4060 3031 4097 :
3065 4044 3124 4097 In
3157 4044 3272 4113 ipso
3299 4042 3553 4110 vivimus,
3589 4049 3644 4098 et
3669 4059 3854 4099 move-

2201 4151 2347 4200 mur,
2381 4141 2432 4188 ct
2456 4149 2648 4187 sumus
2678 4133 2717 4187 ⁴.
2753 4132 2914 4195 Quod
2937 4131 3134 4203 itaque
3158 4133 3280 4186 risu
3312 4131 3555 4202 dignum
3578 4131 3852 4196 dicimus,

2203 4223 2251 4278 si
2285 4223 2534 4278 Verbum
2586 4237 2844 4292 corpore,
2880 4220 2940 4274 in
2995 4237 3109 4290 quo
3157 4225 3268 4288 est,
3300 4224 3583 4291 tanquam
3633 4220 3853 4277 instru-

2203 4317 2398 4367 mento
2426 4310 2495 4364 ad
2522 4309 2610 4363 sui
2639 4307 3086 4380 patefactionem
3111 4325 3286 4362 usum
3306 4308 3522 4364 fuerit?
3543 4308 3667 4364 Nisi
3695 4309 3851 4365 enim

2200 4401 2256 4455 in
2290 4401 2390 4454 illo
2422 4399 2650 4464 fuisset,
2686 4413 2752 4451 eo
2802 4397 3002 4467 utique
3052 4398 3135 4451 uti
3170 4414 3284 4452 non
3334 4396 3640 4467 potuisset.
3674 4402 3854 4453 Porro

2201 4491 2248 4544 si
2282 4506 2460 4560 supra
2491 4503 2832 4542 concessum
2865 4490 2954 4540 est
2984 4485 3239 4540 Verbum
3273 4486 3330 4539 in
3363 4486 3634 4541 universo
3655 4491 3714 4542 et
3735 4487 3853 4543 sin-

2198 4579 2354 4650 gulis
2385 4579 2512 4646 ejus
2543 4575 2808 4647 partibus
2859 4591 3006 4640 csse,
3041 4573 3182 4645 quid
3233 4573 3572 4629 incredibile
3599 4574 3849 4648 videtur,

2200 4668 2249 4725 si
2279 4668 2337 4722 in
2371 4666 2584 4737 quibus
2616 4650 2864 4732 exsistit,
2898 4663 2955 4716 in
2995 4662 3086 4717 his
3118 4679 3180 4718 se
3209 4663 3522 4718 videndum
3546 4665 3851 4735 praebeat?

2122 4738 2167 4801 Ῑ)
2197 4756 2704 4822 Qucmadnuuium
2736 4752 2891 4807 enim
2925 4751 3022 4806 ille
3056 4751 3209 4806 idem
3245 4751 3346 4822 qui
3379 4752 3615 4824 propria
3635 4753 3850 4810 virtute

2201 4847 2258 4900 in
2291 4843 2541 4915 singulis
2572 4850 2628 4897 et
2651 4842 2925 4896 omnibus
2959 4841 3132 4896 rebus
3163 4845 3270 4906 est,
3297 4845 3625 4913 cunctaque
3651 4843 3846 4914 splen-
3918 4839 3932 4850 ’

2198 4936 2330 4991 dido
2352 4931 2746 4998 administrat,
2774 4929 2821 4984 si
2862 4929 3002 4984 solis
3034 4934 3136 4984 aut
3166 4929 3339 4996 lunzs,
3377 4928 3505 4983 cmli
3537 4929 3626 4984 vel
3655 4934 3843 5002 terrae,

2197 5040 2483 5097 aquarum
2517 5026 2618 5076 aut
2648 5021 2802 5093 ignis
2833 5019 3158 5075 ministerio
3189 5017 3275 5073 uti
3321 5017 3512 5086 vellet,
3543 5019 3616 5074 ad
3647 5036 3847 5076 vocem

2268 5202 2381 5272 (42)
2415 5201 2651 5272 Seguer.
2672 5196 2716 5250 εἰ
2750 5196 2982 5252 omittit.
3017 5195 3124 5272 ῌίο
3141 5199 3335 5272 autem
3349 5197 3503 5272 ordo
3533 5195 3846 5272 verborum

2195 5267 2426 5329 videtur
2456 5267 2627 5342 paulo
2659 5285 2786 5324 esse
2835 5268 3229 5342 perturbatus,
3259 5267 3512 5342 talisque
3561 5267 3841 5342 constitui

2199 5346 2430 5408 debere,
2456 5335 2548 5396 uti
2578 5346 2779 5396 nostra
2821 5335 3082 5410 versione
3125 5335 3567 5410 expressimus:
3603 5335 3846 5410 simsim

2200 5413 2288 5469 διὰ
2317 5406 2500 5482 ἡλίου,
2535 5418 2644 5468 etc.
2687 5409 2853 5484 Φωνῇ
2901 5406 3215 5484 χρςιίσᾳσθαῖ
3240 5408 3329 5484 κᾳὶ
3361 5406 3844 5484 ,γνωρίσριι,ἒα9τόν

2198 5488 2286 5540 καὶ
2318 5472 2408 5539 τὸν
2443 5472 2630 5538 εαυτοῦ
2673 5472 3031 5552 [lucina-odit
3053 5479 3126 5552 civ,
3150 5500 3234 5552 τις
3278 5472 3494 5552 ἀτόπως
3525 5474 3682 5552 αὐτὸν
3715 5474 3849 5552 ἕφητ

2201 5573 2256 5611 σε
2289 5553 2660 5622 πεποεηκὲναι,
2704 5547 2859 5622 ἅπαξ,
2891 5555 2998 5604 etc.
3042 5550 3193 5622 Ibid.
3249 5551 3478 5607 Gobler.
3527 5547 3784 5622 Felckm'.
3820 5549 3845 5602 1

2201 5647 2372 5684 anon.
2407 5616 2772 5696 et'Seglierg
2806 5616 2967 5674 αὐτοῦ
3015 5637 3120 5691 pro
3171 5621 3383 5694 ἑαυτοῦ,
3417 5628 3473 5679 et
3517 5616 3688 5672 πάντα
3740 5635 3852 5688 pro

2203 5700 2425 5753 ἅπαντα.
