4178 6446
309 411 423 475 171

848 412 917 475 8.
961 411 1392 475 ATHANASII
1435 410 1610 475 OPP.
1652 410 1855 474 PARS
1897 410 1950 473 Ι.
1979 443 2059 456 -
2086 408 2508 474 HISTORIGA
2549 409 2651 472 ET
2693 407 3179 474 DOGMATICA.

3603 411 3723 475 172

308 542 597 601 edendam
628 559 696 600 ac
728 559 791 599 se
817 545 877 599 et
902 559 1079 599 suum
1104 544 1333 599 Patrem
1365 547 1570 601 notum
1599 542 1953 612 faciendum,

2077 541 2373 616 χρήσασθαι
2412 538 2503 595 καὶ
2551 538 2813 616 γνωρίσαι
2859 539 3043 595 ἑαυτὸν
3091 538 3184 595 καὶ
3230 539 3325 596 τὸν
3369 540 3562 597 ἑαυτοῦ
3609 547 3722 599 Πα-

310 648 484 689 nemo
508 648 645 689 eum
676 632 928 689 absurde
957 636 1014 688 et
1040 632 1235 705 inepte
1265 633 1455 705 egisse
1484 633 1676 689 dicere
1696 632 1956 702 auderet,

311 721 530 795 quippe
558 737 695 777 cum
724 721 995 777 universa
1015 722 1141 792 jam
1173 722 1299 793 ipse
1327 726 1503 777 antea
1532 720 1874 787 contineret,
1905 723 1963 775 et

310 826 447 866 cum
477 809 752 865 omnibus
782 826 849 866 ac
878 797 938 865 in
968 809 1220 881 ipsailla
1248 814 1411 882 parte
1440 809 1963 879 exsisteret,seque

311 898 536 955 occulte
565 898 894 954 ostenderet
924 915 938 953 :
973 898 1058 954 ita
1089 897 1217 954 sine
1235 897 1412 953 dubio
1436 896 1759 953 absurdum
1780 894 1963 950 videri

310 1003 427 1043 non
450 987 642 1055 debet,
666 986 716 1041 si
747 985 846 1042 ille
868 1003 967 1059 qul
998 1002 1093 1042 res
1116 985 1421 1041 universas
1446 984 1735 1055 gubernat
1763 987 1819 1038 et
1846 982 1965 1038 vita

311 1074 510 1143 donat,
538 1091 641 1147 per
669 1072 933 1130 homines
964 1090 1027 1130 se
1056 1077 1264 1130 notum
1318 1072 1504 1129 facere
1558 1071 1819 1143 cupiens,
1852 1070 1963 1127 hu-

309 1177 482 1218 mano
512 1178 749 1234 corpore
767 1161 926 1218 velut
945 1162 1335 1217 instrumento
1361 1177 1507 1216 usus
1528 1159 1628 1226 sit,
1654 1176 1770 1231 quo
1792 1160 1963 1215 nobis

308 1255 368 1307 et
393 1250 695 1307 veritatem
727 1250 1098 1323 patefaceret,
1120 1255 1179 1305 et
1203 1249 1391 1305 Patris
1421 1248 1813 1320 cognitionem
1846 1248 1963 1303 im-

310 1338 569 1413 pertiret.
602 1340 871 1395 Humana
917 1338 1212 1410 siquidem
1244 1340 1456 1394 natura
1501 1353 1637 1408 pars
1667 1340 1757 1392 est
1784 1336 1966 1392 totius

310 1426 585 1484 universi.
619 1426 781 1483 Unde
800 1426 1300 1498 quemadmodum
1332 1441 1498 1480 mens
1529 1425 1807 1492 humana,
1837 1441 1965 1496 qua:

309 1515 372 1572 in
397 1519 517 1572 toto
561 1515 802 1571 homine
829 1517 940 1583 est,
997 1512 1196 1585 aliqua
1235 1516 1402 1586 parte
1451 1512 1732 1585 corporis,
1764 1512 1969 1586 lingua

307 1602 598 1672 videlicet,
655 1607 943 1674 tanquam
995 1601 1088 1657 sui
1143 1602 1311 1674 signo
1360 1601 1565 1668 utitur,
1612 1617 1718 1657 nec
1768 1605 1966 1657 tamen

312 1692 532 1749 mentis
561 1695 835 1748 naturam
884 1690 1105 1746 idcirco
1156 1689 1433 1746 imminui
1480 1689 1775 1762 quispiam
1805 1690 1966 1746 dixe-

310 1779 387 1837 rit
417 1797 432 1837 :
463 1780 547 1837 ita
574 1779 626 1837 si
662 1780 912 1836 Verbum
941 1779 1003 1835 in
1033 1778 1311 1835 omnibus
1341 1778 1510 1834 rebas
1541 1777 1835 1834 exsistens
1857 1777 1968 1833 hu-

2066 628 2215 705 τέρα,
2268 624 2432 707 ἔφησε
2486 628 2864 699 πεποιηκέναι,
2918 627 3054 700 ἅπαξ
3113 631 3321 685 ἅπαντα
3375 629 3541 686 αὐτοῦ
3600 652 3724 688 συν-

2068 716 2318 792 έχοντος,
2351 717 2439 772 καὶ
2475 717 2609 791 μετᾶ
2653 716 2867 772 πάντων
2918 716 3008 773 καὶ
3042 717 3094 772 έν
3139 717 3287 791 αὐτῷ
3308 722 3389 792 τῷ
3420 718 3570 796 μέρει
3599 742 3728 797 τυγ-

2069 804 2334 880 χάνοντος
2383 805 2473 860 καὶ
2522 804 2768 882 ἀοράτως
2810 806 2997 861 ἑαυτὸν
3051 802 3380 870 δεικνύντος·
3425 807 3599 873 οὕτως
3631 808 3732 866 οὐκ

2070 889 2269 947 ἄτοπον
2316 893 2374 947 ἂν
2419 890 2503 964 εἷή
2554 891 2955 967 διακοσμοῦντα
3003 893 3164 950 αὐτὸν
3212 895 3281 951 τὰ
3321 894 3496 952 πάντα
3527 896 3618 952 καὶ
3664 897 3733 953 τὰ

2069 979 2174 1036 ὅλα
2223 985 2615 1055 ζωοποιοῦντα,
2663 980 2754 1036 καὶ
2813 980 3116 1053 θελήσαντα
3164 985 3278 1057 (43)
3327 981 3377 1038 δι
3426 986 3728 1062 ἀνθρώπων

2069 1068 2350 1146 γνωρίσαι,
2374 1069 2421 1124 εί
2454 1069 2672 1147 ὀργάνῳ
2700 1068 2970 1147 κέχρηται
3003 1071 3297 1148 ἀνθρώπου
3326 1074 3541 1146 σώματι
3589 1074 3729 1151 πρὸς

2072 1157 2369 1235 φανέρωσιν
2418 1157 2678 1230 ἀληθείας
2720 1159 2811 1215 καὶ
2860 1164 3061 1235 γνῶσιν
3101 1165 3199 1215 τοῦ
3250 1160 3486 1238 Πατρός.
3541 1162 3725 1239 Μέρος

2069 1246 2171 1322 γὰρ
2208 1251 2305 1300 τοῦ
2335 1245 2470 1302 ὅλου
2499 1246 2589 1302 καὶ
2620 1250 2655 1317 ἡ
2694 1247 3051 1324 ἀνθρωπότης
3081 1249 3359 1325 τυγχάνει·
3392 1250 3491 1306 Καὶ
3543 1251 3728 1329 ὥσπερ

2073 1334 2102 1388 6
2131 1338 2280 1406 νοῦς,
2327 1332 2399 1389 δι’
2441 1333 2577 1391 ὅλου
2617 1340 2716 1390 τοῦ
2768 1336 3058 1413 ἀνθρώπου
3103 1334 3201 1408 ὢν,
3246 1337 3354 1393 ἀπὸ
3397 1337 3596 1416 μέρους
3633 1345 3733 1395 τοῦ

2074 1422 2351 1495 σώματος,
2379 1429 2482 1493 τῆς
2512 1421 2768 1498 γλώττης
2801 1422 2970 1500 λέγω,
3002 1425 3344 1499 σημαίνεται,
3395 1426 3485 1482 καὶ
3514 1426 3578 1483 ού
3631 1425 3731 1499 δή·

2074 1531 2180 1564 που
2208 1532 2291 1574 τις
2324 1509 2673 1576 ἐλαττοῦσθαι
2702 1514 2803 1582 τὴν
2829 1512 3018 1592 ,οὐσίαν
3067 1517 3165 1569 τοῦ
3194 1518 3291 1569 νοῦ
3331 1512 3422 1569 διὰ
3447 1520 3610 1571 τοῦτο
3640 1515 3732 1572 λέ-

2073 1619 2177 1674 γει’
2225 1598 2400 1663 οὕτως
2447 1600 2476 1654 6
2506 1598 2855 1675 Λόγος,,διὰ
2901 1601 3116 1657 πάντων
3160 1599 3259 1672 ὢν,
3311 1601 3358 1659 εί
3405 1602 3733 1681 ἀνθρωπίνῳ

2074 1686 2342 1763 κέχρηται
2400 1687 2641 1764 ὀργάνῳ,
2697 1687 2800 1744 ούκ
2852 1688 3090 1765 ἀπρεπὲς
3143 1688 3203 1745 ἂν
3255 1690 3501 1770 φαίνοιτο
3546 1697 3730 1749 τοῦτο.

2075 1774 2141 1829 Εἰ
2195 1775 2318 1851 γὰρ,
2374 1775 2450 1839 ὡς
2503 1780 2799 1854 προεῖπον,
2844 1776 3082 1854 ἀπρεπὲς
3139 1777 3360 1856 ὀργάνῳ
3416 1782 3723 1858 χρήσασθαι

310 1884 486 1926 mano
533 1869 926 1925 instrumento
970 1883 1146 1925 usum
1203 1871 1316 1937 est,
1357 1866 1700 1922 indecorum
1744 1864 1966 1922 nemini

2077 1863 2314 1936 σώματι,
2345 1863 2580 1942 ἀπρεπὲς
2614 1863 2703 1921 καί
2732 1865 2783 1921 έν
2814 1870 2894 1939 τῷ
2916 1865 3033 1940 ὅλῳ
3061 1867 3219 1923 αὑνὸν
3253 1867 3411 1927 εἶναι.

311 1958 485 2015 debet
510 1956 715 2015 videri.
745 1956 1018 2029 Alioquin
1066 1955 1138 2023 si,
1169 1955 1255 2012 uti
1303 1956 1431 2027 jam
1460 1954 1600 2024 dixi,
1634 1954 1831 2027 ipsum
1888 1969 2127 2027 corpore
2184 1954 2345 2012 velut
2383 1955 2776 2014 instrumento
2824 1958 2911 2014 uti
2957 1974 3075 2015 non
3132 1958 3349 2027 decuit,
3380 1976 3507 2025 .nec
3555 1960 3731 2019 etiam

308 2046 374 2104 in
403 2049 528 2103 toto
557 2045 830 2102 universo
858 2044 1015 2102 idem
1045 2060 1174 2101 esse
1201 2043 1416 2101 decuit.

382 2135 472 2191 43.
504 2134 667 2199 Quod
714 2133 765 2191 si
805 2133 1129 2206 inquirant,
1160 2150 1264 2189 cur
1307 2132 1490 2205 igitur
1521 2150 1635 2189 non
1681 2149 1785 2205 per
1813 2130 1960 2188 alias

2138 2132 2226 2188 43.
2260 2130 2360 2186 Διὰ
2385 2129 2439 2187 τί
2468 2128 2584 2206 οῦν,
2617 2131 2705 2188 ἐὰν
2735 2131 2988 2211 λέγωσιν,
3020 2133 3151 2211 ούχὶ
3184 2131 3257 2190 δι’
3304 2132 3492 2191 ἄλλων
3546 2140 3726 2214 μερῶν

311 2222 675 2296 pulchriores
686 2222 892 2279 mundi
905 2225 1102 2295 partes
1122 2221 1594 2294 apparuerit,nec
1610 2219 1972 2293 splendidio-

321 2312 372 2368 ri
417 2311 832 2380 instrumento,
892 2310 1053 2367 verbi
1102 2310 1313 2383 gratia,
1371 2308 1514 2380 sole,
1561 2309 1722 2380 luna,
1772 2309 1968 2375 astris,

320 2401 457 2475 igne
484 2399 573 2456 vel
603 2400 836 2467 esthere,
868 2400 970 2456 sed
1012 2398 1251 2455 homine
1278 2402 1511 2454 tantum
1544 2415 1717 2454 usum
1751 2397 1970 2454 fuerit?

322 2490 554 2547 discant
579 2488 666 2543 illi
698 2487 1010 2545 Dominum
1043 2504 1158 2543 non
1189 2486 1418 2543 venisse
1448 2490 1512 2541 ut
1542 2503 1604 2543 se
1629 2489 1965 2554 ostentaret,

319 2579 421 2636 sed
450 2581 518 2634 ut
545 2594 654 2634 nos
682 2576 951 2633 inﬁrmos
980 2574 1159 2631 simul
1189 2580 1248 2631 et
1274 2576 1509 2648 ignaros
1530 2578 1761 2630 curaret
1786 2577 1843 2630 et
1864 2576 1968 2629 do-

318 2670 494 2724 ceret.
523 2665 886 2723 Ostentantis
930 2664 1088 2720 enim
1120 2664 1348 2731 fuisset,
1384 2662 1755 2719 solummodo
1787 2680 1965 2735 appa—

318 2772 465 2824 rere,
496 2757 553 2811 et
582 2758 914 2826 spectantes
950 2758 1191 2825 stupore
1220 2751 1534 2824 percellere
1566 2770 1579 2807 :
1613 2756 1672 2808 at
1700 2751 1968 2809 sanantis

318 2847 378 2901 et
407 2843 669 2900 docentis
714 2846 860 2909 erat,
891 2859 1007 2897 non
1065 2845 1297 2897 tantum
1327 2842 1629 2907 advenire,
1660 2840 1759 2897 sed
1808 2840 1967 2895 indi-

281 2931 585 3006 ,gentium
631 2931 938 2987 commodo
986 2930 1340 3004 prospicere,
1372 2934 1548 3001 atque
1590 2936 1654 2986 ut
1700 2929 1787 2984 illi
1818 2930 1967 2985 ferre

320 3023 564 3093 possent
591 3035 909 3093 apparere;
944 3036 1015 3075 ne
1058 3019 1107 3074 si
1158 3019 1371 3074 modus
1401 3017 1529 3090 ipse
1571 3018 1966 3075 laborantium

320 3108 731 3166 necessitatem
763 3108 1086 3177 excederet,
1119 3107 1250 3163 illos
1300 3107 1497 3179 potius
1528 3108 1628 3163 68
1661 3108 1966 3180 perturba-

319 3201 428 3267 ret,
450 3201 626 3271 atque
656 3199 737 3254 ita
756 3196 1028 3253 Numinis
1051 3197 1331 3252 adventus
1354 3195 1501 3269 ipsis
1522 3197 1687 3252 ﬁeret
1718 3196 1965 3252 inutilis.

318 3286 493 3343 Nulla
521 3287 777 3360 profecto
807 3285 922 3342 alia
952 3301 1149 3340 rerum
1180 3288 1509 3341 creatarum
1542 3289 1754 3357 praeter
1773 3284 1967 3342 solum

317 3374 621 3432 hominem
641 3374 796 3431 circa
830 3374 927 3430 Dei
955 3372 1348 3446 cognitionem
1380 3372 1634 3429 errabat.
1661 3365 1967 3445 Siquidem

319 3479 438 3521 non
486 3462 595 3533 sol,
640 3479 757 3519 non
807 3462 968 3533 luna,
1018 3480 1134 3519 non
1183 3461 1417 3530 cmlum,
1450 3478 1567 3518 non
1620 3465 1797 3531 astra,
1848 3480 1965 3518 non

319 3569 494 3626 aqua,
525 3569 643 3609 non
673 3552 854 3621 aether
882 3569 1060 3608 suum
1093 3551 1359 3608 ordinem
1390 3552 1827 3623 perturbarunt,
1862 3554 1967 3609 sed

318 3658 494 3699 suum
517 3641 778 3715 opiﬁcem
797 3657 863 3697 ac
893 3640 1305 3713 imperatorem
1350 3640 1603 3697 Verbum
1650 3656 1969 3713 agnoscen-

316 3734 429 3802 tes,
452 3734 692 3787 manent
720 3730 806 3786 uti
829 3728 995 3785 initio
1026 3729 1187 3785 factae
1218 3732 1379 3785 sunt.
1404 3728 1523 3784 Soli
1558 3735 1756 3785 autem
1778 3727 1967 3784 homi-

318 3835 422 3876 nes
453 3820 672 3877 bonum
704 3818 974 3885 aversati,
999 3834 1069 3873 ea
1097 3818 1497 3889 postmodum,
1522 3834 1647 3887 quae
1668 3833 1783 3873 non
1807 3820 1966 3883 sunt,

317 3924 423 3982 pro
450 3908 691 3967 veritate
737 3911 878 3963 sunt
924 3905 1264 3973 commenti,
1296 3922 1363 3961 ac
1394 3905 1494 3959 Dei
1524 3905 1747 3960 cultum
1780 3912 1837 3960 et
1865 3922 1969 3961 no-

314 3998 536 4055 tionem
568 3996 934 4054 daamonibus
965 3998 1023 4051 et
1048 3993 1393 4049 hominibus
1422 3992 1481 4046 in
1514 3992 1761 4064 lapideis
1783 3994 1967 4050 simu-

314 4085 491 4144 lacris
518 4086 931 4143 attribuerunt.
951 4082 1098 4139 Hinc-
1128 4096 1263 4136 cum
1284 4084 1508 4135 tantam
1529 4082 1969 4153 perversitatem

317 4175 610 4250 negligere
665 4172 873 4229 divinae
929 4169 1213 4226 bonitatis
1260 4169 1571 4241 indignum
1626 4175 1799 4239 esset,
1834 4187 1968 4227 cum

314 4264 459 4321 item
486 4279 622 4319 eum
648 4260 850 4318 omnia
870 4260 928 4314 in
952 4257 1224 4314 universo
1248 4257 1760 4315 administrantem
1790 4276 1857 4315 ac
1878 4275 1969 4316 re-

317 4355 552 4428 gentem
581 4350 851 4407 homines
880 4365 996 4404 non
1025 4346 1358 4419 potuissent
1384 4363 1752 4421 cognoscere,
1790 4348 1967 4404 meri-

315 4445 377 4501 to
405 4440 623 4498 idcirco
648 4439 870 4512 pariem
902 4436 1181 4504 universi,
1213 4453 1427 4509 corpus
1456 4436 1724 4494 videlicet
1752 4438 1967 4494 huma-

318 4531 775 4601 num,tanquam
798 4527 1257 4583 instrumentum
1272 4526 1412 4597 sibii
1420 4527 1509 4600 psi
1523 4525 1971 4593 assumit,illud-

320 4635 435 4693 que
463 4617 819 4691 ingreditur,
851 4620 936 4686 ut,
969 4616 1245 4688 quoniam
1277 4632 1413 4671 eum
1456 4615 1519 4672 in
1551 4620 1672 4673 toto
1700 4616 1968 4673 universo

317 4723 634 4782 agnoscere
663 4722 779 4761 non
811 4708 1146 4778 potuerant,
1182 4704 1392 4761 saltem
1422 4705 1481 4761 in
1513 4710 1676 4778 parte
1706 4706 1967 4762 residen-

1996 3503 2040 3571 (ἶ

2080 2217 2391 2275 καλλιόνων
2420 2226 2523 2290 τῆς
2550 2220 2775 2285 κτίτεως
2825 2220 3017 2301 ἐφάνη,
3071 2222 3162 2278 καὶ
3191 2222 3444 2280 καλλίονι
3496 2223 3731 2301 ὀργάνῳ,

2081 2308 2194 2362 οἷον
2226 2306 2396 2382 ἡλίῳ,
2426 2304 2463 2377 ἤ
2512 2307 2734 2385 σελήνῃ,
2781 2307 2819 2380 ἤ
2870 2312 3112 2387 ἄστροις,
3142 2309 3179 2382 ἤ
3219 2313 3373 2389 πυρὶ,
3403 2309 3440 2383 ἤ
3463 2312 3637 2389 αἰθέρι
3670 2313 3733 2370 ού

2079 2395 2366 2472 κέχρηται,
2402 2395 2549 2452 ἀλλά
2590 2397 2866 2475 ἀνθρώπῳ
2917 2398 3068 2472 μόνῳ
3106 2418 3121 2471 ;
3157 2400 3595 2476 γινωσκέτωσαν,
3645 2400 3730 2458 ὅτι

2078 2483 2179 2539 οὐκ
2234 2481 2594 2555 ἐπιδείξασθαι
2643 2484 2811 2556 ἦλθεν
2867 2487 2895 2541 ὁ
2955 2487 3180 2564 Κύριος,
3228 2487 3377 2545 ἀλλᾶ
3415 2494 3733 2567 θεραπεῦσαι

2076 2572 2166 2628 καὶ
2195 2570 2402 2644 διδάξαι
2431 2572 2559 2636 τοὺς
2608 2574 2941 2651 πάσχοντας.
2992 2574 3471 2651 Ἐπιδεικνυμένου
3512 2579 3606 2652 μὲν
3633 2578 3733 2656 γὰρ

2078 2664 2143 2730 ἦν
2195 2660 2360 2734 μόνον
2411 2662 2736 2736 ἐπιφανῆναι
2776 2664 2867 2719 καὶ
2912 2664 3252 2735 καταπλῆξαι
3299 2665 3428 2729 τοὺς
3469 2667 3731 2744 ὁρῶντας

2080 2749 2471 2825 θεραπεύοντος
2505 2748 2563 2806 δὲ
2606 2752 2697 2807 καὶ
2745 2750 3094 2816 διδάσκοντός
3139 2753 3251 2809 ἐστι
3285 2756 3361 2827 μὴ
3401 2754 3591 2820 ἀπλῶς
3623 2755 3737 2813 έπι-

2079 2835 2346 2911 δημῆσαι,
2403 2838 2530 2895 ἀλλ’
2587 2839 2671 2895 ἐπ’
2726 2839 2964 2918 ὠφελείᾳ
3015 2844 3124 2897 τῶν
3153 2839 3424 2915 δεομένων
3464 2844 3733 2920 γενέσθαι,

2077 2926 2189 2996 καὶ,
2221 2926 2295 2989 ὡς
2328 2925 2630 3003 χρῄζοντες
2681 2925 2933 3004 φέρουσιν
2963 2930 3105 3002 (44),
3159 2927 3505 3007 ἐπιφανῆναιι
3531 2929 3623 2987 ἵνα
3653 2934 3731 3006 μή

2075 3019 2155 3087 τῷ
2189 3010 2589 3091 ὑπερϐάλλοντι
2619 3017 2718 3084 τὴν
2770 3014 2959 3092 χρείαν
3011 3020 3118 3070 τῶν
3168 3016 3490 3093 πασχόντων
3535 3018 3732 3082 αὑτοὺς

2074 3103 2203 3167 τοὺς
2237 3101 2528 3177 δεομένους
2567 3103 2788 3182 ταράξῃ,
2827 3104 2918 3159 καὶ
2964 3104 3251 3183 ἀνωφελὴς
3300 3105 3516 3170 τούτοις
3547 3108 3583 3178 ἡ
3612 3106 3731 3163 ἐπι-

2078 3191 2269 3271 φάνεια
2323 3198 2421 3248 τοῦ
2479 3198 2614 3249 Θεοῦ
2818 3192 3062 3269 γένηται.
3124 3191 3287 3250 Οὐδὲν
3317 3194 3497 3251 τοίνυν
3527 3200 3635 3251 τῶν
3677 3195 3731 3253 ἐν

2074 3285 2144 3356 τῇ
2175 3280 2343 3337 κτίσει
2373 3281 2795 3355 πεπλανημένον
2828 3282 2894 3352 ἦν
2929 3281 3006 3345 είς
3036 3280 3132 3346 τὰς
3163 3286 3288 3360 περὶ
3319 3287 3455 3339 Θεοῦ
3504 3283 3732 3358 ἐννοίας,

2078 3371 2124 3426 εί
2160 3372 2236 3443 μὴ
2274 3369 2439 3443 μόνον
2473 3371 2501 3425 6
2532 3371 2840 3447 ἅνθρωπος.
2874 3370 3098 3445 Ἀμέλει
3122 3371 3232 3449 οὐχ
3258 3370 3446 3444 ἥλιος,
3480 3372 3543 3428 οὗ
3574 3373 3737 3446 σελή-

2075 3482 2166 3530 νη,
2204 3459 2305 3515 οὑκ
2335 3459 2586 3536 οὑρανὸς,
2620 3461 2683 3515 οὑ
2729 3460 2797 3516 τὰ
2846 3459 3035 3539 ἄστρα,
3087 3461 3197 3539 οὑχ
3242 3460 3411 3540 ὕδωρ,
3440 3462 3542 3518 οὑκ
3569 3462 3733 3539 αἰθὴρ

2077 3548 2431 3626 παρήλλαξαν
2473 3551 2574 3620 τήν
2625 3548 2797 3621 τάξιν,
2854 3548 2983 3607 ἀλλ’
3035 3548 3238 3615 εἰδότες
3277 3553 3369 3607 τὸν
3405 3552 3608 3607 ἑαυτῶν
3641 3549 3737 3624 δη-

2081 3638 2344 3714 μιουργὸν
2397 3637 2487 3693 καὶ
2541 3637 2765 3715 βασιλέα
2816 3638 3012 3715 Λόγον,
3048 3641 3298 3714 μένουσιν
3331 3640 3406 3704 ὡς
3428 3641 3732 3718 γεγόνασιν·

2078 3726 2352 3803 ἄνθρωποι
2412 3724 2471 3782 δὲ
2541 3726 2705 3801 μόνον
2766 3730 2881 3799 (46)
2940 3726 3329 3805 ἀποστραέντες
3413 3729 3479 3785 τὸ
3535 3728 3729 3803 καλὸν,

2079 3813 2272 3870 λοιπὸν
2296 3814 2363 3870 τὰ
2391 3815 2493 3871 οὑκ
2537 3809 2666 3870 ὄντα
2696 3815 2813 3870 ἀντὶ
2862 3821 2965 3884 τῆς
2996 3814 3257 3885 ἀληθείας
3288 3815 3613 3891 έπλάσαντο,
3643 3818 3735 3873 καὶ

2075 3904 2175 3973 τὴν
2208 3904 2284 3966 είς
2334 3904 2462 3960 Θεὸν
2506 3904 2675 3977 τιμὴν
2724 3904 2815 3959 καὶ
2860 3904 2960 3972 τὴν
3015 3904 3139 3980 περὶ
3188 3903 3353 3958 αὑτοῦ
3389 3908 3590 3978 γνῶσιν
3624 3903 3736 3961 δαί-

2082 4013 2208 4066 μοσι
2273 3992 2365 4047 καὶ
2409 3992 2720 4068 ἀνθρώποις
2780 3990 2833 4045 ἐν
2885 3990 3061 4052 λίθοις
3110 3990 3526 4055 ἀνατεθείκασιν.
3577 3994 3733 4058 Ὅθεν

2079 4079 2328 4149 εἰκότως,
2371 4078 2559 4149 ἐπειδὴ
2593 4076 2840 4155 παριδεῖν
2890 4080 2953 4134 τὸ
2992 4078 3321 4149 τηλικοῦτον
3363 4080 3464 4135 οὑκ
3492 4078 3637 4151 ἄξιον
3665 4084 3732 4151 ἦν

2076 4176 2179 4239 τῆς
2207 4173 2303 4223 τοῦ
2333 4173 2468 4224 Θεοῦ
2516 4166 2875 4244 ἁγαθότητος,
2926 4165 3074 4223 ἀλλὰ
3110 4166 3200 4223 καὶ
3226 4166 3277 4222 ἐν
3316 4171 3397 4241 τῷ
3426 4167 3544 4242 ὅλῳ
3574 4169 3733 4225 αὑτὸν

2079 4255 2333 4313 διέποντα
2384 4256 2475 4312 καὶ
2524 4255 2928 4333 ἡγεμονεύοντα
2981 4255 3080 4312 οὑκ
3128 4253 3475 4328 ἠδυνήθησαν
3534 4261 3735 4335 γνῶναι

2078 4347 2131 4401 οἱ
2181 4343 2481 4422 ἅνθρωποι,
2542 4344 2706 4423 μέρος
2754 4348 2853 4400 τοῦ
2905 4342 3041 4401 ὅλου
3099 4340 3367 4419 λαμϐάνει
3428 4347 3602 4420 ἑαυτῷ
3647 4343 3738 4425 ὅρ-

2077 4456 2240 4511 γανον
2272 4435 2335 4491 τὸ
2383 4434 2723 4512 ἀνθρώπινον
2773 4438 2954 4508 σῶμα,
3007 4433 3097 4490 καὶ
3128 4429 3392 4490 ἐπιϐαίνει
3422 4435 3621 4509 τούτῳ,
3647 4434 3738 4491 ’ίν”

2079 4522 2265 4594 ἐπειδὴ
2300 4524 2353 4580 ἐν
2381 4528 2461 4599 τῷ
2492 4524 2609 4598 ὅλῳ
2645 4525 2804 4580 αὑτὸν
2856 4524 2957 4580 οὑκ
3001 4520 3349 4595 ἠδυνήθησαν
3380 4527 3605 4601 γνῶναι,
3636 4525 3733 4582 κᾶν

2078 4613 2130 4671 ἐν
2160 4620 2239 4687 τῷ
2289 4616 2439 4692 μέρει
2495 4615 2572 4688 μὴ
2621 4613 2963 4689 ἀγνοήσωσιν
3015 4613 3203 4670 αὑτὸν.
3251 4613 3341 4668 καὶ
3388 4611 3575 4685 ἐπειδή
3622 4616 3736 4689 (47)

2077 4699 2377 4779 ἀναϐλέψαι
2426 4704 2528 4760 οὑκ
2571 4700 2919 4774 ἠδυνήθησαν
2984 4701 3061 4764 εἷς
3116 4702 3218 4771 τήν
3278 4700 3505 4779 ἀόρατον
3565 4703 3735 4759 αὑτοῦ

318 4800 441 4854 tem
472 4812 587 4853 non
603 4794 964 4869 ignorarent,
982 4800 1039 4850 et
1056 4793 1157 4866 qui
1177 4793 1296 4848 vim
1326 4795 1453 4865 ejus
1474 4794 1827 4851 invisibilem
1850 4812 1966 4851 non

2080 4791 2331 4867 δύναμιν,
2364 4791 2459 4848 κᾶν
2501 4791 2561 4848 ἐκ
2585 4796 2693 4847 τῶν
2745 4791 2951 4865 ὁμοίων
2986 4788 3308 4866 λογίσασθαι
3338 4791 3428 4846 καὶ
3461 4798 3733 4869 θεωρῆσαι

320 4868 647 4961 potuerant
670 4884 1025 4956 conspicere,
1058 4882 1268 4939 saltem
1319 4898 1387 4937 ex
1418 4882 1806 4939 similitudine
1835 4900 1967 4940 eum

2079 4881 2381 4952 δυνηθῶσιν
2411 4881 2593 4937 αὑτόν.
2626 4883 2943 4956 ’Ἄνθρωποι
2991 4878 3092 4956 γὰρ
3124 4873 3297 4951 ὅντες,
3350 4876 3440 4935 διὰ
3485 4885 3583 4936 τοῦ
3613 4902 3737 4937 κατ-

321 4974 649 5047 intelligere
678 4976 738 5031 et
767 4971 1153 5044 contemplari
1195 4974 1455 5044 possent.
1490 4970 1635 5027 Cum
1668 4973 1827 5028 enim
1857 4973 1977 5029 sint

320 5064 615 5135 homines,
646 5062 785 5119 hinc
838 5078 942 5135 per
990 5059 1181 5116 simile
1228 5076 1441 5132 corpus
1490 5077 1557 5117 ac
1601 5061 1799 5117 divina
1849 5079 1974 5135 quae

320 5169 426 5228 per
455 5168 590 5210 eum
621 5152 880 5208 eduntur
908 5165 1102 5222 opera,
1135 5148 1311 5205 citius
1355 5152 1414 5205 et
1442 5149 1684 5222 propius
1706 5153 1836 5222 ejus
1865 5156 1972 5209 Pa-

319 5245 469 5299 trem
492 5242 746 5314 possunt
773 5253 1147 5312 cognoscere,
1173 5237 1222 5294 si
1246 5236 1468 5294 scilicet
1496 5241 1853 5312 perpendere
1881 5257 1974 5298 vo-

234 5480 235 5483 η
381 5414 505 5489 ,(43)
535 5417 766 5475 Gobler.
798 5420 857 5474 et
879 5414 1136 5473 Felckm.
1166 5416 1192 5470 1
1225 5430 1427 5484 anon.,
1451 5412 1849 5483 ζωοποιοῦντος
1880 5416 1970 5471 καὶ

319 5485 674 5556 θελήσαντος.

355 5558 631 5632 ,μιῇ-εἰσ
660 5557 1185 5632 Ξοειιθιιμςίοὒιεῐο.
1220 5555 1473 5632 Ρθιοξςιῐι.
1512 5560 1536 5614 1
1573 5575 1745 5632 anon.
1778 5563 1835 5614 et
1864 5560 1968 5632 Ba-

319 5627 413 5707 sil.
446 5627 567 5707 Alii
589 5645 723 5707 vero
739 5627 822 5707 wet
851 5629 1010 5707 editi,
1042 5627 1482 5707 χαίρουσιηΜοὶι
1511 5647 1616 5702 pro
1636 5630 1744 5707 ,τὴν
1777 5630 1965 5707 χρείαν

320 5702 380 5758 et
405 5698 605 5775 ταράξῃ
629 5700 856 5774 Anglic.
887 5698 1185 5770 habet'rﬁ':
1215 5698 1401 5776 χρείας
1434 5705 1490 5759 et
1511 5698 1758 5777 ταράξω.

2083 4970 2337 5041 αλλήλου
2387 4971 2641 5043 σώματος
2693 4970 2786 5023 καῖ
2834 4972 2939 5023 τῶν
2999 4965 3070 5022 δι’
3124 4967 3289 5022 αὑτοῦ
3348 4968 3503 5033 θείων
3563 4965 3732 5047 ἔργων

2081 5060 2380 5137 ταχύτερον
2445 5058 2536 5114 καὶ
2585 5056 2868 5135 ἐγγύτερον
2916 5056 3009 5112 τὸν
3062 5056 3259 5112 τσύτου
3316 5059 3529 5136 Πατέρα
3576 5059 3740 5135 γινώ-

2083 5170 2226 5204 σκειν
2283 5145 2631 5219 δυνήσονται,
2688 5145 3087 5222 συγκρίνοντες,
3139 5146 3214 5209 ὡς
3246 5146 3347 5202 οὑκ
3402 5147 3737 5224 ἀνθρώπινα,

2082 5238 2229 5295 ἀλλᾶ
2275 5242 2410 5293 Θεοῦ
2468 5232 2601 5313 ἔργα
2656 5235 2767 5291 ἐστί
2822 5235 2889 5291 τὰ
2942 5235 3031 5291 ὑπ’
3077 5235 3245 5291 αὑτοῦ
3301 5234 3586 5312 γινόμενα.
3634 5239 3736 5293 Καὶ

2152 5416 2265 5489 (45)
2297 5417 2566 5490 Seguer.,
2593 5412 2771 5490 Gaiae.
2803 5413 2965 5471 Idem
3014 5413 3190 5490 paulo
3240 5419 3390 5490 post,
3419 5415 3731 5490 et_Anglic.

2080 5485 2310 5561 Go‘bler.
2334 5485 2403 5544 et
2420 5489 2677 5561 Felckm.
2703 5489 2730 5542 1
2763 5485 3061 5561 anon.pro
3096 5485 3287 5559 μόνου,
3305 5486 3471 5559 μόνος
3489 5485 3730 5546 Ιιεώἒιιι.

2173 5560 2262 5630 46)
2294 5559 2706 5630 Segnerianus,
2743 5556 2924 5630 μόνοι.

2076 5629 2523 5757 la(lﬁgslGuobler.
2555 5637 2612 5688 et
2641 5629 2898 5689 Felem.
2935 5631 2963 5685 1
2998 5646 3173 5687 anon.
3215 5629 3444 5687 addunt
3472 5630 3729 5704 particu-

2137 5721 2195 5757 m
2263 5743 2306 5757 υ.

2100 5720 2195 5761 am
2228 5720 2306 5759 ΟΞ.
