4178 6370
486 410 602 475 1'13

1500 408 1791 473 ORATIO
1833 406 1951 507 DE.
1980 404 2322 467 lNGARNA
2335 407 2572 470 TIONE
2616 407 2878 470 VERBI.

3775 406 3896 468 174

483 540 569 597 ἐὰν
603 536 802 597 ἄτοπον
834 541 900 611 ἦν
932 544 1047 597 κατ’
1078 541 1272 605 αὐτοὺς
1306 539 1395 596 διὰ
1425 546 1533 597 τῶν
1581 545 1678 596 τοῦ
1727 542 1980 612 σώματος
2040 534 2119 612 ἕρ-

2241 538 2458 596 luerint
2487 559 2604 597 non
2635 541 2890 598 hominis
2913 541 3013 598 sed
3045 538 3148 598 Dei
3179 554 3308 596 esse
3328 553 3506 612 opera
3526 554 3656 611 qua;
3686 537 3758 595 ab
3791 537 3892 595 illo

478 653 586 707 γων
619 631 710 685 τὸν
745 631 916 707 Λόγον
950 631 1324 708 γνωρίζεσθαι,
1359 631 1523 687 πάλιν
1574 629 1773 685 ἄτοπον
1822 629 1879 683 ἂν
1933 625 2016 697 εἶή
2071 627 2130 681 ἐκ

476 724 580 773 τῶν
641 717 809 796 ἔργων
866 725 963 774 τοῦ
1017 722 1217 782 παντὸς
1269 722 1623 796 γινώσκεσθαι
1674 723 1886 774 τοῦτον.
1921 721 2126 790 ’Ὠσπερ

475 809 575 884 γὰρ
608 807 658 862 ἐν
691 813 761 882 τῇ
794 809 961 863 κτίσει
991 807 1086 880 ὢν,
1122 808 1274 864 οὐδέν
1301 831 1353 864 τι
1402 817 1501 878 τῆς
1561 808 1786 869 κτίσεως
1851 805 2126 878 μεταλαμ-

476 891 645 968 ϐάνει,
680 896 824 952 ἀλλὰ
868 897 1078 969 μᾶλλον
1133 900 1200 952 τὰ
1248 898 1419 951 πάντα
1467 904 1567 966 τῆς
1622 897 1786 950 αὐτοῦ
1844 893 2126 967 δυνάμεως

478 985 694 1060 μετέχει
742 988 874 1059 (48)·
923 986 1066 1040 οὕτω
1114 988 1204 1040 καὶ
1249 991 1328 1058 τῷ
1377 988 1588 1060 σώματι
1635 985 1847 1060 ὀργάνῳ
1906 984 2128 1058 χρώμε-

472 1096 585 1146 νος,
611 1073 828 1137 οὐδενὸς
859 1079 966 1129 τῶν
996 1079 1094 1130 τοῦ
1127 1077 1378 1148 σώματος
1415 1080 1686 1149 μετεῖχεν,
1720 1071 1866 1128 ἀλλὰ
1912 1071 2122 1144 μᾶλλον

480 1163 638 1225 αὐτὸς
696 1164 882 1240 ἡγίαζε
936 1165 998 1218 τὸ
1052 1169 1230 1236 σῶμα.
1265 1164 1326 1218 Ei
1371 1165 1472 1239 γὰρ
1533 1162 1600 1231 δὴ
1654 1163 1742 1216 καὶ
1776 1163 1802 1215 6
1834 1161 1979 1236 παρά
2006 1166 2122 1222 τοῖς

475 1251 712 1322 Ἕλλησι
755 1253 1169 1326 θαυμαζόμενος
1197 1256 1307 1328 (49)
1339 1253 1567 1308 Πλάτων
1602 1252 1763 1330 φησὶν
1798 1249 1878 1305 ὅτι
1907 1273 1917 1283 ·
1951 1252 2120 1324 Ὁρῶν

467 1342 558 1396 τὸν
635 1342 840 1414 κόσμον
903 1343 930 1395 6
986 1345 1249 1418 γεννήσας
1327 1342 1485 1396 αὐτὸν
1555 1340 1956 1416 χειμαζόμενον
2033 1339 2121 1392 καὶ

466 1428 847 1485 κινδυνεύοντα
931 1431 1005 1493 εἷς
1097 1431 1190 1485 τὸν
1283 1437 1382 1500 τῆς
1473 1429 1869 1501 ἀνομοιότητος
1945 1425 2118 1481 δύνειν

465 1517 657 1590 τόπον,
708 1518 932 1581 καθίσας
995 1518 1082 1573 ἐπὶ
1139 1517 1267 1580 τοὺς
1326 1517 1512 1579 οἷάκας
1569 1524 1669 1584 τῆς
1729 1520 1936 1590 ψυχῆς,
1992 1516 2122 1589 βοη-

469 1611 570 1679 θεῖ,
619 1606 709 1661 καὶ
779 1606 952 1661 πάντα
993 1608 1059 1661 τὰ
1107 1606 1417 1679 πταίσματα
1501 1603 1851 1682 διορθοῦται·
1898 1603 1950 1658 τί
2000 1602 2119 1657 ἄπι-

467 1715 591 1749 στον
639 1694 850 1770 λέγεται
901 1697 1027 1771 παρ’
1059 1698 1218 1768 ἡμῖν,
1251 1695 1318 1766 εἰ,
1351 1692 1716 1767 πλανωμένης
1764 1700 1864 1761 τῆς
1915 1693 2119 1767 ἀνθρω-

464 1783 727 1855 πότητος,
792 1783 1031 1846 ἐκάθισεν
1079 1785 1106 1837 6
1151 1783 1326 1859 Λόγος
1378 1783 1465 1838 ἐπὶ
1511 1783 1735 1853 ταύτην,
1767 1782 1856 1836 καὶ
1912 1780 2116 1857 ἅνθρω-

1283 1437 1382 1500 τῆς

2242 630 2410 685 fiunt.
2433 631 2594 694 Quod
2628 631 2678 686 si
2710 632 3032 688 absurdum
3055 645 3183 687 esse
3205 633 3417 702 putant
3431 643 3500 684 ex
3528 628 3600 684 iis
3631 627 3891 700 corporis

2239 721 2515 792 operibus
2535 720 2789 776 Verbum
2813 725 3018 776 notum
3045 720 3192 786 fieri,
3225 723 3381 775 certe
3402 718 3728 774 absurdum
3751 734 3891 789 quo-

2238 826 2352 880 que
2385 810 2558 864 fuerit
2588 809 2782 880 ipsum
2814 826 2883 864 ex
2912 809 3005 864 his
3036 826 3163 881 quae
3221 808 3282 864 in
3313 807 3589 864 universo
3637 807 3761 880 agit
3792 823 3888 863 co-

2236 898 2459 969 gnosci.
2493 898 2559 952 Et
2604 915 2737 953 vero
2785 899 3281 969 quemadmodum
3329 897 3391 953 in
3441 899 3620 953 rebus
3674 896 3887 954 creatis

2236 987 2544 1054 exsistens,
2581 986 2726 1041 nihil
2757 1004 2957 1042 earum
2991 988 3056 1042 ﬁt
3085 987 3396 1060 particeps,
3429 987 3530 1042 sed
3562 986 3762 1059 potius
3791 1003 3885 1042 res

2236 1081 2475 1130 cunctas
2525 1092 2642 1130 suae
2693 1075 2927 1130 virtutis
2975 1075 3287 1148 participes
3312 1075 3492 1131 efﬁcit
3525 1091 3537 1130 :
3573 1076 3656 1130 ita
3703 1075 3881 1131 etiam

2233 1179 2473 1234 corpore
2522 1181 2637 1218 non
2683 1181 2851 1219 secus
2899 1181 2965 1219 ac
3012 1180 3226 1236 organo
3277 1169 3468 1233 utens,
3523 1163 3688 1219 nulla
3730 1163 3790 1219 in
3822 1181 3882 1221 re

2232 1253 2360 1323 ejus
2387 1253 2640 1308 efﬁcitur
2684 1253 2994 1325 particeps,
3027 1255 3129 1308 sed
3181 1252 3326 1308 illud
3378 1253 3571 1324 potius
3605 1256 3879 1309 sanctum

2231 1341 2440 1397 reddit.
2474 1343 2532 1396 Si
2565 1342 2722 1397 enim
2753 1342 2936 1408 Plato,
2969 1358 3143 1413 quem
3174 1345 3478 1414 tantopere
3508 1340 3882 1397 admirantur

2230 1430 2498 1502 gentiles,
2533 1430 2612 1485 ait
2647 1448 2659 1484 :
2692 1432 2888 1486 Mundi
2928 1437 3224 1500 auctorem,
3256 1446 3381 1485 cum
3425 1446 3550 1484 eum
3580 1431 3728 1486 male
3757 1431 3879 1501 agi-

2230 1523 2407 1573 tatum
2433 1527 2484 1574 et
2513 1521 2576 1574 in
2602 1520 2849 1590 periculo
2881 1520 3060 1575 locum
3107 1518 3580 1574 dissimilitudinis
3606 1518 3881 1574 subeundi

2226 1609 2583 1662 constitutum
2636 1615 2900 1678 cerneret,
2933 1609 3138 1662 animae
3188 1606 3586 1676 gubernaculis
3633 1607 3877 1663 insiden-

2227 1700 2335 1751 tem
2390 1711 2726 1766 succurrere,
2761 1697 3052 1766 omniaque
3097 1697 3282 1750 errata
3329 1694 3616 1750 emendare
3663 1713 3682 1749 :
3735 1695 3877 1767 quid

2223 1784 2563 1840 incredibile
2613 1786 2767 1856 apud
2819 1803 2925 1841 nos
2970 1784 3205 1852 dicitur,
3242 1783 3292 1840 si
3343 1786 3573 1861 errante
3618 1782 3878 1840 humana

464 1894 564 1934 πος
600 1871 860 1950 ἐπεφάνη,
891 1871 982 1927 τίνα
1027 1873 1437 1947 χειμαζομένην
1490 1871 1657 1940 αὐτὴν
1707 1871 1983 1946 περισώσῃ
2028 1867 2116 1924 διὰ

501 1967 528 1973 μ
667 1956 695 1973 ο
816 1963 827 1973 ,
1047 1961 1059 1973 .
1137 1966 1163 1973 η
1271 1962 1281 1973 .
1328 1960 1341 1973 .
1473 1960 1483 1973 .

2234 1878 2452 1937 natura,
2485 1878 2541 1929 et
2571 1873 2852 1930 insederit
2898 1874 3182 1942 Verbum,
3213 1876 3269 1929 et
3314 1872 3491 1928 homo
3521 1872 3874 1945 apparuerit,

461 1967 562 2032 τῆς
593 1956 970 2036 κυϐερνήσεως
1003 1961 1167 2016 αὐτοῦ
1197 1962 1286 2015 καὶ
1318 1960 1653 2037 ἀγαθότητος
1681 1979 1693 2028 ;

542 2137 628 2190 44.
673 2132 850 2190 Ἀλλά
896 2131 1028 2198 ἴσως
1082 2138 1575 2212 συγκαταθήσονται
1633 2135 1725 2207 μὲν
1781 2133 1995 2195 τούτοις
2045 2133 2124 2187 αἰ-

473 2221 826 2296 σχυνόμενοι,
879 2221 1172 2293 θελήσουσι
1225 2221 1282 2278 δὲ
1337 2223 1532 2300 λέγειν,
1580 2221 1661 2277 ὅτι
1713 2220 1817 2276 ἔδει
1865 2222 1956 2277 τὸν
1992 2223 2120 2276 Θεὸν

473 2307 757 2364 παιδεῦσαι
808 2312 898 2365 καὶ
945 2316 1113 2365 σῶσαι
1167 2311 1394 2376 θέλοντα
1437 2311 1564 2374 τοὺς
1620 2311 1960 2386 ἀνθρώπους,
2009 2310 2125 2366 νεό-

479 2418 605 2470 ματι
657 2398 808 2471 μόνῳ
854 2401 966 2473 (50)
993 2406 1221 2469 ποιῆσαι
1249 2401 1339 2454 καὶ
1375 2402 1450 2473 μὴ
1484 2402 1736 2473 σώματος
1770 2399 2001 2473 ἅψασθαι
2030 2401 2122 2454 τὸν

469 2485 668 2540 τούτου
690 2486 886 2562 Λόγον,
921 2486 1103 2564 ὥσπερ
1152 2486 1242 2542 οὖν
1302 2490 1392 2543 καὶ
1440 2489 1607 2544 πάλαι
1662 2488 1979 2560 πεποίηκεν,
2036 2487 2126 2543 ὅτε

478 2573 539 2628 ἐκ
564 2579 662 2629 τοῦ
696 2577 771 2648 μή
807 2571 964 2638 ὄντος
994 2577 1129 2631 αὐτὰ
1178 2577 1420 2647 συνίστη.
1455 2578 1599 2653 Πρὸς
1646 2575 1702 2632 δὲ
1743 2577 2122 2649 ταύτηναότῶν

468 2663 734 2728 ἀντίθεσιν
769 2665 994 2727 εἰκότως
1029 2665 1087 2720 ἂν
1143 2665 1368 2741 λεχθείη
1418 2672 1604 2740 ταῦτα,
1638 2667 1719 2721 ὅτι
1774 2667 1942 2722 πάλαι
2005 2668 2122 2740 μὲν,

469 2750 688 2815 οὐδενὸς
737 2751 952 2826 οὐδαμῆ
1007 2756 1118 2829 (51)
1180 2755 1547 2831 ὑπάρχοντος,
1604 2755 1869 2828 νεύματος
1941 2754 2126 2830 γέγονε

469 2840 627 2916 χρεία
671 2842 760 2895 καὶ
797 2841 1118 2917 βουλήσεως
1179 2844 1350 2917 μόνης
1402 2844 1478 2906 εἷς
1525 2845 1624 2912 τὴν
1672 2848 1769 2898 τοῦ
1800 2843 2000 2905 πάντὸς
2032 2842 2126 2912 δη-

474 2929 796 3005 μιουργίαν·
854 2929 943 2986 ὅτε
1004 2929 1062 2985 δὲ
1116 2931 1330 3008 γέγονεν
1389 2933 1417 2986 6
1468 2933 1774 3008 ἄνθρωπος,
1821 2933 1908 2987 καὶ
1968 2931 2126 3007 χρεία

471 3018 751 3092 ἀπῄτησεν
787 3019 849 3073 οὐ
881 3021 948 3073 τὰ
983 3021 1059 3092 μή
1093 3014 1241 3093 ὄντα,
1277 3018 1424 3075 ἀλλά
1468 3021 1535 3075 τὰ
1580 3021 1843 3096 γενόμενα
1875 3025 2126 3096 θεραπεῦ-

470 3128 581 3179 σαι,
617 3107 919 3171 ἀκόλουθον
953 3108 1021 3177 ἧν
1058 3107 1108 3162 ἐν
1140 3115 1258 3171 τοῖς
1293 3106 1402 3178 ἤδη
1434 3109 1748 3185 γενομένοις
1795 3111 1886 3164 τὸν
1942 3110 2122 3185 ἰατρὸν

475 3196 568 3249 καὶ
613 3203 836 3270 σωτῆρα
878 3195 1292 3272 παραγενέσθαι,
1325 3196 1418 3251 ’ίνα
1466 3198 1556 3251 καὶ
1598 3199 1665 3252 τά
1717 3195 1846 3252 ὄντα
1873 3199 2126 3274 θεραπεύ-

2234 1968 2297 2018 ut
2322 1966 2586 2018 vexatam
2635 1981 2702 2019 ac
2732 1963 3181 2036 periclitantem,
3215 1979 3324 2019 sua
3369 1961 3793 2034 gubernatione
3821 1964 3881 2020 et

2230 2051 2491 2108 bonitate
2520 2052 2820 2108 servaret?

2301 2141 2390 2194 44.
2424 2140 2642 2195 Verum
2670 2140 2917 2196 fortasse
2970 2139 3193 2211 pudore
3221 2138 3355 2194 victi
3385 2138 3479 2194 his
3509 2139 3750 2194 tandem
3782 2154 3877 2195 as-

2231 2228 2576 2284 sentientur.
2607 2230 2681 2284 At
2709 2231 2993 2300 rep‘onent
3023 2232 3205 2283 Deum
3257 2226 3530 2294 homines
3561 2225 3793 2282 erudire
3821 2229 3880 2282 et

2231 2332 2461 2372 servare
2480 2317 2809 2388 cupientem
2843 2316 2965 2372 solo
2987 2320 3132 2371 nutu
3163 2315 3222 2371 id
3245 2315 3518 2372 debuisse
3537 2331 3726 2388 agere,
3760 2331 3877 2370 non

2232 2410 2428 2462 autem
2454 2407 2582 2477 ejus
2607 2407 2862 2461 Verbum
2885 2405 2997 2461 sibi
3014 2421 3226 2477 corpus
3251 2420 3574 2473 assumere,
3595 2403 3880 2476 quemad-

2233 2495 2472 2550 modum
2506 2495 2708 2566 utique
2739 2493 2878 2549 olim
2911 2494 3131 2549 factum
3161 2497 3273 2559 est,
3305 2508 3440 2547 cum
3471 2509 3564 2548 res
3593 2509 3662 2548 ex
3691 2491 3878 2547 nihilo

2232 2589 2371 2640 sunt
2392 2583 2938 2654 productae.Quibus
2957 2599 3070 2638 non
3089 2582 3287 2653 inepte
3307 2580 3648 2654 responderi
3666 2583 3878 2652 potest,

2233 2672 2373 2727 olim
2404 2673 2665 2742 quidem,
2697 2672 2930 2743 quando
2962 2669 3125 2726 nulla
3165 2669 3402 2726 omnino
3433 2686 3526 2725 res
3553 2670 3879 2737 exsisteret,

2233 2761 2357 2817 solo
2385 2765 2528 2816 nutu
2563 2777 2629 2816 ac
2649 2760 2945 2816 voluntate
2970 2777 3118 2832 opus
3140 2759 3323 2816 fuisse
3344 2759 3417 2815 ad
3435 2759 3726 2814 mundum
3749 2774 3888 2814 con-

2234 2850 2489 2905 dendum
2517 2868 2530 2918 ;
2565 2853 2877 2921 postquam
2895 2864 3028 2904 vero
3053 2849 3244 2904 factus
3265 2851 3354 2904 est
3372 2846 3884 2919 homo,exegitque

2236 2938 2555 2994 necessitas
2587 2943 2653 2993 ut
2682 2955 2798 2993 non
2829 2954 2898 2994 ea
2927 2954 3056 3009 quae
3080 2953 3198 2993 non
3229 2939 3414 3005 erant,
3437 2937 3540 2992 sed
3572 2953 3700 3008 quae
3731 2936 3886 2992 facta

2233 3031 2419 3095 erant,
2454 3031 2834 3082 curarentur:
2868 3029 3330 3082 consentaneum
3358 3029 3484 3081 erat
3509 3025 3803 3081 medicum
3826 3029 3887 3081 et

2234 3120 2458 3173 servato
2466 3133 2583 3172 rem
2597 3116 2665 3170 ad
2683 3132 2775 3170 res
2784 3116 2806 3186 j
2817 3131 2910 3170 am
2927 3116 3110 3171 iactas
3123 3115 3397 3170 accedere
3410 3117 3555 3170 utea
3566 3130 3694 3186 quae
3716 3117 3885 3170 erant

2234 3208 2483 3261 curaret.
2518 3204 2688 3276 Atqui
2717 3204 2906 3259 factus
2950 3209 3075 3259 erat
3123 3203 3300 3259 homo
3335 3220 3347 3258 :
3382 3206 3739 3276 quapropter
3766 3203 3884 3259 hu-

473 3305 538 3358 σῃ
566 3306 577 3317 ·
612 3283 804 3360 Γέγονε
836 3283 895 3339 δὲ
939 3286 1224 3360 ἄνθρωπος
1252 3308 1263 3320 ·
1317 3284 1406 3340 διὰ
1449 3291 1610 3341 τοῦτο
1663 3288 1752 3341 καὶ
1802 3287 2119 3363 ἀνθρωπείῳ

2237 3311 2411 3349 mano
2434 3274 2828 3348 instrumento
2851 3308 3090 3363 corpore
3107 3291 3386 3348 nimirum
3407 3274 3493 3346 uti
3506 3274 3886 3348 debiuiLAlio-

476 3372 693 3448 ὀργάνῳ
722 3374 990 3449 κέχρηται
1021 3379 1100 3446 τῷ
1132 3375 1366 3447 σώματι.
1397 3377 1566 3446 Ἐπεὶ,
1600 3376 1645 3430 εἰ
1680 3377 1756 3448 μὴ
1791 3364 1985 3430 ’τοῦτον
2019 3373 2124 3431 ἔδει

471 3459 714 3537 γενέσθαι
760 3463 852 3516 τὸν
885 3463 1109 3538 τρόπον,
1142 3468 1257 3525 πῶς
1292 3462 1396 3518 ἔδει
1421 3464 1513 3518 τὸν
1563 3464 1761 3540 Λόγον,
1788 3464 1999 3540 ὀργάνῳ
2046 3464 2126 3529 θέ-

479 3548 644 3603 λοντα
675 3553 1006 3625 χρήσασθαι,
1041 3551 1432 3627 παραγενέσθαι
1461 3571 1473 3620 ;
1506 3553 1574 3607 Ἢ
1604 3553 1764 3616 πόθεν
1801 3551 1906 3607 ἔδει
1962 3558 2122 3607 τοῦτο

473 3633 660 3693 λαϐεῖν
711 3639 872 3694 αὐτὸν
925 3639 971 3694 εἷ
1028 3641 1103 3713 μὴ
1157 3639 1216 3695 ἐκ
1256 3645 1363 3694 τῶν
1395 3639 1503 3710 ἤδη
1536 3640 1841 3716 γενομένων
1872 3642 1962 3695 καὶ
1991 3662 2124 3717 χρῃ-

475 3727 674 3798 ζόντων
708 3735 808 3797 τῆς
855 3728 1019 3783 αὐτοῦ
1054 3729 1310 3797 θεὸτητος
1343 3727 1432 3782 διὰ
1461 3733 1558 3783 τοῦ
1587 3729 1822 3801 ὁμοίου;
1857 3727 1981 3784 οὐδὲ
2022 3733 2122 3806 γάρ

469 3817 537 3870 τὰ
594 3815 693 3871 οὐκ
757 3812 886 3870 ὄντα
947 3813 1145 3892 ἔχρῃζε
1203 3817 1497 3892 σωτηρίας,
1553 3816 1645 3870 *ίνα
1692 3817 1780 3872 καὶ
1838 3819 2120 3893 προστάξει

476 3905 639 3977 μόνον
697 3905 974 3980 ἀρκεσθῇ·
1031 3905 1177 3960 ἀλλὰ
1233 3906 1260 3958 6
1317 3903 1426 3975 ἤδη
1487 3905 1775 3980 γενόμενος
1838 3908 2120 3982 ἄνθρωπος

474 3993 746 4071 ἐφθείρετο
779 3994 869 4048 καὶ
901 3993 1310 4069 παραπώλλυτο
1339 4016 1350 4028 ·
1390 3993 1507 4057 ὅθεν
1541 3993 1764 4056 εἰκότως
1797 3995 2121 4069 ἀνθρωπίνῳ

469 4082 736 4158 κέχρηται
770 4081 952 4144 καλῶς
989 4082 1222 4157 ὀργάνῳ,
1256 4084 1344 4137 καὶ
1395 4083 1471 4145 εἷς
1509 4083 1682 4137 πάντα
1713 4083 1896 4138 ἑαυτὸν
1929 4082 2122 4152 ’ἥπλω-

470 4193 554 4226 σεν
591 4173 618 4225 6
649 4170 842 4246 Λόγος.
879 4173 1104 4225 Ἔπειτα
1131 4171 1221 4224 καὶ
1252 4176 1413 4225 τοῦτο
1447 4170 1642 4239 ἰστέον,
1677 4171 1758 4226 ὅτι
1789 4174 1824 4240 ἡ
1852 4172 2114 4248 γενομένη

470 4262 645 4338 φθορὰ
677 4259 776 4314 οὐκ
805 4258 994 4332 ἔξωθεν
1135 4263 1232 4314 τοῦ
1281 4261 1557 4333 σώματος,
1589 4259 1715 4315 ἀλλ’
1763 4260 1909 4333 αὐτῷ
1957 4283 2121 4337 προσ-

469 4349 723 4426 εγεγόνει,
751 4348 840 4402 καὶ
883 4347 1086 4423 ἀνάγκη
1137 4350 1203 4417 ἧν
1259 4349 1374 4402 ἀντὶ
1417 4355 1516 4417 τῆς
1550 4353 1752 4425 φθορᾶς
1788 4350 1930 4418 ζωὴν
1973 4351 2120 4423 αὐτῷ

2237 3381 2336 3453 qui
2370 3381 2419 3436 si
2451 3397 2566 3436 non
2596 3380 2680 3435 ita
2709 3378 2834 3435 ﬁeri
2883 3378 3161 3450 oportuit,
3212 3394 3466 3450 quonam
3499 3379 3694 3450 modo,
3728 3394 3885 3450 quaa-

2235 3487 2322 3537 so,
2357 3470 2613 3525 Verbum
2655 3469 3049 3523 instrumento
3099 3466 3182 3522 uti
3215 3466 3433 3536 volens,
3465 3482 3527 3522 se
3553 3482 3754 3538 gerere
3783 3467 3884 3522 de-

2233 3559 2362 3614 buit
2383 3559 2411 3612 ‘I
2443 3556 2545 3612 Vel
2579 3558 2732 3612 unde
2764 3556 2910 3611 illud
2957 3556 3218 3628 accipere
3245 3555 3640 3622 conveniebat,
3671 3554 3785 3610 nisi
3814 3572 3884 3612 ex

2234 3648 2332 3702 69
2365 3647 2458 3703 his
2491 3664 2617 3718 quae
2640 3647 2766 3717 jam
2799 3646 2950 3701 facta
2978 3648 3146 3699 erant
3173 3644 3421 3715 ejusque
3449 3643 3750 3700 divinitate
3777 3661 3881 3716 per

2232 3736 2426 3792 simile
2458 3751 2670 3806 corpus
2706 3734 3090 3806 indigebant?
3117 3734 3232 3789 Nec
3279 3733 3436 3788 enim
3483 3749 3570 3801 ea,
3604 3749 3731 3805 quae
3761 3750 3877 3790 non

2232 3827 2419 3889 erant,
2450 3824 2699 3894 egebant
2748 3822 2954 3888 salute,
2987 3825 3054 3876 ut
3103 3826 3161 3878 et
3207 3824 3435 3878 tantum
3478 3822 3684 3894 jubere
3731 3822 3876 3879 satis

2231 3928 2359 3969 esse
2391 3915 2588 3983 posset
2615 3929 2628 3967 :
2663 3912 2763 3966 sed
2794 3910 2970 3966 homo
3009 3911 3135 3981 jam
3179 3909 3367 3966 factus
3395 3911 3883 3984 corrumpebatur

2232 4019 2298 4057 ac
2353 4001 2580 4074 peribat
2628 4018 2642 4067 ;
2703 4003 3060 4073 quaprOpter
3102 3999 3510 4056 convenienter
3555 3999 3876 4056 admodum

2230 4089 2486 4144 Verbum
2508 4088 2767 4144 humano
2785 4105 2959 4144 usum
2991 4092 3080 4144 est
3099 4087 3513 4157 instrumento,
3531 4105 3596 4144 ac
3617 4089 3879 4161 seipsum

2231 4176 2290 4231 in
2321 4175 2519 4231 omnia
2550 4175 2850 4247 expandit.
2886 4174 3105 4230 Deinde
3137 4174 3281 4230 illud
3313 4191 3544 4248 quoque
3573 4176 3880 4232 sciendum

2231 4269 2340 4332 est,
2365 4265 2520 4335 quod
2553 4269 2678 4320 orta
2706 4263 3000 4335 corruptio
3031 4280 3148 4319 non
3176 4267 3337 4319 extra
3365 4279 3577 4335 corpus
3609 4269 3754 4336 erat,
3777 4267 3880 4322 sed

2230 4354 2281 4409 ei
2315 4353 2547 4425 penitus
2595 4351 2952 4408 inhaeserat:
2995 4352 3151 4407 unde
3198 4367 3436 4408 necesse
3483 4367 3718 4423 quoque
3770 4352 3884 4409 fuit

539 4509 653 4590 (4.8)
686 4507 783 4563 Sic
808 4507 1055 4590 ‘Anglic.
1105 4507 1281 4590 Dasi-l.
1331 4513 1390 4563 et
1435 4512 1673 4590 Seguer.
1730 4508 1840 4590 ᾼΙίἰ
1873 4526 2024 4590 vero
2065 4516 2122 4567 et
2151 4517 2198 4581 Β
2229 4513 2664 4590 dissolveretur,
2678 4516 2734 4590 et
2761 4511 3132 4590 ininﬁnitum
3157 4510 3657 4590 dissimilitudinis
3679 4510 3876 4590 locum

467 4576 645 4649 editi,’
671 4576 1094 4650 μεταλαμϐάνει.
1129 4579 1351 4634 Ibidem
1383 4576 1667 4636 artic—nius
1696 4578 1761 4632 τά
1792 4585 1922 4636 ante
1948 4581 2120 4636 πάντα

468 4653 631 4708 deest
659 4651 727 4722 ini
750 4650 1097 4722 Gobleriano
1125 4655 1184 4706 et
1209 4650 1602 4722 Felckmanni
1637 4654 1662 4706 1
1699 4668 2007 4722 anonymo.

684 4721 779 4776 ΗξΒ
807 4739 995 4790 voces,
1030 4721 1058 4796 ῥ
1088 4720 1232 4796 ποιρά
1254 4726 1372 4783 τοῖς
1411 4719 1647 4796 Ἑλλησι
1681 4719 2113 4796 θαυμαζόμενος,

465 4793 877 4851 desiderantur
919 4796 980 4850 in
1029 4793 1258 4849 Gobler.
1321 4797 1379 4850 et
1426 4794 1680 4849 Felckm.
1745 4793 1793 4847 1’
1833 4793 1938 4849 an.
1984 4795 2118 4850 Mox

465 4866 610 4921 ibid.
641 4864 867 4935 Anglic.
903 4864 1132 4922 Gobler.
1176 4865 1430 4920 Felckm.
1466 4867 1491 4919 1
1525 4883 1618 4920 an.
1653 4870 1709 4921 et
1739 4867 1976 4936 Seguer.
2011 4867 2114 4920 ha-

466 4937 625 5004 bent,
658 4937 890 5010 ve‘rrjouc
911 4955 922 4967 '
956 4937 1054 4994 alii
1082 4940 1143 5010 et
1172 4937 1336 5003 editi,
1365 4937 1644 5010 γεννήσας.
1678 4937 2009 5010 Hicautem
2031 4937 2115 5010 lo-

466 5025 568 5094 cus
599 5007 680 5094 ex;
700 5007 958 5094 Platonis
990 5009 1222 5094 P‘ol‘z't‘ico
1244 5007 1551 5094 excerptus
1573 5008 1805 5094 est,‘ub'i
1836 5008 1918 5063 ita
1940 5009 2114 5094 paulo

466 5080 634 5135 aliter
665 5078 878 5150 legitur
912 5098 923 5134 :
959 5079 1052 5150 Διὸ
1184 5079 1271 5150 καὶ
1325 5075 1435 5150 τότἸ
1466 5075 1574 5147 ἤδη
1609 5075 1739 5150 Θεὸς
1772 5078 1798 5130 6
1828 5075 2110 5150 κοσμήσας

465 5150 646 5219 αὐτὸν,
680 5145 938 5238 ’διοξθορῐιὸνχ
974 5149 1024 5203 έν
1076 5149 1326 5238 ἀπορίαξς
1377 5145 1536 5240 ἐόντα,
1566 5145 1874 5236 κηδόμενος
1900 5145 2006 5202 τίνα’

679 5231 697 5240 ιι,
849 5221 862 5240 (
1172 5229 1198 5238 ιν
1291 5229 1300 5240 ξ
1454 5233 1470 5240 λ
1513 5223 1524 5238 ‘
1636 5222 1648 5240 ε
1913 5227 1940 5237 ~

463 5217 946 5296 χειμα’σθείς,’ῥπὸ
984 5217 1232 5294 ταραχῆς
1282 5217 1558 5296 διαλυθεὶς
1715 5217 1823 5296 ’τρν
1865 5227 1974 5296 ⁵τῆς
2024 5217 2111 5296 civ?

463 5289 799 5364 ὁμοιότητος
815 5289 1205 5369 *ἄπειρονοντα
1231 5291 1396 5346 τόπον
1433 5290 1730 5366 ὃῦῃ,πάλιν
1765 5289 1988 5369 ἔφεδρος
2015 5291 2111 5369 αὖ·

458 5360 556 5439 τοῦ
587 5360 695 5439 τῶν
727 5360 1010 5433 πηδαλίων
1043 5363 1384 5439 γιγνόμενος,
1414 5364 1481 5439 τὰ
1509 5360 1832 5439 ’νοσήσαντα
2015 5361 2111 5417 λυ-

464 5435 619 5499 θέντα
670 5433 721 5487 έν
771 5432 840 5508 τῇ
870 5437 999 5510 κατ’
1049 5432 1212 5490 αὐτὸν
1262 5432 1499 5510 προτέρᾳ
1553 5432 1792 5510 περιόδῳ
1857 5432 2108 5510 στρέψας,

459 5511 659 5578 κοσμεῖ
683 5527 763 5576 τε,
795 5506 885 5560 καὶ
937 5506 1269 5583 ἐπανορθῶν,
1307 5506 1577 5568 ἀθάνατον
1624 5506 1781 5560 αὐτὸν
1839 5506 1932 5559 καῖ
1975 5506 2113 5579 ἀγγε-

467 5598 545 5652 ρω
576 5578 948 5652 ἀπεργάζεται.
986 5581 1046 5636 Id
1104 5578 1193 5636 est
1224 5598 1237 5635 ε
1271 5582 1547 5652 «itaque
1603 5584 1744 5635 tunc
1799 5579 1952 5652 Deus
2012 5578 2112 5649 qui

467 5650 760 5723 mundum
793 5656 1116 5723 ornaverat,
1149 5668 1283 5708 eum
1314 5650 1374 5723 in
1429 5650 1733 5723 angustias
1782 5650 2112 5723 conjectum

463 5721 692 5791 videns,
720 5721 1008 5782 sollicitus
1033 5740 1105 5782 ne
1135 5725 1218 5782 ita
1238 5722 1392 5781 male
1421 5720 1823 5798 agitatus,prae
1843 5720 2110 5778 tumultu

2231 4587 2623 4656 mergeretur:
2657 4584 2728 4637 ad
2755 4581 3302 4656 ejus.gu_bernacula
3323 4598 3528 4656 rursus
3550 4583 3874 4656 sed_et,par-

2227 4653 2432 4727 tesque
2463 4655 2791 4711 laborantes
2819 4670 2884 4708 ac
2915 4653 3138 4709 solutas
3169 4654 3238 4708 ad
3263 4653 3579 4725 pristinum
3610 4653 3877 4727 sibicon-

2227 4725 2470 4782 formem
2503 4730 2724 4781 statum
2774 4741 3060 4797 revocans
3080 4740 3415 4796 ornansque
3443 4728 3501 4780 et
3519 4725 3871 4797 emendans,

2223 4797 2617 4853 immortalem
2649 4812 2785 4852 eum
2816 4800 2873 4852 et
2918 4795 3065 4868 senii
3098 4794 3393 4868 expertem
3437 4794 3646 4851 reddit.
3677 4818 3707 4848 »
3741 4794 3874 4854 Haec

2222 4869 2364 4924 ibid.
2399 4869 2689 4924 Nimirum
2711 4869 2879 4923 docet
2902 4866 3081 4934 Plato,
3105 4866 3289 4924 Deum
3320 4870 3452 4939 post
3471 4870 3734 4939 exactam
3765 4885 3869 4925 au-

2223 4957 2382 4996 ream
2413 4939 2649 5013 Saturni
2681 4943 3037 5013 mtatem,pe_r
3054 4955 3230 5013 quam
3252 4938 3541 5013 mundum
3561 4938 3691 5009 ipse
3711 4955 3873 5013 rege-

2221 5013 2342 5080 bat,
2374 5013 2505 5082 ejus
2535 5010 3256 5083 gubernaculadimisisse
3283 5026 3303 5083 _:
3337 5027 3452 5082 quo
3484 5011 3657 5077 facto,
3689 5010 3878 5067 mu'no'

2222 5084 2363 5138 dum
2397 5080 2810 5154 post—multum
2843 5082 3144 5153 temporis,
3173 5080 3484 5154 variasque
3530 5083 3860 5154 conversio-

2222 5171 2325 5210 nes
2356 5151 2437 5208 ita
2466 5153 2769 5221 defecisse,
2803 5157 2867 5208 ut
2895 5151 3352 5224 peneperiisset,
3376 5151 3490 5208 nisi
3517 5151 3718 5224 statim
3741 5170 3870 5209 suc-

2220 5226 2522 5351 gurrgssett
2545 5225 2720 5294 Deus,
2754 5222 2998 5295 ejusque
3043 5222 3257 5280 iterum
3305 5222 3704 5298 gubernacula
3733 5241 3864 5297 pre-

2263 5314 2333 5351 en
2381 5312 2494 5351 isse
2530 5337 2543 5349 .

2263 5297 2543 5352 endisset.

2295 5369 2406 5440 (50)
2433 5369 2694 5439 Seguer.,
2738 5364 2966 5420 Gobler.
2999 5368 3056 5419 et
3102 5364 3436 5421 Felckman.
3469 5367 3497 5421 1
3532 5381 3730 5438 anon.,
3767 5363 3868 5438 μό-

2219 5459 2332 5492 νον.

2293 5511 2404 5581 (51)
2452 5510 2714 5579 Seguer.,
2761 5502 3025 5581 οὐδαμοῦ.
3080 5507 3459 5581 Paulo_po_st,
3491 5509 3649 5581 post_
3665 5511 3867 5581 vocem

2221 5577 2504 5655 ἄνθρωπος
2533 5577 2700 5636 deest
2728 5577 3016 5650 particula
3045 5577 3133 5632 καί
3163 5579 3223 5635 in
3256 5577 3581 5636 Gobler.‘et
3608 5578 3866 5635 Felckm.

2225 5655 2249 5707 1
2285 5670 2457 5708 anon.
