4178 6444
286 417 402 486 176

284 648 527 705 modum
557 666 718 707 mors
737 652 797 707 in
828 669 1067 725 corpore
1089 656 1368 725 producta
1389 656 1595 725 fuerat,
1617 656 1701 712 ita
1729 659 1786 712 et
1807 654 1926 710 vita

282 735 346 792 in
376 738 579 794 eodem
628 741 1060 812 produceretur.
1095 745 1295 816 Itaque
1344 745 1393 801 si
1425 762 1583 801 mors
1607 747 1770 801 extra
1797 760 1924 799 cor-

284 841 399 898 pus
420 826 647 898 fuisset,
670 834 831 886 extra
848 830 1044 904 ipsum
1071 849 1304 905 quoque
1318 834 1435 891 vita
1455 851 1583 890 esse
1604 832 1920 889 debuisset.

285 914 398 971 Sed
431 916 479 972 si
511 933 669 989 mors
715 918 775 975 in
819 936 1058 993 corpore
1089 921 1428 991 inhaerebat,
1478 938 1662 995 eoque
1710 921 1926 977 idcirco

284 1003 489 1061 fortior
526 1011 693 1062 erat:
727 1010 987 1080 profecto
1035 1027 1272 1068 necesse
1325 1028 1559 1084 quoque
1608 1011 1720 1066 fuit
1748 1010 1926 1066 vitam

285 1093 512 1166 corpori
543 1096 844 1170 inhaerere,
875 1103 941 1155 ut
970 1116 1181 1172 corpus
1220 1101 1340 1155 vita
1369 1099 1493 1156 loco
1524 1100 1729 1156 mortis
1760 1100 1927 1155 indu-

280 1184 432 1251 tum,
465 1186 895 1258 corruptionem
925 1188 1221 1260 abjiceret.
1249 1188 1563 1260 Cesteroqui
1595 1189 1645 1244 si
1677 1188 1926 1244 Verbum

282 1275 444 1328 extra
471 1288 683 1346 corpus
712 1280 770 1331 et
800 1293 915 1332 non
946 1277 1006 1331 in
1036 1277 1164 1349 ipso
1194 1285 1435 1349 corpore
1463 1293 1593 1333 esse
1621 1276 1922 1343 voluisset,

284 1352 443 1417 Iﬁors
476 1363 715 1434 quidem
744 1364 913 1421 valde
941 1367 1289 1422 naturaliter
1317 1367 1390 1422 ab
1420 1382 1486 1422 eo
1517 1366 1725 1422 fuisset
1753 1366 1923 1434 victa,

282 1449 500 1522 quippe
529 1468 657 1523 quas
702 1453 830 1509 vitm
879 1454 1148 1509 resistere
1196 1470 1312 1509 non
1364 1458 1581 1526 queat:
1614 1458 1673 1510 at
1709 1453 1925 1510 nihilo-

281 1538 480 1596 minus
517 1545 715 1597 exorta
758 1542 1057 1615 corruptio
1084 1544 1143 1599 in
1192 1561 1432 1616 corpore
1482 1544 1923 1617 permansisset.

282 1628 563 1695 Quocirca
590 1630 757 1688 valde
804 1637 1196 1704 congruenter
1242 1649 1453 1705 corpus
1505 1633 1701 1689 induit
1728 1632 1924 1689 Salva-

281 1719 392 1783 tor,
424 1721 491 1773 ut
517 1735 730 1791 corpus
760 1720 885 1777 vitae
916 1720 1209 1780 iubeamus
1230 1740 1344 1779 non
1367 1722 1624 1794 amplius
1648 1722 1708 1778 in
1742 1726 1928 1779 morte

279 1809 566 1880 tanquam
598 1808 843 1866 mortale
879 1816 1248 1882 permaneret
1279 1828 1291 1868 :
1325 1813 1427 1868 sed
1477 1817 1543 1868 ut
1572 1810 1924 1868 immortali-

282 1896 672 2000 tatem‘veluti
715 1898 991 1969 induens,
1021 1902 1401 2000 postmodum
1451 1917 1766 1975 resurgens
1812 1901 1923 1955 im-
1956 1934 2006 2000 B

282 1984 529 2042 mortale
582 1990 891 2058 perstaret.
947 1988 1139 2045 Semel
1195 1989 1354 2047 enim
1403 1989 1680 2046 indutum
1729 2006 1928 2046 corru-

291 2073 513 2145 ptione,
542 2090 846 2149 resurgere
863 2092 1169 2151 nunquam
1190 2079 1497 2152 potuisset,
1518 2078 1635 2136 nisi
1663 2077 1937 2136 similiter

292 2162 471 2219 vitam
502 2163 811 2222 induisset.
860 2166 1145 2224 Praeterea
1188 2184 1348 2224 mors
1380 2185 1483 2241 per
1532 2168 1789 2240 seipsam
1818 2185 1934 2225 non

294 2252 410 2308 nisi
467 2252 528 2309 in
583 2269 821 2327 corpore
860 2271 1140 2329 apparere
1194 2260 1385 2329 potest
1434 2274 1447 2312 :
1507 2257 1665 2313 unde
1718 2256 1934 2312 idcirco

292 2357 505 2414 corpus
532 2342 743 2413 induit,
778 2347 844 2399 ut
891 2348 1140 2401 mortem
1189 2360 1367 2416 quam
1399 2347 1459 2401 in
1508 2361 1749 2417 corpore
1777 2344 1935 2401 inve-

293 2435 463 2488 nerat
502 2431 1055 2491 deleret.Enimvero
1074 2450 1331 2506 quonam
1370 2439 1541 2505 pacto
1561 2433 1936 2507 perspicuum

288 2519 500 2577 fuisset
517 2520 833 2578 Dominum
853 2522 1033 2579 vitam
1056 2539 1204 2595 esse,
1228 2522 1342 2579 nisi
1361 2523 1515 2595 quod
1546 2521 1791 2579 mortale
1816 2526 1938 2578 erat

286 2607 409 2664 vita
459 2609 782 2667 donasset?
810 2610 1047 2668 Scilicet
1092 2612 1593 2684 quemadmodum
1643 2611 1694 2666 si
1740 2611 1873 2683 quis
1903 2628 1937 2666 a

288 2696 524 2770 stipula,
554 2714 682 2770 quae
712 2699 784 2755 ab
832 2699 967 2773 igne
996 2717 1100 2772 pro
1149 2704 1363 2756 natura
1409 2717 1517 2757 sua
1546 2701 1934 2767 consumitur,

291 2786 490 2860 ignem
519 2788 850 2856 removerit,
874 2788 1117 2844 minime
1147 2790 1387 2861 quidem
1414 2789 1517 2845 illa
1547 2789 1936 2859 comburitur,

293 2875 397 2930 sed
417 2878 617 2931 tamen
648 2892 882 2949 semper
909 2877 1131 2950 stipula
1159 2882 1377 2945 manet,
1404 2877 1640 2950 vimque
1662 2879 1817 2951 ignis
1847 2896 1939 2934 ex-

289 2963 569 3031 timescit,
601 2982 637 3021 a
667 2981 783 3037 quo
813 2981 1023 3038 nempe
1070 2966 1413 3023 naturaliter
1440 2967 1802 3036 assumitur;
1836 2969 1938 3024 sed

297 3052 347 3109 si
377 3054 512 3123 quis
538 3052 793 3125 plurimo
815 3054 1096 3123 amianto,
1123 3054 1223 3127 qui
1252 3054 1371 3127 igni
1405 3055 1675 3112 resistere
1705 3054 1938 3127 dicitur,

295 3140 575 3214 stipulam
605 3142 903 3211 munierit,
935 3142 1040 3200 illa
1068 3143 1409 3216 hujusmodi
1443 3143 1713 3216 praesidio
1736 3160 1942 3201 secura

820 426 888 493 s.
931 429 1358 496 ATHANASII
1401 430 1575 496 epp.
1623 429 1822 496 mas
1864 429 1916 494 ι.
1944 458 2026 477 -
2053 400 2475 493 meream
2515 428 2619 493 nr
2658 428 3139 495 DOGMATIGA.

283 557 463 615 vitam
493 558 607 633 ipsi
635 577 740 634 pro
784 565 1156 637 corruptione
1197 566 1500 634 inhaerere,
1532 570 1599 623 ut
1644 566 1924 638 quemad-

2045 559 2455 637 προσπλακῆναι
2516 564 2626 637 (52)
2652 581 2665 631 ;

3560 428 3680 494 176

2721 560 2813 619 ’ίνα
2868 561 3051 640 ὥσπερ
3109 563 3162 619 ἐν
3220 565 3302 637 τῷ
3348 563 3562 638 σώματι
3590 562 3681 641 γέ-

2031 670 2183 726 γονεν
2235 650 2264 705 6
2314 651 2562 722 θάνατος,
2596 650 2771 714 οὕτως
2821 650 2874 709 ἐν
2922 652 3070 725 αὐτῷ
3098 650 3318 729 γένηται
3349 652 3442 708 καὶ
3471 654 3507 722 ἡ
3542 655 3679 725 ζωή.

2033 737 2098 792 Ei
2141 739 2235 812 μὲν
2270 737 2362 793 οὗν
2396 736 2587 812 ἔξωθεν
2618 740 2685 809 ἦν
2718 740 2746 794 6
2778 740 3004 804 θάνατος
3033 744 3131 795 τοῦ
3179 741 3455 814 σώματος,
3488 737 3680 814 ἔξωθεν

2034 824 2141 883 ἔδει
2172 827 2261 883 καὶ
2289 829 2389 897 τὴν
2420 830 2562 899 ζωήν
2596 828 2761 885 αὐτοῦ
2796 829 3070 906 γεγονέναι
3093 851 3106 865 ο
3161 829 3207 885 εί
3259 827 3318 885 δὲ
3364 828 3416 885 ἐν
3467 830 3683 903 σώματι

2035 914 2343 988 συνεπλάκη
2378 918 2407 972 6
2440 915 2687 990 θάνατος,
2719 918 2810 973 καὶ
2842 919 2919 981 ὡς
2948 919 3120 974 συνὼν
3170 918 3317 991 αὐτῷ
3368 918 3682 995 κατεκράτει

2032 1004 2229 1060 τούτου
2257 1028 2270 1041 ο
2302 1005 2504 1083 ἀνάγκη
2536 1007 2627 1061 καὶ
2663 1008 2763 1076 τὴν
2796 1008 2940 1077 ζωὴν
2974 1005 3364 1081 συμπλακῆναι
3393 1012 3475 1080 τῷ
3522 1010 3685 1082 σώμα

2032 1115 2107 1166 τι,
2134 1086 2227 1149 ’ίνα
2273 1094 2583 1160 ἀντενδυθὶν
2619 1095 2683 1151 τὸ
2716 1100 2877 1169 σῶμα
2907 1097 3008 1166 τὴν
3063 1098 3231 1169 ζωὴν,
3276 1091 3532 1172 ἀποϐάλῃ
3580 1098 3681 1166 τὴν

2035 1183 2258 1260 φθοράν.
2292 1183 2516 1248 Ἀλλως
2545 1206 2623 1257 τε,
2654 1184 2701 1240 εί
2731 1185 2820 1240 καὶ
2851 1184 3089 1261 ἐγεγόνει
3121 1181 3222 1260 ἔξω
3275 1191 3374 1242 τοῦ
3429 1186 3683 1259 σώματος

2035 1272 2064 1325 6
2104 1272 2303 1347 Λόγος,
2337 1273 2423 1328 καὶ
2461 1274 2537 1347 μὴ
2570 1272 2622 1328 ἐν
2654 1273 2822 1346 αὐτῷ,
2857 1274 2885 1328 6
2919 1275 3013 1347 μὲν
3066 1274 3290 1339 θάνατος
3344 1276 3544 1343 ἡττᾶτο
3595 1275 3685 1329 ὑπ’

2034 1360 2199 1416 αὐτοῦ
2230 1363 2592 1440 φυσικώτατα,
2627 1362 2717 1417 ἅτε
2748 1359 2815 1431 δὴ
2851 1363 2928 1435 μή
2976 1362 3262 1439 ἰσχύοντος
3308 1367 3407 1418 τοῦ
3455 1362 3685 1427 θανάτου

2034 1450 2170 1504 κατὰ
2212 1457 2313 1519 τῆς
2373 1456 2517 1521 ζωῆς
2543 1473 2556 1485 ·
2618 1448 2771 1506 οὐδὲν
2827 1453 2989 1520 ἦττον
3040 1448 3099 1507 δὲ
3147 1453 3258 1526 (53)
3290 1447 3472 1524 ἔμενεν
3523 1451 3575 1507 ἐν
3604 1455 3686 1524 τῷ

2035 1538 2313 1611 σώματιὴ
2362 1538 2774 1616 προσγενομένη
2825 1538 3037 1618 φθορά·
3099 1536 3190 1595 διὰ
3243 1545 3405 1595 τοῦτο
3456 1538 3683 1601 εἰκότως

2036 1624 2316 1683 ἐνεδύσατο
2370 1632 2531 1701 σῶμα
2574 1628 2602 1682 6
2660 1628 2880 1704 Σωτὴρ,
2939 1626 3052 1701 τίνα,
3111 1627 3521 1701 σιμπλακέντος
3585 1632 3692 1701 τοῦ.

2034 1716 2289 1788 σώματος
2318 1720 2387 1791 τῇ
2423 1721 2558 1790 ζωῇ,
2593 1715 2788 1790 μηκέτι
2821 1717 2895 1779 ὡς
2928 1717 3122 1788 θνητὸν
3172 1716 3442 1792 ἀπομείνῃ
3498 1716 3551 1773 ἐν
3599 1721 3681 1789 τῷ

2034 1804 2267 1878 θανάτῳ,
2298 1803 2426 1865 ἀλλ’
2456 1804 2533 1868 ὡς
2583 1802 2939 1879 ἐνδυσάμενον
2987 1807 3087 1874 τήν
3139 1805 3447 1879 ἀθανασίαν,
3488 1805 3683 1862 λοιπὸν

2033 1892 2259 1949 ἀναστὰν
2333 1893 2595 1959 ἀθάνατον
2656 1891 2925 1968 διαμείνῃ.
2970 1896 3145 1968 ’Ἃπαξ
3220 1894 3325 1972 γὰρ
3399 1891 3689 1969 ἐνδυσάμε-

2039 2002 2128 2037 νον
2164 1984 2276 2057 (54)
2308 1982 2510 2061 φθορὰν
2545 1982 2646 2038 οὐκ
2684 1982 2742 2037 ἂν
2789 1981 3006 2056 ἀνέστη,
3039 1982 3086 2038 εἰ
3133 1984 3210 2056 μὴ
3270 1980 3551 2040 ἐνεδύσατο
3583 1985 3686 2054 τὴν

2044 2073 2189 2143 ζωήν
2216 2093 2229 2107 σ
2259 2072 2349 2127 καὶ
2379 2071 2542 2128 πάλιν
2577 2070 2802 2137 θάνατος
2840 2073 2959 2136 καθ’
2989 2072 3174 2128 ἑαυτὸν
3223 2071 3324 2128 οὐκ
3360 2073 3421 2128 ἂν
3473 2072 3687 2151 φανείη,

2043 2159 2089 2214 εἷ
2124 2161 2200 2233 μὴ
2227 2159 2278 2215 ἐν
2308 2164 2389 2233 τῷ
2417 2161 2629 2234 σώματι
2655 2183 2668 2196 -
2702 2157 2791 2216 διὰ
2835 2165 2998 2216 τοῦτο
3056 2157 3336 2216 ἐνεδύσατο
3392 2165 3570 2235 σῶμα,
3596 2158 3690 2215 ’ἕνα

2039 2249 2132 2304 τὸν
2174 2247 2396 2313 θάνατον
2430 2249 2480 2305 ἐν
2510 2254 2589 2323 τῷ
2618 2250 2830 2323 σώματι
2862 2249 3030 2327 εὑρὼν
3083 2248 3377 2325 ἀπαλείψῃ.
3409 2254 3535 2313 Πῶς
3584 2249 3690 2328 γὰρ

2043 2337 2102 2393 ἂν
2131 2337 2276 2401 ὅλως
2310 2339 2338 2394 6
2359 2339 2555 2416 Κύριος
2589 2336 2810 2416 ἐδείχθη
2846 2340 2983 2412 ζωὴ,
3015 2339 3061 2395 εί
3096 2341 3172 2414 μή
3201 2339 3267 2395 τὸ
3300 2340 3494 2411 θνητὸν
3528 2339 3693 2409 ἐζωο-

2041 2427 2400 2499 ποίησε;Καὶ
2458 2427 2638 2507 ὥσπερ
2694 2436 2795 2499 τῆς
2842 2427 3097 2503 καλάμης
3150 2429 3255 2484 ὑπὸ
3312 2429 3484 2506 πυρὸς
3538 2428 3693 2508 φύσει

2044 2516 2427 2595 φθειρομένης,
2461 2517 2505 2573 εἰ
2536 2517 2739 2574 κωλύει
2778 2539 2862 2581 τις
2892 2522 2999 2595 πῦρ
3029 2518 3136 2573 ἀπὸ
3165 2524 3266 2588 τῆς
3314 2518 3594 2592 καλάμης,
3628 2516 3693 2573 οὗ

2043 2605 2247 2662 καίεται
2282 2606 2375 2679 μὲν
2408 2608 2442 2675 ἡ
2475 2605 2720 2679 καλάμη,
2759 2605 2904 2679 μένει
2953 2603 3011 2661 δὲ
3057 2605 3205 2669 ὅλως
3250 2605 3415 2663 πάλιν
3464 2605 3691 2680 καλάμη

2042 2698 2079 2765 ἡ
2110 2694 2335 2768 καλάμη
2369 2695 2740 2751 ὑποπτεύουσα
2765 2697 2865 2765 τὴν
2891 2699 2989 2750 τοῦ
3020 2694 3190 2769 πυρὸς
3223 2693 3457 2765 ἀπειλήν
3483 2714 3497 2728 ⁸
3538 2694 3693 2772 φύσει

2044 2784 2148 2860 γὰρ
2173 2783 2509 2839 ἀναλωτικόν
2543 2783 2681 2839 ἐστιν
2857 2782 3026 2854 αὐτῆς
3084 2782 3148 2838 τὸ
3204 2788 3312 2859 πῦρ
3338 2794 3371 2817 ’ἡ
3403 2782 3451 2838 εἰ
3509 2781 3567 2838 δέ
3607 2804 3695 2846 τις

2047 2869 2347 2928 ἐνδιδύσκοι
2377 2873 2475 2941 τήν
2507 2869 2762 2945 καλάμην
2796 2871 3043 2945 ἀμιάντῳ
3070 2869 3290 2944 πολλῷ,
3312 2872 3342 2926 ὃ
3375 2868 3443 2940 δὴ
3477 2869 3693 2947 λέγεται

2047 2961 2332 3025 ἀντιπαθὶς
2365 2960 2497 3017 εἶναι
2528 2965 2625 3016 τοῦ
2654 2960 2824 3036 πυρός
3016 2982 3028 2995 ·
3078 2959 3179 3015 οὐκ
3207 2956 3284 3015 ἔτι
3326 2959 3389 3015 τὸ
3445 2965 3552 3037 πῦρ
3601 2982 3696 3039 φο-

2048 3045 2221 3106 ϐεῖται
2252 3053 2287 3121 ή
2318 3048 2564 3123 καλάμη,
2600 3044 2801 3126 ἔχουσα
2848 3050 2961 3123 τὴν,
3008 3048 3300 3126 ἀσφάλειαν
3352 3049 3412 3105 ἐκ
3465 3054 3564 3104 τοῦ
3610 3049 3694 3105 ἐν-

2049 3137 2290 3212 δύματος
2320 3143 2417 3194 τοῦ
2448 3138 2714 3195 ἀκαύστου
2741 3161 2754 3174 ο
2802 3139 2895 3194 τὸν
2928 3138 3087 3194 αὐτὸν
3121 3136 3188 3208 δὴ
3217 3137 3421 3215 τρόπον
3467 3137 3556 3193 καὶ
3606 3137 3696 3194 ἐπὶ

293 3229 440 3285 nihil
469 3229 826 3302 ampliusab
856 3231 992 3305 igne
1012 3230 1342 3288 timendum
1372 3232 1585 3288 habet:
1610 3232 1766 3289 idem
1797 3249 1935 3290 sane

2046 3232 2145 3283 τοῦ
2190 3229 2445 3301 σώματος
2493 3229 2581 3284 καὶ
2641 3227 2727 3283 ἐπὶ
2765 3232 2865 3283 τοῦ
2894 3226 3122 3292 θανάτου
3152 3228 3213 3282 ἄν
3239 3247 3324 3290 τις
3355 3222 3528 3282 εἷ’ποι·
3587 3225 3695 3297 ὅτι,

292 3319 364 3375 de
392 3299 631 3392 corpore
680 3299 745 3376 et
779 3320 851 3377 de
879 3299 1067 3378 morte
1113 3321 1248 3378 licet
1298 3322 1508 3379 dicere.
1542 3321 1833 3379 Nimirum
1883 3323 1934 3380 si

2046 3316 2093 3373 εἰ
2122 3299 2402 3394 προστάξει
2437 3317 2601 3391 μόνον
2632 3316 2901 3382 κωλυθεὶς
2932 3318 2998 3387 ἦν
3032 3316 3061 3371 6
3092 3315 3316 3381 θάνατος
3367 3316 3455 3371 ὑπ’
3509 3315 3695 3388 αὐτοῦ,

291 3423 451 3464 mors
482 3407 605 3464 solo
625 3408 805 3480 jussu
835 3426 869 3465 a
915 3425 1156 3483 corpore
1183 3410 1416 3471 {fuisset
1443 3410 1760 3483 prohibita,
1792 3411 1943 3468 nihi-

287 3495 547 3553 lominus
576 3497 820 3554 mortale
852 3501 910 3554 et
939 3499 1303 3572 corruptioni
1351 3500 1666 3556 obnoxium
1698 3518 1803 3573 pro
1835 3518 1938 3557 na-

288 3588 424 3642 tura
451 3602 762 3658 corporum
813 3587 1168 3655 mansisset;
1201 3589 1357 3662 quod
1384 3604 1460 3645 ne
1510 3589 1815 3660 accideret,
1848 3590 1939 3646 in-

290 3691 636 3747 corporeum
668 3677 766 3731 Dei
794 3674 1054 3733 Verbum
1084 3678 1297 3747 induit,
1333 3681 1509 3750 atque
1538 3677 1624 3733 ita
1653 3694 1760 3734 nec
1790 3695 1942 3735 mor-

291 3767 412 3820 tem
468 3779 574 3820 nec
620 3765 1055 3836 corruptionem
1104 3766 1383 3839 deinceps
1431 3770 1672 3833 metuet,
1723 3767 1942 3841 quippe

293 3868 430 3908 cum
460 3852 643 3909 vitam
671 3853 1084 3911 indumentum
1114 3854 1346 3927 habeat,
1377 3858 1435 3911 et
1459 3855 1755 3928 corruptio
1784 3856 1844 3912 in
1875 3874 1941 3915 eo

292 3944 618 3997 evanescat.

365 4030 454 4085 45.
481 4029 664 4086 Valde
692 4030 876 4103 igitur
894 4030 1299 4088 convenienter
1319 4031 1421 4089 Dei
1442 4033 1700 4089 Verbum
1730 4050 1942 4108 corpus

294 4119 621 4191 assumpsit
651 4123 709 4175 et
735 4119 996 4176 humano
1029 4136 1204 4175 usum
1237 4124 1328 4177 est
1350 4120 1765 4190 instrumento,
1796 4128 1862 4180 ut
1886 4128 1944 4181 et

292 4207 521 4279 corpori
576 4206 758 4262 vitam
810 4207 1157 4279 impertiret,
1216 4213 1273 4265 et
1326 4210 1823 4282 quemadmodum
1881 4212 1940 4268 in

292 4295 513 4352 mundo
541 4311 611 4351 ex
660 4295 937 4368 operibus
983 4297 1374 4370 cognoscitur,
1406 4298 1488 4354 ita
1537 4299 1713 4356 etiam
1742 4300 1804 4356 in
1838 4300 1942 4357 ho-

291 4384 451 4441 mine
480 4388 682 4456 ageret
699 4387 757 4440 et
777 4383 1038 4456 seipsum
1062 4385 1280 4459 ubique
1301 4388 1943 4461 patefaceret,nihilque

292 4489 403 4529 sua
431 4472 734 4529 divinitate
781 4476 838 4528 et
886 4473 1218 4547 cognitione
1262 4492 1514 4531 vacuum
1563 4476 1939 4550 relinqueret.

293 4561 397 4617 Hic
426 4561 583 4617 enim
616 4561 821 4617 eadem
844 4577 973 4633 quas
1007 4578 1188 4634 supra
1207 4565 1446 4620 tractavi
1480 4569 1698 4637 repeto,
1723 4565 1945 4623 scilicet

2049 3403 2201 3462 οὐδὲν
2250 3408 2411 3476 ἧττον
2444 3406 2609 3463 πάλιν
2641 3408 2709 3477 ἧν
2742 3405 2937 3478 θνητὸν
2990 3405 3081 3461 καὶ
3136 3404 3369 3485 φθαρτὸν
3418 3405 3556 3461 κατὰ
3602 3403 3696 3460 τὸν

2044 3499 2152 3550 τῶν
2204 3494 2471 3568 σωμάτων
2523 3495 2713 3571 λόγον.
2747 3494 2905 3550 Ἀλλ’
2944 3492 3037 3550 ’ἱνα
3095 3495 3172 3568 μὴ
3230 3498 3392 3550 τοῦτο
3449 3493 3698 3568 γένηται,

2049 3581 2330 3640 ἐνεδύσατο
2372 3584 2464 3639 τὸν
2514 3583 2802 3658 ἀσώματον
2833 3588 2931 3639 τοῦ
2961 3587 3095 3639 Θεοῦ
3124 3582 3303 3659 Λόγον
3330 3604 3343 3617 ·
3374 3581 3465 3638 καὶ
3523 3580 3697 3645 οὕτως

2050 3672 2150 3728 οὐκ
2177 3669 2253 3728 ἔτι
2282 3672 2375 3729 τὸν
2407 3672 2632 3738 θάνατον
2666 3670 2793 3728 οὐδὲ
2845 3673 2943 3741 τὴν
2988 3671 3190 3751 φθορὰν
3243 3665 3518 3749 φοϐεἷτπι,
3566 3665 3696 3746 ἕχον

2050 3758 2254 3835 ἔνδυμα
2297 3763 2397 3832 τὴν
2451 3763 2622 3834 ζωὴν,
2680 3761 2769 3816 καὶ
2825 3760 2877 3817 ἐν
2938 3760 3086 3833 αύτῷ
3135 3758 3541 3839 ἀφανιζομένης
3595 3764 3697 3828 τῆς

2051 3857 2276 3929 φθορᾶς.

2120 4031 2210 4086 45.
2252 4028 2456 4083 Οὐκοῦν
2519 4025 2837 4091 ἀκολούθως
2891 4028 2919 4080 6
2960 4031 3058 4081 τοῦ
3114 4029 3250 4082 Θεοῦ
3297 4024 3479 4100 Λόγος
3538 4028 3701 4097 σῶμα

2050 4112 2300 4190 ἀνέλαϐε,
2347 4116 2439 4172 καὶ
2487 4116 2814 4193 ἀνθρωπίνῳ
2869 4115 3087 4193 ὀργάνῳ
3135 4113 3426 4191 κέχρηται,
3463 4111 3556 4168 ἵνα
3609 4110 3701 4168 καὶ

2055 4206 2371 4279 ζωοποιήσῃ
2397 4204 2461 4259 τὸ
2486 4208 2666 4277 σῶμα,
2695 4202 2785 4258 καὶ
2811 4200 2905 4276 τίν’,
2955 4201 3136 4279 ὥσπερ
3187 4200 3238 4256 ἐν
3295 4205 3364 4275 τῇ
3394 4199 3563 4255 κτίσει
3613 4196 3704 4254 διὰ

2048 4300 2154 4350 τῶν
2190 4290 2360 4372 ἔργων
2394 4291 2729 4370 γνωρίζηται
2763 4295 2900 4367 (57),
2930 4291 3073 4347 οὕτω
3098 4290 3189 4347 καὶ
3221 4289 3272 4346 ἐν
3306 4289 3579 4366 ἀνθρώπῳ
3620 4288 3705 4367 ἐρ-

2050 4404 2303 4460 γασηται,
2362 4382 2451 4438 καὶ
2510 4380 2659 4457 δείξῃ
2716 4382 2901 4438 ἑαυτὸν
2951 4384 3256 4456 πανταχοῦ,
3292 4376 3461 4454 μηδὲν
3493 4376 3700 4455 ἔρημον

2049 4480 2150 4543 τῆς
2220 4473 2410 4528 ἑαυτοῦ
2467 4471 2747 4541 θειότητος
2800 4472 2891 4526 καὶ
2945 4470 3197 4547 γνώσεως
3247 4465 3700 4541 καταλιμπάνων.

2052 4561 2222 4618 Πάλιν
2267 4560 2370 4638 γὰρ
2427 4560 2492 4615 τὸ
2539 4559 2670 4615 αὐτό
2724 4582 2867 4639 φημι
2916 4564 3033 4621 τοῖς
3065 4557 3329 4635 πρότερον
3507 4554 3703 4610 ἐπανα-

291 4649 649 4706 Salvatorem
695 4649 779 4704 ita
834 4649 1046 4723 egisse,
1077 4656 1145 4707 ut
1191 4646 1691 4723 quemadmodum
1745 4657 1935 4713 omnia

2052 4646 2346 4724 λαμϐάνων
2370 4672 2381 4684 ·
2417 4648 2500 4705 ὅτι
2529 4653 2691 4705 τοῦτο
2723 4649 3016 4719 πεποίηκεν
3049 4648 3078 4703 6
3126 4646 3346 4717 Σωτήο,
3372 4642 3486 4713 ἵνα,
3518 4642 3701 4720 ὥσπερ

294 4739 514 4810 ubique
539 4754 797 4811 praesens
846 4739 1071 4811 implet,
1100 4738 1186 4795 ita
1216 4756 1452 4812 quoque
1492 4742 1691 4798 omnia
1720 4743 1814 4799 sui
1846 4760 1938 4800 co-

294 4825 556 4899 gnitione
605 4824 874 4898 repleret,
906 4827 994 4882 uti
1043 4826 1239 4883 divina
1294 4828 1599 4900 Scriptura
1642 4835 1937 4888 testatur:

291 4915 519 4987 Repleta
546 4919 626 4970 est
663 4918 924 4972 universa
950 4919 1103 4972 terra
1149 4918 1461 4988 cognitione
1490 4920 1712 4975 Domini
1734 4920 1775 4975 ⁵.
1810 4920 1942 4977 Sive

359 5004 382 5040 ⁵
410 5004 522 5060 Isa.
555 5020 634 5071 ιι,
667 5003 722 5059 9.

358 5102 473 5181 (5ξ)
499 5098 858 5181 Anglicanus
881 5095 1237 5176 προσλαϐεῖν.
1272 5103 1402 5159 Mox
1450 5103 1607 5160 idem
1640 5121 1744 5178 pro
1773 5104 1936 5181 γέγο-

285 5169 408 5255 νεν,-
415 5169 965 5255 ξαέθῖιγεγέννηται.

502 5239 853 5328 Partica-lam
886 5239 944 5297 δέ
961 5260 1030 5328 ex
1046 5261 1158 5301 ms.
1177 5245 1530 5318 Segueriano
1549 5246 1936 5305 restituimus.

288 5314 514 5372 In'aliis
543 5319 599 5371 et
625 5314 796 5371 editis
816 5316 997 5373 deest.

360 5387 493 5471 (54).
532 5387 618 5468 It_a
676 5402 746 5441 ex
803 5403 968 5471 ‘I'nss.
1028 5385 1206 5471 gasil:
1284 5387 1664 5471 Anglicuet.
1698 5390 1937 5471 Seguer.

289 5457 753 5513 emendavimus.
803 5457 950 5515 Nam
998 5457 1095 5514 alii
1154 5463 1212 5514 et
1256 5457 1403 5513 editi
1454 5458 1674 5516 habent
1719 5457 1937 5516 ἐνδυσά-

531 5598 655 5654 Vox
718 5596 856 5651 ἐστίν
910 5600 1078 5657 abest
1124 5618 1158 5658 a
1205 5600 1435 5658 Gobler.
1488 5605 1546 5657 et
1603 5599 1855 5658 Felckm.
1908 5604 1935 5658 1

294 5685 469 5726 anon.

369 5744 483 5812 (56)
515 5739 610 5797 Sic
656 5740 920 5811 Seguer.,
980 5742 1154 5800 Basil.
1207 5750 1266 5801 et
1309 5743 1532 5817 Anglic.
1585 5742 1699 5800 Alii
1740 5747 1938 5803 autem

2047 4741 2115 4796 τὰ
2161 4739 2334 4795 πάντα
2390 4737 2727 4814 πανταχόθεν
2789 4736 3003 4812 πληροῖ
3059 4735 3268 4810 παρὼν,
3304 4730 3447 4798 οὕτω
3503 4729 3704 4786 καὶτὰ

2049 4828 2223 4884 πάντα
2249 4834 2350 4896 τῆς
2382 4826 2505 4903 περὶ
2536 4826 2702 4881 αὐτοῦ
2749 4826 3003 4901 γνώσεως
3035 4825 3149 4898 (59)
3179 4821 3473 4899 πληρώσῃ,
3567 4842 3700 4898 φησι

2051 4917 2140 4974 καὶ
2173 4919 2209 4987 ἡ
2261 4916 2374 4982 θεία
2428 4917 2614 4994 Γραφή
2645 4956 2657 4969 .
2715 4913 3051 4991 Ἐπληρώθη
3083 4913 3118 4983 ἡ
3167 4910 3424 4985 σύμπασα
3480 4915 3554 4985 γῆ
3604 4912 3704 4963 τοῦ

2044 5110 2103 5163 et
2130 5100 2408 5180 edi_ti_,_8c,
2437 5118 2778 5180 quanquam
2804 5118 3004 5180 vocem
3036 5098 3243 5180 ἀπαθές
3269 5100 3677 5180 retineant...”

2121 5168 2694 5250 (51)Με.’ςεευθὶε.,
2745 5173 3085 5250 γνωρίζεται.
3133 5172 3246 5230 ΑΙὶί
3272 5188 3406 5229 vero
3454 5174 3512 5227 et
3540 5168 3704 5239 editi,

2046 5246 2398 5374 γνωξέζηται.
2511 5246 2534 5249 “
2721 5317 2732 5328 .
2760 5246 2769 5250 ⁷
2864 5246 2871 5250 ⁷
3229 5313 3242 5327 ⁸

2120 5319 2170 5407 (κ
2216 5317 2485 5407 λοᾼηειίο.
2516 5321 2575 5374 et
2602 5316 2779 5374 Basil.
2811 5315 3125 5392 προτέροις.
3157 5315 3307 5372 Ibid.
3338 5318 3575 5389 Seguer.
3609 5310 3707 5368 ἐπ-

2048 5384 2493 5584 “ﬁgatur.
2526 5464 2584 5516 et
2613 5459 2871 5517 Felckm.
2905 5462 2930 5515 1
2966 5476 3142 5516 anon.
3174 5456 3413 5523 habent,
3445 5455 3700 5547 γνώσεως

2048 5552 2116 5584 κα
2184 5551 2456 5584 γνωσεως.
2498 5532 2655 5584 Idem
2693 5548 2829 5584 mox
2860 5548 2962 5584 oro
2988 5529 3048 5584 ἦ.
3103 5530 3323 5584 habent
3352 5533 3498 5584 Φησι
3528 5527 3631 5584 γὰρ
3661 5530 3696 5584 ἡ

2048 5527 2138 5585 καί
2184 5527 2456 5617 mea“.
2498 5532 2665 5619 Idem
2693 5548 2829 5587 mox
2860 5548 2962 5604 pro
2988 5529 3048 5605 ᾖ,
3103 5530 3323 5615 habent
3352 5527 3498 5613 φησὶ
3528 5527 3631 5657 γὰρ
3661 5530 3696 5598 ἡ

2049 5605 2258 5657 Γοαοή.
2293 5605 2439 5657 Ibld.
2462 5620 2570 5657 vox
2597 5623 2666 5657 γη
2700 5604 2865 5657 abest
2892 5603 2966 5657 ab
2996 5602 3220 5657 Anglic.
3240 5600 3442 5657 Basil..
3464 5600 3587 5657 Gob
3613 5618 3696 5657 er.

2049 5600 2258 5679 [ραφῆ.
2293 5605 2439 5679 Ibid.
2462 5620 2570 5659 vox
2597 5608 2667 5677 γῆ
2696 5600 2879 5679 abest
2892 5603 2966 5659 ab
2996 5600 3220 5676 Anglic.
3240 5600 3442 5668 Basil.,
3464 5600 3696 5657 Gobler.

2048 5675 2302 5733 F’elc‘km.
2337 5677 2363 5731 1
2397 5691 2573 5732 anon.
2603 5675 2662 5731 et
2690 5676 2927 5747 Seguer.
