4178 6374
376 458 491 519 177

1386 468 1673 531 ORATIO
1715 468 1819 529 DE
1862 465 2452 529 INCARNATIONE
2494 461 2757 527 VERBI.

3664 451 3782 517 178

370 592 567 665 γνῶναι
598 587 691 644 τὸν
723 588 941 667 Κύριον.
994 592 1117 650 Εἷτε
1153 593 1253 672 γάρ
1296 619 1377 660 τις
1427 595 1746 656 ἀναϐλέπειν
1800 599 1876 661 εἷς
1924 598 2015 653 τὸν

2141 598 2293 654 enim
2325 598 2383 653 in
2416 596 2625 652 coelum
2656 594 2951 667 suspicere
2974 591 3108 666 quis
3152 589 3309 659 velit,
3342 589 3472 661 ejus
3502 591 3779 645 ornatum

373 677 599 753 οὐρανὸν
637 679 912 753 βούλεται,
963 683 1063 759 ὁρᾷ
1101 685 1200 753 τὴν
1245 687 1441 742 τούτου
1490 686 1871 762 διακόσμησιν·
1914 685 2021 743 εἷίτε

373 765 435 820 οὐ
478 762 696 821 δύναται
750 768 843 840 μὲν
895 769 970 833 εἷς
1018 772 1108 826 τὸν
1167 773 1414 848 οὐρανὸν,
1465 777 1539 839 εἰς
1591 778 1910 853 ἀνθρώπους
1964 773 2021 829 δὲ

376 852 539 925 μόνον
590 854 901 930 ἀνακόπτει,
952 860 1053 936 ὁρᾷ
1100 862 1199 930 την
1252 861 1341 918 διὰ
1384 870 1488 919 τῶν
1541 852 1713 942 ἔργων
1764 866 2018 941 ἀσύγκρι-

368 962 461 996 τον
510 942 677 996 αὐτοῦ
716 946 851 1021 πρὸς
912 947 1231 1025 ἀνθρώπους
1304 950 1553 1025 δύναμιν,
1617 955 1705 1009 καὶ
1767 955 2019 1030 γινώσκει

368 1033 559 1084 τοῦτον
593 1030 645 1084 ἐν
685 1031 993 1109 ἀνθρώποις
1047 1037 1209 1109 μόνον
1258 1041 1387 1095 Θεὸν
1438 1041 1611 1117 Λόγον
1832 1038 1937 1096 εἶίτε
1967 1040 2018 1094 ἐν

373 1115 593 1189 δαίμοσί
640 1140 723 1181 τις
774 1121 1109 1202 ἀπεστράφη,
1166 1129 1254 1181 καὶ
1300 1129 1422 1205 περῖ
1467 1131 1693 1193 τούτους
1737 1129 2018 1201 ἐπτόηται,

372 1204 474 1280 ὁρᾷ
501 1210 692 1261 τοῦτον
728 1207 1021 1267 ἐλαύνοντα
1069 1214 1317 1287 τούτους,
1368 1219 1456 1272 καὶ
1505 1220 1672 1295 κρίνει
1703 1224 1891 1274 τοῦτον
1927 1218 2020 1273 αὐ-

366 1298 473 1348 τῶν
508 1295 641 1349 εἶναι
684 1294 974 1369 δεσπότην·
1040 1300 1146 1358 εἷίτε
1196 1305 1270 1367 είς
1315 1307 1412 1375 τὴν
1461 1312 1568 1362 τῶν
1622 1307 1828 1363 ὑδάτων
1861 1302 2019 1384 βεϐό-

369 1394 545 1472 θισται
596 1384 775 1461 φύσιν,
824 1390 913 1443 καὶ
967 1392 1177 1465 νομίζει
1235 1400 1403 1452 ταῦτα
1450 1398 1578 1452 Θεὸν
1632 1398 1787 1469 εἶναι,
1840 1398 2021 1472 ὥσπερ

371 1470 660 1561 Αίγύπτιοι
694 1472 911 1532 σέϐουσι
958 1481 1021 1535 τὸ
1071 1480 1239 1558 ὕδωρ·
1294 1486 1395 1561 ὁρᾷ
1440 1487 1639 1557 ταύτην
1678 1470 2019 1559 μεταϐαλλοέ

377 1558 544 1631 μένην
579 1562 667 1615 ὑπ’
705 1564 891 1637 αὐτοῦ,
922 1570 1010 1623 καὶ
1053 1573 1304 1645 γινώσκει
1361 1575 1567 1630 τούτων
1619 1575 1751 1630 εἶναι
1800 1575 2019 1643 κτίστην

368 1648 460 1739 τὸν
495 1649 713 1739 Κόριον.
748 1654 811 1708 Εἰ
843 1653 901 1710 δὲ
929 1659 1017 1712 καὶ
1051 1660 1125 1723 εἰς
1166 1660 1300 1733 ᾅδην
1349 1686 1432 1726 τις
1483 1659 1706 1735 κατέϐη,
1756 1665 1844 1719 καὶ
1884 1664 2019 1739 πρὸς

367 1734 495 1799 τοὺς
556 1736 668 1794 ἐκεῖ
721 1743 1079 1810 κατελθόντας
1135 1748 1322 1823 ἥρωας
1391 1752 1648 1823 ἐπτόηται
1694 1734 1783 1815 γὼς
1843 1734 2018 1816 θεούς·

367 1822 497 1914 ἀλλ’
549 1827 650 1903 ὁρᾷ
690 1832 788 1900 τὴν
843 1835 1039 1892 τούτου
1085 1822 1382 1914 γενομένην
1441 1822 1723 1897 ἀνάστασιν
1785 1842 1873 1897 καὶ
1920 1843 2018 1911 τὴν

365 1912 503 2005 κατά
541 1921 640 1971 τοῦ
697 1920 925 1982 θανάτου
972 1912 1148 1998 νίκην,
1198 1929 1287 1983 καὶ
1348 1929 1618 2005 λογίζεται
1675 1930 1764 1986 καὶ
1815 1932 1926 2004 (61)
1966 1930 2018 1985 ἐν

369 2000 595 2095 ἐκείνοις
656 2008 819 2080 μόνον
881 2012 1015 2068 εἶναι
1071 2016 1163 2070 τὸν
1223 2000 1453 2092 Χριστὸν
1513 2019 1776 2091 ἀληθινὸν
1824 2000 2022 2095 Κύριον

365 2091 453 2184 καὶ
481 2093 632 2184 Θεόν.
663 2096 885 2155 Πάντων
917 2103 1021 2179 γὰρ
1070 2110 1177 2159 τῶν
1226 2114 1326 2175 τῆς
1357 2107 1586 2170 κτίσεως
1632 2113 1812 2184 μερῶν
1844 2091 2024 2182 ἥψατο

379 2180 407 2233 6
460 2180 678 2259 Κύριος,
710 2188 801 2241 καὶ
846 2190 914 2245 τὰ
952 2193 1064 2266 (62)
1094 2194 1267 2250 πάντα
1313 2195 1490 2265 πάσης
1539 2180 1749 2268 ἀπάτης
1798 2180 2025 2267 ἠλευθέ-

381 2289 521 2344 ρωσε
567 2273 657 2363 καὶ
695 2273 942 2353 ἤλεγξεν,
993 2281 1067 2344 ὡς
1120 2282 1335 2346 Παῦλός
1386 2307 1570 2363 φησιν·
1622 2284 2025 2359 Ἀπεκδυσάμε-

377 2379 469 2420 νος
527 2360 623 2423 τὰς
684 2363 860 2441 ἀρχὰς
914 2369 1003 2423 καὶ
1064 2371 1157 2434 τάς
1231 2360 1471 2444 ἐξουσίας
1531 2371 1912 2451 ἐθριάμϐευσεν
1973 2375 2025 2430 ἐν

376 2451 458 2518 τῷ
490 2456 723 2525 σταυρῷο
751 2452 842 2509 ’ίνα
875 2456 1069 2529 μηκέτι
1100 2481 1183 2522 τις
1227 2461 1569 2533 ἀπατηθῆναι
1621 2461 1849 2538 δυνηθῇ,
1883 2463 2030 2520 ἀλλά

378 2544 660 2629 πανταχοῦ
690 2542 781 2596 τὸν
831 2540 1095 2615 ἀληθινὸν
1142 2554 1239 2604 τοῦ
1284 2556 1418 2607 Οεοῦ
1470 2552 1642 2628 Λόγον
1694 2552 1840 2629 εὕρῃ.
1874 2552 2027 2607 Οὕτω

377 2624 479 2701 γὰρ
510 2630 847 2705 πανταχόθεν
891 2637 1003 2709 (63)
1052 2638 1471 2714 συγκλειόμενος
1522 2624 1572 2695 ὁ.
1600 2624 1907 2718 ἄνθρωπος,
1938 2642 2027 2695 καὶ

378 2723 679 2807 πανταχοῦ,
713 2722 1010 2797 τουτέστιν,
1036 2725 1086 2781 ἐν
1120 2728 1354 2804 οὐρανῷ,
1383 2730 1434 2785 ἐν
1460 2727 1610 2803 ᾅδου,
1646 2731 1697 2785 ἐν
1732 2731 2025 2807 ἀνθρώπῳ,

379 2802 467 2895 ἐπὶ
495 2813 597 2895 γῇς
629 2808 969 2883 ἠπλωμένην
1001 2816 1099 2884 την
1148 2802 1247 2871 τοῦ
1277 2818 1454 2894 Λόγου
1497 2819 1749 2891 θειότητα
1784 2802 2024 2895 βλέπων,

380 2892 479 2948 οὐκ
532 2891 608 2950 ἔτι
662 2898 756 2969 μὲν
807 2900 1070 2967 ἀπᾳτᾶται
1124 2907 1248 2982 περὶ
1303 2912 1457 2979 Θεοῦ,
1522 2908 1686 2980 μόνον
1743 2906 1799 2964 δὲ
1834 2913 2025 2964 τοῦτον

378 2992 690 3059 προσκυνεῖ,
726 2990 815 3043 καὶ
847 2988 918 3044 δι’
943 2992 1107 3048 αὐτοῦ
1138 2994 1320 3058 καλῶς
1363 2997 1454 3051 τὸν
1495 2998 1706 3074 Πατέρα
1750 2999 2023 3073 γινώσκει.

376 3072 600 3136 Τούτοις
636 3076 729 3147 μὲν
764 3074 854 3131 οὖν
888 3081 977 3134 καὶ
1016 3080 1287 3153 ’Έλληνες
1320 3084 1543 3147 εἰκότως
1597 3072 2026 3156 δυσωπηθήσον-

376 3181 464 3250 ται
507 3164 635 3250 παρ’
682 3166 843 3237 ἡμῶν
895 3166 955 3222 ἐκ
981 3172 1087 3222 τῶν
1141 3170 1402 3247 εὐλόγων·
1450 3173 1495 3228 εί
1528 3170 1585 3228 δὲ
1637 3176 1713 3247 μὴ
1744 3173 2026 3250 αὐτάρκεις

382 3248 515 3337 εἶναι
545 3249 673 3312 τοὺς
708 3250 904 3327 λόγους
936 3258 1191 3331 ἡγοῦνται
1224 3261 1359 3335 πρὸς
1392 3260 1657 3337 αἰσχύνην
1690 3248 1889 3334 αὐτῶν,
1930 3262 2024 3317 κᾶν

2054 1972 2102 2036 Β

2129 692 2185 744 et
2214 686 2708 758 pulchritudinem
2733 685 3011 739 intuetur.
3038 682 3140 737 Sin
3171 683 3369 736 autem
3395 676 3606 734 coelum
3641 694 3777 734 con-

2128 774 2399 847 templari
2430 792 2543 829 non
2584 778 2778 845 queat,
2822 772 3141 827 dummodo
3171 768 3372 825 oculos
3404 769 3475 823 ad
3509 766 3780 823 homines

2130 866 2446 929 convertat,
2475 879 2543 917 ex
2590 862 2864 933 operibus
2896 860 3248 915 infinitatem
3280 859 3409 929 ejus
3440 874 3553 927 pra
3586 855 3779 911 homi-

2130 951 2307 1006 nibus
2360 950 2677 1022 potentiam
2724 954 3018 1021 agnoscet,
3047 947 3357 1018 solumque
3409 944 3578 1000 illum
3627 944 3782 999 inter

2131 1040 2397 1096 homines
2439 1044 2617 1093 Deum
2668 1038 2915 1093 Verbum
2949 1053 3077 1092 esse
3126 1035 3423 1091 fatebitur.
3458 1034 3623 1099 Quod
3657 1033 3705 1087 si
3746 1049 3780 1087 a

2131 1127 2496 1183 daemonibus
2514 1127 2775 1196 delusus,
2804 1127 2901 1180 70
2925 1142 3127 1181 eorum
3158 1125 3277 1179 vim
3309 1123 3650 1188 admiretur,
3679 1137 3778 1176 eos

2131 1218 2202 1272 ab
2234 1216 2332 1272 illo
2356 1216 2489 1287 pelli
2520 1215 2695 1279 videt,
2721 1232 2785 1270 ac
2809 1213 3049 1287 proinde
3071 1213 3306 1269 illorum
3327 1228 3454 1267 esse
3471 1211 3777 1267 dominum

2132 1322 2246 1360 non
2296 1305 2612 1361 difﬁciliter
2663 1304 2864 1359 credit.
2898 1303 2953 1357 Si
2986 1318 3118 1357 vero
3170 1302 3228 1356 in
3268 1316 3553 1372 aquarum
3606 1304 3777 1354 natu-

2132 1410 2255 1448 ram
2272 1393 2611 1458 immersus,
2627 1410 2723 1448 eas
2750 1393 2932 1447 Deum
2955 1407 3083 1447 esse
3102 1390 3414 1459 existimet,
3443 1393 3508 1443 ut
3527 1387 3777 1459 Egyptii

2133 1481 2232 1553 qui
2264 1498 2474 1552 aquam
2502 1485 2892 1548 venerantur;
2926 1496 3053 1535 eam
3105 1480 3175 1533 ab
3208 1477 3309 1533 illo
3342 1482 3625 1532 mutatam
3656 1493 3781 1531 cer-

2131 1587 2298 1637 nens,
2332 1571 2645 1626 Dominum
2695 1586 2981 1641 aquarum
3026 1572 3346 1623 creatorem
3399 1583 3526 1621 esse
3578 1565 3777 1621 statim

2132 1659 2444 1715 concludit.
2480 1660 2627 1722 Quin
2649 1660 2825 1714 etiam
2848 1658 2895 1713 si
2930 1659 3001 1712 ad
3020 1656 3179 1728 ipsos
3202 1672 3390 1727 usque
3418 1655 3635 1710 inferos
3658 1671 3782 1726 per-

2129 1750 2372 1814 venerit,
2404 1754 2460 1804 et
2494 1750 2719 1815 heroas,
2751 1748 2851 1819 qui
2884 1746 3024 1802 illuc
3054 1745 3503 1811 descenderunt,
3536 1744 3779 1799 totidem

2129 1836 2310 1893 veluti
2342 1838 2481 1893 deos
2512 1852 2641 1893 esse
2674 1835 2958 1891 attonitus
2989 1834 3346 1900 arbitretur;
3380 1832 3548 1887 illum
3582 1847 3781 1886 resur-

2131 1926 2350 1981 rexisse
2378 1931 2434 1981 et
2463 1930 2711 1981 mortem
2734 1924 3057 1981 debellasse
3080 1923 3390 1996 aspiciens,
3410 1937 3527 1977 non
3554 1920 3785 1975 dubitat

2138 2014 2279 2087 quin
2310 2014 2470 2071 solus
2519 2013 2785 2069 Christus
2816 2014 2966 2068 inter
3013 2011 3144 2068 illos
3194 2028 3364 2067 verus
3410 2010 3697 2065 Dominus
3726 2012 3785 2064 et

2134 2110 2289 2160 Deus
2317 2103 2624 2159 habendus
2655 2103 2753 2157 sit.
2786 2102 3092 2173 Siquidem
3116 2116 3321 2156 omnes
3352 2099 3555 2155 mundi
3588 2102 3782 2170 partes

2136 2192 2330 2265 attigit
2357 2192 2785 2257 Dominus,nec
2807 2207 2922 2246 non
2956 2191 3029 2245 ab
3061 2188 3219 2244 omni
3252 2204 3446 2244 errore
3470 2186 3703 2258 eripuit,
3726 2190 3784 2241 et

2136 2281 2417 2352 coarguit,
2440 2279 2525 2334 uti
2547 2279 2762 2334 Paulus
2785 2279 2866 2334 ait
2891 2295 2903 2333 :
2925 2279 3254 2349 Exspatiatis
3283 2276 3687 2348 principatibus
3717 2291 3785 2330 ac

2130 2370 2504 2442 potestatibus,
2540 2368 2907 2439 trzumphavit
2951 2369 3011 2422 in
3053 2383 3213 2423 cruce
3239 2368 3299 2433 ⁶;
3333 2382 3405 2421 ne
3456 2364 3589 2437 quis
3620 2364 3781 2419 dein-

2136 2475 2273 2531 ceps
2304 2462 2503 2530 posset
2533 2457 2740 2529 decipi,
2776 2457 2873 2512 sed
2907 2456 3126 2527 ubique
3153 2470 3357 2510 verum
3391 2454 3491 2509 Dei
3523 2453 3779 2508 Verbum

2136 2547 2441 2603 inveniret.
2477 2548 2560 2601 Ita
2612 2547 2767 2601 enim
2800 2545 2974 2600 homo
3023 2544 3284 2615 undique
3326 2542 3697 2611 constrictus,
3727 2545 3784 2595 et

2137 2636 2374 2708 ubique,
2409 2636 2516 2692 hoc
2568 2639 2675 2706 est,
2725 2634 2784 2689 in
2832 2633 3011 2700 coelis,
3053 2634 3113 2687 in
3164 2633 3386 2699 inferis,
3437 2632 3496 2685 in
3546 2629 3784 2685 homine

2137 2729 2315 2797 atque
2345 2724 2405 2778 in
2434 2723 2626 2794 terris,
2659 2723 3006 2795 explicatam
3038 2738 3281 2777 cernens
3313 2720 3485 2776 Verbi
3517 2719 3787 2775 divinita-

2135 2819 2276 2880 tem,
2310 2830 2425 2868 nou
2474 2811 2729 2883 amplius
2760 2811 2821 2867 in
2874 2811 3279 2882 cognoscendo
3310 2814 3425 2865 Deo
3468 2809 3780 2879 decipitur,

2138 2903 2238 2959 sed
2271 2902 2463 2958 solum
2493 2902 2748 2957 Verbum
2799 2901 3020 2967 adorat,
3054 2904 3109 2954 et
3139 2916 3241 2970 per
3284 2898 3541 2953 Verbum
3581 2898 3788 2969 cogni-

2136 2992 2357 3048 tionem
2389 2990 2578 3045 Patris
2610 2989 2884 3062 praeclare
2915 2988 3267 3060 assequitur.
3300 2987 3403 3043 His
3436 2987 3615 3059 igitur
3645 3003 3784 3041 con-

2138 3080 2433 3136 sentaneis
2464 3079 2791 3135 rationibus
2823 3076 3069 3151 gentiles
3101 3094 3216 3133 non
3247 3076 3398 3132 male
3427 3074 3781 3144 refellemus,

2138 3185 2284 3240 quas
2316 3169 2364 3224 si
2392 3169 2658 3224 sufﬁcere
2681 3185 2796 3223 non
2828 3171 3037 3239 putant
3056 3172 3123 3221 ut
3145 3166 3364 3238 pudore
3384 3165 3497 3237 ipsi
3527 3164 3787 3219 afﬁcian-

2139 3264 2236 3313 tur
2266 3275 2279 3313 :
2314 3256 2523 3313 saltem
2555 3273 2623 3312 ex
2655 3256 2767 3325 his,
2801 3273 2928 3327 quae
2952 3256 3013 3310 in
3043 3254 3306 3310 omnium
3338 3256 3653 3324 conspectu
3685 3270 3786 3324 ap-

382 3336 576 3393 ἐκτῶν
628 3340 711 3395 ἐπ’
758 3336 911 3416 ὄψεσι
961 3345 1174 3401 πάντων
1226 3336 1567 3425 φαινομένων
1618 3350 2024 3415 πιστούσθωσαν

2141 3351 2366 3419 parent,
2400 3363 2536 3402 vera
2567 3362 2634 3401 ea
2664 3361 2791 3401 esse
2839 3361 2965 3416 quis
2997 3343 3252 3399 diximus
3299 3357 3650 3415 persuasum
3681 3340 3787 3396 ha-

379 3426 447 3481 τὰ
480 3427 767 3505 λεγόμενα.

452 3517 539 3603 46.
573 3517 713 3572 Πότε
740 3520 838 3588 τήν
886 3525 995 3576 τῶν
1048 3520 1292 3579 εἰδώλων
1341 3526 1626 3602 θρησκείαν
1672 3524 1904 3603 ἤρξαντο
1935 3548 2029 3582 κα-

376 3602 738 3678 ταλιμπάνειν
788 3610 839 3663 οἱ
888 3605 1164 3687 ἅνθρωποι
1200 3660 1213 3685 ,
1271 3613 1314 3667 εἰ
1371 3617 1446 3687 μὴ
1497 3615 1585 3693 ἀφ’
1628 3602 1949 3692 οῦγγέγονεν
2003 3617 2031 3670 6

377 3692 643 3764 ἀληθινὸς
700 3700 799 3751 τοῦ
852 3704 986 3753 Θεοῦ
1035 3700 1164 3762 Θεὸς
1196 3704 1307 3775 (64)
1339 3703 1512 3779 Λόγος
1546 3692 1615 3759 ίέν
1673 3705 1979 3781 ἀνθρώποις
2015 3725 2029 3774 ;

378 3782 519 3838 Πότε
550 3784 609 3838 δὲ
652 3785 720 3840 τά
765 3787 894 3863 παρ’
932 3787 1171 3859 Ἕλλησι
1221 3791 1310 3844 καὶ
1358 3796 1640 3867 πανταχοῦ
1682 3799 1907 3865 μαντεῖα
1936 3793 2029 3849 πέ-

377 3892 576 3927 παυται
607 3874 696 3928 καὶ
726 3874 1039 3947 κεκένωται,
1088 3876 1133 3932 εἰ
1168 3878 1244 3950 μὴ
1298 3878 1387 3935 6'15
1439 3882 1604 3957 μέχρι
1652 3888 1755 3957 γῆς
1801 3882 2028 3960 πεφανέ-

380 3980 549 4036 ρωκεν
612 3962 795 4018 ἑαυτὸν
856 3964 884 4018 ὁ
943 3968 1186 4042 Σωτήρ;
1230 3966 1368 4024 Πότε
1426 3967 1482 4024 δὲ
1539 3972 2028 4047 καταγινώσκεσθαι

378 4050 610 4125 ἤρξαντο
643 4051 871 4138 οῖ-παρὰ
912 4060 1169 4124 ποιηταῖς
1221 4056 1507 4133 λεγόμενοι
1563 4060 1674 4123 θεοὶ
1708 4061 1795 4116 καὶ
1826 4061 2027 4138 ἥρωες,

378 4138 452 4200 ὡς
492 4138 655 4211 μόνον
684 4134 833 4203 ὄντες
865 4142 1142 4219 ἅνθρωποι
1199 4147 1406 4218 θνητοὶ,
1461 4147 1506 4201 εἰ
1543 4148 1616 4221 μή
1650 4148 1739 4227 ἀφ’
1771 4150 1833 4204 οῦ
1865 4134 1892 4203 6
1926 4150 2028 4204 Κύ-

379 4247 495 4302 ριος
552 4228 616 4283 τὸ
671 4230 806 4285 κατὰ
858 4235 955 4285 τοῦ
1005 4234 1233 4295 θανάτου
1276 4235 1537 4311 τρόπαιον
1587 4237 1891 4314 εἰργάσατο,
1941 4240 2029 4294 καὶ

378 4314 511 4393 ὅπερ
572 4312 734 4373 ἔλαϐε
789 4322 948 4393 σῶμα
995 4322 1292 4397 τετήρηκεν
1352 4325 1619 4403 ἄφθαρτον
1641 4312 1691 4398 ,ν
1728 4326 2028 4398 ἀναστήσας

379 4405 509 4461 αὐτὸ
536 4405 597 4461 ἐκ
629 4428 737 4462 των
777 4413 981 4485 νεκρῶν
1015 4428 1028 4479 ;
1062 4410 1203 4465 Πότε
1251 4408 1309 4466 δὲ
1336 4414 1371 4481 ἡ
1404 4410 1678 4486 δαιμόνων
1732 4416 1907 4487 ἀπάτη
1942 4419 2029 4472 καὶ

384 4494 547 4568 μανία
574 4498 685 4571 (65)
714 4500 1116 4575 κατεφρονήθη,
1151 4499 1195 4555 εἰ
1232 4501 1306 4574 μὴ
1346 4500 1435 4556 ὅτε
1482 4505 1516 4572 ἡ
1547 4507 1643 4558 τοῦ
1694 4510 1826 4559 Θεοῦ
1871 4504 2028 4560 δόνα-

383 4604 497 4659 μις,
519 4586 547 4640 ὁ
581 4585 781 4661 Λόγος,
813 4587 841 4640 6
862 4587 1077 4643 πάντων
1117 4588 1207 4643 καὶ
1236 4588 1443 4644 τούτων
1479 4588 1767 4664 δεσπότης,
1802 4590 1891 4647 διὰ
1930 4596 2028 4663 τὴν

2140 3437 2336 3492 beant.

2214 3527 2301 3581 46.
2336 3526 2641 3581 Enimvero
2669 3523 3042 3596 quandonam
3072 3520 3341 3577 homines
3371 3518 3662 3575 idolorum
3694 3535 3790 3574 su-

2142 3614 2547 3687 perstitionem
2591 3615 2857 3669 deserere
2890 3615 3211 3683 coeperunt,
3244 3609 3355 3665 nisi
3391 3625 3424 3665 a
3471 3624 3586 3679 quo
3616 3623 3788 3662 verus

2140 3704 2296 3760 Deus
2326 3704 2426 3759 Dei
2459 3703 2717 3759 Verbum
2768 3702 2943 3757 homo
2975 3701 3196 3755 factum
3246 3698 3375 3754 est?
3406 3697 3787 3762 Quandonam

2141 3794 2471 3850 Graecorum
2500 3797 2557 3849 et
2588 3793 2765 3848 totius
2797 3790 2956 3847 orbis
2987 3788 3224 3845 oracula
3253 3803 3549 3843 cessavere
3575 3790 3633 3840 et
3663 3801 3790 3841 eva-

2142 3899 2340 3952 nuere,
2374 3881 2487 3937 nisi
2536 3886 2849 3953 postquam
2907 3879 3169 3935 Salvator
3217 3894 3279 3932 se
3326 3876 3387 3931 in
3419 3874 3590 3931 terris
3638 3878 3793 3946 pate-

2142 3972 2276 4029 fecit
2294 3972 2321 4026 ?
2350 3971 2729 4037 Quandonam
2753 3973 3057 4041 poetarum
3080 3967 3160 4022 dii
3184 3971 3242 4021 et
3272 3966 3498 4031 heroes,
3520 3963 3790 4020 homines

2140 4067 2371 4116 tantum
2401 4076 2530 4116 esse
2558 4058 2911 4131 deprehendi
2935 4074 3002 4113 ac
3031 4055 3326 4114 contemni
3349 4052 3788 4125 cmperuntmisi

2142 4150 2243 4205 ubi
2273 4148 2556 4204 Dominus
2586 4154 2866 4219 tropaeum
2889 4148 2960 4201 de
2993 4151 3181 4201 morte
3207 4145 3472 4214 confecit,
3490 4146 3548 4198 et
3577 4159 3789 4213 corpus

2141 4240 2298 4312 quod
2348 4242 2649 4309 acceperat
2693 4254 2727 4291 a
2774 4235 3021 4292 mortuis
3070 4233 3347 4301 excitans,
3380 4233 3787 4303 incorruptum

2141 4326 2453 4384 servavit?
2502 4327 2882 4390 Quandonam
2930 4325 3092 4379 fraus
3145 4327 3201 4377 et
3245 4323 3407 4376 furor
3453 4320 3787 4374 daemonum

2141 4417 2316 4490 coepit
2344 4415 2587 4487 despici,
2619 4414 2732 4469 nisi
2785 4430 2922 4469 cum
2949 4412 3233 4476 Verbum,
3267 4410 3368 4465 Dei
3399 4408 3605 4472 virtus,
3660 4424 3783 4462 om-

2140 4506 2306 4562 nium
2338 4522 2442 4561 nec
2471 4522 2588 4575 non
2612 4503 2846 4559 illorum
2878 4501 3179 4568 Dominus,
3203 4498 3511 4555 hominum
3544 4496 3787 4552 inﬁrmi-

2139 4599 2318 4651 tatem
2352 4594 2685 4659 miseratus,
2718 4592 2778 4672 in
2830 4596 2985 4646 terra
3032 4587 3354 4661 apparuit?
3396 4586 3782 4651 Quandouam

377 4680 485 4731 τῶν
517 4675 817 4772 όὲθθρώπων
868 4677 1139 4772 ἀσθένειαν
1194 4674 1551 4755 συγκαταϐὰς,
1610 4680 1697 4736 ἐπὶ
1745 4689 1847 4757 γῆς
1901 4682 2024 4762 ἐφά-

2141 4702 2235 4741 ars
2265 4688 2322 4739 et
2359 4682 2571 4739 scholae
2617 4680 2856 4753 magicae
2901 4677 3251 4735 conculcatis
3302 4680 3462 4743 sunt,
3508 4674 3620 4730 nisi
3653 4678 3787 4746 post

379 4787 443 4836 νη
483 4784 497 4835 ;
530 4764 670 4821 Πότε
701 4763 759 4820 δὲ
786 4771 885 4835 τῆς
922 4766 1141 4842 μαγείας
1172 4770 1206 4837 ἡ
1237 4768 1406 4843 τέχνη
1450 4768 1539 4823 καὶ
1566 4770 1633 4824 τὰ
1680 4768 2031 4828 διδασκαλεῖα

378 4852 610 4931 ἤρξαντο
653 4860 1092 4928 καταπατεῖσθαι,
1146 4856 1191 4910 εἰ
1245 4858 1320 4931 μὴ
1374 4856 1462 4913 6'15
1510 4859 1577 4913 τὰ
1632 4861 1885 4937 θεοφάνια
1931 4867 2029 4917 τοῦ

378 4944 556 5021 Λόγου
581 4942 795 5022 γέγονεν
821 4944 873 4999 ἐν
898 4945 1206 5021 ἀνθρώποις
1232 4965 1245 5015 ;
1270 4947 1368 5001 Καὶ
1417 4946 1563 5010 ὅλως
1597 4950 1709 5022 (66)
1753 4949 1885 5005 πότε
1920 4955 2027 5006 τῶν

377 5032 660 5106 Ἑλλήνων
709 5036 745 5103 ἠ
807 5033 969 5111 σοφία
1028 5036 1377 5110 μεμώρανται
1409 5082 1424 5109 ,
1475 5036 1521 5091 εἰ
1578 5038 1653 5110 μὴ
1721 5040 1755 5108 ή
1815 5038 2028 5110 ἀληθὴς

447 5134 666 5190 Coloss.
701 5151 766 5201 ιι,
800 5133 887 5189 15.

449 5231 561 5303 (60)
592 5230 682 5287 Sic
705 5230 933 5304 Anglic.
965 5230 1141 5287 Basil.
1173 5231 1406 5290 Gobler.
1440 5235 1695 5291 Felckm.
1725 5236 1749 5289 1
1776 5252 1949 5292 anon.
1974 5241 2032 5293 et

379 5302 619 5394 Seguer.
658 5302 990 5394 ﬂiiiverol
1016 5308 1080 5394 et
1116 5304 1262 5394 editi
1311 5308 1445 5394 Θεοῦ
1493 5305 1689 5394 Λόγονξ
1742 5307 1877 5394 ‘Mos
1923 5325 2027 5394 pro

374 5373 623 5443 τοότους,
657 5373 889 5445 Gobler,
936 5378 994 5430 et
1038 5374 1293 5431 Felckm.
1358 5378 1384 5431 1
1438 5373 1610 5435 anon.
1663 5378 1881 5434 habent
1906 5373 2028 5433 ’ἐού-

374 5466 491 5501 του.
518 5446 698 5502 Iidem
731 5445 963 5501 Gobler.
988 5450 1044 5501 et
1074 5446 1327 5502 Felckm.
1362 5449 1388 5503 1
1414 5465 1589 5505 anon.
1618 5455 1728 5506 art.
1753 5453 1859 5504 τῶν
1895 5456 2029 5508 ante

378 5515 931 5589 6661wvipauloppst
959 5517 1259 5589 omittunt.

471 5590 564 5661 61)
594 5588 887 5662 Particula
916 5588 1005 5642 καί
1036 5591 1201 5662 deest
1230 5590 1299 5662 in;
1321 5590 1558 5662 Seguer.

471 5662 562 5727 62)
591 5660 770 5716 Artic.
802 5660 869 5715 τά
900 5661 1067 5717 abest
1096 5679 1131 5717 a
1160 5660 1477 5719 Gobler.—et
1499 5662 1754 5719 Felckm.
1791 5665 1816 5718 1
1852 5681 2025 5719 anon.

451 5730 563 5806 (62)
594 5730 821 5806 Anglic.
865 5732 1048 5806 _Basil.
1081 5736 1140 5789 et
1185 5738 1420 5806 Seguer.
1464 5751 1663 5806 vocem
1706 5732 1898 5788 λοιπόν
1936 5736 2029 5791 hic

381 5802 767 5862 addunt.be
793 5802 883 5857 καὶ
906 5808 1186 5880 πανταχοῦ
1200 5802 1585 5865 orﬁit.G0bl.F
1587 5806 1833 5865 elckm.1
1853 5823 2028 5865 anon.

2138 4773 2403 4829 divinum
2440 4770 2607 4827 Verbi
2640 4771 2794 4841 apud
2840 4769 3109 4824 homines
3139 4766 3500 4821 adventum?
3528 4764 3786 4835 Denique

2140 4862 2517 4935 quandonam
2540 4858 2847 4932 gentilium
2873 4856 3159 4929 sapientia
3174 4854 3355 4911 stulta
3377 4854 3528 4909 facta
3548 4856 3656 4917 est,
3672 4852 3786 4907 nisi

2140 4969 2274 5009 cum
2304 4967 2440 5006 vera
2482 4950 2582 5005 Dei
2631 4948 2919 5020 sapientia
2966 4946 3222 5019 seipsam
3252 4944 3312 4998 in
3360 4941 3533 4999 terris
3586 4945 3786 4996 notam

2141 5038 2442 5098 reddidit?
2472 5037 2624 5094 Olim
2646 5036 2940 5110 siquidem
2961 5034 3231 5091 homines
3260 5048 3364 5105 per
3387 5036 3581 5087 totum
3610 5033 3789 5085 terra-

2208 5236 2321 5308 (64)
2347 5234 2555 5308 Vocem
2587 5231 2717 5294 Θεός
2745 5250 2862 5288 non
2888 5231 3066 5308 habet
3094 5246 3219 5308 ms._
3238 5229 3477 5308 Seguer.
3512 5240 3787 5308 neoneam

2137 5294 2474 5381 exprimunt
2505 5306 2869 5381 interpretes.
2895 5301 3072 5381 Paulo
3098 5304 3228 5372 post
3250 5294 3489 5381 Seguer.
3513 5294 3789 5381 Basilien-

2137 5368 2241 5447 sis,
2272 5377 2497 5450 Anglic.
2550 5382 2608 5450 et
2656 5368 2908 5450 Felckm.
2941 5375 2975 5427 2
3024 5368 3197 5450 anon.
3251 5368 3473 5441 μαντεῖα
3516 5368 3781 5425 habent:

2138 5442 2237 5508 alii
2265 5454 2322 5506 et
2350 5442 2525 5505 Editio
2556 5447 2835 5503 Commel.
2872 5442 3107 5515 μαντεία.

2207 5524 2320 5592 (65)
2354 5522 2448 5577 Sic
2479 5524 2714 5592 Seguer.
2730 5512 2954 5592 Anglic.
2971 5514 3143 5592 Basil.
3159 5517 3228 5592 et.
3247 5512 3500 5592 Felckm.
3524 5512 3785 5592 2‘anon.,

2136 5598 2193 5650 et
2213 5581 2314 5649 ‘ita'
2338 5581 2603 5664 legerunt
2634 5581 2995 5664 Omnibonus
3019 5593 3076 5641 et
3106 5585 3454 5640 Ambrosius
3487 5599 3499 5639 :
3536 5581 3633 5638 alii
3652 5598 3785 5637 vero

2138 5672 2195 5723 et
2222 5658 2705 5734 editiovCommel.
2744 5658 2951 5734 mysta.

2210 5738 2320 5808 (66)
2360 5732 2463 5790 Καὶ
2515 5731 2659 5795 ὅλως
2700 5722 3077 5790 non'habent
3122 5725 3355 5794 Gobler,
3408 5729 3465 5782 et
3511 5722 3700 5781 Felck.
3755 5723 3780 5778 1

2139 5825 2313 5866 anon.
