4178 6376
375 438 494 503 1⁸79

907 442 973 506 S.
1017 444 1445 511 ATHANASII
1487 446 1660 511 OPP.
1706 446 1911 511 PARS
1954 445 2005 510 Ι.
2037 481 2116 495 -
2145 449 2569 517 HISTORICA
2608 453 2712 517 ET
2753 450 3236 518 DOGMATICA.

3659 449 3780 514 180

374 588 509 630 rum
542 573 743 631 orbem
775 592 842 633 ac
890 594 994 651 per
1021 595 1224 636 omnes
1276 582 1542 655 regiones
1594 582 1885 640 idolorum
1919 599 2014 639 su-

2130 587 2227 638 τοῦ
2273 588 2407 639 Θεοῦ
2462 584 2623 664 σοφία
2670 584 2756 641 ἐπὶ
2805 591 2911 662 γῆς
2960 584 3151 654 ἑαυτὴν
3213 580 3557 662 ἐφανέρωσε;
3599 580 3779 638 Πάλαι

377 664 721 735 perstitione
748 664 959 739 illigati
1006 669 1302 739 errabant,
1336 671 1648 744 nullosque
1704 672 1850 729 alios
1880 673 2020 729 deos

376 756 586 825 praeter
614 754 767 810 idola
810 758 1204 829 agnoscebant
1236 777 1249 816 :
1291 778 1446 817 nunc
1490 778 1624 818 vero
1656 779 1760 835 per
1789 763 2019 818 univer-

383 858 510 898 sam
541 847 755 899 terram
784 862 931 902 vano
967 846 1258 904 idolorum
1287 850 1447 906 cultu
1497 851 1718 919 relicto,
1750 853 1823 907 ad
1857 851 2018 909 Chri-

374 936 535 987 stum
567 933 932 1006 confugiunt,
965 953 1141 1008 quem
1193 942 1249 994 et
1294 939 1480 995 Deum
1522 944 1884 1011 venerantes,
1917 956 2020 1012 per

368 1037 504 1076 eum
551 1022 620 1076 ad
668 1022 858 1078 Patris
902 1041 1077 1096 quem
1128 1043 1246 1082 non
1298 1033 1576 1084 noverant
1628 1028 2014 1100 cognitionem

366 1110 727 1181 perveniunt.
784 1113 1066 1185 Quodque
1115 1115 1175 1169 in
1213 1116 1419 1187 primis
1468 1118 1685 1173 mirum
1737 1123 1844 1184 est,
1877 1135 2013 1174 cum

357 1197 527 1253 variae
558 1203 616 1255 et
645 1217 821 1273 prope
870 1201 1114 1258 infinitae
1167 1204 1286 1260 sint
1316 1205 1645 1278 religiones,
1678 1207 2011 1280 proprium-

362 1303 478 1359 que
506 1287 732 1344 idolum
783 1289 1027 1363 singulze
1058 1293 1323 1365 regiones
1369 1295 1640 1361 habeant,
1674 1313 1779 1352 nec
1827 1296 2013 1367 possit

360 1375 433 1443 is,
468 1393 643 1447 quem
699 1384 879 1435 Deum
929 1381 1245 1454 appellant,
1297 1384 1629 1455 proximum
1679 1386 2007 1457 transgredi

360 1463 578 1532 locum,
611 1470 678 1523 ut
704 1467 928 1525 vicinos
959 1472 1031 1526 ad
1086 1488 1148 1527 se
1177 1471 1486 1528 colendum
1529 1473 1764 1546 alliciat,
1794 1476 2009 1548 quippe

361 1553 464 1625 qui
494 1555 588 1611 vix
633 1556 789 1612 intra
837 1558 1103 1631 proprios
1155 1561 1300 1617 fines
1351 1561 1577 1618 colatur
1624 1564 1819 1634 (nemo
1850 1564 2007 1620 enim

359 1642 535 1699 vicini
568 1644 743 1701 deum
790 1646 1032 1712 colebat,
1067 1650 1168 1705 sed
1217 1651 1519 1722 proprium
1552 1652 1790 1726 singuli
1819 1670 2009 1710 serva-

363 1732 508 1789 bant
537 1733 781 1803 idolum,
813 1736 969 1807 quod
998 1741 1055 1793 et
1085 1740 1352 1795 omnium
1384 1755 1513 1796 esse
1544 1742 1855 1797 Dominum
1884 1743 2007 1798 exi-

358 1821 744 1897 stimabant);
779 1824 939 1882 solus
961 1825 1226 1884 Christus
1245 1832 1301 1885 et
1332 1846 1487 1885 unus
1515 1830 1567 1886 ei
1601 1830 1820 1903 ubique
1849 1832 2004 1887 idem

2133 673 2227 744 μὲν
2260 672 2363 749 γὰρ
2392 679 2535 729 πᾶσα
2554 677 2588 745 ἡ
2619 674 2912 748 οἰκουμένη
2946 674 3035 729 καὶ
3063 679 3168 735 πᾶς
3196 672 3365 735 τόπος
3403 675 3472 746 τῇ
3522 670 3781 748 θρησκείᾳ

2126 766 2233 815 τῶν
2268 759 2512 819 εἰδώλων
2560 763 2849 835 ἐπλανᾶτο,
2900 763 2990 818 καὶ
3040 760 3193 818 οὐδὲν
3243 760 3383 817 ἄλλο
3412 762 3449 830 ἢ
3479 761 3545 816 τά
3574 758 3778 816 εἴδωλα

2128 848 2282 913 θεοὺς
2334 850 2580 924 ἐνόμιζον
2611 853 2664 907 οἱ
2710 853 3007 928 ἄνθρωπον
3051 856 3142 905 νῦν
3195 848 3253 905 δὲ
3298 849 3434 905 κατά
3472 854 3642 904 πᾶσαν
3672 850 3772 919 τῆν

2126 938 2450 1012 οἰκουμένην
2486 942 2585 1009 τὴν
2640 941 2735 1014 μὲν
2784 945 2891 996 τῶν
2945 937 3189 995 εἰδώλων
3223 936 3645 1011 δεισιδαιμονίαν
3675 958 3774 993 κα·-

2121 1027 2553 1101 ταλιμπάνουσιν
2604 1030 2655 1085 οἱ
2704 1031 3005 1106 ἄνθρωποι,
3061 1028 3149 1083 ἐπὶ
3199 1025 3257 1083 δὲ
3299 1028 3391 1083 τὸν
3421 1028 3648 1103 Χριστὸν
3680 1048 3777 1082 κα-

2120 1117 2467 1195 ταφεύγουσι,
2498 1118 2586 1173 καὶ
2618 1119 2746 1174 Θεὸν
2798 1118 2959 1173 αὐτὸν
3002 1121 3450 1193 προσκυνοῦντες,
3501 1114 3571 1170 δι’
3611 1115 3777 1172 αὐτοῦ

2119 1206 2208 1260 καὶ
2260 1207 2317 1261 ’ὸν
2368 1206 2468 1262 οὐκ
2518 1203 2737 1282 ᾔδεισαν
2783 1206 2995 1283 Πατέρα
3043 1207 3392 1281 γινώσκουσι.
3446 1205 3545 1259 Καὶ
3592 1205 3656 1260 τό
3711 1227 3775 1280 γε

2121 1296 2447 1367 θαυμαστὸν,
2484 1293 2757 1374 διαφόρων
2790 1317 2959 1350 οντων
3003 1294 3093 1350 καὶ
3144 1295 3350 1371 μυρίων
3396 1289 3772 1367 σεϐασμάτων,

2190 1384 2204 1405 ‘
2316 1384 2327 1403 Ι
2846 1382 2896 1405 ,Α
3016 1381 3041 1404 Μ
3304 1380 3353 1403 ὶᾹ
3640 1384 3655 1403 \

2117 1405 2206 1439 και
2239 1386 2463 1440 έκαστου
2508 1384 2682 1440 τόπου
2728 1384 2792 1440 τὸ
2851 1404 2981 1439 ιοιον
3016 1404 3241 1459 εχοντος
3274 1382 3526 1455 ειοωλον,
3568 1404 3657 1437 και
3693 1384 3770 1456 μὴ

2119 1472 2407 1548 ἰσχύοντος
2435 1477 2534 1527 τοῦ
2558 1474 2686 1549 παρ’
2737 1473 2922 1536 αὐτοῖς
2975 1472 3278 1547 λεγομένου
3329 1477 3463 1527 Θεοῦ
3499 1472 3591 1526 τὸν
3624 1471 3772 1543 πλη-

2116 1561 2229 1616 σίον
2294 1557 2593 1637 ὑπερϐῆναι
2649 1560 2840 1633 τόπον,
2902 1561 3041 1617 ὥστε
3085 1561 3175 1616 καὶ
3221 1560 3351 1623 τοὺς
3404 1561 3463 1616 ἐκ
3510 1560 3769 1636 γειτόνων

2116 1655 2295 1705 πεῖσαι
2345 1645 2518 1706 σέϐειν
2570 1650 2753 1723 αὐτὸν,
2802 1650 2950 1706 ἀλλά
3000 1650 3163 1723 μόλις
3212 1649 3302 1705 καὶ
3350 1649 3402 1705 ἐν
3440 1655 3557 1713 τοῖς
3609 1647 3769 1712 ἰδίοις

2117 1739 2555 1815 θρησκευομένου
2604 1736 2805 1813 (οὐδεὶς
2862 1739 2966 1814 γὰρ
3020 1738 3193 1800 ἄλλος
3234 1738 3326 1793 τὸν
3383 1743 3482 1794 τοῦ
3525 1738 3769 1813 γείτονος

2115 1823 2327 1884 ἐσέϐετο
2359 1828 2500 1902 θεὸν,
2532 1827 2661 1884 ἀλλ’
2687 1824 2909 1890 ἕκαστος
2932 1827 2997 1883 τὸ
3020 1824 3156 1883 ἴδιον
3189 1826 3479 1907 ἐφύλαττεν
3513 1825 3765 1902 εἴδωλον,

360 1911 516 2014 apud
549 1928 751 2014 omnes
780 1915 1076 1982 adoretur,
1100 1921 1277 1989 atque
1304 1916 1387 1975 ita
1416 1919 1569 1991 quod
1603 1918 1893 1976 idolorum
1915 1919 2003 1975 in~

2126 1916 2352 1991 νομίζων
2383 1921 2491 1973 τῶν
2524 1916 2738 1973 πάντων
2789 1917 2937 1977 αὐτὸ,
2965 1915 3152 1993 κύριον
3205 1918 3318 1991 (67)
3365 1916 3542 1991 dm)-
3598 1916 3764 1990 μόνος

359 2000 609 2057 ﬂrmitas
638 2002 865 2059 efﬁcere
894 2005 1231 2077 nequiverat
1260 2011 1325 2063 ut
1345 2007 1551 2065 saltem
1584 2008 1880 2081 proximos
1910 2025 2005 2063 ac-

359 2087 519 2146 colas
558 2091 630 2146 ad
684 2108 747 2147 se
778 2092 1159 2160 adducerent,
1199 2094 1469 2153 Christus
1514 2097 1570 2152 id
1622 2096 1747 2169 ipse
1794 2097 2004 2165 etl‘ecit,

360 2177 462 2249 qui
493 2195 611 2235 non
663 2180 870 2238 vicinis
924 2186 1152 2239 tantum
1203 2185 1306 2241 sed
1356 2185 1629 2242 universo
1679 2186 1851 2258 plane
1879 2186 2003 2241 orbi

353 2267 650 2339 persuasit
708 2274 775 2325 ut
831 2287 894 2327 se
949 2272 1041 2327 τι
1106 2289 1291 2329 unum
1349 2290 1416 2329 ac
1484 2275 1754 2330 eumdem
1814 2274 2007 2330 Domi-

356 2371 522 2424 num,
576 2361 633 2414 et
679 2374 783 2430 per
827 2359 1045 2432 ipsum,
1105 2365 1289 2417 Deum
1333 2378 1510 2418 suum
1562 2362 1794 2418 Patrem
1847 2361 2005 2439 cole-

354 2450 509 2503 rent.

430 2625 518 2679 47.
550 2625 620 2679 Et
646 2641 779 2681 vero
801 2625 939 2682 olim
971 2627 1209 2700 quidem
1234 2629 1433 2685 omnia
1451 2629 1601 2686 dolis
1632 2630 2002 2688 oraculorum

359 2712 531 2786 plena
560 2720 743 2783 erant,
776 2715 1041 2789 falsaque
1085 2716 1393 2774 hominum
1423 2719 1717 2791 opinione,
1753 2720 2004 2793 Delpho-

360 2819 515 2870 rum,
562 2804 831 2876 Dodonae,
888 2805 1140 2874 Boeotias,
1189 2806 1396 2879 Lycias,
1446 2807 1659 2881 Libyaa,
1694 2809 1917 2882 Egypti
1946 2814 2005 2865 et

361 2892 703 2949 Cabirorum
734 2894 990 2963 oracula,
1014 2911 1120 2951 nec
1141 2912 1257 2951 non
1279 2895 1497 2969 Pythiae
1519 2897 1795 2954 omnibus
1815 2898 2003 2953 admi-

355 2981 566 3037 rationi
599 2986 768 3038 erant
793 3000 807 3038 :
843 3000 1002 3039 nunc
1029 2988 1224 3040 autem
1254 3002 1321 3041 ex
1354 3002 1469 3057 quo
1499 2985 1768 3043 Christus
1791 2987 2004 3058 ubique

353 3071 658 3144 praedicari
708 3071 900 3145 ccepit,
934 3072 1169 3145 penitus
1211 3074 1420 3130 deiecit
1470 3073 1705 3131 illorum
1751 3075 2001 3146 insania,

351 3176 460 3217 nec
493 3159 655 3218 ullus
685 3162 943 3235 amplius
972 3162 1126 3218 inter
1176 3178 1275 3219 eos
1304 3166 1464 3220 vates
1513 3164 1819 3236 reperitur.
1851 3163 2002 3220 Olim

362 3249 659 3307 daemones
687 3250 864 3307 variis
895 3250 1141 3324 spectris
1171 3251 1480 3309 hominum
1504 3257 1729 3309 mentes
1752 3253 2002 3326 decipie-

2115 2007 2144 2061 6
2201 2006 2432 2083 Χριστὸς
2490 2007 2636 2083 παρά
2690 2011 2849 2062 πᾶσιν
2911 2006 2985 2069 εἷς
3044 2004 3135 2061 καὶ
3188 2010 3471 2081 πανταχοῦ
3522 2006 3551 2060 6
3602 2006 3763 2070 αὐτὸς

2113 2100 2513 2171 προσκυνεῖταυ
2554 2094 2642 2150 καὶ
2700 2092 2732 2150 ὅ
2790 2095 2867 2167 μὴ
2926 2091 3212 2165 δεδύνηται
3268 2098 3376 2149 τῶν
3428 2091 3673 2150 εἰδώλων
3721 2097 3758 2165 ἡ

2113 2183 2357 2248 ἀσθένεια
2401 2190 2649 2256 ποιῆσαι,
2706 2181 2845 2238 ὣστε
2891 2182 2988 2238 κᾶν
3034 2182 3165 2246 τοὺς
3213 2181 3448 2253 πλησίον
3483 2185 3763 2247 σ’κοῦντας

2112 2277 2291 2328 πεῖσαι
2350 2274 2487 2346 (68),
2543 2277 2705 2327 τοῦτο
2765 2272 2793 2326 6
2843 2271 3073 2349 Χριστὸς
3129 2271 3448 2345 πεποίηκεν,
3501 2272 3562 2327 οὐ
3598 2272 3763 2345 μόνον

2110 2361 2239 2424 τοὺς
2268 2361 2527 2434 πλησίον,
2559 2360 2814 2417 ἀλλὰκαὶ
2845 2366 3015 2416 πᾶσαν
3049 2359 3241 2424 ἁπλῶς
3285 2361 3386 2431 τῆν
3438 2360 3765 2434 οἰκουμένην

2111 2450 2297 2512 πείσας
2328 2448 2419 2505 ἕνα
2445 2451 2536 2505 καὶ
2564 2450 2657 2505 τὸν
2689 2450 2850 2505 αὐτὸν
2882 2450 3079 2527 Κύριον
3114 2448 3311 2523 σέϐειν,
3344 2450 3434 2505 καὶ
3483 2448 3556 2505 δι’
3602 2450 3769 2506 αὐτοῦ

2112 2539 2240 2595 Θεὸν
2274 2541 2386 2613 (69)
2414 2539 2505 2595 τὸν
2538 2538 2704 2594 αὐτοῦ
2733 2538 2964 2616 Πατέρα.

2183 2631 2271 2685 47.
2307 2629 2407 2683 Καὶ
2451 2627 2622 2684 πάλαι
2675 2628 2769 2701 μὲν
2818 2627 2887 2682 τὰ
2933 2632 3217 2702 πανταχοῦ
3257 2633 3358 2696 τῆς
3403 2626 3613 2698 ἀπάτης
3658 2631 3767 2683 τῶν

2116 2716 2378 2791 μαντείων
2412 2715 2795 2792 ἐπεπλήρωτο,
2830 2715 2919 2770 καὶ
2950 2715 3018 2770 τά
3047 2715 3098 2770 ἐν
3133 2714 3364 2789 Δελφοῖς
3394 2715 3484 2770 καὶ
3533 2713 3799 2790 Δωδώνῃ’

2112 2805 2200 2861 καὶ
2234 2804 2467 2876 Βοιωτίᾳ
2517 2803 2607 2859 καὶ
2666 2803 2840 2875 Λυκίᾳ
2894 2803 2984 2858 καὶ
3039 2798 3216 2877 Λιϐύῃ
3267 2803 3356 2858 καὶ
3390 2804 3650 2878 Αἰγύπτῳ
3678 2806 3768 2860 καὶ

2113 2889 2396 2970 Καϐείροις
2449 2891 2797 2967 μαντεύματα
2834 2892 2927 2947 καὶ
2975 2894 3010 2961 ἡ
3064 2890 3237 2955 Πυθία
3288 2890 3655 2965 ἐθαυμάζοντο
3698 2897 3768 2967 τῇ

2112 2980 2372 3061 φαντασίᾳ
2398 2984 2504 3035 τῶν
2538 2979 2862 3056 ἀνθρώπων.
2894 2983 2986 3033 νῦν
3034 2976 3093 3035 δὲ
3139 2979 3231 3057 ἀφ’
3262 2979 3324 3034 οὗ
3374 2980 3605 3057 Χριστὸς
3636 3001 3766 3035 κατ-

2112 3069 2441 3148 αγγέλλεται
2472 3072 2775 3145 πανταχοῦ,
2825 3066 3092 3124 πέπαυται
3139 3068 3232 3123 καὶ
3272 3067 3481 3123 τούτων
3514 3070 3549 3138 ἡ
3585 3069 3767 3142 μανία,

2112 3161 2202 3216 καὶ
2233 3160 2333 3214 οὐκ
2379 3155 2518 3214 ἔστιν
2550 3153 2626 3213 ἔτι
2660 3156 2853 3213 λοιπὸν
2886 3156 2938 3212 ἐν
2990 3157 3176 3219 αὐτοῖς
3208 3158 3319 3231 (70)
3352 3158 3381 3211 6
3432 3156 3770 3231 μαντευόμε-

2114 3268 2226 3311 νος.
2275 3248 2373 3302 Καὶ
2426 3245 2595 3302 πάλαι
2650 3245 2743 3318 μὲν
2805 3242 3057 3318 δαίμονες
3108 3244 3597 3324 ἐφαντασιοκόπουν
3642 3245 3771 3308 τοὺς

362 3338 528 3408 bant,
553 3316 1011 3413 fontibusque-et
1031 3340 1245 3409 ﬂuviis,
1268 3341 1444 3415 lignis
1477 3316 1902 3415 autlapidibus
1922 3342 2008 3397 in-

2126 3337 2459 3407 Ξνθοώπους,
2502 3316 3363 3412 προκαταλαμϐάνοντεςλπηγάς
3410 3334 3447 3404 ἢ
3489 3333 3772 3408 ποταμοὺς

363 3428 643 3502 sidentes,
678 3429 888 3486 stultos
918 3431 1193 3487 mortales
1227 3431 1536 3505 praestigiis
1567 3431 1959 3504 percellebant
1991 3449 2005 3488 :

350 3518 476 3591 jam
504 3535 635 3575 vero
656 3523 791 3590 post
811 3519 1074 3574 divinum
1095 3519 1269 3576 Verbi
1291 3521 1627 3587 adventum,
1650 3525 2009 3577 evanuerunt

353 3607 699 3679 hujusmodi
728 3606 989 3664 fallaciae.
1019 3607 1320 3680 Siquidem
1353 3609 1475 3666 solo
1506 3611 1694 3666 crucis
1724 3609 1892 3683 signo
1914 3610 2010 3666 ad-

355 3695 544 3754 hibito
574 3712 781 3753 omnes
812 3695 923 3752 illa:
977 3698 1310 3754 daemonum
1360 3699 1593 3755 fraudes
1624 3699 2005 3771 repelluntur.

359 3785 512 3843 Olim
542 3784 675 3842 caci
699 3784 988 3855 homines,
1008 3786 1582 3856 Jovem,Saturnum,
1601 3787 1931 3861 Apollinem
1952 3793 2012 3845 et

363 3875 575 3931 heroas
605 3875 761 3947 apud
793 3879 996 3947 poetas
1046 3876 1189 3931 adeo
1222 3875 1542 3933 celebratos
1590 3878 1729 3934 deos
1760 3894 1889 3934 esse
1918 3895 2011 3933 ar-

361 3964 756 4036 bitrabantur,
787 3980 1003 4036 eosque
1034 3964 1367 4021 miserando
1395 3982 1587 4022 errore
1619 3966 1886 4023 colebant
1914 3984 1927 4023 :
1952 3971 2014 4023 at

360 4052 462 4111 ubi
485 4051 748 4109 Salvator
775 4053 927 4109 inter
954 4053 1223 4111 homines
1248 4054 1538 4127 apparuit,
1572 4055 1703 4112 illos
1734 4055 2013 4112 mortales

361 4142 633 4199 homines
653 4158 783 4199 esse
798 4142 1012 4216 amotis
1043 4142 1360 4199 involucris
1392 4145 1703 4200 manifeste
1722 4145 1930 4217 patuit,
1958 4148 2017 4200 et

344 4231 529 4288 'solus
558 4231 831 4288 Christus
877 4236 966 4288 est
995 4233 1223 4289 cunctis
1253 4233 1595 4290 hominibus
1624 4234 1781 4291 Deus
1819 4250 2015 4301 verus,

367 4320 470 4377 Dei
501 4326 653 4379 Deus
679 4321 938 4377 Verbum
992 4321 1229 4394 agnitus
1275 4326 1385 4378 est.
1432 4322 1581 4389 Quid
1628 4339 1762 4378 vero
1793 4322 1865 4377 de
1893 4327 2017 4378 arte

373 4410 624 4483 magica,
659 4427 836 4483 quam
868 4409 951 4465 illi
969 4413 1272 4483 tantopere
1304 4410 1686 4482 demirantur,
1711 4410 2017 4467 dicemus?

371 4498 590 4573 Nempe
611 4498 715 4556 illa
737 4500 975 4571 quidem
993 4504 1127 4556 ante
1138 4499 1312 4555 Verbi
1335 4500 1831 4572 adventum,apud
1855 4501 2021 4573 ZEgy-

368 4589 543 4662 ptios,
575 4588 874 4647 Chaldaeos
919 4593 977 4645 et
1006 4590 1182 4645 lndos
1211 4589 1466 4645 maxime
1514 4589 1747 4646 valebat
1777 4593 1834 4646 et
1858 4589 2015 4662 vige~

371 4680 492 4745 hat,
519 4684 971 4751 spectantesque
1000 4678 1151 4735 miro
1180 4679 1472 4735 afﬁciebat
1501 4683 1739 4751 stupore
1770 4694 1784 4734 :
1817 4694 2016 4734 verum
2049 4696 2096 4760 D

365 4768 630 4825 veritatis
675 4768 986 4841 praesentia
1031 4771 1088 4823 et
1115 4767 1287 4824 Verbi
1338 4769 1589 4825 adventu
1632 4768 1761 4841 ipsa
1786 4784 2020 4839 quoque

368 4857 636 4916 convicta
665 4875 732 4914 ac
759 4874 1003 4930 prorsus
1034 4857 1334 4913 destructa
1381 4861 1489 4913 est.
1523 4858 1685 4923 Quod
1715 4860 1915 4913 autem
1945 4854 2019 4910 ad

586 5059 687 5147 βίᾳ
716 5076 785 5147 ex
813 5062 1201 5147 ms.‘Seguer.
1235 5058 1613 5116 correximus.
1645 5057 1758 5114 Alii
1788 5057 1947 5115 enim
1971 5059 2030 5112 et

372 5129 513 5190 editi
542 5129 703 5186 αὑτόν
736 5133 974 5189 habent.

446 5206 557 5277 (68)
590 5204 727 5277 Ηὶεο,
771 5206 967 5269 verba,
1000 5201 1140 5277 ὥστε
1184 5201 1279 5257 κᾶν
1308 5198 1702 5277 τοὺςιπλῃσιον
1747 5197 2030 5277 οἰκοῦντας

376 5272 582 5347 πεῗσαί,
609 5276 1016 5334 desiderantur
1045 5276 1105 5331 in
1134 5280 1372 5348 Segucr.
1422 5273 1655 5330 Gobler.
1688 5277 1745 5329 et
1776 5272 2025 5329 Fclckm.

375 5350 402 5404 1
433 5365 609 5404 anon.

449 5421 559 5498 (ῥὲ)
593 5420 832 5498 S_eg_u‘er.
864 5418 1175 5498 hicaddit.
1209 5420 1318 5498 art.
1349 5415 1466 5472 τόν.
1611 5486 1621 5498 .

439 5484 564 5576 (70)
614 5484 842 5548 Gobler.
895 5491 1150 5548 Felckm.
1204 5492 1227 5544 1
1280 5507 1454 5546 anon.
1507 5486 1791 5544 omittunt
1837 5484 1889 5540 ἐν
1934 5484 2029 5539 αὑ-

373 5581 567 5761 τοζξῄ)
596 5632 694 5686 Καὶ
727 5630 914 5709 ἥρωας
963 5634 1186 5689 habent
1231 5630 1465 5760 Anglic.
1517 5630 1719 5713 Basil,
1773 5627 2028 5696 Gobler.,

381 5706 457 5761 Fe
485 5707 637 5761 ckm.
673 5706 698 5760 1
734 5723 908 5761 anon.
941 5706 1207 5761 Seauer..
1237 5707 1296 5761 et
1367 5705 1617 5761 egerunt
1643 5704 2028 5761 interpretes:

381 5704 637 5763 Felckm.
673 5706 698 5760 1
734 5704 908 5764 anon.
941 5706 1207 5779 Seguer.,
1237 5707 1296 5761 et
1344 5704 1617 5785 legerunt
1643 5704 2028 5777 interpretes;

375 5776 475 5841 alii
506 5778 815 5841 omittunt.

2115 3426 2151 3497 ἢ
2176 3425 2309 3497 ξύλα
2336 3425 2373 3495 ἢ
2405 3423 2614 3497 λίθους,
2659 3422 2749 3479 καὶ
2781 3422 2925 3479 οὕτω
2952 3428 3073 3485 ταῖς
3125 3423 3479 3499 μαγγανείαις
3511 3421 3774 3496 ἐξέπλητ-

2114 3537 2207 3571 τον
2236 3514 2365 3577 τοὺς
2417 3514 2676 3592 ἄφρονας·
2733 3517 2825 3567 νῦν
2884 3510 2942 3567 δὲ
2984 3518 3084 3582 τῆς
3119 3512 3264 3577 θείας
3322 3511 3631 3591 ἐπιφανείας
3676 3516 3775 3566 τοῦ

2118 3604 2301 3680 Λόγου
2359 3601 2732 3679 γεγενημένης
2790 3601 3056 3656 πέπαυται
3112 3600 3321 3656 τούτων
3380 3603 3416 3670 ἡ
3475 3599 3773 3678 φαντασία.

2116 3698 2203 3766 Τῷ
2234 3694 2338 3771 γὰρ
2370 3691 2584 3766 σημείῳ
2628 3695 2728 3746 τοῦ
2774 3696 3008 3767 σταυροῦ
3055 3690 3144 3745 καὶ
3202 3689 3367 3763 μόνον
3420 3690 3449 3743 6
3489 3691 3774 3754 ἄνθρωπος

2118 3784 2434 3859 χρώμενος,
2466 3778 2757 3836 ἀπελαύνει
2786 3778 2995 3834 τούτων
3047 3778 3143 3840 τὰς
3193 3777 3421 3840 ἀπάτας.
3457 3778 3556 3833 Καὶ
3604 3776 3775 3832 πάλαι

2123 3874 2217 3946 μὲν
2246 3870 2374 3932 τοὺς
2418 3869 2566 3946 παρά
2601 3872 2857 3939 ποιηταῖς
2903 3865 3239 3942 λεγομένους
3291 3865 3387 3921 Δία
3430 3865 3521 3921 καὶ
3572 3865 3774 3942 Κρόνον

2119 3960 2208 4017 καὶ
2239 3957 2569 4017 Ἀπόλλωνα
2596 3957 2687 4012 καὶ
2716 3956 2904 4032 ἥρωας
2952 3957 3065 4030 (71)
3117 3954 3367 4027 ἐνόμιζον
3409 3955 3462 4009 οἱ
3498 3955 3776 4031 ἅνθρωποι

2122 4049 2299 4122 θεοὺς,
2331 4047 2421 4103 καὶ
2451 4047 2678 4108 τούτους
2730 4045 3043 4100 ἐπλανῶντο
3086 4038 3355 4107 σέϐοντες·
3408 4045 3527 4120 ἄρτι
3572 4041 3649 4116 δὲ,
3680 4046 3778 4099 τοῦ

2124 4145 2384 4215 Σωτῆρος
2417 4137 2467 4191 ἐν
2503 4136 2812 4211 ἀνθρώποις
2847 4133 3125 4211 φανέντος,
3168 4133 3362 4189 ἐκεῖνοι
3398 4132 3491 4205 μὲν
3526 4133 3778 4208 ἐγυμνώ-

2124 4242 2289 4300 θησαν
2326 4228 2437 4301 (72)
2480 4220 2628 4286 ὄντες
2680 4224 2957 4299 ἅνθρωποι
3007 4221 3217 4294 θνητοὶ,
3269 4221 3435 4295 μόνος
3485 4218 3544 4276 δὲ
3572 4222 3600 4275 6
3646 4227 3779 4297 Χρι-

2123 4317 2247 4379 στὸς
2276 4315 2327 4371 ἐν
2359 4314 2668 4390 ἀνθρώποις
2702 4310 3004 4387 ἐγνωρίσθη
3039 4310 3169 4372 Θεὸς
3200 4309 3462 4381 ἀληθινὸς
3495 4315 3629 4365 Θεοῦ
3650 4310 3780 4371 Θεὸς

2124 4405 2325 4481 Λόγος.
2358 4403 2417 4458 Τί
2442 4400 2507 4477 ,δὲ
2536 4401 2658 4477 περὶ
2683 4407 2784 4470 τῆς
2835 4398 3255 4473 θαυμαζομένης
3301 4400 3429 4474 παρ’
3458 4399 3643 4462 αὐτοῖς
3679 4418 3781 4471 μα-

2123 4495 2269 4573 γείας
2331 4494 2390 4548 ἄν
2438 4513 2520 4555 τις
2581 4488 2722 4545 εἷ’ποι
2758 4509 2772 4559 ;
2804 4492 2923 4545 ’Ὀτι
2973 4488 3100 4565 πρὶν
3153 4488 3248 4560 μὲν
3304 4485 3642 4563 ἐπιδημῆσαι
3687 4486 3781 4542 τὸν

2125 4583 2327 4659 Λόγον,
2372 4578 2532 4657 ἴσχυε
2577 4579 2667 4635 καὶ
2712 4579 2930 4655 ἐνήργει
2980 4577 3108 4654 παρ’
3140 4575 3462 4651 Αἰγυπτίοις
3509 4576 3598 4632 καὶ
3636 4574 3782 4631 Χαλ-

2128 4671 2301 4735 δαίοις
2333 4669 2424 4727 καὶ
2478 4666 2669 4730 Ἰνδοῖς
2713 4667 2872 4739 αὕτη,
2905 4666 2997 4721 καὶ
3045 4664 3339 4737 ἐξέπληττε
3360 4664 3488 4728 τοὺς
3520 4666 3780 4743 ὁρῶντας·

2126 4764 2196 4835 τῇ
2228 4757 2287 4814 δὲ
2316 4761 2431 4833 (73)
2476 4754 2745 4832 παρουσίᾳ
2785 4761 2885 4824 τῆς
2937 4751 3199 4823 ἀληθείας
3247 4752 3336 4807 καὶ
3385 4756 3455 4827 τῇ
3504 4750 3785 4829 ἐπιφανείᾳ

2127 4854 2225 4906 τοῦ
2255 4847 2439 4924 Λόγου
2471 4843 2783 4920 διηλέγχθη
2816 4843 2905 4898 καὶ
2935 4841 3095 4914 αὕτη,
3139 4842 3230 4897 καὶ
3271 4843 3595 4919 κατηργήθη
3649 4861 3783 4897 πανε-

2210 5052 2325 5125 (72)
2355 5049 2728 5125 Sic__S_eg_uer_.
2772 5044 3032 5125 Cobler;
3071 5048 3131 5125 et
3159 5042 3349 5125 Felclr.
3378 5044 3453 5125 _
3483 5059 3658 5125 anon.
3688 5042 3784 5125 _Ali

2135 5114 2271 5182 vero
2303 5114 2360 5181 et
2387 5114 2834 5193 θάίιίξέγνώσθη
2846 5136 2965 5193 σαν,
2994 5114 3171 5193 Paulo
3198 5119 3333 5193 post
3373 5115 3645 5193 iidemet
3670 5117 3787 5193 An-

2176 5197 2273 5253 lic.
2305 5195 2523 5251 habent
2540 5185 2871 5266 ἐγνωρίσθη.
2910 5187 3017 5266 ubi
3043 5186 3162 5254 alii,
3194 5185 3468 5266 éyydngn.
3494 5187 3641 5266 Ibid.
3674 5186 3790 5266 Q9-

2180 5214 2273 5253 uc.
2306 5214 2523 5251 habent
2553 5214 2871 5266 εγνωρισυη.
2913 5214 3011 5244 um
3043 5214 3162 5254 αιιι,
3194 5214 3459 5261 εγνωσυη.
3494 5214 3641 5243 ιυιυ.
3674 5214 3787 5242 αυ-

2138 5214 2281 5325 ἕιθν.
2322 5266 2573 5321 Felckm.
2608 5265 2636 5320 1
2682 5279 2859 5318 anon.
2888 5265 2945 5317 et
2987 5263 3224 5325 Seguer.
3259 5258 3496 5325 habent,
3529 5256 3659 5319 Θεὸς
3690 5255 3787 5311 ἀλ-

2138 5276 2281 5325 bler.
2324 5276 2573 5321 Felckm.
2608 5276 2636 5320 1
2682 5279 2859 5318 anon.
2888 5276 2945 5317 et
2987 5276 3057 5314 be
3102 5276 3224 5315 uer.
3259 5276 3478 5314 nauem
3529 5276 3659 5319 uso;
3690 5276 3787 5311 αΛ-

2138 5339 2325 5409 ηθινὸς
2359 5340 2494 5409 Θεοῦ
2524 5334 2654 5409 Θεὸς
2694 5332 2903 5409 Λόγος.-
2927 5276 3328 5409 Αηεῇθ.ηθεὸς
3359 5302 3625 5409 ἀληόινοῦ
3653 5332 3789 5409 Θεοῦ

2138 5397 2269 5485 Θεὸς
2298 5397 2497 5485 Λόγος.
2674 5410 2731 5485 et
2767 5397 2929 5471 editi,
2960 5397 3569 5485 Θεὸς,ἀληθινςζῐλΘεοῦ⁸
3587 5399 3783 5485 Λόγος.

2139 5473 2428 5540 Omnibus
2460 5479 2651 5545 vertit,
2680 5479 2821 5534 Deus
2869 5478 2990 5533 veri
3017 5475 3122 5532 Dei
3170 5474 3311 5545 Deus
3337 5473 3510 5543 ﬁlius,
3539 5473 3789 5530 Ambro-

2139 5556 2266 5611 sius
2295 5551 2555 5610 Camald.
2593 5544 2736 5607 Deus
2764 5548 3169 5619 υθνιιδλυθίᾳιιε
3199 5544 3366 5619 ﬁlius.

2212 5625 2326 5698 (73)
2354 5624 2446 5698 Sic
2481 5626 2816 5698 SeguerLut
2862 5616 3477 5698 et'legissehvidentur
3504 5616 3787 5698 Omnibo-

2140 5683 2254 5755 nu‘s
2295 5683 2354 5753 et
2379 5683 2647 5753 Ambros.
2677 5691 2788 5749 Alii
2818 5707 2950 5749 vero
2983 5683 3041 5746 et
3085 5687 3228 5745 editi
3256 5704 3360 5761 pro
3390 5688 3677 5761 particula
3707 5683 3784 5762 δέ,

2140 5767 2455 5831 articulum
2482 5768 2581 5825 τοῦ
2610 5766 2891 5826 mendose
2917 5762 3157 5824 habent.
