4178 6406
368 451 477 515 181

1376 452 1669 516 ORATIO
1711 452 1815 513 DE
1856 448 2448 516 INCARNATIONE
2493 453 2758 519 VERBI.

3657 438 3775 504 182

373 579 568 642 τελῶς.
599 578 731 657 Περὶ
763 575 821 635 δὲ
847 586 948 650 τῆς
980 579 1313 652 Ἑλληνικῆς
1371 582 1559 662 σοφίας
1605 581 1694 637 καὶ
1751 588 1852 651 τῆς
1901 585 2009 635 τῶν

2145 584 2399 656 gentilem
2416 586 2763 657 sapientiam
2777 586 2833 640 et
2845 573 3781 656 philosophorummagniloquen-

376 668 687 749 φιλοσόφων
751 669 1188 748 μεγαλοφωνίας,
1219 671 1428 745 νομίζω
1492 669 1698 745 μηδένα
1742 676 1838 725 τοῦ
1887 673 2012 745 παρ’

376 761 533 833 ἡμῶν
568 756 769 823 δεῖσθαι
804 758 998 834 λόγου,
1029 759 1110 814 ἐπ’
1142 757 1260 834 ὄψει
1294 760 1504 815 πάντων
1540 756 1693 823 ὄντος
1747 765 1844 815 τοῦ
1887 760 2013 822 θαύ-

381 870 566 924 ματος,
601 847 682 903 δτι
710 853 942 903 τοσαῦτα
971 848 1291 925 γραψάντων
1331 854 1437 904 τῶν
1480 851 1605 927 παρ’
1637 848 1873 919 Ἕλλησι
1924 870 2013 903 σο-

376 941 510 1017 φῶν,
541 939 631 993 καὶ
665 939 740 1011 μὴ
774 936 1109 1008 δυνηθέντων
1154 944 1331 994 πεῖσαι
1381 938 1474 993 κᾶν
1530 938 1751 1013 ὀλίγους
1803 937 1863 992 ἐκ
1907 941 2015 991 τῶν

375 1026 621 1097 πλησίων
657 1029 768 1100 (74)
798 1026 979 1081 τόπων
1014 1027 1136 1104 περὶ
1169 1028 1452 1091 ἀθανασίας
1484 1028 1573 1083 καὶ
1602 1033 1699 1082 τοῦ
1741 1029 1856 1082 κατ’
1901 1027 2020 1103 ἀρε-

374 1116 471 1184 τὴν
511 1115 650 1190 βίου,
697 1114 860 1187 μόνος
893 1116 921 1171 6
951 1117 1179 1192 Χριστὸς
1232 1114 1299 1171 δι’
1331 1116 1561 1172 εὐτελῶν
1617 1116 1898 1192 ῥημάτων,
1930 1115 2019 1169 καὶ

378 1200 446 1257 δι’
472 1203 770 1279 ἀνθρώπων
801 1204 863 1258 ού
894 1205 1029 1260 κατά
1063 1206 1162 1274 τὴν
1210 1205 1457 1280 γλῶσσαν
1498 1209 1702 1283 σοφῶν,
1736 1205 1872 1260 κατὰ
1918 1211 2019 1258 πᾶ-

375 1311 467 1347 σαν
520 1292 619 1360 τὴν
674 1292 999 1367 οἰκουμένην
1060 1294 1415 1367 παμπληθεῖς
1473 1294 1761 1365 ἐκκλησίας
1818 1290 2019 1348 ἔπεισεν

375 1378 675 1456 ἀνθρώπων
708 1388 1058 1460 καταφρονεῖν
1114 1383 1207 1455 μέν
1257 1382 1505 1456 θανάτου,
1540 1389 1753 1461 φρονεῖν
1799 1380 1856 1437 δὲ
1901 1381 2025 1445 ἀθά-

373 1486 526 1541 νατα,
558 1469 645 1523 καὶ
701 1470 769 1525 τὰ
828 1471 920 1542 μὲν
981 1470 1287 1547 πρόσκαιρα
1333 1477 1597 1549 παρορᾷν,
1635 1471 1709 1534 εἰς
1760 1468 1817 1525 δὲ
1843 1470 1911 1525 τὰ
1939 1470 2022 1524 αἷ-

378 1556 513 1611 ώνια
560 1552 914 1630 ἀποϐλέπειν,
948 1558 1036 1613 καὶ
1096 1557 1264 1633 μηδὲν
1322 1562 1416 1633 μὲν
1469 1564 1579 1634 (75)
1625 1564 1869 1636 ἡγεῖσθαι
1924 1560 2022 1627 τήν

380 1644 466 1699 ἐπὶ
526 1653 631 1722 γῆς
693 1644 871 1721 δόξαν,
909 1647 1082 1721 μόνης
1145 1646 1201 1704 δὲ
1254 1656 1354 1720 τῆς
1416 1650 1740 1727 ἐπουρανίου
1788 1649 2027 1703 ἀντιποι-

381 1737 575 1797 εῖσθαι.

2124 672 2270 726 tiam
2303 674 2528 742 attinet,
2565 676 2860 729 neminem
2891 688 3019 727 esse
3050 687 3198 737 reor,
3217 668 3317 739 qui
3350 684 3457 721 nos
3488 664 3598 719 hac
3623 664 3692 719 de
3718 678 3777 717 re

2124 762 2300 816 verba
2356 764 2544 817 facere
2603 765 2871 833 excptet;
2905 761 3120 831 quippe
3171 773 3305 812 cum
3351 757 3485 810 ante
3513 752 3780 809 omnium

2126 849 2326 905 oculos
2360 851 2490 922 ipsa
2510 851 2856 905 admiranda
2888 866 3027 904 sane
3057 848 3419 909 obversetur,
3453 842 3610 914 quod
3646 856 3780 895 cum

2094 934 2436 1011 ‘gentilium
2471 940 2761 1011 sapientes
2818 943 2905 993 tot
2960 937 3197 1008 scriptis
3245 932 3644 989 voluminibus
3676 944 3782 984 nec

2130 1045 2347 1099 paucos
2380 1028 2589 1083 saltem
2621 1045 2688 1083 ex
2718 1027 2925 1082 vicinis
2983 1024 3321 1098 regionibus
3355 1022 3645 1077 adducere
3678 1036 3778 1091 po-

2133 1118 2373 1185 tuerint,
2407 1122 2469 1172 ut
2492 1134 2661 1173 suam
2695 1117 2764 1171 de
2795 1115 3236 1171 immortalitate
3297 1111 3621 1167 doctrinam
3655 1126 3781 1163 am-

2130 1206 2523 1279 plecterentur
2557 1223 2620 1261 ac
2650 1207 2924 1261 virtutem
2977 1206 3382 1275 sequerentur,
3413 1201 3574 1255 solus
3606 1197 3776 1254 Chri-

2132 1295 2497 1366 stus,bumili
2530 1312 2594 1351 ac
2622 1293 2843 1367 vulgari
2878 1308 3276 1359 sermone,nec
3319 1289 3554 1345 disertis
3584 1286 3779 1342 homi-

2134 1386 2308 1441 nibus
2331 1402 2602 1456 usus,per
2620 1384 2958 1438 universum
2979 1386 3269 1437 terrarum
3289 1380 3488 1434 orbem
3510 1375 3783 1448 plurimis

2134 1473 2443 1529 hominum
2473 1474 2719 1529 ccetibus
2751 1470 3063 1544 persuasit,
3098 1474 3163 1524 ut
3204 1472 3390 1523 morte
3422 1468 3776 1535 contempta,

2136 1562 2493 1618 immortalia
2524 1565 2877 1633 saperent,et
2898 1560 3073 1615 rebus
3098 1557 3333 1613 caducis
3361 1553 3639 1626 neglectis
3661 1550 3787 1608 sola

2137 1656 2353 1707 aeterna
2376 1652 2530 1707 bona
2560 1650 2946 1723 suspicerent,
2981 1665 3046 1703 ac
3104 1646 3356 1716 denique
3402 1648 3466 1697 ut
3494 1647 3787 1697 terrenam

2138 1740 2383 1813 gloriam
2418 1739 2585 1795 nihili
2618 1737 2998 1807 ducentes,ad
3032 1735 3217 1792 solam
3242 1732 3535 1789 caelestem
3566 1729 3790 1801 aspira-

2140 1834 2288 1886 rent.

454 1911 546 2020 48;
575 1909 836 2020 Tuﬁtu‘a‘é
862 1913 930 1967 τὰ
960 1911 1227 1990 λεγόμενα
1253 1915 1380 1991 παρ’
1410 1916 1444 1985 ἡ
1456 1918 1569 1988 μῶν
1603 1915 1703 1970 οὐκ
1754 1916 1885 1993 ἄχρι
1938 1912 2030 1969 λό-

2212 1919 2295 1972 48.
2332 1922 2463 1973 Haec
2493 1921 2711 1985 autem,
2743 1934 2869 1988 qua;
2903 1914 3301 1983 dicimus,non
3334 1911 3393 1966 in
3427 1909 3568 1966 solis
3599 1906 3791 1964 verbis

2291 2006 2303 2019 ι
2349 2014 2357 2020 .
2457 2011 2466 2020 .
2611 2008 2625 2020 ς
2666 2006 2675 2016 ·
2859 2005 2892 2020 ,ι
3179 2019 3188 2020 κ
3236 2002 3274 2020 ’κ
3335 2001 3404 2020 ιὲ-
3445 1997 3786 2020 _____--I__--_..

385 2018 493 2074 γων
527 1998 689 2072 ἐστὶν,
716 1999 863 2056 ἀλλὰ
891 2001 980 2056 καὶ
1012 2002 1062 2076 ἐξ
1093 2003 1260 2073 αὐτῆς
1291 2010 1392 2073 τῆς
1422 2004 1610 2081 πείρας
1644 2001 1760 2080 ἔχει
1803 2005 1901 2074 τὴν
1933 2010 2033 2072 τῆς

391 2085 649 2156 ἀληθείας
702 2089 1016 2166 μαρτυρίαν.
1074 2091 1292 2168 Παρίτω
1334 2094 1434 2170 γὰρ
1489 2094 1517 2147 6
1552 2092 1888 2168 βουλόμενος
1945 2091 2035 2146 καὶ

392 2176 662 2252 θεωρείτω
716 2186 816 2249 τῆς
877 2180 971 2253 μὲν
1012 2179 1208 2257 ἀρετῆς
1253 2181 1317 2236 τὸ
1357 2183 1645 2259 γνώρισμα
1676 2182 1726 2237 ἐν
1758 2188 1877 2244 ταῖς
1910 2186 2038 2257 Χρι-

390 2269 516 2320 στοῦ
564 2266 852 2343 παρθένοις
910 2268 1001 2323 καὶ
1061 2269 1112 2324 ἐν
1169 2275 1287 2332 τοῖς
1347 2271 1701 2347 σωφροσύνην
1752 2270 2035 2347 ἁγνεύουσι

387 2353 698 2430 νεωτέροις,
727 2362 828 2424 τῆς
862 2354 919 2411 δὲ
948 2356 1235 2421 ἀθανασίας
1266 2359 1365 2427 τὴν
1397 2359 1572 2414 πίστιν
1625 2359 1676 2414 ἐν
1725 2364 1804 2432 τῷ
1850 2358 2039 2416 τοσού-

386 2463 467 2515 τῳ
511 2446 620 2497 τῶν
677 2444 963 2522 μαρτύρων
1018 2446 1181 2501 αὐτοῦ
1238 2452 1415 2524 χορῷ.
1447 2446 1651 2502 Ἡκέτω
1701 2445 1758 2502 δὲ
1788 2447 1819 2503 ὅ
1846 2453 2035 2524 πεῖραν

386 2534 496 2585 τῶν
540 2530 957 2608 προλεχθέντων
1023 2533 1360 2610 βουλόμενος
1395 2530 1603 2608 λαϐεῖν,
1634 2536 1723 2591 καὶ
1757 2536 1838 2591 ἐπ’
1870 2536 2037 2606 αὐτῆς

388 2626 491 2689 τῆς
543 2621 831 2698 φαντασίας
865 2624 978 2697 (76)
1007 2628 1112 2677 τῶν
1149 2621 1448 2697 δαιμόνων,
1480 2625 1569 2679 καὶ
1616 2633 1717 2695 τῆς
1764 2631 1871 2680 τῶν
1911 2647 2040 2699 μαν-

390 2712 549 2764 τειῶν
600 2708 832 2783 ἀπάτης,
866 2711 955 2767 καὶ
1004 2718 1112 2767 τῶν
1160 2720 1261 2783 τῆς
1297 2713 1520 2789 μαγείας
1554 2714 1864 2788 θαυμάτων,
1893 2735 2038 2792 χρη-

392 2796 571 2862 σάσθω
755 2805 835 2873 τῷ
881 2801 1094 2875 σημείῳ
1149 2807 1247 2857 τοῦ
1298 2803 1618 2878 γελωμένου
1671 2806 1796 2882 παρ’
1854 2805 2039 2868 αὐτοῖς

392 2893 645 2965 σταυροῦ,
694 2890 786 2944 τὸν
847 2892 1075 2967 Χριστὸν
1128 2891 1398 2965 ὀνομάσας
1450 2893 1654 2965 μόνον’
1703 2894 1791 2949 καὶ
1853 2890 2039 2967 ὄψεται

394 2980 510 3039 πῶς
572 2975 642 3031 δι’
672 2979 837 3033 αὐτοῦ
877 2976 1129 3053 δαίμονες
1191 2981 1284 3054 μὲν
1346 2982 1618 3060 φεύγουσι,
1655 2983 1877 3056 μαντεία
1929 2985 2041 3057 (78)

396 3062 453 3120 δὲ
508 3066 754 3137 παύεται,
790 3069 986 3144 μαγεία
1044 3067 1101 3124 δὲ
1148 3077 1291 3125 πᾶσα
1346 3071 1433 3126 καὶ
1492 3072 1797 3149 φαρμακεία
1843 3074 2043 3148 κατήρ-

394 3175 579 3229 γηται.
628 3155 718 3218 Τίς
767 3156 857 3213 οὖν
911 3160 1014 3235 ἄρα
1059 3160 1149 3213 καὶ
1195 3159 1432 3229 πηλίκος
1483 3160 1621 3215 ἐστὶν
1672 3162 1828 3224 οὗτος
1860 3164 1887 3216 ὁ
1917 3168 2043 3239 Χρι-

394 3243 539 3313 στὸς,
570 3244 598 3298 6
654 3248 723 3318 τῇ
785 3246 976 3300 ἑαυτοῦ
1036 3247 1300 3321 ὀνομασίᾳ
1344 3247 1432 3303 καὶ
1481 3250 1748 3325 παρουσίᾳ
1774 3252 1840 3305 τὰ
1870 3250 2044 3306 πάντα

395 3331 733 3407 πανταχόθεν
795 3333 1106 3398 έπισκιάσας
1168 3337 1257 3391 καὶ
1310 3320 1677 3413 καταργήσας,
1725 3320 1813 3394 καὶ
1876 3340 2040 3413 μόνος
2072 3320 2116 3388 C

394 3421 532 3472 κατὰ
558 3418 773 3475 πάντων
807 3422 1157 3497 ἷσχύων,.καῖ
1199 3430 1367 3479 πᾶσαν
1416 3427 1513 3494 τήν
1565 3425 1890 3500 οἰκουμένην
1940 3435 2040 3497 τῆς

396 3507 588 3561 ἑαυτοῦ
644 3505 990 3573 διδασκαλίας
1046 3511 1383 3589 πληρώσας;
1444 3513 1754 3590 Λεγέτωσαν
1807 3518 1858 3570 οἱ
1904 3516 2043 3571 πάνυ

393 3593 660 3671 γελῶντες
703 3597 792 3652 καὶ
824 3599 924 3654 ούκ
954 3601 1307 3677 ἐρυθριῶντες
1336 3601 1625 3673 Ἕλληνες.
1659 3604 1721 3659 Εἰ
1784 3606 1878 3678 μὲν
1938 3608 2041 3682 γὰρ

395 3684 681 3760 ἄνθρωπός
732 3686 863 3759 ἐστι,
896 3688 985 3743 καὶ
1034 3694 1152 3752 πῶς
1200 3691 1277 3753 εἴς
1322 3687 1609 3767 ἅνθρωπος
1667 3696 1766 3763 τὴν
1826 3694 2041 3750 πάντων

393 3772 483 3827 καὶ
541 3776 666 3850 παρ’
714 3776 899 3840 αὐτοῖς
952 3782 1083 3841 θεῶν
1147 3776 1373 3851 δύναμιν
1434 3781 1690 3858 ὑπερῆρε,
1739 3783 1828 3838 καὶ
1888 3782 2040 3839 οὐδὲν

395 3860 630 3925 ἐκείνους
682 3859 840 3928 ὄντας
888 3869 956 3939 τῇ
989 3867 1180 3922 ἑαυτοῦ
1212 3866 1435 3942 δυνάμει
1496 3866 1774 3946 διήλεγξεν
1808 3894 1820 3906 ο
1881 3872 1927 3927 εἰ
1988 3870 2044 3928 δὲ

398 3950 566 4027 μάγον
601 3951 759 4008 αύτὸν
786 3951 1030 4030 λέγουσι,
1063 3961 1182 4019 πῶς
1236 3958 1349 4012 οἶόν
1398 3958 1456 4013 τέ
1510 3958 1648 4014 ἐστιν
1706 3960 1809 4015 ὑπὸ
1870 3961 2043 4038 μάγου

394 4046 771 4117 καταργεῖσθαι
801 4049 972 4099 πᾶσαν
1024 4046 1123 4114 τήν
1163 4045 1384 4121 μαγείαν
1418 4047 1506 4101 καὶ
1542 4049 1617 4121 μὴ
1654 4048 1866 4121 μᾶλλον
1927 4073 2044 4107 συν-

399 4126 674 4200 ίστασθαι;
727 4131 791 4186 Ei
853 4133 947 4205 μὲν
1004 4135 1105 4210 γὰρ
1158 4134 1478 4211 ἀνθρώπους
1535 4136 1737 4213 μάγους
1792 4138 1957 4212 ἐνίκα,
2005 4142 2041 4210 ἢ

393 4219 512 4282 καθ’
544 4219 661 4282 ἑνὸς
710 4217 867 4296 ἴσχυε
908 4221 1099 4295 μόνου,
1131 4222 1314 4285 καλῶς
1368 4223 1426 4279 ἂν
1480 4224 1737 4299 ἐνομίσθη
1790 4231 1915 4284 παο’
1945 4230 2039 4285 αύ-

392 4311 501 4361 τῶν
534 4309 649 4381 (79)
676 4309 941 4385 κρείττονι
970 4310 1138 4387 τέχνῃ
1164 4313 1263 4380 τὴν
1294 4317 1399 4367 τῶν
1434 4311 1618 4369 ἄλλων
1656 4312 2038 4393 ὑπερϐάλλωνο

395 4395 441 4449 εἷ
476 4393 533 4451 δὲ
559 4398 695 4452 κατὰ
724 4396 899 4469 πάσης
933 4399 1123 4462 ἁπλῶς
1159 4400 1382 4475 μαγείας
1436 4401 1525 4456 καὶ
1577 4403 1741 4458 αὐτοῦ
1787 4411 1884 4460 τοῦ
1926 4408 2045 4462 ὀνό-

398 4506 566 4559 ματος
593 4485 761 4556 αὐτῆς
784 4483 955 4563 ἤρατο
984 4489 1084 4557 τὴν
1116 4487 1271 4560 νίκην
1306 4489 1333 4544 6
1363 4489 1560 4546 τούτου
1588 4493 1838 4569 σταυρὸς,
1872 4492 2041 4565 δῆλον

395 4572 455 4629 ἃν
489 4571 571 4662 εἷῇ
610 4575 686 4647 μή
719 4574 852 4630 εἶναι
889 4577 1058 4653 μάγον
1106 4576 1199 4632 τὸν
1255 4584 1508 4655 Σωτῆρα,
1558 4580 1616 4636 ὃν
1657 4582 1747 4636 καὶ
1799 4584 1850 4638 οἳ
1898 4586 2045 4662 παρὰ

392 4666 501 4717 τῶν
533 4659 717 4719 ἄλλων
778 4663 961 4741 μάγων
996 4665 1420 4740 ἐπικαλούμενοι
1455 4665 1713 4742 δπίμονες
1742 4671 1817 4733 ὡς
1852 4659 2044 4729 δεσπό-

392 4770 493 4821 την
527 4750 799 4829 φεύγουσι.
831 4753 920 4817 Τίς
952 4752 1043 4809 οὖν
1095 4756 1197 4830 ἄρα
1249 4754 1360 4810 ἐστῖ
1420 4753 1722 4833 λεγέτωσαν
1780 4761 1832 4814 οἱ
1878 4761 2041 4835 μόνον

396 4837 448 4893 έν
478 4844 558 4912 τῷ
589 4839 875 4916 χλευάζειν
905 4839 1126 4918 ἔχοντες
1149 4845 1248 4913 τὴν
1283 4843 1523 4915 σπουδὴν
1557 4846 1850 4923 Ἕλληνες,
1886 4852 2043 4915 Ἴσως

396 4926 456 4983 ἂν
489 4932 715 5007 φήσαιεν
750 4928 982 5005 δαίμονα
1011 4933 1101 4988 καὶ
1133 4934 1291 4989 αὐτὸν
1348 4944 1689 5011 γεγενῆσθαι,
1720 4938 1809 4994 καὶ
1868 4942 2041 5005 οὕτως

395 5016 626 5094 ἰσχύειν.
658 5025 828 5075 Τοῦτο
888 5019 947 5076 δὲ
993 5021 1081 5077 καὶ
1140 5021 1278 5078 πάνυ
1312 5027 1424 5098 (80)
1457 5024 1703 5103 λέγοντες
1740 5027 2041 5105 ὀφλήσουσι

462 5128 576 5201 (74)
604 5127 699 5185 Sic
728 5129 905 5201 Basil.
939 5129 1169 5187 Gobler.
1217 5135 1276 5187 et
1321 5131 1577 5189 Felckm.
1621 5135 1647 5189 1
1680 5153 1894 5193 annon.
1928 5138 2041 5195 Alii

390 5199 837 5289 vestrive-
933 5271 949 5289 ,
1079 5272 1093 5289 .

462 5272 576 5396 (75)
624 5272 842 5329 Partila
888 5271 988 5340 τήν
1044 5272 1209 5329 abest
1255 5291 1289 5331 a
1331 5291 1465 5357 _ms.
1518 5276 1748 5402 Anglic.
1808 5279 2035 5337 Gobler.

391 5342 467 5398 Fe
494 5345 647 5418 ckm,
683 5346 705 5399 1
746 5360 919 5401 anon.
944 5347 1002 5400 et
1023 5344 1270 5418 Seguer.
1302 5345 1483 5402 Iidem
1514 5348 1593 5402 lbl
1644 5389 1656 5402 .
1687 5348 1786 5418 τήν
1820 5350 2040 5409 habent

390 5419 528 5499 ante
560 5413 647 5499 ἐπὶ
675 5420 783 5499 γῆς
825 5433 838 5470 :
886 5416 1041 5499 quod
1084 5413 1330 5499 ab'aliis
1382 5423 1439 5499 et
1492 5419 1667 5499 editis
1724 5413 2036 5499 omittitur.

390 5485 572 5563 Iidem
594 5485 1281 5563 itemlocg—é‘rtoppuvioo,
1304 5488 1525 5563 habent
1550 5490 1857 5563 ἀθανασίας.

463 5558 575 5631 (76)
607 5559 702 5615 Sic
731 5559 958 5631 Anglic.
1018 5558 1190 5615 basil.
1241 5560 1470 5618 Gobler.
1506 5562 1762 5619 Felckm.
1798 5566 1823 5618 1
1860 5582 2033 5620 anon.

390 5630 742 5753 et£Seguer.
789 5630 901 5687 Alii
947 5648 1081 5688 vero
1127 5636 1185 5688 et
1220 5634 1382 5701 editi,
1440 5632 1522 5687 ἐπ’
1573 5633 1740 5703 αὑτὴν
1771 5636 1871 5703 τήν
1906 5656 2038 5712 φαν-

387 5718 492 5754 ταα
516 5720 600 5756 αν.

464 5772 579 5845 (77)
610 5773 719 5830 Ms.
743 5773 982 5847 Seguer.
1016 5775 1379 5848 auctoritate,
1406 5776 1758 5850 particulam
1790 5776 1878 5833 καί
1909 5794 2037 5852 quae

2147 2006 2496 2075 consistunt,
2528 2008 2629 2062 sed
2662 2006 2791 2078 ipsa
2820 2005 2996 2062 etiam
3056 2001 3415 2075 experientia
3444 1997 3792 2071 praeclarum

2144 2096 2374 2151 veritati
2404 2097 2502 2152 dat
2538 2095 2964 2152 testimonium.
3006 2094 3257 2161 Accedat
3288 2091 3486 2162 itaque
3517 2085 3791 2160 quisquis

2144 2184 2413 2255 voluerit,
2441 2202 2505 2240 ac
2534 2184 2766 2240 virtutis
2815 2182 3073 2255 insignia
3128 2182 3183 2235 in
3216 2178 3432 2237 Christi
3462 2175 3790 2248 virginibus

2147 2289 2252 2329 nec
2271 2274 2458 2329 nonin
2483 2272 2951 2329 adolescentibus
2966 2272 3066 2344 qui
3091 2268 3501 2326 castimoniam
3517 2265 3790 2336 proﬁten-

2146 2367 2264 2428 tur,
2298 2361 2875 2433 immortalitatisque
2899 2361 3073 2416 ﬁdem
3106 2360 3165 2413 in
3195 2361 3357 2413 tanto
3394 2353 3603 2412 Christi
3635 2369 3791 2408 mar-

2126 2456 2342 2525 ‘tyrum
2387 2452 2560 2508 choro
2592 2449 3038 2521 contempletur.
3096 2447 3306 2503 Veniat
3336 2450 3392 2502 et
3421 2441 3691 2516 quisquis
3727 2458 3797 2497 ea

2150 2557 2275 2612 quae
2307 2540 2562 2595 diximus
2593 2538 2839 2610 experiri
2870 2537 3051 2609 cupit,
3086 2541 3261 2609 atque
3300 2536 3356 2591 in
3409 2532 3617 2589 mediis
3647 2531 3796 2603 ipsis

2150 2630 2483 2685 daemonum
2497 2627 2806 2701 praestigiis
2824 2631 2881 2682 et
2903 2626 3272 2682 oraculorum
3305 2623 3551 2679 fallaciis
3573 2637 3638 2676 ac
3672 2637 3798 2675 ma-

2151 2719 2255 2792 giae
2289 2717 2767 2791 prodigiis,signo
2800 2716 3148 2788 crucis,quze
3171 2715 3323 2786 apud
3351 2714 3510 2785 ipsos
3540 2709 3795 2765 ludibrio

2151 2811 2258 2875 est,
2295 2812 2512 2874 utatur,
2561 2805 2871 2876 solumque
2903 2804 3199 2859 Christum
3232 2802 3513 2869 nominet,
3549 2816 3683 2854 mox
3711 2798 3794 2852 vi-

2153 2896 2313 2952 debit
2343 2913 2518 2967 quam
2545 2896 2658 2951 cito
2690 2912 2791 2966 per
2812 2895 3009 2966 ipsum
3043 2894 3319 2964 fugentur
3348 2892 3797 2959 dzemones,ces-

2152 2990 2283 3042 sent
2312 2984 2568 3051 oracula,
2603 3001 2696 3038 ars
2728 2982 2919 3038 omnis
2964 2982 3190 3054 magica
3238 2979 3635 3051 veneﬁciaque
3663 2993 3796 3031 eva—

2153 3078 2413 3130 nescant.
2443 3073 2586 3138 Quis
2634 3071 2831 3144 itaque
2860 3076 3232 3144 quantusque
3262 3069 3358 3125 ille
3389 3073 3477 3124 est
3508 3065 3796 3129 Christus,

2153 3164 2253 3236 qui
2282 3181 2387 3219 suo
2418 3163 2656 3217 nomine
2678 3178 2743 3217 ac
2775 3179 2883 3217 sua
2913 3159 3218 3232 praesentia
3240 3158 3440 3215 omnia
3470 3170 3803 3228 usquequa-

2153 3270 2266 3325 que
2315 3253 2588 3307 obscurat
2616 3255 2671 3306 et
2721 3251 2892 3321 delet,
2925 3250 3202 3321 solusque
3249 3246 3472 3304 caeteris
3522 3243 3799 3301 omnibus

2153 3342 2360 3400 fortior
2389 3346 2499 3409 est,
2532 3346 2706 3412 atque
2763 3340 3102 3395 universum
3134 3339 3335 3393 orbem
3392 3352 3499 3391 sua
3530 3332 3798 3389 doctrina

2153 3430 2372 3502 replet?
2404 3430 2816 3501 Respondeant
2838 3427 3083 3500 gentiles
3111 3427 3210 3499 qui
3239 3430 3358 3481 tam
3391 3425 3664 3479 eifrenate
3686 3421 3795 3475 im-

2151 3518 2696 3591 pudentissimeque
2725 3518 2934 3572 rident.
2949 3515 3329 3581 Enimvero,si
3361 3513 3536 3568 homo
3560 3510 3655 3567 ille
3686 3513 3795 3575 est,

2150 3607 2252 3681 qui
2284 3607 2408 3662 ﬁeri
2449 3612 2637 3678 potest
2675 3611 2739 3661 ut
2785 3622 2939 3660 unus
2978 3606 3151 3661 homo
3193 3604 3458 3659 omnium
3503 3602 3600 3657 72
3647 3616 3796 3671 quos

2152 3697 2266 3771 ipsi
2324 3696 2523 3771 colunt
2578 3696 2821 3751 deorum
2854 3694 3173 3768 potentiam
3233 3697 3487 3764 superet,
3535 3689 3800 3761 nihilque

2154 3804 2394 3858 prorsus
2425 3785 2556 3841 illos
2587 3801 2716 3841 esse
2745 3802 2853 3840 sua
2906 3783 3140 3856 propria
3187 3783 3399 3838 virtute
3443 3778 3803 3836 convincat?

2154 3876 2315 3943 Quod
2339 3875 2387 3929 si
2410 3891 2649 3947 magum
2666 3891 2800 3929 eum
2815 3890 2943 3929 esse
2964 3872 3289 3945 dicant,qui
3306 3874 3492 3926 ﬁtuta
3513 3885 3684 3942 mago
3703 3884 3799 3923 ars

2153 3964 2343 4021 omnis
2358 3963 2584 4035 magica
2604 3964 2939 4018 destruatur
2960 3967 3016 4018 et
3038 3979 3153 4018 non
3176 3962 3369 4035 potius
3388 3957 3802 4017 conﬁrmetur?

2152 4053 2419 4124 Namque
2449 4052 2499 4107 si
2545 4052 2830 4106 duntaxat
2882 4051 3148 4107 homines
3180 4067 3383 4121 magos
3424 4048 3680 4117 vicisset,
3713 4044 3802 4100 vel

2154 4158 2270 4197 uno
2299 4144 2529 4196 tantum
2563 4140 2769 4195 fuisset
2799 4142 3086 4212 superior,
3121 4158 3234 4195 non
3258 4138 3552 4194 immerito
3607 4134 3801 4206 suspi-

2156 4233 2428 4285 carentur
2455 4245 2591 4283 eum
2623 4235 2745 4283 arte
2782 4229 3039 4299 quadam
3098 4226 3489 4300 praastantiori
3547 4224 3799 4282 aliorum

2156 4318 2339 4375 fuisse
2356 4317 2652 4373 victorem.
2677 4317 2733 4370 Si
2759 4334 2892 4372 vero
2915 4318 2985 4372 de
3019 4318 3290 4373 universa
3320 4317 3490 4388 plane
3521 4319 3645 4370 arte
3676 4330 3800 4367 ma-

2154 4408 2282 4481 gica
2314 4408 2557 4479 ejusque
2590 4406 2825 4461 nomine
2845 4423 2986 4461 crux
3016 4405 3230 4461 Christi
3258 4403 3799 4476 triumphavit,per-

2153 4495 2423 4568 spicuum
2457 4512 2599 4551 sane
2629 4494 2762 4549 inde
2796 4493 2969 4549 fuerit
3018 4493 3375 4549 Salvatorem
3408 4507 3645 4564 magum
3680 4506 3797 4544 non

2152 4584 2576 4657 fuisse,utpote
2607 4599 2781 4656 quem
2814 4583 3285 4653 daemones,quos
3316 4581 3411 4637 alii
3446 4580 3602 4651 magi
3633 4579 3793 4633 invo-

2072 4689 2120 4754 D
2152 4677 2306 4745 cant,
2338 4678 2622 4746 tanquam
2656 4671 2967 4727 Dominum
3000 4671 3250 4743 fugiunt.
3288 4668 3429 4734 Quis
3460 4670 3655 4740 itaque
3675 4666 3803 4721 ille-

2154 4763 2232 4819 sit
2260 4764 2458 4819 dicant
2487 4762 2756 4836 gentiles,
2792 4761 3008 4834 quibus
3041 4759 3204 4816 nulla
3251 4758 3366 4814 alia
3394 4776 3535 4814 cura
3575 4758 3806 4813 videtur

2153 4868 2301 4921 esse,
2353 4868 2529 4923 quam
2579 4855 2645 4906 ut
2673 4850 3114 4907 cachinnentur.
3169 4851 3255 4904 An
3288 4848 3613 4903 daemonem
3644 4862 3803 4911 eum,

2153 4945 2329 5013 atque
2361 4940 2576 4996 idcirco
2608 4941 2738 4996 aliis
2774 4939 3156 4995 valentiorem
3189 4937 3370 4994 fuisse
3399 4936 3751 4993 contendent
3780 4934 3808 4987 Ὺ

2152 5030 2262 5087 Sed
2295 5030 2345 5086 si
2396 5030 2454 5085 id
2486 5030 2759 5097 dixerint,
2791 5029 2977 5085 risum
3010 5029 3165 5084 haud
3190 5027 3365 5083 dubie
3404 5024 3804 5092 concitabunt,

2151 5136 2213 5192 in
2243 5137 2414 5193 editis
2444 5140 2501 5193 et
2528 5137 2660 5193 aliis
2691 5136 2885 5208 inepte
2914 5134 3497 5208 legitur,delevimus.
3530 5133 3660 5188 Mox
3690 5138 3803 5208 An:

2151 5209 2285 5281 glic.
2320 5209 2498 5264 Basil.
2526 5208 2755 5281 Gobler.
2788 5203 3018 5281 Felkm'.
3049 5208 3074 5262 1
3109 5225 3293 5281 anon._
3317 5211 3636 5281 etSeguer.
3670 5203 3795 5279 παρ’

2150 5276 2335 5341 ἆὺτοῖς
2368 5281 2585 5353 habent
2618 5279 2763 5353 {alii
2796 5285 2852 5334 et
2881 5279 3046 5353 editi,
3079 5276 3423 5353 nup’_u6ro§.

2222 5353 2334 5425 (7_8)
2366 5352 2461 5408 Sic
2491 5370 2602 5425 ms.
2645 5352 2887 5425 Seguer.
2931 5350 3035 5404 Alii
3062 5346 3321 5425 et_editi,
3385 5351 3626 5425 μαντεῖα.
3672 5346 3804 5402 Mox

2149 5422 2379 5509 Gobler.
2413 5429 2470 5479 et
2499 5422 2751 5479 Felckm'.
2791 5424 2816 5477 1
2877 5439 3030 5477 anon
3062 5422 3297 5490 habent,
3332 5423 3642 5496 φαρμακεῖα
3671 5438 3798 5471 κατ-

2148 5513 2179 5546 α
2217 5515 2233 5529 ⁸⁸
2255 5514 2413 5549 ειται.

2186 5513 2332 5691 P{‘79)
2398 5565 2778 5647 Anglicanus,
2851 5563 3213 5626 Basiliensis,
3286 5562 3693 5629 Goblerianus,
3746 5565 3803 5616 et

2147 5636 2220 5691 Fe
2248 5640 2524 5691 ckmannl
2559 5639 2585 5691 1
2618 5652 2964 5691 anonvmus.
2999 5635 3126 5691 παρ’
3156 5635 3363 5691 αὐτοῖς.

2190 5639 2524 5693 elckmanni
2559 5639 2585 5691 1
2618 5652 2964 5707 anonymus,
2999 5639 3126 5709 παρ’
3156 5639 3363 5695 αὐτοῖς.

2190 5708 2683 5835 ,(80)..(Ϊτοὶ›Ιοῐς.,θῐ
2734 5706 2989 5783 Felckm.
3115 5724 3288 5763 anon.
3322 5706 3413 5760 καὶ
3444 5702 3601 5761 πάνυ.
3638 5705 3795 5832 (ἑυοά

2190 5795 2239 5835 ιο
2271 5797 2365 5835 a1:
2399 5784 2457 5835 et
2485 5781 2627 5835 editi
2682 5778 2918 5835 habent.
2951 5782 3255 5835 omittunt.
3299 5779 3431 5835 Mox
3469 5795 3537 5835 ex
3564 5780 3645 5833 G0
3690 5776 3795 5835 ler.

2146 5776 2239 5835 hic
2271 5776 2365 5837 alii
2399 5784 2457 5836 et
2485 5779 2627 5836 editi
2682 5778 2918 5852 habent,
2951 5779 3255 5836 omittunt.
3299 5779 3431 5838 Mox
3469 5795 3537 5835 ex
3564 5776 3795 5842 Gobler,
