4178 6374
377 390 491 451 185

1389 381 1682 442 ORATIO
1729 380 1830 440 DE
1873 378 2467 440 INCARNATIONE
2512 379 2774 440 VERBI.

3667 385 3784 446 186

377 543 474 598 γος
508 521 617 594 (87)
650 519 765 574 κατ’
785 514 1002 588 αὐτοὺς,
1029 515 1090 570 οὐ
1120 513 1387 569 κωλύεται
1421 513 1524 568 ὑπὸ
1552 517 1659 567 τῶν
1686 512 1810 588 παρ’
1840 510 2022 572 αὐτοῖς
2055 571 2057 578 ι

2169 512 2433 583 egionem
2487 512 3052 583 pervolaverit?Vel
3110 530 3291 585 quare
3347 514 3396 569 si
3456 517 3784 572 secundum

381 615 536 680 θεῶν,
570 608 644 670 εἰς
672 608 771 675 τὴν
804 606 970 674 αὐτὴν
1021 605 1232 680 χώραν,
1266 599 1390 666 ἔνθα
1437 602 1558 673 εἰσὶ,
1606 601 1668 656 τὸ
1713 601 1908 654 τούτου
1939 598 2024 652 σὲ-

381 694 479 760 6ας
513 693 786 766 διαϐῆναι·
822 694 968 751 ἀλλὰ
1015 692 1228 767 μᾶλλον
1279 691 1438 754 αὐτὸς
1465 692 1492 744 ὁ
1523 690 1699 765 Λόγος
1743 687 2025 761 ἐπιδημῶν

379 791 449 861 τῇ
496 784 816 855 διδασκαλίᾳ
864 785 1054 838 ἑαυτοῦ
1097 782 1196 849 τὴν
1249 779 1462 835 ἐκείνων
1515 777 1797 856 θρησκείαν
1849 776 2028 847 παύει,

382 875 472 931 καὶ
499 877 597 944 τὴν
632 871 914 950 φαντασίαν
948 871 1121 926 αὐτῶν
1152 869 1498 943 καταισχύνει
1533 887 1546 937 ;

458 1056 545 1111 50.
579 1050 792 1108 Πολλοὶ
825 1050 932 1126 πρὸ
977 1049 1174 1104 τούτου
1221 1046 1474 1122 γεγόνασι
1534 1045 1774 1122 βασιλεῖς
1806 1044 1894 1099 καὶ
1941 1043 2034 1098 τύ-

391 1163 570 1218 ραννοι
601 1148 727 1216 γῆς·
761 1139 966 1195 πολλοὶ
1015 1137 1161 1214 παρὰ
1208 1133 1501 1198 Χαλδαίοις
1560 1136 1898 1211 ἱστοροῦνται
1948 1135 2037 1188 καὶ

389 1232 514 1307 παρ’
542 1229 860 1304 Αἰγυπτίοις
893 1228 982 1282 καὶ
1032 1224 1222 1288 Ἰνδοῖς
1267 1224 1554 1300 γενόμενοι
1605 1225 1762 1301 σοφοὶ
1810 1222 1899 1278 καὶ
1935 1221 2036 1294 μά-

391 1342 502 1396 γοι·
533 1319 614 1381 τίς
640 1318 848 1374 τούτων
889 1317 1041 1388 ποτὲ,
1100 1315 1162 1369 οὐ
1213 1313 1360 1388 λέγω
1416 1314 1549 1387 μετά
1594 1313 1839 1383 θάνατον,
1896 1311 2041 1366 ἀλλά

389 1409 479 1463 καί
511 1405 586 1463 ἔτι
622 1412 724 1478 ζῶν
757 1405 1006 1477 ἠδυνήθη
1036 1409 1293 1459 τοσοῦτον
1329 1403 1567 1478 ἰσχῦσαι,
1606 1401 1742 1458 ὥστε
1770 1403 1868 1470 τήν
1901 1401 2038 1473 σύμ-

391 1519 560 1553 πασαν
613 1497 771 1552 αὐτὸν
823 1503 924 1571 γῆν
967 1493 1257 1568 πληρῶσαι
1306 1500 1406 1562 τῆς
1456 1493 1620 1547 αὐτοῦ
1669 1489 2038 1559 διδασκαλίας,

391 1588 480 1643 καὶ
509 1591 764 1641 τοσοῦτον
793 1584 1006 1653 πλῆθος
1058 1579 1337 1637 παιδεῦσαι
1369 1581 1474 1635 ἀπὸ
1503 1589 1604 1650 τῆς
1633 1585 1740 1634 τῶν
1794 1576 2038 1633 εἰδώλων

391 1672 836 1748 δεισιδαιμονίας,
897 1671 1054 1733 ὅσους
1106 1672 1135 1725 ὅ
1195 1670 1458 1746 ἡμέτερος
1511 1671 1706 1746 Σωτὴρ
1749 1669 1822 1730 εἰς
1856 1668 2040 1723 ἑαυτὸν

393 1763 500 1818 ἀπὸ
527 1767 633 1817 τῶν
667 1759 911 1816 εἰδώλων
949 1761 1270 1834 μετήνεγκεν
1298 1778 1312 1827 ;
1345 1757 1626 1828 Ἑλλήνων
1670 1758 1720 1811 οἱ
1751 1756 2043 1834 φιλόσοφοι

397 1854 512 1924 (88)
543 1851 676 1924 μετά
702 1849 1062 1919 πιθανότητος
1107 1847 1196 1902 καὶ
1227 1845 1428 1942 τέχνης
1472 1846 1653 1920 λόγων
1687 1844 1873 1901 πολλὰ
1918 1867 2041 1900 συν-
2074 1878 2123 1942 Β

333 1949 335 1951 ’
399 1939 657 2015 ἐγράψαν·
689 1938 740 1992 τί
789 1935 879 1991 οὖν
931 1941 1186 1991 τοσοῦτον
1237 1933 1358 1990 ὅσον
1411 1935 1438 1988 ὁ
1485 1939 1581 1989 τοῦ
1613 1939 1846 2011 Χριστοῦ
1884 1955 2042 1988 σταυ-

399 2027 491 2104 ρὸς
543 2023 874 2098 ἐπεδείξαντο
908 2045 921 2096 ;
957 2030 1126 2101 ’Ἄχρι
1169 2024 1270 2101 γὰρ
1317 2023 1576 2094 τελευτῆς
1625 2024 1798 2078 αὐτῶν
1838 2024 1904 2077 τὰ
1932 2025 2045 2097 (89)

398 2118 524 2194 παρ’
553 2116 726 2171 αὐτῶν
777 2115 1081 2193 σοφίσματα
1115 2113 1179 2168 τὸ
1227 2113 1448 2176 πιθανὸν
1485 2109 1668 2188 ἔσχεν·
1701 2112 1847 2168 ἀλλὰ
1897 2112 1985 2166 καὶ
2017 2113 2046 2166 ’ὀ

397 2202 580 2276 ἔδοξαν
619 2209 812 2274 ζῶντες
837 2203 1070 2278 ἰσχύειν,
1094 2202 1145 2257 ἐν
1170 2201 1444 2273 ἀλλήλοις
1469 2198 1626 2277 ἔσχεν
1651 2203 1750 2270 τὴν
1780 2200 2044 2274 ἅμιλλαν,

399 2294 488 2350 καὶ
518 2295 635 2348 κατ’
663 2291 928 2363 ἀλλήλων
979 2290 1309 2364 μελετῶντες
1359 2290 1749 2369 ἐφιλονείκουν.
1781 2296 1835 2343 Ὁ
1867 2287 1924 2344 δὲ
1951 2294 2048 2344 τοῦ

405 2386 537 2437 Θεοῦ
569 2380 770 2455 Λόγος,
799 2381 862 2434 τὸ
894 2376 1349 2455 παραδοξότατον,
1381 2378 1760 2454 πτωχοτέραις
1789 2383 1908 2440 ταῖς
1958 2377 2047 2433 λέ-

401 2472 509 2542 ξεσι
562 2465 800 2539 διδάξας,
828 2467 956 2530 τοὺς
1007 2469 1146 2522 πάνυ
1192 2467 1444 2546 σοφιστὰς
1498 2467 1793 2540 ἐπεσκίασε,
1836 2467 2049 2529 καὶτὰς

405 2558 498 2630 μὲν
554 2555 768 2610 ἐκείνων
825 2551 1170 2617 διδασκαλίας
1226 2557 1558 2630 κατήργησε,
1617 2554 1816 2616 πάντας
1872 2551 2048 2609 ἕλκων

399 2645 537 2722 πρὸς
588 2644 796 2717 ἑαυτὸν,
845 2643 940 2706 τὰς
999 2641 1056 2698 δὲ
1111 2644 1301 2698 ἑαυτοῦ
1359 2642 1649 2714 ἐκκλησίας
1695 2643 2049 2720 πεπλήρωκεο

403 2735 493 2790 καὶ
519 2733 582 2788 τό
611 2754 672 2809 γε
711 2731 1037 2805 θαυμαστὸν,
1069 2731 1174 2800 ὅτι,
1225 2733 1298 2794 ὡς
1348 2733 1632 2808 ἄνθρωπος
1665 2732 1740 2795 εἰς
1770 2733 1860 2787 τὸν
1893 2731 2050 2796 θάνα-

403 2843 495 2878 τον
528 2816 785 2892 καταϐὰς,
833 2822 931 2890 τήν
980 2824 1088 2875 τῶν
1134 2825 1312 2896 σοφῶν
1365 2820 1780 2900 μεγαλοφωνίαν
1819 2821 1943 2898 περὶ
1974 2820 2050 2875 εἰ-

411 2909 603 2967 δώλων
637 2912 966 2986 κατήργησε.
998 2909 1150 2972 Τίνος
1206 2909 1308 2986 γάρ
1363 2931 1495 2965 ποτε
1543 2909 1767 2974 θάνατος
1807 2909 2054 2980 ἀπήλασε

407 2999 667 3074 δαίμονας
703 3019 717 3068 ;
747 3005 815 3054 Ἣ
837 2999 982 3061 τίνος
1026 2999 1160 3054 ποτε
1205 2998 1427 3062 θάνατον
1478 2994 1821 3077 ἐφοϐήθησαν
1856 2996 2051 3072 δαίμο-

403 3110 490 3152 νες
519 3090 593 3151 ὡς
624 3092 722 3144 τοῦ
756 3091 988 3164 Χριστοῦ
1023 3089 1224 3156 ;’Ένθα
1269 3087 1370 3163 γὰρ
1416 3087 1736 3161 ὀνομάζεται
1785 3088 1848 3142 τὸ
1879 3083 2054 3160 ὄνομα

404 3183 503 3232 τοῦ
545 3184 827 3252 Σωτῆρος,
880 3175 1077 3240 ἐκεῖθεν
1128 3183 1231 3239 πᾶς
1286 3173 1494 3250 δαίμων
1545 3175 1920 3232 ἀπελαύνεται.
1961 3177 2051 3238 Τίς

408 3263 466 3320 δὲ
513 3265 657 3320 οὕτω
694 3242 769 3320 ’τὰ
814 3242 1023 3340 ψυχικὰ
1079 3263 1224 3335 πάθη
1284 3242 1527 3342 περιεῖλε
1580 3271 1686 3320 τῶν
1727 3265 2051 3342 ἀνθρώπων,
2084 3242 2128 3308 C

409 3352 547 3409 ὥστε
573 3353 702 3416 τοὺς
759 3355 851 3426 μὲν
897 3352 1130 3428 πόρνους
1175 3359 1493 3431 σωφρονεῖν,
1525 3353 1652 3417 τοὺς
1686 3352 1743 3409 δὲ
1791 3352 2056 3432 ἀνδροφό-

409 3463 536 3504 νους
573 3441 766 3515 μηκέτι
799 3441 980 3520 ξίφους
1034 3443 1146 3515 (90)
1190 3447 1426 3518 κρατεῖν,
1457 3442 1585 3505 τοὺς
1628 3441 1685 3497 δὲ
1716 3440 1893 3515 δειλίᾳ
1921 3465 2057 3521 προ-

410 3529 814 3606 κατεχομένους
858 3527 1194 3607 ἀνδρίζεσθαι
1230 3531 1368 3600 ;Καὶ
1417 3530 1564 3594 ὅλως
1610 3533 1692 3594 τίς
1740 3532 1867 3595 τοὺς
1916 3524 2062 3609 παρά

415 3615 710 3696 βαρϐάροις
754 3619 844 3674 καὶ
898 3619 1026 3681 τοὺς
1074 3621 1207 3674 κατὰ
1261 3619 1428 3675 τόπον
1485 3626 1592 3675 τῶν
1650 3622 1813 3686 ἐθνῶν
1857 3618 2059 3678 ἔπεισεν

409 3707 731 3784 ἀνθρώπους
792 3706 1081 3771 ἀποθέσθαι
1138 3709 1230 3781 μὲν
1283 3710 1381 3778 τήν
1431 3710 1620 3782 μανίαν
1655 3757 1671 3781 ,
1726 3711 1946 3786 εἰρήνην
2007 3709 2066 3766 δὲ

413 3801 654 3874 φρονεῖν,
693 3796 739 3852 εἰ
773 3797 848 3868 μὴ
880 3799 915 3866 ἡ
945 3801 1043 3851 τοῦ
1072 3801 1305 3873 Χριστοῦ
1342 3797 1519 3862 πίστις
1561 3799 1649 3853 καὶ
1678 3801 1741 3854 τὸ
1777 3803 1874 3854 τοῦ
1904 3821 2062 3854 σταυ-

414 3889 512 3961 ροῦ
578 3889 846 3957 σημεῖον;
889 3884 978 3947 Τίς
1041 3882 1097 3939 δὲ
1154 3881 1324 3948 ἄλλος
1374 3888 1496 3964 περί
1549 3887 1834 3952 ἀθανασίας
1892 3889 2064 3952 οὕτως

415 3973 747 4028 ἐπιστώσατο
799 3974 926 4036 τοὺς
976 3974 1319 4050 ἀνθρώπους,
1352 3977 1425 4039 ὡς
1459 3977 1486 4030 ὁ
1515 3981 1612 4032 τοῦ
1642 3983 1874 4055 Χριστοῦ
1907 4001 2064 4034 σταυ-

419 4063 534 4139 ρὸς,
577 4062 667 4118 καὶ
721 4066 756 4133 ἡ
813 4068 911 4119 τοῦ
971 4064 1224 4137 σώματος
1280 4064 1560 4128 ἀνάστασις
1610 4067 1774 4122 αὐτοῦ
1817 4069 2066 4146 ;Καίπερ

416 4151 520 4228 γὰρ
544 4151 612 4206 τὰ
640 4151 812 4206 πάντα
841 4152 1164 4225 ψευσάμενοι
1219 4151 1508 4227 Ἕλληνες,
1540 4154 1695 4228 ὅμως
1735 4157 1834 4213 οὐκ
1860 4156 2068 4230 ἠδυνή-

419 4251 585 4309 θησαν
618 4240 899 4295 ἀνάστασιν
937 4245 1044 4296 τῶν
1074 4243 1274 4296 ἑαυτῶν
1325 4240 1569 4298 εἰδώλων
1618 4244 1943 4316 πλάσασθαι,
1972 4248 2071 4303 οὐκ

421 4327 816 4402 ἐνθυμούμενοι
846 4329 909 4385 τὸ
940 4329 1192 4401 σύνολον,
1227 4330 1272 4384 εἰ
1303 4329 1448 4393 ὅλως
1490 4329 1711 4387 δυνατὸν
1747 4335 1881 4407 μετά
1912 4335 2069 4399 θάνα-

418 4439 510 4472 τον
565 4418 698 4472 εἶναι
747 4417 910 4473 πάλιν
958 4418 1021 4473 τὸ
1069 4423 1245 4491 σῶμα·
1294 4419 1373 4494 ἐφ’
1405 4421 1451 4491 ᾧ
1499 4420 1589 4475 καὶ
1624 4421 1858 4494 μάλιστα
1898 4422 1957 4478 ἄν
1988 4447 2071 4488 τις

421 4505 617 4568 αὐτοὺς
673 4504 1007 4578 ἀποδέξηται
1066 4510 1198 4582 (91),
1257 4506 1361 4580 ὅτι,
1418 4513 1645 4564 τοιαῦτα
1697 4510 2071 4587 λογισάμενοι,

2138 599 2298 655 illius
2328 601 2596 656 Christus
2629 601 2801 657 homo
2815 607 2987 673 est,et
3017 621 3132 659 non
3165 604 3318 659 Deus
3334 602 3654 673 Verbum,a
3673 607 3788 662 diis

2141 705 2289 760 quos
2321 689 2643 746 coluntnon
2665 690 2983 762 impeditus
3005 693 3326 763 quominus
3349 694 3479 763 ejus
3503 693 3706 767 religio
3727 695 3787 749 in

2141 778 2410 833 eamdem
2443 779 2738 849 regionem
2776 796 2954 851 quam
2987 785 3274 851 occupant
3304 781 3604 852 perveniat
3637 799 3650 837 ε
3687 783 3788 838 sed

2144 866 2336 938 potius
2367 866 2563 938 ipsum
2595 869 2852 923 Verbum
2885 885 2990 923 suo
3022 869 3272 924 adventu
3332 887 3398 926 ac
3455 871 3692 928 doctina
3721 871 3788 926 il-

2143 955 2334 1011 lorum
2367 955 2589 1011 cultum
2621 956 2908 1028 antiquat,
2943 962 3000 1012 et
3034 957 3296 1013 fallacias
3328 959 3589 1030 dispellit
3621 961 3648 1015 ‘?

2215 1047 2304 1100 50.
2342 1045 2506 1099 Multi
2533 1047 2770 1117 quidem
2803 1049 2934 1101 ante
2987 1046 3283 1102 Christum
3310 1052 3477 1102 terrae
3538 1066 3704 1122 reges
3736 1054 3793 1106 et

2146 1134 2377 1206 tyranni
2407 1134 2679 1189 exstitere
2712 1150 2726 1190 :
2759 1133 2926 1189 multi
2961 1135 3115 1206 apud
3143 1135 3462 1204 Chaldaeos,
3485 1138 3790 1211 Egyptios

2147 1228 2205 1278 et
2235 1224 2407 1278 Indos
2441 1221 2735 1294 sapientes
2766 1228 2824 1278 et
2864 1224 3019 1295 magi
3051 1231 3585 1282 commemorantur
3613 1244 3624 1283 :
3661 1228 3794 1300 quis

2150 1328 2286 1382 ergo
2319 1309 2574 1380 illorum,
2608 1329 2724 1366 non
2775 1317 2907 1382 post
2963 1317 3213 1367 mortem
3266 1313 3415 1381 dico,
3477 1316 3580 1370 sed
3613 1317 3791 1372 etiam

2149 1400 2209 1454 in
2239 1400 2356 1455 vita
2385 1404 2612 1455 tantum
2642 1401 2920 1471 potuit,ut
2950 1401 3282 1456 universam
3313 1407 3530 1458 terram
3551 1421 3656 1460 sua
3685 1406 3793 1460 do-

2152 1488 2992 1559 ctrinaimpleret,tantamque
3013 1488 3322 1544 hominum
3347 1490 3793 1548 multitudinem

2152 1578 2222 1631 ab
2255 1577 2543 1632 idolorum
2577 1577 2990 1648 superstitione
3022 1569 3334 1645 revocaret,
3363 1583 3642 1649 quantam
3675 1581 3799 1636 Sal-

2151 1671 2316 1721 vator
2348 1671 2543 1722 noster
2573 1667 2644 1721 ab
2673 1666 2844 1720 idolis
2875 1667 2944 1720 ad
2981 1666 3241 1736 seipsum
3273 1667 3554 1724 convertit
3581 1670 3608 1723 ‘?
3640 1671 3797 1726 Gen-

2154 1756 2285 1811 tiles
2309 1756 2642 1828 philosophi
2666 1755 3147 1827 plurimoslibros
3170 1755 3354 1812 multa
3369 1773 3505 1813 cum
3527 1759 3800 1831 eloquen-

2153 1847 2235 1901 tia
2255 1849 2321 1923 et
2349 1850 2474 1901 arte
2502 1845 2903 1917 conscripsere
2944 1862 3195 1901 :verum
3253 1846 3395 1916 quid
3453 1847 3647 1905 simile
3706 1849 3801 1906 his

2156 1952 2284 2006 quae
2316 1951 2456 1989 crux
2486 1933 2701 1989 Christi
2750 1934 2972 2005 peregit
3027 1934 3344 1989 eti'ecerunt
3372 1934 3400 1989 ‘I
3428 1935 3664 1992 Illorum
3699 1938 3802 2009 qui

2157 2025 2288 2080 dem
2349 2023 2715 2095 sophismata
2770 2023 3032 2094 quandiu
3076 2023 3368 2093 vixerunt,
3427 2024 3738 2082 valuerunt
3786 2043 3800 2083 :

2156 2113 2276 2168 imo
2307 2113 2447 2167 dum
2481 2111 2656 2167 etiam
2685 2111 2961 2168 viverent.
2996 2112 3053 2166 id
3087 2113 3242 2183 quod
3301 2111 3421 2169 illis
3482 2116 3797 2171 auctorita-

2156 2206 2274 2257 tem
2307 2199 2614 2256 conciliare
2655 2200 2982 2268 videbatur,
3019 2207 3256 2256 mutuas
3301 2201 3453 2257 inter
3509 2219 3607 2258 eos
3665 2220 3803 2260 con-

2160 2291 2505 2346 certationes
2539 2289 2866 2360 suscitavit,
2900 2290 3131 2361 ipsique
3171 2291 3324 2345 inter
3353 2307 3414 2346 se
3443 2291 3806 2364 digladiandi

2161 2379 2270 2434 fuit
2301 2379 2546 2434 occasio.
2586 2381 2660 2432 At
2689 2378 2790 2433 Dei
2821 2378 3095 2433 Verbum.
3139 2379 3292 2448 quod
3352 2397 3491 2436 sane
3522 2385 3802 2454 perquam

2161 2468 2377 2523 mirum
2414 2473 2502 2522 est
2526 2466 2826 2521 humiliori
2849 2466 2996 2538 style
3029 2471 3218 2537 utens,
3250 2467 3338 2522 vel
3395 2469 3804 2527 accutissimos

2162 2557 2459 2628 sophistas
2490 2555 2841 2623 obscuravit,
2869 2560 3230 2626 cunctosque
3261 2557 3334 2611 ad
3379 2557 3642 2629 seipsum
3673 2558 3805 2615 alli-

2161 2646 2339 2715 ciens,
2372 2644 2606 2700 illorum
2637 2644 2964 2699 doctrinam
2995 2644 3219 2715 evertit,
3252 2649 3309 2700 et
3340 2662 3478 2701 suas
3528 2645 3806 2704 ecclesias

2161 2731 2492 2806 complevit.
2527 2732 2674 2788 Illud
2708 2749 2940 2804 quoque
2973 2733 3360 2789 admiratione
3416 2735 3662 2807 dignum
3696 2740 3803 2806 est,

2163 2825 2316 2896 quod
2350 2826 2595 2878 mortem
2618 2827 2685 2878 ut
2714 2821 2888 2877 homo
2921 2823 3240 2894 perferens,
3271 2840 3422 2879 vana
3470 2826 3807 2896 sapientum

2162 2914 2234 2968 de
2263 2911 2436 2968 idolis
2493 2911 3055 2983 magniloquentiam
3103 2913 3396 2982 dejecerit.
3429 2913 3576 2969 Nam
3632 2916 3804 2985 cujus

2163 3017 2424 3074 unquam
2452 3017 2610 3056 mors
2641 3001 2936 3055 daemones
2992 2999 3214 3072 fugavit
3241 3000 3270 3054 ‘I
3298 3001 3479 3072 Cujus
3538 3018 3801 3075 unquam

2165 3091 2319 3146 alius
2333 3105 2510 3161 quam
2524 3088 2736 3144 Christi
2753 3093 2999 3143 mortem
3015 3089 3812 3147 reformidaruntdaamones?

2167 3179 2274 3235 Ubi
2305 3179 2462 3234 enim
2494 3177 2706 3233 Christi
2738 3193 2950 3232 nomen
2983 3176 3446 3248 profertur,inde
3479 3180 3671 3251 quivis
3702 3182 3816 3235 daa-

2169 3285 2303 3323 mon
2335 3266 2812 3339 expellitur.Quis
2841 3282 2974 3321 vero
3000 3283 3207 3338 pravas
3233 3265 3541 3322 hominum
3564 3268 3818 3324 affectio-

2169 3374 2272 3412 nes
2300 3356 2380 3412 ita
2408 3355 2676 3422 abscidit,
2708 3359 2773 3409 ut
2802 3354 3085 3425 impudici
3116 3355 3458 3426 pudicitiam
3492 3362 3813 3428 sectentur,

2170 3447 2396 3519 gladios
2442 3444 2723 3514 abjiciaut
2783 3442 3110 3513 homicidae,
3166 3447 3224 3498 et
3277 3443 3470 3498 timidi
3531 3445 3665 3500 forti
3696 3445 3816 3501 sint

2172 3536 2368 3590 animo
2398 3533 2426 3587 ‘I
2457 3533 2738 3603 Denique,
2774 3531 2905 3603 quis
2937 3532 3070 3586 fecit
3092 3535 3155 3585 ut
3185 3532 3449 3588 barbarae
3489 3537 3546 3588 et
3575 3533 3815 3590 diverse

2173 3624 2439 3678 nationes
2471 3623 2667 3676 furore
2723 3619 2986 3692 deposito
3042 3635 3246 3691 pacem
3305 3620 3814 3693 amplecterentur,

2150 3712 2287 3787 .nisi
2318 3709 2500 3766 Chisti
2531 3710 2679 3765 ﬁdes
2709 3713 2767 3764 et
2800 3705 2992 3764 crucis
3053 3709 3247 3781 sigum
3278 3709 3306 3764 ‘2
3335 3710 3477 3773 Quis
3534 3709 3684 3767 alius
3713 3711 3820 3767 ho-

2176 3801 2365 3856 mines
2417 3800 2498 3854 ita
2549 3803 2736 3854 certos
2809 3798 2881 3853 de
2940 3797 3378 3854 immortalitate
3429 3799 3701 3871 reddidit,
3759 3803 3825 3856 ut

2176 3887 2392 3945 Christi
2425 3904 2566 3942 crux
2617 3887 2863 3958 ejusque
2917 3886 3176 3958 corporis
3232 3891 3583 3944 resurrectzo
3613 3889 3641 3944 *ἶ
3672 3889 3822 3946 Nam

2179 3979 2291 4034 etsi
2323 3975 2570 4049 gentiles
2591 3975 2791 4030 omnia
2812 3979 2951 4030 sunt
2971 3977 3308 4047 commenti,
3323 3977 3823 4034 tamenidolorum

2179 4066 2663 4123 resurrectionem
2697 4065 2916 4137 fingere
2948 4081 3063 4120 non
3095 4069 3429 4136 potuerunt,
3483 4067 3700 4140 quippe
3722 4067 3826 4140 qui

2179 4174 2252 4212 ne
2277 4154 2659 4227 cogitaverint
2689 4155 3156 4225 quidem,utrum
3189 4172 3401 4227 corpus
3427 4161 3559 4227 post
3579 4162 3828 4214 mortem

2180 4244 2368 4318 possit
2409 4245 2600 4299 denuo
2630 4242 2925 4298 exsistere.
2960 4243 3071 4298 Sed
3133 4243 3190 4297 in
3250 4258 3316 4299 eo
3373 4244 3520 4299 mihi
3575 4245 3831 4302 maxime

2181 4332 2542 4407 approbandi
2574 4332 2850 4388 videntur
2881 4349 2894 4399 ;
2920 4331 3028 4386 hoc
3058 4331 3215 4387 enim
3239 4331 3351 4388 sibi
3373 4333 3455 4388 ita
3478 4335 3830 4405 persuaden-

2181 4429 2290 4495 tes,
2324 4441 2442 4478 suae
2474 4422 2711 4494 quidem
2736 4420 3078 4477 idololatria:
3132 4420 3587 4478 imbecillitatem
3618 4439 3832 4496 argue-

2183 4516 2341 4580 runt,
2371 4513 2522 4568 hanc
2551 4516 2745 4567 autem
2779 4514 3124 4583 potestatem
3158 4509 3387 4567 Christo
3417 4515 3834 4569 concesserunt

419 4595 518 4664 τὴν
556 4596 649 4668 μὲν
683 4595 954 4660 ἀσθένειαν
985 4602 1086 4666 τῆς
1109 4597 1310 4651 ἑαυτῶν
1332 4593 1785 4674 εἰδωλολατρείας
1815 4599 2050 4678 ἤλεγξαν

2184 4619 2300 4674 quo
2332 4602 2432 4658 Dei
2465 4600 2649 4656 Filius
2672 4601 2824 4672 apud
2859 4616 3062 4656 omnes
3097 4587 3278 4655 notus.
3308 4599 3433 4656 ﬁeri
3466 4603 3686 4672 posset.

421 4685 486 4740 τὸ
515 4681 573 4738 δὲ
605 4681 828 4740 δυνατὸν
888 4690 969 4757 τῷ
1027 4690 1242 4760 Χριστῷ
1290 4687 1713 4763 παρεχώρησαν,
1754 4688 1846 4744 ’ίνα
1893 4691 1981 4746 καὶ
2013 4691 2072 4748 ἐκ

419 4775 617 4830 τούτου
646 4778 924 4850 γνωρισθῇ
956 4775 1102 4850 παρὰ
1130 4780 1357 4830 πᾶσιτοῦ
1388 4781 1521 4831 Θεοῦ
1552 4777 1696 4840 Υἱός.

491 4867 580 4920 51.
613 4863 701 4926 Τίς
735 4861 826 4917 οὖν
877 4863 1178 4939 ἀνθρώπων
1216 4864 1350 4937 μετά
1405 4864 1628 4928 θάνατον
1659 4867 1695 4936 ἢ
1724 4867 1912 4932 ἄλλως
1965 4874 2067 4940 ζῶν

423 4951 548 5028 περὶ
581 4951 869 5028 παρθενίας
904 4949 1143 5025 ἐδίδαξε,
1193 4953 1282 5009 καὶ
1334 4953 1434 5008 οὐκ
1480 4952 1739 5012 ἀδύνατον
1791 4957 1923 5013 εἶναι
1970 4961 2068 5029 τὴν

496 5131 610 5211 (87)
640 5130 734 5211 Sic
764 5130 996 5211 Gobler.
1024 5131 1358 5211 Eelcgm.__1
1394 5150 1568 5211 anon.
1629 5140 1689 5192 et
1712 5138 1980 5211 __Seguer.
2015 5143 2080 5195 ut

425 5201 896 5279 etDmnihonus
949 5203 1113 5275 legit.
1162 5203 1525 5279 Dasiliensis,
1576 5201 1958 5279 Anglicanus,
2023 5215 2080 5267 et

425 5271 681 5352 Felchm.
712 5275 755 5352 2Δ
776 5271 1196 5352 αηοῃγηὶᾳερὺ
1225 5278 1482 5352 τοῦ-Θεοῦ
1509 5271 1877 5352 λόγος’,ᾳιιοά
1900 5271 2077 5338 etiam

427 5347 765 5416 exprimunt
793 5346 1145 5402 Ambrosius
1202 5352 1258 5402 et
1286 5347 1574 5404 Nannius.
1607 5346 1704 5406 'In‘
1738 5346 2015 5410 'Felckm.
2044 5355 2080 5407 2

429 5433 604 5472 anon.
639 5421 748 5472 art.
781 5420 879 5470 τοῦ
909 5418 1094 5474 deest.

499 5488 1028 5611 $88)Goblerianus
1085 5493 1144 5545 et
1174 5488 1429 5545 Felckm.
1492 5491 1519 5544 1
1581 5509 1932 5566 anonymus,
1993 5515 2080 5548 σο-

429 5578 614 5711 φο(8ξῆ)
642 5629 1161 5711 Si_c_$eguerianus
1195 5630 1364 5711 :"alii
1395 5648 1527 5711 vero
1557 5639 1616 5690 et
1635 5635 1806 5711 editi.
1840 5637 2079 5694 ιιι-εἰοπά

428 5696 897 5762 οωὶιιιιιιι.Ιάθῐὶ1
929 5721 1065 5764 mox
1094 5721 1198 5788 pro
1229 5697 1410 5782 ἔσχεν,
1446 5696 1607 5780 ἔσχον
1635 5707 1812 5767 habet
1833 5712 2082 5782 utroque

2251 4873 2341 4942 51,
2375 4869 2516 4936 Quis
2541 4869 2725 4940 igitur
2754 4867 3062 4924 hominum
3095 4872 3228 4940 post
3257 4872 3504 4924 mortem
3535 4867 3626 4924 vel
3656 4868 3835 4924 etiam

2182 4978 2284 5034 per
2311 4960 2491 5015 vitam
2518 4956 2914 5029 virginitatem
2946 4957 3164 5024 docuit,
3197 4973 3262 5012 ac
3310 4975 3428 5012 non
3460 4957 3655 5029 potius
3685 4956 3838 5013 hanc

2187 5138 2248 5194 in
2279 5136 2425 5193 loco.
2455 5135 2677 5191 Ibidem
2713 5151 2817 5206 pro
2848 5131 3146 5203 ἀλλήλοις,
3181 5133 3358 5190 Basil.
3392 5139 3451 5190 et
3481 5132 3698 5205 Anglic.
3740 5133 3843 5190 ha-

2188 5210 2328 5260 bent
2357 5203 2571 5260 ἀλλοις.

2188 5210 2579 5350 ᾒϐἲῼᾏῗὶίὂλθοόῧί
2613 5275 2844 5332 Gobler.
2883 5275 3132 5357 Felckm.
3162 5277 3188 5330 1
3227 5293 3403 5332 anon.
3428 5280 3486 5331 et
3515 5274 3838 5402 Seguerii-

2191 5371 2310 5402 ωοε.
2347 5351 2478 5402 Mox
2506 5347 2594 5402 καὶ
2619 5344 2765 5402 ὅλως
2799 5347 3162 5402 Basiliensis.
3199 5348 3602 5402 Gobleriaons.
3637 5347 3764 5402 Felc
3815 5377 3838 5389 -

2191 5344 2310 5425 φοξ.
2347 5344 2478 5425 Mox
2506 5347 2594 5402 καὶ
2619 5344 2765 5407 ὅλως
2799 5347 3162 5425 Basiliensis,
3183 5344 3616 5425 Cobleriaons;
3637 5344 3844 5425 Felck-

2189 5416 2392 5478 manni
2424 5424 2449 5478 1
2486 5435 2823 5491 anonymus
2845 5418 3144 5491 omittunt.
3181 5418 3359 5474 Paulo
3391 5423 3522 5491 post
3552 5416 3655 5490 pro
3688 5416 3840 5491 εἰρή-

2189 5439 2392 5478 manni
2424 5437 2449 5478 1
2486 5437 2813 5491 anonymus
2845 5437 3144 5473 omittunt.
3181 5437 3359 5474 rauio
3391 5437 3522 5491 posn
3552 5437 3655 5490 pro
3688 5437 3733 5470 ει
3773 5437 3840 5488 η-

2187 5513 2310 5563 νην,
2344 5492 2751 5559 Gobler'tanus,
2786 5489 3039 5545 Felckm.
3076 5491 3100 5543 1
3137 5506 3312 5546 anon.
3347 5497 3406 5546 et
3463 5492 3703 5562 Seguer.
3737 5437 3842 5546 ha-

2186 5566 2330 5621 bent
2359 5563 2627 5636 εἰρηναῖα.

2261 5635 2374 5708 (91)
2395 5630 2772 5709 Anglicanus,
2805 5630 3213 5709 Goblerianus,
3248 5632 3626 5690 Felckmanni
3654 5633 3680 5688 1
3706 5647 3845 5691 ano-

2189 5698 2426 5783 nymus,
2450 5698 2520 5766 οἵ
2536 5698 2950 5780 Seguerianus,
2981 5698 3121 5758 ἀποδ
3154 5698 3322 5779 geras.
