4178 6400
980 25 1021 37 υ

351 431 465 491 187

889 430 959 490 8.
1003 426 1427 489 ATHANASIl
1472 423 1648 487 OPP.
1692 421 1891 484 PARS
1933 419 1982 483 Ι.
2017 450 2095 466 -
2122 419 2545 485 HISTORICA
2592 424 2694 486 ET
2737 422 3218 491 DOGMATIGA.

3639 399 3757 497 ass

339 563 614 618 virtutem
647 561 869 633 acquiri
900 561 971 617 ab
1000 526 1339 617 hominibus
1370 575 1487 614 non
1522 572 1693 629 posse
1717 555 1747 611 Ἰ
1774 556 1848 610 At
1873 552 1980 609 Sal-

2101 551 2296 628 ἀρετὴν
2327 553 2527 626 ταύτην
2575 554 2627 610 ἐν
2676 556 2985 633 ἀνθρώποις
3018 577 3033 630 ;
3065 558 3224 616 Ἀλλ’
3271 561 3300 615 6
3329 561 3597 641 ἡμέτερος
3631 520 3752 622 Elm-

342 658 510 707 vator
539 656 738 707 noster
786 650 1168 720 omniumque
1229 649 1546 721 imperator
1602 643 1871 702 Christus
1930 642 1989 698 in

338 740 443 797 illa
475 741 776 797 suadenda
803 740 1016 795 virtute
1069 742 1294 794 trntum
1352 738 1581 809 pondus
1639 734 1867 799 habuit,
1926 736 1993 789 ut

344 830 523 886 etiam
547 830 710 902 pueri
740 827 1063 900 legitimam
1096 832 1327 883 aetatem
1360 826 1623 881 nondum
1658 821 1990 895 adepti,vir—

341 919 673 993 ginitatem,
705 934 832 985 qua
864 916 1100 988 quidem
1132 932 1313 987 supra
1367 915 1556 986 legem
1587 918 1694 981 est,
1728 910 1986 985 profiteri

339 1026 454 1064 non
486 1012 816 1064 vereantur.
851 1005 992 1069 Quis
1026 1021 1290 1078 unquam
1324 1004 1500 1059 bomo
1530 1007 1761 1057 tantum
1818 1004 1988 1056 terrae

334 1096 592 1168 spatium
625 1111 936 1168 peragrare
969 1094 1178 1166 potuit,
1213 1096 1278 1148 ut
1308 1093 1379 1148 ad
1410 1091 1652 1163 Scythas
1714 1105 1899 1161 usque
1930 1091 1987 1143 et

328 1184 655 1257 fEthiopas,
696 1188 924 1251 Persas,
957 1182 1284 1247 Armenios,
1317 1181 1561 1251 Gothos,
1595 1183 1651 1235 et
1702 1179 1804 1250 qui
1832 1177 1986 1233 ultra

328 1274 623 1330 Oceanum
655 1272 1008 1329 commorari
1046 1272 1345 1339 dicuntur,
1378 1286 1482 1325 nec
1522 1286 1639 1324 non
1695 1267 1797 1338 qui
1829 1267 1984 1324 ultra

332 1362 681 1436 Hyrcaniam
718 1360 987 1417 habitant
1016 1359 1341 1431 perveniret
1374 1375 1387 1412 :
1420 1356 1510 1414 vel
1546 1359 1645 1413 74
1698 1357 1874 1413 etiam
1919 1361 1983 1413 ut

334 1452 407 1508 ad
438 1450 734 1524 [Egyptios
764 1453 822 1507 et
850 1448 1149 1505 Chaldaeos
1182 1448 1389 1514 adiret,
1420 1446 1690 1502 homines
1741 1445 1980 1518 magicae

328 1540 441 1597 arti
472 1540 722 1607 deditos,
756 1555 823 1594 ac
853 1537 1008 1593 ultra
1038 1537 1280 1593 modum
1330 1534 1769 1608 superstitiosos
1816 1550 1979 1607 agrs-

332 1633 572 1701 stesque
602 1628 889 1695 moribus,
922 1630 989 1682 ut
1018 1626 1175 1697 apud
1217 1641 1316 1680 eos
1359 1625 1432 1680 de
1456 1624 1670 1679 virtute
1698 1627 1756 1678 et
1812 1622 1981 1695 pudi-

329 1717 470 1773 citia
500 1716 929 1789 amplectenda,
964 1731 1069 1770 nec
1100 1731 1216 1769 non
1274 1713 1347 1768 de
1403 1711 1749 1784 abjiciendis
1806 1711 1980 1767 idolis

331 1806 664 1872 dissereret,
698 1804 875 1860 sicuti
908 1802 1044 1859 fecit
1073 1801 1333 1858 omnium
1368 1800 1673 1870 Dominus,
1704 1799 1801 1856 Dei
1858 1800 1980 1855 vir-

327 1898 450 1962 tus,
480 1893 775 1987 Dominus
793 1894 991 1987 noster
1009 1892 1179 1987 Jesus
1208 1889 1604 1987 Christus,qui
1636 1905 1753 1987 non
1785 1888 1974 1987 solum
2006 1919 2055 1987 B

329 1999 433 2054 per
463 1998 603 2038 suos
630 1979 954 2052 discipulos
985 1979 1342 2053 praedicavit,
1373 1979 1476 2034 sed
1525 1977 1703 2033 etiam
1732 1978 1858 2050 ipse
1888 1979 1977 2033 in-

329 2064 529 2127 teriori
559 2070 835 2127 suasione
864 2084 1068 2125 eorum
1109 2068 1340 2123 animos
1368 2067 1598 2123 induxit
1649 2072 1715 2123 ut
1745 2084 1977 2137 morum

329 2159 698 2216 immanitate
728 2158 974 2229 abjecta,
1007 2157 1228 2229 patrios
1258 2158 1399 2213 deos
1426 2173 1541 2212 non
1590 2155 1848 2229 amplius
1877 2173 1979 2213 co-

330 2248 538 2314 lerent,
571 2248 672 2304 sed
704 2246 965 2319 seipsum
996 2249 1459 2319 agnoscerent,et
1480 2246 1705 2300 Patrem
1722 2261 1824 2317 per
1841 2261 1977 2301 eum

327 2340 747 2394 venerarentur
775 2336 804 2391 ‘2
834 2335 1137 2407 Siquidem
1167 2333 1307 2390 olim
1350 2332 1671 2390 idololatrae
1728 2332 1977 2406 gentiles

333 2431 391 2484 et
418 2427 658 2482 barbari
687 2424 910 2481 bellum
952 2423 1107 2479 inter
1163 2439 1225 2478 se
1271 2422 1573 2495 gerebant,
1604 2426 1663 2477 et
1712 2421 1977 2477 crudeles

326 2516 507 2571 etiam
528 2514 589 2569 in
620 2513 983 2586 propinquos
1013 2510 1350 2567 erant.ﬂinc
1379 2514 1614 2583 prOpter
1636 2510 1976 2582 implacabi-

325 2601 411 2658 les
441 2617 591 2673 quas
621 2600 681 2655 in
714 2618 777 2656 se
808 2599 1056 2655 invicem
1085 2601 1430 2655 exercebant
1483 2597 1845 2669 inimicitias,
1876 2614 1977 2654 ne-

334 2690 502 2762 mini,
532 2689 647 2746 nisi
678 2695 903 2745 armata
930 2687 1141 2759 gladiis
1172 2703 1486 2756 manu,nec
1501 2704 1605 2759 per
1632 2690 1848 2743 terram
1871 2703 1977 2743 nec

329 2796 433 2852 per
461 2794 622 2834 mare
642 2777 752 2833 iter
779 2778 968 2833 facere
995 2776 1209 2833 licebat
1243 2794 1255 2832 :
1286 2780 1591 2848 totamque
1620 2776 1764 2832 adeo
1794 2775 1975 2833 vitam

329 2867 387 2923 in
421 2866 603 2923 armis
633 2865 1059 2938 transigebant,
1093 2882 1159 2921 ac
1184 2864 1303 2921 illis
1333 2881 1437 2936 pro
1468 2864 1676 2919 baculo
1728 2868 1785 2920 et
1815 2864 1977 2920 omni

330 2952 689 3013 adminiculo
710 2954 869 3011 ensis
902 2953 1064 3009 solus
1115 2958 1256 3009 erat.
1291 2953 1398 3019 Qui
1429 2953 1686 3020 tametsi,
1720 2957 1787 3009 ut
1834 2953 1974 3021 dixi,

330 3043 506 3104 idolis
537 3042 887 3110 serviebant,
918 3046 975 3098 et
1004 3042 1277 3098 victimas
1308 3042 1673 3098 daemonibus
1704 3041 1975 3098 immola-

332 3134 497 3200 bant,
522 3130 669 3188 nihil
716 3136 914 3187 tamen
962 3130 1078 3187 illis
1136 3131 1580 3203 superstitiosus
1640 3132 1974 3187 daemonum

2098 643 2204 717 τήρ
2235 641 2323 697 καὶ
2352 648 2458 697 τῶν
2492 643 2703 699 πάντων
2742 646 2996 722 βασιλεὺς
3025 648 3254 725 Χριστὸς
3282 656 3537 708 τοσοῦτον
3564 650 3751 730 ἴσχυεν

2100 732 2213 804 (92)
2262 731 2312 785 ἐν
2361 735 2429 806 τῇ
2490 734 2615 810 περὶ
2662 734 2865 807 ταύτης
2924 734 3262 812 διδασκαλίᾳ,
3313 740 3388 804 ὡς
3427 740 3517 797 καὶ
3564 741 3756 800 παιδία

2101 822 2272 909 μήπω
2304 827 2426 909 τῆς
2472 822 2718 895 νομίμης
2767 823 2990 895 ἡλικίας
3050 821 3310 884 ἐπιϐάντα
3335 830 3435 899 τὴν
3487 831 3620 909 ὑπὲρ
3656 833 3750 889 τὸν

2094 907 2266 981 νόμον
2291 908 2727 998 ’ἐπαγγέλλεσθαι
2767 914 3075 990 παρθενίαν.
3126 916 3215 979 Τίς
3265 918 3490 975 πώποτε
3536 907 3750 998 ἀνθρώ-

2094 1017 2210 1052 πων
2243 995 2493 1070 ἠδυνήθη
2527 996 2779 1071 διαϐῆναι
2803 1008 3085 1077 τοσοῦτον,
3134 1004 3223 1060 καὶ
3257 1007 3333 1069 εἷς
3366 1008 3579 1072 Σκύθας
3611 995 3747 1085 (93),

2093 1086 2181 1141 καὶ
2217 1086 2497 1160 Αἰθίοπας,
2547 1090 2583 1159 ἢ
2620 1089 2851 1167 Πέρσας,
2895 1093 2929 1162 ἢ
2981 1094 3325 1169 Ἀρμενίους,
3376 1095 3412 1166 ἢ
3456 1097 3680 1171 Γόθους,
3709 1098 3748 1168 ἢ

2089 1175 2218 1238 τοὺς
2251 1175 2495 1232 ἐπέκεινα
2522 1184 2619 1234 τοῦ
2668 1180 2924 1236 Ὠκεανοῦ
2972 1180 3327 1258 λεγομένους,
3381 1181 3419 1255 ἤ
3449 1185 3578 1249 τοὺς
3612 1187 3747 1265 ὑπὲρ

2088 1265 2361 1339 Ὑρκανίαν
2423 1262 2601 1340 ὄντας,
2649 1267 2866 1340 ¹ῖςδλως
2914 1269 3044 1335 τοὺς
3085 1272 3419 1349 Αἰγυπτίους
3473 1276 3564 1330 καὶ
3594 1262 3746 1333 Xalt-

2091 1350 2275 1443 δαίσυς
2304 1354 2617 1443 παρελθεῖν,
2659 1356 2788 1420 τοὺς
2821 1364 3156 1437 φρονοῦντας
3206 1363 3304 1435 μὲν
3355 1363 3578 1443 μαγικὰ,
3633 1361 3744 1421 δει-

2087 1440 2408 1517 σιδαίμονας
2451 1442 2510 1500 δὲ
2553 1445 2683 1522 ὑπὲρ
2712 1448 2811 1517 τήν
2866 1448 3020 1525 φύσιν
3069 1448 3158 1505 καὶ
3206 1440 3585 1527 ἀγρίουςῆτοῖς
3614 1450 3744 1530 τρό-

2087 1553 2236 1603 ποις,
2267 1532 2357 1587 καὶ
2390 1531 2537 1596 ὅλως
2586 1535 2813 1612 κηρῦξαι
2844 1536 2968 1614 περὶ
3017 1537 3214 1609 ἆοετῆς
3264 1540 3357 1596 καί
3386 1541 3747 1620 σωφροσύνης

2087 1621 2177 1677 καὶ
2206 1627 2308 1691 τῆς
2357 1621 2494 1677 κατὰ
2540 1621 2785 1680 εἰδώλων
2835 1626 3145 1701 θρησκείας,
3195 1626 3272 1691 ὡς
3304 1629 3332 1684 6
3361 1633 3469 1685 τῶν
3526 1629 3745 1688 πάντων

2087 1709 2308 1786 Κύριος,
2338 1713 2374 1780 ἡ
2417 1715 2515 1766 τοῦ
2563 1717 2698 1767 Θεοῦ
2746 1710 2996 1787 δύναμις,
3031 1716 3059 1770 6
3090 1715 3290 1794 Κύριος
3338 1719 3500 1791 ἡμῶν
3533 1719 3745 1791 Ἰησοῦς

2088 1799 2342 1875 Χριστὸς,
2372 1799 2433 1862 ’ὸς
2465 1800 2527 1855 οὐ
2562 1800 2726 1873 μόνον
2777 1802 3002 1880 ἐκήρυξε
3048 1802 3139 1860 διὰ
3181 1808 3289 1861 τῶν
3339 1806 3531 1863 ἐαυτοῦ
3565 1819 3741 1883 μαθη-

2085 1891 2217 1960 τῶν,
2248 1887 2394 1943 ἀλλὰ
2424 1889 2535 1964 (94)
2565 1888 2655 1944 καὶ
2712 1886 2916 1946 ἔπεισεν
2949 1891 3145 1956 αὐτοὺς
3184 1893 3321 1950 κατὰ
3351 1891 3589 1952 διάνοιαν
3640 1898 3743 1968 τὴν

2093 1977 2186 2048 μὲν
2229 1979 2338 2031 τῶν
2388 1976 2608 2054 τρόπων
2668 1978 2969 2056 ἀγριότητα
3019 1981 3390 2055 μεταθέσθαι,
3440 1985 3634 2057 μηκέτι
3686 1983 3745 2042 δὲ

2084 2063 2216 2127 τοὺς
2244 2067 2533 2142 πατρῴους
2561 2061 2735 2130 σέϐειν
2778 2067 2955 2141 θεοὺς,
2988 2069 3117 2126 ἀλλ’
3143 2070 3304 2126 αὐτὸν
3338 2071 3742 2149 ἐπιγινώσκειν,

2085 2153 2175 2241 καὶ
2208 2150 2279 2208 δι’
2309 2154 2475 2210 αὐτοῦ
2501 2155 2595 2211 τὸν
2645 2156 2857 2234 Πατέρα
2901 2158 3217 2236 θρησκεύειν
3252 2179 3266 2231 ;
3299 2160 3477 2217 Πάλαι
3512 2162 3607 2236 μὲν
3637 2163 3739 2241 γὰρ

2088 2239 2621 2321 εἶόωλολατροῦντες
2646 2245 2919 2317 ’Έλληνες
2949 2249 3040 2303 καὶ
3093 2243 3359 2327 βάρϐαροι
3405 2252 3523 2307 κατ’
3558 2239 3742 2323 ἀλλήέ

2088 2331 2199 2387 λων
2256 2332 2561 2407 ἐπολέμουν
2596 2381 2613 2407 ,
2642 2336 2732 2390 καὶ
2763 2335 2909 2409 ὠμοὶ
2940 2337 3078 2414 πρὸς
3106 2337 3236 2402 τοὺς
3264 2345 3542 2417 συγγενεῖς
3583 2340 3738 2417 ἐτύγ-

2085 2439 2276 2496 χανον·
2310 2421 2411 2477 οὐκ
2436 2423 2503 2493 ἦν
2534 2421 2635 2500 γάρ
2664 2444 2787 2479 τινα
2807 2424 2870 2480 τὸ
2900 2424 3155 2498 σύνολον,
3187 2424 3312 2483 οὕτε
3337 2430 3438 2499 τὴν
3479 2435 3584 2505 γῆν
3618 2425 3743 2485 οὔτε

2082 2511 2182 2581 τήν
2218 2509 2483 2575 θάλασσαν
2517 2506 2770 2583 διαϐῆναι
2819 2514 2998 2590 χωρὶς
3045 2520 3144 2572 τοῦ
3188 2517 3288 2585 τὴν
3337 2523 3500 2594 χεῖρα
3537 2518 3739 2597 ξίφεσιν

2085 2599 2307 2655 ὁπλίσαι
2348 2598 2504 2656 ἕνεκα
2547 2608 2647 2671 τῆς
2679 2602 2816 2678 πρὸς
2864 2602 3149 2674 ἀλλήλους
3190 2603 3602 2660 ἆκαταλλάκτου
3634 2605 3737 2679 μά-

2085 2709 2218 2765 χης·
2250 2690 2340 2745 καὶ
2388 2689 2492 2765 γὰρ
2536 2690 2627 2745 καὶ
2655 2692 2690 2760 ἡ
2721 2697 2864 2745 πᾶσα
2908 2694 3006 2745 τοῦ
3040 2694 3135 2765 ζῇν
3176 2691 3361 2753 αὐτοῖς
3394 2688 3636 2768 διαγωγὴ
3668 2689 3742 2747 δι’

2085 2777 2273 2834 ὅπλων
2315 2777 2543 2854 ἐγίνετο,
2591 2778 2680 2833 καὶ
2729 2778 2878 2856 ξίφος
2908 2779 2976 2848 ἦν
3022 2778 3207 2841 αὐτοῖς
3251 2778 3369 2834 ἀντὶ
3417 2779 3736 2857 βακτηρίας,

2083 2866 2173 2921 καὶ
2221 2866 2422 2928 παντὸς
2474 2867 2832 2942 βοηθήματος
2879 2863 3121 2942 ἔρεισμαο
3171 2865 3371 2940 καίτοι,
3423 2868 3499 2930 ὡς
3546 2872 3734 2945 προεῖ-

2083 2976 2209 3025 πον,
2260 2951 2514 3016 εἱδώλοις
2567 2953 2875 3031 ἐλάτρευον,
2903 2954 2993 3009 καὶ
3020 2956 3131 3029 (9)
3181 2953 3430 3029 δαίμοσιν
3480 2952 3733 3012 ἔσπενδον

2083 3038 2287 3113 θυσίας,
2314 3042 2404 3098 καὶ
2435 3042 2589 3116 ὅμως
2619 3039 2772 3097 οὐδὲν
2806 3041 2867 3097 ἐκ
2891 3049 2991 3113 τῆς
3025 3041 3271 3100 εἷ’δώλων
3305 3040 3733 3118 δεισιδαιμονίας

2084 3129 2429 3203 ἠδυνήθησαν
2481 3131 2533 3185 οἱ
2579 3135 2803 3185 τοιαῦτα
2845 3136 3167 3210 φρονοῦντες
3220 3130 3731 3206 μεταπαιδευθῆναι·

329 3220 527 3277 cultus
559 3219 808 3276 contulit
825 3221 898 3276 ad
931 3235 1126 3276 mores
1150 3223 1267 3275 tam
1292 3224 1553 3293 agrestes
1582 3220 1975 3276 exuendos.At

2089 3220 2176 3277 ὅτε
2206 3218 2263 3275 δὲ
2293 3220 2368 3282 εἷς
2392 3220 2497 3289 ’τὴν
2535 3223 2632 3274 τοῦ
2678 3224 2911 3296 Χριστοῦ
2959 3217 3306 3277 διδασκαλίαν
3359 3216 3732 3296 μεταϐεϐήκα-

329 3313 644 3383 postquam
676 3309 892 3366 Christi
924 3307 1248 3365 docirinam
1281 3285 1833 3380 susceperunt,tunc
1862 3310 1977 3365 uti-

2089 3333 2162 3382 σι,
2192 3309 2315 3364 τότε
2346 3306 2414 3377 δὴ
2455 3285 2801 3385 παραδόξως,
2833 3308 2909 3372 ὡς
2946 3313 3027 3383 τῷ
3056 3306 3169 3366 ὄντι
3200 3309 3335 3365 κατὰ
3359 3285 3601 3366 διάνοιαν
3617 3285 3729 3367 ’κα-

331 3415 466 3470 que,
498 3398 653 3470 quod
693 3414 892 3454 revera
944 3397 1112 3453 valde
1166 3397 1580 3454 admirandum
1636 3402 1744 3466 est,
1780 3402 1977 3455 mente

329 3487 685 3561 compuncti,
713 3487 958 3542 cmdium
989 3486 1271 3542 saevitiam
1301 3485 1824 3563 reliquerunt,.nec
1847 3488 1974 3558 jam

328 3575 483 3632 bella
514 3575 773 3649 amplius
805 3579 1009 3631 amant
1040 3591 1053 3629 :
1090 3575 1192 3632 sed
1224 3574 1373 3630 nihil
1402 3574 1519 3631 illis
1551 3575 1711 3630 cordi
1741 3579 1833 3632 est
1862 3575 1979 3631 nisi

329 3667 611 3736 perpetua
630 3680 744 3736 pax
772 3668 830 3719 et
859 3663 1137 3720 amicitia.

399 3753 492 3808 52.
526 3752 666 3817 Quis
697 3751 882 3825 igitur
909 3756 1207 3807 tantarum
1257 3767 1452 3807 rerum
1496 3755 1699 3808 auctor
1747 3756 1855 3821 est,
1887 3752 1976 3809 vel

329 3841 465 3914 quis
496 3857 699 3913 pacem
731 3841 886 3896 inter
912 3839 1067 3908 illos,
1095 3840 1195 3912 qui
1222 3855 1285 3896 se
1332 3839 1580 3896 invicem
1612 3840 1746 3896 odio
1776 3857 1972 3914 prose-

332 3929 690 4002 quebantur,
721 3926 1080 3994 conciliavit,
1102 3927 1214 3983 nisi
1259 3926 1508 3985 dilectus
1537 3928 1725 3985 Patris
1772 3930 1973 3999 Filius,

334 4017 668 4074 communis
702 4015 969 4072 omnium
998 4015 1286 4088 Servator,
1324 4017 1499 4073 Jesus
1555 4016 1842 4089 Christus,
1876 4020 1976 4092 qui

330 4122 440 4162 sua
465 4122 604 4178 erga
631 4119 740 4161 nos
770 4103 1055 4161 charitate
1081 4103 1280 4161 omnia
1305 4120 1411 4178 pro
1442 4107 1612 4163 nobis
1635 4108 1920 4164 sustinuit
1949 4109 1977 4165 ‘2

328 4196 401 4251 Et
426 4211 560 4250 vero
593 4193 936 4266 hujusmodi
967 4210 1195 4268 pacem,
1226 4211 1406 4268 quam
1464 4196 1633 4253 nobis
1692 4197 1977 4257 allaturos

329 4289 475 4350 erat,
504 4283 642 4340 olim
675 4281 881 4340 divinas
910 4283 1221 4357 Scriptura:
1237 4284 1332 4340 his
1350 4285 1540 4341 verbis
1559 4287 1974 4359 praedixerant:

333 4372 588 4429 Concidet
613 4373 803 4442 gladio
831 4390 954 4430 suos
1009 4375 1072 4429 in
1126 4383 1330 4431 aratra
1386 4382 1438 4430 et
1483 4375 1705 4432 lanceas
1760 4393 1888 4433 suas
1918 4380 1977 4433 in

328 4462 518 4533 falces,
550 4478 654 4519 nec
706 4479 838 4535 gen:
881 4465 939 4519 in
1000 4467 1213 4535 gentem
1267 4464 1518 4536 gladium
1571 4467 1823 4537 accipiet,
1881 4484 1979 4523 nec

332 4551 535 4607 bellum
562 4568 751 4621 gerere
779 4553 1021 4625 amplius
1059 4553 1264 4610 discent
1292 4554 1333 4609 ⁸.
1367 4553 1482 4609 Nec
1530 4571 1664 4612 vero
1695 4554 1854 4612 istud
1886 4556 1977 4612 in-

2081 3398 2420 3474 τανυγέντες,
2476 3398 2575 3467 τὴν
2629 3398 2723 3471 μὲν
2770 3397 3033 3472 ὠμότητα
3077 3403 3185 3454 τῶν
3241 3398 3419 3477 φόνων
3452 3398 3731 3473 ἀπέθεντο,

2082 3487 2173 3544 καὶ
2212 3488 2313 3543 οὐκ
2357 3482 2435 3542 ἔτι
2467 3484 2710 3559 πολέμια
2755 3490 3041 3564 φρονοῦσι·
3074 3486 3249 3543 πάντα
3279 3485 3338 3543 δὲ
3364 3487 3550 3551 αὐτοῖς
3581 3487 3732 3566 εἰρη-

2083 3583 2226 3650 ναῖα,
2251 3576 2342 3633 καὶ
2370 3575 2439 3632 τὰ
2466 3575 2602 3654 πρὸς
2635 3574 2818 3653 φιλίαν
2841 3575 3149 3651 καταθύμια
3177 3575 3372 3632 λοιπόν
3402 3576 3565 3633 ἐστιν.

2152 3755 2245 3811 52.
2276 3753 2367 3817 Τίς
2399 3750 2491 3808 οῦν
2528 3752 2557 3807 6
2594 3755 2763 3808 ταῦτα
2805 3754 3062 3825 ποιήσας,
3093 3752 3131 3822 ἢ
3160 3752 3245 3816 τίς
3278 3754 3307 3809 6
3334 3753 3462 3817 τοὺς
3515 3742 3739 3828 μισοῦν-

2082 3865 2177 3907 τας
2210 3841 2495 3913 ἀλλήλους
2528 3841 2604 3904 sic;
2647 3841 2870 3917 εἰρήνην
2921 3841 3179 3917 συνάψας,
3212 3841 3262 3897 εἷ’
3284 3844 3359 3915 μὴ
3393 3842 3422 3896 6
3460 3841 3741 3919 ἀγαπητὸς

2082 3937 2180 3989 τοῦ
2210 3931 2424 4009 Πατρὸς
2450 3930 2599 4003 Τὶὸς,
2623 3930 2651 3983 6
2681 3930 2863 3993 κοινὸς
2896 3929 3109 3986 πάντων
3145 3932 3341 4008 Σωτὴρ
3373 3933 3486 4006 (96)
3532 3933 3742 4003 Ἰησοῦς

2084 4020 2338 4099 Χριστὸς,
2387 4019 2448 4082 ὃς
2494 4022 2564 4092 τῇ
2596 4020 2788 4073 ἑαυτοῦ
2840 4018 3019 4095 ἀγάπῃ
3063 4018 3236 4075 πάντα
3268 4020 3400 4097 ὑπὲρ
3445 4027 3547 4092 τῆς
3577 4023 3738 4094 ἡμῶν
3848 4048 3859 4053 ν

2087 4109 2359 4187 σωτηρίας
2411 4107 2612 4178 ὑπέστη
2648 4126 2662 4176 ;
2693 4107 2794 4161 Καὶ
2851 4108 2953 4184 γὰρ
3014 4108 3105 4163 καὶ
3155 4109 3354 4164 ἄνωθεν
3403 4111 3470 4189 ἦν
3520 4130 3739 4189 προφη-

2082 4198 2375 4272 τευόμενον
2410 4196 2533 4273 περὶ
2561 4202 2662 4265 τῆς
2694 4197 2819 4274 παρ’
2849 4196 3014 4251 αὐτοῦ
3060 4188 3534 4273 πρυτανευομένης
3584 4198 3737 4275 εἰρή-

2083 4309 2206 4361 νης,
2265 4285 2532 4362 λεγούσης
2586 4291 2688 4355 τῆς
2748 4291 2966 4364 Γραφῆς
3234 4286 3577 4364 Συγκόψουσι
3640 4286 3737 4349 τὰς

2090 4375 2364 4453 μαχαίρας
2421 4375 2598 4430 αὐτῶν
2658 4374 2734 4438 εἰς
2788 4376 3010 4452 ἄροτρα,
3063 4375 3154 4430 καὶ
3212 4375 3308 4438 τὰς
3369 4371 3584 4446 ζιϐύνας
3642 4373 3739 4429 αὖ-

2083 4471 2189 4522 τῶν
2242 4465 2318 4528 εἷς
2370 4462 2626 4542 δρέπανα,
2686 4463 2776 4519 καὶ
2831 4464 2893 4518 ού
2951 4463 3182 4538 λήψεται
3236 4461 3387 4529 ἔθνος
3448 4463 3532 4518 ἐπ’
3586 4457 3741 4526 ἔθνος

2089 4556 2385 4632 μάχαιραν,
2446 4552 2537 4608 καὶ
2585 4552 2649 4608 οὐ
2701 4554 2778 4627 μὴ
2843 4551 3085 4626 μάθωσιν
3145 4550 3221 4608 ἔτι
3279 4551 3577 4624 πολεμεῖν.
3638 4548 3740 4604 Καὶ

330 4639 607 4697 credibile
637 4644 745 4713 est,
762 4642 1239 4714 quandoquidem
1272 4659 1428 4698 nunc
1459 4659 1690 4715 quoque
1721 4644 1976 4719 barbari,

2090 4644 2190 4700 οὐκ
2218 4641 2441 4699 ἄπιστόν
2474 4662 2539 4717 γε
2564 4641 2628 4696 τὸ
2656 4644 2927 4713 τοιοῦτον,
2962 4638 3101 4696 ὅπου
3130 4640 3220 4695 καὶ
3247 4643 3339 4693 νῦν
3373 4638 3426 4694 οἱ
3453 4638 3517 4695 τὸ
3554 4639 3741 4717 ἄγριον

331 4728 547 4801 quibus
576 4729 783 4786 innata
838 4734 926 4787 est
986 4747 1220 4788 morum
1277 4731 1571 4800 ferocitas,
1603 4733 1745 4788 dum
1803 4732 1977 4792 idolis

402 4827 423 4862 ⁷
455 4826 568 4884 Isa.
601 4844 663 4897 II,
697 4827 751 4883 4.

404 4941 516 5017 (92)
548 4942 774 5017 Anglic.
809 4942 1073 5017 Basi_l._et
1100 4942 1365 5017 Seguer.,
1400 4937 1640 5017 i'axucev.

406 5012 517 5084 (93)
561 5012 790 5070 Gobler.
824 5019 882 5069 et
922 5012 1204 5069 Felckmf
1241 5016 1268 5068 1
1302 5012 1495 5085 anon?
1538 5016 1983 5085 conjunctiones

334 5082 635 5160 omittunt,
687 5090 757 5160 u_t_
791 5091 851 5160 et
892 5085 1034 5140 ibid.
1083 5101 1282 5160 vocem
1353 5082 1499 5160 ὅλως
1538 5082 1684 5160 moi:
1740 5104 1985 5160 sequen-

332 5161 490 5231 tem._
509 5157 690 5231 Iidem
723 5157 865 5231 ibid.
898 5172 1002 5228 pro
1031 5174 1161 5231 rore
1178 5154 1429 5231 τρόποις,
1458 5157 1675 5231 habent
1702 5154 1926 5222 τόπόυς.

409 5228 520 5300 (94)
552 5228 692 5283 Poct
714 5224 1266 5300 «inm—particulam
1314 5224 1422 5300 γάρ’
1465 5228 1691 5284 addunt
1743 5232 1885 5287 editi
1929 5236 1987 5288 et

336 5298 482 5354 mss.
515 5304 721 5376 praeter
745 5298 1191 5376 Goblerianum,
1207 5304 1267 5376 et
1296 5298 1673 5376 Felckmanni
1704 5301 1730 5355 1
1764 5318 1984 5376 anony-

338 5386 536 5449 mum,
559 5371 661 5449 qui
682 5370 835 5449 hanc
864 5370 1679 5449 omittunEMogAnglicxgoiq
1707 5370 1982 5449 πατρῴοις

340 5438 481 5518 θύειν
514 5438 680 5518 θεοῖς,
711 5446 778 5497 ut
824 5446 896 5518 eth
930 5441 1071 5515 legit
1127 5438 1984 5518 Omnibonus._Seguerianu_s,

338 5508 467 5572 τοὺς
497 5505 757 5587 πατρίους
803 5505 1210 5587 σέϐειννθεούς.
1269 5505 1796 5587 Editioucomvmel.
1854 5505 1984 5578 τοὺς

339 5581 628 5658 πατρῴους
653 5581 795 5646 θύειν
829 5582 1003 5655 θεούς,
1038 5585 1339 5648 mendose,
1369 5583 1838 5657 Goblerianus,et
1856 5588 1983 5645 Fel-

340 5655 495 5710 ckm.
529 5655 557 5710 1
591 5671 766 5710 anon.
796 5652 923 5710 τοὺς
953 5655 1240 5710 πατοώους
1272 5649 1443 5710 σέϐειν
1477 5654 1655 5710 θεούς.

340 5665 495 5711 ckm.
529 5665 557 5710 1
591 5671 766 5712 anon.
796 5665 923 5718 τοὺς
953 5675 1059 5711 πατ
1096 5665 1240 5731 ᾠους
1272 5665 1443 5711 σεὸειν
1477 5665 1655 5720 θεοὺς.

415 5725 528 5805 (95)
556 5724 966 5799 Goblerianus,
1025 5674 1095 5787 ef
1133 5727 1509 5806 Felckmanni
1567 5730 1595 5787 1
1653 5743 1984 5805 anonymus

2085 4737 2192 4789 τῶν
2221 4730 2440 4808 τρόπων
2496 4723 2761 4807 βάρϐαροι
2810 4726 3047 4807 ἔμφυτον
3094 4722 3316 4803 ἔχοντες
3364 4728 3500 4802 (98),
3531 4722 3608 4782 ἔτι
3643 4727 3740 4801 μὲν

2092 4942 2687 5025 οοηῇιιηοῄὶορρῑᾳκαί
2711 4960 2827 5025 non
2856 4944 3080 5025 habent
3111 4960 3125 5000 :
3159 4942 3259 5025 qui
3306 4940 3486 5025 iidem
3517 4937 3743 5025 proiecti

2093 5008 2383 5145 seguenti,
2414 5012 2561 5070 ἀλλά
2584 5015 2823 5072 habent.
2857 5014 3034 5073 Paulo
3064 5008 3199 5088 post
3227 5008 3538 5087 particula:
3566 5008 3635 5081 δή
3667 5012 3743 5068 ab

2093 5107 2166 5145 us
2210 5105 2304 5144 em
2335 5090 2503 5144 abest
2531 5091 2663 5145 post
2684 5085 2829 5142 τότε.

2091 5103 2304 5145 ιιεαοω
2335 5103 2503 5144 abest
2531 5103 2663 5159 post
2684 5103 2829 5142 τοτε.

2132 5160 2279 5242 ,(96)
2310 5159 2404 5215 Sic
2428 5159 2673 5242 ‘Seguer.
2707 5158 3031 5242 Gfoblermet
3057 5156 3315 5242 If‘elclrm.
3376 5157 3403 5211 1
3431 5171 3638 5242 auom,
3668 5157 3736 5210 ut

2093 5236 2151 5288 et
2174 5227 2445 5356 legerunt
2476 5227 2824 5356 interpretes
2855 5246 2868 5285 :
2903 5228 3004 5285 alii
3032 5232 3090 5284 et
3118 5227 3278 5294 editi,
3301 5227 3502 5301 πατήρ.

2166 5304 2222 5356 (9
2264 5304 2280 5356 i
2309 5303 2406 5356 Hae
2438 5318 2628 5356 voces.
2673 5298 2904 5356 εγούσης
2936 5305 3037 5356 τῆς
3070 5298 3502 5356 Γοαφῆς.οὺευι

2166 5296 2280 5375 (97)
2309 5303 2406 5358 Hae
2438 5296 2904 5375 νοοθε,λεγούσης
2936 5305 3038 5384 τῆς
3070 5296 3548 5428 ξραέἧς,οὺεὺη1
3578 5314 3613 5352 a
3632 5296 3745 5381 go-

2091 5372 2235 5430 bler.
2269 5378 2328 5430 et
2358 5373 2611 5430 Felckm.
2643 5375 2670 5429 1
2704 5388 2904 5442 anon.,
2938 5387 3041 5444 qui
3087 5388 3105 5425 ι
3152 5388 3168 5425 ι
3216 5385 3309 5426 em
3357 5372 3495 5441 post
3537 5366 3738 5439 αὑτων,

2093 5412 2235 5430 ....,..
2269 5412 2328 5430 υ.
2358 5412 2611 5430 ινιυω.
2645 5412 2670 5429 .
2704 5412 2904 5442 mm,
2938 5412 3041 5444 ν.
3088 5412 3309 5428 ..μανψ
3357 5412 3495 5441 ,ηπ
3538 5412 3738 5439 _-....,

2093 5444 2520 5522 rn2€!_h§b.ept-
2573 5513 2663 5522 _.
2706 5514 2721 5522 -
2872 5514 2883 5522 .
3154 5516 3164 5522 .
3218 5513 3231 5522 .
3332 5509 3370 5522 ..
3726 5513 3737 5522 .

2105 5510 2115 5522 '
2153 5510 2278 5588 '(98)
2307 5514 2537 5572 Gobler.
2573 5513 2828 5571 Felckm.
2862 5514 2889 5568 1
2914 5529 3088 5570 anon.
3115 5516 3173 5569 et
3200 5510 3428 5584 Anglic.
3464 5510 3747 5565 omittunt

2092 5581 2332 5672 ἔμφυτον
2366 5581 2609 5672 ἔχοντες.
2632 5584 3002 5672 Ῥαιξιιῖροει,
3034 5600 3142 5658 pro
3171 5583 3361 5660 ξιφῶν,
3392 5580 3743 5655 Anglic.Ba-

2066 5655 2257 5717 sil'ct
2281 5655 2521 5734 Segiier.
2554 5657 2775 5716 habent
2802 5655 3011 5739 ξίφους.
