  <div class='ocr_page' id='page_1' title='image "/cluster/home/n/w/nwhite01/storage/ocr_20150623/25:no.1/coo.31924054873066/388.png"; bbox 0 0 4178 6374; ppageno 0'>
   <div class='ocr_carea' id='block_1_1' title="bbox 355 371 472 432">
    <p class='ocr_par' dir='ltr' id='par_1_1' title="bbox 355 371 472 432">
     <span class='ocr_line' id='line_1_1' title="bbox 355 371 472 432; baseline 0.009 -1"><span class='ocrx_word' id='word_1_1' title='bbox 355 371 472 432; x_wconf 87' lang='grc'>189</span> 
     </span>
    </p>
   </div>
   <div class='ocr_carea' id='block_1_2' title="bbox 1370 358 2757 427">
    <p class='ocr_par' dir='ltr' id='par_1_2' title="bbox 1370 358 2757 427">
     <span class='ocr_line' id='line_1_2' title="bbox 1370 358 2757 427; baseline -0.003 0"><span class='ocrx_word' id='word_1_2' title='bbox 1370 364 1666 427; x_wconf 79' lang='lat' dir='ltr'>ORATIO</span> <span class='ocrx_word' id='word_1_3' title='bbox 1710 363 1812 424; x_wconf 87' lang='lat' dir='ltr'><strong>DE</strong></span> <span class='ocrx_word' id='word_1_4' title='bbox 1857 358 2444 423; x_wconf 80' lang='lat' dir='ltr'>INCARNATIONE</span> <span class='ocrx_word' id='word_1_5' title='bbox 2487 361 2757 423; x_wconf 80' lang='lat' dir='ltr'><strong>VERBI.</strong></span> 
     </span>
    </p>
   </div>
   <div class='ocr_carea' id='block_1_3' title="bbox 3647 365 3764 430">
    <p class='ocr_par' dir='ltr' id='par_1_3' title="bbox 3647 365 3764 430">
     <span class='ocr_line' id='line_1_3' title="bbox 3647 365 3764 430; baseline 0.034 -4"><span class='ocrx_word' id='word_1_6' title='bbox 3647 365 3764 430; x_wconf 79' lang='grc'>190</span> 
     </span>
    </p>
   </div>
   <div class='ocr_carea' id='block_1_4' title="bbox 352 489 2024 574">
    <p class='ocr_par' dir='ltr' id='par_1_4' title="bbox 352 489 1999 574">
     <span class='ocr_line' id='line_1_4' title="bbox 352 489 1999 574; baseline -0.006 -21"><span class='ocrx_word' id='word_1_7' title='bbox 352 501 568 564; x_wconf 88' lang='grc' dir='ltr'>θύοντες</span> <span class='ocrx_word' id='word_1_8' title='bbox 601 500 724 574; x_wconf 82' lang='grc' dir='ltr'>παρ’</span> <span class='ocrx_word' id='word_1_9' title='bbox 756 498 938 559; x_wconf 83' lang='grc' dir='ltr'>αὐτοῖς</span> <span class='ocrx_word' id='word_1_10' title='bbox 971 494 1249 567; x_wconf 89' lang='grc' dir='ltr'>εἰδώλοις,</span> <span class='ocrx_word' id='word_1_11' title='bbox 1272 494 1548 568; x_wconf 81' lang='grc' dir='ltr'>μαίνονται</span> <span class='ocrx_word' id='word_1_12' title='bbox 1573 495 1686 549; x_wconf 84' lang='grc' dir='ltr'>κατ’</span> <span class='ocrx_word' id='word_1_13' title='bbox 1707 489 1999 560; x_wconf 81' lang='grc' dir='ltr'>ἀλλήλων,</span> 
     </span>
    </p>
   </div>
   <div class='ocr_carea' id='block_1_5' title="bbox 2137 489 3759 574">
    <p class='ocr_par' dir='ltr' id='par_1_5' title="bbox 2137 490 3759 559">
     <span class='ocr_line' id='line_1_5' title="bbox 2137 490 3759 559; baseline 0.005 -13"><span class='ocrx_word' id='word_1_14' title='bbox 2137 491 2304 546; x_wconf 70' lang='lat' dir='ltr'>thuc</span> <span class='ocrx_word' id='word_1_15' title='bbox 2335 490 2662 559; x_wconf 90' lang='lat' dir='ltr'>immolant,</span> <span class='ocrx_word' id='word_1_16' title='bbox 2699 497 2902 548; x_wconf 89' lang='lat' dir='ltr'>mutuo</span> <span class='ocrx_word' id='word_1_17' title='bbox 2924 493 2983 548; x_wconf 92' lang='lat' dir='ltr'>in</span> <span class='ocrx_word' id='word_1_18' title='bbox 3011 511 3072 550; x_wconf 90' lang='lat' dir='ltr'>se</span> <span class='ocrx_word' id='word_1_19' title='bbox 3093 495 3342 550; x_wconf 88' lang='lat' dir='ltr'>invicem</span> <span class='ocrx_word' id='word_1_20' title='bbox 3373 496 3565 553; x_wconf 85' lang='lat' dir='ltr'>furore</span> <span class='ocrx_word' id='word_1_21' title='bbox 3595 514 3759 554; x_wconf 83' lang='lat' dir='ltr'>exar-</span> 
     </span>
    </p>
   </div>
   <div class='ocr_carea' id='block_1_6' title="bbox 350 579 1997 666">
    <p class='ocr_par' dir='ltr' id='par_1_6' title="bbox 350 579 1997 666">
     <span class='ocr_line' id='line_1_6' title="bbox 350 579 1997 666; baseline -0.007 -22"><span class='ocrx_word' id='word_1_22' title='bbox 350 589 438 644; x_wconf 78' lang='grc' dir='ltr'>καὶ</span> <span class='ocrx_word' id='word_1_23' title='bbox 472 587 649 664; x_wconf 76' lang='grc' dir='ltr'>χωρὶς</span> <span class='ocrx_word' id='word_1_24' title='bbox 700 590 865 666; x_wconf 73' lang='grc' dir='ltr'>ξιφῶν</span> <span class='ocrx_word' id='word_1_25' title='bbox 922 584 1174 659; x_wconf 83' lang='grc' dir='ltr'>οὐδεμίαν</span> <span class='ocrx_word' id='word_1_26' title='bbox 1233 585 1374 661; x_wconf 81' lang='grc' dir='ltr'>ὥραν</span> <span class='ocrx_word' id='word_1_27' title='bbox 1434 582 1719 658; x_wconf 72' lang='grc' dir='ltr'>ἀνέχονται</span> <span class='ocrx_word' id='word_1_28' title='bbox 1783 579 1997 654; x_wconf 66' lang='grc' dir='ltr'>μένειν·</span> 
     </span>
    </p>
   </div>
   <div class='ocr_carea' id='block_1_7' title="bbox 353 669 2003 752">
    <p class='ocr_par' dir='ltr' id='par_1_7' title="bbox 353 669 2003 752">
     <span class='ocr_line' id='line_1_7' title="bbox 353 669 2003 752; baseline -0.005 -20"><span class='ocrx_word' id='word_1_29' title='bbox 353 677 441 733; x_wconf 78' lang='grc' dir='ltr'>ὅτε</span> <span class='ocrx_word' id='word_1_30' title='bbox 500 675 558 731; x_wconf 68' lang='grc' dir='ltr'>δῖε</span> <span class='ocrx_word' id='word_1_31' title='bbox 585 684 685 746; x_wconf 78' lang='grc' dir='ltr'>τῆς</span> <span class='ocrx_word' id='word_1_32' title='bbox 737 681 834 731; x_wconf 90' lang='grc' dir='ltr'>τοῦ</span> <span class='ocrx_word' id='word_1_33' title='bbox 886 680 1120 752; x_wconf 75' lang='grc' dir='ltr'>Χριστοῦ</span> <span class='ocrx_word' id='word_1_34' title='bbox 1179 671 1526 735; x_wconf 88' lang='grc' dir='ltr'>διδασκαλίας</span> <span class='ocrx_word' id='word_1_35' title='bbox 1580 671 1888 740; x_wconf 84' lang='grc' dir='ltr'>ἀκούουσιν,</span> <span class='ocrx_word' id='word_1_36' title='bbox 1922 669 2003 724; x_wconf 84' lang='grc' dir='ltr'>εύ-</span> 
     </span>
    </p>
   </div>
   <div class='ocr_carea' id='block_1_8' title="bbox 355 757 2002 839">
    <p class='ocr_par' dir='ltr' id='par_1_8' title="bbox 355 757 2002 839">
     <span class='ocr_line' id='line_1_8' title="bbox 355 757 2002 839; baseline -0.007 -17"><span class='ocrx_word' id='word_1_37' title='bbox 355 767 490 830; x_wconf 78' lang='grc' dir='ltr'>θέως</span> <span class='ocrx_word' id='word_1_38' title='bbox 548 765 664 820; x_wconf 82' lang='grc' dir='ltr'>ἀντὶ</span> <span class='ocrx_word' id='word_1_39' title='bbox 701 767 793 838; x_wconf 75' lang='grc' dir='ltr'>μεν</span> <span class='ocrx_word' id='word_1_40' title='bbox 827 763 1086 838; x_wconf 73' lang='grc' dir='ltr'>πολέμων</span> <span class='ocrx_word' id='word_1_41' title='bbox 1121 764 1196 826; x_wconf 83' lang='grc' dir='ltr'>εἷς</span> <span class='ocrx_word' id='word_1_42' title='bbox 1227 762 1487 839; x_wconf 78' lang='grc' dir='ltr'>γεωργίαν</span> <span class='ocrx_word' id='word_1_43' title='bbox 1546 761 1855 838; x_wconf 65' lang='grc' dir='ltr'>τρέπονται,</span> <span class='ocrx_word' id='word_1_44' title='bbox 1888 757 2002 814; x_wconf 80' lang='grc' dir='ltr'>ἀντὶ</span> 
     </span>
    </p>
   </div>
   <div class='ocr_carea' id='block_1_9' title="bbox 357 847 2002 933">
    <p class='ocr_par' dir='ltr' id='par_1_9' title="bbox 357 847 2002 933">
     <span class='ocr_line' id='line_1_9' title="bbox 357 847 2002 933; baseline -0.005 -23"><span class='ocrx_word' id='word_1_45' title='bbox 357 855 413 910; x_wconf 73' lang='grc' dir='ltr'>δὲ</span> <span class='ocrx_word' id='word_1_46' title='bbox 441 859 537 910; x_wconf 88' lang='grc' dir='ltr'>τοῦ</span> <span class='ocrx_word' id='word_1_47' title='bbox 568 855 735 933; x_wconf 67' lang='grc' dir='ltr'>ξίφεσι</span> <span class='ocrx_word' id='word_1_48' title='bbox 783 856 879 916; x_wconf 76' lang='grc' dir='ltr'>τὰς</span> <span class='ocrx_word' id='word_1_49' title='bbox 935 859 1126 929; x_wconf 86' lang='grc' dir='ltr'>χεῖρας</span> <span class='ocrx_word' id='word_1_50' title='bbox 1177 850 1442 920; x_wconf 80' lang='grc' dir='ltr'>ὁπλίζειν,</span> <span class='ocrx_word' id='word_1_51' title='bbox 1478 850 1552 912; x_wconf 92' lang='grc' dir='ltr'>εἰς</span> <span class='ocrx_word' id='word_1_52' title='bbox 1611 851 1776 925; x_wconf 76' lang='grc' dir='ltr'>εὐχὰς</span> <span class='ocrx_word' id='word_1_53' title='bbox 1837 847 2002 902; x_wconf 76' lang='grc' dir='ltr'>ἐκτεί-</span> 
     </span>
    </p>
   </div>
   <div class='ocr_carea' id='block_1_10' title="bbox 355 937 2004 1015">
    <p class='ocr_par' dir='ltr' id='par_1_10' title="bbox 355 937 2004 1015">
     <span class='ocr_line' id='line_1_10' title="bbox 355 937 2004 1015; baseline -0.004 -17"><span class='ocrx_word' id='word_1_54' title='bbox 355 966 540 999; x_wconf 88' lang='grc' dir='ltr'>νουσι·</span> <span class='ocrx_word' id='word_1_55' title='bbox 593 944 680 998; x_wconf 81' lang='grc' dir='ltr'>καὶ</span> <span class='ocrx_word' id='word_1_56' title='bbox 739 942 883 1005; x_wconf 83' lang='grc' dir='ltr'>ὅλως</span> <span class='ocrx_word' id='word_1_57' title='bbox 943 942 1058 997; x_wconf 77' lang='grc' dir='ltr'>ἀντὶ</span> <span class='ocrx_word' id='word_1_58' title='bbox 1115 946 1212 997; x_wconf 87' lang='grc' dir='ltr'>τοῦ</span> <span class='ocrx_word' id='word_1_59' title='bbox 1267 941 1531 1012; x_wconf 78' lang='grc' dir='ltr'>πολεμεῖν</span> <span class='ocrx_word' id='word_1_60' title='bbox 1592 939 1727 1015; x_wconf 91' lang='grc' dir='ltr'>πρὸς</span> <span class='ocrx_word' id='word_1_61' title='bbox 1761 937 2004 1007; x_wconf 69' lang='grc' dir='ltr'>ἑαυτοὺς,</span> 
     </span>
    </p>
   </div>
   <div class='ocr_carea' id='block_1_11' title="bbox 359 1025 2008 1102">
    <p class='ocr_par' dir='ltr' id='par_1_11' title="bbox 359 1025 2008 1102">
     <span class='ocr_line' id='line_1_11' title="bbox 359 1025 2008 1102; baseline -0.005 -15"><span class='ocrx_word' id='word_1_62' title='bbox 359 1031 552 1087; x_wconf 89' lang='grc' dir='ltr'>λοιπὸν</span> <span class='ocrx_word' id='word_1_63' title='bbox 585 1033 720 1086; x_wconf 84' lang='grc' dir='ltr'>κατά</span> <span class='ocrx_word' id='word_1_64' title='bbox 751 1025 1013 1085; x_wconf 90' lang='grc' dir='ltr'>διαϐόλου</span> <span class='ocrx_word' id='word_1_65' title='bbox 1043 1028 1131 1084; x_wconf 82' lang='grc' dir='ltr'>καὶ</span> <span class='ocrx_word' id='word_1_66' title='bbox 1156 1030 1267 1102; x_wconf 85' lang='grc'>(99)</span> <span class='ocrx_word' id='word_1_67' title='bbox 1289 1030 1424 1082; x_wconf 73' lang='grc' dir='ltr'>κατὰ</span> <span class='ocrx_word' id='word_1_68' title='bbox 1445 1025 1718 1098; x_wconf 82' lang='grc' dir='ltr'>δαιμόνων</span> <span class='ocrx_word' id='word_1_69' title='bbox 1756 1025 2008 1093; x_wconf 80' lang='grc' dir='ltr'>ὁπλίζον-</span> 
     </span>
    </p>
   </div>
   <div class='ocr_carea' id='block_1_12' title="bbox 356 1113 2005 1198">
    <p class='ocr_par' dir='ltr' id='par_1_12' title="bbox 356 1113 2005 1198">
     <span class='ocr_line' id='line_1_12' title="bbox 356 1113 2005 1198; baseline -0.005 -22"><span class='ocrx_word' id='word_1_70' title='bbox 356 1143 465 1183; x_wconf 82' lang='grc' dir='ltr'>ται,</span> <span class='ocrx_word' id='word_1_71' title='bbox 497 1119 817 1198; x_wconf 75' lang='grc' dir='ltr'>σωφροσύνῃ</span> <span class='ocrx_word' id='word_1_72' title='bbox 846 1118 933 1173; x_wconf 86' lang='grc' dir='ltr'>καὶ</span> <span class='ocrx_word' id='word_1_73' title='bbox 987 1122 1173 1193; x_wconf 77' lang='grc' dir='ltr'>ψυχῆς</span> <span class='ocrx_word' id='word_1_74' title='bbox 1225 1118 1386 1192; x_wconf 79' lang='grc' dir='ltr'>ἀρετῇ</span> <span class='ocrx_word' id='word_1_75' title='bbox 1438 1115 1664 1177; x_wconf 79' lang='grc' dir='ltr'>τούτους</span> <span class='ocrx_word' id='word_1_76' title='bbox 1703 1113 2005 1169; x_wconf 86' lang='grc' dir='ltr'>καταπολε-</span> 
     </span>
    </p>
   </div>
   <div class='ocr_carea' id='block_1_13' title="bbox 363 1202 2006 1281">
    <p class='ocr_par' dir='ltr' id='par_1_13' title="bbox 363 1202 2006 1281">
     <span class='ocr_line' id='line_1_13' title="bbox 363 1202 2006 1281; baseline 0.008 -1"><span class='ocrx_word' id='word_1_77' title='bbox 363 1214 607 1281; x_wconf 78' lang='grc' dir='ltr'>μοῦντες.</span> <span class='ocrx_word' id='word_1_78' title='bbox 641 1211 817 1266; x_wconf 87' lang='grc' dir='ltr'>Τοῦτο</span> <span class='ocrx_word' id='word_1_79' title='bbox 849 1205 906 1261; x_wconf 70' lang='grc' dir='ltr'>δὲ</span> <span class='ocrx_word' id='word_1_80' title='bbox 935 1213 1036 1276; x_wconf 72' lang='grc' dir='ltr'>τῆς</span> <span class='ocrx_word' id='word_1_81' title='bbox 1094 1206 1187 1278; x_wconf 68' lang='grc' dir='ltr'>μὲν</span> <span class='ocrx_word' id='word_1_82' title='bbox 1250 1205 1530 1273; x_wconf 80' lang='grc' dir='ltr'>θειότητος</span> <span class='ocrx_word' id='word_1_83' title='bbox 1587 1207 1684 1258; x_wconf 65' lang='grc' dir='ltr'>τοῦ</span> <span class='ocrx_word' id='word_1_84' title='bbox 1745 1202 2006 1278; x_wconf 68' lang='grc' dir='ltr'>Σωτῆρός</span> 
     </span>
    </p>
   </div>
   <div class='ocr_carea' id='block_1_14' title="bbox 361 1289 2008 1374">
    <p class='ocr_par' dir='ltr' id='par_1_14' title="bbox 361 1289 2008 1374">
     <span class='ocr_line' id='line_1_14' title="bbox 361 1289 2008 1374; baseline -0.005 -22"><span class='ocrx_word' id='word_1_85' title='bbox 361 1297 469 1352; x_wconf 81' lang='grc' dir='ltr'>ἐστι</span> <span class='ocrx_word' id='word_1_86' title='bbox 517 1298 833 1374; x_wconf 89' lang='grc' dir='ltr'>γνώοισμα·</span> <span class='ocrx_word' id='word_1_87' title='bbox 889 1293 971 1350; x_wconf 78' lang='grc' dir='ltr'>ὅτι</span> <span class='ocrx_word' id='word_1_88' title='bbox 1027 1295 1055 1348; x_wconf 81' lang='grc' dir='ltr'>ὃ</span> <span class='ocrx_word' id='word_1_89' title='bbox 1119 1294 1195 1366; x_wconf 79' lang='grc' dir='ltr'>μὴ</span> <span class='ocrx_word' id='word_1_90' title='bbox 1263 1290 1579 1362; x_wconf 74' lang='grc' dir='ltr'>δεδύνηνται</span> <span class='ocrx_word' id='word_1_91' title='bbox 1640 1291 1690 1346; x_wconf 83' lang='grc' dir='ltr'>ἐν</span> <span class='ocrx_word' id='word_1_92' title='bbox 1754 1289 2008 1352; x_wconf 78' lang='grc' dir='ltr'>εἰδώλοις</span> 
     </span>
    </p>
   </div>
   <div class='ocr_carea' id='block_1_15' title="bbox 365 1381 2009 1460">
    <p class='ocr_par' dir='ltr' id='par_1_15' title="bbox 365 1381 2009 1460">
     <span class='ocr_line' id='line_1_15' title="bbox 365 1381 2009 1460; baseline -0.004 -19"><span class='ocrx_word' id='word_1_93' title='bbox 365 1391 549 1458; x_wconf 81' lang='grc' dir='ltr'>μαθεῖν</span> <span class='ocrx_word' id='word_1_94' title='bbox 595 1386 647 1440; x_wconf 76' lang='grc' dir='ltr'>οἳ</span> <span class='ocrx_word' id='word_1_95' title='bbox 691 1383 991 1460; x_wconf 81' lang='grc' dir='ltr'>ἄνθρωποι,</span> <span class='ocrx_word' id='word_1_96' title='bbox 1020 1386 1181 1437; x_wconf 90' lang='grc' dir='ltr'>τοῦτο</span> <span class='ocrx_word' id='word_1_97' title='bbox 1232 1383 1358 1456; x_wconf 89' lang='grc' dir='ltr'>παρ’</span> <span class='ocrx_word' id='word_1_98' title='bbox 1410 1381 1574 1435; x_wconf 82' lang='grc' dir='ltr'>αὑτοῦ</span> <span class='ocrx_word' id='word_1_99' title='bbox 1625 1383 2009 1454; x_wconf 70' lang='grc' dir='ltr'>μεμαθήκασι·</span> 
     </span>
    </p>
   </div>
   <div class='ocr_carea' id='block_1_16' title="bbox 360 1467 2012 1545">
    <p class='ocr_par' dir='ltr' id='par_1_16' title="bbox 360 1467 2012 1545">
     <span class='ocr_line' id='line_1_16' title="bbox 360 1467 2012 1545; baseline -0.004 -17"><span class='ocrx_word' id='word_1_100' title='bbox 360 1481 459 1543; x_wconf 78' lang='grc' dir='ltr'>τῆς</span> <span class='ocrx_word' id='word_1_101' title='bbox 495 1472 552 1528; x_wconf 77' lang='grc' dir='ltr'>δῖε</span> <span class='ocrx_word' id='word_1_102' title='bbox 584 1471 978 1545; x_wconf 73' lang='grc' dir='ltr'>δαιμόνωνκαὶ</span> <span class='ocrx_word' id='word_1_103' title='bbox 1014 1468 1258 1525; x_wconf 76' lang='grc' dir='ltr'>εἰδώλων</span> <span class='ocrx_word' id='word_1_104' title='bbox 1291 1469 1560 1533; x_wconf 83' lang='grc' dir='ltr'>ἀσθενείας</span> <span class='ocrx_word' id='word_1_105' title='bbox 1602 1470 1690 1524; x_wconf 81' lang='grc' dir='ltr'>καὶ</span> <span class='ocrx_word' id='word_1_106' title='bbox 1741 1467 2012 1532; x_wconf 82' lang='grc' dir='ltr'>οὑθενείας</span> 
     </span>
    </p>
   </div>
   <div class='ocr_carea' id='block_1_17' title="bbox 364 1557 2011 1637">
    <p class='ocr_par' dir='ltr' id='par_1_17' title="bbox 364 1557 2011 1637">
     <span class='ocr_line' id='line_1_17' title="bbox 364 1557 2011 1637; baseline -0.004 -21"><span class='ocrx_word' id='word_1_107' title='bbox 364 1558 598 1637; x_wconf 78' lang='grc' dir='ltr'>ἔλεγχος</span> <span class='ocrx_word' id='word_1_108' title='bbox 625 1562 726 1616; x_wconf 81' lang='grc' dir='ltr'>οὑκ</span> <span class='ocrx_word' id='word_1_109' title='bbox 757 1560 946 1635; x_wconf 84' lang='grc' dir='ltr'>ὀλίγος</span> <span class='ocrx_word' id='word_1_110' title='bbox 979 1559 1118 1614; x_wconf 76' lang='grc' dir='ltr'>ἐστὶν</span> <span class='ocrx_word' id='word_1_111' title='bbox 1177 1558 1355 1620; x_wconf 75' lang='grc' dir='ltr'>οὗτος.</span> <span class='ocrx_word' id='word_1_112' title='bbox 1390 1557 1610 1620; x_wconf 87' lang='grc' dir='ltr'>Εἰδότες</span> <span class='ocrx_word' id='word_1_113' title='bbox 1661 1560 1763 1634; x_wconf 75' lang='grc' dir='ltr'>γὰρ</span> <span class='ocrx_word' id='word_1_114' title='bbox 1811 1559 2011 1612; x_wconf 70' lang='grc' dir='ltr'>ἑαυτῶν</span> 
     </span>
    </p>
   </div>
   <div class='ocr_carea' id='block_1_18' title="bbox 366 1641 2013 1722">
    <p class='ocr_par' dir='ltr' id='par_1_18' title="bbox 366 1641 2013 1722">
     <span class='ocr_line' id='line_1_18' title="bbox 366 1641 2013 1722; baseline -0.004 -16"><span class='ocrx_word' id='word_1_115' title='bbox 366 1649 618 1722; x_wconf 87' lang='grc' dir='ltr'>δαίμονες</span> <span class='ocrx_word' id='word_1_116' title='bbox 665 1650 763 1718; x_wconf 75' lang='grc' dir='ltr'>τὴν</span> <span class='ocrx_word' id='word_1_117' title='bbox 820 1648 1118 1717; x_wconf 69' lang='grc' dir='ltr'>ἀσθένειαν,</span> <span class='ocrx_word' id='word_1_118' title='bbox 1150 1644 1240 1700; x_wconf 71' lang='grc' dir='ltr'>διὰ</span> <span class='ocrx_word' id='word_1_119' title='bbox 1286 1650 1448 1701; x_wconf 89' lang='grc' dir='ltr'>τοῦτο</span> <span class='ocrx_word' id='word_1_120' title='bbox 1499 1641 1792 1701; x_wconf 70' lang='grc' dir='ltr'>συνέϐαλον</span> <span class='ocrx_word' id='word_1_121' title='bbox 1843 1644 2013 1700; x_wconf 87' lang='grc' dir='ltr'>πάλαι</span> 
     </span>
    </p>
   </div>
   <div class='ocr_carea' id='block_1_19' title="bbox 365 1733 2018 1814">
    <p class='ocr_par' dir='ltr' id='par_1_19' title="bbox 365 1733 2018 1814">
     <span class='ocr_line' id='line_1_19' title="bbox 365 1733 2018 1814; baseline -0.004 -20"><span class='ocrx_word' id='word_1_122' title='bbox 365 1739 492 1801; x_wconf 75' lang='grc' dir='ltr'>τοὺς</span> <span class='ocrx_word' id='word_1_123' title='bbox 540 1739 858 1814; x_wconf 87' lang='grc' dir='ltr'>ἀνθρώπους</span> <span class='ocrx_word' id='word_1_124' title='bbox 907 1738 1025 1800; x_wconf 84' lang='grc' dir='ltr'>καθ’</span> <span class='ocrx_word' id='word_1_125' title='bbox 1056 1738 1255 1791; x_wconf 74' lang='grc' dir='ltr'>ἑαυτῶν</span> <span class='ocrx_word' id='word_1_126' title='bbox 1299 1733 1585 1807; x_wconf 82' lang='grc' dir='ltr'>πολεμεῖν,</span> <span class='ocrx_word' id='word_1_127' title='bbox 1613 1734 1704 1789; x_wconf 69' lang='grc' dir='ltr'>’ίνα</span> <span class='ocrx_word' id='word_1_128' title='bbox 1753 1736 1852 1808; x_wconf 77' lang='grc' dir='ltr'>μὴ,</span> <span class='ocrx_word' id='word_1_129' title='bbox 1886 1755 2018 1789; x_wconf 89' lang='grc' dir='ltr'>παυ-</span> 
     </span>
    </p>
   </div>
   <div class='ocr_carea' id='block_1_20' title="bbox 369 1821 2019 1900">
    <p class='ocr_par' dir='ltr' id='par_1_20' title="bbox 369 1821 2019 1900">
     <span class='ocr_line' id='line_1_20' title="bbox 369 1821 2019 1900; baseline -0.002 -18"><span class='ocrx_word' id='word_1_130' title='bbox 369 1829 591 1900; x_wconf 88' lang='grc' dir='ltr'>σάμενοι</span> <span class='ocrx_word' id='word_1_131' title='bbox 619 1834 720 1896; x_wconf 85' lang='grc' dir='ltr'>τῆς</span> <span class='ocrx_word' id='word_1_132' title='bbox 752 1828 866 1881; x_wconf 87' lang='grc' dir='ltr'>κατ’</span> <span class='ocrx_word' id='word_1_133' title='bbox 897 1823 1159 1895; x_wconf 74' lang='grc' dir='ltr'>ἀλλήλων</span> <span class='ocrx_word' id='word_1_134' title='bbox 1211 1821 1411 1900; x_wconf 79' lang='grc' dir='ltr'>ἔριδος,</span> <span class='ocrx_word' id='word_1_135' title='bbox 1443 1824 1518 1886; x_wconf 89' lang='grc' dir='ltr'>εἷς</span> <span class='ocrx_word' id='word_1_136' title='bbox 1565 1825 1663 1892; x_wconf 70' lang='grc' dir='ltr'>τὴν</span> <span class='ocrx_word' id='word_1_137' title='bbox 1715 1826 1850 1879; x_wconf 75' lang='grc' dir='ltr'>κατὰ</span> <span class='ocrx_word' id='word_1_138' title='bbox 1907 1821 2019 1878; x_wconf 88' lang='grc' dir='ltr'>δαι-</span> 
     </span>
    </p>
   </div>
   <div class='ocr_carea' id='block_1_21' title="bbox 371 1910 2016 1992">
    <p class='ocr_par' dir='ltr' id='par_1_21' title="bbox 371 1910 2016 1992">
     <span class='ocr_line' id='line_1_21' title="bbox 371 1910 2016 1992; baseline -0.002 -21"><span class='ocrx_word' id='word_1_139' title='bbox 371 1917 551 1989; x_wconf 83' lang='grc' dir='ltr'>μόνων</span> <span class='ocrx_word' id='word_1_140' title='bbox 587 1919 770 1992; x_wconf 79' lang='grc' dir='ltr'>μάχην</span> <span class='ocrx_word' id='word_1_141' title='bbox 806 1913 1217 1991; x_wconf 74' lang='grc' dir='ltr'>ἐπιστρέψωσιν.</span> <span class='ocrx_word' id='word_1_142' title='bbox 1253 1910 1473 1986; x_wconf 67' lang='grc' dir='ltr'>Ἀμέλει</span> <span class='ocrx_word' id='word_1_143' title='bbox 1511 1914 1587 1985; x_wconf 73' lang='grc' dir='ltr'>μὴ</span> <span class='ocrx_word' id='word_1_144' title='bbox 1645 1911 2016 1985; x_wconf 74' lang='grc' dir='ltr'>πολεμοῦντες</span> 
     </span>
    </p>
   </div>
   <div class='ocr_carea' id='block_1_22' title="bbox 368 2000 2016 2082">
    <p class='ocr_par' dir='ltr' id='par_1_22' title="bbox 368 2000 2016 2082">
     <span class='ocr_line' id='line_1_22' title="bbox 368 2000 2016 2082; baseline -0.001 -23"><span class='ocrx_word' id='word_1_145' title='bbox 368 2005 503 2082; x_wconf 83' lang='grc' dir='ltr'>πρὸς</span> <span class='ocrx_word' id='word_1_146' title='bbox 537 2004 756 2066; x_wconf 73' lang='grc' dir='ltr'>ἑαυτοὺς</span> <span class='ocrx_word' id='word_1_147' title='bbox 788 2004 839 2057; x_wconf 75' lang='grc' dir='ltr'>οἱ</span> <span class='ocrx_word' id='word_1_148' title='bbox 871 2007 1089 2078; x_wconf 79' lang='grc' dir='ltr'>Χριστῷ</span> <span class='ocrx_word' id='word_1_149' title='bbox 1141 2001 1597 2074; x_wconf 87' lang='grc' dir='ltr'>μαθητευόμενοι,</span> <span class='ocrx_word' id='word_1_150' title='bbox 1628 2003 1764 2056; x_wconf 82' lang='grc' dir='ltr'>κατᾶ</span> <span class='ocrx_word' id='word_1_151' title='bbox 1822 2000 2016 2074; x_wconf 84' lang='grc' dir='ltr'>δαιμό-</span> 
     </span>
    </p>
   </div>
   <div class='ocr_carea' id='block_1_23' title="bbox 367 2091 2021 2170">
    <p class='ocr_par' dir='ltr' id='par_1_23' title="bbox 367 2091 2021 2170">
     <span class='ocr_line' id='line_1_23' title="bbox 367 2091 2021 2170; baseline -0.002 -21"><span class='ocrx_word' id='word_1_152' title='bbox 367 2116 472 2148; x_wconf 87' lang='grc' dir='ltr'>νων</span> <span class='ocrx_word' id='word_1_153' title='bbox 503 2100 619 2156; x_wconf 90' lang='grc' dir='ltr'>τοῖς</span> <span class='ocrx_word' id='word_1_154' title='bbox 648 2093 874 2170; x_wconf 90' lang='grc' dir='ltr'>τρόποις</span> <span class='ocrx_word' id='word_1_155' title='bbox 904 2092 993 2146; x_wconf 86' lang='grc' dir='ltr'>καὶ</span> <span class='ocrx_word' id='word_1_156' title='bbox 1049 2096 1166 2153; x_wconf 90' lang='grc' dir='ltr'>ταῖς</span> <span class='ocrx_word' id='word_1_157' title='bbox 1219 2093 1335 2145; x_wconf 85' lang='grc' dir='ltr'>κατ’</span> <span class='ocrx_word' id='word_1_158' title='bbox 1383 2091 1577 2166; x_wconf 72' lang='grc' dir='ltr'>ἀρετὴν</span> <span class='ocrx_word' id='word_1_159' title='bbox 1633 2093 1881 2166; x_wconf 78' lang='grc' dir='ltr'>πράξεσιν</span> <span class='ocrx_word' id='word_1_160' title='bbox 1934 2092 2021 2146; x_wconf 90' lang='grc' dir='ltr'>ἀν-</span> 
     </span>
    </p>
   </div>
   <div class='ocr_carea' id='block_1_24' title="bbox 366 2177 2022 2259">
    <p class='ocr_par' dir='ltr' id='par_1_24' title="bbox 366 2177 2022 2259">
     <span class='ocr_line' id='line_1_24' title="bbox 366 2177 2022 2259; baseline -0.001 -22"><span class='ocrx_word' id='word_1_161' title='bbox 366 2183 872 2259; x_wconf 84' lang='grc' dir='ltr'>τιπαρατάσσονται,</span> <span class='ocrx_word' id='word_1_162' title='bbox 903 2181 993 2234; x_wconf 83' lang='grc' dir='ltr'>καὶ</span> <span class='ocrx_word' id='word_1_163' title='bbox 1049 2179 1276 2241; x_wconf 88' lang='grc' dir='ltr'>τούτους</span> <span class='ocrx_word' id='word_1_164' title='bbox 1340 2179 1434 2252; x_wconf 71' lang='grc' dir='ltr'>μὲν</span> <span class='ocrx_word' id='word_1_165' title='bbox 1497 2177 1779 2252; x_wconf 88' lang='grc' dir='ltr'>διώκουσι,</span> <span class='ocrx_word' id='word_1_166' title='bbox 1811 2181 1902 2235; x_wconf 85' lang='grc' dir='ltr'>τὸν</span> <span class='ocrx_word' id='word_1_167' title='bbox 1964 2179 2022 2234; x_wconf 75' lang='grc' dir='ltr'>δὲ</span> 
     </span>
    </p>
   </div>
   <div class='ocr_carea' id='block_1_25' title="bbox 366 2263 2020 2346">
    <p class='ocr_par' dir='ltr' id='par_1_25' title="bbox 366 2263 2020 2346">
     <span class='ocr_line' id='line_1_25' title="bbox 366 2263 2020 2346; baseline -0.002 -20"><span class='ocrx_word' id='word_1_168' title='bbox 366 2271 573 2326; x_wconf 87' lang='grc' dir='ltr'>τούτων</span> <span class='ocrx_word' id='word_1_169' title='bbox 635 2269 880 2346; x_wconf 82' lang='grc' dir='ltr'>ἀρχηγὸν</span> <span class='ocrx_word' id='word_1_170' title='bbox 943 2263 1200 2322; x_wconf 86' lang='grc' dir='ltr'>διάϐολον</span> <span class='ocrx_word' id='word_1_171' title='bbox 1283 2267 1724 2341; x_wconf 76' lang='grc' dir='ltr'>καταπαίζουσιν,</span> <span class='ocrx_word' id='word_1_172' title='bbox 1785 2269 1921 2323; x_wconf 84' lang='grc' dir='ltr'>ὥστε</span> <span class='ocrx_word' id='word_1_173' title='bbox 1969 2269 2020 2323; x_wconf 81' lang='grc' dir='ltr'>ἐν</span> 
     </span>
    </p>
   </div>
   <div class='ocr_carea' id='block_1_26' title="bbox 368 2355 2022 2434">
    <p class='ocr_par' dir='ltr' id='par_1_26' title="bbox 368 2355 2022 2434">
     <span class='ocr_line' id='line_1_26' title="bbox 368 2355 2022 2434; baseline -0.001 -21"><span class='ocrx_word' id='word_1_174' title='bbox 368 2359 583 2429; x_wconf 87' lang='grc' dir='ltr'>νεότητι</span> <span class='ocrx_word' id='word_1_175' title='bbox 619 2359 712 2430; x_wconf 75' lang='grc' dir='ltr'>μὲν</span> <span class='ocrx_word' id='word_1_176' title='bbox 745 2361 1064 2434; x_wconf 71' lang='grc' dir='ltr'>σωφρονεῖν,</span> <span class='ocrx_word' id='word_1_177' title='bbox 1105 2357 1157 2410; x_wconf 82' lang='grc' dir='ltr'>ἐν</span> <span class='ocrx_word' id='word_1_178' title='bbox 1212 2361 1536 2430; x_wconf 81' lang='grc' dir='ltr'>πειρασμοῖς</span> <span class='ocrx_word' id='word_1_179' title='bbox 1596 2355 1652 2411; x_wconf 78' lang='grc' dir='ltr'>δὲ</span> <span class='ocrx_word' id='word_1_180' title='bbox 1712 2357 2022 2431; x_wconf 71' lang='grc' dir='ltr'>ὑπομένειν,</span> 
     </span>
    </p>
   </div>
   <div class='ocr_carea' id='block_1_27' title="bbox 371 2439 2026 2522">
    <p class='ocr_par' dir='ltr' id='par_1_27' title="bbox 371 2439 2026 2522">
     <span class='ocr_line' id='line_1_27' title="bbox 371 2439 2026 2522; baseline 0.001 -21"><span class='ocrx_word' id='word_1_181' title='bbox 371 2447 422 2502; x_wconf 79' lang='grc' dir='ltr'>ἐν</span> <span class='ocrx_word' id='word_1_182' title='bbox 456 2446 644 2508; x_wconf 84' lang='grc' dir='ltr'>πόνοις</span> <span class='ocrx_word' id='word_1_183' title='bbox 676 2443 734 2499; x_wconf 73' lang='grc' dir='ltr'>δὲ</span> <span class='ocrx_word' id='word_1_184' title='bbox 762 2449 1061 2521; x_wconf 84' lang='grc' dir='ltr'>καρτερεῖν,</span> <span class='ocrx_word' id='word_1_185' title='bbox 1104 2443 1194 2499; x_wconf 87' lang='grc' dir='ltr'>καὶ</span> <span class='ocrx_word' id='word_1_186' title='bbox 1240 2439 1631 2520; x_wconf 71' lang='grc' dir='ltr'>ὑϐριζομένους</span> <span class='ocrx_word' id='word_1_187' title='bbox 1687 2447 1780 2518; x_wconf 73' lang='grc' dir='ltr'>μὲν</span> <span class='ocrx_word' id='word_1_188' title='bbox 1840 2446 2026 2522; x_wconf 70' lang='grc' dir='ltr'>ἀνέχε-</span> 
     </span>
    </p>
   </div>
   <div class='ocr_carea' id='block_1_28' title="bbox 372 2531 2027 2611">
    <p class='ocr_par' dir='ltr' id='par_1_28' title="bbox 372 2531 2027 2611">
     <span class='ocr_line' id='line_1_28' title="bbox 372 2531 2027 2611; baseline 0.001 -21"><span class='ocrx_word' id='word_1_189' title='bbox 372 2547 514 2606; x_wconf 84' lang='grc' dir='ltr'>σθαι,</span> <span class='ocrx_word' id='word_1_190' title='bbox 548 2533 1051 2610; x_wconf 69' lang='grc' dir='ltr'>ἀποστερουμένους</span> <span class='ocrx_word' id='word_1_191' title='bbox 1094 2531 1151 2588; x_wconf 76' lang='grc' dir='ltr'>δὲ</span> <span class='ocrx_word' id='word_1_192' title='bbox 1182 2536 1644 2611; x_wconf 61' lang='grc' dir='ltr'>καταφρονεῖνφα)</span> <span class='ocrx_word' id='word_1_193' title='bbox 1671 2556 1682 2568; x_wconf 90' lang='grc'><strong>·</strong></span> <span class='ocrx_word' id='word_1_194' title='bbox 1716 2534 1804 2589; x_wconf 78' lang='grc' dir='ltr'>καὶ</span> <span class='ocrx_word' id='word_1_195' title='bbox 1853 2536 1916 2590; x_wconf 83' lang='grc' dir='ltr'>τό</span> <span class='ocrx_word' id='word_1_196' title='bbox 1964 2558 2027 2610; x_wconf 88' lang='grc' dir='ltr'>γε</span> 
     </span>
    </p>
   </div>
   <div class='ocr_carea' id='block_1_29' title="bbox 375 2622 2027 2700">
    <p class='ocr_par' dir='ltr' id='par_1_29' title="bbox 375 2622 2027 2700">
     <span class='ocr_line' id='line_1_29' title="bbox 375 2622 2027 2700; baseline -0.001 -20"><span class='ocrx_word' id='word_1_197' title='bbox 375 2623 703 2697; x_wconf 79' lang='grc' dir='ltr'>θαυμαστὸν,</span> <span class='ocrx_word' id='word_1_198' title='bbox 736 2623 817 2678; x_wconf 77' lang='grc' dir='ltr'>ὅτι</span> <span class='ocrx_word' id='word_1_199' title='bbox 858 2622 947 2678; x_wconf 83' lang='grc' dir='ltr'>καὶ</span> <span class='ocrx_word' id='word_1_200' title='bbox 1003 2623 1232 2687; x_wconf 87' lang='grc' dir='ltr'>θανάτου</span> <span class='ocrx_word' id='word_1_201' title='bbox 1281 2628 1700 2700; x_wconf 70' lang='grc' dir='ltr'>καταφρονοῦσι,</span> <span class='ocrx_word' id='word_1_202' title='bbox 1732 2625 1820 2679; x_wconf 80' lang='grc' dir='ltr'>καὶ</span> <span class='ocrx_word' id='word_1_203' title='bbox 1854 2625 2027 2700; x_wconf 87' lang='grc' dir='ltr'>γίνον-</span> 
     </span>
    </p>
   </div>
   <div class='ocr_carea' id='block_1_30' title="bbox 371 2712 1046 2789">
    <p class='ocr_par' dir='ltr' id='par_1_30' title="bbox 371 2712 1046 2789">
     <span class='ocr_line' id='line_1_30' title="bbox 371 2712 1046 2789; baseline 0 -21"><span class='ocrx_word' id='word_1_204' title='bbox 371 2735 459 2769; x_wconf 92' lang='grc' dir='ltr'>ται</span> <span class='ocrx_word' id='word_1_205' title='bbox 495 2712 759 2789; x_wconf 85' lang='grc' dir='ltr'>μάρτυρες</span> <span class='ocrx_word' id='word_1_206' title='bbox 790 2716 1046 2788; x_wconf 81' lang='grc' dir='ltr'>Χριστοῦ.</span> 
     </span>
    </p>
   </div>
   <div class='ocr_carea' id='block_1_31' title="bbox 443 2799 2030 2880">
    <p class='ocr_par' dir='ltr' id='par_1_31' title="bbox 443 2799 2030 2880">
     <span class='ocr_line' id='line_1_31' title="bbox 443 2799 2030 2880; baseline 0 -22"><span class='ocrx_word' id='word_1_207' title='bbox 443 2805 534 2859; x_wconf 84' lang='grc'>53.</span> <span class='ocrx_word' id='word_1_208' title='bbox 569 2802 666 2857; x_wconf 86' lang='grc' dir='ltr'>Καὶ</span> <span class='ocrx_word' id='word_1_209' title='bbox 697 2799 789 2856; x_wconf 57' lang='grc' dir='ltr'>τίνα</span> <span class='ocrx_word' id='word_1_210' title='bbox 843 2800 920 2873; x_wconf 82' lang='grc' dir='ltr'>ἓν,</span> <span class='ocrx_word' id='word_1_211' title='bbox 955 2801 984 2855; x_wconf 79' lang='grc' dir='ltr'>’ὀ</span> <span class='ocrx_word' id='word_1_212' title='bbox 1015 2800 1103 2856; x_wconf 86' lang='grc' dir='ltr'>καὶ</span> <span class='ocrx_word' id='word_1_213' title='bbox 1161 2800 1298 2856; x_wconf 87' lang='grc' dir='ltr'>πάνυ</span> <span class='ocrx_word' id='word_1_214' title='bbox 1359 2801 1663 2874; x_wconf 86' lang='grc' dir='ltr'>θαυμαστόν</span> <span class='ocrx_word' id='word_1_215' title='bbox 1727 2802 1834 2857; x_wconf 79' lang='grc' dir='ltr'>ἐστι</span> <span class='ocrx_word' id='word_1_216' title='bbox 1893 2805 2030 2880; x_wconf 90' lang='grc' dir='ltr'>γνώ-</span> 
     </span>
    </p>
   </div>
   <div class='ocr_carea' id='block_1_32' title="bbox 379 2887 2030 2969">
    <p class='ocr_par' dir='ltr' id='par_1_32' title="bbox 379 2887 2030 2969">
     <span class='ocr_line' id='line_1_32' title="bbox 379 2887 2030 2969; baseline 0.001 -23"><span class='ocrx_word' id='word_1_217' title='bbox 379 2913 547 2969; x_wconf 87' lang='grc' dir='ltr'>ρισμα</span> <span class='ocrx_word' id='word_1_218' title='bbox 594 2898 695 2961; x_wconf 79' lang='grc' dir='ltr'>τῆς</span> <span class='ocrx_word' id='word_1_219' title='bbox 752 2889 1032 2960; x_wconf 82' lang='grc' dir='ltr'>θειότητος</span> <span class='ocrx_word' id='word_1_220' title='bbox 1078 2894 1176 2945; x_wconf 91' lang='grc' dir='ltr'>τοῦ</span> <span class='ocrx_word' id='word_1_221' title='bbox 1229 2897 1510 2966; x_wconf 80' lang='grc' dir='ltr'>Σωτῆρος,</span> <span class='ocrx_word' id='word_1_222' title='bbox 1555 2887 1690 2946; x_wconf 63' lang='grc' dir='ltr'>εἷὲτω</span> <span class='ocrx_word' id='word_1_223' title='bbox 1724 2915 1736 2926; x_wconf 88' lang='grc'><strong>·</strong></span> <span class='ocrx_word' id='word_1_224' title='bbox 1785 2892 1869 2954; x_wconf 82' lang='grc' dir='ltr'>τίς</span> <span class='ocrx_word' id='word_1_225' title='bbox 1918 2895 2030 2947; x_wconf 83' lang='grc' dir='ltr'>πώ-</span> 
     </span>
    </p>
   </div>
   <div class='ocr_carea' id='block_1_33' title="bbox 376 2977 2028 3057">
    <p class='ocr_par' dir='ltr' id='par_1_33' title="bbox 376 2977 2028 3057">
     <span class='ocr_line' id='line_1_33' title="bbox 376 2977 2028 3057; baseline 0.001 -21"><span class='ocrx_word' id='word_1_226' title='bbox 376 3002 508 3036; x_wconf 87' lang='grc' dir='ltr'>ποτε</span> <span class='ocrx_word' id='word_1_227' title='bbox 565 2978 847 3056; x_wconf 81' lang='grc' dir='ltr'>ἅνθρωπος</span> <span class='ocrx_word' id='word_1_228' title='bbox 906 2977 1094 3041; x_wconf 81' lang='grc' dir='ltr'>ἀπλῶς</span> <span class='ocrx_word' id='word_1_229' title='bbox 1126 2979 1161 3048; x_wconf 74' lang='grc' dir='ltr'><strong>ἢ</strong></span> <span class='ocrx_word' id='word_1_230' title='bbox 1193 2977 1386 3055; x_wconf 76' lang='grc' dir='ltr'>μάγος,</span> <span class='ocrx_word' id='word_1_231' title='bbox 1409 2979 1444 3048; x_wconf 70' lang='grc' dir='ltr'>ἢ</span> <span class='ocrx_word' id='word_1_232' title='bbox 1492 2980 1774 3056; x_wconf 88' lang='grc' dir='ltr'>τύραννος,</span> <span class='ocrx_word' id='word_1_233' title='bbox 1807 2982 1843 3050; x_wconf 72' lang='grc' dir='ltr'><strong>ἢ</strong></span> <span class='ocrx_word' id='word_1_234' title='bbox 1877 2983 2028 3057; x_wconf 86' lang='grc' dir='ltr'>βασι-</span> 
     </span>
    </p>
   </div>
   <div class='ocr_carea' id='block_1_34' title="bbox 381 3066 2027 3147">
    <p class='ocr_par' dir='ltr' id='par_1_34' title="bbox 381 3066 2027 3147">
     <span class='ocr_line' id='line_1_34' title="bbox 381 3066 2027 3147; baseline 0.001 -24"><span class='ocrx_word' id='word_1_235' title='bbox 381 3068 532 3142; x_wconf 82' lang='grc' dir='ltr'>λεὺς,</span> <span class='ocrx_word' id='word_1_236' title='bbox 567 3069 647 3147; x_wconf 77' lang='grc' dir='ltr'>ἐφ’</span> <span class='ocrx_word' id='word_1_237' title='bbox 703 3069 894 3123; x_wconf 73' lang='grc' dir='ltr'>ἑαυτοῦ</span> <span class='ocrx_word' id='word_1_238' title='bbox 948 3067 1230 3130; x_wconf 86' lang='grc' dir='ltr'>τοσούτοις</span> <span class='ocrx_word' id='word_1_239' title='bbox 1291 3070 1366 3142; x_wconf 85' lang='grc'>(2)</span> <span class='ocrx_word' id='word_1_240' title='bbox 1417 3066 1667 3140; x_wconf 75' lang='grc' dir='ltr'>ἠδυνήθη</span> <span class='ocrx_word' id='word_1_241' title='bbox 1705 3067 2027 3146; x_wconf 70' lang='grc' dir='ltr'>συμϐαλεῖν,</span> 
     </span>
    </p>
   </div>
   <div class='ocr_carea' id='block_1_35' title="bbox 377 3153 2032 3234">
    <p class='ocr_par' dir='ltr' id='par_1_35' title="bbox 377 3153 2032 3234">
     <span class='ocr_line' id='line_1_35' title="bbox 377 3153 2032 3234; baseline 0.002 -20"><span class='ocrx_word' id='word_1_242' title='bbox 377 3160 467 3214; x_wconf 87' lang='grc' dir='ltr'>καὶ</span> <span class='ocrx_word' id='word_1_243' title='bbox 515 3159 632 3221; x_wconf 89' lang='grc' dir='ltr'>καθ’</span> <span class='ocrx_word' id='word_1_244' title='bbox 693 3156 831 3226; x_wconf 84' lang='grc' dir='ltr'>ὅλης</span> <span class='ocrx_word' id='word_1_245' title='bbox 885 3163 986 3225; x_wconf 82' lang='grc' dir='ltr'>τῆς</span> <span class='ocrx_word' id='word_1_246' title='bbox 1035 3153 1488 3234; x_wconf 77' lang='grc' dir='ltr'>εἰδωλολατρείας</span> <span class='ocrx_word' id='word_1_247' title='bbox 1547 3160 1634 3214; x_wconf 80' lang='grc' dir='ltr'>καὶ</span> <span class='ocrx_word' id='word_1_248' title='bbox 1695 3160 1870 3233; x_wconf 82' lang='grc' dir='ltr'>πάσης</span> <span class='ocrx_word' id='word_1_249' title='bbox 1921 3161 2032 3216; x_wconf 86' lang='grc' dir='ltr'>δαι-</span> 
     </span>
    </p>
   </div>
   <div class='ocr_carea' id='block_1_36' title="bbox 2111 580 3758 657">
    <p class='ocr_par' dir='ltr' id='par_1_36' title="bbox 2111 580 3758 657">
     <span class='ocr_line' id='line_1_36' title="bbox 2111 580 3758 657; baseline 0.006 -24"><span class='ocrx_word' id='word_1_250' title='bbox 2111 580 2376 650; x_wconf 90' lang='lat' dir='ltr'>descunt,</span> <span class='ocrx_word' id='word_1_251' title='bbox 2394 597 2496 634; x_wconf 88' lang='lat' dir='ltr'>nec</span> <span class='ocrx_word' id='word_1_252' title='bbox 2529 580 2708 636; x_wconf 86' lang='lat' dir='ltr'>ullam</span> <span class='ocrx_word' id='word_1_253' title='bbox 2731 581 2934 638; x_wconf 89' lang='lat' dir='ltr'>horam</span> <span class='ocrx_word' id='word_1_254' title='bbox 2958 583 3084 639; x_wconf 90' lang='lat' dir='ltr'>sine</span> <span class='ocrx_word' id='word_1_255' title='bbox 3106 600 3244 640; x_wconf 92' lang='lat' dir='ltr'>ense</span> <span class='ocrx_word' id='word_1_256' title='bbox 3266 601 3393 640; x_wconf 91' lang='lat' dir='ltr'>esse</span> <span class='ocrx_word' id='word_1_257' title='bbox 3416 586 3758 657; x_wconf 89' lang='lat' dir='ltr'>patiuntur:</span> 
     </span>
    </p>
   </div>
   <div class='ocr_carea' id='block_1_37' title="bbox 2113 668 3763 740">
    <p class='ocr_par' dir='ltr' id='par_1_37' title="bbox 2113 668 3763 740">
     <span class='ocr_line' id='line_1_37' title="bbox 2113 668 3763 740; baseline 0.005 -17"><span class='ocrx_word' id='word_1_258' title='bbox 2113 673 2172 723; x_wconf 89' lang='lat' dir='ltr'>at</span> <span class='ocrx_word' id='word_1_259' title='bbox 2203 668 2302 724; x_wconf 92' lang='lat' dir='ltr'>ubi</span> <span class='ocrx_word' id='word_1_260' title='bbox 2335 669 2549 724; x_wconf 81' lang='lat' dir='ltr'>Christi</span> <span class='ocrx_word' id='word_1_261' title='bbox 2579 671 2906 726; x_wconf 81' lang='lat' dir='ltr'>doctrinam</span> <span class='ocrx_word' id='word_1_262' title='bbox 2951 673 3264 740; x_wconf 84' lang='lat' dir='ltr'>audierint,</span> <span class='ocrx_word' id='word_1_263' title='bbox 3315 675 3515 730; x_wconf 79' lang='lat' dir='ltr'>statim</span> <span class='ocrx_word' id='word_1_264' title='bbox 3549 693 3581 730; x_wconf 91' lang='lat' dir='ltr'>a</span> <span class='ocrx_word' id='word_1_265' title='bbox 3611 676 3763 732; x_wconf 90' lang='lat' dir='ltr'>bello</span> 
     </span>
    </p>
   </div>
   <div class='ocr_carea' id='block_1_38' title="bbox 2114 757 3763 838">
    <p class='ocr_par' dir='ltr' id='par_1_38' title="bbox 2114 757 3763 838">
     <span class='ocr_line' id='line_1_38' title="bbox 2114 757 3763 838; baseline 0.005 -28"><span class='ocrx_word' id='word_1_266' title='bbox 2114 757 2186 811; x_wconf 91' lang='lat' dir='ltr'>ad</span> <span class='ocrx_word' id='word_1_267' title='bbox 2219 757 2635 828; x_wconf 82' lang='lat' dir='ltr'>agriculturam</span> <span class='ocrx_word' id='word_1_268' title='bbox 2665 776 2726 814; x_wconf 90' lang='lat' dir='ltr'>se</span> <span class='ocrx_word' id='word_1_269' title='bbox 2748 766 3109 830; x_wconf 85' lang='lat' dir='ltr'>convertunt,</span> <span class='ocrx_word' id='word_1_270' title='bbox 3130 763 3379 833; x_wconf 87' lang='lat' dir='ltr'>necjam</span> <span class='ocrx_word' id='word_1_271' title='bbox 3407 780 3619 819; x_wconf 90' lang='lat' dir='ltr'>manus</span> <span class='ocrx_word' id='word_1_272' title='bbox 3643 764 3763 838; x_wconf 87' lang='lat' dir='ltr'>gla-</span> 
     </span>
    </p>
   </div>
   <div class='ocr_carea' id='block_1_39' title="bbox 2114 845 3762 919">
    <p class='ocr_par' dir='ltr' id='par_1_39' title="bbox 2114 845 3762 919">
     <span class='ocr_line' id='line_1_39' title="bbox 2114 845 3762 919; baseline 0.004 -18"><span class='ocrx_word' id='word_1_273' title='bbox 2114 845 2226 901; x_wconf 83' lang='lat' dir='ltr'>diis</span> <span class='ocrx_word' id='word_1_274' title='bbox 2253 851 2504 915; x_wconf 87' lang='lat' dir='ltr'>armant,</span> <span class='ocrx_word' id='word_1_275' title='bbox 2527 847 2628 900; x_wconf 90' lang='lat' dir='ltr'>sed</span> <span class='ocrx_word' id='word_1_276' title='bbox 2658 864 2758 902; x_wconf 88' lang='lat' dir='ltr'>eas</span> <span class='ocrx_word' id='word_1_277' title='bbox 2787 849 2857 902; x_wconf 89' lang='lat' dir='ltr'>ad</span> <span class='ocrx_word' id='word_1_278' title='bbox 2893 851 3249 919; x_wconf 90' lang='lat' dir='ltr'>precandum</span> <span class='ocrx_word' id='word_1_279' title='bbox 3281 853 3623 908; x_wconf 85' lang='lat' dir='ltr'>extendunt.</span> <span class='ocrx_word' id='word_1_280' title='bbox 3657 858 3762 908; x_wconf 84' lang='lat' dir='ltr'>De-</span> 
     </span>
    </p>
   </div>
   <div class='ocr_carea' id='block_1_40' title="bbox 2117 934 3761 1010">
    <p class='ocr_par' dir='ltr' id='par_1_40' title="bbox 2117 934 3761 1010">
     <span class='ocr_line' id='line_1_40' title="bbox 2117 934 3761 1010; baseline 0.004 -20"><span class='ocrx_word' id='word_1_281' title='bbox 2117 935 2296 1006; x_wconf 88' lang='lat' dir='ltr'>nique</span> <span class='ocrx_word' id='word_1_282' title='bbox 2319 934 2470 988; x_wconf 89' lang='lat' dir='ltr'>inter</span> <span class='ocrx_word' id='word_1_283' title='bbox 2501 952 2562 990; x_wconf 79' lang='lat' dir='ltr'>se</span> <span class='ocrx_word' id='word_1_284' title='bbox 2592 936 2826 1006; x_wconf 86' lang='lat' dir='ltr'>quidem</span> <span class='ocrx_word' id='word_1_285' title='bbox 2862 954 3121 1010; x_wconf 88' lang='lat' dir='ltr'>pugnare</span> <span class='ocrx_word' id='word_1_286' title='bbox 3151 940 3444 1007; x_wconf 87' lang='lat' dir='ltr'>desinunt,</span> <span class='ocrx_word' id='word_1_287' title='bbox 3480 942 3581 996; x_wconf 89' lang='lat' dir='ltr'>sed</span> <span class='ocrx_word' id='word_1_288' title='bbox 3625 958 3761 996; x_wconf 90' lang='lat' dir='ltr'>con-</span> 
     </span>
    </p>
   </div>
   <div class='ocr_carea' id='block_1_41' title="bbox 2116 1023 3768 1102">
    <p class='ocr_par' dir='ltr' id='par_1_41' title="bbox 2116 1023 3768 1102">
     <span class='ocr_line' id='line_1_41' title="bbox 2116 1023 3768 1102; baseline 0.004 -24"><span class='ocrx_word' id='word_1_289' title='bbox 2116 1027 2208 1078; x_wconf 87' lang='lat' dir='ltr'>tra</span> <span class='ocrx_word' id='word_1_290' title='bbox 2238 1023 2536 1078; x_wconf 87' lang='lat' dir='ltr'>diabolum</span> <span class='ocrx_word' id='word_1_291' title='bbox 2566 1029 2629 1078; x_wconf 91' lang='lat' dir='ltr'>ut</span> <span class='ocrx_word' id='word_1_292' title='bbox 2657 1025 2948 1080; x_wconf 71' lang='lat' dir='ltr'>daemones</span> <span class='ocrx_word' id='word_1_293' title='bbox 2981 1033 3302 1100; x_wconf 83' lang='lat' dir='ltr'>armantur,</span> <span class='ocrx_word' id='word_1_294' title='bbox 3336 1045 3482 1099; x_wconf 91' lang='lat' dir='ltr'>quos</span> <span class='ocrx_word' id='word_1_295' title='bbox 3514 1035 3570 1086; x_wconf 89' lang='lat' dir='ltr'>et</span> <span class='ocrx_word' id='word_1_296' title='bbox 3600 1030 3768 1102; x_wconf 91' lang='lat' dir='ltr'>pudi-</span> 
     </span>
    </p>
   </div>
   <div class='ocr_carea' id='block_1_42' title="bbox 2119 1112 3767 1184">
    <p class='ocr_par' dir='ltr' id='par_1_42' title="bbox 2119 1112 3767 1184">
     <span class='ocr_line' id='line_1_42' title="bbox 2119 1112 3767 1184; baseline 0.004 -16"><span class='ocrx_word' id='word_1_297' title='bbox 2119 1112 2255 1168; x_wconf 88' lang='lat' dir='ltr'>citia</span> <span class='ocrx_word' id='word_1_298' title='bbox 2282 1112 2615 1184; x_wconf 87' lang='lat' dir='ltr'>virtuteque</span> <span class='ocrx_word' id='word_1_299' title='bbox 2645 1114 2856 1168; x_wconf 68' lang='lat' dir='ltr'>animae</span> <span class='ocrx_word' id='word_1_300' title='bbox 2878 1115 3191 1172; x_wconf 88' lang='lat' dir='ltr'>debellant.</span> <span class='ocrx_word' id='word_1_301' title='bbox 3218 1118 3278 1172; x_wconf 90' lang='lat' dir='ltr'>Id</span> <span class='ocrx_word' id='word_1_302' title='bbox 3311 1123 3463 1174; x_wconf 89' lang='lat' dir='ltr'>certe</span> <span class='ocrx_word' id='word_1_303' title='bbox 3493 1119 3767 1174; x_wconf 90' lang='lat' dir='ltr'>divinita-</span> 
     </span>
    </p>
   </div>
   <div class='ocr_carea' id='block_1_43' title="bbox 2120 1200 3770 1276">
    <p class='ocr_par' dir='ltr' id='par_1_43' title="bbox 2120 1200 3770 1276">
     <span class='ocr_line' id='line_1_43' title="bbox 2120 1200 3770 1276; baseline 0.004 -20"><span class='ocrx_word' id='word_1_304' title='bbox 2120 1201 2197 1256; x_wconf 90' lang='lat' dir='ltr'>tis</span> <span class='ocrx_word' id='word_1_305' title='bbox 2217 1200 2531 1256; x_wconf 88' lang='lat' dir='ltr'>Salvatoris</span> <span class='ocrx_word' id='word_1_306' title='bbox 2558 1219 2672 1256; x_wconf 92' lang='lat' dir='ltr'>non</span> <span class='ocrx_word' id='word_1_307' title='bbox 2710 1202 3022 1258; x_wconf 89' lang='lat' dir='ltr'>minimum</span> <span class='ocrx_word' id='word_1_308' title='bbox 3047 1209 3134 1260; x_wconf 89' lang='lat' dir='ltr'>est</span> <span class='ocrx_word' id='word_1_309' title='bbox 3169 1212 3604 1276; x_wconf 86' lang='lat' dir='ltr'>argumentum,</span> <span class='ocrx_word' id='word_1_310' title='bbox 3638 1208 3770 1264; x_wconf 89' lang='lat' dir='ltr'>illos</span> 
     </span>
    </p>
   </div>
   <div class='ocr_carea' id='block_1_44' title="bbox 2121 1289 3772 1368">
    <p class='ocr_par' dir='ltr' id='par_1_44' title="bbox 2121 1289 3772 1368">
     <span class='ocr_line' id='line_1_44' title="bbox 2121 1289 3772 1368; baseline 0.005 -24"><span class='ocrx_word' id='word_1_311' title='bbox 2121 1290 2191 1344; x_wconf 87' lang='lat' dir='ltr'>ab</span> <span class='ocrx_word' id='word_1_312' title='bbox 2224 1305 2289 1345; x_wconf 91' lang='lat' dir='ltr'>eo</span> <span class='ocrx_word' id='word_1_313' title='bbox 2322 1289 2597 1344; x_wconf 85' lang='lat' dir='ltr'>didicisse</span> <span class='ocrx_word' id='word_1_314' title='bbox 2628 1290 2787 1360; x_wconf 93' lang='lat' dir='ltr'>quod</span> <span class='ocrx_word' id='word_1_315' title='bbox 2821 1291 2971 1360; x_wconf 79' lang='lat' dir='ltr'>apud</span> <span class='ocrx_word' id='word_1_316' title='bbox 3001 1291 3158 1348; x_wconf 85' lang='lat' dir='ltr'>idola</span> <span class='ocrx_word' id='word_1_317' title='bbox 3187 1294 3380 1348; x_wconf 89' lang='lat' dir='ltr'>doceri</span> <span class='ocrx_word' id='word_1_318' title='bbox 3405 1313 3520 1351; x_wconf 90' lang='lat' dir='ltr'>non</span> <span class='ocrx_word' id='word_1_319' title='bbox 3566 1301 3772 1368; x_wconf 92' lang='lat' dir='ltr'>potue-</span> 
     </span>
    </p>
   </div>
   <div class='ocr_carea' id='block_1_45' title="bbox 2120 1379 3769 1449">
    <p class='ocr_par' dir='ltr' id='par_1_45' title="bbox 2120 1379 3769 1449">
     <span class='ocr_line' id='line_1_45' title="bbox 2120 1379 3769 1449; baseline 0.005 -16"><span class='ocrx_word' id='word_1_320' title='bbox 2120 1383 2255 1433; x_wconf 87' lang='lat' dir='ltr'>rant</span> <span class='ocrx_word' id='word_1_321' title='bbox 2287 1396 2299 1433; x_wconf 94' lang='lat'>:</span> <span class='ocrx_word' id='word_1_322' title='bbox 2335 1379 2656 1449; x_wconf 89' lang='lat' dir='ltr'>itidemque</span> <span class='ocrx_word' id='word_1_323' title='bbox 2685 1379 3082 1435; x_wconf 87' lang='lat' dir='ltr'>certissimum</span> <span class='ocrx_word' id='word_1_324' title='bbox 3116 1381 3270 1437; x_wconf 91' lang='lat' dir='ltr'>idem</span> <span class='ocrx_word' id='word_1_325' title='bbox 3301 1387 3390 1439; x_wconf 89' lang='lat' dir='ltr'>est</span> <span class='ocrx_word' id='word_1_326' title='bbox 3431 1386 3769 1440; x_wconf 83' lang='lat' dir='ltr'>daemonum</span> 
     </span>
    </p>
   </div>
   <div class='ocr_carea' id='block_1_46' title="bbox 2125 1465 3775 1541">
    <p class='ocr_par' dir='ltr' id='par_1_46' title="bbox 2125 1465 3775 1541">
     <span class='ocr_line' id='line_1_46' title="bbox 2125 1465 3775 1541; baseline 0.004 -21"><span class='ocrx_word' id='word_1_327' title='bbox 2125 1470 2180 1521; x_wconf 89' lang='lat' dir='ltr'>et</span> <span class='ocrx_word' id='word_1_328' title='bbox 2206 1466 2494 1522; x_wconf 85' lang='lat' dir='ltr'>idolorum</span> <span class='ocrx_word' id='word_1_329' title='bbox 2527 1465 2944 1522; x_wconf 86' lang='lat' dir='ltr'>imbecillitatis</span> <span class='ocrx_word' id='word_1_330' title='bbox 2977 1467 3334 1541; x_wconf 88' lang='lat' dir='ltr'>vilitatisque</span> <span class='ocrx_word' id='word_1_331' title='bbox 3363 1471 3775 1529; x_wconf 88' lang='lat' dir='ltr'>indicium.Si-</span> 
     </span>
    </p>
   </div>
   <div class='ocr_carea' id='block_1_47' title="bbox 2123 1555 3772 1632">
    <p class='ocr_par' dir='ltr' id='par_1_47' title="bbox 2123 1555 3772 1632">
     <span class='ocr_line' id='line_1_47' title="bbox 2123 1555 3772 1632; baseline 0.005 -24"><span class='ocrx_word' id='word_1_332' title='bbox 2123 1555 2361 1628; x_wconf 87' lang='lat' dir='ltr'>quidem</span> <span class='ocrx_word' id='word_1_333' title='bbox 2392 1555 2685 1611; x_wconf 72' lang='lat' dir='ltr'>daemones</span> <span class='ocrx_word' id='word_1_334' title='bbox 2715 1573 2833 1610; x_wconf 80' lang='lat' dir='ltr'>suae</span> <span class='ocrx_word' id='word_1_335' title='bbox 2864 1556 3224 1613; x_wconf 81' lang='lat' dir='ltr'>inﬁrmitatis</span> <span class='ocrx_word' id='word_1_336' title='bbox 3247 1576 3362 1614; x_wconf 91' lang='lat' dir='ltr'>non</span> <span class='ocrx_word' id='word_1_337' title='bbox 3395 1561 3602 1632; x_wconf 86' lang='lat' dir='ltr'>ignari,</span> <span class='ocrx_word' id='word_1_338' title='bbox 3631 1561 3772 1616; x_wconf 90' lang='lat' dir='ltr'>olim</span> 
     </span>
    </p>
   </div>
   <div class='ocr_carea' id='block_1_48' title="bbox 2123 1643 3780 1707">
    <p class='ocr_par' dir='ltr' id='par_1_48' title="bbox 2123 1643 3780 1707">
     <span class='ocr_line' id='line_1_48' title="bbox 2123 1643 3780 1707; baseline 0.005 -9"><span class='ocrx_word' id='word_1_339' title='bbox 2123 1643 2336 1700; x_wconf 90' lang='lat' dir='ltr'>idcirco</span> <span class='ocrx_word' id='word_1_340' title='bbox 2357 1643 2624 1700; x_wconf 90' lang='lat' dir='ltr'>homines</span> <span class='ocrx_word' id='word_1_341' title='bbox 2655 1645 2726 1699; x_wconf 93' lang='lat' dir='ltr'>ad</span> <span class='ocrx_word' id='word_1_342' title='bbox 2761 1644 2910 1700; x_wconf 90' lang='lat' dir='ltr'>bella</span> <span class='ocrx_word' id='word_1_343' title='bbox 2939 1645 3090 1700; x_wconf 88' lang='lat' dir='ltr'>inter</span> <span class='ocrx_word' id='word_1_344' title='bbox 3119 1663 3179 1702; x_wconf 90' lang='lat' dir='ltr'>se</span> <span class='ocrx_word' id='word_1_345' title='bbox 3204 1651 3522 1706; x_wconf 86' lang='lat' dir='ltr'>exercenda</span> <span class='ocrx_word' id='word_1_346' title='bbox 3544 1650 3780 1707; x_wconf 87' lang='lat' dir='ltr'>inflam-</span> 
     </span>
    </p>
   </div>
   <div class='ocr_carea' id='block_1_49' title="bbox 2125 1732 3774 1810">
    <p class='ocr_par' dir='ltr' id='par_1_49' title="bbox 2125 1732 3774 1810">
     <span class='ocr_line' id='line_1_49' title="bbox 2125 1732 3774 1810; baseline 0.006 -24"><span class='ocrx_word' id='word_1_347' title='bbox 2125 1732 2464 1798; x_wconf 90' lang='lat' dir='ltr'>mabant,ne</span> <span class='ocrx_word' id='word_1_348' title='bbox 2494 1732 2545 1787; x_wconf 92' lang='lat' dir='ltr'>si</span> <span class='ocrx_word' id='word_1_349' title='bbox 2576 1733 2856 1788; x_wconf 90' lang='lat' dir='ltr'>adversus</span> <span class='ocrx_word' id='word_1_350' title='bbox 2885 1733 3133 1790; x_wconf 90' lang='lat' dir='ltr'>invicem</span> <span class='ocrx_word' id='word_1_351' title='bbox 3156 1739 3431 1809; x_wconf 84' lang='lat' dir='ltr'>congredi</span> <span class='ocrx_word' id='word_1_352' title='bbox 3455 1746 3774 1810; x_wconf 86' lang='lat' dir='ltr'>cessarent,</span> 
     </span>
    </p>
   </div>
   <div class='ocr_carea' id='block_1_50' title="bbox 2126 1820 3778 1885">
    <p class='ocr_par' dir='ltr' id='par_1_50' title="bbox 2126 1820 3778 1885">
     <span class='ocr_line' id='line_1_50' title="bbox 2126 1820 3778 1885; baseline 0.005 -9"><span class='ocrx_word' id='word_1_353' title='bbox 2126 1820 2347 1876; x_wconf 87' lang='lat' dir='ltr'>bellum</span> <span class='ocrx_word' id='word_1_354' title='bbox 2407 1820 2770 1878; x_wconf 71' lang='lat' dir='ltr'>daemonibus</span> <span class='ocrx_word' id='word_1_355' title='bbox 2819 1822 3163 1879; x_wconf 86' lang='lat' dir='ltr'>indicerent.</span> <span class='ocrx_word' id='word_1_356' title='bbox 3223 1826 3530 1884; x_wconf 89' lang='lat' dir='ltr'>Enimvero</span> <span class='ocrx_word' id='word_1_357' title='bbox 3562 1828 3778 1885; x_wconf 86' lang='lat' dir='ltr'>Christi</span> 
     </span>
    </p>
   </div>
   <div class='ocr_carea' id='block_1_51' title="bbox 2129 1909 3776 1986">
    <p class='ocr_par' dir='ltr' id='par_1_51' title="bbox 2129 1909 3776 1986">
     <span class='ocr_line' id='line_1_51' title="bbox 2129 1909 3776 1986; baseline 0.005 -23"><span class='ocrx_word' id='word_1_358' title='bbox 2129 1909 2423 1980; x_wconf 89' lang='lat' dir='ltr'>discipuli,</span> <span class='ocrx_word' id='word_1_359' title='bbox 2476 1910 2578 1981; x_wconf 90' lang='lat' dir='ltr'>qui</span> <span class='ocrx_word' id='word_1_360' title='bbox 2627 1911 2777 1964; x_wconf 90' lang='lat' dir='ltr'>inter</span> <span class='ocrx_word' id='word_1_361' title='bbox 2824 1928 2885 1966; x_wconf 89' lang='lat' dir='ltr'>se</span> <span class='ocrx_word' id='word_1_362' title='bbox 2935 1911 3080 1966; x_wconf 89' lang='lat' dir='ltr'>nihil</span> <span class='ocrx_word' id='word_1_363' title='bbox 3111 1915 3502 1972; x_wconf 86' lang='lat' dir='ltr'>contentionis</span> <span class='ocrx_word' id='word_1_364' title='bbox 3533 1917 3776 1986; x_wconf 87' lang='lat' dir='ltr'>habent,</span> 
     </span>
    </p>
   </div>
   <div class='ocr_carea' id='block_1_52' title="bbox 2129 1999 3778 2074">
    <p class='ocr_par' dir='ltr' id='par_1_52' title="bbox 2129 1999 3778 2074">
     <span class='ocr_line' id='line_1_52' title="bbox 2129 1999 3778 2074; baseline 0.006 -22"><span class='ocrx_word' id='word_1_365' title='bbox 2129 2002 2332 2052; x_wconf 90' lang='lat' dir='ltr'>contra</span> <span class='ocrx_word' id='word_1_366' title='bbox 2355 1999 2646 2054; x_wconf 66' lang='lat' dir='ltr'>daemones</span> <span class='ocrx_word' id='word_1_367' title='bbox 2677 2015 2908 2054; x_wconf 89' lang='lat' dir='ltr'>morum</span> <span class='ocrx_word' id='word_1_368' title='bbox 2930 2001 3262 2074; x_wconf 85' lang='lat' dir='ltr'>integritate</span> <span class='ocrx_word' id='word_1_369' title='bbox 3283 2008 3341 2060; x_wconf 88' lang='lat' dir='ltr'>et</span> <span class='ocrx_word' id='word_1_370' title='bbox 3358 2005 3527 2060; x_wconf 90' lang='lat' dir='ltr'>bonis</span> <span class='ocrx_word' id='word_1_371' title='bbox 3551 2007 3778 2062; x_wconf 84' lang='lat' dir='ltr'>actibus</span> 
     </span>
    </p>
   </div>
   <div class='ocr_carea' id='block_1_53' title="bbox 2131 2089 3778 2167">
    <p class='ocr_par' dir='ltr' id='par_1_53' title="bbox 2131 2089 3778 2167">
     <span class='ocr_line' id='line_1_53' title="bbox 2131 2089 3778 2167; baseline 0.006 -26"><span class='ocrx_word' id='word_1_372' title='bbox 2131 2092 2416 2160; x_wconf 88' lang='lat' dir='ltr'>pugnant,</span> <span class='ocrx_word' id='word_1_373' title='bbox 2449 2105 2596 2160; x_wconf 90' lang='lat' dir='ltr'>quos</span> <span class='ocrx_word' id='word_1_374' title='bbox 2628 2093 2686 2143; x_wconf 87' lang='lat' dir='ltr'>et</span> <span class='ocrx_word' id='word_1_375' title='bbox 2715 2089 2977 2145; x_wconf 88' lang='lat' dir='ltr'>animose</span> <span class='ocrx_word' id='word_1_376' title='bbox 3014 2091 3428 2164; x_wconf 90' lang='lat' dir='ltr'>insequuntur,</span> <span class='ocrx_word' id='word_1_377' title='bbox 3451 2110 3778 2167; x_wconf 84' lang='lat' dir='ltr'>eorumque</span> 
     </span>
    </p>
   </div>
   <div class='ocr_carea' id='block_1_54' title="bbox 2131 2175 3780 2249">
    <p class='ocr_par' dir='ltr' id='par_1_54' title="bbox 2131 2175 3780 2249">
     <span class='ocr_line' id='line_1_54' title="bbox 2131 2175 3780 2249; baseline 0.005 -18"><span class='ocrx_word' id='word_1_378' title='bbox 2131 2177 2337 2231; x_wconf 88' lang='lat' dir='ltr'>ducem</span> <span class='ocrx_word' id='word_1_379' title='bbox 2368 2175 2664 2231; x_wconf 91' lang='lat' dir='ltr'>diabolum</span> <span class='ocrx_word' id='word_1_380' title='bbox 2688 2176 3077 2249; x_wconf 87' lang='lat' dir='ltr'>vilipendunt,</span> <span class='ocrx_word' id='word_1_381' title='bbox 3100 2181 3240 2236; x_wconf 89' lang='lat' dir='ltr'>adeo</span> <span class='ocrx_word' id='word_1_382' title='bbox 3265 2186 3330 2236; x_wconf 88' lang='lat' dir='ltr'>ut</span> <span class='ocrx_word' id='word_1_383' title='bbox 3352 2182 3411 2236; x_wconf 92' lang='lat' dir='ltr'>in</span> <span class='ocrx_word' id='word_1_384' title='bbox 3445 2183 3780 2239; x_wconf 89' lang='lat' dir='ltr'>adolescen-</span> 
     </span>
    </p>
   </div>
   <div class='ocr_carea' id='block_1_55' title="bbox 2131 2265 3775 2342">
    <p class='ocr_par' dir='ltr' id='par_1_55' title="bbox 2131 2265 3775 2342">
     <span class='ocr_line' id='line_1_55' title="bbox 2131 2265 3775 2342; baseline 0.005 -22"><span class='ocrx_word' id='word_1_385' title='bbox 2131 2265 2214 2320; x_wconf 89' lang='lat' dir='ltr'>tia</span> <span class='ocrx_word' id='word_1_386' title='bbox 2244 2265 2387 2320; x_wconf 88' lang='lat' dir='ltr'>casti</span> <span class='ocrx_word' id='word_1_387' title='bbox 2420 2282 2484 2320; x_wconf 89' lang='lat' dir='ltr'>ac</span> <span class='ocrx_word' id='word_1_388' title='bbox 2516 2267 2714 2338; x_wconf 90' lang='lat' dir='ltr'>pudici</span> <span class='ocrx_word' id='word_1_389' title='bbox 2762 2267 2900 2334; x_wconf 89' lang='lat' dir='ltr'>sint,</span> <span class='ocrx_word' id='word_1_390' title='bbox 2936 2268 2994 2322; x_wconf 91' lang='lat' dir='ltr'>in</span> <span class='ocrx_word' id='word_1_391' title='bbox 3027 2269 3418 2327; x_wconf 90' lang='lat' dir='ltr'>tntationibus</span> <span class='ocrx_word' id='word_1_392' title='bbox 3465 2272 3775 2342; x_wconf 84' lang='lat' dir='ltr'>patientes,</span> 
     </span>
    </p>
   </div>
   <div class='ocr_carea' id='block_1_56' title="bbox 2133 2353 3780 2433">
    <p class='ocr_par' dir='ltr' id='par_1_56' title="bbox 2133 2353 3780 2433">
     <span class='ocr_line' id='line_1_56' title="bbox 2133 2353 3780 2433; baseline 0.006 -26"><span class='ocrx_word' id='word_1_393' title='bbox 2133 2354 2191 2407; x_wconf 92' lang='lat' dir='ltr'>in</span> <span class='ocrx_word' id='word_1_394' title='bbox 2226 2353 2524 2409; x_wconf 87' lang='lat' dir='ltr'>laboribus</span> <span class='ocrx_word' id='word_1_395' title='bbox 2557 2355 2754 2423; x_wconf 84' lang='lat' dir='ltr'>fortes,</span> <span class='ocrx_word' id='word_1_396' title='bbox 2788 2355 2846 2410; x_wconf 92' lang='lat' dir='ltr'>in</span> <span class='ocrx_word' id='word_1_397' title='bbox 2874 2357 3194 2413; x_wconf 90' lang='lat' dir='ltr'>tolerandis</span> <span class='ocrx_word' id='word_1_398' title='bbox 3227 2359 3461 2431; x_wconf 84' lang='lat' dir='ltr'>injuriis</span> <span class='ocrx_word' id='word_1_399' title='bbox 3494 2362 3686 2433; x_wconf 87' lang='lat' dir='ltr'>mites,</span> <span class='ocrx_word' id='word_1_400' title='bbox 3717 2362 3780 2417; x_wconf 90' lang='lat' dir='ltr'>in</span> 
     </span>
    </p>
   </div>
   <div class='ocr_carea' id='block_1_57' title="bbox 2131 2442 3780 2522">
    <p class='ocr_par' dir='ltr' id='par_1_57' title="bbox 2131 2442 3780 2522">
     <span class='ocr_line' id='line_1_57' title="bbox 2131 2442 3780 2522; baseline 0.005 -25"><span class='ocrx_word' id='word_1_401' title='bbox 2131 2443 2426 2499; x_wconf 90' lang='lat' dir='ltr'>bonorum</span> <span class='ocrx_word' id='word_1_402' title='bbox 2453 2442 2880 2514; x_wconf 88' lang='lat' dir='ltr'>direptionibus</span> <span class='ocrx_word' id='word_1_403' title='bbox 2910 2445 3232 2518; x_wconf 82' lang='lat' dir='ltr'>tranquilli.</span> <span class='ocrx_word' id='word_1_404' title='bbox 3257 2448 3780 2522; x_wconf 85' lang='lat' dir='ltr'>Quinetiam,quod</span> 
     </span>
    </p>
   </div>
   <div class='ocr_carea' id='block_1_58' title="bbox 2135 2530 3783 2607">
    <p class='ocr_par' dir='ltr' id='par_1_58' title="bbox 2135 2530 3783 2607">
     <span class='ocr_line' id='line_1_58' title="bbox 2135 2530 3783 2607; baseline 0.005 -21"><span class='ocrx_word' id='word_1_405' title='bbox 2135 2530 2418 2602; x_wconf 88' lang='lat' dir='ltr'>singulari</span> <span class='ocrx_word' id='word_1_406' title='bbox 2452 2532 2841 2588; x_wconf 87' lang='lat' dir='ltr'>admiratione</span> <span class='ocrx_word' id='word_1_407' title='bbox 2860 2534 3104 2606; x_wconf 88' lang='lat' dir='ltr'>dignum</span> <span class='ocrx_word' id='word_1_408' title='bbox 3132 2537 3224 2593; x_wconf 71' lang='lat'>75</span> <span class='ocrx_word' id='word_1_409' title='bbox 3261 2542 3623 2607; x_wconf 82' lang='lat' dir='ltr'>est,mortem</span> <span class='ocrx_word' id='word_1_410' title='bbox 3646 2557 3783 2596; x_wconf 88' lang='lat' dir='ltr'>con-</span> 
     </span>
    </p>
   </div>
   <div class='ocr_carea' id='block_1_59' title="bbox 2136 2621 3258 2695">
    <p class='ocr_par' dir='ltr' id='par_1_59' title="bbox 2136 2621 3258 2695">
     <span class='ocr_line' id='line_1_59' title="bbox 2136 2621 3258 2695; baseline 0.004 -20"><span class='ocrx_word' id='word_1_411' title='bbox 2136 2624 2411 2677; x_wconf 86' lang='lat' dir='ltr'>temnunt</span> <span class='ocrx_word' id='word_1_412' title='bbox 2439 2625 2496 2676; x_wconf 89' lang='lat' dir='ltr'>et</span> <span class='ocrx_word' id='word_1_413' title='bbox 2528 2621 2737 2676; x_wconf 89' lang='lat' dir='ltr'>Christi</span> <span class='ocrx_word' id='word_1_414' title='bbox 2773 2626 3057 2695; x_wconf 80' lang='lat' dir='ltr'>martyres</span> <span class='ocrx_word' id='word_1_415' title='bbox 3089 2625 3258 2680; x_wconf 83' lang='lat' dir='ltr'>fiunt.</span> 
     </span>
    </p>
   </div>
   <div class='ocr_carea' id='block_1_60' title="bbox 2207 2800 3787 2879">
    <p class='ocr_par' dir='ltr' id='par_1_60' title="bbox 2207 2800 3787 2879">
     <span class='ocr_line' id='line_1_60' title="bbox 2207 2800 3787 2879; baseline 0.008 -26"><span class='ocrx_word' id='word_1_416' title='bbox 2207 2800 2295 2854; x_wconf 84' lang='lat'>53:</span> <span class='ocrx_word' id='word_1_417' title='bbox 2329 2800 2410 2854; x_wconf 92' lang='lat' dir='ltr'>Ne</span> <span class='ocrx_word' id='word_1_418' title='bbox 2441 2803 2636 2855; x_wconf 89' lang='lat' dir='ltr'>autem</span> <span class='ocrx_word' id='word_1_419' title='bbox 2668 2817 2875 2871; x_wconf 91' lang='lat' dir='ltr'>unum,</span> <span class='ocrx_word' id='word_1_420' title='bbox 2910 2803 3064 2871; x_wconf 91' lang='lat' dir='ltr'>quod</span> <span class='ocrx_word' id='word_1_421' title='bbox 3094 2802 3154 2858; x_wconf 90' lang='lat' dir='ltr'>in</span> <span class='ocrx_word' id='word_1_422' title='bbox 3187 2804 3391 2876; x_wconf 89' lang='lat' dir='ltr'>primis</span> <span class='ocrx_word' id='word_1_423' title='bbox 3422 2805 3654 2879; x_wconf 87' lang='lat' dir='ltr'>insigne</span> <span class='ocrx_word' id='word_1_424' title='bbox 3693 2813 3787 2865; x_wconf 91' lang='lat' dir='ltr'>est</span> 
     </span>
    </p>
   </div>
   <div class='ocr_carea' id='block_1_61' title="bbox 2138 2888 3788 2970">
    <p class='ocr_par' dir='ltr' id='par_1_61' title="bbox 2138 2888 3788 2970">
     <span class='ocr_line' id='line_1_61' title="bbox 2138 2888 3788 2970; baseline 0.006 -26"><span class='ocrx_word' id='word_1_425' title='bbox 2138 2889 2462 2945; x_wconf 85' lang='lat' dir='ltr'>divinitatis</span> <span class='ocrx_word' id='word_1_426' title='bbox 2489 2888 2805 2945; x_wconf 89' lang='lat' dir='ltr'>Salvatoris</span> <span class='ocrx_word' id='word_1_427' title='bbox 2836 2890 3588 2964; x_wconf 73' lang='lat' dir='ltr'>indicium,przetermittam</span> <span class='ocrx_word' id='word_1_428' title='bbox 3614 2915 3627 2954; x_wconf 90' lang='lat'>:</span> <span class='ocrx_word' id='word_1_429' title='bbox 3653 2899 3788 2970; x_wconf 91' lang='lat' dir='ltr'>quis</span> 
     </span>
    </p>
   </div>
   <div class='ocr_carea' id='block_1_62' title="bbox 2138 2978 3786 3057">
    <p class='ocr_par' dir='ltr' id='par_1_62' title="bbox 2138 2978 3786 3057">
     <span class='ocr_line' id='line_1_62' title="bbox 2138 2978 3786 3057; baseline 0.006 -24"><span class='ocrx_word' id='word_1_430' title='bbox 2138 2995 2400 3048; x_wconf 89' lang='lat' dir='ltr'>unquam</span> <span class='ocrx_word' id='word_1_431' title='bbox 2432 2978 2517 3034; x_wconf 89' lang='lat' dir='ltr'>vel</span> <span class='ocrx_word' id='word_1_432' title='bbox 2551 2978 2725 3034; x_wconf 91' lang='lat' dir='ltr'>homo</span> <span class='ocrx_word' id='word_1_433' title='bbox 2759 2981 3101 3048; x_wconf 82' lang='lat' dir='ltr'>tantum,vel</span> <span class='ocrx_word' id='word_1_434' title='bbox 3135 2984 3456 3054; x_wconf 88' lang='lat' dir='ltr'>magus,vel</span> <span class='ocrx_word' id='word_1_435' title='bbox 3480 2990 3786 3057; x_wconf 87' lang='lat' dir='ltr'>tyrannus,</span> 
     </span>
    </p>
   </div>
   <div class='ocr_carea' id='block_1_63' title="bbox 2137 3066 3792 3142">
    <p class='ocr_par' dir='ltr' id='par_1_63' title="bbox 2137 3066 3792 3142">
     <span class='ocr_line' id='line_1_63' title="bbox 2137 3066 3792 3142; baseline 0.007 -22"><span class='ocrx_word' id='word_1_436' title='bbox 2137 3066 2224 3121; x_wconf 89' lang='lat' dir='ltr'>vel</span> <span class='ocrx_word' id='word_1_437' title='bbox 2243 3084 2339 3122; x_wconf 83' lang='lat' dir='ltr'>rex</span> <span class='ocrx_word' id='word_1_438' title='bbox 2360 3084 2458 3138; x_wconf 92' lang='lat' dir='ltr'>per</span> <span class='ocrx_word' id='word_1_439' title='bbox 2479 3083 2539 3122; x_wconf 91' lang='lat' dir='ltr'>se</span> <span class='ocrx_word' id='word_1_440' title='bbox 2561 3067 2756 3139; x_wconf 90' lang='lat' dir='ltr'>ipsum</span> <span class='ocrx_word' id='word_1_441' title='bbox 2779 3085 2908 3123; x_wconf 90' lang='lat' dir='ltr'>cum</span> <span class='ocrx_word' id='word_1_442' title='bbox 2934 3073 3097 3125; x_wconf 88' lang='lat' dir='ltr'>tanta</span> <span class='ocrx_word' id='word_1_443' title='bbox 3115 3072 3378 3142; x_wconf 90' lang='lat' dir='ltr'>gentium</span> <span class='ocrx_word' id='word_1_444' title='bbox 3411 3074 3792 3132; x_wconf 89' lang='lat' dir='ltr'>multitudine</span> 
     </span>
    </p>
   </div>
   <div class='ocr_carea' id='block_1_64' title="bbox 2141 3156 3785 3229">
    <p class='ocr_par' dir='ltr' id='par_1_64' title="bbox 2141 3156 3785 3229">
     <span class='ocr_line' id='line_1_64' title="bbox 2141 3156 3785 3229; baseline 0.005 -18"><span class='ocrx_word' id='word_1_445' title='bbox 2141 3156 2416 3229; x_wconf 90' lang='lat' dir='ltr'>congredi</span> <span class='ocrx_word' id='word_1_446' title='bbox 2449 3158 2660 3228; x_wconf 87' lang='lat' dir='ltr'>potuit,</span> <span class='ocrx_word' id='word_1_447' title='bbox 2694 3161 2868 3228; x_wconf 86' lang='lat' dir='ltr'>atque</span> <span class='ocrx_word' id='word_1_448' title='bbox 2917 3163 3118 3214; x_wconf 83' lang='lat' dir='ltr'>contra</span> <span class='ocrx_word' id='word_1_449' title='bbox 3161 3160 3494 3217; x_wconf 87' lang='lat' dir='ltr'>universam</span> <span class='ocrx_word' id='word_1_450' title='bbox 3541 3163 3785 3220; x_wconf 90' lang='lat' dir='ltr'>idolola-</span> 
     </span>
    </p>
   </div>
   <div class='ocr_carea' id='block_1_65' title="bbox 386 3227 2024 3323">
    <p class='ocr_par' dir='ltr' id='par_1_65' title="bbox 386 3245 2024 3323">
     <span class='ocr_line' id='line_1_65' title="bbox 386 3245 2024 3323; baseline 0.004 -22"><span class='ocrx_word' id='word_1_451' title='bbox 386 3254 616 3320; x_wconf 81' lang='grc' dir='ltr'>μονικῆς</span> <span class='ocrx_word' id='word_1_452' title='bbox 676 3251 948 3321; x_wconf 79' lang='grc' dir='ltr'>στρατιᾶς,</span> <span class='ocrx_word' id='word_1_453' title='bbox 1005 3245 1096 3300; x_wconf 83' lang='grc' dir='ltr'>καὶ</span> <span class='ocrx_word' id='word_1_454' title='bbox 1174 3250 1351 3317; x_wconf 84' lang='grc' dir='ltr'>πάσης</span> <span class='ocrx_word' id='word_1_455' title='bbox 1413 3248 1654 3323; x_wconf 77' lang='grc' dir='ltr'>μαγείας,</span> <span class='ocrx_word' id='word_1_456' title='bbox 1717 3252 1804 3306; x_wconf 84' lang='grc' dir='ltr'>καὶ</span> <span class='ocrx_word' id='word_1_457' title='bbox 1851 3253 2024 3322; x_wconf 83' lang='grc' dir='ltr'>πάσης</span> 
     </span>
    </p>
   </div>
   <div class='ocr_carea' id='block_1_66' title="bbox 2137 3227 3790 3323">
    <p class='ocr_par' dir='ltr' id='par_1_66' title="bbox 2140 3245 3790 3323">
     <span class='ocr_line' id='line_1_66' title="bbox 2140 3245 3790 3323; baseline 0.006 -23"><span class='ocrx_word' id='word_1_458' title='bbox 2140 3246 2554 3313; x_wconf 88' lang='lat' dir='ltr'>triam,contra</span> <span class='ocrx_word' id='word_1_459' title='bbox 2581 3245 2844 3300; x_wconf 89' lang='lat' dir='ltr'>omnium</span> <span class='ocrx_word' id='word_1_460' title='bbox 2873 3247 3206 3302; x_wconf 65' lang='lat' dir='ltr'>daemonum</span> <span class='ocrx_word' id='word_1_461' title='bbox 3240 3251 3790 3323; x_wconf 85' lang='lat' dir='ltr'>exercitum,contra</span> 
     </span>
    </p>
   </div>
   <div class='ocr_carea' id='block_1_67' title="bbox 385 3334 2035 3414">
    <p class='ocr_par' dir='ltr' id='par_1_67' title="bbox 385 3334 2035 3414">
     <span class='ocr_line' id='line_1_67' title="bbox 385 3334 2035 3414; baseline 0.003 -23"><span class='ocrx_word' id='word_1_462' title='bbox 385 3335 574 3413; x_wconf 74' lang='grc' dir='ltr'>σοφίας</span> <span class='ocrx_word' id='word_1_463' title='bbox 605 3334 891 3404; x_wconf 76' lang='grc' dir='ltr'>Ἑλλήνων</span> <span class='ocrx_word' id='word_1_464' title='bbox 949 3338 1204 3389; x_wconf 88' lang='grc' dir='ltr'>τοσοῦτον</span> <span class='ocrx_word' id='word_1_465' title='bbox 1263 3334 1562 3410; x_wconf 78' lang='grc' dir='ltr'>ἰσχυόντων</span> <span class='ocrx_word' id='word_1_466' title='bbox 1613 3338 1701 3393; x_wconf 84' lang='grc' dir='ltr'>καὶ</span> <span class='ocrx_word' id='word_1_467' title='bbox 1755 3337 1830 3394; x_wconf 80' lang='grc' dir='ltr'>ἔτι</span> <span class='ocrx_word' id='word_1_468' title='bbox 1862 3341 2035 3414; x_wconf 85' lang='grc' dir='ltr'>ἀκμα-</span> 
     </span>
    </p>
   </div>
   <div class='ocr_carea' id='block_1_68' title="bbox 391 3420 2032 3504">
    <p class='ocr_par' dir='ltr' id='par_1_68' title="bbox 391 3420 2032 3504">
     <span class='ocr_line' id='line_1_68' title="bbox 391 3420 2032 3504; baseline 0.004 -25"><span class='ocrx_word' id='word_1_469' title='bbox 391 3425 590 3494; x_wconf 88' lang='grc' dir='ltr'>ζόντων</span> <span class='ocrx_word' id='word_1_470' title='bbox 672 3422 761 3477; x_wconf 83' lang='grc' dir='ltr'>καὶ</span> <span class='ocrx_word' id='word_1_471' title='bbox 849 3420 1263 3492; x_wconf 80' lang='grc' dir='ltr'>ἐκπληττόντων</span> <span class='ocrx_word' id='word_1_472' title='bbox 1347 3427 1570 3496; x_wconf 85' lang='grc' dir='ltr'>πάντας,</span> <span class='ocrx_word' id='word_1_473' title='bbox 1639 3428 2032 3504; x_wconf 86' lang='grc' dir='ltr'>ἀντιμάχεσθαι</span> 
     </span>
    </p>
   </div>
   <div class='ocr_carea' id='block_1_69' title="bbox 391 3511 2034 3592">
    <p class='ocr_par' dir='ltr' id='par_1_69' title="bbox 391 3511 2034 3592">
     <span class='ocr_line' id='line_1_69' title="bbox 391 3511 2034 3592; baseline -0.004 -23"><span class='ocrx_word' id='word_1_474' title='bbox 391 3513 480 3569; x_wconf 87' lang='grc' dir='ltr'>καὶ</span> <span class='ocrx_word' id='word_1_475' title='bbox 517 3517 614 3586; x_wconf 77' lang='grc' dir='ltr'>μιᾷ</span> <span class='ocrx_word' id='word_1_476' title='bbox 646 3511 790 3588; x_wconf 77' lang='grc' dir='ltr'>ῥοπῇ</span> <span class='ocrx_word' id='word_1_477' title='bbox 837 3512 973 3565; x_wconf 85' lang='grc' dir='ltr'>κατὰ</span> <span class='ocrx_word' id='word_1_478' title='bbox 1027 3513 1241 3567; x_wconf 88' lang='grc' dir='ltr'>πάντων</span> <span class='ocrx_word' id='word_1_479' title='bbox 1301 3513 1634 3588; x_wconf 79' lang='grc' dir='ltr'>ἀντιστῆναι,</span> <span class='ocrx_word' id='word_1_480' title='bbox 1670 3517 1745 3579; x_wconf 84' lang='grc' dir='ltr'>ὡς</span> <span class='ocrx_word' id='word_1_481' title='bbox 1779 3519 1807 3572; x_wconf 97' lang='lat'>6</span> <span class='ocrx_word' id='word_1_482' title='bbox 1836 3519 2034 3592; x_wconf 69' lang='grc' dir='ltr'>ἡμέτε-</span> 
     </span>
    </p>
   </div>
   <div class='ocr_carea' id='block_1_70' title="bbox 393 3599 2036 3685">
    <p class='ocr_par' dir='ltr' id='par_1_70' title="bbox 393 3599 2036 3685">
     <span class='ocr_line' id='line_1_70' title="bbox 393 3599 2036 3685; baseline 0.004 -27"><span class='ocrx_word' id='word_1_483' title='bbox 393 3624 486 3681; x_wconf 90' lang='grc' dir='ltr'>ρος</span> <span class='ocrx_word' id='word_1_484' title='bbox 536 3601 738 3678; x_wconf 88' lang='grc' dir='ltr'>Κύριος</span> <span class='ocrx_word' id='word_1_485' title='bbox 781 3601 809 3655; x_wconf 90' lang='lat'>6</span> <span class='ocrx_word' id='word_1_486' title='bbox 838 3603 936 3654; x_wconf 89' lang='grc' dir='ltr'>τοῦ</span> <span class='ocrx_word' id='word_1_487' title='bbox 984 3605 1117 3656; x_wconf 90' lang='grc' dir='ltr'>Θεοῦ</span> <span class='ocrx_word' id='word_1_488' title='bbox 1174 3599 1390 3672; x_wconf 73' lang='grc' dir='ltr'>ἀληθὴς</span> <span class='ocrx_word' id='word_1_489' title='bbox 1446 3604 1643 3680; x_wconf 83' lang='grc' dir='ltr'>Λόγος,</span> <span class='ocrx_word' id='word_1_490' title='bbox 1677 3606 1758 3679; x_wconf 81' lang='grc' dir='ltr'>ὃς,</span> <span class='ocrx_word' id='word_1_491' title='bbox 1791 3606 2036 3685; x_wconf 77' lang='grc' dir='ltr'>ἀοράτως</span> 
     </span>
    </p>
   </div>
   <div class='ocr_carea' id='block_1_71' title="bbox 392 3688 2035 3772">
    <p class='ocr_par' dir='ltr' id='par_1_71' title="bbox 392 3688 2035 3772">
     <span class='ocr_line' id='line_1_71' title="bbox 392 3688 2035 3772; baseline 0.005 -26"><span class='ocrx_word' id='word_1_492' title='bbox 392 3691 616 3747; x_wconf 77' lang='grc' dir='ltr'>ἑκάστου</span> <span class='ocrx_word' id='word_1_493' title='bbox 658 3691 758 3760; x_wconf 71' lang='grc' dir='ltr'>τὴν</span> <span class='ocrx_word' id='word_1_494' title='bbox 807 3689 1021 3762; x_wconf 87' lang='grc' dir='ltr'>πλάνην</span> <span class='ocrx_word' id='word_1_495' title='bbox 1083 3688 1349 3767; x_wconf 70' lang='grc' dir='ltr'>ἐλέγχων,</span> <span class='ocrx_word' id='word_1_496' title='bbox 1395 3693 1560 3764; x_wconf 89' lang='grc' dir='ltr'>μόνος</span> <span class='ocrx_word' id='word_1_497' title='bbox 1621 3697 1767 3772; x_wconf 82' lang='grc' dir='ltr'>παρὰ</span> <span class='ocrx_word' id='word_1_498' title='bbox 1821 3695 2035 3754; x_wconf 82' lang='grc' dir='ltr'>πάντων</span> 
     </span>
    </p>
   </div>
   <div class='ocr_carea' id='block_1_72' title="bbox 389 3779 2040 3858">
    <p class='ocr_par' dir='ltr' id='par_1_72' title="bbox 389 3779 2040 3858">
     <span class='ocr_line' id='line_1_72' title="bbox 389 3779 2040 3858; baseline 0.004 -22"><span class='ocrx_word' id='word_1_499' title='bbox 389 3779 517 3843; x_wconf 81' lang='grc' dir='ltr'>τοὺς</span> <span class='ocrx_word' id='word_1_500' title='bbox 549 3782 751 3842; x_wconf 90' lang='grc' dir='ltr'>πάντας</span> <span class='ocrx_word' id='word_1_501' title='bbox 793 3780 1111 3856; x_wconf 80' lang='grc' dir='ltr'>ἀνθρώπους</span> <span class='ocrx_word' id='word_1_502' title='bbox 1145 3779 1412 3852; x_wconf 86' lang='grc' dir='ltr'>σκυλεύει,</span> <span class='ocrx_word' id='word_1_503' title='bbox 1447 3780 1586 3837; x_wconf 85' lang='grc' dir='ltr'>ὥστε</span> <span class='ocrx_word' id='word_1_504' title='bbox 1641 3783 1768 3846; x_wconf 80' lang='grc' dir='ltr'>τοὺς</span> <span class='ocrx_word' id='word_1_505' title='bbox 1831 3787 1924 3858; x_wconf 73' lang='grc' dir='ltr'>μὲν</span> <span class='ocrx_word' id='word_1_506' title='bbox 1973 3790 2040 3843; x_wconf 72' lang='grc' dir='ltr'>τὰ</span> 
     </span>
    </p>
   </div>
   <div class='ocr_carea' id='block_1_73' title="bbox 389 3867 2034 3950">
    <p class='ocr_par' dir='ltr' id='par_1_73' title="bbox 389 3867 2034 3950">
     <span class='ocr_line' id='line_1_73' title="bbox 389 3867 2034 3950; baseline 0.004 -27"><span class='ocrx_word' id='word_1_507' title='bbox 389 3867 592 3924; x_wconf 67' lang='grc' dir='ltr'>εἴδωλα</span> <span class='ocrx_word' id='word_1_508' title='bbox 664 3874 1101 3945; x_wconf 88' lang='grc' dir='ltr'>προσκυνοῦντας</span> <span class='ocrx_word' id='word_1_509' title='bbox 1190 3869 1380 3924; x_wconf 83' lang='grc' dir='ltr'>λοιπὸν</span> <span class='ocrx_word' id='word_1_510' title='bbox 1479 3872 1614 3926; x_wconf 78' lang='grc' dir='ltr'>αὑτὰ</span> <span class='ocrx_word' id='word_1_511' title='bbox 1691 3882 2034 3950; x_wconf 85' lang='grc' dir='ltr'>καταπατεῖν,</span> 
     </span>
    </p>
   </div>
   <div class='ocr_carea' id='block_1_74' title="bbox 383 3955 2040 4037">
    <p class='ocr_par' dir='ltr' id='par_1_74' title="bbox 383 3955 2040 4037">
     <span class='ocr_line' id='line_1_74' title="bbox 383 3955 2040 4037; baseline 0.007 -25"><span class='ocrx_word' id='word_1_512' title='bbox 383 3957 512 4020; x_wconf 74' lang='grc' dir='ltr'>τοὺς</span> <span class='ocrx_word' id='word_1_513' title='bbox 567 3955 625 4012; x_wconf 73' lang='grc' dir='ltr'>δὲ</span> <span class='ocrx_word' id='word_1_514' title='bbox 685 3958 929 4034; x_wconf 80' lang='grc' dir='ltr'>μαγείαις</span> <span class='ocrx_word' id='word_1_515' title='bbox 993 3958 1392 4031; x_wconf 71' lang='grc' dir='ltr'>θαυμασθέντας</span> <span class='ocrx_word' id='word_1_516' title='bbox 1450 3962 1546 4023; x_wconf 78' lang='grc' dir='ltr'>τὰς</span> <span class='ocrx_word' id='word_1_517' title='bbox 1607 3957 1834 4037; x_wconf 83' lang='grc' dir='ltr'>βίϐλους</span> <span class='ocrx_word' id='word_1_518' title='bbox 1882 3988 2040 4022; x_wconf 87' lang='grc' dir='ltr'>κατα-</span> 
     </span>
    </p>
   </div>
   <div class='ocr_carea' id='block_1_75' title="bbox 383 4045 2038 4133">
    <p class='ocr_par' dir='ltr' id='par_1_75' title="bbox 383 4045 2038 4133">
     <span class='ocr_line' id='line_1_75' title="bbox 383 4045 2038 4133; baseline 0.006 -31"><span class='ocrx_word' id='word_1_519' title='bbox 383 4047 572 4118; x_wconf 85' lang='grc' dir='ltr'>καίειν,</span> <span class='ocrx_word' id='word_1_520' title='bbox 605 4046 732 4110; x_wconf 75' lang='grc' dir='ltr'>τοῦς</span> <span class='ocrx_word' id='word_1_521' title='bbox 767 4045 824 4103; x_wconf 73' lang='grc' dir='ltr'>δὲ</span> <span class='ocrx_word' id='word_1_522' title='bbox 854 4047 1052 4126; x_wconf 74' lang='grc' dir='ltr'>σοφοὺς</span> <span class='ocrx_word' id='word_1_523' title='bbox 1098 4049 1198 4116; x_wconf 80' lang='grc' dir='ltr'>τήν</span> <span class='ocrx_word' id='word_1_524' title='bbox 1255 4053 1364 4102; x_wconf 80' lang='grc' dir='ltr'>τῶν</span> <span class='ocrx_word' id='word_1_525' title='bbox 1418 4050 1766 4128; x_wconf 86' lang='grc' dir='ltr'>Εὑαγγελίων</span> <span class='ocrx_word' id='word_1_526' title='bbox 1815 4057 2038 4133; x_wconf 88' lang='grc' dir='ltr'>προκρί-</span> 
     </span>
    </p>
   </div>
   <div class='ocr_carea' id='block_1_76' title="bbox 319 4136 2033 4219">
    <p class='ocr_par' dir='ltr' id='par_1_76' title="bbox 319 4136 2033 4219">
     <span class='ocr_line' id='line_1_76' title="bbox 319 4136 2033 4219; baseline 0.007 -31"><span class='ocrx_word' id='word_1_527' title='bbox 319 4157 328 4164; x_wconf 91' lang='grc'>·</span> <span class='ocrx_word' id='word_1_528' title='bbox 379 4156 487 4190; x_wconf 92' lang='grc' dir='ltr'>νειν</span> <span class='ocrx_word' id='word_1_529' title='bbox 547 4137 761 4191; x_wconf 83' lang='grc' dir='ltr'>πάντων</span> <span class='ocrx_word' id='word_1_530' title='bbox 825 4136 1152 4212; x_wconf 74' lang='grc' dir='ltr'>ἓρμηνείαν;</span> <span class='ocrx_word' id='word_1_531' title='bbox 1195 4137 1298 4199; x_wconf 74' lang='grc' dir='ltr'>Οὓς</span> <span class='ocrx_word' id='word_1_532' title='bbox 1347 4139 1440 4210; x_wconf 75' lang='grc' dir='ltr'>μὲν</span> <span class='ocrx_word' id='word_1_533' title='bbox 1496 4140 1600 4216; x_wconf 76' lang='grc' dir='ltr'>γὰρ</span> <span class='ocrx_word' id='word_1_534' title='bbox 1648 4143 2033 4219; x_wconf 86' lang='grc' dir='ltr'>προσεκύνουν,</span> 
     </span>
    </p>
   </div>
   <div class='ocr_carea' id='block_1_77' title="bbox 377 4224 2038 4304">
    <p class='ocr_par' dir='ltr' id='par_1_77' title="bbox 377 4224 2038 4304">
     <span class='ocr_line' id='line_1_77' title="bbox 377 4224 2038 4304; baseline 0.007 -26"><span class='ocrx_word' id='word_1_535' title='bbox 377 4225 604 4287; x_wconf 86' lang='grc' dir='ltr'>τούτους</span> <span class='ocrx_word' id='word_1_536' title='bbox 633 4224 1135 4298; x_wconf 87' lang='grc' dir='ltr'>καταλιμπάνουσιν</span> <span class='ocrx_word' id='word_1_537' title='bbox 1165 4248 1175 4259; x_wconf 94' lang='grc'><strong>·</strong></span> <span class='ocrx_word' id='word_1_538' title='bbox 1210 4227 1268 4282; x_wconf 79' lang='grc' dir='ltr'>ὃν</span> <span class='ocrx_word' id='word_1_539' title='bbox 1419 4225 1478 4282; x_wconf 75' lang='grc' dir='ltr'>δὲ</span> <span class='ocrx_word' id='word_1_540' title='bbox 1508 4228 1805 4304; x_wconf 80' lang='grc' dir='ltr'>ἐχλεύαζον</span> <span class='ocrx_word' id='word_1_541' title='bbox 1857 4232 2038 4289; x_wconf 82' lang='grc' dir='ltr'>ἐσταυ-</span> 
     </span>
    </p>
   </div>
   <div class='ocr_carea' id='block_1_78' title="bbox 381 4313 2034 4392">
    <p class='ocr_par' dir='ltr' id='par_1_78' title="bbox 381 4313 2034 4392">
     <span class='ocr_line' id='line_1_78' title="bbox 381 4313 2034 4392; baseline 0.006 -24"><span class='ocrx_word' id='word_1_542' title='bbox 381 4313 650 4389; x_wconf 69' lang='grc' dir='ltr'>ρωμένον,</span> <span class='ocrx_word' id='word_1_543' title='bbox 706 4318 901 4368; x_wconf 85' lang='grc' dir='ltr'>τοῦτον</span> <span class='ocrx_word' id='word_1_544' title='bbox 959 4319 1318 4391; x_wconf 82' lang='grc' dir='ltr'>προσκυνοῦσι</span> <span class='ocrx_word' id='word_1_545' title='bbox 1388 4318 1639 4392; x_wconf 88' lang='grc' dir='ltr'>Χριστὸν,</span> <span class='ocrx_word' id='word_1_546' title='bbox 1676 4320 1804 4374; x_wconf 86' lang='grc' dir='ltr'>Θεὸν</span> <span class='ocrx_word' id='word_1_547' title='bbox 1874 4323 2034 4378; x_wconf 83' lang='grc' dir='ltr'>αὑτὸν</span> 
     </span>
    </p>
   </div>
   <div class='ocr_carea' id='block_1_79' title="bbox 380 4399 2034 4483">
    <p class='ocr_par' dir='ltr' id='par_1_79' title="bbox 380 4399 2034 4483">
     <span class='ocr_line' id='line_1_79' title="bbox 380 4399 2034 4483; baseline 0.002 -27"><span class='ocrx_word' id='word_1_548' title='bbox 380 4399 800 4478; x_wconf 86' lang='grc' dir='ltr'>ὁμολογοῦντες.</span> <span class='ocrx_word' id='word_1_549' title='bbox 837 4402 934 4456; x_wconf 84' lang='grc' dir='ltr'>Καὶ</span> <span class='ocrx_word' id='word_1_550' title='bbox 967 4404 1018 4457; x_wconf 76' lang='grc' dir='ltr'>οῖ</span> <span class='ocrx_word' id='word_1_551' title='bbox 1055 4405 1150 4476; x_wconf 78' lang='grc' dir='ltr'>μὲν</span> <span class='ocrx_word' id='word_1_552' title='bbox 1187 4405 1313 4478; x_wconf 91' lang='grc' dir='ltr'>παρ’</span> <span class='ocrx_word' id='word_1_553' title='bbox 1345 4404 1529 4467; x_wconf 83' lang='grc' dir='ltr'>αὑτοῖς</span> <span class='ocrx_word' id='word_1_554' title='bbox 1580 4404 1870 4483; x_wconf 83' lang='grc' dir='ltr'>λεγόμενοι</span> <span class='ocrx_word' id='word_1_555' title='bbox 1922 4405 2034 4474; x_wconf 82' lang='grc' dir='ltr'>θεοὶ</span> 
     </span>
    </p>
   </div>
   <div class='ocr_carea' id='block_1_80' title="bbox 378 4488 2031 4574">
    <p class='ocr_par' dir='ltr' id='par_1_80' title="bbox 378 4488 2031 4574">
     <span class='ocr_line' id='line_1_80' title="bbox 378 4488 2031 4574; baseline 0.006 -30"><span class='ocrx_word' id='word_1_556' title='bbox 378 4494 457 4561; x_wconf 78' lang='grc' dir='ltr'>τῷ</span> <span class='ocrx_word' id='word_1_557' title='bbox 486 4489 700 4562; x_wconf 78' lang='grc' dir='ltr'>σημείῳ</span> <span class='ocrx_word' id='word_1_558' title='bbox 729 4494 826 4544; x_wconf 90' lang='grc' dir='ltr'>τοῦ</span> <span class='ocrx_word' id='word_1_559' title='bbox 860 4496 1090 4566; x_wconf 78' lang='grc' dir='ltr'>σταυροῦ</span> <span class='ocrx_word' id='word_1_560' title='bbox 1141 4488 1430 4546; x_wconf 87' lang='grc' dir='ltr'>διώκονται</span> <span class='ocrx_word' id='word_1_561' title='bbox 1469 4515 1480 4527; x_wconf 90' lang='grc'><strong>·</strong></span> <span class='ocrx_word' id='word_1_562' title='bbox 1535 4494 1562 4547; x_wconf 93' lang='grc' dir='ltr'>ὁ</span> <span class='ocrx_word' id='word_1_563' title='bbox 1596 4492 1652 4548; x_wconf 79' lang='grc' dir='ltr'>δὲ</span> <span class='ocrx_word' id='word_1_564' title='bbox 1703 4501 2031 4574; x_wconf 83' lang='grc' dir='ltr'>σταυρωθείς</span> 
     </span>
    </p>
   </div>
   <div class='ocr_carea' id='block_1_81' title="bbox 2142 3333 3793 3411">
    <p class='ocr_par' dir='ltr' id='par_1_81' title="bbox 2142 3333 3793 3411">
     <span class='ocr_line' id='line_1_81' title="bbox 2142 3333 3793 3411; baseline 0.005 -21"><span class='ocrx_word' id='word_1_565' title='bbox 2142 3351 2378 3390; x_wconf 87' lang='lat' dir='ltr'>omnem</span> <span class='ocrx_word' id='word_1_566' title='bbox 2409 3333 2696 3406; x_wconf 88' lang='lat' dir='ltr'>magicam</span> <span class='ocrx_word' id='word_1_567' title='bbox 2724 3338 3138 3404; x_wconf 84' lang='lat' dir='ltr'>artem,contra</span> <span class='ocrx_word' id='word_1_568' title='bbox 3163 3341 3347 3393; x_wconf 87' lang='lat' dir='ltr'>totam</span> <span class='ocrx_word' id='word_1_569' title='bbox 3370 3340 3677 3411; x_wconf 88' lang='lat' dir='ltr'>gentilium</span> <span class='ocrx_word' id='word_1_570' title='bbox 3701 3360 3793 3399; x_wconf 90' lang='lat' dir='ltr'>sa-</span> 
     </span>
    </p>
   </div>
   <div class='ocr_carea' id='block_1_82' title="bbox 2144 3423 3795 3502">
    <p class='ocr_par' dir='ltr' id='par_1_82' title="bbox 2144 3423 3795 3502">
     <span class='ocr_line' id='line_1_82' title="bbox 2144 3423 3795 3502; baseline 0.007 -24"><span class='ocrx_word' id='word_1_571' title='bbox 2144 3423 2703 3496; x_wconf 89' lang='lat' dir='ltr'>pientiam,quorum</span> <span class='ocrx_word' id='word_1_572' title='bbox 2735 3427 2899 3479; x_wconf 89' lang='lat' dir='ltr'>tanta</span> <span class='ocrx_word' id='word_1_573' title='bbox 2928 3425 3116 3481; x_wconf 79' lang='lat' dir='ltr'>adhuc</span> <span class='ocrx_word' id='word_1_574' title='bbox 3147 3428 3462 3484; x_wconf 88' lang='lat' dir='ltr'>auctoritas</span> <span class='ocrx_word' id='word_1_575' title='bbox 3485 3434 3541 3486; x_wconf 89' lang='lat' dir='ltr'>et</span> <span class='ocrx_word' id='word_1_576' title='bbox 3561 3434 3795 3502; x_wconf 91' lang='lat' dir='ltr'>pondus</span> 
     </span>
    </p>
   </div>
   <div class='ocr_carea' id='block_1_83' title="bbox 2145 3513 3791 3592">
    <p class='ocr_par' dir='ltr' id='par_1_83' title="bbox 2145 3513 3791 3592">
     <span class='ocr_line' id='line_1_83' title="bbox 2145 3513 3791 3592; baseline 0.005 -24"><span class='ocrx_word' id='word_1_577' title='bbox 2145 3517 2288 3583; x_wconf 90' lang='lat' dir='ltr'>erat,</span> <span class='ocrx_word' id='word_1_578' title='bbox 2322 3518 2386 3567; x_wconf 90' lang='lat' dir='ltr'>ut</span> <span class='ocrx_word' id='word_1_579' title='bbox 2437 3528 2643 3568; x_wconf 90' lang='lat' dir='ltr'>omnes</span> <span class='ocrx_word' id='word_1_580' title='bbox 2695 3513 2755 3568; x_wconf 91' lang='lat' dir='ltr'>in</span> <span class='ocrx_word' id='word_1_581' title='bbox 2799 3513 3245 3570; x_wconf 88' lang='lat' dir='ltr'>admirationem</span> <span class='ocrx_word' id='word_1_582' title='bbox 3294 3524 3590 3589; x_wconf 88' lang='lat' dir='ltr'>raperent;</span> <span class='ocrx_word' id='word_1_583' title='bbox 3633 3521 3791 3592; x_wconf 88' lang='lat' dir='ltr'>quis,</span> 
     </span>
    </p>
   </div>
   <div class='ocr_carea' id='block_1_84' title="bbox 2145 3601 3795 3673">
    <p class='ocr_par' dir='ltr' id='par_1_84' title="bbox 2145 3601 3795 3673">
     <span class='ocr_line' id='line_1_84' title="bbox 2145 3601 3795 3673; baseline 0.007 -18"><span class='ocrx_word' id='word_1_584' title='bbox 2145 3601 2412 3673; x_wconf 88' lang='lat' dir='ltr'>inquam,</span> <span class='ocrx_word' id='word_1_585' title='bbox 2447 3605 2649 3656; x_wconf 88' lang='lat' dir='ltr'>contra</span> <span class='ocrx_word' id='word_1_586' title='bbox 2680 3617 2883 3657; x_wconf 89' lang='lat' dir='ltr'>omnes</span> <span class='ocrx_word' id='word_1_587' title='bbox 2913 3601 3043 3658; x_wconf 89' lang='lat' dir='ltr'>illos</span> <span class='ocrx_word' id='word_1_588' title='bbox 3074 3605 3424 3662; x_wconf 90' lang='lat' dir='ltr'>contendere</span> <span class='ocrx_word' id='word_1_589' title='bbox 3453 3611 3510 3662; x_wconf 89' lang='lat' dir='ltr'>et</span> <span class='ocrx_word' id='word_1_590' title='bbox 3541 3625 3657 3664; x_wconf 90' lang='lat' dir='ltr'>uno</span> <span class='ocrx_word' id='word_1_591' title='bbox 3700 3626 3795 3666; x_wconf 89' lang='lat' dir='ltr'>eo-</span> 
     </span>
    </p>
   </div>
   <div class='ocr_carea' id='block_1_85' title="bbox 2147 3691 3796 3765">
    <p class='ocr_par' dir='ltr' id='par_1_85' title="bbox 2147 3691 3796 3765">
     <span class='ocr_line' id='line_1_85' title="bbox 2147 3691 3796 3765; baseline 0.005 -18"><span class='ocrx_word' id='word_1_592' title='bbox 2147 3693 2401 3762; x_wconf 90' lang='lat' dir='ltr'>demque</span> <span class='ocrx_word' id='word_1_593' title='bbox 2428 3691 2648 3762; x_wconf 88' lang='lat' dir='ltr'>impetu</span> <span class='ocrx_word' id='word_1_594' title='bbox 2673 3691 2942 3748; x_wconf 88' lang='lat' dir='ltr'>resistere</span> <span class='ocrx_word' id='word_1_595' title='bbox 2963 3692 3350 3765; x_wconf 88' lang='lat' dir='ltr'>potuit,sicuti</span> <span class='ocrx_word' id='word_1_596' title='bbox 3383 3696 3670 3754; x_wconf 90' lang='lat' dir='ltr'>Dominus</span> <span class='ocrx_word' id='word_1_597' title='bbox 3692 3717 3796 3755; x_wconf 92' lang='lat' dir='ltr'>no-</span> 
     </span>
    </p>
   </div>
   <div class='ocr_carea' id='block_1_86' title="bbox 2147 3781 3793 3860">
    <p class='ocr_par' dir='ltr' id='par_1_86' title="bbox 2147 3781 3793 3860">
     <span class='ocr_line' id='line_1_86' title="bbox 2147 3781 3793 3860; baseline 0.004 -23"><span class='ocrx_word' id='word_1_598' title='bbox 2147 3785 2289 3848; x_wconf 86' lang='lat' dir='ltr'>ster,</span> <span class='ocrx_word' id='word_1_599' title='bbox 2321 3797 2520 3836; x_wconf 90' lang='lat' dir='ltr'>verum</span> <span class='ocrx_word' id='word_1_600' title='bbox 2553 3781 2656 3836; x_wconf 88' lang='lat' dir='ltr'>Dei</span> <span class='ocrx_word' id='word_1_601' title='bbox 2686 3781 2964 3852; x_wconf 89' lang='lat' dir='ltr'>Verbum,</span> <span class='ocrx_word' id='word_1_602' title='bbox 3010 3782 3109 3854; x_wconf 94' lang='lat' dir='ltr'>qui</span> <span class='ocrx_word' id='word_1_603' title='bbox 3158 3783 3381 3840; x_wconf 83' lang='lat' dir='ltr'>occulte</span> <span class='ocrx_word' id='word_1_604' title='bbox 3425 3786 3793 3860; x_wconf 88' lang='lat' dir='ltr'>singulorum</span> 
     </span>
    </p>
   </div>
   <div class='ocr_carea' id='block_1_87' title="bbox 2147 3869 3794 3936">
    <p class='ocr_par' dir='ltr' id='par_1_87' title="bbox 2147 3869 3794 3936">
     <span class='ocr_line' id='line_1_87' title="bbox 2147 3869 3794 3936; baseline 0.006 -12"><span class='ocrx_word' id='word_1_605' title='bbox 2147 3886 2370 3925; x_wconf 90' lang='lat' dir='ltr'>errores</span> <span class='ocrx_word' id='word_1_606' title='bbox 2391 3869 2759 3936; x_wconf 90' lang='lat' dir='ltr'>convincens,</span> <span class='ocrx_word' id='word_1_607' title='bbox 2792 3886 2995 3926; x_wconf 89' lang='lat' dir='ltr'>omnes</span> <span class='ocrx_word' id='word_1_608' title='bbox 3011 3871 3280 3929; x_wconf 89' lang='lat' dir='ltr'>homines</span> <span class='ocrx_word' id='word_1_609' title='bbox 3302 3874 3372 3929; x_wconf 90' lang='lat' dir='ltr'>ab</span> <span class='ocrx_word' id='word_1_610' title='bbox 3395 3876 3671 3933; x_wconf 86' lang='lat' dir='ltr'>omnibus</span> <span class='ocrx_word' id='word_1_611' title='bbox 3693 3877 3794 3933; x_wconf 89' lang='lat' dir='ltr'>ab-</span> 
     </span>
    </p>
   </div>
   <div class='ocr_carea' id='block_1_88' title="bbox 2147 3957 3799 4036">
    <p class='ocr_par' dir='ltr' id='par_1_88' title="bbox 2147 3957 3799 4036">
     <span class='ocr_line' id='line_1_88' title="bbox 2147 3957 3799 4036; baseline 0.005 -22"><span class='ocrx_word' id='word_1_612' title='bbox 2147 3959 2331 4028; x_wconf 82' lang='lat' dir='ltr'>duxit,</span> <span class='ocrx_word' id='word_1_613' title='bbox 2365 3959 2446 4013; x_wconf 91' lang='lat' dir='ltr'>ita</span> <span class='ocrx_word' id='word_1_614' title='bbox 2477 3962 2540 4013; x_wconf 91' lang='lat' dir='ltr'>ut</span> <span class='ocrx_word' id='word_1_615' title='bbox 2569 3957 2671 4029; x_wconf 89' lang='lat' dir='ltr'>qui</span> <span class='ocrx_word' id='word_1_616' title='bbox 2701 3957 2864 4029; x_wconf 89' lang='lat' dir='ltr'>prius</span> <span class='ocrx_word' id='word_1_617' title='bbox 2897 3959 3050 4015; x_wconf 88' lang='lat' dir='ltr'>idola</span> <span class='ocrx_word' id='word_1_618' title='bbox 3081 3961 3629 4036; x_wconf 84' lang='lat' dir='ltr'>adorabant,eajam</span> <span class='ocrx_word' id='word_1_619' title='bbox 3658 3983 3799 4022; x_wconf 88' lang='lat' dir='ltr'>con-</span> 
     </span>
    </p>
   </div>
   <div class='ocr_carea' id='block_1_89' title="bbox 2147 4047 3796 4123">
    <p class='ocr_par' dir='ltr' id='par_1_89' title="bbox 2147 4047 3796 4123">
     <span class='ocr_line' id='line_1_89' title="bbox 2147 4047 3796 4123; baseline 0.004 -20"><span class='ocrx_word' id='word_1_620' title='bbox 2147 4048 2408 4114; x_wconf 89' lang='lat' dir='ltr'>culcent;</span> <span class='ocrx_word' id='word_1_621' title='bbox 2444 4050 2500 4102; x_wconf 89' lang='lat' dir='ltr'>et</span> <span class='ocrx_word' id='word_1_622' title='bbox 2531 4047 2632 4118; x_wconf 89' lang='lat' dir='ltr'>qui</span> <span class='ocrx_word' id='word_1_623' title='bbox 2664 4047 2922 4119; x_wconf 87' lang='lat' dir='ltr'>magicas</span> <span class='ocrx_word' id='word_1_624' title='bbox 2955 4051 3279 4123; x_wconf 59' lang='lat' dir='ltr'>prastigias</span> <span class='ocrx_word' id='word_1_625' title='bbox 3328 4054 3796 4122; x_wconf 79' lang='lat' dir='ltr'>admirabantur,</span> 
     </span>
    </p>
   </div>
   <div class='ocr_carea' id='block_1_90' title="bbox 2147 4135 3800 4216">
    <p class='ocr_par' dir='ltr' id='par_1_90' title="bbox 2147 4135 3800 4216">
     <span class='ocr_line' id='line_1_90' title="bbox 2147 4135 3800 4216; baseline 0.004 -24"><span class='ocrx_word' id='word_1_626' title='bbox 2147 4137 2396 4208; x_wconf 90' lang='lat' dir='ltr'>scriptos</span> <span class='ocrx_word' id='word_1_627' title='bbox 2425 4136 2496 4190; x_wconf 90' lang='lat' dir='ltr'>de</span> <span class='ocrx_word' id='word_1_628' title='bbox 2526 4135 2627 4189; x_wconf 89' lang='lat' dir='ltr'>illa</span> <span class='ocrx_word' id='word_1_629' title='bbox 2655 4140 2777 4190; x_wconf 90' lang='lat' dir='ltr'>arte</span> <span class='ocrx_word' id='word_1_630' title='bbox 2807 4136 2987 4193; x_wconf 89' lang='lat' dir='ltr'>libros</span> <span class='ocrx_word' id='word_1_631' title='bbox 3019 4141 3397 4206; x_wconf 82' lang='lat' dir='ltr'>comburunt;</span> <span class='ocrx_word' id='word_1_632' title='bbox 3432 4160 3498 4198; x_wconf 89' lang='lat' dir='ltr'>ac</span> <span class='ocrx_word' id='word_1_633' title='bbox 3547 4144 3800 4216; x_wconf 83' lang='lat' dir='ltr'>denique</span> 
     </span>
    </p>
   </div>
   <div class='ocr_carea' id='block_1_91' title="bbox 2147 4224 3800 4303">
    <p class='ocr_par' dir='ltr' id='par_1_91' title="bbox 2147 4224 3800 4303">
     <span class='ocr_line' id='line_1_91' title="bbox 2147 4224 3800 4303; baseline 0.004 -23"><span class='ocrx_word' id='word_1_634' title='bbox 2147 4225 2259 4297; x_wconf 88' lang='lat' dir='ltr'>ipsi</span> <span class='ocrx_word' id='word_1_635' title='bbox 2291 4224 2586 4296; x_wconf 84' lang='lat' dir='ltr'>sapientes</span> <span class='ocrx_word' id='word_1_636' title='bbox 2609 4230 2665 4278; x_wconf 90' lang='lat' dir='ltr'>et</span> <span class='ocrx_word' id='word_1_637' title='bbox 2691 4224 3024 4296; x_wconf 88' lang='lat' dir='ltr'>philosophi</span> <span class='ocrx_word' id='word_1_638' title='bbox 3053 4227 3496 4298; x_wconf 90' lang='lat' dir='ltr'>Evangeliorum</span> <span class='ocrx_word' id='word_1_639' title='bbox 3519 4230 3800 4303; x_wconf 88' lang='lat' dir='ltr'>interpre-</span> 
     </span>
    </p>
   </div>
   <div class='ocr_carea' id='block_1_92' title="bbox 2145 4313 3798 4390">
    <p class='ocr_par' dir='ltr' id='par_1_92' title="bbox 2145 4313 3798 4390">
     <span class='ocr_line' id='line_1_92' title="bbox 2145 4313 3798 4390; baseline 0.005 -21"><span class='ocrx_word' id='word_1_640' title='bbox 2145 4313 2428 4369; x_wconf 88' lang='lat' dir='ltr'>tationem</span> <span class='ocrx_word' id='word_1_641' title='bbox 2451 4313 2723 4368; x_wconf 90' lang='lat' dir='ltr'>omnibus</span> <span class='ocrx_word' id='word_1_642' title='bbox 2746 4315 3139 4384; x_wconf 84' lang='lat' dir='ltr'>anteponant?</span> <span class='ocrx_word' id='word_1_643' title='bbox 3169 4316 3433 4390; x_wconf 85' lang='lat' dir='ltr'>Namque</span> <span class='ocrx_word' id='word_1_644' title='bbox 3455 4336 3602 4390; x_wconf 90' lang='lat' dir='ltr'>quos</span> <span class='ocrx_word' id='word_1_645' title='bbox 3625 4325 3798 4377; x_wconf 87' lang='lat' dir='ltr'>antea</span> 
     </span>
    </p>
   </div>
   <div class='ocr_carea' id='block_1_93' title="bbox 2147 4402 3794 4480">
    <p class='ocr_par' dir='ltr' id='par_1_93' title="bbox 2147 4402 3794 4480">
     <span class='ocr_line' id='line_1_93' title="bbox 2147 4402 3794 4480; baseline 0.004 -22"><span class='ocrx_word' id='word_1_646' title='bbox 2147 4403 2491 4471; x_wconf 89' lang='lat' dir='ltr'>adorabant,</span> <span class='ocrx_word' id='word_1_647' title='bbox 2524 4403 2596 4457; x_wconf 92' lang='lat' dir='ltr'>ab</span> <span class='ocrx_word' id='word_1_648' title='bbox 2622 4402 2721 4457; x_wconf 71' lang='lat' dir='ltr'>seis</span> <span class='ocrx_word' id='word_1_649' title='bbox 2753 4402 3063 4458; x_wconf 85' lang='lat' dir='ltr'>discedunt</span> <span class='ocrx_word' id='word_1_650' title='bbox 3094 4419 3107 4458; x_wconf 93' lang='lat'>:</span> <span class='ocrx_word' id='word_1_651' title='bbox 3135 4404 3433 4462; x_wconf 90' lang='lat' dir='ltr'>Christum</span> <span class='ocrx_word' id='word_1_652' title='bbox 3463 4424 3596 4462; x_wconf 90' lang='lat' dir='ltr'>vero</span> <span class='ocrx_word' id='word_1_653' title='bbox 3619 4425 3794 4480; x_wconf 90' lang='lat' dir='ltr'>quem</span> 
     </span>
    </p>
   </div>
   <div class='ocr_carea' id='block_1_94' title="bbox 2145 4491 3798 4558">
    <p class='ocr_par' dir='ltr' id='par_1_94' title="bbox 2145 4491 3798 4558">
     <span class='ocr_line' id='line_1_94' title="bbox 2145 4491 3798 4558; baseline 0.004 -11"><span class='ocrx_word' id='word_1_654' title='bbox 2145 4492 2492 4547; x_wconf 83' lang='lat' dir='ltr'>cruciﬁxum</span> <span class='ocrx_word' id='word_1_655' title='bbox 2525 4491 3138 4558; x_wconf 87' lang='lat' dir='ltr'>deridebant,adorant</span> <span class='ocrx_word' id='word_1_656' title='bbox 3162 4499 3218 4549; x_wconf 88' lang='lat' dir='ltr'>et</span> <span class='ocrx_word' id='word_1_657' title='bbox 3246 4495 3431 4550; x_wconf 91' lang='lat' dir='ltr'>Deum</span> <span class='ocrx_word' id='word_1_658' title='bbox 3463 4512 3590 4552; x_wconf 87' lang='lat' dir='ltr'>esse</span> <span class='ocrx_word' id='word_1_659' title='bbox 3610 4499 3798 4553; x_wconf 82' lang='lat' dir='ltr'>conﬁ-</span> 
     </span>
    </p>
   </div>
   <div class='ocr_carea' id='block_1_95' title="bbox 385 4577 2024 4660">
    <p class='ocr_par' dir='ltr' id='par_1_95' title="bbox 385 4577 2024 4660">
     <span class='ocr_line' id='line_1_95' title="bbox 385 4577 2024 4660; baseline 0.008 -29"><span class='ocrx_word' id='word_1_660' title='bbox 385 4579 581 4653; x_wconf 75' lang='grc' dir='ltr'>Σωτηρ</span> <span class='ocrx_word' id='word_1_661' title='bbox 614 4577 664 4632; x_wconf 82' lang='grc' dir='ltr'>ἐν</span> <span class='ocrx_word' id='word_1_662' title='bbox 694 4579 836 4653; x_wconf 75' lang='grc' dir='ltr'>πάσῃ</span> <span class='ocrx_word' id='word_1_663' title='bbox 884 4579 951 4653; x_wconf 77' lang='grc' dir='ltr'>τῄ</span> <span class='ocrx_word' id='word_1_664' title='bbox 1003 4579 1297 4654; x_wconf 75' lang='grc' dir='ltr'>οἰκουμένῃ</span> <span class='ocrx_word' id='word_1_665' title='bbox 1344 4581 1474 4644; x_wconf 87' lang='grc' dir='ltr'>Θεὸς</span> <span class='ocrx_word' id='word_1_666' title='bbox 1523 4582 1900 4660; x_wconf 85' lang='grc' dir='ltr'>ἀναγορεύεται</span> <span class='ocrx_word' id='word_1_667' title='bbox 1949 4590 2024 4643; x_wconf 86' lang='grc' dir='ltr'>κα</span> 
     </span>
    </p>
   </div>
   <div class='ocr_carea' id='block_1_96' title="bbox 2137 4577 3796 4660">
    <p class='ocr_par' dir='ltr' id='par_1_96' title="bbox 2147 4579 3796 4659">
     <span class='ocr_line' id='line_1_96' title="bbox 2147 4579 3796 4659; baseline 0.004 -22"><span class='ocrx_word' id='word_1_668' title='bbox 2147 4585 2363 4637; x_wconf 90' lang='lat' dir='ltr'>tentur.</span> <span class='ocrx_word' id='word_1_669' title='bbox 2398 4581 2644 4652; x_wconf 90' lang='lat' dir='ltr'>Insuper</span> <span class='ocrx_word' id='word_1_670' title='bbox 2673 4579 2851 4635; x_wconf 89' lang='lat' dir='ltr'>iidem</span> <span class='ocrx_word' id='word_1_671' title='bbox 2885 4579 2992 4651; x_wconf 88' lang='lat' dir='ltr'>illi,</span> <span class='ocrx_word' id='word_1_672' title='bbox 3024 4585 3089 4635; x_wconf 92' lang='lat' dir='ltr'>ut</span> <span class='ocrx_word' id='word_1_673' title='bbox 3120 4583 3436 4654; x_wconf 91' lang='lat' dir='ltr'>appellant,</span> <span class='ocrx_word' id='word_1_674' title='bbox 3490 4585 3593 4651; x_wconf 91' lang='lat' dir='ltr'>dii,</span> <span class='ocrx_word' id='word_1_675' title='bbox 3628 4586 3796 4659; x_wconf 87' lang='lat' dir='ltr'>signo</span> 
     </span>
    </p>
   </div>
   <div class='ocr_carea' id='block_1_97' title="bbox 383 4666 2036 4749">
    <p class='ocr_par' dir='ltr' id='par_1_97' title="bbox 383 4666 2036 4749">
     <span class='ocr_line' id='line_1_97' title="bbox 383 4666 2036 4749; baseline 0.006 -27"><span class='ocrx_word' id='word_1_676' title='bbox 383 4671 516 4722; x_wconf 87' lang='grc' dir='ltr'>Θεοῦ</span> <span class='ocrx_word' id='word_1_677' title='bbox 547 4666 692 4730; x_wconf 74' lang='grc' dir='ltr'>Υἱός.</span> <span class='ocrx_word' id='word_1_678' title='bbox 728 4667 826 4722; x_wconf 85' lang='grc' dir='ltr'>Καὶ</span> <span class='ocrx_word' id='word_1_679' title='bbox 860 4668 912 4722; x_wconf 74' lang='grc' dir='ltr'>οἱ</span> <span class='ocrx_word' id='word_1_680' title='bbox 962 4669 1055 4741; x_wconf 72' lang='grc' dir='ltr'>μὲν</span> <span class='ocrx_word' id='word_1_681' title='bbox 1113 4671 1240 4745; x_wconf 90' lang='grc' dir='ltr'>παρ’</span> <span class='ocrx_word' id='word_1_682' title='bbox 1272 4667 1510 4740; x_wconf 85' lang='grc' dir='ltr'>Ἕλλησι</span> <span class='ocrx_word' id='word_1_683' title='bbox 1570 4674 2036 4749; x_wconf 89' lang='grc' dir='ltr'>προσκυνούμενοι</span> 
     </span>
    </p>
   </div>
   <div class='ocr_carea' id='block_1_98' title="bbox 385 4751 2035 4835">
    <p class='ocr_par' dir='ltr' id='par_1_98' title="bbox 385 4751 2035 4835">
     <span class='ocr_line' id='line_1_98' title="bbox 385 4751 2035 4835; baseline 0.006 -25"><span class='ocrx_word' id='word_1_684' title='bbox 385 4754 496 4818; x_wconf 84' lang='grc' dir='ltr'>θεοὶ</span> <span class='ocrx_word' id='word_1_685' title='bbox 528 4755 602 4818; x_wconf 83' lang='grc' dir='ltr'>ὡς</span> <span class='ocrx_word' id='word_1_686' title='bbox 631 4754 853 4832; x_wconf 80' lang='grc' dir='ltr'>αἰσχροὶ</span> <span class='ocrx_word' id='word_1_687' title='bbox 888 4751 1276 4813; x_wconf 86' lang='grc' dir='ltr'>διαϐάλλονται</span> <span class='ocrx_word' id='word_1_688' title='bbox 1328 4760 1454 4834; x_wconf 89' lang='grc' dir='ltr'>παρ’</span> <span class='ocrx_word' id='word_1_689' title='bbox 1483 4759 1658 4815; x_wconf 82' lang='grc' dir='ltr'>αὑτῶν</span> <span class='ocrx_word' id='word_1_690' title='bbox 1686 4783 1698 4796; x_wconf 89' lang='grc'><strong>·</strong></span> <span class='ocrx_word' id='word_1_691' title='bbox 1735 4763 1786 4816; x_wconf 79' lang='grc' dir='ltr'>οἱ</span> <span class='ocrx_word' id='word_1_692' title='bbox 1836 4761 1893 4818; x_wconf 78' lang='grc' dir='ltr'>δὲ</span> <span class='ocrx_word' id='word_1_693' title='bbox 1937 4767 2035 4835; x_wconf 74' lang='grc' dir='ltr'>τὴν</span> 
     </span>
    </p>
   </div>
   <div class='ocr_carea' id='block_1_99' title="bbox 384 4839 2036 4930">
    <p class='ocr_par' dir='ltr' id='par_1_99' title="bbox 384 4839 2036 4930">
     <span class='ocr_line' id='line_1_99' title="bbox 384 4839 2036 4930; baseline 0.008 -34"><span class='ocrx_word' id='word_1_694' title='bbox 384 4848 619 4919; x_wconf 82' lang='grc' dir='ltr'>Χριστοῦ</span> <span class='ocrx_word' id='word_1_695' title='bbox 721 4839 1096 4917; x_wconf 86' lang='grc' dir='ltr'>λαμϐάνοντες</span> <span class='ocrx_word' id='word_1_696' title='bbox 1181 4844 1528 4903; x_wconf 82' lang='grc' dir='ltr'>διδασκαλίαν</span> <span class='ocrx_word' id='word_1_697' title='bbox 1605 4851 2036 4930; x_wconf 73' lang='grc' dir='ltr'>σωφρονέστερον</span> 
     </span>
    </p>
   </div>
   <div class='ocr_carea' id='block_1_100' title="bbox 383 4929 2037 5009">
    <p class='ocr_par' dir='ltr' id='par_1_100' title="bbox 383 4929 2037 5009">
     <span class='ocr_line' id='line_1_100' title="bbox 383 4929 2037 5009; baseline 0.007 -24"><span class='ocrx_word' id='word_1_698' title='bbox 383 4931 597 4986; x_wconf 76' lang='grc' dir='ltr'>ἐκείνων</span> <span class='ocrx_word' id='word_1_699' title='bbox 647 4929 834 5007; x_wconf 80' lang='grc' dir='ltr'>ἔχουσι</span> <span class='ocrx_word' id='word_1_700' title='bbox 889 4934 981 4988; x_wconf 86' lang='grc' dir='ltr'>τὸν</span> <span class='ocrx_word' id='word_1_701' title='bbox 1045 4934 1182 5009; x_wconf 81' lang='grc' dir='ltr'>βίον.</span> <span class='ocrx_word' id='word_1_702' title='bbox 1233 4941 1408 4990; x_wconf 90' lang='grc' dir='ltr'>Ταῦτα</span> <span class='ocrx_word' id='word_1_703' title='bbox 1463 4934 1552 4991; x_wconf 81' lang='grc' dir='ltr'>οὖν</span> <span class='ocrx_word' id='word_1_704' title='bbox 1603 4939 1692 4994; x_wconf 80' lang='grc' dir='ltr'>καὶ</span> <span class='ocrx_word' id='word_1_705' title='bbox 1722 4941 2037 4998; x_wconf 75' lang='grc' dir='ltr'>τὰτοιαῦτα</span> 
     </span>
    </p>
   </div>
   <div class='ocr_carea' id='block_1_101' title="bbox 381 5019 2033 5104">
    <p class='ocr_par' dir='ltr' id='par_1_101' title="bbox 381 5019 2033 5104">
     <span class='ocr_line' id='line_1_101' title="bbox 381 5019 2033 5104; baseline 0.008 -31"><span class='ocrx_word' id='word_1_706' title='bbox 381 5019 426 5073; x_wconf 84' lang='grc' dir='ltr'>εἰ</span> <span class='ocrx_word' id='word_1_707' title='bbox 490 5021 584 5094; x_wconf 73' lang='grc' dir='ltr'>μὲν</span> <span class='ocrx_word' id='word_1_708' title='bbox 645 5021 950 5098; x_wconf 84' lang='grc' dir='ltr'>ἀνθρώρινά</span> <span class='ocrx_word' id='word_1_709' title='bbox 1007 5023 1140 5093; x_wconf 81' lang='grc' dir='ltr'>ἐστι,</span> <span class='ocrx_word' id='word_1_710' title='bbox 1173 5022 1434 5080; x_wconf 87' lang='grc' dir='ltr'>δεικνύτω</span> <span class='ocrx_word' id='word_1_711' title='bbox 1480 5048 1563 5089; x_wconf 91' lang='grc' dir='ltr'>τις</span> <span class='ocrx_word' id='word_1_712' title='bbox 1609 5028 1636 5080; x_wconf 92' lang='grc' dir='ltr'>ὁ</span> <span class='ocrx_word' id='word_1_713' title='bbox 1695 5027 2033 5104; x_wconf 89' lang='grc' dir='ltr'>βουλόμενος</span> 
     </span>
    </p>
   </div>
   <div class='ocr_carea' id='block_1_102' title="bbox 450 5179 2038 5262">
    <p class='ocr_par' dir='ltr' id='par_1_102' title="bbox 450 5179 2038 5262">
     <span class='ocr_line' id='line_1_102' title="bbox 450 5179 2038 5262; baseline 0.018 -41"><span class='ocrx_word' id='word_1_714' title='bbox 595 5185 697 5262; x_wconf 47' lang='lat' dir='ltr'>‘Hgg-</span> <span class='ocrx_word' id='word_1_715' title='bbox 721 5197 919 5262; x_wconf 52' lang='lat' dir='ltr'>voces,</span> <span class='ocrx_word' id='word_1_716' title='bbox 948 5179 1141 5262; x_wconf 58' lang='grc' dir='ltr'>λριςπᾷν</span> <span class='ocrx_word' id='word_1_717' title='bbox 1183 5183 1334 5262; x_wconf 40' lang='grc' dir='ltr'>κατὰ-</span> <span class='ocrx_word' id='word_1_718' title='bbox 1367 5179 1630 5262; x_wconf 81' lang='grc' dir='ltr'>διαϐόλου</span> <span class='ocrx_word' id='word_1_719' title='bbox 1679 5187 1788 5262; x_wconf 80' lang='grc' dir='ltr'>καί,</span> <span class='ocrx_word' id='word_1_720' title='bbox 1821 5191 2038 5248; x_wconf 81' lang='lat' dir='ltr'>desunt</span> 
     </span>
    </p>
   </div>
   <div class='ocr_carea' id='block_1_103' title="bbox 377 5251 1745 5331">
    <p class='ocr_par' dir='ltr' id='par_1_103' title="bbox 377 5251 1745 5331">
     <span class='ocr_line' id='line_1_103' title="bbox 377 5251 1745 5331; baseline 0.007 -25"><span class='ocrx_word' id='word_1_721' title='bbox 377 5251 838 5331; x_wconf 27' lang='lat' dir='ltr'>in;C_oble_r_ian_o,</span> <span class='ocrx_word' id='word_1_722' title='bbox 873 5258 928 5308; x_wconf 91' lang='lat' dir='ltr'>et</span> <span class='ocrx_word' id='word_1_723' title='bbox 957 5254 1337 5331; x_wconf 60' lang='lat' dir='ltr'>Felelrmanni</span> <span class='ocrx_word' id='word_1_724' title='bbox 1369 5258 1392 5312; x_wconf 77' lang='grc'><strong>4</strong></span> <span class='ocrx_word' id='word_1_725' title='bbox 1435 5275 1745 5331; x_wconf 85' lang='lat' dir='ltr'>anonymo.</span> 
     </span>
    </p>
   </div>
   <div class='ocr_carea' id='block_1_104' title="bbox 450 5323 2032 5408">
    <p class='ocr_par' dir='ltr' id='par_1_104' title="bbox 450 5323 2032 5408">
     <span class='ocr_line' id='line_1_104' title="bbox 450 5323 2032 5408; baseline 0.006 -31"><span class='ocrx_word' id='word_1_726' title='bbox 450 5323 523 5395; x_wconf 88' lang='grc'>(1)</span> <span class='ocrx_word' id='word_1_727' title='bbox 555 5323 962 5408; x_wconf 60' lang='lat' dir='ltr'>Gobleriapus,</span> <span class='ocrx_word' id='word_1_728' title='bbox 995 5326 1336 5408; x_wconf 12' lang='lat' dir='ltr'>etilj‘elckm.</span> <span class='ocrx_word' id='word_1_729' title='bbox 1378 5335 1394 5382; x_wconf 87' lang='lat'><strong>1</strong></span> <span class='ocrx_word' id='word_1_730' title='bbox 1431 5323 2032 5408; x_wconf 68' lang='lat' dir='ltr'>anony_mus,_ctapoo-_</span> 
     </span>
    </p>
   </div>
   <div class='ocr_carea' id='block_1_105' title="bbox 380 5391 2034 5475">
    <p class='ocr_par' dir='ltr' id='par_1_105' title="bbox 380 5391 2034 5475">
     <span class='ocr_line' id='line_1_105' title="bbox 380 5391 2034 5475; baseline 0.007 -29"><span class='ocrx_word' id='word_1_731' title='bbox 380 5391 574 5475; x_wconf 70' lang='grc' dir='ltr'>μένους</span> <span class='ocrx_word' id='word_1_732' title='bbox 607 5395 895 5471; x_wconf 81' lang='grc' dir='ltr'>ὑπερορᾷν,</span> <span class='ocrx_word' id='word_1_733' title='bbox 926 5395 1018 5475; x_wconf 73' lang='grc' dir='ltr'>καὶ</span> <span class='ocrx_word' id='word_1_734' title='bbox 1051 5395 1273 5460; x_wconf 83' lang='grc' dir='ltr'>θάνατον</span> <span class='ocrx_word' id='word_1_735' title='bbox 1312 5391 1688 5475; x_wconf 70' lang='grc' dir='ltr'>καταφρονεῖν.</span> <span class='ocrx_word' id='word_1_736' title='bbox 1725 5391 1916 5459; x_wconf 54' lang='grc' dir='ltr'>Ιὶξίθαί</span> <span class='ocrx_word' id='word_1_737' title='bbox 1945 5404 2034 5458; x_wconf 84' lang='grc' dir='ltr'>καί</span> 
     </span>
    </p>
   </div>
   <div class='ocr_carea' id='block_1_106' title="bbox 377 5463 1122 5525">
    <p class='ocr_par' dir='ltr' id='par_1_106' title="bbox 377 5463 1122 5525">
     <span class='ocr_line' id='line_1_106' title="bbox 377 5463 1122 5525; baseline 0.007 -5"><span class='ocrx_word' id='word_1_738' title='bbox 377 5463 513 5521; x_wconf 87' lang='lat' dir='ltr'>ante</span> <span class='ocrx_word' id='word_1_739' title='bbox 538 5463 631 5519; x_wconf 62' lang='grc' dir='ltr'>τίνα</span> <span class='ocrx_word' id='word_1_740' title='bbox 660 5463 795 5523; x_wconf 57' lang='lat' dir='ltr'>moi</span> <span class='ocrx_word' id='word_1_741' title='bbox 824 5463 1122 5525; x_wconf 85' lang='lat' dir='ltr'>omittunt.</span> 
     </span>
    </p>
   </div>
   <div class='ocr_carea' id='block_1_107' title="bbox 449 5538 2035 5663">
    <p class='ocr_par' dir='ltr' id='par_1_107' title="bbox 449 5538 2035 5663">
     <span class='ocr_line' id='line_1_107' title="bbox 449 5538 2035 5663; baseline 0.008 -73"><span class='ocrx_word' id='word_1_742' title='bbox 449 5538 526 5663; x_wconf 72' lang='lat'>(2)</span> <span class='ocrx_word' id='word_1_743' title='bbox 558 5538 797 5609; x_wconf 82' lang='lat' dir='ltr'>Seguer.</span> <span class='ocrx_word' id='word_1_744' title='bbox 852 5545 911 5596; x_wconf 88' lang='lat' dir='ltr'>et</span> <span class='ocrx_word' id='word_1_745' title='bbox 966 5540 1193 5614; x_wconf 88' lang='lat' dir='ltr'>Anglic.</span> <span class='ocrx_word' id='word_1_746' title='bbox 1244 5543 1706 5628; x_wconf 53' lang='lat' dir='ltr'>1009670‘1.Ib.ld..</span> <span class='ocrx_word' id='word_1_747' title='bbox 1757 5545 1937 5600; x_wconf 90' lang='lat' dir='ltr'>iidem</span> <span class='ocrx_word' id='word_1_748' title='bbox 1977 5550 2035 5603; x_wconf 88' lang='lat' dir='ltr'>et</span> 
     </span>
     <span class='ocr_line' id='line_1_108' title="bbox 449 5609 2031 5663; baseline 0 0"><span class='ocrx_word' id='word_1_749' title='bbox 449 5609 502 5663; x_wconf 63' lang='lat' dir='ltr'>ib</span> <span class='ocrx_word' id='word_1_750' title='bbox 530 5625 611 5663; x_wconf 91' lang='lat' dir='ltr'>er.</span> <span class='ocrx_word' id='word_1_751' title='bbox 660 5611 850 5663; x_wconf 82' lang='lat' dir='ltr'>Felck.</span> <span class='ocrx_word' id='word_1_752' title='bbox 902 5612 928 5663; x_wconf 92' lang='grc'>1</span> <span class='ocrx_word' id='word_1_753' title='bbox 981 5629 1156 5663; x_wconf 84' lang='lat' dir='ltr'>anon.</span> <span class='ocrx_word' id='word_1_754' title='bbox 1211 5609 1418 5663; x_wconf 82' lang='grc' dir='ltr'>Βαλειν-</span> <span class='ocrx_word' id='word_1_755' title='bbox 1464 5611 1563 5663; x_wconf 82' lang='grc' dir='ltr'>Καί</span> <span class='ocrx_word' id='word_1_756' title='bbox 1611 5615 1754 5663; x_wconf 75' lang='lat' dir='ltr'>ibid-</span> <span class='ocrx_word' id='word_1_757' title='bbox 1789 5617 1954 5663; x_wconf 72' lang='lat' dir='ltr'>aheni:</span> <span class='ocrx_word' id='word_1_758' title='bbox 1999 5635 2031 5663; x_wconf 70' lang='grc' dir='ltr'>ιι</span> 
     </span>
    </p>
   </div>
   <div class='ocr_carea' id='block_1_108' title="bbox 377 5608 2033 5687">
    <p class='ocr_par' dir='ltr' id='par_1_108' title="bbox 377 5608 2033 5687">
     <span class='ocr_line' id='line_1_109' title="bbox 377 5608 2033 5687; baseline 0.007 -25"><span class='ocrx_word' id='word_1_759' title='bbox 377 5608 850 5687; x_wconf 32' lang='lat' dir='ltr'>geblerL’Felcli.</span> <span class='ocrx_word' id='word_1_760' title='bbox 902 5612 928 5666; x_wconf 82' lang='lat'><strong>1</strong></span> <span class='ocrx_word' id='word_1_761' title='bbox 981 5608 1156 5670; x_wconf 78' lang='lat' dir='ltr'>an6n.</span> <span class='ocrx_word' id='word_1_762' title='bbox 1211 5609 1418 5687; x_wconf 85' lang='grc' dir='ltr'>βαλεῖν.</span> <span class='ocrx_word' id='word_1_763' title='bbox 1464 5611 1563 5668; x_wconf 82' lang='grc' dir='ltr'>Καί</span> <span class='ocrx_word' id='word_1_764' title='bbox 1611 5615 1754 5674; x_wconf 89' lang='lat' dir='ltr'>ibid.</span> <span class='ocrx_word' id='word_1_765' title='bbox 1789 5617 1954 5674; x_wconf 87' lang='lat' dir='ltr'>abest</span> <span class='ocrx_word' id='word_1_766' title='bbox 1999 5635 2033 5674; x_wconf 91' lang='lat' dir='ltr'>a</span> 
     </span>
    </p>
   </div>
   <div class='ocr_carea' id='block_1_109' title="bbox 379 5678 1019 5740">
    <p class='ocr_par' dir='ltr' id='par_1_109' title="bbox 379 5678 1019 5740">
     <span class='ocr_line' id='line_1_110' title="bbox 379 5678 1019 5740; baseline 0.005 -3"><span class='ocrx_word' id='word_1_767' title='bbox 379 5678 549 5737; x_wconf 92' lang='lat' dir='ltr'>Gobl.</span> <span class='ocrx_word' id='word_1_768' title='bbox 582 5680 752 5738; x_wconf 89' lang='lat' dir='ltr'>Felck</span> <span class='ocrx_word' id='word_1_769' title='bbox 784 5684 810 5739; x_wconf 91' lang='grc'>1</span> <span class='ocrx_word' id='word_1_770' title='bbox 844 5699 1019 5740; x_wconf 90' lang='lat' dir='ltr'>anon.</span> 
     </span>
    </p>
   </div>
   <div class='ocr_carea' id='block_1_110' title="bbox 2147 4669 3797 4745">
    <p class='ocr_par' dir='ltr' id='par_1_110' title="bbox 2147 4669 3797 4745">
     <span class='ocr_line' id='line_1_111' title="bbox 2147 4669 3797 4745; baseline 0.004 -19"><span class='ocrx_word' id='word_1_771' title='bbox 2147 4670 2338 4726; x_wconf 91' lang='lat' dir='ltr'>crucis</span> <span class='ocrx_word' id='word_1_772' title='bbox 2384 4670 2662 4740; x_wconf 87' lang='lat' dir='ltr'>fugantur</span> <span class='ocrx_word' id='word_1_773' title='bbox 2712 4685 2724 4723; x_wconf 94' lang='lat'>:</span> <span class='ocrx_word' id='word_1_774' title='bbox 2771 4673 2832 4724; x_wconf 90' lang='lat' dir='ltr'>at</span> <span class='ocrx_word' id='word_1_775' title='bbox 2878 4669 3192 4727; x_wconf 83' lang='lat' dir='ltr'>cruciﬁxus</span> <span class='ocrx_word' id='word_1_776' title='bbox 3245 4671 3530 4745; x_wconf 88' lang='lat' dir='ltr'>Salvator,</span> <span class='ocrx_word' id='word_1_777' title='bbox 3561 4677 3619 4730; x_wconf 89' lang='lat' dir='ltr'>et</span> <span class='ocrx_word' id='word_1_778' title='bbox 3646 4680 3797 4732; x_wconf 88' lang='lat' dir='ltr'>Deus</span> 
     </span>
    </p>
   </div>
   <div class='ocr_carea' id='block_1_111' title="bbox 2147 4758 3799 4836">
    <p class='ocr_par' dir='ltr' id='par_1_111' title="bbox 2147 4758 3799 4836">
     <span class='ocr_line' id='line_1_112' title="bbox 2147 4758 3799 4836; baseline 0.003 -21"><span class='ocrx_word' id='word_1_779' title='bbox 2147 4763 2205 4815; x_wconf 90' lang='lat' dir='ltr'>et</span> <span class='ocrx_word' id='word_1_780' title='bbox 2233 4761 2326 4815; x_wconf 92' lang='lat' dir='ltr'>Dei</span> <span class='ocrx_word' id='word_1_781' title='bbox 2345 4758 2540 4814; x_wconf 83' lang='lat' dir='ltr'>&#39;Filius</span> <span class='ocrx_word' id='word_1_782' title='bbox 2571 4758 2791 4830; x_wconf 90' lang='lat' dir='ltr'>ubique</span> <span class='ocrx_word' id='word_1_783' title='bbox 2820 4763 3109 4814; x_wconf 88' lang='lat' dir='ltr'>terrarum</span> <span class='ocrx_word' id='word_1_784' title='bbox 3131 4761 3502 4831; x_wconf 65' lang='lat' dir='ltr'>praedicatur.</span> <span class='ocrx_word' id='word_1_785' title='bbox 3541 4763 3799 4836; x_wconf 85' lang='lat' dir='ltr'>Denique</span> 
     </span>
    </p>
   </div>
   <div class='ocr_carea' id='block_1_112' title="bbox 2147 4846 3799 4924">
    <p class='ocr_par' dir='ltr' id='par_1_112' title="bbox 2147 4846 3799 4924">
     <span class='ocr_line' id='line_1_113' title="bbox 2147 4846 3799 4924; baseline 0.002 -19"><span class='ocrx_word' id='word_1_786' title='bbox 2147 4849 2250 4920; x_wconf 88' lang='lat' dir='ltr'>dii,</span> <span class='ocrx_word' id='word_1_787' title='bbox 2270 4865 2418 4922; x_wconf 90' lang='lat' dir='ltr'>quos</span> <span class='ocrx_word' id='word_1_788' title='bbox 2447 4846 2695 4921; x_wconf 89' lang='lat' dir='ltr'>gentiles</span> <span class='ocrx_word' id='word_1_789' title='bbox 2717 4846 2938 4914; x_wconf 90' lang='lat' dir='ltr'>colunt,</span> <span class='ocrx_word' id='word_1_790' title='bbox 2962 4852 3025 4902; x_wconf 90' lang='lat' dir='ltr'>ut</span> <span class='ocrx_word' id='word_1_791' title='bbox 3049 4851 3248 4921; x_wconf 89' lang='lat' dir='ltr'>turpes</span> <span class='ocrx_word' id='word_1_792' title='bbox 3269 4850 3340 4906; x_wconf 91' lang='lat' dir='ltr'>ab</span> <span class='ocrx_word' id='word_1_793' title='bbox 3363 4851 3572 4907; x_wconf 87' lang='lat' dir='ltr'>iisdem</span> <span class='ocrx_word' id='word_1_794' title='bbox 3596 4868 3799 4924; x_wconf 86' lang='lat' dir='ltr'>repre-</span> 
     </span>
    </p>
   </div>
   <div class='ocr_carea' id='block_1_113' title="bbox 2146 4937 3792 5012">
    <p class='ocr_par' dir='ltr' id='par_1_113' title="bbox 2146 4937 3792 5012">
     <span class='ocr_line' id='line_1_114' title="bbox 2146 4937 3792 5012; baseline 0.002 -18"><span class='ocrx_word' id='word_1_795' title='bbox 2146 4939 2487 4994; x_wconf 90' lang='lat' dir='ltr'>henduntur</span> <span class='ocrx_word' id='word_1_796' title='bbox 2504 4956 2520 4991; x_wconf 90' lang='lat'><strong><em>:</em></strong></span> <span class='ocrx_word' id='word_1_797' title='bbox 2537 4937 2635 5009; x_wconf 87' lang='lat' dir='ltr'>qui</span> <span class='ocrx_word' id='word_1_798' title='bbox 2660 4942 2855 4992; x_wconf 90' lang='lat' dir='ltr'>autem</span> <span class='ocrx_word' id='word_1_799' title='bbox 2879 4953 2942 4992; x_wconf 91' lang='lat' dir='ltr'>se</span> <span class='ocrx_word' id='word_1_800' title='bbox 2963 4937 3022 4991; x_wconf 90' lang='lat' dir='ltr'>in</span> <span class='ocrx_word' id='word_1_801' title='bbox 3045 4937 3254 4994; x_wconf 88' lang='lat' dir='ltr'>Christi</span> <span class='ocrx_word' id='word_1_802' title='bbox 3279 4939 3651 5012; x_wconf 88' lang='lat' dir='ltr'>disciplinam</span> <span class='ocrx_word' id='word_1_803' title='bbox 3672 4945 3792 4998; x_wconf 88' lang='lat' dir='ltr'>tra-</span> 
     </span>
    </p>
   </div>
   <div class='ocr_carea' id='block_1_114' title="bbox 2146 5025 3796 5101">
    <p class='ocr_par' dir='ltr' id='par_1_114' title="bbox 2146 5025 3796 5101">
     <span class='ocr_line' id='line_1_115' title="bbox 2146 5025 3796 5101; baseline -0.001 -15"><span class='ocrx_word' id='word_1_804' title='bbox 2146 5030 2365 5094; x_wconf 89' lang='lat' dir='ltr'>didere,</span> <span class='ocrx_word' id='word_1_805' title='bbox 2399 5026 2707 5082; x_wconf 88' lang='lat' dir='ltr'>castiorem</span> <span class='ocrx_word' id='word_1_806' title='bbox 2740 5025 2858 5080; x_wconf 92' lang='lat' dir='ltr'>illis</span> <span class='ocrx_word' id='word_1_807' title='bbox 2888 5025 3069 5082; x_wconf 87' lang='lat' dir='ltr'>vitam</span> <span class='ocrx_word' id='word_1_808' title='bbox 3101 5027 3341 5082; x_wconf 88' lang='lat' dir='ltr'>ducunt.</span> <span class='ocrx_word' id='word_1_809' title='bbox 3378 5028 3581 5101; x_wconf 91' lang='lat' dir='ltr'>Itaque</span> <span class='ocrx_word' id='word_1_810' title='bbox 3602 5029 3652 5084; x_wconf 87' lang='lat' dir='ltr'>si</span> <span class='ocrx_word' id='word_1_811' title='bbox 3675 5029 3796 5086; x_wconf 33' lang='lat' dir='ltr'>haec</span> 
     </span>
    </p>
   </div>
   <div class='ocr_carea' id='block_1_115' title="bbox 2218 5185 3791 5268">
    <p class='ocr_par' dir='ltr' id='par_1_115' title="bbox 2218 5185 3791 5268">
     <span class='ocr_line' id='line_1_116' title="bbox 2218 5185 3791 5268; baseline -0.003 -24"><span class='ocrx_word' id='word_1_812' title='bbox 2218 5190 2296 5261; x_wconf 91' lang='lat'>(3)</span> <span class='ocrx_word' id='word_1_813' title='bbox 2317 5188 2503 5268; x_wconf 43' lang='lat' dir='ltr'>Gobl;</span> <span class='ocrx_word' id='word_1_814' title='bbox 2519 5191 2574 5241; x_wconf 88' lang='lat' dir='ltr'>et</span> <span class='ocrx_word' id='word_1_815' title='bbox 2596 5186 2786 5268; x_wconf 71' lang='lat' dir='ltr'>Felck.</span> <span class='ocrx_word' id='word_1_816' title='bbox 2822 5188 3138 5268; x_wconf 31' lang='lat' dir='ltr'>tanonlea</span> <span class='ocrx_word' id='word_1_817' title='bbox 3159 5204 3284 5268; x_wconf 59' lang='lat' dir='ltr'>quae</span> <span class='ocrx_word' id='word_1_818' title='bbox 3306 5188 3401 5268; x_wconf 81' lang='lat' dir='ltr'>hic</span> <span class='ocrx_word' id='word_1_819' title='bbox 3433 5189 3708 5268; x_wconf 80' lang='lat' dir='ltr'>leguntur</span> <span class='ocrx_word' id='word_1_820' title='bbox 3735 5185 3791 5268; x_wconf 61' lang='grc' dir='ltr'>ξίν</span> 
     </span>
    </p>
   </div>
   <div class='ocr_carea' id='block_1_116' title="bbox 2148 5255 3796 5386">
    <p class='ocr_par' dir='ltr' id='par_1_116' title="bbox 2148 5255 3796 5386">
     <span class='ocr_line' id='line_1_117' title="bbox 2148 5255 3794 5332; baseline -0.001 -16"><span class='ocrx_word' id='word_1_821' title='bbox 2148 5255 2336 5332; x_wconf 83' lang='lat' dir='ltr'>usque</span> <span class='ocrx_word' id='word_1_822' title='bbox 2358 5261 2426 5314; x_wconf 91' lang='lat' dir='ltr'>ad</span> <span class='ocrx_word' id='word_1_823' title='bbox 2463 5255 2692 5331; x_wconf 84' lang='grc' dir='ltr'>Χριστόν</span> <span class='ocrx_word' id='word_1_824' title='bbox 2734 5255 3221 5314; x_wconf 63' lang='lat' dir='ltr'>omittunt-Paulo</span> <span class='ocrx_word' id='word_1_825' title='bbox 3247 5263 3460 5330; x_wconf 89' lang='lat' dir='ltr'>postex</span> <span class='ocrx_word' id='word_1_826' title='bbox 3475 5255 3794 5332; x_wconf 73' lang='lat' dir='ltr'>mss.Angl.</span> 
     </span>
     <span class='ocr_line' id='line_1_118' title="bbox 2148 5329 3796 5386; baseline 0 0"><span class='ocrx_word' id='word_1_827' title='bbox 2148 5331 2321 5386; x_wconf 91' lang='lat' dir='ltr'>Basil.</span> <span class='ocrx_word' id='word_1_828' title='bbox 2352 5329 2582 5386; x_wconf 87' lang='lat' dir='ltr'>Gohlcr.</span> <span class='ocrx_word' id='word_1_829' title='bbox 2618 5329 2808 5384; x_wconf 86' lang='lat' dir='ltr'>Felck.</span> <span class='ocrx_word' id='word_1_830' title='bbox 2845 5331 2868 5383; x_wconf 91' lang='grc'>1</span> <span class='ocrx_word' id='word_1_831' title='bbox 2905 5347 2998 5385; x_wconf 90' lang='lat' dir='ltr'>an.</span> <span class='ocrx_word' id='word_1_832' title='bbox 3033 5334 3090 5384; x_wconf 87' lang='lat' dir='ltr'>et</span> <span class='ocrx_word' id='word_1_833' title='bbox 3127 5331 3387 5386; x_wconf 75' lang='lat' dir='ltr'>Seguer..</span> <span class='ocrx_word' id='word_1_834' title='bbox 3424 5349 3528 5386; x_wconf 92' lang='lat' dir='ltr'>nec</span> <span class='ocrx_word' id='word_1_835' title='bbox 3577 5347 3691 5386; x_wconf 91' lang='lat' dir='ltr'>non</span> <span class='ocrx_word' id='word_1_836' title='bbox 3725 5347 3796 5386; x_wconf 87' lang='lat' dir='ltr'>ex</span> 
     </span>
    </p>
   </div>
   <div class='ocr_carea' id='block_1_117' title="bbox 2142 5331 3794 5459">
    <p class='ocr_par' dir='ltr' id='par_1_117' title="bbox 2142 5331 3794 5459">
     <span class='ocr_line' id='line_1_119' title="bbox 2145 5331 3794 5402; baseline -0.001 -14"><span class='ocrx_word' id='word_1_837' title='bbox 2145 5331 2321 5388; x_wconf 85' lang='lat' dir='ltr'>Basil.</span> <span class='ocrx_word' id='word_1_838' title='bbox 2352 5331 2582 5394; x_wconf 87' lang='lat' dir='ltr'>Gohlcr,</span> <span class='ocrx_word' id='word_1_839' title='bbox 2618 5331 2808 5384; x_wconf 87' lang='lat' dir='ltr'>Felck.</span> <span class='ocrx_word' id='word_1_840' title='bbox 2845 5331 2868 5383; x_wconf 91' lang='grc'>1</span> <span class='ocrx_word' id='word_1_841' title='bbox 2905 5347 2998 5385; x_wconf 90' lang='lat' dir='ltr'>an.</span> <span class='ocrx_word' id='word_1_842' title='bbox 3033 5334 3090 5384; x_wconf 87' lang='lat' dir='ltr'>et</span> <span class='ocrx_word' id='word_1_843' title='bbox 3127 5331 3387 5402; x_wconf 86' lang='lat' dir='ltr'>Seguer.,</span> <span class='ocrx_word' id='word_1_844' title='bbox 3424 5349 3528 5386; x_wconf 92' lang='lat' dir='ltr'>nec</span> <span class='ocrx_word' id='word_1_845' title='bbox 3577 5347 3691 5386; x_wconf 91' lang='lat' dir='ltr'>non</span> <span class='ocrx_word' id='word_1_846' title='bbox 3725 5347 3794 5386; x_wconf 88' lang='lat' dir='ltr'>ex</span> 
     </span>
     <span class='ocr_line' id='line_1_120' title="bbox 2142 5401 3794 5459; baseline -0.002 0"><span class='ocrx_word' id='word_1_847' title='bbox 2142 5405 2407 5459; x_wconf 89' lang='lat' dir='ltr'>versione</span> <span class='ocrx_word' id='word_1_848' title='bbox 2455 5401 2770 5456; x_wconf 90' lang='lat' dir='ltr'>Omniboni</span> <span class='ocrx_word' id='word_1_849' title='bbox 2800 5405 2857 5456; x_wconf 90' lang='lat' dir='ltr'>et</span> <span class='ocrx_word' id='word_1_850' title='bbox 2884 5401 3174 5456; x_wconf 90' lang='lat' dir='ltr'>Ambrosii</span> <span class='ocrx_word' id='word_1_851' title='bbox 3225 5402 3486 5458; x_wconf 87' lang='lat' dir='ltr'>Camald.</span> <span class='ocrx_word' id='word_1_852' title='bbox 3540 5402 3794 5458; x_wconf 87' lang='lat' dir='ltr'>restitui-</span> 
     </span>
    </p>
   </div>
   <div class='ocr_carea' id='block_1_118' title="bbox 2144 5472 3793 5545">
    <p class='ocr_par' dir='ltr' id='par_1_118' title="bbox 2144 5472 3793 5545">
     <span class='ocr_line' id='line_1_121' title="bbox 2144 5472 3793 5545; baseline -0.003 -15"><span class='ocrx_word' id='word_1_853' title='bbox 2144 5491 2376 5545; x_wconf 88' lang='lat' dir='ltr'>musea</span> <span class='ocrx_word' id='word_1_854' title='bbox 2407 5489 2534 5545; x_wconf 61' lang='lat' dir='ltr'>quae</span> <span class='ocrx_word' id='word_1_855' title='bbox 2567 5477 2891 5545; x_wconf 81' lang='lat' dir='ltr'>sequuntur</span> <span class='ocrx_word' id='word_1_856' title='bbox 2922 5490 2954 5526; x_wconf 89' lang='lat' dir='ltr'>a</span> <span class='ocrx_word' id='word_1_857' title='bbox 2983 5489 3116 5545; x_wconf 84' lang='lat' dir='ltr'>voce</span> <span class='ocrx_word' id='word_1_858' title='bbox 3144 5475 3222 5542; x_wconf 78' lang='grc' dir='ltr'>τῷ</span> <span class='ocrx_word' id='word_1_859' title='bbox 3254 5472 3468 5545; x_wconf 81' lang='grc' dir='ltr'>σημείῳ</span> <span class='ocrx_word' id='word_1_860' title='bbox 3507 5474 3579 5545; x_wconf 85' lang='lat' dir='ltr'>ad</span> <span class='ocrx_word' id='word_1_861' title='bbox 3618 5491 3793 5545; x_wconf 52' lang='lat' dir='ltr'>apoc-</span> 
     </span>
    </p>
   </div>
   <div class='ocr_carea' id='block_1_119' title="bbox 2141 5542 3794 5695">
    <p class='ocr_par' dir='ltr' id='par_1_119' title="bbox 2141 5542 3794 5695">
     <span class='ocr_line' id='line_1_122' title="bbox 2141 5542 3794 5672; baseline 0.002 -74"><span class='ocrx_word' id='word_1_862' title='bbox 2141 5542 2464 5672; x_wconf 58' lang='grc' dir='ltr'>ξυνούιΐενόι</span> <span class='ocrx_word' id='word_1_863' title='bbox 2516 5542 2646 5608; x_wconf 82' lang='grc' dir='ltr'>θεοί.</span> <span class='ocrx_word' id='word_1_864' title='bbox 2695 5544 2843 5599; x_wconf 90' lang='lat' dir='ltr'>Ibid.</span> <span class='ocrx_word' id='word_1_865' title='bbox 2892 5542 3116 5615; x_wconf 83' lang='lat' dir='ltr'>Anglic.</span> <span class='ocrx_word' id='word_1_866' title='bbox 3169 5560 3273 5616; x_wconf 85' lang='lat' dir='ltr'>pro</span> <span class='ocrx_word' id='word_1_867' title='bbox 3322 5542 3564 5621; x_wconf 76' lang='grc' dir='ltr'>αἰσχροί,</span> <span class='ocrx_word' id='word_1_868' title='bbox 3615 5543 3794 5607; x_wconf 86' lang='lat' dir='ltr'>habet</span> 
     </span>
     <span class='ocr_line' id='line_1_123' title="bbox 2170 5627 2351 5695; baseline 0.017 -3"><span class='ocrx_word' id='word_1_869' title='bbox 2170 5627 2351 5695; x_wconf 77' lang='grc' dir='ltr'>χθροο</span> 
     </span>
    </p>
   </div>
  </div>
