  <div class='ocr_page' id='page_1' title='image "/cluster/home/n/w/nwhite01/storage/ocr_20150623/25:no.1/coo.31924054873066/389.png"; bbox 0 0 4178 6402; ppageno 0'>
   <div class='ocr_carea' id='block_1_1' title="bbox 386 388 496 448">
    <p class='ocr_par' dir='ltr' id='par_1_1' title="bbox 386 388 496 448">
     <span class='ocr_line' id='line_1_1' title="bbox 386 388 496 448; baseline 0 -1"><span class='ocrx_word' id='word_1_1' title='bbox 386 388 496 448; x_wconf 89' lang='grc'>191</span> 
     </span>
    </p>
   </div>
   <div class='ocr_carea' id='block_1_2' title="bbox 927 378 3255 447">
    <p class='ocr_par' dir='ltr' id='par_1_2' title="bbox 927 378 3255 447">
     <span class='ocr_line' id='line_1_2' title="bbox 927 378 3255 447; baseline 0 -3"><span class='ocrx_word' id='word_1_2' title='bbox 927 385 994 444; x_wconf 91' lang='lat' dir='ltr'>S.</span> <span class='ocrx_word' id='word_1_3' title='bbox 1039 382 1461 444; x_wconf 79' lang='lat' dir='ltr'>ATHANASII</span> <span class='ocrx_word' id='word_1_4' title='bbox 1507 382 1680 442; x_wconf 85' lang='lat' dir='ltr'>OPP.</span> <span class='ocrx_word' id='word_1_5' title='bbox 1731 381 1930 442; x_wconf 79' lang='lat' dir='ltr'>PARS</span> <span class='ocrx_word' id='word_1_6' title='bbox 1977 378 2024 440; x_wconf 89' lang='grc' dir='ltr'>Ι.</span> <span class='ocrx_word' id='word_1_7' title='bbox 2056 413 2134 423; x_wconf 90' lang='grc'><strong>-</strong></span> <span class='ocrx_word' id='word_1_8' title='bbox 2164 379 2585 444; x_wconf 82' lang='lat' dir='ltr'>HISTORICA</span> <span class='ocrx_word' id='word_1_9' title='bbox 2631 383 2734 443; x_wconf 89' lang='lat' dir='ltr'>ET</span> <span class='ocrx_word' id='word_1_10' title='bbox 2776 383 3255 447; x_wconf 85' lang='lat' dir='ltr'>DOGMATICA.</span> 
     </span>
    </p>
   </div>
   <div class='ocr_carea' id='block_1_3' title="bbox 3676 389 3795 452">
    <p class='ocr_par' dir='ltr' id='par_1_3' title="bbox 3676 389 3795 452">
     <span class='ocr_line' id='line_1_3' title="bbox 3676 389 3795 452; baseline 0.025 -3"><span class='ocrx_word' id='word_1_11' title='bbox 3676 389 3795 452; x_wconf 72' lang='grc'>192</span> 
     </span>
    </p>
   </div>
   <div class='ocr_carea' id='block_1_4' title="bbox 381 511 2028 592">
    <p class='ocr_par' dir='ltr' id='par_1_4' title="bbox 381 513 2028 587">
     <span class='ocr_line' id='line_1_4' title="bbox 381 513 2028 587; baseline -0.005 -11"><span class='ocrx_word' id='word_1_12' title='bbox 381 522 438 576; x_wconf 87' lang='lat' dir='ltr'>et</span> <span class='ocrx_word' id='word_1_13' title='bbox 469 518 686 574; x_wconf 81' lang='lat' dir='ltr'>similia</span> <span class='ocrx_word' id='word_1_14' title='bbox 716 517 979 573; x_wconf 88' lang='lat' dir='ltr'>humana</span> <span class='ocrx_word' id='word_1_15' title='bbox 1025 515 1144 572; x_wconf 91' lang='lat' dir='ltr'>sint</span> <span class='ocrx_word' id='word_1_16' title='bbox 1178 533 1190 572; x_wconf 92' lang='lat'>:</span> <span class='ocrx_word' id='word_1_17' title='bbox 1223 515 1492 572; x_wconf 86' lang='lat' dir='ltr'>ostendat</span> <span class='ocrx_word' id='word_1_18' title='bbox 1535 516 1635 587; x_wconf 90' lang='lat' dir='ltr'>qui</span> <span class='ocrx_word' id='word_1_19' title='bbox 1683 513 1929 570; x_wconf 91' lang='lat' dir='ltr'>voluerit</span> <span class='ocrx_word' id='word_1_20' title='bbox 1976 517 2028 568; x_wconf 87' lang='lat' dir='ltr'>et</span> 
     </span>
    </p>
   </div>
   <div class='ocr_carea' id='block_1_5' title="bbox 2142 511 3797 592">
    <p class='ocr_par' dir='ltr' id='par_1_5' title="bbox 2145 511 3797 592">
     <span class='ocr_line' id='line_1_5' title="bbox 2145 511 3797 592; baseline 0.006 -28"><span class='ocrx_word' id='word_1_21' title='bbox 2145 511 2232 565; x_wconf 81' lang='grc' dir='ltr'>καὶ</span> <span class='ocrx_word' id='word_1_22' title='bbox 2286 517 2392 566; x_wconf 79' lang='grc' dir='ltr'>τῶν</span> <span class='ocrx_word' id='word_1_23' title='bbox 2452 514 2730 588; x_wconf 85' lang='grc' dir='ltr'>προτέοων</span> <span class='ocrx_word' id='word_1_24' title='bbox 2788 519 3031 587; x_wconf 87' lang='grc' dir='ltr'>τοιαῦτα,</span> <span class='ocrx_word' id='word_1_25' title='bbox 3086 516 3176 570; x_wconf 86' lang='grc' dir='ltr'>καὶ</span> <span class='ocrx_word' id='word_1_26' title='bbox 3225 516 3476 580; x_wconf 85' lang='grc' dir='ltr'>πειθέτω.</span> <span class='ocrx_word' id='word_1_27' title='bbox 3511 516 3574 572; x_wconf 81' lang='grc' dir='ltr'>Εἰ</span> <span class='ocrx_word' id='word_1_28' title='bbox 3625 515 3683 573; x_wconf 74' lang='grc' dir='ltr'>δὲ</span> <span class='ocrx_word' id='word_1_29' title='bbox 3718 521 3797 592; x_wconf 78' lang='grc' dir='ltr'>μὴ</span> 
     </span>
    </p>
   </div>
   <div class='ocr_carea' id='block_1_6' title="bbox 383 603 2032 681">
    <p class='ocr_par' dir='ltr' id='par_1_6' title="bbox 383 603 2032 681">
     <span class='ocr_line' id='line_1_6' title="bbox 383 603 2032 681; baseline -0.004 -17"><span class='ocrx_word' id='word_1_30' title='bbox 383 609 590 681; x_wconf 89' lang='lat' dir='ltr'>probet</span> <span class='ocrx_word' id='word_1_31' title='bbox 617 605 886 662; x_wconf 82' lang='lat' dir='ltr'>homines</span> <span class='ocrx_word' id='word_1_32' title='bbox 913 605 1229 676; x_wconf 82' lang='lat' dir='ltr'>superioris</span> <span class='ocrx_word' id='word_1_33' title='bbox 1249 604 1437 660; x_wconf 77' lang='lat' dir='ltr'>aetatis</span> <span class='ocrx_word' id='word_1_34' title='bbox 1463 605 1666 660; x_wconf 89' lang='lat' dir='ltr'>eadem</span> <span class='ocrx_word' id='word_1_35' title='bbox 1699 603 2032 660; x_wconf 89' lang='lat' dir='ltr'>fecisse.Sin</span> 
     </span>
    </p>
   </div>
   <div class='ocr_carea' id='block_1_7' title="bbox 381 692 2036 752">
    <p class='ocr_par' dir='ltr' id='par_1_7' title="bbox 381 692 2036 752">
     <span class='ocr_line' id='line_1_7' title="bbox 381 692 2036 752; baseline -0.002 0"><span class='ocrx_word' id='word_1_36' title='bbox 381 702 581 752; x_wconf 88' lang='lat' dir='ltr'>autem</span> <span class='ocrx_word' id='word_1_37' title='bbox 615 712 731 750; x_wconf 92' lang='lat' dir='ltr'>non</span> <span class='ocrx_word' id='word_1_38' title='bbox 753 694 1062 750; x_wconf 86' lang='lat' dir='ltr'>hominum</span> <span class='ocrx_word' id='word_1_39' title='bbox 1091 694 1194 749; x_wconf 92' lang='lat' dir='ltr'>sed</span> <span class='ocrx_word' id='word_1_40' title='bbox 1229 692 1324 748; x_wconf 87' lang='lat' dir='ltr'>Dei</span> <span class='ocrx_word' id='word_1_41' title='bbox 1357 698 1415 748; x_wconf 89' lang='lat' dir='ltr'>et</span> <span class='ocrx_word' id='word_1_42' title='bbox 1447 692 1721 748; x_wconf 91' lang='lat' dir='ltr'>videntur</span> <span class='ocrx_word' id='word_1_43' title='bbox 1749 697 1807 748; x_wconf 90' lang='lat' dir='ltr'>et</span> <span class='ocrx_word' id='word_1_44' title='bbox 1838 708 2036 748; x_wconf 83' lang='lat' dir='ltr'><strong>revera</strong></span> 
     </span>
    </p>
   </div>
   <div class='ocr_carea' id='block_1_8' title="bbox 382 779 2032 858">
    <p class='ocr_par' dir='ltr' id='par_1_8' title="bbox 382 779 2032 858">
     <span class='ocr_line' id='line_1_8' title="bbox 382 779 2032 858; baseline -0.004 -16"><span class='ocrx_word' id='word_1_45' title='bbox 382 789 523 842; x_wconf 90' lang='lat' dir='ltr'>sunt</span> <span class='ocrx_word' id='word_1_46' title='bbox 551 801 746 858; x_wconf 81' lang='lat' dir='ltr'>opera,</span> <span class='ocrx_word' id='word_1_47' title='bbox 781 782 921 856; x_wconf 91' lang='lat' dir='ltr'>quid</span> <span class='ocrx_word' id='word_1_48' title='bbox 955 783 1100 837; x_wconf 87' lang='lat' dir='ltr'>adeo</span> <span class='ocrx_word' id='word_1_49' title='bbox 1133 782 1300 853; x_wconf 89' lang='lat' dir='ltr'>impii</span> <span class='ocrx_word' id='word_1_50' title='bbox 1333 786 1472 837; x_wconf 89' lang='lat' dir='ltr'>sunt</span> <span class='ocrx_word' id='word_1_51' title='bbox 1501 779 1876 850; x_wconf 82' lang='lat' dir='ltr'>inﬁdeles,ut</span> <span class='ocrx_word' id='word_1_52' title='bbox 1904 779 2032 836; x_wconf 90' lang='lat' dir='ltr'>illo-</span> 
     </span>
    </p>
   </div>
   <div class='ocr_carea' id='block_1_9' title="bbox 381 869 2031 946">
    <p class='ocr_par' dir='ltr' id='par_1_9' title="bbox 381 869 2031 946">
     <span class='ocr_line' id='line_1_9' title="bbox 381 869 2031 946; baseline -0.004 -16"><span class='ocrx_word' id='word_1_53' title='bbox 381 891 513 930; x_wconf 87' lang='lat' dir='ltr'>rum</span> <span class='ocrx_word' id='word_1_54' title='bbox 537 879 832 929; x_wconf 89' lang='lat' dir='ltr'>auctorem</span> <span class='ocrx_word' id='word_1_55' title='bbox 847 871 1163 926; x_wconf 85' lang='lat' dir='ltr'>Dominum</span> <span class='ocrx_word' id='word_1_56' title='bbox 1186 887 1300 946; x_wconf 88' lang='lat' dir='ltr'>non</span> <span class='ocrx_word' id='word_1_57' title='bbox 1319 869 1672 942; x_wconf 82' lang='lat' dir='ltr'>agnoscant?</span> <span class='ocrx_word' id='word_1_58' title='bbox 1699 869 1855 924; x_wconf 86' lang='lat' dir='ltr'>Idem</span> <span class='ocrx_word' id='word_1_59' title='bbox 1875 869 2031 924; x_wconf 90' lang='lat' dir='ltr'>enim</span> 
     </span>
    </p>
   </div>
   <div class='ocr_carea' id='block_1_10' title="bbox 379 957 2032 1033">
    <p class='ocr_par' dir='ltr' id='par_1_10' title="bbox 379 957 2032 1033">
     <span class='ocr_line' id='line_1_10' title="bbox 379 957 2032 1033; baseline -0.002 -16"><span class='ocrx_word' id='word_1_60' title='bbox 379 978 622 1033; x_wconf 89' lang='lat' dir='ltr'>prorsus</span> <span class='ocrx_word' id='word_1_61' title='bbox 643 965 730 1016; x_wconf 91' lang='lat' dir='ltr'>est</span> <span class='ocrx_word' id='word_1_62' title='bbox 752 977 817 1015; x_wconf 88' lang='lat' dir='ltr'>ac</span> <span class='ocrx_word' id='word_1_63' title='bbox 840 960 887 1015; x_wconf 88' lang='lat' dir='ltr'>si</span> <span class='ocrx_word' id='word_1_64' title='bbox 914 959 1048 1031; x_wconf 88' lang='lat' dir='ltr'>quis</span> <span class='ocrx_word' id='word_1_65' title='bbox 1069 975 1138 1013; x_wconf 83' lang='lat' dir='ltr'>ex</span> <span class='ocrx_word' id='word_1_66' title='bbox 1160 959 1364 1013; x_wconf 89' lang='lat' dir='ltr'>mundi</span> <span class='ocrx_word' id='word_1_67' title='bbox 1396 958 1669 1030; x_wconf 84' lang='lat' dir='ltr'>operibus</span> <span class='ocrx_word' id='word_1_68' title='bbox 1702 957 1883 1012; x_wconf 89' lang='lat' dir='ltr'>Deum</span> <span class='ocrx_word' id='word_1_69' title='bbox 1903 958 2032 1028; x_wconf 87' lang='lat' dir='ltr'>ejus</span> 
     </span>
    </p>
   </div>
   <div class='ocr_carea' id='block_1_11' title="bbox 380 1045 2033 1123">
    <p class='ocr_par' dir='ltr' id='par_1_11' title="bbox 380 1045 2033 1123">
     <span class='ocr_line' id='line_1_11' title="bbox 380 1045 2033 1123; baseline -0.002 -17"><span class='ocrx_word' id='word_1_70' title='bbox 380 1051 648 1123; x_wconf 83' lang='lat' dir='ltr'>opiﬁcem</span> <span class='ocrx_word' id='word_1_71' title='bbox 676 1066 792 1105; x_wconf 91' lang='lat' dir='ltr'>non</span> <span class='ocrx_word' id='word_1_72' title='bbox 823 1052 1218 1120; x_wconf 87' lang='lat' dir='ltr'>cognosceret.</span> <span class='ocrx_word' id='word_1_73' title='bbox 1240 1048 1469 1102; x_wconf 86' lang='lat' dir='ltr'>Etenim</span> <span class='ocrx_word' id='word_1_74' title='bbox 1504 1047 1553 1102; x_wconf 86' lang='lat' dir='ltr'>si</span> <span class='ocrx_word' id='word_1_75' title='bbox 1582 1063 1651 1102; x_wconf 89' lang='lat' dir='ltr'>ex</span> <span class='ocrx_word' id='word_1_76' title='bbox 1680 1045 1897 1101; x_wconf 86' lang='lat' dir='ltr'>virtute</span> <span class='ocrx_word' id='word_1_77' title='bbox 1917 1063 2033 1117; x_wconf 89' lang='lat' dir='ltr'>qua</span> 
     </span>
    </p>
   </div>
   <div class='ocr_carea' id='block_1_12' title="bbox 377 1134 2030 1210">
    <p class='ocr_par' dir='ltr' id='par_1_12' title="bbox 377 1134 2030 1210">
     <span class='ocr_line' id='line_1_12' title="bbox 377 1134 2030 1210; baseline -0.003 -15"><span class='ocrx_word' id='word_1_78' title='bbox 377 1139 574 1196; x_wconf 88' lang='lat' dir='ltr'>omnia</span> <span class='ocrx_word' id='word_1_79' title='bbox 603 1137 772 1210; x_wconf 86' lang='lat' dir='ltr'>regit,</span> <span class='ocrx_word' id='word_1_80' title='bbox 805 1137 934 1208; x_wconf 87' lang='lat' dir='ltr'>ejus</span> <span class='ocrx_word' id='word_1_81' title='bbox 967 1136 1333 1191; x_wconf 85' lang='lat' dir='ltr'>divinitatem</span> <span class='ocrx_word' id='word_1_82' title='bbox 1367 1134 2030 1208; x_wconf 82' lang='lat' dir='ltr'>agnoscerent,profecto</span> 
     </span>
    </p>
   </div>
   <div class='ocr_carea' id='block_1_13' title="bbox 376 1219 2027 1300">
    <p class='ocr_par' dir='ltr' id='par_1_13' title="bbox 376 1219 2027 1300">
     <span class='ocr_line' id='line_1_13' title="bbox 376 1219 2027 1300; baseline -0.004 -16"><span class='ocrx_word' id='word_1_83' title='bbox 376 1245 493 1284; x_wconf 88' lang='lat' dir='ltr'>non</span> <span class='ocrx_word' id='word_1_84' title='bbox 523 1227 860 1300; x_wconf 80' lang='lat' dir='ltr'>ignorarent</span> <span class='ocrx_word' id='word_1_85' title='bbox 892 1243 978 1292; x_wconf 88' lang='lat' dir='ltr'>ea,</span> <span class='ocrx_word' id='word_1_86' title='bbox 1013 1243 1139 1297; x_wconf 61' lang='lat' dir='ltr'>quis</span> <span class='ocrx_word' id='word_1_87' title='bbox 1172 1224 1438 1283; x_wconf 85' lang='lat' dir='ltr'>Christus</span> <span class='ocrx_word' id='word_1_88' title='bbox 1462 1219 1564 1296; x_wconf 86' lang='lat' dir='ltr'>per</span> <span class='ocrx_word' id='word_1_89' title='bbox 1591 1241 1801 1295; x_wconf 88' lang='lat' dir='ltr'>corpus</span> <span class='ocrx_word' id='word_1_90' title='bbox 1831 1223 2027 1294; x_wconf 80' lang='lat' dir='ltr'>efﬁcit,</span> 
     </span>
    </p>
   </div>
   <div class='ocr_carea' id='block_1_14' title="bbox 376 1313 2029 1384">
    <p class='ocr_par' dir='ltr' id='par_1_14' title="bbox 376 1313 2029 1384">
     <span class='ocr_line' id='line_1_14' title="bbox 376 1313 2029 1384; baseline -0.002 -12"><span class='ocrx_word' id='word_1_91' title='bbox 376 1335 492 1372; x_wconf 91' lang='lat' dir='ltr'>non</span> <span class='ocrx_word' id='word_1_92' title='bbox 524 1318 806 1384; x_wconf 90' lang='lat' dir='ltr'>humana,</span> <span class='ocrx_word' id='word_1_93' title='bbox 841 1315 942 1370; x_wconf 91' lang='lat' dir='ltr'>sed</span> <span class='ocrx_word' id='word_1_94' title='bbox 973 1314 1076 1369; x_wconf 90' lang='lat' dir='ltr'>Dei</span> <span class='ocrx_word' id='word_1_95' title='bbox 1108 1313 1283 1368; x_wconf 88' lang='lat' dir='ltr'>Verbi</span> <span class='ocrx_word' id='word_1_96' title='bbox 1306 1313 1570 1368; x_wconf 90' lang='lat' dir='ltr'>omnium</span> <span class='ocrx_word' id='word_1_97' title='bbox 1599 1313 1918 1368; x_wconf 88' lang='lat' dir='ltr'>Servatoris</span> <span class='ocrx_word' id='word_1_98' title='bbox 1939 1329 2029 1368; x_wconf 86' lang='lat' dir='ltr'>es-</span> 
     </span>
    </p>
   </div>
   <div class='ocr_carea' id='block_1_15' title="bbox 376 1401 2028 1476">
    <p class='ocr_par' dir='ltr' id='par_1_15' title="bbox 376 1401 2028 1476">
     <span class='ocr_line' id='line_1_15' title="bbox 376 1401 2028 1476; baseline -0.002 -14"><span class='ocrx_word' id='word_1_99' title='bbox 376 1423 459 1462; x_wconf 91' lang='lat' dir='ltr'>se.</span> <span class='ocrx_word' id='word_1_100' title='bbox 493 1406 654 1472; x_wconf 89' lang='lat' dir='ltr'>Quod</span> <span class='ocrx_word' id='word_1_101' title='bbox 687 1405 736 1460; x_wconf 89' lang='lat' dir='ltr'>si</span> <span class='ocrx_word' id='word_1_102' title='bbox 767 1402 1661 1476; x_wconf 89' lang='lat' dir='ltr'>cognovisset,quemadmodum</span> <span class='ocrx_word' id='word_1_103' title='bbox 1684 1401 1902 1458; x_wconf 87' lang='lat' dir='ltr'>Paulus</span> <span class='ocrx_word' id='word_1_104' title='bbox 1924 1401 2028 1470; x_wconf 90' lang='lat' dir='ltr'>ait,</span> 
     </span>
    </p>
   </div>
   <div class='ocr_carea' id='block_1_16' title="bbox 373 1491 1707 1566">
    <p class='ocr_par' dir='ltr' id='par_1_16' title="bbox 373 1491 1707 1566">
     <span class='ocr_line' id='line_1_16' title="bbox 373 1491 1707 1566; baseline -0.003 -15"><span class='ocrx_word' id='word_1_105' title='bbox 373 1511 661 1566; x_wconf 83' lang='lat' dir='ltr'>nunquam</span> <span class='ocrx_word' id='word_1_106' title='bbox 687 1495 983 1550; x_wconf 81' lang='lat' dir='ltr'>Dominum</span> <span class='ocrx_word' id='word_1_107' title='bbox 1012 1493 1210 1562; x_wconf 69' lang='lat' dir='ltr'>gloria:</span> <span class='ocrx_word' id='word_1_108' title='bbox 1237 1493 1637 1560; x_wconf 77' lang='lat' dir='ltr'>cruciﬁxissent</span> <span class='ocrx_word' id='word_1_109' title='bbox 1666 1491 1707 1526; x_wconf 77' lang='grc' dir='ltr'>⁸ο</span> 
     </span>
    </p>
   </div>
   <div class='ocr_carea' id='block_1_17' title="bbox 445 1580 2029 1652">
    <p class='ocr_par' dir='ltr' id='par_1_17' title="bbox 445 1580 2029 1652">
     <span class='ocr_line' id='line_1_17' title="bbox 445 1580 2029 1652; baseline -0.002 -15"><span class='ocrx_word' id='word_1_110' title='bbox 445 1584 535 1638; x_wconf 61' lang='lat'>54.</span> <span class='ocrx_word' id='word_1_111' title='bbox 568 1581 1076 1646; x_wconf 88' lang='lat' dir='ltr'>Quemadmodum</span> <span class='ocrx_word' id='word_1_112' title='bbox 1110 1580 1288 1650; x_wconf 78' lang='lat' dir='ltr'>igitur</span> <span class='ocrx_word' id='word_1_113' title='bbox 1318 1580 1366 1634; x_wconf 89' lang='lat' dir='ltr'>si</span> <span class='ocrx_word' id='word_1_114' title='bbox 1400 1581 1532 1652; x_wconf 90' lang='lat' dir='ltr'>quis</span> <span class='ocrx_word' id='word_1_115' title='bbox 1563 1580 1771 1646; x_wconf 86' lang='lat' dir='ltr'>Deum,</span> <span class='ocrx_word' id='word_1_116' title='bbox 1818 1580 1918 1651; x_wconf 91' lang='lat' dir='ltr'>qui</span> <span class='ocrx_word' id='word_1_117' title='bbox 1963 1597 2029 1635; x_wconf 88' lang='lat' dir='ltr'>ex</span> 
     </span>
    </p>
   </div>
   <div class='ocr_carea' id='block_1_18' title="bbox 376 1668 2026 1740">
    <p class='ocr_par' dir='ltr' id='par_1_18' title="bbox 376 1668 2026 1740">
     <span class='ocr_line' id='line_1_18' title="bbox 376 1668 2026 1740; baseline -0.001 -14"><span class='ocrx_word' id='word_1_118' title='bbox 376 1677 587 1727; x_wconf 86' lang='lat' dir='ltr'>natura</span> <span class='ocrx_word' id='word_1_119' title='bbox 617 1669 928 1726; x_wconf 86' lang='lat' dir='ltr'>invisibilis</span> <span class='ocrx_word' id='word_1_120' title='bbox 959 1673 1066 1736; x_wconf 91' lang='lat' dir='ltr'>est,</span> <span class='ocrx_word' id='word_1_121' title='bbox 1102 1685 1208 1724; x_wconf 90' lang='lat' dir='ltr'>nec</span> <span class='ocrx_word' id='word_1_122' title='bbox 1240 1668 1361 1724; x_wconf 91' lang='lat' dir='ltr'>ullo</span> <span class='ocrx_word' id='word_1_123' title='bbox 1386 1669 1557 1724; x_wconf 90' lang='lat' dir='ltr'>modo</span> <span class='ocrx_word' id='word_1_124' title='bbox 1595 1669 1776 1724; x_wconf 90' lang='lat' dir='ltr'>videri</span> <span class='ocrx_word' id='word_1_125' title='bbox 1817 1673 2026 1740; x_wconf 83' lang='lat' dir='ltr'>potest,</span> 
     </span>
    </p>
   </div>
   <div class='ocr_carea' id='block_1_19' title="bbox 374 1757 2030 1830">
    <p class='ocr_par' dir='ltr' id='par_1_19' title="bbox 374 1757 2030 1830">
     <span class='ocr_line' id='line_1_19' title="bbox 374 1757 2030 1830; baseline -0.001 -14"><span class='ocrx_word' id='word_1_126' title='bbox 374 1761 588 1817; x_wconf 88' lang='lat' dir='ltr'>intueri</span> <span class='ocrx_word' id='word_1_127' title='bbox 620 1760 780 1829; x_wconf 89' lang='lat' dir='ltr'>velit,</span> <span class='ocrx_word' id='word_1_128' title='bbox 813 1776 947 1815; x_wconf 91' lang='lat' dir='ltr'>eum</span> <span class='ocrx_word' id='word_1_129' title='bbox 979 1775 1046 1814; x_wconf 88' lang='lat' dir='ltr'>ex</span> <span class='ocrx_word' id='word_1_130' title='bbox 1077 1759 1351 1830; x_wconf 91' lang='lat' dir='ltr'>operibus</span> <span class='ocrx_word' id='word_1_131' title='bbox 1382 1757 1654 1830; x_wconf 87' lang='lat' dir='ltr'>intelligit</span> <span class='ocrx_word' id='word_1_132' title='bbox 1683 1761 1740 1813; x_wconf 91' lang='lat' dir='ltr'>et</span> <span class='ocrx_word' id='word_1_133' title='bbox 1770 1775 2030 1830; x_wconf 90' lang='lat' dir='ltr'>compre-</span> 
     </span>
    </p>
   </div>
   <div class='ocr_carea' id='block_1_20' title="bbox 2143 600 3800 682">
    <p class='ocr_par' dir='ltr' id='par_1_20' title="bbox 2143 600 3800 682">
     <span class='ocr_line' id='line_1_20' title="bbox 2143 600 3800 682; baseline 0.004 -28"><span class='ocrx_word' id='word_1_134' title='bbox 2143 600 2465 677; x_wconf 86' lang='grc' dir='ltr'>ἀνθρώπων,</span> <span class='ocrx_word' id='word_1_135' title='bbox 2498 601 2643 658; x_wconf 81' lang='grc' dir='ltr'>ἀλλά</span> <span class='ocrx_word' id='word_1_136' title='bbox 2690 608 2822 658; x_wconf 90' lang='grc' dir='ltr'>Θεοῦ</span> <span class='ocrx_word' id='word_1_137' title='bbox 2874 600 3001 679; x_wconf 77' lang='grc' dir='ltr'>ἔργα</span> <span class='ocrx_word' id='word_1_138' title='bbox 3043 609 3210 659; x_wconf 86' lang='grc' dir='ltr'>ταῦτα</span> <span class='ocrx_word' id='word_1_139' title='bbox 3261 606 3499 682; x_wconf 83' lang='grc' dir='ltr'>φαίνεται</span> <span class='ocrx_word' id='word_1_140' title='bbox 3541 606 3630 661; x_wconf 88' lang='grc' dir='ltr'>καὶ</span> <span class='ocrx_word' id='word_1_141' title='bbox 3673 607 3800 677; x_wconf 82' lang='grc' dir='ltr'>εἰσὶ,</span> 
     </span>
    </p>
   </div>
   <div class='ocr_carea' id='block_1_21' title="bbox 2144 687 3804 772">
    <p class='ocr_par' dir='ltr' id='par_1_21' title="bbox 2144 687 3804 772">
     <span class='ocr_line' id='line_1_21' title="bbox 2144 687 3804 772; baseline 0.005 -29"><span class='ocrx_word' id='word_1_142' title='bbox 2144 687 2233 744; x_wconf 76' lang='grc' dir='ltr'>διὰ</span> <span class='ocrx_word' id='word_1_143' title='bbox 2289 690 2340 745; x_wconf 85' lang='grc' dir='ltr'>τί</span> <span class='ocrx_word' id='word_1_144' title='bbox 2386 696 2644 746; x_wconf 90' lang='grc' dir='ltr'>τοσοῦτον</span> <span class='ocrx_word' id='word_1_145' title='bbox 2704 687 2982 747; x_wconf 88' lang='grc' dir='ltr'>ἀσεϐοῦσιν</span> <span class='ocrx_word' id='word_1_146' title='bbox 3043 695 3094 748; x_wconf 76' lang='grc' dir='ltr'>οἱ</span> <span class='ocrx_word' id='word_1_147' title='bbox 3144 691 3384 765; x_wconf 77' lang='grc' dir='ltr'>ἄπιστοι,</span> <span class='ocrx_word' id='word_1_148' title='bbox 3421 697 3497 768; x_wconf 86' lang='grc' dir='ltr'>μή</span> <span class='ocrx_word' id='word_1_149' title='bbox 3550 695 3804 772; x_wconf 83' lang='grc' dir='ltr'>ἐπιγινώ-</span> 
     </span>
    </p>
   </div>
   <div class='ocr_carea' id='block_1_22' title="bbox 2141 781 3799 858">
    <p class='ocr_par' dir='ltr' id='par_1_22' title="bbox 2141 781 3799 858">
     <span class='ocr_line' id='line_1_22' title="bbox 2141 781 3799 858; baseline 0.004 -24"><span class='ocrx_word' id='word_1_150' title='bbox 2141 800 2362 842; x_wconf 88' lang='grc' dir='ltr'>σκοντες</span> <span class='ocrx_word' id='word_1_151' title='bbox 2417 781 2508 834; x_wconf 87' lang='grc' dir='ltr'>τὸν</span> <span class='ocrx_word' id='word_1_152' title='bbox 2574 782 2721 836; x_wconf 89' lang='grc' dir='ltr'>ταῦτ’</span> <span class='ocrx_word' id='word_1_153' title='bbox 2781 781 3142 857; x_wconf 79' lang='grc' dir='ltr'>ἐργασάμενον</span> <span class='ocrx_word' id='word_1_154' title='bbox 3198 784 3518 854; x_wconf 82' lang='grc' dir='ltr'>Δεσπότην;</span> <span class='ocrx_word' id='word_1_155' title='bbox 3568 787 3799 858; x_wconf 85' lang='grc' dir='ltr'>Ὅμοιον</span> 
     </span>
    </p>
   </div>
   <div class='ocr_carea' id='block_1_23' title="bbox 2141 867 3802 949">
    <p class='ocr_par' dir='ltr' id='par_1_23' title="bbox 2141 867 3802 949">
     <span class='ocr_line' id='line_1_23' title="bbox 2141 867 3802 949; baseline 0.005 -28"><span class='ocrx_word' id='word_1_156' title='bbox 2141 870 2242 944; x_wconf 78' lang='grc' dir='ltr'>γὰρ</span> <span class='ocrx_word' id='word_1_157' title='bbox 2274 868 2600 944; x_wconf 76' lang='grc' dir='ltr'>πάσχουσιν,</span> <span class='ocrx_word' id='word_1_158' title='bbox 2636 871 2710 932; x_wconf 86' lang='grc' dir='ltr'>ὡς</span> <span class='ocrx_word' id='word_1_159' title='bbox 2743 867 2901 933; x_wconf 80' lang='grc' dir='ltr'>εἷ’τις</span> <span class='ocrx_word' id='word_1_160' title='bbox 2933 871 2992 926; x_wconf 89' lang='grc' dir='ltr'>ἐκ</span> <span class='ocrx_word' id='word_1_161' title='bbox 3036 876 3143 926; x_wconf 83' lang='grc' dir='ltr'>τῶν</span> <span class='ocrx_word' id='word_1_162' title='bbox 3197 870 3365 949; x_wconf 78' lang='grc' dir='ltr'>ἔργων</span> <span class='ocrx_word' id='word_1_163' title='bbox 3423 880 3526 943; x_wconf 83' lang='grc' dir='ltr'>τῆς</span> <span class='ocrx_word' id='word_1_164' title='bbox 3573 873 3802 938; x_wconf 80' lang='grc' dir='ltr'>κτίσεως</span> 
     </span>
    </p>
   </div>
   <div class='ocr_carea' id='block_1_24' title="bbox 2146 957 3798 1040">
    <p class='ocr_par' dir='ltr' id='par_1_24' title="bbox 2146 957 3798 1040">
     <span class='ocr_line' id='line_1_24' title="bbox 2146 957 3798 1040; baseline 0.005 -31"><span class='ocrx_word' id='word_1_165' title='bbox 2146 957 2222 1029; x_wconf 79' lang='grc' dir='ltr'>μή</span> <span class='ocrx_word' id='word_1_166' title='bbox 2282 958 2543 1032; x_wconf 80' lang='grc' dir='ltr'>γινώσκοι</span> <span class='ocrx_word' id='word_1_167' title='bbox 2587 958 2679 1012; x_wconf 85' lang='grc' dir='ltr'>τὸν</span> <span class='ocrx_word' id='word_1_168' title='bbox 2727 958 2935 1014; x_wconf 88' lang='grc' dir='ltr'>τούτων</span> <span class='ocrx_word' id='word_1_169' title='bbox 2987 957 3324 1037; x_wconf 81' lang='grc' dir='ltr'>δημιουργὸν</span> <span class='ocrx_word' id='word_1_170' title='bbox 3378 961 3530 1017; x_wconf 91' lang='grc' dir='ltr'>Θεόν.</span> <span class='ocrx_word' id='word_1_171' title='bbox 3584 962 3648 1018; x_wconf 81' lang='grc' dir='ltr'>Εἰ</span> <span class='ocrx_word' id='word_1_172' title='bbox 3693 959 3798 1040; x_wconf 81' lang='grc' dir='ltr'>γάρ</span> 
     </span>
    </p>
   </div>
   <div class='ocr_carea' id='block_1_25' title="bbox 2143 1044 3798 1126">
    <p class='ocr_par' dir='ltr' id='par_1_25' title="bbox 2143 1044 3798 1126">
     <span class='ocr_line' id='line_1_25' title="bbox 2143 1044 3798 1126; baseline 0.004 -27"><span class='ocrx_word' id='word_1_173' title='bbox 2143 1044 2202 1100; x_wconf 90' lang='grc' dir='ltr'>ἐκ</span> <span class='ocrx_word' id='word_1_174' title='bbox 2246 1053 2346 1115; x_wconf 81' lang='grc' dir='ltr'>τῆς</span> <span class='ocrx_word' id='word_1_175' title='bbox 2399 1045 2476 1107; x_wconf 83' lang='grc' dir='ltr'>εἷς</span> <span class='ocrx_word' id='word_1_176' title='bbox 2521 1048 2590 1101; x_wconf 80' lang='grc' dir='ltr'>τὰ</span> <span class='ocrx_word' id='word_1_177' title='bbox 2636 1045 2740 1102; x_wconf 92' lang='grc' dir='ltr'>ὅλα</span> <span class='ocrx_word' id='word_1_178' title='bbox 2786 1048 2950 1103; x_wconf 86' lang='grc' dir='ltr'>αὑτοῦ</span> <span class='ocrx_word' id='word_1_179' title='bbox 3001 1046 3278 1121; x_wconf 89' lang='grc' dir='ltr'>δυνάμεως</span> <span class='ocrx_word' id='word_1_180' title='bbox 3313 1049 3598 1126; x_wconf 83' lang='grc' dir='ltr'>ἐγίνωσκον</span> <span class='ocrx_word' id='word_1_181' title='bbox 3632 1051 3798 1107; x_wconf 84' lang='grc' dir='ltr'>αὑτοῦ</span> 
     </span>
    </p>
   </div>
   <div class='ocr_carea' id='block_1_26' title="bbox 2138 1131 3799 1214">
    <p class='ocr_par' dir='ltr' id='par_1_26' title="bbox 2138 1131 3799 1214">
     <span class='ocr_line' id='line_1_26' title="bbox 2138 1131 3799 1214; baseline 0.005 -26"><span class='ocrx_word' id='word_1_182' title='bbox 2138 1135 2236 1202; x_wconf 69' lang='grc' dir='ltr'>τὴν</span> <span class='ocrx_word' id='word_1_183' title='bbox 2289 1133 2539 1205; x_wconf 86' lang='grc' dir='ltr'>θεότητα,</span> <span class='ocrx_word' id='word_1_184' title='bbox 2592 1131 2825 1210; x_wconf 79' lang='grc' dir='ltr'>ἔγνωσαν</span> <span class='ocrx_word' id='word_1_185' title='bbox 2877 1137 2958 1208; x_wconf 79' lang='grc' dir='ltr'>ἃν,</span> <span class='ocrx_word' id='word_1_186' title='bbox 2993 1136 3074 1191; x_wconf 91' lang='grc' dir='ltr'>ὅτι</span> <span class='ocrx_word' id='word_1_187' title='bbox 3118 1135 3209 1192; x_wconf 82' lang='grc' dir='ltr'>λαὶ</span> <span class='ocrx_word' id='word_1_188' title='bbox 3259 1140 3326 1193; x_wconf 84' lang='grc' dir='ltr'>τά</span> <span class='ocrx_word' id='word_1_189' title='bbox 3370 1136 3459 1194; x_wconf 77' lang='grc' dir='ltr'>διὰ</span> <span class='ocrx_word' id='word_1_190' title='bbox 3485 1144 3582 1194; x_wconf 93' lang='grc' dir='ltr'>τοῦ</span> <span class='ocrx_word' id='word_1_191' title='bbox 3614 1142 3799 1214; x_wconf 86' lang='grc' dir='ltr'>σώμα-</span> 
     </span>
    </p>
   </div>
   <div class='ocr_carea' id='block_1_27' title="bbox 2137 1221 3797 1302">
    <p class='ocr_par' dir='ltr' id='par_1_27' title="bbox 2137 1221 3797 1302">
     <span class='ocr_line' id='line_1_27' title="bbox 2137 1221 3797 1302; baseline 0.004 -25"><span class='ocrx_word' id='word_1_192' title='bbox 2137 1244 2232 1285; x_wconf 93' lang='grc' dir='ltr'>τος</span> <span class='ocrx_word' id='word_1_193' title='bbox 2299 1221 2425 1298; x_wconf 78' lang='grc' dir='ltr'>ἔργα</span> <span class='ocrx_word' id='word_1_194' title='bbox 2481 1227 2578 1277; x_wconf 90' lang='grc' dir='ltr'>τοῦ</span> <span class='ocrx_word' id='word_1_195' title='bbox 2643 1229 2877 1299; x_wconf 76' lang='grc' dir='ltr'>Χριστοῦ</span> <span class='ocrx_word' id='word_1_196' title='bbox 2939 1225 3039 1279; x_wconf 84' lang='grc' dir='ltr'>οὑκ</span> <span class='ocrx_word' id='word_1_197' title='bbox 3103 1225 3436 1302; x_wconf 87' lang='grc' dir='ltr'>ἀνθρώπινα,</span> <span class='ocrx_word' id='word_1_198' title='bbox 3489 1227 3634 1284; x_wconf 81' lang='grc' dir='ltr'>ἀλλὰ</span> <span class='ocrx_word' id='word_1_199' title='bbox 3698 1234 3797 1284; x_wconf 90' lang='grc' dir='ltr'>τοῦ</span> 
     </span>
    </p>
   </div>
   <div class='ocr_carea' id='block_1_28' title="bbox 2138 1311 3794 1392">
    <p class='ocr_par' dir='ltr' id='par_1_28' title="bbox 2138 1311 3794 1392">
     <span class='ocr_line' id='line_1_28' title="bbox 2138 1311 3794 1392; baseline 0.005 -27"><span class='ocrx_word' id='word_1_200' title='bbox 2138 1311 2353 1366; x_wconf 80' lang='grc' dir='ltr'>πάντων</span> <span class='ocrx_word' id='word_1_201' title='bbox 2414 1312 2676 1387; x_wconf 81' lang='grc' dir='ltr'>Σωτῆρός</span> <span class='ocrx_word' id='word_1_202' title='bbox 2727 1311 2837 1367; x_wconf 87' lang='grc' dir='ltr'>ἐστι</span> <span class='ocrx_word' id='word_1_203' title='bbox 2879 1318 2976 1368; x_wconf 90' lang='grc' dir='ltr'>τοῦ</span> <span class='ocrx_word' id='word_1_204' title='bbox 3021 1319 3155 1369; x_wconf 89' lang='grc' dir='ltr'>Θεοῦ</span> <span class='ocrx_word' id='word_1_205' title='bbox 3198 1315 3396 1392; x_wconf 88' lang='grc' dir='ltr'>Λόγου.</span> <span class='ocrx_word' id='word_1_206' title='bbox 3431 1319 3794 1380; x_wconf 88' lang='grc' dir='ltr'>Γινώσκοντες</span> 
     </span>
    </p>
   </div>
   <div class='ocr_carea' id='block_1_29' title="bbox 2140 1399 3792 1477">
    <p class='ocr_par' dir='ltr' id='par_1_29' title="bbox 2140 1399 3792 1477">
     <span class='ocr_line' id='line_1_29' title="bbox 2140 1399 3792 1477; baseline 0.004 -21"><span class='ocrx_word' id='word_1_207' title='bbox 2140 1399 2198 1456; x_wconf 75' lang='grc' dir='ltr'>δὲ</span> <span class='ocrx_word' id='word_1_208' title='bbox 2270 1400 2433 1472; x_wconf 79' lang='grc' dir='ltr'>οὕτω,</span> <span class='ocrx_word' id='word_1_209' title='bbox 2487 1400 2726 1477; x_wconf 86' lang='grc' dir='ltr'>καθάπερ</span> <span class='ocrx_word' id='word_1_210' title='bbox 2799 1401 2942 1456; x_wconf 76' lang='grc' dir='ltr'>εἶπεν</span> <span class='ocrx_word' id='word_1_211' title='bbox 3001 1405 3029 1458; x_wconf 98' lang='lat'>6</span> <span class='ocrx_word' id='word_1_212' title='bbox 3104 1403 3344 1476; x_wconf 84' lang='grc' dir='ltr'>Παῦλος,</span> <span class='ocrx_word' id='word_1_213' title='bbox 3399 1405 3500 1460; x_wconf 83' lang='grc' dir='ltr'>οὑκ</span> <span class='ocrx_word' id='word_1_214' title='bbox 3566 1404 3626 1461; x_wconf 78' lang='grc' dir='ltr'>ἂν</span> <span class='ocrx_word' id='word_1_215' title='bbox 3699 1407 3792 1462; x_wconf 87' lang='grc' dir='ltr'>τὸν</span> 
     </span>
    </p>
   </div>
   <div class='ocr_carea' id='block_1_30' title="bbox 2139 1487 3064 1568">
    <p class='ocr_par' dir='ltr' id='par_1_30' title="bbox 2139 1487 3064 1568">
     <span class='ocr_line' id='line_1_30' title="bbox 2139 1487 3064 1568; baseline 0.001 -21"><span class='ocrx_word' id='word_1_216' title='bbox 2139 1491 2334 1568; x_wconf 78' lang='grc' dir='ltr'>Κύριον</span> <span class='ocrx_word' id='word_1_217' title='bbox 2367 1498 2468 1560; x_wconf 76' lang='grc' dir='ltr'>τῆς</span> <span class='ocrx_word' id='word_1_218' title='bbox 2509 1487 2671 1564; x_wconf 78' lang='grc' dir='ltr'>δόξης</span> <span class='ocrx_word' id='word_1_219' title='bbox 2704 1490 3064 1568; x_wconf 79' lang='grc' dir='ltr'>ἐσταύρωσαν.</span> 
     </span>
    </p>
   </div>
   <div class='ocr_carea' id='block_1_31' title="bbox 2206 1577 3790 1662">
    <p class='ocr_par' dir='ltr' id='par_1_31' title="bbox 2206 1577 3790 1662">
     <span class='ocr_line' id='line_1_31' title="bbox 2206 1577 3790 1662; baseline 0.001 -24"><span class='ocrx_word' id='word_1_220' title='bbox 2206 1584 2296 1638; x_wconf 76' lang='grc'>54.</span> <span class='ocrx_word' id='word_1_221' title='bbox 2329 1585 2531 1653; x_wconf 76' lang='grc' dir='ltr'>Ὥσπερ</span> <span class='ocrx_word' id='word_1_222' title='bbox 2590 1578 2681 1634; x_wconf 80' lang='grc' dir='ltr'>οῦν</span> <span class='ocrx_word' id='word_1_223' title='bbox 2742 1577 2797 1635; x_wconf 78' lang='grc' dir='ltr'>εἷ’</span> <span class='ocrx_word' id='word_1_224' title='bbox 2833 1602 2916 1642; x_wconf 90' lang='grc' dir='ltr'>τις</span> <span class='ocrx_word' id='word_1_225' title='bbox 2967 1581 3194 1657; x_wconf 87' lang='grc' dir='ltr'>ἀόρατον</span> <span class='ocrx_word' id='word_1_226' title='bbox 3248 1578 3376 1637; x_wconf 77' lang='grc' dir='ltr'>ὅντα</span> <span class='ocrx_word' id='word_1_227' title='bbox 3413 1587 3482 1657; x_wconf 76' lang='grc' dir='ltr'>τῇ</span> <span class='ocrx_word' id='word_1_228' title='bbox 3514 1583 3669 1662; x_wconf 87' lang='grc' dir='ltr'>φύσει</span> <span class='ocrx_word' id='word_1_229' title='bbox 3699 1586 3790 1640; x_wconf 89' lang='grc' dir='ltr'>τὸν</span> 
     </span>
    </p>
   </div>
   <div class='ocr_carea' id='block_1_32' title="bbox 2138 1667 3796 1751">
    <p class='ocr_par' dir='ltr' id='par_1_32' title="bbox 2138 1667 3796 1751">
     <span class='ocr_line' id='line_1_32' title="bbox 2138 1667 3796 1751; baseline 0.001 -26"><span class='ocrx_word' id='word_1_230' title='bbox 2138 1671 2266 1725; x_wconf 89' lang='grc' dir='ltr'>Θεὸν</span> <span class='ocrx_word' id='word_1_231' title='bbox 2298 1669 2387 1724; x_wconf 83' lang='grc' dir='ltr'>καὶ</span> <span class='ocrx_word' id='word_1_232' title='bbox 2415 1667 2545 1741; x_wconf 80' lang='grc' dir='ltr'>μηδ’</span> <span class='ocrx_word' id='word_1_233' title='bbox 2572 1667 2718 1731; x_wconf 90' lang='grc' dir='ltr'>ὅλως</span> <span class='ocrx_word' id='word_1_234' title='bbox 2751 1670 3030 1745; x_wconf 85' lang='grc' dir='ltr'>ὁρώμενον</span> <span class='ocrx_word' id='word_1_235' title='bbox 3065 1670 3242 1726; x_wconf 89' lang='grc' dir='ltr'>ἐθέλοι</span> <span class='ocrx_word' id='word_1_236' title='bbox 3275 1672 3426 1748; x_wconf 79' lang='grc' dir='ltr'>ὁρᾷν,</span> <span class='ocrx_word' id='word_1_237' title='bbox 3461 1672 3513 1726; x_wconf 84' lang='grc' dir='ltr'>ἐν</span> <span class='ocrx_word' id='word_1_238' title='bbox 3561 1677 3667 1727; x_wconf 79' lang='grc' dir='ltr'>τῶν</span> <span class='ocrx_word' id='word_1_239' title='bbox 3711 1671 3796 1751; x_wconf 81' lang='grc' dir='ltr'>ἕρ-</span> 
     </span>
    </p>
   </div>
   <div class='ocr_carea' id='block_1_33' title="bbox 2135 1754 3789 1836">
    <p class='ocr_par' dir='ltr' id='par_1_33' title="bbox 2135 1754 3789 1836">
     <span class='ocr_line' id='line_1_33' title="bbox 2135 1754 3789 1836; baseline 0.002 -22"><span class='ocrx_word' id='word_1_240' title='bbox 2135 1782 2245 1836; x_wconf 86' lang='grc' dir='ltr'>γων</span> <span class='ocrx_word' id='word_1_241' title='bbox 2295 1759 2454 1813; x_wconf 82' lang='grc' dir='ltr'>αὑτὸν</span> <span class='ocrx_word' id='word_1_242' title='bbox 2504 1758 2757 1833; x_wconf 73' lang='grc' dir='ltr'>γινώσκει</span> <span class='ocrx_word' id='word_1_243' title='bbox 2805 1758 2894 1813; x_wconf 87' lang='grc' dir='ltr'>καὶ</span> <span class='ocrx_word' id='word_1_244' title='bbox 2942 1754 3387 1832; x_wconf 86' lang='grc' dir='ltr'>καταλαμϐάνει·</span> <span class='ocrx_word' id='word_1_245' title='bbox 3440 1759 3614 1824; x_wconf 78' lang='grc' dir='ltr'>οὕτως</span> <span class='ocrx_word' id='word_1_246' title='bbox 3649 1764 3678 1817; x_wconf 89' lang='lat'>6</span> <span class='ocrx_word' id='word_1_247' title='bbox 3712 1764 3789 1836; x_wconf 79' lang='grc' dir='ltr'>μὴ</span> 
     </span>
    </p>
   </div>
   <div class='ocr_carea' id='block_1_34' title="bbox 374 1843 2028 1945">
    <p class='ocr_par' dir='ltr' id='par_1_34' title="bbox 374 1847 2022 1920">
     <span class='ocr_line' id='line_1_34' title="bbox 374 1847 2022 1920; baseline -0.002 -15"><span class='ocrx_word' id='word_1_248' title='bbox 374 1849 580 1905; x_wconf 91' lang='lat' dir='ltr'>hendit</span> <span class='ocrx_word' id='word_1_249' title='bbox 611 1867 624 1904; x_wconf 91' lang='lat'><strong>:</strong></span> <span class='ocrx_word' id='word_1_250' title='bbox 660 1849 741 1905; x_wconf 89' lang='lat' dir='ltr'>ita</span> <span class='ocrx_word' id='word_1_251' title='bbox 770 1847 871 1920; x_wconf 90' lang='lat' dir='ltr'>qui</span> <span class='ocrx_word' id='word_1_252' title='bbox 903 1847 1200 1904; x_wconf 85' lang='lat' dir='ltr'>Christum</span> <span class='ocrx_word' id='word_1_253' title='bbox 1236 1851 1430 1903; x_wconf 89' lang='lat' dir='ltr'>mente</span> <span class='ocrx_word' id='word_1_254' title='bbox 1461 1864 1574 1903; x_wconf 90' lang='lat' dir='ltr'>non</span> <span class='ocrx_word' id='word_1_255' title='bbox 1606 1847 1783 1917; x_wconf 89' lang='lat' dir='ltr'>videt,</span> <span class='ocrx_word' id='word_1_256' title='bbox 1818 1847 2022 1903; x_wconf 87' lang='lat' dir='ltr'>saltem</span> 
     </span>
    </p>
   </div>
   <div class='ocr_carea' id='block_1_35' title="bbox 2142 1843 3789 1945">
    <p class='ocr_par' dir='ltr' id='par_1_35' title="bbox 2142 1843 3789 1927">
     <span class='ocr_line' id='line_1_35' title="bbox 2142 1843 3789 1927; baseline 0.003 -26"><span class='ocrx_word' id='word_1_257' title='bbox 2142 1850 2279 1923; x_wconf 80' lang='grc' dir='ltr'>ὁρῶν</span> <span class='ocrx_word' id='word_1_258' title='bbox 2327 1851 2396 1920; x_wconf 78' lang='grc' dir='ltr'>τῇ</span> <span class='ocrx_word' id='word_1_259' title='bbox 2446 1843 2656 1918; x_wconf 76' lang='grc' dir='ltr'>διανοίᾳ</span> <span class='ocrx_word' id='word_1_260' title='bbox 2700 1847 2791 1900; x_wconf 90' lang='grc' dir='ltr'>τὸν</span> <span class='ocrx_word' id='word_1_261' title='bbox 2843 1847 3093 1922; x_wconf 82' lang='grc' dir='ltr'>Χριστὸν,</span> <span class='ocrx_word' id='word_1_262' title='bbox 3125 1846 3222 1902; x_wconf 64' lang='grc' dir='ltr'>κᾶν</span> <span class='ocrx_word' id='word_1_263' title='bbox 3256 1850 3334 1922; x_wconf 87' lang='grc'>(4)</span> <span class='ocrx_word' id='word_1_264' title='bbox 3367 1847 3428 1904; x_wconf 88' lang='grc' dir='ltr'>ἐκ</span> <span class='ocrx_word' id='word_1_265' title='bbox 3472 1853 3580 1904; x_wconf 80' lang='grc' dir='ltr'>τῶν</span> <span class='ocrx_word' id='word_1_266' title='bbox 3619 1849 3789 1927; x_wconf 80' lang='grc' dir='ltr'>ἔργων</span> 
     </span>
    </p>
   </div>
   <div class='ocr_carea' id='block_1_36' title="bbox 377 1935 2026 2010">
    <p class='ocr_par' dir='ltr' id='par_1_36' title="bbox 377 1935 2026 2010">
     <span class='ocr_line' id='line_1_36' title="bbox 377 1935 2026 2010; baseline -0.002 -16"><span class='ocrx_word' id='word_1_267' title='bbox 377 1957 446 1995; x_wconf 85' lang='lat' dir='ltr'>ex</span> <span class='ocrx_word' id='word_1_268' title='bbox 475 1939 568 1994; x_wconf 90' lang='lat' dir='ltr'>his</span> <span class='ocrx_word' id='word_1_269' title='bbox 601 1955 726 2010; x_wconf 70' lang='lat' dir='ltr'>qua:</span> <span class='ocrx_word' id='word_1_270' title='bbox 749 1954 852 2010; x_wconf 89' lang='lat' dir='ltr'>per</span> <span class='ocrx_word' id='word_1_271' title='bbox 871 1954 1084 2008; x_wconf 91' lang='lat' dir='ltr'>corpus</span> <span class='ocrx_word' id='word_1_272' title='bbox 1101 1936 1220 2008; x_wconf 84' lang='lat' dir='ltr'>agit</span> <span class='ocrx_word' id='word_1_273' title='bbox 1242 1953 1376 1992; x_wconf 90' lang='lat' dir='ltr'>eum</span> <span class='ocrx_word' id='word_1_274' title='bbox 1399 1935 2026 2009; x_wconf 86' lang='lat' dir='ltr'>intelligat,expendat-</span> 
     </span>
    </p>
   </div>
   <div class='ocr_carea' id='block_1_37' title="bbox 376 2024 2024 2099">
    <p class='ocr_par' dir='ltr' id='par_1_37' title="bbox 376 2024 2024 2099">
     <span class='ocr_line' id='line_1_37' title="bbox 376 2024 2024 2099; baseline -0.002 -16"><span class='ocrx_word' id='word_1_275' title='bbox 376 2044 490 2099; x_wconf 90' lang='lat' dir='ltr'>que</span> <span class='ocrx_word' id='word_1_276' title='bbox 520 2032 717 2082; x_wconf 91' lang='lat' dir='ltr'>utrum</span> <span class='ocrx_word' id='word_1_277' title='bbox 748 2025 847 2082; x_wconf 90' lang='lat' dir='ltr'>illa</span> <span class='ocrx_word' id='word_1_278' title='bbox 877 2026 1138 2081; x_wconf 87' lang='lat' dir='ltr'>humana</span> <span class='ocrx_word' id='word_1_279' title='bbox 1169 2024 1309 2093; x_wconf 89' lang='lat' dir='ltr'>sint,</span> <span class='ocrx_word' id='word_1_280' title='bbox 1342 2041 1414 2080; x_wconf 90' lang='lat' dir='ltr'>an</span> <span class='ocrx_word' id='word_1_281' title='bbox 1449 2025 1546 2080; x_wconf 92' lang='lat' dir='ltr'>Dei</span> <span class='ocrx_word' id='word_1_282' title='bbox 1577 2042 1752 2097; x_wconf 89' lang='lat' dir='ltr'>opera</span> <span class='ocrx_word' id='word_1_283' title='bbox 1779 2044 1790 2082; x_wconf 93' lang='lat'>:</span> <span class='ocrx_word' id='word_1_284' title='bbox 1822 2042 2024 2097; x_wconf 90' lang='lat' dir='ltr'>eaque,</span> 
     </span>
    </p>
   </div>
   <div class='ocr_carea' id='block_1_38' title="bbox 377 2113 2028 2189">
    <p class='ocr_par' dir='ltr' id='par_1_38' title="bbox 377 2113 2028 2189">
     <span class='ocr_line' id='line_1_38' title="bbox 377 2113 2028 2189; baseline -0.001 -18"><span class='ocrx_word' id='word_1_285' title='bbox 377 2117 426 2171; x_wconf 91' lang='lat' dir='ltr'>si</span> <span class='ocrx_word' id='word_1_286' title='bbox 459 2116 696 2189; x_wconf 89' lang='lat' dir='ltr'>quidem</span> <span class='ocrx_word' id='word_1_287' title='bbox 726 2116 987 2171; x_wconf 87' lang='lat' dir='ltr'>humana</span> <span class='ocrx_word' id='word_1_288' title='bbox 1029 2115 1171 2182; x_wconf 88' lang='lat' dir='ltr'>sint,</span> <span class='ocrx_word' id='word_1_289' title='bbox 1206 2113 1447 2170; x_wconf 83' lang='lat' dir='ltr'>irrideat</span> <span class='ocrx_word' id='word_1_290' title='bbox 1489 2131 1593 2186; x_wconf 89' lang='lat' dir='ltr'>per</span> <span class='ocrx_word' id='word_1_291' title='bbox 1641 2131 1735 2170; x_wconf 89' lang='lat' dir='ltr'>me</span> <span class='ocrx_word' id='word_1_292' title='bbox 1765 2113 1899 2170; x_wconf 90' lang='lat' dir='ltr'>licet</span> <span class='ocrx_word' id='word_1_293' title='bbox 1931 2131 1944 2168; x_wconf 90' lang='lat'><strong>:</strong></span> <span class='ocrx_word' id='word_1_294' title='bbox 1977 2114 2028 2170; x_wconf 90' lang='lat' dir='ltr'>si</span> 
     </span>
    </p>
   </div>
   <div class='ocr_carea' id='block_1_39' title="bbox 373 2203 2024 2275">
    <p class='ocr_par' dir='ltr' id='par_1_39' title="bbox 373 2203 2024 2275">
     <span class='ocr_line' id='line_1_39' title="bbox 373 2203 2024 2275; baseline -0.002 -15"><span class='ocrx_word' id='word_1_295' title='bbox 373 2221 508 2261; x_wconf 91' lang='lat' dir='ltr'>vero</span> <span class='ocrx_word' id='word_1_296' title='bbox 539 2222 656 2260; x_wconf 90' lang='lat' dir='ltr'>non</span> <span class='ocrx_word' id='word_1_297' title='bbox 687 2205 948 2260; x_wconf 89' lang='lat' dir='ltr'>humana</span> <span class='ocrx_word' id='word_1_298' title='bbox 977 2205 1076 2260; x_wconf 93' lang='lat' dir='ltr'>sed</span> <span class='ocrx_word' id='word_1_299' title='bbox 1106 2203 1205 2259; x_wconf 91' lang='lat' dir='ltr'>Dei</span> <span class='ocrx_word' id='word_1_300' title='bbox 1238 2203 1378 2271; x_wconf 89' lang='lat' dir='ltr'>sint,</span> <span class='ocrx_word' id='word_1_301' title='bbox 1419 2203 1780 2259; x_wconf 76' lang='lat' dir='ltr'>asscnliatur</span> <span class='ocrx_word' id='word_1_302' title='bbox 1825 2203 2024 2275; x_wconf 87' lang='lat' dir='ltr'>igitur,</span> 
     </span>
    </p>
   </div>
   <div class='ocr_carea' id='block_1_40' title="bbox 379 2293 2026 2365">
    <p class='ocr_par' dir='ltr' id='par_1_40' title="bbox 379 2293 2026 2365">
     <span class='ocr_line' id='line_1_40' title="bbox 379 2293 2026 2365; baseline -0.003 -15"><span class='ocrx_word' id='word_1_303' title='bbox 379 2310 484 2350; x_wconf 91' lang='lat' dir='ltr'>nec</span> <span class='ocrx_word' id='word_1_304' title='bbox 514 2310 641 2365; x_wconf 64' lang='lat' dir='ltr'>quae</span> <span class='ocrx_word' id='word_1_305' title='bbox 676 2294 918 2348; x_wconf 90' lang='lat' dir='ltr'>ridenda</span> <span class='ocrx_word' id='word_1_306' title='bbox 950 2309 1065 2347; x_wconf 88' lang='lat' dir='ltr'>non</span> <span class='ocrx_word' id='word_1_307' title='bbox 1097 2296 1237 2347; x_wconf 89' lang='lat' dir='ltr'>sunt</span> <span class='ocrx_word' id='word_1_308' title='bbox 1267 2293 1454 2347; x_wconf 85' lang='lat' dir='ltr'>ridere</span> <span class='ocrx_word' id='word_1_309' title='bbox 1484 2293 1695 2348; x_wconf 83' lang='lat' dir='ltr'>audeat</span> <span class='ocrx_word' id='word_1_310' title='bbox 1723 2311 1734 2348; x_wconf 94' lang='lat'>:</span> <span class='ocrx_word' id='word_1_311' title='bbox 1770 2293 1870 2347; x_wconf 91' lang='lat' dir='ltr'>sed</span> <span class='ocrx_word' id='word_1_312' title='bbox 1925 2309 2026 2364; x_wconf 90' lang='lat' dir='ltr'>p0-</span> 
     </span>
    </p>
   </div>
   <div class='ocr_carea' id='block_1_41' title="bbox 377 2380 2026 2454">
    <p class='ocr_par' dir='ltr' id='par_1_41' title="bbox 377 2380 2026 2454">
     <span class='ocr_line' id='line_1_41' title="bbox 377 2380 2026 2454; baseline -0.002 -15"><span class='ocrx_word' id='word_1_313' title='bbox 377 2384 493 2440; x_wconf 91' lang='lat' dir='ltr'>tius</span> <span class='ocrx_word' id='word_1_314' title='bbox 525 2382 1032 2454; x_wconf 87' lang='lat' dir='ltr'>admiretur,quod</span> <span class='ocrx_word' id='word_1_315' title='bbox 1053 2397 1154 2453; x_wconf 89' lang='lat' dir='ltr'>per</span> <span class='ocrx_word' id='word_1_316' title='bbox 1184 2398 1305 2436; x_wconf 86' lang='lat' dir='ltr'>rem</span> <span class='ocrx_word' id='word_1_317' title='bbox 1339 2381 1482 2437; x_wconf 89' lang='lat' dir='ltr'>adeo</span> <span class='ocrx_word' id='word_1_318' title='bbox 1502 2380 1676 2437; x_wconf 88' lang='lat' dir='ltr'>vilem</span> <span class='ocrx_word' id='word_1_319' title='bbox 1706 2397 1797 2436; x_wconf 83' lang='lat' dir='ltr'>res</span> <span class='ocrx_word' id='word_1_320' title='bbox 1819 2381 2026 2436; x_wconf 81' lang='lat' dir='ltr'>divinae</span> 
     </span>
    </p>
   </div>
   <div class='ocr_carea' id='block_1_42' title="bbox 378 2468 2027 2544">
    <p class='ocr_par' dir='ltr' id='par_1_42' title="bbox 378 2468 2027 2544">
     <span class='ocr_line' id='line_1_42' title="bbox 378 2468 2027 2544; baseline -0.001 -17"><span class='ocrx_word' id='word_1_321' title='bbox 378 2471 547 2528; x_wconf 90' lang='lat' dir='ltr'>nobis</span> <span class='ocrx_word' id='word_1_322' title='bbox 579 2471 876 2544; x_wconf 68' lang='lat' dir='ltr'>patefactae</span> <span class='ocrx_word' id='word_1_323' title='bbox 898 2471 1199 2540; x_wconf 85' lang='lat' dir='ltr'>fuerint,et</span> <span class='ocrx_word' id='word_1_324' title='bbox 1220 2487 1322 2542; x_wconf 88' lang='lat' dir='ltr'>per</span> <span class='ocrx_word' id='word_1_325' title='bbox 1344 2474 1590 2526; x_wconf 89' lang='lat' dir='ltr'>mortem</span> <span class='ocrx_word' id='word_1_326' title='bbox 1614 2468 2027 2526; x_wconf 89' lang='lat' dir='ltr'>immortalitas</span> 
     </span>
    </p>
   </div>
   <div class='ocr_carea' id='block_1_43' title="bbox 377 2558 2023 2631">
    <p class='ocr_par' dir='ltr' id='par_1_43' title="bbox 377 2558 2023 2631">
     <span class='ocr_line' id='line_1_43' title="bbox 377 2558 2023 2631; baseline -0.001 -15"><span class='ocrx_word' id='word_1_327' title='bbox 377 2561 449 2616; x_wconf 89' lang='lat' dir='ltr'>ad</span> <span class='ocrx_word' id='word_1_328' title='bbox 481 2576 686 2616; x_wconf 88' lang='lat' dir='ltr'>omnes</span> <span class='ocrx_word' id='word_1_329' title='bbox 717 2559 1063 2631; x_wconf 83' lang='lat' dir='ltr'>pervenerit,</span> <span class='ocrx_word' id='word_1_330' title='bbox 1096 2575 1162 2613; x_wconf 89' lang='lat' dir='ltr'>ac</span> <span class='ocrx_word' id='word_1_331' title='bbox 1215 2558 1467 2630; x_wconf 91' lang='lat' dir='ltr'>denique</span> <span class='ocrx_word' id='word_1_332' title='bbox 1504 2575 1607 2630; x_wconf 89' lang='lat' dir='ltr'>per</span> <span class='ocrx_word' id='word_1_333' title='bbox 1629 2558 1884 2613; x_wconf 90' lang='lat' dir='ltr'>Verbum</span> <span class='ocrx_word' id='word_1_334' title='bbox 1915 2559 2023 2614; x_wconf 89' lang='lat' dir='ltr'>ho-</span> 
     </span>
    </p>
   </div>
   <div class='ocr_carea' id='block_1_44' title="bbox 379 2647 2026 2719">
    <p class='ocr_par' dir='ltr' id='par_1_44' title="bbox 379 2647 2026 2719">
     <span class='ocr_line' id='line_1_44' title="bbox 379 2647 2026 2719; baseline -0.001 -15"><span class='ocrx_word' id='word_1_335' title='bbox 379 2649 600 2704; x_wconf 89' lang='lat' dir='ltr'>minem</span> <span class='ocrx_word' id='word_1_336' title='bbox 633 2649 1079 2714; x_wconf 83' lang='lat' dir='ltr'>factum,rerum</span> <span class='ocrx_word' id='word_1_337' title='bbox 1105 2647 1371 2702; x_wconf 90' lang='lat' dir='ltr'>omnium</span> <span class='ocrx_word' id='word_1_338' title='bbox 1395 2647 1756 2719; x_wconf 88' lang='lat' dir='ltr'>providentia</span> <span class='ocrx_word' id='word_1_339' title='bbox 1781 2647 2026 2719; x_wconf 88' lang='lat' dir='ltr'>ejusque</span> 
     </span>
    </p>
   </div>
   <div class='ocr_carea' id='block_1_45' title="bbox 379 2735 2022 2808">
    <p class='ocr_par' dir='ltr' id='par_1_45' title="bbox 379 2735 2022 2808">
     <span class='ocr_line' id='line_1_45' title="bbox 379 2735 2022 2808; baseline 0 -16"><span class='ocrx_word' id='word_1_340' title='bbox 379 2737 824 2792; x_wconf 90' lang='lat' dir='ltr'>administrator</span> <span class='ocrx_word' id='word_1_341' title='bbox 853 2741 910 2791; x_wconf 92' lang='lat' dir='ltr'>et</span> <span class='ocrx_word' id='word_1_342' title='bbox 938 2739 1142 2791; x_wconf 89' lang='lat' dir='ltr'>auctor</span> <span class='ocrx_word' id='word_1_343' title='bbox 1165 2735 1267 2790; x_wconf 91' lang='lat' dir='ltr'>Dei</span> <span class='ocrx_word' id='word_1_344' title='bbox 1297 2736 1553 2791; x_wconf 88' lang='lat' dir='ltr'>Verbum</span> <span class='ocrx_word' id='word_1_345' title='bbox 1587 2735 1886 2808; x_wconf 85' lang='lat' dir='ltr'>cognitum</span> <span class='ocrx_word' id='word_1_346' title='bbox 1927 2737 2022 2792; x_wconf 90' lang='lat' dir='ltr'>sit.</span> 
     </span>
    </p>
   </div>
   <div class='ocr_carea' id='block_1_46' title="bbox 382 2824 2023 2898">
    <p class='ocr_par' dir='ltr' id='par_1_46' title="bbox 382 2824 2023 2898">
     <span class='ocr_line' id='line_1_46' title="bbox 382 2824 2023 2898; baseline -0.001 -16"><span class='ocrx_word' id='word_1_347' title='bbox 382 2827 513 2898; x_wconf 90' lang='lat' dir='ltr'>Ipse</span> <span class='ocrx_word' id='word_1_348' title='bbox 545 2825 838 2897; x_wconf 90' lang='lat' dir='ltr'>siquidem</span> <span class='ocrx_word' id='word_1_349' title='bbox 867 2824 1042 2880; x_wconf 89' lang='lat' dir='ltr'>homo</span> <span class='ocrx_word' id='word_1_350' title='bbox 1076 2826 1263 2880; x_wconf 89' lang='lat' dir='ltr'>factus</span> <span class='ocrx_word' id='word_1_351' title='bbox 1292 2829 1401 2894; x_wconf 91' lang='lat' dir='ltr'>est,</span> <span class='ocrx_word' id='word_1_352' title='bbox 1435 2829 1500 2879; x_wconf 90' lang='lat' dir='ltr'>ut</span> <span class='ocrx_word' id='word_1_353' title='bbox 1529 2841 1636 2880; x_wconf 91' lang='lat' dir='ltr'>nos</span> <span class='ocrx_word' id='word_1_354' title='bbox 1665 2825 1746 2879; x_wconf 92' lang='lat' dir='ltr'>dii</span> <span class='ocrx_word' id='word_1_355' title='bbox 1769 2826 2023 2881; x_wconf 85' lang='lat' dir='ltr'>efﬁcere-</span> 
     </span>
    </p>
   </div>
   <div class='ocr_carea' id='block_1_47' title="bbox 378 2913 2022 2986">
    <p class='ocr_par' dir='ltr' id='par_1_47' title="bbox 378 2913 2022 2986">
     <span class='ocr_line' id='line_1_47' title="bbox 378 2913 2022 2986; baseline -0.001 -16"><span class='ocrx_word' id='word_1_356' title='bbox 378 2930 550 2970; x_wconf 90' lang='lat' dir='ltr'>mur:</span> <span class='ocrx_word' id='word_1_357' title='bbox 576 2914 702 2986; x_wconf 89' lang='lat' dir='ltr'>ipse</span> <span class='ocrx_word' id='word_1_358' title='bbox 732 2913 994 2985; x_wconf 90' lang='lat' dir='ltr'>seipsum</span> <span class='ocrx_word' id='word_1_359' title='bbox 1027 2929 1129 2985; x_wconf 92' lang='lat' dir='ltr'>per</span> <span class='ocrx_word' id='word_1_360' title='bbox 1157 2929 1369 2984; x_wconf 87' lang='lat' dir='ltr'>corpus</span> <span class='ocrx_word' id='word_1_361' title='bbox 1399 2913 1712 2969; x_wconf 89' lang='lat' dir='ltr'>videndum</span> <span class='ocrx_word' id='word_1_362' title='bbox 1739 2913 2022 2982; x_wconf 84' lang='lat' dir='ltr'>exhibuit,</span> 
     </span>
    </p>
   </div>
   <div class='ocr_carea' id='block_1_48' title="bbox 379 3001 2022 3074">
    <p class='ocr_par' dir='ltr' id='par_1_48' title="bbox 379 3001 2022 3074">
     <span class='ocr_line' id='line_1_48' title="bbox 379 3001 2022 3074; baseline 0.001 -16"><span class='ocrx_word' id='word_1_363' title='bbox 379 3008 445 3058; x_wconf 91' lang='lat' dir='ltr'>ut</span> <span class='ocrx_word' id='word_1_364' title='bbox 470 3019 576 3058; x_wconf 86' lang='lat' dir='ltr'>nos</span> <span class='ocrx_word' id='word_1_365' title='bbox 608 3001 922 3058; x_wconf 88' lang='lat' dir='ltr'>invisibilis</span> <span class='ocrx_word' id='word_1_366' title='bbox 955 3001 1141 3057; x_wconf 85' lang='lat' dir='ltr'>Patris</span> <span class='ocrx_word' id='word_1_367' title='bbox 1173 3001 1564 3074; x_wconf 88' lang='lat' dir='ltr'>cognitionem</span> <span class='ocrx_word' id='word_1_368' title='bbox 1596 3002 2022 3074; x_wconf 88' lang='lat' dir='ltr'>acciperemus:</span> 
     </span>
    </p>
   </div>
   <div class='ocr_carea' id='block_1_49' title="bbox 376 3090 2028 3164">
    <p class='ocr_par' dir='ltr' id='par_1_49' title="bbox 376 3090 2028 3164">
     <span class='ocr_line' id='line_1_49' title="bbox 376 3090 2028 3164; baseline 0 -18"><span class='ocrx_word' id='word_1_369' title='bbox 376 3092 503 3164; x_wconf 89' lang='lat' dir='ltr'>ipse</span> <span class='ocrx_word' id='word_1_370' title='bbox 535 3091 784 3162; x_wconf 89' lang='lat' dir='ltr'>injurias</span> <span class='ocrx_word' id='word_1_371' title='bbox 814 3091 924 3147; x_wconf 90' lang='lat' dir='ltr'>sibi</span> <span class='ocrx_word' id='word_1_372' title='bbox 959 3091 1030 3146; x_wconf 90' lang='lat' dir='ltr'>ab</span> <span class='ocrx_word' id='word_1_373' title='bbox 1063 3090 1404 3146; x_wconf 88' lang='lat' dir='ltr'>hominibus</span> <span class='ocrx_word' id='word_1_374' title='bbox 1433 3090 1630 3146; x_wconf 84' lang='lat' dir='ltr'>illatas</span> <span class='ocrx_word' id='word_1_375' title='bbox 1652 3092 2028 3158; x_wconf 89' lang='lat' dir='ltr'>sustinuit,ut</span> 
     </span>
    </p>
   </div>
   <div class='ocr_carea' id='block_1_50' title="bbox 378 3179 2025 3238">
    <p class='ocr_par' dir='ltr' id='par_1_50' title="bbox 378 3179 2025 3238">
     <span class='ocr_line' id='line_1_50' title="bbox 378 3179 2025 3238; baseline -0.002 0"><span class='ocrx_word' id='word_1_376' title='bbox 378 3197 486 3238; x_wconf 89' lang='lat' dir='ltr'>nos</span> <span class='ocrx_word' id='word_1_377' title='bbox 515 3179 977 3237; x_wconf 88' lang='lat' dir='ltr'>immortalitatis</span> <span class='ocrx_word' id='word_1_378' title='bbox 1007 3179 1267 3236; x_wconf 71' lang='lat' dir='ltr'>hazredes</span> <span class='ocrx_word' id='word_1_379' title='bbox 1291 3179 1904 3235; x_wconf 87' lang='lat' dir='ltr'>institueremur.Nam</span> <span class='ocrx_word' id='word_1_380' title='bbox 1929 3179 2025 3235; x_wconf 93' lang='lat' dir='ltr'>ille</span> 
     </span>
    </p>
   </div>
   <div class='ocr_carea' id='block_1_51' title="bbox 2133 1931 3793 2013">
    <p class='ocr_par' dir='ltr' id='par_1_51' title="bbox 2133 1931 3793 2013">
     <span class='ocr_line' id='line_1_51' title="bbox 2133 1931 3793 2013; baseline 0.002 -22"><span class='ocrx_word' id='word_1_381' title='bbox 2133 1942 2230 1992; x_wconf 89' lang='grc' dir='ltr'>τοῦ</span> <span class='ocrx_word' id='word_1_382' title='bbox 2297 1937 2550 2009; x_wconf 87' lang='grc' dir='ltr'>σώματος</span> <span class='ocrx_word' id='word_1_383' title='bbox 2621 1931 3084 2008; x_wconf 85' lang='grc' dir='ltr'>καταλαμϐανέτω</span> <span class='ocrx_word' id='word_1_384' title='bbox 3139 1941 3354 2010; x_wconf 81' lang='grc' dir='ltr'>τοῦτον,</span> <span class='ocrx_word' id='word_1_385' title='bbox 3409 1937 3499 1993; x_wconf 79' lang='grc' dir='ltr'>καὶ</span> <span class='ocrx_word' id='word_1_386' title='bbox 3566 1936 3793 2013; x_wconf 81' lang='grc' dir='ltr'>δοκιμα-</span> 
     </span>
    </p>
   </div>
   <div class='ocr_carea' id='block_1_52' title="bbox 2139 2024 3792 2100">
    <p class='ocr_par' dir='ltr' id='par_1_52' title="bbox 2139 2024 3792 2100">
     <span class='ocr_line' id='line_1_52' title="bbox 2139 2024 3792 2100; baseline 0.002 -20"><span class='ocrx_word' id='word_1_387' title='bbox 2139 2026 2272 2096; x_wconf 79' lang='grc' dir='ltr'>ζέτω</span> <span class='ocrx_word' id='word_1_388' title='bbox 2330 2025 2375 2080; x_wconf 77' lang='grc' dir='ltr'>εἰ</span> <span class='ocrx_word' id='word_1_389' title='bbox 2435 2025 2748 2100; x_wconf 89' lang='grc' dir='ltr'>ἀνθρώπινά</span> <span class='ocrx_word' id='word_1_390' title='bbox 2796 2024 2934 2079; x_wconf 89' lang='grc' dir='ltr'>ἐστιν</span> <span class='ocrx_word' id='word_1_391' title='bbox 2985 2026 3021 2094; x_wconf 76' lang='grc' dir='ltr'><strong>ἢ</strong></span> <span class='ocrx_word' id='word_1_392' title='bbox 3077 2030 3248 2095; x_wconf 88' lang='grc' dir='ltr'>Θεοῦ;</span> <span class='ocrx_word' id='word_1_393' title='bbox 3299 2026 3389 2081; x_wconf 85' lang='grc' dir='ltr'>καὶ</span> <span class='ocrx_word' id='word_1_394' title='bbox 3431 2026 3518 2082; x_wconf 78' lang='grc' dir='ltr'>ἐὰν</span> <span class='ocrx_word' id='word_1_395' title='bbox 3576 2029 3671 2100; x_wconf 77' lang='grc' dir='ltr'>μὲν</span> <span class='ocrx_word' id='word_1_396' title='bbox 3705 2030 3792 2084; x_wconf 85' lang='grc' dir='ltr'>ἀν-</span> 
     </span>
    </p>
   </div>
   <div class='ocr_carea' id='block_1_53' title="bbox 2137 2111 3788 2193">
    <p class='ocr_par' dir='ltr' id='par_1_53' title="bbox 2137 2111 3788 2193">
     <span class='ocr_line' id='line_1_53' title="bbox 2137 2111 3788 2193; baseline 0.002 -25"><span class='ocrx_word' id='word_1_397' title='bbox 2137 2116 2382 2190; x_wconf 86' lang='grc' dir='ltr'>θρώπινα</span> <span class='ocrx_word' id='word_1_398' title='bbox 2409 2113 2464 2188; x_wconf 73' lang='grc' dir='ltr'>ᾖ,</span> <span class='ocrx_word' id='word_1_399' title='bbox 2521 2112 2874 2188; x_wconf 84' lang='grc' dir='ltr'>χλεκαζέτω·</span> <span class='ocrx_word' id='word_1_400' title='bbox 2937 2113 2981 2169; x_wconf 80' lang='grc' dir='ltr'>εἰ</span> <span class='ocrx_word' id='word_1_401' title='bbox 3033 2111 3090 2169; x_wconf 76' lang='grc' dir='ltr'>δὲ</span> <span class='ocrx_word' id='word_1_402' title='bbox 3136 2116 3212 2187; x_wconf 77' lang='grc' dir='ltr'>μὴ</span> <span class='ocrx_word' id='word_1_403' title='bbox 3265 2115 3576 2193; x_wconf 87' lang='grc' dir='ltr'>ἀνθρώπινά</span> <span class='ocrx_word' id='word_1_404' title='bbox 3625 2117 3788 2191; x_wconf 85' lang='grc' dir='ltr'>ἐστιν,</span> 
     </span>
    </p>
   </div>
   <div class='ocr_carea' id='block_1_54' title="bbox 2136 2203 3794 2282">
    <p class='ocr_par' dir='ltr' id='par_1_54' title="bbox 2136 2203 3794 2282">
     <span class='ocr_line' id='line_1_54' title="bbox 2136 2203 3794 2282; baseline -0.005 -23"><span class='ocrx_word' id='word_1_405' title='bbox 2136 2204 2280 2259; x_wconf 72' lang='grc' dir='ltr'>ἀλλά</span> <span class='ocrx_word' id='word_1_406' title='bbox 2309 2208 2463 2273; x_wconf 88' lang='grc' dir='ltr'>Θεοῦ,</span> <span class='ocrx_word' id='word_1_407' title='bbox 2495 2203 2807 2279; x_wconf 73' lang='grc' dir='ltr'>γινωσκέτω</span> <span class='ocrx_word' id='word_1_408' title='bbox 2850 2203 2940 2257; x_wconf 85' lang='grc' dir='ltr'>καὶ</span> <span class='ocrx_word' id='word_1_409' title='bbox 2973 2205 3049 2276; x_wconf 78' lang='grc' dir='ltr'>μὴ</span> <span class='ocrx_word' id='word_1_410' title='bbox 3098 2203 3311 2280; x_wconf 86' lang='grc' dir='ltr'>γελάτω</span> <span class='ocrx_word' id='word_1_411' title='bbox 3341 2207 3420 2277; x_wconf 85' lang='grc'>(5)</span> <span class='ocrx_word' id='word_1_412' title='bbox 3448 2208 3516 2260; x_wconf 78' lang='grc' dir='ltr'>τὰ</span> <span class='ocrx_word' id='word_1_413' title='bbox 3558 2206 3794 2282; x_wconf 78' lang='grc' dir='ltr'>ἀχλεύα-</span> 
     </span>
    </p>
   </div>
   <div class='ocr_carea' id='block_1_55' title="bbox 2137 2291 3793 2372">
    <p class='ocr_par' dir='ltr' id='par_1_55' title="bbox 2137 2291 3793 2372">
     <span class='ocr_line' id='line_1_55' title="bbox 2137 2291 3793 2372; baseline 0.001 -24"><span class='ocrx_word' id='word_1_414' title='bbox 2137 2315 2232 2348; x_wconf 85' lang='grc' dir='ltr'>στα</span> <span class='ocrx_word' id='word_1_415' title='bbox 2258 2313 2270 2326; x_wconf 81' lang='lat'><strong><em>°</em></strong></span> <span class='ocrx_word' id='word_1_416' title='bbox 2309 2291 2455 2348; x_wconf 85' lang='grc' dir='ltr'>ἀλλά</span> <span class='ocrx_word' id='word_1_417' title='bbox 2489 2291 2700 2365; x_wconf 75' lang='grc' dir='ltr'>μᾶλλον</span> <span class='ocrx_word' id='word_1_418' title='bbox 2737 2291 3080 2365; x_wconf 82' lang='grc' dir='ltr'>θαυμαζέτω,</span> <span class='ocrx_word' id='word_1_419' title='bbox 3109 2291 3189 2348; x_wconf 88' lang='grc' dir='ltr'>ὅτι</span> <span class='ocrx_word' id='word_1_420' title='bbox 3222 2291 3310 2348; x_wconf 76' lang='grc' dir='ltr'>διὰ</span> <span class='ocrx_word' id='word_1_421' title='bbox 3357 2294 3612 2350; x_wconf 91' lang='grc' dir='ltr'>τοιούτον</span> <span class='ocrx_word' id='word_1_422' title='bbox 3660 2295 3793 2372; x_wconf 86' lang='grc' dir='ltr'>πρά-</span> 
     </span>
    </p>
   </div>
   <div class='ocr_carea' id='block_1_56' title="bbox 2133 2381 3792 2461">
    <p class='ocr_par' dir='ltr' id='par_1_56' title="bbox 2133 2381 3792 2461">
     <span class='ocr_line' id='line_1_56' title="bbox 2133 2381 3792 2461; baseline 0.001 -24"><span class='ocrx_word' id='word_1_423' title='bbox 2133 2404 2340 2458; x_wconf 89' lang='grc' dir='ltr'>γματος</span> <span class='ocrx_word' id='word_1_424' title='bbox 2416 2381 2669 2443; x_wconf 70' lang='grc' dir='ltr'>εὐτελοῦς</span> <span class='ocrx_word' id='word_1_425' title='bbox 2723 2383 2791 2435; x_wconf 76' lang='grc' dir='ltr'>τὰ</span> <span class='ocrx_word' id='word_1_426' title='bbox 2847 2384 2964 2436; x_wconf 88' lang='grc' dir='ltr'>θεῖα</span> <span class='ocrx_word' id='word_1_427' title='bbox 3039 2385 3174 2455; x_wconf 79' lang='grc' dir='ltr'>ἡμῖν</span> <span class='ocrx_word' id='word_1_428' title='bbox 3249 2383 3645 2461; x_wconf 74' lang='grc' dir='ltr'>πεφανέρωται,</span> <span class='ocrx_word' id='word_1_429' title='bbox 3703 2384 3792 2439; x_wconf 78' lang='grc' dir='ltr'>καὶ</span> 
     </span>
    </p>
   </div>
   <div class='ocr_carea' id='block_1_57' title="bbox 2137 2469 3789 2549">
    <p class='ocr_par' dir='ltr' id='par_1_57' title="bbox 2137 2469 3789 2549">
     <span class='ocr_line' id='line_1_57' title="bbox 2137 2469 3789 2549; baseline 0.001 -23"><span class='ocrx_word' id='word_1_430' title='bbox 2137 2470 2225 2526; x_wconf 74' lang='grc' dir='ltr'>διὰ</span> <span class='ocrx_word' id='word_1_431' title='bbox 2279 2475 2376 2526; x_wconf 91' lang='grc' dir='ltr'>τοῦ</span> <span class='ocrx_word' id='word_1_432' title='bbox 2425 2469 2653 2534; x_wconf 83' lang='grc' dir='ltr'>θανάτου</span> <span class='ocrx_word' id='word_1_433' title='bbox 2683 2473 2718 2538; x_wconf 79' lang='grc' dir='ltr'>ἡ</span> <span class='ocrx_word' id='word_1_434' title='bbox 2779 2469 3037 2525; x_wconf 86' lang='grc' dir='ltr'>ἀθανασία</span> <span class='ocrx_word' id='word_1_435' title='bbox 3077 2471 3151 2534; x_wconf 84' lang='grc' dir='ltr'>εἷς</span> <span class='ocrx_word' id='word_1_436' title='bbox 3203 2471 3404 2535; x_wconf 81' lang='grc' dir='ltr'>πάντας</span> <span class='ocrx_word' id='word_1_437' title='bbox 3451 2471 3666 2549; x_wconf 77' lang='grc' dir='ltr'>ἔφθασε,</span> <span class='ocrx_word' id='word_1_438' title='bbox 3697 2473 3789 2528; x_wconf 78' lang='grc' dir='ltr'>καὶ</span> 
     </span>
    </p>
   </div>
   <div class='ocr_carea' id='block_1_58' title="bbox 2137 2556 3790 2634">
    <p class='ocr_par' dir='ltr' id='par_1_58' title="bbox 2137 2556 3790 2634">
     <span class='ocr_line' id='line_1_58' title="bbox 2137 2556 3790 2634; baseline 0.003 -23"><span class='ocrx_word' id='word_1_439' title='bbox 2137 2556 2225 2612; x_wconf 81' lang='grc' dir='ltr'>διὰ</span> <span class='ocrx_word' id='word_1_440' title='bbox 2280 2565 2381 2626; x_wconf 80' lang='grc' dir='ltr'>τῆς</span> <span class='ocrx_word' id='word_1_441' title='bbox 2442 2557 2904 2633; x_wconf 70' lang='grc' dir='ltr'>ἐνανθρωπήσεως</span> <span class='ocrx_word' id='word_1_442' title='bbox 2960 2563 3057 2612; x_wconf 90' lang='grc' dir='ltr'>τοῦ</span> <span class='ocrx_word' id='word_1_443' title='bbox 3115 2558 3292 2634; x_wconf 85' lang='grc' dir='ltr'>Λόγου</span> <span class='ocrx_word' id='word_1_444' title='bbox 3337 2563 3372 2629; x_wconf 79' lang='grc' dir='ltr'><strong>ἡ</strong></span> <span class='ocrx_word' id='word_1_445' title='bbox 3404 2565 3512 2614; x_wconf 82' lang='grc' dir='ltr'>τῶν</span> <span class='ocrx_word' id='word_1_446' title='bbox 3573 2561 3790 2616; x_wconf 83' lang='grc' dir='ltr'>πάντων</span> 
     </span>
    </p>
   </div>
   <div class='ocr_carea' id='block_1_59' title="bbox 2137 2645 3793 2725">
    <p class='ocr_par' dir='ltr' id='par_1_59' title="bbox 2137 2645 3793 2725">
     <span class='ocr_line' id='line_1_59' title="bbox 2137 2645 3793 2725; baseline 0.001 -24"><span class='ocrx_word' id='word_1_447' title='bbox 2137 2647 2381 2721; x_wconf 78' lang='grc' dir='ltr'>ἐγνώσθη</span> <span class='ocrx_word' id='word_1_448' title='bbox 2415 2645 2665 2721; x_wconf 86' lang='grc' dir='ltr'>πρόνοια,</span> <span class='ocrx_word' id='word_1_449' title='bbox 2697 2645 2786 2698; x_wconf 79' lang='grc' dir='ltr'>καὶ</span> <span class='ocrx_word' id='word_1_450' title='bbox 2821 2646 2849 2698; x_wconf 84' lang='lat'>6</span> <span class='ocrx_word' id='word_1_451' title='bbox 2877 2645 3080 2714; x_wconf 79' lang='grc' dir='ltr'>ταύτης</span> <span class='ocrx_word' id='word_1_452' title='bbox 3127 2646 3374 2722; x_wconf 83' lang='grc' dir='ltr'>χορηγὸς</span> <span class='ocrx_word' id='word_1_453' title='bbox 3406 2648 3492 2701; x_wconf 74' lang='grc' dir='ltr'>καὶ</span> <span class='ocrx_word' id='word_1_454' title='bbox 3526 2645 3793 2725; x_wconf 83' lang='grc' dir='ltr'>δημιουρ-</span> 
     </span>
    </p>
   </div>
   <div class='ocr_carea' id='block_1_60' title="bbox 2133 2731 3792 2812">
    <p class='ocr_par' dir='ltr' id='par_1_60' title="bbox 2133 2731 3792 2812">
     <span class='ocr_line' id='line_1_60' title="bbox 2133 2731 3792 2812; baseline -0.007 -21"><span class='ocrx_word' id='word_1_455' title='bbox 2133 2735 2227 2812; x_wconf 88' lang='grc' dir='ltr'>γὸς</span> <span class='ocrx_word' id='word_1_456' title='bbox 2259 2734 2419 2795; x_wconf 83' lang='grc' dir='ltr'>αὑτὸς</span> <span class='ocrx_word' id='word_1_457' title='bbox 2453 2735 2480 2787; x_wconf 95' lang='lat'>6</span> <span class='ocrx_word' id='word_1_458' title='bbox 2511 2736 2606 2787; x_wconf 88' lang='grc' dir='ltr'>τοῦ</span> <span class='ocrx_word' id='word_1_459' title='bbox 2637 2736 2772 2786; x_wconf 90' lang='grc' dir='ltr'>Θεοῦ</span> <span class='ocrx_word' id='word_1_460' title='bbox 2815 2731 3013 2807; x_wconf 86' lang='grc' dir='ltr'>Λόγος,</span> <span class='ocrx_word' id='word_1_461' title='bbox 3049 2733 3222 2795; x_wconf 84' lang='grc' dir='ltr'>Λὺτὸς</span> <span class='ocrx_word' id='word_1_462' title='bbox 3279 2735 3381 2810; x_wconf 77' lang='grc' dir='ltr'>γὰρ</span> <span class='ocrx_word' id='word_1_463' title='bbox 3439 2734 3792 2810; x_wconf 85' lang='grc' dir='ltr'>ἐνηνθρώπη-</span> 
     </span>
    </p>
   </div>
   <div class='ocr_carea' id='block_1_61' title="bbox 2134 2821 3788 2902">
    <p class='ocr_par' dir='ltr' id='par_1_61' title="bbox 2134 2821 3788 2902">
     <span class='ocr_line' id='line_1_61' title="bbox 2134 2821 3788 2902; baseline 0.001 -24"><span class='ocrx_word' id='word_1_464' title='bbox 2134 2821 2362 2894; x_wconf 66' lang='grc' dir='ltr'>σεν,’ίνα</span> <span class='ocrx_word' id='word_1_465' title='bbox 2423 2824 2587 2894; x_wconf 80' lang='grc' dir='ltr'>ἡμεῖς</span> <span class='ocrx_word' id='word_1_466' title='bbox 2647 2824 3109 2893; x_wconf 73' lang='grc' dir='ltr'>θεωποιηθῶμενο</span> <span class='ocrx_word' id='word_1_467' title='bbox 3158 2821 3248 2876; x_wconf 81' lang='grc' dir='ltr'>καὶ</span> <span class='ocrx_word' id='word_1_468' title='bbox 3307 2823 3469 2885; x_wconf 84' lang='grc' dir='ltr'>αὑτὸς</span> <span class='ocrx_word' id='word_1_469' title='bbox 3519 2823 3788 2902; x_wconf 85' lang='grc' dir='ltr'>ἐφανέρω-</span> 
     </span>
    </p>
   </div>
   <div class='ocr_carea' id='block_1_62' title="bbox 2135 2907 3791 2986">
    <p class='ocr_par' dir='ltr' id='par_1_62' title="bbox 2135 2907 3791 2986">
     <span class='ocr_line' id='line_1_62' title="bbox 2135 2907 3791 2986; baseline 0.002 -20"><span class='ocrx_word' id='word_1_470' title='bbox 2135 2933 2221 2967; x_wconf 89' lang='grc' dir='ltr'>σεν</span> <span class='ocrx_word' id='word_1_471' title='bbox 2273 2910 2460 2966; x_wconf 73' lang='grc' dir='ltr'>ἑαυτὸν</span> <span class='ocrx_word' id='word_1_472' title='bbox 2515 2907 2603 2964; x_wconf 80' lang='grc' dir='ltr'>διὰ</span> <span class='ocrx_word' id='word_1_473' title='bbox 2647 2909 2923 2980; x_wconf 84' lang='grc' dir='ltr'>σώματος,</span> <span class='ocrx_word' id='word_1_474' title='bbox 2951 2907 3044 2964; x_wconf 74' lang='grc' dir='ltr'>’ίνα</span> <span class='ocrx_word' id='word_1_475' title='bbox 3081 2912 3246 2982; x_wconf 81' lang='grc' dir='ltr'>ἡμεῖς</span> <span class='ocrx_word' id='word_1_476' title='bbox 3293 2915 3391 2966; x_wconf 91' lang='grc' dir='ltr'>τοῦ</span> <span class='ocrx_word' id='word_1_477' title='bbox 3419 2911 3650 2986; x_wconf 78' lang='grc' dir='ltr'>ἀοράτου</span> <span class='ocrx_word' id='word_1_478' title='bbox 3683 2919 3791 2969; x_wconf 86' lang='grc' dir='ltr'>Πα-</span> 
     </span>
    </p>
   </div>
   <div class='ocr_carea' id='block_1_63' title="bbox 2132 2991 3791 3078">
    <p class='ocr_par' dir='ltr' id='par_1_63' title="bbox 2132 2991 3791 3078">
     <span class='ocr_line' id='line_1_63' title="bbox 2132 2991 3791 3078; baseline 0.001 -22"><span class='ocrx_word' id='word_1_479' title='bbox 2132 3001 2260 3078; x_wconf 78' lang='grc' dir='ltr'>τρὸς</span> <span class='ocrx_word' id='word_1_480' title='bbox 2311 2998 2514 3054; x_wconf 79' lang='grc' dir='ltr'>ἔννοιαν</span> <span class='ocrx_word' id='word_1_481' title='bbox 2578 2991 2834 3069; x_wconf 88' lang='grc' dir='ltr'>λάϐωμεν</span> <span class='ocrx_word' id='word_1_482' title='bbox 2862 3019 2874 3032; x_wconf 75' lang='grc' dir='ltr'><strong>ο</strong></span> <span class='ocrx_word' id='word_1_483' title='bbox 2923 2997 3012 3052; x_wconf 82' lang='grc' dir='ltr'>καὶ</span> <span class='ocrx_word' id='word_1_484' title='bbox 3056 2998 3214 3061; x_wconf 84' lang='grc' dir='ltr'>αὑτὸς</span> <span class='ocrx_word' id='word_1_485' title='bbox 3251 2998 3505 3073; x_wconf 82' lang='grc' dir='ltr'>ὑπέμεινε</span> <span class='ocrx_word' id='word_1_486' title='bbox 3530 3002 3630 3070; x_wconf 76' lang='grc' dir='ltr'>τὴν</span> <span class='ocrx_word' id='word_1_487' title='bbox 3663 3009 3791 3078; x_wconf 81' lang='grc' dir='ltr'>παρ’</span> 
     </span>
    </p>
   </div>
   <div class='ocr_carea' id='block_1_64' title="bbox 2135 3081 3788 3165">
    <p class='ocr_par' dir='ltr' id='par_1_64' title="bbox 2135 3081 3788 3165">
     <span class='ocr_line' id='line_1_64' title="bbox 2135 3081 3788 3165; baseline 0.001 -21"><span class='ocrx_word' id='word_1_488' title='bbox 2135 3089 2435 3164; x_wconf 82' lang='grc' dir='ltr'>ἀνθρώπων</span> <span class='ocrx_word' id='word_1_489' title='bbox 2470 3089 2546 3160; x_wconf 90' lang='grc'>(6)</span> <span class='ocrx_word' id='word_1_490' title='bbox 2595 3081 2774 3160; x_wconf 76' lang='grc' dir='ltr'>ὕϐριν,</span> <span class='ocrx_word' id='word_1_491' title='bbox 2817 3084 2910 3140; x_wconf 67' lang='grc' dir='ltr'>’ίνα</span> <span class='ocrx_word' id='word_1_492' title='bbox 2966 3089 3131 3159; x_wconf 83' lang='grc' dir='ltr'>ἡμεῖς</span> <span class='ocrx_word' id='word_1_493' title='bbox 3178 3086 3462 3143; x_wconf 77' lang='grc' dir='ltr'>ἀθανασίαν</span> <span class='ocrx_word' id='word_1_494' title='bbox 3515 3089 3788 3165; x_wconf 86' lang='grc' dir='ltr'>κληρονο-</span> 
     </span>
    </p>
   </div>
   <div class='ocr_carea' id='block_1_65' title="bbox 2141 3171 3790 3253">
    <p class='ocr_par' dir='ltr' id='par_1_65' title="bbox 2141 3171 3790 3253">
     <span class='ocr_line' id='line_1_65' title="bbox 2141 3171 3790 3253; baseline 0.002 -21"><span class='ocrx_word' id='word_1_495' title='bbox 2141 3181 2424 3253; x_wconf 85' lang='grc' dir='ltr'>μήσωμεν.</span> <span class='ocrx_word' id='word_1_496' title='bbox 2473 3171 2805 3231; x_wconf 85' lang='grc' dir='ltr'>Ἐϐλάπτετο</span> <span class='ocrx_word' id='word_1_497' title='bbox 2860 3175 2955 3248; x_wconf 71' lang='grc' dir='ltr'>μὲν</span> <span class='ocrx_word' id='word_1_498' title='bbox 3001 3177 3102 3252; x_wconf 81' lang='grc' dir='ltr'>γὰρ</span> <span class='ocrx_word' id='word_1_499' title='bbox 3153 3176 3314 3240; x_wconf 80' lang='grc' dir='ltr'>αὑτὸς</span> <span class='ocrx_word' id='word_1_500' title='bbox 3361 3175 3537 3251; x_wconf 73' lang='grc' dir='ltr'>οὐδὲν,</span> <span class='ocrx_word' id='word_1_501' title='bbox 3576 3180 3790 3249; x_wconf 82' lang='grc' dir='ltr'>ἀπαθὴς</span> 
     </span>
    </p>
   </div>
   <div class='ocr_carea' id='block_1_66' title="bbox 379 3244 2028 3345">
    <p class='ocr_par' dir='ltr' id='par_1_66' title="bbox 379 3267 2022 3342">
     <span class='ocr_line' id='line_1_66' title="bbox 379 3267 2022 3342; baseline 0 -18"><span class='ocrx_word' id='word_1_502' title='bbox 379 3270 617 3342; x_wconf 88' lang='lat' dir='ltr'>quidem</span> <span class='ocrx_word' id='word_1_503' title='bbox 651 3267 796 3324; x_wconf 91' lang='lat' dir='ltr'>nihil</span> <span class='ocrx_word' id='word_1_504' title='bbox 828 3268 1387 3340; x_wconf 72' lang='lat' dir='ltr'>lsedebatur,quippe</span> <span class='ocrx_word' id='word_1_505' title='bbox 1413 3269 1511 3342; x_wconf 91' lang='lat' dir='ltr'>qui</span> <span class='ocrx_word' id='word_1_506' title='bbox 1535 3284 1640 3324; x_wconf 90' lang='lat' dir='ltr'>nec</span> <span class='ocrx_word' id='word_1_507' title='bbox 1661 3268 1780 3341; x_wconf 87' lang='lat' dir='ltr'>pati</span> <span class='ocrx_word' id='word_1_508' title='bbox 1804 3268 2022 3341; x_wconf 91' lang='lat' dir='ltr'>aliquid</span> 
     </span>
    </p>
   </div>
   <div class='ocr_carea' id='block_1_67' title="bbox 2142 3244 3793 3345">
    <p class='ocr_par' dir='ltr' id='par_1_67' title="bbox 2142 3244 3793 3345">
     <span class='ocr_line' id='line_1_67' title="bbox 2142 3244 3793 3345; baseline 0.001 -22"><span class='ocrx_word' id='word_1_509' title='bbox 2142 3244 2221 3324; x_wconf 63' lang='grc' dir='ltr'>καῖ</span> <span class='ocrx_word' id='word_1_510' title='bbox 2254 3244 2520 3345; x_wconf 79' lang='grc' dir='ltr'>ἄφθαρτος</span> <span class='ocrx_word' id='word_1_511' title='bbox 2570 3265 2659 3320; x_wconf 88' lang='grc' dir='ltr'>καὶ</span> <span class='ocrx_word' id='word_1_512' title='bbox 2703 3244 3025 3340; x_wconf 31' lang='grc' dir='ltr'>Δὺτολόγοςπ</span> <span class='ocrx_word' id='word_1_513' title='bbox 3060 3244 3134 3320; x_wconf 60' lang='grc' dir='ltr'>ὧν</span> <span class='ocrx_word' id='word_1_514' title='bbox 3191 3265 3281 3320; x_wconf 83' lang='grc' dir='ltr'>καὶ</span> <span class='ocrx_word' id='word_1_515' title='bbox 3339 3265 3468 3330; x_wconf 89' lang='grc' dir='ltr'>Θεός</span> <span class='ocrx_word' id='word_1_516' title='bbox 3496 3244 3684 3331; x_wconf 37' lang='grc' dir='ltr'>’,τοὺς</span> <span class='ocrx_word' id='word_1_517' title='bbox 3735 3244 3793 3325; x_wconf 73' lang='grc' dir='ltr'>ὅὲ</span> 
     </span>
    </p>
   </div>
   <div class='ocr_carea' id='block_1_68' title="bbox 376 3356 2024 3430">
    <p class='ocr_par' dir='ltr' id='par_1_68' title="bbox 376 3356 2024 3430">
     <span class='ocr_line' id='line_1_68' title="bbox 376 3356 2024 3430; baseline 0 -17"><span class='ocrx_word' id='word_1_518' title='bbox 376 3375 483 3415; x_wconf 88' lang='lat' dir='ltr'>nec</span> <span class='ocrx_word' id='word_1_519' title='bbox 515 3356 809 3430; x_wconf 88' lang='lat' dir='ltr'>corrumpi</span> <span class='ocrx_word' id='word_1_520' title='bbox 842 3361 1058 3429; x_wconf 87' lang='lat' dir='ltr'>posset,</span> <span class='ocrx_word' id='word_1_521' title='bbox 1101 3357 1202 3413; x_wconf 89' lang='lat' dir='ltr'>sed</span> <span class='ocrx_word' id='word_1_522' title='bbox 1251 3356 1448 3428; x_wconf 91' lang='lat' dir='ltr'>ipsum</span> <span class='ocrx_word' id='word_1_523' title='bbox 1497 3357 1753 3413; x_wconf 90' lang='lat' dir='ltr'>Verbum</span> <span class='ocrx_word' id='word_1_524' title='bbox 1785 3363 1842 3413; x_wconf 90' lang='lat' dir='ltr'>et</span> <span class='ocrx_word' id='word_1_525' title='bbox 1871 3357 2024 3413; x_wconf 90' lang='lat' dir='ltr'>Deus</span> 
     </span>
    </p>
   </div>
   <div class='ocr_carea' id='block_1_69' title="bbox 376 3444 2027 3518">
    <p class='ocr_par' dir='ltr' id='par_1_69' title="bbox 376 3444 2027 3518">
     <span class='ocr_line' id='line_1_69' title="bbox 376 3444 2027 3518; baseline -0.001 -15"><span class='ocrx_word' id='word_1_526' title='bbox 376 3451 532 3503; x_wconf 90' lang='lat' dir='ltr'>esset</span> <span class='ocrx_word' id='word_1_527' title='bbox 565 3463 577 3502; x_wconf 76' lang='grc' dir='ltr'>ε</span> <span class='ocrx_word' id='word_1_528' title='bbox 613 3450 674 3502; x_wconf 87' lang='lat' dir='ltr'>at</span> <span class='ocrx_word' id='word_1_529' title='bbox 706 3444 854 3501; x_wconf 88' lang='lat' dir='ltr'>male</span> <span class='ocrx_word' id='word_1_530' title='bbox 880 3446 1114 3502; x_wconf 79' lang='lat' dir='ltr'>aﬁ‘ectos</span> <span class='ocrx_word' id='word_1_531' title='bbox 1160 3445 1450 3514; x_wconf 87' lang='lat' dir='ltr'>homines,</span> <span class='ocrx_word' id='word_1_532' title='bbox 1497 3451 1733 3518; x_wconf 90' lang='lat' dir='ltr'>propter</span> <span class='ocrx_word' id='word_1_533' title='bbox 1782 3463 1930 3518; x_wconf 92' lang='lat' dir='ltr'>quos</span> <span class='ocrx_word' id='word_1_534' title='bbox 1969 3451 2027 3502; x_wconf 89' lang='lat' dir='ltr'>et</span> 
     </span>
    </p>
   </div>
   <div class='ocr_carea' id='block_1_70' title="bbox 377 3534 2026 3609">
    <p class='ocr_par' dir='ltr' id='par_1_70' title="bbox 377 3534 2026 3609">
     <span class='ocr_line' id='line_1_70' title="bbox 377 3534 2026 3609; baseline 0.001 -18"><span class='ocrx_word' id='word_1_535' title='bbox 377 3536 492 3592; x_wconf 83' lang='lat' dir='ltr'>ista</span> <span class='ocrx_word' id='word_1_536' title='bbox 521 3536 864 3609; x_wconf 87' lang='lat' dir='ltr'>perferebat,</span> <span class='ocrx_word' id='word_1_537' title='bbox 895 3534 954 3589; x_wconf 95' lang='lat' dir='ltr'>in</span> <span class='ocrx_word' id='word_1_538' title='bbox 987 3539 1196 3604; x_wconf 87' lang='lat' dir='ltr'>sua,ut</span> <span class='ocrx_word' id='word_1_539' title='bbox 1225 3535 1305 3590; x_wconf 89' lang='lat' dir='ltr'>ita</span> <span class='ocrx_word' id='word_1_540' title='bbox 1335 3535 2026 3607; x_wconf 87' lang='lat' dir='ltr'>dicam,impassibilitate</span> 
     </span>
    </p>
   </div>
   <div class='ocr_carea' id='block_1_71' title="bbox 382 3623 2025 3682">
    <p class='ocr_par' dir='ltr' id='par_1_71' title="bbox 382 3623 2025 3682">
     <span class='ocr_line' id='line_1_71' title="bbox 382 3623 2025 3682; baseline 0 -1"><span class='ocrx_word' id='word_1_541' title='bbox 382 3626 482 3681; x_wconf 73' lang='lat'><strong>76</strong></span> <span class='ocrx_word' id='word_1_542' title='bbox 511 3625 877 3680; x_wconf 90' lang='lat' dir='ltr'>custodiebat</span> <span class='ocrx_word' id='word_1_543' title='bbox 908 3628 963 3678; x_wconf 89' lang='lat' dir='ltr'>et</span> <span class='ocrx_word' id='word_1_544' title='bbox 993 3624 1387 3680; x_wconf 88' lang='lat' dir='ltr'>conservabat.</span> <span class='ocrx_word' id='word_1_545' title='bbox 1421 3623 1667 3679; x_wconf 90' lang='lat' dir='ltr'>Demum</span> <span class='ocrx_word' id='word_1_546' title='bbox 1701 3629 1784 3680; x_wconf 88' lang='lat' dir='ltr'>tot</span> <span class='ocrx_word' id='word_1_547' title='bbox 1819 3630 1875 3680; x_wconf 90' lang='lat' dir='ltr'>et</span> <span class='ocrx_word' id='word_1_548' title='bbox 1896 3631 2025 3682; x_wconf 90' lang='lat' dir='ltr'>tan-</span> 
     </span>
    </p>
   </div>
   <div class='ocr_carea' id='block_1_72' title="bbox 376 3711 2022 3786">
    <p class='ocr_par' dir='ltr' id='par_1_72' title="bbox 376 3711 2022 3786">
     <span class='ocr_line' id='line_1_72' title="bbox 376 3711 2022 3786; baseline 0.001 -17"><span class='ocrx_word' id='word_1_549' title='bbox 376 3719 436 3769; x_wconf 85' lang='lat' dir='ltr'>ta</span> <span class='ocrx_word' id='word_1_550' title='bbox 469 3717 629 3779; x_wconf 89' lang='lat' dir='ltr'>sunt,</span> <span class='ocrx_word' id='word_1_551' title='bbox 662 3729 790 3785; x_wconf 64' lang='lat' dir='ltr'>quae</span> <span class='ocrx_word' id='word_1_552' title='bbox 821 3711 1104 3779; x_wconf 88' lang='lat' dir='ltr'>Salvator,</span> <span class='ocrx_word' id='word_1_553' title='bbox 1139 3712 1401 3767; x_wconf 89' lang='lat' dir='ltr'>humana</span> <span class='ocrx_word' id='word_1_554' title='bbox 1439 3717 1649 3768; x_wconf 88' lang='lat' dir='ltr'>natura</span> <span class='ocrx_word' id='word_1_555' title='bbox 1695 3720 2022 3786; x_wconf 88' lang='lat' dir='ltr'>assumpta,</span> 
     </span>
    </p>
   </div>
   <div class='ocr_carea' id='block_1_73' title="bbox 376 3799 2024 3874">
    <p class='ocr_par' dir='ltr' id='par_1_73' title="bbox 376 3799 2024 3874">
     <span class='ocr_line' id='line_1_73' title="bbox 376 3799 2024 3874; baseline 0.002 -18"><span class='ocrx_word' id='word_1_556' title='bbox 376 3801 650 3874; x_wconf 74' lang='lat' dir='ltr'>praeclare</span> <span class='ocrx_word' id='word_1_557' title='bbox 679 3801 881 3872; x_wconf 88' lang='lat' dir='ltr'>gessit,</span> <span class='ocrx_word' id='word_1_558' title='bbox 915 3803 978 3854; x_wconf 92' lang='lat' dir='ltr'>ut</span> <span class='ocrx_word' id='word_1_559' title='bbox 1008 3799 1057 3854; x_wconf 90' lang='lat' dir='ltr'>si</span> <span class='ocrx_word' id='word_1_560' title='bbox 1089 3799 1222 3871; x_wconf 89' lang='lat' dir='ltr'>quis</span> <span class='ocrx_word' id='word_1_561' title='bbox 1252 3817 1319 3855; x_wconf 90' lang='lat' dir='ltr'>ea</span> <span class='ocrx_word' id='word_1_562' title='bbox 1342 3817 1614 3856; x_wconf 86' lang='lat' dir='ltr'>enarrare</span> <span class='ocrx_word' id='word_1_563' title='bbox 1643 3802 1835 3871; x_wconf 87' lang='lat' dir='ltr'>vellet,</span> <span class='ocrx_word' id='word_1_564' title='bbox 1868 3803 2024 3859; x_wconf 90' lang='lat' dir='ltr'>idem</span> 
     </span>
    </p>
   </div>
   <div class='ocr_carea' id='block_1_74' title="bbox 376 3889 2028 3963">
    <p class='ocr_par' dir='ltr' id='par_1_74' title="bbox 376 3889 2028 3963">
     <span class='ocr_line' id='line_1_74' title="bbox 376 3889 2028 3963; baseline 0.001 -17"><span class='ocrx_word' id='word_1_565' title='bbox 376 3891 633 3963; x_wconf 81' lang='lat' dir='ltr'>profecto</span> <span class='ocrx_word' id='word_1_566' title='bbox 665 3893 862 3961; x_wconf 87' lang='lat' dir='ltr'>ageret</span> <span class='ocrx_word' id='word_1_567' title='bbox 889 3906 956 3944; x_wconf 87' lang='lat' dir='ltr'>ac</span> <span class='ocrx_word' id='word_1_568' title='bbox 985 3890 1032 3943; x_wconf 91' lang='lat' dir='ltr'>si</span> <span class='ocrx_word' id='word_1_569' title='bbox 1051 3889 1183 3960; x_wconf 89' lang='lat' dir='ltr'>quis</span> <span class='ocrx_word' id='word_1_570' title='bbox 1213 3889 1390 3944; x_wconf 88' lang='lat' dir='ltr'>maris</span> <span class='ocrx_word' id='word_1_571' title='bbox 1413 3890 1871 3947; x_wconf 87' lang='lat' dir='ltr'>immensitatem</span> <span class='ocrx_word' id='word_1_572' title='bbox 1894 3909 2028 3948; x_wconf 91' lang='lat' dir='ltr'>con-</span> 
     </span>
    </p>
   </div>
   <div class='ocr_carea' id='block_1_75' title="bbox 374 3976 2027 4050">
    <p class='ocr_par' dir='ltr' id='par_1_75' title="bbox 374 3976 2027 4050">
     <span class='ocr_line' id='line_1_75' title="bbox 374 3976 2027 4050; baseline 0.001 -15"><span class='ocrx_word' id='word_1_573' title='bbox 374 3985 570 4050; x_wconf 91' lang='lat' dir='ltr'>tuens,</span> <span class='ocrx_word' id='word_1_574' title='bbox 604 3979 733 4048; x_wconf 91' lang='lat' dir='ltr'>ejus</span> <span class='ocrx_word' id='word_1_575' title='bbox 765 3976 977 4032; x_wconf 89' lang='lat' dir='ltr'>ﬂuctus</span> <span class='ocrx_word' id='word_1_576' title='bbox 1005 3976 1177 4034; x_wconf 90' lang='lat' dir='ltr'>vellet</span> <span class='ocrx_word' id='word_1_577' title='bbox 1207 3978 1614 4034; x_wconf 88' lang='lat' dir='ltr'>numerare.Ut</span> <span class='ocrx_word' id='word_1_578' title='bbox 1643 3981 1796 4036; x_wconf 90' lang='lat' dir='ltr'>enim</span> <span class='ocrx_word' id='word_1_579' title='bbox 1822 3999 2027 4038; x_wconf 85' lang='lat' dir='ltr'>omnes</span> 
     </span>
    </p>
   </div>
   <div class='ocr_carea' id='block_1_76' title="bbox 377 4065 2027 4142">
    <p class='ocr_par' dir='ltr' id='par_1_76' title="bbox 377 4065 2027 4142">
     <span class='ocr_line' id='line_1_76' title="bbox 377 4065 2027 4142; baseline 0.002 -19"><span class='ocrx_word' id='word_1_580' title='bbox 377 4068 560 4123; x_wconf 88' lang='lat' dir='ltr'>maris</span> <span class='ocrx_word' id='word_1_581' title='bbox 581 4068 797 4122; x_wconf 88' lang='lat' dir='ltr'>ﬂuctus</span> <span class='ocrx_word' id='word_1_582' title='bbox 819 4065 1004 4122; x_wconf 89' lang='lat' dir='ltr'>oculis</span> <span class='ocrx_word' id='word_1_583' title='bbox 1027 4082 1142 4122; x_wconf 91' lang='lat' dir='ltr'>non</span> <span class='ocrx_word' id='word_1_584' title='bbox 1166 4069 2027 4142; x_wconf 87' lang='lat' dir='ltr'>possuntcomprehendi,quod</span> 
     </span>
    </p>
   </div>
   <div class='ocr_carea' id='block_1_77' title="bbox 376 4156 2028 4230">
    <p class='ocr_par' dir='ltr' id='par_1_77' title="bbox 376 4156 2028 4230">
     <span class='ocr_line' id='line_1_77' title="bbox 376 4156 2028 4230; baseline 0.002 -18"><span class='ocrx_word' id='word_1_585' title='bbox 376 4157 509 4212; x_wconf 82' lang='lat' dir='ltr'>novi</span> <span class='ocrx_word' id='word_1_586' title='bbox 541 4156 654 4213; x_wconf 87' lang='lat' dir='ltr'>sibi</span> <span class='ocrx_word' id='word_1_587' title='bbox 683 4171 917 4228; x_wconf 90' lang='lat' dir='ltr'>semper</span> <span class='ocrx_word' id='word_1_588' title='bbox 946 4156 1320 4213; x_wconf 89' lang='lat' dir='ltr'>succedentes</span> <span class='ocrx_word' id='word_1_589' title='bbox 1351 4173 1590 4214; x_wconf 86' lang='lat' dir='ltr'>sensum</span> <span class='ocrx_word' id='word_1_590' title='bbox 1621 4159 1750 4229; x_wconf 90' lang='lat' dir='ltr'>ejus</span> <span class='ocrx_word' id='word_1_591' title='bbox 1771 4160 1872 4230; x_wconf 89' lang='lat' dir='ltr'>qui</span> <span class='ocrx_word' id='word_1_592' title='bbox 1896 4159 2028 4215; x_wconf 91' lang='lat' dir='ltr'>illos</span> 
     </span>
    </p>
   </div>
   <div class='ocr_carea' id='block_1_78' title="bbox 379 4245 2027 4318">
    <p class='ocr_par' dir='ltr' id='par_1_78' title="bbox 379 4245 2027 4318">
     <span class='ocr_line' id='line_1_78' title="bbox 379 4245 2027 4318; baseline 0.001 -16"><span class='ocrx_word' id='word_1_593' title='bbox 379 4263 690 4302; x_wconf 88' lang='lat' dir='ltr'>numerare</span> <span class='ocrx_word' id='word_1_594' title='bbox 729 4249 1038 4302; x_wconf 89' lang='lat' dir='ltr'>conaretur</span> <span class='ocrx_word' id='word_1_595' title='bbox 1087 4245 1315 4318; x_wconf 82' lang='lat' dir='ltr'>fugiant</span> <span class='ocrx_word' id='word_1_596' title='bbox 1365 4265 1378 4303; x_wconf 91' lang='lat'><strong>:</strong></span> <span class='ocrx_word' id='word_1_597' title='bbox 1419 4247 1500 4302; x_wconf 90' lang='lat' dir='ltr'>ita</span> <span class='ocrx_word' id='word_1_598' title='bbox 1529 4247 1628 4318; x_wconf 92' lang='lat' dir='ltr'>qui</span> <span class='ocrx_word' id='word_1_599' title='bbox 1662 4249 1862 4303; x_wconf 86' lang='lat' dir='ltr'>omnia</span> <span class='ocrx_word' id='word_1_600' title='bbox 1901 4266 2027 4318; x_wconf 74' lang='lat' dir='ltr'>quae</span> 
     </span>
    </p>
   </div>
   <div class='ocr_carea' id='block_1_79' title="bbox 378 4333 2029 4406">
    <p class='ocr_par' dir='ltr' id='par_1_79' title="bbox 378 4333 2029 4406">
     <span class='ocr_line' id='line_1_79' title="bbox 378 4333 2029 4406; baseline 0.002 -16"><span class='ocrx_word' id='word_1_601' title='bbox 378 4334 646 4391; x_wconf 91' lang='lat' dir='ltr'>Christus</span> <span class='ocrx_word' id='word_1_602' title='bbox 674 4333 735 4389; x_wconf 92' lang='lat' dir='ltr'>in</span> <span class='ocrx_word' id='word_1_603' title='bbox 768 4351 1007 4406; x_wconf 90' lang='lat' dir='ltr'>corpore</span> <span class='ocrx_word' id='word_1_604' title='bbox 1036 4335 1172 4390; x_wconf 88' lang='lat' dir='ltr'>fecit</span> <span class='ocrx_word' id='word_1_605' title='bbox 1202 4335 1495 4406; x_wconf 89' lang='lat' dir='ltr'>percipere</span> <span class='ocrx_word' id='word_1_606' title='bbox 1534 4337 1929 4404; x_wconf 88' lang='lat' dir='ltr'>contenderet,</span> <span class='ocrx_word' id='word_1_607' title='bbox 1957 4353 2029 4394; x_wconf 88' lang='lat' dir='ltr'>ne</span> 
     </span>
    </p>
   </div>
   <div class='ocr_carea' id='block_1_80' title="bbox 378 4424 2030 4497">
    <p class='ocr_par' dir='ltr' id='par_1_80' title="bbox 378 4424 2030 4497">
     <span class='ocr_line' id='line_1_80' title="bbox 378 4424 2030 4497; baseline 0.001 -17"><span class='ocrx_word' id='word_1_608' title='bbox 378 4424 728 4496; x_wconf 80' lang='lat' dir='ltr'>cogitatione</span> <span class='ocrx_word' id='word_1_609' title='bbox 761 4424 1000 4494; x_wconf 90' lang='lat' dir='ltr'>quidem</span> <span class='ocrx_word' id='word_1_610' title='bbox 1031 4440 1099 4478; x_wconf 91' lang='lat' dir='ltr'>ea</span> <span class='ocrx_word' id='word_1_611' title='bbox 1130 4428 1329 4494; x_wconf 90' lang='lat' dir='ltr'>posset</span> <span class='ocrx_word' id='word_1_612' title='bbox 1359 4424 1836 4496; x_wconf 88' lang='lat' dir='ltr'>complecti,cum</span> <span class='ocrx_word' id='word_1_613' title='bbox 1861 4425 2030 4497; x_wconf 88' lang='lat' dir='ltr'>plura</span> 
     </span>
    </p>
   </div>
   <div class='ocr_carea' id='block_1_81' title="bbox 379 4512 2028 4585">
    <p class='ocr_par' dir='ltr' id='par_1_81' title="bbox 379 4512 2028 4585">
     <span class='ocr_line' id='line_1_81' title="bbox 379 4512 2028 4585; baseline 0.002 -17"><span class='ocrx_word' id='word_1_614' title='bbox 379 4515 633 4568; x_wconf 87' lang='lat' dir='ltr'>mentem</span> <span class='ocrx_word' id='word_1_615' title='bbox 666 4513 795 4583; x_wconf 85' lang='lat' dir='ltr'>eius</span> <span class='ocrx_word' id='word_1_616' title='bbox 825 4512 1377 4584; x_wconf 71' lang='lat' dir='ltr'>praeterirentquam</span> <span class='ocrx_word' id='word_1_617' title='bbox 1413 4530 1539 4585; x_wconf 69' lang='lat' dir='ltr'>quae</span> <span class='ocrx_word' id='word_1_618' title='bbox 1566 4513 1920 4571; x_wconf 86' lang='lat' dir='ltr'>intellexisse</span> <span class='ocrx_word' id='word_1_619' title='bbox 1938 4533 2028 4571; x_wconf 90' lang='lat' dir='ltr'>ar-</span> 
     </span>
    </p>
   </div>
   <div class='ocr_carea' id='block_1_82' title="bbox 2132 3350 3790 3432">
    <p class='ocr_par' dir='ltr' id='par_1_82' title="bbox 2132 3350 3790 3432">
     <span class='ocr_line' id='line_1_82' title="bbox 2132 3350 3790 3432; baseline -0.001 -19"><span class='ocrx_word' id='word_1_620' title='bbox 2132 3358 2442 3432; x_wconf 82' lang='grc' dir='ltr'>πάσχοντας</span> <span class='ocrx_word' id='word_1_621' title='bbox 2483 3354 2824 3429; x_wconf 85' lang='grc' dir='ltr'>ἀνθρώπους,</span> <span class='ocrx_word' id='word_1_622' title='bbox 2858 3350 2926 3408; x_wconf 83' lang='grc' dir='ltr'>δι’</span> <span class='ocrx_word' id='word_1_623' title='bbox 2974 3353 3066 3416; x_wconf 81' lang='grc' dir='ltr'>οῦς</span> <span class='ocrx_word' id='word_1_624' title='bbox 3115 3353 3204 3409; x_wconf 84' lang='grc' dir='ltr'>καὶ</span> <span class='ocrx_word' id='word_1_625' title='bbox 3260 3359 3426 3410; x_wconf 89' lang='grc' dir='ltr'>ταῦτα</span> <span class='ocrx_word' id='word_1_626' title='bbox 3484 3355 3790 3430; x_wconf 86' lang='grc' dir='ltr'>ὑπέμεινεν,</span> 
     </span>
    </p>
   </div>
   <div class='ocr_carea' id='block_1_83' title="bbox 2135 3440 3792 3520">
    <p class='ocr_par' dir='ltr' id='par_1_83' title="bbox 2135 3440 3792 3520">
     <span class='ocr_line' id='line_1_83' title="bbox 2135 3440 3792 3520; baseline 0.002 -20"><span class='ocrx_word' id='word_1_627' title='bbox 2135 3446 2185 3502; x_wconf 88' lang='grc' dir='ltr'>ἐν</span> <span class='ocrx_word' id='word_1_628' title='bbox 2235 3450 2302 3520; x_wconf 80' lang='grc' dir='ltr'>τῇ</span> <span class='ocrx_word' id='word_1_629' title='bbox 2355 3447 2545 3500; x_wconf 70' lang='grc' dir='ltr'>ἑαυτοῦ</span> <span class='ocrx_word' id='word_1_630' title='bbox 2574 3441 2802 3513; x_wconf 79' lang='grc' dir='ltr'>ἀπαθείᾳ</span> <span class='ocrx_word' id='word_1_631' title='bbox 2859 3441 3039 3517; x_wconf 78' lang='grc' dir='ltr'>ἐτήρει</span> <span class='ocrx_word' id='word_1_632' title='bbox 3089 3441 3178 3497; x_wconf 77' lang='grc' dir='ltr'>καὶ</span> <span class='ocrx_word' id='word_1_633' title='bbox 3229 3440 3468 3514; x_wconf 79' lang='grc' dir='ltr'>διὲςωζε.</span> <span class='ocrx_word' id='word_1_634' title='bbox 3501 3445 3599 3500; x_wconf 80' lang='grc' dir='ltr'>Καὶ</span> <span class='ocrx_word' id='word_1_635' title='bbox 3643 3445 3792 3510; x_wconf 88' lang='grc' dir='ltr'>ὅλως</span> 
     </span>
    </p>
   </div>
   <div class='ocr_carea' id='block_1_84' title="bbox 2131 3529 3787 3611">
    <p class='ocr_par' dir='ltr' id='par_1_84' title="bbox 2131 3529 3787 3611">
     <span class='ocr_line' id='line_1_84' title="bbox 2131 3529 3787 3611; baseline -0.007 -19"><span class='ocrx_word' id='word_1_636' title='bbox 2131 3538 2199 3592; x_wconf 71' lang='grc' dir='ltr'>τὰ</span> <span class='ocrx_word' id='word_1_637' title='bbox 2227 3535 2627 3610; x_wconf 86' lang='grc' dir='ltr'>κατορθώματα</span> <span class='ocrx_word' id='word_1_638' title='bbox 2673 3536 2770 3587; x_wconf 87' lang='grc' dir='ltr'>τοῦ</span> <span class='ocrx_word' id='word_1_639' title='bbox 2798 3538 3066 3607; x_wconf 86' lang='grc' dir='ltr'>Σωτῆρος</span> <span class='ocrx_word' id='word_1_640' title='bbox 3109 3533 3177 3587; x_wconf 74' lang='grc' dir='ltr'>τὰ</span> <span class='ocrx_word' id='word_1_641' title='bbox 3227 3529 3315 3594; x_wconf 77' lang='grc' dir='ltr'>διὰ</span> <span class='ocrx_word' id='word_1_642' title='bbox 3367 3541 3471 3603; x_wconf 83' lang='grc' dir='ltr'>τῆς</span> <span class='ocrx_word' id='word_1_643' title='bbox 3519 3535 3787 3611; x_wconf 80' lang='grc' dir='ltr'>ἐνανθρω-</span> 
     </span>
    </p>
   </div>
   <div class='ocr_carea' id='block_1_85' title="bbox 2133 3620 3784 3698">
    <p class='ocr_par' dir='ltr' id='par_1_85' title="bbox 2133 3620 3784 3698">
     <span class='ocr_line' id='line_1_85' title="bbox 2133 3620 3784 3698; baseline 0.001 -20"><span class='ocrx_word' id='word_1_644' title='bbox 2133 3628 2354 3696; x_wconf 74' lang='grc' dir='ltr'>πήσεως</span> <span class='ocrx_word' id='word_1_645' title='bbox 2384 3624 2550 3679; x_wconf 83' lang='grc' dir='ltr'>αὑτοῦ</span> <span class='ocrx_word' id='word_1_646' title='bbox 2597 3620 2861 3698; x_wconf 82' lang='grc' dir='ltr'>γενόμενα</span> <span class='ocrx_word' id='word_1_647' title='bbox 2921 3625 3145 3676; x_wconf 83' lang='grc' dir='ltr'>τοιαῦτα</span> <span class='ocrx_word' id='word_1_648' title='bbox 3187 3621 3276 3676; x_wconf 79' lang='grc' dir='ltr'>καὶ</span> <span class='ocrx_word' id='word_1_649' title='bbox 3333 3623 3566 3678; x_wconf 89' lang='grc' dir='ltr'>τοσαῦτά</span> <span class='ocrx_word' id='word_1_650' title='bbox 3621 3625 3784 3698; x_wconf 84' lang='grc' dir='ltr'>ἐστιν,</span> 
     </span>
    </p>
   </div>
   <div class='ocr_carea' id='block_1_86' title="bbox 2133 3707 3783 3788">
    <p class='ocr_par' dir='ltr' id='par_1_86' title="bbox 2133 3707 3783 3788">
     <span class='ocr_line' id='line_1_86' title="bbox 2133 3707 3783 3788; baseline -0.002 -18"><span class='ocrx_word' id='word_1_651' title='bbox 2133 3716 2166 3770; x_wconf 78' lang='grc' dir='ltr'>ἃ</span> <span class='ocrx_word' id='word_1_652' title='bbox 2197 3715 2241 3770; x_wconf 84' lang='grc' dir='ltr'>εἷ</span> <span class='ocrx_word' id='word_1_653' title='bbox 2276 3710 2636 3788; x_wconf 77' lang='grc' dir='ltr'>διηγήσασθαί</span> <span class='ocrx_word' id='word_1_654' title='bbox 2663 3731 2748 3772; x_wconf 89' lang='grc' dir='ltr'>τις</span> <span class='ocrx_word' id='word_1_655' title='bbox 2780 3707 3105 3782; x_wconf 78' lang='grc' dir='ltr'>ἐθελήσειεν,</span> <span class='ocrx_word' id='word_1_656' title='bbox 3157 3709 3300 3766; x_wconf 82' lang='grc' dir='ltr'>ἔοικε</span> <span class='ocrx_word' id='word_1_657' title='bbox 3344 3717 3464 3774; x_wconf 92' lang='grc' dir='ltr'>τοῖς</span> <span class='ocrx_word' id='word_1_658' title='bbox 3509 3713 3783 3788; x_wconf 78' lang='grc' dir='ltr'>ἀφορῶσιν</span> 
     </span>
    </p>
   </div>
   <div class='ocr_carea' id='block_1_87' title="bbox 2134 3797 3782 3877">
    <p class='ocr_par' dir='ltr' id='par_1_87' title="bbox 2134 3797 3782 3877">
     <span class='ocr_line' id='line_1_87' title="bbox 2134 3797 3782 3877; baseline -0.002 -18"><span class='ocrx_word' id='word_1_659' title='bbox 2134 3804 2210 3866; x_wconf 80' lang='grc' dir='ltr'>εἷς</span> <span class='ocrx_word' id='word_1_660' title='bbox 2241 3804 2303 3858; x_wconf 88' lang='grc' dir='ltr'>τὸ</span> <span class='ocrx_word' id='word_1_661' title='bbox 2334 3799 2572 3876; x_wconf 89' lang='grc' dir='ltr'>πέλαγος</span> <span class='ocrx_word' id='word_1_662' title='bbox 2619 3806 2722 3868; x_wconf 83' lang='grc' dir='ltr'>τῆς</span> <span class='ocrx_word' id='word_1_663' title='bbox 2772 3797 3068 3869; x_wconf 81' lang='grc' dir='ltr'>θαλάσσης,</span> <span class='ocrx_word' id='word_1_664' title='bbox 3101 3799 3189 3854; x_wconf 82' lang='grc' dir='ltr'>καὶ</span> <span class='ocrx_word' id='word_1_665' title='bbox 3235 3799 3482 3864; x_wconf 89' lang='grc' dir='ltr'>θέλουσιν</span> <span class='ocrx_word' id='word_1_666' title='bbox 3533 3801 3782 3877; x_wconf 84' lang='grc' dir='ltr'>ἀριθμεῖν</span> 
     </span>
    </p>
   </div>
   <div class='ocr_carea' id='block_1_88' title="bbox 2131 3885 3787 3966">
    <p class='ocr_par' dir='ltr' id='par_1_88' title="bbox 2131 3885 3787 3966">
     <span class='ocr_line' id='line_1_88' title="bbox 2131 3885 3787 3966; baseline -0.001 -20"><span class='ocrx_word' id='word_1_667' title='bbox 2131 3895 2199 3948; x_wconf 79' lang='grc' dir='ltr'>τὰ</span> <span class='ocrx_word' id='word_1_668' title='bbox 2255 3891 2470 3964; x_wconf 89' lang='grc' dir='ltr'>κύματα</span> <span class='ocrx_word' id='word_1_669' title='bbox 2520 3889 2708 3958; x_wconf 81' lang='grc' dir='ltr'>αὑτῆς.</span> <span class='ocrx_word' id='word_1_670' title='bbox 2768 3889 2858 3948; x_wconf 70' lang='grc' dir='ltr'>Ὠς</span> <span class='ocrx_word' id='word_1_671' title='bbox 2904 3888 3094 3964; x_wconf 75' lang='grc' dir='ltr'>γάρίού</span> <span class='ocrx_word' id='word_1_672' title='bbox 3142 3885 3361 3944; x_wconf 83' lang='grc' dir='ltr'>δύναται</span> <span class='ocrx_word' id='word_1_673' title='bbox 3405 3895 3524 3952; x_wconf 89' lang='grc' dir='ltr'>τοῖς</span> <span class='ocrx_word' id='word_1_674' title='bbox 3581 3890 3787 3966; x_wconf 86' lang='grc' dir='ltr'>ὀφθαλ-</span> 
     </span>
    </p>
   </div>
   <div class='ocr_carea' id='block_1_89' title="bbox 2139 3973 3789 4056">
    <p class='ocr_par' dir='ltr' id='par_1_89' title="bbox 2139 3973 3789 4056">
     <span class='ocr_line' id='line_1_89' title="bbox 2139 3973 3789 4056; baseline -0.002 -20"><span class='ocrx_word' id='word_1_675' title='bbox 2139 3987 2266 4056; x_wconf 83' lang='grc' dir='ltr'>μοῖς</span> <span class='ocrx_word' id='word_1_676' title='bbox 2314 3973 2629 4055; x_wconf 64' lang='grc' dir='ltr'>περιιλαϐεῖν</span> <span class='ocrx_word' id='word_1_677' title='bbox 2687 3977 2755 4030; x_wconf 75' lang='grc' dir='ltr'>τὰ</span> <span class='ocrx_word' id='word_1_678' title='bbox 2803 3975 2907 4030; x_wconf 88' lang='grc' dir='ltr'>ὅλα</span> <span class='ocrx_word' id='word_1_679' title='bbox 2951 3975 3187 4049; x_wconf 78' lang='grc' dir='ltr'>κύματα,</span> <span class='ocrx_word' id='word_1_680' title='bbox 3238 3982 3346 4032; x_wconf 79' lang='grc' dir='ltr'>τῶν</span> <span class='ocrx_word' id='word_1_681' title='bbox 3399 3978 3789 4054; x_wconf 85' lang='grc' dir='ltr'>ἐπερχομένων</span> 
     </span>
    </p>
   </div>
   <div class='ocr_carea' id='block_1_90' title="bbox 2134 4061 3793 4146">
    <p class='ocr_par' dir='ltr' id='par_1_90' title="bbox 2134 4061 3793 4146">
     <span class='ocr_line' id='line_1_90' title="bbox 2134 4061 3793 4146; baseline 0 -24"><span class='ocrx_word' id='word_1_682' title='bbox 2134 4069 2440 4146; x_wconf 85' lang='grc' dir='ltr'>παριόννων</span> <span class='ocrx_word' id='word_1_683' title='bbox 2483 4068 2560 4139; x_wconf 87' lang='grc'>(7)</span> <span class='ocrx_word' id='word_1_684' title='bbox 2607 4066 2706 4132; x_wconf 77' lang='grc' dir='ltr'>τὴν</span> <span class='ocrx_word' id='word_1_685' title='bbox 2749 4061 2993 4133; x_wconf 73' lang='grc' dir='ltr'>αἶ’σθησιν</span> <span class='ocrx_word' id='word_1_686' title='bbox 3041 4069 3139 4119; x_wconf 89' lang='grc' dir='ltr'>τοῦ</span> <span class='ocrx_word' id='word_1_687' title='bbox 3201 4067 3593 4141; x_wconf 76' lang='grc' dir='ltr'>πειράζοντοςο</span> <span class='ocrx_word' id='word_1_688' title='bbox 3647 4066 3793 4122; x_wconf 73' lang='grc' dir='ltr'>οὕτω</span> 
     </span>
    </p>
   </div>
   <div class='ocr_carea' id='block_1_91' title="bbox 2135 4152 3788 4232">
    <p class='ocr_par' dir='ltr' id='par_1_91' title="bbox 2135 4152 3788 4232">
     <span class='ocr_line' id='line_1_91' title="bbox 2135 4152 3788 4232; baseline -0.001 -19"><span class='ocrx_word' id='word_1_689' title='bbox 2135 4159 2224 4213; x_wconf 78' lang='grc' dir='ltr'>καὶ</span> <span class='ocrx_word' id='word_1_690' title='bbox 2253 4162 2332 4230; x_wconf 83' lang='grc' dir='ltr'>τῷ</span> <span class='ocrx_word' id='word_1_691' title='bbox 2365 4153 2690 4232; x_wconf 83' lang='grc' dir='ltr'>βουλομένῳ</span> <span class='ocrx_word' id='word_1_692' title='bbox 2719 4152 2892 4207; x_wconf 81' lang='grc' dir='ltr'>πάντα</span> <span class='ocrx_word' id='word_1_693' title='bbox 2920 4154 2987 4207; x_wconf 74' lang='grc' dir='ltr'>τὰ</span> <span class='ocrx_word' id='word_1_694' title='bbox 3026 4153 3077 4207; x_wconf 85' lang='grc' dir='ltr'>ἐν</span> <span class='ocrx_word' id='word_1_695' title='bbox 3129 4156 3341 4226; x_wconf 88' lang='grc' dir='ltr'>σώματι</span> <span class='ocrx_word' id='word_1_696' title='bbox 3397 4160 3495 4210; x_wconf 93' lang='grc' dir='ltr'>τοῦ</span> <span class='ocrx_word' id='word_1_697' title='bbox 3552 4160 3788 4232; x_wconf 77' lang='grc' dir='ltr'>Χριστοῦ</span> 
     </span>
    </p>
   </div>
   <div class='ocr_carea' id='block_1_92' title="bbox 2135 4237 3790 4324">
    <p class='ocr_par' dir='ltr' id='par_1_92' title="bbox 2135 4237 3790 4324">
     <span class='ocr_line' id='line_1_92' title="bbox 2135 4237 3790 4324; baseline -0.002 -21"><span class='ocrx_word' id='word_1_698' title='bbox 2135 4248 2537 4324; x_wconf 84' lang='grc' dir='ltr'>κατορθώματα</span> <span class='ocrx_word' id='word_1_699' title='bbox 2564 4237 2879 4318; x_wconf 83' lang='grc' dir='ltr'>περιλαϐεῖν</span> <span class='ocrx_word' id='word_1_700' title='bbox 2911 4241 3171 4298; x_wconf 83' lang='grc' dir='ltr'>ἀδύνατον</span> <span class='ocrx_word' id='word_1_701' title='bbox 3203 4243 3270 4298; x_wconf 83' lang='grc' dir='ltr'>τά</span> <span class='ocrx_word' id='word_1_702' title='bbox 3301 4241 3403 4298; x_wconf 88' lang='grc' dir='ltr'>ὅλα</span> <span class='ocrx_word' id='word_1_703' title='bbox 3432 4243 3527 4298; x_wconf 72' lang='grc' dir='ltr'>κᾶν</span> <span class='ocrx_word' id='word_1_704' title='bbox 3557 4249 3637 4316; x_wconf 82' lang='grc' dir='ltr'>τῷ</span> <span class='ocrx_word' id='word_1_705' title='bbox 3695 4245 3790 4300; x_wconf 90' lang='grc' dir='ltr'>λο-</span> 
     </span>
    </p>
   </div>
   <div class='ocr_carea' id='block_1_93' title="bbox 2133 4326 3795 4414">
    <p class='ocr_par' dir='ltr' id='par_1_93' title="bbox 2133 4326 3795 4414">
     <span class='ocr_line' id='line_1_93' title="bbox 2133 4326 3795 4414; baseline -0.001 -24"><span class='ocrx_word' id='word_1_706' title='bbox 2133 4341 2315 4414; x_wconf 80' lang='grc' dir='ltr'>γισμῷ</span> <span class='ocrx_word' id='word_1_707' title='bbox 2348 4333 2613 4407; x_wconf 78' lang='grc' dir='ltr'>δέξάσθαι,</span> <span class='ocrx_word' id='word_1_708' title='bbox 2647 4331 2914 4388; x_wconf 90' lang='grc' dir='ltr'>πλειόνων</span> <span class='ocrx_word' id='word_1_709' title='bbox 2951 4326 3120 4386; x_wconf 78' lang='grc' dir='ltr'>ὅδτων</span> <span class='ocrx_word' id='word_1_710' title='bbox 3150 4335 3257 4386; x_wconf 81' lang='grc' dir='ltr'>τῶν</span> <span class='ocrx_word' id='word_1_711' title='bbox 3291 4331 3596 4408; x_wconf 84' lang='grc' dir='ltr'>παριόντων</span> <span class='ocrx_word' id='word_1_712' title='bbox 3628 4333 3795 4388; x_wconf 88' lang='grc' dir='ltr'>αὑτοῦ</span> 
     </span>
    </p>
   </div>
   <div class='ocr_carea' id='block_1_94' title="bbox 2137 4419 3791 4500">
    <p class='ocr_par' dir='ltr' id='par_1_94' title="bbox 2137 4419 3791 4500">
     <span class='ocr_line' id='line_1_94' title="bbox 2137 4419 3791 4500; baseline -0.002 -19"><span class='ocrx_word' id='word_1_713' title='bbox 2137 4429 2213 4499; x_wconf 90' lang='grc'>(8)</span> <span class='ocrx_word' id='word_1_714' title='bbox 2245 4426 2342 4493; x_wconf 77' lang='grc' dir='ltr'>τήν</span> <span class='ocrx_word' id='word_1_715' title='bbox 2408 4421 2724 4496; x_wconf 83' lang='grc' dir='ltr'>ἐνθύμησιν,</span> <span class='ocrx_word' id='word_1_716' title='bbox 2758 4421 2831 4474; x_wconf 80' lang='grc' dir='ltr'>ὧν</span> <span class='ocrx_word' id='word_1_717' title='bbox 2883 4419 3043 4481; x_wconf 83' lang='grc' dir='ltr'>αὑτὸς</span> <span class='ocrx_word' id='word_1_718' title='bbox 3093 4419 3303 4493; x_wconf 86' lang='grc' dir='ltr'>νομίζει</span> <span class='ocrx_word' id='word_1_719' title='bbox 3353 4419 3791 4500; x_wconf 85' lang='grc' dir='ltr'>περιειληφέναι.</span> 
     </span>
    </p>
   </div>
   <div class='ocr_carea' id='block_1_95' title="bbox 2137 4507 3793 4587">
    <p class='ocr_par' dir='ltr' id='par_1_95' title="bbox 2137 4507 3793 4587">
     <span class='ocr_line' id='line_1_95' title="bbox 2137 4507 3793 4587; baseline -0.003 -18"><span class='ocrx_word' id='word_1_720' title='bbox 2137 4514 2376 4571; x_wconf 86' lang='grc' dir='ltr'>Κάλλιον</span> <span class='ocrx_word' id='word_1_721' title='bbox 2430 4510 2520 4567; x_wconf 78' lang='grc' dir='ltr'>οὖν</span> <span class='ocrx_word' id='word_1_722' title='bbox 2587 4512 2661 4584; x_wconf 73' lang='grc' dir='ltr'>μὴ</span> <span class='ocrx_word' id='word_1_723' title='bbox 2722 4509 2860 4584; x_wconf 83' lang='grc' dir='ltr'>πρὸς</span> <span class='ocrx_word' id='word_1_724' title='bbox 2915 4509 2983 4564; x_wconf 85' lang='grc' dir='ltr'>τά</span> <span class='ocrx_word' id='word_1_725' title='bbox 3031 4507 3136 4562; x_wconf 90' lang='grc' dir='ltr'>ὅλα</span> <span class='ocrx_word' id='word_1_726' title='bbox 3166 4511 3242 4582; x_wconf 84' lang='grc'>(9)</span> <span class='ocrx_word' id='word_1_727' title='bbox 3274 4509 3562 4587; x_wconf 78' lang='grc' dir='ltr'>ἀφορῶντα</span> <span class='ocrx_word' id='word_1_728' title='bbox 3593 4508 3793 4586; x_wconf 78' lang='grc' dir='ltr'>λέγειν,</span> 
     </span>
    </p>
   </div>
   <div class='ocr_carea' id='block_1_96' title="bbox 379 4595 2028 4678">
    <p class='ocr_par' dir='ltr' id='par_1_96' title="bbox 379 4600 2028 4673">
     <span class='ocr_line' id='line_1_96' title="bbox 379 4600 2028 4673; baseline 0.004 -17"><span class='ocrx_word' id='word_1_729' title='bbox 379 4601 714 4657; x_wconf 87' lang='lat' dir='ltr'>bitraretur.</span> <span class='ocrx_word' id='word_1_730' title='bbox 750 4601 946 4657; x_wconf 91' lang='lat' dir='ltr'>Satius</span> <span class='ocrx_word' id='word_1_731' title='bbox 974 4605 1064 4656; x_wconf 90' lang='lat' dir='ltr'>est</span> <span class='ocrx_word' id='word_1_732' title='bbox 1091 4600 1272 4673; x_wconf 89' lang='lat' dir='ltr'>igitur</span> <span class='ocrx_word' id='word_1_733' title='bbox 1302 4619 1416 4658; x_wconf 90' lang='lat' dir='ltr'>non</span> <span class='ocrx_word' id='word_1_734' title='bbox 1463 4603 1535 4658; x_wconf 93' lang='lat' dir='ltr'>de</span> <span class='ocrx_word' id='word_1_735' title='bbox 1564 4604 1841 4658; x_wconf 90' lang='lat' dir='ltr'>omnibus</span> <span class='ocrx_word' id='word_1_736' title='bbox 1888 4605 2028 4662; x_wconf 86' lang='lat' dir='ltr'>velle</span> 
     </span>
    </p>
   </div>
   <div class='ocr_carea' id='block_1_97' title="bbox 2142 4595 3796 4678">
    <p class='ocr_par' dir='ltr' id='par_1_97' title="bbox 2142 4595 3796 4678">
     <span class='ocr_line' id='line_1_97' title="bbox 2142 4595 3796 4678; baseline -0.004 -19"><span class='ocrx_word' id='word_1_737' title='bbox 2142 4605 2212 4659; x_wconf 80' lang='grc' dir='ltr'>ὧν</span> <span class='ocrx_word' id='word_1_738' title='bbox 2273 4601 2399 4659; x_wconf 77' lang='grc' dir='ltr'>οὑδέ</span> <span class='ocrx_word' id='word_1_739' title='bbox 2453 4601 2617 4678; x_wconf 88' lang='grc' dir='ltr'>μέρος</span> <span class='ocrx_word' id='word_1_740' title='bbox 2671 4599 2894 4673; x_wconf 81' lang='grc' dir='ltr'>ἐξειπεῖν</span> <span class='ocrx_word' id='word_1_741' title='bbox 2943 4619 3028 4660; x_wconf 91' lang='grc' dir='ltr'>τις</span> <span class='ocrx_word' id='word_1_742' title='bbox 3079 4595 3319 4670; x_wconf 75' lang='grc' dir='ltr'>δύναται,</span> <span class='ocrx_word' id='word_1_743' title='bbox 3367 4597 3494 4654; x_wconf 86' lang='grc' dir='ltr'>ἀλλ’</span> <span class='ocrx_word' id='word_1_744' title='bbox 3546 4597 3624 4653; x_wconf 74' lang='grc' dir='ltr'>ἔτι</span> <span class='ocrx_word' id='word_1_745' title='bbox 3676 4599 3796 4662; x_wconf 71' lang='grc' dir='ltr'>ἑνὸς</span> 
     </span>
    </p>
   </div>
   <div class='ocr_carea' id='block_1_98' title="bbox 379 4690 2029 4764">
    <p class='ocr_par' dir='ltr' id='par_1_98' title="bbox 379 4690 2029 4764">
     <span class='ocr_line' id='line_1_98' title="bbox 379 4690 2029 4764; baseline 0.002 -19"><span class='ocrx_word' id='word_1_746' title='bbox 379 4691 571 4745; x_wconf 90' lang='lat' dir='ltr'>dicere</span> <span class='ocrx_word' id='word_1_747' title='bbox 584 4705 835 4760; x_wconf 89' lang='lat' dir='ltr'>quorum</span> <span class='ocrx_word' id='word_1_748' title='bbox 857 4706 928 4745; x_wconf 90' lang='lat' dir='ltr'>ne</span> <span class='ocrx_word' id='word_1_749' title='bbox 952 4707 1087 4761; x_wconf 89' lang='lat' dir='ltr'>pars</span> <span class='ocrx_word' id='word_1_750' title='bbox 1102 4690 1342 4761; x_wconf 90' lang='lat' dir='ltr'>quidem</span> <span class='ocrx_word' id='word_1_751' title='bbox 1357 4691 1529 4763; x_wconf 88' lang='lat' dir='ltr'>digne</span> <span class='ocrx_word' id='word_1_752' title='bbox 1552 4697 1745 4763; x_wconf 89' lang='lat' dir='ltr'>potest</span> <span class='ocrx_word' id='word_1_753' title='bbox 1763 4691 2029 4764; x_wconf 81' lang='lat' dir='ltr'>exprimi.</span> 
     </span>
    </p>
   </div>
   <div class='ocr_carea' id='block_1_99' title="bbox 379 4777 2034 4852">
    <p class='ocr_par' dir='ltr' id='par_1_99' title="bbox 379 4777 2034 4852">
     <span class='ocr_line' id='line_1_99' title="bbox 379 4777 2034 4852; baseline 0.005 -19"><span class='ocrx_word' id='word_1_754' title='bbox 379 4778 747 4850; x_wconf 88' lang='lat' dir='ltr'>Quapropter</span> <span class='ocrx_word' id='word_1_755' title='bbox 778 4778 954 4834; x_wconf 90' lang='lat' dir='ltr'>unius</span> <span class='ocrx_word' id='word_1_756' title='bbox 986 4777 1177 4834; x_wconf 89' lang='lat' dir='ltr'>adhuc</span> <span class='ocrx_word' id='word_1_757' title='bbox 1207 4778 1549 4836; x_wconf 90' lang='lat' dir='ltr'>meminisse</span> <span class='ocrx_word' id='word_1_758' title='bbox 1577 4780 1801 4852; x_wconf 89' lang='lat' dir='ltr'>tibique</span> <span class='ocrx_word' id='word_1_759' title='bbox 1823 4789 2034 4842; x_wconf 90' lang='lat' dir='ltr'>cuncta</span> 
     </span>
    </p>
   </div>
   <div class='ocr_carea' id='block_1_100' title="bbox 449 4885 861 4954">
    <p class='ocr_par' dir='ltr' id='par_1_100' title="bbox 449 4885 861 4954">
     <span class='ocr_line' id='line_1_100' title="bbox 449 4885 861 4954; baseline -0.005 -12"><span class='ocrx_word' id='word_1_760' title='bbox 449 4887 470 4920; x_wconf 81' lang='grc'><strong>⁸</strong></span> <span class='ocrx_word' id='word_1_761' title='bbox 502 4885 524 4942; x_wconf 95' lang='grc' dir='ltr'><strong>Ι</strong></span> <span class='ocrx_word' id='word_1_762' title='bbox 553 4890 678 4943; x_wconf 87' lang='lat' dir='ltr'>Cor.</span> <span class='ocrx_word' id='word_1_763' title='bbox 712 4904 773 4954; x_wconf 83' lang='lat' dir='ltr'>II,</span> <span class='ocrx_word' id='word_1_764' title='bbox 805 4886 861 4941; x_wconf 92' lang='lat'>8.</span> 
     </span>
    </p>
   </div>
   <div class='ocr_carea' id='block_1_101' title="bbox 450 4991 2029 5071">
    <p class='ocr_par' dir='ltr' id='par_1_101' title="bbox 450 4991 2029 5071">
     <span class='ocr_line' id='line_1_101' title="bbox 450 4991 2029 5071; baseline 0.006 -25"><span class='ocrx_word' id='word_1_765' title='bbox 450 4991 657 5071; x_wconf 37' lang='lat' dir='ltr'>(4)._Sic</span> <span class='ocrx_word' id='word_1_766' title='bbox 687 4991 949 5071; x_wconf 21' lang='lat' dir='ltr'>Basilnet</span> <span class='ocrx_word' id='word_1_767' title='bbox 977 4993 1216 5071; x_wconf 82' lang='lat' dir='ltr'>_Segu_er.</span> <span class='ocrx_word' id='word_1_768' title='bbox 1250 4994 1730 5071; x_wconf 68' lang='lat' dir='ltr'>atqueitaetiam</span> <span class='ocrx_word' id='word_1_769' title='bbox 1759 4997 2029 5071; x_wconf 89' lang='lat' dir='ltr'>legerunt</span> 
     </span>
    </p>
   </div>
   <div class='ocr_carea' id='block_1_102' title="bbox 379 5063 2034 5127">
    <p class='ocr_par' dir='ltr' id='par_1_102' title="bbox 379 5063 2034 5127">
     <span class='ocr_line' id='line_1_102' title="bbox 379 5063 2034 5127; baseline 0.005 -8"><span class='ocrx_word' id='word_1_770' title='bbox 379 5063 750 5119; x_wconf 90' lang='lat' dir='ltr'>Omnibonus</span> <span class='ocrx_word' id='word_1_771' title='bbox 780 5069 838 5118; x_wconf 91' lang='lat' dir='ltr'>et</span> <span class='ocrx_word' id='word_1_772' title='bbox 862 5063 1212 5120; x_wconf 81' lang='lat' dir='ltr'>Ambrosius</span> <span class='ocrx_word' id='word_1_773' title='bbox 1242 5063 1499 5120; x_wconf 80' lang='lat' dir='ltr'>Camald.</span> <span class='ocrx_word' id='word_1_774' title='bbox 1525 5067 1629 5122; x_wconf 85' lang='lat' dir='ltr'>Alii</span> <span class='ocrx_word' id='word_1_775' title='bbox 1658 5085 1796 5126; x_wconf 90' lang='lat' dir='ltr'>vero</span> <span class='ocrx_word' id='word_1_776' title='bbox 1816 5063 1884 5126; x_wconf 57' lang='lat' dir='ltr'>Et</span> <span class='ocrx_word' id='word_1_777' title='bbox 1913 5072 2034 5127; x_wconf 91' lang='lat' dir='ltr'>edi-</span> 
     </span>
    </p>
   </div>
   <div class='ocr_carea' id='block_1_103' title="bbox 380 5130 2037 5213">
    <p class='ocr_par' dir='ltr' id='par_1_103' title="bbox 380 5130 2037 5213">
     <span class='ocr_line' id='line_1_103' title="bbox 380 5130 2037 5213; baseline 0.006 -24"><span class='ocrx_word' id='word_1_778' title='bbox 380 5135 446 5206; x_wconf 78' lang='lat' dir='ltr'>ti,</span> <span class='ocrx_word' id='word_1_779' title='bbox 479 5132 587 5187; x_wconf 86' lang='grc' dir='ltr'>καί.</span> <span class='ocrx_word' id='word_1_780' title='bbox 614 5135 751 5213; x_wconf 42' lang='lat' dir='ltr'>Mox.</span> <span class='ocrx_word' id='word_1_781' title='bbox 777 5133 920 5189; x_wconf 89' lang='lat' dir='ltr'>ibid.</span> <span class='ocrx_word' id='word_1_782' title='bbox 955 5152 1057 5206; x_wconf 89' lang='lat' dir='ltr'>pro</span> <span class='ocrx_word' id='word_1_783' title='bbox 1089 5130 1578 5209; x_wconf 81' lang='grc' dir='ltr'>καταλαμϐανέτω,</span> <span class='ocrx_word' id='word_1_784' title='bbox 1599 5139 1835 5213; x_wconf 86' lang='lat' dir='ltr'>Seguer.</span> <span class='ocrx_word' id='word_1_785' title='bbox 1861 5141 2037 5199; x_wconf 89' lang='lat' dir='ltr'>habet</span> 
     </span>
    </p>
   </div>
   <div class='ocr_carea' id='block_1_104' title="bbox 381 5202 857 5277">
    <p class='ocr_par' dir='ltr' id='par_1_104' title="bbox 381 5202 857 5277">
     <span class='ocr_line' id='line_1_104' title="bbox 381 5202 857 5277; baseline -0.004 -17"><span class='ocrx_word' id='word_1_786' title='bbox 381 5202 857 5277; x_wconf 83' lang='grc' dir='ltr'>καταμανθανέτω.</span> 
     </span>
    </p>
   </div>
   <div class='ocr_carea' id='block_1_105' title="bbox 456 5277 2035 5356">
    <p class='ocr_par' dir='ltr' id='par_1_105' title="bbox 456 5277 2035 5356">
     <span class='ocr_line' id='line_1_105' title="bbox 456 5277 2035 5356; baseline 0.004 -26"><span class='ocrx_word' id='word_1_787' title='bbox 456 5279 534 5356; x_wconf 70' lang='grc'>(5)</span> <span class='ocrx_word' id='word_1_788' title='bbox 565 5277 975 5356; x_wconf 59' lang='lat' dir='ltr'>Qohleriaqus,</span> <span class='ocrx_word' id='word_1_789' title='bbox 1006 5282 1062 5356; x_wconf 89' lang='lat' dir='ltr'>e_t</span> <span class='ocrx_word' id='word_1_790' title='bbox 1092 5279 1488 5356; x_wconf 28' lang='lat' dir='ltr'>Felckmanni‘</span> <span class='ocrx_word' id='word_1_791' title='bbox 1516 5283 1541 5356; x_wconf 70' lang='lat' dir='ltr'>i</span> <span class='ocrx_word' id='word_1_792' title='bbox 1594 5299 1945 5356; x_wconf 84' lang='lat' dir='ltr'>auonymus,</span> <span class='ocrx_word' id='word_1_793' title='bbox 1989 5281 2035 5337; x_wconf 82' lang='grc' dir='ltr'>εἰ</span> 
     </span>
    </p>
   </div>
   <div class='ocr_carea' id='block_1_106' title="bbox 385 5345 2037 5426">
    <p class='ocr_par' dir='ltr' id='par_1_106' title="bbox 385 5345 2037 5426">
     <span class='ocr_line' id='line_1_106' title="bbox 385 5345 2037 5426; baseline 0.006 -26"><span class='ocrx_word' id='word_1_794' title='bbox 463 5345 556 5426; x_wconf 59' lang='grc' dir='ltr'>ῥύ,</span> <span class='ocrx_word' id='word_1_795' title='bbox 586 5345 733 5426; x_wconf 86' lang='grc' dir='ltr'>ἀλλά</span> <span class='ocrx_word' id='word_1_796' title='bbox 763 5351 898 5426; x_wconf 73' lang='grc' dir='ltr'>Θεοῦ</span> <span class='ocrx_word' id='word_1_797' title='bbox 927 5349 1269 5426; x_wconf 79' lang='grc' dir='ltr'>γινώσκεται,</span> <span class='ocrx_word' id='word_1_798' title='bbox 1303 5351 1378 5422; x_wconf 74' lang='grc' dir='ltr'>μὴ</span> <span class='ocrx_word' id='word_1_799' title='bbox 1410 5350 1622 5426; x_wconf 89' lang='grc' dir='ltr'>γελάτω</span> <span class='ocrx_word' id='word_1_800' title='bbox 1667 5345 1776 5410; x_wconf 52' lang='lat' dir='ltr'>etc&quot;.</span> <span class='ocrx_word' id='word_1_801' title='bbox 1812 5345 2037 5410; x_wconf 81' lang='lat' dir='ltr'>Ibidem</span> 
     </span>
    </p>
   </div>
   <div class='ocr_carea' id='block_1_107' title="bbox 385 5416 2035 5497">
    <p class='ocr_par' dir='ltr' id='par_1_107' title="bbox 385 5416 2035 5497">
     <span class='ocr_line' id='line_1_107' title="bbox 385 5416 2035 5497; baseline 0.007 -26"><span class='ocrx_word' id='word_1_802' title='bbox 385 5416 698 5497; x_wconf 45' lang='lat' dir='ltr'>undante</span> <span class='ocrx_word' id='word_1_803' title='bbox 731 5416 1463 5497; x_wconf 37' lang='lat' dir='ltr'>pjnhkpv&#39;restituimus&#39;ek</span> <span class='ocrx_word' id='word_1_804' title='bbox 1517 5442 1663 5481; x_wconf 92' lang='lat' dir='ltr'>mss.</span> <span class='ocrx_word' id='word_1_805' title='bbox 1695 5426 2035 5497; x_wconf 86' lang='lat' dir='ltr'>Anglicano,</span> 
     </span>
    </p>
   </div>
   <div class='ocr_carea' id='block_1_108' title="bbox 380 5490 2042 5616">
    <p class='ocr_par' dir='ltr' id='par_1_108' title="bbox 380 5490 2042 5616">
     <span class='ocr_line' id='line_1_108' title="bbox 380 5490 2042 5616; baseline 0.005 -71"><span class='ocrx_word' id='word_1_806' title='bbox 380 5490 1118 5616; x_wconf 51' lang='lat' dir='ltr'>gasiliensi,&#39;Gobleriano,</span> <span class='ocrx_word' id='word_1_807' title='bbox 1153 5495 1527 5551; x_wconf 85' lang='lat' dir='ltr'>Felckmanni</span> <span class='ocrx_word' id='word_1_808' title='bbox 1563 5498 1614 5567; x_wconf 86' lang='grc'>1,</span> <span class='ocrx_word' id='word_1_809' title='bbox 1639 5490 1953 5569; x_wconf 48' lang='grc' dir='ltr'>ειηοηᾨωο,</span> <span class='ocrx_word' id='word_1_810' title='bbox 1985 5490 2042 5553; x_wconf 88' lang='lat' dir='ltr'>et</span> 
     </span>
     <span class='ocr_line' id='line_1_109' title="bbox 421 5577 759 5616; baseline 0 0"><span class='ocrx_word' id='word_1_811' title='bbox 421 5577 759 5616; x_wconf 70' lang='lat' dir='ltr'>egueriano.</span> 
     </span>
    </p>
   </div>
   <div class='ocr_carea' id='block_1_109' title="bbox 421 5578 759 5618">
    <p class='ocr_par' dir='ltr' id='par_1_109' title="bbox 421 5578 759 5618">
     <span class='ocr_line' id='line_1_110' title="bbox 421 5578 759 5618; baseline 0.003 -1"><span class='ocrx_word' id='word_1_812' title='bbox 421 5578 759 5618; x_wconf 68' lang='grc' dir='ltr'>ΘΞΠΘΓΙΘΠΟ.</span> 
     </span>
    </p>
   </div>
   <div class='ocr_carea' id='block_1_110' title="bbox 455 5577 2042 5709">
    <p class='ocr_par' dir='ltr' id='par_1_110' title="bbox 455 5577 2042 5709">
     <span class='ocr_line' id='line_1_111' title="bbox 455 5577 2042 5709; baseline 0.005 -22"><span class='ocrx_word' id='word_1_813' title='bbox 455 5577 1125 5709; x_wconf 44' lang='grc' dir='ltr'>ῗθέϐἓίὲῃὲἐςυετᾷαωυε,</span> <span class='ocrx_word' id='word_1_814' title='bbox 1145 5636 1554 5709; x_wconf 88' lang='lat' dir='ltr'>Goblerianus,</span> <span class='ocrx_word' id='word_1_815' title='bbox 1586 5643 1643 5693; x_wconf 92' lang='lat' dir='ltr'>et</span> <span class='ocrx_word' id='word_1_816' title='bbox 1665 5639 2042 5695; x_wconf 86' lang='lat' dir='ltr'>Felckmanni</span> 
     </span>
    </p>
   </div>
   <div class='ocr_carea' id='block_1_111' title="bbox 391 5705 2039 5785">
    <p class='ocr_par' dir='ltr' id='par_1_111' title="bbox 391 5705 2039 5785">
     <span class='ocr_line' id='line_1_112' title="bbox 391 5705 2039 5785; baseline 0.002 -23"><span class='ocrx_word' id='word_1_817' title='bbox 391 5705 418 5771; x_wconf 75' lang='grc'>1</span> <span class='ocrx_word' id='word_1_818' title='bbox 456 5705 918 5780; x_wconf 76' lang='lat' dir='ltr'>anonymus.Alii</span> <span class='ocrx_word' id='word_1_819' title='bbox 951 5724 1085 5766; x_wconf 89' lang='lat' dir='ltr'>vero</span> <span class='ocrx_word' id='word_1_820' title='bbox 1107 5705 1165 5766; x_wconf 88' lang='lat' dir='ltr'>et</span> <span class='ocrx_word' id='word_1_821' title='bbox 1193 5709 1371 5766; x_wconf 85' lang='lat' dir='ltr'>editio</span> <span class='ocrx_word' id='word_1_822' title='bbox 1393 5705 1670 5767; x_wconf 79' lang='lat' dir='ltr'>Cominel.</span> <span class='ocrx_word' id='word_1_823' title='bbox 1704 5711 1923 5768; x_wconf 88' lang='lat' dir='ltr'>habent</span> <span class='ocrx_word' id='word_1_824' title='bbox 1941 5711 2039 5785; x_wconf 75' lang='grc' dir='ltr'>τὴν</span> 
     </span>
    </p>
   </div>
   <div class='ocr_carea' id='block_1_112' title="bbox 2147 4685 3793 4768">
    <p class='ocr_par' dir='ltr' id='par_1_112' title="bbox 2147 4685 3793 4768">
     <span class='ocr_line' id='line_1_113' title="bbox 2147 4685 3793 4768; baseline -0.002 -22"><span class='ocrx_word' id='word_1_825' title='bbox 2147 4699 2452 4768; x_wconf 79' lang='grc' dir='ltr'>μνησθῆναι</span> <span class='ocrx_word' id='word_1_826' title='bbox 2519 4689 2609 4744; x_wconf 81' lang='grc' dir='ltr'>καὶ</span> <span class='ocrx_word' id='word_1_827' title='bbox 2670 4689 2754 4743; x_wconf 81' lang='grc' dir='ltr'>σοὶ</span> <span class='ocrx_word' id='word_1_828' title='bbox 2811 4687 3129 4743; x_wconf 89' lang='grc' dir='ltr'>καταλιπεῖν</span> <span class='ocrx_word' id='word_1_829' title='bbox 3195 4687 3263 4741; x_wconf 72' lang='grc' dir='ltr'>τά</span> <span class='ocrx_word' id='word_1_830' title='bbox 3319 4685 3424 4742; x_wconf 91' lang='grc' dir='ltr'>ὅλα</span> <span class='ocrx_word' id='word_1_831' title='bbox 3477 4687 3793 4759; x_wconf 87' lang='grc' dir='ltr'>θαυμάζειν.</span> 
     </span>
    </p>
   </div>
   <div class='ocr_carea' id='block_1_113' title="bbox 2141 4771 3796 4858">
    <p class='ocr_par' dir='ltr' id='par_1_113' title="bbox 2141 4771 3796 4858">
     <span class='ocr_line' id='line_1_114' title="bbox 2141 4771 3796 4858; baseline -0.006 -19"><span class='ocrx_word' id='word_1_832' title='bbox 2141 4782 2323 4838; x_wconf 88' lang='grc' dir='ltr'>Πάντα</span> <span class='ocrx_word' id='word_1_833' title='bbox 2360 4781 2463 4858; x_wconf 71' lang='grc' dir='ltr'>γὰρ</span> <span class='ocrx_word' id='word_1_834' title='bbox 2518 4778 2708 4848; x_wconf 86' lang='grc' dir='ltr'>ἐπίσης</span> <span class='ocrx_word' id='word_1_835' title='bbox 2754 4771 2869 4851; x_wconf 81' lang='grc' dir='ltr'>ἔχει</span> <span class='ocrx_word' id='word_1_836' title='bbox 2913 4776 2977 4830; x_wconf 88' lang='grc' dir='ltr'>τὸ</span> <span class='ocrx_word' id='word_1_837' title='bbox 3026 4777 3226 4849; x_wconf 89' lang='grc' dir='ltr'>θαῦμα,</span> <span class='ocrx_word' id='word_1_838' title='bbox 3257 4775 3346 4830; x_wconf 85' lang='grc' dir='ltr'>καὶ</span> <span class='ocrx_word' id='word_1_839' title='bbox 3388 4773 3516 4830; x_wconf 89' lang='grc' dir='ltr'>ὅποι</span> <span class='ocrx_word' id='word_1_840' title='bbox 3547 4771 3592 4830; x_wconf 80' lang='grc' dir='ltr'>δ’</span> <span class='ocrx_word' id='word_1_841' title='bbox 3620 4775 3680 4829; x_wconf 82' lang='grc' dir='ltr'>ἄν</span> <span class='ocrx_word' id='word_1_842' title='bbox 3711 4795 3796 4838; x_wconf 89' lang='grc' dir='ltr'>τις</span> 
     </span>
    </p>
   </div>
   <div class='ocr_carea' id='block_1_114' title="bbox 2137 4989 3796 5066">
    <p class='ocr_par' dir='ltr' id='par_1_114' title="bbox 2137 4989 3796 5066">
     <span class='ocr_line' id='line_1_115' title="bbox 2137 4989 3796 5066; baseline -0.005 -13"><span class='ocrx_word' id='word_1_843' title='bbox 2137 4996 2376 5065; x_wconf 89' lang='grc' dir='ltr'>πάντων,</span> <span class='ocrx_word' id='word_1_844' title='bbox 2410 5000 2476 5052; x_wconf 89' lang='lat' dir='ltr'>ut</span> <span class='ocrx_word' id='word_1_845' title='bbox 2503 4998 2561 5066; x_wconf 83' lang='lat' dir='ltr'>et</span> <span class='ocrx_word' id='word_1_846' title='bbox 2598 4993 2868 5066; x_wconf 83' lang='lat' dir='ltr'>legerunt</span> <span class='ocrx_word' id='word_1_847' title='bbox 2910 4991 3276 5066; x_wconf 89' lang='lat' dir='ltr'>Omnibonus</span> <span class='ocrx_word' id='word_1_848' title='bbox 3320 4989 3796 5066; x_wconf 80' lang='lat' dir='ltr'>_et_Ambr_osius.</span> 
     </span>
    </p>
   </div>
   <div class='ocr_carea' id='block_1_115' title="bbox 2147 5060 3797 5142">
    <p class='ocr_par' dir='ltr' id='par_1_115' title="bbox 2147 5060 3797 5142">
     <span class='ocr_line' id='line_1_116' title="bbox 2147 5060 3797 5142; baseline -0.008 -15"><span class='ocrx_word' id='word_1_849' title='bbox 2147 5072 2280 5127; x_wconf 85' lang='lat' dir='ltr'>Mox</span> <span class='ocrx_word' id='word_1_850' title='bbox 2345 5060 2448 5142; x_wconf 83' lang='lat' dir='ltr'>pro</span> <span class='ocrx_word' id='word_1_851' title='bbox 2513 5060 2793 5119; x_wconf 77' lang='grc' dir='ltr'>ἀθανᾶσίαν</span> <span class='ocrx_word' id='word_1_852' title='bbox 2861 5063 3252 5137; x_wconf 87' lang='lat' dir='ltr'>Seguerianus</span> <span class='ocrx_word' id='word_1_853' title='bbox 3319 5063 3497 5119; x_wconf 89' lang='lat' dir='ltr'>habet</span> <span class='ocrx_word' id='word_1_854' title='bbox 3596 5060 3797 5138; x_wconf 86' lang='grc' dir='ltr'>ἀφθαρ-</span> 
     </span>
    </p>
   </div>
   <div class='ocr_carea' id='block_1_116' title="bbox 2146 5142 2285 5196">
    <p class='ocr_par' dir='ltr' id='par_1_116' title="bbox 2146 5142 2285 5196">
     <span class='ocr_line' id='line_1_117' title="bbox 2146 5142 2285 5196; baseline 0.007 -1"><span class='ocrx_word' id='word_1_855' title='bbox 2146 5142 2285 5196; x_wconf 80' lang='grc' dir='ltr'>σίαν.</span> 
     </span>
    </p>
   </div>
   <div class='ocr_carea' id='block_1_117' title="bbox 2216 5203 3082 5283">
    <p class='ocr_par' dir='ltr' id='par_1_117' title="bbox 2216 5203 3082 5283">
     <span class='ocr_line' id='line_1_118' title="bbox 2216 5203 3082 5283; baseline -0.006 -16"><span class='ocrx_word' id='word_1_856' title='bbox 2216 5213 2294 5283; x_wconf 90' lang='grc'>(7)</span> <span class='ocrx_word' id='word_1_857' title='bbox 2322 5209 2702 5283; x_wconf 83' lang='lat' dir='ltr'>Anglicanus,</span> <span class='ocrx_word' id='word_1_858' title='bbox 2726 5203 3082 5283; x_wconf 61' lang='grc' dir='ltr'>πλανώντων.</span> 
     </span>
    </p>
   </div>
   <div class='ocr_carea' id='block_1_118' title="bbox 2217 5275 3800 5365">
    <p class='ocr_par' dir='ltr' id='par_1_118' title="bbox 2217 5275 3800 5365">
     <span class='ocr_line' id='line_1_119' title="bbox 2217 5275 3800 5365; baseline -0.005 -27"><span class='ocrx_word' id='word_1_859' title='bbox 2328 5275 2860 5365; x_wconf 32' lang='lat' dir='ltr'>Sic&#39;Alnglicamus1</span> <span class='ocrx_word' id='word_1_860' title='bbox 2891 5277 3232 5335; x_wconf 83' lang='lat' dir='ltr'>Basiliensis</span> <span class='ocrx_word' id='word_1_861' title='bbox 3276 5281 3335 5333; x_wconf 91' lang='lat' dir='ltr'>et</span> <span class='ocrx_word' id='word_1_862' title='bbox 3383 5275 3800 5349; x_wconf 84' lang='lat' dir='ltr'>Seguerianus.</span> 
     </span>
    </p>
   </div>
   <div class='ocr_carea' id='block_1_119' title="bbox 2145 5349 3800 5428">
    <p class='ocr_par' dir='ltr' id='par_1_119' title="bbox 2145 5349 3800 5428">
     <span class='ocr_line' id='line_1_120' title="bbox 2145 5349 3800 5428; baseline 0.007 -1"><span class='ocrx_word' id='word_1_863' title='bbox 2145 5349 2420 5428; x_wconf 67' lang='grc' dir='ltr'>Αιῖἰίνθιῖο</span> <span class='ocrx_word' id='word_1_864' title='bbox 2449 5349 2692 5428; x_wconf 53' lang='grc' dir='ltr'>θέἐάἓῖίι</span> <span class='ocrx_word' id='word_1_865' title='bbox 2727 5349 2906 5428; x_wconf 63' lang='grc' dir='ltr'>αέτξρο.</span> <span class='ocrx_word' id='word_1_866' title='bbox 3010 5424 3018 5428; x_wconf 93' lang='grc'>-</span> <span class='ocrx_word' id='word_1_867' title='bbox 3340 5424 3349 5428; x_wconf 89' lang='grc'>-</span> <span class='ocrx_word' id='word_1_868' title='bbox 3406 5419 3439 5428; x_wconf 62' lang='grc' dir='ltr'><strong><em>η</em></strong></span> 
     </span>
    </p>
   </div>
   <div class='ocr_carea' id='block_1_120' title="bbox 2220 5416 3804 5497">
    <p class='ocr_par' dir='ltr' id='par_1_120' title="bbox 2220 5416 3804 5497">
     <span class='ocr_line' id='line_1_121' title="bbox 2220 5416 3804 5497; baseline -0.006 -17"><span class='ocrx_word' id='word_1_869' title='bbox 2220 5426 2296 5497; x_wconf 83' lang='grc'>(9)</span> <span class='ocrx_word' id='word_1_870' title='bbox 2339 5425 2430 5480; x_wconf 91' lang='lat' dir='ltr'>Sic</span> <span class='ocrx_word' id='word_1_871' title='bbox 2479 5416 2709 5497; x_wconf 78' lang='lat' dir='ltr'>Gobler.</span> <span class='ocrx_word' id='word_1_872' title='bbox 2760 5416 2948 5497; x_wconf 73' lang='lat' dir='ltr'>Felek.</span> <span class='ocrx_word' id='word_1_873' title='bbox 3000 5424 3026 5476; x_wconf 88' lang='grc'>1</span> <span class='ocrx_word' id='word_1_874' title='bbox 3077 5416 3804 5497; x_wconf 65' lang='lat' dir='ltr'>anon._e_t_SegueI_-._Alii</span> 
     </span>
    </p>
   </div>
   <div class='ocr_carea' id='block_1_121' title="bbox 2147 5489 3800 5564">
    <p class='ocr_par' dir='ltr' id='par_1_121' title="bbox 2147 5489 3800 5564">
     <span class='ocr_line' id='line_1_122' title="bbox 2147 5489 3800 5564; baseline -0.005 -12"><span class='ocrx_word' id='word_1_875' title='bbox 2147 5489 2289 5553; x_wconf 81' lang='lat' dir='ltr'>vero</span> <span class='ocrx_word' id='word_1_876' title='bbox 2314 5501 2372 5552; x_wconf 91' lang='lat' dir='ltr'>et</span> <span class='ocrx_word' id='word_1_877' title='bbox 2401 5495 2561 5564; x_wconf 88' lang='lat' dir='ltr'>editi,</span> <span class='ocrx_word' id='word_1_878' title='bbox 2609 5489 2755 5550; x_wconf 80' lang='grc' dir='ltr'>ὅντα.</span> <span class='ocrx_word' id='word_1_879' title='bbox 2808 5495 2991 5550; x_wconf 89' lang='lat' dir='ltr'>lidem</span> <span class='ocrx_word' id='word_1_880' title='bbox 3042 5509 3186 5548; x_wconf 91' lang='lat' dir='ltr'>mss.</span> <span class='ocrx_word' id='word_1_881' title='bbox 3244 5489 3722 5564; x_wconf 53' lang='lat' dir='ltr'>GoblerfFelclr.</span> <span class='ocrx_word' id='word_1_882' title='bbox 3773 5489 3800 5564; x_wconf 81' lang='grc'>1</span> 
     </span>
    </p>
   </div>
   <div class='ocr_carea' id='block_1_122' title="bbox 2152 5561 3808 5640">
    <p class='ocr_par' dir='ltr' id='par_1_122' title="bbox 2152 5561 3808 5640">
     <span class='ocr_line' id='line_1_123' title="bbox 2152 5561 3808 5640; baseline -0.004 -16"><span class='ocrx_word' id='word_1_883' title='bbox 2152 5585 2325 5624; x_wconf 90' lang='lat' dir='ltr'>anon.</span> <span class='ocrx_word' id='word_1_884' title='bbox 2358 5572 2414 5624; x_wconf 92' lang='lat' dir='ltr'>et</span> <span class='ocrx_word' id='word_1_885' title='bbox 2443 5561 2682 5640; x_wconf 82' lang='lat' dir='ltr'>Seguer.</span> <span class='ocrx_word' id='word_1_886' title='bbox 2707 5565 2880 5640; x_wconf 86' lang='lat' dir='ltr'>paulo</span> <span class='ocrx_word' id='word_1_887' title='bbox 2910 5569 3062 5639; x_wconf 88' lang='lat' dir='ltr'>post,</span> <span class='ocrx_word' id='word_1_888' title='bbox 3086 5580 3190 5638; x_wconf 89' lang='lat' dir='ltr'>pro</span> <span class='ocrx_word' id='word_1_889' title='bbox 3223 5562 3552 5634; x_wconf 82' lang='grc' dir='ltr'>μνησθηναι,</span> <span class='ocrx_word' id='word_1_890' title='bbox 3587 5561 3808 5618; x_wconf 86' lang='lat' dir='ltr'>habent</span> 
     </span>
    </p>
   </div>
   <div class='ocr_carea' id='block_1_123' title="bbox 2156 5642 2548 5714">
    <p class='ocr_par' dir='ltr' id='par_1_123' title="bbox 2156 5642 2548 5714">
     <span class='ocr_line' id='line_1_124' title="bbox 2156 5642 2548 5714; baseline 0.01 -22"><span class='ocrx_word' id='word_1_891' title='bbox 2156 5660 2261 5713; x_wconf 81' lang='grc' dir='ltr'>μνη</span> <span class='ocrx_word' id='word_1_892' title='bbox 2274 5642 2548 5714; x_wconf 87' lang='grc' dir='ltr'>μονεῦσαι.</span> 
     </span>
    </p>
   </div>
  </div>
