4178 6418
324 456 440 527 193

1341 457 1634 521 ORATIO
1679 459 1781 518 DE
1823 457 2416 519 INCARNA'I‘IONE
2463 458 2726 520 VERBI.

3628 462 3745 521 194

321 587 624 667 ἀποϐλέψῃ,
656 589 850 647 ἐκεῖθεν
882 593 980 645 τοῦ
1030 589 1209 666 Λόγου
1256 591 1356 659 τὴν
1405 588 1658 659 θειότητα
1689 591 1799 663 (10)
1854 585 1978 663 βλέ-

2095 593 2301 645 caetera
2331 590 2684 646 admiranda
2714 589 3043 664 relinquere
3088 595 3402 647 contentus
3435 592 3746 663 cro.Siqui-

320 705 435 738 πων
472 683 994 758 ὑπερεκπλήττεται.

2095 678 2226 732 dem
2242 679 2440 734 omnia
2464 680 2584 751 pari
2618 680 3007 735 admiratione
3038 681 3217 753 digna
3241 685 3749 751 sunt,etquocun-

323 789 435 846 que
465 772 600 846 quis
632 787 696 828 se
719 771 1084 841 converterit,
1119 770 1292 826 Verbi
1323 770 1696 826 divinitatem
1727 769 1808 825 ibi
1842 766 2202 841 perspiciens
2237 783 2350 822 non
2385 773 2575 839 potest
2602 768 2743 840 quin
2775 770 3172 842 Obstupescat.

380 900 480 954 55.
537 899 707 950 Τοῦτο
768 895 858 949 οῦν
913 895 1046 967 μετά
1095 895 1163 949 τὰ
1218 894 1592 970 προειρημένα
1650 894 1979 966 καταμαθεῖν

323 990 436 1061 (11)
478 1005 535 1040 σε
586 983 729 1054 ἄξιόν
783 982 892 1038 ἐστι
942 983 1033 1036 καὶ
1087 983 1162 1044 ὡς
1219 983 1395 1058 ἀρχὴν
1441 987 1549 1036 τῶν
1598 979 1707 1051 ἤδη
1761 979 1982 1056 λεχθέν-

317 1098 423 1131 των
473 1074 674 1142 θέσθαι,
732 1073 822 1128 καὶ
869 1073 1141 1146 θαυμάσαι
1190 1070 1338 1143 λίαν9
1389 1071 1503 1140 ὅτι,
1560 1075 1658 1125 τοῦ
1719 1077 1981 1145 Σωτῆρος

321 1163 789 1237 ἐπιδημήσαντος,
821 1162 920 1217 οὐκ
942 1159 1019 1216 ἔτι
1054 1163 1148 1234 μὲν
1187 1157 1419 1232 ηὔξησεν
1450 1163 1483 1230 ἡ
1529 1158 1978 1233 εἰδωλολατρεία,

317 1255 406 1310 καί
435 1257 470 1324 ἡ
505 1251 636 1308 οῦσα
667 1250 724 1307 δὲ
754 1250 1095 1319 ἐλαττοῦται,
1141 1252 1232 1304 καὶ
1281 1253 1394 1321 (12)
1425 1251 1542 1304 κατ’
1591 1247 1780 1324 ὀλίγον
1814 1247 1979 1302 παύε-

315 1364 423 1400 ται’
457 1342 546 1398 καί
594 1341 694 1398 ούκ
743 1340 822 1397 ἔτι
870 1343 963 1414 μὲν
1017 1342 1051 1408 ἡ
1104 1337 1395 1409 Ἑλλήνων
1449 1338 1610 1416 σοφία
1657 1337 1978 1413 προκόπτει,

317 1435 468 1504 καὶὴ
520 1431 651 1487 οὖσα
700 1428 758 1485 δὲ
810 1429 1002 1485 λοιπὸν
1058 1428 1396 1506 ἀφανίζεται·
1449 1429 1538 1482 καὶ
1589 1426 1843 1494 δαίμονες
1882 1427 1977 1499 μὲν

317 1524 414 1578 οὐκ
446 1521 522 1577 ἔτι
575 1520 894 1600 φαντασίαις
927 1519 1016 1574 καὶ
1072 1517 1348 1590 μαντείαις
1395 1517 1484 1572 καὶ
1537 1517 1786 1592 μαγείαις
1842 1517 1975 1570 ἁπα-

315 1617 491 1680 τῶσι,
550 1609 711 1683 μόνον
765 1606 822 1663 δὲ
873 1606 1194 1680 τολμῶντες
1253 1607 1340 1661 καὶ
1391 1605 1795 1682 ἐπιχειροῦντες
1855 1626 1979 1659 κατ-

320 1700 772 1776 αισχύνονταιτῷ
818 1696 1031 1770 σημείῳ
1060 1701 1157 1750 τοῦ
1208 1701 1458 1771 σταυροῦ.
1512 1696 1608 1750 Καὶ
1656 1690 1975 1765 συλλήϐδην

321 1791 512 1858 εἰπεῖν,
563 1789 750 1860 Θεώρει
803 1791 919 1848 πῶς
968 1788 1002 1854 ἡ
1057 1787 1150 1858 μὲν
1200 1790 1294 1839 τοῦ
1347 1792 1607 1858 Σωτῆρος
1659 1782 1979 1838 διδασκαλία

315 1882 600 1954 πανταχοῦ
645 1873 830 1947 αὔξει·
889 1881 1033 1930 πᾶσα
1091 1872 1148 1929 δὲ
1208 1872 1638 1949 εἰδωλολατρεία
1694 1874 1783 1928 καὶ
1841 1874 1975 1928 πάν-

2163 893 2423 947 55.Istud
2453 892 2635 964 igitur
2663 899 2796 965 post
2813 911 3018 966 eaquae
3033 896 3415 967 exposuimus
3442 900 3496 950 te
3519 893 3743 952 discere

2092 981 2566 1052 convenit,atque
2599 987 2664 1038 ut
2693 988 2868 1054 caput
2899 985 3164 1039 omnium
3197 1001 3324 1056 quas
3357 984 3640 1040 hactenus
3663 987 3747 1040 di-

2091 1075 2185 1125 cta
2215 1076 2355 1126 sunt
2393 1071 2630 1139 habere,
2665 1089 2730 1127 ac
2759 1073 3132 1129 vehementer
3163 1074 3386 1142 mirari,
3422 1077 3576 1146 quod
3609 1082 3744 1148 post

2093 1157 2409 1214 Salvatoris
2441 1160 2756 1216 adventum
2790 1179 2903 1217 non
2937 1162 3192 1234 amplius
3222 1164 3464 1219 creverit
3497 1164 3742 1221 idolola-

2094 1248 2241 1303 tria:
2275 1250 2375 1304 sed
2410 1265 2540 1321 quae
2569 1254 2710 1316 erat,
2754 1250 3028 1306 imminui
3077 1251 3312 1323 coeperit
3361 1269 3425 1308 ac
3459 1255 3743 1325 paulatim

2091 1337 2551 1394 deficiat.Nullos
2583 1339 2723 1394 item
2756 1339 3011 1410 amplius
3043 1357 3390 1413 progressus
3420 1342 3594 1398 habet
3615 1362 3753 1415 gen-

2090 1424 2284 1481 tilium
2317 1427 2607 1499 sapientia
2638 1445 2650 1482 :
2687 1428 2788 1483 sed
2813 1429 3163 1500 potius,quae
3186 1434 3746 1497 anteaerat,sensim

2091 1517 2387 1571 evanescit
2417 1517 2721 1573 Neminem
2758 1535 2988 1589 quoque
3013 1521 3138 1589 jam
3187 1521 3481 1577 daemones
3513 1523 3748 1594 praesti-

2092 1605 2486 1676 giis,oraculis
2518 1613 2622 1662 aut
2665 1607 3121 1663 incantamentis
3153 1609 3455 1681 decipiunt
3489 1627 3501 1664 :
3537 1611 3638 1666 sed
3662 1612 3751 1666 vel

2091 1694 2146 1748 id
2181 1694 2371 1750 solum
2403 1700 2696 1752 tentantes
2753 1702 2810 1751 et
2870 1697 3298 1769 aggredientes,
3331 1698 3497 1770 signo
3557 1701 3751 1756 crucis

2093 1785 2555 1840 confunduntur.
2589 1787 2678 1852 Et,
2745 1791 2806 1841 ut
2863 1787 3209 1842 summatim
3264 1788 3477 1855 dicam,
3511 1791 3748 1846 attende

2092 1874 2384 1944 quomodo
2418 1873 2733 1930 Salvatoris
2785 1875 3023 1947 quidem
3084 1877 3355 1932 doctrina
3413 1894 3517 1949 per
3554 1883 3743 1934 totum

316 1988 384 2022 τα
430 1969 496 2021 τὰ
546 1966 930 2038 ἐναντιούμενα
976 1967 1045 2037 τῇ
1095 1967 1328 2040 Χριστοῦ
1372 1962 1552 2018 πίστει
1603 1965 1720 2018 καθ’
1765 1963 1974 2038 ἡμέραν

2095 1966 2376 2018 terrarum
2408 1964 2608 2019 orbem
2643 1965 3028 2020 diffundatur:
3063 1970 3265 2020 contra
3285 1967 3742 2035 autem,univer-

316 2055 632 2112 ἐλαττοῦται
664 2056 754 2109 καὶ
803 2053 1064 2125 ἐξασθενεῖ
1109 2053 1199 2107 καὶ
1230 2051 1437 2111 πίπτει.
1472 2051 1626 2107 Οὕτω
1659 2050 1715 2108 δὲ
1759 2055 1975 2126 θεωρῶν

310 2144 606 2222 προσ-κύνει
659 2145 752 2217 μὲν
815 2143 906 2198 τὸν
961 2141 1049 2196 ἐπὶ
1108 2143 1322 2196 πάντων
1384 2149 1619 2217 Σωτῆρα
1671 2142 1761 2196 καὶ
1819 2139 1971 2196 δυνα-

304 2234 401 2291 τόν
455 2235 584 2291 Θεὸν
625 2233 826 2308 Λόγονθ
879 2230 1250 2306 καταγίνωσκε
1296 2228 1354 2286 δὲ
1397 2236 1506 2286 τῶν
1563 2229 1972 2304 ἐλαττουμένων

309 2325 406 2380 καὶ
459 2323 871 2402 ἀφανιζομένων
922 2323 1008 2375 ὑπ’
1060 2319 1246 2377 αὐτοῦ.
1295 2321 1384 2382 Ὡς
1434 2322 1537 2397 γὰρ
1570 2318 1735 2390 ἡλίου
1775 2320 1973 2396 παρόν-

317 2435 412 2477 τος
444 2413 543 2468 ούκ
571 2408 649 2467 ἔτι
678 2413 739 2465 τὸ
780 2409 972 2472 σκότος
1026 2409 1224 2486 ἰσχύει,
1279 2407 1426 2464 ἀλλᾶ
1473 2411 1564 2464 καὶ
1617 2407 1669 2464 εἷ’
1711 2411 1816 2464 πού
1866 2409 1976 2465 ἐστι

317 2500 775 2578 περιλειπόμενον
837 2496 1244 2552 ἀπελαύνεται·
1301 2496 1474 2559 οὕτως
1552 2495 1816 2568 ἐλθούσης
1875 2506 1976 2568 τῆς

318 2592 466 2653 θείας
499 2588 808 2668 ἐπιφανείας
839 2593 935 2643 τοῦ
980 2592 1113 2642 Θεοῦ
1162 2586 1363 2661 Λόγου,
1398 2586 1496 2641 οὐκ
1545 2584 1624 2641 ἓτι
1665 2588 1757 2660 μὲν
1799 2588 1977 2664 ἰσχύει

318 2680 380 2734 τὸ
407 2684 514 2735 τῶν
568 2675 812 2733 εἰδώλων
865 2676 1079 2743 σκότος,
1127 2677 1301 2730 πάντα
1346 2674 1403 2731 δὲ
1450 2677 1516 2730 τὰ
1558 2682 1843 2752 πανταχοῦ
1874 2685 1975 2746 τῆς

323 2769 649 2841 οἰκουμένης
705 2767 842 2841 μέρη
891 2770 960 2840 τῇ
1009 2765 1204 2820 τούτου
1255 2763 1578 2837 διδασκαλίᾳ
1625 2765 1976 2840 καταλάμπε-

319 2879 426 2915 ται.
460 2857 558 2912 Καὶ
592 2856 772 2932 ὥσπερ
828 2854 1212 2932 βασιλεύοντός
1259 2876 1405 2917 τινος
1453 2855 1542 2909 καὶ
1596 2856 1670 2928 μή
1720 2857 1976 2932 φαινομέ-

319 2969 414 3002 νου
445 2943 496 3002 ἔν
528 2968 637 3002 τινι
667 2946 846 3023 χώρᾳ,
882 2942 1007 2999 ἀλλ’
1059 2939 1208 3000 ἔνδον
1260 2940 1415 3007 ὄντος
1465 2944 1516 2999 ἐν
1550 2949 1630 3017 τῷ
1678 2945 1869 3000 ἑαυτοῦ
1901 2945 1976 3000 ο’ί-

319 3058 424 3111 κῳ,
454 3033 728 3097 πολλάκις
759 3037 902 3097 τινὲς
933 3033 1173 3106 ἄτακτοι,
1205 3035 1627 3110 καταχρώμενοι
1667 3038 1735 3108 τῇ
1779 3036 1975 3090 τούτου

323 3127 690 3203 ἀναχωρήσει,
745 3123 966 3186 ἑαυτοὺς
1018 3122 1428 3198 ἀναγορεύουσι,
1479 3121 1568 3178 καί
1615 3120 1838 3187 ἕκαστος
1883 3147 1975 3180 κα-

316 3215 869 3292 τασχηματισάμενος
944 3213 1072 3275 τοὺς
1150 3213 1439 3288 ἀκεραίους
1523 3220 1977 3291 φαντασιοσκοπεῖ

2086 2067 2151 2106 sa
2181 2050 2512 2108 idololatria
2540 2058 2596 2108 et
2626 2053 2914 2125 quidquid
2946 2054 3162 2110 Christi
3207 2054 3342 2110 fidei
3373 2058 3740 2127 adversatur,

2085 2140 2346 2211 quotidie
2367 2142 2665 2197 decrescat
2690 2142 3145 2214 debiliteturque
3167 2148 3224 2199 et
3237 2144 3425 2200 cadat.
3443 2146 3577 2210 Quae
3601 2162 3735 2200 cum

2085 2229 2634 2301 vides,Salvatorem
2667 2231 2933 2287 omnium
2967 2232 3281 2288 Dominum
3315 2237 3372 2289 et
3400 2236 3738 2306 potentissi-

2090 2335 2254 2374 mum
2291 2319 2385 2374 Dei
2419 2319 2674 2375 Verbum
2707 2321 2905 2376 adora:
2937 2337 3036 2377 eos
3069 2327 3266 2377 autem
3301 2338 3448 2393 quos
3480 2322 3575 2378 ille
3597 2325 3739 2378 deii-

2088 2425 2217 2463 cere
2250 2415 2308 2463 et
2339 2424 2682 2464 evanescere
2710 2411 2863 2482 cogit
2893 2427 3100 2482 sperne
3139 2427 3205 2466 ac
3254 2411 3447 2482 rejice.
3484 2412 3556 2467 Ut
3585 2413 3740 2468 enim

2089 2497 2211 2552 sole
2244 2503 2550 2569 praesente,
2586 2497 2746 2553 nulla
2775 2496 3031 2570 amplius
3054 2499 3140 2554 vis
3172 2505 3260 2555 est
3285 2501 3671 2567 tenebris,sed
3694 2502 3746 2557 si

2087 2603 2215 2658 quae
2248 2586 2654 2658 superfuerint
2683 2586 3075 2659 expelluntur:
3111 2589 3190 2643 ita
3221 2588 3416 2645 divino
3451 2589 3545 2644 Dei
3573 2589 3748 2647 Verbi

2089 2676 2339 2730 adventu
2372 2675 2487 2730 vim
2517 2675 2740 2731 nullam
2775 2676 3028 2732 retinent
3051 2675 3339 2732 idolorum
3362 2679 3746 2748 tenebrae,sed

2089 2779 2292 2819 omnes
2325 2764 2564 2819 omnino
2577 2765 2758 2821 totius
2781 2765 2940 2820 orbis
2960 2769 3252 2821 terrarum
3275 2771 3474 2836 partes
3488 2769 3616 2838 ejus
3639 2770 3744 2824 do-

2088 2853 2277 2909 ctrina
2305 2853 3250 2920 illuminantur.Quemadmodum
3281 2856 3422 2911 item
3457 2857 3506 2912 si
3539 2858 3598 2912 in
3623 2858 3744 2914 illis

2087 2942 2557 3015 regionibus,ubi
2589 2960 2686 2998 rex
2714 2960 2776 3000 se
2805 2943 3000 3016 palam
3030 2944 3352 3000 videndum
3383 2962 3496 3001 non
3522 2947 3742 3018 praebet

2086 3034 2187 3088 sed
2215 3033 2372 3087 domi
2406 3031 2668 3087 occultus
2697 3037 2912 3097 manet,
2960 3031 3202 3104 quidam
3254 3033 3578 3090 turbulenti
3609 3037 3738 3106 ejus

2088 3120 2354 3177 absentia
2383 3121 2711 3186 abutentes,
2746 3121 2970 3193 seipsos
3000 3137 3165 3193 reges
3205 3138 3334 3178 esse
3391 3125 3733 3195 praedicent,

2087 3209 2423 3283 singulique
2456 3210 2700 3266 mentito
2731 3210 2936 3266 habitu
2969 3209 3376 3283 simpliciores,
3410 3229 3513 3284 qu'
3534 3214 3581 3268 si
3613 3215 3735 3269 veri

316 3306 430 3378 (13)
461 3303 537 3364 ὡς
589 3300 864 3376 βασιλεὺς,
895 3299 985 3356 καί
1035 3300 1179 3356 οὕτω
1230 3299 1544 3356 πλανῶνται
1595 3304 1647 3356 οἱ
1697 3302 1972 3379 ἅνθρωποι

2095 3316 2256 3372 reges
2286 3303 2503 3367 essent,
2564 3298 3027 3355 circumveniant
3059 3317 3072 3355 :
3106 3299 3318 3355 accidit
3373 3301 3611 3372 quidem
3673 3309 3738 3358 ut

315 3397 398 3464 τῷ
432 3391 681 3464 ὀνόματι,
715 3390 1001 3452 ἀκούοντες
1052 3390 1144 3462 μὲν
1194 3390 1328 3444 εἶναι
1376 3388 1622 3463 βασιλέα,
1674 3390 1780 3467 οὐχ
1811 3394 1975 3467 ὁρῶν-

317 3499 408 3539 τες
442 3475 500 3532 δὲ
529 3475 712 3545 αὐτόν,
747 3474 837 3530 διὰ
881 3477 944 3530 τὸ
997 3475 1234 3549 μάλιστα
1284 3477 1426 3549 μηδὲ
1475 3475 1730 3533 δύνασθαι
1783 3480 1980 3542 αὐτοὺς

321 3563 430 3620 ἔσω
458 3569 556 3620 τοῦ
588 3562 740 3619 oi'xou
797 3571 1076 3640 χωρῆσαι·
1138 3563 1352 3620 ἐπειδὰν
1409 3563 1466 3621 δὲ
1520 3568 1548 3621 ὁ
1595 3565 1819 3638 ἀληθῶς
1868 3573 1980 3644 (14)

324 3651 580 3729 βασιλεὺς
610 3652 852 3730 προέλθῃ
893 3653 983 3708 καὶ
1034 3657 1196 3731 φανῇ,
1246 3653 1370 3708 τότε
1419 3656 1471 3709 οἱ
1527 3655 1621 3728 μὲν
1675 3657 1982 3720 ἀπατῶντες

320 3741 544 3798 ἄτακτοι
591 3741 918 3819 ἐλέγχονται
965 3747 1034 3816 τῇ
1085 3741 1281 3797 τούτου
1329 3743 1623 3819 παρουσίᾳ,
1675 3746 1726 3798 οἱ
1779 3743 1835 3800 δὲ
1886 3744 1980 3800 ἅν-

318 3833 552 3908 θρωποι,
587 3833 823 3907 ὁρῶντες
859 3832 950 3886 τὸν
984 3829 1205 3902 ἀληθῶς
1257 3831 1504 3907 βατιλέα,
1535 3831 1981 3908 καταλιμπάνου-

321 3942 375 3975 σι
416 3920 545 3984 τοὺς
591 3920 763 3977 πάλαι
808 3918 1126 3983 πλανῶντας
1177 3920 1370 3984 αὐτούς
1407 3940 1418 3952 ·
1469 3921 1612 3978 οὕτω
1661 3924 1750 3978 καὶ
1809 3923 1981 3979 πάλαι

322 4011 416 4084 μὲν
459 4011 684 4080 ἠπάτων
723 4011 776 4065 οἱ
827 4007 1082 4084 δαίμονες
1129 4009 1258 4073 τοὺς
1305 4010 1620 4088 ἀνθρώπους
1663 4014 1800 4087 (15),
1846 4018 1980 4069 Θεοῦ

313 4101 485 4173 τιμὴν
521 4101 733 4162 ἑαυτοῖς
762 4099 1145 4173 περιτιθέντες·
1196 4098 1285 4155 ὅτε
1335 4097 1392 4155 δὲ
1432 4099 1599 4180 ἐφάνη
1636 4103 1664 4157 ὁ
1710 4107 1809 4157 τοῦ
1844 4108 1979 4158 Οεοῦ

315 4188 498 4263 Λόγος
549 4188 600 4245 ἐν
656 4189 909 4262 σώμανι,
963 4189 1054 4244 καὶ
1104 4188 1388 4264 ἐγνώρισεν
1437 4193 1572 4264 ἡμῖν
1625 4193 1717 4247 τὸν
1789 4192 1980 4248 ἑαυτοῦ

317 4277 550 4351 Πατέρα·
582 4276 706 4332 τότε
755 4274 822 4346 δὴ
857 4280 891 4347 ἡ
943 4278 1038 4350 μὲν
1070 4283 1178 4333 τῶν
1231 4276 1505 4353 δαιμόνων
1553 4280 1729 4351 ἀπάτη
1787 4279 1980 4358 ἀφανί-

321 4369 469 4434 ζεται
525 4365 615 4420 καὶ
662 4366 935 4436 παύεται,
977 4368 1028 4421 οἱ
1077 4364 1135 4421 δὲ
1185 4365 1481 4442 ἅνθρωποι,
1542 4370 1849 4444 ἀφορῶντες
1903 4371 1978 4432 εἰς

315 4455 408 4510 τὸν
463 4452 722 4526 ἀληθινὸν
771 4454 867 4510 τού
919 4456 1128 4532 Πατρὸς
1181 4456 1308 4511 Θεὸν
1356 4457 1531 4532 Λόγον
1561 4501 1576 4522 ,
1632 4456 1979 4532 καταλιμπά-

315 4563 472 4598 νουσι
499 4540 842 4616 ταιείδωλα,
885 4544 976 4599 καὶ
1020 4542 1213 4599 λοιπὸν
1250 4544 1671 4622 έπιγινώσκουσι
1719 4546 1810 4602 τὸν
1845 4546 1981 4617 ἀλη-

315 4633 464 4687 θινὸν
496 4631 644 4690 Θεόν.
677 4636 846 4689 Τοῦτο
874 4629 931 4688 δὲ
963 4634 1252 4709 γνώρισμα
1282 4639 1379 4689 τοῦ
1431 4634 1559 4689 εἶναι
1604 4636 1694 4690 τὸν
1749 4637 1975 4710 Χριστὸν

2095 3389 2249 3462 regis
2282 3389 2518 3445 nomine
2544 3388 2760 3444 subditi
2795 3389 2853 3442 in
2882 3403 3135 3444 errorem
3187 3389 3561 3457 inducantur,
3605 3407 3740 3448 cum

2093 3495 2290 3551 regem
2323 3493 2453 3534 esse
2481 3478 2934 3548 audiunt,quem
2959 3482 3154 3532 tamen
3189 3494 3302 3533 non
3335 3479 3745 3546 vident,maxi-

2098 3585 2190 3623 me
2219 3567 2359 3639 quia
2379 3569 2437 3622 in
2469 3568 2599 3638 ejus
2623 3567 2817 3622 aulam
2841 3583 2954 3621 non
2979 3566 3114 3621 licet
3145 3567 3615 3639 ingredi.Verum
3639 3570 3739 3626 ubi

2098 3674 2195 3712 rex
2225 3673 2397 3712 verus
2430 3655 2710 3727 prodierit
2740 3672 2804 3710 ac
2836 3657 3250 3727 comparuerit,
3285 3658 3480 3713 statim
3515 3665 3750 3731 pertur-

2096 3746 2216 3801 bati
2250 3745 2332 3800 illi
2368 3745 2780 3817 improbi,ejus
2815 3751 3124 3817 praesentia
3155 3745 3321 3800 facile
3349 3746 3756 3804 internoscan-

2099 3840 2194 3889 tur
2222 3839 2275 3889 et
2309 3834 2736 3889 convincuntur
2771 3852 2783 3902 ;
2818 3835 2974 3888 unde
3031 3840 3325 3906 quorquot
3379 3837 3749 3908 deceperant,

2091 3940 2226 3979 vero
2259 3939 2392 3995 rege
2426 3927 2862 3994 conspecto,eos
2904 3923 3127 3995 absque
3158 3941 3321 3980 mora
3352 3925 3750 3983 deserunt.Sic

2093 4012 2229 4069 olim
2254 4013 2549 4068 daemones
2585 4011 2796 4068 divinis
2829 4012 3150 4068 honoribus
3173 4015 3473 4086 usurpatis
3501 4015 3748 4074 miseros

2095 4101 2366 4158 homines
2424 4100 2784 4157 deludebant
2817 4119 2830 4157 :
2880 4106 2939 4156 at
2968 4102 3067 4157 ubi
3102 4104 3198 4158 Dei
3235 4103 3489 4160 Verbum
3525 4105 3581 4160 in
3617 4123 3743 4163 cor-

2093 4208 2232 4263 pore
2263 4190 2553 4263 apparuit,
2578 4195 2636 4246 et
2666 4207 2840 4246 suum
2892 4191 3120 4247 Patrem
3153 4196 3357 4248 notum
3390 4195 3559 4250 nobis
3591 4197 3742 4265 fecit,

2095 4286 2235 4336 tunc
2261 4281 2596 4336 daemonum
2629 4280 2868 4352 quidem
2901 4280 3142 4336 fallaciae
3192 4299 3533 4339 evanescere
3562 4289 3619 4341 et
3649 4287 3744 4340 de-

2093 4371 2285 4426 sinere
2339 4375 2661 4441 cuaperunt,
2716 4369 2987 4425 homines
3047 4375 3242 4426 autem
3296 4388 3498 4427 verum
3557 4373 3744 4428 Patris

2098 4461 2276 4515 Deum
2307 4459 2566 4514 Verbum
2594 4459 2909 4525 intuentes,
2962 4459 3116 4514 idola
3169 4459 3528 4531 relinquunt,
3561 4479 3627 4516 ac
3652 4478 3747 4516 ve-

2098 4563 2230 4603 rum
2261 4548 2442 4602 Deum
2466 4550 2813 4618 agnoscunt.
2867 4547 2928 4601 Id
2977 4562 3149 4617 porro
3181 4553 3337 4605 certo
3388 4549 3605 4606 indicio
3659 4557 3749 4607 est

2092 4635 2393 4691 Christum
2431 4637 2522 4690 77
2565 4637 2741 4690 Deum
2773 4635 3027 4690 Verbum
3060 4639 3118 4690 et
3157 4636 3253 4690 Dei
3289 4637 3567 4694 virtutem
3598 4655 3749 4696 esee.

315 4721 447 4776 Θεὸν
480 4721 657 4796 Λόγον
685 4721 775 4777 καὶ
825 4708 983 4778 Θεοῦ)
1011 4721 1239 4797 δύναμίν
1292 4723 1420 4780 ἐστι.
1473 4726 1725 4801 Τῶν-γὰρ
1768 4708 1972 4803 ἀνθρω-

2095 4725 2233 4781 Cum
2267 4727 2421 4780 enim
2447 4729 2677 4780 cessent
2698 4742 2830 4796 quae
2853 4725 3355 4793 bumanasunt,et
3387 4726 3600 4783 Christi
3622 4745 3749 4784 ver-

314 4809 492 4866 πίνων
550 4811 877 4885 παυομένων
910 4859 926 4885 ,
971 4812 1061 4879 καὶ
1118 4815 1374 4886 μένοντος
1421 4819 1518 4869 τοῦ
1578 4814 1824 4891 ῥήματος
1879 4821 1976 4871 τοῦ

317 4903 554 4972 Χριστοῦ
587 4947 603 4973 ,
660 4898 830 4971 δῆλόν
880 4900 989 4957 ἐστι
1046 4903 1193 4978 παρά
1239 4909 1370 4958 πᾶσι
1420 4905 1488 4958 τὰ
1548 4905 1642 4978 μὲν
1698 4905 1979 4980 παυόμενα

316 4987 457 5043 εἷται
514 4988 860 5065 πρόσκαιρα,
911 4991 1004 5045 τὸν
1064 4989 1122 5047 δὲ
1194 4993 1423 5065 μένοντα
1491 4993 1626 5048 εἶναι
1702 4997 1830 5050 Θεὸν
1886 4996 1976 5051 καὶ

313 5079 453 5131 Θεοῦ
482 5077 605 5131 Υἱὸν
639 5076 898 5148 ἀληθινὸν
939 5087 1210 5155 μονογενῆ
1244 5080 1443 5156 Λόγον.

389 5167 479 5221 56.
522 5169 699 5222 Ταῦτα
747 5168 980 5241 μὲν³σοι
1019 5170 1145 5245 παρ’
1191 5172 1349 5243 ἡμῶν
1403 5168 1472 5226 δι’
1531 5169 1736 5248 ὀλίγων
1773 5220 1786 5244 ,
1851 5173 1973 5230 ὅσον

393 5343 507 5419 (10)
541 5297 1026 5419 Anglidfazmer.
1081 5350 1334 5406 Felckm.
1398 5353 1424 5404 1
1479 5368 1674 5419 anon.,
1733 5352 1978 5409 θειότατα

317 5415 507 5496 Iidem
539 5415 685 5496 ibid.
719 5425 776 5476 et
807 5420 940 5493 Seg.
974 5422 1199 5478 addunt
1233 5421 1472 5496 βλέπων,
1497 5415 1745 5494 ιιυοὰὶῃ
1775 5425 1908 5483 aliis
1924 5434 1983 5485 et

315 5486 497 5544 editis
529 5489 714 5546 deest.

395 5559 509 5641 (11)
531 5561 709 5641 _Gobl.
736 5562 1091 5641 _et~Felck.1
1151 5581 1352 5641 anon.,
1411 5565 1625 5641 μαθεῖν.
1671 5566 1819 5626 Ibid.
1879 5586 1982 5641 pro

315 5636 502 5712 genui;
531 5631 754 5712 habent
781 5633 1014 5712 Gobler.
1046 5641 1104 5691 et
1145 5631 1344 5712 Felck.
1401 5631 1427 5690 1
1468 5654 1687 5712 anon.,
1727 5631 1980 5712 Begu-er.

315 5699 504 5758 habet
534 5721 647 5780 cog.
667 5704 813 5780 Item
847 5705 988 5763 ibid.
1011 5707 1359 5780 particulam
1387 5705 1477 5762 καί
1509 5709 1566 5780 in
1600 5699 1772 5767 editis
1804 5699 1982 5770 Emis-
2011 5708 2030 5720 ’

316 5787 454 5836 sam
485 5774 860 5834 restituimus
891 5794 961 5836 ex
991 5774 1134 5838 mss.
1169 5779 1402 5840 Gobler.
1431 5779 1622 5845 Felck.
1659 5783 1684 5841 1
1719 5799 1894 5843 anon.
1929 5788 1986 5843 et

607 5902 872 5970 Parnm"
919 5906 1031 5972 Gn.
1077 5907 1267 5977 XXV.

2087 4815 2230 4870 bum
2252 4819 2591 4870 constanter
2621 4818 2970 4886 perseveret,
2996 4830 3169 4870 nemo
3198 4832 3314 4870 non
3344 4815 3501 4872 videt
3520 4833 3589 4873 ea
3619 4835 3747 4890 quas

2088 4905 2266 4959 finem
2301 4903 2520 4959 habent
2547 4903 2893 4974 temporalia
2925 4918 3077 4970 esse,
3101 4919 3234 4959 eum
3267 4909 3462 4960 autem
3495 4906 3593 4977 qui
3614 4923 3742 4978 per-

2088 4997 2264 5065 petuo
2295 4998 2600 5065 permanet
2632 4991 2816 5047 Deum
2858 4993 3077 5063 Deique
3133 4993 3341 5049 Filium
3371 5011 3574 5051 verum
3606 4997 3739 5053 uni-
3796 5035 3799 5039 ~

2088 5082 2355 5156 genitum
2387 5082 2638 5138 Verbum
2669 5097 2819 5137 esse.

2157 5178 2247 5231 56.
2283 5175 2410 5230 Haec
2441 5172 2677 5243 quidem
2711 5188 2837 5243 quae
2870 5171 3073 5244 paucis
3101 5173 3504 5244 tractavimus,
3541 5192 3730 5246 quan-

2087 5352 2496 5428 Seguer,lbi_d.
2531 5369 2633 5428 pro
2653 5345 3055 5428 fI§-g,_Seguer.
3095 5354 3167 5424 μή
3203 5353 3396 5428 habet.

2164 5422 2277 5552 (12)
2307 5422 2545 5512 Gobl’er.
2569 5427 2626 5478 et
2665 5422 2923 5505 Εοὶοιίωῖ
2975 5425 2999 5477 1
3052 5422 3249 5495 anon.,
3305 5422 3622 5481 ἐλαττοῦται
3671 5423 3728 5482 δὲ

2189 5542 2201 5552 .
2235 5505 2341 5552 etc.
2373 5513 2484 5552 και.
2519 5511 2641 5552 sea.
2677 5512 2733 5548 in
2766 5495 2972 5549 iisdem
2998 5496 3179 5552 deest.

2091 5493 2201 5566 καί,
2235 5493 2341 5552 etc.
2373 5493 2484 5562 καί,
2519 5511 2641 5565 seq.
2677 5496 2733 5548 in
2766 5495 2972 5549 iisdem
2998 5496 3179 5552 deest.

2163 5570 2280 5639 (13)
2318 5570 2574 5639 Seguer.,
2609 5570 3044 5639 φαειτασιοκοπεῖ.

2191 5635 2277 5708 14)
2307 5635 2533 5711 Gobler.
2566 5635 2898 5711 et'_F_elck_m_
2921 5640 2952 5711 1
2983 5654 3177 5704 anon.,
3210 5636 3443 5711 ἀληθής.

2191 5642 2277 5708 14)
2307 5642 2533 5694 Gobler.
2569 5643 2625 5691 et
2655 5642 2886 5691 Felckm
2921 5642 2945 5691 1
2983 5654 3177 5704 anon.,
3210 5642 3443 5711 ἀληθής.

2165 5642 2276 5788 (15)
2307 5707 2782 5788 Angl_ic.qubler.
2810 5707 2997 5788 Felck.
3025 5711 3047 5764 1
3079 5719 3316 5788 anguet
3341 5714 3603 5788 segnem,
3621 5709 3735 5769 8a..-

2100 5775 2339 5863 μονέςτε
2379 5775 2467 5836 {at
2533 5775 2823 5861 ἅνθρωποι.
2894 5781 3022 5838 Mox
3083 5781 3313 5844 Gobler.
3381 5775 3635 5846 FElckm.
3705 5788 3732 5845 1

3420 5918 3455 5990 Ἰ
