4178 6416
396 395 541 480 195,

937 393 1005 454 S.
1051 388 1480 453 ATHANASII
1526 389 1700 451 OPP.
1745 388 1950 451 PARS
1995 389 2043 451 Ι.
2079 422 2157 434 -
2186 389 2606 454 HISTORICA
2650 392 2751 454 ET
2793 392 3273 457 DOGMATICA.

3692 399 3808 462 196

391 535 520 589 tum
554 530 626 586 ad
656 526 996 585 Christianae
1029 525 1163 581 ﬁdei
1195 541 1299 580 nec
1332 541 1445 579 non
1477 522 1656 579 divini
1688 524 1856 579 Verbi
1882 524 2035 595 apud

2152 523 2287 597 πρὸς
2332 523 2675 599 στοιχείωσιν
2715 524 2805 579 καὶ
2874 532 3195 601 χαρακτῆρα
3242 532 3344 596 τῆς
3391 528 3528 583 κατὰ
3574 529 3806 603 Χριστὸν

389 637 500 677 nos
530 620 817 676 adventus
847 616 1136 673 elementa
1181 618 1238 669 et
1292 614 1539 669 formam
1600 612 2043 685 exprimendam

390 709 535 766 satis
566 724 695 765 esse
726 707 973 773 videtur,
1006 704 1132 773 tibi,
1169 718 1201 759 o
1234 703 1321 758 vir
1349 702 1542 758 Chrsti
1601 718 1829 773 amans,
1890 702 2044 758 ultro

390 798 716 855 offerimus.
749 797 833 852 Tu
861 811 995 851 vero
1029 792 1331 850 occasione
1391 792 1527 847 inde
1585 796 1840 864 accepta,
1901 792 1950 847 si
1982 791 2042 847 in

391 890 656 947 studium
690 900 990 945 sacrarum
1021 882 1351 939 litterarum
1395 882 1619 937 sincere
1649 886 1706 937 et
1735 879 2046 952 diligenter

392 979 733 1037 incumbere
759 973 939 1043 voles,
973 972 1306 1029 accuratius
1332 974 1390 1027 et
1418 970 1656 1038 clarius,
1698 986 1873 1042 quam
1909 986 2046 1026 vera

395 1070 516 1127 sint
543 1084 613 1124 ea
642 1083 771 1139 quae
796 1062 1177 1136 exposuimus
1208 1060 1519 1132 intelliges.
1550 1058 1665 1114 Illae
1696 1059 1854 1115 enim
1879 1059 2041 1115 theo-

389 1158 659 1232 logorum
688 1153 998 1211 hominum
1048 1150 1372 1206 ministerio
1432 1166 1465 1204 a
1520 1154 1635 1205 Deo
1692 1148 1932 1221 prolatae
1987 1152 2046 1204 et

389 1246 623 1319 scriptae
653 1246 793 1300 sunt
825 1259 838 1299 :
872 1257 1022 1314 quas
1050 1255 1185 1296 cum
1214 1255 1250 1295 a
1280 1237 1581 1311 magistris
1612 1238 1804 1293 divino
1831 1237 2041 1309 spiritu

398 1335 615 1394 afﬂatis
640 1338 699 1390 et
728 1330 1052 1388 divinitatis
1081 1327 1297 1384 Christi
1327 1325 1684 1399 martyribus
1713 1326 1935 1382 effectis
1953 1325 2040 1381 di-

396 1425 745 1494 dicerimus,
777 1421 1013 1478 easdem
1042 1422 1157 1475 tua
1188 1415 1485 1473 sedulitati
1524 1420 1894 1488 peramanter
1921 1419 2043 1471 tra-

388 1515 610 1571 dimus.
644 1511 980 1569 Secundum
1014 1523 1247 1580 quoque
1302 1509 1360 1562 et
1415 1504 1737 1577 gloriosum
1796 1520 2043 1577 vereque

387 1603 655 1659 divinum
677 1601 808 1672 ejus
838 1599 911 1655 ad
941 1614 1051 1653 nos
1066 1598 1383 1653 adventum
1405 1611 1472 1649 ex
1489 1592 1696 1651 iisdem
1715 1594 2043 1666 perdiscere

388 1692 607 1766 poteris
637 1706 772 1746 cum
803 1686 1027 1746 scilicet
1056 1701 1171 1742 non
1201 1685 1259 1740 in
1290 1684 1389 1739 vili
1420 1683 1627 1753 forma,
1660 1684 1762 1739 sed
1816 1683 1876 1739 in
1907 1700 2040 1755 pro-

391 1782 521 1855 pria
549 1779 756 1854 gloria,
789 1795 905 1834 non
936 1777 995 1831 in
1026 1773 1237 1831 humili
1276 1776 1433 1828 statu
1466 1775 1566 1829 sed
1598 1773 1659 1827 in
1719 1789 1828 1828 sua
1859 1773 2040 1844 maje-

388 1875 561 1941 state,
590 1885 697 1926 nec
726 1868 942 1923 iterum
974 1863 1387 1937 passurus,sed
1411 1878 1530 1917 suae
1560 1861 1752 1917 crucis
1783 1862 2039 1917 fructum

390 1959 880 2017 resurrectionem
915 1969 1121 2027 nempe
1151 1957 1209 2009 et
1238 1951 2041 2024 incorruptionem,omnibus

388 2049 730 2108 redditurus
758 2044 966 2103 veniet.
993 2043 1220 2112 Veniet,
1253 2042 1520 2114 inquam,
1563 2058 1678 2097 non
1711 2044 1777 2096 ut
1833 2058 2041 2097 rursus

384 2139 688 2213 judicetur
716 2136 821 2192 sed
851 2138 917 2191 ut
946 2150 1151 2191 omnes
1173 2132 1421 2204 judicet,
1452 2134 1625 2203 prout
1663 2130 1914 2203 quisque
1939 2147 2043 2203 per

386 2245 600 2301 corpus
624 2226 828 2300 egerit,
874 2224 995 2280 sive
1050 2223 1221 2289 bona,
1283 2220 1400 2276 sive
1458 2219 1616 2276 mala
1672 2222 1711 2288 θ,
1744 2236 1811 2276 ac
1869 2220 2040 2276 bonis

385 2318 622 2392 quidem
650 2330 898 2389 regnum
929 2312 1206 2369 caelorum
1222 2309 1572 2367 concedetur
1604 2325 1619 2365 :
1653 2309 1791 2365 mali
1821 2326 1955 2365 vero
1978 2310 2036 2365 in

384 2408 584 2482 ignem
615 2410 896 2462 aeternum
928 2407 985 2458 et
1012 2401 1283 2458 tenebras
1297 2399 1609 2455 exteriores
1634 2399 2034 2471 projicientur.

387 2498 450 2555 Id
485 2513 595 2553 nos
626 2496 751 2567 ipse
782 2492 1070 2549 Dominus
1100 2491 1192 2546 his
1217 2488 1409 2545 verbis
1450 2489 1617 2543 docet
1652 2506 1664 2544 :
1695 2489 1824 2543 Dico
1868 2491 2035 2559 vobis,

388 2585 580 2643 amodo
608 2583 864 2641 videbitis
894 2582 1113 2637 Filium
1140 2579 1384 2635 hominis
1414 2578 1686 2632 sedentem
1737 2595 1772 2632 α
1824 2578 2038 2634 dextris

383 2677 615 2735 virtutis
642 2682 695 2731 et
718 2674 1029 2729 venientem
1058 2673 1119 2724 in
1143 2669 1383 2725 nubibus
1414 2668 1538 2722 cazli
1583 2668 1643 2721 in
1700 2667 1877 2737 gloria
1933 2669 2037 2723 Pa-

386 2770 489 2825 tris
530 2767 592 2820 ⁸ο.
654 2762 937 2832 Quocirca
983 2759 1240 2817 salutare
1294 2757 1551 2829 profecto
1608 2761 1698 2812 cst
1756 2757 2034 2830 Verbum,

385 2857 542 2931 quod
577 2871 684 2911 nos
714 2852 775 2909 in
806 2851 970 2907 illam
1015 2850 1169 2905 diem
1227 2846 1560 2920 praemunit,
1611 2845 1693 2901 ita
1740 2862 1984 2903 monens
2018 2863 2031 2903 :

384 2948 562 3004 Estote
588 2944 778 3017 parati
804 2949 855 2997 et
884 2939 1110 3011 vigilate
1154 2936 1283 3009 quia
1338 2951 1447 3008 qua
1492 2936 1719 2991 nescitis
1774 2936 1917 2993 hora
1946 2952 2033 2992 ve-

387 3037 472 3094 nit
503 3035 572 3071 ¹⁰¹
605 3034 777 3105 Nam,
809 3034 878 3086 ut
905 3030 987 3085 ait
1016 3028 1225 3084 beatus
1254 3025 1472 3083 Paulus
1507 3042 1519 3081 :
1556 3025 1747 3081 Omnes
1775 3042 1873 3081 nos
1911 3026 2037 3082 sisti

382 3129 597 3200 oportet
615 3126 748 3180 ante
777 3119 1025 3177 tribunal
1074 3117 1276 3172 Christi
1305 3123 1363 3171 ut
1408 3117 1610 3186 referat
1662 3117 2036 3187 unusquisque

376 3217 549 3291 juxta
577 3230 643 3271 ea
673 3228 793 3284 quae
815 3226 919 3283 per
945 3223 1140 3279 corpus
1166 3207 1350 3278 gessit,
1382 3207 1497 3260 sive
1527 3206 1724 3261 bonum
1771 3206 1886 3262 sive
1913 3223 2035 3262 ma-

382 3307 500 3363 lum
530 3304 594 3357 ¹¹.

2152 612 2390 675 πίστεως
2419 614 2509 668 καὶ
2548 620 2649 683 τῆς
2698 613 2845 677 θείας
2894 614 3056 669 αὐτοῦ
3100 616 3235 691 πρὸς
3286 619 3433 689 ἡμᾶς
3495 617 3806 697 ἐπιφανείας

2154 702 2528 772 ἀνατεθείσθω,
2562 702 2606 757 ὦ
2655 701 2980 781 φιλόχριστε
3022 702 3289 780 ἄνθρωπε.
3324 705 3400 760 Σὺ
3433 704 3490 761 δὲ
3535 709 3635 776 τήν
3674 709 3809 786 πρό-

2153 813 2307 869 φασιν
2344 791 2402 847 ἐκ
2429 792 2635 847 τούτων
2670 789 2876 865 λαϐὼν,
2912 794 2956 847 εἰ
3008 792 3360 871 ἐντυγχάνοις
3403 800 3523 859 τοῖς
3556 798 3670 870 (16)
3697 803 3807 854 τῶν

2154 885 2380 958 Γραφῶν
2434 882 2775 957 γράμμασι,
2827 883 3070 957 γνησίως
3119 883 3304 947 αὐτοῖς
3364 882 3659 962 ἐφιστάνων
3716 889 3808 943 τὸν

2151 974 2299 1039 νοῦν,
2347 972 2531 1045 γνώσῃ
2580 973 2705 1047 παρ’
2754 971 2929 1026 αὐτῶν
2981 973 3049 1026 τὰ
3097 970 3410 1047 λεγόμενα,
3469 975 3808 1054 τελειότερον

2157 1061 2250 1134 μὲν
2309 1060 2400 1115 καὶ
2455 1060 2774 1137 τρανότερον
2824 1066 2930 1115 τῶν
2983 1059 3287 1137 λεχθέντων
3333 1065 3431 1133 τήν
3493 1060 3809 1142 ἀκρίϐειαν,

2158 1150 2393 1204 Ἐκεῖναι
2456 1150 2549 1223 μὲν
2600 1151 2704 1227 γάρ
2751 1147 2841 1204 διὰ
2891 1148 3167 1226 θεολόγων
3219 1149 3426 1227 ἀνδρῶν
3480 1155 3625 1229 παρὰ
3676 1161 3810 1212 Θεοῦ

2153 1236 2498 1308 ἐλαλήθησαν
2573 1237 2663 1293 καὶ
2723 1238 3029 1316 ἐγράφησαν
3063 1260 3074 1271 ·
3135 1244 3301 1314 ἡμεῖς
3376 1239 3434 1297 δὲ
3498 1245 3646 1319 παρὰ
3698 1250 3806 1301 τῶν

2157 1327 2344 1390 αὐταῖς
2421 1327 2861 1404 ἐντυγχανόντων
2934 1329 3300 1385 θεοπνεύστων
3362 1333 3475 1406 (17)
3533 1329 3759 1389 διδασκά
3787 1367 3811 1379 -

2152 1413 2284 1489 λων,
2330 1414 2382 1471 οῖ
2411 1418 2499 1472 καὶ
2553 1419 2817 1494 μάρτυρες
2864 1425 2964 1489 τῆς
3014 1424 3248 1494 Χριστοῦ
3295 1420 3551 1491 θεότητος
3583 1423 3806 1498 γεγόνα-

2151 1527 2225 1574 σι,
2290 1506 2547 1578 μαθόντες
2612 1504 2971 1581 μεταδίδομεν
3030 1508 3120 1563 καὶ
3177 1512 3249 1583 τῇ
3310 1513 3377 1583 σῇ
3438 1508 3804 1586 φιλομαθείᾳ.

2152 1597 2338 1668 Γνώσῃ
2397 1593 2452 1650 δὲ
2486 1598 2598 1670 (18)
2652 1595 2741 1651 καί
2796 1599 2896 1665 τήν
2947 1594 3194 1673 δευτέραν
3250 1597 3413 1653 αὐτοῦ
3460 1598 3627 1656 πάλιν
3666 1602 3804 1679 πρὸς

2150 1685 2300 1757 ἡμὰς
2332 1682 2543 1755 ἔνδοξον
2592 1686 2684 1740 καὶ
2726 1686 2868 1740 θείαν
2918 1683 3139 1755 ἀληθῶς
3188 1687 3519 1766 ἐπιφάνειαν,
3571 1689 3664 1745 ὅτε
3707 1689 3808 1747 οὐκ

2152 1772 2230 1828 ἔτι
2279 1776 2392 1846 μετ’
2446 1772 2719 1837 εὐτελείας
2767 1776 2904 1849 (19),
2956 1773 3081 1830 ἀλλ’
3131 1775 3183 1832 ἐν
3231 1781 3302 1851 τῇ
3357 1775 3468 1850 ἰδίᾳ
3516 1776 3663 1855 δόξῃο
3717 1779 3807 1836 ὅτε

2072 1905 2119 1970 Β
2153 1861 2331 1917 οὐκέτι
2368 1864 2501 1935 μετά
2534 1862 2944 1933 ταπεινότητος,
2997 1863 3122 1920 ἀλλ’
3150 1865 3202 1921 ἐν
3228 1871 3297 1941 τῇ
3350 1865 3462 1940 ἰδίᾳ
3513 1868 3801 1945 μεγαλειό-

2353 1951 2378 1970 μ
2537 1952 2549 1970 τ
2654 1950 2677 1970 ,ρ
2869 1956 2949 1970 ι...
3070 1952 3194 1970 ,με
3258 1954 3278 1970 ς
3398 1956 3411 1970 .
3573 1962 3601 1970 -
3664 1956 3739 1970 ..η

2148 1971 2295 2021 τητι’
2348 1951 2437 2007 ὅτε
2496 1952 2594 2007 οὐκ
2653 1950 2731 2007 ἔτι
2790 1956 2998 2025 παθεῖν,
3059 1952 3205 2010 ἀλλὰ
3258 1954 3450 2011 λοιπὸν
3506 1962 3605 2013 τοῦ
3660 1956 3805 2015 ἲδίου

2150 2045 2381 2115 σταυροῦ
2424 2042 2515 2096 τὸν
2563 2043 2764 2118 καρπὸν
2823 2040 3115 2099 ἀποδοῦναι
3164 2050 3323 2100 πᾶσιν
3371 2041 3608 2123 ἔρχεται·
3658 2050 3804 2127 φημὶ

2150 2128 2216 2200 δὴ
2265 2133 2365 2202 τήν
2415 2132 2697 2186 ἀνάστασιν
2741 2132 2831 2187 καὶ
2882 2135 2981 2203 τὴν
3031 2134 3323 2212 ἀφθαρσίαν
3359 2154 3371 2166 ·
3423 2135 3512 2190 καὶ
3581 2136 3680 2193 οὐκ
3725 2134 3804 2193 ἔτι

2154 2221 2247 2294 μὲν
2282 2221 2537 2294 κρίνεται,
2587 2220 2757 2296 κρίνει
2809 2220 2867 2277 δὲ
2912 2221 3038 2284 τούς
3089 2220 3314 2292 πάντας,
3347 2225 3485 2299 πρὸς
3516 2226 3549 2281 ἃ
3576 2222 3803 2291 ἕκαστος

2150 2308 2341 2382 ἔπραξε
2399 2308 2486 2365 διά
2539 2316 2637 2366 τοῦ
2691 2313 2970 2385 σώματος,
3028 2310 3132 2367 εῗίτε
3190 2314 3390 2388 ἀγαθά,
3438 2314 3543 2372 εἷ’τε
3600 2314 3799 2395 φαῦλα·

2150 2398 2271 2454 ἔνθα
2318 2406 2434 2462 τοῖς
2481 2402 2574 2473 μὲν
2629 2401 2849 2476 ἀγαθοῖς
2901 2402 3179 2457 ἀπόκειται
3234 2402 3483 2479 βασιλεία
3534 2406 3801 2481 οὐρανῶν,

2145 2495 2259 2551 τοῖς
2291 2487 2347 2543 δὲ
2379 2488 2559 2566 φαῦλα
2587 2490 2813 2564 πράξασι
2859 2496 2965 2566 πῦρ
3016 2491 3236 2546 αἰώνιον
3288 2492 3379 2547 καὶ
3431 2494 3625 2558 σκότος
3668 2495 3800 2566 ἐξώ-

2142 2599 2315 2654 τερον⁹
2377 2579 2520 2634 οὕτω
2577 2586 2680 2655 γᾶρ
2738 2580 2827 2634 xui
2884 2580 3042 2642 αὐτὸς
3102 2583 3215 2654 (20)
3276 2583 3305 2635 6
3362 2581 3561 2659 Κύριός
3627 2603 3799 2662 φησι*

2144 2670 2303 2744 Λέγω
2350 2669 2499 2742 ὑμῖν,
2561 2670 2649 2723 ἀπ’
2707 2667 2827 2742 ἄρτι
2882 2664 3074 2743 ὄψεσθε
3129 2670 3220 2724 τὸν
3283 2668 3407 2725 Υἱὸν
3456 2676 3553 2726 τοῦ
3598 2673 3802 2748 ἀνθρώ-

2144 2780 2249 2813 που
2307 2760 2609 2831 καθήμενον
2659 2756 2719 2812 ἐκ
2775 2755 2962 2829 δεξιῶν
3019 2765 3121 2827 τῆς
3177 2755 3457 2831 δυνάμεως
3489 2804 3504 2829 ,
3562 2762 3653 2816 καὶ
3712 2761 3799 2837 έρ-

2144 2846 2382 2923 χόμενον
2464 2846 2710 2901 ἐπὶτῶν
2784 2844 3020 2924 νεφελῶν
3094 2851 3192 2902 τοῦ
3263 2846 3496 2924 οὐρανοῦ
3532 2894 3547 2920 ,
3602 2849 3653 2905 ἐν
3729 2856 3799 2926 τῇ

2144 2935 2272 3007 δόξη
2305 2940 2403 2991 τοῦ
2457 2934 2690 3009 Πατρός.
2742 2935 2835 2989 Διὸ
2884 2931 2950 3004 δή
2995 2936 3086 2990 καὶ
3137 2936 3409 3012 σωτηριός
3462 2937 3570 2992 ἐστι
3620 2938 3798 3015 Λόγος

2143 3024 2471 3101 εὐτρεπίζων
2505 3026 2654 3097 ἡμᾶς
2687 3023 2764 3086 εἷς
2797 3023 3005 3094 ἐκείνην
3054 3026 3155 3095 τήν
3203 3028 3413 3101 ἡμέραν
3458 3027 3549 3081 xui
3595 3026 3794 3105 λέγων’

2144 3114 2357 3169 Γίνεσθε
2408 3109 2625 3185 ἕτοιμοι
2690 3114 2781 3167 xui
2838 3120 3215 3190 γρηγορεῖτε,
3274 3114 3357 3169 ὅτι
3508 3114 3625 3194 ὥρᾳ
3699 3117 3799 3174 οὐκ

2144 3200 2327 3258 οἷ’δατε
2356 3199 2597 3278 ἔρχεται.
2634 3203 2776 3257 Κατὰ
2805 3203 2907 3278 γὰρ
2934 3204 3023 3258 τὸν
3080 3204 3341 3280 μακάριον
3385 3203 3626 3277 Παῦλον,
3661 3205 3796 3271 Τοὺς

2061 3277 2104 3344 C
2144 3294 2346 3354 πάντας
2388 3277 2551 3365 (ἡμᾶς
2628 3299 2966 3365 παραστῆναι
3025 3290 3107 3347 δεῖ
3182 3277 3477 3369 ἔμπρνσθεν
3535 3300 3633 3351 τοῦ

384 3414 552 3470 ματος
608 3393 707 3445 τοῦ
773 3389 1008 3465 Χριστοῦ
1042 3429 1058 3456 ,
1111 3382 1200 3438 ’ίνα
1254 3382 1548 3456 κομίσηται
1619 3380 1844 3445 ἕκαστος
1920 3383 2058 3458 πρὸς
2110 3380 2144 3435 ἃ
2204 3379 2294 3436 διὰ
2368 3384 2466 3435 τοῦ
2536 3382 2789 3455 σώματος
2868 3380 3087 3459 ἔπραξεν
3124 3426 3138 3454 ,
3204 3380 3310 3437 εἷίτε
3378 3384 3621 3460 ἀγαθὸν,
3690 3383 3797 3442 εἴτε

383 3480 995 3629 φαὲξῗζεωωιαωοῑι
1026 3566 1233 3636 praeter
1257 3563 1519 3620 studium
1563 3567 1621 3619 et
1673 3578 1872 3619 veram
1939 3578 2033 3618 co-

385 3661 717 3737 gnitionem
748 3654 1205 3727 Scripturarum,
1228 3652 1356 3708 vitae
1388 3668 1620 3724 quoque
1639 3651 1949 3723 integritas
1978 3654 2037 3707 et

384 3747 682 3809 munditia
710 3744 923 3803 animae
953 3759 1058 3799 nec
1087 3758 1203 3798 non
1236 3740 1566 3797 Christiana
1599 3740 1788 3797 virtus
1827 3756 2032 3796 neces-

383 3840 542 3899 saria
569 3841 679 3909 est,
711 3840 776 3892 ut
801 3850 904 3908 per
934 3849 1062 3889 eam
1094 3847 1261 3887 mens
1296 3831 1573 3888 incedens
1602 3847 1690 3900 ea,
1749 3847 1877 3902 quae
1934 3844 2031 3885 ex-

382 3928 554 4005 petit,
588 3925 845 3998 assequi,
866 3927 925 3980 et
952 3921 1056 3979 Dei
1089 3920 1369 3986 Verbum,
1420 3924 1711 3993 quantum
1757 3919 2032 3976 humanae

383 4023 605 4078 naturae
633 4016 790 4087 licet,
821 4010 1316 4086 comprehendere
1336 4008 1837 4081 queat.Siquidem
1859 4025 2032 4065 nemo

382 4111 721 4167 sanctorum
758 4104 938 4161 verba
967 4101 1093 4157 sine
1124 4116 1273 4174 pura
1300 4103 1496 4154 mente
1526 4101 1584 4153 et
1638 4096 1873 4153 illorum
1903 4098 2032 4152 vitae

381 4196 711 4255 imitatione
732 4191 1059 4264 intelligere
1089 4192 1303 4262 potest.
1334 4188 1481 4243 Nam
1532 4186 2034 4260 quemadmodum

384 4288 488 4362 qui
519 4285 661 4344 solis
688 4283 881 4340 lucem
908 4281 1106 4337 videre
1137 4277 1299 4350 cupit
1327 4276 1565 4333 oculum
1621 4276 1952 4349 abstergeat
1979 4278 2038 4332 et

383 4378 665 4450 expurget
695 4389 761 4429 ac
801 4371 1063 4444 seipsum
1120 4366 1555 4440 quodammodo
1615 4364 1725 4421 soli
1782 4364 2033 4421 similem

382 4466 590 4523 reddat
619 4478 856 4520 necesse
877 4462 986 4528 est,
1019 4462 1085 4515 ut
1116 4455 1324 4514 oculus
1371 4456 1472 4512 lux
1495 4456 1579 4512 ita
1632 4455 1860 4525 effectu,
1894 4453 2037 4511 solis

381 4556 575 4613 lucem
607 4553 805 4610 videre
834 4549 1023 4623 possit
1055 4566 1068 4617 ;
1099 4547 1191 4603 vel
1236 4545 1734 4619 quemadmodum
1794 4544 1843 4600 si
1901 4544 2036 4617 quis

379 4645 589 4702 urbem
618 4641 706 4700 vel
738 4640 1034 4713 regionem
1067 4637 1325 4709 aliquam
1380 4635 1595 4691 intueri
1652 4634 1812 4701 velit,
1868 4650 1929 4690 se
1972 4635 2033 4691 in

379 4735 581 4809 ipsum
611 4732 808 4789 locum
839 4726 1142 4802 spectandi
1173 4743 1351 4783 causa
1371 4725 1611 4781 confert:
1645 4725 1726 4780 ita
1747 4724 1847 4797 qui
1870 4724 2032 4781 theo-

375 4824 648 4897 logorum
680 4823 939 4878 mentem
970 4822 1028 4874 et
1052 4833 1292 4873 sensum
1325 4815 1621 4888 percipere
1642 4815 2030 4887 exoptat,qni-

382 4930 544 4971 mam
573 4913 704 4969 vitae
738 4908 1045 4967 sanctitate
1074 4906 1239 4979 prius
1264 4904 1503 4962 abluere
1532 4909 1589 4961 et
1635 4920 1909 4977 purgare,
1942 4908 2034 4960 at-

2212 3563 2304 3617 57.
2359 3557 2537 3614 Ἀλλὰ
2578 3560 2713 3635 πρὸς
2761 3561 2861 3629 τήν
2908 3556 2969 3614 ἐκ
3012 3564 3121 3615 τῶν
3174 3565 3399 3640 Γραφῶν
3448 3559 3665 3640 ⁴ἔρευναν
3705 3567 3796 3622 καὶ

2142 3653 2337 3724 γνῶσιν
2371 3649 2551 3719 ἀληθῆ
2599 3649 2760 3726 χρεία
2810 3648 2931 3724 βίου
2974 3646 3147 3704 καλοῦ
3195 3649 3285 3706 καὶ
3334 3654 3523 3727 ψυχῆς
3559 3655 3794 3730 καθαρᾶς

2139 3740 2229 3794 καὶ
2262 3746 2362 3808 τῆς
2392 3740 2528 3794 κατὰ
2570 3737 2798 3815 Χριστόν
2852 3738 3073 3812 ἀρετῆς,
3112 3737 3223 3811 ἵνα,
3257 3736 3326 3795 δι’
3358 3740 3526 3811 αὐτῆς
3571 3740 3797 3807 ὁδεύσας

2141 3829 2169 3883 6
2223 3832 2371 3898 νοῦς,
2402 3833 2590 3903 τυχεῖν
2640 3828 2713 3883 ὦν
2768 3827 3017 3903 ὀρέγεται
3060 3827 3150 3882 xui
3197 3824 3523 3886 καταλαϐεῖν
3562 3828 3792 3907 δυνηθῇ,

2140 3918 2255 3972 καθ’
2287 3915 2411 3971 ὅσον
2443 3915 2657 3995 ἐφικτόν
2703 3914 2815 3970 ἐστι
2860 3919 2930 3990 τῇ
2981 3917 3279 3990 ἀνθρώπων
3329 3920 3442 3993 (21)
3473 3919 3627 3997 φύσει
3664 3922 3793 3997 περὶ

2139 4010 2237 4061 τοῦ
2285 4010 2420 4060 Θεοῦ
2466 4005 2646 4080 Λόγου
2699 4006 2979 4079 μανθάνει.
3033 4007 3195 4062 ’Δνευ
3241 4008 3346 4082 γὰρ
3391 4008 3625 4084 καθαρᾶς
3676 4005 3792 4063 δια-

2139 4095 2293 4156 νοίας
2324 4093 2545 4163 καὶτῆς
2583 4092 2719 4169 πρὸς
2755 4092 2883 4156 τοὺς
2933 4093 3124 4170 ἁγίους
3174 4099 3272 4150 τοῦ
3324 4094 3457 4170 βίου’
3501 4097 3792 4170 μιμήσεως

2144 4183 2244 4239 οὐκ
2272 4182 2331 4238 ἄν
2363 4204 2445 4246 τις
2493 4178 2816 4239 καταλαϐεῖν
2862 4180 3116 4254 δυνηθείη
3167 4184 3296 4248 τοὺς
3342 4188 3449 4241 τῶν
3497 4184 3667 4260 ἁγίων
3697 4184 3795 4242 λό-

2142 4295 2310 4349 γουςυ
2367 4276 2570 4349 Ὥσπερ
2626 4274 2729 4348 γὰρ
2788 4270 2841 4328 εἷ’
2889 4295 2974 4336 τις
3035 4271 3338 4345 ἐθελήσειεν
3401 4271 3532 4330 ἰδεῖν
3579 4276 3644 4330 τὸ
3699 4280 3799 4332 τοῦ

2141 4361 2310 4418 -ὶλίου
2366 4367 2522 4440 φῶς,
2569 4363 2781 4425 πάντως
2828 4364 2920 4419 τὸν
2985 4361 3267 4441 ὀφθαλμὸν
3327 4364 3647 4442 ἀποσμήχει
3706 4366 3799 4422 καὶ

2144 4451 2473 4527 λαμπρύνει,
2505 4449 2699 4529 σχεδὸν
2732 4450 2923 4524 ὅμοιον
2972 4457 3052 4525 τῷ
3078 4454 3406 4528 ποθουμένῳ
3456 4452 3645 4510 ἕαυτὸν
3680 4452 3797 4509 δια-

2143 4542 2435 4619 καθαίρων,
2463 4540 2575 4612 ἵνα,
2609 4541 2751 4598 οὕτω
2799 4546 2914 4621 φῶς
2963 4542 3257 4618 γενόμενος
3288 4544 3317 4598 6
3367 4542 3674 4622 ὀφθαλμὸς,
3700 4548 3800 4601 τοῦ

2142 4630 2310 4702 ἡλίου
2341 4636 2456 4711 φῶς
2506 4629 2612 4707 ἴδῃ·
2646 4632 2683 4702 ἢ
2715 4633 2792 4694 ὡς
2833 4630 2887 4687 εἷ’
2926 4653 3010 4695 τις
3060 4630 3335 4704 θελήσειεν
3386 4631 3516 4689 ἰδεῖν
3564 4632 3727 4689 πόλιν
3758 4633 3797 4703 ἢ

2142 4723 2363 4798 χώραν,
2412 4720 2629 4785 πάντως
2680 4721 2766 4777 ἐπὶ
2814 4722 2905 4778 τὸν
2952 4721 3118 4778 τόπον
3171 4723 3473 4801 ἀφικνεῖται
3516 4730 3619 4793 τῆς
3674 4724 3798 4786 θέις
3849 4760 3855 4766 ›

2142 4809 2339 4869 ἕνεκεν·
2394 4811 2567 4874 οὕτως
2617 4813 2646 4866 6
2697 4808 2870 4866 θέλων
2918 4816 3027 4867 τῶν
3083 4810 3359 4888 θεολόγων
3408 4814 3508 4883 τήν
3554 4810 3796 4868 διάνοιαν

2142 4895 2494 4973 καταλαϐεῖν,
2533 4901 2905 4976 προαπονίψαι
2950 4900 3041 4957 xui
3093 4900 3513 4979 προαποπλῦναι
3560 4906 3640 4975 τῷ
3691 4900 3797 4976 βίῳ

449 5059 472 5094 ο
500 5056 550 5113 II
580 5056 709 5114 Cor.
739 5073 795 5127 v,
831 5055 917 5109 10.
997 5052 1041 5087 ¹⁰
1074 5048 1284 5107 Matth.
1316 5066 1471 5116 xxxv,
1502 5049 1590 5103 42.
1670 5050 1711 5084 ¹¹
1748 5047 1797 5104 II
1826 5047 1956 5104 Cor.
1987 5064 2043 5116 ν,
2078 5047 2164 5101 10.

376 5200 553 5242 anon.
586 5185 643 5239 et
672 5181 949 5252 Seguerm
968 5174 1230 5252 éuscauvn,
1283 5173 1462 5252 Paulo
1518 5169 1800 5252 postjd-cs
1831 5167 1896 5240 δή
1925 5171 2030 5252 ha:

375 5257 523 5313 bent
548 5242 781 5326 Anglic:
810 5242 1042 5326 gobler.
1078 5242 1269 5303 Fele.
1301 5246 1327 5300 1
1355 5242 1537 5301 anon.—
1553 5261 1583 5299 e
1645 5244 1884 5316 Seguer.
1916 5242 2032 5296 Alii

380 5332 440 5385 et
467 5318 782 5383 editifiéta
807 5318 884 5377 δέ.

449 5396 564 5482 (16)
595 5395 691 5452 Sic
749 5392 979 5482 Gobler.
1042 5388 1297 5479 felekm.
1358 5389 1400 5482 1L
1441 5390 1728 5482 anontnet

378 5452 480 5541 qui
509 5452 568 5523 et
596 5484 728 5523 mox
758 5472 891 5541 post
926 5461 1053 5533 παρ’
1076 5532 1086 5541 _
1111 5458 1321 5541 αὐτῶν,
1368 5459 1476 5513 has
1532 5473 1700 5541 voces
1722 5533 1731 5541 _
1752 5453 1819 5508 τα
1870 5452 2030 5527 λεγό-

382 5528 885 5614 ﬁevuLutin‘aliis
916 5538 974 5590 et
1000 5528 1171 5614 geitis
1191 5530 1440 5614 legi-turn
1459 5528 1760 5614 omittunt.

451 5596 691 5692 (17)”Sic
722 5608 961 5692 Spguer.
994 5602 1227 5660 Gobler.
1249 5596 1319 5658 "et
1348 5599 1605 5656 Felckm.
1640 5602 1663 5652 1
1710 5615 1886 5655 anon.
1917 5596 2032 5654 Alii

377 5675 961 5755 etedj_ti,_eegl<'57wv-
1174 5749 1183 5755 _
1400 5738 1445 5755 μ.
1586 5742 1597 5754 .

448 5752 574 5835 (18)
601 5738 697 5810 Sic
727 5738 967 5825 Seg'uer.
999 5745 1116 5803 Alii
1136 5749 1193 5803 et
1219 5743 1364 5802 editi
1396 5738 1453 5797 δὲ
1482 5742 1783 5800 omittunt.

2214 5170 2327 5243 (19)
2353 5174 2590 5245 βοςυοτ.
2610 5185 2715 5245 pro
2768 5169 2881 5245 μετ’
2941 5167 3212 5235 εὐτελείας
3270 5172 3393 5245 hic_
3425 5170 3631 5245 habet,
3663 5168 3796 5245 μετά

2140 5238 2533 5316 ταπεινότητος
2568 5257 2581 5296 :
2610 5238 2673 5316 et
2700 5238 2853 5316 infra
2882 5259 2985 5316 pro
3020 5245 3154 5316 μετὰ
3172 5242 3586 5315 ταπεινότητος,
3616 5238 3797 5316 habet

2144 5313 2261 5437 item”
2290 5309 2584 5373 εὐτελείας.
2617 5313 2747 5369 Mox
2776 5309 2968 5368 λοιπόν
3002 5309 3167 5372 abest
3195 5336 3231 5373 υ.
3251 5317 3419 5374 Gobl.
3452 5309 3509 5373 et
3536 5309 3792 5373 Felckm.

2206 5400 2380 5437 anon.

2206 5400 2380 5439 anon.

2216 5455 2525 5528 (20)‘Gobl.
2560 5460 2616 5512 et
2646 5455 2903 5527 Felckm,
2940 5459 2964 5512 1
2996 5475 3194 5527 anon.,
3224 5456 3315 5512 xui
3356 5455 3537 5528 αὐτός,
3569 5461 3627 5515 et
3656 5472 3794 5513 mox

2145 5521 2291 5599 λέγω
2310 5521 2453 5599 ξὺμῖν
2482 5528 2779 5584 omittunt.

2361 5595 2579 5675 Behlqs
2609 5600 2809 5675 codex,
2843 5598 3168 5675 ἀνθρωπίνῃ-
3206 5605 3263 5657 et
3295 5617 3469 5675 mox,
3527 5598 3666 5675 πρὸς
3694 5595 3787 5675 τᾷν

2139 5645 2268 5748 ea);
2278 5645 2895 5748 ἆγζὼῖρῖξνῖξᾷόὖίεἷζ
2916 5645 3788 5748 ’ἑι”ἓὲίἓιςᾶῐ.ι”ὲῖι“ὀὶιέὶιῗῖ,ἒιρἑὲ

2138 5739 2267 5807 τοὺς
2305 5739 2411 5797 τῶν
2445 5739 2614 5821 ἁγίων
2651 5740 2825 5822 βίους.
