4178 6402
469 421 587 485 199
1009 423 1078 484 S.
1121 420 1543 485 ATHANASII
1588 424 1763 485 OPP.
1812 421 2014 485 PARS
2059 421 2108 484 l.
2141 456 2220 467 —-
2248 421 2672 484 HISTORICA
2716 420 2821 483 ET
2863 418 3347 485 DOGMATICA.
3766 421 3892 486 200

469 565 609 636 θημι
642 559 883 633 ἐξουσίαν
914 560 1033 638 ’ἐχω
1065 564 1232 618 θεῖναι
1258 562 1446 635 αὐτὴν,
1471 563 1560 619 καὶ
1590 562 1755 619 πάλιν
1792 562 2031 634 ἐξουσίαν
2064 560 2119 638 ἓ)

2234 558 2394 617 ,αϐεῖν
2419 563 2610 634 αὐτήν.
2640 556 2711 619 Id
2739 561 2870 618 est:
2909 579 2938 612 ι
2973 556 3217 619 Accidit
3244 561 3316 618 ut
3349 559 3620 619 Lazarus
3659 556 3884 619 morbo

469 638 792 699 confectus
823 643 1208 699 moreretur:
1243 645 1309 699 at
1337 638 1681 701 Dominicus
1711 640 1877 698 homo
1909 657 2033 699 non
2064 640 2125 698 vi
2153 638 2355 699 morbi
2387 657 2501 699 nec
2531 638 2763 698 invitus
2793 645 2887 698 est
2916 643 3223 713 mortuus,
3244 639 3353 699 sed
3385 656 3501 698 sua
3526 643 3755 717 sponte
3770 656 3880 699 ve-

469 717 564 778 nit
592 718 673 779 ad
731 717 950 779 mortis
974 719 1530 798 dispensationem,
1590 720 2103 781 corroboratusa
2159 721 2288 779 Deo
2336 719 2541 779 Verbo
2600 719 2663 798 in
2721 718 2855 797 ipso
2919 724 3211 780 manente
3270 718 3380 798 qui
3434 716 3631 779 dixit:
3694 716 3884 779 Nemo

471 798 637 859 tollit
685 800 947 881 animam
1002 797 1191 881 meam
1247 819 1285 861 a
1341 820 1450 874 me,
1509 800 1607 861 sed
1664 819 1767 879 ego
1791 819 1950 881 pono
2005 818 2202 881 eam
2229 808 2568 881 potestatem
2625 797 2806 881 habeo
2859 799 3124 880 ponendi
3174 797 3323 881 eam,
3359 807 3418 859 et
3440 817 3645 859 rursus
3687 810 3880 879 potes-

470 887 644 940 tatem
673 877 849 940 habeo
877 880 1151 940 sumendi
1171 900 1299 941 eam
1326 882 1395 940 ¹³.
1436 905 1466 937 «
1496 883 1643 941 Haec
1672 877 1957 959 ibi,'quee
2016 877 2263 941 nonnisi
2320 880 2511 959 paulo
2568 878 2772 958 major
2820 877 2914 940 est
2956 880 3290 959 explicatio
3341 897 3559 940 eorum
3618 877 3762 959 quae
3813 881 3881 941 in

467 959 756 1038 sequenti
784 962 1175 1039 expositione
1197 980 1457 1022 numero
1492 964 1517 1020 1
1556 964 1870 1039 leguntur.
1928 964 2013 1021 Ex
2070 960 2188 1021 hac
2246 979 2500 1039 quoque
2558 961 2701 1020 fidei
2751 960 3142 1040 expositione
3188 960 3571 1039 excerpsisse
3628 961 3881 1022 videtur

464 1041 853 1119 Augustinus
881 1042 1019 1102 haac
1064 1061 1205 1119 quae
1236 1042 1344 1102 lib.
1379 1059 1422 1102 II
1461 1041 1543 1104 De
1598 1046 1882 1101 Sermone
1937 1041 2183 1101 Domini
2220 1042 2283 1099 in
2325 1051 2538 1111 monte,
2604 1041 2814 1114 habet,
2849 1060 2902 1101 c.
2964 1042 3024 1113 6,
3085 1061 3150 1101 n.
3209 1042 3309 1101 20.
3376 1064 3406 1096 ‹‹
3439 1040 3607 1101 Nulli
3654 1040 3880 1119 licebit

461 1118 756 1201 ignorare
784 1122 897 1183 Dei
924 1118 1362 1201 regnum,cum
1393 1122 1528 1201 ejus
1558 1122 1929 1200 Unigenitus
1958 1141 2084 1183 non
2104 1121 2307 1182 solum
2338 1121 2815 1200 intelligibiliter
2844 1121 2952 1181 sed
2981 1121 3169 1181 etiam
3193 1120 3517 1182 visibiliter
3544 1121 3609 1182 in
3639 1118 3876 1201 homine

458 1199 769 1281 ﬂaminica
797 1202 877 1263 de
906 1199 1067 1281 cmlo
1095 1204 1337 1264 venerit
1357 1199 1757 1281 ju‘dicaturus
1783 1203 1958 1263 vivos
1988 1208 2051 1263 et
2082 1208 2385 1264 mortuos.
2415 1223 2444 1259 υ
2484 1203 2630 1262 Haec
2685 1202 2852 1262 enim
2907 1208 3227 1280 postrema
3275 1201 3485 1275 verba,
3538 1203 3600 1262 in
3642 1199 3876 1269 homine

460 1280 773 1343 Dominico
791 1280 1180 1362 judicaturus
1208 1280 1371 1344 vivos
1392 1293 1447 1344 et
1475 1293 1756 1356 mortuos,
1794 1283 2109 1344 habentur
2135 1282 2202 1343 in
2232 1284 2450 1343 eadem
2482 1283 2895 1362 expositione,
2928 1301 3100 1342 num.
3137 1285 3192 1355 1,
3229 1282 3460 1361 quibus
3516 1281 3873 1345 vocibusse

462 1380 647 1423 usum
679 1380 811 1423 esse
840 1363 927 1423 ait
956 1363 1368 1441 Augustinus,
1400 1363 1549 1442 quia
1571 1382 1674 1424 eas
1704 1364 1943 1442 legerat
1972 1364 2142 1443 apud
2172 1364 2516 1424 catholicos
2546 1369 2868 1424 auctores:
2903 1363 2991 1423 sic
3021 1362 3188 1423 enim
3236 1362 3479 1443 scribit,
3537 1362 3659 1443 lib.
3682 1382 3703 1424 ι
3750 1362 3875 1424 Re-

464 1451 665 1515 tract.,
698 1461 753 1503 c.
789 1445 888 1515 19,
921 1462 982 1503 ι];
1018 1445 1097 1504 8:
1137 1468 1169 1499 «
1200 1447 1330 1505 Hoc
1361 1444 1614 1522 quidem
1648 1450 1717 1505 ut
1741 1442 2034 1518 dicerem,
2069 1445 2239 1523 apud
2271 1444 2578 1522 quosdam
2642 1444 2762 1523 legi
2794 1449 3167 1504 tractatores
3226 1442 3572 1504 catholicos
3629 1442 3870 1505 divino-

462 1542 603 1583 rum
638 1523 1061 1603 eloquiorum.
1094 1547 1122 1578 »
1158 1525 1394 1585 Deinde
1425 1525 1634 1585 addit:
1664 1549 1695 1581 «
1730 1526 1853 1587 Sed
1884 1525 2243 1603 ubicunque
2277 1526 2395 1585 hoc
2427 1525 2557 1585 dixi
2587 1524 2815 1585 dixisse
2874 1542 2973 1585 me
3026 1523 3294 1585 nollem:
3358 1529 3575 1603 postea
3632 1525 3870 1603 quippe

462 1604 592 1663 vidi
621 1622 747 1685 non
780 1622 914 1665 esse
935 1605 1295 1678 dicendum,
1331 1606 1617 1683 quamvis
1649 1607 1954 1666 nonnulla
1975 1606 2171 1685 possit
2199 1606 2440 1666 ratione
2469 1606 2743 1665 defendi.
2780 1628 2809 1660 »
2850 1606 3029 1666 Ratio
3068 1610 3279 1685 autem
3313 1622 3425 1664 cur
3481 1604 3618 1664 hinc
3674 1604 3870 1666 verba

462 1683 911 1763 reprehendat,
947 1685 1109 1745 hanc
1137 1687 1270 1764 ipse
1300 1686 1531 1746 ibidem
1566 1688 1784 1746 aﬂert:
1819 1711 1849 1743 «
1872 1683 2008 1747 Non
2038 1688 2216 1749 video
2247 1693 2459 1745 utrum
2490 1691 2655 1746 recte
2706 1686 2953 1746 dicatur
3006 1686 3171 1745 homo
3222 1684 3567 1745 Dominicus
3623 1685 3733 1763 qui
3780 1692 3874 1746 est

464 1764 916 1845 mediator‘Dei
970 1772 1033 1825 et
1061 1764 1390 1827 hominum
1426 1767 1616 1827 homo
1647 1767 1927 1828 Christus
1955 1769 2157 1842 Jesus,
2190 1786 2331 1827 cum
2356 1768 2433 1826 sit
2464 1767 2682 1845 utique
2712 1767 3034 1828 Dominus.
3079 1766 3442 1826 Dominicus
3472 1772 3687 1827 autem
3747 1765 3865 1827 ho-

464 1863 569 1905 mo
601 1844 741 1927 quis
769 1845 841 1927 in
863 1845 1000 1924 ejus
1030 1853 1247 1907 sancta
1276 1848 1515 1908 familia
1544 1868 1667 1907 non
1703 1855 1908 1927 potest
1933 1849 2056 1908 dici
2076 1850 2104 1907 ‘I
2125 1871 2155 1902 »
2189 1848 2469 1926 Denique
2497 1844 2803 1908 facundus
2834 1846 3297 1907 Hermianensis
3328 1846 3489 1907 libro
3519 1864 3581 1907 x1
3613 1864 3728 1925 pro
3757 1846 3871 1907 de-

457 1924 739 2007 fensione
768 1926 959 1987 trium
992 1927 1435 2005 capitulorum,
1471 1948 1525 1988 c.
1555 1933 1612 2001 2,
1650 1924 1770 1989 tria
1799 1932 1938 1989 loca
1967 1949 2045 1989 ex
2077 1929 2193 1989 bac
2224 1924 2383 1988 fidei
2402 1927 2792 2007 expositione
2817 1930 2881 1988 S.
2906 1926 3236 1988 Athanasii
3258 1927 3517 2007 profert,
3541 1924 3705 1988 inter
3723 1945 3866 2006 quas

458 2025 623 2088 unus
648 2005 823 2088 locus
843 2012 955 2082 est,
994 2008 1103 2067 ubi
1130 2007 1231 2069 ha:
1261 2009 1393 2088 ipse
1419 2028 1603 2070 voces
1622 2009 1791 2069 homo
1825 2010 2166 2071 Dominicus
2194 2005 2511 2087 leguntur.
2546 2008 2751 2068 Verba
2796 2008 2933 2087 ipsa
2968 2007 3133 2067 infra
3162 2005 3277 2068 ad‘
3301 2007 3559 2087 propria
3605 2005 3760 2070 loca,
3801 2008 3867 2068 in

454 2086 622 2149 notis
650 2087 1007 2149 aﬂ‘eremus.
1039 2091 1132 2149 Ex
1164 2088 1260 2149 his
1288 2086 1481 2167 igitur
1509 2090 1763 2151 evidens
1794 2096 1888 2151 est
1917 2090 2092 2151 nullo
2125 2086 2311 2150 modo
2345 2108 2523 2167 posse
2552 2090 2616 2149 in
2647 2090 2909 2149 dubium
2941 2089 3245 2158 revocari,
3279 2086 3491 2149 utrum
3542 2091 3609 2150 S.
3669 2088 3863 2149 Atha-

454 2168 670 2229 nasius
698 2169 780 2261 sit
808 2174 1030 2230 auctor
1060 2169 1252 2263 hujus
1281 2172 1689 2263 expositionis
1719 2171 1904 2263 fidei.‘
1923 2171 2394 2263 Nec.veronh§_c
2420 2169 2748 2263 locutioin
2782 2169 3127 2263 Athanasio
3160 2168 3477 2263 culpanda
3514 2175 3637 2263 est,
3670 2186 3861 2263 quam

455 2266 683 2331 nempe
712 2249 870 2331 ipse,
904 2268 975 2311 ac
1006 2256 1150 2330 post
1177 2269 1321 2311 eum
1354 2249 1741 2331 Epiphanius
1773 2252 1834 2311 in
1865 2253 2191 2325 Ancorato,
2226 2251 2262 2330 §
2289 2253 2390 2325 95,
2427 2257 2491 2311 et
2518 2251 2849 2311 Cassianus
2878 2250 3109 2312 Collat.
3137 2266 3225 2325 x1,
3254 2266 3312 2331 c.
3350 2251 3448 2326 13,
3474 2254 3536 2310 et
3558 2249 3645 2311 De
3674 2249 3873 2311 incar-

455 2330 698 2411 natione
729 2330 835 2389 lib.
870 2349 935 2404 v,
962 2349 1017 2391 c.
1065 2332 1126 2405 5,
1158 2337 1221 2391 et
1249 2331 1354 2391 lib.
1394 2330 1489 2405 γι,
1513 2351 1567 2393 c.
1601 2336 1702 2405 22,
1736 2333 2020 2411 forteque
2053 2333 2161 2392 alii
2210 2331 2520 2392 catholice
2551 2336 2973 2410 usurparunt:
3030 2330 3197 2391 unde
3246 2330 3383 2410 ipse
3440 2330 3854 2409 Augustinus,

455 2410 566 2550 qui
595 2427 734 2470 eam
763 2412 1107 2490 redarguit,
1142 2419 1209 2473 ut
1241 2412 1534 2487 vidimus,
1568 2413 1876 2473 nonnulla
1906 2410 2116 2473 tamen
2145 2431 2326 2492 posse
2355 2413 2599 2473 ratione
2629 2412 2875 2472 defendi
2910 2411 3248 2472 fatetur.Hi
3277 2411 3512 2471 scilicet
3542 2429 3701 2490 quos
3724 2428 3861 2471 mo-

500 2509 538 2550 o
569 2492 1076 2550 memoravimus.
1110 2512 1222 2550 ner
1252 2492 1537 2550 hominem
1573 2494 1939 2550 Dominicum
1972 2494 2126 2550 nihil
2158 2493 2330 2550 aliud
2358 2494 2742 2550 intelligunt.
2777 2511 2967 2550 uuam
3002 2492 3349 2550 humanam
3404 2492 3634 2550 Christi
3683 2497 3861 2550 natu-

500 2509 538 2551 o
569 2492 1076 2565 memoravimus,
1110 2512 1222 2571 per
1252 2492 1537 2553 hominem
1572 2494 1939 2554 Dominicum
1972 2494 2127 2554 nihil
2158 2493 2330 2553 aliud
2358 2494 2742 2571 intelligunt,
2777 2511 2967 2571 quam
3002 2492 3349 2552 humanam
3404 2492 3634 2553 Christi
3683 2497 3867 2552 natu-

456 2589 616 2643 ram,
649 2573 1183 2650 quemadmodum
1215 2580 1382 2634 certe
1412 2593 1554 2634 cum
1584 2576 1773 2635 iidem
1804 2581 1863 2635 et
1895 2575 1999 2634 alii
2029 2593 2061 2634 e
2092 2573 2383 2635 Patribus
2413 2574 2701 2633 hominem
2731 2591 2763 2632 a
2802 2575 3001 2633 Verbo
3031 2578 3424 2650 assumptum
3476 2577 3607 2631 tam
3640 2572 3864 2633 crebro

456 2652 698 2726 dicunt,
728 2651 1073 2714 humanam
1106 2659 1352 2714 tantum
1387 2661 1677 2715 naturam
1700 2654 2004 2727 indicant,
2036 2674 2162 2715 non
2193 2655 2552 2714 distinctam
2585 2671 2942 2732 personam.
2978 2653 3134 2712 Hinc
3161 2652 3495 2712 Cassianus
3523 2652 3587 2711 in
3620 2652 3718 2712 his
3773 2652 3871 2730 ip-

456 2733 540 2826 sis
566 2732 750 2873 locis}
927 2735 1284 2796 Nestorium
1315 2736 1473 2795 duas
1493 2736 1558 2796 in
1589 2735 1837 2797 Christo
1867 2753 2168 2813 personas
2195 2734 2599 2796 inducentem
2631 2733 2884 2807 refellit,
2915 2732 3136 2793 iisdem
3165 2732 3290 2792 illis
3318 2732 3578 2793 vocibus
3635 2732 3726 2793 uti
3757 2733 3857 2793 ni-

456 2830 623 2874 mme
650 2831 716 2874 re
747 2833 853 2874 um
888 2859 902 2873 .

453 2830 623 2875 mme
650 2830 902 2893 rerugn.

1431 3220 1602 3289 ΤΟΥ
1654 3222 1771 3289 ΕΝ
1831 3219 2133 3289 ΛΓΙΟΙΣ
2190 3220 2545 3288 ΠΛΤΡΟΣ
2603 3219 2859 3287 ΗΜΩΝ

1665 3424 2635 3558 ΑΘΑΝΑΣΙΟΥ

1017 3626 2171 3800 ΑΡΧΙΕΠΙΣΚΟΠΟΥ
2267 3677 3291 3799 ΑΛΕΞΑΝΔΡΕΙΑΣ

1163 3927 2016 4056 ΕΚΘΕΣΙΣ
2119 3891 3146 4056 ΠΙΣΤΕΩΣθδ).

1241 4327 1390 4490 S.
1442 4336 1605 4488 P.
1657 4332 1839 4488 N.
1981 4328 3071 4493 ATHANASII

1104 4624 2184 4715 ARCHIEPISCOPI
2301 4627 3199 4715 ALEXANDRIXE

1399 4843 2307 4979 EXPOSITIO
2415 4846 2905 4987 FlDEl.

510 5228 607 5284 79
642 5228 693 5284 1.
725 5225 1031 5283 Credimus
1060 5224 1120 5279 in
1154 5237 1339 5278 unum
1372 5235 1489 5275 non
1548 5216 1813 5291 genitum
1878 5216 2081 5286 Deum,

2272 5214 2321 5267 1.
2358 5209 2687 5286 Πιστεῦομεν
2747 5210 2823 5275 εἷς
2882 5210 2969 5268 ἕνα
3043 5216 3335 5291 ἀγέννητον
3397 5214 3527 5272 Θεὸν
3564 5259 3578 5286 ,
3641 5213 3856 5291 Πατέρα

432 5318 670 5375 Patrem
701 5315 1187 5387 omnipotentem,
1224 5309 1490 5365 omnium
1509 5307 1839 5362 eﬂectorem
1883 5305 2082 5361 visibi-

2206 5301 2624 5375 παντοκράτορα,
2656 5302 2871 5357 πάντων
2911 5306 3156 5375 ’ποιητὴν
3210 5308 3419 5380 ὁρατῶν
3465 5326 3526 5359 τε
3571 5303 3662 5360 καὶ
3693 5302 3856 5381 ἀορά-

432 5406 580 5463 lium
610 5411 668 5462 et
691 5384 1099 5473 invisihilium,
1133 5401 1231 5472 qui
1265 5416 1299 5454 ο.
1332 5414 1392 5454 se
1422 5397 1551 5468 ipso
1582 5395 1760 5450 habet
1790 5398 1855 5449 ut
1886 5394 1963 5449 sit
1995 5397 2082 5449 :et

2204 5408 2324 5459 των,
2355 5389 2443 5443 τὸν
2478 5384 2673 5465 ἔχοντα
2706 5391 2795 5469 ἀφ’
2827 5390 3018 5446 ἑαυτοῦ
3057 5392 3119 5447 τὸ
3170 5394 3324 5449 εἶναι·
3359 5391 3450 5448 καὶ
3502 5392 3581 5455 εἷς
3625 5388 3719 5448 ἕνα
3753 5412 3854 5465 μο-

431 5495 494 5554 in
525 5511 710 5551 unum
741 5493 1110 5566 unigenitum
1148 5484 1813 5556 Verbam,Sapientiam,
1848 5482 2081 5539 Filium.

2201 5485 2386 5554 νογενῆ
2418 5476 2614 5553 Λόγον,
2649 5480 2872 5560 Σοφίαν,
2905 5482 3050 5555 Υἱὸν,
3092 5481 3151 5539 ἐκ
3188 5488 3284 5539 τοῦ
3331 5483 3541 5559 Πατρὸς
3591 5482 3851 5558 ἀνάρχως

504 5646 552 5683 ¹⁸
578 5645 748 5703 Joan.
777 5663 835 5713 x,
873 5645 961 5700 17.

501 5799 614 5881 (25)
644 5798 926 5871 Seguer.,
984 5796 1081 5852 τοῦ
1138 5789 1302 5849 αὺτοῦ
1360 5787 1553 5856 ἔκθεως
1609 5786 1864 5854 πίστεως.
1926 5789 2184 5867 Regius,
2242 5792 2343 5848 τοῦ
2401 5786 2565 5847 αὐτοῦ
2617 5782 2819 5857 ἔκθεσις
2881 5786 3124 5871 μεγάλου
3184 5789 3501 5850 Ἀθανασίου
3558 5788 3799 5857 πίστεως
3834 5794 3858 5862 ,⁵
