4178 6428
388 442 509 504 203

932 441 1000 503 s.
1046 437 1475 504 ATHANASII
1519 437 1693 502 orp.
1737 437 1939 502 PARS
1983 436 2033 501 1.
2064 470 2144 484 —
2172 414 2594 501 HISTORIGA
2638 436 2736 500 ar
2780 431 3269 501 noenum.

393 575 510 630 diso
535 575 599 641 ³ο,
631 573 689 629 in
724 557 894 647 quem
929 573 1105 631 etiam
1136 573 1397 630 introivit
1424 572 1550 647 ipse
1579 570 2039 629 Paulus.Ascen-

2184 567 2342 630 ιιακὸς
2372 564 2678 644 ἅνθρωπος,
2712 565 2762 623 ἐν
2796 588 2843 643 ῳ
2877 564 3069 643 μέλλει
3118 566 3320 645 κρίνειν
3369 568 3574 637 ζῶντας
3601 562 3693 623 καί
3723 586 3811 623 νι-

400 681 533 721 sum
567 680 803 738 quoque
830 663 890 720 in
923 664 1129 720 cmlum
1165 663 1335 720 nobis
1367 662 1614 736 paravit,
1650 679 1764 735 quo
1797 677 2046 734 praecur-

399 770 498 809 sor
528 770 631 826 pro
663 753 833 810 nobis
863 752 1099 809 intravit
1128 752 1471 809 Dominicus
1500 752 1699 823 homo,
1727 752 1788 807 in
1819 767 1936 823 quo
1965 749 2048 805 vi-

399 860 501 898 vos
534 848 591 898 et
622 846 885 898 mortuos
915 846 1005 898 est
1028 841 1425 914 judicaturus.

472 932 575 987 80
604 934 656 986 2.
691 931 996 988 Credimus
1027 930 1299 987 similiter
1328 930 1388 986 in
1437 930 1723 1003 Spiritum
1755 932 2049 995 sanctum,

402 1021 502 1093 qui
535 1022 734 1077 omnia
757 1025 1053 1079 scrutatur
1080 1020 1256 1077 etiam
1276 1020 1568 1093 profunda
1588 1019 1689 1075 Dei
1709 1019 1775 1073 ²¹.
1800 1018 2050 1090 Dogma-

400 1111 477 1164 tis
509 1114 708 1165 autem
740 1108 1018 1166 omnibus
1048 1126 1177 1182 quae
1207 1109 1301 1165 his
1331 1108 1624 1165 contraria
1657 1108 1890 1175 fuerint,
1921 1122 2055 1164 ana-

399 1198 599 1254 thema
630 1199 905 1255 dicimus.
938 1199 1137 1271 Neque
1167 1198 1323 1254 enim
1354 1196 1497 1253 Filio
1533 1198 1760 1253 Patrem
1789 1196 2054 1270 agnosci-

2156 656 2346 734 κρούς.

2229 927 2283 982 2.
2329 924 2661 1000 Πιστεύομεν
2707 888 2916 999 ὁμοίως
2953 926 3044 981 καὶ
3090 925 3207 1000 (34)
3246 924 3323 987 εἷς
3376 924 3439 980 τὸ
3490 926 3711 998 Πνεῦμα
3752 922 3817 979 τὸ

2161 1013 2314 1089 ἅγιον
2366 1014 2429 1069 τὸ
2458 1015 2632 1069 πάντα
2672 1012 2900 1089 ἐρευνῶν
2947 1013 3040 1069 καὶ
3086 1014 3155 1069 τὰ
3187 1011 3325 1090 βάθη
3355 1017 3454 1068 τοῦ
3497 1016 3654 1086 Θεοῦ,
3686 1013 3823 1069 ἀνα-

2160 1103 2538 1178 θεματίζοντες
2568 1105 2636 1159 τὰ
2662 1105 2810 1181 παρὰ
2853 1110 3015 1159 τοῦτο
3218 1107 3517 1183 φρονοῦντα
3547 1100 3820 1179 δόγματα.

2162 1189 2297 1247 Οὔτε
2324 1194 2428 1275 γὰρ
2479 1194 2782 1270 υἱοπάτορα
2829 1198 3153 1270 φρονοῦμεν,
3186 1193 3261 1255 ὡς
3293 1193 3348 1247 οἱ
3397 1186 3696 1248 Σαϐἐλλιοι
3731 1189 3822 1248 λέ-

401 1304 534 1342 mus
566 1285 666 1357 qui
698 1287 877 1342 unius
908 1287 986 1343 sit
1014 1287 1506 1351 substantiaamon
1538 1301 1672 1342 vero
1704 1286 2054 1342 consubsta-

2184 1298 2351 1355 (οντες
2400 1280 2718 1355 μονοούσιον
2769 1281 2861 1337 καὶ
2910 1281 3018 1358 οὐχ
3060 1280 3377 1356 ὁμοούσιον³
3423 1278 3513 1336 καὶ
3546 1279 3597 1336 ἐν
3643 1279 3826 1355 τούτῳ

401 1375 584 1441 tialis,
617 1380 682 1430 ut
710 1375 914 1444 volunt
940 1374 1279 1446 Sabelliani,
1313 1375 1411 1447 qui
1445 1374 1552 1430 hoc
1607 1379 1776 1447 pacto
1837 1372 2053 1429 Filium

2184 1370 2513 1447 ἱναιροῦντες
2540 1371 2604 1425 τὸ
2652 1369 2787 1426 εἶναι
2836 1370 2979 1426 Υἱόν⁸
3029 1367 3154 1425 οὕτε
3202 1371 3266 1425 τὸ
3305 1371 3545 1441 παθητὸν
3578 1374 3761 1444 σῶμα,
3794 1370 3824 1425 ’ὁ

401 1465 636 1537 penitus
671 1463 907 1520 tollunt.
940 1464 1140 1536 Neque
1170 1464 1343 1520 etiam
1377 1463 1617 1536 patibile
1648 1462 2052 1535 corpus,quod

2184 1457 2388 1536 ιφόρεσε
2417 1455 2507 1514 διὰ
2531 1460 2632 1528 τὴν
2676 1462 2775 1515 τοῦ
2814 1460 3013 1522 παντὸς
3057 1458 3271 1533 κόσμου
3317 1456 3616 1536 σωτηρίαν,
3648 1458 3825 1514 ἀνατί-

404 1558 642 1626 propter
668 1553 852 1609 totius
877 1554 1085 1608 mundi
1118 1552 1370 1609 salutem
1394 1551 2057 1625 gestavit,attribuimus

2184 1551 2322 1621 lepev
2354 1551 2435 1620 τῷ
2464 1547 2656 1622 Πατρί.
2689 1544 2812 1604 οὔτε
2850 1553 2999 1625 τρεῖς
3048 1549 3371 1610 ὑποστάσεις
3424 1548 3829 1624 μεμερισμένας

409 1641 563 1697 Patri
598 1657 611 1695 :
647 1657 837 1713 neque
864 1645 984 1697 tres
1013 1640 1357 1714 bypostases
1389 1657 1492 1713 per
1528 1641 1786 1713 seispsas
1816 1639 2058 1707 divisas,

2184 1639 2281 1692 ιαθ’
2311 1637 2524 1706 ἑαυτὰς,
2554 1636 2755 1713 ὥσπερ·
2785 1642 3162 1716 σωματοφυῶς
3211 1637 3295 1693 ἐπ’
3334 1636 3662 1713 ἀνθρώπων,
3713 1632 3828 1693 ἔστι

411 1734 477 1785 ut
509 1729 567 1784 in
598 1729 940 1785 hominibus
972 1746 1075 1802 pro
1102 1734 1312 1786 natura
1342 1746 1653 1802 corporum
1711 1729 1942 1796 accidit,
1972 1729 2059 1783 fas

2184 1726 2509 1801 λογίσασθαι,
2537 1724 2626 1781 ’ίνα
2671 1728 2746 1800 μὴ
2795 1724 3089 1783 πολυθείαν
3122 1728 3258 1801 (36),
3290 1726 3367 1789 ὡς
3413 1726 3482 1781 τὰ
3509 1720 3662 1796 ἔθνη,
3692 1745 3825 1804 φρο-

411 1822 503 1873 est
533 1816 591 1872 in
626 1818 742 1873 Deo
773 1818 1049 1890 cogitare,
1083 1835 1174 1890 ne,
1200 1824 1263 1873 ut
1286 1818 1760 1892 gentes,deorum
1795 1817 2060 1873 multitu—

2184 1818 2438 1889 ρήσωμεν·
2472 1812 2599 1870 ἀλλ’
2630 1814 2809 1892 ὥσπερ
2854 1815 2915 1873 ἐκ
2962 1824 3152 1892 πηγῆς
3202 1816 3451 1889 ποταμὸς
3496 1815 3828 1891 γεγεννημέ-

412 1906 612 1961 dinem
646 1907 995 1963 inducamus
1028 1925 1042 1977 ;
1075 1908 1177 1962 sed
1209 1908 1361 1963 sicut
1404 1905 1638 1975 ﬂuvius,
1670 1906 1772 1980 qui
1801 1923 1871 1962 ex
1903 1906 2059 1962 fonte

416 1994 642 2016 ._-_:L__-
684 1996 746 2016 -L
789 1995 979 2016 -__l-_.‘
1017 2013 1125 2016 .__n_
1170 1999 1468 2016 _-_.-m_1___
1503 1995 1761 2016 ____‘._.2-
1800 1994 1918 2016 1]--“
1949 1992 2064 2016 _2_L

2184 1925 2263 1967 θος
2296 1903 2357 1959 οὐ
2390 1901 2633 1978 διῃρέθη,
2664 1905 2845 1959 καίτοι
2883 1903 2978 1960 δύο
3008 1908 3269 1981 σχήματα
3298 1904 3389 1960 καὶ
3440 1901 3537 1960 δύο
3586 1903 3831 1978 ὀνόματα

2184 1993 2519 2016 __,___!.,__.__-_
2590 1990 2718 2016 “"7-
2772 1994 2865 2016 ,_!_
2930 1994 2943 2016 ι
2997 1995 3176 2016 πνΑ-κκ
3235 1993 3358 2016 M1],
3413 1992 3548 2016 ἳ-μη,
3629 1990 3739 2016 -Ρ(-,
3806 1994 3821 2016 Ξ

412 1994 752 2067 genitus,ab
783 1995 986 2051 eodem
1017 2013 1134 2051 non
1165 1995 1764 2069 separatur,quamvis
1795 1994 1923 2050 duae
1946 1992 2066 2051 sint

2184 1993 2537 2069 τυγχάνοντα.
2588 1990 2723 2048 Οὔτε
2767 1994 2873 2069 γὰρ
2923 1994 2951 2049 6
2997 1995 3186 2070 Πατὴρ
3235 1993 3361 2056 Υἱός
3409 1992 3577 2063 ἐστιν,
3622 1990 3745 2048 οὔτε
3799 1994 3828 2049 6

410 2081 648 2139 illorum
680 2084 879 2157 ﬁgura
911 2084 1097 2140 duove
1128 2083 1701 2157 nomina.Siquidem
1733 2099 1925 2157 neque
1954 2083 2064 2139 Pa-

2184 2082 2297 2144 Γὶὸς
2346 2084 2533 2159 Πατήρ
2579 2080 2719 2137 ἐστιν
2754 2103 2765 2117 ·
2809 2083 2838 2137 6
2877 2084 2981 2157 γὰρ
3029 2084 3219 2159 Πατὴρ
3254 2129 3269 2154 ,
3298 2082 3426 2137 Υἱοῦ
3476 2083 3663 2157 Πατήρ
3714 2081 3827 2137 ἐστι

409 2175 499 2227 ter
527 2179 615 2227 est
645 2172 847 2239 Filius,
880 2189 1070 2245 neque
1101 2173 1285 2229 Filius
1324 2177 1413 2230 est
1443 2178 1613 2231 Pater
1650 2192 1662 2230 :
1699 2189 1837 2230 nam
1866 2176 2061 2238 Pater,

412 2259 516 2314 filii
550 2261 719 2316 Pater
746 2265 856 2331 est,
888 2266 946 2318 et
978 2261 1186 2331 Filius,
1216 2263 1409 2320 Patris
1449 2266 1538 2319 est
1567 2262 1770 2319 Filius.
1802 2261 1876 2317 Ut
1904 2260 2062 2318 enim

411 2350 541 2406 fons
572 2366 688 2405 non
719 2355 809 2407 est
837 2351 1073 2423 ﬂuvius,
1107 2367 1297 2424 neque
1326 2351 1541 2408 ﬂuvius
1596 2355 1685 2408 est
1740 2351 1892 2407 fons.
1958 2350 2062 2406 sed

411 2442 654 2509 uterque
678 2456 795 2495 una
823 2445 880 2496 et
909 2441 1113 2496 eadem
1144 2444 1233 2496 est
1257 2457 1431 2513 aqua,
1458 2457 1585 2512 quae
1612 2457 1682 2496 ex
1713 2440 1871 2496 fonte
1929 2456 2065 2511 per—

415 2533 617 2583 manat
640 2526 700 2583 in
732 2528 976 2585 ﬂuvium
1010 2554 1025 2596 ;
1058 2530 1142 2586 sic
1173 2529 1451 2585 divinitas
1473 2544 1543 2585 ex
1571 2527 1739 2584 Patre
1762 2527 1823 2583 in
1854 2527 2066 2584 Filium

415 2615 639 2687 absque
670 2616 925 2673 ﬂuxione
952 2620 1008 2673 et
1038 2618 1323 2674 divisione
1353 2618 1725 2674 diffunditur.
1760 2617 1907 2673 Hinc
1923 2616 2069 2673 dicit

417 2704 703 2761 Dominus
738 2722 751 2760 :
782 2706 867 2762 Ex
894 2708 1062 2763 Patre
1089 2709 1241 2763 exivi
1270 2710 1323 2763 et
1349 2709 1507 2763 venio
1545 2707 1609 2761 ”.
1642 2706 1807 2778 Apud
1839 2705 2066 2762 Patrem

421 2795 619 2847 autem
651 2809 882 2865 semper
911 2794 964 2850 is
993 2798 1101 2866 est,
1134 2794 1234 2867 qui
1265 2799 1354 2851 est
1382 2796 1442 2850 in
1500 2794 1636 2851 sinu
1692 2794 1880 2851 Patris
1916 2810 1929 2851 :
1965 2809 2070 2850 nec

423 2897 688 2952 unquam
710 2883 877 2938 sinus
908 2883 1097 2939 Patris
1129 2883 1258 2939 Filii
1288 2883 1594 2940 divinitate
1618 2888 1707 2940 est
1735 2884 2071 2940 exinanitus

422 2985 679 3042 namque
708 2970 835 3026 ait:
867 2973 979 3042 Ego
1028 2989 1185 3029 eram
1237 2973 1389 3045 apud
1443 2989 1570 3029 eum
1626 2989 1947 3045 componens
2004 2973 2069 3028 ³³.

424 3057 541 3114 Nec
569 3074 701 3116 vero
732 3060 1020 3117 sentimus
1052 3065 1313 3118 creatum
1358 3066 1423 3118 ut
1451 3063 1694 3136 factum,
1727 3067 1829 3118 aut
1886 3078 1955 3118 ex
1983 3060 2069 3116 ni—

420 3145 541 3202 hilo
572 3163 701 3203 esse
730 3164 925 3205 rerum
966 3149 1228 3205 omnium
1261 3155 1579 3207 creatorem
1613 3156 1818 3220 Deum,
1850 3149 1953 3206 Dei
1989 3149 2074 3205 Fi-

423 3234 592 3302 lium,
624 3253 693 3293 ex
721 3237 1005 3295 existente
1035 3238 1400 3311 existentem,
1431 3256 1501 3296 ex
1556 3240 1680 3296 solo
1728 3238 1943 3308 solum,
1975 3238 2069 3293 cui

2174 2173 2306 2246 (37)·
2355 2169 2445 2225 καὶ
2493 2170 2522 2224 6
2568 2170 2715 2239 Υἱὸς,
2771 2170 2980 2245 Πατρὸς
3033 2170 3155 2234 Υἱός
3208 2170 3379 2226 ἐστιν.
3430 2171 3520 2233 Ὡς
3574 2171 3678 2247 γὰρ
3728 2169 3828 2226 οὐκ

2175 2258 2315 2314 ἔστιν
2347 2261 2381 2328 ἡ
2413 2261 2569 2335 πηγὴ
2626 2258 2895 2333 ποταμός,
2920 2257 3047 2316 οὐδὲ
3075 2261 3103 2317 6
3149 2259 3401 2334 ποταμὸς
3430 2260 3609 2337 πηγὴ,
3651 2258 3832 2337 ἀμφό-

2172 2369 2303 2425 τερα
2332 2345 2391 2404 δὲ
2416 2347 2472 2403 ’ἐν
2500 2348 2590 2404 καὶ
2619 2348 2811 2405 ταύτόν
2843 2348 2984 2405 ἐστιν
3014 2346 3160 2425 ὕδωρ
3189 2350 3252 2405 τὸ
3303 2348 3362 2405 ἐκ
3388 2357 3492 2419 τῆς
3530 2355 3720 2426 πηγῆς
3751 2348 3828 2412 είς

2172 2438 2263 2493 τὸν
2313 2438 2559 2511 ποταμὸν
2598 2438 3090 2514 μετοχετευόμενον
3127 2458 3139 2472 ’
3192 2437 3368 2501 οὕτως
3412 2441 3448 2508 ἡ
3506 2436 3566 2493 ἐκ
3592 2442 3690 2493 τοῦ
3722 2442 3832 2493 Πα-

2173 2527 2301 2603 τρὸς
2359 2526 2436 2589 εἷς
2485 2527 2578 2582 τὸν
2610 2526 2734 2582 Υἱὸν
2781 2527 2975 2599 θεότης
3020 2526 3331 2604 ἀῤῥεύστως
3370 2527 3462 2582 καὶ
3509 2520 3833 2602 ἀδιαιρέτως

2173 2616 2432 2691 τυγχάνει
2468 2617 2601 2688 (38).
2654 2616 2799 2686 Φησὶ
2844 2617 2948 2692 γὰρ
2991 2616 3020 2670 6
3068 2614 3289 2691 Κύριος.
3340 2616 3435 2670 Ἐκ
3470 2618 3568 2668 τοῦ
3620 2612 3833 2692 Πατρός

2178 2701 2402 2775 ἐξῆλθον
2451 2704 2540 2759 καὶ
2566 2702 2708 2773 ἥκω.
2760 2705 2914 2781 Παρὰ
2942 2701 3001 2760 δὲ
3028 2709 3109 2776 τῷ
3156 2701 3329 2776 Ηατρί
3377 2702 3517 2758 ἐστιν
3572 2701 3655 2783 ἀεὶ
3695 2704 3724 2757 6
3758 2699 3832 2757 ὢν

2181 2792 2257 2854 εἰς
2286 2793 2377 2847 τὸν
2410 2790 2616 2848 κόλπον
2665 2797 2763 2848 τοῦ
2806 2791 3019 2869 Πατρός
3053 2810 3066 2825 '
3117 2789 3378 2847 οὐδέποτε
3425 2789 3485 2848 δὲ
3533 2789 3768 2863 ἐκενώθη
3805 2793 3835 2847 6

2178 2879 2386 2945 κόλπος
2407 2886 2503 2936 τοῦ
2535 2882 2744 2958 Πατρὸς
2773 2888 2874 2951 τῆς
2921 2886 3018 2937 τοῦ
3061 2882 3190 2936 Υίοῦ
3220 2880 3502 2955 θεότητος,
3543 2882 3676 2959 φησί
3705 2882 3832 2955 γάρ·

2178 2971 2322 3045 Ἐγὼ
2351 2968 2504 3044 ἤμην
2554 2971 2680 3045 παρ’
2728 2969 2873 3044 αὐτῷ
2915 2970 3248 3048 ἁρμόζουσα.
3297 2971 3370 3025 Οὐ
3419 2975 3723 3047 φρονοῦμεν
3777 2966 3835 3025 δὲ

2178 3059 2381 3133 κτίσμα
2410 3061 2581 3135 (39)ἢ
2643 3060 2863 3133 ποίημα
2909 3060 2944 3130 ἢ
2981 3060 3031 3131 ἐξ
3083 3058 3183 3115 οὐκ
3227 3054 3394 3115 ὄντων
3442 3060 3533 3114 τὸν
3568 3064 3666 3114 τοῦ
3696 3080 3831 3115 παν-

2179 3146 2271 3211 τὸς
2302 3148 2524 3220 κτίστην
2557 3147 2686 3205 Θεὸν
2718 3147 2809 3205 τὸν
2840 3154 2937 3205 τοῦ
2984 3153 3119 3206 Θεοῦ
3169 3146 3313 3222 Υἱὸν,
3362 3147 3453 3204 τόν
3505 3148 3566 3205 ἐκ
3598 3153 3697 3204 τοῦ
3747 3144 3835 3204 ὅν-

2180 3258 2273 3300 τος
2304 3232 2453 3307 ὄντα,
2482 3236 2575 3293 τὸν
2610 3236 2671 3294 ἐκ
2697 3243 2793 3294 τοῦ
2828 3238 2995 3312 μόνου
3032 3236 3218 3313 μόνον,
3265 3238 3341 3300 ὡς
3366 3238 3482 3312 (40)
3515 3257 3837 3314 συναπεγεν-

420 3325 494 3380 ab
519 3326 841 3383 aeternitate
871 3343 940 3383 ex
967 3328 1136 3384 Patre
1166 3345 1270 3401 per
1297 3328 1486 3403 gloria
1542 3333 1600 3385 et
1654 3328 1841 3385 virtus
1889 3327 2066 3387 simul

2184 3328 2318 3398 νήθη
2348 3326 2407 3382 ἐκ
2435 3332 2531 3382 τοῦ
2562 3326 2774 3403 Πατρός
2805 3325 2998 3391 ἆϊδίως
3028 3330 3064 3398 ἡ
3098 3326 3267 3401 ὁμοία
3297 3324 3426 3398 δόξα
3451 3326 3544 3383 καὶ
3576 3324 3827 3401 δύναμις

419 3414 684 3486 ingenita
713 3419 803 3472 est
835 3433 847 3471 :
884 3433 1019 3472 nam
1052 3416 1152 3489 qui
1184 3417 1339 3474 videt
1372 3418 1603 3485 Filium,
1633 3417 1791 3474 videt
1844 3422 1903 3474 et
1957 3418 2064 3474 Pa-

414 3506 564 3558 trem
595 3505 660 3560 “.
693 3504 913 3578 Nempe
941 3506 1139 3561 omnia
1166 3524 1269 3578 per
1300 3506 1511 3562 Filium
1561 3510 1758 3563 creata
1787 3510 1928 3562 sunt
1960 3523 1973 3561 :
2007 3509 2068 3561 at

416 3607 532 3646 non
562 3591 689 3664 ipse
718 3609 811 3649 res
843 3598 933 3650 est
961 3595 1267 3665 creata,uti
1297 3595 1391 3651 his
1410 3595 1605 3653 verbis
1625 3596 1794 3652 docet
1822 3594 2062 3651 Paulus:

414 3682 565 3750 Quia
596 3684 653 3736 in
686 3684 802 3754 ipso
827 3693 1011 3740 creata
1064 3688 1192 3739 sunt
1255 3686 1445 3740 omnia
1507 3687 1561 3740 et
1627 3687 1741 3756 ipse
1804 3688 1887 3739 est
1940 3689 2069 3739 ante

417 3772 611 3825 omnia
641 3771 837 3827 ’5.Non
868 3777 1066 3831 autem
1099 3771 1244 3828 dicit
1271 3787 1407 3828 eum
1438 3773 1784 3844 anteiomnia
1804 3775 2067 3829 creatum

417 3871 567 3925 esse,
601 3859 703 3914 sed
733 3875 863 3915 esse
890 3864 1024 3915 ante
1054 3859 1398 3917 omnia.Hoc
1427 3860 1610 3934 igitur
1637 3860 2068 3929 verbum,crea-

418 3949 545 4000 tum
573 3962 701 4002 esse
732 3947 802 4002 de
831 3949 1108 4004 omnibus
1139 3948 1379 4020 quidem
1411 3948 1755 4006 dicitur:sed
1782 3965 1912 4006 esse
1932 3953 2071 4006 ante

421 4033 621 4089 omnia
648 4034 752 4090 soli
789 4035 992 4107 utique
1021 4036 1160 4094 Filio
1191 4038 1480 4110 congruit.

490 4122 654 4177 3.1lle
686 4123 883 4195 itaque
910 4125 1064 4181 fetus
1096 4128 1183 4182 est
1215 4130 1428 4182 natura
1457 4125 1753 4198 perfectus
1785 4140 1854 4183 ex
1883 4127 2073 4199 perfe-

419 4216 530 4279 cto,
567 4216 704 4267 ante
732 4228 935 4269 omnes
955 4212 1130 4271 celles
1158 4213 1530 4286 genitus,boc
1562 4218 1812 4284 est,ante
1832 4232 2069 4272 omnem

420 4304 692 4356 naturam
723 4300 945 4357 ratione
974 4301 1431 4375 etintelligentia
1446 4302 1772 4376 praeditam,
1791 4304 2076 4375 quemad-

418 4390 659 4447 modum
686 4388 828 4447 alibi
845 4390 1064 4448 Paulus
1093 4409 1230 4449 eum
1252 4397 1419 4449 vocat
1433 4393 1869 4465 primogenitum
1898 4395 2078 4450 omnis

2176 3418 2204 3472 6
2253 3417 2356 3493 γὰρ
2408 3417 2664 3494 ἑωρακὼς
2711 3417 2803 3472 τὸν
2854 3415 2977 3472 Υἱὸν
3028 3416 3119 3472 καὶ
3181 3416 3273 3472 τὸν
3346 3412 3557 3492 Ηατέρα
3605 3416 3832 3493 ἑώρακε.

2174 3507 2250 3561 Τὰ
2291 3507 2465 3561 πάντα
2514 3503 2772 3577 δηλονότι
2825 3503 2914 3561 διὰ
2959 3510 3058 3561 τοῦ
3106 3507 3236 3561 Υἱοῦ
3286 3505 3603 3576 ἐκτίσθησαν
3634 3526 3646 3538 ·
3708 3502 3835 3559 ἀλλ’

2176 3594 2277 3651 οὐκ
2305 3590 2444 3651 ἔστιν
2481 3594 2640 3658 αὐτὸς
2669 3594 2894 3668 κτίσμα,
2927 3599 3004 3657 ὣς
3050 3614 3211 3673 φησιν
3248 3595 3276 3649 6
3324 3592 3543 3657 Παῦλος
3583 3593 3707 3670 περὶ
3736 3596 3835 3648 τοῦ

2176 3684 2401 3760 Κυρίου.
2460 3687 2582 3739 Ὅτι
2640 3684 2692 3738 ἐν
2740 3682 2886 3755 αὐτῷ
2936 3682 3154 3753 ἐκτίσθη
3211 3684 3279 3738 τὰ
3334 3683 3546 3751 πάντα,
3599 3682 3689 3737 καὶ
3743 3682 3837 3737 αὖ·

2174 3771 2267 3834 τός
2301 3771 2411 3827 ἐστι
2461 3772 2566 3845 πρὸ
2597 3772 2835 3829 πάντων.
2886 3770 2959 3826 Οὐ
3017 3770 3187 3845 λέγει,
3236 3768 3295 3826 δὲ
3337 3770 3422 3826 ὅτι
3468 3771 3575 3849 πρὸ
3622 3771 3833 3827 πάντων

2178 3859 2418 3932 ἐκτίσθη,
2451 3858 2579 3915 ἀλλ’
2608 3858 2691 3914 ὅτι
2736 3857 2843 3933 πρὸ
2875 3860 3091 3914 πάντων
3142 3858 3274 3913 ἐστί·
3308 3860 3371 3915 τὸ
3420 3864 3550 3935 γοῦν
3597 3857 3835 3916 ἐκτίσθαι

2179 3948 2269 4004 ἐπὶ
2298 3949 2514 4003 πάντων
2543 3953 2738 4002 κεῖται·
2768 3948 2832 4002 τὸ
2860 3943 2938 4017 δὲ,
2974 3944 3082 4002 ἔστι
3130 3946 3236 4021 πρὸ
3288 3949 3529 4019 πάντων,
3575 3943 3728 4024 μόνῳ
3755 3953 3837 4023 τῷ

2180 4038 2291 4108 Υἱῷ
2321 4037 2598 4113 ἁρμόττει.

2252 4129 2305 4183 3.
2340 4127 2586 4197 Γέννημα
2630 4124 2809 4179 τοίνυν
2856 4126 2992 4179 κατὰ
3037 4123 3193 4202 φύσιν
3244 4123 3303 4180 ἐκ
3355 4123 3573 4180 τελείου
3621 4124 3835 4183 τέλειὸν

2184 4213 2343 4284 ἐστι,
2401 4214 2507 4289 πρὸ
2560 4214 2774 4268 πάντων
2834 4216 3040 4289 βουνῶν
3096 4214 3373 4288 γεννηθὲν,
3428 4215 3675 4270 τουτέστι
3730 4216 3839 4290 πρὸ

2184 4304 2364 4373 πάσης
2397 4300 2630 4378 λογικῆς
2675 4302 2765 4356 καὶ
2812 4308 3002 4379 νοερᾶς
3052 4301 3261 4373 οὐσίας,
3303 4303 3379 4364 ὡς
3425 4302 3516 4357 καὶ
3567 4301 3617 4357 ἐν
3670 4302 3839 4377 ἑτέρῳ

2183 4390 2339 4465 τόπῳ
2378 4393 2540 4471 φησὶν
2591 4391 2749 4447 αὐτὸν
2797 4393 2826 4447 6
2856 4391 3076 4455 Παῦλος
3120 4393 3236 4468 (41)
3263 4389 3611 4467 πρωτότοκον
3657 4388 3839 4462 πάσης

488 4571 534 4604 ²⁰
566 4571 705 4627 Luc.
736 4588 899 4641 xxui,
933 4572 1023 4628 45.
1099 4571 1141 4606 ²¹
1175 4572 1196 4628 Ι
1226 4575 1351 4629 Cor.
1385 4589 1448 4641 ιι,
1482 4571 1566 4627 10.
1643 4573 1691 4607 ²²
1719 4572 1886 4629 Joan.
1930 4588 2047 4641 xVI,

2184 4615 2190 4627 .
2269 4573 2313 4607 ³³
2360 4573 2526 4630 Prov.
2578 4590 2702 4641 vni,
2757 4574 2845 4629 30.
2923 4573 2969 4607 ²⁴
3014 4571 3186 4628 Joan.
3238 4589 3358 4639 xxv,
3405 4573 3460 4627 9.
3537 4571 3838 4630 “Coloss.

422 4659 461 4710 ι,
495 4644 581 4698 16.

493 4838 606 4910 (34)
668 4836 767 4892 Καί
794 4839 959 4896 abest
986 4842 1271 4912 aSeguer.
1329 4838 1560 4895 Gobler.
1620 4842 1677 4895 et
1731 4838 1984 4896 Felckm.
2044 4841 2069 4895 1
2105 4844 2152 4909 Ι)
2182 4856 2319 4897 cum
2350 4840 2543 4898 reddit
2575 4859 2589 4909 ;
2622 4842 2715 4897 cui
2742 4844 2805 4896 ut
2834 4840 2910 4896 ab
2955 4846 3165 4912 aeterno
3193 4855 3263 4896 ea:
3312 4841 3485 4912 Patre
3510 4842 3690 4912 genito
3724 4857 3842 4912 par

423 4927 598 4966 anon.

495 4982 607 5054 (35)
668 4981 898 5039 Gobler.
946 4985 1015 5054 et
1086 4981 1444 5050 Felckman.,
1481 4985 1681 5054 ταῦτα.
1736 4981 1869 5039 Mox
1928 4982 2067 5054 Reg.

424 5052 747 5154 etSeguer.
784 5053 1094 5125 Υἱοπάτορα
1148 5054 1411 5110 habent:
1445 5052 1542 5108 alii
1601 5069 1737 5110 vero
1793 5057 1850 5110 et
1905 5052 2070 5121 editi,

424 5129 880 5270 ὶιῗέἕῖξὲέιιθν.
912 5192 1223 5270 πολυθείαν.
1257 5196 1315 5252 Id
1352 5212 1514 5270 mox,
1538 5194 1924 5270 γεγενημένος.

493 5269 608 5341 (37)
635 5267 780 5323 Ἐσῖεί
811 5268 907 5324 hic
936 5273 995 5324 et
1014 5285 1149 5324 mox
1176 5269 1343 5325 abest
1363 5285 1397 5324 a
1416 5267 1765 5325 Gobleriano
1795 5273 1851 5325 et
1873 5268 2078 5325 Felck-

426 5354 559 5394 man
572 5340 628 5394 ni
672 5341 698 5394 1
743 5356 1055 5397 anonymo.

496 5410 609 5485 (38)
641 5411 807 5485 Reg,
834 5410 1003 5467 τυχόν
1034 5411 1331 5485 mendose.

497 5478 701 5555 (3min
726 5478 880 5539 Ense.
914 5486 1055 5555 Reg.
1086 5487 1144 5538 et
1172 5483 1412 5555 Seguer.
1438 5480 1727 5554 particula
1748 5478 1860 5551 καί,
1895 5497 2074 5553 quam

427 5550 519 5607 hic
549 5553 649 5607 alii
681 5558 738 5609 et
768 5556 910 5611 editi
940 5550 1188 5624 ad'dunt,
1215 5550 1378 5609 nulla
1407 5550 1516 5610 est.

497 5625 609 5693 (40)
644 5625 737 5698 Sic
768 5643 912 5683 mss.
944 5630 1177 5698 Seguer.
1210 5631 1268 5682 et
1298 5626 1437 5698 Reg.
1472 5640 1620 5698 quos
1650 5624 1764 5696 ipsi
1797 5623 2074 5698 vidimus,

425 5698 600 5776 atque
629 5696 804 5776 etiam
833 5695 1262 5776 edi_t_i._l\_lullam
1294 5695 1528 5776 quoque
1553 5695 1649 5776 hic
1678 5695 1825 5776 mss:
1856 5696 2076 5776 discre-

424 5766 689 5837 pantiam
719 5768 887 5827 aﬂ'ert
919 5766 1369 5827 Felckmannus.
1400 5766 1670 5827 Nannius
1701 5768 1785 5825 sic
1810 5768 1970 5826 hunc
1997 5766 2077 5824 lo-

2178 4913 2360 4994 gloria
2390 4916 2441 4994 et
2469 4916 2723 4984 potestas.
2750 4914 2845 4994 .An
2877 4912 3025 4967 forte
3054 4910 3100 4981 ᾧ
3131 4927 3235 4983 pro
3293 4909 3372 4973 ὡς
3428 4909 3636 4985 legerit
3663 4911 3691 4968 τ
3721 4909 3838 4995 Nos

2179 4987 2269 5057 ita
2290 4990 2572 5057 vertimus
2595 5000 2761 5055 quas:
2783 4983 2829 5049 ᾦ
2847 4982 3158 5057 legendum
3180 4991 3367 5057 esset;
3400 5000 3630 5057 namgex
3650 4988 3839 5057 part1-

2179 5054 2315 5111 cula
2344 5052 2420 5127 ci);
2447 5052 2653 5127 gnullu's
2681 5060 2878 5127 rectus
2897 5052 3204 5120 s'ensus,ut
3220 5055 3390 5111 nobis
3420 5052 3669 5127 quidem
3684 5053 3841 5112 vide-

2181 5131 2297 5191 tur,
2330 5126 2459 5182 elici
2487 5130 2699 5199 potest.
2729 5125 3005 5182 Nostram
3038 5127 3237 5199 autem
3293 5125 3692 5199 conjecturam
3723 5143 3841 5199 non

2225 5214 2392 5282 arum
2426 5197 2780 5282 conﬁrmant
2804 5197 3370 5282 lquag'subjiciuntur
3404 5197 3613 5282 verba,
3644 5197 3701 5250 Ὀ
3731 5197 3841 5282 γᾲρ

2212 5268 2440 5341 ωρακὼς
2468 5268 2559 5323 τὸν
2590 5267 2733 5340 Υίόν,
2766 5267 2874 5342 etc.
2907 5270 3049 5342 Nam
3076 5267 3174 5342 Qui
3214 5269 3386 5342 uidet,
3413 5267 3659 5342 Fitium,‘
3696 5267 3844 5342 ρὶςιρι

2181 5349 2235 5397 et
2263 5339 2657 5413 Ifatremdnde
2687 5339 2846 5413 enim
2875 5339 3101 5413 clarum
3127 5339 3841 5413 estbicsigniﬁcari,Filio

2184 5428 2254 5468 ex
2284 5411 2449 5485 Patre
2478 5412 2733 5485 similem
2766 5412 2909 5468 adeo
2938 5411 3189 5485 gloriam
3219 5417 3276 5485 et
3294 5411 3566 5485 virtutem
3596 5428 3727 5485 esse
3768 5412 3842 5485 ab

2186 5483 2508 5556 aeternitate
2536 5484 2819 5556 genitam,
2854 5482 3050 5556 utqui
3090 5482 3301 5540 viderit
3333 5482 3564 5555 Filium,
3624 5483 3837 5541 viderit

2186 5553 2362 5611 simul
2394 5559 2451 5610 et
2479 5553 2732 5611 Patrem.

2257 5626 2370 5698 (41)
2401 5623 2572 5681 Αὐτὸν
2602 5626 2630 5680 ὁ
2662 5622 2878 5687 Παῦλος
2909 5624 3078 5682 abest
3107 5640 3141 5681 a
3170 5623 3402 5698 Gobler,
3433 5627 3492 5683 et
3521 5626 3783 5686 Felckm.
3811 5627 3838 5684 1

2187 5713 2361 5755 anon.
