4178 6388
415 476 535 539 205

1775 473 2191 538 EXPOSITIO
2236 475 2468 536 FIDEI.

3716 474 3836 537 206

412 605 662 670 κτίσεως.
697 603 873 662 Ἀλλὰ
921 605 1267 684 πρωτότοκον
1316 606 1480 662 εἰπὼν
1513 610 1646 678 (42),
1682 603 1849 676 δηλοῖ
1883 608 1956 680 μη
1993 606 2061 662 εἶ-

2183 616 2441 670 creaturae
2465 614 2528 668 ³⁸.
2561 612 2780 668 Verum
2813 629 2946 668 cum
2974 609 3433 684 primogenitum
3465 608 3628 676 dixit,
3661 609 3830 666 illum

413 719 499 754 ναι
531 696 688 753 αὐτὸν
736 697 958 771 κτίσμα,
1010 696 1154 753 ἀλλὰ
1197 697 1442 773 γέννημα
1489 703 1584 752 τοῦ
1639 697 1867 772 Πατρός·
1920 699 2064 768 ξένον

415 789 516 864 γὰρ
551 787 637 844 ἐπὶ
667 794 768 857 τῆς
818 787 1075 858 θεότητος
1119 787 1282 843 αὐτοῦ
1333 789 1394 842 τὸ
1446 787 1695 863 λέγεσθαι
1739 787 1958 861 κτίσμα.
1994 789 2070 842 Τὰ

415 879 517 953 γὰρ
549 879 723 932 πάντα
755 877 1068 946 ἐκτίσθησαν
1104 879 1204 932 ὑπὸ
1234 883 1330 933 τοῦ
1378 880 1588 954 Πατρὸς
1631 877 1717 933 διὰ
1772 883 1869 933 τοῦ
1919 879 2066 932 ι’ἱοῦ·

414 965 520 1022 ὁδκ
587 965 686 999 .c\_
779 965 789 986 ρ
866 965 955 1002 βλ,
1073 968 1100 1002 τι
1235 989 1263 1002 φ
1308 969 1359 1002 κ,
1423 966 1522 989 ’.Αγ
1649 967 1663 982 ς
1714 990 1732 999 _
1801 971 1832 997 ,ι
1919 989 1930 1000 ι
1990 965 2059 983 ’κκ

509 987 532 1022 ε
562 974 683 1028 lto.
723 987 885 1039 μονος
919 989 978 1021 ιρι
1005 988 1102 1022 το)
1153 974 1358 1044 Haupt).
1413 988 1601 1031 αιοιως
1646 970 1907 1043 εγεννηθη
1986 981 2069 1022 οιο

413 1055 767 1134 πρωτότοκός
799 1055 908 1111 έστι
940 1057 1118 1126 πάσης
1172 1057 1400 1119 κτίσεως
1428 1059 1455 1112 6
1487 1059 1617 1120 Θεὸς
1667 1057 1865 1132 Λόγος,
1915 1056 2065 1131 ἄτρε-

586 1146 600 1164 9
676 1147 689 1164 9
774 1146 784 1163 Ι
989 1147 1009 1164 ν
1037 1152 1049 1164 ε
1245 1147 1255 1166 Ι
1420 1148 1432 1164 \
1615 1148 1634 1164 'I
1680 1145 1702 1163 Ν
1782 1149 1794 1166 τ
1859 1155 1880 1163 ν
1944 1147 1957 1166 Ἷ
2023 1147 2032 1166 Ι

413 1168 548 1208 πτος
583 1147 633 1218 εξ
666 1166 952 1222 ατρεπτου.
1013 1153 1139 1200 ιειστι
1171 1168 1350 1202 τοινυν
1381 1169 1442 1202 το
1471 1150 1580 1221 (43)
1615 1169 1642 1201 o
1676 1155 1742 1201 σι’
1777 1170 1916 1220 υμας
1941 1169 2064 1225 εφο-

417 1257 535 1313 ρεσε
567 1241 729 1308 σῶμα
773 1235 975 1309 κτίσμα
1003 1237 1128 1312 περὶ
1160 1237 1220 1290 οὗ
1270 1235 1419 1312 λέγει
1473 1237 1732 1313 Ἱερεμίας
1785 1239 1920 1292 κατὰ
1966 1239 2064 1306 τὴν

414 1330 522 1382 τῶν
575 1321 988 1398 Ἑϐδομήκοντα
1044 1326 1388 1399 ἓρμηνευτῶν
1423 1330 1541 1399 (44)
1580 1323 1808 1381 ἔκδοσιν·
1873 1329 2067 1401 Κύριος

369 1417 553 1490 -ἡμῖν
636 1413 837 1470 ἔκτισεν
900 1414 975 1477 εἷς
1042 1415 1426 1493 καταφῦτευμα
1485 1415 1756 1490 σωτηρίαν
1825 1418 2014 1484 καινήν
2054 1458 2066 1482 ,

1437 1503 1707 1579 ἅνθρωποι
1744 1549 1756 1561 .
1817 1506 1959 1559 Κατά
2014 1502 2070 1559 δὲ

417 1595 506 1649 τὸν
565 1593 818 1661 Ἀκύλαν,
864 1595 988 1667 περὶ
1041 1599 1136 1647 τοῦ
1198 1593 1358 1649 αὐτοῦ
1406 1594 1576 1670 ῥητοῦ
1627 1601 1818 1649 κεῖται·
1855 1599 2070 1649 ’Ἑκτισε

419 1505 472 1561 ἐν
529 1508 568 1574 ἧ
627 1505 870 1577 σωτηρίᾳ
923 1504 1357 1580 περιελ.ε·3σονται

419 1682 613 1760 Κύριος
667 1683 849 1736 καινὸν
899 1682 950 1737 έν
1007 1687 1075 1757 τῇ
1130 1683 1352 1754 θηλείᾳ.
1403 1685 1464 1739 Ἡ
1509 1682 1565 1738 δὲ
1614 1687 1885 1739 κτισθεῖσα
1932 1687 2068 1756 ἡμῖν

419 1773 494 1834 εἰς
525 1771 908 1850 καταιρῦτευμα
956 1771 1200 1848 σωτηρία
1249 1775 1359 1846 (45)
1391 1775 1548 1841 καινῆ
1599 1773 1687 1827 καὶ
1733 1773 1793 1827 οὐ
1842 1772 2069 1840 παλαιὰ,

417 1864 549 1935 ἡμῖν
581 1884 639 1917 τε
668 1862 756 1917 καὶ
790 1862 850 1916 οὖ
890 1863 994 1937 πρὸ
1042 1865 1225 1935 ἡμῶν,
1275 1864 1486 1933 Ἰησοῦς
1538 1863 1675 1918 ἐστιν
1706 1867 1842 1936 (46),
1877 1864 1903 1916 6
1936 1864 2072 1917 κατὰ

414 1949 507 2006 τὸν
538 1958 771 2028 Σωτῆρα
814 1951 1104 2026 γενόμενος
1155 1949 1458 2028 ἅνθρωπος,
1495 1952 1552 2014 ὃς
1604 1952 1958 2028 ἑρμηνεύεται
1989 1953 2064 2020 πη
2101 1992 2149 2056 Β

460 2041 476 2056 .
742 2041 753 2056 ι
897 2040 1354 2056 ........,..
1482 2039 1591 2056 ω,
1726 2047 1965 2056 ν..-

1482 2039 1523 2060 ἢκ
1578 2041 1591 2060 9
1726 2047 1751 2056 ν

422 2041 514 2114 μὲν
545 2041 810 2117 σωτηρία,
841 2043 917 2110 πη
953 2040 1009 2094 δὲ
1043 2044 1261 2115 Σωτήρ.
1294 2043 1442 2095 ’Ἐστι
1477 2040 1533 2096 δὲ
1575 2041 1632 2096 ἐκ
1659 2047 1755 2097 τοῦ
1809 2048 2070 2116 Σωτῆρος

417 2134 452 2200 ἡ
486 2131 750 2207 σωτηρία,
784 2129 842 2184 ὅν
873 2129 1074 2206 τρόπον
1110 2129 1167 2186 ἐκ
1215 2135 1311 2185 τοῦ
1369 2132 1548 2208 φωτὸς
1598 2133 1624 2186 6
1675 2131 1978 2209 φωτισμός.
2010 2133 2072 2184 Ἠ

419 2219 509 2275 οὖν
544 2219 604 2275 ἐκ
628 2224 725 2275 τοῦ
759 2227 1021 2296 Σωτῆρος
1055 2221 1299 2295 σωτηρία
1341 2223 1612 2275 κτισθεῖσα
1661 2223 1843 2290 mw?”
1894 2221 2074 2281 καθὼς

422 2309 571 2386 λέγει
603 2309 886 2386 Ἱερεμίας,
938 2307 1139 2364 ἔκτισεν
1191 2312 1326 2382 ἡμῖν
1381 2309 1678 2383 σωτηρίαν,
1723 2312 1811 2364 καὶ
1861 2311 1936 2372 ὡς
1980 2316 2071 2365 Ἀ-

419 2397 589 2461 κύλας
637 2401 840 2476 φησὶν,
893 2400 1104 2453 Ἔκτισε
1148 2399 1344 2470 Κύριος
1401 2399 1580 2453 καινὸν
1631 2397 1680 2454 ἐν
1857 2397 2071 2469 θηλείᾳ,

418 2488 689 2542 τουτέστιν
726 2487 776 2542 έν
807 2491 875 2562 τῇ
909 2487 1108 2562 Μαρίᾳ.
1159 2485 1320 2542 Οὐδὲν
1367 2489 1468 2562 γὰρ
1531 2487 1744 2558 ἐκτίσθη
1804 2488 1982 2542 καινὸν
2019 2487 2070 2542 έν

419 2580 488 2651 τῇ
519 2575 731 2649 θηλείᾳ,
784 2577 828 2631 εί
865 2578 938 2651 μή
972 2578 1033 2630 τὸ
1066 2577 1123 2631 ἐκ
1162 2584 1260 2646 τῆς
1311 2578 1574 2650 παρθένου
1625 2579 1832 2653 Μαρίας
1882 2577 2070 2652 τεχθὲν

422 2663 540 2722 ἄνευ
573 2665 858 2728 συνουσίας
896 2667 1156 2742 Κυριακὸν
1203 2671 1381 2738 σῶμα,
1417 2668 1491 2729 ὡς
1523 2666 1610 2720 καὶ
1645 2665 1695 2720 ἐν
1745 2666 2070 2742 Παροιμίαις

421 2747 480 2810 ἐκ
531 2757 828 2832 προσώπου
879 2761 974 2810 τοῦ
1025 2757 1203 2826 Ἰησοῦ
1253 2759 1363 2829 (47)
1415 2754 1612 2831 λέγει’
1649 2755 1845 2831 Κύριος
1901 2754 2073 2809 ἔκτισέ

424 2865 489 2918 με
518 2846 696 2920 ἀρχὴν
727 2842 866 2900 ὁδῶν
909 2845 1072 2900 αὖτοῦ
1123 2845 1198 2907 εἷς
1254 2840 1387 2920 ἔργα
1436 2845 1621 2902 αὐτοῦ.
1665 2845 1737 2898 Οὐ
1791 2843 1941 2918 λέγει
1993 2842 2068 2915 δὲ,

418 2935 522 3010 πρὸ
554 2933 726 3012 ἔργων
761 2933 934 2990 ἔκτισέ
969 2957 1055 3008 με,
1081 2933 1174 2989 ’ίνα
1225 2937 1298 3008 μή
1335 2957 1419 2997 τις
1470 2936 1547 2998 εἰς
1576 2937 1674 3004 τὴν
1718 2934 1948 3004 θεότητα
1975 2939 2070 2988 τοῦ

418 3023 596 3100 Λόγου
629 3020 854 3080 ἐκλάϐοι
884 3025 946 3079 τὸ
980 3023 1161 3101 ῥητόν.

490 3117 540 3172 4.
574 3115 831 3191 Ἑκάτερα
859 3114 1034 3169 τοίνυν
1065 3115 1132 3168 τὰ
1177 3115 1300 3190 περὶ
1329 3115 1391 3167 τὸ
1443 3113 1645 3187 κτίσμα
1699 3113 1837 3187 ῥητὰ
1881 3134 2068 3185 σωμα-

414 3207 581 3266 τικῶς
640 3204 718 3266 εἰς
772 3206 862 3258 τὸν
908 3206 1117 3274 Ἰησοῦν
1171 3204 1495 3278 γέγραπται·
1557 3204 1702 3278 ἀρχὴ
1764 3205 1866 3277 γὰρ
1928 3200 2066 3256 ὀδὼν

420 3291 633 3361 ἐκτίσθη
668 3294 696 3347 6
728 3294 993 3369 Κυριακὸς
1045 3291 1347 3368 ἅνθρωπος,
1402 3294 1459 3346 ὃν
1508 3295 1619 3366 (48)
1667 3291 1741 3354 εἷς
1794 3291 2066 3368 σωτηρίαν

2179 723 2294 761 non
2327 708 2587 761 creatum
2618 721 2766 781 esse,
2801 705 2901 761 sed
2935 704 3117 759 fetum
3149 719 3278 759 esse
3310 701 3495 757 Patris
3535 697 3832 773 significa-

2179 795 2280 850 vit.
2332 795 2632 866 Siquidem
2682 795 2937 850 alienum
2969 797 3058 850 est
3089 795 3158 849 ab
3191 794 3319 863 ejus
3350 791 3676 859 divinitate,
3709 804 3834 845 rem

2181 890 2436 941 creatam
2466 885 2659 956 ipsum
2693 885 2825 939 dici.
2868 885 3077 940 Omnia
3115 884 3272 939 enim
3327 899 3362 938 a
3412 882 3579 936 Patre
3610 897 3714 952 per
3743 878 3832 935 Fi-

2180 975 2325 1030 lium
2360 979 2552 1030 creata
2583 981 2754 1030 sunt:
2781 973 2940 1029 solus
2965 978 3161 1029 autem
3195 972 3376 1028 Filius
3409 972 3480 1027 ab
3511 969 3836 1026 aeternitate

2180 1081 2248 1120 ex
2278 1069 2448 1119 Patre
2475 1064 2707 1134 genitus
2737 1066 2844 1130 est,
2878 1063 3032 1116 unde
3065 1067 3214 1117 Deus
3252 1061 3510 1117 Verbum
3541 1058 3834 1131 primoge—

2181 1154 2339 1209 nitus
2365 1159 2450 1209 est
2476 1152 2669 1208 omnis
2701 1156 3003 1220 creaturae,
3036 1149 3424 1206 immutabilis
3455 1167 3524 1206 ex
3554 1150 3831 1204 immuta-

2178 1243 2511 1313 bili.Itaque
2539 1259 2749 1314 corpus
2773 1242 2926 1313 quod
2959 1241 3195 1310 quidem
3219 1243 3455 1313 prepter
3476 1256 3582 1294 nos
3604 1253 3832 1294 assum-

2179 1333 2315 1404 psit,
2344 1350 2435 1388 res
2470 1336 2664 1387 creata
2713 1335 2819 1397 est,
2871 1332 2942 1384 de
2991 1347 3105 1402 quo
3157 1330 3298 1385 dicit
3342 1327 3630 1385 Jeremias
3665 1327 3837 1398 juxta

2179 1422 2564 1494 Septuaginta
2595 1421 2980 1491 interpretum
3012 1419 3324 1474 editionem
3349 1435 3362 1474 :
3388 1420 3661 1474 Domi-nus
3689 1432 3840 1471 crea-

2178 1513 2255 1566 vit
2285 1511 2440 1566 nobis
2471 1512 2531 1564 in
2556 1510 2959 1580 plantationem
2987 1509 3220 1562 salutem
3247 1524 3465 1576 novam,
3501 1509 3559 1561 in
3589 1523 3702 1577 qua.
3742 1521 3834 1561 sa-

2178 1603 2293 1656 lute
2314 1601 2556 1655 homines
2576 1597 3346 1669 circumibunt’7.lnterprete
3363 1599 3559 1652 autem
3585 1595 3796 1667 Aquila
3821 1610 3834 1648 :

2182 1691 2401 1749 Creavit
2447 1691 2714 1744 Dominus
2761 1705 2962 1743 novum
3014 1688 3073 1742 in
3122 1688 3352 1757 femina.
3408 1689 3612 1740 Creata
3663 1700 3834 1756 porro

2181 1779 2350 1834 nobis
2381 1779 2439 1832 in
2473 1778 2893 1850 plantationem
2927 1774 3088 1832 salus
3122 1793 3288 1842 nova,
3321 1778 3378 1830 et
3408 1791 3523 1830 non
3565 1774 3835 1846 antiqua,

2181 1869 2350 1924 nobis
2381 1872 2436 1922 et
2468 1886 2580 1922 non
2614 1873 2748 1922 ante
2778 1884 2906 1933 nos,
2938 1867 3113 1921 Jesus
3144 1865 3362 1937 est,qui
3396 1867 3689 1936 quatenus
3710 1861 3834 1917 Sal-

2182 1962 2364 2026 vator,
2398 1959 2584 2012 factus
2617 1958 2710 2012 81
2748 1960 2835 2011 est
2866 1955 3062 2025 homo,
3097 1971 3223 2025 quae
3254 1955 3492 2026 quidem
3523 1969 3653 2021 vox,
3684 1955 3836 2009 Jesus

2182 2046 2499 2118 aliquando
2539 2047 2723 2111 salus,
2759 2044 3076 2115 aliquando
3105 2043 3364 2099 Salvator
3400 2043 3682 2098 redditur.
3733 2042 3837 2098 Est

2184 2141 2381 2191 autem
2412 2153 2481 2190 ex
2511 2134 2806 2190 Salvatore
2836 2133 3018 2202 salus,
3052 2137 3117 2188 ut
3162 2149 3230 2188 ex
3275 2132 3498 2188 lumine
3530 2131 3836 2187 illumina-

2184 2226 2284 2281 tio.
2321 2225 2520 2297 Itaque
2551 2241 2699 2280 nova
2727 2241 2796 2278 ex
2825 2223 3121 2278 Salvatore
3166 2227 3361 2278 creata
3409 2221 3591 2292 salus,
3643 2225 3708 2276 ut
3750 2219 3835 2276 lo-

2184 2314 2388 2386 quitur
2415 2315 2716 2379 Jeremias,
2750 2312 2918 2367 nobis
2950 2311 3199 2367 salutem
3230 2327 3441 2366 novam
3465 2308 3697 2378 creavit,
3723 2308 3838 2379 vel,

2184 2407 2248 2458 ut
2276 2402 2446 2458 vertit
2473 2402 2703 2474 Aquila,
2735 2403 2951 2456 Creavit
2981 2403 3256 2456 Dominus
3277 2417 3477 2457 novum
3510 2402 3572 2455 in
3599 2401 3836 2472 femina,

2183 2492 2241 2546 id
2274 2497 2362 2548 est
2393 2492 2451 2547 in
2484 2492 2684 2546 Maria.
2718 2491 2874 2546 Nihil
2901 2491 3056 2546 enim
3086 2506 3299 2546 novum
3330 2490 3389 2545 in
3421 2489 3641 2544 femina
3678 2504 3838 2545 crea-

2183 2585 2309 2636 tum
2342 2585 2449 2646 est,
2483 2580 2597 2635 nisi
2628 2579 2999 2636 Dominicum
3030 2597 3262 2651 corpus,
3289 2579 3443 2650 quod
3464 2578 3646 2633 Maria
3675 2577 3838 2650 virgo

2184 2672 2407 2741 absque
2437 2669 2750 2724 concubitu
2785 2669 3030 2740 peperit,
3063 2672 3129 2723 ut
3173 2684 3242 2722 ex
3289 2684 3540 2738 persona
3587 2667 3727 2722 Jesu
3775 2666 3837 2721 in

2183 2759 2508 2815 Proverbiis
2543 2758 2758 2830 legitur
2790 2775 2801 2812 :
2841 2760 3112 2812 Dominus
3141 2759 3343 2812 creavit
3361 2773 3447 2812 me
3466 2758 3696 2812 initium
3725 2757 3840 2811 via-

2181 2867 2305 2904 rum
2333 2865 2563 2903 suarum
2604 2851 2663 2903 in
2702 2865 2865 2916 opera
2910 2864 3018 2903 sua
3048 2849 3112 2902 εδ.
3146 2845 3271 2902 Non
3302 2845 3463 2913 dicit,
3497 2849 3630 2901 ante
3661 2861 3840 2917 opera

2182 2939 2396 2995 creavit
2423 2955 2534 3007 me,
2570 2953 2640 2993 ne
2672 2938 2805 3009 quis
2837 2937 2895 2991 id
2929 2937 3000 2992 ad
3033 2936 3399 2992 divinitatem
3421 2933 3548 2990 Filii
3573 2935 3837 2990 referret.

2252 3120 2302 3173 4.
2341 3118 2666 3188 Utrumque
2692 3133 2827 3189 ergo
2857 3115 3000 3171 illud
3032 3117 3104 3170 de
3134 3131 3194 3170 re
3220 3118 3413 3170 creata
3458 3112 3706 3178 dictum,
3761 3112 3832 3168 de

2177 3207 2319 3262 Jesu
2372 3207 2697 3263 secundum
2758 3222 2970 3276 corpus
3028 3205 3315 3276 scriptum
3363 3206 3472 3258 est.
3525 3199 3831 3272 Siquidem

2181 3294 2532 3366 principium
2564 3295 2788 3348 viarum
2841 3297 3073 3348 creatus
3120 3296 3210 3347 est
3258 3289 3598 3346 Dominicus
3639 3288 3837 3353 homo,

417 3383 553 3454 ἡμῖν
592 3381 906 3459 έφανέρωσε.
941 3383 1036 3436 Διά
1065 3381 1260 3436 τούτου
1292 3385 1395 3457 γὰρ
1437 3385 1536 3450 την
1588 3380 1726 3457 πρὸς
1756 3381 1847 3436 τὸν
1903 3381 2068 3436 Πατέ-

2187 3401 2358 3456 quem
2388 3385 2557 3438 nobis
2591 3387 2802 3438 nostra:
2835 3381 3043 3437 salutis
3071 3379 3449 3452 procurandae
3477 3395 3656 3434 causa
3686 3375 3842 3432 exhi-

423 3489 491 3543 Ρα
539 3467 738 3546 ἔχομεν
789 3473 1190 3546 προσαγωγὴν·
1239 3470 1398 3533 αὐτὸς
1445 3473 1548 3546 γάρ
1591 3470 1729 3525 ἐςτιν
1757 3473 1791 3540 ἡ
1827 3469 1950 3532 ὁδὸς
1987 3515 2000 3539 ’
2033 3473 2066 3538 ἡ

421 3559 558 3632 πρὸς
588 3559 677 3612 τὸν
711 3557 921 3632 Πατέρα
970 3561 1240 3635 ἀνοίγουσα
1287 3563 1435 3633 ἡμᾶς
1486 3562 1619 3633 (49).
1672 3558 1824 3621 Ὀδὸς
1874 3557 1930 3613 δὲ
1963 3581 2068 3613 σω-

423 3648 648 3720 ματικόν
675 3648 728 3702 τί
759 3649 869 3703 ἐστι
920 3650 1112 3723 θέαμα,
1162 3649 1285 3718 ἥτις
1318 3649 1456 3704 ἐστὶν
1491 3651 1519 3703 ὁ
1567 3648 1830 3725 Κυριακὸς
1863 3648 2068 3721 ἄνθρω-

418 3757 542 3798 πος.
575 3739 649 3791 Τὰ
701 3739 874 3793 πάντα
917 3743 1047 3812 γοῦν
1093 3736 1295 3792 ἔκτισεν
1345 3739 1372 3792 6
1418 3743 1514 3792 τοῦ
1564 3743 1698 3792 Θεοῦ
1749 3738 1923 3812 Λόγος
1974 3737 2072 3791 οὐκ

420 3822 492 3879 ὢν
525 3826 746 3900 κτίσμα,
782 3825 926 3882 ἀλλᾶ
955 3827 1219 3902 γέννημα.
1255 3825 1417 3882 Οὐδὲν
1471 3829 1573 3902 γὰρ
1607 3832 1712 3881 τῶν
1759 3825 2068 3899 κτισμάτων

420 3912 594 3970 ἔκτισέ
637 3938 690 3970 τι
741 3914 854 3970 ἴσον
902 3917 937 3984 ἢ
989 3914 1182 3989 ὅμοιον
1233 3919 1424 3990 ἑαυτῷ·
1472 3918 1642 3993 Πατρὶ
1701 3915 1759 3971 δὲ
1814 3915 1956 3970 ἔοικε
2009 3917 2071 3970 τὸ

417 4009 627 4077 γεννᾷν,
657 4004 878 4080 τεχνίτῃ
910 4002 968 4060 δὲ
994 4006 1056 4059 τὸ
1107 4005 1328 4075 κτίζειν.
1381 4005 1607 4080 Ποίημα
1653 4011 1782 4080 γοῦν
1839 4005 1950 4060 ἐστι
1981 4007 2069 4060 καὶ

417 4091 617 4168 κτίσμα
646 4097 760 4166 (50)
789 4094 850 4147 τὸ
883 4094 910 4148 ὃ
943 4091 1012 4148 δι’
1042 4097 1192 4166 ἡμᾶς
1225 4094 1446 4173 έφόρεσε
1478 4100 1637 4169 σῶμα
1686 4098 1713 4150 ὁ
1758 4095 1978 4172 Κύριος,
2006 4098 2070 4148 Ὅ

485 4228 530 4262 ³⁸
559 4227 778 4284 Coloss.
811 4245 852 4297 1,
886 4229 971 4284 15.
1049 4229 1094 4262 ³⁷
1122 4229 1340 4285 Jerem.
1375 4248 1528 4296 xxxr,
1558 4234 1649 4286 22.

487 4396 601 4466 (42)
642 4396 881 4468 Seguer.
932 4395 1386 4468 Οωίαὶῐλείπών.
1437 4397 1666 4454 Gobler.
1713 4402 1770 4453 et
1820 4399 1990 4454 Felck
2037 4400 2060 4452 1

418 4463 638 4542 μου,
673 4463 892 4542 omisso
934 4466 1106 4542 εἰπών
1157 4463 1344 4537 δηλῶν
1400 4469 1640 4524 habent.
1679 4472 1734 4524 In
1790 4470 1927 4542 Reg.
1964 4488 2066 4542 pro

419 4533 585 4606 δηλοῖ
615 4534 678 4606 δη
690 4534 798 4591 λῶν
833 4539 1070 4610 legitur.

387 4615 395 4622 '
489 4611 602 4680 (43)
634 4610 1014 4684 Sic__I_{egius,
1061 4615 1298 4684 Seguer.
1352 4611 1581 4684 Gobler.
1633 4617 1690 4667 et
1741 4611 1992 4667 Fclckm.
2039 4614 2062 4666 1

419 4680 812 4756 anon._A_t_alii
844 4680 978 4737 c'um
1009 4680 1183 4756 editis
1210 4682 1583 4756 tbiomittunt
1607 4700 1619 4740 :
1645 4684 1902 4755 editique
1929 4701 2070 4756 prae-

415 4755 572 4809 terea
602 4748 671 4825 δι’
699 4751 838 4824 ὑμᾶς
868 4758 1000 4825 post
1030 4751 1249 4825 ἐφόρεσε
1278 4754 1515 4810 habent.

488 4773 572 4808 rea
602 4773 652 4806 οι
699 4773 838 4824 υμας
868 4773 1000 4825 posr.
1030 4773 1070 4807 ει
1097 4773 1249 4825 ορεσε
1280 4773 1515 4810 habent.

488 4825 600 4896 (44)
622 4824 1010 4906 Ἑρμηνευτῷν
1057 4773 1220 4906 ἕθθεξι
1255 4825 1624 4906 .in__G_0bler._
1647 4825 1984 4906 et__Felckm.
2039 4827 2064 4880 1

417 4895 590 4952 anon.
621 4895 925 4968 Hic'porro
955 4897 1118 4953 locus
1149 4897 1230 4953 sic
1253 4897 1312 4953 in
1344 4898 1580 4954 Hebraeo
1609 4897 1824 4971 legitur
1857 4917 1868 4953 :

561 5017 574 5061 ἒ
616 5012 721 5065 ’121
761 5011 954 5063 ΞΞἾΒΠ
993 5013 1149 5065 ΠΠὉΞ
1189 5013 1360 5093 γ’τκέ
1400 5016 1578 5067 ΠἮἸΠ
1619 5014 1751 5065 mm
1794 5017 1910 5064 N11

413 5107 472 5234 ad
494 5111 611 5234 ﬁt,
646 5108 865 5191 preavit
893 5109 1037 5164 Deus
1065 5126 1264 5166 novum
1296 5111 1357 5165 in
1386 5119 1553 5178 terra,
1583 5113 1798 5185 femina
1826 5113 2068 5167 circam-

455 5196 484 5233 a
528 5196 543 5233 ι
599 5196 802 5234 mrum.

455 5196 571 5234 (101E
599 5196 802 5234 virum.

483 5250 596 5327 (45)
627 5251 723 5307 Sic
757 5251 992 5327 S‘eguer.
1044 5251 1247 5308 Caeteri
1293 5268 1427 5308 vero
1474 5258 1532 5308 et.
1578 5254 1741 5321 editi,
1794 5250 2067 5327 σωτηρίας

413 5323 596 5391 καινή,
629 5323 930 5378 mendose.

483 5393 596 5478 (46)
621 5404 828 5478 ﬁmum
862 5394 1018 5478 unde
1047 5397 1460 5478 nomeuJesus
1493 5413 1525 5450 a
1555 5397 1748 5464 verbo,
1769 5406 2071 5478 iyw’npro-

413 5465 538 5540 prie
567 5465 807 5537 quidem
850 5469 942 5521 est
979 5465 1144 5540 salus
1178 5485 1189 5522 :
1224 5472 1282 5523 at
1328 5485 1541 5540 nomen
1587 5471 1886 5540 prOprium
1937 5465 2071 5522 inde

415 5537 739 5610 deductum
774 5541 928 5592 recte
957 5538 1211 5594 Salvator
1231 5537 1650 5594 vertitur.Hinc
1684 5537 2070 5610 Hieronymus

417 5606 520 5664 lib.
543 5626 561 5664 ι
584 5609 1049 5666 Commentarior.
1084 5612 1144 5664 in
1164 5612 1383 5667 Matth;
1403 5613 1554 5666 Jesus
1578 5613 1796 5666 Hebraeo
1817 5606 2071 5666 sermone

414 5680 670 5738 Salvator
692 5680 918 5736 dicitur.
954 5682 1117 5735 Hunc
1166 5680 1361 5736 locum
1411 5683 1720 5737 Facundus
1761 5683 2058 5736 Hermian.

416 5750 543 5808 loco
575 5769 757 5818 supra
787 5751 1020 5808 laudato
1051 5751 1145 5806 his
1171 5753 1361 5808 verbis
1393 5755 1570 5809 refert
1602 5771 1614 5809 :
1643 5755 1722 5808 Ea
1750 5769 1874 5808 vero
1895 5755 2066 5818 salus,

419 5839 542 5896 quae
566 5823 725 5882 nobis
752 5823 975 5881 condita
1001 5827 1079 5881 est
1105 5824 1181 5881 ad
1203 5826 1605 5898 plantationem
1631 5829 1899 5890 nostrum,
1932 5841 2072 5880 nova

1727 4232 1770 4266 ³⁸
1802 4231 1967 4287 Prov.
2001 4249 2123 4302 vm,
2157 4232 2245 4286 2'2.

2184 3472 2326 3528 buit.
2360 3473 2507 3527 Nam
2558 3490 2659 3544 per
2703 3471 2896 3542 ipsum
2945 3471 3232 3525 habemus
3282 3483 3583 3524 accessum
3627 3466 3700 3521 ad
3728 3469 3837 3521 Pa-

2180 3566 2329 3617 trem
2354 3564 2428 3617 39:
2465 3562 2589 3632 ipse
2633 3560 2788 3615 enim
2815 3565 2902 3614 est
2930 3559 3022 3613 via
3051 3575 3180 3629 quas
3211 3574 3326 3612 non
3359 3557 3431 3612 ad
3465 3560 3694 3612 Patrem
3725 3553 3841 3609 du-

2183 3652 2280 3707 cit.
2301 3651 2407 3706 Via
2438 3656 2633 3706 autem
2657 3666 2998 3721 corporeum
3033 3647 3316 3719 quiddam
3347 3650 3440 3702 est
3470 3645 3623 3718 quod
3646 3643 3836 3700 oculis

2181 3741 2460 3804 cernitur,
2485 3745 2690 3811 estque
2720 3739 2846 3811 ipse
2875 3736 3214 3793 Dominicus
3244 3733 3666 3791 homo.0mnia
3699 3747 3836 3806 ergo

2183 3829 2397 3884 creavit
2424 3829 2683 3883 Verbum
2716 3827 2834 3896 Dei,
2866 3827 3022 3898 quod
3055 3826 3253 3898 ipsum
3285 3841 3399 3879 non
3432 3827 3691 3879 creatum
3725 3825 3836 3889 est,

2182 3918 2283 3974 sed
2328 3917 2614 3990 genitum.
2660 3917 2925 3989 Namque
2984 3913 3148 3970 nulla
3203 3930 3296 3970 res
3353 3915 3547 3969 creata
3612 3910 3837 3983 aliquid

2182 4006 2406 4079 aequale
2434 4006 2521 4061 vel
2555 4004 2745 4061 simile
2777 4005 2887 4060 sibi
2921 4005 3033 4077 ipsi
3065 4007 3255 4077 potest
3283 4019 3479 4058 creare
3531 4017 3544 4056 :
3594 4000 3694 4056 sed
3725 3998 3836 4055 Pa-

2182 4095 2287 4152 tris
2335 4099 2425 4152 est
2481 4111 2778 4168 generare,
2827 4098 2884 4150 et
2927 4094 3171 4150 artificis
3215 4109 3430 4149 creare.
3481 4093 3683 4163 Itaque
3741 4105 3834 4145 res

2322 4231 2368 4265 *9
2395 4229 2607 4301 Ephes.
2641 4247 2698 4298 Il,
2736 4231 2822 4283 18.

2178 4405 2256 4453 est
2285 4400 2334 4452 et
2364 4414 2473 4451 non
2503 4400 2675 4465 vetus,
2711 4395 2863 4449 nobis
2891 4396 2940 4449 et
2969 4410 3078 4449 non
3108 4396 3208 4461 eis,
3241 4394 3335 4464 qui
3362 4399 3490 4448 ante
3523 4407 3641 4448 nos.
3681 4394 3834 4448 Jesus

2177 4478 2255 4524 est
2287 4472 2336 4524 et
2366 4485 2475 4523 non
2505 4477 2675 4532 vetus,
2709 4468 2868 4520 nobis
2896 4470 2946 4519 et
2975 4482 3084 4519 non
3113 4466 3212 4532 eis,
3247 4466 3344 4536 qui
3370 4472 3500 4518 ante
3528 4480 3648 4519 nos.
3679 4465 3833 4520 Jesus

2177 4542 2274 4613 qui
2303 4543 2458 4609 juxta
2492 4541 2826 4613 Salvatore-in
2857 4540 3030 4613 fartus
3061 4544 3145 4613 est
3168 4538 3343 4613 homo,
3369 4537 3472 4613 _qui
3499 4537 3835 4613 interpretat-

2179 4606 2272 4669 iur
2296 4606 2506 4683 pastor,
2537 4611 2710 4679 salus,
2743 4609 3026 4683 interdum
3070 4608 3239 4664 etiam
3286 4607 3556 4662 Salvator.
3590 4606 3721 4662 Haec
3752 4607 3832 4662 ibi

2256 4680 2484 4756 rperam
2516 4699 2545 4756 e
2577 4683 2772 4756 Graeco
2805 4680 3052 4756 reddita.

2099 4725 2146 4790 D
2180 4702 2484 4757 perperam
2516 4702 2545 4738 e
2577 4702 2772 4763 graeco
2805 4702 3052 4735 reuuita.
3277 4749 3289 4761 .

2249 4757 2359 4826 (.57)
2391 4754 2772 4810 Goblerianus
2803 4756 2862 4808 et
2902 4751 3155 4808 Fclckm.
3203 4767 3432 4822 primus
3481 4766 3834 4824 anonymus,

2178 4831 2274 4880 τοῦ
2308 4826 2457 4880 1’ίοῦ.

2276 4899 2362 4966 48)
2396 4897 2734 4953 Basiliensis
2766 4911 2875 4950 ms.
2913 4897 3010 4948 ὢν.

2276 4963 2363 5038 49)
2396 4971 2490 5024 Sic
2519 4974 2754 5039 Seguer.
2787 4966 3014 5039 Gobler.
3047 4970 3106 5039 et
3136 4963 3383 5039 Fclckm.
3409 4966 3445 5039 Δ1
3504 4963 3829 5039 anon._Ca3_-

2178 5033 2285 5096 teri
2319 5033 2450 5110 vero
2482 5046 2537 5095 et
2567 5033 2707 5095 editi
2734 5044 2866 5110 post
2893 5035 3016 5098 ὁδός
3041 5037 3267 5092 addunt
3294 5035 3472 5110 καθὼς
3504 5033 3654 5110 λέγει
3686 5036 3830 5110 Ἐγῴ

2182 5111 2295 5184 εἶμι
2325 5113 2359 5179 ἡ
2394 5109 2537 5181 ὁδός,
2573 5117 2628 5167 et
2659 5106 2935 5183 praaterea
2965 5111 3103 5184 Reg.
3139 5113 3272 5184 ante
3300 5107 3479 5184 καθώς
3525 5106 3699 5184 habet

2179 5186 2212 5252 ἡ
2237 5179 2495 5252 ἀλήθεια.
2525 5179 2675 5238 Ibid:
2699 5184 2936 5254 Segucr.
2969 5183 3116 5252 ἡμᾶς
3148 5181 3360 5236 habet:
3386 5180 3577 5254 cieteri
3603 5183 3663 5254 et
3691 5179 3830 5235 editi

2181 5249 2351 5326 ὗμᾶις,
2377 5274 2481 5311 nec
2513 5249 3240 5310 observatvFelckmannus
3291 5268 3363 5307 an
3411 5249 3577 5326 ἡμᾶς
3603 5251 3833 5326 legatur

2177 5323 2238 5382 in
2271 5327 2498 5383 Gobler.
2533 5331 2590 5381 et
2621 5329 2669 5392 1,
2697 5331 2759 5380 ut
2786 5331 2970 5391 vocat,
2997 5341 3305 5396 anonymo,
3329 5323 3831 5394 quemadmodum

2181 5398 2384 5468 utique
2416 5399 2528 5470 legi
2561 5400 2751 5470 debet.

2249 5465 2362 5537 (50)
2396 5465 2633 5540 Regius,
2667 5466 2778 5542 οὖν,
2833 5467 3051 5522 omisso
3229 5472 3577 5542 _s_equqnte._
3609 5465 3832 5522 Ibidem

2181 5538 2600 5609 Seguerianus,
2626 5541 3031 5609 Goblerianus,
3062 5544 3118 5592 et
3153 5538 3522 5593 Felckma’nm
3560 5538 3583 5590 1
3619 5553 3836 5609 anony-

2182 5606 2334 5674 mus,
2397 5612 2613 5668 habent
2660 5612 2719 5662 τὸ
2777 5606 2803 5661 ὅ
2866 5608 2934 5662 δι’
2994 5613 3162 5680 ἡμᾶς.
3222 5610 3418 5665 Cmteri
3483 5613 3539 5680 et
3573 5608 3725 5680 editi
3772 5606 3833 5662 τὸ

2181 5682 2484 5738 omittunt.
2546 5685 2674 5738 Mox
2736 5682 2854 5734 haec
2913 5673 3104 5745 verba,
3167 5680 3194 5732 6
3245 5673 3834 5752 K'szo;_6tysvv1§0n

2181 5753 2587 5874 ᾐμῖνᾷθόοευῃι
2611 5755 2668 5808 in
2702 5752 2878 5822 Regio
2912 5752 3260 5810 ms.lbidem
3295 5748 3632 5810 Basiliensis
3665 5748 3844 5807 habet

2183 5841 2300 5874 εγεν
2335 5865 2342 5874 ι
2383 5844 2442 5874 Ὦ.

2183 5841 2442 5895 εγενηυη.
