4178 6410
333 400 452 463 207

878 400 944 465 S.
989 400 1419 466 ATHANASII
1462 400 1637 465 OPP.
1687 400 1886 464 PARS
1930 400 1983 464 Ῑ.
2013 431 2093 447 -
2120 398 2547 466 HISTOBIGA
2588 401 2692 465 ET
2735 400 3216 467 DOGMATIGA.

334 527 496 593 facta
526 541 582 594 et
610 539 805 594 creata
834 540 924 593 est
949 553 1183 610 corpus,
1217 537 1370 609 quod
1396 541 1633 610 propter
1660 552 1767 593 nos
1796 539 1990 609 gesta-

2107 530 2363 609 ἐγεννήθη
2416 536 2574 609 ἡμῖν,
2626 533 2700 598 ὥς
2749 556 2909 615 φησιν
2962 535 2991 590 ὁ
3037 531 3277 606 Παῦλος,
3326 532 3432 591 ἀπὸ
3485 537 3618 592 Θεοῦ
3670 556 3761 592 σο-

332 626 419 682 vit
455 626 761 683 Dominus.
796 626 946 696 Quod
964 629 1207 699 genitum
1235 626 1392 683 nobis
1419 631 1518 693 est,
1552 630 1617 692 ut
1646 626 1727 682 ait
1754 624 1993 695 Paulus,

336 732 371 771 a
400 717 505 772 Deo
535 718 809 788 sapientia
836 725 888 772 et
915 716 1273 786 sanctiﬁcatio
1306 725 1357 772 et
1378 717 1597 789 justitia
1647 724 1699 772 et
1745 714 1993 786 redemp-

339 805 414 860 tio
444 804 518 871 80;
552 805 819 876 quamvis
839 810 974 860 ante
1000 822 1107 861 nos
1127 809 1303 878 atque
1335 821 1455 860 rem
1478 803 1825 877 quamilibet
1845 819 1997 860 crea-

344 898 465 949 tam
497 899 554 950 et
582 893 757 950 fuerit
785 898 843 951 et
871 894 948 951 sit
976 894 1259 966 Verbum,
1308 894 1489 950 Patris
1538 892 1830 966 sapientia
1862 894 1994 965 (51).

342 987 590 1039 Sanctus
620 987 814 1040 autem
845 984 1098 1056 Spiritus
1130 983 1231 1056 qui
1261 1001 1295 1038 a
1322 983 1491 1040 Patre
1522 982 1804 1056 procedit,
1838 998 1997 1038 sem-

344 1088 448 1145 per
500 1078 591 1129 est
639 1074 697 1128 in
747 1072 1023 1129 manibus
1072 1073 1264 1129 Patris
1314 1072 1620 1143 mittentis,
1654 1076 1711 1127 et
1757 1071 1996 1128 ferentis

344 1161 490 1227 Filii,
524 1179 627 1234 per
656 1178 832 1234 quem
864 1162 1090 1218 scilicet
1119 1163 1319 1218 omnia
1349 1161 1787 1234 replevit.Pater
1815 1161 1998 1235 igitur

336 1251 437 1323 qui
468 1267 538 1306 ex
569 1252 762 1324 seipso
793 1267 942 1319 esse,
968 1256 1034 1307 ut
1063 1251 1144 1306 ita
1172 1250 1404 1323 loquar,
1438 1250 1718 1318 continet,
1754 1248 1993 1315 Filium,

336 1340 422 1395 uti
450 1340 730 1407 diximus,
764 1340 986 1414 genuit,
1021 1356 1136 1395 non
1167 1341 1402 1408 creavit,
1432 1357 1549 1395 non
1581 1356 1750 1396 secus
1782 1355 1848 1395 ac
1880 1340 1997 1394 ﬂu-

332 1428 494 1483 vium
527 1446 596 1484 ex
627 1429 806 1495 fonte,
844 1445 1082 1501 germen
1134 1444 1202 1483 ex
1246 1428 1462 1499 radice,
1516 1431 1573 1484 et
1619 1427 1993 1500 splendorem

333 1534 403 1573 ex
433 1516 584 1582 luce,
618 1534 746 1588 qum
776 1517 1081 1573 individua
1111 1533 1261 1583 esse,
1296 1521 1505 1573 natura
1544 1518 1672 1590 ipsa
1710 1517 1993 1590 agnoscit.

2106 625 2202 703 φία
2262 625 2352 680 καὶ
2412 622 2680 701 ἁγιασμὸς
2735 624 2824 680 καὶ
2884 621 3193 695 δικαιοσύνη
3258 625 3350 681 καὶ
3407 623 3701 703 ἀπολύτρω
3734 658 3759 670 -

2106 733 2210 775 σις’
2260 713 2418 787 αἴπερ
2466 715 2573 791 πρὸ
2615 716 2775 789 ἡμῶν
2821 711 2912 769 καί
2953 714 3134 785 πάσης
3178 713 3404 777 κτίσεως
3456 713 3618 794 σοφία
3661 718 3760 771 τοῦ

2108 802 2317 878 Πατρὸς
2367 803 2433 871 ἦν
2484 803 2512 857 ὁ
2544 802 2722 877 Λόγος
2768 802 2858 857 καὶ
2908 798 3040 860 ἔστι.
3093 802 3164 859 Γὸ
3214 800 3272 857 δὲ
3312 803 3465 878 ἅγιον
3516 807 3760 878 Πνεῦμα,

2108 890 2419 969 ἐκπόρευμα
2450 890 2507 947 ὃν
2537 896 2635 946 τοῦ
2669 890 2899 966 Πατρὸς,
2932 890 3013 947 ἀεί
3045 890 3184 947 ἐστιν
3216 890 3269 947 ἐν
3318 898 3435 955 ταῖς
3475 892 3633 970 χερσὶ
3663 896 3761 948 τοῦ

2106 983 2420 1055 πέμποντος
2478 982 2689 1058 Πατρὸς
2734 982 2825 1037 καὶ
2875 986 2973 1037 τοῦ
3033 981 3292 1058 φέροντος
3350 982 3507 1055 Υἱοῢ,
3569 978 3639 1036 δι’
3698 980 3761 1037 οὗ

2107 1068 2398 1147 ἐπλήρωσε
2426 1072 2494 1126 τὰ
2520 1070 2709 1126 πάντα.
2764 1070 2822 1124 '0
2872 1070 3083 1145 Πατὴρ³
3126 1069 3367 1145 συνέχων
3401 1071 3515 1145 (52)
3642 1071 3762 1126 ἑαυ-

2105 1164 2205 1215 τοῦ
2234 1159 2296 1214 τὸ
2346 1158 2498 1229 εἶναι,
2534 1157 2787 1234 ἐγέννησε
2818 1159 2908 1214 τὸν
2942 1159 3087 1228 Υἱὸν,
3120 1158 3195 1222 ὡς
3246 1154 3470 1238 ἕφάμεν,
3519 1160 3609 1214 καὶ
3662 1159 3763 1215 οὐκ

2108 1246 2335 1319 ἔκτισεν,
2368 1248 2444 1311 ὡς
2473 1248 2718 1322 ποταμὸν
2770 1247 2875 1303 ἀπὸ
2905 1248 3211 1323 πηγῆς,καὶ
3263 1248 3339 1311 ὡς
3388 1246 3622 1325 βλαστὸν
3654 1249 3761 1303 ἀπὸ

2109 1337 2289 1415 ῥίζης,
2349 1339 2441 1393 καὶ
2499 1339 2575 1401 ὡς
2625 1336 2958 1413 ἀπαύγασμα
3015 1338 3121 1393 ἀπὸ
3178 1338 3380 1416 φωτὸς,
3442 1338 3473 1393 ἃ
3521 1335 3661 1394 οἶδεν

2107 1426 2265 1504 φύσις
2315 1426 2610 1501 ἀδιαίρετιν
2662 1424 2730 1484 δι’
2779 1426 2841 1483 οὒ
2887 1432 2966 1499 τῷ
3011 1425 3183 1503 Πατρί
3233 1425 3381 1502 δόξα,
3411 1425 3635 1503 κράτος,
3671 1448 3764 1502 με-

2106 1514 2380 1592 γαλοσύνη
2413 1518 2519 1593 πρὸ
2548 1514 2763 1571 πάντων
2812 1521 2919 1570 τῶν
2964 1516 3178 1571 αἰώνων
3209 1518 3347 1591 (53),
3389 1516 3480 1572 καὶ
3529 1516 3606 1581 εἷς
3636 1515 3765 1581 τοὺς

334 1606 442 1661 Per
470 1605 667 1678 ipsum
697 1609 896 1662 autem
930 1605 1007 1685 sit
1037 1605 1192 1662 Patri
1223 1605 1428 1679 gloria,
1462 1610 1724 1679 potestas
1774 1610 1832 1662 et
1872 1622 1998 1662 ma-

330 1695 521 1766 jestas
552 1699 685 1750 ante
716 1694 916 1750 omnia
946 1694 1181 1764 saecula,
1214 1699 1271 1751 et
1303 1695 1361 1751 in
1391 1694 1590 1752 omnia
1627 1694 1844 1752 saecula
1889 1712 1993 1752 saa-

343 1783 633 1840 eulorum.
665 1787 875 1840 Amen.

2107 1605 2417 1680 σῦμπαντας
2451 1605 2647 1672 αῗῶνας
2679 1610 2784 1661 τῶν
2817 1605 3052 1667 αὶώνων.
3080 1609 3280 1682 Ἀμήν.

1148 2128 1629 2192 ΑΒΜΟΝΙΤΙΟ
1670 2128 1774 2192 ΙΝ
1811 2127 2362 2206 ΒΕΟΠΕΝΤΕΜ
2404 2127 2942 2193 TRACTATUM.

1833 2296 2242 2311 —

421 2440 492 2500 In
524 2440 821 2524 Tractatu
852 2443 1139 2524 sequenti
1168 2461 1428 2524 pravam
1457 2443 1712 2524 Eusebii
1742 2444 2371 2524 Eusebianorumque
2399 2444 2985 2524 interpretationem
3014 2443 3079 2505 in
3111 2443 3255 2524 hrec
3279 2441 3510 2524 Christi
3545 2440 3768 2524 Domi-

344 2520 410 2580 ni
440 2521 655 2581 verha.
691 2521 905 2585 Omnia
932 2520 1086 2584 inihi
1108 2520 1335 2585 tradita
1362 2532 1498 2584 sunt
1525 2543 1560 2585 a
1591 2523 1777 2585 Patre
1803 2543 1927 2585 meo
1951 2525 2023 2598 3‘,
2060 2520 2288 2587 refellit
2316 2520 3004 2586 sanctus'Athanasius.
3035 2523 3134 2585 Illi
3164 2523 3330 2585 enim
3362 2542 3441 2584 ex
3494 2523 3592 2584 his
3619 2541 3762 2584 ver-

345 2601 443 2661 bis
473 2602 701 2662 Filium
731 2603 844 2664 Dei
866 2622 981 2666 nec
1011 2610 1315 2665 aeternum
1348 2621 1462 2664 nec
1491 2623 1568 2664 ex
1599 2606 1789 2666 Patre
1817 2623 1951 2666 esse
1981 2605 2480 2667 concludebant:
2514 2606 2623 2667 sed
2653 2605 2877 2666 falsam
2910 2605 3351 2666 haereticorum
3374 2609 3764 2664 commenta-

348 2681 586 2766 tionem
608 2700 742 2766 esse
762 2684 1035 2766 ostendit
1064 2691 1319 2746 sanctus
1349 2685 1713 2756 doctor,nec
1735 2685 1872 2746 haec
1902 2686 2095 2747 verba
2123 2704 2306 2766 posse
2334 2685 2751 2764 intelligi,nisi
2771 2686 2848 2746 de
2870 2684 3061 2747 Verbi
3081 2684 3278 2766 divini
3298 2682 3756 2766 incarnatione,

349 2761 414 2845 in
438 2780 567 2840 qua
586 2763 822 2845 scilicet
849 2764 1199 2825 humanum
1231 2782 1429 2843 genus
1458 2771 1714 2845 peccato
1737 2766 1925 2844 primi
1953 2761 2232 2845 parentis
2262 2761 2611 2827 sauciatuin
2636 2773 2699 2827 et
2726 2764 3244 2845 corruptum,illi
3278 2769 3347 2825 ut
3365 2762 3655 2845 medico,
3690 2769 3760 2823 ut

352 2841 519 2926 vitae,
548 2849 617 2903 ut
645 2842 874 2926 luciget
898 2845 1129 2906 rationi
1157 2841 1510 2907 sanandum
1540 2841 1843 2906 traditum
1874 2841 2067 2919 est,ut
2096 2846 2391 2906 nimirum
2423 2841 2957 2926 quemadmodum
2979 2844 3193 2907 omnia
3220 2862 3334 2924 per
3359 2843 3565 2926 ipsum
3596 2844 3767 2905 facta

356 2923 630 3005 fuerant,
660 2923 753 3005 sic
781 2924 846 2984 in
875 2926 1013 3005 ipso
1036 2926 1541 2987 instaurarentur
1570 2944 1640 2986 ac
1668 2927 2094 2988 reﬁcerentur.
2131 2928 2355 2988 Postea
2385 2923 2664 3004 ejusdem
2685 2926 2875 2988 Verbi
2904 2942 3047 2986 cum
3079 2923 3264 2985 Patre
3292 2923 3598 3005 unitatem
3624 2941 3767 3004 pro-

363 3003 474 3089 bat
502 3022 575 3063 ex
607 3004 704 3064 his
734 3003 940 3089 verbis
968 3006 1230 3067 Joannis
1260 3022 1390 3081 xvx,
1442 3010 1537 3079 15,
1577 3005 2180 3089 Omniaquwcunque
2201 3006 2384 3089 Ahabet
2411 3003 2617 3081 Pater,
2650 3025 2779 3068 mea
2806 3015 2995 3089 sunt;
3026 3005 3173 3066 inde
3204 3004 3371 3065 enim
3402 3004 3582 3085 sequi
3637 3003 3768 3066 cm-

361 3083 490 3156 nia,
523 3091 844 3167 quassant
873 3086 935 3146 in
964 3089 1170 3160 Patre,
1207 3105 1339 3147 esse
1370 3105 1624 3166 quoque
1653 3087 1717 3147 in
1747 3083 1902 3149 Filio
1928 3106 1942 3147 :
1974 3106 2046 3148 ac
2071 3083 2342 3167 proinde
2371 3104 2513 3147 cum
2545 3093 2817 3148 internus
2845 3087 2927 3147 sit
2947 3088 3154 3159 Pater,
3174 3083 3764 3167 aeternum‘quoque

360 3181 493 3248 esse
524 3165 747 3248 Filium
776 3172 884 3248 :_et
915 3172 984 3227 ut
1014 3170 1090 3226 de
1122 3171 1301 3228 Patre
1332 3164 1457 3227 non
1488 3164 1696 3247 potest
1715 3167 1858 3239 dici,
1894 3168 2012 3229 fuit
2040 3164 2382 3248 aliquando
2415 3174 2662 3247 tempus
2691 3186 2831 3229 cum
2864 3185 2988 3228 non
3022 3172 3221 3248 esset,_
3251 3166 3351 3248 vel
3404 3184 3491 3248 eg,
3540 3164 3762 3239 nihilo,

357 3245 450 3328 ita
478 3263 591 3328 nec
621 3245 755 3328 haec
777 3246 856 3307 de
886 3248 1043 3308 Filio
1073 3248 1167 3307 fas
1197 3266 1330 3309 esse
1361 3245 1685 3327 suspicari.
1718 3248 1911 3309 Addit
1938 3245 2273 3310 Dominum
2306 3255 2489 3309 caute
2519 3245 2773 3321 dixisse,
2805 3266 3167 3328 quaecunque
3196 3246 3394 3328 habet,
3420 3245 3632 3328 Pater,
3686 3262 3766 3306 ne

351 3324 641 3407 videlicet
670 3326 824 3404 ipse,
863 3330 1047 3389 Pater
1074 3346 1206 3388 esse
1237 3324 1616 3401 crederetur,
1653 3334 1843 3407 atque
1872 3328 2030 3389 adeo
2060 3329 2159 3389 his
2186 3330 2376 3390 etiam
2405 3329 2611 3390 verbis
2640 3324 2898 3391 Sabellii
2929 3324 3208 3389 errorem
3232 3326 3564 3388 manifeste
3592 3343 3765 3386 ever—

353 3405 776 3488 ti._APoatre_mo
820 3407 991 3468 aliud
1021 3409 1397 3469 Arianorum
1431 3405 1860 3470 commentum
1890 3409 2173 3471 dissolvit
2204 3409 2604 3471 Athanasius.
2635 3410 2735 3470 Illi
2765 3427 2992 3488 nempe
3015 3415 3085 3469 ut
3110 3426 3290 3468 suam
3322 3407 3611 3488 hm_resim
3633 3410 3760 3488 sta-

349 3484 621 3560 bilirent,
657 3486 981 3565 ﬁngebant
1008 3489 1333 3550 cherubim
1362 3495 1427 3550 et
1447 3488 1764 3568 seraphim
1797 3496 1890 3551 ter
1915 3508 2129 3550 vocem
2164 3488 2424 3551 Sanctus
2452 3490 2693 3550 diverse
2723 3484 3027 3569 proferre,
3057 3490 3264 3569 prima
3296 3486 3537 3569 scilicet
3594 3486 3755 3559 vice,

350 3583 580 3648 magna
608 3585 781 3640 voce,
811 3576 881 3629 ut
915 3569 1244 3631 Dominum
1273 3567 1663 3643 indicarent;
1698 3569 1975 3631 secunda
2002 3570 2209 3631 minus
2238 3570 2431 3641 clara,
2455 3575 2526 3631 ut
2553 3567 3004 3647 subiectionem
3037 3567 3318 3648 aliquam
3340 3567 3768 3648 significarent

346 3646 615 3725 denique
650 3648 831 3709 tertia
859 3649 1015 3723 vice,
1050 3667 1201 3712 voce
1232 3650 1566 3725 submissa,
1603 3655 1671 3712 ut
1698 3650 2059 3712 inferiorem
2094 3650 2302 3711 adhuc
2330 3650 2614 3712 ordinem
2648 3646 3043 3714 denotarent.
3078 3646 3310 3711 verum
3343 3646 3509 3709 hanc
3560 3647 3756 3709 inter-

350 3729 766 3810 pretationem
797 3731 1290 3792 commentitiam
1323 3749 1455 3792 esse
1485 3730 1801 3792 convincit
1830 3735 2082 3792 sanctus
2112 3730 2350 3803 doctor,
2386 3730 2695 3810 docetque
2725 3731 2891 3791 trina
2920 3729 3032 3790 illa
3057 3730 3229 3790 vocis
3274 3727 3526 3810 Sanctus
3574 3727 3762 3788 itera-

352 3806 551 3890 tiones
581 3814 706 3890 tres
735 3811 1041 3888 perfectas
1072 3811 1480 3872 sanctissimae
1511 3810 1833 3872 Trinitatis
1864 3811 2232 3890 hypostases
2261 3806 2759 3889 significari—mna
2789 3817 3013 3890 autem
3052 3810 3221 3890 vocis
3271 3809 3561 3890 Dominus
3619 3826 3760 3889 pro-

270 3900 275 3905 ‘
350 3887 963 3970 nuntiatione’unam
995 3890 1277 3970 ejusdem
1309 3891 1628 3969 designari
1658 3887 2095 3952 substantiam.
2121 3887 2485 3952 Porro—haec
2528 3890 2748 3951 eadem
2779 3890 2941 3970 loca,
2979 3888 3191 3949 Omnia
3214 3888 3367 3970 mihi
3388 3887 3758 3970 tradirta'sz

348 3977 486 4051 sunt
512 3988 549 4028 a
580 3969 784 4051 Patre,
815 3976 900 4045 et,
933 3968 1132 4051 omnia
1184 3968 1546 4051 quaecunque
1575 3970 1749 4031 habet
1774 3971 1983 4043 Pater,
2013 3989 2141 4032 mea
2169 3981 2328 4043 sunt,
2353 3970 2575 4031 eodem
2606 3988 2790 4031 sensu
2821 3969 3171 4047 iisdemque
3202 3968 3332 4028 fere
3390 3968 3597 4029 verbis
3648 3986 3763 4030 ex-

350 4048 542 4129 plicat
576 4049 869 4110 Oratione
897 4050 1105 4121 tertia,
1140 4048 1297 4111 alias
1325 4048 1574 4129 quarta,
1607 4056 1829 4112 contra
1859 4051 2146 4113 Arianos.

354 4124 369 4157 ί
428 4128 515 4186 De
559 4134 839 4209 tempore
869 4149 996 4209 quo
1026 4129 1294 4209 scriptus
1322 4124 1401 4190 sit
1428 4131 1545 4191 iste
1576 4137 1899 4205 tractatus,
1935 4132 2055 4192 hoc
2084 4149 2280 4192 unum
2313 4134 2550 4191 certum
2585 4128 2912 4209 habemus,
2949 4132 3096 4209 ante
3124 4125 3367 4187 obitum
3387 4124 3762 4209 EusebiiNi-

352 4206 790 4291 comediensis,
824 4206 1013 4271 idest
1042 4206 1188 4271 ante
1209 4229 1448 4272 annum
1478 4213 1597 4271 343
1629 4211 1818 4272 fuisse
1846 4210 2306 4291 compositum:
2341 4210 2651 4291 siquidem
2682 4227 2764 4291 eo
2787 4207 2997 4269 adhuc
3029 4207 3279 4291 vivente
3313 4224 3477 4291 esse
3520 4206 3763 4291 editum

352 4293 607 4371 constat
636 4306 710 4349 ex
741 4289 878 4370 ipso
909 4291 1192 4353 exordio.
1225 4296 1322 4352 An
1353 4291 1501 4352 item
1530 4291 1906 4370 integervsit,
1941 4285 2099 4352 forte
2129 4290 2324 4370 possit
2353 4285 2493 4371 quis
2523 4290 2585 4351 in
2617 4289 2879 4371 dubium
2911 4306 3136 4371 vocare
3166 4307 3243 4349 ex
3264 4286 3362 4348 his
3386 4285 3605 4367 primis
3629 4305 3760 4347 ver-

346 4368 465 4461 his,
493 4374 594 4461 ⁸καὶ
616 4368 785 4461 τοῦτο
812 4376 874 4431 ού
903 4380 1218 4449 νοήσαντες,
1252 4378 1395 4461 etc.,
1434 4391 1576 4461 qua?
1607 4368 1931 4461 nimirum,
1964 4391 1994 4432 8

2119 4368 2409 4461 quaedam
2452 4370 2595 4461 jam
2646 4369 2973 4461 praemissa
3025 4368 3756 4461 videntur‘supponere.

344 4448 661 4532 Praeterea
688 4451 894 4530 prima
926 4447 1170 4513 tantum
1199 4447 1346 4532 pars
1378 4447 1496 4514 loci
1528 4452 1837 4532 propositi
1866 4453 1970 4512 hic
1999 4447 2370 4530 explicatur,
2406 4447 2689 4532 nihilque
2732 4450 2993 4511 omnino
3037 4448 3266 4532 dicitur
3297 4447 3401 4532 _de
3430 4447 3556 4509 alia
3587 4447 3759 4527 ejus-

343 4528 485 4613 dem
522 4528 708 4608 parte“
730 4581 746 4608 ,
781 4533 1068 4612 quamvis
1101 4528 1267 4595 totus
1296 4534 1468 4594 locus
1494 4528 1559 4593 in
1590 4528 1775 4595 titulo
1804 4533 1998 4608 veluti
2032 4528 2444 4613 eiplicandus
2474 4528 2891 4613 pro—ponatur.
2924 4533 3155 4613 Verum
3188 4529 3269 4590 ad
3297 4528 3446 4613 haec
3496 4545 3761 4613 respon-

338 4610 469 4692 deri
506 4618 713 4690 potest
739 4608 947 4692 ipsum
979 4632 1056 4675 ex
1085 4614 1428 4692 Evangelio
1459 4613 1746 4676 Matthaei
1778 4613 2010 4685 locum,
2033 4608 2222 4692 quem
2254 4608 2697 4692 exponendum
2730 4611 2991 4692 suscipit
3038 4608 3754 4692 sanctusuAthanasius,

338 4633 469 4670 ueri
506 4633 713 4690 ροιθει
739 4633 947 4692 ipsum
979 4633 1056 4675 ex
1085 4633 1428 4692 mvangeuo
1460 4633 1746 4676 mattnaei
1778 4633 2010 4685 iocum,
2033 4633 2222 4692 quem
2254 4633 2327 4673 ex
2379 4633 2697 4674 onenoum
2730 4633 2991 4691 suscipit
3038 4633 3293 4671 sanctus
3348 4633 3754 4683 amanasius,

334 4690 533 4774 instar
562 4692 990 4774 exordiiesse,
1026 4712 1101 4755 ac
1133 4695 1395 4774 proinde
1425 4713 1569 4755 eum
1602 4698 1770 4755 recte
1800 4695 2075 4755 exordiri
2107 4699 2175 4753 ut
2206 4694 2307 4754 hic
2336 4633 2646 4756 habetur:
2682 4691 2911 4753 deinde
2940 4691 3260 4774 integrum
3294 4688 3440 4749 licet
3469 4688 3534 4749 in
3566 4688 3758 4774 titulo

335 4769 543 4855 locum
571 4772 878 4855 retulerit,
911 4776 1061 4855 quia
1092 4768 1317 4854 nempe
1350 4780 1546 4835 totum
1580 4775 1642 4835 id
1674 4780 1810 4836 erat
1838 4774 2210 4854 capitulum,
2246 4793 2370 4835 non
2402 4774 2565 4855 inde,
2595 4779 2804 4855 tamen
2858 4770 3036 4855 sequi
3088 4776 3289 4831 totum
3318 4786 3606 4855 __quoque
3654 4768 3758 4830 de-

336 4850 545 4994 buisste
575 4848 1105 4934 explicare-Hinc
1134 4848 1269 4936 ipse
1296 4857 1363 4916 in
1393 4856 1654 4918 exordio
1685 4857 1884 4918 solam
1916 4848 2187 4935 primam
2219 4860 2462 4935 partem
2498 4854 2616 4916 sibi
2646 4860 2865 4914 contra
2892 4848 3158 4913 Arianos
3188 4848 3631 4930 explicandam
3664 4867 3760 4911 as-

337 4950 500 4993 sumi
537 4978 551 4994 .

337 4950 551 4994 sumit.

972 5149 1047 5205 IN
1091 5150 1304 5207 ILLUD
1346 5168 1359 5206 :

341 5234 539 5311 Omnia
568 5256 707 5312 mihi
735 5256 940 5312 tradita
984 5260 1119 5312 sunt
1163 5274 1198 5313 a
1243 5259 1412 5315 Patre
1438 5274 1576 5331 meo,
1606 5263 1661 5315 et
1690 5276 1850 5316 nemo
1893 5274 1992 5314 no-

419 5389 464 5425 ³⁰
498 5391 515 5444 Ι
551 5388 679 5446 Cor.
712 5407 753 5459 ι,
786 5392 874 5446 30.
908 5390 950 5425 ³¹
983 5390 1189 5447 Matth.
1220 5408 1298 5457 χι,
1330 5391 1422 5447 27.

2812 5148 2920 5198 ΕΙΣ
2951 5147 3052 5214 το,

2109 5254 2290 5309 Πάντα
2349 5273 2445 5325 μοι
2503 5246 2774 5328 παρεδόθη
2839 5249 2943 5305 ὑπὸ
3011 5254 3108 5305 τοῦ
3185 5248 3395 5325 Πατρός
3458 5270 3564 5322 μου
3596 5293 3612 5320 ,
3669 5249 3760 5304 καὶ

404 5522 515 5594 (51)
559 5522 786 5598 Similia
830 5524 1126 5581 habentur
1174 5523 1233 5579 in
1283 5524 1533 5597 epistola
1581 5525 1652 5581 de
1702 5521 1994 5581 sententia

2107 5518 2332 5598 Esaiae?-

332 5588 621 5664 Dionysii.
1320 5588 1336 5597 ‘

2145 5588 2307 5664 ’(53)
2336 5591 2503 5649 Gobl.
2555 5596 2613 5649 et
2662 5591 2919 5651 Felckm.
2970 5591 2994 5647 1
3057 5605 3390 5664 ano_nym.,_
3419 5588 3618 5664 κράτος
3646 5588 3755 5664 gat:

403 5660 512 5742 (51f)
541 5666 702 5737 iteg.,
840 5667 1102 5742 συνέχων.
1136 5666 1328 5742 Editio
1368 5667 1662 5742 Comma]:
1683 5670 1740 5723 et
1780 5668 1815 5721 6
1845 5681 1987 5742 mss.

2107 5662 2227 5742 τούς
2260 5660 2486 5727 αἰῶνας.
2510 5663 2705 5739 Ἀμήνο
2741 5667 2805 5722 In
2837 5665 2954 5721 fine
2981 5664 3089 5717 τῶν
3122 5660 3333 5721 αἰώνων
3358 5660 3524 5721 deest
3552 5662 3614 5720 in
3645 5661 3753 5720 Re-

335 5737 591 5794 Felckm.
624 5735 904 5796 mendose
931 5735 1434 5813 habentem”...
1470 5740 1601 5798 Mox
1628 5740 1889 5812 Seguer.,
1913 5735 1987 5800 ὡς
2100 5735 2195 5811 gio
2226 5754 2340 5796 ms.
