4178 6380
386 402 504 469 209

459 531 635 612 οὐδεὶς
694 529 967 612 γινώσκειΔ
1008 537 1161 612 (54),
1196 533 1279 599 τίς
1340 533 1496 612 ἐστινΔ
1538 536 1565 590 6
1611 530 1739 612 Υιᾷς
1792 532 1837 612 εἰ

458 604 789 683 Πατήρῄκαὶ
818 606 902 670 τίς
953 604 1185 683 tam}
1219 610 1406 683 Πατῇρ
1457 608 1500 663 εἰ
1558 610 1631 682 μὴ
1676 609 1703 662 6
1759 604 1910 679 Υἱός,
1948 607 2039 660 καὶ

457 682 501 753 ᾧ
533 679 623 737 ἐὰν
659 679 926 755 βούληται
960 682 987 735 6
1016 682 1137 743 Υἱὸς
1167 679 1535 753 ἀποκαλῦψαι.

461 772 509 828 1.
542 769 642 825 Καὶ
673 774 833 825 τοῦτο
866 768 927 823 οὐ
958 772 1251 840 νοήσαντες
1294 772 1344 825 o't
1390 777 1491 839 τῆς
1539 770 1791 845 αἱρέσεως
1830 766 2042 843 Ἀρείου

390 854 648 921 Εὖσέϐιύς
679 880 737 914 τε
765 860 854 913 καὶ
882 860 933 913 οἱ
966 858 1055 913 σὺν
1112 859 1278 931 αὐτῷ,
1333 855 1609 914 ἀσεϐοῦσιν
1669 859 1743 921 εἰς
1792 858 1882 912 τὸν
1937 858 2040 911 Κύ-

388 968 524 1022 ριον·
582 948 709 1026 φασὶ
755 949 879 1023 γάρ·
933 948 996 1003 Εἰ
1043 950 1110 1003 τὰ
1157 951 1330 1003 πάντα
1382 946 1653 1021 παρεδόθη
1706 949 1901 1022 (πάντα
1949 945 2041 1002 λέ-

386 1058 574 1113 γοντες
630 1040 729 1107 τὴν
788 1038 1084 1113 κυριότητα
1128 1045 1228 1107 τῆς
1280 1039 1549 1113 κτίσεως),
1602 1039 1667 1106 ἧν
1714 1058 1846 1092 ποτε
1879 1084 1891 1107 ,
1955 1036 2044 1091 ὅτε

388 1127 486 1182 οὐκ
510 1126 655 1203 εἶχεν
690 1124 843 1183 αὐτά.
876 1127 935 1182 Et
968 1125 1025 1182 δὲ
1056 1126 1153 1181 οὐκ
1202 1128 1365 1202 εἶχεν,
1397 1128 1495 1182 οὐκ
1525 1125 1664 1182 ἔστιν
1700 1126 1758 1182 ἐκ
1803 1131 1899 1181 τοῦ
1932 1132 2038 1181 Πα-

389 1215 539 1291 τρός·
573 1217 637 1271 Εἰ
668 1218 771 1291 γὰρ
802 1217 892 1285 ἧν,
928 1217 1074 1292 εἶχεν
1110 1216 1167 1271 ἂν
1224 1216 1358 1272 αὐτὰ
1407 1218 1486 1272 ἀεὶ
1539 1216 1589 1287 ἐξ
1632 1216 1791 1271 αὐτοῦ
1825 1214 1922 1286 ὢν,
1952 1214 2041 1270 καὶ

390 1304 580 1382 χρείαν
610 1304 709 1361 οὐκ
740 1306 859 1381 εἶχε
888 1311 985 1361 τοῦ
1041 1300 1224 1361 λαϐεῖν
1277 1306 1429 1364 αὐτά.
1481 1304 1657 1361 Ἀλλά
1703 1306 1935 1379 καὶ
1986 1303 2045 1359 ἐκ

388 1394 583 1449 τούτου
646 1393 857 1469 μᾶλλον
916 1398 950 1464 ἡ
1028 1391 1181 1450 ἄνοια
1253 1396 1427 1451 αὐτῶν
1507 1394 1859 1471 ὲλεγθήσεται
1895 1438 1907 1451 .
1970 1393 2042 1450 Οὐ

388 1485 492 1559 γὰρ
548 1489 645 1539 τοῦ
719 1481 907 1561 ἄρχειν
966 1492 1066 1555 τῆς
1120 1484 1345 1547 κτίσεως
1380 1530 1398 1557 ,
1464 1488 1499 1555 ἢ
1570 1490 1666 1539 τοῦ
1744 1485 2040 1539 ἐπιστατεῖν

384 1577 493 1629 τῶν
525 1575 873 1647 ποιημάτων,
924 1574 1258 1649 σημαντικόν
1308 1574 1417 1630 ἐστι
1466 1576 1528 1630 τὸ
1574 1576 1756 1651 ῥητὸν,
1796 1573 1940 1629 ἀλλά
1968 1595 2044 1627 τι-

384 1684 447 1719 να
472 1668 592 1719 νοῦν
640 1671 741 1733 τῆς
774 1663 1094 1738 οἰκονομίας
1143 1662 1391 1734 δηλῶσαι
1443 1663 1617 1721 θέλει.
1656 1666 1725 1725 »Εἰ
1777 1666 1904 1741 γὰρ,
1956 1663 2045 1719 ὅτε

388 1750 565 1829 ἔλεγε,
600 1750 870 1829 παρεδόθη
924 1752 1091 1825 αὐτῷ,
1138 1752 1307 1823 δῆλον
1338 1753 1420 1809 ὅτι
1454 1758 1568 1829 (56)
1601 1754 1706 1831 πρὸ
1750 1758 1846 1809 τοῦ
1878 1749 2041 1827 λάϐῃ,

386 1844 510 1911 κενὴ
544 1842 609 1911 ἦν
644 1845 678 1913 ἠ
713 1842 887 1905 κτίσις
935 1847 1031 1897 τοῦ
1082 1842 1285 1918 Λόγου.
1320 1844 1417 1899 Καὶ
1468 1848 1573 1899 ποῦ
1621 1844 1703 1913 τὸ,
1753 1846 1828 1898 Τὰ
1871 1841 2044 1898 πάντα

389 1930 471 1987 ἐπ’
501 1909 677 2003 -αῦτῷν
714 1932 1038 2003 συνέστηκεν
1071 1951 1085 2002 ;
1237 1930 1315 2004 δὲ,
1365 1934 1477 2007 ἅμα
1524 1938 1603 2005 τῷ
1648 1909 1889 2009 γενέσθαι
1944 1935 2043 2001 τήν
2075 1909 2124 1975 Β

386 2020 580 2092 κτίσιν,
612 2018 883 2096 παρεδόθη
936 2020 1082 2093 αὐτῷ
1133 2026 1275 2076 πᾶσα
1323 2026 1456 2096 (57)·
1490 2022 1653 2098 χρεία
1704 2023 1802 2077 οὐκ
1848 2023 1915 2091 ἢν
1947 2042 2040 2076 πα-

389 2107 689 2187 ραδόσεως·
742 2111 917 2165 πάντα
963 2112 1066 2185 γὰρ
1100 2110 1187 2165 δι’
1233 2110 1397 2165 αὐτοῦ
1440 2110 1673 2184 ἐγένετο,
1724 2113 1814 2167 καὶ
1861 2133 2043 2188 περιτ-

390 2199 483 2254 τὸν
526 2198 589 2252 τὸ
628 2196 1019 2275 παραδίδοσθαι
1065 2203 1145 2271 τῷ
1190 2200 1371 2274 Κυρίῳ
1416 2205 1602 2271 ταῦτα,
1638 2202 1710 2255 ὧν
1740 2200 1899 2263 αὐτός
1932 2200 2042 2256 ἐστι

394 2284 774 2363 δημιουργός.
828 2287 1023 2361 Κύριος
1074 2290 1178 2365 γὰρ
1228 2290 1294 2358 ἦν
1343 2294 1450 2343 τῶν
1496 2288 1795 2365 γινομένων
1859 2290 1909 2345 έν
1963 2296 2043 2363 τῷ

395 2382 571 2432 ποιεῖν
597 2376 749 2434 αὐτά.
776 2374 953 2433 Ἀλλὰ
966 2377 1055 2432 καὶ
1080 2378 1123 2433 εἰ
1147 2380 1260 2450 (58)
1285 2380 1417 2451 μετὰ
1435 2381 1496 2434 τὸ
1516 2378 2042 2456 γενέσθαιπαρεδόθη

394 2464 562 2537 αὐτῷ,
597 2464 783 2520 σκόπει
829 2467 891 2520 τὸ
939 2464 1159 2521 ἄτοπον.
1212 2468 1273 2521 Εἰ
1323 2469 1425 2542 γὰρ
1474 2467 1769 2544 παρεδόθη,
1810 2470 1899 2524 καὶ
1932 2473 2048 2525 ἀνε-

396 2556 651 2630 χώρησεν
686 2555 714 2610 6
746 2556 932 2631 Πατὴρ
965 2550 1228 2618 λαϐόντος
1275 2557 1492 2611 τούτου·
1524 2560 1613 2612 καὶ
1663 2556 2042 2632 κινδυνεύομεν

392 2643 469 2705 εἷς
500 2645 597 2706 τάς
626 2664 789 2699 τινων
827 2641 1163 2719 μυθολογίας
1214 2644 1487 2718 ἐμπεσεῖν,
1520 2645 1623 2716 δτι,
1654 2646 1833 2720 τούτῳ
1871 2668 2042 2722 παρα-

390 2729 536 2802 δοὺς,
571 2731 732 2794 αὐτὸς
765 2733 992 2805 ἀπέστη,
1026 2734 1094 2787 Ἣ
1140 2733 1186 2787 εί
1234 2738 1331 2788 τοῦ
1364 2736 1491 2789 Υἱοῦ
1525 2731 1771 2811 ἔχοντος,
1808 2736 1921 2812 ἔχει
1954 2738 2042 2792 καὶ

391 2822 417 2876 6
452 2822 658 2898 Πατὴρ,
698 2819 805 2876 ἔδει
861 2823 936 2895 μὴ
998 2822 1189 2890 εἰπεῖν,
1225 2822 1520 2898 παρεδόθη,
1574 2824 1699 2881 ἀλλ’
1749 2826 1833 2881 ὅτι
1882 2848 2045 2902 προσ-

390 2905 615 2965 ελάϐετο
664 2911 952 2981 κοινωνὸν,
1000 2912 1075 2973 ὡς
1109 2910 1326 2975 Παῦλος
1376 2914 1465 2967 τὸν
1512 2912 1835 2971 Σιλουανόν.
1869 2913 2046 2970 Ἀλλά

386 3000 477 3054 καὶ
505 2997 718 3073 μᾶλλον
750 2996 950 3054 ἄτοπον
992 3005 1174 3054 τοῦτο·
1227 3000 1288 3055 οὐ
1338 3003 1441 3076 γὰρ
1494 3000 1675 3073 ἐνδεὴς
1709 3004 1736 3058 6
1766 3006 1917 3077 Θεὸς,
1952 3004 2043 3058 οὐ-

390 3085 448 3144 δὲ
494 3085 583 3143 διὰ
632 3088 822 3163 χρείαν
874 3083 1248 3163 προσελάϐετο
1298 3090 1388 3144 τὸν
1438 3092 1557 3145 ι”ιὸν
1611 3092 1688 3154 εἷς
1749 3095 2001 3167 βοήθειαν
2030 3114 2042 3126 ’

389 3174 556 3250 ἀλλὰ,
590 3179 777 3254 Πατὴρ
827 3175 899 3232 ὢν
952 3182 1049 3233 τοῦ
1098 3179 1300 3253 Λόγου,
1354 3181 1527 3235 πάντα
1575 3179 1642 3236 δι’
1684 3181 1847 3237 αὐτοῦ
1874 3189 2041 3253 ποιεῖ,

1201 401 1281 466 ΙΝ
1326 399 1596 477 ILLUD,
1643 398 1899 464 OMNIA
1941 393 2115 459 MIHI
2158 393 2501 458 TRADITA
2546 394 2777 471 SUNT,
2824 396 2999 459 ETC.

1902 533 1974 606 μή
2010 532 2037 610 ᾧ
2067 529 2124 597 Α
2223 541 2304 593 vit
2332 541 2456 610 quis
2484 541 2553 595 sit
2576 538 2767 607 Filius,
2800 538 2916 595 nisi
2940 538 3127 602 Pater,
3160 543 3211 593 et
3240 536 3361 608 quis
3387 536 3459 592 sit
3478 536 3673 610 Pater,
3711 537 3802 593 ηἰ-

3680 394 3804 461 210

2222 613 2274 667 si
2299 609 2500 681 Filius,
2531 620 2581 667 et
2608 614 2699 666 cui
2731 612 2962 667 voluerit
2990 612 3164 666 Filius
3196 610 3440 664 revelare
3470 609 3535 662 ³³.

2227 776 2276 829 1.
2306 774 2367 829 ld
2395 790 2626 845 quoque
2647 790 2761 829 non
2785 772 3177 845 intelligentes
3205 771 3324 826 Arii
3360 768 3600 827 haresis
3622 772 3806 825 secta-

2153 867 2311 919 tores
2341 863 2627 919 Eusebius
2662 865 2908 935 ejusque
2952 862 3237 934 gregales,
3272 860 3450 927 impie
3497 860 3557 915 in
3607 859 3803 915 Domi-

2153 970 2296 1008 num
2329 957 2532 1023 agunt.
2566 953 2869 1023 Siquidem
2922 952 3003 1006 illi
3055 952 3164 1006 hac
3207 966 3342 1006 voce
3388 952 3575 1005 omnia
3605 964 3803 1003 rerum

2153 1046 2480 1097 creatarum
2512 1042 2881 1097 dominatum
2912 1040 3495 1112 comprehendentes,
3530 1038 3602 1093 ad
3646 1037 3804 1092 hunc

2154 1132 2396 1186 modum
2431 1135 2918 1203 argumentantur
2950 1146 2963 1185 :
2996 1129 3055 1184 Si
3086 1129 3285 1184 omnia
3314 1128 3364 1183 ei
3396 1127 3614 1183 tradita
3643 1132 3801 1194 sunt,

2153 1221 2264 1276 fuit
2294 1236 2430 1291 ergo
2462 1219 2777 1291 aliquando
2808 1224 3203 1290 tempus,cum
3233 1216 3334 1273 illa
3359 1235 3475 1272 non
3510 1216 3801 1271 habuerit.

2154 1310 2315 1376 Quod
2346 1308 2393 1365 si
2428 1308 2743 1379 aliquando
2775 1326 2888 1363 non
2923 1308 3148 1374 habuit,
3199 1323 3315 1361 non
3358 1310 3448 1361 est
3494 1320 3563 1360 ex
3610 1309 3801 1359 Patre.

2152 1400 2300 1456 Nam
2334 1400 2384 1455 si
2415 1415 2483 1455 ex
2513 1398 2679 1453 Patre
2709 1401 2884 1464 esset,
2918 1396 3017 1453 illa
3046 1396 3299 1468 profecto
3320 1411 3551 1466 semper
3570 1392 3806 1449 habuis-

2154 1495 2242 1546 set
2275 1489 2370 1561 qui
2383 1507 2490 1561 ppc
2521 1488 2621 1559 qui
2653 1492 2808 1545 esset
2835 1504 2903 1542 ex
2931 1486 3120 1555 Patre,
3173 1501 3278 1541 nec
3327 1484 3569 1556 proinde
3599 1500 3665 1539 ea
3708 1499 3803 1538 ac-

2153 1579 2344 1650 cipere
2378 1579 2459 1634 illi
2494 1578 2700 1634 fuisset
2730 1593 2984 1633 necesse.
3018 1576 3233 1631 Verum
3275 1573 3411 1629 inde
3462 1572 3637 1628 etiam
3667 1570 3806 1626 faci-

2152 1666 2267 1725 lius
2319 1683 2521 1724 eorum
2580 1665 2979 1739 insipientiam
3026 1663 3369 1720 convincere
3422 1660 3639 1716 licebit.
3692 1660 3809 1715 Nec

2153 1757 2309 1813 enim
2342 1774 2534 1814 rerum
2569 1761 2898 1813 creatarum
2947 1754 3069 1809 sive
3117 1754 3405 1809 factarum
3437 1749 3805 1806 dominatum

2152 1850 2209 1903 et
2240 1846 2636 1919 principatum
2663 1846 2901 1901 denotat
2932 1860 3040 1899 vox
3071 1842 3193 1909 illa,
3218 1842 3320 1897 sed
3352 1840 3670 1912 quemdam
3697 1838 3811 1893 dis-

2155 1935 2516 2009 pensationis
2548 1951 2789 1991 sensum
2822 1932 3089 1988 includit.
3143 1931 3203 1986 Si
3249 1929 3407 1986 enim
3457 1945 3594 1983 cum
3633 1928 3811 1983 verba

2156 2025 2253 2080 illa
2286 2024 2550 2097 protulit,
2585 2023 2783 2080 omnia
2821 2028 2960 2077 tunc
3008 2022 3059 2077 ei
3112 2024 3252 2076 sunt
3294 2018 3529 2084 tradita,
3563 2016 3809 2073 manife-

2156 2118 2316 2169 stum
2364 2117 2453 2170 est
2500 2113 2668 2169 Verbi
2720 2111 2988 2167 inutilem
3022 2109 3202 2165 fuisse
3233 2107 3610 2177 creationem,
3644 2109 3808 2162 ante-

2155 2220 2334 2276 quam
2379 2219 2445 2258 ea
2494 2202 2800 2274 acciperet.
2849 2200 3012 2266 Quod
3062 2198 3111 2255 si
3156 2197 3237 2252 ita
3285 2200 3392 2263 est,
3445 2195 3544 2267 qui
3604 2210 3807 2249 verum

2155 2295 2349 2365 potest
2378 2291 2691 2361 esse,quod
2723 2290 2793 2345 de
2822 2288 2922 2344 illo
2952 2288 3204 2343 dicitur:
3240 2286 3438 2341 Omnia
3466 2286 3530 2339 in
3550 2285 3665 2355 ipso
3686 2298 3813 2339 con-

2154 2386 2305 2438 stant
2346 2382 2428 2436 33?
2476 2381 2535 2437 Si
2586 2397 2717 2435 vero
2763 2383 2901 2435 tunc
2960 2394 3093 2433 cum
3154 2376 3373 2431 ﬁebant
3428 2390 3521 2429 res
3579 2376 3805 2437 creatas,

2156 2488 2360 2528 omnes
2390 2469 2473 2525 illi
2506 2470 2749 2525 traditas
2781 2468 2963 2523 fuisse
2992 2467 3238 2535 dicatur,
3268 2464 3327 2518 id
3358 2480 3499 2519 sane
3538 2478 3654 2517 non
3708 2476 3810 2516 ne-

2156 2576 2319 2617 cesse
2350 2560 2479 2624 fuit,
2512 2558 2804 2630 siquidem
2837 2556 3036 2611 omnia
3056 2570 3159 2626 per
3202 2554 3397 2624 ipsum
3449 2551 3603 2607 facta
3633 2554 3807 2617 sunt;

2156 2667 2221 2706 ac
2254 2649 2496 2721 proinde
2527 2661 3024 2719 supervacaneum
3060 2644 3170 2698 fuit
3200 2641 3305 2696 illa
3342 2639 3587 2696 Domino
3634 2638 3807 2707 tradi,

2157 2756 2409 2812 quorum
2440 2738 2565 2809 ipse
2605 2740 2731 2793 erat
2778 2734 2987 2807 opifex.
3042 2733 3189 2787 Nam
3239 2747 3369 2786 vere
3414 2745 3632 2796 rerum,
3682 2744 3813 2799 quae

2156 2829 2393 2895 fiebant,
2427 2826 2714 2883 Dominus
2744 2830 2867 2880 erat
2896 2840 3029 2879 cum
3061 2839 3159 2877 eas
3191 2821 3318 2893 ipse
3366 2819 3602 2875 faceret.
3648 2816 3811 2881 Quod

2156 2918 2203 2975 si
2238 2917 2368 2973 illas
2399 2921 2711 2988 postquam
2746 2914 2907 2970 facta:
2939 2916 3079 2967 sunt
3108 2910 3357 2967 traditas
3407 2908 3457 2964 ei
3507 2923 3636 2963 esse
3674 2923 3811 2961 con-

2154 3008 2418 3072 tendant,
2468 3005 2599 3060 vide
2648 3020 2826 3074 quam
2858 3002 2913 3057 id
2948 3001 3025 3056 sit
3053 3000 3400 3056 absurdum.
3436 2997 3499 3053 Si
3529 2996 3687 3053 enim
3728 2994 3813 3049 illi

2155 3096 2383 3151 traditae
2414 3098 2572 3160 sunt,
2605 3108 2789 3164 eoque
2819 3090 3138 3163 accipiente
3188 3085 3431 3143 recessit
3478 3086 3666 3153 Pater,
3719 3100 3814 3156 pe-

2155 3184 2405 3240 riculum
2437 3197 2577 3239 sane
2599 3184 2688 3237 est
2717 3196 2789 3235 ne
2815 3179 2876 3234 in
2904 3178 3296 3251 quorumdam
3330 3173 3561 3231 fabulas
3589 3172 3811 3228 incida-

386 3266 476 3322 καὶ
509 3266 570 3321 οὐ
602 3264 972 3343 παραδίδωσιν
1018 3267 1164 3339 αὐτῷ
1210 3268 1407 3339 κτίσιν,
1456 3267 1602 3325 ἀλλὰ
1652 3269 1720 3324 δι’
1760 3271 1922 3326 αὐτοῦ
1952 3272 2042 3326 καὶ

2158 3290 2311 3341 mus,
2344 3276 2410 3327 ut
2440 3271 2660 3327 scilicet
2690 3273 2964 3341 putemus
2996 3268 3248 3329 Patrem,
3268 3268 3577 3335 postquam
3612 3262 3813 3316 omnia

388 3354 440 3411 ἐν
475 3355 623 3427 αὐτῷ
670 3363 771 3425 τῆς
821 3354 1047 3419 κτίσεως
1092 3363 1331 3431 προνοεῖ,
1382 3356 1519 3413 ὥστε
1571 3356 1711 3432 μηδὲ
1762 3361 2040 3437 στρουθίον

391 3442 515 3497 ἄνευ
541 3448 639 3497 τοῦ
671 3445 880 3521 Πατρὸς
910 3450 1087 3500 πεσεῖν
1124 3445 1199 3507 εἰς
1230 3448 1329 3515 τὴν
1359 3454 1485 3520 γῆν,
1532 3444 1674 3519 μηδὲ
1704 3448 1794 3502 τὸν
1842 3448 2041 3525 χόρτον

392 3532 779 3611 ἀμφιέννυσθαι
829 3531 947 3588 ἄνευ
994 3540 1090 3589 τοῦ
1145 3540 1299 3605 Θεοῦ,
1352 3533 1497 3590 ἀλλὰ
1538 3536 1627 3590 καὶ
1678 3536 2045 3612 ἐργαζομένου

389 3626 487 3676 τοῦ
518 3622 749 3694 Πατρὸς,
783 3620 1098 3698 ἐργάζεσθαι
1129 3624 1219 3679 καὶ
1268 3622 1359 3679 τὸν
1412 3625 1533 3679 Υἰὸν
1584 3622 1688 3687 ἓως
1723 3624 1863 3701 ἄρτι.
1903 3627 2043 3684 Οὐκ-

393 3715 485 3766 οῦν
517 3714 626 3767 τῶν
661 3706 865 3766 ἀσεϐῶν
911 3713 972 3767 τὸ
1023 3711 1279 3789 φρόνημα
1312 3714 1555 3786 μάταιον.
1592 3714 1663 3768 Οὐ
1696 3716 1821 3791 γὰρ,
1856 3716 1932 3778 ὡς
1961 3739 2047 3771 νο-

392 3804 563 3870 οῦσιν,
617 3799 781 3868 ἔστιν,
833 3799 980 3856 ἀλλὰ
1018 3808 1118 3871 τῆς
1162 3804 1299 3857 κατὰ
1346 3800 1516 3878 σάρκα
1563 3802 1882 3877 οἰκονομίας
1936 3804 2047 3860 ἐστὶ

394 3886 701 3959 δηλωτικὸν
727 3891 789 3944 τὸ
822 3889 984 3966 ῥητόν
996 3934 1009 3949 .

2156 3363 2339 3419 Verbo
2370 3359 2711 3426 tradidit,ab
2742 3358 2950 3412 iisdem
2985 3356 3181 3427 ipsum
3213 3352 3576 3409 discessisse.
3608 3350 3711 3405 Vel
3761 3350 3811 3405 si

2158 3452 2407 3508 habente
2438 3449 2600 3516 Filio,
2636 3448 2811 3504 habet
2842 3461 3076 3519 quoque
3114 3444 3305 3509 Pater,
3337 3458 3452 3496 non
3495 3438 3811 3495 dicendum

2156 3545 2299 3610 erat,
2333 3539 2549 3594 Tradita
2593 3541 2717 3593 sunt
2764 3556 2781 3590 :
2830 3536 2927 3591 sed
2978 3534 3131 3605 quod
3181 3531 3391 3587 Filium
3450 3528 3672 3586 socium
3715 3543 3808 3582 as-

2159 3628 2434 3701 sumpsit,
2483 3627 2568 3682 uti
2617 3625 2835 3681 Paulus
2878 3622 3199 3679 Silvanum.
3231 3620 3451 3676 Verum
3490 3619 3600 3673 hoc
3630 3615 3810 3672 etiam

2158 3718 2347 3791 magis
2403 3717 2727 3773 absurdum
2778 3719 2887 3779 est,
2936 3728 3043 3768 nec
3090 3711 3247 3767 enim
3301 3708 3423 3765 ulla
3471 3725 3532 3764 re
3586 3706 3814 3777 indiget

2157 3810 2333 3877 Deus,
2367 3824 2470 3862 nec
2499 3805 2707 3877 inopiae
2740 3821 2918 3859 causa
2950 3801 3160 3859 Filium
3192 3799 3419 3855 socium
3450 3796 3560 3853 sibi
3609 3799 3667 3851 et
3715 3795 3813 3851 ad:

2151 3900 2409 3969 jutorem
2464 3893 2733 3965 adjunxit
2766 3910 2779 3950 :
2813 3892 2913 3949 sed
2963 3890 3103 3963 quia
3124 3894 3293 3945 Pater
3336 3885 3513 3942 Verbi
3542 3889 3650 3956 est,
3683 3900 3809 3939 om-

390 3978 489 4036 nia
518 3996 623 4052 per
652 3980 850 4053 ipsum
880 3980 1045 4049 facit;
1080 3998 1267 4053 neque
1291 3980 1376 4037 illi
1408 4000 1500 4039 res
1532 3988 1754 4040 creatas
1782 3987 1981 4052 tradit,
2014 3987 2115 4043 sed
2147 4003 2248 4059 per
2277 3986 2473 4057 ipsum
2522 3988 2579 4039 et
2626 3984 2685 4038 in
2739 3982 2865 4054 ipso
2916 3981 3092 4036 rebus
3138 3977 3345 4034 creatis
3396 3973 3680 4049 providet,
3731 3973 3815 4029 ita

390 4070 457 4124 ut
508 4085 614 4125 nec
674 4069 1051 4142 passerculus
1102 4071 1228 4126 sine
1283 4075 1452 4126 Patre
1500 4073 1670 4128 cadat
1716 4090 1894 4145 super
1940 4078 2157 4131 terram
2204 4076 2269 4143 ³⁸,
2322 4090 2426 4129 nec
2475 4073 2673 4128 fenum
2724 4072 2850 4127 sine
2903 4076 3015 4126 Deo
3071 4068 3352 4125 vestiatur
3406 4067 3473 4135 ³⁵,
3532 4069 3589 4121 et
3643 4064 3814 4120 Patre

389 4161 667 4230 operante
701 4156 883 4213 Filius
914 4174 1147 4230 quoque
1179 4174 1366 4230 usque
1396 4160 1568 4215 modo
1600 4165 1874 4233 operetur
1901 4164 1967 4218 ³⁸.
1994 4163 2158 4219 Vana
2185 4163 2383 4235 itaque
2414 4166 2470 4217 et
2500 4162 2684 4217 futilis
2730 4165 2819 4216 est
2868 4160 3183 4231 impiorum
3234 4153 3653 4227 interpretatio.
3695 4153 3813 4207 Nec

388 4246 550 4303 enim
580 4246 758 4302 verba
786 4247 858 4302 de
887 4247 1104 4319 quibus
1134 4246 1347 4320 agitur,
1379 4248 1619 4320 perinde
1651 4254 1716 4305 ut
1746 4251 1859 4323 ipsi
1890 4251 2200 4325 explicant,
2233 4252 2449 4309 debent
2479 4249 2726 4323 intelligi
2771 4251 2873 4305 sed
2922 4249 3245 4304 humanam
3302 4243 3476 4300 Verbi
3506 4243 3810 4313 dispensa-

388 4335 609 4392 tionem
636 4334 993 4408 signiﬁcant.

457 4427 513 4479 2.
575 4420 795 4493 Ἐπειδὴ
862 4425 966 4499 γὰρ
1054 4423 1269 4501 ἥμαρτε
1339 4426 1427 4481 καὶ
1500 4428 1781 4482 πέπτωκεν
1854 4429 1881 4482 ὁ
1960 4425 2042 4483 ἅν-

2228 4435 2281 4485 2.
2316 4435 2528 4487 Postea
2558 4429 2711 4484 enim
2747 4443 2923 4499 quam
2957 4424 3215 4497 peccavit
3265 4426 3322 4477 et
3363 4419 3573 4475 cecidit
3609 4418 3808 4486 homo,

386 4514 626 4586 θρωπος,
703 4512 795 4567 καὶ
872 4512 1127 4576 πεσόντος
1202 4513 1366 4570 αὐτοῦ
1440 4517 1505 4570 τὰ
1580 4517 1752 4570 πάντα
1823 4519 2047 4593 τετάρα-

386 4621 529 4670 κται,
602 4602 631 4655 ὁ
697 4601 921 4663 θάνατος
992 4600 1175 4678 ἴσχυεν
1236 4604 1340 4657 ἀπὸ
1398 4602 1595 4677 ’Δδὰμ
1655 4606 1820 4681 μέχρι
1879 4609 2043 4663 Μωυ-

387 4690 527 4751 σέως
582 4692 717 4764 (59),
777 4693 812 4759 ἡ
874 4697 945 4766 γῆ
1007 4694 1391 4766 κεκατήραται,
1450 4694 1478 4747 6
1538 4691 1673 4763 ᾅδης
1732 4694 1955 4768 ἠνοίγη,
2018 4698 2045 4750 ὁ

386 4778 713 4853 παράδεισος
772 4777 1046 4849 ἐκλείσθη,
1104 4781 1131 4833 6
1183 4780 1405 4855 οὐρανὸς
1463 4781 1751 4855 ἐθυμώθη,
1810 4784 1899 4837 καὶ
1956 4784 2040 4839 τέ-

386 4866 483 4930 λος
542 4868 745 4947 ἐφθάρη
807 4871 835 4923 ὁ
914 4867 1198 4943 ἄνθρωπος
1264 4872 1355 4925 καὶ
1431 4872 1786 4942 ἀπεκτηνώθη
1824 4919 1839 4944 ,
1899 4874 1927 4926 6
1987 4871 2044 4927 δὲ

455 4986 501 5061 3_'
531 4986 738 5061 M_atth.
771 5003 848 5053 x1,
880 4982 971 5061 27'.
1048 4988 1094 5023 ³⁸
1122 4986 1343 5045 Coloss.
1378 5006 1416 5052 1,
1446 4988 1532 5043 17.
1610 4989 1654 5023 3"
1685 4988 1891 5045 Matth.
1927 5007 1981 5061 x,
2013 4993 2103 5049 29.

382 5059 427 5095 ³⁸
458 5057 612 5115 Psal.
644 5074 842 5127 xnvm,
876 5058 963 5113 13.

456 5180 862 5265 (534)8ic_l1_eg.
897 5183 1136 5265 Seguer.
1172 5187 1231 5265 et
1260 5182 1579 5265 Basilhftlii
1612 5188 1669 5239 et
1711 5183 2042 5265 editiLgpi-

425 5252 656 5309 ινώσκει.
690 5252 1088 5310 Iid.'mox'xat
1111 5254 1357 5324 habent;
1388 5254 1487 5311 alii
1524 5270 1659 5310 vero
1707 5260 1765 5311 et
1811 5252 2041 5325 editi'ﬁ'.

428 5330 669 5399 raeterea
699 5326 759 5381 in
790 5325 963 5382 editis
993 5332 1312 5383 consuetus
1342 5327 1668 5399 praeﬁgitur
1696 5326 1926 5397 titulus,
1946 5333 2041 5382 τοῦ

379 5345 669 5383 rreterea
699 5345 759 5381 ω
790 5345 963 5382 cuius
993 5345 1312 5383 consuetus
1384 5345 1668 5399 raenguur
1696 5345 1824 5381 mu:

379 5394 433 5452 ἐν
459 5396 670 5480 Ιᾲ-γ-ίοιξ,
702 5401 837 5480 etc,
870 5414 1000 5480 quis
1029 5399 1248 5480 absunt
1280 5416 1313 5455 a
1339 5345 1563 5480 gemet
1591 5400 1824 5480 Seguer,

379 5468 565 5597 ᾱθὲξῗ)
612 5468 705 5526 Sic
752 5468 906 5542 Regi
953 5473 1011 5525 et
1053 5474 1291 5542 Seguer.
1339 5471 1404 5527 In
1432 5468 1587 5527 'aliis
1636 5468 1693 5526 et
1737 5470 1911 5527 editis
1950 5468 2041 5524 καί

422 5556 565 5596 eest.

450 5613 565 5685 (56)
633 5610 758 5685 Sic_
797 5611 1037 5685 Seguer.
1115 5610 1247 5685 Alii,
1298 5616 1494 5685 autem
1570 5616 1663 5685 et,
1702 5612 1864 5685 editi,
1944 5609 2040 5685 δη-

373 5681 583 5771 κρνότι.
616 5682 800 5740 Paulo
830 5681 964 5757 p581:
1013 5700 1119 5757 pro
1167 5681 1249 5738 ἐπ’
1297 5682 1463 5756 αὐτῷ,
1515 5684 1691 5743 Basil.
1720 5724 1723 5727 ς
1751 5684 1930 5741 habet
1988 5684 2041 5739 ἐν

375 5773 550 5828 αυτῳ.

2156 4538 2341 4592 eoque
2398 4520 2641 4575 cadente
2689 4516 2888 4571 omnia
2947 4517 3086 4570 sunt
3138 4510 3501 4585 perturbata,
3534 4523 3693 4562 mors
3735 4506 3807 4561 ab

2154 4611 2340 4666 Adam
2373 4622 2559 4679 usque
2591 4606 2661 4661 ad
2693 4605 2950 4677 Moysem
2990 4600 3237 4657 invaluit
3273 4600 3338 4664 ³⁷,
3370 4595 3681 4653 maledicta
3718 4598 3810 4650 est

2155 4704 2332 4765 terra,
2385 4696 2552 4752 inferi
2603 4694 2784 4766 aperti
2833 4697 2995 4758 sunt,
3054 4690 3293 4745 clausus
3341 4690 3429 4744 est
3475 4684 3806 4758 paradisus,

2156 4788 2283 4844 coeli
2317 4785 2530 4841 infensi
2564 4784 2734 4839 nobis
2766 4786 2906 4839 sunt
2935 4779 3092 4850 facti,
3115 4795 3180 4835 ac
3212 4776 3464 4847 denique
3495 4779 3808 4845 corruptus

2154 4881 2243 4932 est
2273 4876 2448 4931 homo
2480 4878 2537 4929 et
2556 4871 2845 4945 jumentis
2875 4868 3087 4926 similis
3104 4868 3204 4924 83
3226 4865 3467 4922 effectus
3490 4866 3579 4919 est
3606 4863 3807 4935 3“,quze

2181 4993 2227 5027 ³⁸
2259 4990 2465 5047 Matth.
2500 5007 2579 5054 v1,
2612 4991 2698 5043 30.
2778 4989 2821 5023 ⁸⁵
2864 4988 3033 5043 Joan.
3084 5002 3139 5053 ν,
3194 4984 3279 5037 17.
3355 4982 3399 5016 ³⁷
3432 4980 3598 5036 Rom.
3630 4995 3684 5045 v,
3720 4979 3807 5033 14.

2215 5187 2338 5271 ’(57)
2370 5187 2463 5243 Sic
2494 5186 2634 5257 Reg.
2669 5186 2907 5257 Seguer.
2939 5188 2995 5239 et
3028 5182 3203 5240 Basil.
3236 5182 3347 5238 Alii
3378 5197 3509 5238 vero
3555 5183 3612 5236 et
3642 5180 3783 5237 editi

2153 5277 2345 5313 παντα.

2182 5400 2195 5417 ἢ
2224 5331 2336 5401 (58)
2368 5328 2543 5385 Basil.
2576 5325 2665 5380 καί
2694 5330 2826 5400 post
2856 5326 2899 5379 εἰ
2934 5327 3096 5382 addit
3128 5345 3140 5382 :
3178 5327 3318 5398 Reg.
3344 5329 3400 5383 et
3426 5327 3805 5399 Seguer.ante

2153 5421 2333 5544 ει’(59)
2367 5472 2460 5529 Sic
2499 5472 2637 5543 Reg.
2672 5472 3037 5544 “Seguerset
3071 5467 3285 5544 Basil.,
3334 5470 3403 5544 ut
3452 5470 3509 5522 et
3537 5466 3807 5544 habetur

2152 5539 2317 5600 Rom.
2371 5561 2426 5611 ν,
2486 5539 2733 5597 14.Ἀ1ἰί
2772 5539 2835 5594 at
2885 5541 3024 5597 editi
3070 5542 3289 5596 habent
3332 5541 3586 5610 Χριστοῦ.
3622 5539 3804 5611 iidem

2150 5632 2294 5671 mss.
2350 5609 2569 5688 ἴσχυσεν
2626 5613 2842 5669 ibidem
2910 5612 3160 5682 habent;
3228 5611 3325 5667 alii
3383 5609 3441 5667 et
3495 5610 3657 5680 editi,
3724 5609 3804 5663 ἴσ-

2148 5704 2303 5760 χυεν.
