4178 6382
409 425 524 491 211

951 430 1021 497 S.
1064 433 1486 501 ATHANASII
1531 437 1705 502 OPP.
1750 438 1951 502 PARS
1993 438 2041 502 Ι.
2077 469 2157 487 -
2182 438 2607 506 HISTORICA
2651 441 2754 506 ET
2797 439 3283 507 DOGMATIGA.

3701 441 3816 508 li!

407 561 648 651 quidem
674 563 907 625 diabolo
937 584 1116 629 causa
1143 571 1275 644 fuit,
1306 590 1412 632 cur
1439 576 1611 635 nobis
1641 577 1917 651 deinceps
1960 577 2050 635 in-

2171 575 2278 646 (60)
2310 568 2569 639 διάϐολος
2601 572 2865 648 ἐνήλλετο
2916 575 3033 631 καθ’
3318 571 3449 631 Τότε
3495 570 3562 644 δή
3613 574 3644 631 6
3691 576 3820 639 Θεὸς

409 650 675 711 sultaret.
694 655 858 713 Tunc
890 673 1027 732 ergo
1053 662 1342 736 benignus
1363 663 1517 723 Deus
1549 650 1857 725 hominem,
1872 669 1944 725 ad
1967 668 2058 724 sui

410 742 732 815 imaginem
763 752 1023 804 creatum
1055 751 1242 822 perire
1271 753 1476 811 nolens
1506 756 1654 813 dixit
1686 775 1700 814 :
1734 760 1903 827 Quem
1929 759 2058 814 mit-

409 834 548 903 tam,
578 836 629 890 et
666 835 787 906 quis
824 836 962 892 ibit?
1007 840 1249 899 Cunctis
1296 856 1492 901 autem
1541 847 1871 904 tacentibus
1917 848 2063 904 dixit

411 919 596 978 Filius
630 939 642 977 :
674 925 805 981 Ecce
854 942 982 1001 ego,
1029 932 1187 988 mitte
1232 948 1322 989 me
1366 934 1431 989 ³ο.
1474 935 1624 991 Tum
1671 936 1858 1006 Pater,
1923 938 2064 994 vade

413 1009 615 1067 dicens
644 1012 942 1072 hominem
969 1018 1112 1076 Filio
1141 1022 1403 1095 tradidit,
1428 1028 1494 1080 ut
1521 1024 1746 1082 scilicet
1773 1026 1899 1099 ipse
1927 1044 2061 1083 caro

411 1100 596 1169 fieret,
629 1108 687 1159 et
715 1112 1087 1180 assumptam
1118 1126 1355 1170 carnem
1385 1117 1568 1171 totam
1599 1116 1835 1188 penitus
1893 1133 2061 1173 reno-

410 1195 591 1246 varet.
618 1190 730 1259 Illi,
759 1192 1210 1267 inquam,homo
1242 1202 1494 1260 traditus
1523 1210 1614 1261 est
1642 1209 1923 1278 tanquam
1945 1223 2065 1263 me-

411 1279 561 1349 dico,
593 1285 661 1338 ut
689 1299 954 1342 morsum
986 1303 1163 1359 quem
1194 1290 1309 1363 ipsi
1340 1309 1582 1365 serpens
1610 1294 1920 1364 inﬂixerat,
1959 1313 2061 1353 cu-

410 1372 568 1425 raret
601 1386 615 1426 :
649 1374 933 1445 tanquam
963 1376 1115 1445 vita»,
1148 1383 1215 1434 ut
1246 1385 1543 1439 mortuum
1575 1384 1852 1442 excitaret
1884 1402 1896 1439 :
1930 1390 2062 1442 tan-

412 1474 592 1530 quam
619 1459 758 1529 luci,
793 1466 858 1519 ut
885 1465 1014 1535 ejus
1042 1467 1316 1527 tenebras
1335 1469 1698 1531 illuminaret
1728 1491 1743 1530 :
1778 1478 2062 1548 tanquam

406 1547 645 1620 rationi,
678 1554 745 1606 ut
775 1552 1043 1623 ejusdem
1073 1556 1358 1616 rationem
1391 1563 1737 1619 restitueret.
1774 1565 1845 1620 Ut
1886 1547 2065 1637 igitur

412 1642 626 1693 cuncta
661 1638 711 1694 ei
744 1644 885 1697 sunt
931 1644 1146 1701 tradita
1190 1652 1248 1704 et
1294 1649 1483 1707 factus
1514 1660 1599 1705 ml
1641 1652 1834 1720 homo,
1868 1654 2065 1710 omnia

411 1726 614 1816 statim
643 1730 955 1789 emendata
984 1736 1042 1789 et
1070 1737 1324 1806 perfecta
1352 1744 1513 1796 sunt.
1546 1743 1727 1800 Terra
1752 1759 1856 1816 pro
1881 1744 2063 1802 male-

411 1813 668 1873 dictione
708 1817 1173 1881 benedictionem
1221 1829 1464 1902 accepit,
1511 1830 1720 1888 latroni
1753 1813 2063 1891 reseratus

413 1906 504 1959 est
532 1906 863 1980 paradisus,
890 1909 1060 1967 inferi
1090 1918 1475 1987 tremuerunt,
1507 1924 1564 1977 et
1593 1920 1687 1977 his
1716 1921 1813 1993 qui
1847 1922 2061 1978 mortui
2094 1949 2140 2015 Β

413 1997 582 2050 erant
610 1995 894 2066 excitatis,
928 2006 1129 2073 aperta
1175 2009 1315 2061 sunt
1364 2015 1777 2078 monumenta;
1810 2010 2064 2084 denique

411 2086 591 2152 porta
621 2084 747 2140 coeli
773 2085 1001 2146 elevatae
1027 2096 1168 2147 sunt
1207 2094 1272 2161 ω,
1307 2099 1370 2151 ut
1404 2095 1499 2152 ille
1529 2098 1631 2170 qui
1660 2103 1751 2155 est
1780 2115 1849 2155 ex
1877 2101 2060 2156 Edom

409 2170 711 2229 adveniret
733 2175 973 2233 “.Certe
1003 2178 1130 2251 ipse
1159 2181 1424 2241 Salvator
1452 2186 1752 2258 explicans
1802 2205 2059 2260 quonam

411 2260 585 2351 modo
625 2264 824 2321 omnia
869 2265 981 2322 sibi
1030 2269 1246 2327 tradita
1293 2272 1529 2340 fuerint,
1580 2292 1736 2344 mox,
1788 2283 1853 2333 ut
1903 2278 2060 2351 apud

412 2347 754 2408 Matthaaum
801 2352 1034 2428 legitur,
1064 2358 1359 2432 subjecit:
1399 2365 1585 2421 Venite
1628 2367 1699 2422 ad
1740 2383 1833 2433 me
1877 2347 2062 2424 crimes

409 2441 510 2527 qui
536 2439 798 2527 laboratis
824 2454 876 2501 et
903 2450 1121 2505 onerati
1141 2452 1295 2517 estis,
1344 2456 1395 2507 et
1441 2470 1534 2526 ego
1564 2454 1816 2527 reﬁciam
1844 2473 1938 2513 vos
1966 2459 2011 2493 ⁴²
2041 2474 2056 2513 :

411 2525 556 2582 mihi
585 2530 743 2586 enim
772 2533 970 2590 traditi
1002 2536 1169 2605 estis,
1192 2543 1259 2595 ut
1284 2525 1482 2599 labore
1511 2525 1772 2601 defessos
1802 2546 2061 2603 reﬁciam

409 2619 469 2671 et
496 2623 763 2677 mortuos
790 2639 1053 2681 revocem
1083 2628 1154 2683 ad
1186 2627 1386 2687 vitam.
1408 2633 1510 2689 Cui
1541 2637 1600 2689 et
1625 2633 1775 2690 illud
1805 2635 2063 2692 concinit

410 2705 568 2795 quod
600 2706 776 2765 habet
802 2711 1059 2772 Joannes
1090 2734 1104 2774 :
1136 2719 1304 2775 Pater
1326 2721 1519 2795 diligit
1537 2724 1770 2794 Filium,
1793 2732 1845 2780 et
1873 2729 2062 2781 omnia

410 2791 565 2884 dedit
585 2797 647 2852 in
674 2813 849 2857 manu
878 2803 997 2872 eius
1025 2805 1088 2860 ‘3.
1103 2805 1275 2864 Dedit
1292 2791 1452 2867 enim
1474 2815 1539 2867 ut
1556 2791 2059 2884 quemadmodum

412 2883 611 2974 omnia
640 2901 746 2958 per
772 2887 967 2961 ipsum
997 2892 1154 2951 facta
1182 2899 1342 2967 sunt,
1359 2896 1445 2954 sic
1465 2898 1525 2954 in
1551 2883 1679 2972 ipso
1709 2901 1909 2957 omnia
1925 2918 2060 2974 pos-

411 2976 545 3028 sent
584 2973 923 3035 instaurari.
964 2982 1267 3055 Siquidem
1326 3003 1443 3043 non
1501 2989 1716 3046 idcirco
1763 2973 1961 3046 omnia
2006 2989 2060 3047 ei

409 3061 629 3151 tradita
656 3071 819 3135 sunt,
851 3072 917 3126 ut
939 3087 1008 3127 ex
1036 3088 1294 3145 paupere
1323 3075 1484 3133 dives
1512 3077 1697 3145 ﬁeret,
1719 3094 1910 3151 neque
1938 3095 2061 3135 om-

405 3148 506 3205 nia
528 3153 771 3227 accepit,
804 3161 872 3212 ut
900 3163 1246 3231 potestatem
1277 3180 1453 3236 quam
1486 3182 1601 3223 non
1631 3148 1886 3225 habebat
1914 3168 2060 3224 acci-

404 3244 588 3313 peret,
621 3243 807 3301 absitl
842 3248 943 3304 sed
971 3250 1167 3320 potius
1199 3256 1265 3308 ut
1293 3254 1514 3321 omnia,
1544 3258 1829 3328 tanquam
1859 3257 2057 3314 Salva-

402 3330 514 3395 tor,
544 3329 918 3393 instauraret.
950 3338 1171 3414 Nempe
1200 3342 1441 3400 decebat
1469 3345 1781 3403 creationis
1816 3347 2054 3418 quidem

404 3419 708 3478 exordium
748 3440 853 3496 per
882 3427 1066 3499 ipsum
1113 3430 1236 3486 fieri
1281 3432 1347 3503 ιι,
1399 3436 1463 3488 ut
1518 3450 1610 3489 res
1661 3435 2051 3493 exsisterent:

404 3522 606 3564 earum
633 3514 831 3569 autem
859 3513 1370 3593 instaurationem,
1404 3523 1463 3577 in
1494 3524 1610 3594 ipso
1638 3524 1716 3593 ‘5;
1749 3541 1877 3596 qua:
1916 3541 2057 3581 sane

402 3596 581 3655 verba
610 3599 762 3657 inter
791 3619 854 3660 se
885 3604 1183 3664 dili'erunt.
1216 3609 1363 3665 Nam
1393 3610 1559 3668 initio
1590 3612 1830 3684 quidem
1860 3614 2060 3670 omnia

405 3701 511 3757 per
537 3685 735 3759 ipsum
780 3692 932 3750 facta
960 3700 1100 3751 sunt
1130 3702 1195 3753 ut
1224 3703 1423 3755 essent
1453 3715 1467 3754 :
1501 3706 1705 3773 postea
1749 3719 1905 3771 vero,
1957 3703 2058 3760 ubi

405 3774 606 3864 omnia
634 3777 994 3855 defecerunt,
1025 3785 1283 3843 Verbum
1309 3803 1444 3845 caro
1477 3789 1696 3846 factum
1728 3795 1839 3860 est,
1878 3808 2057 3864 quam

406 3862 632 3920 scilicet
662 3866 876 3937 induit,
910 3876 976 3928 ut
1019 3874 1080 3930 in
1128 3874 1257 3947 ipso
1304 3877 1505 3935 omnia
1534 3862 1929 3937 reﬁcerentur.
1963 3881 2060 3937 Si-

407 3951 647 4024 quidem
702 3956 829 4029 ipse
886 3961 1164 4033 patiendo
1220 3981 1327 4021 nos
1384 3968 1685 4039 recreavit,
1746 3970 2060 4027 esuriendo

408 4041 671 4113 nutrivit,
703 4050 761 4102 et
788 4049 862 4105 ad
893 4050 1112 4109 inferos
1152 4052 1559 4113 descendendo
1608 4073 1848 4113 sursum
1895 4062 2060 4115 extu-

405 4129 496 4187 lit.
528 4131 694 4189 Tunc
720 4150 859 4209 ergo
884 4154 1020 4196 cum
1064 4141 1264 4199 omnia
1292 4143 1516 4211 fierent,
1539 4145 1803 4216 jubentis
1841 4147 2063 4203 fiebant

404 4218 676 4294 imperio,
699 4229 764 4280 ut
808 4225 929 4284 hinc
969 4229 1145 4287 verba
1190 4230 1471 4303 indicant,
1503 4233 1828 4307 producant,
1860 4237 1960 4306 ﬁat
1991 4235 2056 4289 ‘5.

407 4310 485 4364 At
511 4308 573 4365 in
602 4326 799 4370 rerum
834 4315 1262 4376 instauratione
1294 4321 1493 4378 omnia
1542 4322 1596 4379 ei
1644 4323 1794 4379 tradi
1840 4323 2056 4395 decuit,

408 4401 475 4453 ut
505 4398 631 4471 ipse
656 4399 833 4459 homo
864 4404 1047 4478 fieret,
1088 4411 1145 4463 et
1180 4408 1380 4466 omnia
1409 4409 1470 4466 in
1501 4427 1568 4467 eo
1600 4415 2055 4481 renovarentur;

406 4485 584 4573 homo
635 4491 792 4548 enim
838 4498 1129 4566 quatenus
1176 4496 1236 4554 in
1282 4497 1383 4555 illo
1440 4503 1584 4568 erat,
1633 4500 2054 4559 viviﬁcabatur.

404 4574 551 4633 Nam
581 4577 841 4638 Verbum
890 4582 1020 4641 ideo
1069 4601 1133 4643 se
1180 4586 1407 4644 homini
1456 4589 1781 4661 conjunxit,
1815 4593 1881 4645 ut
1909 4590 2056 4647 nihil

2171 661 2553 741 φιλάνθρωπος
2597 662 2671 721 ὣν
2722 666 2813 722 καὶ
2866 667 2941 740 μή
2993 664 3166 721 θέλων
3231 664 3526 721 ἀπολέσθαι
3574 665 3665 720 τὸν
3708 666 3825 721 κατ’

2170 752 2351 808 εἰκόνα
2410 752 2691 831 ἄνθρωπον
2723 802 2740 828 ,
2794 751 2970 830 ἔλεγε·
3024 755 3155 809 Τίνα
3212 752 3535 825 ἀποστελῶ,
3596 754 3686 809 καὶ
3741 752 3823 816 τίς

2168 840 2523 919 πορεύσεται;
2570 845 2791 899 Πάντων
2847 865 2907 901 τε
2963 845 3314 916 σιωπώντων,
3362 845 3392 899 6
3452 845 3575 906 Υἱὸς
3620 841 3822 917 ἔλεγεν·

2170 929 2310 987 Ἰδοὺ
2368 931 2479 1007 ἐγὼ
2511 977 2525 1003 ,
2575 932 2897 989 ἀπόστειλόν
2961 953 3071 1007 με·
3131 935 3222 989 καὶ
3290 932 3357 1003 δὴ
3417 932 3542 989 τότε
3596 930 3773 1007 λέγων
3807 978 3821 1006 ,

2175 1018 2379 1096 βάδιζε,
2429 1020 2740 1098 παρέδωκεν
2778 1023 2925 1096 αὐτῷ
2974 1024 3066 1079 τὸν
3115 1021 3417 1097 ἄνθρωπον,
3461 1022 3555 1077 ἵνα
3603 1022 3825 1097 γένηται

2168 1110 2331 1173 αὐτὸς
2388 1112 2417 1166 6
2474 1111 2653 1187 Λόγος
2707 1114 2834 1187 σὰρξ
2867 1156 2883 1183 ,
2941 1109 3032 1167 καί
3087 1107 3421 1186 παραλαϐὼν
3494 1112 3597 1180 τὴν
3657 1111 3828 1187 σάρκα

2169 1201 2307 1255 κατὰ
2352 1202 2526 1256 πάντα
2573 1198 2939 1273 διορθώσηται
2966 1245 2979 1259 .
3032 1199 3311 1278 Παρεδόθη
3359 1203 3463 1276 γὰρ
3523 1200 3671 1272 αὖτῷ
3704 1242 3719 1270 ,
3748 1198 3826 1261 ὡς

2174 1290 2379 1363 ἰατρῷ,
2430 1293 2751 1365 θεραπεῦσαι
2797 1292 2861 1346 τὸ
2913 1289 3103 1366 δῆγμα
3145 1296 3244 1347 τοῦ
3303 1286 3494 1352 ὅσεως·
3545 1290 3623 1352 ὡς
3683 1292 3817 1362 ζωῇ,

2171 1378 2444 1456 ἀνεγεῖραι
2489 1381 2552 1435 τὸ
2603 1381 2792 1457 νεκρόν
2839 1383 2952 1455 (61)
2991 1399 3004 1412 °
3053 1381 3129 1443 ὡς
3176 1380 3338 1458 φωτὶ,
3386 1380 3720 1453 καταυγάσαι
3766 1376 3828 1433 τὸ

2173 1467 2383 1531 σκότος·
2415 1467 2507 1525 καί
2537 1467 2693 1546 λόγῳ
2742 1465 2878 1541 ὄντι,
2927 1468 3262 1525 ἀνακαινίσαι
3309 1469 3371 1524 τὸ
3422 1466 3688 1542 λογικόν·
3738 1466 3826 1528 Ὦς

2171 1562 2301 1632 γοῦν
2361 1556 2634 1635 παρεδόθη
2691 1558 2837 1631 αὐτῷ
2885 1560 2956 1614 τὰ
3008 1561 3207 1632 πάντα,
3262 1557 3353 1614 καὶ
3402 1552 3830 1633 γέγονε

2171 1669 2295 1719 πος,
2347 1648 2499 1713 εὐθὺς
2540 1647 2820 1724 ,διορθώθη
2871 1649 2962 1704 καὶ
3011 1647 3303 1719 ἐτελειώθη
3351 1650 3422 1704 τὰ
3474 1646 3617 1702 ὅλαι
3669 1648 3705 1715 ἡ
3754 1651 3826 1721 γῆ

2173 1736 2288 1793 ἀντί
2336 1740 2571 1812 κατάρας
2615 1737 2914 1813 εὐλόγηται
2950 1780 2965 1806 ,
3011 1738 3040 1792 6
3088 1734 3415 1812 παράδεισος
3487 1734 3691 1809 ἠνοίγη
3749 1736 3828 1806 τῷ

2173 1824 2345 1901 λῃστῇ
2378 1829 2512 1901 (62),
2547 1828 2575 1882 6
2622 1825 2757 1898 ᾅδης
2810 1826 3025 1897 ἔπτηξε,
3075 1826 3165 1880 καὶ
3203 1826 3272 1881 τὰ
3318 1830 3562 1899 μνημεῖα
3603 1821 3828 1898 ἠνοίγη,

2171 1915 2534 1993 ἐγειρομένων
2591 1922 2697 1972 τῶν
2756 1920 2962 1993 νεκρῶν
2999 1959 3013 1986 ,
3075 1915 3131 1970 αἱ
3201 1912 3373 1969 πύλαι
3443 1920 3541 1969 τοῦ
3598 1913 3830 1989 οὐρανοῦ

2174 2004 2503 2079 ἐπήρθησαν,
2550 2004 2624 2060 ἵν’
2654 2007 2682 2060 6
2715 2005 2766 2077 ἐξ
2819 2003 3008 2078 Ἐδὼμ
3058 2004 3452 2081 παραγένηται.
3497 2000 3722 2076 Ἀμέλει
3765 2001 3829 2054 τὸ

2170 2100 2291 2157 πῶς
2320 2092 2593 2170 παρεδόθη
2644 2094 2792 2167 αὐτῷ
2841 2092 3035 2166 πάντα,
3089 2098 3329 2167 σημᾶναι
3378 2090 3554 2148 θέλων
3595 2090 3760 2153 αὐτὸς
3798 2088 3827 2144 6

2172 2185 2392 2253 Σωτήο,
2425 2182 2699 2259 ἐπήγαγεν
2754 2182 2909 2246 εὐθὺς
2960 2185 3097 2257 (63),
3148 2182 3227 2245 ὡς
3271 2182 3301 2237 ὁ
3331 2181 3605 2244 Ματθαῐός
3638 2194 3825 2258 φησιν’

2170 2277 2333 2328 Δεῦτε
2386 2273 2525 2348 πρὸς
2588 2274 2654 2345 μὶ
2688 2314 2703 2343 ,
2755 2273 2952 2334 πάντες
3014 2271 3067 2327 οἱ
3123 2274 3424 2333 κοπιῶντες
3480 2271 3572 2325 καὶ
3627 2287 3831 2346 πεφορ-

2169 2362 2416 2436 τισμένοι
2443 2406 2462 2435 ,
2518 2363 2673 2437 καγὼ
2730 2361 3022 2417 ἅναπαύσω
3084 2361 3223 2433 ὑμᾶς
3259 2381 3275 2396 σ
3331 2357 3671 2436 παρεδόθητε
3725 2358 3830 2432 γάρ

2174 2472 2291 2524 μοι,
2344 2448 2437 2506 ’ίνα
2492 2453 2855 2513 κοπιάσαντας
3082 2450 3395 2517 ἀναπαύσω,
3449 2449 3541 2504 καὶ
3599 2466 3777 2523 νεκρω
3807 2476 3831 2488 -

2169 2539 2354 2603 θέντας
2386 2542 2736 2611 ζωοποιήσω.
2772 2536 3000 2610 Συνᾴδει
3030 2536 3089 2594 δὲ
3125 2537 3307 2610 τούτῳ
3345 2538 3438 2592 καὶ
3480 2538 3543 2592 τὸ
3574 2537 3724 2611 παρὰ
3748 2538 3831 2605 τῷ

2172 2630 2390 2703 Ἰωάννῃ
2445 2628 2725 2702 κείμενον’
2785 2630 2843 2683 Ὀ
2900 2629 3088 2701 Πατὴρ
3148 2628 3334 2702 ἀγαπᾷ
3385 2626 3476 2681 τὸν
3531 2626 3678 2694 Υἱὸν,
3736 2623 3830 2679 καὶ

2168 2719 2342 2773 πάντα
2398 2715 2629 2774 δέδωκεν
2687 2716 2739 2773 ἐν
2798 2720 2866 2791 τῇ
2917 2717 3067 2794 χειρὶ
3130 2715 3296 2771 αὐτοῦ
3330 2757 3345 2772 .
3406 2712 3618 2771 Δέδωκε
3677 2714 3782 2789 γὰρ
3809 2756 3825 2782 ,

2164 2804 2236 2860 ’ἶν’
2295 2806 2476 2882 ὥσπερ
2538 2804 2607 2862 δι’
2654 2807 2818 2863 αὐτοῦ
2874 2807 2943 2862 τὰ
3000 2806 3169 2861 πάντα
3224 2805 3487 2881 γέγονεν,
3537 2802 3713 2865 οὕτως
3771 2800 3825 2856 ἐν

2168 2895 2316 2968 αὗτῷ
2351 2897 2420 2951 τὰ
2464 2896 2640 2951 πάντα
2690 2896 3128 2964 ἀνακαινισθηναι
3179 2891 3407 2968 δυνηθῇ.
3454 2892 3527 2948 Οὐ
3577 2893 3706 2968 γὰρ⁹
3751 2888 3825 2945 τἕν’

2170 2983 2230 3040 ἐκ
2276 2990 2507 3061 πτωχοῦ
2553 2983 2820 3048 πλούσιος
2868 2985 3117 3061 γένηται,
3175 2980 3447 3060 παρεδόθη
3508 2981 3657 3053 αὐτῷ
3687 2981 3822 3055 (65),

2169 3070 2282 3129 οὐδ’
2330 3072 2445 3144 τίνα,
2505 3075 2582 3136 ὡς
2644 3076 2719 3147 μή
2782 3072 2927 3149 ἔχων
2992 3071 3274 3144 ἐξουσίαν,
3334 3066 3477 3146 λάϐῃ
3535 3070 3776 3142 ἐξουσίαν
3810 3110 3825 3138 ,

2168 3158 2445 3238 παρέλαϐε
2466 3165 2534 3219 τὰ
2564 3165 2758 3233 πάντα,
2797 3164 2872 3236 μὴ
2905 3163 3122 3237 γένοιτο
3157 3164 3170 3219 ι
3207 3159 3335 3218 ἀλλ’
3365 3158 3453 3216 ἵνα
3486 3158 3723 3234 μᾶλλον,
3750 3156 3825 3219 ὡς

2172 3254 2402 3327 Σωτὴρ,
2453 3254 2522 3307 τὰ
2572 3254 2749 3308 πάντα
2796 3250 3163 3326 διορθώσηται
3212 3253 3377 3324 (66).
3432 3256 3676 3324 ’Έπρεπε
3733 3246 3826 3321 μὲν

2170 3343 2275 3417 γὰρ
2318 3342 2420 3410 τὴν
2477 3342 2570 3415 μὲν
2615 3342 2794 3417 ἀρχὴν
2847 3348 2950 3411 τῆς
2998 3338 3368 3415 δημιουργίας
3421 3338 3492 3394 δι’
3533 3338 3701 3395 αὐτοῦ
3738 3356 3827 3410 γε-

2164 3431 2336 3486 νέσθαι
2370 3430 2451 3494 εἷς
2475 3432 2538 3486 τὸ
2571 3431 2708 3487 εἶναι
2757 3430 2913 3502 αὐτὰ,
2961 3432 3062 3499 τήν
3116 3428 3175 3486 δὲ
3222 3427 3506 3505 διόρθωσιν
3551 3427 3606 3483 ἐν
3661 3427 3824 3497 αὐτῷ,

2166 3519 2414 3595 ἐχουσῶν
2474 3518 2734 3598 διαφορὰν
2783 3524 2890 3575 τῶν
2942 3517 3177 3590 λέξεων.
3235 3519 3321 3574 Ἐν
3371 3519 3547 3594 ἀρχῇ⁴
3576 3520 3674 3591 μὲν
3724 3515 3826 3590 γὰρ

2168 3606 2238 3663 δι’
2268 3608 2432 3665 αὐτοῦ
2464 3612 2684 3685 γέγονεν
2717 3610 2793 3672 εἰς
2840 3610 2904 3665 τὸ
2956 3609 3112 3664 εἶναι’
3164 3606 3385 3681 ὕστερον
3427 3604 3505 3680 δὲ,
3553 3606 3827 3662 πεσόντων

2167 3699 2406 3766 πάντων,
2465 3700 2660 3775 γέγονε
2713 3699 2741 3753 6
2797 3697 2970 3774 Δόγος
3024 3697 3194 3775 σὰρξ,
3245 3698 3337 3752 καὶ
3396 3693 3685 3752 ἐνεδύσατο
3738 3690 3828 3748 αὖ·

2166 3790 2285 3859 τὴν,
2330 3786 2403 3843 ἵν’
2454 3787 2507 3844 ἐν
2556 3788 2704 3860 αὖτῷ
2747 3789 2817 3843 τὰ
2862 3785 2968 3843 ὅλα
3008 3787 3328 3862 κατορθωθῇ
3356 3830 3370 3844 .
3430 3787 3668 3862 Πάσχων
3722 3781 3824 3857 γὰρ

2168 3876 2528 3950 αὐτὸς-ἡμᾶς
2573 3877 2838 3932 ἀνέπαυσε
2886 3878 3021 3951 (67),
3074 3875 3165 3930 καὶ
3217 3878 3417 3930 πεινῶν
3469 3874 3635 3938 αὐτὸς
3677 3874 3825 3945 ἡμᾶς

2169 3963 2377 4043 ἔτρεφε,
2408 3966 2499 4021 καὶ
2551 3965 2628 4028 εἷς
2674 3966 2766 4021 τὸν
2803 3962 2938 4036 ᾅδην
2992 3958 3332 4020 καταϐαίνων
3378 3966 3531 4037 ἡμᾶς
3582 3964 3825 4040 ἀνέφερε.

2166 4053 2298 4109 Τότε
2336 4058 2466 4129 γοῦν
2516 4054 2823 4128 γινομένων
2868 4054 3084 4109 πάντων
3133 4052 3462 4129 πρόσταγμα
3504 4053 3571 4124 ἧν
3626 4054 3691 4109 τὸ
3739 4067 3828 4123 γε·

2167 4143 2369 4214 νέσθαι,
2428 4143 2542 4198 οἷον
2595 4143 2677 4217 τὸ,
2731 4142 3061 4219 ἐξαγαγέτω,
3108 4143 3201 4197 καὶ
3234 4186 3249 4214 ,
3306 4144 3564 4217 γενέσθωο
3625 4140 3716 4198 ἐπὶ
3772 4134 3830 4191 δὶ

2167 4234 2237 4305 τῇ
2292 4228 2574 4303 διορθώσει
2619 4218 2994 4308 παραδοθῆναι
3040 4228 3218 4287 πάντα
3255 4225 3505 4308 ἔπρεπεν,
3547 4228 3621 4285 τίν’
3669 4225 3827 4285 αὐτὸς

2168 4320 2389 4396 γένηται
2450 4318 2751 4395 ἄνθρωπος,
2812 4320 2902 4376 καὶ
2958 4319 3009 4376 ἐν
3070 4319 3218 4393 αὖτῷ
3265 4322 3336 4376 τὰ
3391 4322 3570 4376 πάντα
3616 4321 3831 4375 ἀνακαι-

2167 4410 2346 4483 νισθῇ.
2396 4416 2479 4465 Ἐν
2530 4408 2677 4482 αὐτῷ
2725 4410 2830 4486 γὰρ
2882 4407 2954 4464 ὢν
2998 4411 3027 4465 ὁ
3078 4408 3397 4484 ἅνθρωπος,
3450 4409 3823 4479 ἐζωοποιεῖτο·

2168 4496 2257 4554 διὰ
2284 4503 2445 4554 τοῦτο
2491 4500 2594 4574 γὰρ
2645 4496 2953 4571 συνεπλάκη
3002 4500 3031 4553 6
3063 4498 3243 4575 Λόγος
3289 4502 3369 4571 τῷ
3411 4498 3707 4574 ἀνθρώπῳ,
3735 4491 3829 4549 ’ίνα

2169 4591 2206 4657 ἡ
2256 4590 2464 4665 κατάρα
2514 4589 2708 4662 μηκέτι
2761 4587 2959 4664 ἰσχύσῃ
3014 4589 3151 4643 κατὰ
3204 4591 3302 4643 τοῦ
3358 4589 3669 4665 ἀνθρώπου.
3730 4580 3828 4640 Διᾶ

404 4664 659 4737 amplius
690 4674 895 4729 contra
921 4673 1225 4732 hominem
1252 4675 1471 4734 valeret
1500 4676 1850 4735 maledictio.
1907 4678 2055 4736 Hinc

2171 4681 2321 4734 τοῦτο
2369 4664 2474 4752 γὰρ
2517 4676 2694 4732 καὶέν
2748 4672 3148 4752 ἑϐδομηκοστῷ
3184 4678 3392 4754 πρώτῳ
3439 4664 3649 4752 ψαλμῷ
3697 4668 3826 4732 τούς

496 4835 682 4920 fﬂlsa.
712 4842 873 4920 νικᾷ.
948 4843 997 4920 ξίξ
1024 4842 1174 4920 Βεοι.
1206 4861 1368 4920 χχιιι,
1397 4845 1453 4902 7.
1531 4846 1576 4884 ‘1
1628 4846 1741 4904 Isa.
1791 4862 1948 4918 um,
1993 4848 2046 4904 1.

2214 4847 2419 4906 Matth.
2464 4864 2543 4919 x1,
2591 4847 2683 4904 28.
2758 4847 2805 4883 ⁴⁸
2852 4846 3023 4906 Joan.
3067 4865 3155 4918 ιιι,
3200 4847 3292 4906 35.
3365 4848 3415 4884 “
3452 4847 3626 4907 Joan.
3677 4865 3718 4920 ι,
3765 4843 3823 4899 3.

403 4905 448 4941 ⁴⁵
474 4906 684 4981 Ephes.
717 4905 876 4979 ι,’10.
955 4914 999 4950 ⁸⁸
1027 4919 1234 4973 Genes.
1269 4933 1310 4985 ι,
1339 4905 1373 4971 3
1401 4933 1566 4991 seqq.

405 5149 434 5204 ὁ
466 5075 589 5205 (ἕο)
630 5079 771 5154 Reg.
820 5085 1057 5155 Seguer.
1108 5085 1165 5139 et
1212 5084 1411 5154 Basil.,
1465 5082 1572 5138 ὅτε.
1621 5085 1731 5142 Alii
1783 5090 1840 5144 et
1887 5088 2052 5160 editi,

476 5193 567 5278 ’6ιί
618 5223 1024 5294 Gobleriauus,
1056 5225 1145 5280 τὸν
1178 5226 1384 5300 νεκρόν.

476 5223 593 5367 (62)
618 5298 705 5367 Τῷ
724 5292 907 5367 λῃστῆ
940 5296 1159 5355 habent
1184 5301 1324 5367 Reg.
1359 5300 1384 5357 Ε

496 5292 589 5367 62)
611 5292 907 5373 ’Τιῇἑλῃστῇ
940 5292 1159 5355 habent
1184 5292 1324 5371 Reg.
1359 5300 1597 5373 Seguer.
1629 5304 1688 5358 et
1714 5301 1890 5360 Basil.
1914 5301 2057 5360 editi

403 5380 540 5421 vero
569 5371 629 5421 et
658 5366 757 5422 alii
782 5366 1092 5425 omittunt.

480 5437 592 5518 (βξ)
625 5436 796 5518 Εῷθιξς
824 5441 1048 5518 addunt
1079 5442 1217 5515 Reg.
1252 5446 1311 5498 et
1334 5443 1593 5518 segnem,
1629 5445 1730 5501 sed
1773 5444 1874 5518 alii
1912 5445 2056 5518 editi

407 5509 706 5594 omittunt.
740 5510 873 5568 Mox
902 5512 1077 5570 iidem
1127 5509 1193 5571 et
1232 5509 1655 5572 Basil'habe'nt
1692 5514 1844 5593 φησι.
1879 5517 2054 5573 Editi.

409 5598 591 5733 ξφ(δῇ
624 5651 718 5733 Sic
749 5653 886 5733 Reg.
919 5658 976 5711 et
1006 5656 1388 5733 Seguer._Al_ii
1438 5658 1496 5713 et
1544 5659 1710 5733 editi,
1749 5658 2056 5714 κοπιώσαν-

404 5742 521 5799 τας.
549 5723 726 5781 Paulo
748 5723 878 5796 pos't
897 5743 1001 5799 pro
1019 5723 1220 5799 τοῦτῳ,
1244 5729 1476 5787 Gobler.
1494 5734 1553 5787 et
1570 5723 1859 5788 Felc'kmA
1880 5748 2056 5788 anon.

408 5795 629 5855 habent
654 5795 840 5853 τοῦτο.
872 5795 1095 5858 Ibidem
1143 5795 1263 5857 hinc
1307 5802 1505 5873 verba,
1535 5802 1682 5880 παρὰ
1722 5806 1802 5877 τῷ
1847 5802 2060 5877 Ἰωάννῃ

2164 5084 2411 5161 κείμενον
2442 5088 2664 5161 habent
2695 5087 2834 5161 Reg.
2862 5088 3101 5161 Seguer.
3134 5090 3191 5145 et
3220 5087 3421 5160 Basil.,
3452 5104 3581 5159 quae
3621 5086 3721 5147 alii
3766 5085 3825 5141 et

2164 5159 2305 5216 editi
2341 5160 2643 5216 omittunt.

2236 5230 2791 5315 (65“)MReg.‘Sgguer.
2823 5235 2882 5288 et
2909 5229 3086 5315 gasil‘.
3136 5234 3271 5315 post
3312 5230 3555 5315 γένηται,
3583 5227 3821 5315 addugt

2164 5298 2437 5377 παρεδόθη
2463 5298 2659 5374 aera:
2700 5319 2828 5394 quis
2879 5301 2980 5393 alii
3024 5306 3086 5394 εἰ
3131 5298 3273 5361 editi
3320 5298 3621 5393 omittunt:
3673 5298 3822 5409 Ibid:

2166 5374 2308 5445 Reg.
2354 5381 2413 5431 et
2461 5375 2721 5445 Seguer.,
2767 5393 2846 5436 ως
2898 5395 2973 5445 μη
3023 5393 3169 5445 εχων
3225 5372 3488 5445 ἐξουσίαν,
3550 5368 3693 5445 λαϐῃ
3738 5369 3792 5445 ἐς

2168 5391 2308 5498 ηοξ.
2354 5391 2413 5431 et
2462 5391 2721 5458 assueta,
2767 5391 2851 5457 ως
2888 5395 2973 5458 ,μη
3023 5391 3169 5450 εχων
3225 5391 3488 5448 εξουσιαν,
3550 5391 3693 5448 Ααοῃ
3738 5391 3818 5439 ες-

2167 5465 2275 5534 ουσ,
2291 5465 2373 5502 αν.
2447 5446 2561 5504 Alii
2633 5450 2690 5503 et
2761 5446 2925 5519 editi,
3000 5445 3076 5509 ὡς
3155 5447 3231 5519 μὴ
3318 5444 3487 5523 ἔχων,
3577 5441 3818 5517 ἐξουσίαν

2167 5510 2478 5670 sit:
2504 5592 2644 5670 Reg,
2676 5594 2915 5664 Seguer.
2945 5589 3121 5648 Basil.
3153 5593 3213 5646 et
3240 5587 3474 5647 Gobler.
3524 5589 3641 5647 Alii
3684 5600 3818 5644 vero

2167 5663 2226 5717 et
2246 5655 2784 5736 ίεξιξίῒὰμδιορθνώσῃ.υ
2891 5735 2895 5736 γ
2966 5732 2994 5736 ᾧ
3040 5731 3094 5736 __
3252 5733 3295 5736 Α,
3350 5733 3381 5736 _
3576 5733 3589 5736 _
3636 5712 3641 5717 .

2239 5732 2353 5808 _(_67)
2394 5731 2798 5808 ,Sicjseguer‘.
2849 5735 2907 5791 et
2954 5731 3185 5791 Gobler.
3233 5733 3308 5791 At
3348 5733 3516 5808 Reg.,
3564 5733 3818 5793 ἀνέπαυε.

2166 5797 2323 5863 Εᾶἱιί
2336 5797 2411 5863 ἐι
2440 5803 2562 5876 alii,
2594 5797 2841 5861 ἀνέλαϐε.
