4178 6392
426 465 544 532 213

1241 467 1320 531 ΙΝ
1367 465 1625 544 lLLUD,
1673 467 1924 532 OMNIA
1970 465 2142 530 MIHI
2185 466 2528 532 TRADITA
2583 469 2815 548 SUNT,
2859 469 3036 532 ETG.

3729 465 3850 529 214

428 599 706 672 ἀξιοῦντας
766 620 892 680 φασι
944 602 1054 676 (68)
1101 601 1190 656 τὸν
1242 601 1368 658 Θεόν
1415 601 1538 678 περὶ
1593 607 1689 657 τοῦ
1748 601 2082 679 ἀνθρωπείου

2203 604 2295 674 qui
2330 605 2553 678 psalmo
2586 606 3019 680 septuagesimo
3066 603 3277 678 primo,
3310 607 3422 660 Deo
3453 619 3557 677 pro
3587 601 3848 658 humano

426 691 642 766 γένους,
691 691 749 744 Ὀ
805 692 981 762 Θεὸς,
1038 691 1100 746 τὸ
1159 693 1331 768 κρῖμά
1387 712 1481 746 σου
1537 696 1617 764 τῷ
1679 690 1894 767 βασιλεῖ
1952 690 2084 766 δὸς,

422 778 516 835 ’ίνα
561 781 653 836 καὶ
699 781 762 836 τὸ
795 782 912 836 καθ’
960 783 1120 854 ἡμῶν
1170 787 1343 856 κρῖμα
1386 786 1484 836 τοῦ
1533 781 1784 851 θανάτου,
1837 781 1968 855 ὅπερ
2019 783 2084 851 ἦν

427 872 757 944 καθ’ἡμῶν,
815 868 1097 946 παραδοθῇ
1153 877 1232 944 τῷ
1283 872 1414 944 Υὶῷ,
1462 872 1552 926 καὶ
1602 869 1794 926 λοιπὸν
1846 871 2005 934 αὐτὸς
2034 872 2087 926 ἐν

431 959 578 1032 αὗτῷ
625 959 754 1015 αὐτὸ
808 958 1113 1036 ἐξαφανίσῃ,
1163 962 1442 1016 ἀποθανὼν
1496 961 1627 1038 ὑπὲρ
1672 964 1864 1035 ἡμῶν.
1918 966 2087 1016 Τοῦτο

432 1050 536 1125 γὰρ
579 1047 862 1122 σημαίνων
915 1051 1004 1105 καὶ
1054 1050 1214 1114 αὐτὸς
1269 1049 1451 1126 ἔλεγεν
1500 1050 1551 1105 ἐν
1598 1057 1676 1124 τῷ
1730 1049 2090 1126 ὀγδοηκοστῷ

431 1132 656 1212 έϐδόμῳ
705 1136 914 1212 ψαλμῷ
944 1181 955 1193 .
1011 1140 1128 1194 Ἐπ’
1200 1139 1297 1213 ἐμὲ
1374 1139 1740 1216 ἐπεστηρίχθη
1821 1141 1848 1195 6
1915 1141 2086 1212 θυμός

429 1247 547 1282 σου.
607 1228 709 1281 Τὸν
765 1229 868 1302 γὰρ
925 1230 1044 1283 καθ’
1102 1231 1264 1303 ἡμῶν
1327 1230 1494 1303 θυμὸν
1554 1229 1713 1291 αὐτὸς
1772 1225 2088 1303 ἐϐάσταζεν,

431 1317 508 1380 ὡς
540 1319 653 1390 (69)
683 1317 773 1371 καὶ
806 1317 858 1372 ἐν
887 1322 970 1398 τῷ
1002 1319 1274 1390 ἑκατοστῷ
1321 1324 1626 1393 τριακοστῷ
1678 1315 1900 1393 ἑϐδόμῳ
1933 1319 2086 1398 φησί·

429 1405 629 1481 Κύριος
660 1394 1033 1462 ἀνταποδώσει
1069 1408 1200 1484 ὑπὲρ
1234 1407 1390 1482 ἐμοῦ.

494 1497 548 1552 3.
582 1494 738 1550 Οὕτω
791 1497 883 1568 μὲν
931 1494 1020 1550 οὖν
1075 1498 1249 1552 πάντα
1294 1495 1690 1573 παραδεδόσθαι
1738 1503 1817 1566 τῷ
1869 1504 2089 1572 Σωτῆρι

426 1590 567 1640 νοεῖν
609 1582 799 1655 ἔξεστι,
849 1586 940 1640 καὶ
989 1586 1034 1640 εἰ
1086 1583 1167 1642 δεῖ
1215 1589 1484 1657 νοήσαντα
1534 1586 1700 1642 πάλιν
1756 1589 1921 1640 εἶπεῖν
1956 1589 2088 1660 (70),

428 1671 791 1750 παραδέδοται
825 1675 972 1748 αὐτῷ
1002 1677 1134 1751 ἅπερ
1167 1675 1266 1731 οὐκ
1297 1676 1551 1754 εἶχεν.οὐ
1583 1679 1687 1754 γὰρ
1709 1678 1774 1747 ἦν
1812 1675 2091 1752 ἅνθρωπος

434 1764 540 1840 πρὸ
567 1763 786 1833 τούτου,
836 1763 983 1820 ἀλλὰ
1031 1767 1225 1842 γέγονε
1271 1765 1359 1822 διὰ
1403 1769 1466 1823 τὸ
1510 1773 1676 1824 σῶσαι
1723 1774 1936 1828 τοῦτον.
1991 1771 2094 1825 Καὶ

440 1852 538 1907 οὐκ
565 1853 632 1922 ἦν
667 1852 722 1907 ἐν·
748 1854 896 1930 ἀρχῇ
921 1855 1048 1931 σὰρξ
1072 1857 1099 1910 ὁ
1123 1855 1453 1931 Λόγος,άλλ’
1483 1856 1700 1932 ὕστερον
1733 1860 1921 1935 γέγονε
1943 1859 2094 1932 σὰρξ,

442 1941 494 1997 έν
525 1943 676 2013 ᾖκαὶ
725 1944 824 2012 τήν
875 1945 1012 2018 πρὸς
1069 1946 1210 2019 ὑμᾶς
1262 1943 1459 2020 ἔχθραν
1515 1945 1779 2018 διήλλαξε
1823 1949 1959 2002 κατᾶ
2001 1949 2092 2002 τὸν
2125 1981 2174 2046 Β

443 2029 799 2102 Ἀπόστολον,
829 2032 918 2088 καί
968 2035 1060 2089 τὸν
1112 2035 1280 2108 νόμον
1330 2040 1438 2091 τῶν
1472 2035 1712 2092 ἐντολῶν
1761 2037 1812 2092 ἐν
1859 2035 2095 2113 δόγμασι

443 2122 808 2196 κατήρτησεν,
835 2120 929 2178 *ίνα
951 2123 1078 2186 τοὺς
1131 2121 1226 2178 δύο
1256 2124 1412 2199 κτίσῃ
1451 2126 1528 2188 εἷς
1555 2123 1650 2180 ἕνα
1677 2128 1858 2182 καινὸν
1888 2126 2094 2204 ἄνθρω-

443 2229 567 2278 πον,
599 2213 772 2264 ποιῶν
806 2211 1052 2287 εἰρήνην,
1083 2213 1174 2267 καὶ
1224 2212 1642 2289 ἀποκαταλλάξῃ
1686 2215 1815 2278 τοὺς
1864 2216 2098 2294 ἀμφοτέ-

446 2318 574 2372 ρους
604 2297 656 2354 ἐν
688 2299 766 2354 ἑνὶ
815 2301 1030 2374 σώματι
1075 2303 1212 2377 πρὸς
1259 2303 1349 2356 τὸν
1400 2305 1628 2379 Πατέρα.
1663 2310 1728 2359 Ἃ
1765 2305 1947 2378 μέντοι
1979 2299 2096 2380 ἔχει

442 2387 472 2442 6
504 2390 715 2465 Πατὴρ,
763 2394 932 2444 ταῦτα
979 2393 1093 2464 (71)
1135 2391 1225 2446 καὶ
1274 2396 1370 2446 τοῦ
1413 2393 1541 2447 Υἱοῦ
1593 2392 1757 2463 ἐστιν,
1808 2395 1882 2456 ὡς
1935 2395 1986 2449 ἐν
2017 2400 2097 2467 τῷ

442 2477 661 2552 Ἰωάννῃ
709 2479 862 2556 φησί·
906 2478 1107 2548 Πάντα,
1158 2479 1257 2534 ὅσα
1305 2479 1423 2556 ἔχει
1471 2483 1499 2537 6
1552 2485 1760 2559 Πατὴρ,
1809 2482 1914 2557 ἐμά
1963 2483 2092 2554 ἐστι,

441 2567 576 2621 πάνυ
633 2587 698 2638 γε
747 2566 933 2631 καλῶς
965 2568 1206 2644 ἐχόντων
1235 2575 1342 2625 τῶν
1377 2571 1443 2646 ρη
1456 2568 1636 2644 μάτων
1658 2617 1670 2628 .
1706 2574 1831 2627 Ὅτε
1865 2574 1958 2646 μὲν
1991 2574 2094 2648 γὰρ

443 2654 575 2730 ὅπερ
608 2655 708 2711 οὐκ
736 2657 803 2726 ἧν
837 2656 1068 2733 ἐγίνετο,
1099 2657 1455 2734 παραδίδοται
1486 2660 1632 2734 αὐτῷ
1660 2663 1727 2716 τὰ
1755 2663 1928 2718 πάντα
1961 2681 1975 2694 ·
2008 2661 2097 2718 ὅτε

444 2741 502 2800 δὲ
527 2746 627 2815 τὴν
677 2747 814 2822 πρὸς
844 2747 935 2802 τὸν
987 2749 1200 2823 Πατέρα
1250 2747 1476 2819 ἑνότητα
1524 2756 1763 2823 σημᾶναι
1817 2750 2093 2826 βούλεται,

444 2833 505 2890 οὐ
543 2837 792 2912 κρύπτει,
842 2835 989 2891 ἀλλὰ
1035 2834 1275 2894 διδάσκει
1327 2837 1526 2914 λέγων·
1580 2841 1778 2912 Πάντα,
1827 2841 1927 2896 ὅσα
1974 2839 2094 2920 ἔχει

441 2925 471 2979 6
502 2927 714 3000 Πατὴρ,
767 2921 874 2999 ἐμά
923 2926 1057 2982 ἐστι.
1101 2927 1202 2984 Καὶ
1249 2929 1351 2998 τὴν
1401 2924 1675 3006 ἀκρίϐειαν
1727 2932 1838 3007 χρὴ
1885 2933 2094 3004 θαυμα-

442 3016 549 3082 ζειν
607 3018 706 3068 τοῦ
767 3012 958 3089 λόγου.
1018 3015 1092 3071 Οὐ
1154 3017 1258 3092 γὰρ
1317 3014 1523 3092 εἷ’ρηκε,
1584 3020 1766 3074 Πάντα
1829 3021 1926 3074 ὃσα
1978 3015 2096 3096 ἔχει

443 3104 473 3158 6
506 3104 718 3180 Πατὴρ,
751 3100 955 3159 δέδωκέ
986 3107 1098 3179 (72)
1137 3126 1251 3178 μοι,
1280 3104 1372 3161 τίνα
1408 3108 1505 3179 μὴ,
1540 3106 1614 3170 ὥς
1646 3129 1777 3163 ποτε
1810 3111 1884 3182 μὴ
1927 3106 2098 3185 ἔχων,

439 3188 658 3269 δειχθῇ·
690 3190 814 3247 ἀλλ’
873 3192 956 3248 ὅτι
1017 3190 1124 3267 ἐμά
1175 3193 1336 3250 ἐστιν.
1396 3197 1598 3251 Ὂντων
1649 3198 1752 3271 γὰρ
1785 3196 1835 3252 ἐν
1883 3202 1950 3271 τῇ
1999 3203 2095 3253 τοῦ

441 3282 656 3358 Πατρὸς
687 3281 899 3354 ἐξουσίᾳ
926 3281 1153 3356 τούτων,
1189 3281 1328 3339 ἔστιν
1380 3284 1590 3358 ὁμοίως
1622 3285 1673 3340 ἐν
1718 3291 1786 3360 τῇ
1816 3291 1912 3341 τοῦ
1945 3288 2091 3342 Υίοῦ.

438 3370 499 3424 Τί
535 3368 595 3425 δὲ
626 3369 744 3446 ἔχει
791 3373 819 3426 6
871 3373 1082 3448 Πατὴρ,
1134 3371 1434 3443 ἐξεταστέον
1479 3373 1665 3432 πάλιν.
1716 3376 1776 3431 Εἰ
1841 3377 1935 3449 μὲν
1989 3379 2092 3453 γὰρ

438 3459 540 3527 τὴν
574 3459 746 3514 κτίσιν
777 3460 1053 3534 σημαίνει,
1087 3460 1240 3518 οὐδὲν
1286 3461 1390 3532 ἄρα
1419 3463 1535 3539 εἶχε
1565 3465 1669 3540 πρὸ
1711 3472 1812 3535 τῆς
1842 3466 2091 3540 κτίσεως,

439 3547 530 3603 καὶ
563 3547 801 3626 φαίνεται
833 3547 1268 3626 προσλαμϐάνων
1323 3551 1428 3608 ἀπὸ
1471 3561 1570 3622 τῆς
1619 3554 1866 3617 κτίσεως.
1919 3552 2094 3609 Ἀλλὰ

441 3638 520 3710 μή
571 3637 783 3712 γένοιτο
840 3644 1000 3695 τοῦτο
1049 3646 1192 3696 νοεῖν
1229 3643 1354 3704 ίὨς
1403 3641 1506 3718 γάρ
1566 3641 1704 3698 ἐστιν
1764 3643 1924 3706 αὐτὸς
1987 3645 2094 3720 πρὸ

433 3733 537 3796 τῆς
576 3726 828 3800 κτίσεως,
877 3729 1019 3785 οὕτω
1068 3730 1157 3785 καὶ
1210 3732 1315 3806 πρὸ
1359 3739 1462 3801 τῆς
1513 3731 1740 3795 κτίσεως
1791 3731 1907 3810 ἔχει
1957 3735 2092 3808 ἅπερ

437 3812 580 3891 ἔχει,
631 3816 784 3872 ἅτινα
830 3819 920 3873 καὶ
967 3824 1064 3874 τοῦ
1117 3822 1245 3875 Υὶοῦ
1295 3821 1429 3875 εἶναι
1479 3821 1822 3894 πιστεύομεν·
1875 3823 1938 3878 Εἰ
1989 3826 2092 3900 γὰρ

438 3903 490 3958 ἐν
541 3909 622 3977 τῷ
672 3906 904 3982 Πατρὶὸ
955 3909 1100 3979 Υἱὸς,
1153 3908 1256 3986 ἄρα
1299 3910 1358 3964 ἂν
1409 3911 1478 3965 τὰ
1525 3912 1718 3980 πάντα,
1773 3911 1872 3967 ὅσα
1917 3908 2033 3988 ἔχει
2066 3915 2093 3968 ὁ

437 3995 649 4071 Πατὴρ,
680 4001 777 4051 τοῦ
808 3997 936 4051 Υἱοῦ
963 3996 1126 4055 ἐστιν.
1179 4001 1504 4076 Ἀνατρέπον
1561 3998 1618 4056 δὲ
1664 4001 1726 4056 τὸ
1777 4001 1940 4078 ῥητόν
1983 4002 2094 4058 ἐστι

433 4087 595 4138 τοῦτο
641 4085 741 4154 τὴν
792 4090 901 4141 τῶν
948 4085 1256 4159 κακοδόξων
1308 4089 1576 4166 πονηρίαν
1634 4088 1926 4166 λεγόντων·
1974 4116 1999 4142 ‹‹
2032 4093 2093 4148 Εἰ

433 4171 609 4228 πάντα
644 4171 1007 4250 παραδέδοται
1054 4181 1134 4248 τῷ
1183 4179 1310 4250 Υἱῷ,
1363 4177 1465 4252 ἄρα
1511 4181 1777 4236 πέπαυται
1827 4183 1855 4236 6
1906 4185 2092 4258 Πατὴρ

433 4267 535 4331 τῆς
583 4266 692 4317 τῶν
741 4261 1147 4339 παραδοθέντων
1201 4266 1468 4340 ἐξουσίας,
1524 4267 1710 4338 ἐπειδή
1769 4271 2090 4341 κατέστησεν

435 4350 545 4405 ἀνθ’
599 4351 790 4407 ἑαυτοῦ
861 4353 952 4408 τὸν
1008 4354 1130 4409 Υὶόν
1164 4373 1176 4386 ·
1237 4357 1334 4410 Καὶ
1394 4359 1498 4432 γὰρ
1557 4359 1586 4412 6
1645 4360 1832 4435 Πατὴρ
1905 4357 2095 4416 οὐδένα

433 4439 626 4514 κρίνει,
657 4447 829 4497 πᾶσαν
885 4438 944 4498 δέ
971 4444 1070 4514 τήν
1103 4443 1278 4520 κρίσιν
1328 4443 1530 4502 δέδωκε
1575 4451 1655 4519 τῷ
1705 4449 1832 4520 Titi).
1861 4473 1888 4499 «
1933 4447 2093 4505 Ἀλλ’

433 4526 820 4606 ἒμφραττέσθω
867 4531 936 4586 τὰ
976 4533 1219 4607 στόματα
1262 4539 1370 4590 τῶν
1421 4533 1738 4591 λαλούντων
1785 4537 1853 4592 τὰ
1883 4534 2040 4592 ἄδικα
2073 4557 2086 4569 ·

433 4616 494 4672 οὗ
525 4620 655 4694 γὰρ,
705 4616 892 4689 ἐπειδὴ
949 4627 1122 4677 πᾶσαν
1178 4624 1277 4693 τήν
1336 4623 1510 4698 κρίσιν
1568 4621 1770 4680 δέδωκε
1823 4630 1902 4698 τῷ
1958 4628 2086 4700 Υἱῷ,

2197 711 2407 768 genere
2438 696 2792 769 supplicant,
2815 697 2938 752 haec
2967 697 3167 753 aiunt:
3202 700 3370 764 Deus,
3392 693 3664 763 iudicium
3693 700 3851 748 tuum

2197 788 2316 856 regi
2360 787 2436 842 da
2460 788 2524 852 ‘7,
2575 792 2639 842 ut
2675 792 2734 842 et
2775 787 3068 858 judicium
3101 785 3309 842 mortis
3340 787 3543 840 contra
3573 797 3682 838 nos
3712 796 3848 853 pro-

2199 874 2383 931 latum
2417 875 2559 932 Filio
2602 877 2775 932 detur
2804 881 2860 931 et
2890 877 3015 949 ipse
3047 893 3148 949 pro
3179 875 3350 931 nobis
3380 872 3661 943 moriens,
3697 869 3845 926 illud

2201 966 2258 1021 in
2291 967 2486 1038 seipso
2518 965 2726 1022 deleat.
2758 966 2875 1021 Hoc
2919 966 3074 1021 enim
3108 965 3233 1037 ipse
3264 963 3627 1036 signiﬁcans,
3661 961 3722 1016 in
3753 974 3848 1015 oc-

2198 1056 2488 1128 togesimo
2512 1055 2760 1128 septimo
2792 1055 3021 1128 psalmo
3043 1055 3158 1111 ait:
3189 1056 3370 1124 Super
3390 1069 3474 1108 me
3493 1051 3852 1121 conﬁrmatus

2199 1156 2280 1202 est
2317 1148 2480 1216 [uror
2527 1154 2652 1201 tuus
2682 1147 2746 1200 ‘3.
2797 1144 3097 1216 Siquidem
3131 1144 3256 1216 ipse
3287 1144 3542 1199 furorem
3573 1139 3848 1214 portavit,

2201 1253 2316 1308 quo
2340 1236 2495 1291 Deus
2524 1236 2582 1289 in
2615 1252 2723 1290 nos
2752 1233 3154 1290 inﬂammatus
3184 1236 3326 1300 erat,
3351 1236 3415 1287 ut
3445 1235 3502 1287 et
3532 1230 3592 1285 in
3624 1227 3850 1301 psalmo

2203 1325 2523 1382 centesimo
2554 1323 2852 1379 tricesimo
2881 1323 3129 1395 septimo
3159 1322 3300 1378 dicit
3334 1341 3347 1378 :
3386 1322 3652 1376 Dominus
3681 1318 3848 1374 retri-

2204 1416 2328 1471 buet
2355 1431 2462 1485 pro
2502 1430 2588 1470 me
2608 1414 2674 1468 ‘9.

2275 1506 2327 1557 3.
2363 1506 2564 1575 itaque
2584 1519 2650 1559 eo
2674 1517 2849 1558 sensu
2878 1501 3077 1558 omnia
3096 1499 3379 1556 Salvatori
3399 1499 3614 1555 tradita
3634 1513 3764 1554 esse
3785 1493 3853 1551 li-

2204 1599 2296 1650 cet
2319 1593 2664 1667 intelligere,
2680 1609 2807 1665 qua:
2834 1591 2883 1647 si
2905 1607 3111 1646 rursus
3132 1588 3419 1662 explicare
3442 1605 3589 1661 opus
3612 1587 3708 1654 sit,
3721 1600 3854 1641 vere

2205 1701 2273 1741 ea
2303 1701 2427 1757 qua:
2461 1701 2575 1740 non
2607 1682 2879 1750 habebat,
2912 1681 3025 1754 ipsi
3078 1683 3218 1736 sunt
3263 1677 3497 1734 tradita.
3530 1677 3646 1733 Nec
3694 1674 3852 1732 enim

2205 1777 2376 1830 antea
2406 1773 2582 1830 homo
2613 1775 2757 1839 erat,
2788 1772 2888 1827 sed
2919 1771 3094 1826 homo
3125 1769 3253 1842 ipse
3296 1767 3486 1824 factus
3517 1767 3620 1822 84
3649 1768 3755 1833 est,
3789 1766 3855 1819 ut

2205 1864 2504 1920 hominem
2536 1861 2762 1918 salvum
2795 1862 3025 1917 faceret.
3049 1864 3164 1915 Nec
3196 1858 3254 1913 in
3287 1857 3572 1932 principio
3596 1854 3854 1912 Verbum

2207 1955 2266 2009 in
2299 1971 2471 2010 carne
2500 1959 2644 2021 erat,
2679 1952 2779 2008 sed
2814 1955 3019 2023 postea
3047 1967 3180 2006 caro
3221 1950 3439 2005 factum
3485 1949 3594 2017 est,
3625 1944 3686 1999 in
3740 1959 3856 2015 qua

2205 2043 2306 2099 Dei
2355 2044 2414 2098 in
2458 2060 2564 2098 nos
2608 2041 2967 2108 inimicitias,
2996 2041 3164 2110 juxta
3206 2037 3567 2112 Apostolum,
3598 2030 3855 2090 reconci-

2204 2132 2387 2201 liavit,
2413 2135 2469 2188 et
2498 2131 2685 2204 legem
2717 2131 3129 2186 mandatorum
3160 2127 3407 2184 decretis
3438 2123 3758 2192 evacuavit,
3789 2123 3856 2177 ut

2205 2223 2354 2278 duos
2399 2223 2673 2277 conderet
2710 2221 2770 2276 in
2819 2237 3000 2276 unum
3035 2234 3248 2274 novum
3281 2215 3602 2285 hominem,
3633 2212 3854 2268 faciens

2207 2329 2432 2384 pacem,
2465 2316 2521 2366 et
2570 2311 2774 2366 ambos
2803 2309 2958 2366 Patri
2998 2309 3058 2364 in
3106 2325 3222 2363 uno
3253 2321 3492 2378 corpore
3521 2299 3856 2360 reconcilia-

2205 2405 2294 2458 ret
2321 2402 2382 2457 ⁵ο.
2418 2403 2550 2466 Quae
2582 2400 2764 2472 igitur
2793 2403 2962 2455 Pater
2991 2398 3188 2464 habet,
3234 2396 3356 2451 haec
3395 2407 3628 2466 quoque
3657 2391 3729 2446 ad
3762 2388 3854 2444 Fi-

2205 2489 2351 2545 lium
2403 2490 2711 2563 pertinent,
2747 2493 2810 2544 ut
2846 2488 2972 2559 ipse
3012 2487 3166 2559 apud
3215 2485 3502 2541 Joannem
3553 2483 3850 2536 testatur:

2209 2581 2405 2637 Omnia
2451 2595 2791 2651 quaecunque
2837 2579 2997 2636 habet
3045 2580 3228 2642 Pater,
3259 2591 3382 2630 mea
3429 2574 3555 2628 sunt
3579 2571 3668 2624 δίε
3726 2583 3854 2639 quae

2205 2671 2440 2741 quidem
2492 2670 2755 2745 apposite
2803 2669 3121 2726 admodum
3170 2669 3310 2724 sunt
3363 2665 3538 2721 dicta.
3587 2665 3855 2730 Namque

2207 2777 2341 2815 cum
2373 2760 2560 2816 factus
2589 2763 2678 2814 est
2710 2759 2864 2832 quod
2896 2762 3066 2814 antea
3097 2773 3210 2812 non
3243 2757 3388 2822 erat,
3420 2759 3564 2809 tunc
3595 2749 3679 2806 illi
3724 2747 3854 2821 qui-

2207 2850 2341 2905 dem
2373 2850 2571 2904 omnia
2601 2854 2742 2905 sunt
2782 2849 2997 2904 tradita
3029 2865 3041 2903 :
3101 2863 3235 2902 cum
3287 2849 3484 2901 autem
3515 2856 3686 2898 suam
3717 2853 3854 2894 cum

2206 2942 2376 2995 Patre
2421 2937 2709 2994 unitatem
2758 2937 2996 3006 indicat,
3037 2953 3152 2992 non
3207 2935 3453 2991 obscure
3499 2933 3600 2988 sed
3660 2931 3859 3002 aperte

2207 3029 2290 3084 ait
2334 3045 2346 3082 :
2405 3029 2601 3083 Omnia
2660 3043 2999 3099 quwcunque
3063 3026 3221 3081 habet
3285 3029 3454 3080 Pater
3515 3037 3636 3076 mea
3701 3020 3850 3074 sunt.

2207 3116 2342 3180 Qum
2374 3132 2550 3187 quam
2582 3120 2852 3171 accurate
2883 3115 3001 3171 sint
3029 3115 3185 3169 dicta
3215 3111 3458 3185 paulum
3498 3107 3856 3182 perpendere

2207 3221 2313 3260 nec
2345 3222 2457 3260 non
2491 3204 2768 3261 admirari
2800 3220 2985 3276 operae
3016 3202 3267 3276 pretium
3302 3200 3497 3256 fuerit.
3538 3203 3663 3254 Non
3694 3195 3852 3253 enim

2207 3293 2352 3349 dixit
2385 3311 2397 3348 :
2453 3294 2649 3350 Omnia
2696 3309 3031 3365 quaecunque
3077 3292 3233 3348 habet
3271 3292 3460 3355 Pater,
3494 3286 3640 3343 mihi
3670 3283 3851 3352 dedit,

2125 3353 2168 3421 Ο
2208 3398 2280 3438 ne
2307 3383 2603 3438 videretur
2632 3399 2700 3438 ea
2731 3381 3047 3454 aliquando
3081 3397 3192 3436 non
3225 3377 3503 3434 habuisse
3537 3392 3550 3430 :
3598 3375 3699 3431 sed
3726 3390 3855 3429 mea

2201 3479 2349 3526 sunt.
2384 3472 2529 3527 Nam
2562 3477 2627 3528 ut
2657 3471 2757 3528 illa
2795 3475 2933 3528 sunt
2973 3471 3033 3526 in
3089 3472 3373 3542 potestate
3420 3465 3628 3535 Patris,
3661 3464 3744 3519 ita
3797 3467 3856 3520 et

2203 3560 2262 3615 in
2296 3560 2442 3616 Filii.
2467 3560 2613 3626 Quid
2645 3564 2841 3622 autem
2872 3560 3084 3615 habeat
3113 3562 3302 3621 Pater,
3335 3570 3572 3613 necesse
3601 3557 3691 3611 est
3721 3570 3851 3608 rur-

2204 3666 2306 3704 sus
2355 3650 2710 3722 perquirere.
2741 3651 2887 3706 Nam
2938 3649 2986 3704 si
3035 3649 3125 3704 his
3156 3647 3349 3703 verbis
3379 3661 3573 3702 rerum
3607 3642 3852 3699 creatio-

2204 3755 2338 3794 nem
2369 3739 2696 3812 signiﬁcat:
2732 3738 2878 3795 nihil
2909 3755 3046 3811 ergo
3078 3737 3286 3794 habuit
3311 3739 3446 3792 ante
3474 3732 3850 3801 creationem,

2204 3832 2261 3884 et
2307 3828 2593 3900 quidquid
2655 3829 2849 3896 habet,
2903 3829 3128 3900 accepit
3174 3845 3209 3883 a
3261 3825 3573 3882 creatione.
3630 3827 3850 3879 Verum

2204 3917 2361 3972 absit
2403 3922 2468 3971 ut
2512 3916 2592 3971 ita
2639 3917 3058 3991 intelligamus.
3099 3915 3403 3989 Siquidem
3437 3918 3503 3969 ut
3529 3914 3663 3969 ante
3692 3929 3852 3967 crea-

2203 4004 2421 4060 tionem
2452 4004 2579 4078 ipse
2608 4005 2856 4072 exsistit,
2887 4005 2969 4062 ita
2997 4009 3054 4062 et
3084 4020 3448 4078 quaecunque
3477 4002 3673 4074 habet,
3716 4004 3851 4057 ante

2203 4093 2556 4150 creationem
2606 4095 2800 4161 habet,
2833 4113 2960 4168 quae
3007 4096 3213 4151 eadem
3259 4093 3387 4149 Filii
3434 4105 3670 4165 quoque
3721 4107 3852 4147 esse

2203 4182 2516 4238 credimus.
2549 4183 2609 4238 Si
2641 4184 2798 4239 enim
2830 4184 2888 4238 in
2921 4184 3090 4239 Patre
3120 4187 3209 4239 est
3236 4182 3416 4239 Filius
3449 4199 3462 4236 :
3513 4179 3712 4237 omnia
3740 4179 3850 4253 igi-

2202 4275 2300 4326 tur
2347 4288 2710 4344 quaecunque
2763 4272 2938 4329 habet
2985 4273 3170 4339 Pater,
3227 4271 3354 4326 Filii
3407 4285 3640 4342 quoque
3686 4271 3846 4324 sunt.

2201 4364 2363 4416 Certe
2419 4361 2529 4417 hoc
2575 4361 2798 4416 dictum
2858 4360 3238 4432 pervicaciam
3298 4363 3356 4414 et
3410 4357 3850 4430 improbitatem

2199 4449 2402 4505 evertit
2457 4448 2883 4519 haereticorum,
2943 4463 3193 4520 quorum
3265 4463 3475 4519 nempe
3529 4445 3651 4501 haec
3710 4448 3852 4502 sunt

2198 4538 2375 4594 verba
2409 4555 2420 4593 :
2455 4561 2481 4587 ‹‹
2516 4537 2576 4594 Si
2608 4537 2806 4593 omnia
2827 4535 2968 4592 Filio
2997 4535 3212 4592 tradita
3241 4538 3378 4591 sunt
3408 4551 3420 4589 :
3451 4535 3634 4608 igitur
3653 4537 3844 4604 Pater,

2199 4643 2422 4695 eorum,
2456 4643 2583 4697 qua;
2619 4625 2762 4682 Filio
2789 4624 3051 4696 tradidit,
3085 4629 3371 4696 potestate
3401 4622 3596 4691 cessit,
3629 4621 3848 4696 quippe

432 4705 592 4770 αὐτὸς
623 4713 726 4777 τῆς
775 4705 1088 4774 δεσποτείας
1130 4711 1417 4787 ἐψίλωταιο
1454 4711 1568 4768 οὐδ’
1598 4713 1682 4769 ὅτι
1712 4715 1885 4769 πάντα
1915 4735 2088 4790 παρα-

2203 4715 2300 4789 qui
2325 4715 2537 4771 Filium
2569 4714 2627 4770 in
2664 4714 2756 4770 sui
2784 4714 2977 4770 locum
3009 4712 3400 4770 constituerit.
3434 4714 3650 4769 Etenim
3676 4714 3875 4769 nemir

436 4792 682 4884 δεδόσθαι
721 4801 802 4870 τῷ
848 4799 958 4872 Υἱῷ
1006 4803 1153 4876 παρὰ
1197 4806 1295 4857 τοῦ
1349 4804 1556 4878 Πατρὸς
1620 4801 1866 4878 εἷ’ρηται,
1928 4803 2086 4868 αὐτὸς

2203 4822 2322 4862 nem
2370 4807 2537 4861 Pater
2579 4805 2815 4875 judicat,
2863 4802 2956 4858 sed
3013 4818 3169 4859 omne
3211 4802 3490 4884 judicium
3545 4802 3697 4858 dedit
3751 4803 3847 4858 Fi-

432 4883 532 4940 οὗκ
580 4883 722 4941 ἔστιν
785 4886 873 4943 ἐπὶ
937 4890 1176 4945 πάντων·
1235 4892 1587 4968 χωριζόντων
1646 4889 1702 4948 δὲ
1759 4898 1944 4970 σαφῶς
1998 4895 2089 4949 τὸν

431 4977 716 5050 Μονογενῆ
766 4981 865 5032 τοῦ
906 4983 1040 5034 Θεοῦ
1090 4980 1182 5035 τὸν
1233 4981 1541 5058 ἀχώριστον
1576 4985 1688 5057 (73)
1718 4985 1786 5055 τῇ
1833 4981 2008 5059 φύσει,
2043 4983 2088 5038 εί

429 5062 518 5118 καὶ
572 5069 692 5128 τοῖς
748 5063 940 5142 λόγοις
1001 5065 1150 5124 οὗτοι
1213 5071 1516 5145 μεμηνότες
1590 5070 1968 5148 χωρίζουσιν,
2025 5071 2085 5128 οὐ

493 5209 536 5245 ⁴⁷
566 5209 722 5268 Psal.
778 5227 928 5281 Lm,
976 5217 1033 5270 2.

424 5296 470 5334 ⁸³
495 5297 666 5356 Joan.
712 5317 770 5368 ν,
804 5302 896 5358 22.
973 5303 1018 5338 ⁵³
1049 5302 1204 5361 Psal.
1245 5323 1382 5374 Lm,
1418 5306 1506 5362 12.

496 5441 610 5525 (ἓξ)
639 5442 781 5525 res
816 5447 874 5525 ei
1207 5447 1355 5525 φρισί-
1389 5449 1561 5525 eam.

495 5514 1196 5612 ΞῗὲὶὲῗέκῗξλδθεέοεΡΡΞι
1220 5514 1326 5612 "ili,
1359 5514 1586 5612 id???
1633 5514 1743 5588 λάξ
1793 5521 2079 5612 quote}?

426 5588 726 5671 9mittunt.
788 5588 938 5644 Ibid.
979 5588 1182 5646 'iidem
1251 5588 1316 5647 et
1372 5593 1629 5663 Gobler.,
1697 5588 1851 5669 φησί,
1914 5593 2078 5659 editi.

459 5675 610 5810 Ϊῗίο)
637 5727 829 5810 Εέπξῖν
861 5730 1028 5788 deest
1057 5731 1125 5810 in
1142 5733 1286 5810 geg.
1317 5737 1376 5792 et
1403 5736 1643 5810 Seguer.
1680 5734 1861 5793 Iidem
1891 5737 1952 5792 et
1976 5735 2078 5792 Ba-

426 5797 519 5858 sil.
552 5797 620 5860 ab
661 5800 918 5875 Gobler.,
949 5797 1330 5881 παραδίδοται.
1478 5797 1515 5810 ν
1564 5847 1566 5851 -

1138 5216 1181 5249 ⁸⁸
1221 5215 1378 5272 Psal.
1431 5234 1679 5284 Lxxxvu,
1727 5218 1779 5272 8.
1886 5216 1932 5252 ‘9
1969 5215 2123 5274 Psal.
2175 5233 2422 5286 cxxxvn,
2471 5220 2524 5273 8.

2199 4895 2273 4952 lio
2302 4895 2365 4948 ⁸³.
2405 4917 2426 4943 υ
2482 4894 2698 4950 Verum
2749 4896 3133 4950 obstruantur
3177 4909 3280 4948 ora
3326 4892 3694 4965 loquentium
3732 4891 3846 4948 ini-

2199 5001 2318 5056 qua
2345 4984 2410 5038 ⁸³.
2443 4983 2558 5038 Nec
2589 4983 2745 5039 enim
2775 4983 3040 5038 omnium
3074 4982 3379 5039 dominatu
3438 4980 3728 5054 spoliatus
3756 4985 3849 5037 est

2197 5072 2386 5141 Pater,
2411 5072 2552 5145 quia
2570 5089 2743 5130 omne
2765 5072 3060 5144 judicium
3087 5072 3250 5128 dedit
3269 5070 3410 5128 Filio
3435 5089 3448 5127 :
3478 5085 3669 5145 neque
3689 5069 3846 5142 quod

2629 5217 2672 5251 ⁵ο
2718 5216 2926 5288 Ephes.
2983 5233 3044 5284 ιι,
3098 5217 3183 5271 15.
3285 5217 3327 5252 ⁵¹
3370 5216 3540 5272 Joan.
3588 5211 3704 5284 xvi,
3754 5213 3842 5270 15.

2261 5453 2377 5522 (71)
2407 5451 2537 5507 Haec
2562 5449 2775 5522 verba,
2816 5451 2981 5522 ταῦτα
3012 5465 3200 5522 usque
3229 5448 3307 5522 ad
3471 5447 3604 5522 ἐστι,
3638 5447 3846 5522 ίϐειωέ

2193 5518 2290 5576 tur
2314 5518 2390 5593 ,in
2432 5521 2630 5593 Regio,
2663 5519 3016 5593 Segueriano
3049 5518 3463 5593 et'Basiliensi,
3497 5518 3847 5593 sed_desunt

2191 5593 2250 5665 in
2274 5592 2404 5649 aliis
2429 5599 2485 5648 et
2506 5587 2697 5665 aditis.
2717 5587 2847 5648 Mox
2865 5592 3079 5665 Regius
3101 5595 3158 5648 et
3175 5592 3587 5661 Seguerianus,
3605 5587 3836 5664 ἐγίνετο.

2187 5663 2296 5718 Alii
2327 5669 2386 5719 et
2407 5665 2577 5736 editi,
2613 5662 2844 5736 ἐγένετο.

2281 5736 2373 5808 72)
2404 5728 2619 5808 Regius
2649 5728 2708 5790 et
2735 5734 3149 5808 Seguerianus,
3177 5728 3552 5808 παραδέδωκε.

2283 5804 2372 5879 73)
2404 5804 2606 5877 Baéil.,
2635 5808 2730 5860 τοῦ
2757 5804 2966 5884 Πᾶτρὸς
2997 5805 3059 5861 τὸ
3092 5804 3433 5881 ἀχώριστον.
