4178 6380
344 428 469 492 Sid

886 432 952 495 Β.
997 430 1427 497 ATHANASII
1469 430 1645 496 OPP.
1689 429 1895 494 PARS
1938 426 1989 490 Ι.
2020 455 2099 474 --
2127 426 2551 492 HISTORICA
2591 427 2695 492 ET
2736 423 3220 493 DOGMATICA.

3639 424 3761 489 216

345 563 572 621 dictum
603 568 695 622 est
720 566 922 624 omnia
949 566 1092 625 Filio
1132 567 1346 625 tradita
1373 583 1502 625 esse
1529 584 1564 624 a
1593 566 1763 623 Patre
1792 564 1991 637 ipsum

2113 564 2351 624 νοοῦντες
2385 560 2438 616 oi
2470 554 2764 632 δυσσεϐεῖς,
2797 560 2872 623 ὡς
2921 557 3020 615 οὐκ
3064 559 3124 615 ἂν
3179 554 3478 635 χωρισθείη
3529 556 3664 614 ποτὶ
3697 554 3763 616 τὸ

343 651 564 711 idcirco
595 672 710 712 non
742 656 1019 714 omnibus
1050 656 1358 730 praesidere
1389 657 1720 730 putandum
1750 658 1858 711 est.
1890 653 1999 710 0b-

343 746 678 817 struantur,
711 745 978 819 inquam,
1014 746 1248 804 illorum
1300 764 1421 814 ora,
1476 746 1579 819 qui
1627 743 1996 818 unigenitum

345 833 444 889 Dei
475 834 707 906 Filium,
743 837 845 908 qui
893 836 1128 908 quidem
1169 854 1238 893 ex
1276 840 1488 893 natura
1517 835 1858 892 individuus
1887 837 1996 899 est,

346 922 567 979 audent
596 924 850 981 dividere
882 942 895 982 :
944 942 1286 998 quanquam
1320 925 1515 981 insani
1547 924 1737 981 verbis
1770 927 1999 978 tantum

344 1009 628 1067 dividant.
645 1013 935 1070 Nimirum
957 1014 1123 1087 impii
1145 1032 1264 1071 non
1281 1013 1623 1087 intelligunt
1644 1011 1836 1067 lucem
1859 1009 2001 1066 solis

2109 654 2225 729 φῶς
2272 654 2369 705 τοῦ
2419 647 2606 720 ἡλίου,
2656 648 2785 706 ἀλλ’
2832 644 2972 705 ἔστιν
3023 647 3075 704 iv
3126 648 3273 720 αύτῷ
3318 651 3579 726 φυσικῶς.
3627 648 3763 705 ’Δπὸ

2108 740 2213 816 γὰρ
2262 742 2369 794 τῶν
2421 739 2471 795 ἐν
2523 740 2681 815 χερσὶ
2730 740 2820 794 καὶ
2870 742 2982 814 (74)
3032 739 3276 810 συνήθων
3331 736 3493 792 εἰκόνι
3560 742 3761 815 πτωχῇ

2112 828 2536 904 χρησαμένους,
2594 829 2656 884 τὸ
2706 827 3001 902 νοούμενον
3076 835 3416 903 παραστῆσαι
3474 832 3553 900 τῷ
3609 825 3764 903 λόγῳ

2111 916 2240 987 δεῖ,
2304 915 2491 988 ἐπειδή
2542 916 2826 995 τολμηρὰν
2880 914 3195 993 ἐμϐατεύειν
3253 918 3353 987 τήν
3406 916 3761 993 ἀπερινόητον

2111 1027 2282 1084 φυσιν.

344 1114 380 1153 a
422 1100 543 1156 sole
592 1118 897 1174 nunquam
947 1120 1121 1176 posse
1165 1104 1446 1176 separari,
1493 1103 1595 1159 sed
1647 1117 1877 1172 semper
1925 1097 2270 1155 naturaliter
2318 1096 2378 1152 in
2427 1097 2549 1154 sole
2597 1114 2748 1155 esse.
2781 1096 2980 1155 Liceat
3021 1097 3179 1154 enim
3223 1098 3387 1154 tenui
3427 1096 3764 1171 vulgarium

342 1200 542 1244 rerum
601 1188 860 1261 imagine
917 1192 975 1248 id
1034 1193 1189 1264 quod
1250 1191 1635 1265 intelligimus
1692 1190 2037 1261 exprimere,
2090 1187 2567 1259 quandoquidem
2621 1187 2815 1244 nimias
2869 1186 3217 1244 temeritatis
3263 1190 3418 1244 esset
3468 1191 3762 1259 naturam,

342 1290 520 1347 quam
551 1294 724 1336 nemo
755 1280 1109 1353 cogitatione
1149 1286 1342 1354 potest
1370 1279 1880 1353 comprehendere,
1901 1276 2193 1333 curiosius
2216 1276 2589 1348 perscrutari.

416 1366 470 1421 4.
504 1366 1014 1432 Quemadmodum
1040 1387 1178 1443 ergo
1200 1370 1300 1427 lux
1319 1369 1484 1440 solis,
1507 1387 1636 1443 quae
1658 1369 1998 1426 universum

346 1454 546 1511 orbem
578 1455 897 1528 illuminat,
930 1459 1057 1516 sine
1095 1459 1217 1516 sole
1246 1459 1440 1516 lucere
1472 1458 1718 1530 intelligi
1750 1474 1866 1514 non
1896 1473 1998 1528 po-

346 1547 463 1600 test
493 1545 567 1599 ab
598 1544 693 1601 his
724 1563 935 1621 nempe
976 1550 1078 1621 qui
1128 1565 1273 1605 sana
1315 1553 1452 1604 sunt
1487 1553 1700 1618 mente,
1733 1546 1874 1618 quia
1902 1545 2003 1600 lux

346 1630 511 1700 solis,
541 1629 812 1705 ejusdem
844 1640 1064 1693 natura;
1095 1637 1261 1693 unita
1289 1641 1414 1693 est:
1449 1655 1511 1691 ac
1548 1634 1790 1709 proinde
1820 1633 1869 1688 si
1901 1631 2002 1689 lux

346 1720 478 1792 ipsa
503 1722 722 1781 diceret
752 1740 765 1779 :
799 1726 1008 1799 Accepi
1038 1743 1073 1782 a
1102 1725 1224 1783 sole
1254 1730 1319 1781 ut
1348 1725 1549 1781 omnia
1576 1723 1997 1792 illuminarem,

346 1825 597 1883 meoque
627 1812 822 1870 colore
852 1830 1127 1887 augerem
1156 1819 1214 1871 et
1242 1815 1578 1871 roborarem
1604 1830 1617 1870 :
1653 1829 1824 1869 nemo
1854 1811 1997 1867 adeo

2180 1366 2232 1419 4.
2267 1365 2356 1426 Ὡς
2414 1363 2514 1419 ούκ
2558 1365 2616 1420 ἃν
2665 1364 2847 1420 τοίνυν
2901 1364 3035 1420 ποτε
3079 1364 3142 1419 τὸ
3192 1363 3244 1435 ἐξ
3292 1361 3459 1434 ἡλίου
3508 1367 3624 1441 φῶς
3661 1364 3763 1433 τήν

2110 1452 2443 1527 οἰκουμένην
2505 1452 2863 1528 καταλάμπον
2931 1454 3111 1530 χωρὶς
3174 1452 3339 1509 αὐτοῦ
3397 1451 3763 1528 περιλάμπειν

2112 1539 2330 1598 δυνατὸν
2381 1546 2643 1615 νοηθῆναι
2684 1544 2832 1619 παρὰ
2874 1548 2993 1606 τοῖς
3052 1542 3386 1619 έρῥωμένοις
3433 1542 3525 1597 τὸν
3593 1547 3717 1597 νοῦν
3748 1586 3764 1611 ,

2112 1629 2301 1701 ἐπειδὴ
2335 1631 2542 1701 ἥνωται
2566 1637 2635 1706 τῇ
2668 1631 2819 1711 φύσει
2850 1636 2948 1688 τοῦ
2994 1630 3161 1702 ἡλίου
3204 1632 3266 1685 τὸ
3317 1630 3369 1702 ἐξ
3420 1630 3585 1686 αὐτοῦ
3626 1635 3764 1710 φῶς,

2108 1729 2200 1784 καὶ
2231 1729 2307 1791 ὡς
2340 1729 2386 1784 εί
2434 1727 2589 1805 λέγοι
2633 1731 2696 1785 τὸ
2745 1734 2880 1808 φῶς.
2934 1731 3116 1785 Πάντα
3160 1727 3536 1803 καταλάμπειν
3582 1728 3768 1805 παρεί-

2112 1816 2264 1897 ληφα
2320 1819 2468 1895 παρὰ
2517 1824 2614 1874 τοῦ
2671 1816 2869 1890 ἡλίου,
2921 1819 3012 1874 καὶ
3068 1820 3244 1874 πάντα
3299 1816 3471 1890 αὔξειν
3530 1818 3621 1874 καὶ
3679 1817 3766 1874 iv-

347 1899 572 1957 stultus
601 1906 757 1958 esset
787 1906 853 1958 ut
880 1902 1064 1959 solem
1095 1921 1130 1959 a
1159 1907 1370 1960 natura
1401 1920 1527 1976 quae
1552 1919 1621 1958 ex
1649 1901 1778 1974 ipso
1810 1900 2000 1957 exori-

2116 1908 2325 1984 ισχύειν
2359 1906 2448 1964 διὰ
2475 1916 2577 1978 τῆς
2610 1907 2661 1963 iv
2692 1908 2817 1982 ἐμοὶ
2859 1908 3217 1985 θερμότητος’
3264 1907 3326 1963 ού
3377 1906 3636 1984 χωρίζειν
3681 1928 3766 1969 τις

349 1991 469 2059 tur,
501 2003 630 2062 qum
662 1990 943 2047 nimirum
975 1992 1076 2049 lux
1105 1992 1236 2065 ipsa
1264 1997 1371 2061 est,
1395 1992 1489 2049 his
1517 1992 1710 2047 verbis
1740 1989 2004 2063 separari

348 2076 733 2136 arbitraretur
765 2098 778 2137 :
820 2080 904 2137 ita
932 2080 1206 2138 similiter
1233 2081 1492 2138 divinam
1517 2080 1692 2137 Verbi
1723 2080 2001 2135 substan-

345 2164 493 2222 tiam
542 2184 650 2224 suo
695 2168 849 2225 Patri
894 2187 964 2226 ex
995 2174 1207 2227 natura
1235 2170 1463 2226 unitam
1496 2186 1626 2226 esse
1651 2185 1788 2224 vera
1816 2167 2003 2240 pietas

337 2253 511 2325 jubet
554 2256 900 2331 intelligere,
934 2259 1020 2315 uti
1061 2276 1129 2316 ex
1168 2259 1277 2316 hoc
1307 2260 1435 2332 ipso
1463 2259 1589 2316 loco
1621 2275 1795 2331 quem
1828 2258 2002 2313 modo

350 2347 676 2402 tractamus
727 2347 1125 2405 clarissimum
1172 2354 1283 2406 est.
1317 2350 1619 2422 Siquidem
1651 2348 1773 2403 haec
1804 2345 2005 2404 Salva-

347 2433 496 2490 toris
545 2435 741 2502 verba,
794 2436 994 2494 Omnia
1043 2454 1380 2511 quacunque
1432 2438 1595 2494 habet
1647 2438 1833 2507 Pater,
1880 2452 2006 2491 mea

347 2530 498 2592 sunt,
529 2540 664 2579 eum
696 2541 832 2581 cum
858 2526 1026 2584 Patre
1055 2543 1287 2600 semper
1314 2544 1447 2591 esse,
1474 2526 1829 2600 signiﬁcant.
1854 2525 2002 2581 Nam

347 2608 437 2665 ha!
466 2612 705 2683 quidem
739 2632 928 2688 voces,
953 2632 1288 2689 quacunque
1315 2617 1493 2688 habet,
1517 2615 1705 2672 Patris
1735 2614 2002 2671 domina-

348 2703 480 2755 tum
530 2703 850 2760 ostendunt
880 2721 893 2759 :
944 2704 1065 2760 ista;
1097 2723 1254 2774 vero,
1283 2723 1404 2762 mea
1451 2713 1598 2772 sunt,
1633 2703 2002 2760 individuam

350 2788 663 2863 utriusque
686 2792 961 2850 unionem
991 2795 1273 2852 indicant.
1296 2796 1544 2851 Necesse
1564 2798 1655 2851 est
1682 2793 1864 2866 igitur
1893 2809 2002 2848 nos

350 2877 681 2952 intelligere
712 2883 1095 2941 aeternitatem
1124 2890 1183 2941 et
1208 2883 1711 2941 immortalitatem
1742 2881 1801 2937 in
1833 2882 2001 2937 Patre

350 2983 483 3023 esse
515 2984 529 3024 :
578 2985 730 3036 esse,
762 2970 1027 3043 inquam,
1060 2990 1178 3030 non
1225 2977 1509 3045 tanquam
1553 2972 1763 3038 aliena,
1797 2970 1898 3026 sed
1939 2969 1999 3026 in

348 3054 480 3129 ipso
530 3060 589 3113 et
629 3058 689 3114 in
734 3059 873 3117 Filio
912 3060 1072 3118 velut
1105 3061 1167 3117 in
1197 3061 1355 3119 fonte
1385 3061 1657 3118 residere.
1690 3062 1832 3115 Cum
1862 3073 1999 3131 ergo

350 3143 423 3200 de
442 3145 586 3203 Filio
617 3148 872 3220 cogitare
895 3149 1170 3219 volueris,
1194 3151 1355 3208 disce
1384 3150 1547 3222 prius
1579 3165 1847 3221 quaenam
1881 3147 2001 3203 sint

350 3232 411 3290 in
440 3234 537 3293 85
575 3236 761 3309 Patre,
793 3255 978 3311 eaque
1006 3239 1069 3295 in
1101 3238 1245 3295 Filio
1274 3240 1450 3296 etiam
1480 3255 1609 3296 esse
1647 3238 1879 3295 credere
1928 3253 2001 3293 ne

353 3322 606 3381 dubites.
640 3326 842 3399 Itaque
890 3328 941 3384 si
990 3332 1162 3385 Pater
1208 3345 1301 3384 res
1343 3333 1435 3385 est
1478 3331 1673 3384 creata
1710 3325 1798 3383 vel
1828 3326 1999 3390 facta,

350 3409 473 3468 hac
522 3430 756 3487 quoque
804 3416 948 3473 Filio
994 3418 1242 3475 ascribe.
1275 3416 1336 3474 Si
1379 3418 1519 3473 item
1564 3417 1635 3472 de
1668 3420 1831 3472 Patre
1867 3414 2005 3471 licet

349 3500 563 3574 dicere,
594 3503 707 3561 fuit
754 3504 1072 3577 aliquando
1119 3512 1356 3580 tempus
1394 3524 1531 3563 cum
1562 3523 1678 3562 non
1709 3508 1883 3576 esset,
1917 3503 2003 3560 vel

349 3595 440 3646 est
465 3607 535 3647 ex
564 3592 748 3649 nihilo
777 3610 789 3649 ε
827 3594 884 3651 id
914 3594 1091 3652 etiam
1123 3597 1194 3653 de
1222 3596 1364 3653 Filio
1394 3595 1644 3652 dicatur.
1671 3594 1773 3651 Sin
1805 3597 2002 3650 autem

348 3677 473 3735 haec
500 3680 562 3736 in
583 3681 750 3739 Patre
768 3699 898 3740 esse
929 3685 1152 3757 absque
1180 3684 1484 3757 impietate
1504 3684 1619 3740 dici
1648 3701 1764 3741 non
1785 3687 2000 3757 potest,

348 3782 419 3824 ea
447 3785 682 3840 quoque
709 3771 852 3828 Filio
883 3774 1163 3847 afﬁngere
1190 3774 1443 3846 impium
1476 3790 1616 3830 sane
1645 3772 1840 3829 fuerit.
1866 3773 2001 3837 Quae

348 3855 507 3912 enim
526 3858 718 3916 Patris
747 3865 907 3933 sunt,
929 3861 1052 3918 haac
1082 3865 1139 3918 et
1165 3863 1237 3919 ad
1269 3861 1483 3919 Filium
1514 3860 1829 3935 pertinent.
1855 3860 2002 3919 Nam

352 3945 452 4017 qui
502 3946 715 4003 Filium
765 3949 1033 4017 honorat,
1063 3951 1295 4008 Patrem
1325 3950 1425 4023 qui
1455 3967 1589 4007 eum
1623 3950 1786 4007 misit
1815 3950 2000 4006 hono-

352 4037 481 4090 rat:
515 4039 574 4092 et
602 4036 702 4107 qui
723 4036 938 4094 Filium
968 4038 1197 4112 recipit,
1223 4040 1450 4096 Patrem
1474 4055 1609 4095 cum
1630 4040 1834 4095 eodem
1863 4038 2004 4096 reci-

351 4121 437 4194 pit
456 4123 522 4178 “.
545 4123 847 4197 Siquidem
874 4126 975 4199 qui
1000 4126 1159 4183 videt
1176 4127 1411 4199 Filium,
1429 4128 1586 4184 videt
1605 4131 1664 4184 et
1682 4131 1914 4184 Patrem
1936 4128 2001 4182 ⁵⁸.

351 4212 635 4279 Quocirca
679 4219 744 4271 ut
791 4215 960 4272 Pater
998 4233 1115 4272 non
1162 4220 1251 4274 est
1295 4234 1387 4274 res
1418 4221 1631 4289 creata,
1664 4217 1745 4273 ita
1774 4233 1881 4273 nec
1911 4216 2002 4273 Fi-

349 4300 506 4371 lius;
556 4306 730 4375 atque
774 4308 840 4360 ut
880 4305 953 4361 de
991 4304 1090 4362 illo
1121 4305 1236 4362 dici
1267 4306 1489 4378 nequit,
1522 4306 1634 4361 fuit
1663 4305 2002 4377 aliquando,

350 4407 486 4447 cum
515 4409 633 4448 non
664 4397 839 4465 esset,
862 4392 953 4451 vel
986 4399 1075 4451 est
1101 4411 1171 4450 ex
1201 4394 1383 4453 nihilo
1413 4413 1426 4465 ;
1460 4395 1546 4451 sic
1576 4412 1682 4451 nec
1712 4411 1782 4451 ea
1810 4395 1881 4449 de
1911 4392 2003 4450 Fi-

354 4478 432 4535 lio
454 4480 645 4538 dicere
662 4484 948 4539 convenit.
971 4484 1081 4540 Sed
1103 4484 1298 4558 potius
1323 4489 1388 4540 ut
1407 4485 1466 4539 in
1487 4488 1658 4540 Patre
1679 4488 1769 4540 est
1783 4482 2006 4539 aeterni-

351 4572 443 4625 tas
472 4574 529 4626 et
557 4571 991 4643 immortalitas,
1017 4579 1082 4629 ut
1108 4572 1264 4630 idem
1290 4590 1524 4646 semper
1542 4577 1651 4644 est,
1673 4587 1778 4629 nec
1800 4587 1892 4629 res
1915 4574 2007 4627 est

2116 1999 2381 2071 μεμηνὼς
2432 2000 2619 2069 νοήσει
2673 2000 2774 2067 τὴν
2818 2003 2917 2054 τοῦ
2977 1997 3143 2067 ἡλίου
3207 1996 3502 2071 ἀνομασίαν
3561 2004 3664 2066 τῆς
3714 1995 3768 2067 ἐξ

2114 2087 2281 2142 αὐτοῦ
2336 2087 2571 2166 φύσεως,
2619 2087 2654 2157 ἥ
2703 2086 2815 2143 ἐστι
2860 2086 2924 2144 τὸ
2977 2092 3111 2165 φῶς·
3165 2087 3309 2143 οὕτω
3356 2092 3493 2141 νοεῖν
3557 2081 3771 2149 εὐσεϐὲς

2111 2183 2203 2239 καί
2231 2186 2331 2254 τήν
2362 2185 2506 2240 θείαν
2560 2184 2745 2241 ούσίαν
2792 2190 2889 2241 τοῦ
2942 2185 3124 2261 Λόγου
3173 2186 3463 2259 ἡνωμένην
3510 2183 3773 2263 φύσειτῷ

2112 2273 2304 2329 ἑαυτοῦ
2357 2273 2549 2351 Πατρί.
2593 2274 2691 2329 Καὶ
2722 2274 2826 2349 γὰρ
2881 2275 2945 2329 τὸ
3000 2273 3051 2329 iv
3102 2275 3261 2350 χερσὶ
3310 2273 3473 2351 ῥητὸν
3523 2275 3624 2343 τήν
3673 2294 3769 2330 σα-

2112 2365 2336 2441 φήνειαν
2391 2364 2608 2440 παρέξει
2674 2368 2774 2419 τοῦ
2852 2364 3189 2437 ζητουμένου
3246 2364 3583 2442 σαφεστάτην
3619 2410 3636 2435 ,
3692 2363 3766 2417 εί-

2115 2453 2313 2515 πόντος
2368 2458 2465 2507 τοῦ
2524 2459 2808 2529 Σωτῆρος·
2869 2454 3073 2523 Πάντα,
3133 2452 3233 2508 ὅσα
3289 2452 3407 2530 ἔχει
3464 2455 3493 2508 6
3552 2454 3763 2526 Πατὴρ,

2114 2549 2222 2623 ἐμά
2280 2549 2443 2623 ἐστιν,
2484 2551 2514 2605 ’ὀ
2545 2547 2713 2619 δηλοῖ
2763 2550 2921 2605 αὐτὸν
2973 2551 3055 2605 ἀεὶ
3104 2551 3238 2605 εἶναι
3287 2549 3381 2605 σὺν
3434 2554 3517 2621 τῷ
3572 2549 3771 2625 Πατρί-

2108 2640 2170 2693 τὸ
2201 2640 2329 2715 γὰρ,
2390 2638 2490 2695 ὅσα
2544 2635 2662 2715 ἔχει
2692 2685 2707 2712 ,
2750 2641 2850 2709 τήν
2902 2637 3215 2695 δεσποτείαν
3261 2644 3477 2716 κρατεῖν
3534 2636 3772 2693 δείκνυσι

2109 2736 2201 2791 τὸν
2258 2736 2489 2811 Πατέρα·
2543 2736 2606 2791 τὸ
2656 2734 2734 2808 δὲ,
2790 2734 2897 2808 ἐμά
2946 2736 3079 2807 ἐστι,
3122 2738 3221 2805 τήν
3275 2736 3584 2812 ἀχώριστον
3632 2731 3769 2789 ivue-

2118 2844 2221 2879 σιν·
2256 2826 2494 2899 ’Δνάγκη
2525 2825 2707 2881 τοίνυν
2757 2831 2899 2881 νοεῖν
2942 2828 3092 2899 ἡμᾶς
3137 2824 3219 2881 ὅτι
3273 2822 3411 2880 ἔστιν
3458 2824 3512 2880 iv
3538 2828 3617 2896 τῷ
3656 2830 3768 2880 Πα-

2115 2913 2203 2989 τρὶ
2249 2914 2313 2968 τὸ
2359 2912 2556 2982 ἀίδιον,
2600 2913 2662 2969 τὰ
2711 2914 2954 2987 αἰώνιον,
3001 2915 3064 2969 τὸ
3112 2914 3391 2969 ἀθάνατον·
3445 2912 3556 2968 ἔστι
3605 2910 3663 2969 δὲ
3714 2912 3769 2968 iv

2117 3002 2264 3075 αύτῷ
2293 3003 2399 3079 οὐχ
2424 3004 2501 3065 ὡς
2550 3001 2819 3080 ἀλλότρια
2864 3005 3053 3074 αὐτοῦ,
3083 3001 3211 3059 ἀλλ’
3238 3004 3316 3066 ὡς
3347 3002 3399 3058 iv
3436 3007 3593 3078 πηγῇ
3627 3001 3766 3058 ἐστιν

2119 3099 2170 3155 iv
2204 3100 2351 3173 αύτῷ
2402 3101 2775 3175 ἀναπαυόμενα
2819 3103 2909 3157 καὶ
2958 3101 3008 3157 iv
3061 3105 3143 3175 τῷ
3184 3103 3312 3174 rm».
3377 3104 3536 3156 ’Όταν
3586 3101 3767 3157 τοίνυν

2118 3190 2240 3266 περὶ
2270 3191 2399 3245 Υἱοῢ
2445 3196 2585 3246 νοεῖν
2638 3188 2825 3265 ἐθέλῃς
2875 3192 2988 3265 (75)
3040 3192 3222 3264 μαθὼν
3269 3188 3391 3247 τίνα
3438 3190 3548 3246 ἐστὶ
3595 3191 3663 3246 τὰ
3714 3190 3765 3245 iv

2031 3271 2075 3339 C
2108 3282 2189 3349 τῷ
2237 3279 2431 3353 Πατρὶ,
2483 3282 2651 3334 ταῦτα
2695 3278 2785 3333 καὶ
2834 3276 2886 3334 iv
2933 3282 3014 3351 τῷ
3066 3277 3181 3351 Υ*ίῷ
3228 3278 3362 3333 εἶναι
3412 3278 3649 3335 πίστευε.
3700 3278 3766 3333 Ei

2118 3366 2213 3439 μὲν
2268 3363 2358 3422 οὖν
2408 3365 2610 3441 κτίσμα
2659 3366 2800 3422 ἐστὶν
2832 3368 2860 3424 6
2890 3368 3078 3442 Πατήρ
3107 3368 3144 3436 ἢ
3175 3367 3415 3442 ποίημα,
3460 3365 3571 3422 ἔστι
3602 3371 3770 3422 ταῦτα

2113 3463 2203 3519 καὶ
2237 3464 2288 3519 iv
2345 3468 2425 3537 τῷ
2476 3466 2604 3537 Υἳῷ·
2656 3465 2748 3520 καὶ
2798 3466 2844 3520 εἰ
2895 3466 3113 3539 θεμιτὸν
3162 3465 3331 3521 εἰπεῖν
3380 3464 3469 3519 ἐπὶ
3516 3468 3614 3518 τοῦ
3656 3469 3770 3521 Πα-

2111 3554 2262 3628 τρὸς,
2293 3553 2360 3623 ἧν
2393 3574 2545 3624 ποτε,
2579 3552 2669 3609 ὅτε
2698 3553 2798 3610 οὐκ
2843 3555 2935 3626 ἦν,
2967 3555 3005 3623 ἢ
3037 3554 3088 3626 ἐξ
3120 3553 3219 3610 ούκ
3256 3550 3426 3610 ὄντων
3461 3571 3475 3586 ⁸
3528 3552 3769 3630 λεγέσθω

2111 3647 2274 3697 τοῦτο
2331 3643 2421 3698 καὶ
2469 3641 2556 3698 ἐπὶ
2602 3647 2700 3699 τοῦ
2754 3645 2903 3703 Υἱοῦ.
2963 3644 3029 3699 Ei
3088 3641 3147 3700 δὲ
3201 3638 3390 3706 ἀσεϐές
3447 3642 3557 3699 ἐστι
3601 3647 3773 3699 ταῦτα

2114 3729 2294 3807 λέγειν
2352 3731 2404 3788 iv
2453 3736 2534 3805 τῷ
2574 3734 2745 3808 Πατρί
2794 3733 2950 3807 εἶναι,
3002 3728 3191 3796 ἀσεϐὲς
3248 3729 3385 3789 ἔστω
3439 3732 3531 3788 καὶ
3589 3731 3642 3788 iv
3687 3736 3769 3805 τῷ

2112 3822 2225 3893 1⁸ἱῷ
2276 3826 2446 3877 ταῦτα
2499 3827 2663 3878 νοεῖν.
2723 3823 2799 3877 Τὰ
2851 3823 2956 3899 γὰρ
3010 3825 3107 3877 τοῦ
3163 3822 3395 3896 Πατρὸς,
3449 3825 3617 3877 ταῦτα
3669 3825 3769 3876 τοῦ

2112 3920 2242 3974 Υἱοῦ
2273 3918 2431 3978 ἐστιν.
2464 3919 2520 3973 'O
2551 3920 2654 3995 γὰρ
2700 3925 2877 3994 τιμῶν
2925 3920 3017 3975 τὸν
3068 3921 3191 3975 Υἱὸν
3240 3925 3379 3995 τιμᾷ
3423 3920 3515 3975 τὸν
3557 3920 3771 3993 Πατέρα

2112 4009 2204 4064 τὸν
2236 4009 2526 4081 πέμψαντα
2573 4008 2755 4083 αὐτὸν,
2804 4008 2893 4064 καὶ
2944 4010 2972 4064 ὁ
3022 4007 3321 4087 δεχόμενος
3368 4009 3459 4064 τὸν
3507 4009 3653 4082 Υἱὸν,
3688 4006 3771 4063 δέ-

2115 4118 2271 4173 χεται
2323 4097 2414 4152 σὺν
2469 4097 2617 4171 αύτῷ
2664 4099 2754 4153 τὸν
2810 4097 3022 4176 Πατέρα
3052 4119 3066 4133 ο
3123 4099 3151 4154 ὁ
3200 4099 3304 4175 γὰρ
3364 4099 3620 4173 ἑωρακὼς
3675 4097 3770 4152 τὸν

2114 4187 2238 4242 Υὶὸν
2296 4186 2503 4263 ἑώρακε
2548 4188 2639 4242 τὸν
2691 4188 2923 4265 Πατέρα.
2974 4194 3061 4251 Ὡς
3109 4188 3201 4244 οὖν
3252 4187 3352 4243 ούκ
3399 4183 3510 4243 ἔστι
3568 4187 3771 4261 κτίσμα

2116 4277 2145 4331 6
2192 4278 2405 4353 Πατὴρ,
2439 4275 2612 4339 οὕτως
2659 4274 2783 4332 οὐδὲ
2833 4278 2861 4332 6
2891 4276 3014 4340 Υἱός
3047 4279 3179 4352 (76)·
3222 4277 3313 4332 καὶ
3360 4276 3436 4340 ὡς
3485 4275 3586 4331 οὐκ
3632 4273 3772 4331 ἔστιν

2118 4372 2286 4429 εἰπεῖν
2323 4372 2406 4429 ἐπ’
2432 4373 2617 4447 αὐτοῦ,
2652 4376 2718 4445 ἦν
2760 4396 2913 4449 ποτε,
2964 4373 3054 4431 ὅτε
3102 4375 3201 4431 οὐκ
3246 4375 3337 4449 ἦν,
3368 4376 3404 4445 ἢ
3438 4373 3491 4445 ἐξ
3544 4373 3643 4429 οὐκ
3689 4367 3776 4428 ὄν-

2114 4482 2246 4518 των’
2282 4462 2454 4526 οὕτως
2489 4463 2593 4540 οὐχ
2624 4465 2871 4539 ἁρμόζει,
2918 4463 3034 4521 οὐδ’
3085 4463 3171 4520 ἐπὶ
3197 4468 3293 4520 τοῦ
3340 4465 3469 4520 Υίοῦ
3501 4460 3681 4539 λέγειν
3707 4463 3771 4519 τὸ

2116 4552 2269 4611 αὐτό.
2304 4551 2481 4610 Ἀλλὰ
2516 4551 2727 4627 μᾶλλον
2780 4555 2856 4617 ὡς
2907 4553 2960 4610 iv
3008 4558 3088 4628 τῷ
3135 4554 3306 4628 Πατρῖ
3352 4554 3415 4610 τὸ
3464 4550 3660 4627 ἀΐδιον,
3708 4552 3774 4608 τὸ

349 4662 543 4714 creata
555 4676 574 4726 _;
604 4659 687 4715 sic
707 4661 911 4717 eadem
934 4662 1005 4717 de
1030 4660 1175 4717 Filio
1201 4662 1421 4719 sentire
1446 4677 1681 4718 necesse
1700 4665 1812 4717 est.
1831 4664 2000 4727 Nam,

2117 4643 2398 4715 ἀθάνατον,
2456 4643 2519 4697 τὸ
2577 4643 2681 4714 ἀεὶ,
2742 4644 2804 4699 τὸ
2866 4645 2941 4718 μή
2996 4643 3234 4719 κτίσμα’
3296 4643 3439 4698 οὕτω
3495 4641 3585 4698 καὶ
3646 4642 3772 4716 περὶ

348 4744 433 4800 uti
466 4746 751 4819 scriptum
792 4754 927 4805 est:
980 4749 1134 4805 Sicut
1180 4751 1346 4805 Pater
1392 4750 1551 4806 habet
1595 4751 1768 4805 vitam
1816 4750 1878 4804 in
1912 4765 1998 4805 se-

347 4835 598 4907 metipso,
629 4838 709 4893 sic
754 4838 903 4897 dedit
946 4844 997 4896 et
1038 4840 1180 4896 Filio
1228 4840 1430 4895 habere
1482 4840 1655 4895 vitam
1702 4840 1763 4895 in
1805 4845 1999 4895 semet-

349 4925 470 4996 ipso
493 4926 559 4981 ⁸⁸.
612 4926 788 4984 Porro
832 4929 1031 4997 verbo,
1080 4928 1252 4997 dedit,
1287 4945 1433 4985 usus
1477 4931 1568 4985 est
1612 4927 1902 4996 Christus,
1936 4932 2002 4985 ut

349 5013 587 5071 dantem
638 5016 868 5073 Patrem
909 5018 1261 5074 ostenderet.
1293 5017 1367 5073 Ut
1395 5021 1590 5073 autem
1622 5016 1682 5072 in
1715 5016 1881 5073 Patre
1909 5023 2001 5074 est

346 5101 485 5174 vita,
507 5103 592 5161 ita
611 5109 670 5163 et
688 5105 750 5161 in
774 5105 916 5162 Filio
937 5106 1117 5163 vitam
1142 5122 1272 5162 esse
1296 5105 1463 5176 dixit,
1487 5122 1604 5177 quo
1632 5105 1998 5162 individuam

347 5193 655 5266 utriusque
687 5199 959 5252 naturam
1005 5200 1063 5251 et
1103 5194 1485 5251 aeternitatem
1516 5194 1819 5252 indicaret.
1850 5196 2001 5252 Hinc

348 5282 505 5339 enim
537 5287 709 5340 caute
739 5284 905 5354 dixit,
940 5285 1145 5341 Omnia
1170 5299 1510 5357 quaecunque
1539 5284 1701 5341 habet
1723 5286 1911 5351 Pater,
1936 5289 2002 5341 ut

349 5370 444 5426 hic
488 5371 718 5429 Patrem
768 5375 1105 5443 nominans,
1138 5375 1295 5432 idem
1341 5374 1468 5447 ipse
1498 5391 1613 5431 non
1646 5392 1774 5432 esse
1829 5379 2003 5432 Pater

392 5485 464 5545 ,“
493 5485 698 5543 Matth.
730 5506 785 5561 x,
818 5490 907 5546 40.
985 5490 1029 5525 ⁵⁸
1057 5490 1228 5550 Joan.
1257 5507 1373 5559 xxv,
1402 5490 1459 5547 9.
1536 5490 1579 5527 ⁸⁵
1607 5490 1777 5549 Joan.
1809 5508 1865 5560 v,
1895 5491 1987 5547 26.

567 5618 665 5699 [iani
692 5622 953 5699 deestqu
982 5625 1358 5699 Segueriano.

441 5692 534 5837 75g
565 5692 793 5776 Gobler.
826 5698 885 5752 et
910 5692 1167 5754 Felchm.
1202 5699 1227 5754 1
1263 5714 1561 5772 anonym.,
1596 5693 1818 5758 ἐθέλεις.

441 5765 512 5821 76
567 5764 807 5837 Regius,
831 5767 1255 5837 Seguerianus,
1270 5773 1326 5829 et
1345 5769 1709 5837 Basiliensis,
1726 5765 1818 5827 οὔτ

441 5764 533 5837 76)
567 5764 807 5843 Regius,
831 5767 1255 5843 Seguerianus,
1270 5773 1326 5829 et
1345 5764 1709 5840 Babiliénsis,
1726 5765 2004 5834 οὕτωςούκ

419 5620 437 5838 ἓ

2109 4732 2238 4787 Υἱοῦ
2278 4737 2492 4811 φρονεῖν
2536 4731 2854 4791 ἀκόλουθον.
2898 4734 3045 4790 Κατά
3092 4735 3196 4810 γὰρ
3247 4734 3311 4788 τὸ
3359 4731 3768 4810 γεγραμμένον,

2110 4831 2296 4893 Καθὼς
2346 4832 2375 4885 6
2425 4831 2612 4905 Πατὴρ
2666 4831 2810 4900 ζωὴν
2863 4828 2977 4907 ἔχει
3030 4828 3079 4886 iv
3130 4829 3328 4904 ἑαυτῷ,
3381 4828 3555 4893 οὕτως
3598 4826 3771 4886 ἔδωκε

2108 4920 2200 4974 καὶ
2247 4924 2328 4992 τῷ
2377 4920 2488 4992 1⁸ίῴ
2532 4920 2679 4989 ζωὴν
2731 4918 2875 4997 ἔχειν
2924 4918 2977 4975 iv
3035 4920 3210 4993 έαυτῷ
3242 4962 3256 4978 .
3305 4916 3518 4977 Δέδωκε
3575 4919 3635 4975 δὲ
3690 4917 3769 4974 εἷ’-

2112 5029 2297 5086 ρηκεν,
2324 5007 2418 5064 ’ίνα
2464 5009 2555 5064 τὸν
2610 5006 2827 5066 διδόντα
2878 5007 3091 5087 Πατέρα
3140 5007 3305 5084 δείξῃ.
3350 5011 3440 5072 Ὠς
3489 5006 3548 5064 δὲ
3595 5008 3648 5065 iv
3688 5013 3769 5082 τῷ

2110 5099 2302 5175 Πατρὶ,
2358 5097 2502 5154 οὕτω
2548 5098 2638 5155 καὶ
2693 5098 2743 5154 iv
2796 5104 2877 5172 τῷ
2925 5099 3036 5173 Υἱῷ
3086 5098 3227 5156 ἐστιν
3277 5102 3312 5171 ἡ
3365 5101 3504 5170 ζωὴ,
3555 5097 3650 5156 ’ἕνα
3704 5100 3768 5155 τὸ

2111 5192 2412 5272 ἀδιαίρετον
2444 5196 2536 5250 καὶ
2568 5193 2739 5251 α’ίδιον
2773 5194 2979 5272 διδάξῃ.
3011 5199 3109 5253 Διᾶ
3147 5200 3310 5253 τοῦτο
3357 5197 3461 5273 γάρ
3491 5198 3581 5252 καὶ
3615 5197 3769 5274 ἀκρι-

2111 5278 2224 5347 ϐῶς
2283 5289 2519 5359 εἴρηκεν,
2576 5287 2713 5340 Ὅσα
2767 5284 2885 5362 ἔχει
2942 5287 2972 5341 6
3028 5287 3256 5360 Πατὴρ,
3310 5283 3401 5341 ’ίνα
3433 5330 3447 5355 ,
3505 5286 3597 5341 καὶ
3655 5283 3765 5342 ὧδε

2112 5371 2289 5447 λέγων
2337 5375 2429 5430 τὸν
2488 5374 2700 5451 Πατέρα
2732 5419 2747 5446 ,
2800 5377 2876 5450 μή
2927 5375 3019 5431 καὶ
3067 5373 3229 5438 αὐτὸς
3272 5375 3461 5450 Πατὴρ
3511 5376 3765 5449 νομισθῇ.

2106 5623 2239 5705 ’ἐστι’
2279 5622 2481 5705 κτίσμα
2515 5622 2549 5705 Δὁ
2582 5625 2758 5705 ΔΥὶος.
2795 5627 2865 5685 Et
2902 5625 3078 5705 paulo
3115 5631 3251 5705 post
3304 5628 3484 5687 iidem
3541 5646 3654 5705 pro
3701 5626 3765 5684 τὸ

2110 5693 2263 5777 aii-[6,
2314 5693 2532 5777 habent
2565 5695 2641 5777 Δᾖν
2682 5716 2820 5777 ποτε
2866 5693 2967 5777 ορκ
3017 5693 3136 5771 iv:
3156 5701 3227 5760 Et
3280 5693 3566 5777 praetereé
3620 5701 3764 5775 Reg.

2110 5773 2170 5829 et
2195 5763 2324 5845 Seg.
2357 5763 2587 5831 addunt
2601 5763 2646 5846 ’ᾗ
2679 5768 2732 5845 ἐξ
2764 5790 2862 5828 ουκ
2890 5763 3085 5831 εντοςι.
