4178 6418
467 375 583 442 21⁵1

1285 374 1367 442 ΙΝ
1413 373 1670 456 ILLUD,
1718 379 1968 443 OMNIA
2012 375 2185 446 MIHI
2229 377 2574 447 TRADITA
2618 387 2845 462 SUNT,
2893 381 3066 450 ETC.

3764 394 3887 456 2l8

468 512 540 567 Ού
573 512 676 588 γὰρ
710 507 946 584 εἷ’ρηκεν,
982 511 1125 588 Ἐγώ
1174 511 1287 586 εἶμι
1334 512 1362 567 6
1393 514 1603 588 Πατὴρ,
1651 511 1804 584 ἀλλ’,
1843 516 1977 569 Ὅσα
2011 511 2125 591 ἔχει

2241 519 2591 575 crederetur.
2626 520 2889 592 Namque
2929 537 3043 576 non
3104 521 3268 592 dixit,
3327 521 3446 596 Ego
3503 541 3636 581 sum
3693 525 3881 595 Pater,

469 604 496 659 ὁ
527 604 736 676 Πατήρ.

536 693 589 749 5.
625 692 812 765 Πατὴρ
867 692 960 765 μὲν
1001 692 1104 767 γὰρ
1139 739 1152 763 ,
1200 689 1244 746 ὦ
1304 692 1594 767 ’Δρειανοὴ
1652 693 1800 765 παρὰ
1854 697 1951 747 τοῦ
2011 699 2120 748 Πα-

463 781 591 858 τρὸς
621 780 958 856 χρηματίζοι
992 782 1018 836 ὁ
1055 783 1356 856 μονογενὴς
1406 782 1530 843 Υἱὸς
1581 781 1767 851 αὑτοῦ,
1803 782 1864 836 οὐ
1904 784 2010 855 μὴν
2047 783 2121 844 ὡς

468 871 622 944 ὑμεῖς
654 867 1002 943 πλανώμενοι
1029 869 1164 932 ’ίσως
1212 870 1268 925 ἂν
1307 866 1658 941 ὑπολάϐοιτε,
1693 869 1819 926 ἀλλ’
1865 873 1988 935 Υἱὸς
2027 873 2119 945 μὲν

462 965 559 1015 τοῦ
609 962 962 1035 γεννήσαντος
1013 961 1262 1036 Πατρὸς,
1314 962 1494 1036 πατὴρ
1548 958 1605 1014 δὲ
1660 965 1758 1015 τοῦ
1823 959 2121 1034 μέλλοντος

466 1050 699 1112 αἰῶνος.
762 1055 853 1104 Δεῖ
907 1051 1010 1126 γὰρ
1072 1051 1222 1122 ὑμῶν
1283 1052 1455 1112 πάσας
1511 1051 1608 1111 τὰς
1663 1051 1921 1114 ὑπονοίας
1973 1073 2123 1125 περι-

467 1137 609 1194 ελεῖν
643 1138 787 1208 Φησί
835 1143 965 1213 γοῦν
1020 1135 1108 1193 διὰ
1149 1143 1246 1193 τοῦ
1290 1142 1597 1216 προφήτου·
1653 1141 1948 1214 Ἐγεννήθη
1985 1144 2119 1214 ἡμῖν

464 1229 612 1298 Υἱὸς,
668 1229 759 1283 καὶ
818 1226 977 1296 ἐδόθη
1039 1231 1197 1301 ἡμῖν,
1258 1228 1320 1282 οὗ
1376 1231 1410 1297 ἡ
1473 1229 1618 1305 ἀρχὴ
1682 1229 1769 1284 ἐπὶ
1819 1235 1916 1285 τοῦ
1967 1225 2123 1303 ὤμου

464 1318 628 1373 αὐτοῦ
663 1363 677 1388 ,
744 1318 834 1372 καὶ
900 1315 1148 1372 καλεῖται
1223 1319 1284 1372 τὸ
1353 1313 1529 1391 ὄνομα
1615 1318 1779 1372 αὐτοῦ
1864 1318 2124 1394 Μεγάλης

470 1405 681 1484 βουλῆς
761 1403 1056 1483 ἅγγελος,
1127 1407 1257 1468 θεὸς
1345 1405 1628 1482 ἰσχυρδς,
1719 1407 2121 1478 ἐξουσιαστὴς,

465 1498 646 1570 πατὴρ
702 1501 799 1551 τοῦ
863 1495 1164 1570 μέλλοντος
1237 1496 1436 1558 αἰῶνος
1472 1541 1484 1554 .
1543 1496 1745 1551 Οὐκοῦν
1807 1499 1894 1552 xui
1943 1501 2122 1573 πατὴρ

464 1591 560 1640 τοῦ
614 1583 917 1659 μέλλοντος
967 1586 1166 1648 αἰῶνος
1217 1587 1244 1639 6
1276 1587 1612 1660 Μονογενὴς,
1663 1589 1752 1641 καὶ
1805 1587 1934 1648 Θεὸς
1969 1587 2122 1663 ἰσχυ-

466 1676 580 1751 ρὸς,
629 1675 718 1729 xui
773 1675 1115 1746 ἐξουσιαστής
1150 1675 1178 1728 ὁ
1224 1676 1346 1737 Υἱὸς
1409 1676 1643 1751 ὑπάρχει
1696 1681 1792 1730 τοῦ
1849 1681 2002 1730 Θεοῦ·
2038 1679 2123 1730 καὶ

466 1769 648 1843 σαφῶς
683 1762 968 1837 δέδεικται,
1021 1765 1105 1820 ὅτι
1143 1766 1336 1834 πάντα,
1388 1764 1484 1819 ὅσα
1534 1765 1651 1840 ἔχει
1700 1768 1727 1820 6
1781 1769 1990 1841 ΙΙατήρ,
2033 1766 2122 1820 αύ-

2237 607 2361 675 sed,
2395 609 2762 681 Quaecumque
2792 609 2956 665 habet
2975 613 3171 666 Pater.

2306 698 2357 751 4.
2393 697 2676 768 Equidem
2707 698 2829 769 ipse
2862 698 3199 772 unigenitus
3233 701 3329 756 Dei
3355 701 3555 769 Filius,
3580 719 3614 758 0
3660 703 3881 774 Ariani,

2235 789 2400 857 pater
2422 803 2652 858 quoque
2682 804 2716 841 a
2747 788 2911 843 Patre
2942 787 3285 860 appelletur,
3319 790 3420 846 sed
3453 807 3567 846 non
3617 808 3682 847 eo
3705 808 3885 848 sensu

2234 891 2408 946 quem
2441 892 2541 930 vos
2572 881 2832 932 errantes
2863 878 3007 933 forte
3028 879 3409 950 suspicamini
3445 897 3458 934 :
3495 884 3551 936 et
3580 886 3745 953 pater
3795 883 3883 937 fu-

2232 964 2347 1019 turi
2379 964 2574 1019 saeculi
2601 965 3084 1022 dicitur.Necesse
3099 974 3186 1024 est
3217 970 3374 1024 enim
3404 973 3629 1025 vestras
3677 987 3880 1028 omnes

2234 1053 2412 1109 falsas
2443 1054 2808 1126 suspiciones
2838 1056 3164 1127 praecidere.
3211 1058 3295 1113 En
3350 1058 3530 1130 igitur
3587 1060 3881 1133 prophetae

2233 1143 2440 1198 verba:
2476 1142 2697 1198 Genii-us
2723 1149 2800 1199 est
2827 1145 2979 1200 nobis
3023 1147 3198 1202 Filius
3255 1155 3306 1202 et
3355 1149 3516 1203 datus
3563 1158 3641 1204 est
3697 1150 3881 1217 nobis,

2233 1235 2390 1305 cujus
2435 1234 2732 1304 imperium
2788 1250 2950 1306 super
3006 1236 3297 1291 humerum
3347 1239 3488 1308 ejus,
3547 1247 3601 1293 et
3656 1246 3884 1294 vocatur

2232 1338 2431 1378 nomen
2488 1323 2626 1394 ejus,
2686 1325 2877 1393 magni
2931 1325 3148 1379 consilii
3200 1326 3453 1396 Angelus,
3519 1328 3660 1382 Deus
3716 1327 3886 1400 fortis

2232 1416 2579 1483 postestatem
2608 1412 3004 1477 habens,Pa-ter
3030 1415 3217 1483 futuri
3243 1414 3446 1470 smcuti
3473 1415 3536 1470 ⁵⁷.
3564 1417 3727 1471 Pater
3745 1400 3883 1489 ergo

2235 1497 2417 1552 futuri
2441 1498 2634 1552 seaculi
2657 1505 2745 1552 est
2766 1498 3102 1570 unigenitus
3125 1500 3225 1554 Dei
3248 1500 3428 1556 Filius
3450 1507 3513 1556 ut
3533 1503 3754 1558 etDeus
3777 1504 3888 1559 for-

2233 1587 2309 1642 tis
2340 1592 2395 1642 et
2425 1603 2660 1642 summa
2688 1592 2973 1659 potestate
3005 1589 3306 1661 pruditus:
3325 1595 3499 1663 atque
3521 1591 3775 1648 dilucide
3795 1609 3885 1649 os-

2233 1680 2466 1732 tensum
2499 1681 2588 1731 est
2618 1677 2815 1731 omnia
2873 1693 3242 1749 quaecunque
3299 1671 3695 1736 Pater—habet
3753 1681 3884 1736 Filii

2235 1782 2466 1837 quoque
2499 1782 2646 1837 esse,
2681 1767 3180 1836 quemadmodum
3205 1772 3373 1824 Pater
3393 1769 3571 1824 vitam
3599 1770 3885 1842 impertit,

466 1859 563 1909 τοῦ
596 1853 725 1927 ἐστι,
758 1855 847 1909 καὶ
877 1856 1056 1916 καθὼς
1101 1857 1246 1924 ζωὴν
1300 1852 1519 1908 δίδωσιν
1573 1857 1600 1909 ὁ
1657 1856 1867 1931 Πατὴρ,
1918 1857 2006 1909 καὶ
2046 1861 2124 1927 τῷ

466 1946 560 1959 .-.η
637 1946 650 1959 .
749 1945 759 1959 ,
959 1947 968 1959 ,
1251 1945 1270 1959 ..
1389 1943 1468 1959 λιι
1614 1950 1640 1959 ..
1853 1951 1872 1959 -
1963 1948 2064 1959 ,-_.

2238 1855 2312 1910 ita
2343 1861 2400 1910 et
2428 1854 2635 1910 Filium
2669 1855 2882 1928 quibus
2914 1855 3168 1912 voluerit
3192 1857 3371 1913 vitam
3413 1857 3687 1915 tribuere.
3737 1861 3886 1918 Nam

464 1946 574 2017 Υἱῷ
631 1945 840 2019 ὁμοίως
899 1947 1151 2021 πάρεστιν
1218 1945 1310 2007 οὖς
1388 1943 1534 1998 θέλει
1614 1950 1898 2013 ζωοποιεῖν
1957 1948 2116 2018 (77).
2155 1943 2180 1977 ‘-

466 2034 818 2090 Ἀκούσονται
875 2035 1002 2110 γὰρ,
1059 2034 1243 2113 φησὶ,
1301 2041 1402 2104 τῆς
1480 2041 1662 2111 φωνῆς
1727 2039 1824 2088 τοῦ
1882 2035 2009 2088 Υἱοῦ
2069 2035 2120 2088 οἱ

463 2124 670 2200 νεκροὶ,
729 2124 819 2178 καὶ
883 2126 1154 2194 ζήσονται.
1218 2122 1318 2177 Kui
1375 2122 1428 2177 ἓν
1485 2121 1704 2197 θέλημα
1758 2124 1972 2199 Πατρὸς
2030 2124 2119 2177 καὶ

465 2215 592 2268 Υἱοῦ
624 2214 714 2268 καὶ
750 2211 1031 2288 βούλημα,
1066 2211 1180 2267 ἐπεὶ
1226 2213 1315 2267 καὶ
1365 2215 1399 2282 ἡ
1451 2212 1606 2291 φύσις
1661 2213 1758 2286 μία
1809 2213 1898 2268 xui
1948 2210 2120 2267 ἀδιαί-

468 2323 640 2378 ρετος.
677 2302 772 2357 Καὶ
805 2306 1076 2377 περισσῶς
1109 2303 1160 2356 οἱ
1213 2301 1483 2378 Ἀρειανοί
1532 2302 1823 2356 κόπτουσιν
1875 2301 2117 2373 ἑαυτοὺς,

473 2394 546 2465 μὴ
579 2396 827 2454 νοοῦντες
847 2393 910 2446 τὸ
936 2390 1221 2466 εἰρημένον
1241 2392 1375 2466 πρὸς
1404 2394 1515 2465 (78)
1534 2395 1630 2446 τοῦ
1652 2398 1911 2467 Σωτῆρος
1935 2394 2116 2464 ἡμῶν,

462 2483 546 2556 τὸ,
599 2483 798 2552 Πάντα,
856 2481 955 2537 ὅσα
1002 2479 1116 2556 ἔχει
1150 2482 1418 2556 ὁΠατὴρ,
1480 2481 1584 2554 ἐμά
1642 2480 1804 2538 ἐστιν.
1868 2483 1959 2535 Ἐκ
2015 2483 2118 2558 γὰρ

462 2571 680 2644 τούτου,
723 2572 812 2626 καὶ
860 2574 895 2641 ἡ
944 2566 1253 2625 Σαϐελλίου
1305 2571 1654 2647 ἀνατρέπεται
1706 2570 2116 2649 παραφροσύνη,

463 2662 690 2716 καὶτῶν
735 2665 826 2715 νῦν
879 2657 1154 2714 Ἰουδαίων
1207 2658 1413 2734 ἐλέγξει
1459 2660 1558 2728 τὴν
1611 2657 1814 2714 ἄνοιαν.
1868 2661 1966 2713 Διὰ
2016 2661 2117 2735 γὰρ

464 2755 624 2804 τοῦτο
659 2751 804 2820 ζωὴν
838 2747 980 2826 ἔχων
1018 2749 1070 2803 ἐν
1126 2750 1300 2820 ἑαυτῷ
1332 2750 1360 2802 ὁ
1392 2751 1729 2824 Μονογενής,
1763 2749 1838 2810 ὡς
1871 2750 1898 2802 ὁ
1932 2751 2119 2825 Πατὴρ

467 2838 605 2917 ἔχει,
636 2839 726 2894 καὶ
763 2839 924 2913 μόνος
969 2835 1082 2893 οἶδε
1127 2838 1210 2900 τίς
1248 2837 1388 2892 ἐστιν
1433 2839 1460 2892 ὁ
1503 2839 1710 2912 Πατὴρ,
1743 2837 1794 2892 ἐν
1839 2843 1918 2910 τῷ
1951 2839 2120 2912 Πατρὶ

467 2927 562 3003 ὢν,
591 2930 681 2984 καὶ
727 2924 872 3004 ἔχων
906 2927 957 2983 ἐν
1012 2929 1186 2999 ἑαυτῷ
1224 2925 1316 2981 τὸν
1370 2926 1601 3001 Πατέρα.
1637 2927 1813 2981 Εἷκὼν
1850 2929 1952 3003 γάρ
1986 2927 2118 2998 ἐστι,

464 3017 555 3075 xu’i
590 3015 928 3088 ἀκολούθως,
977 3017 1053 3079 ὡς
1103 3017 1156 3071 ἐν
1203 3016 1388 3088 εἰκόνι,
1438 3017 1612 3071 πάντα
1657 3019 1724 3071 τὰ
1767 3022 1864 3071 τοῦ
1909 3018 2119 3094 Πατρὸς

468 3108 519 3164 ἐν
566 3108 712 3180 αὐτῷ
763 3109 874 3182 (79)
925 3105 1057 3166 ἐστι.
1117 3107 1359 3186 Σφραγὶς
1407 3107 1510 3183 γὰρ
1561 3107 1700 3161 ἐστιν
1760 3105 2012 3169 ἷσότυπος
2065 3107 2117 3162 ἐν

468 3197 615 3269 αὐτῷ
668 3195 878 3260 δεικνὺς
920 3197 1012 3252 τὸν
1063 3197 1276 3270 Πατέρα
1308 3238 1322 3264 ,
1373 3195 1551 3272 Λόγος
1603 3200 1706 3264 ζῶν
1736 3241 1754 3268 ,
1809 3196 2067 3266 ἀληθινὸς
2097 3241 2115 3265 ,

470 3261 717 3362 δύναμις,
761 3286 960 3365 οοφία,
1009 3261 1316 3363 ἁγιασμὸς,
1351 3285 1441 3340 καὶ
1467 3261 1873 3362 ’ἀπολύτρωσις
1906 3261 2120 3360 ’ἡμῶνι
2153 3261 2196 3330 C

471 3378 556 3432 ’Ev
618 3376 764 3449 αὐτῷ
833 3377 936 3452 γὰρ
1012 3376 1103 3430 καὶ
1177 3380 1352 3450 ζῶμεν
1388 3420 1403 3446 ,
1461 3376 1550 3430 καὶ
1624 3374 1960 3449 κινούμεθα,
2034 3375 2124 3430 καὶ

473 3465 632 3538 ἐσμεν
670 3485 682 3501 ο
739 3464 876 3535 καὶ,
929 3462 1118 3528 Οὐδεὶς
1193 3467 1447 3540 γινώσκει
1506 3464 1590 3527 τίς
1652 3463 1795 3519 ἐστιν
1852 3467 1880 3519 6
1937 3467 2124 3541 Πατὴρ

474 3553 520 3608 εἷ
569 3554 645 3627 μὴ
699 3554 727 3608 ὁ
784 3554 927 3627 Υἱὸς,
985 3554 1076 3610 καὶ
1129 3551 1215 3616 τίς
1276 3554 1415 3610 ἐστιν
1475 3555 1504 3609 ὁ
1553 3555 1676 3617 Υἱὸς
1736 3556 1782 3608 εἱ
1845 3557 1919 3628 μὴ
1954 3556 2123 3610 ὁΠα-

467 3645 598 3720 τήρ·
1533 3728 1546 3730 _
2009 3721 2016 3730 .

537 3736 594 3792 6.
628 3733 728 3789 Kui
759 3736 880 3797 πῶς
919 3730 1199 3808 τολμῶσιν
1253 3732 1306 3788 οἳ
1358 3728 1632 3797 δυσσεϐεῖς
1665 3738 1946 3812 φλυαρεῖν,
1981 3728 2014 3788 ἃ
2047 3735 2122 3808 μὴ

469 3824 649 3898 θέμις,
710 3819 986 3898 ἄνθρωποι
1044 3817 1211 3891 ὄντες,
1269 3824 1360 3878 καὶ
1408 3824 1477 3878 τὰ
1529 3822 1617 3878 ἐπὶ
1675 3830 1781 3899 γῆς
1839 3822 1946 3899 οὐχ
1985 3823 2127 3900 εὑρί-

470 3933 690 3977 σκοντες
735 3910 1099 3990 διηγήσασθαι
1131 3931 1147 3983 ;
1179 3912 1240 3966 Τί
1287 3909 1344 3968 δὲ
1393 3910 1542 3989 λέγω
1587 3913 1655 3968 τὰ
1703 3910 1790 3968 ἐπὶ
1837 3919 1942 3989 γῆς
1996 3931 2010 3984 ;
2060 3914 2129 3968 τὰ

471 4003 672 4058 ἑαυτῶν
725 4003 862 4077 ἡμῖν
917 4002 1262 4075 εἰπάτωσαν,
1315 4002 1361 4057 εἰ
1416 3999 1518 4079 ἄρα
1575 4002 1748 4080 εὑρεῖν
1807 3998 2127 4073 δυνήσονται

468 4092 567 4161 τὴν
625 4091 830 4146 ἑαυτῶν
883 4090 1180 4166 ἑξιχνιάσαι
1231 4089 1386 4169 φύσιν
1415 4135 1427 4148 .
1477 4088 1766 4168 Τολμηροι
1817 4085 1988 4154 ὅντως
2037 4089 2127 4146 καί

471 4177 742 4254 αὐθάδεις,
790 4178 947 4251 δόξας
998 4180 1060 4236 οὐ
1106 4181 1421 4254 τρέμοντες,
1459 4177 1581 4235 ἔνθα
1629 4179 1980 4258 ἐπιθυμοῦσιν
2030 4179 2127 4257 ἅγ-

471 4267 629 4344 γελοι
682 4273 1016 4345 παρακῦψαι,
1075 4269 1166 4325 καὶ
1221 4268 1475 4342 τοσούτῳ
1522 4270 1614 4324 καὶ
1669 4271 1769 4340 τὴν
1829 4269 1984 4348 φύσιν
2037 4270 2128 4326 καὶ

468 4359 570 4428 τὴν
599 4359 746 4430 τάξιν
791 4360 1074 4435 ἀνώτεροι.
1105 4359 1165 4414 Τί
1206 4359 1309 4436 γὰρ
1353 4357 1642 4435 ἐγγύτερον
1696 4363 1802 4414 τῶν
1854 4355 2131 4435 χερουϐὶμ

469 4449 506 4518 ἢ
564 4453 670 4503 τῶν
728 4448 966 4528 σεραφίμ
1007 4465 1022 4518 ;
1065 4446 1157 4503 καὶ
1206 4446 1359 4522 ὅμως
1411 4444 1536 4503 οὐδὲ
1583 4448 1816 4524 ὁρῶντα,
1874 4449 1911 4518 ἢ
1971 4447 2126 4505 ποσίν

471 4538 678 4594 ἑστῶτα
699 4586 714 4611 ,
751 4536 877 4593 ἀλλ’
928 4536 1053 4593 οὐδὲ
1083 4542 1339 4614 γυμνοῖς,
1369 4536 1810 4612 κεκαλυμμένοις
1857 4535 1915 4594 δὲ
1946 4539 2126 4614 ὥσπερ

2233 1950 2297 2000 ut
2328 1945 2630 2016 Scriptura
2660 1951 2998 2016 praemonet,
3023 1946 3219 2001 Mortui
3247 1947 3476 2002 audient
3510 1964 3691 2004 vocem
3746 1951 3887 2006 Filii

2230 2039 2280 2089 et
2310 2036 2490 2089 vivent
2519 2035 2582 2088 ⁵⁸.
2619 2033 2742 2089 Una
2771 2051 3004 2106 quoque
3033 2035 3223 2090 Patris
3254 2040 3312 2090 et
3348 2036 3475 2091 Filii
3503 2041 3560 2092 et
3614 2037 3885 2096 voluntas

2231 2140 2295 2178 ac
2323 2124 2630 2191 sententia,
2666 2123 2806 2195 quia
2836 2140 3012 2178 unam
3046 2123 3482 2180 etindividuam
3516 2126 3734 2183 habent
3779 2146 3888 2185 na-

2228 2217 2443 2268 turam.
2491 2214 2730 2268 Frustra
2766 2213 2946 2285 igitur
2992 2213 3217 2285 seipsos
3277 2214 3612 2271 excruciant
3659 2217 3884 2288 Ariani,

2230 2303 2372 2357 dum
2403 2303 2525 2357 haec
2548 2302 2729 2357 nostri
2781 2302 3103 2359 Servatoris
3155 2305 3329 2360 verba
3380 2304 3621 2361 minime
3667 2307 3885 2363 intelli-

2229 2396 2398 2463 gunt,
2432 2392 2625 2447 Omnia
2657 2407 2992 2465 quaecunque
3023 2391 3188 2447 habet
3217 2394 3409 2461 Pater,
3434 2411 3564 2451 mea
3587 2400 3738 2451 sunt.
3797 2398 3884 2452 Si-

2230 2481 2470 2552 quidem
2502 2497 2572 2536 ex
2602 2481 2695 2536 bis
2753 2497 2986 2552 quoque
3025 2481 3260 2553 penitus
3300 2483 3575 2538 evertitur
3631 2485 3882 2543 insanus

2230 2569 2466 2625 Sabellii
2497 2588 2675 2640 error,
2709 2575 2765 2625 et
2821 2571 3033 2626 invicte
3067 2573 3404 2643 coarguitur
3459 2573 3882 2634 hodiernorum

2228 2661 2563 2715 Judaaorum
2598 2660 2954 2732 insipientia.
2992 2660 3133 2716 Hinc
3157 2662 3313 2716 enim
3343 2661 3521 2718 vitam
3555 2663 3612 2719 in
3663 2671 3883 2722 semet-

2230 2747 2357 2819 ipso
2391 2749 2610 2804 habens
2633 2749 3517 2822 Unigenitus,quemadmodum
3553 2753 3724 2809 Pater
3779 2755 3884 2811 ha-

2232 2837 2347 2905 bet,
2382 2837 2542 2892 solus
2577 2838 2734 2893 novit
2763 2838 2896 2909 quis
2926 2838 3004 2894 sit
3026 2839 3423 2912 Pater,utpote
3452 2858 3586 2897 cum
3634 2843 3760 2914 ipse
3805 2845 3885 2901 sit

2229 2927 2288 2982 in
2339 2932 2531 2993 Patre,
2592 2933 2648 2983 et
2696 2931 2926 2983 Patrem
2979 2928 3192 2984 habeat
3233 2929 3292 2983 in
3343 2930 3556 3003 seipso.
3615 2932 3882 3006 Namque

2229 3017 2422 3090 imago
2454 3020 2562 3084 est,
2599 3020 2773 3087 atque
2804 3019 2946 3072 adeo
2977 3018 3177 3072 omnia
3205 3034 3332 3090 quae
3365 3020 3553 3076 Patris
3601 3026 3760 3090 sunt,
3819 3023 3882 3078 in

2229 3106 2358 3178 ipso
2381 3121 2612 3177 quoque
2643 3110 2784 3160 sunt
2812 3105 2968 3161 sicut
2996 3105 3055 3160 in
3084 3106 3593 3178 imagine.Etenim
3617 3110 3880 3184 sigillum

2232 3199 2320 3251 est
2345 3195 2612 3250 eamdem
2645 3195 2893 3250 formam
2918 3195 3261 3264 referens,et
3289 3196 3521 3254 Patrem
3569 3198 3629 3254 in
3687 3200 3884 3273 seipso

2234 3288 2684 3356 reprazsentans,
2714 3283 2970 3339 Verbum
3021 3283 3220 3341 vivens
3277 3288 3334 3341 et
3390 3302 3615 3354 verum,
3674 3289 3884 3360 virtus,

2236 3373 2546 3444 sapientia,
2566 3371 2950 3428 sanctiﬁcatio
2983 3378 3040 3428 et
3071 3373 3394 3446 redemptio
3428 3378 3648 3432 nostra.
3681 3379 3745 3434 In
3769 3379 3887 3451 ipso

2234 3464 2385 3520 enim
2412 3464 2671 3531 vivimus,
2702 3469 2756 3519 et
2782 3478 3088 3530 movemur,
3115 3467 3166 3518 et
3215 3480 3404 3520 sumus
3459 3465 3524 3520 5°.
3583 3465 3650 3521 Et
3680 3485 3693 3522 :
3726 3485 3890 3525 nemo

2234 3553 2501 3625 cognoscit
2530 3553 2652 3623 quis
2680 3554 2753 3608 sit
2775 3553 2954 3623 Pater,
2985 3554 3100 3608 nisi
3127 3553 3349 3622 Filius,-
3397 3560 3450 3609 et
3499 3556 3622 3626 quis
3672 3557 3744 3613 sit
3791 3559 3885 3614 Fi-

2236 3642 2366 3714 lius,
2401 3642 2515 3697 nisi
2538 3642 2712 3698 Pater
2739 3642 2803 3696 ⁸ο.

2305 3732 2360 3786 6.
2393 3731 2540 3796 Quid
2572 3730 2751 3803 igitur
2778 3729 2947 3803 impii
2967 3730 3061 3787 his
3094 3731 3165 3788 de
3196 3731 3393 3800 rebus,
3428 3750 3578 3805 quas
3635 3737 3888 3793 scrutari

2237 3823 2400 3879 uetas
2431 3825 2542 3888 est,
2573 3819 2800 3877 effutire
2831 3837 2946 3876 non
2976 3825 3249 3877 verentur
3275 3838 3288 3891 ;
3316 3821 3431 3895 illi,
3460 3823 3728 3896 inquam,
3785 3826 3890 3898 qui

2235 3915 2294 3968 et
2329 3909 2600 3966 homines
2616 3913 2776 3979 sunt,
2809 3926 2915 3967 nec
2942 3908 3031 3966 vel
3087 3909 3219 3982 ipsa
3265 3926 3462 3968 rerum
3521 3915 3888 3972 terrestrium

2237 4004 2509 4057 naturam
2540 4003 2791 4072 possunt
2818 3998 3132 4056 evolvere?
3190 4000 3333 4067 Imo,
3395 4018 3524 4074 quae
3579 4002 3670 4059 vel
3728 4004 3889 4078 ipsos

2236 4093 2522 4163 spectant,
2553 4088 2669 4161 ipsi
2689 4088 2980 4162 explicent
3009 4089 3199 4158 nobis,
3235 4107 3378 4146 num
3410 4091 3679 4148 videlicet
3721 4109 3890 4149 suam

2235 4181 2502 4252 ipsorum
2551 4182 2762 4234 natura
2838 4177 3132 4250 percipere
3217 4181 3491 4251 queant?
3573 4181 3891 4240 Temerarii

2237 4273 2391 4326 certe
2419 4267 2505 4323 illi
2538 4267 2909 4339 nimiumque
2937 4268 3318 4338 confidentes,
3361 4269 3462 4342 qui
3492 4269 3703 4327 divinae
3760 4288 3892 4327 ma-

2229 4358 2464 4432 jestatis
2493 4357 2742 4430 gloriam
2774 4357 2996 4428 absque
3021 4355 3140 4412 ullo
3170 4361 3423 4414 tremore
3452 4361 3887 4429 scrutantur,in

2238 4464 2416 4522 quam
2444 4446 2634 4520 angeli
2667 4463 2800 4501 cum
2840 4449 3054 4502 natura
3097 4450 3226 4502 tum
3291 4447 3496 4503 ordine
3536 4448 3683 4520 ipsis
3741 4450 3886 4506 adeo

2240 4539 2574 4612 superiores
2603 4535 2938 4592 desiderant
2969 4536 3300 4608 prospicere
3329 4536 3514 4592 “.80
3547 4538 3696 4603 Quid
3728 4538 3888 4594 enim

469 4623 560 4682 xui
612 4633 730 4691 τοῖς
788 4629 1106 4704 προσώποις
1155 4629 1254 4698 τὴν
1326 4625 1648 4703 δοξολογίαν
1699 4629 2125 4707 προσφέρουσιν,

2238 4633 2350 4684 Deo
2381 4625 2770 4700 propinquius
2795 4640 2973 4696 quam
3003 4624 3307 4681 cherubim
3339 4628 3398 4680 et
3427 4625 3722 4697 seraphim
3754 4625 3783 4682 ‘I
3831 4631 3891 4682 et

473 4716 767 4780 ἀπαύστοις
817 4723 935 4781 τοῖς
983 4717 1224 4793 χείλεσιν
1292 4713 1444 4772 οὐδὲν
1496 4714 1676 4794 ἕτερον
1727 4719 1762 4787 ἢ
1823 4719 1922 4787 τὴν
1983 4717 2125 4774 θείαν

469 4807 562 4861 καὶ
607 4804 875 4886 ἄφραστον
923 4807 1078 4884 φύσιν
1127 4811 1196 4882 τῇ
1239 4807 1620 4884 τρισαγιότητι
1669 4805 1979 4878 δοξάζοντα.
2030 4808 2130 4863 Καὶ

473 4893 720 4969 οὐδαμοῦ
766 4918 850 4959 τις
881 4901 990 4951 τῶν
1024 4896 1316 4951 θεσπεσίων
1363 4916 1685 4974 προφητων,
1728 4901 1836 4950 τῶν
1896 4894 2131 4970 μάλιστα

471 4985 906 5056 καταξιωθέντων
951 4992 1052 5056 τῆς
1091 4986 1353 5056 τοιαύτης
1404 4985 1548 5055 θέας,
1601 4983 1936 5061 ἀπήγγειλεν
1967 4988 2130 5060 ἡμῖν,

473 5073 557 5129 ὅτι
589 5074 639 5130 ἐν
678 5077 772 5149 μὲν
800 5079 880 5147 τῷ
910 5072 1046 5146 ἅπαξ
1081 5075 1249 5131 εἰπεῖν
1277 5074 1364 5145 τὸ,
1398 5076 1578 5152 ἅγιος,
1615 5077 1829 5151 μεγάλῃ
1855 5080 1926 5150 τῇ
1952 5081 2129 5155 φωνῇ,

473 5164 526 5218 ὲν
556 5162 613 5219 δὲ
643 5169 724 5237 τῷ
756 5162 1101 5242 δευτερῶσαι,
1130 5168 1319 5235 ἧσσον,
1354 5165 1406 5219 ἐν
1443 5163 1500 5220 δὲ
1529 5169 1608 5237 τῷ
1636 5169 1963 5239 τρισσεῦσαι,
2003 5166 2129 5220 ὑπο-

472 5247 788 5325 ϐεϐηκότως
844 5275 855 5286 ·
909 5253 999 5309 xui
1054 5255 1189 5329 μετὰ
1236 5259 1399 5310 τοῦτο
1456 5255 1547 5309 τὸν
1596 5258 1812 5328 πρῶτον
1866 5257 2132 5330 ἀγιασμὸν

470 5341 942 5420 κυριολογοῦντα,
1000 5344 1090 5398 τὸν
1145 5341 1202 5398 δὲ
1260 5341 1505 5418 δεύτερον
1567 5343 1935 5398 ὑποτάσσοντα
1969 5389 1982 5415 ,
2041 5345 2131 5399 καὶ

543 5471 585 5506 ⁵⁷
615 5475 730 5528 Isa.
766 5489 842 5543 1x,
874 5473 928 5526 6.
971 5471 1016 5506 ⁵⁸
1061 5471 1232 5527 Joan.
1283 5487 1338 5539 v,
1397 5471 1488 5526 25.
1548 5471 1593 5505 5°
1644 5475 1773 5526 Act.
1824 5488 1984 5539 XVIII,
2033 5473 2124 5528 28.

546 5596 658 5682 (7])
689 5597 783 5653 Sic
815 5596 1156 5670 Reg.Seg.et
1188 5595 1364 5653 Basil.
1398 5595 1512 5652 Alii
1540 5611 1675 5652 vero
1709 5600 1767 5652 et
1797 5597 1960 5670 editi,
1989 5600 2120 5665 ζωο-

469 5687 642 5725 ποιει.

543 5740 656 5820 (78)
685 5740 780 5799 Sic
811 5739 1026 5816 Regius
1054 5743 1115 5800 et
1137 5743 1372 5816 Seguer.
1403 5737 1516 5798 Alii
1543 5754 1699 5814 vero,
1729 5757 1876 5825 περι.

2239 4722 2436 4773 tamen
2470 4732 2586 4770 non
2617 4714 2835 4770 audent
2863 4713 3125 4785 aspicere
3148 4715 3238 4769 vel
3272 4715 3520 4786 pedibus
3544 4720 3719 4783 stare,
3770 4715 3890 4772 imo

2240 4823 2357 4862 non
2389 4805 2549 4881 nuda
2579 4803 2679 4860 sed
2715 4803 2942 4859 obtecta
2970 4801 3152 4857 veluti
3200 4802 3346 4859 facie
3403 4803 3632 4860 divinas
3686 4803 3890 4860 laudes

2239 4894 2411 4950 labiis
2442 4909 2749 4964 nunquam
2779 4891 3184 4947 deﬁcientibus
3213 4892 3526 4959 celebrant,
3550 4892 3698 4948 nihil
3729 4891 3890 4949 aliud

2241 5000 2419 5056 quam
2437 4981 2644 5038 divinae
2675 4986 2732 5038 et
2760 4979 3187 5054 inexPlicabilis
3218 4984 3439 5037 natura;
3478 4980 3728 5054 gloriam
3783 4983 3889 5037 tri-

2241 5073 2376 5146 plici
2408 5070 2736 5128 sanctitatis
2763 5068 2934 5126 titulo
2966 5069 3367 5142 prudicantes.
3399 5069 3513 5124 Nec
3540 5086 3674 5125 vero
3733 5069 3891 5126 ullus

2241 5182 2272 5220 e
2299 5161 2519 5219 sanctis
2542 5160 2861 5233 prophetis,
2888 5159 2988 5231 qui
3011 5159 3353 5230 hujusmodi
3384 5158 3604 5214 visione
3636 5159 3890 5214 maxime

2242 5258 2382 5309 sunt
2411 5251 2573 5323 digni
2603 5249 2809 5318 habiti,
2853 5248 3022 5304 nobis
3071 5248 3425 5303 renuntiavit
3483 5247 3617 5304 illos
3675 5264 3891 5319 magna

2240 5361 2377 5400 voce
2406 5357 2547 5398 usos
2575 5355 2704 5395 esse
2733 5355 2867 5393 cum
2899 5345 3122 5394 sanctus
3155 5337 3344 5410 prima
3368 5337 3490 5394 vice
3522 5337 3848 5410 proferrent
3872 5354 3887 5406 ;

2200 5471 2246 5506 6°
2273 5467 2476 5525 Matth.
2513 5483 2590 5533 XI,
2618 5467 2710 5520 27.
2741 5465 2785 5499 ⁸1
2822 5463 2843 5518 Ι
2872 5467 3025 5518 Petr.
3063 5481 3099 5532 ι,
3136 5464 3219 5517 12.

2307 5594 2417 5668 (79)
2441 5591 2678 5668 Regius,
2700 5586 3509 5668 Speguerianus,Gohl‘erianus
3538 5592 3596 5646 et
3616 5585 3889 5668 Basilien-

2233 5659 2339 5740 sis‘,
2371 5659 2421 5722 ἐν
2458 5659 2652 5736 ὲαῦτῷ,
2687 5665 2752 5719 ut
2780 5659 2837 5717 et
2857 5660 3032 5734 paulo
3063 5663 3212 5737 post,
3245 5659 3424 5720 Basil.
3457 5665 3715 5737 excepto.
