4178 6426
338 396 457 465 223

842 400 927 463 ’S.
971 398 1400 465 ATHANASII
1443 402 1617 466 OPP.
1667 396 1865 464 PARS
1911 396 1958 463 Ι.
1993 434 2072 448 -
2099 396 2511 470 HISTORICA
2556 409 2659 471 ET
2704 400 3189 470 DOGMATICA.

3637 396 3760 463 22‘

337 537 644 596 commissi
667 535 725 590 in
748 549 987 591 uxorem
1019 533 1253 592 sceleris
1281 535 1559 608 injuriam
1592 552 1827 607 passus,
1886 551 1975 591 ex-

2098 534 2209 597 θεῖς
2240 535 2317 599 εἷς
2345 538 2444 607 τήν
2477 544 2724 614 γυναῖκα,
2755 537 2845 593 καὶ
2892 538 2991 607 τὴν
3044 528 3355 609 ὑπερϐολὴν
3406 536 3505 588 τοῦ
3553 532 3758 604 μύσους

336 626 608 684 secrandi
640 624 917 681 facinoris
948 624 1308 681 atrocitatem
1361 642 1559 682 secum
1622 624 1989 696 perpendens

335 717 602 789 (Hebraea
627 715 844 787 quippe
874 730 943 770 ex
968 714 1159 770 tribus
1187 714 1219 770 J
1227 715 1343 771 uda
1367 714 1581 771 mulier
1608 715 1777 786 erat),
1811 713 1988 769 tanti-

337 823 451 879 que
472 804 672 877 ﬂagitii
705 803 985 877 gravitate
1014 803 1343 876 perculsus,
1392 803 1587 860 divina
1638 803 1916 859 Judicum
1945 804 1990 839 ⁸³

337 896 640 969 Scriptura
677 898 972 961 narrante,
1029 910 1267 950 uxorem
1322 894 1383 948 in
1442 894 1631 949 frusta
1689 893 1986 949 concisam

334 984 502 1041 misit
524 985 595 1041 ad
628 1000 832 1040 omnes
858 982 1049 1039 tribus
1084 982 1279 1054 Israel,
1313 988 1379 1039 ut
1411 1000 1527 1039 non
1560 981 1673 1038 sibi
1731 981 1988 1054 peculia-

334 1090 481 1145 rem,
516 1073 617 1129 88
650 1073 751 1129 sed
781 1073 1060 1129 omnibus
1089 1088 1467 1129 communem
1497 1071 1779 1143 injuriam
1813 1088 1983 1143 repu-

333 1166 527 1220 tarent
558 1180 572 1219 :
606 1166 663 1219 et
690 1165 757 1217 ut
788 1162 836 1218 si
868 1161 1053 1217 vicem
1087 1178 1256 1217 suam
1315 1159 1599 1225 dolerent,
1642 1176 1703 1215 se
1738 1158 1982 1216 ulcisce-

330 1256 536 1308 rentur
568 1268 586 1321 ς
615 1251 709 1306 sin
741 1248 1126 1323 negligerent,
1162 1250 1335 1321 quasi
1364 1248 1478 1321 ipsi
1537 1248 1688 1304 tanti
1720 1247 1984 1305 criminis

333 1345 602 1399 auctores
626 1345 823 1396 essent
834 1340 1057 1411 pudore
1072 1337 1780 1394 sufl‘underentur.Nuntii
1802 1337 1985 1411 igitur

333 1448 457 1487 rem
490 1434 717 1503 gestam
748 1431 1121 1485 enarrarunt.
1164 1426 1251 1482 Illi
1281 1444 1416 1483 vero
1457 1426 1528 1482 iis
1560 1426 1777 1483 auditis
1807 1431 1983 1499 atque

329 1520 675 1593 perspectis,
710 1518 983 1575 dicebant
1011 1533 1318 1589 nunquam
1349 1516 1490 1572 talia
1521 1517 1672 1572 facta
1732 1533 1881 1584 esse,
1914 1533 1984 1572 ex

330 1627 449 1681 qua
479 1609 574 1664 die
602 1606 705 1663 ﬁlii
741 1606 917 1663 Israel
969 1622 1038 1663 ex
1093 1606 1337 1679 [Egypto
1395 1606 1801 1662 ascenderant.
1838 1605 1980 1661 Uni-

329 1715 509 1755 versae
542 1697 721 1769 igitur
748 1695 940 1753 tribus
970 1695 1146 1751 Israel
1197 1695 1495 1752 concitata:
1524 1699 1665 1750 sunt
1695 1711 1709 1751 :
1743 1711 1981 1751 omnes-

331 1804 446 1859 que
478 1786 646 1858 quasi
680 1784 929 1858 singulis
959 1783 1123 1840 illata
1169 1784 1378 1840 fuisset
1429 1784 1667 1855 injuria,
1701 1784 1981 1841 adversus

327 1875 479 1933 tanti
512 1873 718 1948 ﬂagitii
750 1878 1016 1930 auctores
1045 1874 1105 1928 in
1133 1890 1316 1928 unum
1338 1874 1709 1929 coierunt.Ac
1739 1875 1980 1929 demum

330 1965 562 2022 scelesti
596 1964 680 2019 illi
713 1961 863 2020 bello
892 1963 1111 2031 divicti,
1144 1967 1202 2018 et
1249 1962 1322 2019 ab
1379 1963 1656 2019 omnibus
1715 1979 1980 2019 exsecra-

326 2054 476 2111 tioni
506 2058 648 2110 sunt
676 2052 860 2109 habiti
894 2071 906 2109 :
939 2053 1157 2108 etenim
1190 2052 1292 2124 qui
1323 2057 1715 2121 convenerant
1735 2070 1851 2109 non
1883 2069 1975 2109 co-

329 2143 688 2217 gnationem,
725 2143 826 2199 sed
859 2141 1135 2198 facinoris
1164 2141 1589 2214 indignitatem
1638 2160 1754 2215 prae
1789 2141 1978 2198 oculis

325 2232 602 2289 habuere.
636 2231 810 2289 Scitis
840 2230 1168 2299 historiam,
1203 2230 1433 2303 fratres,
1484 2235 1541 2288 et
1571 2248 1699 2303 qua:
1730 2248 1796 2287 ea
1826 2232 1897 2287 de
1917 2248 1978 2288 re

322 2321 385 2378 in
414 2321 733 2394 Scripturis
765 2325 1033 2377 accurate
1062 2326 1441 2377 recensentur
1475 2337 1487 2376 :
1522 2320 1793 2393 pluribus
1816 2322 1973 2377 enim

321 2428 452 2467 eam
483 2411 760 2484 prosequi
782 2426 898 2465 non
920 2410 1111 2481 juvat,
1145 2411 1302 2482 apud
1342 2426 1441 2466 eos
1476 2409 1729 2466 maxime
1760 2410 1977 2482 quibus

319 2517 415 2558 res
442 2500 619 2573 probe
650 2503 787 2556 nota
817 2502 907 2556 est
939 2516 950 2555 :
986 2516 1122 2555 cum
1154 2499 1499 2555 necessitate
1531 2497 1852 2571 compellar
1907 2517 1976 2555 ea

322 2605 450 2662 quae
482 2605 639 2645 nunc
658 2576 825 2661 gesta
851 2594 1013 2659 sunt,
1049 2587 1167 2644 illis
1207 2589 1392 2645 multo
1448 2589 1735 2662 graviora,
1767 2594 1972 2645 vestra:

322 2677 529 2751 pietati
562 2676 917 2750 significare.
952 2676 1087 2733 Ideo
1118 2678 1276 2733 cnim
1325 2678 1504 2749 hujus
1561 2676 1817 2734 historiae
1851 2695 1973 2734 me-

323 2766 564 2839 mini,ut
592 2782 661 2823 ea
691 2783 821 2838 quae
852 2772 992 2824 tunc
1021 2771 1186 2838 gesta
1223 2773 1365 2823 sunt
1393 2767 1782 2839 praesentibus
1812 2784 1971 2823 com-

322 2859 620 2930 parantes,
655 2859 713 2911 et
745 2856 1018 2923 scientes,
1078 2856 1200 2911 haec
1258 2855 1376 2911 illis
1432 2856 1764 2912 crudeliora
1819 2873 1972 2927 esse,

324 2944 516 3018 magis
546 2944 957 3016 indignemini,
992 2960 1170 3017 quam
1205 2943 1289 2999 illi
1314 2949 1455 3000 tunc
1509 2945 1790 3001 adversus
1848 2961 1970 3001 sec-

322 3034 506 3091 lestos
534 3032 668 3091 illos
699 3033 987 3106 indignati
1021 3038 1181 3091 sunt.
1246 3033 1470 3090 Etenim
1526 3034 1805 3091 adversus
1864 3052 1973 3093 nos

322 3126 658 3197 perpetrata
685 3123 962 3192 facinora,
994 3122 1185 3196 ipsam
1217 3123 1691 3195 persecutionum
1750 3125 1970 3181 acerbi-

318 3217 502 3270 tatem
531 3211 704 3287 longe
732 3213 1022 3271 excedunt
1054 3230 1069 3281 ;
1102 3213 1186 3269 ita
1220 3216 1284 3268 ut
1331 3213 1542 3286 exigua
1595 3214 1861 3270 videatur
1893 3215 1970 3271 le-

2100 624 2357 701 ὲωρακώς
2407 623 2653 703 (Ἑϐραία
2699 629 2803 704 γὰρ
2851 628 2918 697 ἦν
2967 627 3081 700 (87)
3132 626 3167 694 ἡ
3212 624 3375 700 γυνὴ,
3426 623 3516 678 καὶ
3567 620 3627 678 ἐκ
3653 629 3757 693 τῆς

2099 711 2275 770 Ἰούδα
2334 714 2513 793 φυλῆς
2561 716 2843 792 ἐτύγχανε)
2876 735 2890 749 ·
2942 714 3034 770 καὶ
3079 711 3450 788 καταπλαγεὶς
3501 711 3590 768 ἐπὶ
3636 718 3756 777 τοῖς

2095 799 2452 875 τολμηθεῖσιν
2501 805 2577 868 εἰς
2628 805 2785 860 αὑτὸν
2844 805 3303 880 παρανομήμασιν
3335 824 3347 836 ·
3408 801 3485 865 ὡς
3544 804 3579 871 ἡ
3639 801 3757 858 θεία

2094 895 2202 945 τῶν
2252 898 2458 969 Κριτῶν
2510 890 2817 971 διαγορεύει
2865 895 3076 971 Γραφή,
3128 890 3325 947 διελὼν
3372 892 3473 960 τὴν
3523 895 3756 965 γυναῖκα

2096 979 2381 1036 ἀπέστειλε
2426 984 2563 1038 κατά
2607 989 2779 1038 πᾶσαν
2830 980 3008 1061 φυλὴν
3056 986 3155 1037 τοῦ
3206 977 3429 1058 Ἰσραήλ
3463 999 3477 1012 θ
3521 978 3617 1035 ’ίνα
3673 981 3750 1054 μὴ

2096 1068 2173 1131 εἰς
2204 1069 2364 1125 αύτὺν
2401 1072 2586 1145 μόνον,
2621 1070 2767 1127 ἀλλά
2795 1071 2884 1127 καὶ
2918 1071 2994 1134 εἷς
3023 1071 3223 1133 πάντας
3261 1069 3443 1125 κοινὸν
3471 1068 3534 1124 τὸ
3563 1073 3750 1124 τοιοῦ-

2090 1179 2183 1213 τον
2216 1157 2463 1234 ἀδίκημα
2509 1163 2768 1235 πιστευθῇ
2804 1183 2817 1195 ’
2867 1161 2957 1216 καὶ
3004 1158 3117 1231 ἵνα,
3171 1158 3259 1215 ἐὰν
3313 1159 3409 1233 μὲν
3449 1158 3747 1232 συμπαθῶ-

2094 1269 2198 1319 σιν,
2230 1246 2608 1322 ἐκδικήσωσιν·
2643 1249 2730 1306 ἐὰν
2777 1248 2836 1306 δὲ
2881 1248 3207 1327 παρίδωσιν,
3241 1249 3317 1312 ὡς
3366 1248 3520 1304 αὐτοὶ
3552 1246 3746 1304 λοιπὸν

2092 1335 2446 1409 ἀδικήσαντες
2500 1340 2870 1416 αἱσχυνθῶσι.
2934 1340 3033 1395 Καὶ
3090 1340 3143 1394 οἱ
3208 1339 3304 1412 μὲν
3355 1335 3752 1402 ἀποσταλέντες

2089 1427 2153 1481 τὸ
2202 1430 2428 1504 γεγονὸς
2479 1427 2836 1505 ἀπήγγελλον
3073 1430 3127 1485 οἱ
3178 1426 3257 1498 δὲ,
3319 1428 3606 1491 ἀκούοντες
3659 1427 3750 1482 καὶ

2092 1516 2348 1590 ὁρῶντες,
2402 1516 2594 1594 ’ἐλεγον
2658 1516 2937 1592 μηδέποτε
2992 1519 3059 1574 τὰ
3112 1522 3336 1574 τοιαῦτα
3392 1518 3748 1593 γεγενῆσθαι,

2093 1604 2182 1682 ἀφ’
2211 1608 2278 1675 ἧς
2309 1607 2508 1683 ἡρέρας
2542 1602 2804 1678 ἀνέϐησαν
2838 1610 2890 1663 οἱ
2921 1608 3030 1662 υἱοὶ
3072 1605 3291 1682 Ἰσραὴλ
3342 1605 3395 1677 ἐξ
3445 1606 3748 1681 Αἰγύπτου.

2091 1699 2243 1749 Πᾶσα
2297 1700 2426 1770 γοῦν
2476 1695 2621 1773 φυλὴ
2677 1702 2772 1751 τοῦ
2824 1694 3045 1770 Ἰσραὴλ
3104 1696 3383 1767 κεκίδηται
3440 1697 3601 1770 (89),
3657 1698 3748 1751 καὶ

2090 1784 2286 1847 πάντες
2334 1785 2410 1847 ὡς
2460 1785 2613 1841 αὐτοὶ
2651 1785 2913 1849 παθόντες
2959 1787 3096 1841 κατὰ
3140 1790 3249 1840 τῶν
3297 1782 3743 1858 πλημμελησάν-

2087 1893 2196 1927 των
2256 1871 2520 1943 συνῆλθον
2554 1893 2570 1910 ·
2616 1875 2706 1929 καὶ
2763 1872 2924 1937 τέλος
2980 1873 3504 1948 κατεπολεμήθησαν
3568 1875 3622 1929 οἱ
3678 1875 3748 1930 τὰ

2088 1963 2379 2037 παράνομα
2410 1960 2720 2038 δράσαντες,
2765 1964 2855 2019 καὶ
2904 1964 3147 2039 ἀνάθεμα
3194 1964 3342 2039 παρά
3385 1960 3601 2019 πάντων
3650 1984 3747 2039 γε-

2087 2051 2328 2126 γόνασιν.
2381 2053 2453 2107 Οὐ
2502 2054 2606 2131 γὰρ
2656 2054 2733 2116 εἷς
2784 2056 2885 2123 τὴν
2936 2054 3249 2129 συγγένειαν
3296 2055 3351 2108 οἱ
3404 2050 3746 2117 συνελθόντες

2088 2140 2372 2212 ἐσκόπουν,
2407 2139 2539 2196 ἀλλκ
2584 2143 2659 2205 εἰς
2706 2142 2767 2198 τὸ
2811 2140 3214 2216 πλημμεληθὶν
3412 2138 3742 2199 ἀπέϐλεπον.

2087 2228 2280 2286 Οἴδατε
2305 2232 2405 2301 τὴν
2439 2231 2705 2308 ἱστορίαν,
2758 2229 3010 2310 ἀδελφοὶ,
3060 2231 3151 2287 καὶ
3189 2232 3257 2286 τά
3287 2230 3346 2287 ἐκ
3388 2236 3493 2301 τῆς
3525 2237 3744 2310 Γραφῆς

2087 2316 2327 2396 ἀκριϐῶς
2385 2321 2509 2396 περὶ
2557 2320 2761 2391 ταύτης
2822 2321 3241 2396 σημαινόμενα·
3296 2319 3743 2397 ἐπεξεργάσασθαι

2084 2409 2188 2483 γὰρ
2242 2407 2473 2464 πλείονα
2528 2410 2652 2486 περὶ
2702 2409 2870 2480 αὐτῆς
2930 2408 2996 2464 οὐ
3058 2408 3355 2485 βούλομαι,
3413 2410 3552 2484 πρὸς
3601 2406 3742 2464 εἶδό-

2081 2518 2177 2559 τας
2224 2500 2337 2571 (91)
2391 2499 2637 2577 γράφων,
2688 2498 2779 2554 καί
2837 2497 3193 2575 ἐπειγόμενος
3248 2500 3317 2553 τὰ
3370 2503 3463 2554 νῦν
3524 2497 3741 2554 ἐκείνων

2082 2586 2312 2642 πλείονα
2341 2593 2580 2661 σημᾶναι
2606 2592 2676 2662 τῇ
2729 2588 2964 2665 ὑμετέρᾳ
3011 2582 3284 2660 εὐλαϐείᾳ.
3322 2589 3421 2643 Διὰ
3443 2592 3606 2644 τοῦτο
3636 2589 3741 2666 γὰρ

2081 2675 2301 2745 καὶτῆς
2335 2676 2577 2753 ἱστορίας
2604 2676 2807 2748 ταύτης
2859 2678 3153 2751 ἐμνήσθην,
3194 2674 3308 2746 ἵνα,
3356 2678 3423 2731 τὰ
3464 2675 3587 2733 τότε
3622 2683 3742 2742 τοῖς

2080 2770 2171 2819 νῦν
2226 2765 2541 2841 γινομένοις
2592 2760 2965 2839 συμϐαλόντες
3022 2768 3157 2837 (92),
3215 2766 3306 2821 καὶ
3362 2764 3607 2842 γνόντες,
3662 2766 3739 2830 ὡς

2079 2858 2247 2909 ταῦτα
2300 2854 2547 2926 νενίκηκε
2594 2856 2693 2925 τήν
2742 2854 2960 2911 ἐκείνων
3010 2854 3297 2929 ὠμότητα,
3346 2859 3538 2911 πλεῖον
3582 2857 3740 2930 ὑμεῖς

2080 2943 2495 3019 ἀγανακτήσητε
2524 2944 2560 3013 ἢ
2603 2945 2655 2998 οἱ
2701 2946 2839 3000 κατά
2880 2950 2987 3000 τῶν
3036 2944 3161 3000 τότε
3206 2945 3737 3020 παρανομησάντων.

2080 3032 2180 3087 Καὶ
2238 3032 2343 3108 γὰρ
2388 3032 2479 3088 καὶ
2524 3032 2592 3088 τὰ
2649 3034 2819 3109 πικρά
2865 3037 2973 3088 τῶν
3028 3030 3290 3109 διωγμῶν
3347 3035 3416 3091 τὰ
3471 3033 3738 3110 γενόμενα

2077 3122 2195 3176 καθ’
2224 3123 2385 3195 ἡμῶν
2434 3116 2774 3198 ὑπερϐέϐηκε
2823 3125 2955 3197 (93)’
2987 3122 3080 3179 καὶ
3129 3123 3298 3199 μικρά
3341 3124 3377 3193 ἡ
3427 3127 3529 3178 tbi
3579 3121 3738 3179 Λευί-

2077 3232 2174 3266 του
2206 3212 2459 3290 συμφορά
2486 3211 2624 3289 πρὸς
2652 3212 2721 3267 τὰ
2765 3215 2856 3267 νῦν
2906 3212 3044 3268 κατὰ
3088 3218 3190 3282 τῆς
3240 3212 3563 3284 Ἐκκκησίας
3608 3211 3739 3269 τολ-

317 3303 449 3360 vitae
480 3301 788 3359 calamitas
817 3302 893 3358 iis
923 3301 1134 3359 collata
1163 3317 1290 3375 quae
1349 3318 1505 3358 nunc
1536 3303 1815 3360 adversus
1864 3304 1967 3360 Ec-

2089 3301 2340 3375 μηθέντα·
2393 3300 2483 3355 καὶ
2536 3299 2751 3374 μᾶλλον
2803 3304 2972 3356 ταῦτα
3020 3297 3145 3357 οὔτε
3172 3303 3287 3376 (94)
3332 3301 3573 3374 ἠκούσθη
3607 3303 3741 3359 ποτὲ

319 3392 918 3450 clesiam-commissa
937 3395 1077 3449 sunt
1108 3410 1123 3461 ;
1156 3390 1244 3448 vel
1276 3391 1472 3464 potius
1518 3392 1813 3464 ejusmodi
1869 3392 1973 3450 illa

320 3487 483 3553 sunt,
513 3485 581 3539 ut
608 3498 918 3554 nunquam
940 3479 1160 3554 aliquid
1183 3480 1374 3538 simile
1394 3481 1797 3550 auditum,nec
1815 3482 1971 3555 quis-

320 3588 498 3645 quam
529 3570 866 3629 istiusmodi
896 3570 1053 3627 mala
1095 3574 1368 3642 expertus
1428 3569 1524 3626 sit.
1589 3571 1754 3627 Tunc
1811 3570 1969 3627 enim

320 3661 535 3718 mulier
564 3678 684 3718 una
712 3658 1085 3717 contumeliis
1116 3660 1341 3728 affecta,
1386 3660 1594 3717 unicus
1624 3660 1764 3716 item
1794 3659 1972 3717 levita

318 3749 519 3819 lassus,
552 3766 708 3805 nunc
740 3752 936 3805 autem
968 3747 1252 3805 universae
1272 3747 1541 3805 Ecclesia:
1569 3749 1788 3821 injuria
1807 3748 1971 3806 illata

316 3843 428 3908 est,
460 3843 517 3895 et
544 3838 924 3896 sacerdotalis
953 3838 1094 3894 ordo
1126 3836 1502 3894 contumeliis
1529 3844 1621 3895 est
1669 3838 1918 3895 affectus
1951 3857 1965 3896 :

319 3928 596 4001 quodque
629 3927 866 4000 gravius
897 3925 1182 3995 videatur,
1214 3926 1399 3998 pietas
1422 3926 1496 3982 ab
1527 3926 1826 4000 impietate
1842 3945 1970 4001 per-

315 4016 680 4074 secutionem
711 4015 1017 4089 patitur.Si
1048 4019 1189 4071 tunc
1227 4015 1468 4088 quidem
1498 4015 1742 4089 singulm
1778 4016 1969 4073 tribus

317 4104 555 4179 singula
595 4104 776 4161 unius
834 4104 1101 4160 mulieris
1157 4105 1347 4161 frusta
1398 4109 1703 4162 cernentes
1760 4105 1969 4163 exhor-

317 4210 488 4251 ruere
538 4210 745 4250 :nunc
802 4197 1001 4250 autem
1042 4193 1329 4251 universae
1387 4193 1654 4251 Ecclesiae
1704 4196 1971 4251 membra

317 4284 611 4356 discerpta
640 4282 1106 4356 conspiciuntur.
1139 4282 1338 4356 Degati
1374 4287 1529 4341 certe
1580 4288 1708 4340 tum
1741 4284 1812 4340 ad
1844 4300 1967 4351 vos,

315 4375 444 4428 tum
476 4372 547 4428 ad
581 4370 729 4429 alios
758 4371 947 4439 missi,
981 4372 1197 4444 quibus
1222 4372 1595 4429 contumeliis
1616 4372 1969 4444 injuriisque

319 4461 437 4517 sint
465 4460 675 4529 affecti,
706 4460 1066 4518 renuntiant.
1099 4460 1483 4518 Concitemini
1516 4461 1695 4535 igitur
1740 4466 1799 4518 et
1842 4477 1967 4532 vos,

319 4550 760 4622 obsecro,quasi
794 4567 908 4607 non
942 4567 1049 4607 nos
1080 4551 1509 4617 tanium,sedet
1541 4557 1600 4607 et
1629 4568 1729 4607 vos
1752 4550 1970 4622 injuria

2080 3390 2133 3445 ἐν
2171 3394 2241 3464 τῇ
2288 3389 2602 3465 οἰκουμένῃ,
2652 3387 2779 3447 οὕτε
2824 3390 3088 3446 τοιούτων
3136 3411 3222 3454 τις
3272 3390 3593 3469 πεπείραται
3639 3412 3737 3447 κα-

2078 3482 2209 3536 κῶν.
2256 3479 2388 3534 Τότε
2430 3480 2524 3554 μὲν
2574 3480 2679 3555 γὰρ
2732 3481 2869 3556 γυνῆ
2918 3480 3015 3555 μία
3060 3482 3126 3549 ἦν
3196 3482 3232 3551 ἡ
3286 3478 3620 3552 ἀδικηθεῖσα,
3647 3482 3739 3537 καὶ

2079 3570 2157 3631 εἷς
2190 3567 2420 3638 Λευίτης
2454 3569 2483 3624 ὁ
2511 3570 2610 3638 τὴν
2668 3568 2786 3644 βίαν
2836 3570 3043 3624 παθών.
3076 3573 3169 3625 νῦν
3202 3565 3261 3624 δὲ
3298 3566 3404 3640 ὅλη
3436 3572 3472 3640 ἡ
3507 3568 3738 3643 Ἐκκλη-

2079 3655 2168 3711 σία
2222 3654 2485 3729 ἠδικήθη,
2533 3656 2624 3713 καὶ
2672 3658 2734 3712 τὸ
2785 3659 3048 3735 ἱερατεῖον
3111 3653 3363 3733 ὑϐρίσθη,
3412 3657 3501 3714 καῖ
3554 3659 3619 3715 τό
3675 3680 3740 3736 γε

2083 3752 2289 3819 μεῖζον,
2350 3740 2593 3802 εὐσέϐεια
2650 3746 2756 3801 ἀπὸ
2814 3750 2928 3821 (95)
2988 3741 3235 3811 ἀσεϐείας
3296 3744 3581 3803 διώκεται·
3643 3748 3736 3803 καὶ

2075 3835 2199 3890 τότε
2251 3836 2345 3909 μὲν
2396 3841 2524 3909 μιᾶς
2576 3835 2832 3911 γυναικὸς
2873 3836 3068 3907 ἑκάστη
3121 3834 3267 3915 φυλή
3332 3837 3497 3913 μέρος
3554 3838 3736 3913 ὁρῶσα

2075 3923 2501 3995 κατεπλήττετο,
2536 3922 2656 4001 ἄρτι
2706 3922 2765 3980 δὲ
2815 3922 2956 3995 ὅλης
2998 3923 3327 3996 Ἐκκλησίας
3360 3928 3549 4002 ὁρᾶται
3585 3928 3730 4001 μέλη

2079 4011 2399 4089 διῃρημένα’
2443 4014 2534 4069 καὶ
2583 4013 2711 4077 τοὺς
2765 4014 2860 4089 μὲν
2906 4015 3045 4090 πρὸς
3095 4015 3260 4089 ὑμᾶς,
3310 4016 3440 4080 τοὺς
3491 4013 3548 4072 δὲ
3598 4016 3738 4093 πρὸς

2078 4099 2287 4166 ἄλλους
2316 4100 2742 4173 ἀποσταλέντας,
2791 4104 2891 4173 τὴν
2926 4098 3080 4180 ὕϐριν
3128 4104 3218 4159 καὶ
3266 4106 3367 4175 τήν
3400 4103 3636 4176 ἀδικίαν,
3666 4106 3735 4176 ἢν

2076 4192 2424 4265 πεπόνθασιν,
2486 4191 2938 4270 ἀπαγγέλλοντας
2971 4237 2985 4252 .
3045 4195 3313 4266 Κινήθητε
3369 4191 3436 4265 δὴ
3497 4192 3587 4251 οὗν
3644 4195 3737 4251 καὶ

2080 4283 2237 4357 ὑμεῖς
2265 4279 2590 4358 παρακαλῶ,
2622 4283 2696 4357 μή
2890 4283 2966 4346 ὡς
3021 4285 3182 4358 ἡμῶν
3234 4284 3419 4359 μόνον,
3471 4282 3618 4341 ἀλλᾶ
3645 4284 3736 4340 καὶ

2078 4372 2153 4435 ὡς
2188 4372 2339 4445 ὑμῶν
2390 4368 2777 4444 ἀδικηθέντων,
2827 4373 2917 4428 καὶ
2971 4368 3196 4436 ἕκαστος
3246 4372 3320 4437 ὡς
3352 4371 3513 4437 αὐτὰς
3550 4375 3733 4430 παθὼν

2083 4462 2433 4536 βοηθησάτω,
2475 4458 2567 4517 τίνα
2618 4462 2694 4535 μὴ
2746 4458 2817 4517 δι’
2869 4459 3066 4538 ὀλίγου
3099 4460 3541 4534 ἐκκλησιαστικοὶ
3578 4462 3736 4521 κανό-

2077 4571 2185 4623 νες,
2239 4550 2328 4605 καὶ
2380 4552 2416 4620 ἡ
2470 4557 2573 4620 τῆς
2622 4548 2915 4620 ἐκκλησίας
2961 4550 3143 4615 πίστις
3196 4554 3561 4631 παραφθαρῇ.
3614 4559 3733 4608 Κιν-

320 4639 511 4696 aﬂ'ecti
540 4639 747 4697 essetis
781 4657 794 4695 ε
829 4645 886 4696 et
914 4640 1184 4712 quisque,
1217 4639 1389 4712 quasi
1418 4639 1545 4711 ipse
1594 4640 1771 4696 laesus
1800 4656 1969 4712 opem

2089 4637 2285 4696 δυνεύει
2320 4641 2434 4715 -γὰρ
2480 4639 2796 4718 ἀμφότερα,
2848 4639 2937 4695 ἐὰν
2996 4642 3072 4714 μή
3124 4642 3341 4718 ταχέως
3394 4644 3422 4697 ὁ
3483 4643 3614 4705 Θεὸς
3668 4640 3739 4698 δι’

319 4727 490 4800 ferat,
521 4745 595 4784 ne
627 4728 786 4785 brevi
843 4728 1223 4785 ecclesiastici
1281 4744 1536 4784 canones
1593 4733 1651 4784 et
1707 4727 1971 4785 Ecclesiae

2089 4730 2236 4804 ὑμῶν
2288 4730 2356 4785 τὰ
2401 4727 2879 4804 πλημμεληθέντα
2920 4727 3306 4805 διορθώσηται,
3354 4730 3445 4787 καὶ
3497 4729 3737 4796 ἐκδικίας

390 4844 437 4878 ⁸³
457 4842 649 4899 Judic.
680 4860 799 4902 xxx.

393 4959 505 5033 (87)
534 4960 597 5016 In
628 4960 769 5017 edit.
802 4962 964 5018 Com.
997 4965 1054 5017 et
1074 4959 1321 5033 Paris.et
1350 4960 1410 5015 in
1430 4959 1789 5033 quibusdam
1822 4978 1967 5019 mss.

319 5030 699 5106 ﬁv‘deesttln
732 5033 872 5105 Reg.
902 5033 1079 5106 Basil,
1110 5038 1169 5088 et
1199 5030 1501 5089 Frlckmi5
1530 5049 1703 5089 anon.
1736 5032 1968 5106 legitur.

316 5102 683 5178 MogABasilu
698 5102 1006 5178 Απαρβινομή
1016 5123 1182 5178 σασιν.

392 5170 905 5248 (88)_Basilien'sis,
927 5170 1306 5248 Anglicanus.
1329 5170 1682 5248 ἀπάγγελον,
1712 5178 1840 5231 Mox
1870 5176 1973 5232 Re-

318 5244 847 5337 εξὺε,“ἀὶιούσα;θτες.
882 5244 1244 5337 Ρᾶυξόἣροῇῐ,
1270 5247 1419 5337 editi
1438 5244 1765 5337 etquidem
1799 5264 1971 5314 mss.,

317 5317 763 5402 τάιτοιαζιτα.“1η
798 5319 938 5402 Reg.
968 5323 1027 5402 et
1049 5317 1227 5402 Basil.
1252 5317 1605 5402 'deest.Lt&:‘
1674 5391 1686 5402 ι
1786 5389 1822 5402 μ

391 5389 504 5515 γ89)
537 5391 624 5446 lta
654 5389 795 5463 Reg.
828 5387 913 5447 At
923 5391 1086 5458 editi,
1120 5387 1882 5475 éxsxlvmo.”l388il..Anglic.
1916 5395 1972 5446 et

318 5460 391 5516 Fe
418 5461 640 5543 etimnb
668 5478 966 5543 anonym,
992 5460 1275 5543 κεκίνητο.
1302 5462 1468 5543 Regii
1523 5461 1697 5543 lectio
1729 5466 1971 5543 antepo-

319 5532 515 5607 nenda
541 5532 791 5607 videtur.
828 5532 963 5591 Mox
991 5535 1158 5607 Reg.,
1189 5532 1517 5593 πεπονθότες
1568 5532 1705 5587 κατά
1732 5535 1839 5586 τῶν
1868 5532 1966 5588 ἶπε-

316 5600 432 5673 πλη
447 5599 836 5675 μμεληκότων.

705 5623 836 5736 ἰωντ
841 5673 905 5734 ολ
916 5676 1102 5755 μηθέν.

1198 5677 1333 5743 Mox,
1421 5677 1601 5765 idem,
1663 5672 1845 5736 ο⁹ίδατε
1913 5672 1971 5736 δὲ

313 5746 440 5828 τήν,
473 5746 583 5810 etc.

2154 4964 2270 5037 (91)
2304 4964 2477 5037 Beg.,
2503 4958 2621 5037 είδή
2636 4982 2824 5035 μονας.

2152 5034 2266 5108 (92)
2297 5034 2417 5093 Sic'
2444 5034 2689 5117 ﬁegius,
2742 5034 3105 5117 Anglicanus
3160 5036 3674 5117 et__Felgkn;_anni_
3700 5038 3738 5094 5

2083 5101 2595 5197 anonjmu‘sEdfti
2624 5101 3362 5197 νὸςοὲσῦμϐάὶζλοντεςΜρΧ
3374 5108 3732 5169 Basihensis.

2083 5174 2360 5264 ιῖ>ςωαέιξτοὶ¹ζ
2370 5178 2557 5264 Paulo
2592 5183 2730 5264 post.
2752 5174 3160 5264 Reg.,‘?r)\éola.
3173 5178 3358 5264 ⁶ὑμεῖς.

2080 5252 2266 5375 61h£23)
2326 5250 2421 5307 Sic
2480 5244 2621 5323 Reg'.
2681 5254 2741 5306 et
2794 5244 3019 5323 Anglic.
3080 5244 3235 5307 Editi
3288 5266 3443 5321 vero,
3505 5244 3737 5325 ὑπερϐά-

2117 5342 2238 5378 ηκε.

2141 5360 2266 5466 iiii)
2304 5393 2468 5466 Reg.,
2494 5391 2562 5445 τά
2586 5394 2811 5446 τοιαῦτα
2840 5389 2985 5449 οὐδὲ.
3020 5393 3197 5451 Paulo
3226 5394 3378 5452 infra
3406 5394 3583 5465 idem,
3607 5389 3735 5448 οὐδὲ

2077 5463 2341 5520 τοίούτων
2372 5463 2458 5525 τ’ίς
2480 5482 2631 5519 ποτε.

2171 5537 2265 5610 95)
2298 5536 2467 5610 Beg.,
2501 5533 2626 5610 ὑπό.
2844 5607 2851 5610 _
2912 5607 2945 5610 _7
2984 5609 2987 5610 ν
3018 5608 3028 5610 ᾼ
3226 5606 3235 5610 _
3377 5609 3393 5610 ί
3772 5590 3778 5595 .

2119 5604 2263 5738 1
2297 5604 2459 5683 Reg”
2490 5604 2580 5661 καί
2611 5611 2743 5664 ante
2778 5607 2878 5683 μή.
2909 5607 3134 5668 Ibidem
3169 5606 3349 5685 μόνων
3375 5609 3516 5684 Reg.
3529 5612 3588 5668 et
3605 5613 3729 5669 Au-

2079 5696 2212 5758 guo.
