4178 6408
306 403 426 465 225

1568 402 1956 467 EPISTOLA
2000 400 2461 466 ENCYCLICA.

3599 424 3717 486 226

306 537 341 604 ἡ
378 534 676 606 Ἐκκλησία
724 537 901 614 τύχῃ.
957 539 1029 593 Οὐ
1076 540 1179 615 γὰρ
1236 543 1325 593 νῦν
1378 538 1596 600 κανόνες
1654 537 1743 591 καὶ
1801 535 1962 589 τύποι

2086 535 2222 591 ﬁdes
2244 553 2481 609 pessum
2503 545 2654 597 eant.
2676 541 3001 615 Utrumque
3025 546 3180 603 enim
3202 550 3585 626 periclitatur,
3604 557 3720 613 nisi

304 630 426 687 ταῖς
477 625 827 696 Ἐκκλησίαις
886 625 1185 701 ἐδόθησαν,
1246 626 1369 682 ἀλλ’
1428 628 1485 682 ἐκ
1540 631 1648 681 τῶν
1708 626 1957 698 Πατέρων

306 714 468 785 ἡμῶν
524 716 639 788 (97)
686 714 873 778 καλῶς
921 717 1011 771 καὶ
1065 711 1297 790 βεϐαίως
1355 714 1725 791 παρεδόθησαν
1780 733 1791 744 ·
1838 711 1963 766 οὐδὲ

306 806 396 855 νῦν
444 805 479 872 ἡ
540 804 722 867 πίστις
766 802 988 880 ἤρξατο,
1046 804 1171 873 ἀλλ’
1222 805 1280 860 ἐκ
1327 810 1423 860 τοῦ
1472 805 1669 879 Κυρίου
1723 802 1809 857 διὰ
1853 806 1958 855 τῶν

311 892 568 964 μαθητῶν
616 893 693 955 εἷς
741 896 891 966 ἡμᾶς
947 889 1265 964 διαϐέϐηκεν
1302 917 1314 929 ·
1365 896 1461 948 Ἵν’
1506 891 1596 948 οὗν
1654 895 1727 966 μὴ
1786 893 1853 945 τὰ
1911 889 1961 958 ἐξ

308 980 555 1055 ἀρχαιων
593 982 791 1056 μέχρις
823 983 983 1053 ἡμῶν
1014 983 1317 1055 τηρηθέντα
1362 982 1411 1036 ἐν
1462 987 1578 1044 ταῖς
1616 978 1963 1049 Ἐκκλησίαις

310 1065 363 1121 ἐν
422 1073 541 1130 ταῖς
590 1073 682 1122 νῦν
734 1067 970 1146 ἡμέραις
1012 1068 1448 1144 παραπόληται,
1482 1070 1571 1125 καὶ
1623 1072 1691 1124 τὰ
1745 1088 1960 1122 πιστευ-

309 1157 466 1211 θέντα
506 1158 640 1230 ἡμῖν
694 1160 904 1233 ζητηθῇ
954 1159 1080 1233 παρ’
1129 1160 1325 1230 ἡμῶν·
1367 1161 1644 1231 κινηθητε,
1697 1156 1960 1233 ἀδελφοὶ,

311 1245 388 1307 ὡς
420 1244 699 1319 οἰκονόμοι
737 1247 1048 1320 μυστηρίων
1082 1251 1215 1301 Θεοῦ
1244 1249 1629 1323 τυγχάνοντες,
1660 1248 1749 1301 καὶ
1796 1249 1965 1300 ταῦτα

312 1335 400 1413 ὑφ’
431 1336 627 1409 ἑτέρων
660 1338 770 1409 (98)
820 1336 1168 1412 ἁρπαζόμενοι
1216 1338 1560 1411 θεωροῦντες.
1614 1338 1687 1391 Τὰ
1735 1337 1827 1409 μὲν
1873 1333 1963 1389 οὖν

309 1425 537 1479 πλείονα
592 1426 739 1501 παρά
793 1430 899 1479 τῶν
951 1426 1431 1501 γραμματοφόρων
1489 1426 1793 1481 ἀκούσεσθε·
1842 1446 1962 1478 συν-

307 1513 496 1587 τόμως
558 1511 616 1568 δὲ
669 1514 824 1589 κάγὼ
895 1522 1132 1587 σημᾶναι
1190 1516 1464 1590 ἠπείχθην
1508 1562 1523 1588 ,
1572 1514 1662 1569 ’ἱνα
1722 1519 1800 1585 τῷ
1852 1510 1961 1567 ὄντι

311 1606 506 1676 γνῶτε,
541 1601 623 1657 ὅτι
657 1600 918 1657 οὐδέποτε
958 1608 1182 1658 τοιαῦτα
1220 1605 1406 1678 γένονε
1435 1604 1570 1658 κατά
1598 1611 1700 1672 τῆς
1730 1600 1962 1671 Ἐκκλη-

312 1691 432 1753 σίας
464 1692 552 1769 ἀφ’
580 1694 647 1760 ἧς
679 1694 791 1765 (99)
829 1692 1041 1769 ἡμέρας
1090 1691 1416 1771 ἀναληφθεὶς
1467 1694 1494 1747 ὁ
1527 1694 1723 1768 Σωτὴρ
1779 1690 1965 1745 ἐνετεί-

314 1777 448 1834 λατο
488 1785 612 1842 τοῖς
676 1781 941 1854 μαθηταῖς
1002 1779 1200 1856 λέγων·
1263 1782 1638 1855 Πορευθέντες,
1702 1778 1965 1853 μαθητεύ-

2069 628 2262 679 vestra
2312 643 2488 697 opera
2534 630 2688 685 Deus
2736 631 2996 688 facinora
3045 634 3146 691 illa
3193 638 3306 694 cito
3351 641 3628 714 corrigat,
3662 646 3720 699 et

2070 712 2327 769 Ecclesia
2378 715 2720 774 vindicetur.
2754 720 2877 775 Non
2927 723 3083 777 enim
3131 742 3287 781 nunc
3330 712 3591 798 primum
3622 748 3718 787 ca-

2071 816 2254 856 nones
2286 806 2342 857 et
2372 808 2592 861 statuta
2613 806 2876 863 Ecclesiae
2902 810 3041 866 data
3068 818 3232 883 sunt,
3255 816 3356 871 sed
3390 834 3423 872 a
3444 819 3719 875 Patribus

2073 888 2240 944 nobis
2272 895 2425 947 recte
2454 892 2817 967 ﬁrmiterque
2848 902 2987 954 sunt
3027 902 3242 958 tradita
3274 920 3288 959 :
3339 920 3529 977 neque
3560 924 3718 964 nunc

2072 977 2217 1033 ﬁdes
2268 979 2505 1052 incepit,
2539 984 2639 1037 sed
2681 1001 2716 1039 a
2747 986 2989 1042 Domino
3020 1004 3123 1060 per
3151 991 3473 1065 discipulos
3503 997 3576 1052 ad
3609 1014 3717 1054 nos

2072 1083 2259 1137 usque
2301 1071 2582 1140 pervenit.
2617 1072 2697 1127 No
2728 1073 2905 1145 igitur
2933 1094 3000 1132 ea
3029 1095 3155 1149 quae
3187 1081 3258 1137 ab
3290 1083 3547 1155 antiquis
3578 1084 3718 1141 hac-

2070 1158 2242 1210 tenus
2293 1163 2517 1215 servata
2564 1165 2703 1216 sunt
2754 1163 2812 1218 in
2861 1164 3155 1239 Ecclesiis,
3186 1168 3317 1225 istis
3349 1172 3475 1242 jam
3506 1173 3716 1231 diebus

2069 1260 2309 1314 pessum
2359 1247 2590 1317 abeant,
2624 1267 2763 1306 neve
2811 1253 2881 1308 de
2924 1254 2995 1310 iis
3026 1272 3153 1327 quae
3184 1259 3355 1315 nobis
3384 1264 3717 1320 concredita

2070 1338 2209 1388 sunt
2259 1335 2514 1392 rationes
2565 1343 2922 1411 repetantur,
2972 1343 3318 1412 inoitemini,
3359 1348 3586 1417 fratres,
3620 1354 3714 1406 ut-

2070 1426 2204 1492 pote
2255 1423 2688 1495 dispensatores
2737 1430 3151 1501 mysteriorum
3182 1434 3305 1506 Dei,
3337 1437 3480 1492 dum
3510 1438 3615 1494 illa
3641 1439 3716 1495 ab

2071 1509 2200 1565 aliis
2241 1511 2415 1583 diripi
2455 1515 2709 1571 cernitis.
2744 1516 2920 1573 Plura
2966 1537 3000 1574 a
3047 1520 3371 1579 tabellariis
3421 1525 3717 1595 ediscetis,

2070 1599 2339 1654 festinavi
2397 1606 2590 1658 tamen
2638 1607 2841 1676 paucis
2889 1624 2956 1662 ea
3004 1608 3356 1681 signiﬁcare,
3388 1630 3504 1684 quo
3548 1614 3723 1686 plane

2071 1687 2237 1743 vobis
2268 1694 2559 1746 constaret
2589 1709 2893 1765 nunquam
2925 1695 3069 1752 talia
3099 1698 3378 1755 adversus
3400 1700 3721 1759 Ecclesiam

2074 1781 2403 1849 perpetrata
2432 1794 2579 1845 esse,
2616 1796 2684 1835 ex
2726 1797 2843 1852 qua
2874 1782 2966 1838 die
2997 1783 3264 1841 Salvator
3292 1786 3352 1842 in
3384 1788 3595 1845 coelum
3627 1807 3724 1846 as-

314 1889 439 1923 σατε
486 1870 661 1923 πάντα
706 1870 774 1923 τὰ
838 1868 961 1939 ἔθνη
996 1913 1009 1939 ,
1073 1869 1420 1943 βαπτίζοντες
1498 1868 1692 1931 αὐτοὺς
1771 1869 1847 1930 εἷς
1903 1868 1965 1922 τὸ

2086 1869 2347 1937 sumptus
2378 1867 2684 1939 discipulis
2712 1871 3005 1943 praecepit,
3036 1872 3236 1930 dicens
3269 1890 3282 1930 :
3314 1876 3517 1932 Euntes
3545 1878 3725 1935 docete

314 1953 489 2031 ὄνομα
538 1962 638 2013 τοῦ
695 1959 925 2034 Πατρὸς,
982 1958 1073 2013 καὶ
1127 1964 1225 2014 τοῦ
1282 1961 1444 2032 ὶἾοῦ,
1505 1959 1595 2013 καὶ
1650 1962 1748 2012 τοῦ
1808 1957 1965 2033 ἁγίου

316 2046 651 2121 Πνεύματος.

382 2138 439 2193 2.
470 2138 546 2191 Τά
598 2136 693 2210 μὲν
735 2158 826 2191 ουν
874 2139 989 2191 καθ’
1038 2139 1197 2209 ἡμῶν
1246 2137 1337 2191 καὶ
1383 2138 1520 2192 κατά
1570 2142 1672 2205 τῆς
1730 2133 1962 2205 Ἐκκλη-

314 2224 433 2287 σίας
463 2226 919 2300 παρανομηθέντα
968 2225 1111 2281 οὕτω
1153 2227 1365 2301 γέγονε.
1400 2224 1752 2301 Συναγόντων
1804 2227 1963 2297 ἡμῶν

312 2315 561 2385 συνήθως
608 2313 661 2369 ἐν
713 2314 902 2389 εἰρήνῃ
949 2316 1047 2389 (1),
1095 2319 1202 2368 τῶν
1244 2336 1302 2369 τε
1351 2313 1496 2369 λαῶν
1530 2313 1962 2391 εὐφραινομένων

315 2402 403 2458 ἐπὶ
459 2407 581 2464 ταῖς
636 2402 900 2472 συνάξεσι,
957 2402 1047 2457 καὶ
1100 2401 1521 2479 προκοπτόντων
1574 2406 1641 2475 τῇ
1831 2402 1967 2455 κατὰ

315 2493 444 2547 Θεὸν
492 2490 765 2562 πολιτείᾳ,
817 2495 926 2545 τῶν
964 2512 1023 2545 τε
1066 2489 1504 2567 συλλειτουργῶν
1547 2496 1653 2545 τῶν
1708 2491 1823 2544 κατ’
1871 2486 1967 2546 Ai!-

312 2601 536 2656 γυπτον,
568 2580 656 2634 καὶ
690 2574 955 2650 Θηϐαίδα,
988 2581 1077 2634 καὶ
1131 2574 1361 2649 Λιϐύην,
1412 2579 1624 2654 ἀγάπην
1676 2580 1765 2632 καὶ
1811 2576 1967 2651 έίρή-

311 2692 410 2739 νην
444 2668 681 2745 ἐχόντων
716 2667 854 2744 πρὸς
888 2666 1174 2738 ἀλλήλους
1204 2667 1294 2722 καὶ
1326 2668 1462 2744 πρὸς
1506 2670 1678 2741 ἡμᾶς,
1712 2666 1965 2743 ἐξαίφνης

316 2760 345 2813 ὁ
398 2757 644 2834 ἔπαρχος
690 2763 793 2826 τῆς
842 2756 1119 2830 Αἰγύπτου
1167 2758 1465 2832 γράμματα
1521 2756 1810 2831 προτίθησι
1871 2754 1965 2825 δη-

318 2846 501 2919 μοσίᾳ,
535 2843 903 2919 διατάγματος
943 2842 1138 2919 ἔχοντα
1182 2843 1374 2911 τύπον,
1425 2846 1500 2906 ὡς
1553 2843 1860 2920 Γρηγορίου
1890 2844 1965 2915 (3)

312 2934 460 2996 τινὸς
492 2933 552 2989 ἐκ
582 2932 968 2995 Καππαδοκίας
999 2933 1386 3011 εἰσερχομένου
1419 2931 1681 3007 διαδόχου
1727 2952 1830 3005 μου
1864 2931 1967 2985 ἀπὸ

312 3028 412 3079 τοῦ
462 3024 762 3097 κομιτάτου
815 3024 933 3096 (4).
982 3021 1082 3075 Καὶ
1130 3024 1165 3091 ἡ
1224 3022 1317 3095 μὲν
1366 3021 1591 3092 τοιαύτη
1645 3022 1780 3090 ἀκοὴ
1839 3018 1967 3082 τοὺς

315 3114 519 3175 πάντας
575 3110 794 3186 ἐτάραξε
829 3130 840 3142 ’
899 3112 1080 3165 καινὸν
1129 3111 1233 3186 γὰρ
1283 3112 1348 3179 ἦν
1403 3110 1493 3165 καὶ
1553 3131 1674 3186 αρτι
1730 3110 1968 3185 πρώτως

319 3200 576 3256 ἀκουσθέν
606 3201 669 3254 τὸ
696 3203 964 3255 τοιοῦτον·
1013 3200 1064 3253 οἳ
1114 3197 1171 3253 δὲ
1202 3198 1325 3253 λαοὶ
1373 3198 1462 3253 καὶ
1517 3196 1727 3273 μᾶλλον
1766 3198 1841 3258 εἷς
1871 3198 1967 3258 τὰς

2074 1970 2257 2009 omnes
2308 1960 2513 2025 gentes,
2548 1958 2889 2029 baptizantcs
2934 1976 3021 2017 eos
3068 1964 3131 2017 in
3175 1966 3400 2020 nomine
3439 1966 3624 2023 Patris
3669 1975 3725 2026 et

2074 2044 2209 2099 Filii
2236 2047 2293 2099 et
2321 2044 2560 2116 Spiritus
2587 2050 2765 2103 sancti
2782 2049 2846 2103 63.

2144 2134 2197 2187 2.
2231 2134 2365 2197 Quae
2410 2134 2590 2207 igitur
2627 2136 2842 2192 scelera
2872 2139 3184 2197 adversum
3216 2158 3323 2199 nos
3354 2146 3411 2199 et
3440 2144 3723 2201 adversus

2072 2221 2391 2278 Ecclesiam
2424 2226 2741 2282 commissa
2770 2231 2929 2294 sunt,
2961 2228 3046 2284 sic
3076 2246 3139 2286 se
3169 2230 3405 2287 habent.
3438 2232 3583 2289 Cum
3612 2249 3724 2289 nos

2075 2311 2146 2367 de
2176 2327 2335 2367 more
2366 2313 2423 2366 in
2457 2330 2597 2383 pace
2627 2316 3092 2385 conveniremus,
3128 2317 3445 2391 populique
3474 2321 3532 2376 in
3579 2338 3720 2378 con-

2073 2401 2342 2456 ventibus
2364 2401 2462 2456 89
2485 2402 2821 2459 laetarentur
2842 2421 2907 2460 ac
2936 2405 3064 2461 vitae
3095 2405 3365 2464 instituto
3394 2411 3724 2467 secundum

2078 2491 2257 2544 Deum
2281 2491 2658 2561 proﬁcerent:
2688 2494 3111 2551 comministris
3134 2512 3366 2568 quoque
3383 2498 3601 2555 nostris
3622 2515 3728 2571 per

2074 2579 2407 2651 Egyptum,
2431 2580 2784 2636 Thebaidem
2817 2585 2874 2636 et
2894 2581 3157 2655 Libyam,
3181 2584 3524 2641 charitatem
3546 2591 3604 2642 et
3627 2604 3729 2659 pa-

2075 2684 2200 2723 cem
2230 2668 2384 2723 inter
2430 2685 2491 2723 se
2537 2686 2603 2723 ac
2633 2670 2939 2726 nobiscum
2971 2672 3379 2742 servantibus;
3411 2674 3729 2747 derepente

2076 2756 2381 2828 praefectus
2410 2758 2639 2829 [Egypti
2677 2757 2903 2815 litteras
2934 2760 3166 2831 publice
3194 2762 3433 2833 profert,
3467 2763 3579 2818 sub
3608 2763 3730 2819 for-

2076 2862 2234 2900 mam
2251 2845 2446 2914 edicti,
2462 2846 2675 2917 quibus
2697 2846 3030 2903 declarabat
3046 2849 3390 2921 Gregorium
3410 2853 3729 2923 quemdam

2076 2950 2144 2989 ex
2165 2934 2527 3006 Cappadocia
2547 2934 2690 2990 mihi
2723 2952 3123 2993 successorem
3156 2956 3224 2993 ex
3246 2939 3527 2995 comitatu
3558 2940 3729 2996 indu-

2077 3026 2237 3078 ctum
2262 3039 2410 3079 esse.
2437 3023 2660 3088 Quibus
2687 3024 2906 3080 auditis
2932 3026 3287 3082 consternati
3314 3031 3455 3083 sunt
3479 3044 3683 3084 omnes
3708 3045 3725 3084 :

2078 3126 2292 3165 novum
2341 3111 2559 3183 quippe
2606 3111 2749 3167 illud
2799 3118 2924 3168 erat
2967 3116 3024 3169 et
3051 3112 3337 3170 hactenus
3366 3114 3725 3174 inauditum.

2075 3198 2282 3271 Populi
2312 3203 2508 3254 autem
2539 3216 2604 3255 eo
2636 3200 2999 3272 frequentius
3029 3201 3087 3256 in
3120 3201 3396 3258 ecclesias
3424 3202 3728 3260 convenie-

313 3287 609 3360 ἐκκλησίας
661 3291 1020 3363 συνήρχοντο·
1071 3286 1153 3343 ὅτι
1207 3287 1441 3361 μαλιστα
1484 3288 1763 3361 συνεώρων
1826 3287 1965 3359 μήτε

2086 3267 2239 3353 bant,
2273 3290 2428 3359 quod
2478 3304 2677 3343 secum
2731 3293 3068 3360 reputarent
3109 3307 3214 3346 nec
3243 3307 3327 3360 se,
3359 3306 3465 3347 nec
3494 3291 3723 3363 episco-

313 3376 582 3447 ἑαυτοὺς,
636 3380 773 3450 μήτε
823 3376 1112 3431 ἐπίσκοπον
1141 3420 1155 3447 ,
1191 3378 1331 3450 μήτε
1380 3371 1766 3450 πρεσϐύτερον,
1826 3376 1965 3448 μήτε

311 3465 466 3528 ὅλως
496 3466 646 3528 τινὰς
695 3467 771 3539 (5)
824 3464 1211 3540 μεμψαμένους
1260 3467 1408 3539 ἡμᾶς
1458 3486 1607 3521 ποτε.
1658 3464 1868 3525 Μόνους
1909 3461 1966 3517 δὲ

313 3554 637 3630 ’Λρειανοὺς
693 3554 877 3627 ἑώρων
933 3554 1024 3609 σὺν
1089 3554 1271 3627 αύτῷ,
1327 3554 1417 3608 καὶ
1475 3554 1747 3631 Ἀρειανὸν
1807 3552 1964 3606 αὐτὸν

313 3642 683 3719 ἐπεγίνωσκον
736 3643 838 3696 ὑπὸ
864 3647 973 3697 τῶν
1022 3644 1146 3718 περὶ
1196 3638 1454 3698 Εὐσέϐιον
1502 3648 1620 3705 τοῖς
1671 3644 1966 3717 Ἀρειανοῖς

319 3729 716 3788 ἀποσταλέντα,
769 3728 961 3786 Οἴδατε
1013 3728 1071 3786 δὲ
1107 3734 1205 3805 (6),
1258 3729 1507 3809 ἀδελφοὶ,
1561 3732 1640 3785 ἀεὶ
1685 3730 1818 3792 τοὺς
1846 3728 1970 3806 περὶ

316 3816 583 3876 Εύσέϐιον
615 3821 921 3896 προστάτας
951 3821 1042 3874 καὶ
1092 3819 1386 3883 κοινωνοὺς
1429 3827 1529 3890 τῆς
1571 3815 1796 3881 ἀσεϐοῦς
1828 3819 1974 3893 αἱρέ-

319 3931 458 3971 σεως
502 3913 609 3963 τῶν
660 3912 1086 3985 Ἀρειομανιτῶν
1133 3909 1484 3983 γενομένους,
1536 3908 1625 3962 καὶ
1682 3904 1750 3961 δι’
1801 3906 1973 3962 αὐτῶν

320 3996 403 4051 ἀεὶ
435 3999 570 4070 ἡμῖν
614 3992 1130 4066 ἐπιϐουλεύσαντας,
1178 3997 1269 4051 καὶ
1315 4004 1416 4066 τῆς
1468 3996 1543 4058 εἷς
1590 3996 1686 4057 τὰς
1738 3993 1979 4057 Γαλλίας

321 4082 641 4159 ἀποδημίας
694 4085 902 4147 αἰτίους
951 4087 1088 4157 ἡμῖν
1145 4086 1601 4160 γενομένους
1662 4087 1759 4139 Διά
1813 4089 1983 4139 ταῦτα

322 4174 429 4248 γὰρ
462 4173 688 4236 εἰκότως
735 4175 825 4229 καὶ
876 4174 929 4228 οἱ
977 4172 1103 4228 λαοὶ
1152 4174 1512 4249 ἠγανάκτουν,
1543 4174 1632 4228 καὶ
1684 4170 1980 4245 κατεϐόων,

328 4262 733 4338 μαρτυρόμενοι
788 4261 916 4325 τοὺς
963 4260 1168 4325 ἄλλους
1225 4260 1479 4325 δικαστὰς
1526 4264 1616 4317 καὶ
1663 4269 1834 4318 πᾶσαν
1884 4265 1983 4332 τὴν

320 4349 513 4424 πόλιν,
544 4351 629 4405 ὅτι
681 4349 956 4425 μηδεμιᾶς
1006 4354 1265 4425 μέμψεως
1316 4351 1417 4407 ὑπὸ
1467 4356 1573 4406 τῶν
1608 4350 1986 4422 ἐκκλησιαστι-

324 4443 438 4494 κῖυν
488 4440 814 4515 γενομένης,
866 4437 1012 4494 ἀλλά
1055 4444 1162 4494 τῶν
1223 4442 1300 4513 (8)
1358 4441 1641 4516 αἱρετικῶν
1696 4442 1986 4514 Ἀρειανῶν

326 4527 466 4583 αύτά
511 4529 629 4582 καθ’
678 4529 837 4601 ἡμῶν
886 4528 1211 4601 παιξάντων,
1268 4530 1594 4603 καινοτομία
1640 4551 1724 4592 τις
1768 4530 1857 4585 καὶ
1887 4551 1988 4584 πα-

2074 3393 2238 3449 pum,
2272 3381 2373 3431 aut
2420 3374 2978 3449 presbyterum,aut
3027 3378 3207 3434 alium
3256 3380 3614 3451 quempiam,
3648 3379 3724 3435 de

2076 3465 2245 3521 nobis
2278 3481 2540 3536 unquam
2573 3469 2963 3536 conquestum
2993 3481 3141 3534 esse,
3177 3466 3451 3538 solosque
3477 3467 3727 3523 Arianos

2078 3556 2379 3609 cernerent
2402 3570 2536 3608 cum
2568 3552 2687 3621 illo,
2712 3570 2886 3625 quem
2910 3554 3082 3611 etiam
3110 3555 3392 3611 Arianum
3423 3559 3481 3612 et
3498 3554 3733 3612 Arianis

2080 3643 2152 3699 ab
2204 3642 2449 3697 Eusebio
2500 3641 2790 3712 sociisque
2836 3644 2964 3713 ejus
3014 3643 3264 3699 missum
3314 3645 3735 3716 agnoscebant.

2083 3731 2258 3786 Scitis
2310 3734 2532 3797 autem,
2565 3731 2795 3801 fratres,
2838 3747 3072 3803 semper
3123 3732 3486 3788 Eusebianos
3543 3732 3741 3806 impia

2086 3817 2582 3874 Ariomanitarum
2616 3818 2854 3875 heresis
2884 3825 3184 3891 patronos,
3216 3820 3448 3893 ipsique
3480 3837 3745 3878 commu-

2088 3908 2262 3963 nione
2286 3908 2523 3977 junctos
2546 3907 2747 3973 fuisse,
2773 3924 3096 3980 eorumque
3116 3925 3294 3981 opera
3314 3910 3485 3966 nobis
3511 3926 3749 3983 semper

2090 3996 2420 4064 insidiatos,
2454 3995 2638 4051 nostri
2692 3996 2869 4052 etiam
2916 3997 2976 4052 in
3008 3996 3226 4053 Gallias
3256 3998 3445 4054 exsilii
3475 4002 3747 4055 auctores

2094 4086 2297 4141 fuisse.
2340 4088 2471 4139 Haec
2519 4101 2697 4141 causa
2743 4084 2854 4140 fuit
2903 4089 2968 4141 ut
3018 4085 3217 4158 populi
3259 4087 3395 4157 jure
3436 4086 3756 4160 indignati,

2095 4173 2321 4246 ingenti
2378 4171 2635 4228 clamore
2691 4174 3125 4230 obtestarentur
3187 4191 3321 4230 cum
3379 4174 3525 4231 alios
3583 4174 3755 4246 judi-

2098 4279 2213 4329 ces,
2246 4266 2374 4317 tum
2431 4261 2763 4317 universam
2818 4263 3048 4329 urbem,
3080 4263 3235 4335 quod
3291 4263 3455 4318 nulla
3503 4278 3755 4318 accusa-

2097 4353 2253 4408 tione
2284 4352 2356 4406 ab
2387 4350 2797 4406 ecclesiasticis
2828 4350 2999 4418 facta,
3046 4351 3147 4406 sed
3200 4351 3487 4407 haereticis
3516 4349 3755 4408 Arianis

2098 4441 2244 4495 illud
2275 4444 2476 4495 contra
2505 4456 2611 4494 nos
2643 4438 3043 4507 molientibus,
3076 4456 3168 4495 res
3200 4441 3343 4496 adeo
3375 4457 3524 4495 nova
3554 4444 3611 4495 et
3637 4438 3756 4495 ini-

2103 4546 2219 4603 qua
2246 4529 2524 4585 adversus
2545 4526 2863 4582 Ecclesiam
2890 4532 3340 4598 perpetraretur.
3365 4529 3425 4585 Si
3449 4544 3568 4600 qua
3595 4528 3758 4586 enim

326 4616 568 4693 ρανομία
596 4615 822 4688 τοιαύτη
874 4618 1020 4674 κατὰ,
1055 4625 1156 4688 τῆς
1208 4617 1536 4688 Ἐκκλησίας
1574 4620 1889 4693 γεγένηται.
1930 4625 1969 4674 Ε

2106 4620 2416 4675 adversum
2449 4633 2554 4672 nos
2576 4614 2907 4671 criminatio
2936 4615 3053 4671 vim
3084 4615 3347 4683 haberet,
3372 4616 3630 4689 oportuit
3652 4631 3761 4674 nec

324 4708 433 4782 γὰρ
464 4707 554 4760 καὶ
598 4704 747 4768 ὅλως
779 4709 855 4779 (9)
894 4707 961 4775 ἦν
1011 4728 1093 4770 τις
1136 4709 1254 4762 καθ’
1305 4710 1465 4782 ἡμῶν
1526 4709 1731 4782 μέμψις
1782 4711 1987 4783 κρατή-

402 4823 450 4858 ⁶³
480 4823 689 4880 Matth.
720 4840 918 4896 xxvm,
960 4825 1047 4879 19.

427 4939 519 5011 97)
552 4939 693 5011 Reg.
726 4939 884 5011 ἡμῖν.

427 4939 496 4993 97
552 4939 693 5011 Reg.
726 4939 884 5011 ἡμῖν.

405 4939 519 5083 (98)
553 5011 637 5083 ita
671 5010 1022 5083 Regtsolus.
1060 5082 1065 5083 ί
1093 5012 1204 5067 Alii
1245 5028 1379 5068 cum
1406 5013 1542 5074 editi
1578 5017 1705 5070 tum
1739 5034 1883 5073 mss.
1912 5014 2001 5069 καὶ

330 5080 531 5155 τὰξύφὲ·
552 5080 783 5155 ξτέρωνῖ
808 5081 1004 5155 Lectio
1036 5082 1201 5155 Regii
1234 5085 1431 5140 sanior
1460 5086 1712 5141 videtur.

430 5101 517 5206 ὅδ’
552 5101 772 5155 ετερων,
809 5101 909 5137 LBC

409 5153 523 5293 in)
557 5153 697 5278 iiii;

565 5225 693 5278 Haec
738 5225 895 5299 item
950 5228 1339 5299 recensentur
1404 5226 1463 5281 in
1526 5228 1744 5299 Apolog.
1812 5233 2006 5284 contra

336 5294 593 5417 Agianos,
622 5300 680 5351 et
734 5295 796 5350 in
855 5295 1031 5367 Epist.
1089 5298 1161 5351 ad
1215 5298 1516 5353 solitarios.
1564 5294 1723 5372 ’Reg'.
1782 5319 2007 5373 συναγα-

336 5383 371 5417 Ὺ
412 5384 572 5417 ντων.

334 5383 572 5437 γοντων.

408 5437 489 5507 (2)
554 5438 649 5492 Sic
716 5453 922 5493 omnes
988 5454 1133 5494 mss.
1195 5438 1344 5493 Editi
1410 5440 1546 5493 κατὰ
1608 5439 1735 5493 Οεόν
1806 5441 2005 5497 minus

335 5512 521 5588 recte.
594 5508 727 5563 Mox
792 5512 901 5561 τῶν
971 5514 1105 5565 ante
1178 5509 1293 5563 κατ’
1359 5506 1635 5583 Αἴγυπτον
1717 5514 1882 5568 deest
1947 5514 2006 5568 in

732 5652 789 5727 et
826 5664 1029 5727 omnes
1084 5668 1228 5727 mss.
1276 5652 1454 5727 Regio
1503 5659 1741 5727 excepto
1791 5655 2014 5727 ubique

341 5717 631 5800 Γεωργίου
662 5717 904 5775 habent.
928 5726 1003 5778 At
1025 5723 1169 5797 regii
1198 5717 1507 5782 lectionem
1533 5717 1854 5801 genuinam
1884 5717 2015 5792 esse

684 5848 951 5916 Ρλτιιοι.
1000 5850 1110 5914 Ga.
1157 5850 1347 5918 XXV.

2101 4710 2406 4778 Arianum,
2436 4722 2541 4762 nec
2592 4704 2819 4760 Arianae
2877 4706 3175 4762 sententiae
3232 4705 3536 4762 hominem
3594 4704 3763 4762 ordi-

2115 4941 2475 5019 monuimus.
2493 4939 2639 5019 ⁸Μοιι
2669 4937 2806 5019 Reg.
2844 4934 3126 5019 ἐτάραττε..
3335 5007 3345 5018 ¹
3518 5006 3529 5019 α

2186 5009 2727 5090 (4)ηΚομιτάτου,-ιη
2757 5009 3204 5090 caeterasnhujus
3224 5009 3382 5090 vocis
3413 5009 3765 5090 omittamus

2114 5079 2593 5173 signiﬁcationes,
2626 5083 2696 5135 de
2745 5082 2963 5173 qpibus
2992 5079 3195 5162 Can’gii
3227 5079 3765 5173 Glossarium‘con:

2117 5153 2262 5221 sule,
2304 5153 2597 5225 κομίτατος
2650 5153 2804 5276 apud
2858 5153 3244 5207 Athanasium
3294 5168 3405 5206 usu
3459 5153 3619 5205 venit
3661 5166 3765 5222 pro

2115 5234 2312 5283 turma
2361 5224 2635 5302 militum_
2666 5240 2695 5278 c
2725 5224 3108 5302 ientiumque,
3143 5222 3605 5302 imperatorem,
3663 5226 3766 5277 aut

2118 5299 2392 5355 comitem
2425 5295 2761 5367 quemdam,
2797 5300 2898 5349 aut
2928 5295 3263 5366 praefectum
3296 5295 3630 5349 comitante.

2188 5371 2267 5441 (5)
2298 5364 2610 5438 Regf-cwd.
2929 5364 2945 5366 “

2302 5438 2366 5525 at
2396 5437 2648 5525 deest’in
2680 5435 2856 5491 Basil.
2891 5440 2947 5490 et
2992 5432 3551 5525 'Felckmb57anqn."

2215 5503 2271 5577 7)
2303 5515 2440 5581 Reg.
2476 5505 2682 5567 αἰτίους
2712 5505 3158 5581 γεγεννημένους,
3188 5503 3592 5581 οωὶεὲρ-ἡμζντ

2194 5514 2271 5642 (7)
2303 5515 2440 5581 Reg.
2476 5514 2682 5567 αἰτίους
2712 5514 3158 5633 γεγεννημένους,
3188 5514 3592 5591 omisso-mat»).

2216 5583 2270 5654 8)
2302 5581 2397 5637 Sic
2427 5582 2565 5652 Reg.
2599 5582 2727 5651 Ang
2757 5621 2769 5633 .
2805 5584 2863 5633 et
2895 5576 3085 5634 Felck.
3118 5578 3155 5632 5
3184 5593 3279 5633 an.
3327 5578 3482 5635 Editi
3512 5572 3657 5631 ἀλλὰ
3683 5573 3776 5631 καὶ

2102 5673 2251 5709 των.

2194 5724 2271 5799 (9)
2301 5722 2442 5795 Reg.
2472 5717 2566 5778 καὶ
2597 5716 2771 5783 ὅλως.
