4178 6382
457 351 578 416 229

1717 351 2102 414 EPISTULA
2144 349 2603 414 ENCYGLICA.

3750 356 3873 426 230.

456 488 665 556 νοῦντο,
695 485 786 538 καὶ
831 479 1072 559 ἔπασχον
1119 481 1154 538 ἃ
1205 484 1279 556 μή
1331 484 1486 556 θέμις
1511 499 1524 514 ·
1562 484 1636 556 μὴ
1673 482 1999 559 ἀνεχόμεναι
2031 479 2108 553 δὲ,

2230 482 2568 554 periclitari;
2595 484 2865 541 monachi
2885 484 3209 542 conculcati
3230 487 3552 557 exspirare;
3577 488 3674 544 alii
3692 489 3872 550 discis

458 570 790 628 ἐκινδύνευον
846 591 859 605 ·
924 573 1246 645 μονάζοντες
1323 575 1718 626 κατεπατοῦντο
1773 615 1787 641 ,
1844 571 1936 625 καὶ
2014 571 2111 626 ἀπ-

457 663 736 733 έθνησκον·
787 661 877 715 καὶ
929 662 980 714 οἱ
1034 661 1128 734 μὲν
1181 658 1516 716 ἐδισκεύοντο
1550 662 1684 733 (19),
1737 660 1789 713 οἱ
1837 656 1894 714 δὲ
1938 658 2108 736 ξίφεσι

457 752 546 806 καὶ
605 749 870 826 ῥοπάλοις
925 751 1244 826 ἀνῃροῦντο·
1287 746 1451 804 ἄλλοι
1511 747 1966 824 ἐτραυματίζοντο
2020 745 2111 801 καὶ

461 839 774 897 ἐτύπτοντο.
808 839 930 894 Ἐπὶ
986 836 1042 893 δὲ
1089 845 1190 908 τῆς
1240 838 1397 912 ἁγίας
1444 837 1717 913 τραπέζης
1768 836 1938 906 ἡλίκη
1989 836 2110 890 ἀσέ-

461 924 580 984 ϐεια
635 929 725 982 καὶ
797 927 1107 1004 παρανομία
1172 928 1438 1002 γέγονενί
1502 921 1659 1003 ὄρνεα
1733 927 1822 980 καὶ
1898 920 2111 997 στροϐί-

461 1034 593 1080 Λους
627 1019 738 1091 (20)
791 1015 1090 1086 ἐθυσίαζον,
1141 1015 1512 1094 εὐφημοῦντες
1564 1016 1658 1089 μὲν
1712 1015 1887 1070 αὐτῶν
1928 1015 1996 1069 τὰ
2045 1012 2112 1068 εἷ’-

463 1104 616 1162 δωλα
649 1125 660 1137 ·
718 1103 1128 1182 δυσφημοῦντες
1179 1101 1237 1159 δὲ
1286 1103 1337 1159 ἐν
1393 1104 1578 1166 αὐταῖς
1630 1110 1751 1166 ταῖς
1795 1101 2110 1174 ἐκκλησίαις

458 1197 550 1251 τὸν
592 1193 787 1270 Κύριον
833 1195 923 1249 καὶ
969 1200 1203 1270 Σωτῆρα
1252 1196 1411 1265 ἡμῶν
1462 1198 1668 1264 Ἰησοῦν
1720 1193 1970 1267 Χριστὸν,
2018 1193 2109 1247 τὸν

462 1284 583 1339 Υἱὸν
634 1288 732 1338 τοῦ
787 1287 922 1338 Θεοῦ
966 1287 1063 1337 τοῦ
1111 1286 1335 1354 ζῶντος,
1384 1283 1481 1344 τὰς
1530 1280 1676 1344 θείας
1723 1286 1830 1336 τῶν
1886 1285 2113 1358 Γραφῶν

465 1368 715 1450 βίϐλους,
748 1371 811 1434 ἃς
844 1370 1090 1448 εὕρισκον
1123 1371 1172 1425 ἐν
1222 1375 1290 1444 τῇ
1336 1368 1620 1444 ἐκκλησίᾳ,
1666 1371 1968 1426 κατέκαιον.
2015 1369 2112 1432 Εἷς

461 1461 519 1517 δὲ
547 1461 609 1516 τὰ
644 1463 798 1538 ἅγιον
854 1461 1268 1536 βαπτιστήριον,
1328 1464 1425 1537 φεῦ
1471 1467 1573 1529 τῆς
1627 1458 1846 1533 τόλμης
1881 1461 1893 1515 l
1930 1460 1982 1513 οἱ
2008 1465 2111 1513 Κυ-

463 1549 735 1627 ριοκτόνοι
775 1547 1028 1624 Ἰουδαῖοι
1073 1549 1163 1603 καὶ
1225 1549 1277 1602 οἳ
1335 1547 1481 1603 ἄθεοι
1539 1547 1736 1604 ἐθνικοι
1785 1546 2115 1626 ἀφυλάκτως

464 1639 865 1717 εἰσερχόμενοι,
912 1643 1134 1694 τοιαῦτα
1183 1638 1386 1714 αἰσχρὰ
1431 1640 1546 1710 (21)
1594 1635 1976 1714 διεπράττοντο
2023 1637 2114 1692 καὶ

461 1728 692 1786 ἐλάλουν
767 1732 1095 1803 γυμνοῦντες
1152 1726 1374 1789 ἑαυτοὺς
1408 1771 1423 1798 ,
1480 1728 1556 1790 ὡς
1613 1725 1960 1802 αἰσχύνεσθαι
2023 1729 2114 1782 καὶ

463 1817 643 1894 λέγειν
704 1816 856 1875 αὐτά.
907 1815 1006 1871 Καί
1061 1836 1204 1878 τινες
1263 1810 1474 1878 ἀσεϐεῖς
1530 1812 1717 1889 ἄνδρες
1752 1859 1766 1885 ,
1823 1816 1892 1870 τὰ
1946 1817 2115 1891 πικρά

412 1938 416 1940 -
459 1910 567 1962 τῶν
624 1904 886 1982 διωγμῶν
941 1903 1305 1979 μιμούμενοι,
1364 1905 1640 1979 παρθένων
1699 1904 1788 1959 καὶ
1840 1903 2114 1980 ἐγκρατῶν

462 1999 783 2073 κρατοῦντες
829 1996 926 2058 τὰς
973 2000 1166 2070 χεῖρας
1377 1992 1579 2048 εἷλκον·
1623 1993 1715 2048 καὶ
1749 1991 2112 2069 διασύροντες,

463 2080 744 2155 ἐϐιάζοντο
811 2081 1154 2162 βλασφημεῖν
1201 2127 1214 2154 ,
1291 2081 1382 2138 καί
1457 2084 1727 2160 ἀρνεῖσθαι
1799 2083 1890 2138 τὸν
1965 2084 2160 2157 Κύριον

461 2195 610 2231 τουν.

533 2264 584 2320 4.
620 2261 720 2318 Καὶ
767 2261 906 2337 πρὸς
983 2259 1200 2322 τούτοις
1276 2261 1312 2328 ἠ
1389 2260 1669 2332 θαυμαστή
1729 2261 1820 2315 καὶ
1886 2258 2116 2336 λαμπρά

461 2349 675 2414 εἷ’σοδος
721 2349 1028 2427 Γρηγορίου
1075 2353 1172 2404 τοῦ
1220 2353 1522 2424 Ἀρειανοῦ,
1571 2346 1813 2420 ἡδομένη
1857 2352 1970 2423 (23)
1998 2356 2115 2414 τοῖς

458 2439 735 2501 τοιούτοις
790 2443 978 2500 κακοῖς
1013 2482 1028 2508 ,
1087 2436 1266 2510 ὥσπερ
1327 2435 1559 2492 ἔπαθλον
1616 2439 1706 2493 καὶ
1769 2440 1954 2512 μισθὸν
2014 2447 2114 2510 τῆς

458 2529 718 2600 τοιαύτης
773 2527 1093 2602 παρανόμου
1145 2526 1296 2596 νίκης
1347 2527 1662 2601 παρέχουσα
1711 2531 1828 2589 τοῖς
1884 2527 2113 2590 ἐθνικοῖς

461 2619 551 2674 καὶ
597 2623 714 2679 τοῖς
775 2614 1086 2685 Ἰουδαίοις,
1135 2614 1225 2670 καὶ
1282 2620 1399 2676 τοῖς
1455 2616 1522 2670 τὰ
1579 2618 1692 2689 (24)
1721 2621 1943 2671 τοιαῦτα
2000 2618 2117 2672 καθ’

463 2710 622 2780 ἡμῶν
681 2704 1067 2782 ἐργασαμένοις
1125 2704 1203 2766 εἷς
1258 2701 1455 2777 πρέδαν
1516 2701 1719 2761 δέδωκε
1771 2706 1871 2774 τήν
1919 2705 2116 2777 ἐκκλη-

464 2795 578 2868 σίαν
612 2840 624 2852 .
681 2790 784 2848 Καὶ
836 2796 938 2862 τῆς
1005 2790 1264 2862 τοιαύτης
1339 2789 1683 2867 παρανομίας
1749 2792 1838 2847 καὶ
1899 2793 2114 2864 ἀταξίας

319 2873 938 2960 κί”πσυγχωρηθείσης
996 2883 1064 2936 τὰ
1119 2879 1383 2955 πολέμων
1443 2879 1635 2936 λοιπὸν
1696 2880 1965 2958 χείρονα,
2025 2883 2114 2938 καὶ

464 2972 675 3049 λῃστῶν
723 2971 977 3047 ὠμότερα
1027 2969 1254 3046 ἐγίνετο.
1300 2972 1362 3024 Οἳ
1416 2971 1509 3044 μὲν
1561 2972 1664 3046 γὰρ
1716 2972 1783 3025 τὰ
1834 2972 2113 3027 ἀπαντῶν-

437 3065 528 3119 ’τα
552 3065 670 3136 (25)
703 3059 1018 3136 διήρπαζον·
1068 3061 1120 3115 οἱ
1165 3057 1223 3114 δὲ
1268 3061 1364 3122 τὰς
1413 3059 1770 3133 ἀποκειμένας
1807 3065 1970 3115 τινῶν
2011 3081 2112 3116 πα-

2206 2132 2220 2159 ἳ

2218 571 2420 641 impeti
2448 597 2460 638 ;
2509 571 2605 627 alii
2639 572 2852 644 gladiis
2885 572 3259 646 fustibusque
3298 575 3545 631 interﬁci
3575 600 3590 644 ;
3615 575 3713 634 alii
3739 577 3874 633 vul-

2219 658 2411 713 nerari
2432 662 2487 713 et
2506 658 2802 731 vapulare.
2821 661 2881 714 In
2902 676 3128 716 sacram
3146 665 3344 717 autem
3366 677 3632 718 mensam
3651 668 3875 734 quanta

2221 746 2492 818 impietas
2516 747 2910 818 iniquitasque
2931 749 3249 809 commissa
3273 749 3284 804 l
3321 766 3452 809 aves
3475 749 3872 823 strobilosque

2221 835 2810 903 sacriﬁcabant,idola
2831 836 3068 908 quidem
3091 853 3200 893 sua
3229 837 3507 894 laudibus
3528 839 3869 911 efferentes;

2220 923 2534 980 Dominum
2592 928 2788 980 autem
2847 928 2903 979 et
2958 923 3317 982 Salvatorem
3366 930 3638 996 nostrum
3667 928 3870 992 Iesum

2220 1011 2537 1082 Christum,
2569 1011 2781 1068 Filium
2834 1012 2935 1068 Dei
2985 1014 3250 1082 viventis,
3301 1015 3361 1070 in
3409 1013 3556 1086 ipsis
3602 1013 3870 1073 ecclesiis

2222 1101 2548 1158 maledictis
2571 1103 2943 1172 insectantes,
2959 1102 3186 1159 divinos
3204 1103 3641 1175 Scripturarum
3663 1103 3867 1178 libros,

2223 1207 2370 1262 quos
2395 1190 2455 1246 in
2477 1191 2722 1247 ecclesia
2742 1191 3108 1262 invenerunt,
3127 1192 3528 1250 combussere.
3547 1193 3612 1248 In
3634 1209 3869 1250 sacrum

2222 1285 2417 1335 autem
2448 1279 2878 1351 baptisterium,
2911 1280 3057 1352 prob
3079 1280 3307 1336 facinus
3330 1281 3342 1335 ι
3363 1281 3740 1338 Dominicidae
3768 1282 3872 1339 Ju-

2222 1369 2330 1424 daei
2362 1374 2418 1425 et
2446 1368 2599 1425 athei
2630 1368 2845 1424 ethnici
2875 1373 3092 1424 temere
3123 1368 3374 1440 ingressi
3419 1386 3512 1426 res
3561 1371 3703 1427 adeo
3745 1373 3869 1426 tur-

2223 1475 2325 1530 pes
2355 1461 2785 1530 perpetrarunt,
2809 1474 2875 1512 ac
2905 1457 3129 1529 seipsos
3152 1458 3446 1514 nudantes
3468 1462 3588 1513 tam
3620 1459 3874 1532 obscena

2224 1546 2515 1619 protulere
2542 1546 2738 1614 verba,
2773 1550 2837 1601 ut
2865 1562 2932 1602 ea
2961 1546 3177 1617 pudeat
3207 1546 3441 1602 referre.
3478 1547 3600 1603 Imo
3631 1547 3874 1619 quidam

2224 1635 2392 1708 impii
2433 1635 2542 1691 viri
2573 1633 3048 1707 persecutionum
3079 1634 3457 1691 acerbitatem
3490 1635 3729 1705 imitati,
3759 1637 3874 1692 vir-

2224 1725 2391 1797 gines
2423 1729 2480 1781 et
2508 1724 2872 1780 continentes
2918 1723 3217 1795 mulieres,
3250 1724 3525 1782 manibus
3557 1728 3879 1796 pertractas

2224 1818 2603 1887 raptatasque
2658 1813 2942 1886 cogebant
2990 1812 3399 1885 blasphemare
3452 1816 3510 1869 et
3559 1813 3876 1872 Dominum

2224 1904 2512 1976 abnegare
2548 1919 2560 1957 :
2595 1919 2741 1974 quas
2769 1902 2827 1957 id
2863 1903 3050 1958 facere
3078 1905 3417 1958 recusantes
3447 1903 3748 1959 caedebant
3775 1919 3876 1976 pe-

2225 1995 2515 2066 dibusque
2549 1991 2873 2048 calcabant.

2295 2083 2384 2138 καὶ
2464 2082 2538 2155 μὴ
2618 2079 2951 2156 ἀρνουμένας
3025 2073 3355 2134 κατέκοπτον
3442 2079 3533 2133 καὶ
3606 2081 3812 2136 κατεπά
3851 2113 3881 2126 -

2297 2265 2350 2318 4.
2382 2262 2469 2318 Ad
2517 2260 2640 2316 haec
2692 2257 2980 2315 mirabilis
3031 2259 3129 2316 ille
3171 2277 3237 2316 ac
3267 2261 3582 2333 praeclarus
3612 2261 3878 2334 Gregorii

2225 2351 2426 2409 Ariani
2455 2351 2778 2423 ingressus,
2794 2348 2895 2420 qui
2922 2347 3266 2419 hujusmodi
3288 2350 3461 2408 malis
3479 2351 3792 2422 gaudebat,
3811 2355 3880 2407 ut

2225 2459 2328 2514 pro
2351 2441 2460 2496 hac
2491 2440 2694 2510 iniqua
2716 2437 2976 2508 victoria,
3000 2437 3271 2510 ethnicis,
3295 2439 3536 2511 Judaeis,
3558 2437 3749 2512 iisque
3772 2439 3878 2512 qui

2225 2531 2347 2586 bzec
2379 2529 2600 2602 ﬂagitia
2648 2530 2848 2583 contra
2893 2543 3000 2582 nos
3047 2528 3486 2597 commiserant,
3520 2528 3689 2600 quasi
3720 2545 3875 2600 prte-

2225 2619 2413 2675 mium
2436 2617 2717 2672 tribueret
2737 2632 2802 2670 ac
2829 2616 3178 2684 mercedem,
3203 2616 3511 2672 ecclesiam
3537 2617 3599 2671 in
3621 2616 3878 2688 praedam

2225 2709 2370 2781 ipsis
2423 2705 2679 2762 tradidit.
2713 2708 2890 2760 Porro
2934 2720 3213 2760 concessa
3243 2705 3352 2761 hac
3382 2703 3582 2777 inique
3611 2721 3678 2761 ac
3708 2709 3878 2778 petu-

2226 2796 2414 2852 lanter
2434 2794 2643 2866 agendi
2668 2792 2953 2859 libertate,
2975 2809 3103 2863 quae
3131 2792 3345 2848 dehinc
3366 2797 3530 2866 gesta
3553 2798 3694 2850 sunt
3723 2792 3878 2850 bello

2225 2889 2365 2941 sunt
2412 2885 2610 2956 pejora
2656 2886 2712 2937 et
2763 2880 3068 2937 latrocinio
3116 2882 3482 2951 crudeliora;
3533 2882 3617 2937 ita
3663 2885 3728 2936 ut
3777 2881 3879 2938 alii

2225 2973 2394 3030 obvia
2415 2986 2662 3044 quaeque
2683 2969 3002 3042 diriperent
3027 2986 3039 3024 :
3074 2969 3172 3025 alii
3198 2972 3591 3042 quorumdam
3614 2971 3880 3044 deposita

2227 3062 2552 3117 dividerent
2577 3078 2590 3116 :
2621 3075 2898 3131 magnam
2923 3058 3042 3114 vini
3064 3058 3293 3131 cOpiam
3317 3059 3436 3114 illic
3462 3064 3752 3132 repertam
3775 3063 3880 3115 aut

463 3153 700 3228 ραθήκας
751 3147 1053 3224 διῃροῦντο·
1104 3149 1195 3204 τὸν
1245 3149 1387 3203 οἶνον
1422 3147 1595 3204 πολὺν
1637 3146 1768 3204 ὄντα
1797 3151 1832 3219 ἢ
1867 3145 2043 3205 ἔπινον
2077 3150 2112 3220 ἢ

2230 3150 2544 3217 ebiberent,
2571 3152 2674 3204 aut
2703 3128 3090 3213 effunderent,
3117 3128 3218 3204 aut
3247 3128 3645 3220 asportarent;
3680 3147 3878 3204 oleum

465 3241 734 3311 ἐξεκένουν
765 3240 800 3308 ἢ
860 3239 1146 3315 ἀπέφερον·
1178 3237 1239 3292 τὸ
1289 3238 1645 3312 ἀποκείμενον
1703 3236 1886 3294 ἔλαιον
1934 3239 2114 3314 ἥρπα-

465 3335 594 3400 ζον·
657 3330 754 3392 τὰς
812 3327 975 3403 θύρας
1042 3328 1132 3382 καὶ
1196 3328 1325 3390 τοὺς
1388 3325 1731 3402 καγκέλλους
1801 3328 1876 3390 ὡς
1944 3326 2117 3384 σκῦλα

459 3416 687 3480 ἕκαστος
753 3412 1024 3490 ἐλάμϐανε
1288 3417 1390 3480 τὰς
1457 3414 1688 3493 λυχνίας
1753 3419 2000 3494 παραυτά
2061 3417 2112 3473 ἐν

461 3511 542 3579 τῷ
578 3506 779 3582 τοιχίῳ
819 3505 1152 3578 ἀπετίθεσαν,
1182 3504 1311 3568 τοὺς
1349 3504 1650 3580 κηριόλους
1678 3512 1778 3576 τῆς
1821 3504 2114 3578 ἐκκλησίας

461 3600 579 3658 τοῖς
622 3592 875 3658 εἰδώλοις
915 3595 1171 3664 ἀνῆπτον·
1213 3593 1303 3649 καί
1361 3592 1509 3658 ὅλως
1569 3597 1785 3670 ἁρπαγὴ
1827 3595 1916 3650 καὶ
1957 3597 2114 3651 θάνα-

459 3706 554 3747 τος
593 3685 660 3754 ἦν
703 3682 754 3739 ἐν
795 3687 864 3758 τῇ
907 3681 1189 3755 ἐκκλησίᾳ·
1222 3681 1312 3738 καί
1361 3683 1459 3738 οὐκ
1485 3681 1718 3757 ᾐδοῦντο
1759 3685 1812 3738 οἱ
1841 3679 2116 3746 δυσσεϐεῖς

462 3773 734 3851 Ἀρειανοὶ
783 3772 991 3828 τούτων
1041 3774 1382 3848 γιγνομὲνων
1597 3772 1724 3828 ἀλλ’
1768 3770 1844 3828 ἔτι
1889 3773 2116 3851 χείρονα

461 3865 552 3919 καὶ
584 3862 839 3937 ὠμότερα
881 3863 1251 3938 προσετίθσυν·
1304 3858 1661 3939 πρεσϐύτεροι
1708 3864 1811 3939 γὰρ
1859 3863 1949 3918 καὶ
1993 3863 2112 3919 λαῖ-

455 3955 543 4009 κοὶ
609 3951 890 4023 ἐξὲσθησαν
1127 3998 1140 4024 ,
1227 3948 1483 4028 παρθένοι
1567 3952 2114 4030 ἀπομαφοριζόμεναι

533 4060 894 4132 (19)Βθτςὶυε
951 4054 1307 4115 tamtam.
1367 4060 1752 4132 Anglicanus,
1796 4065 1855 4116 et
1909 4059 2112 4116 Felck-

461 4127 664 4204 manni
722 4127 967 4204 quintus
1022 4147 1350 4204 anonymus
1408 4127 2111 4204 ἐδῖεσκεύοντοωοηάοεε.

459 4203 570 4276 Alii
631 4199 764 4276 cum
809 4203 1008 4276 editis,
1043 4199 1397 4276 ἐδημεύοντο.
1447 4204 1620 4276 Infra
1664 4203 1876 4276 Regius
1937 4205 2115 4259 codex

465 4269 630 4398 ἄλλρι
689 4271 746 4327 δὲ
805 4272 913 4347 ἐτρ.
978 4269 1039 4330 [ο
1090 4269 1295 4331 eodem
1345 4275 1486 4345 haec,
1537 4274 1627 4328 καὶ
1668 4269 1982 4344 ἐτύῖττοντο,
2014 4276 2112 4330 de-

465 4362 572 4398 sun
613 4385 625 4398 .

407 4389 414 4396 .
461 4362 625 4400 sunt.

532 4415 648 4486 (20)
679 4409 1040 4490 Στροϐίλ-ορς.
1068 4417 1428 4490 Hujusvocis
1453 4415 1754 4490 complura
1775 4421 1914 4473 sunt
1938 4416 2114 4490 signi-

462 4481 640 4543 ficata
662 4505 675 4544 :
710 4481 768 4543 1.’
788 4481 1092 4560 Στρόϐιλος
1115 4481 1408 4560 signiﬁcat

463 4505 675 4544 licata:
710 4505 760 4543 1.
788 4505 1092 4560 zrcpommc
1115 4505 1408 4560 sngmncat
1435 4505 1639 4612 pinum
1672 4505 1761 4544 vel
1794 4505 2001 4543 nucem
2034 4505 2114 4560 p1-

463 4575 682 4633 neam‘:
741 4575 918 4633 quam
964 4559 1023 4633 i_n
1066 4559 1436 4633 quadam_Ita
1463 4559 1528 4633 ire
1555 4560 1797 4633 regione
1825 4561 2114 4633 strpbz’lum

459 4630 654 4712 vocari
709 4629 790 4685 ait
813 4629 1286 4712 "Plinium—cu,qu
1329 4630 1448 4686 haec
1478 4629 1709 4712 videtur
1727 4647 1868 4712 _ver_a
1897 4631 2110 4712 lectio_;

463 4718 601 4774 nam
635 4703 694 4756 in
726 4701 1081 4774 quibusdam
1114 4701 1306 4772 editis,
1339 4703 1638 4774 mendose,
1662 4703 1914 4774 stipulas,
1940 4703 1999 4757 in
2033 4702 2119 4757 ul-

467 4771 610 4828 tima
653 4788 788 4828 vero
812 4773 1112 4856 editione,
1140 4771 1368 4856 fibulas
1405 4773 1636 4856 legitur:
1811 4774 2118 4856 Signiﬁcat

462 4860 649 4916 genus
675 4844 1259 4927 quoddamcochless.
1282 4845 1410 4900 Alia
1440 4844 1790 4927 signiﬁcata,
1815 4844 1942 4916 quae
1970 4844 2116 4927 nihil

463 4916 535 4970 ad
563 4920 830 4970 nostrum
859 4921 1201 4972 institutum
1228 4922 1519 4974 snectant.
1542 4917 1760 4974 v1desxs
1791 4916 1851 4970 in
1879 4917 2114 4972 LBXICIS.

464 4934 535 4970 au
563 4934 830 4970 nostrum
859 4934 1201 4972 institutum
1228 4934 1256 4971 s
1304 4934 1519 4987 catam,
1542 4934 1760 4974 vmesxs
1791 4934 1851 4970 1n
1879 4934 2114 4972 Lexmls.

464 4986 761 5067 incertum
780 4990 868 5042 est
892 4991 1088 5067 ptram
1113 5005 1182 5067 ex
1202 4934 1394 5067 allatis
1417 4988 1960 5067 interpretationem
1985 5005 2118 5067 pos-

464 5005 761 5042 1ncertum
780 5005 868 5042 BSt
896 5005 1088 5043 uuam
1113 5005 1182 5044 ex
1202 5005 1394 5043 allatis
1417 5005 1570 5044 Inter
1617 5005 1960 5044 retatlonem
1985 5005 2116 5059 pos-

462 5055 610 5134 tqlet
630 5058 724 5134 hic
754 5053 1399 5134 στροϐίλουςηῐηηράὶῐίε
1425 5005 1769 5134 προέήλους
1796 5057 2116 5132 legebatur.

464 5130 600 5186 Mox
631 5129 798 5201 Reg,
821 5126 1031 5201 ’ἑαυτῶν
1064 5129 1130 5183 τὰ
1162 5126 1262 5184 εἷ’δ.

536 5201 648 5273 (21)
676 5199 840 5273 Reg,
891 5200 1158 5277 αἰσχρῶς.
1192 5202 1342 5277 Mox
1390 5201 1564 5258 Basil.
1599 5206 1655 5258 et
1683 5200 2058 5259 Felckmanni
2087 5201 2122 5254 5

468 5271 746 5345 an'onym,
767 5271 1106 5345 γυμνοῦντες
1150 5271 1367 5345 αὐτούς.
1583 5344 1590 5345 ί
1611 5344 1617 5345 ί
1910 5306 1914 5310 ι

440 5387 444 5390 .
502 5343 651 5426 υ(22)
682 5343 1014 5426 Τὰςχεῖρας
1064 5346 1124 5400 in
1156 5344 1295 5418 Reg.
1346 5350 1402 5426 et
1449 5344 1676 5426 Anglic.
1728 5344 2021 5426 leguntur.
2057 5349 2121 5399 In

468 5412 598 5488 aliis
629 5431 763 5488 cum
795 5412 970 5488 editis
1001 5421 1126 5471 tum
1148 5412 1303 5488 ,ms's.
1336 5412 1573 5472 desunt:
1603 5412 1934 5488 Paulo'post
1956 5416 2120 5488 Reg,

469 5484 884 5561 dpveioﬁa:_rov
961 5487 1209 5561 Χριστόν.
1246 5489 1404 5561 Infra
1437 5488 1601 5559 Reg,
1636 5484 1967 5561 Γρηγὸρίου.
2014 5484 2125 5541 ΑἸὶἰ

472 5558 677 5633 omnes
689 5558 817 5633 _ed.A
831 5564 892 5633 et
923 5558 1091 5633 mss.,
1125 5558 1422 5633 Γεωργίου.

541 5629 655 5756 (23)
689 5629 866 5685 Basil.
1002 5625 1262 5701 δεδομένη
1277 5625 1301 5684 ,⁷
1321 5631 1484 5704 Reg,
1517 5643 1694 5703 quem
1727 5629 2054 5702 sequimur,
2087 5626 2124 5694 ἠ

548 5719 624 5756 ομ.
653 5720 742 5756 νη.
777 5701 842 5756 In
875 5701 1007 5756 alus
1035 5703 1068 5756 ἤ
1105 5703 1291 5756 deest.

471 5693 742 5782 ἧδὸμένη.
777 5701 842 5758 In
875 5693 1007 5759 aliis
1035 5703 1068 5779 ἠ
1105 5693 1291 5761 deest.

2225 3239 2591 3312 reconditum
2623 3238 2955 3300 auferrent;
3003 3236 3223 3307 januas
3269 3241 3328 3292 et
3374 3236 3663 3292 cancellos
3709 3236 3881 3309 quasi

2226 3327 2415 3401 spolia
2445 3325 2662 3398 singuli
2709 3329 3016 3396 raperent;
3070 3324 3424 3381 candelabra
3470 3325 3544 3380 ad
3594 3326 3879 3397 parietem

2225 3416 2424 3474 statim
2459 3419 2839 3488 reponerent;
2873 3412 3125 3469 ecclesiae
3156 3429 3354 3470 cereos
3383 3413 3557 3470 idolis
3590 3403 3880 3471 accende-é

2225 3511 2373 3562 rent.
2393 3505 2640 3561 Demum
2663 3502 2913 3575 direptio
2940 3507 2996 3557 et
3018 3519 3176 3558 mors
3197 3502 3506 3560 ecclesiam
3528 3508 3876 3576 occuparat:

2224 3612 2330 3652 nec
2359 3594 2684 3666 quidquam
2716 3590 2929 3662 impios
2954 3589 3198 3647 Arianos
3230 3592 3487 3663 pudebat
3508 3592 3719 3648 horum
3741 3592 3878 3648 faci-

2224 3701 2456 3740 norum.
2505 3682 2654 3747 Quin
2695 3680 2871 3736 etiam
2903 3679 2999 3734 hic
3028 3679 3294 3752 graviora
3324 3685 3382 3736 et
3411 3681 3736 3737 crudeliora
3765 3681 3873 3738 ad-

2224 3773 2500 3829 diderunt
2530 3787 2543 3826 :
2598 3769 2919 3843 presbyteri
2956 3770 3114 3824 enim
3145 3774 3202 3826 et
3229 3768 3359 3825 laici
3393 3769 3580 3843 plagis
3609 3769 3875 3841 lacerari,

2223 3862 2475 3934 virgines
2529 3861 2788 3916 detracto
2842 3859 3106 3927 maforte,
3139 3859 3237 3914 91
3274 3859 3346 3915 ad
3395 3859 3655 3915 tribunal
3706 3859 3875 3916 ducis

2223 3950 2506 4024 pertrahi,
2547 3954 2606 4005 et
2650 3949 2710 4004 in
2759 3964 3051 4005 carcerem
3101 3948 3356 4020 conjici:
3413 3947 3510 4004 alii
3556 3949 3870 4022 proscribi,

2295 4057 2679 4130 (211)1n4Reg.
2730 4054 2798 4107 τά
2845 4057 3024 4130 deest.
3085 4055 3216 4130 Mox
3267 4055 3467 4130 B_asil,,
3515 4051 3876 4130 tpgi81v780-

2223 4127 2337 4186 lus.
2390 4127 2650 4200 Ecclesia
2691 4144 2827 4200 vero
2860 4127 2930 4200 de
2961 4127 3372 4200 quahic__agit,
3407 4127 3875 4200 Cyriﬁivocabae

2223 4207 2338 4269 tur,
2373 4206 2438 4255 ut
2490 4199 2571 4255 ait
2615 4197 3094 4272 Athanasiusiad
3119 4197 3728 4272 _sol_itz_irios,'ubi_h&c
3758 4199 3872 4272 ipsi

2224 4277 2618 4328 recensentur.
2648 4275 2824 4324 Porro
2848 4270 2904 4342 in
2929 4268 3176 4342 epistola
3194 4269 3362 4342 Julii,
3385 4287 3563 4340 quam
3585 4268 3877 4342 integram

2223 4343 2582 4399 Athanasius
2633 4346 2830 4406 relert,
2860 4341 3016 4413 Apol.
3049 4345 3240 4395 contra
3267 4341 3521 4413 Arianos,
3555 4341 3875 4413 sacra’my-

2225 4415 2404 4470 steria
2450 4415 2521 4468 ab
2570 4413 2822 4467 ethnicis
2852 4412 3080 4483 direpta
3111 4417 3168 4466 et
3197 4411 3539 4467 conculcata
3567 4411 3874 4483 feruntur;

1475 4481 1639 4543 inuin
1670 4489 1761 4564 vel
1794 4481 2116 4564 nucemfpi-
2147 4498 2193 4564 Ι)
2225 4487 2379 4564 quod
2431 4503 2536 4540 cur
2579 4487 2638 4564 in
2669 4484 2777 4537 hac
2809 4481 3410 4564 epistola‘omittatur,
3443 4483 3599 4563 haud
3633 4482 3874 4564 difﬁcile

2223 4553 2314 4614 est
2367 4555 2672 4628 augurari,
2708 4553 2935 4628 nempe
2987 4553 3456 4628 Athanasioqui
3515 4553 3689 4628 paulo
3743 4561 3880 4628 post

2225 4631 2424 4700 fugam
2448 4625 2650 4700 _suam
2708 4625 2830 4700 haec
2871 4625 3145 4700 scripsit,
3193 4626 3456 4681 nondum
3507 4625 3708 4681 omnia
3744 4625 3879 4681 illic

2226 4695 2410 4773 gesta,
2456 4698 2750 4770 explorata
2803 4695 2984 4751 fuisse
3016 4700 3316 4822 1pioterant.

2297 4773 2408 4822 (25)
2468 4771 2607 4822 Reg.
2669 4766 2937 4822 ἁπάντων.
3077 4785 3149 4822 0x
3220 4771 3316 4822 An:

2297 4773 2408 4843 (25)
2468 4766 2607 4843 Reg.
2669 4766 2937 4822 ἁπάντων.
3016 4766 3149 4823 Mox
3220 4767 3471 4840 Anglic.,
3526 4770 3686 4822 τινῶν
3745 4787 3882 4822 απο·

2226 4843 2414 4903 θήκας.

2299 4862 2414 4896 κα.

2257 4844 2412 4985 ήβϐ)
2445 4912 2564 4985 Hoc
2594 4910 2717 4985 loco
2749 4910 2895 4966 mire
2911 4911 3110 4985 variat
3139 4909 3501 4985 Regius_ms.
3529 4929 3542 4976 ;
3596 4910 3679 4985 sic
3723 4909 3882 4985 enim

2300 4916 2412 5040 €13)
2445 4916 2561 4967 Hoc
2594 4916 2717 4966 loco
2749 4916 2895 4966 mire
2924 4916 3110 4966 variat
3139 4916 3356 4982 Regius
3388 4927 3501 4967 ms.
3529 4929 3542 4976 ;
3596 4916 3679 4966 sic
3723 4916 3882 4967 enim

2228 4985 2306 5055 ha
2350 4991 2441 5040 et:
2475 4980 2728 5055 Καὶ-τσὺς
2759 4979 3101 5055 καγκέλλους
3131 4985 3236 5055 τῶν
3267 4977 3677 5055 ἐκκλησιῷνμὼς
3711 4979 3885 5035 σκῦλα

2226 5051 2450 5115 ἕκαστος
2498 5047 2791 5126 ἐλάμϐανε,
2843 5047 2940 5114 τὰς
2992 5050 3226 5126 λυχνίας
3276 5047 3524 5126 παραυτὰ
3567 5049 3618 5126 ἐν
3657 5072 3884 5126 τῳίτοιι-

2230 5126 2344 5215 χίῳ
2377 5122 2654 5215 ἀπέθενςςο,
2701 5125 2829 5185 τοὺς
2849 5122 3182 5215 ’κηριόθλοῦθ
3215 5122 3364 5206 etet;
3392 5141 3462 5180 ex
3493 5122 3719 5215 qu‘ibu‘s‘
3739 5125 3882 5209 hinc,

2232 5189 2326 5258 ὦς’
2357 5197 2529 5251 σκῦλα
2573 5189 2793 5256 ἕκαστος
2845 5189 3178 5268 ἐλάμϐανεν,
3210 5189 3446 5268 saniora
3489 5189 3886 5268 yidenturdiis

2233 5289 2359 5342 quae
2394 5271 2452 5325 in
2484 5269 2656 5324 editis
2686 5259 3049 5342 legebantiir,
3191 5260 3444 5342 Δσκύϐαλα
3487 5262 3720 5342 ἕκαστος.
3761 5259 3885 5320 ἐϐά-

2232 5338 2438 5412 σταζεν,
2483 5356 2662 5412 quare
2705 5338 2768 5412 iri
2816 5339 2927 5394 hoc
2979 5338 3138 5412 Regii
3191 5339 3497 5412 lectionem
3557 5338 3886 5412 sequimur.

2236 5409 2682 5485 Knpiélou—quic
2715 5411 2853 5485 Beg.
2877 5416 2934 5465 et
2953 5409 3175 5485 Anglic.
3201 5409 3353 5466 Editi
3385 5428 3520 5485 cum
3551 5409 3684 5465 aliis
3715 5427 3886 5479 mss.,

2233 5480 2533 5558 κηρίωνας.
2569 5483 2698 5558 M0_x
2731 5480 2867 5558 Reg.
2892 5480 3082 5558 solus,
3115 5480 3428 5558 ﬁmglpro
3455 5481 3715 5550 ἀνῆπτον.

2329 5555 2420 5624 27)
2454 5556 2616 5626 Beg.,
2651 5548 2859 5626 ἀσεβεῖς
2892 5550 3162 5626 Ἀρειανοὶ
3195 5548 3354 5626 οῦδὲν
3382 5573 3512 5608 των.

2328 5619 2420 5700 28)
2451 5619 2616 5700 Reg_._,
2667 5625 2867 5700 Ba_sil.,
2917 5619 3165 5700 A_'ng_lic.,
3207 5619 3516 5700 ἐξεσθησαν.
3736 5621 3890 5700 male

2238 5691 2511 5772 ἐξέϐησαν.
2535 5691 2692 5754 Ἠεεθ
2737 5691 2868 5770 ipsa
2913 5695 2996 5752 sic
3011 5691 3322 5767 'leguntur
3365 5691 3431 5752 in
3470 5691 3718 5771 epistola
3746 5691 3892 5752 Julii
