4178 6410
276 466 401 532 338

816 462 882 534 S.
924 470 1354 535 ATHANASII
1396 470 1571 535 OPP.
1615 469 1821 533 PARS
1864 468 1915 532 Ι.
1951 499 2029 516 -
2057 469 2483 536 HISTORICA
2525 471 2629 536 ET
2671 468 3165 537 DOGMATICA.~

3575 462 3711 531 ,π

283 605 342 661 et
369 601 582 675 acerba
606 602 670 661 in
701 604 997 663 catholicae
1021 605 1287 664 Ecclesiae
1310 605 1790 681 populos,utpote
1820 604 1933 662 sibi

2061 600 2367 681 ὶλλότριος,
2399 603 2544 661 δεινά
2573 605 2675 663 καὶ,
2694 605 2863 682 πικρᾶ
2907 608 3024 667 τοῖς
3070 608 3175 674 τῆς
3221 596 3521 671 καθολικῗκ
3574 599 3697 655 Ἐκ-

287 709 405 750 non
437 693 906 767 proprios,ducis
936 712 1111 768 opera
1134 694 1596 767 perpetrat.Cum
1629 694 1787 752 enim
1805 696 1933 766 jam

288 782 514 856 pridem
557 783 784 840 Pistum
827 784 1058 840 Arianis
1104 784 1445 857 episcopum
1492 785 1938 841 constituissent

284 872 575 929 Eusebius
596 889 729 928 cum
748 873 1127 946 sequacibus:
1144 874 1244 930 ubi
1261 876 1333 930 de
1357 872 1458 931 illo
1477 890 1585 931 nos
1604 873 1938 946 scripsisse-

282 977 444 1032 mus,
473 977 576 1019 vos
604 978 808 1018 omnes
839 962 1137 1019 catholicas
1166 962 1441 1020 Ecclesias
1464 963 1746 1036 episCOpi,
1767 961 1936 1018 illum

284 1050 358 1108 ob
388 1050 749 1123 impietatem
774 1052 909 1123 jure
939 1051 1312 1109 anathemate
1342 1051 1670 1108 damnastis
1691 1056 1750 1108 et
1778 1052 1940 1107 abdi-

284 1139 484 1210 castis,
512 1156 631 1213 qua
658 1141 732 1197 de
759 1158 938 1197 causa
958 1142 1087 1213 jam
1115 1141 1461 1213 Gregorium
1492 1141 1761 1214 ipsismet
1787 1142 1941 1198 Aria-

286 1228 381 1286 nis
410 1229 720 1285 miserunt.
762 1229 980 1286 Deinde
1026 1246 1099 1286 ne
1148 1230 1318 1287 nobis
1368 1247 1605 1286 rursum
1655 1231 1938 1287 adversus

285 1315 448 1389 ipsos
477 1316 1094 1388 scribentibus,denuo
1116 1317 1200 1373 illi
1222 1318 1443 1391 pudore
1464 1317 1614 1373 sulfu
1625 1317 1941 1373 nderentur

287 1410 530 1465 externa
553 1406 610 1461 vi
641 1410 843 1463 contra
870 1423 979 1463 nos
1007 1407 1101 1462 usi
1148 1411 1310 1472 sunt,
1356 1411 1420 1462 ut
1467 1423 1603 1462 cum
1653 1406 1939 1462 Ecclesias

288 1495 704 1569 occupaverint
746 1495 1063 1552 Arianismi
1110 1495 1508 1568 suspicionem
1554 1495 1829 1567 effugisse
1857 1495 1939 1549 vi-

289 1584 560 1641 deantur.
595 1585 804 1640 Verum
834 1584 931 1639 hic
961 1601 1193 1656 quoque
1233 1600 1335 1655 spe
1388 1582 1515 1639 falsi
1568 1589 1738 1653 sunt;
1772 1600 1942 1641 nemo

290 1674 449 1730 enim
481 1672 1011 1730 ecclesiasticorum
1042 1690 1177 1729 cum
1209 1673 1329 1729 illis
1354 1677 1638 1743 versatur,
1670 1673 1782 1728 nisi
1833 1672 1941 1729 soli

289 1760 797 1835 haretici,quique
825 1764 899 1819 ob
928 1763 1179 1819 crimina
1207 1763 1376 1834 ejecti
1406 1766 1628 1829 sunt,et
1655 1767 1946 1836 quotquot

293 1856 457 1908 metu
485 1852 654 1908 ducis
683 1851 1060 1909 simulatione
1091 1857 1357 1908 utuntur.
1391 1852 1521 1931 Haec
1551 1857 1642 1908 est
1670 1852 1944 1908 Eusebia-

294 1957 509 2018 norum
538 1957 750 1998 scena:
774 1940 899 1998 haec
929 1942 1241 1999 Eusebiani
1262 1958 1396 1998 cum
1420 1943 1546 2013 jam
1581 1941 1805 2013 pridem
1826 1958 1946 1998 mo-

294 2028 386 2085 liti
424 2035 621 2087 essent
666 2047 732 2087 ac
781 2030 1112 2087 faciendum
1139 2031 1604 2099 constituissent,
1644 2047 1802 2087 nunc
1842 2026 1947 2102 iper

296 2118 625 2176 calumnias
655 2119 883 2177 efficere
910 2120 1241 2187 valuerunt,
1272 2120 1486 2190 quibus
1516 2136 1623 2176 nos
1654 2120 1812 2192 apud
1836 2120 1944 2175 im-

291 2216 619 2283 peratorem
648 2208 943 2265 criminati
974 2213 1134 2265 sunt.
1168 2210 1281 2266 Sed
1306 2225 1380 2265 ne
1409 2209 1491 2265 ita
1519 2209 1759 2281 quidem
1782 2209 1943 2281 quie-

289 2301 482 2370 scunt,
513 2297 616 2355 sed
645 2299 973 2355 etiamnum
1005 2315 1113 2355 nos
1141 2299 1469 2355 interﬁcere
1512 2302 1803 2370 quarunt,
1836 2315 1945 2353 no-

287 2387 483 2460 tisque
513 2386 730 2444 nostris
761 2404 891 2445 sese
920 2386 1210 2444 terribiles
1241 2387 1623 2458 exhibent,ita
1645 2392 1709 2443 ut
1738 2403 1945 2443 omnes

288 2493 353 2534 se
382 2475 443 2532 in
473 2476 675 2548 fugam
703 2480 1022 2549 vertant,et
1050 2477 1124 2533 ab
1155 2476 1274 2532 illis
1305 2481 1554 2532 mortem
1584 2480 1942 2548 exspectent.

287 2565 400 2622 Sed
431 2582 547 2622 non
568 2565 698 2621 ideo
718 2582 821 2622 vos
842 2581 1046 2622 eorum
1070 2565 1355 2622 malitiam
1378 2564 1759 2622 reformidare
1779 2582 1946 2637 opor-

286 2656 390 2722 tet,
420 2654 528 2710 sed
558 2653 757 2726 potius
786 2652 1012 2721 ulcisci,
1063 2670 1274 2726 resque
1323 2671 1503 2710 novas
1550 2670 1700 2726 quas
1749 2654 1945 2710 adver-

290 2758 427 2798 sum
456 2758 565 2797 nos
596 2740 785 2801 moliti
828 2747 968 2797 sunt
1013 2740 1253 2815 indigne
1300 2743 1469 2798 ferre.
1519 2742 1577 2797 Si
1623 2742 1782 2799 enim
1827 2757 1947 2798 uno

292 2830 560 2887 membro
588 2829 865 2902 patiente,
898 2829 1126 2902 reliqua
1169 2832 1435 2887 membra
1489 2830 1943 2899 condolescunt;

294 2923 356 2976 et
385 2918 433 2975 si
460 2919 634 2990 juxta
664 2920 899 2974 beatum
933 2919 1295 2990 Apostolum,
1344 2920 1482 2977 ﬂere
1533 2925 1760 2992 oportet
1810 2937 1946 2976 cum

294 3006 573 3064 ﬂentibus
597 3008 662 3076 5°;
696 3023 831 3063 cum
863 3011 1026 3063 tanta
1054 3006 1310 3064 Ecclesia
1344 3006 1591 3063 laedatur
1623 3009 1946 3081 unusquis-

295 3113 432 3170 que,
499 3113 565 3152 ac
604 3096 655 3153 si
704 3095 831 3169 ipse
888 3097 1085 3163 laesus,
1133 3096 1358 3153 facinus
1413 3096 1557 3153 illud
1608 3097 1941 3154 ulciscatur.

295 3186 398 3243 98
429 3185 772 3243 Communis
791 3185 949 3242 enim
975 3189 1066 3242 est
1087 3185 1349 3241 Salvator
1372 3202 1548 3258 quem
1570 3186 1655 3242 illi
1677 3186 1950 3243 maledic-

295 3273 374 3331 tis
401 3273 722 3341 incessunt,
756 3280 814 3331 et
843 3273 1109 3331 omnium
1142 3278 1283 3331 sunt
1312 3292 1567 3331 canones
1596 3274 1696 3340 qui
1725 3276 1799 3331 ab
1829 3275 1947 3332 illis

292 3361 609 3420 violentur.
644 3362 705 3418 Si
734 3363 899 3420 vobis
926 3363 988 3419 in
1018 3363 1262 3420 ecclesia
1292 3364 1655 3430 sedentibus,
1681 3368 1739 3420 et
1765 3382 1948 3439 popu-
1978 3347 2021 3415 α

292 3449 368 3508 lis
391 3452 616 3524 absque
645 3451 768 3508 ulla
797 3452 1080 3524 querendi
1110 3470 1292 3509 causa
1315 3454 1703 3526 congregatis,
1733 3454 1949 3526 aliquis

294 3541 606 3614 derepente
659 3540 960 3598 decretum
1008 3543 1331 3614 proferens,
1389 3541 1642 3614 alicujus
1682 3548 1944 3599 vestrum

295 3645 602 3687 successor
628 3631 952 3698 accederet,
980 3647 1174 3686 nonne
1226 3630 1369 3687 illud
1400 3630 1642 3702 indigne
1674 3632 1951 3689 ferretis?

295 3734 493 3775 nonne
531 3718 816 3791 rogaretis
863 3717 964 3790 qui
1010 3734 1113 3775 vos
1162 3717 1623 3775 ulciscerentur?
1670 3721 1953 3786 Quocirca

303 3823 539 3878 aequum
569 3811 659 3863 est
686 3823 790 3863 vos
819 3805 1213 3878 indignari,ne
1244 3808 1295 3864 si
1328 3807 1449 3864 hinc
1479 3812 1783 3865 taceantur
1812 3826 1954 3882 pau-

300 3895 468 3952 latim
517 3911 622 3968 per
666 3894 932 3968 singulas
988 3895 1277 3953 Ecclesias
1329 3896 1672 3967 hujusmodi
1728 3896 1953 3954 malum

304 3987 683 4057 propagetur,
705 3987 763 4040 et
788 3983 1026 4039 tandem
1049 3983 1423 4057 gymnasium
1458 3989 1725 4042 nostrum
1751 3984 1811 4041 in
1831 4003 1953 4043 em-

303 4071 538 4147 porium
568 4072 831 4129 forumve
851 4076 1240 4130 convertatur.

2045 692 2280 761 κλησίας
2313 692 2491 763 λαοῖς,
2524 695 2601 757 ὡς
2633 694 2731 749 ούκ
2762 692 2909 750 οὖσιν
2943 691 3127 761 ἰδίοις,
3158 689 3247 748 διὰ
3273 695 3371 747 τοῦ
3417 688 3699 766 ἡγεμόνος

2042 782 2446 858 κατεργάζεται.
2482 781 2701 853 Ἐπειδὴ
2748 785 2851 859 γὰρ
2884 783 3081 838 Πιστὸν
3132 783 3246 855 (46)
3294 779 3457 856 ὅνπερ
3511 778 3701 854 πρότε-

2045 889 2136 943 ρον
2197 872 2250 925 οἱ
2304 873 2429 948 περὶ
2488 867 2745 928 Εύσέϐιον
2803 878 2920 935 τοῖς
2974 874 3274 947 Ἀρειανοῖς
3322 868 3696 939 κατέστησαν,

2049 960 2184 1032 μετὰ
2224 960 2287 1015 τὸ
2334 958 2537 1036 γράψαι
2586 964 2736 1035 ἡμᾶς
2785 961 2908 1037 περὶ
2956 960 3143 1031 αὐτοῦ,
3191 960 3387 1021 πάντες
3439 958 3598 1031 ὑμεῖς
3645 956 3702 1012 οἱ

2043 1055 2145 1118 τῆς
2173 1047 2474 1119 καθολικῆς
2530 1050 2856 1123 Ἑκκλησίας
2911 1050 3198 1106 ἐπίσκοποι
3260 1047 3564 1117 ἐπίστασθε,
3622 1044 3698 1108 ὡς

2048 1134 2137 1192 διὰ
2163 1138 2264 1207 τήν
2295 1134 2538 1194 ἀσέϐειαν
2570 1142 2685 1214 (47)
2719 1139 2941 1203 εἰκότως
2973 1139 3132 1195 αὐτὸν
3159 1136 3579 1212 ἀναθεματίσατε
3609 1134 3701 1190 καὶ

2046 1226 2415 1301 ἇπεκηρύξατε
2461 1228 2662 1285 τούτου
2700 1226 2857 1285 ἕνεκα
2902 1228 3206 1305 Γρηγόριον
3253 1230 3345 1283 νῦν
3393 1225 3487 1281 τὸν
3538 1223 3699 1281 αύτόν

2045 1321 2164 1379 τοῖς
2217 1318 2520 1393 Ἀρειανοῖς
2568 1320 2682 1391 (48)
2734 1315 3077 1374 ἀπέστειλαν.
3128 1316 3282 1387 Εἶτα,
3329 1315 3426 1370 τίνα
3475 1315 3552 1388 μή
3612 1313 3703 1369 καὶ

2049 1402 2295 1481 δεύτερον
2322 1406 2591 1483 αἰσχύνην
2627 1406 2939 1485 ὀφλήσωσι,
2968 1406 3289 1485 γραφόντων
3321 1408 3485 1479 ἡμῶν
3533 1401 3701 1459 πάλιν

2047 1498 2162 1547 κατ’
2190 1491 2387 1565 αὐτῶν,
2422 1490 2511 1547 διὰ
2538 1498 2700 1549 τοῦτο
2728 1498 2797 1567 τῇ
2830 1489 3018 1564 ἔξωθεν
3054 1494 3148 1569 βίᾳ
3174 1493 3292 1548 καθ’
3335 1495 3496 1565 ἡμῶν
3530 1491 3703 1566 ἐχρή-

2050 1602 2231 1652 σαντο,
2259 1579 2371 1653 ἵνα,
2401 1587 2510 1637 τῶν
2562 1581 2866 1659 ἐκκλησιῶν
2917 1583 3432 1659 περικρατήσαντες,
3478 1577 3704 1652 δόξωσιν

2052 1669 2328 1748 ἐκφεύγειν
2389 1673 2504 1745 (49)
2549 1672 2649 1740 τὴν
2694 1676 2801 1726 τῶν
2850 1675 3146 1748 Ἀρειανῶν
3206 1670 3486 1726 ὑπόνοιαν.
3545 1666 3707 1725 Ἀλλ’

2052 1757 2358 1837 ἐσφάλησαν
2386 1757 2475 1814 καί
2506 1758 2559 1815 ἐν
2589 1759 2788 1835 τούτῳ·
2825 1757 3003 1822 οὐδεὶς
3051 1761 3156 1836 γὰρ
3198 1764 3308 1815 τῶν
3338 1766 3442 1829 τῆς
3471 1757 3707 1829 Ἐκκλη-

2051 1845 2169 1909 σίας
2199 1847 2496 1922 ἀνθρώπων
2530 1848 2640 1903 ἐστὶ
2676 1850 2790 1922 μετ’
2820 1849 3017 1922 αὐτῶν,
3070 1849 3115 1904 εἰ
3152 1850 3228 1922 μή
3283 1848 3440 1922 μόνοι
3471 1850 3527 1904 οἱ
3557 1850 3704 1923 αἱρε-

2047 1936 2214 2006 τικοὶ,
2245 1935 2334 1991 καὶ
2367 1938 2421 1991 οἱ
2451 1935 2522 1992 δι’
2552 1937 2729 2000 αἰτίας
2776 1932 3155 2011 ἐκϐληθέντες,
3205 1936 3296 1992 καὶ
3334 1936 3458 1991 ίδσοι
3488 1934 3579 1991 διὰ
3603 1938 3705 2007 τήν

2052 2023 2292 2100 ἀνάγκην
2344 2030 2441 2081 τοῦ
2491 2027 2767 2102 ἡγεμόνος
2819 2026 3219 2104 ὑποκρίνονται.
3278 2029 3449 2081 Τοῦτο
3494 2022 3553 2081 δὲ
3596 2030 3705 2082 τῶν

2051 2112 2176 2190 περί
2205 2110 2464 2171 Εὐσέϐιόν
2497 2114 2608 2171 ἐστι
2647 2117 2711 2172 τὸ
2760 2114 3254 2193 δραματούργημα·
3301 2119 3471 2170 ταῦτα
3500 2115 3552 2169 οἱ
3581 2114 3708 2190 περὶ

2052 2199 2307 2260 Εύσέϐιον
2359 2201 2591 2261 ἔκπαλαι
2642 2206 2737 2279 μὶν
2785 2203 3060 2279 ἐμελέτων
3107 2205 3198 2260 καὶ
3246 2203 3575 2259 συνετίθουν·
3615 2208 3708 2258 νῦν

2059 2293 2117 2347 δὲ
2144 2291 2233 2348 καὶ
2271 2292 2501 2370 ’ἰσχυσαν
2550 2294 2747 2369 πρᾶξαι
2797 2292 2887 2350 διὰ
2932 2296 3029 2356 τὰς
3080 2288 3369 2363 διαϐολὰς,
3420 2292 3484 2356 ἃς
3528 2286 3712 2348 διέϐα-

2055 2379 2149 2436 λον
2329 2385 2480 2455 ἡμᾶς
2512 2380 2748 2458 βασιλεῖ.
2780 2380 3006 2456 Ἀμέλει
3035 2380 3163 2438 οὐδὲ
3192 2381 3368 2444 οὕτως
3399 2382 3715 2457 ἡσυχάζου-

2053 2492 2153 2542 σιν,
2209 2469 2355 2526 ἀλλὰ
2401 2472 2492 2526 καὶ
2543 2471 2718 2535 οὕτως
2766 2475 2917 2546 ἡμᾶς
2965 2473 3277 2528 ἀποκτεῖναι
3329 2475 3574 2544 ζητοῦσι,
3620 2469 3713 2525 καὶ

2050 2565 2166 2622 τοῖς
2198 2560 2500 2637 γνωρίμοις
2550 2563 2708 2633 ἡμῶν
2763 2556 3029 2638 φοϐεροὺς
3084 2559 3308 2623 ἑαυτοὺς
3354 2558 3711 2630 δεικνύουσιν,

2053 2648 2192 2704 ὥστε
2246 2652 2361 2723 (51)
2415 2651 2619 2713 πάντας
2676 2648 3066 2729 φυγαδεύεσθαι
3142 2652 3233 2706 καὶ
3303 2651 3527 2705 θάνατον
3585 2649 3713 2724 παρ’

2053 2738 2226 2793 αὐτῶν
2255 2736 2583 2813 προσδοκᾶν.
2618 2737 2776 2794 Ἀλλ’
2825 2739 2888 2795 ού
2938 2737 3029 2795 διὰ
3075 2742 3244 2795 ταῦτα
3290 2740 3381 2795 καὶ
3432 2739 3573 2813 ὑμᾶς
3622 2738 3717 2792 αύ-

2051 2828 2288 2896 τῶν,τήν
2340 2826 2682 2901 παρανομίαν
2730 2829 3066 2900 καταπτῆξαι
3109 2830 3249 2906 χρὴ,
3298 2826 3448 2883 ἀλλὰ
3498 2825 3712 2902 μᾶλλον

2053 2915 2144 2970 καὶ
2204 2912 2532 2987 ἐκδικῆσαι,
2591 2914 2682 2971 καί
2733 2916 3101 2992 ἀγανακτῆσαι
3161 2918 3297 2972 κατᾶ
3367 2920 3477 2971 τῶν
3537 2914 3714 2978 οὕτως

2053 3006 2555 3078 καινοτομηθέντων
2607 3006 2723 3060 καθ’
2765 3008 2951 3080 ἡμῶν.
3004 3007 3067 3061 Εἰ
3099 3007 3226 3083 γὰρ,
3268 3007 3577 3081 πάσχοντος
3615 3005 3711 3079 μέ-

2057 3091 2187 3157 λους
2222 3094 2357 3165 ἑνὸς,
2391 3092 2703 3170 συμπασχει
2746 3093 2920 3151 πάντα
2966 3096 3034 3150 τα
3085 3095 3257 3169 μέλη,
3302 3095 3395 3149 καὶ
3442 3094 3580 3149 κατὰ
3624 3092 3717 3149 τὸν

2063 3184 2325 3260 μακάριον
2383 3182 2718 3239 Ἀπόστολον
2746 3227 2760 3252 ,
2806 3184 3019 3239 κλαίειν
3071 3185 3206 3257 μετὰ
3245 3181 3551 3253 κλαιόντων
3608 3179 3717 3238 δεῖ·

2057 3270 2379 3350 πασχούσης
2421 3280 2522 3342 τῆς
2550 3270 2890 3343 τηλικαύτης
2943 3272 3292 3347 Ἐκκλησίας,
3341 3269 3588 3343 ἕκαστος,
3639 3271 3719 3334 ὡς

2058 3360 2219 3423 αὐτός
2278 3362 2529 3437 πάσχων,
2590 3359 2871 3417 ἐκδικείτω
2924 3361 2987 3417 τὸ
3043 3367 3292 3437 πρᾶγμα.
3353 3363 3539 3424 Κοινὸς
3609 3362 3716 3437 γὰρ

2058 3449 2198 3506 ἐστιν
2250 3451 2279 3505 ὁ
2331 3452 2555 3527 Σωτὴρ,
2594 3452 2631 3505 ·ὁ
2682 3451 2771 3506 ὁπ’
2821 3450 2998 3506 αὐτῶν
3051 3449 3573 3529 βλασφημούμενος,
3623 3449 3718 3504 καὶ

2056 3538 2271 3595 πάντων
2304 3539 2435 3595 εἰσὶν
2469 3540 2523 3595 οἱ
2568 3539 2786 3602 κανόνες
2830 3541 2966 3613 (52),
2997 3540 3050 3595 οἳ
3100 3540 3189 3595 ὑπ’
3219 3539 3393 3595 αὐτῶν
3435 3537 3718 3611 παραλυό-

2062 3650 2233 3703 μενοι.
2269 3629 2411 3704 ’Δρα
2439 3628 2544 3703 γὰρ
2593 3628 2663 3697 εἰ,
2709 3628 3080 3702 καθεζομένων
3135 3628 3287 3702 ὑμῶν
3331 3627 3382 3683 ἐν
3410 3632 3479 3702 τῇ
3512 3625 3716 3698 ἐκκλη-

2059 3739 2169 3790 σιᾳ,
2199 3716 2290 3772 καὶ
2323 3717 2704 3792 συναγομένων
2735 3720 2844 3772 τῶν
2875 3715 3023 3772 λαῶν
3049 3716 3226 3792 χωρίς
3256 3738 3402 3779 τινος
3427 3717 3715 3791 μέμψεως,

2061 3804 2114 3861 εἷ’
2136 3828 2220 3869 τις
2250 3805 2504 3884 ἐξαίφνης
2551 3803 2641 3861 διὰ
2685 3807 3108 3881 προστάγματος
3157 3802 3420 3881 διάδοχος
3450 3802 3715 3876 ἐληλύθει

2059 3896 2176 3951 καθ’
2210 3894 2321 3957 ἐνὸς
2371 3893 2659 3968 ὐμῶν,καὶ
2688 3899 2913 3950 τοιαῦτα
2962 3893 3204 3970 ἐγεγόνει
3249 3897 3365 3950 καθ’
3410 3895 3584 3967 ὑμῶν,
3618 3892 3720 3949 οὐκ

2064 3985 2125 4039 ἂν
2157 3985 2564 4059 ἠγανακτήσατε
2597 4001 2611 4051 ;
2644 3982 2744 4039 οὐκ
2770 3983 2830 4038 ἃν
2857 3983 3262 4058 ἠξιώσατε
3310 3980 3663 4054 ἐκδικηθῆναι
3699 4001 3717 4052 ;

2067 4074 2166 4128 Διά
2192 4076 2353 4127 τοῦτο
2400 4071 2768 4147 ἀγανακτῆσαι
2820 4072 2961 4145 ὑμᾶς
3009 4069 3216 4128 δίκαιόν
3259 4072 3423 4143 ἐστιν,
3476 4070 3572 4126 ἵνα
3615 4073 3715 4145 μὴ,

309 4159 518 4215 τούτων
549 4160 948 4233 σιωπωμένων,
978 4161 1096 4215 κατ’
1127 4157 1317 4235 ὀλίγον
1345 4162 1435 4216 καὶ
1466 4161 1542 4225 εἰς
1574 4162 1798 4233 εκάστην
1832 4162 2156 4234 Ἐκκλησίαν
2189 4163 2251 4217 τὸ
2279 4165 2524 4216 τοιοῦτον
2555 4161 2718 4217 κακὸν
2750 4156 2915 4236 διαϐῇ
2946 4163 3082 4235 (54),
3107 4161 3197 4217 καὶ
3227 4159 3420 4217 λοιπὸν
3452 4160 3719 4236 ἐμπόριον

310 4248 401 4305 καὶ
433 4247 694 4326 ἀγοραῖον
724 4247 787 4304 τὸ
814 4250 931 4304 καθ’
962 4251 1112 4322 ἡμᾶς
1143 4246 1515 4306 διδασκαλεῖον
1550 4252 1794 4327 γένηται.

374 4341 430 4396 7.
485 4341 661 4397 Porro
692 4357 823 4413 quae
871 4341 944 4396 ad
992 4340 1390 4399 Ariomanitas
1439 4348 1708 4416 spectant
1752 4342 1950 4413 nostis,

2137 4344 2191 4398 7.
2224 4341 2299 4395 Τὰ
2356 4340 2451 4413 μὲν
2509 4338 2599 4395 οὖν
2648 4346 2785 4396 κατᾶ
2828 4340 2958 4403 τοὺς
3020 4339 3434 4417 Ἀρειομανίτας
3491 4337 3721 4407 σ’ίδατε,

301 4429 688 4503 τιθειι-οε(εωρθ
715 4429 875 4486 enim
905 4446 1107 4487 eorum
1131 4431 1492 4503 impietatem
1523 4437 1581 4489 et
1599 4431 1819 4505 singuli
1844 4432 1966 4503 pri-

375 4610 420 4647 “
452 4610 622 4669 Rom.
654 4628 756 4681 x11,
789 4611 878 4667 15.

380 4761 493 4835 (46)
527 4756 744 4836 Ἐπειδὴ
803 4759 906 4835 γὰρ
940 4758 1178 4836 Δ[Ιιστόν.
1209 4761 1298 4817 Sic
1340 4762 1485 4836 lleg.
1528 4761 1756 4836 Anglic.
1791 4766 1851 4818 et
1880 4761 1963 4817 ita

308 4832 530 4906 legerat
558 4832 827 4906 Nannius
854 4832 952 4905 qui
976 4832 1149 4906 vertit
1182 4851 1195 4887 :
1226 4841 1299 4906 ut,
1317 4832 1487 4903 ﬁduin
1515 4832 1715 4906 sibi—in
1749 4835 1961 4904 episco-

310 4902 464 4977 pu'm,
493 4905 595 4962 sed
627 4902 932 4977 perperam
980 4902 1180 4977 Πιστός
1227 4902 1409 4960 fidum
1450 4902 1788 4969 transtulit,
1824 4920 1961 4977 cum

309 4975 388 5034 sit
414 4975 955 5048 nomen—proprium
990 4976 1061 5048 de
1098 4977 1321 5048 quoin
1372 4976 1769 5048 admonitione
1796 4976 1963 5032 vide-

310 5049 413 5107 sis.
444 5053 569 5120 Pro
586 5041 784 5120 ,ὅνπερξ
809 5047 949 5120 Reg.
984 5047 1058 5103 de
1084 5041 1518 5120 anglicwadtev
1554 5048 1759 5120 minus
1787 5052 1959 5120 recte.

371 5121 493 5207 (47)
559 5114 732 5207 βεδε(
785 5114 949 5205 s‘olu's
1013 5114 1673 5203 καθολῖκῆςῈκκλησίας
1742 5117 1961 5172 ἐπίσκο-

380 5212 425 5243 ις
484 5188 573 5243 δια
638 5209 703 5243 γε
763 5209 863 5243 την
933 5163 1202 5243 ἀσέϐειαν.
1272 5193 1336 5243 In
1404 5191 1577 5243 editis
1634 5187 1961 5243 Ἐκκλησία(

306 5183 425 5319 ’ἑοῖς
450 5183 573 5318 ι’⁷ςῖιοὶ
638 5183 703 5264 γε
763 5189 863 5258 τὴν
933 5183 1202 5245 ἆσέϐειαν.
1269 5183 1336 5245 In
1404 5183 1577 5247 editis
1634 5187 1962 5260 Ἐκκλησίας

348 5279 448 5320 008
480 5305 493 5319 .

376 5336 492 5406 (48)
522 5335 686 5408 Reg,
718 5330 1021 5407 Γρηγόριον
1071 5336 1164 5408 νύν
1212 5333 1301 5408 τὸν
1352 5331 1510 5387 αὐτὸν
1540 5351 1658 5394 τοις
1688 5332 1776 5407 ἀρ.
1807 5331 1962 5388 Editi

307 5402 771 5480 νοιδριξΓεώργιον
799 5402 1039 5480 νῦν’τοῖς
1071 5402 1258 5480 αὐτοῖς
1278 5405 1608 5480 ξᾼρειοινοῖςξ

383 5474 495 5552 (49)
719 5472 1178 5552 ἐκφυγεῖνκὼῦδᾳ
1207 5472 1385 5552 ούδεῖς
1414 5474 1519 5552 γὰρ
1547 5478 1653 5527 τῶν
1688 5481 1790 5552 τῆς
1841 5474 1960 5552 Ἐκ-

310 5543 543 5627 κλησίας
577 5543 887 5627 ἀνθρώπωί
907 5545 1017 5600 ἐστὶ
1052 5548 1167 5627 μετῖ
1196 5545 1388 5627 αύτῷν,
1427 5543 1565 5619 haec,
1599 5563 1728 5627 qum
1760 5547 1817 5600 in
1841 5547 1963 5601 edi-

315 5620 388 5692 tis
417 5619 680 5692 deerant,
734 5634 803 5692 ex
843 5620 992 5692 Reg.
1038 5623 1093 5673 et
1140 5620 1363 5691 Anglic.
1398 5619 1788 5691 sumpsimus,
1838 5635 1965 5690 quae

314 5691 491 5747 etiam
523 5706 558 5744 a
582 5688 808 5745 Nannio
840 5688 990 5745 lecta
1018 5697 1180 5745 sunt.

387 5763 500 5835 (50)
531 5760 878 5835 Sie_Anglic.
937 5765 996 5816 et
1040 5760 1179 5817 edit.
1229 5762 1414 5819 Paris.
1464 5760 1602 5832 Alii,
1647 5754 1963 5816 διέϐαλλον.

318 5829 450 5890 Mox
476 5829 726 5905 Anglic.,
746 5829 1056 5904 ῖὶισύχαζον.

2076 4428 2387 4505 ἀγαπητοί’
2443 4426 2718 4492 πολλάκις
2763 4429 2868 4504 γὰρ
2918 4428 3093 4485 αὐτῶν
3145 4431 3247 4499 τὴν
3307 4423 3552 4485 ἀσέϐειαν
3613 4425 3727 4499 ἰδίᾳ

2142 4761 2262 4885 (51)
2283 4764 2447 4847 ςΩστε
2478 4764 2684 4845 Roget
2714 4759 3011 4817 Basil.Alii
3041 4736 3342 4843 verocum
3381 4760 3578 4844 editis,
3627 4758 3729 4821 ὡς.

2142 4849 2207 4885 nx
2266 4850 2481 4885 ανατον.
2514 4833 2611 4885 Sic
2640 4832 2782 4885 Reg.
2814 4847 2992 4885 auem
3024 4848 3360 4885 sequimur:
3393 4832 3535 4885 editi
3568 4828 3729 4885 θανά-

2074 4828 2207 4888 Mox
2232 4828 2481 4905 θάνατον.
2514 4828 2611 4888 Βῆ
2640 4832 2782 4905 Reg.
2814 4847 2992 4905 quem
3024 4832 3360 4905 sequimur:
3393 4832 3535 4888 editi
3568 4828 3729 4905 θανά-

2070 4923 2219 4979 τους.
2256 4904 2410 4959 Infra
2440 4907 2578 4979 Heg.
2611 4900 2797 4979 solus,
2829 4900 2978 4979 ἧμᾷς
3026 4900 3733 4979 αὐέῷνῃῂνᾼπανουργίαν.

2072 4976 2428 5056 l’ostpauca
2453 4974 2636 5056 καθἰῄ
2646 4977 2785 5044 μῶν,
2816 4974 3107 5056 ex_Reg.et
3137 4974 3732 5056 Easil,desump_t'um,

2072 5046 2133 5102 in
2164 5044 2338 5119 editis
2363 5046 2509 5119 etin
2541 5044 2673 5102 aliis
2705 5061 2847 5102 mss.
2880 5044 3097 5119 deerat.
3149 5046 3282 5119 Mox
3323 5047 3488 5119 editi,
3526 5044 3731 5119 μέλους

2070 5115 2240 5190 τινός,
2273 5122 2332 5173 at
2362 5117 2503 5190 Reg.
2536 5133 2711 5190 quem
2743 5118 3069 5190 sequimur,
3125 5114 3327 5190 μέλους
3377 5114 3733 5190 ὲνόςίθι-ἰια

2072 5188 2284 5263 legisse
2318 5188 2571 5263 videtur“
2599 5188 2866 5263 Nannius
2909 5189 3014 5263 qui
3062 5188 3256 5263 vertit,
3308 5206 3415 5245 uno
3458 5188 3729 5263 membro,

2073 5258 2254 5334 l’aulo
2286 5266 2418 5334 post
2444 5258 2533 5312 καί
2566 5263 2701 5334 ante
2728 5260 2865 5313 κατά
2892 5258 3056 5317 deest
3099 5259 3159 5316 in
3204 5260 3340 5334 Beg.
3380 5264 3514 5317 Mox
3554 5261 3727 5334 Reg"

2075 5328 2224 5385 δεινά
2254 5328 2358 5404 ρἰιο
2390 5328 2472 5384 δεῖ
2498 5331 2797 5387 mendose.

2146 5421 2257 5493 (52)
2291 5421 2454 5493 Reg,
2512 5418 2733 5493 πάντων
2775 5418 2926 5490 ὑμῶν
2973 5418 3102 5473 εἰσιν
3136 5417 3188 5473 οἱ
3220 5418 3457 5483 κανόνες.
3507 5414 3640 5478 Mox
3668 5419 3729 5475 in

2075 5490 2300 5564 eodem,
2332 5490 2541 5562 ei‘p’ost
2567 5490 2671 5566 γάρ
2703 5491 2885 5547 deest.

2147 5582 2258 5653 (53)
2288 5583 2352 5638 In
2383 5581 2545 5652 Reg.,
2568 5574 2627 5631 ἄν
2662 5579 2825 5636 deest
2854 5583 2987 5638 ante
3010 5580 3298 5650 ἠξιώσατε.

2148 5669 2464 5751 (fili)_Reg.',\
2490 5662 2738 5751 διοιδσεξῇζ
2769 5668 2902 5751 Μςιχ
2932 5663 3303 5751 διδασκαλίον.
3322 5670 3500 5751 idem.
3547 5665 3729 5751 Paulo

2077 5734 2407 5829 poetjdlem'
2426 5740 2590 5830 Reg?
2622 5734 2988 5830 ἀδελφοεδρῑό
3029 5738 3335 5830 ἀγαπητοίι
3359 5740 3518 5798 Infra
3547 5740 3729 5809 idem,

2076 5807 2173 5881 τήν
2208 5810 2417 5866 ἀσέοειν
2448 5807 2540 5865 καῖ
2559 5807 2805 5879 ἕκαστος,
2839 5807 2951 5882 ἴδ’ίᾳ
2977 5830 3037 5865 τε
3064 5807 3154 5865 καὶ
3184 5807 3358 5886 κοινῇ.
