4178 6446
413 426 533 494 23⁸1

1675 427 2065 493 EPISTULA
2108 427 2567 493 ENGYCLICA.

3711 421 3836 492 238

412 562 506 622 καὶ
554 565 712 638 κοινῇ
759 559 949 627 πάντες
998 559 1403 641 ἀπεκηρύξατε’
1459 557 1640 618 οἷίδατε
1694 558 1750 616 δὲ
1806 559 1894 615 καί
1934 558 2061 621 τοὺς

2186 568 2354 623 vatim
2389 571 2445 623 et
2474 565 2704 640 publice
2734 580 2939 623 omnes
2970 561 3418 637 condemnasti),
3451 577 3557 622 nec
3595 560 3832 636 ignora?-

411 654 537 729 περὶ
571 647 851 727 Εὖσέῦιον,
885 652 961 716 ὡς
991 659 1275 728 προεῖπον,
1322 659 1422 722 τῆς
1456 652 1621 721 αὐτῆς
1656 650 1879 711 ἐκείνοις
1913 645 2066 710 ὄντας

414 744 698 821 αἱρέσεως,
749 741 818 798 δι’
866 743 926 812 ἣν
975 742 1064 797 καί
1111 743 1282 798 πάλαι
1474 745 1608 814 ἡμῖν
1654 736 2066 795 ἐπεϐούλευσαν.

413 835 490 890 Τὰ
520 830 578 888 δὲ
608 837 695 887 νῦν
726 829 793 886 δι’
827 831 1020 894 αὐτοὺς
1064 831 1152 886 καὶ
1205 832 1291 886 ὑπ’
1335 831 1508 886 αὐτῶν
1563 831 1829 906 γενόμενα
1877 825 2067 901 πικρό-

411 943 545 998 τερα
572 919 856 996 πολέμων,
891 919 1145 992 ἐδήλωσα
1176 921 1323 994 ὑμῖν,
1355 920 1465 992 τίνα,
1492 922 1627 976 κατά
1656 921 1754 989 την
1791 918 1841 989 ἐξ
1889 918 2068 992 ἀρχῆς

413 1011 656 1088 ἱστορίαν
721 1011 1086 1087 μισοπόνηρον
1148 1008 1312 1080 ζῆλον
1367 1006 1726 1072 ἀναλαϐόντες
1772 1056 1784 1080 ,
1847 1007 2070 1082 ἐξάρητε

411 1099 542 1162 τοὺς
599 1100 666 1153 τὰ
724 1103 950 1152 τοιαῦτα
1017 1099 1230 1174 πονηρά
1306 1097 1706 1174 ἐργασαμένους
1776 1098 1912 1150 κατά
1966 1103 2066 1164 τῆς

412 1185 766 1257 Ἐκκλησίας.
800 1187 864 1241 Εἰ
912 1188 1014 1262 γὰρ
1060 1189 1150 1241 καὶ
1199 1187 1419 1263 πέρυσιν
1456 1189 1566 1260 (56)
1601 1189 1651 1240 οἱ
1682 1187 1816 1240 κατὰ
1845 1186 2064 1257 Ῥώμην

413 1273 665 1353 ἀδελφοὶ,
722 1278 890 1349 μήπω
933 1275 1140 1330 τούτων
1196 1278 1525 1350 γενομένων,
1586 1273 1708 1329 ἀλλ’
1762 1272 1917 1328 ἕνεκα
1963 1278 2068 1326 τῶν

410 1367 670 1441 πρώτων,
727 1363 948 1419 σύνοδον
1005 1361 1240 1439 ἔγραψαν
1284 1366 1550 1438 γενέσθαι,
1593 1363 1686 1418 ’ίνα
1732 1366 1950 1417 κάκεῖνα
1981 1361 2065 1416 ἐκ-

413 1452 635 1528 δικηθῇ·
669 1453 840 1530 ἥνπερ
875 1448 1270 1526 εὐλαϐούμενοι
1321 1455 1371 1506 οἱ
1421 1452 1542 1528 περῖ
1582 1448 1862 1518 Εὖσέϐιον,
1897 1447 2066 1526 ττροῦ-

412 1539 580 1599 λαϐον
617 1540 1046 1618 διαταράξαιτην
1081 1541 1428 1614 Ἐκκλησίαν,
1463 1544 1553 1596 καὶ
1586 1540 1865 1620 ἡθέληφαν
1916 1545 2064 1613 ἡμᾶς

409 1631 642 1703 ἀνελεῖν,
673 1633 762 1687 ἳνα
795 1630 988 1695 λοιπὸν
1043 1632 1123 1686 ἐπ’
1172 1630 1352 1695 ἀδείας
1401 1634 1706 1707 πράττωσιν
1758 1631 1789 1685 ἂ
1834 1629 2062 1705 βούλον-

403 1743 516 1792 ται,
548 1721 637 1776 καὶ
675 1723 750 1795 μὴ
798 1719 970 1798 ἔχωσι
1021 1721 1114 1776 τόν
1169 1719 1487 1796 ἐλέγχοντα·
1542 1722 1696 1793 πόσῳ
1732 1719 1942 1794 μᾶλλον
1978 1719 2065 1773 ἐπὶ

407 1817 526 1874 τοῖς
558 1809 909 1879 τηλικούτοις
941 1813 1230 1885 παρανομή
1245 1831 1400 1882 μασιν
1443 1812 1811 1885 ἀγανακτῆσαι
1846 1807 2066 1886 ὀφείλε-

2181 659 2352 724 tis,ut
2379 676 2557 730 supra
2585 657 3047 726 dixi,Eusebium
3077 656 3326 728 ejusque
3355 653 3544 711 socios
3564 654 3830 724 ejusdem

2182 765 2309 804 esse
2339 748 2646 814 haereseos,
2679 749 2846 817 cujus
2879 747 3066 818 gratia
3116 744 3286 801 nobis
3336 745 3548 800 iterum
3580 742 3829 799 insidias

2182 842 2466 893 struxere.
2502 838 2634 901 Quae
2666 854 2799 892 vero
2831 854 2986 892 nunc
3017 835 3254 891 illorum
3303 851 3500 904 causa,
3542 833 3660 889 imo
3710 831 3830 888 illis

2181 927 2518 983 auctoribus
2550 931 2712 998 gesta
2736 931 2892 994 sunt,
2927 926 3095 982 bellis
3144 941 3283 980 sane
3333 923 3634 980 acerbiora
3663 921 3828 978 vobis

2182 1017 2537 1088 significavi;
2590 1020 2672 1082 ut,
2707 1016 3030 1071 secundum
3081 1014 3352 1070 histriam
3385 1013 3555 1069 initio
3587 1028 3825 1068 enarra-

2179 1110 2320 1172 tam,
2356 1105 2550 1160 studio
2583 1104 2910 1175 iniquitatis
2940 1103 3284 1158 ulciscendae
3316 1100 3827 1167 instructi,talium

2180 1195 2236 1249 in
2270 1195 2587 1250 Ecclesiam
2622 1193 2904 1250 scelerum
2939 1197 3203 1248 auctores
3234 1190 3637 1262 deponatis.Si
3668 1188 3826 1245 enim

2179 1302 2331 1340 anno
2367 1284 2658 1356 praeterito
2710 1283 2918 1338 fratres
2949 1281 3133 1336 nostri
3162 1281 3262 1352 qui
3293 1282 3488 1336 Romae
3536 1282 3696 1345 sunt,
3728 1277 3824 1333 his

2178 1375 2439 1429 nondum
2471 1372 2638 1435 actis,
2675 1373 2771 1427 sed
2807 1374 3041 1443 propter
3071 1370 3185 1426 alia
3217 1387 3341 1441 quae
3371 1369 3536 1441 prius
3567 1367 3825 1439 contige-

2178 1467 2325 1528 rant,
2361 1461 2649 1533 synodum
2683 1461 3002 1530 cogendam
3035 1475 3162 1514 esse
3206 1459 3588 1529 scripserunt,
3624 1459 3689 1511 ut
3724 1455 3828 1510 illa

2178 1551 2395 1607 scelera
2422 1551 2847 1605 ulciscerentur
2879 1567 2891 1603 :
2925 1565 3101 1620 quam
3150 1546 3597 1603 reformidantes
3645 1546 3826 1600 Euse-

2177 1641 2310 1696 bius
2342 1646 2399 1696 et
2428 1640 2590 1706 socii,
2623 1638 2944 1694 Ecclesiam
2992 1638 3340 1693 conturbare
3386 1637 3824 1708 praeverterunt,

2177 1746 2400 1802 nosque
2431 1729 2757 1784 interﬁcere
2785 1728 3112 1796 voluerunt,
3148 1730 3212 1781 ut
3243 1742 3346 1797 pro
3374 1723 3619 1780 libidine
3665 1723 3826 1778 dein-

2177 1837 2312 1891 ceps
2343 1836 2511 1890 agere
2538 1819 2870 1884 liceret,nec
2902 1817 3185 1872 haberent
3206 1815 3306 1886 qui
3339 1831 3400 1870 se
3431 1814 3824 1886 redargueret;

411 1922 490 1972 τε,
532 1900 621 1954 καὶ
670 1899 1143 1977 καταψηφίσασθαι
1194 1899 1392 1970 αὐτῶν,
1444 1900 1555 1972 ὅσῳ
1599 1900 1688 1954 καὶ
1737 1904 1903 1953 ταῦτα
1950 1904 2063 1959 τοῖς

2186 1913 2396 1982 quanto
2426 1908 2612 1979 magis
2644 1907 2763 1961 haec
2795 1911 2958 1962 tanta
2990 1904 3210 1961 scelera
3239 1904 3479 1976 indigne
3508 1903 3655 1958 ferre
3673 1901 3829 1958 illos-

413 1991 702 2067 προτέροις
751 1990 1089 2065 προσέθηκαν
1128 2008 1141 2059 ;
1176 1995 1505 2065 Παρακαλῶ,
1563 1991 1636 2062 μὴ
1689 1985 1954 2062 παρίδητε
2002 1988 2068 2039 τα

410 2079 718 2151 τηλικαῦτα
752 2124 765 2149 ,
820 2076 959 2153 μηδὲ
1012 2079 1336 2155 ἐπιτρέψητε
1387 2081 1485 2148 την
1536 2074 1862 2154 περιϐόητον
1913 2075 2069 2130 Ἀλε-

415 2167 683 2245 ξανδρέων
732 2166 1057 2238 Ἐκκλησίαν
1110 2169 1210 2224 ὑπὸ
1260 2170 1542 2242 αἱρετικῶν
1599 2170 2065 2238 καταπατηθῆναι.

415 2259 522 2313 Λιά
550 2261 718 2312 ταῦτα
746 2259 850 2332 γὰρ
885 2256 1108 2319 εἶ’κότως
1140 2257 1230 2311 καὶ
1275 2258 1326 2311 οἱ
1376 2255 1500 2310 λαοὶ
1548 2257 1638 2310 καὶ
1673 2257 1724 2310 οἱ
1756 2254 2067 2332 λειτουργοὶ

414 2347 531 2401 καθ’
563 2346 785 2409 ἑαυτούς
821 2346 944 2416 εἰσι,
999 2344 1087 2401 διὰ
1135 2347 1228 2420 μὲν
1279 2348 1371 2408 τάς
1403 2351 1498 2401 τοῦ
1531 2341 1772 2422 ἐπάρχου
1794 2344 1926 2421 ιβίας
1959 2347 2069 2418 (57)

417 2441 751 2507 σιωπῶντες,
787 2432 890 2489 ,διὰ
937 2433 993 2490 δὲ
1039 2437 1136 2504 τὴν
1189 2431 1430 2490 ἀσέϐειαν
1485 2440 1590 2488 τῶν
1644 2436 2067 2510 Ἀρειομανιτῶν

417 2524 842 2598 ἐκτρεπόμενοι.
890 2525 1010 2580 Ἐάν
1061 2523 1239 2578 τοίνυν
1291 2526 1470 2602 γράφῃ
1534 2525 1670 2600 πρὸς
1739 2524 1878 2596 ὑμᾶς
1935 2529 2071 2596 Γρη-

470 2613 480 2634 I
670 2614 695 2636 νε
737 2611 760 2628 ν
1157 2614 1171 2632 ι
1248 2613 1261 2633 ν
1339 2618 1363 2628 ~
1481 2614 1492 2630 η
1543 2611 1622 2638 «νγ
1835 2609 1886 2629 τα
2036 2611 2048 2628 κ

416 2635 628 2690 γοριος,
662 2636 696 2682 η
732 2611 905 2675 αλλος
937 2636 1019 2676 τις
1051 2635 1173 2689 περι
1205 2635 1388 2684 αυτου,
1428 2636 1502 2686 μη
1539 2614 1778 2683 οεςησθε,
1825 2610 2068 2689 αοελφοτ,

412 2704 481 2758 τὰ
510 2703 810 2778 γράμματα
859 2701 1044 2773 αὐτοῦ,
1103 2700 1249 2756 ἀλλᾶ
1291 2701 1534 2778 σχίσατε,
1582 2701 1670 2756 καὶ
1717 2698 2072 2770 δυσωπήσατε

416 2790 542 2853 τοὺς
573 2790 928 2864 κομίζοντας,
981 2791 1056 2854 ὡς
1106 2786 1350 2852 ἀσεϐείας
1383 2792 1492 2865 (58)
1524 2790 1612 2845 καὶ
1660 2788 1932 2864 πονηρίας
1982 2783 2066 2841 ὅν-

414 2902 510 2942 τας
540 2878 844 2943 διακόνους.
879 2881 999 2935 Ἐὰν
1044 2877 1100 2935 δὲ
1143 2881 1232 2934 καὶ
1281 2879 1446 2934 τόπον
1497 2879 1764 2954 εἰρηνικὸν
1814 2876 2071 2952 τολμήσῃ

419 2970 666 3048 γράφειν,
706 2967 847 3043 μηδὲ
873 2974 1039 3024 ταῦτα
1071 2968 1322 3046 ὃέχησθε·
1355 2973 1434 3042 τῷ
1483 2969 1585 3044 γὰρ
1626 2964 1781 3046 φόϐῳ
1809 2973 1905 3022 τοῦ
1937 2971 2067 3041 ἡγε-

421 3059 584 3132 μόνος
618 3061 670 3113 οἱ
702 3057 994 3135 δεχόμενοι
1025 3059 1312 3133 κομίζουσι
1365 3057 1453 3112 δια
1493 3059 1589 3120 τὰς
1640 3057 1853 3119 πολλάς
1904 3057 2068 3111 αὐτοῦ

421 3147 562 3224 βίας.
599 3146 819 3217 Ἐπειδὴ
855 3146 912 3203 δὲ
943 3148 1085 3211 εἰκὸς
1116 3148 1203 3203 καὶ
1233 3147 1359 3210 τοὺς
1392 3146 1514 3222 περί
1546 3143 1800 3202 Εὐσέϐιον
1843 3147 2064 3222 γράφειν

418 3237 541 3306 ὑμῖν
603 3238 728 3313 περὶ
787 3237 951 3293 αὐτοῦ
986 3281 999 3307 ,
1061 3236 1147 3293 διὰ
1212 3241 1371 3292 τοῦτο
1447 3244 1866 3312 προϋπομνῆσαι
1926 3237 2066 3308 ὑμᾶς

1465 3326 1478 3342 κ

2177 2015 2290 2070 que
2321 1999 2600 2053 damnare
2630 1997 2874 2063 debetis,
2904 2011 3036 2050 eum
3070 1993 3322 2050 maxime
3350 1993 3462 2048 isto
3508 1990 3828 2064 superiori-

2179 2088 2289 2142 bus
2322 2086 2688 2141 addiderint?
2719 2086 2968 2141 Obsecro
3004 2101 3076 2138 ne
3104 2084 3227 2138 haec
3257 2085 3377 2137 tam
3408 2081 3598 2154 gratia
3640 2079 3828 2152 negli-

2178 2177 2351 2250 gatis,
2381 2192 2520 2231 neve
2551 2175 2827 2246 inclytam
2859 2173 3383 2229 Alexandrinorum
3415 2170 3732 2227 Ecclesiam
3755 2170 3830 2226 ab

2181 2266 2466 2321 haereticis
2506 2265 2835 2321 conculcari
2884 2263 3111 2328 sinatis,
3165 2261 3464 2334 siquidem
3511 2259 3708 2332 populi
3761 2277 3831 2316 ac

2184 2355 2618 2426 ministri,jure
2650 2354 2856 2410 merito
2886 2353 3131 2409 seorsim
3184 2352 3406 2422 degunt
3452 2351 3524 2405 ob
3575 2348 3832 2421 praefecti

2184 2444 2555 2499 formidinem
2588 2444 2748 2498 taciti
2783 2442 3040 2515 quidem,
3087 2440 3580 2496 Ariomanitarum
3633 2442 3834 2494 tamen

2183 2534 2540 2605 impietatem
2573 2535 2958 2588 exsecrantes.
3010 2532 3066 2584 Si
3117 2531 3299 2602 igitur
3331 2533 3431 2584 aut
3459 2529 3584 2600 ipse
3615 2529 3832 2600 Grego-

2183 2623 2328 2689 rius,
2359 2627 2460 2677 aut
2493 2622 2640 2678 alius
2674 2621 2964 2693 quispiam
2998 2619 3158 2674 illius
3188 2635 3368 2673 causa
3397 2619 3469 2673 ad
3509 2635 3611 2673 vos
3650 2617 3834 2689 scrip-

2184 2712 2347 2779 serit,
2380 2729 2449 2767 ne
2483 2711 2798 2783 recipiatis,
2833 2711 3061 2775 fratres,
3096 2710 3224 2779 ejus
3252 2707 3495 2763 litteras.
3530 2706 3641 2762 Sed
3673 2706 3835 2778 ipsas

2182 2801 2453 2867 lacerate,
2485 2799 2936 2871 tabellariosque
2985 2798 3207 2870 pudore
3257 2795 3597 2863 sulfundite,
3632 2799 3837 2868 utpote

2183 2890 2499 2961 impietatis
2531 2894 2587 2944 et
2619 2889 2854 2944 malitiae
2906 2887 3229 2943 ministros.
3281 2885 3394 2942 Sed
3445 2884 3674 2940 etiamsi
3723 2884 3834 2942 sub

2181 2979 2422 3051 paciﬁca
2451 2980 2638 3034 forma
2669 2978 2922 3034 scribere
2955 2976 3129 3044 ausit,
3171 2991 3243 3030 ne
3291 2975 3372 3030 sic
3421 2989 3655 3046 quoque
3687 2972 3834 3029 reei-

2181 3067 2354 3139 piatis
2386 3086 2398 3123 :
2432 3072 2590 3123 metu
2623 3068 2779 3122 enim
2813 3066 2980 3121 ducis
3011 3082 3110 3120 eas
3138 3065 3408 3119 deferunt
3436 3063 3537 3135 qui
3558 3063 3630 3119 ad
3650 3062 3836 3118 vitan-

2181 3156 2316 3211 dam
2348 3157 2475 3227 ejus
2505 3156 2840 3212 violentiam
2887 3155 3047 3225 ipsas
3095 3156 3504 3224 susceperunt.
3546 3151 3833 3216 Quoniam

2177 3249 2372 3301 autem
2401 3245 2715 3301 verisimile
2745 3248 2834 3300 est
2859 3243 3220 3300 Eusebianos
3256 3241 3420 3297 vobis
3448 3240 3510 3296 in
3539 3240 3667 3311 ejus
3696 3256 3839 3313 gra—

416 3325 721 3382 ἐσπούδασα
753 3371 767 3398 ,
809 3325 898 3381 ⁰ίνα
949 3326 1037 3381 καὶ
1089 3327 1138 3382 ἐν
1202 3325 1380 3399 τούτῳ
1428 3326 1488 3380 τὸ
1554 3323 2063 3402 ἀπροσωπόληπτον

2186 3334 2324 3388 tiam
2368 3335 2712 3406 scripturos,
2764 3332 2892 3387 ideo
2944 3343 3301 3402 praemonere
3352 3344 3454 3383 vos
3504 3326 3724 3398 studui,
3769 3331 3837 3381 ut

414 3419 512 3469 τοῦ
553 3421 686 3471 Θεοῦ
736 3418 1132 3490 μιμησάμενοι,
1185 3413 1478 3486 ἐκδιώξητε
1522 3414 1648 3475 τοὺς
1698 3416 1819 3488 πέρ’
1870 3414 2068 3468 αὐτῶνθ

418 3503 503 3558 ὅτι
535 3503 585 3559 ἐν
617 3505 849 3578 τοιούτῳ
878 3511 1052 3582 καιρῷ
1083 3502 1386 3580 διωγμοὺς,
1419 3503 1507 3558 καὶ
1540 3503 1740 3581 φθορὰς
1773 3503 2067 3579 παρθένων,

415 3593 506 3648 καὶ
538 3595 817 3665 θανάτους,
861 3594 950 3649 καὶ
1008 3595 1252 3669 ἁρπαγὰς
1300 3597 1406 3648 τῶν
1460 3592 1510 3646 ἐν
1559 3596 1678 3653 ταῖς
1730 3589 2067 3664 ἐκκλησίαις,

415 3704 503 3738 και
536 3683 917 3758 πυρκαϊὰν,καὶ
953 3682 1305 3761 βλασφημίας
1339 3682 1388 3737 ἐν
1438 3687 1557 3744 ταῖς
1590 3679 1906 3752 ἐκκλησίαις
1935 3683 2066 3754 (59),

412 3769 588 3827 ἕνεκεν
636 3777 742 3828 τῶν
793 3775 1214 3849 Ἀρειομανιτῶν
1262 3770 1648 3826 κατεσκεύασαν
1697 3772 1798 3825 ὑπὸ
1848 3769 2066 3824 ἐθνικῶν

415 3863 506 3916 καὶ
566 3859 841 3916 Ἰουδαίων
896 3862 1138 3937 γενέσθαι
1177 3904 1187 3918 .
1250 3861 1359 3914 Οὐκ
1415 3860 1473 3914 ἂν
1537 3857 1594 3915 δὲ
1654 3862 1681 3915 ὁ
1733 3855 1932 3928 ἀσεϐὴς
1979 3860 2069 3914 καὶ

420 3952 682 4025 μεμηνὼς
713 3950 1023 4027 Γρηγόριος
1057 3951 1357 4025 ἀρνήσηται
1391 3949 1574 4004 ἑαυτὸν
1604 3951 1736 4004 εἶναι
1769 3949 2067 4025 Ἀρειανὸν,

416 4038 562 4115 ἔχων
596 4034 831 4115 ἔλεγχον
861 4040 952 4094 τὸν
996 4039 1380 4118 ὑπογράφοντα
1418 4039 1580 4094 αὐτοῦ
1634 4040 1701 4093 τὰ
1748 4040 2066 4114 γράμματα.

414 4129 647 4202 Ἀμμὼν
680 4130 784 4203 γάρ
818 4128 976 4191 οὗτος
1009 4129 1036 4182 ὁ
1071 4129 1421 4206 ὑπογράφων,
1456 4126 1687 4183 ἔκπαλαι
1718 4129 1810 4202 μὲν
1843 4129 1943 4181 ὑπὸ
1973 4132 2069 4182 τοῦ

419 4217 720 4292 μακαρίτου
751 4215 1114 4292 Ἀλεξάνδρου
1160 4222 1256 4272 τοῦ
1304 4219 1409 4294 πρὸ
1459 4217 1593 4292 ἐμοῦ
1643 4217 1938 4273 ἐπισκόπου
1981 4216 2068 4271 ἐπὶ

412 4304 654 4369 πολλοῖς
701 4311 888 4369 κακοῖς
936 4309 1049 4380 (60)
1098 4306 1187 4360 καὶ
1249 4305 1335 4361 ἐπὶ
1387 4303 1604 4378 ἀσεϐείᾳ
1653 4302 1916 4378 ἐξεϐλήθη
1968 4314 2067 4376 τῆς

415 4394 767 4467 Ἐκκλησίας.
805 4397 1024 4450 Πάντων
1073 4393 1163 4449 οὖν
1217 4392 1390 4450 ἕνεκεν
1441 4396 1529 4450 καὶ
1577 4397 1899 4471 ἀντιγράψαι
1931 4399 2067 4466 ἡμῖν

413 4483 703 4555 θελήσατε,
748 4485 839 4540 καὶ
884 4490 1226 4559 καταγνῶναι
1272 4489 1380 4539 τῶν
1425 4480 1651 4555 ἀσεϐῶν,
1694 4482 1787 4545 ,ἵνα
1833 4485 1921 4539 καὶ
1976 4490 2064 4539 νῦν

413 4575 466 4627 οἱ
503 4575 598 4648 μὲν
628 4573 964 4650 λειτουργοὶ,
1010 4576 1062 4628 οἱ
1111 4573 1353 4644 ἐνταῦθα,
1404 4575 1492 4628 καὶ
1544 4575 1595 4628 οἳ
1627 4572 1752 4628 λαοὶ
1804 4576 1935 4647 (Gl),
1966 4577 2064 4644 τὴν

2186 3423 2365 3478 Deum
2399 3422 2609 3477 imitati
2643 3420 2768 3475 sine
2799 3419 2917 3474 ulla
2947 3433 3331 3489 personarum
3363 3415 3844 3487 acceptione,ho--

2181 3511 2370 3567 mines
2402 3511 2474 3566 ab
2507 3509 2621 3565 illis
2653 3509 2866 3565 missos
2895 3506 3214 3579 expellatis.
3239 3506 3357 3560 Hoc
3385 3504 3542 3560 enim
3570 3507 3834 3576 tempore

2181 3599 2684 3654 Ariomanitarum
2717 3614 2913 3666 causa,
2930 3593 3683 3668 persecutiones,virgin-um
3706 3596 3832 3648 stu-

2181 3705 2306 3760 pra,
2347 3688 2552 3755 caedes,
2588 3685 2965 3742 ecclesiarum
3010 3682 3432 3756 populationes,
3468 3681 3833 3750 incendium,

2182 3776 2580 3849 blasphemias
2612 3775 2669 3830 in
2703 3775 2846 3846 ipsis
2877 3772 3138 3830 ecclesiis
3159 3773 3231 3827 ab
3252 3771 3501 3827 ethnicis
3525 3774 3584 3826 et
3610 3770 3861 3827 Judaeis’

2181 3866 2306 3922 ﬁeri
2339 3869 2637 3921 curarunt.
2670 3866 2869 3935 Neque
2908 3862 3063 3918 enim
3110 3862 3330 3933 impius
3359 3860 3455 3916 ille
3485 3865 3542 3916 et
3572 3860 3833 3916 furiosus

2181 3955 2491 4026 Gregorius
2523 3969 2585 4010 se
2618 3952 2898 4008 Arianum
2921 3968 3047 4007 esse
3070 3950 3300 4007 inﬁcias
3323 3950 3409 4006 ire
3437 3949 3664 4020 poterit,
3695 3965 3833 4005 cum

2179 4045 2230 4099 is
2261 4045 2360 4116 qui
2395 4043 2603 4098 litteris
2633 4044 2762 4114 ejus
2792 4041 3129 4110 subscribit,
3163 4043 3578 4112 argumentum
3607 4038 3666 4094 in
3697 4055 3832 4094 con-

2179 4134 2427 4189 trarium
2455 4134 2729 4205 praebeat.
2762 4138 3017 4186 Ammon
3049 4131 3204 4186 enim
3239 4129 3350 4185 iste
3378 4128 3478 4200 qui
3517 4126 3838 4185 subscribit

2176 4223 2404 4294 jamdiu
2433 4239 2465 4277 a
2495 4223 2676 4277 beatae
2710 4220 3004 4276 memorie
3034 4218 3361 4274 Alexandro
3391 4221 3526 4273 ante
3573 4231 3666 4271 me
3713 4214 3838 4287 epi-

2181 4327 2378 4382 scopo,
2413 4311 2484 4365 ob
2517 4309 2701 4364 multa
2732 4308 2952 4363 scelera
2997 4311 3052 4361 et
3103 4306 3175 4361 ob
3217 4305 3599 4377 impietatem,
3627 4304 3834 4358 ab—Ee-

2179 4398 2357 4454 clesia
2385 4399 2606 4468 ejectus
2650 4401 2756 4451 est.
2790 4400 3010 4449 Horum
3045 4394 3223 4465 igitur
3251 4393 3517 4448 omnium
3548 4407 3745 4457 causa,
3777 4394 3838 4446 et

2181 4487 2370 4553 nobis,
2415 4502 2628 4557 quaeso,
2681 4483 3001 4550 rescribite,
3054 4486 3113 4536 et
3164 4481 3376 4553 impios
3425 4480 3830 4549 condemnate,

2180 4580 2245 4630 ut
2277 4574 2531 4630 ministri
2565 4573 2802 4645 quidem
2836 4570 2936 4643 qui
2969 4570 3098 4625 istic
3131 4571 3354 4641 degunt
3385 4566 3834 4639 populique,ve-

414 4661 727 4739 ὀρθοδοξίαν
756 4663 845 4719 καὶ
895 4663 1288 4738 μισοπονηρίαν
1342 4665 1492 4738 ὑμῶν
1544 4665 1797 4735 ὁρῶντες,
1847 4662 2063 4740 εὐφραί-

2186 4668 2359 4720 etram
2393 4667 2451 4717 et
2485 4662 2868 4717 orthodoxam
2910 4658 3237 4714 doctrinam
3284 4660 3662 4728 vestrumque
3693 4671 3834 4728 erga

412 4757 707 4827 νωνταιτῇ
741 4753 818 4816 εἷς
849 4754 1076 4828 Χριστὸν
1128 4752 1405 4828 ὁμοψύχῳ
1455 4753 1606 4826 ὑμῶν
1656 4753 1853 4823 πίστει,
1907 4754 1958 4806 οἱ
2009 4751 2067 4807 δὲ

409 4846 635 4898 τοιαῦτα
680 4845 818 4898 κατά
861 4849 963 4914 τῆς
1017 4841 1342 4915 Ἐκκλησίας
1402 4844 1912 4919 παρανομήσαντες,
1977 4863 2066 4918 με-

481 5075 594 5147 (55)
629 5076 798 5149 Reg.,
829 5072 993 5149 πάλιν
1028 5091 1131 5146 pro
1161 5073 1353 5149 πάλαι.
1404 5079 1531 5149 Mox
1579 5074 1803 5149 anglic.
1859 5071 2068 5149 δι’-αὖ-

407 5143 524 5271 ita.
560 5143 746 5204 Paulo'
764 5143 897 5219 post
926 5143 1065 5219 Reg.
1097 5144 1384 5217 πολέμων,
1441 5147 1530 5199 καὶ
1590 5143 1699 5199 8ιῖ
1730 5149 1891 5200 τοῦτο
1943 5143 2065 5216 ἐδή-

448 5239 584 5271 ωσα.

448 5239 584 5274 ωσα.

480 5289 746 5363 (56)]ΙΟΧ
775 5289 994 5363 πέρυσιν
1013 5290 1183 5363 deest
1211 5289 1270 5344 in
1302 5289 1598 5363 Reg.;_sed
1631 5306 1764 5344 cum
1795 5289 1848 5344 in
1883 5291 2068 5363 omnif

409 5361 522 5418 bus
554 5361 685 5418 aliis
716 5361 854 5416 cum
883 5361 1058 5416 editis
1105 5365 1234 5416 tum
1287 5377 1431 5433 mss.
1481 5361 1730 5433 legatur,
1764 5373 1820 5416 et
1851 5361 2067 5433 alioqui

404 5449 551 5488 verae
582 5434 762 5505 hujus
791 5433 1074 5503 temporis
1103 5432 1359 5505 historiae
1383 5432 2063 5505 congruat,relinendum

407 5504 837 5560 videturJNam
885 5509 954 5559 ut
999 5520 1136 5559 mox
1182 5504 1410 5558 dicetur
1437 5504 1751 5560 in'monito
1779 5506 1849 5560 ad
1879 5506 2068 5570 Apolo-

407 5578 582 5648 giam,
608 5593 763 5632 anno
793 5577 919 5642 340,
947 5575 1124 5648 legati
1164 5575 1494 5648 Athanasii,
1547 5593 1613 5632 ac
1661 5577 1838 5632 etiam
1888 5577 2065 5632 Euse-

408 5646 570 5703 biani
604 5648 896 5718 synodum
928 5665 962 5702 a
986 5646 1146 5718 Julio
1180 5646 1574 5718 postularunt.

481 5721 596 5790 (57)
625 5713 766 5792 ᾖδε.
800 5735 906 5792 pro
941 5717 1084 5790 βίας,
1131 5713 1309 5792 habet
1359 5713 1645 5792 βασάνους.
1695 5719 1833 5792 Pgst
1868 5733 2066 5792 pauco

410 5787 593 5859 idem,
626 5787 742 5846 'Av'
765 5787 967 5846 τοίνυν.
1001 5794 1132 5844 Mox
1159 5790 1338 5857 idem,
1359 5787 1698 5863 Τρηγόριος.
1733 5787 2064 5855 Editivero,

2179 4751 2469 4807 malitiam
2524 4751 2724 4807 odium
2775 4751 3096 4817 cernentes,
3155 4748 3227 4802 de
3279 4748 3474 4802 vestra
3538 4744 3834 4818 gaudeant

2178 4840 2453 4898 cencerdi
2503 4840 2561 4895 in
2611 4839 2905 4895 Christum
2953 4836 3104 4905 ﬁde;
3145 4835 3232 4889 illi
3282 4838 3481 4890 autem
3539 4832 3832 4905 ejusmodi

2179 5073 2474 5132 Γεώργιος.

2255 5091 2508 5216 ῗὸρὸξιξὶο
2541 5143 2680 5216 Reg.
2729 5141 2849 5216 _Alii
2897 5156 3030 5216 cum
3079 5137 3272 5216 editis,
3308 5128 3536 5216 ἀσεϐεῖς.
3592 5135 3837 5191 Praestat

2184 5205 2571 5288 Re‘gii'lectio.
2606 5205 2782 5288 Faulc
2816 5218 2945 5288 post
2976 5213 3153 5288 idem,
3183 5205 3474 5288 τολμήσει.

2252 5275 2363 5358 (59)
2395 5292 2479 5340 Ἐν
2507 5291 2626 5346 ναῖς
2649 5275 3008 5358 ἐκκλησίαις..
3045 5275 3173 5337 Haec
3193 5275 3436 5358 _abs}in_t:
3484 5296 3518 5358 ξι
3562 5275 3735 5332 Basil.
3779 5279 3839 5332 et

2182 5349 2408 5427 Anglic.
2444 5360 2600 5412 Infra
2631 5349 3155 5429 ΗρεηΤρηγόριο-ς.
3192 5351 3366 5421 Editi,
3399 5349 3694 5429 I‘sabpyaoF:

2252 5419 2363 5501 (60)
2397 5430 2517 5483 Vox
2541 5419 2817 5488 xaxeiqvin
2848 5419 2985 5497 Heg.
3018 5419 3290 5501 habetur,
3327 5419 3576 5501 eamque
3605 5419 3837 5501 videtur

2180 5490 2392 5571 legisse
2425 5501 2709 5567 Nannius,
2745 5490 3157 5568 interpretatur
3185 5495 3368 5560 enim,
3407 5490 3601 5548 multis
3629 5490 3835 5552 malis;

2180 5574 2251 5627 ab
2285 5573 2415 5628 aliis
2442 5574 2626 5627 abest.

2254 5643 2365 5713 (Gl)
2407 5640 2667 5715 Regna?
2715 5635 2899 5715 ἄλλοι.
2956 5639 3086 5715 Μοξ
3139 5637 3328 5715 idem,
3360 5633 3594 5715 ZaP’T’},V
3640 5649 3831 5703 μισοπ.

2185 5705 2360 5771 Ρειίιὶό
2391 5705 2524 5785 post
2554 5705 2707 5768 idem
2742 5713 2907 5782 Reg.,
2937 5712 3004 5780 τῇ
3033 5707 3108 5768 εἷς
3139 5705 3267 5759 Θεόν
3305 5705 3604 5780 ὀμοψύχῳ.
