4178 6382
335 391 458 454 239
881 387 949 458 S.
995 394 1424 458 ATHANASII
1467 394 1637 457 OPP.
1687 394 1889 456 PARS
1934 394 1982 455 Ι.
2015 427 2092 437 -
2127 391 2551 454 HISTORICA
2593 391 2694 453 ET
2736 388 3217 453 DOGMATIGA.
3639 390 3770 453 240

338 526 627 586 scelerum
659 529 719 600 in
752 528 1066 586 Ecclesiam
1098 533 1385 594 auctores,
1417 528 1624 584 vestris
1653 527 1864 583 litteris
1916 529 1986 582 ad

2118 522 2541 586 ταπτιιδευθέντες
2596 522 2653 578 ἐκ
2697 527 2805 577 τῶν
2862 523 3011 596 ὑμῶν
3065 521 3406 597 γραμμάτων
3445 569 3458 596 ,
3507 522 3606 579 κᾶν
3667 522 3768 599 ὀψὲ

342 617 642 675 meliorem
676 619 901 690 frugem
939 617 1207 682 revocati,
1242 616 1326 672 vel
1354 633 1482 673 sero
1513 618 1750 672 tandem
1785 617 1987 688 resipi-

2119 635 2231 667 ποτε
2292 611 2560 683 δυνηθῶσι
2625 617 3010 687 μεταγνῶναι.
3072 612 3409 683 “possin-11's
3473 614 3573 682 τήν
3633 617 3769 690 παρ’

340 711 528 763 scant.
561 687 817 763 Salutate
846 722 994 772 eam,
1029 706 1133 760 94
1164 723 1289 777 quae
1320 707 1476 777 apud
1507 722 1608 761 vos
1639 710 1748 773 est,
1785 687 1988 760 frater-

2118 704 2228 776 ὶμῖν
2277 701 2638 780 ἀδελφότητα.
2684 703 2745 755 Oi
2798 701 2887 755 σὺν
2943 700 3065 773 ἐμοὶ
3118 704 3231 774 (62)
3281 703 3479 765 πάντες
3534 687 3768 779 ἀδελφοἶ

342 794 610 852 nitatem.
647 797 873 851 Fratres
904 811 1107 850 omnes
1137 795 1238 866 qui
1271 811 1501 850 mecum
1533 798 1672 850 sunt
1702 812 1802 850 vos
1833 794 1990 850 salu-

2117 791 2596 867 τροσαγορεύουσιν
2677 790 2817 862 ὑμᾶς
2855 833 2868 848 .
2927 789 3306 866 Ἐῥρωμένους
3381 791 3471 844 καὶ
3555 813 3767 864 μνημο-

341 886 490 939 tant.
528 885 807 940 Dominus
838 901 938 940 vos
969 883 1314 951 incolumes,
1345 883 1650 955 nostrique
1701 899 1990 940 memores

2115 881 2352 943 νεύοντας
2408 881 2558 952 ὑμῶν
2611 880 2638 933 ὁ
2688 879 2882 952 Κύριος
2931 880 3068 952 ὑμᾶς
3130 876 3474 956 διαφυλάξειε
3508 923 3522 948 ,
3582 880 3765 956 κύριοι

343 976 664 1040 conservet,
696 971 918 1028 domini
949 988 1081 1028 vere
1112 971 1620 1029 desideratissimi.

1112 971 1620 1029 desideratissimi.
2102 969 2323 1038 ἀληθῶς
2354 968 2749 1024 ποθεινότατοι.

1093 1327 1208 1411 ΙΝ
1266 1323 1945 1412 APOLOGIAM
2000 1324 2456 1412 CONTRA
2519 1321 3012 1413 ABIANOS

1553 1494 2548 1619 ADMONITIO.

425 1799 478 1861 Ι.
514 1797 812 1879 Apologia
839 1807 1048 1858 contra
1075 1797 1358 1870 Arianos,
1393 1816 1558 1877 quae,
1594 1797 1763 1877 quod
1795 1798 2098 1877 pleraque
2128 1798 2586 1878 complectatur
2618 1800 3053 1869 monumenta,
3097 1793 3381 1857 Collectz'o
3412 1813 3649 1854 manum
3663 1811 3770 1854 en-

351 1894 544 1948 torum
576 1907 613 1949 a
642 1887 962 1948 nonnullis
991 1888 1444 1948 recentioribus
1473 1893 1754 1960 vocatur,
1788 1887 1850 1946 in
1885 1887 2180 1948 omnibus
2212 1906 2354 1948 cum
2389 1886 2570 1946 editis
2600 1892 2732 1946 tum
2769 1884 3210 1964 manuscriptis
3236 1883 3532 1964 Apologia
3559 1902 3766 1944 secun-

349 1975 431 2038 da
457 1976 840 2048 inscribitur,
873 1977 1023 2054 quia
1053 1976 1350 2036 nimirum
1411 1982 1552 2055 post
1595 1976 1951 2056 Apologz'am
1981 1977 2059 2037 de
2113 1979 2268 2055 fuga
2297 1976 2680 2046 collocatur;
2721 1974 2969 2035 tametsi
2998 1992 3138 2035 eam
3197 1979 3343 2034 ante
3372 1974 3529 2034 alias
3578 1971 3770 2033 Atha-

346 2066 506 2127 nasii
538 2065 862 2146 Apologia:
893 2066 1313 2143 conscriptam
1345 2066 1533 2126 fuisse
1565 2072 1804 2126 certum
1837 2073 1950 2126 est.
1986 2065 2310 2144 Siquidem
2343 2064 2702 2144 Apologz'am
2731 2062 2813 2123 ad
2846 2062 3260 2125 Constantium
3292 2067 3356 2122 et
3413 2060 3760 2142 Apologiam

345 2155 425 2215 de
451 2156 605 2234 fuga
634 2155 711 2214 ad
763 2171 1000 2214 annum
1049 2156 1167 2216 356
1197 2155 1509 2232 pertinere
1568 2173 1681 2214 suo
1713 2155 1848 2214 loco
1879 2155 2107 2215 dicturi
2136 2173 2374 2214 sumus.
2407 2155 2486 2214 At
2533 2152 2888 2234 Apologz'am
2921 2160 3133 2212 contra
3184 2153 3443 2213 Arz'anos
3474 2169 3598 2210 non
3646 2147 3756 2208 diu

343 2249 490 2323 post
519 2242 846 2304 Athanasii
866 2261 943 2304 ex
975 2243 1250 2303 secundo
1281 2241 1500 2302 exsilio
1533 2243 1828 2315 reditum,
1863 2243 1971 2321 qui
2001 2260 2170 2302 anno
2224 2244 2341 2302 349
2373 2241 2661 2320 contigit,
2699 2241 2889 2302 scribi
2936 2239 3164 2319 potuit.
3200 2242 3294 2301 Ex
3323 2237 3758 2317 compluribus

343 2332 510 2393 enim
544 2331 733 2410 hujus
761 2331 1072 2412 Apologia
1101 2331 1274 2405 locis,
1311 2349 1384 2391 ac
1417 2350 1494 2391 ex
1525 2331 1662 2409 ipso
1697 2331 2090 2409 potissimum
2121 2330 2322 2403 initio,
2349 2331 2547 2410 liquet
2594 2331 2827 2391 editam
2861 2330 3051 2390 fuisse
3083 2334 3424 2408 antequam
3460 2326 3759 2390 Ursacius

340 2426 402 2481 et
429 2421 680 2490 Valens,
713 2420 823 2498 qui
851 2420 930 2480 ab
961 2420 1207 2480 Arianis
1237 2419 1524 2498 partibus
1556 2420 1903 2480 resilierant
1933 2425 1994 2480 et
2015 2438 2193 2480 suam
2219 2420 2519 2480 adversus
2543 2419 2957 2479 Athanasium
2985 2417 3469 2497 sycophantiam
3489 2413 3759 2476 confessi

337 2510 610 2581 fuerant,
641 2509 705 2569 in
737 2509 1127 2587 impietatem
1160 2509 1530 2580 reciderent,
1573 2514 1636 2568 et
1665 2508 1964 2568 adversus
1993 2508 2407 2569 Athanasium
2442 2508 2690 2569 Arianis
2739 2507 2949 2567 denuo
2985 2525 3120 2567 sese
3163 2506 3526 2584 jungerent,
3560 2502 3754 2582 quod,

339 2603 411 2658 nt
431 2598 692 2667 tardius,
729 2615 894 2659 anno
924 2601 1063 2670 352,
1101 2596 1442 2674 contigisse
1469 2596 1625 2656 alias
1647 2596 2204 2656 demonstrabitur.
2241 2597 2374 2657 Huc
2405 2596 2649 2656 accedit
2703 2595 2900 2673 ipsius
2957 2595 3287 2655 Athanasii
3326 2591 3756 2654 testimonium

341 2705 519 2748 num.
552 2688 628 2748 59
659 2685 850 2764 hujus
883 2685 1212 2766 Apologia,
1250 2685 1357 2744 ubi
1387 2685 1464 2745 de
1495 2691 1812 2763 postremo
1835 2704 1948 2746 suo
1970 2703 2164 2763 agens
2186 2685 2406 2746 exsilio
2437 2686 2525 2745 ait
2559 2692 2591 2744 ἅ
2620 2695 2710 2744 νῦν
2745 2691 3007 2757 πέπονθα,
3040 2701 3182 2762 quas
3205 2683 3332 2762 jam
3354 2700 3572 2762 passus
3591 2698 3754 2752 sum,

343 2794 472 2855 quo
501 2775 738 2835 indicat
767 2793 833 2835 se
861 2775 1054 2853 paulo
1087 2779 1229 2853 post
1259 2774 1529 2833 reditum
1554 2793 1734 2834 suum
1770 2775 1933 2834 hanc
1962 2773 2321 2854 Apologz'am
2354 2774 2822 2853 conscriprisse.
2854 2772 3151 2850 Nihilque
3175 2778 3403 2833 nostra:
3426 2767 3755 2832 sententiae

349 2863 640 2924 ofﬁciunt
694 2881 836 2941 qua
877 2863 954 2922 de
1001 2861 1231 2923 Liherii
1260 2868 1322 2922 et
1351 2862 1522 2922 Hosii
1554 2863 1773 2922 exsilio
1805 2863 1918 2922 sub
1967 2864 2158 2923 ﬁnem
2212 2863 2530 2941 leguntur,
2579 2881 2653 2923 ea
2694 2861 2933 2942 quippe
2985 2860 3092 2921 diu
3141 2866 3286 2940 post
3331 2857 3759 2938 conscriptam

342 2951 703 3032 Apologz'am
733 2950 950 3012 addita
978 2951 1168 3011 fuisse
1195 2950 1427 3009 ibidem
1453 2951 1781 3029 probaturi
1805 2969 2044 3011 sumus.

424 3040 504 3100 II.
537 3039 736 3118 Hujus
765 3039 1112 3100 scribendas
1142 3038 1278 3100 hac
1301 3057 1492 3098 causa
1513 3039 1650 3100 fuit.
1687 3039 2091 3113 Athanasius,
2115 3057 2189 3101 ex
2224 3039 2612 3101 Sardicensis
2643 3039 2866 3118 synodi
2898 3039 3174 3112 decreto,
3207 3057 3281 3099 ac
3301 3037 3758 3118 imperatorum

344 3129 703 3190 Constantis
733 3133 794 3189 et
824 3128 1170 3189 Constantii
1194 3127 1374 3206 jussu
1410 3128 1631 3205 patrias
1655 3134 1716 3188 et
1746 3128 2040 3189 Ecclesiae
2069 3147 2199 3190 suae
2231 3129 2579 3200 restitutus,
2615 3146 2759 3188 cum
2793 3127 3203 3207 comperisset
3223 3127 3364 3188 illas
3390 3126 3613 3186 tandiu
3628 3125 3761 3203 jac-

342 3223 508 3278 tatas
537 3217 848 3296 totiesque
877 3217 1229 3279 cenfutatas
1261 3216 1752 3291 criminationes,
1783 3217 1859 3277 de
1882 3217 2131 3279 Arsenii
2163 3236 2338 3289 nece,
2361 3217 2437 3278 de
2467 3217 2662 3278 calice
2690 3218 2914 3289 fracto,
2951 3217 3154 3294 deque
3187 3234 3406 3277 mensa
3434 3215 3757 3285 subversa,

341 3313 486 3380 etc.,
512 3325 758 3367 sursum
793 3306 874 3365 ab
905 3305 1151 3366 Arianis
1182 3305 1561 3384 pervulgari,
1597 3306 1706 3384 qui
1737 3307 1925 3365 etiam
1945 3307 2292 3368 niterentur
2324 3307 2460 3366 haec
2490 3306 2629 3385 ipsa
2677 3306 2886 3366 denuo
2921 3305 2983 3364 in
3034 3305 3370 3384 judicium,
3404 3302 3761 3383 Apologiam

341 3395 559 3466 edidit,
594 3394 700 3455 ubi
729 3394 904 3454 varia
936 3399 1347 3455 monumenta
1376 3399 1438 3453 et
1468 3395 1764 3473 epistolas
1796 3393 1914 3453 hac
1943 3394 2020 3454 de
2051 3413 2118 3455 re
2140 3395 2527 3473 conscriptas
2548 3394 2610 3454 in
2643 3413 2839 3455 unum
2871 3393 3150 3472 collegit,
3183 3401 3356 3453 ratus
3387 3391 3548 3452 nihil
3578 3406 3763 3468 mque

343 3485 424 3544 ad
455 3483 553 3544 sui
584 3483 1024 3562 purgationem
1057 3483 1432 3554 conducere,
1467 3501 1539 3542 ac
1571 3483 1622 3542 si
1653 3501 1725 3542 ex
1757 3483 1910 3561 ipsis
1941 3501 2149 3543 rerum
2184 3489 2503 3561 gestarum
2537 3483 2692 3544 actis
2729 3502 2938 3544 causae
2987 3501 3115 3543 suae
3171 3481 3496 3543 sinceritas
3553 3480 3762 3541 eluce-

344 3577 462 3634 ret.
496 3575 734 3633 Horum
771 3578 1325 3632 monumentorum
1377 3571 1519 3630 duae
1549 3577 1696 3631 sunt
1742 3577 1953 3649 partes
1987 3578 2370 3651 praepostero
2397 3572 2618 3632 ordine
2647 3572 2725 3632 ab
2754 3572 2892 3651 ipso
2925 3571 3274 3632 Athanasio
3304 3571 3586 3648 digestas.
3621 3567 3760 3626 Pri-

345 3680 454 3722 ma
511 3661 950 3739 complectitur
989 3660 1290 3739 epistotas
1349 3661 1682 3738 synodicas
1738 3661 2020 3738 aliasque
2073 3661 2152 3722 de
2183 3679 2374 3721 causa
2428 3660 2757 3721 Athanasii
2796 3661 3205 3738 conscriptas,
3267 3659 3348 3720 ab
3395 3677 3564 3720 anno
3619 3658 3763 3726 340,

349 3767 585 3812 annum
641 3751 782 3822 350,
815 3767 1085 3827 quarum
1120 3767 1455 3809 commune
1487 3755 1930 3827 argumentum
1966 3754 2081 3821 est,
2106 3749 2454 3809 confutatio
2486 3749 2947 3810 calumniarum
2980 3749 3060 3809 ab
3089 3749 3454 3810 Eusebianis
3483 3749 3546 3807 in
3580 3763 3764 3826 syno-

349 3839 433 3899 do
463 3837 675 3917 Tyria,
730 3839 794 3898 in
819 3839 1094 3898 Mareote
1117 3843 1179 3897 et
1219 3837 1370 3896 alibi
1399 3837 1698 3897 adversus
1724 3837 2137 3897 Athanasium
2169 3844 2575 3898 structarum.
2609 3837 2904 3900 Secunda
2934 3856 3080 3916 pars
3127 3837 3453 3898 historiam
3506 3833 3765 3907 Meletii,

351 3945 690 4004 rerumque
722 3927 801 3986 ab
832 3926 1112 4004 Ischyra,
1146 3925 1408 3985 Arsenio
1448 3931 1509 3986 et
1565 3925 1932 3985 Eusebianis
1973 3930 2195 3985 contra
2248 3925 2664 3986 Athanasium
2720 3932 3067 4004 gestarum,
3099 3945 3171 3986 ac
3229 3945 3355 3986 una
3400 3924 3767 3985 earumdem

352 4019 763 4075 monumenta
793 4013 1270 4091 comprehendit
1319 4013 1400 4072 ab
1429 4031 1598 4073 anno
1647 4015 1764 4074 300
1794 4014 1875 4073 ad
1903 4014 2043 4074 338.
2084 4017 2168 4074 De
2199 4013 2462 4092 singulis
2492 4014 2555 4073 in
2589 4021 2856 4093 utraque
2886 4020 3066 4094 parte
3093 4014 3369 4076 collectis
3401 4030 3770 4075 monumen-

351 4105 434 4164 tis
464 4102 765 4181 quaadam
813 4103 1256 4180 pertractanda
1285 4107 1455 4162 sunt.

433 4193 539 4253 III.
575 4193 645 4252 In
677 4190 871 4269 priori
903 4196 1081 4268 parte
1112 4191 1317 4268 primo
1349 4189 1623 4250 occurrit
1645 4190 1912 4267 epistola
1943 4191 2264 4270 encyclica
2284 4191 2728 4252 Alexandrinae
2761 4193 2983 4271 synodi
3015 4192 3094 4253 ad
3126 4211 3345 4252 omnes
3365 4191 3694 4270 episcopos
3711 4193 3774 4250 et

354 4281 435 4342 ad
461 4279 700 4341 Julium
734 4297 965 4357 papam
1001 4279 1212 4351 missa,
1246 4297 1373 4356 qua
1412 4277 1800 4338 Athanasius
1830 4297 1867 4338 a
1898 4278 2231 4338 calumniis
2262 4279 2763 4341 Eusebianorum
2797 4280 3168 4341 vindicatur.
3208 4283 3364 4340 Eum
3409 4297 3635 4358 nempe
3665 4296 3771 4338 ac-

355 4369 664 4430 cusabant
691 4367 970 4427 haeretici
1004 4368 1170 4446 quod
1203 4374 1347 4446 post
1375 4385 1561 4426 suum
1594 4386 1670 4427 ex
1695 4367 1912 4428 Galliis
1942 4367 2211 4428 reditum
2249 4369 2590 4429 multarum
2623 4370 2888 4429 caadium
2922 4375 3143 4430 auctor
3171 4367 3586 4447 fuisset,quod
3621 4367 3777 4446 cpis-

357 4463 654 4537 copatum
687 4456 1182 4517 Alexandrinum
1203 4456 1546 4528 invasisset,
1576 4457 1918 4534 furtimque
1935 4456 2264 4517 ordinatus
2287 4458 2521 4530 fuisset,
2547 4459 2712 4536 quod
2741 4459 3121 4519 frumentum
3146 4457 3387 4518 alendis
3417 4457 3624 4517 viduis
3645 4456 3777 4518 des-

357 4547 656 4617 tinatum,
691 4545 755 4604 in
781 4544 1109 4624 preprium
1143 4544 1387 4603 lucrum
1419 4545 1796 4617 divertisset,
1821 4546 1945 4603 Has
1966 4563 2184 4605 omnes
2208 4546 2701 4619 criminationes,
2728 4565 2970 4608 necnon
2993 4552 3234 4607 veteres
3254 4546 3418 4618 illas,
3438 4547 3516 4606 de
3533 4546 3779 4607 Arsenii

361 4652 534 4708 nece,
570 4639 720 4706 etc.,
752 4632 1153 4694 validissimis
1181 4633 1569 4711 argumentis
1599 4634 1932 4693 confutant
1959 4634 2237 4713 [Egyptii
2267 4635 2569 4715 episcopi,
2605 4640 2666 4696 et
2716 4655 2846 4696 una
2873 4636 3025 4696 Pisti
3053 4635 3267 4696 Ariani
3298 4635 3572 4714 episcopi
3605 4635 3777 4696 ordi-

362 4723 684 4784 nationem
715 4722 932 4800 paucis
955 4721 1406 4800 perstringunt.
1432 4724 1575 4782 Haac
1605 4741 1798 4783 causa
1821 4722 1938 4781 fuit
1963 4721 2151 4801 hujus
2175 4724 2400 4802 synodi
2424 4724 2725 4802 cogendas
2752 4742 2765 4795 ;
2794 4743 2919 4802 quo
2941 4730 3154 4784 autem
3177 4741 3344 4784 anno
3366 4741 3441 4784 ea
3463 4723 3781 4784 celebrata

365 4819 428 4873 et
458 4812 594 4872 haec
626 4810 894 4890 epistola
924 4811 1279 4888 conscripta
1309 4811 1409 4881 sit,
1445 4829 1571 4869 non
1599 4811 1893 4871 convenit
1921 4811 2084 4871 inter
2115 4818 2443 4884 auctores;
2481 4812 2740 4891 quidam
2773 4813 2938 4872 enim
2971 4813 3050 4872 ad
3074 4831 3310 4873 annum
3334 4814 3450 4874 339
3473 4813 3776 4882 referunt,

367 4899 474 4962 alii
505 4917 653 4960 vero
684 4899 762 4959 ad
793 4901 914 4959 340
945 4899 1173 4978 quibus
1205 4899 1501 4959 libentius
1530 4900 1927 4960 assentimur.
1963 4899 2287 4977 Siquidem
2318 4919 2395 4960 ex
2426 4900 2564 4978 ipsa
2593 4901 2747 4961 Julii
2777 4901 3045 4980 epistola
3074 4906 3322 4961 constat
3353 4900 3684 4961 Athanasii
3721 4907 3784 4961 et

363 4987 804 5050 Alexandrinas
831 4987 1054 5064 synodi
1075 4988 1318 5064 legatos
1339 5006 1413 5048 eo
1444 4987 1580 5066 ipso
1612 5006 1779 5048 anno
1808 4991 1928 5049 340
1960 4992 2221 5048 Romam
2257 4989 2666 5061 concessisse,
2701 5008 2775 5050 ac
2796 5008 2937 5050 cum
2982 4989 3350 5050 Eusebianis
3386 5007 3778 5067 congressos,

363 5075 676 5156 synodum
707 5094 837 5136 una
865 5093 1005 5135 cum
1029 5076 1152 5135 illis
1183 5076 1564 5153 postulasse:
1592 5075 1762 5154 quod
1787 5076 1850 5134 in
1875 5077 2257 5154 praecedenti
2281 5077 2602 5155 encyclica
2626 5078 2922 5155 epistola,
2948 5097 3115 5139 anno
3139 5080 3249 5138 341
3271 5077 3528 5156 scripta,
3553 5078 3783 5138 diserte

360 5171 632 5228 testatur
686 5165 1109 5236 Athanasius;
1145 5166 1235 5224 ait
1292 5165 1456 5224 enim
1492 5172 1702 5244 πέρυσι,
1730 5163 1795 5223 id
1845 5171 1939 5224 est
1968 5183 2134 5224 anno
2169 5169 2513 5244 praeterito,
2551 5167 2774 5226 fratres
2809 5170 3026 5228 Romae
3049 5167 3360 5246 synodum
3402 5167 3780 5245 postulasse.

357 5257 554 5316 Porro
585 5253 920 5314 verisimile
949 5253 1208 5313 omnino
1239 5259 1332 5314 est
1351 5254 1661 5332 synodum
1687 5259 1749 5314 et
1778 5253 1914 5331 ejus
1935 5252 2312 5331 legationem
2338 5255 2400 5313 in
2421 5255 2714 5315 eumdem
2739 5274 2976 5316 annum
3003 5256 3252 5316 cadere.
3277 5259 3422 5316 Haec
3441 5256 3781 5326 sententia,

363 5343 600 5421 alioqui
624 5341 1154 5421 probabilissima,
1175 5349 1352 5402 extra
1383 5341 1820 5413 dubium'erit,
1849 5343 1898 5401 si
1920 5341 2163 5402 Socrati
2196 5342 2348 5402 fides
2370 5343 2701 5416 habeatur,
2736 5345 2844 5422 qui
2866 5345 3119 5405 Eusebii
3151 5345 3212 5404 in
3245 5344 3454 5404 sedem
3488 5345 3789 5404 Constan-

365 5432 849 5509 tinopolitanam
871 5430 1283 5490 intrusionem
1319 5432 1507 5491 refert
1536 5431 1614 5490 ad
1646 5449 1878 5489 annum
1903 5433 2043 5504 340,
2069 5437 2439 5509 postnecem
2465 5432 3416 5511 scilicetConstantinijunioris.
3443 5436 3599 5494 Cum
3615 5433 3782 5492 enim

369 5520 506 5579 haec
536 5519 803 5598 epistola
831 5520 1004 5579 illam
1036 5520 1287 5580 Eusebii
1316 5520 1704 5580 invasionem
1739 5526 2213 5594 memoret,eam
2246 5539 2372 5580 non
2396 5527 2541 5580 ante
2573 5539 2812 5582 annum
2845 5525 2966 5584 340
2995 5522 3296 5602 scriptam
3319 5522 3508 5582 fuisse
3531 5521 3786 5599 conspi-

370 5625 559 5669 cuum
586 5607 724 5668 erit.

455 5723 582 5806 (62)
614 5726 766 5802 Reg,
799 5728 891 5785 σὺν
914 5731 1071 5804 ἡμῖν.
