4178 6382
383 449 496 516 241
1242 449 1635 518 APOLOGIA
1679 448 1991 517 CONTRA
2041 453 2408 516 ARIANOS.
2444 485 2518 498 —-
2545 446 2938 516 MONITUM.
3675 439 3794 507 242

460 585 566 649 IV.
602 586 900 668 Sequitur
928 591 1147 667 postea
1179 589 1444 669 epistola
1473 590 1621 652 Julii
1654 589 1730 650 ad
1763 589 2148 649 Eusebianos
2173 589 2468 667 praesules
2501 587 2606 667 qui
2639 585 2991 647 Antiochiae
3025 581 3337 662 synodum
3370 577 3787 645 celebrarant,

379 697 538 757 quos
569 679 867 757 objurgat
896 679 1064 756 quod
1095 679 1212 739 sibi
1244 687 1530 758 proterve
1564 681 2045 758 rescripsissent,
2083 686 2142 738 et
2175 679 2344 756 quod
2386 680 2463 738 ad
2498 677 2805 756 synodum
2863 692 3052 753 quam
3088 671 3340 751 ipsimet
3369 669 3795 758 postulassent

376 769 672 829 accedere
704 769 1089 829 renuissent:
1127 757 1481 848 purgatque
1502 757 1914 829 Athanasium
1937 788 1972 827 a
1997 768 2242 846 jamdiu
2262 768 2522 844 objectis
2540 764 3104 832 criminationibus,
3131 779 3375 820 necnon
3401 757 3794 819 Marcellum-

373 857 801 936 Ancyranum,
838 857 1167 935 Asclepam
1201 859 1562 930 Gazensem,
1588 859 1870 936 aliosque
1901 858 2230 935 episcopos
2261 857 2341 915 ab
2377 855 2743 915 Eusebianis
2775 854 2905 912 dire
2937 857 3216 923 vexatos,
3252 867 3409 926 quos
3432 866 3468 906 a
3517 851 3651 906 tota
3681 863 3785 922 sy-

375 946 544 1005 nodo
567 946 648 1005 ad
681 945 1348 1024 communionemjure
1367 953 1651 1025 receptos
1683 946 1922 1007 ait.Sed
1950 945 2277 1023 complura
2307 945 2368 1003 in
2395 944 2513 1002 hac
2535 943 2800 1021 epistola
2826 941 3309 1015 habentur,quae
3331 936 3793 1025 ingentes-con—

375 1035 714 1095 troversias
746 1035 916 1113 apud
939 1035 1134 1096 nostri
1165 1022 1278 1095 aevi
1310 1022 1643 1115 scriptores
1675 1037 2051 1096 excitarunt.
2076 1022 2387 1106 Quae-ritur
2417 1033 2580 1092 enim
2609 1049 2770 1109 :quo
2794 1049 2957 1090 anno
2986 1025 3567 1119 Romanasynodus
3591 1022 3669 1080 sit
3697 1038 3795 1119 ce-

375 1121 643 1196 lebrata,
678 1129 740 1183 et
769 1109 904 1184 haec
943 1124 1210 1202 epistola
1242 1109 1634 1204 conscripta:
1673 1143 1751 1184 an
1783 1123 2006 1203 synodi
2037 1123 2178 1183 dure
2214 1121 2597 1182 Athanasius
2628 1126 2770 1198 post
2803 1137 2988 1208 suum
3016 1135 3105 1208 ex.
3127 1113 3341 1208 Galliis
3374 1111 3646 1208 reditum
3696 1109 3793 1208 bis

378 1213 646 1272 Romam
670 1212 942 1291 petierit,
979 1200 1041 1272 et
1070 1231 1148 1272 an
1181 1200 1528 1273 octodecim
1554 1200 2004 1290 menses,'quos
2036 1231 2178 1272 eum
2213 1214 2425 1270 Romae
2460 1214 2920 1269 commoratum
2970 1204 3172 1265 Julius
3206 1206 3493 1291 testatur,
3527 1200 3606 1291 ab
3634 1200 3796 1291 _cj_us

374 1300 583 1379 primo
620 1286 882 1362 Romam
915 1302 1189 1361 adventu
1216 1302 1486 1362 ducendi
1521 1303 1644 1363 sint
1669 1320 1681 1362 :
1710 1286 1987 1381 quonam
2015 1307 2299 1379 tempore
2320 1298 2606 1377 Elpidius
2635 1303 2698 1357 et
2719 1297 3103 1356 Philoxenus
3126 1290 3476 1370 presbyteri
3506 1288 3594 1381 ab
3625 1286 3792 1346 Julio

371 1376 669 1468 pontiﬁce
701 1391 780 1450 ad
810 1391 1197 1452 Eusebianos
1229 1392 1627 1452 Antiochiam
1663 1376 1833 1452 missi
1865 1391 2008 1450 sint.
2044 1376 2306 1451 Omissis
2338 1376 2526 1448 variis
2550 1387 2968 1447 recenliorum
3001 1381 3346 1451 sententiis,
3383 1397 3459 1438 ex
3500 1376 3782 1468 Athana-

371 1465 464 1539 sio
495 1478 656 1557 ipso,
691 1498 728 1539 a
751 1498 877 1558 quo
901 1480 1034 1540 solo
1066 1481 1177 1540 lux
1206 1481 1270 1540 in
1301 1482 1491 1541 tantis
1522 1482 1794 1542 tenebris
1817 1480 1966 1541 oriri
1996 1485 2210 1558 queat,
2247 1484 2481 1538 rectam
2515 1476 2796 1536 historiae
2855 1474 3080 1535 seriem
3113 1476 3174 1530 et
3207 1476 3561 1547 temporum
3608 1465 3796 1525 ratio-

373 1585 518 1627 nem
542 1572 818 1629 statuere
850 1569 1242 1629 conabimur.

446 1657 520 1715 V.
556 1657 962 1734 Presbyteros
994 1658 1074 1718 ab
1104 1659 1455 1720 Athanasio
1485 1664 1547 1720 et
1577 1679 1614 1719 a
1647 1659 1886 1739 synodo
1918 1656 2344 1720 Alexandrina
2371 1659 2633 1716 Romam
2659 1653 2880 1714 missos
2902 1670 3042 1711 cum
3066 1643 3792 1739 Eusebiilegatis-c‘oram

369 1743 538 1805 Julio
571 1731 871 1823 pontiﬁce
901 1765 1066 1807 anno
1099 1748 1216 1806 340
1246 1767 1614 1825 congressos
1645 1731 1777 1808 esse
1801 1749 1938 1826 jam
1992 1747 2289 1818 diximus,
2343 1763 2545 1822 neque
2578 1763 2674 1803 res
2729 1744 2792 1802 in
2824 1741 3087 1801 dubium
3111 1736 3271 1798 verti
3302 1751 3489 1814 posse
3522 1731 3793 1826 videtur.

371 1820 669 1911 Utrisque
699 1838 912 1894 autem
939 1835 1164 1913 legatis
1193 1835 1256 1896 id
1286 1820 1664 1914 petentibus,
1701 1820 1976 1916 synodus
2012 1839 2222 1896 Romae
2255 1820 2557 1895 asum'mo
2589 1833 2886 1911 pontifice
2918 1829 3236 1899 indicitur,
3274 1831 3342 1916 ut
3377 1826 3648 1916 testatur
3681 1820 3795 1880 Ju-

367 1919 494 1980 lius
523 1921 588 1980 in
620 1920 740 1982 hac
773 1911 1058 2000 epistola,
1095 1942 1249 1984 num
1289 1911 1394 1985 33.
1449 1911 1785 1986 Eusebiani
1815 1944 1962 1986 vero
2000 1943 2210 1985 rerum
2233 1943 2270 1983 a
2301 1942 2365 1983 se
2395 1922 2683 2000 improbe
2715 1926 3035 1999 gestarum
3087 1911 3478 2009 conscientia
3645 1926 3795 2009 fixa-

378 2009 580 2088 gitati,
610 2016 678 2070 ut
728 1997 1028 2072 Romanae
1059 2014 1283 2092 synodi
1331 2015 1651 2075 decretum
1697 2019 2169 2094 praeverterent,
2205 1997 2554 2073 Antiochiae
2606 1997 2989 2070 conveniunt
3019 2007 3200 2097 initio
3232 2002 3550 2097 anni.34i,
3585 1997 3800 2097 ibique

382 2085 696 2177 synodum
730 2085 1186 2175 celebrantfde
1218 2122 1342 2180 qua
1381 2104 1665 2183 pluribus
1696 2085 1758 2163 in
1789 2105 1949 2164 libro
1982 2103 2069 2164 De
2099 2102 2339 2184 synodz’s
2389 2119 2647 2179 agemus
2678 2118 2690 2160 :
2718 2099 2868 2159 hinc
2901 2096 3270 2184 Gregorium
3303 2090 3606 2184 Arianum
3639 2085 3800 2145 mili-

381 2187 503 2247 tari
538 2207 727 2247 manu
758 2190 1056 2268 stipatum
1091 2179 1536 2253 Alexandriam
1560 2195 1922 2272 episcopum
1958 2179 2237 2262 mittunt,
2264 2190 2398 2268 ejus
2431 2191 2704 2249 furorem
2740 2195 2807 2248 ut
2845 2188 3072 2247 vitaret
3102 2179 3506 2272 Athanasius,
3528 2180 3797 2272 Romam

388 2293 453 2335 se
484 2277 770 2364 contulit,
809 2265 949 2357 post
970 2280 1198 2340 festum
1228 2281 1487 2341 Pascth
1519 2265 1798 2360 ejusdem
1832 2282 1982 2341 anni
2011 2284 2151 2342 3M.
2206 2265 2562 2356 De'duplici
2595 2285 2808 2337 autem
2841 2276 2976 2354 ejus
3007 2278 3269 2364 Romam
3302 2265 3690 2364 profectione
3722 2280 3799 2321 ne

387 2363 650 2424 verbum
680 2367 935 2443 quidem
967 2369 1139 2446 apud
1167 2359 1583 2431 Athanasium
1615 2371 1914 2449 reperias,
1951 2370 2096 2430 licet
2135 2369 2371 2447 pluries
2416 2368 2521 2427 ille
2551 2367 2628 2426 de
2661 2385 2772 2426 suo
2806 2369 3067 2426 Romam
3102 2362 3376 2422 adventu
3411 2359 3798 2449 mentionem

386 2451 576 2513 faciat
604 2459 666 2514 et
695 2457 968 2516 maxime
998 2445 1059 2516 in
1089 2459 1385 2539 Apologia
1415 2459 1494 2520 ad
1523 2445 1959 2532 Constantium,
1983 2460 2086 2518 ubi
2116 2445 2213 2518 res
2237 2477 2273 2517 a
2294 2475 2358 2517 se
2390 2463 2538 2516 tunc
2563 2455 2863 2534 temporis
2893 2460 3099 2531 gestas
3131 2449 3351 2511 ordine
3380 2447 3664 2539 recenset
3690 2459 3704 2513 ;
3728 2445 3800 2539 ut

387 2540 616 2601 mirum
678 2544 756 2602 sit
788 2546 1067 2606 eruditos
1095 2534 1459 2619 viros,veum
1493 2549 1588 2609 bis
1623 2552 1886 2609 Romam
1915 2548 2158 2608 venisse
2190 2547 2365 2606 nulla
2395 2551 2659 2623 cogente
2692 2545 3057 2604 necessitate
3097 2541 3509 2601 existimasse.
3553 2535 3677 2629 Nec
3708 2534 3803 2629 est

386 2631 558 2708 quod
590 2633 865 2693 Socratis
890 2635 1245 2696 testimonio
1277 2656 1666 2710 moveamur,
1699 2638 1808 2715 qui
1856 2638 2170 2716 duplicem
2220 2635 2550 2696 Athanasii
2583 2637 2843 2694 Romam
2877 2631 3328 2713 profectionem
3361 2624 3710 2719 memorat:
3745 2624 3799 2719 is

386 2719 552 2778 enim
587 2725 832 2782 tantum
865 2724 1052 2784 rebus
1084 2724 1344 2803 hujusce
1375 2727 1675 2804 temporis
1697 2710 1879 2787 affert
1909 2710 2551 2804 perturbationemmt
2580 2724 2683 2782 vix
2707 2710 3053 2801 quidquam
3079 2719 3232 2781 certi
3259 2737 3335 2777 ex
3367 2717 3502 2794 ejus
3530 2710 3804 2771 Historia

389 2808 582 2868 statui
615 2812 834 2888 possit,
869 2814 1037 2890 quod
1072 2813 1239 2873 infra
1287 2815 1576 2893 pluribus
1606 2816 2101 2876 demonstratur.
2135 2814 2498 2876 Octodecim
2533 2819 2743 2872 autem
2781 2811 3118 2881 mensium,
3152 2826 3310 2886 quos
3345 2808 3802 2893 Romaeversa-

390 2899 519 2956 tum
552 2906 864 2961 memorat
890 2889 1118 2975 Julius,
1152 2889 1396 2963 initium
1430 2905 1769 2966 rectissime
1800 2905 2051 2965 ducitur
2080 2904 2159 2964 ab
2192 2902 2325 2982 ejus
2356 2908 2498 2981 post
2521 2901 2804 2979 Gregorii
2834 2899 3224 2960 invasionem
3259 2898 3473 2956 Roma:
3500 2889 3801 2958 adventu,

387 2989 457 3044 ut
489 3004 564 3046 ex
595 2990 1000 3067 sequentibus
1031 2992 1242 3070 palam
1267 2993 1404 3052 erit.

464 3077 568 3137 VI.
601 3079 754 3138 Cum
784 3082 1048 3139 Romam
1079 3081 1433 3141 advenisset
1461 3082 1864 3154 Athanasius,
1886 3082 2090 3144 Julius
2112 3100 2280 3160 papa
2302 3081 2546 3157 legatos
2571 3079 2736 3139 misit
2763 3079 3081 3157 Elpidium
3104 3081 3164 3137 et
3185 3075 3603 3137 Philoxenum
3631 3081 3801 3160 pres-

386 3161 662 3242 byteros,
698 3166 776 3226 ab
806 3169 1193 3229 Eusebianos
1227 3170 1575 3231 Antiochia:
1606 3153 1879 3243 coactos,
1913 3153 2141 3249 quibus
2163 3153 2327 3230 diem
2362 3153 2610 3229 dicebat
2657 3174 2725 3228 ut
2755 3153 2885 3228 sese
2917 3169 2997 3228 ad
3029 3167 3337 3245 synodum
3373 3165 3601 3249 Romae
3638 3153 3800 3214 cele-

387 3250 699 3314 brandam
749 3257 1128 3330 conferrent,
1163 3258 1239 3318 de
1270 3259 1458 3319 rebus
1514 3266 1736 3319 contra
1764 3246 2178 3320 Athanasium
2231 3259 2418 3336 gestis
2449 3259 2758 3318 rationem
2803 3256 3130 3318 reddituri.
3167 3258 3361 3315 Porro
3414 3246 3799 3328 legationem

386 3339 625 3420 Elpidii
656 3350 718 3403 et
745 3345 1096 3418 Philoxeni,
1134 3354 1275 3426 post
1306 3349 1588 3422 Gregorii
1618 3349 2030 3408 intrusionem
2066 3354 2126 3408 et
2160 3354 2300 3425 post
2341 3347 2664 3407 Athanasii
2701 3349 2963 3406 Romam
2998 3346 3337 3404 adventum
3371 3342 3604 3399 factam
3641 3348 3796 3403 esse,

388 3435 658 3489 testatur
686 3433 818 3509 ipse
839 3435 1220 3496 Athanasius
1250 3437 1312 3495 in
1348 3437 1623 3516 Epistola
1653 3437 1734 3497 ad
1759 3437 2077 3508 solz'tarz'os,
2114 3455 2240 3496 non
2276 3437 2460 3513 longe
2494 3436 2572 3494 ab
2607 3435 2805 3495 initio.
2849 3433 3058 3511 Legati
3086 3432 3258 3504 Julii,
3292 3429 3400 3508 qui
3431 3427 3598 3486 circa
3621 3437 3800 3516 men-

389 3534 525 3576 sem
555 3518 788 3579 Maium
819 3524 966 3582 anni
996 3527 1105 3583 341
1136 3527 1336 3584 Roma
1364 3515 1627 3602 profecti
1659 3532 1827 3597 sunt,
1855 3526 2019 3585 ultra
2049 3525 2408 3585 condictum
2443 3523 2605 3584 diem
2640 3525 2718 3583 ab
2751 3523 3118 3584 Eusebianis
3141 3518 3399 3590 detenti,
3432 3531 3640 3602 mense
3658 3515 3800 3568 tan-

387 3608 525 3696 tum
556 3609 857 3670 Januario
889 3613 1037 3671 anni
1069 3616 1186 3673 342
1218 3601 1652 3674 ευηῐίόίῐηὶεεί.
1688 3615 1854 3686 Quos
1907 3614 2112 3673 media
2143 3613 2350 3672 hieme
2379 3613 2692 3691 profectos
2722 3612 3056 3671 verisimile
3089 3616 3183 3670 est
3221 3608 3454 3668 diutius
3484 3605 3546 3663 in
3576 3601 3803 3696 itinere

388 3692 604 3756 fuisse.
642 3700 904 3758 Romam
940 3720 1081 3761 cum
1113 3703 1594 3763 advenissentet
1616 3704 2114 3763 Eusebianorum
2148 3687 2398 3762 litteras
2429 3702 2809 3778 arrogantiae
2860 3709 2922 3761 et
2953 3701 3351 3779 querelarum
3384 3696 3603 3774 plenas
3635 3687 3806 3749 Julio

390 3782 790 3857 obtulissent,
828 3791 1148 3849 Romanus
1198 3792 1500 3869 pontifex,
1538 3811 1614 3852 ne
1643 3793 1861 3852 Patres
1891 3791 1980 3851 ibi
2032 3810 2296 3851 numero
2329 3793 2406 3850 50
2438 3792 2638 3850 coacti
2670 3791 3170 3851 Eusebianorum
3207 3785 3589 3868 proterviam
3641 3793 3807 3854 aegre

387 3871 647 3960 ferrent,
681 3875 920 3936 litteras
950 3879 1347 3957 aliquantum
1379 3881 1680 3959 temporis
1701 3881 1871 3960 apud
1903 3899 1966 3940 se
1997 3881 2289 3952 servavit,
2328 3885 2394 3939 ut
2425 3881 2556 3958 ipse
2589 3881 2651 3938 in
2684 3880 2951 3958 epistola
2982 3899 3096 3939 sua
3127 3884 3413 3947 testatur,
3449 3883 3805 3960 speransex

392 3959 762 4022 Eusebianis
794 3956 1102 4042 quosdam
1137 3968 1390 4028 tandem
1413 3956 1710 4030 venturos
1741 3956 1872 4030 esse
1904 3977 1965 4028 et
1994 3969 2073 4028 ad
2107 3968 2428 4028 meliorem
2449 3956 2812 4046 frugem—se
2845 3975 3229 4048 recepturos.
3264 3964 3385 4026 Sed
3416 3980 3559 4023 cum
3595 3956 3807 4048 nullus

395 4050 741 4124 accederet,
779 4051 1021 4113 litteras
1052 4057 1305 4115 tandem
1339 4058 1631 4118 Patribus
1661 4078 1735 4119 eo
1767 4059 2165 4136 congregatis
2196 4058 2462 4136 aperuit.
2501 4043 2657 4117 Hinc
2693 4043 3006 4136 synodus,
3027 4055 3401 4117 examinatis
3451 4043 3804 4136 Athanasii,

394 4137 698 4212 Marcelli,
733 4141 1012 4221 Asclepaa
1036 4143 1432 4224 aliorumque
1455 4133 2148 4225 episcoporum—causis,
2187 4133 2292 4206 eos
2352 4146 2506 4204 nulli
2555 4166 2632 4205 ex
2665 4133 2929 4224 objectis
2960 4145 3328 4206 criminibus
3359 4137 3666 4201 obnoxios
3697 4133 3808 4225 de-

394 4225 680 4297 claravit,
718 4234 778 4288 et
810 4231 888 4289 ad
921 4222 1429 4294 communionem
1463 4222 1738 4309 admisit,
1772 4236 2067 4313 Julioque
2098 4236 2394 4314 episcopo
2427 4254 2643 4295 curam
2705 4222 2959 4314 reliquit
2988 4233 3356 4295 Eusebianis
3402 4222 3806 4289 rescribendi.

393 4315 594 4375 Porro
625 4315 979 4394 legatorum
1014 4339 1191 4381 mora
1222 4322 1282 4381 in
1317 4328 1490 4383 tanto
1521 4324 1742 4383 itinere
1775 4323 2038 4384 adversa
2069 4329 2442 4402 tempestate
2475 4324 2902 4395 conficiendo;
2942 4324 3110 4382 haud
3144 4321 3456 4381 modicum
3481 4315 3635 4377 illud
3659 4318 3812 4372 tem-

393 4422 514 4481 pus
544 4423 670 4482 quo
701 4407 939 4468 litteras
963 4428 1000 4469 a
1029 4410 1252 4487 legatis
1274 4411 1518 4472 oblatas
1549 4414 1717 4490 apud
1736 4432 1800 4472 se
1831 4413 2033 4473 Julius
2064 4413 2321 4473 retinuit
2353 4432 2365 4484 ;
2400 4419 2645 4492 tempus
2677 4413 2827 4472 item
2861 4432 2896 4471 a
2920 4412 3160 4490 synodo
3187 4415 3468 4471 Romana
3522 4404 3807 4492 insump-

393 4498 529 4551 tum
553 4493 616 4552 in
641 4497 1078 4558 examinandis
1110 4500 1438 4561 Athanasii
1468 4488 1865 4580 alio—rumque
1897 4501 2240 4562 multorum
2275 4501 2500 4572 causis,
2532 4488 2650 4560 hos
2682 4501 2862 4560 facile
2886 4488 3197 4559 deducent
3217 4517 3253 4557 a
3278 4513 3487 4556 mense
3508 4488 3810 4554 Januario

394 4582 544 4640 anni
575 4584 712 4656 342,
751 4603 877 4662 quo
908 4587 1102 4665 legati
1131 4589 1469 4649 Antiochia
1504 4590 1769 4668 profecti
1801 4597 1970 4663 sunt,
2024 4591 2108 4650 ad
2137 4590 2472 4652 Octobrem
2505 4590 2599 4649 vel
2638 4590 3053 4649 Novembrem
3086 4588 3366 4667 ejusdem
3401 4582 3568 4644 anni.
3595 4581 3812 4668 quue

393 4674 581 4746 pacto
612 4674 1034 4736 conﬁciuntur
1062 4679 1409 4738 octodecim
1443 4667 1684 4739 menses
1716 4698 1872 4757 quos
1902 4679 2281 4740 Athanasius
2304 4682 2518 4739 Romae
2551 4685 2977 4738 commoratus
3007 4683 3353 4754 est,nempc
3386 4693 3421 4733 a
3454 4687 3664 4732 mense
3689 4667 3810 4727 cir-

397 4758 551 4818 citer
581 4761 745 4822 Maio
777 4764 926 4824 anni
954 4768 1097 4839 341,
1149 4785 1274 4843 quo
1309 4773 1590 4846 tempore
1629 4787 1772 4827 cum
1804 4768 1952 4827 illuc
1984 4768 2308 4828 advenisse
2349 4773 2588 4828 certum
2624 4775 2738 4837 est,
2773 4767 2852 4826 ad
2885 4766 3215 4828 Octobrem
3250 4763 3349 4823 vel
3394 4758 3812 4821 Novembrem

400 4849 549 4908 anni
576 4851 720 4921 342,
747 4871 872 4930 quo
901 4853 1106 4914 Julius
1136 4856 1504 4917 Eusebianis
1525 4857 1873 4917 rescribens
1902 4857 2318 4918 Athanasium
2353 4876 2463 4937 per
2495 4876 2733 4917 annum
2765 4861 2825 4916 et
2857 4855 3185 4916 dimidium
3220 4855 3432 4913 Roma)
3460 4864 3811 4911 commora—

401 4942 534 4996 tum
558 4943 846 5001 testatur.
880 4944 1030 5014 Quae
1059 4945 1211 5005 item
1242 4946 1360 5006 fuit
1386 4947 1614 5007 Valesii
1644 4946 1976 5006 sententia.

480 5027 609 5088 VII.
636 5030 848 5108 Neque
881 5031 1089 5092 minus
1121 5039 1360 5094 certum
1393 5035 1641 5096 videtur
1669 5034 1920 5095 unicam
1952 5039 2198 5094 tantum
2232 5054 2346 5113 pro
2377 5034 2705 5095 Athanasii
2738 5054 2927 5094 causa
2960 5032 3268 5113 synodum
3295 5035 3506 5092 Romae
3530 5029 3814 5087 coactam

398 5114 610 5177 fuisse.
649 5120 848 5190 Quam
900 5119 1066 5180 enim
1149 5122 1531 5184 celebratam
1583 5123 1868 5184 nonnulli
1917 5123 2138 5182 volunt
2194 5142 2360 5184 anno
2391 5125 2533 5196 340,
2596 5129 2932 5202 postquam
2997 5122 3330 5194 Macarius,
3365 5114 3722 5196 Martyrius,
3757 5119 3819 5172 et

400 5205 748 5284 Hesychius
777 5208 858 5268 ab
886 5211 1158 5272 Eusebio
1190 5213 1381 5290 legati
1413 5217 1675 5274 Romam
1715 5212 2050 5284 venissent,
2087 5213 2326 5272 nullam
2362 5214 2548 5273 fuisse
2579 5231 2655 5273 ex
2679 5213 2829 5291 ipsis
2853 5212 3026 5273 Jullii
3067 5211 3270 5271 verbis
3300 5208 3512 5288 palma
3533 5210 3647 5266 est.
3689 5203 3815 5264 Ob-

391 5292 613 5373 jurgat
634 5296 799 5358 enim
830 5297 1034 5359 Julius
1066 5301 1474 5375 Eusebianos,
1510 5303 1680 5381 quod
1713 5301 1792 5361 ad
1823 5301 2134 5380 synodum
2169 5304 2514 5362 Romanam
2576 5302 2872 5361 accedere
2904 5301 3274 5372 renuissent,
3327 5315 3516 5376 quam
3565 5292 3820 5373 ipsimet

398 5384 493 5444 sui
524 5384 718 5463 legati
749 5387 1194 5466 postulassent.
1231 5393 1318 5450 De
1347 5411 1494 5469 qua,
1529 5410 1763 5470 quaeso,
1801 5389 2042 5468 synodo
2075 5389 2175 5450 hic
2208 5391 2338 5468 agit
2368 5392 2594 5466 Julius,
2631 5390 2748 5450 nisi
2771 5391 2848 5450 de
2881 5409 2954 5449 ea
2984 5408 3175 5467 quam
3209 5385 3578 5450 Eusebianis
3609 5387 3819 5462 postu-

398 5471 698 5547 lantibus,
729 5475 863 5554 ipse
895 5495 1006 5556 per
1035 5477 1276 5556 legatos
1306 5498 1457 5540 suos
1483 5481 1563 5540 ad
1586 5499 1819 5540 annum
1853 5482 1958 5539 341
1999 5479 2335 5553 indixerat,
2365 5499 2506 5558 quz‘e
2538 5481 2617 5541 ob
2648 5480 3144 5540 Eusebianorum
3205 5473 3668 5539 contumaciam
3703 5471 3814 5531 ad-

399 5563 518 5622 342
549 5562 746 5624 dilata
768 5566 900 5625 est?
933 5567 1101 5645 quod
1133 5585 1208 5627 ex
1236 5569 1386 5628 Julii
1419 5569 1622 5629 verbis
1655 5587 1832 5628 num.
1855 5572 1935 5630 30
1956 5568 2195 5647 liquido
2228 5575 2474 5629 constat
2501 5589 2513 5640 ;
2549 5569 2956 5646 conqueritur
2980 5568 3144 5628 enim
3169 5567 3269 5626 ille
3294 5565 3455 5644 qnod
3482 5559 3820 5623 Eusebiani

391 5651 702 5730 judicium
739 5671 776 5712 a
805 5673 869 5715 se
899 5655 1150 5716 indictae
1181 5658 1404 5735 synodi
1434 5658 1936 5736 prreverlissent;
1973 5663 2428 5735 prreverterunt
2455 5665 2687 5730 autem,
2720 5663 2785 5716 ut
2809 5658 2869 5716 in
2901 5658 3188 5717 confesso
3223 5654 3393 5733 apud
3425 5669 3643 5712 omnes
3701 5655 3814 5719 est,

396 5739 464 5800 in
494 5741 737 5820 synodo
769 5742 1164 5806 Antiochena
1194 5746 1372 5807 initio
1404 5747 1554 5806 anni
1583 5749 1723 5820 341,
1756 5747 2013 5824 quando
2047 5747 2416 5824 Gregorium
2440 5747 2888 5808 Alexandriam
2913 5747 3282 5826 episcopum
3319 5743 3642 5802 miserunt.
3662 5739 3818 5798 Hine

399 5829 613 5908 palam
646 5835 761 5906 est,
795 5833 1105 5911 synodum
1129 5854 1320 5915 quam
1350 5835 1554 5898 Julius
1575 5855 1742 5897 anno
1773 5835 1892 5895 340
1920 5835 2254 5910 indixerat,
2281 5854 2404 5896 non
2429 5837 2674 5897 eodem.
2706 5836 2813 5896 sed
2846 5836 3133 5914 sequenti
3157 5853 3322 5895 anno
3373 5826 3815 5891 celebrandam

396 5917 612 5996 fuisse,
643 5937 786 6000 quae
824 5926 1033 5984 tamen
1064 5924 1145 5988 ob
1165 5925 1664 5988 Eusebianorum
1697 5924 2076 6005 protei-viam
2109 5926 2188 5987 ad
2213 5944 2447 5986 annum
2471 5929 2587 5986 342
2612 5925 2807 5988 dilata
2828 5931 2939 5986 est.
2959 5926 3138 5986 Certe
3160 5943 3238 5986 ne
3269 5920 3526 5985 verbum
3561 5916 3812 5996 quidem
