4178 6378
309 466 433 530 245
1162 470 1554 535 APOLOGIA
1596 467 1912 535 CONTRA
1953 468 2330 534 ARIANOS.
2363 503 2441 513 —
2483 465 2880 532 MONITUM.
3611 448 3731 519 246

308 603 390 666 ad
417 601 792 685 Dionysium
841 603 1159 679 comitem,
1213 625 1354 685 quae
1385 607 1553 686 quod
1614 606 1993 686 praecedenti
2025 604 2345 664 simillima
2393 608 2555 664 esset
2603 622 2679 663 ex
2708 596 3143 681 compluribus
3185 611 3333 686 mss.
3379 590 3724 686 exciderat:

308 698 525 767 Sexta,
550 679 914 755 eorumdem
976 695 1194 756 eadem
1233 679 1328 755 -de
1380 679 1442 756 re
1473 697 1551 756 ad
1581 679 1947 772 Dionysium
1979 694 2293 755 comitem.
2332 694 2633 770 Septima,
2667 679 3006 750 Alexandri
3031 682 3610 772 Thessalonicensis
3641 679 3721 741 ad

308 783 599 843 eumdem
621 784 1149 863 Dionysium,qua
1170 789 1438 845 testatur
1459 804 1522 846 se
1545 770 2073 863 conspirationem
2107 782 2405 842 adversus
2435 780 2847 841 Athanasium
2880 783 3182 870 structam
3219 770 3731 870 deprehendisse.

308 873 547 935 Octava
575 861 857 951 Dionysii
886 861 1134 934 comitis
1161 873 1241 934 ad
1273 861 1875 952 Eusebianosfquos
1898 873 1975 934 de
2003 872 2226 933 litteris
2250 870 2328 931 ab
2362 868 2716 932 Alexandro
2746 862 3289 930 Thessalonicensi
3321 861 3402 923 ad
3435 877 3499 920 se
3531 861 3734 919 missis

308 960 612 1022 certiores
640 962 811 1023 facit.

389 1084 547 1146 XIII.
573 1085 809 1146 Deinde
832 1086 940 1146 ubi
970 1105 1149 1148 suam
1178 1091 1343 1167 Tyro
1375 1090 1591 1168 fugam
1623 1088 1961 1161 enarravit,
1999 1087 2190 1147 refert
2239 1085 2570 1165 epistolam
2602 1080 3066 1174 pseudosynodi
3116 1073 3727 1174 Hierosolymitanee,

310 1193 454 1253 quae
491 1174 767 1234 Ariuma
815 1194 879 1235 se
919 1176 999 1235 ad
1047 1179 1556 1239 communionem
1608 1184 1895 1258 recptum
1953 1179 2265 1237 testantur
2312 1174 2589 1252 episcopi
2642 1170 3015 1232 Euscbiani:
3054 1170 3514 1258 utrumitau‘tem
3546 1167 3730 1221 Arius

307 1243 756 1333 haeresiarcha,
786 1263 880 1324 vel
903 1265 1062 1325 alter
1090 1267 1272 1326 Arius
1301 1272 1448 1327 tunc
1477 1268 1558 1328 ad
1589 1243 2095 1328 communionem
2122 1264 2200 1324 sit
2216 1263 2548 1334 admissus,
2582 1260 2815 1321 ihidem
2838 1260 3260 1351 disputamus.
3278 1243 3541 1351 Exinde,
3583 1267 3727 1351 cum

308 1351 374 1412 in
410 1352 761 1436 mercedem
794 1354 1224 1433 sycophantiae
1254 1356 1590 1416 Eusebiani
1616 1356 2058 1436 episcopatum
2090 1353 2366 1430 Ischyrse
2397 1352 2459 1410 in
2491 1349 2768 1428 quodam
2801 1347 2939 1406 vico
2971 1343 3732 1436 constituissent,_episto-

304 1440 434 1501 lam
485 1434 739 1520 subjicit
795 1427 995 1503 Elavii
1055 1444 1313 1505 Himerii
1351 1427 1675 1506 Catholici.
1710 1445 1787 1504 ad
1820 1427 2181 1503 exactorem
2215 1427 2544 1511 Mareotes,
2590 1438 2691 1499 cui
2717 1454 2937 1496 curam
2970 1432 3268 1527 Ecclesiae
3321 1447 3438 1527 pro
3469 1427 3731 1527 Ischyr-a

308 1516 696 1590 aediﬁcandae
751 1530 1115 1592 demandat.
1178 1537 1352 1594 Hanc
1381 1534 1610 1613 excipit
1643 1532 1912 1611 epistola
1955 1530 2353 1592 Constantini
2386 1528 2599 1607 Magni
2630 1527 2724 1618 ad
2742 1527 3083 1618 episcopos
3098 1518 3437 1618 ITyriensis.
3476 1516 3725 1618 synodi,

304 1637 467 1697 quos
497 1620 759 1679 accersit
789 1638 999 1681 rerum
1060 1641 1096 1682 a
1118 1640 1183 1683 se
1232 1627 1454 1683 contra
1485 1606 1903 1683 Athanasium
1933 1625 2252 1699 gestarum
2279 1606 2587 1679 rationem
2622 1615 2999 1675 reddituros.
3038 1612 3213 1706 Hine,
3242 1607 3475 1706 paucis
3506 1606 3728 1706 desuo

304 1693 373 1767 in
406 1708 637 1768 Gallias
666 1708 886 1770 exsilio
916 1711 1245 1785 enarratis,
1272 1712 1460 1772 refert
1491 1712 1713 1771 ultimo
1744 1693 2075 1789 epistolam
2100 1707 2491 1772 Constantini
2520 1705 3035 1796 Junioris,_quam
3080 1700 3133 1759 is
3153 1696 3502 1796 ingrati‘am
3532 1693 3729 1796 Atha:

306 1796 470 1857 nasii
502 1797 582 1857 ab
612 1797 831 1858 exsilio
862 1799 1181 1861 redeuntis
1211 1784 1292 1861 ad
1322 1784 1995 1862 Alexandrinos—misit.
2020 1800 2289 1859 Domum
2322 1796 2539 1876 paucis
2568 1793 2928 1874 Apologz'am
2959 1808 3137 1850 suam
3178 1785 3439 1856 claudit,
3489 1801 3631 1863 quae
3654 1784 3731 1842 36

306 1884 410 1945 vel
444 1884 742 1965 epistolas
773 1887 871 1947 vel
896 1888 1021 1948 alia
1055 1896 1465 1950 monumenta
1495 1888 1963 1968 complectitur.

392 2010 549 2071 XIV.
584 2012 677 2071 Ex
706 2011 826 2072 hac
848 2012 1039 2089 igitur
1059 2013 1356 2094 Apologia
1398 2014 1573 2075 velut
1602 2032 1677 2074 ex
1705 2013 2041 2092 purissimo
2075 2012 2245 2072 fonte
2275 2027 2425 2072 vera
2453 2004 2889 2098 saeculiquarti
2912 2002 3174 2098 historia
3190 1996 3631 2098 ecclesiastica
3647 1995 3728 2055 ab

308 2116 478 2159 anno
506 2100 623 2161 300
652 2101 732 2161 ad
790 2084 909 2164 356
937 2106 1031 2162 est
1082 2084 1454 2163 haurienda.
1508 2084 1831 2181 Siquidem
1862 2100 2240 2161 Athanasius
2271 2098 2566 2159 omnibus
2596 2084 2732 2157 aliis
2762 2094 2954 2173 hujus
2988 2089 3263 2181 historiae
3293 2084 3730 2181 scriptoribus

306 2187 496 2265 longe
526 2188 869 2268 praecellit;
900 2195 1034 2250 tum
1057 2192 1227 2270 quod
1256 2192 1389 2270 ipse
1419 2176 1708 2253 oculatus
1732 2191 2105 2270 plerumque
2127 2189 2301 2249 testis
2331 2187 2540 2259 fuerit,
2580 2197 2714 2246 tum
2746 2185 2915 2264 quod
2948 2176 3414 2270 accuratissime
3458 2192 3558 2270 res
3587 2190 3730 2250 ges-

304 2280 403 2337 tas
460 2265 733 2351 enarret,
767 2284 829 2338 et
872 2280 1011 2358 ipsa
1042 2265 1475 2353 monumenta,
1536 2265 1765 2359 quibus
1823 2278 1980 2339 nihil
2001 2265 2227 2351 iutius,
2271 2295 2437 2355 saepe
2493 2275 2735 2337 afferat.
2764 2276 3232 2362 Econtravero
3267 2265 3724 2362 alii-auctores,

304 2363 575 2425 Ruﬁnus
630 2354 917 2445 nempe,‘
941 2369 1249 2441 Socrates,
1288 2354 1674 2431 Sozomenus
1707 2375 1768 2429 et
1826 2368 2267 2429 Theodoretus
2287 2354 2648 2427 cautissime
2701 2368 2849 2423 sunt
2881 2356 3250 2428 adhidendi,
3284 2354 3402 2414 nisi
3432 2369 3575 2451 cum
3601 2354 3730 2451 ipsi

305 2471 561 2533 quoque
591 2440 801 2514 rerum
833 2440 1153 2534 gestarum
1189 2440 1597 2519 monumenta
1628 2459 1921 2531 afferunt,
1946 2457 2119 2536 quod
2151 2456 2353 2516 rarius
2374 2455 2660 2532 contigit.
2694 2455 2851 2513 Nam
2874 2454 3304 2530 prmterquam
3336 2440 3507 2521 quod
3527 2440 3725 2536 inter-

300 2541 459 2611 dnm
490 2542 782 2604 historias
811 2544 1019 2607 minus
1035 2554 1237 2608 certas
1257 2554 1576 2622 enarrant,
1614 2567 1711 2609 res
1731 2554 1939 2626 gestas
1967 2534 2313 2625 saepissime
2336 2545 2754 2616 confundunt,
2779 2547 3064 2632 tempora
3093 2534 3725 2632 alitem.Pl:59P03‘tere

303 2630 639 2692 ordinant:
674 2634 1036 2712 exemplum
1070 2636 1259 2715 hujus
1290 2637 1381 2697 rei
1411 2619 1979 2698 luculentissimum
2009 2619 2373 2715 suppeditat
2404 2636 2718 2705 Socrates,
2745 2631 2853 2711 qui
2874 2648 2972 2689 res
2998 2629 3061 2689 in
3084 2625 3290 2705 prima
3310 2620 3499 2700 hujus
3556 2619 3720 2699 Apo-

305 2717 484 2799 logia
511 2726 691 2799 parte
723 2726 1213 2802 comprehensas
1242 2727 1333 2787 ita
1352 2728 1564 2787 refert.

383 2846 510 2908 XV.
544 2847 646 2907 Ait
668 2849 1035 2926 Gregorium
1070 2851 1149 2911 ab
1179 2852 1549 2912 Eusebianis
1580 2850 1830 2931 Syriani
1880 2850 2056 2911 ducis
2132 2855 2194 2911 et
2240 2850 2521 2928 quinque
2585 2848 2849 2908 millium
2907 2844 3176 2904 militum
3227 2835 3551 2931 praesidio
3602 2832 3729 2931 ful-

304 2938 439 2993 tum
470 2922 921 2997 Alexandriam
956 2939 1213 3000 missum
1244 2941 1453 3016 fuisse,
1490 2922 1842 3018 eodemque
1874 2940 2141 3019 Syriano
2164 2922 2493 2999 ecclesiam
2534 2938 2884 3007 obsidente,
2940 2929 3353 2993 Athanasium
3401 2926 3467 2985 in
3516 2922 3727 3023 media

302 3023 708 3102 psallentium
740 3026 930 3087 turba
981 3029 1275 3090 evasisse.
1318 3030 1658 3091 Eusebium
1690 3017 2335 3108 postea'legationem
2365 3030 2632 3088 Romam
2666 3026 2925 3096 misisse,
2962 3041 3090 3101 qua
3138 3025 3339 3079 totum
3395 3017 3721 3108 negotigm

303 3112 472 3203 _Julio
495 3115 947 3203 committeret;
982 3118 1252 3179 Eusebio
1275 3123 1487 3178 tamen
1518 3103 1718 3180 morte
1741 3103 2184 3197 przeoccu'pato
2216 3117 2388 3190 haud
2418 3117 2662 3177 licuisse
2694 3114 2853 3175 tanti
2884 3108 3335 3203 negotiiﬁncm
3364 3103 3729 3203 vid.ere.De-

301 3199 476 3273 hinc,
507 3202 772 3264 Arianos
803 3206 1102 3283 Gregorio
1142 3208 1220 3267 ab
1253 3207 1679 3267 Alexandrina
1709 3208 1853 3267 sede
1876 3196 2114 3280 amoto,
2146 3206 2281 3285 ejus
2310 3207 2449 3267 loco
2481 3204 2820 3283 Georgium
2852 3198 3264 3288 substituisse.
3290 3196 3547 3288 Interim
3572 3205 3722 3288 vero

300 3288 745 3365 Athanasium,
765 3311 908 3353 cum
926 3276 1074 3372 post
1090 3294 1323 3356 multos
1346 3296 1593 3356 labores
1616 3299 1877 3356 Romam
1901 3276 2353 3373 pervenissena
2372 3297 2403 3356 ,Ι
2414 3295 2537 3354 ulio
2562 3276 2857 3372 pontifice
2879 3289 3067 3350 fuisse
3094 3276 3723 3373 restitutum.Deh_inc

301 3376 649 3467 Athanasio
679 3365 1126 3443 Alexandriam
1157 3384 1575 3460 ingrediente,
1604 3383 1868 3462 Georgii
1890 3365 2106 3445 Ariani
2135 3402 2433 3462 sequaces
2452 3365 2828 3443 seditionem
2845 3379 3169 3467 excitasse.
3206 3377 3354 3432 Post
3383 3369 3503 3429 hac
3533 3365 3729 3467 Atha-

302 3464 555 3557 nasium
588 3464 668 3525 ab
699 3470 946 3530 Arianis
977 3457 1339 3532 accusatum
1363 3472 1535 3550 quod
1563 3457 1951 3532 frumentum
1970 3472 2212 3533 alendis
2228 3457 2630 3551 pauperibus
2651 3469 3035 3530 destinatum
3058 3466 3122 3525 in
3152 3480 3330 3557 suam
3355 3457 3726 3557 rem‘diver-

304 3551 507 3647 tisset,
540 3554 744 3647 minas
762 3557 1161 3637 imperatoris
1190 3545 1459 3621 veritum
1490 3564 1754 3622 Romam
1784 3561 2123 3639 aufugisse.
2161 3545 2321 3623 Tum
2346 3545 2677 3639 episcopos
2699 3557 2955 3647 ngypti
2976 3574 3092 3634 pro
3125 3545 3727 3647 Athanasiolitteras

306 3641 577 3729 Romam
610 3643 870 3707 misisse.
910 3648 1019 3708 His
1047 3648 1139 3710 ita
1180 3651 1472 3719 narratis,
1506 3649 1608 3709 vix
1641 3649 1895 3710 tandem
1926 3638 2007 3709 ad
2036 3638 2423 3711 Sardieensis
2452 3638 2678 3729 synodi
2706 3645 3038 3707 historiam
3077 3638 3357 3712 advenit,
3393 3638 3496 3696 cui
3530 3638 3728 3694 etiam

310 3728 514 3790 multa
536 3735 883 3812 praposuit
911 3737 1125 3798 decem
1158 3743 1303 3816 post
1331 3739 1513 3799 annis
1536 3745 1738 3816 gesta.

398 3854 561 3950 XVI.
587 3857 657 3916 In
682 3856 808 3950 hac
836 3862 1309 3950 certeSocratis
1330 3862 1594 3923 historia
1614 3862 1715 3923 vix
1747 3862 2097 3943 quidquam
2128 3882 2353 3924 sanum
2400 3862 2675 3942 reperire
2707 3867 2837 3923 est:
2872 3877 3021 3919 nam
3052 3874 3194 3950 quae
3226 3854 3303 3914 de
3334 3847 3731 3950 Syrianonde

313 3941 595 4021 quinque
627 3946 899 4008 militum
930 3948 1229 4023 millibus,
1265 3952 1470 4030 deque
1499 3940 2049 4014 ecclesia—obsessa
2077 3952 2397 4027 dicuntur,
2430 3940 2681 4030 Georgii
2711 3969 2838 4011 non
2870 3954 3083 4009 autem
3116 3941 3399 4020 Gregorii
3426 3940 3729 3999 intrusio-

314 4042 460 4090 nem
485 4040 796 4110 spectant.
831 4037 1084 4098 Eusebii
1115 4038 1492 4117 legationem
1523 4058 1856 4119 perperam
1888 4045 2030 4121 post
2060 4042 2337 4120 Gregorii
2356 4041 2802 4102 Alexandriam
2834 4040 3185 4117 ingressum
3199 4033 3409 4101 refert,
3428 4044 3572 4121 cum
3591 4043 3731 4087 eam

316 4123 508 4180 antea
528 4124 873 4203 contigisse
901 4131 1164 4187 testetur
1192 4128 1325 4207 ipse
1357 4117 1759 4190 Athanasius.
1795 4117 1955 4191 Hinc
1976 4117 2387 4191 Athanasiiin
2420 4131 2629 4190 sedem
2664 4127 3125 4189 restitutionem
3161 4140 3301 4201 quae
3335 4117 3552 4207 aJulio
3583 4132 3737 4194 pon-

311 4206 483 4303 tifice
526 4228 854 4303 nunquam
902 4233 1122 4295 reapse
1159 4206 1328 4277 facta
1368 4224 1482 4293 est,
1516 4217 1650 4297 ipse
1692 4234 2027 4298 perperam
2060 4225 2332 4280 enarrat.
2370 4222 2493 4280 Nec
2536 4219 2736 4297 magis
2784 4234 2932 4276 vera
2962 4221 3107 4274 sunt
3154 4228 3295 4290 quae
3326 4208 3404 4303 de
3446 4206 3732 4303 ingressu

316 4295 651 4359 Athanasii
673 4302 1144 4379 Alexandriam,
1174 4307 1444 4385 Georgio
1476 4295 1757 4380 sedente,
1788 4295 1933 4386 post
1962 4308 2098 4369 haec
2128 4313 2488 4369 occurrunt.
2524 4295 2673 4381 Quae
2704 4308 3055 4383 sequuntur
3087 4305 3295 4360 autem
3322 4298 3398 4357 de
3412 4295 3734 4355 calumnia

317 4386 724 4476 Arianorum,
750 4391 952 4472 deque
973 4394 1239 4472 epistola
1266 4394 1660 4474 Egytiorum
1692 4396 2036 4475 praesulum
2068 4397 2148 4457 ad
2177 4398 2414 4457 Julium
2448 4415 2679 4476 papam
2706 4398 3089 4473 praepostere
3117 4387 3377 4449 omnino
3408 4398 3737 4476 recensen:

319 4477 425 4564 tur
452 4475 614 4537 Hinc
643 4469 1111 4543 animadvertas
1154 4469 1587 4563 quamneaute
1618 4469 1887 4564 scriptor
1914 4485 2022 4546 ille
2052 4487 2131 4546 sit
2174 4469 2592 4546 adhibendus.
2626 4469 2861 4561 Neque-
2901 4498 3045 4541 vero
3076 4479 3245 4539 solus
3277 4477 3585 4543 Socrates,
3624 4469 3734 4529 sed

320 4562 513 4624 etiam
543 4565 1002 4645 Theodoretus,
1037 4562 1368 4651 multoque
1387 4573 1587 4652 magis
1618 4562 1883 4633 Rufinus
1912 4578 1973 4634 et
2004 4577 2411 4648 Sozomenus,
2445 4594 2543 4635 res
2574 4569 3075 4652 frequentissime
3097 4567 3194 4627 vel
3215 4580 3393 4625 secus
3407 4576 3596 4639 quam
3617 4563 3725 4652 97

317 4655 514 4740 gestae
543 4660 712 4729 sent,
736 4657 834 4717 vel
863 4664 1247 4740 praepostere
1268 4651 1588 4722 enarrant.
1613 4660 1792 4732 Quod
1820 4667 2029 4723 tamen
2059 4664 2225 4724 absit
2246 4670 2315 4725 ut
2336 4665 2415 4725 ab
2430 4664 2659 4725 horum
2673 4651 2999 4723 auctorum
3022 4652 3470 4718 contumeliam
3484 4651 3730 4725 vergat.

318 4739 558 4831 Vitium
588 4746 864 4824 namque
894 4748 1067 4809 aetati
1086 4749 1295 4829 potius
1326 4768 1518 4829 quam
1546 4750 1957 4829 scriptoribus
1977 4758 2073 4813 est
2095 4753 2566 4814 ascribendum:
2594 4752 2829 4831 quippe
2851 4767 2979 4809 non
3009 4745 3295 4807 solebant
3327 4740 3437 4800 illo
3468 4755 3602 4798 aevo
3634 4754 3733 4796 res

315 4832 450 4888 tam
477 4828 803 4895 intricatas
822 4838 998 4897 tanto
1027 4828 1236 4899 studio
1265 4828 1575 4919 indigare,
1610 4828 1687 4900 ac
1725 4839 1790 4899 in
1815 4839 2035 4919 primis
2065 4846 2422 4921 temporum
2456 4828 2728 4903 rationes
2755 4828 3184 4917 negligebant.

400 4953 591 5047 XVIl.
627 4959 843 5021 Restat
865 4964 933 5020 ut
964 4961 1041 5022 de
1069 4961 1333 5024 historia
1364 4983 1402 5026 a
1424 4964 1655 5025 Ruﬁno
1680 4963 1982 5043 primum,
2020 4965 2251 5027 dehinc
2273 4967 2352 5029 ab
2385 4967 2525 5029 aliis
2548 4964 2926 5047 quihusdam
2958 4960 3156 5022 relata
3185 4953 3424 5047 aliquid
3446 4950 3730 5047 dispute-

321 5059 498 5138 mus:
533 5044 624 5138 de
650 5047 1023 5111 muliercula
1074 5052 1311 5113 scilicet
1345 5053 1425 5114 ad
1455 5054 1819 5133 Tyriensem
1878 5054 2193 5133 synodum
2226 5056 2307 5119 ab
2340 5044 2587 5118 Arianis
2640 5054 2976 5135 producta,
3010 5067 3150 5130 quae
3192 5046 3269 5138 de
3297 5044 3473 5138 illiillo
3515 5044 3733 5138 ξῐιιρτο

317 5129 737 5224 Athanasium
770 5138 1101 5199 aceusarit.
1136 5142 1285 5211 Quae
1316 5127 1636 5202 calumnia
1664 5127 1980 5203 Timothei
2002 5145 2356 5224 presbyteri
2383 5164 2447 5206 se
2477 5127 2891 5206 Athanasium
2923 5127 3055 5202 esse
3078 5131 3429 5198 simulantis
3454 5127 3730 5200 solertia,

318 5217 494 5311 elusa
523 5221 626 5283 sit.
659 5226 858 5300 Hanc,
890 5226 1171 5307 inquam,
1206 5229 1531 5291 historiam
1565 5231 1907 5291 admodum
1941 5217 2299 5311 suspectam
2340 5253 2472 5295 esse
2506 5253 2691 5295 nemo
2736 5239 2837 5293 eat
2864 5224 3378 5305 inﬁcias,quippe
3428 5236 3569 5297 quae
3619 5231 3734 5275 nec

320 5308 494 5406 ᾳριιᾱ
523 5312 1101 5406 Αὶὴᾶῐιὰείυωχᾳιιὶ
1129 5318 1501 5398 plerumque
1531 5338 1630 5379 res
1661 5320 1725 5379 in
1751 5320 1994 5399 synodo
2012 5308 2300 5401 Tyriensi
2332 5329 2562 5402 gestas,
2588 5323 3064 5397 calumniasque
3086 5316 3419 5406 adversum
3439 5311 3732 5406 sestrue-

320 5401 419 5457 tas
450 5408 941 5495 memoratinec
970 5405 1035 5465 in
1062 5406 1330 5495 epistola
1359 5396 1585 5487 synodi
1613 5396 2096 5470 Alexandrinae}
2132 5430 2247 5472 nec
2277 5396 2525 5474 in'Julii
2548 5431 2730 5493 papae
2761 5409 3068 5489 epistola;
3100 5422 3214 5495 nec
3247 5402 3309 5461 in
3347 5396 3734 5495 Sardieensis

317 5487 557 5581 synodi
574 5492 878 5570 epistolis,
911 5494 977 5553 in
1008 5493 1239 5573 quibus
1260 5500 1473 5556 tamen
1496 5515 1596 5556 res
1625 5498 1776 5577 Tyri
1805 5502 1997 5576 gestae
2022 5499 2157 5561 fuse
2181 5487 2653 5581 expenduntur,
2680 5504 2743 5560 et
2771 5487 2941 5578 quod
2974 5494 3243 5556 maxime
3282 5491 3529 5581 urgeat,
3562 5502 3640 5581 D9
3670 5487 3731 5542 in

316 5578 639 5669 encyclica
662 5582 918 5660 quidem
952 5583 1337 5645 Sardieensis
1367 5586 1592 5664 synodi
1613 5575 1901 5665 epistola,
1937 5606 2065 5666 qua
2096 5575 2312 5651 Ariani
2336 5590 2614 5669 episcopi
2645 5575 2929 5650 damnati
2952 5591 3013 5647 et
3033 5579 3300 5661 depositi
3335 5575 3728 5645 nuntiantur,

315 5663 798 5749 aﬂerunturque
847 5671 1037 5750 hujus
1067 5663 1492 5735 damnationis
1538 5663 1778 5749 causae;
1814 5663 2151 5737 calumniae
2188 5663 2425 5739 scilicet
2483 5663 2783 5741 adversus
2829 5674 3243 5737 Athanasium
3275 5671 3551 5737 structae,
3586 5680 3728 5722 cum

317 5752 461 5847 aliis
482 5757 861 5820 Arianorum
892 5760 1251 5822 sceleribus.
1288 5763 1622 5824 Enimvero
1652 5765 1717 5824 in
1750 5770 2026 5825 mentem
2045 5767 2259 5827 venire
2290 5769 2528 5847 nequit,
2559 5786 2670 5828 cur
2702 5773 2829 5825 tam
2852 5770 3032 5825 atrox
3063 5754 3477 5847 sycophantia
3506 5751 3635 5812 illic
3651 5750 3731 5810 sit

321 5842 578 5907 omissa.
606 5851 740 5910 ‘Nec
773 5849 908 5939 diei
922 5855 1128 5930 potest
1157 5869 1295 5912 eam
1324 5869 1396 5914 ex
1429 5852 1585 5914 actis
1608 5852 2088 5916 Sardieensibus
2138 5842 2466 5930 excidisse,
2513 5842 2661 5918 eum
2707 5860 2965 5916 testetur
2996 5854 3379 5939 Sozomenus
3410 5842 3584 5939 illam
3615 5856 3730 5939 suo

322 5948 459 5996 aevo
485 5953 803 6020 nusquam
826 5928 1389 6027 ibi—comparuisse.
1410 5942 1627 6021 Neque
1656 5941 1826 6005 valet
1852 5941 2027 6022 quod
2057 5942 2193 6025 ipse
2223 5944 2330 6019 ait,
2348 5928 2495 6025 rem
2517 5950 2735 6024 utpote
2768 5948 3015 6027 turpem
3034 5942 3094 6002 et
3126 5933 3458 5998 ridiculam
3480 5928 3729 5992 silentio
