4178 6408
433 481 554 547 ω
970 491 1037 554 s.
1081 449 1504 554 ATHANASII
1549 488 1722 556 ore.
1768 490 1974 554 mas
2017 491 2066 553 1.
2099 524 2178 536 —
2209 489 2632 555 HISTORICA
2676 490 2778 554 ET
2823 489 3309 556 DOGMATIGA.
3730 488 3855 554 243

436 623 926 699 praetermissam
956 625 1176 686 fuisse:
1214 644 1340 705 quo
1358 626 1603 706 turpior
1622 625 1812 699 enim,
1847 643 1921 686 eo
1952 624 2156 704 magis
2177 625 2255 685 ad
2287 626 2516 704 synodi
2546 626 2610 686 in
2642 625 3030 706 deponendis
3059 626 3196 705 ejus
3248 623 3614 688 auctoribus
3647 625 3852 707 aequi-

435 715 630 772 tatem
679 714 1300 775 commonstrandam
1349 715 1736 775 contulisset.
1771 717 2039 775 Exstant
2067 733 2218 774 sane
2250 715 2580 792 permulta
2612 716 2781 793 apud
2829 715 3124 775 Rufinum
3177 714 3490 794 ejusmodi
3543 715 3851 790 historiae,

437 799 778 860 admodum
803 802 1009 862 dubiae
1043 802 1206 864 ﬁdei.
1243 805 1389 863 Haec
1419 810 1631 865 autem
1680 804 1800 882 ipsi
1831 804 2077 864 Socrati
2125 805 2234 882 qui
2280 805 2574 863 Ruﬁnum
2607 804 2763 864 alias
2810 805 2941 864 fere
2971 805 3279 882 sequitur,
3326 811 3623 882 suspecta
3664 806 3858 867 fuisse

437 887 704 962 videtur,
737 892 971 970 quippe
1000 891 1108 970 qui
1139 891 1217 951 de
1246 891 1357 951 illa
1387 892 1737 952 neverbum
1763 891 2016 970 quidem
2040 891 2274 951 fecerit.
2301 894 2430 952 Hac
2459 892 2537 952 de
2568 911 2633 952 re
2661 892 2928 952 etiamin
2963 892 3288 953 Athanasii
3322 892 3456 953 Vita
3487 899 3697 954 actum
3723 901 3840 955 est.

519 979 733 1039 XVIII.
766 979 1065 1049 Quaedam
1087 979 1164 1039 de
1193 980 1472 1040 Marcelli
1499 999 1689 1040 causa
1718 980 1984 1040 dicenda
2013 987 2404 1060 supererant,
2440 981 2550 1041 sed
2583 999 2680 1041 res
2707 981 3100 1042 commodius
3129 981 3193 1041 in
3221 981 3504 1061 Epz'stola
3533 982 3617 1042 ad
3641 983 3852 1044 solita-

439 1065 558 1126 rios
585 1068 1010 1216 ezpendetur:
1047 1067 1154 1130 ubi
1174 1069 1364 1129 etiam
1397 1069 1473 1130 de
1492 1070 1689 1130 Paulo
1719 1070 2416 1148 Constantinopolitano
2448 1076 2510 1129 et
2539 1069 2616 1130 de
2648 1070 2840 1131 Lucio
2873 1069 3449 1150 Adrianopolitano
3485 1071 3694 1133 multa
3725 1072 3854 1132 dis-

439 1161 635 1216 Dutan
686 1163 950 1216 aerunt.

437 1161 723 1234 putanda
742 1163 950 1218 erunt.

1436 1570 1606 1636 ΤΟΥ
1672 1571 1790 1637 ΕΝ
1845 1571 2143 1636 ΑΓΙΟΙΣ
2202 1570 2558 1638 ΠΑΤΡΟΣ
2619 1571 2880 1662 ΗΜΩΝ

1675 1765 2001 1895 ΑΘΑ
2023 1765 2650 1896 ΝΑΣΙΟΥ

1628 1991 2161 2042 ΑΡΧΙΕῘΙΙΣΚΟΙΙΟΥ
2206 1996 2682 2044 ΑΛΕΞΑΝΔΡΕΙΑΣ

926 2143 1996 2258 ΑΠΟΛΟΓΗΤΙΚΟΣ
2072 2145 2439 2249 ΚΑΤΑ
2527 2143 3219 2254 ΑΡΕΙΑΝΩΝ
3254 2118 3384 2260 ⁸⁵³).

1197 2577 1343 2736 S.
1415 2587 1574 2734 P.
1648 2582 1829 2733 N.
2003 2579 3083 2738 ATHANASII

1603 2862 2146 2919 ARCHIEPISCOPI
2199 2861 2687 2918 ALEXANDRLE

870 3058 1729 3184 APOLOGIA
1834 3060 2512 3184 CONTRA
2607 3059 3414 3184 ARIANOS.

1946 3289 2346 3302 _

510 3412 560 3468 1.
593 3414 931 3471 Arbitrabar
979 3417 1251 3488 equidem
1304 3421 1434 3488 post
1481 3421 1564 3473 tot
1605 3420 1952 3489 argumenta
1982 3432 2086 3488 pro

2273 3418 2321 3470 1.
2359 3415 2500 3488 Ἐγὼ
2537 3414 2630 3486 μὲν
2665 3411 2825 3485 ᾤμην
2870 3414 3004 3485 μετᾶ
3053 3415 3150 3475 τὰς
3197 3414 3458 3475 τοσαύτας
3513 3414 3644 3487 ὑπὲρ
3692 3416 3859 3486 ἡμῶν

439 3506 642 3558 nostra
690 3503 1024 3561 defensione
1073 3505 1272 3574 allata,
1307 3506 1671 3562 adversarios
1711 3510 1941 3561 nostros
1975 3522 2090 3577 prae

437 3592 785 3648 verecundia
834 3611 961 3675 sese
1001 3595 1322 3666 abdituros,
1356 3601 1530 3666 atque
1559 3612 1629 3650 ex
1661 3594 2092 3650 calumniarum

441 3696 688 3736 suarum
743 3683 1100 3739 conscientia
1130 3701 1258 3740 sese
1290 3685 1692 3739 damnaturos.
1728 3688 1820 3748 At,
1856 3684 2092 3754 quando

442 3785 516 3824 ne
549 3769 630 3824 ita
659 3771 906 3829 convicti
956 3773 1194 3844 quidem
1235 3774 1609 3839 erubescunt,
1643 3774 1742 3829 sed
1776 3773 1847 3828 ob
1880 3771 2094 3828 mentis

441 3860 744 3928 stuporem
767 3860 1286 3918 obtrectationibus
1311 3878 1414 3917 nos
1433 3862 1750 3933 impetunt,
1766 3862 1876 3917 rati
1897 3861 2096 3917 omnia

443 3946 636 4000 denuo
666 3945 726 4001 in
751 3947 1049 4017 judicium
1080 3951 1340 4005 vocanda
1369 3951 1524 4018 fore;
1559 3967 1675 4005 non
1707 3955 1771 4006 ut
1802 3949 1914 4022 ipsi
1937 3949 2095 4020 judi-

441 4038 671 4102 centur,
703 4035 849 4091 illud
899 4037 1055 4093 enim
1106 4039 1425 4111 refugiunt,
1458 4039 1559 4095 sed
1592 4044 1656 4094 ut
1686 4056 1792 4095 nos
1822 4043 1879 4094 et
1906 4038 2093 4094 since-

441 4139 644 4178 rorum
675 4115 1181 4183 animaa'molestia
1219 4129 1516 4196 alliciant;
1553 4128 1943 4184 necessariam
1976 4127 2093 4182 exi-

446 4212 683 4268 stimavi
714 4215 869 4285 apud
900 4233 1001 4271 vos
1031 4217 1322 4288 meipsum
1369 4234 1639 4289 purgare,
1674 4232 1745 4272 ne
1779 4216 1932 4272 ultra
1962 4216 2095 4271 illos

445 4303 963 4359 obmurmurantes
1001 4303 1280 4371 toleretis,
1313 4305 1432 4360 imo
1464 4305 1658 4377 potius
1689 4322 1892 4360 eorum
1925 4302 2093 4359 mali-

444 4389 729 4462 gnitatem
754 4395 812 4446 et
834 4391 1162 4448 calumnias
1187 4393 1570 4466 dignoscatis.
1593 4394 1772 4449 Vobis
1803 4393 2094 4463 siquidem

443 4479 688 4546 sinceris
719 4480 1063 4558 hominibus
1093 4483 1376 4539 rationem
1408 4483 1587 4538 reddo
1620 4501 1632 4538 :
1668 4483 1946 4538 adversus
1979 4481 2094 4536 liti-

444 4568 640 4641 giosos
673 4574 867 4626 autem
901 4571 1180 4643 loquendi
1223 4572 1500 4628 fiduciam
1533 4572 1676 4626 mihi
1709 4572 1969 4643 praebent
1999 4589 2095 4626 ar-

443 4664 724 4731 gumenta
753 4661 970 4732 quibus
1004 4660 1088 4716 illi
1117 4662 1564 4717 convincuntur.
1598 4660 1904 4716 Enimvero
1938 4660 2093 4732 quod

443 4748 516 4803 ad
549 4765 656 4804 nos
686 4754 930 4821 spectat,
955 4751 1180 4822 judicio
1212 4751 1370 4807 nullo
1400 4767 1548 4822 opus
1591 4754 1717 4818 est;
1759 4750 2091 4821 judicatum

444 4837 602 4914 enim
642 4838 769 4908 jam
808 4842 916 4905 est,
949 4857 1063 4896 non
1095 4839 1298 4906 semel,
1331 4856 1520 4911 neque
1550 4840 1664 4910 bis,
1697 4840 1798 4894 sed
1830 4855 2092 4912 saepenu-

445 4941 626 4982 mero.
651 4926 914 4984 Primum
936 4928 1174 4999 quidem
1195 4929 1255 4983 in
1278 4933 1478 4984 nostra
1506 4928 1806 5001 provincia
1826 4928 1884 4983 in
1908 4945 2094 4984 unum

443 5020 666 5089 coacta,
699 5017 770 5072 ab
819 5018 1112 5090 episcopis
1164 5034 1343 5090 prope
1390 5022 1646 5072 centum.
1680 5018 1944 5073 Secundo
1978 5018 2094 5073 Ro-

445 5122 578 5173 mae,
601 5122 734 5162 cum
765 5111 896 5178 post
917 5107 1132 5162 missas
1159 5106 1298 5161 illuc
1328 5107 1400 5161 ab
1422 5106 1669 5162 Eusebio
1691 5106 1934 5174 litteras,
1959 5124 2094 5161 cum

443 5195 556 5268 ipsi
588 5200 717 5251 tum
748 5213 854 5251 nos
878 5196 1052 5252 etiam
1091 5196 1150 5250 in
1175 5195 1467 5268 judicium
1496 5194 1680 5252 vocati
1712 5212 1940 5259 sumus,
1964 5211 2097 5250 con-

443 5285 788 5358 gregatique
839 5288 978 5340 sunt
1024 5284 1106 5339 ibi
1154 5283 1408 5356 episcopi
1459 5284 1594 5356 plus
1641 5283 2094 5356 quinquaginta.

518 5480 629 5553 (63)
661 5481 889 5553 Scripta
917 5499 1070 5538 anno
1100 5481 1334 5538 circiter
1361 5481 1485 5536 350.
1535 5512 1602 5553 -έ
1653 5481 1714 5534 In
1749 5479 1919 5535 titulo
1952 5479 2094 5534 illud

445 5551 583 5626 κατὰ
613 5551 900 5626 Ἀρειανῶν
935 5555 1097 5610 deest
1149 5555 1206 5608 in
1260 5553 1459 5626 Regio,
1495 5552 1594 5626 qui
1639 5569 1772 5606 cum
1819 5553 2098 5626 omnibus

448 5622 583 5678 aliis
643 5618 766 5678 tum
823 5626 995 5680 editis
1055 5631 1181 5680 tum
1243 5618 1384 5679 mss.
1439 5618 1872 5691 Ἀπολογητικὸς
1920 5619 2098 5676 δεύτε-

450 5694 788 5768 poc_habet,
838 5697 937 5751 sed
991 5713 1314 5768 perperam,
1366 5711 1498 5750 cum
1551 5667 1717 5749 milia
1767 5699 1899 5768 ante
1945 5695 2098 5768 hanc

433 5765 719 5838 ‘apologia
761 5765 1122 5838 scripta—sit,
1155 5773 1221 5823 ut
1258 5769 1384 5837 jam
1433 5767 1797 5838 monuimus.
1828 5767 1936 5822 Sed
1970 5767 2097 5822 ideo

447 5837 688 5911 vocatur
729 5837 1014 5911 secunda,
1047 5841 1186 5911 quia
1233 5844 1366 5911 post
1413 5839 1730 5910 Apologiam
1770 5837 1835 5894 de
1866 5838 2008 5911 fuga
2040 5839 2097 5893 in

451 5909 625 5982 editis
647 5913 704 5964 et
726 5909 785 5962 in
810 5908 1590 5982 manuscriptis“collocatur,
1609 5927 1735 5982 quae
1757 5908 1954 5967 tamen
1981 5927 2097 5968 non

453 5983 545 6035 est
571 5981 701 6052 ejus
731 5981 966 6059 propria
995 5980 1182 6052 sedes,
1216 5980 1300 6037 uti
1330 5997 1509 6051 supra
1537 5980 1759 6037 dictum
1789 5986 1894 6038 est.

2206 3505 2498 3578 γενομένας
2603 3500 2902 3573 ἀποδείξεις
2987 3500 3337 3558 καταδύεσθαι
3435 3500 3628 3557 λοιπὸν
3731 3502 3860 3565 τοὺς

2203 3592 2454 3668 ἐχθροὺς,
2504 3593 2594 3646 καὶ
2648 3590 2861 3666 μᾶλλον
2917 3590 2976 3646 ἐκ
3019 3591 3227 3646 τούτων
3278 3592 3700 3666 καταγινώσκειν
3747 3594 3864 3664 (64)

2203 3683 2447 3751 έαυτῶν,
2509 3681 2589 3759 ἐφ’
2650 3683 2731 3743 οἷς
2788 3680 2878 3735 καὶ
2931 3679 3056 3742 τοὺς
3117 3677 3324 3742 ἄλλους
3382 3680 3811 3758 έσυκοφάντησαν
3846 3700 3860 3713 ·

2204 3769 2390 3840 ἐπειδὴ
2448 3769 2505 3824 δὲ
2571 3768 2683 3825 οὐδ’
2749 3769 2894 3824 οὕτω
2965 3771 3433 3844 καταγνωσθέντες
3492 3769 3807 3846 έρυθριῶσιν
3847 3812 3861 3837 ,

2204 3859 2329 3914 ἀλλ’
2381 3860 2466 3914 ὑπ’
2514 3858 2861 3928 ἀναισθησίας
2907 3855 3135 3934 ἓρπουσι
3182 3864 3302 3921 ταῖς
3351 3856 3734 3930 καταλαλιαῖς,
3767 3879 3860 3912 νο-

2207 3950 2452 4022 μίζοντες
2505 3946 2730 4002 ἀνάδικα
2777 3948 2969 4002 πάντα
3002 3947 3264 4022 γίνεσθαι,
3325 3947 3433 4023 οὐχ
3483 3946 3577 4002 ἵνα
3631 3949 3863 4023 κριθῶσι

2203 4039 2485 4114 (φεύγουσι
2515 4038 2663 4112 γάρ),
2698 4034 2823 4090 ἀλλ’
2849 4033 2920 4089 ἵν’
2951 4038 3101 4109 ἡμᾶς
3134 4035 3224 4091 καὶ
3253 4039 3350 4098 τὰς
3379 4039 3562 4113 ψυχὰς
3589 4041 3701 4092 τῶν
3735 4038 3858 4091 ἀκε-

2205 4125 2371 4202 ραίων
2402 4123 2734 4193 σκύλλωσιν,
2769 4126 3059 4198 ἀναγκαῖον
3113 4127 3411 4200 ἡγησάμην
3466 4127 3592 4199 ὑμῖν
3645 4123 3863 4180 ἀπολο-

2203 4214 2491 4288 γήσασθαι,
2519 4212 2612 4267 ἵνα
2665 4215 2863 4286 μηκέτι
2919 4215 3013 4287 μὲν
3058 4214 3235 4269 αὐτῶν
3283 4216 3550 4292 ἀνέχησθε
3723 4235 3860 4289 γογ-

2205 4302 2502 4378 γυζόντων,
2531 4307 2846 4377 καταγνῶτε
2898 4300 2957 4357 δὲ
3005 4310 3106 4372 τῆς
3157 4303 3421 4377 πονηρίας
3470 4303 3560 4357 καὶ
3592 4323 3861 4380 συκοφαν-

2202 4391 2321 4454 τίας
2352 4391 2543 4448 αὐτῶν.
2574 4393 2726 4463 Ὑμῖν
2784 4391 2876 4463 μὲν
2923 4392 3026 4466 γὰρ
3075 4397 3192 4454 τοῖς
3242 4389 3489 4466 γνησίοις
3543 4388 3865 4465 ἀπολογοῦ-

2209 4501 2304 4554 μαι
2338 4498 2350 4510 ⁶
2407 4479 2544 4556 πρὸς
2603 4477 2660 4534 δὲ
2715 4479 2844 4541 τοὺς
2897 4479 3334 4557 φιλονεικοῦντας
3415 4478 3867 4556 παῤῥησιάζομαι

2201 4574 2318 4630 τοῖς
2345 4570 2460 4623 κατ’
2493 4568 2664 4623 αὐτῶν
2709 4566 2986 4643 ἐλέγχοις.
3023 4568 3215 4623 Οὐκέτι
3264 4570 3367 4644 γὰρ
3417 4567 3649 4644 κρίσεως
3693 4568 3863 4622 δεῖται

2201 4659 2269 4712 τὰ
2297 4659 2413 4712 καθ’
2461 4660 2631 4731 ἡμᾶς’
2682 4658 2923 4731 κέκριται
2975 4658 3078 4732 γὰρ
3135 4656 3241 4732 οὐχ
3290 4657 3449 4728 ἅπαξ,
3501 4654 3627 4712 οὐδὲ
3678 4654 3862 4711 δεύτε-

2206 4767 2296 4823 ρον
2329 4747 2463 4820 (66),
2497 4743 2642 4799 ἀλλά
2671 4745 2760 4799 καὶ
2790 4743 3092 4807 πολλάκις·
3124 4749 3338 4820 πρῶτον
3378 4744 3495 4818 μὲν,
3527 4743 3578 4799 ἐν
3611 4748 3680 4817 τῇ
3724 4747 3863 4817 ἡμε-

2199 4838 2330 4906 τέρᾳ
2355 4835 2516 4909 χώρᾳ
2545 4834 2882 4907 συναγομένῃ
2916 4833 3018 4888 ὑπὸ
3069 4832 3378 4888 ἐπισκόπων
3433 4832 3600 4909 ἐγγὺς
3649 4832 3858 4889 ἑκατόν·

2204 4921 2448 4998 δεύτερον
2500 4920 2558 4978 δὲ
2597 4921 2648 4977 ἐν
2697 4927 2765 4996 τῇ
2819 4923 3026 4996 Ῥώμῃ,
3078 4923 3388 4997 γράψαντος
3437 4918 3720 4993 Εὐσεϐίου,
3769 4923 3860 4978 καὶ

2200 5007 2512 5082 κληθέντων
2572 5011 2747 5067 αὐτῶν
2810 5033 2869 5067 τε
2924 5011 3014 5065 καὶ
3074 5015 3274 5085 ἡμῶν,
3334 5011 3424 5066 καὶ
3485 5012 3858 5088 συναχθέντων

2203 5100 2528 5170 ἐπισκόπων,
2587 5101 2740 5154 κάκεῖ
2790 5098 2955 5154 πλέον
3007 5102 3359 5171 πεντήκοντα·
3415 5099 3507 5154 καὶ
3562 5100 3743 5172 τρίτον
3806 5099 3859 5154 έν

2201 5195 2269 5264 τῇ
2319 5188 2532 5265 μεγάλῃ
2573 5186 2783 5262 συνόδῳ
2831 5193 2899 5262 τῇ
2951 5186 3003 5242 έν
3057 5185 3299 5262 Σαρδικῇ
3353 5187 3679 5264 συναχθείσῃ
3727 5189 3864 5242 κατὰ

2203 5279 2489 5355 πρόσταξιν
2522 5283 2629 5333 τῶν
2672 5275 3100 5355 θεοφιλεστάτων
3165 5275 3433 5353 βασιλέων
3485 5275 3863 5333 Κωνσταντίου

2275 5479 2390 5549 (64)
2424 5482 2545 5534 Vox
2570 5476 3033 5550 καταγιγνώσκειν
3053 5476 3209 5548 apud
3231 5475 3654 5550 Athanasium,
3669 5476 3870 5548 depre-

2205 5551 2478 5617 hendere,
2513 5548 2873 5620 convincere,
2910 5548 3043 5605 falsi
3093 5564 3360 5621 arguere,
3413 5548 3532 5621 imo
3582 5548 3869 5621 damnare

2208 5621 2523 5695 significat,
2548 5622 2649 5677 sed
2672 5638 2774 5695 pro
2799 5619 3286 5695 condemnatipne
3308 5619 3568 5695 juridica
3589 5620 3690 5695 vix
3710 5621 3868 5695 apud

2205 5691 2476 5749 eu‘mdem
2507 5691 2796 5758 usuvénit,
2822 5693 2923 5748 sed
2961 5695 3130 5765 prout
3153 5693 3436 5748 damnare
3457 5691 3612 5747 idem
3644 5691 3869 5765 signifi-

2207 5770 2301 5822 cat
2331 5781 2397 5820 ac
2437 5765 2790 5836 improbare.

2246 5837 2390 5926 ’(65)
2423 5833 2562 5908 Reg.
2623 5833 2950 5909 ἀνάσχησθε.
3007 5834 3163 5891 Infra
3209 5834 3387 5904 idem,
3439 5838 3534 5903 τῆι
3591 5854 3864 5911 συκοφαν-

2204 5927 2346 5968 τιας.

2277 5978 2390 6053 (66)
2421 5978 2560 6052 Reg.
2595 5996 2658 6032 oo
2689 5972 2958 6055 δεύτερον.
