4178 6416
275 348 397 416 249

1409 339 1804 410 APOLOGIA
1846 345 2161 409 CONTRA
2203 346 2566 411 ARIANOS.

3569 357 3690 422 250

277 485 366 541 καὶ
417 483 786 544 Κώνσταντοςο
836 479 888 536 ἐν
1021 480 1112 537 καὶ
1164 483 1216 535 οἱ
1264 482 1380 536 καθ’
1433 483 1594 554 ἡμῶν
1645 478 1931 554 γενόμενοι

2050 481 2234 537 Tertio
2265 482 2322 536 in
2360 499 2573 555 magna
2601 483 2820 554 synodo
2843 482 3079 539 Sardice
3109 488 3522 558 coacta,jussu
3554 493 3687 548 reli-

276 573 644 650 καθῃρέθησαν
695 571 770 633 ὡς
822 571 1168 648 συκοφάνται,
1217 574 1336 632 τοῖς
1385 591 1445 625 τε
1491 569 1746 645 κριθεῖσιν
1801 567 1931 641 ὑπὲρ

277 665 439 737 ἡμῶν
470 659 901 738 συνεψηφίσαντο
955 661 1048 733 μὲν
1100 659 1388 715 ἐπίσκοποι
1436 655 1663 720 πλείους
1713 677 1932 731 τριακο-

281 751 411 806 σίων
440 753 573 825 (67),
629 748 680 820 ἐξ
735 748 1011 826 ἐπαρχιῶν
1055 748 1354 824 Αἰγύπτου,
1409 743 1638 817 Λιϐύης,
1679 747 1766 801 καὶ
1802 753 1935 800 Πεν-

279 838 607 910 ταπόλεως,
668 837 1077 910 Παλαιστίνης,
1138 831 1436 914 Ἀραϐίας,
1492 835 1774 909 Ἰσαυρίας,
1835 833 1936 889 Κύ-

282 949 445 1006 πρου,
499 925 853 1005 Παμφυλίας,
913 926 1135 998 Λυκίας,
1189 923 1478 994 Γαλατίας,
1529 924 1764 994 Δακίας,
1822 929 1934 977 Μυ-

283 1019 434 1090 σίας,
491 1017 746 1092 Θρᾴκης,
806 1013 1144 1090 Δαρδανίας,
1205 1012 1581 1083 Μακεδονίας,
1643 1013 1933 1086 Ἠπείρων,

283 1104 603 1179 Θεσσαλίας,
665 1103 919 1181 Ἀχαίας,
977 1106 1218 1181 Κρήτης,
1279 1101 1614 1176 Δαλματίας,
1679 1101 1934 1170 Σισκίας,

285 1195 638 1268 Παννονίων,
688 1198 960 1269 Νωρικοῦ,
1013 1191 1269 1264 Ἰταλίας,
1329 1196 1594 1262 Πικηνοῦ,
1651 1191 1935 1263 Τουσκίας,

284 1284 626 1358 Καμπανίας,
689 1278 1021 1355 Καλαϐρίας,
1073 1279 1398 1346 Ἀπουλίας,
1458 1278 1751 1356 Βρουττίας
1803 1280 1935 1352 (68),

285 1371 564 1446 Σικελίας,
625 1374 887 1450 Ἀφρικῆς
939 1371 1159 1440 πάσης,
1222 1366 1526 1446 Σαρδανίας
1557 1415 1570 1437 ,
1635 1371 1882 1422 Σπανιῶν
1920 1413 1934 1438 ,

285 1460 539 1518 Γαλλιῶν
570 1507 585 1532 ,
643 1463 972 1536 Βρεττανιῶν
1005 1501 1016 1513 .
1072 1457 1552 1534 Ἐπεμαρτύρησαν
1613 1454 1671 1512 δὲ
1723 1455 1937 1518 τούτοις

283 1550 584 1624 Ούρσάκιος
615 1549 705 1603 καὶ
738 1546 980 1620 Οὐάλης,
1013 1549 1066 1603 οὶ
1096 1546 1358 1622 πρότερον
1395 1546 1488 1620 μὲν
1523 1540 1936 1612 διαϐάλλοντες,

283 1637 504 1715 ὕστερον
540 1637 598 1694 δὲ
632 1636 1005 1712 μεταγνόντες·
1041 1635 1103 1692 οὐ
1151 1637 1254 1711 γὰρ
1312 1635 1474 1708 μόνον
1525 1631 1845 1704 ἀπεδέξαντο
1875 1633 1940 1686 τὰ

281 1729 535 1804 κριθέντα
593 1727 724 1800 ὑπὲρ
783 1728 944 1799 ἡμῶν
980 1773 994 1798 ,
1055 1723 1202 1780 ἀλλά
1269 1725 1358 1778 καὶ
1416 1726 1528 1797 (69)
1605 1724 1937 1800 συκοφάντας

283 1815 511 1878 ἑαυτούς
540 1837 600 1870 τε
627 1815 718 1870 καὶ
745 1814 874 1876 τοὺς
928 1812 1134 1875 ἄλλους
1182 1813 1309 1875 τοὺς
1357 1813 1473 1866 καθ’
1515 1814 1676 1885 ἡμῶν
1708 1811 1939 1886 γενομέ-

282 1928 410 1969 νους
472 1903 874 1979 ὡμολόγησαν.
926 1903 990 1956 Ol
1038 1904 1142 1978 γὰρ
1203 1900 1377 1964 οὕτως
1439 1900 1791 1975 μεταγνόντες
1847 1895 1936 1954 καῖ

285 1994 462 2057 οὕτως
494 1994 819 2069 γράψαντες,
851 1989 1015 2061 δῆλοι
1049 1991 1152 2046 εἶσι
1197 1991 1288 2046 καὶ
1337 1989 1467 2052 τοὺς
1513 1990 1638 2066 περὶ
1678 1984 1936 2044 Εὐσέϐιον

285 2082 634 2161 ἐλέγχοντες,
689 2081 822 2154 μετὰ
871 2081 975 2157 γὰρ
1024 2079 1197 2134 αὐτῶν
1242 2083 1402 2153 κοινῇ
1449 2080 1549 2148 τὴν
1603 2080 1718 2133 καθ’
1776 2080 1936 2152 ἡμῶν

285 2173 714 2248 ἐμηχανήσαντο
765 2170 1026 2240 συσκευήν
1058 2209 1070 2222 .
1122 2171 1197 2223 Τὰ
1263 2168 1443 2223 τοίνυν
1507 2167 1608 2222 ὑπὸ
1663 2167 1936 2222 τοσούτων

283 2264 402 2335 (70)
456 2260 547 2315 καὶ
608 2256 954 2330 τηλικούτων
1033 2257 1342 2314 ἐπισκόπων
1406 2254 1795 2331 δοκιμασθέντα
1848 2255 1938 2311 καὶ

280 2351 536 2427 κριθέντα
569 2393 584 2420 ,
643 2345 1035 2425 ἀποδειχθέντα
1085 2368 1142 2401 τε
1199 2344 1430 2419 λευκῶς,
1491 2343 1741 2422 περιττὸν
1806 2345 1936 2399 εἶναι

281 2438 450 2495 πάλιν
503 2437 872 2512 ἀνακρίνεσθαι
919 2435 1024 2499 π”άς
1071 2437 1316 2491 ὁστισοῦν
1378 2433 1797 2510 ὁμολογήσειεν,
1847 2433 1941 2488 *ίνα

287 2531 393 2603 μὴ,
443 2527 539 2583 κᾶν
583 2532 673 2582 νῦν
724 2526 1045 2600 ἐξετασσθῇ,
1096 2523 1261 2580 πάλιν
1307 2525 1592 2599 ἀνακριθῇ,
1641 2522 1731 2578 καί
1789 2520 1938 2584 αὖθις

284 2618 564 2691 ἐξετασθῇ,
594 2617 684 2671 καὶ
733 2615 905 2677 οὕτως
952 2617 1062 2689 (71)
1115 2615 1189 2678 εἷς
1236 2614 1530 2690 ἀπέραντον
1579 2615 1645 2667 τὰ
1685 2617 1794 2667 τῶν
1843 2633 1938 2667 πε-

285 2707 724 2784 ριεργαζομένων
757 2705 996 2780 γένηται.

361 2978 416 3032 2.
449 2974 635 3051 Ἤρκει
673 2972 767 3046 μὲν
799 2970 1022 3048 γὰρκαὶ
1069 2973 1104 3040 ἡ
1153 2975 1261 3025 τῶν
1305 2968 1576 3025 τοσούτων
1633 2969 1940 3025 ἐπισκόπων

286 3067 475 3142 ψῆφος
527 3061 846 3132 δυσωπῆσαι
891 3060 1020 3122 τοὺς
1071 3057 1147 3114 ἔτι
1199 3059 1296 3114 κᾶν
1354 3061 1771 3136 προσποιεῖσθαι
1825 3061 1942 3114 καθ’

288 3156 454 3226 ἡμῶν
506 3150 902 3228 βουλομένους·
958 3148 1047 3204 ὅτε
1097 3147 1154 3204 δὲ
1199 3149 1288 3203 καὶ
1340 3147 1528 3224 ἐχθροὶ
1583 3152 1943 3225 μαρτυροῦσιν

2043 569 2512 640 giosissimorum
2536 572 2957 643 imperatorum
2980 573 3303 630 Constantii
3333 581 3390 632 et
3411 577 3691 637 Constan-

2044 658 2121 713 tis
2153 675 2166 714 :
2227 660 2326 714 ubi
2357 660 2671 715 adversarii
2704 661 2888 716 nostri
2920 662 3087 732 quasi
3120 665 3490 736 sycophantae
3523 670 3688 725 dam-

2045 747 2167 802 nati
2215 747 2583 819 depositique
2634 753 2790 804 sunt.
2849 749 2924 805 lis
2965 767 3096 806 vero
3127 767 3254 823 quae
3289 755 3472 810 nostri
3503 759 3694 828 gratia

2046 837 2276 891 decreta
2324 837 2559 892 fuerunt
2601 839 2900 911 suffragati
2933 843 3073 894 sunt
3100 839 3414 913 plusquam
3446 847 3692 903 trecenti

2045 924 2322 995 episcopi,
2355 941 2424 980 ex
2473 925 2784 996 provinciis
2838 927 3084 1000 ZEgypti,
3143 928 3354 1002 Libyae,
3406 933 3693 1008 Pentapo-

2045 1013 2187 1079 leos,
2220 1013 2564 1077 Palaestinae,
2598 1015 2842 1082 Arabiae,
2878 1017 3136 1086 Isauriae,
3181 1021 3369 1091 Cypri,
3401 1021 3694 1098 Pamphy-

2046 1102 2153 1169 liae,
2189 1102 2392 1175 Lycias,
2426 1103 2684 1172 Galatiae,
2721 1104 2920 1170 Dacia,
2950 1105 3166 1178 Mysiae,
3198 1109 3433 1179 Traciae,
3468 1111 3692 1170 Darda-

2046 1192 2175 1262 niae,
2204 1192 2304 1246 98
2327 1193 2694 1264 Macedoniae,
2729 1193 3054 1264 Epirorum,
3076 1195 3413 1270 Thessaliaa,
3438 1203 3693 1273 Achaiae,

2050 1285 2247 1352 Cretae,
2315 1280 2634 1350 Dalmatiae,
2688 1281 2904 1348 Sisciae,
2965 1282 3416 1359 Pannoniarum,
3476 1290 3694 1366 Norici,

2047 1369 2245 1436 Italiae,
2269 1369 2484 1438 Piceni,
2501 1368 3113 1442 Tusciaﬁampaniaa,
3135 1372 3428 1446 Calabriae,
3447 1379 3696 1452 Apuliae,

2048 1459 2306 1529 Bruttiae,
2359 1458 2590 1526 Siciliae,
2645 1458 2824 1514 totius
2871 1459 3097 1531 Africae,
3155 1462 3457 1528 Sardiniae,
3493 1468 3696 1542 Hispa-

2048 1547 2303 1614 niarum,
2336 1547 2681 1615 Galliarum,
2718 1547 3175 1604 Britanniarum.
3209 1551 3426 1609 Horum
3460 1563 3700 1615 senten-

2048 1636 2192 1690 tiam
2223 1635 2561 1691 testimonio
2595 1653 2700 1691 suo
2732 1637 3188 1708 comprobarunt
3209 1639 3482 1702 Ursacius
3515 1651 3572 1702 et
3591 1651 3702 1705 Va-

2047 1724 2196 1791 lens,
2220 1725 2317 1797 qui
2351 1729 2523 1780 antea
2550 1725 2786 1796 quidem
2821 1742 2914 1782 me
2944 1726 3286 1785 calumniati
3319 1732 3566 1804 fuerant,
3595 1738 3700 1794 sed

2048 1819 2248 1885 postea
2296 1816 2610 1886 resipuere.
2644 1814 2769 1870 Non
2819 1815 3011 1870 solum
3042 1817 3199 1873 enim
3232 1835 3359 1891 quae
3392 1839 3494 1893 pro
3528 1826 3700 1882 nobis

2049 1905 2279 1959 decreta
2301 1903 2530 1958 fuerant
2550 1904 2986 1976 approbarunt;
3019 1907 3120 1961 sed
3148 1907 3322 1964 etiam
3355 1925 3417 1966 se
3440 1917 3704 1973 caeteros-

2049 2009 2162 2064 que
2185 1992 2284 2064 qui
2316 1992 2486 2049 nobis
2509 1992 2826 2049 adversarii
2848 1993 3079 2050 fuerant
3102 1997 3494 2070 schphantas
3517 2003 3702 2062 fuisse

2051 2081 2302 2137 confessi
2351 2085 2511 2137 sunt.
2545 2082 2692 2136 Nam
2731 2081 2770 2136 ii
2802 2098 2948 2154 quos
2978 2082 3059 2138 ita
3089 2084 3372 2142 factorum
3404 2091 3697 2163 paenituit,

2049 2175 2106 2225 et
2129 2169 2230 2241 qui
2255 2186 2320 2226 eo
2345 2171 2516 2226 modo
2535 2170 2840 2242 scripsere,
2856 2171 3172 2228 Eusebium
3195 2191 3328 2230 cum
3351 2179 3477 2235 suis
3500 2186 3701 2254 aperte

2050 2263 2329 2331 arguunt,
2377 2259 2730 2331 quibuscum
2785 2261 3276 2332 conspirationem
3333 2271 3536 2324 contra
3591 2287 3699 2328 nos

2050 2347 2237 2403 moliti
2283 2349 2533 2404 fuerant.
2562 2351 2696 2412 Quae
2728 2348 2906 2420 igitur
2937 2368 2968 2404 a
2998 2355 3083 2406 tot
3111 2351 3445 2426 talibusque
3473 2358 3698 2430 episco-

2050 2438 2141 2509 pis
2187 2436 2504 2510 explorata,
2538 2438 2769 2494 decreta
2823 2455 2889 2493 ac
2936 2438 3158 2512 liquido
3204 2442 3496 2502 declarata
3533 2453 3698 2518 sunt,

2051 2543 2544 2597 supervacaneum
2593 2543 2723 2583 esse
2775 2527 2834 2582 in
2875 2528 3168 2597 judicium
3222 2548 3486 2591 revocare
3523 2553 3699 2594 nemo

2051 2632 2165 2670 non
2225 2615 2536 2682 fatebitur;
2589 2632 2660 2670 ne
2707 2615 2756 2670 si
2811 2633 2965 2671 nunc
3021 2634 3252 2691 quoque
3309 2624 3696 2700 examinetur,

2051 2721 2289 2759 rursum
2332 2708 2534 2776 postea
2565 2704 2886 2776 judicetur,
2921 2722 2986 2762 ac
3030 2723 3122 2763 res
3162 2709 3353 2766 denuo
3386 2712 3446 2768 in
3477 2715 3703 2788 disqui-

2051 2792 2324 2849 sitionem
2377 2798 2633 2860 vocetur,
2666 2799 2722 2849 et
2770 2794 2853 2850 sic
2896 2795 2956 2849 in
2997 2795 3292 2855 inﬁnitum
3326 2800 3578 2860 inaniter
3607 2804 3700 2861 in-

2052 2881 2335 2954 quirendo
2367 2883 2734 2954 procedatur.

2119 2972 2173 3025 2.
2209 2972 2310 3026 Sat
2340 2971 2582 3042 quidem
2612 2976 2811 3028 essent
2838 2975 2926 3028 tot
2955 2974 3364 3048 episcoporum
3395 2981 3697 3055 suffragia,

2053 3061 2124 3116 ad
2157 3059 2598 3116 confundendos
2627 3076 2727 3116 eos
2760 3061 2860 3133 qui
2889 3062 3213 3121 etiamnum
3243 3066 3467 3139 aliquid
3498 3075 3704 3128 contra

2054 3167 2161 3204 nos
2193 3147 2558 3204 comminisci
2609 3153 2904 3221 exoptant.
2939 3151 3045 3208 Ubi
3079 3170 3211 3210 vero
3239 3155 3352 3227 ipsi
3382 3159 3700 3216 adversarii

286 3243 423 3318 ὑπὲρ
471 3244 632 3315 ἡμῶν
682 3261 742 3296 τε
787 3239 876 3295 καὶ
929 3240 1044 3294 καθ’
1093 3239 1320 3308 ἑαυτῶν,
1363 3235 1654 3315 φάσκοντες
1705 3239 1772 3292 τὰ
1823 3239 1936 3292 καθ’

2057 3253 2160 3310 pro
2211 3237 2378 3292 nobis
2421 3240 2478 3291 et
2520 3241 2720 3292 contra
2750 3239 2976 3310 seipsos
3014 3224 3418 3299 testimonium
3478 3245 3698 3314 ferunt,

283 3333 449 3404 ἡμῶν
508 3329 642 3384 εἶναι
691 3329 988 3398 συσκευὴν,
1037 3325 1121 3389 τίς
1181 3323 1256 3381 ἔτι
1316 3325 1507 3381 λοιπὸν
1569 3320 1935 3404 ἀμφιϐάλλων

279 3419 388 3475 οὐκ
419 3418 726 3494 αἰσχύνεται
759 3437 774 3486 ;
805 3421 909 3472 Τοῦ
941 3418 1044 3493 γὰρ
1093 3415 1264 3489 νόμου
1304 3412 1624 3477 κελεύοντος
1676 3415 1762 3469 ἐπὶ
1813 3415 1934 3470 στό-

278 3527 456 3582 ματος
513 3503 608 3559 δύο
666 3506 756 3558 καὶ
810 3509 974 3581 τριῶν
1039 3502 1324 3580 μαρτύρων
1371 3501 1617 3558 ’ίστασθαι
1666 3504 1761 3564 τὰς
1816 3502 1936 3576 κρί-

267 3617 414 3666 σεις,
474 3594 592 3650 ἰδοὺ
620 3593 873 3650 τοσοῦτον
921 3593 1135 3664 πλῆθος
1186 3594 1317 3668 ὑπὲρ
1367 3595 1525 3666 ἡμῶν
1578 3593 1688 3647 ἐστι
1733 3591 1934 3669 μαρτύ-

270 3707 415 3764 ρων,
447 3681 578 3762 ἔχον
611 3685 928 3759 προσθήκην
959 3683 1050 3738 καὶ
1097 3683 1197 3752 τὴν
1250 3682 1396 3756 παρὰ
1435 3685 1542 3735 τῶν
1567 3680 1776 3757 ἐχθρῶν
1811 3681 1940 3736 ἀπό-

266 3773 460 3845 δειξινο
514 3771 655 3828 ὥστε
700 3773 790 3827 καὶ
837 3771 967 3834 τοὺς
1019 3769 1488 3845 ὑπολειπομένους
1525 3771 1718 3842 μηκέτι
1767 3791 1935 3844 προσ-

267 3866 424 3940 έχειν
484 3865 590 3931 οἷς,
639 3862 713 3924 ὡς
777 3859 1073 3932 ἠθέλησαν,
1135 3859 1408 3932 ἐδίκασαν,
1457 3857 1605 3913 ἀλλὰ
1666 3857 1937 3935 βιάζεσθαι

270 3950 500 4023 λοιπόν,
531 3951 622 4006 καὶ
655 3951 772 4005 ἀντὶ
805 3955 913 4006 τῶν
947 3947 1190 4026 εὐλόγων
1217 3947 1418 4004 ἀδικεῖν
1449 3947 1578 4011 τοὺς
1611 3945 1939 4024 ἐλέγχοντας

266 4040 493 4104 αὐτούς.
529 4044 699 4101 Τοῦτο
749 4041 853 4115 γὰρ
900 4037 1093 4102 αὐτοὺς
1151 4036 1388 4114 μάλιστα
1428 4036 1611 4109 λυπεῖ,
1646 4035 1937 4114 ἐπειδήπερ

268 4131 415 4206 ἅπερ
466 4127 698 4207 ἔκρυψαν
752 4128 909 4184 αὐτοὶ
955 4128 1274 4203 πράξαντες,
1323 4127 1413 4182 καὶ
1461 4128 1577 4182 καθ’
1627 4126 1848 4189 ἑαυτοὺς
1889 4126 1940 4181 ἐν

266 4219 458 4296 γωνίᾳ
507 4218 802 4290 συνέθεντο,
849 4222 1020 4273 ταῦτα
1066 4215 1286 4286 Οὐάλης
1340 4219 1455 4291 (72)
1503 4216 1592 4272 καὶ
1642 4216 1939 4290 Οὗρσάκιος

268 4309 572 4384 ἐξήγαγον,
623 4307 714 4362 καὶ
765 4304 1111 4381 ἀπεκάλυψαν
1146 4325 1159 4339 ο
1210 4305 1301 4360 καὶ
1353 4302 1521 4360 ἴσασιν
1569 4301 1831 4379 ἀκριϐῶς,
1863 4305 1938 4367 ὡς

265 4401 308 4467 ἡ
342 4396 554 4452 τούτων
612 4396 870 4470 μετάνοια
918 4395 1221 4469 κατακρίνει
1280 4394 1374 4468 μὲν
1425 4392 1687 4462 ἐκείνους,
1738 4391 1942 4448 δικαιοῖ

266 4484 335 4542 δὲ
364 4483 496 4548 τοὺς
525 4482 876 4557 ἀδικηθέντας
927 4485 1053 4559 παρ’
1102 4483 1298 4539 αὐτῶν.
1347 4484 1444 4538 Διὰ
1488 4488 1648 4538 τούτο
1688 4487 1816 4557 γοῦν
1847 4482 1937 4537 καὶ

263 4574 327 4631 ἐν
384 4577 458 4648 τῇ
511 4575 650 4630 κατά
709 4571 985 4648 Σαρδικήν
1045 4571 1251 4645 συνόδῳ
1305 4573 1696 4648 καθῃρέθησαν,
1756 4571 1936 4647 ὥσπερ

263 4660 581 4739 ἔμπροσθεν
634 4661 804 4732 εἶπον,
852 4661 942 4716 καὶ
991 4660 1216 4723 εἰκότως
1263 4680 1345 4736 γε’
1397 4659 1540 4715 οὕτω
1587 4660 1689 4735 γὰρ
1733 4660 1823 4715 καὶ
1883 4662 1936 4715 οἱ

259 4753 400 4810 τότε
460 4757 748 4827 Φαρισαῖοι
784 4797 798 4824 ,
851 4749 1292 4826 ἀπολογούμενοι
1347 4750 1478 4824 ὑπὲρ
1533 4753 1630 4804 τοῦ
1691 4748 1934 4822 Παύλου,

264 4840 585 4917 διήλεγχον
617 4842 718 4912 τὴν
752 4843 953 4896 ἑαυτῶν
1003 4840 1094 4895 καὶ
1142 4843 1251 4894 τῶν
1304 4837 1578 4897 Ἰουδαίων
1623 4841 1740 4894 κατ’
1772 4839 1936 4894 αὐτοῦ

262 4933 582 5011 γενομένην
661 4930 1004 5005 συνωμοσίαν
1040 4949 1052 4963 ·
1107 4928 1282 4992 οὕτως
1340 4930 1367 4983 ὁ
1430 4929 1694 5004 μακάριος
1770 4923 1935 4983 Δαϐἱδ

351 5041 470 5108 (67)
502 5039 749 5096 Ducenti
781 5038 1077 5111 octoginta
1105 5038 1368 5111 quinque
1393 5038 1650 5111 episcopi
1683 5037 1818 5111 huic
1850 5055 1938 5111 sy-

265 5113 438 5170 nodo
469 5111 864 5183 subscripisse
895 5109 1174 5183 dicuntur
1204 5109 1357 5183 infra
1388 5109 1938 5183 postsubscriptio-

260 5201 386 5242 nes
416 5180 818 5254 sardicenses,
851 5181 950 5238 ubi
983 5199 1074 5254 res
1102 5182 1292 5254 fusius
1324 5180 1714 5254 expendetur.
1759 5180 1937 5236 Paulo

307 5259 433 5326 ost,
482 5247 744 5326 Ἀραϐίας
785 5247 984 5309 deerat
1012 5253 1072 5308 in
1104 5252 1295 5321 editis,
1330 5247 1431 5308 sed
1461 5252 1674 5324 legitur
1703 5253 1761 5307 in
1794 5257 1931 5325 Reg.

307 5275 433 5319 OSE,
502 5275 744 5326 Λραοιας
785 5275 984 5309 αξιοι-δι
1013 5275 1072 5308 1n
1104 5275 1114 5307 l

255 5275 461 5395 gasil,
495 5331 553 5382 et
584 5325 839 5382 Felckm.
875 5327 910 5378 7
940 5341 1114 5380 anon.

343 5398 466 5470 (68)
499 5401 636 5471 Reg.
698 5395 974 5471 Βριττίας.
1035 5394 1225 5471 Pau_l_0_
1260 5394 1414 5471 infra
1464 5395 1603 5467 Reg.
1655 5399 1712 5450 et
1758 5394 1936 5451 Basil.

257 5465 760 5541 ἐπεμαρρύτῆσαν,
793 5467 894 5541 alii
923 5484 1058 5541 cum
1089 5466 1262 5522 editis
1293 5465 1687 5541 ἐμαρτύρησαν.

346 5489 377 5523 ε
427 5489 491 5540 αρ
535 5489 760 5538 υτησαν,
793 5489 888 5523 aui
923 5489 1058 5524 cum
1089 5489 1262 5522 emus
1293 5489 1687 5541 εμαρτυρησαν.

345 5489 468 5615 (θιθ)
499 5489 565 5596 in
613 5539 787 5597 editis
836 5539 929 5592 κάῖ
978 5540 1161 5604 deest,
1193 5554 1299 5593 nos
1350 5555 1417 5592 ex
1467 5539 1609 5610 Reg.
1645 5537 1939 5611 SUpplevi-

504 5682 580 5739 Τὰ
607 5678 788 5739 τοίνυν
823 5680 925 5737 ὑπὸ
953 5678 1250 5738 τοσούτων.
1281 5679 1375 5739 Sic
1406 5681 1545 5755 Reg.
1580 5685 1639 5740 et
1674 5680 1757 5740 ita
1805 5680 1947 5756 legit

2047 3327 2422 3397 fatenturque
2470 3343 2597 3397 quae
2635 3331 2839 3382 contra
2869 3344 2976 3383 nos
3007 3329 3197 3386 delata
3226 3336 3366 3386 sunt
3397 3349 3526 3389 esse
3555 3351 3699 3391 con-

2048 3414 2453 3487 spirationem,
2486 3415 2619 3485 quis
2669 3418 2871 3486 postea
2916 3416 3025 3472 hac
3075 3419 3147 3474 de
3191 3435 3251 3475 re
3283 3420 3370 3476 vel
3401 3422 3699 3496 ambigere

2047 3520 2162 3559 non
2193 3502 2543 3558 erubuerit?
2588 3504 2736 3575 Lege
2766 3504 2922 3559 enim
2949 3505 3195 3574 jubente
3224 3507 3283 3562 in
3316 3525 3414 3565 ore
3444 3509 3696 3568 duorum

2045 3590 2135 3648 vel
2167 3592 2345 3647 trium
2395 3592 2634 3647 testium
2676 3593 2905 3662 judicia
2952 3596 3360 3654 constituenda
3391 3615 3541 3669 esse,
3567 3617 3699 3657 ecce

2049 3684 2214 3735 tanta
2260 3680 2500 3736 testium
2541 3697 2645 3752 pro
2678 3682 2848 3738 nobis
2879 3683 3046 3739 adest
3075 3685 3412 3755 multitudo,
3447 3689 3539 3744 cui
3570 3689 3702 3763 ipsa

2047 3769 2422 3824 inimicorum
2455 3769 2764 3826 declaratio
2795 3771 3193 3830 additamento
3224 3780 3349 3843 est;
3392 3777 3474 3833 ita
3504 3783 3570 3834 ut
3610 3796 3702 3836 re-

2047 3857 2196 3929 liqui
2251 3874 2321 3913 ex
2367 3858 2715 3914 adversariis
2761 3859 2904 3914 nihil
2955 3862 3109 3917 ultra
3138 3865 3441 3922 attendant
3469 3867 3542 3924 iis
3572 3885 3702 3940 qua

2049 3947 2286 4019 ipsimet
2311 3965 2409 4019 pro
2432 3947 3044 4019 libidinejudicavere,
3070 3955 3168 4008 sed
3196 3969 3263 4008 eo
3285 3954 3524 4011 demum
3548 3972 3704 4012 com-

2049 4035 2344 4108 pellantur
2395 4042 2480 4104 ut,
2511 4037 2635 4092 vice
2683 4043 3211 4097 consentanearum
3255 4041 3571 4116 rationum,
3603 4061 3705 4102 eos

2050 4125 2151 4196 qui
2182 4143 2244 4181 se
2265 4125 2620 4182 convincunt
2640 4127 2872 4198 injuriis
2894 4128 3175 4186 afficiant.
3201 4129 3350 4187 Illud
3376 4133 3535 4189 enim
3556 4133 3703 4206 ipsis

2051 4215 2304 4271 maxime
2352 4215 2663 4271 molestum
2709 4220 2815 4285 est,
2851 4219 3007 4289 quod
3045 4234 3174 4290 quae
3205 4236 3239 4274 a
3267 4237 3330 4276 se
3359 4221 3509 4278 clam
3539 4227 3707 4296 gesta

2050 4309 2105 4360 et
2135 4305 2193 4359 in
2223 4303 2437 4377 angulo
2471 4307 2693 4360 structa
2722 4310 2881 4373 sunt,
2916 4306 3037 4363 haec
3065 4307 3280 4365 Valens
3324 4314 3383 4366 et
3424 4311 3703 4369 Ursacius

2050 4392 2246 4466 palam
2278 4393 2519 4450 fecerint
2539 4411 2605 4450 ac
2636 4393 2980 4450 revelarint:
3015 4399 3072 4452 et
3101 4398 3365 4469 apprime
3394 4403 3614 4457 norunt
3641 4415 3706 4458 se

2051 4482 2289 4553 quidem
2317 4481 2550 4538 illorum
2572 4482 2915 4554 pcenitentia
2935 4484 3234 4555 damnari,
3259 4503 3358 4543 eos
3385 4491 3581 4544 autem
3603 4489 3705 4560 qui

1967 4595 2016 4662 Β
2051 4589 2085 4628 a
2115 4588 2177 4628 se
2207 4571 2424 4643 injuria
2457 4571 2644 4627 affecti
2677 4571 2911 4628 fuerant
2960 4573 3225 4630 innoxios
3273 4575 3575 4632 declarari.
3611 4579 3704 4634 Id-

2047 4660 2200 4717 circo
2233 4660 2291 4716 in
2324 4661 2658 4717 Sardicensi
2689 4661 2910 4733 synodo
2941 4663 3192 4735 depositi
3225 4669 3382 4734 sunt,
3417 4667 3502 4721 uti
3533 4659 3706 4740 supe-

2047 4750 2172 4806 rius
2203 4749 2344 4818 dixi,
2378 4755 2436 4806 et
2459 4750 2593 4821 jure
2622 4751 2860 4822 quidem
2899 4769 2911 4806 :
2943 4768 3080 4807 nam
3112 4752 3195 4808 sic
3225 4753 3364 4809 olim
3394 4755 3701 4829 Pharisaei,

2046 4841 2186 4896 dum
2211 4839 2461 4895 Paulum
2492 4839 2892 4907 defenderent,
2918 4857 3086 4896 suam
3111 4841 3571 4916 Judzeorumque
3599 4846 3704 4901 ad-

2044 4946 2249 4984 versus
2297 4929 2464 4984 illum
2504 4928 2967 4999 conjurationem
2999 4930 3417 5002 patefecerunt.
3454 4932 3537 4988 lta
3567 4933 3703 4990 bea-

2047 5037 2192 5091 Nan.
2229 5035 2401 5091 Basil.
2447 5033 2517 5088 τά
2558 5055 2647 5086 νυν
2701 5033 2803 5087 ὑπὸ
2842 5035 3136 5090 τοσούτων.
3175 5036 3326 5092 Editi
3357 5053 3491 5093 vero
3514 5037 3583 5090 τὰ
3611 5059 3700 5092 νυν

2046 5106 2170 5181 περὶ
2219 5105 2514 5160 τοσούτων.
2539 5107 2674 5170 Quae
2706 5106 2876 5162 lectio
2903 5106 3129 5181 7&“VUV,
3161 5108 3210 5162 si
3240 5109 3497 5180 genuina
3528 5115 3701 5176 esset,

2049 5178 2264 5234 novum
2310 5183 2733 5252 argumentum
2775 5178 3176 5252 suppeditaret
3221 5178 3292 5234 ad
3333 5181 3702 5252 probandum

2049 5252 2198 5324 hanc
2227 5248 2552 5324 Apolo'gz‘qm
2599 5248 2773 5321 paulo
2795 5248 2947 5324 post
2975 5248 3380 5324 Sardicensem
3412 5253 3702 5324 synodum

2050 5323 2232 5396 fuisse
2263 5321 2813 5392 conscriptam,sed
2872 5323 3062 5394 magis
3121 5322 3338 5377 arridet
3394 5321 3558 5396 Regii
3616 5325 3703 5380 le-

2050 5393 2184 5449 ctio.

2123 5466 2237 5536 (71)
2276 5460 2581 5532 Ἐξετασθῆ,
2621 5482 2726 5536 *και
2782 5460 3165 5536 οὕτωςκΗεΒο
3220 5478 3350 5536 quae
3407 5465 3465 5518 in
3525 5465 3699 5522 editis

2051 5534 2289 5607 deerant
2320 5552 2408 5590 ex.
2441 5551 2588 5607 mss,
2619 5534 2756 5607 Reg.
2791 5534 3050 5607 etABasil.
3085 5534 3337 5590 mutuati
3368 5551 3598 5594 sumus.
3633 5537 3697 5600 In

2055 5606 2228 5680 Basil.
2261 5605 2475 5680 legitur
2501 5605 2653 5680 αὖθις
2682 5603 2786 5680 pro
2817 5603 3014 5670 οὕτως.

2125 5679 2236 5752 (72)
2267 5673 2406 5753 Ηὲε.
2440 5673 2588 5752 Βάλη
2602 5697 2646 5740 ς.
