4178 6378
464 344 579 405 2⁸1

1000 336 1068 401 S.
1115 332 1543 400 ATHANASII
1586 332 1763 398 OPP.
1804 330 2012 397 PARS
2055 330 2105 396 Ι.
2137 366 2217 381 -
2246 334 2670 398 HISTORICA
2711 336 2809 402 ET
2849 332 3334 400 DOGMATICA.

3760 342 3886 405 252

466 479 599 532 tum
629 452 809 532 liavid
836 472 1057 545 injuste
1087 469 1555 543 persecutionem
1587 484 1829 542 passum
1858 484 1986 525 esse
2016 484 2108 541 pa-

2232 463 2447 543 ἐδείχθη
2488 463 2659 540 μάτην
2694 463 3048 543 διωκόμενος,
3080 467 3317 539 ὁπηνίκα
3346 468 3375 524 ὁ
3406 465 3619 525 διώκων
3652 468 3882 545 ὦμολό-

464 565 583 620 lam
617 565 748 629 fuit,
781 562 880 618 ubi
913 562 1038 633 ipse
1068 563 1405 633 persecutor
1431 558 1735 614 veritatem
1782 557 1875 613 his
1926 556 2120 613 verbis

467 652 775 708 confessus
807 653 895 705 est
926 665 939 703 :
990 650 1238 716 Peccavi,
1269 648 1377 718 ﬁlii
1403 648 1488 703 mi
1515 648 1693 703 David
1718 647 1784 700 ⁵⁷.
1815 646 1910 700 Sic
1938 645 2118 702 etisti

468 741 542 796 ab
586 740 717 809 ipsa
764 738 1001 794 veritate
1049 736 1277 800 devicti,
1310 736 1542 792 veniam
1590 740 1889 808 rogarunt,
1924 750 1992 790 ac
2029 750 2119 788 re-

467 828 752 901 scriptum
771 827 880 883 hac
895 828 963 882 de
984 842 1046 882 re
1059 827 1083 881 J
1095 825 1211 881 ulio
1225 824 1420 881 Romae
1437 826 1714 897 episcopo
1730 823 2116 880 tradiderunt.

467 917 842 990 Scripserunt
889 920 1084 971 autem
1133 919 1190 970 et
1219 914 1389 970 nobis
1420 914 1789 986 postulantes
1821 917 1887 969 ut
1916 926 2119 986 pacem

464 1007 773 1063 nobiscum
804 1004 1106 1072 haberent,
1136 1003 1237 1075 qui
1267 1007 1355 1060 tot
1378 1008 1659 1075 tantaque
1689 1004 1761 1058 de
1791 1002 1962 1058 nobis
1993 1018 2119 1073 per-

461 1095 791 1168 vulgarant.
836 1094 903 1149 Et
949 1092 1189 1165 quidem
1240 1091 1504 1148 fortassis
1552 1092 1675 1162 jam
1724 1091 2115 1158 erubescunt;

465 1184 606 1256 quia
627 1199 777 1258 quos
806 1183 878 1238 de
908 1182 1101 1238 medio
1130 1180 1332 1238 tollere
1360 1182 1727 1251 studuerant,
1752 1180 1859 1237 hos
1883 1178 2118 1235 Domini

462 1274 655 1347 gratia
698 1271 1047 1344 superstites
1078 1274 1346 1326 cernunt.
1377 1270 1584 1325 Arium
1632 1274 1827 1325 autem
1869 1268 2118 1341 ejusque

462 1362 733 1419 heresim
781 1360 1158 1416 anathemate
1197 1360 1574 1422 damnarunt,
1604 1358 1664 1413 id
1695 1361 2119 1429 consequenter

462 1455 730 1525 agentes:
751 1467 885 1506 cum
908 1448 1065 1505 enim
1088 1448 1402 1518 scirent,ob
1430 1446 1651 1503 nullam
1674 1446 1851 1503 aliam
1875 1463 2115 1502 causam

463 1540 636 1596 nobis
659 1537 982 1595 Eusebium
1007 1553 1142 1593 cum
1166 1537 1289 1593 suis
1318 1535 1564 1592 insidias
1594 1535 1912 1607 paravisse,
1935 1552 2113 1607 quam

460 1629 534 1685 ob
566 1644 737 1685 suam
768 1627 1132 1699 impietatem
1158 1644 1171 1693 ;
1205 1642 1340 1680 cum
1369 1625 1609 1680 tandem
1641 1624 1990 1680 statuissent
2018 1641 2113 1679 ca-

457 1716 751 1773 lumniam
796 1716 1105 1770 adversum
1138 1730 1245 1770 nos
1275 1716 1558 1769 structam
1592 1712 1879 1780 conﬁteri,
1911 1714 2113 1769 statim

457 1804 686 1861 Christo
716 1803 1019 1860 inimicam
1048 1802 1338 1871 haeresim,
1363 1802 1534 1873 cujus
1562 1802 1754 1875 gratia
1774 1802 1910 1857 ficta
1939 1801 2110 1857 nobis

455 1894 705 1951 crimina
751 1893 1173 1965 imposuerant,
1207 1891 1595 1964 abnegarunt.
1627 1893 1762 1959 Quae
1805 1894 2000 1947 autem
2032 1890 2107 1946 ab

451 1982 744 2058 episcopis
763 1999 867 2056 pro
889 1980 1058 2037 nobis
1077 1980 1138 2035 in
1159 1980 1405 2037 diversis
1425 1980 1667 2053 synodis
1692 1980 1910 2053 scripta
1930 1983 2102 2049 sunt;

453 2078 513 2130 et
539 2072 729 2145 primo
757 2088 886 2144 quae
915 2070 990 2127 ab
1018 2068 1325 2143 Egyptiis,
1356 2068 1478 2125 hec
1508 2075 1650 2126 sunt
1682 2087 1695 2126 :

905 2195 1007 2251 90
1059 2194 1309 2251 SANCTA
1352 2193 1653 2253 SYNODUS

453 2285 806 2343 Alexandriae
853 2291 1178 2357 congregata
1219 2299 1289 2340 ex
1316 2283 1566 2357 Egyptq,
1604 2282 1891 2357 Thebaide,
1928 2284 2106 2357 Libya

525 2366 578 2413 et
613 2357 922 2429 Pentapoli,
961 2355 1240 2429 'omnibua
1269 2356 1469 2429 ubique
1496 2355 1770 2429 Ecclesia
1816 2355 2105 2429 catholica:

525 2426 811 2501 episcopis,
840 2427 1051 2501 dilectis
1097 2443 1162 2482 ac
1205 2426 1689 2483 desideratissimis
1734 2428 2002 2497 fratribus
2039 2430 2105 2483 in

525 2498 777 2568 Domiiw,
809 2498 1069 2555 salutem.

523 2625 578 2679 3.
608 2623 954 2680 Poteramus
986 2622 1246 2694 quidem,
1279 2620 1477 2677 dilecti
1520 2621 1746 2692 fratres,
1780 2621 1956 2678 etiam
1986 2626 2103 2680 sta-

452 2712 563 2768 tim
610 2712 682 2767 ab
725 2710 893 2765 initio
940 2708 1202 2765 conflatis
1254 2709 1317 2764 in
1365 2709 1754 2764 Athanasium
1794 2711 2103 2768 commini-

453 2805 647 2858 strum
670 2803 940 2856 nostrum
963 2797 1434 2870 conspirationis,
1451 2801 1551 2852 aut
1571 2802 1702 2870 post
1722 2802 1847 2869 ejus
1866 2799 2106 2857 Alexan-

455 2889 646 2944 driam
702 2888 1059 2960 ingressum,
1094 2885 1343 2942 crimina
1382 2884 1604 2941 diluere
1633 2902 1761 2958 quae
1791 2888 2102 2944 Eusebiani

452 2976 516 3033 in
574 2976 741 3033 illum
802 2974 1095 3031 malitiose
1149 2974 1528 3041 confixerant,
1563 2991 1629 3030 ac
1676 2991 1810 3031 cum
1863 2974 1980 3032 illis
2032 2977 2104 3032 de

452 3065 887 3123 calamitatibus
908 3080 1057 3137 quas
1082 3064 1193 3136 ipsi
1214 3062 1535 3119 intulerant
1555 3063 1944 3137 expostulare,
1968 3081 2104 3122 nec-

452 3172 570 3212 non
601 3153 929 3211 calumnias
961 3168 1164 3209 omnes
1194 3152 1475 3208 adversus
1496 3167 1630 3209 eum
1662 3157 1919 3209 structas
1948 3159 2104 3227 pate-

2140 1851 2188 1917 B

2231 576 2368 630 γησε
2426 554 2628 631 λέγων’
2686 559 2961 631 ’Ἠμαρτον
3011 601 3025 626 ,
3082 556 3263 611 τέκνον
3318 552 3485 612 Δαϐίδ
3521 576 3535 590 ·
3596 556 3740 614 οὕτω
3791 558 3885 616 καὶ

2232 645 2382 699 οὗτοι
2435 646 2739 715 νικηθέντες
2801 645 2903 701 ὑπὸ
2956 653 3057 715 τῆς
3125 644 3385 715 ἀληθείας
3444 646 3682 719 ἠξίωσαν
3718 694 3733 722 ,
3791 648 3884 717 καὶ

2228 735 2526 809 γράψαντες
2578 730 2964 789 ἐπιδεδώκασιν
3013 732 3230 807 Ἰουλίῳ
3275 739 3354 807 τῷ
3413 736 3695 811 ἐπισκόπῳ
3748 739 3884 793 Ῥώ-

2233 844 2361 896 μης.
2396 826 2674 898 ’Ἑγραψαν
2709 820 2766 878 δὲ
2794 823 2885 878 καὶ
2932 826 3067 897 ἡμῖν
3112 824 3383 894 ἀξιοῦντες
3430 822 3576 903 ἔχειν
3612 828 3712 897 τὴν
3745 828 3886 902 πρὸς

2227 914 2377 987 ἡμᾶς
2417 912 2662 987 εἰρήνην,
2713 913 2765 967 οἱ
2810 917 3048 968 τοσαῦτα
3097 910 3503 988 θρυλλήσαντες
3532 933 3545 946 °
3596 916 3687 971 καὶ
3735 917 3883 994 τάχα

2226 1002 2317 1057 καὶ
2345 1005 2437 1057 νῦν
2471 1001 2822 1077 ἐρυθριῶντες
2855 998 2994 1056 διότι
3037 1001 3129 1065 οὓς
3183 1001 3451 1074 ἐζήτησαν
3490 1002 3726 1077 ἀνελεῖν,
3754 1006 3881 1061 τού-

2223 1112 2355 1153 τους
2406 1094 2477 1164 τῇ
2536 1091 2723 1167 χάριτι
2793 1094 2891 1145 τοῦ
2967 1091 3165 1166 Κυρίου
3240 1096 3442 1163 ζῶντας
3501 1094 3670 1169 ὁρῶσι
3704 1139 3717 1153 .
3776 1097 3877 1151 Καὶ

2226 1181 2441 1257 ’Ἄρειον
2477 1177 2536 1234 δὲ
2584 1180 2675 1236 καὶ
2722 1182 2825 1250 τήν
2875 1178 3075 1254 αἵρεσιν
3116 1180 3523 1255 ἀνεθεμάτισαν,
3558 1181 3879 1248 ἀκολούθως

2223 1273 2386 1325 τοῦτο
2416 1274 2723 1332 ποιοῦντεςο
2758 1267 2963 1332 εἰδότες
3008 1270 3136 1346 γὰρ,
3183 1271 3259 1333 ὡς
3312 1268 3381 1326 δι’
3424 1269 3579 1341 οὐδὲν
3607 1269 3791 1350 ἕτερον
3824 1274 3879 1330 οἱ

2224 1357 2348 1431 περὶ
2406 1352 2664 1414 Εὐσέϐιον
2723 1361 2859 1431 ἡμῖν
2917 1354 3274 1416 ἐπεϐούλευον
3331 1359 3368 1430 ἢ
3429 1358 3519 1416 διὰ
3573 1364 3673 1431 τὴν
3734 1360 3874 1419 ἰδίαν

2226 1448 2428 1502 ἑαυτῶν
2483 1442 2726 1502 ἀσέϐειαν
2759 1467 2770 1479 ·
2834 1448 2976 1518 ἅπαξ
3031 1449 3306 1524 κρίναντες
3372 1448 3726 1527 ὁμολογῆσαι
3773 1454 3876 1521 τὴν

2223 1538 2340 1591 καθ’
2395 1539 2555 1611 ἡμῶν
2613 1536 2989 1616 συκοφαντίαν,
3050 1537 3205 1601 εὐθὺς
3263 1540 3573 1613 ἠρνήσαντο
3629 1540 3721 1597 καὶ
3772 1543 3874 1611 τήν

2223 1627 2611 1702 Χριστομάχον
2661 1624 2862 1702 αἰρεσιν
2914 1625 2984 1682 δι’
3030 1629 3091 1697 ἢν
3139 1628 3230 1682 καὶ
3282 1628 3349 1683 τὰ
3395 1630 3513 1683 καθ’
3562 1631 3725 1702 ἡμῶν
3775 1631 3880 1687 ὑπ-

2225 1713 2498 1787 εκρίναντο
2526 1757 2538 1769 .
2590 1716 2667 1770 Τὰ
2714 1716 2809 1790 μὲν
2861 1714 2951 1771 οὖν
2993 1717 3266 1796 γραφέντα
3305 1718 3452 1791 παρᾶ
3493 1721 3602 1774 τῶν
3652 1716 3881 1783 ἐπισκό-

2221 1824 2338 1858 πων
2375 1804 2506 1880 ὑπὲρ
2533 1807 2694 1878 ἡμῶν
2720 1806 2857 1860 κατὰ
2904 1803 3196 1884 διαφόρους
3242 1803 3523 1878 συνόδους,
3554 1808 3643 1863 καὶ
3681 1812 3877 1885 πρῶτα

2212 1893 2281 1946 τὰ
2306 1897 2415 1948 τῶν
2451 1893 2787 1969 Αἰγυπτίων,
2820 1892 2931 1950 ἔστι
2958 1892 3087 1951 τάδε
3114 1898 3256 1970 (73).

2743 2150 2788 2200 Η
2828 2147 2989 2204 ΛΓΙΔ
3034 2151 3340 2202 ΣΥΝΟΔΟΣ

2213 2236 2275 2290 Ἥ
2334 2233 2385 2289 ἐν
2448 2230 2822 2312 Ἀλεξανδρείᾳ
2877 2236 3475 2312 συναχθεῖσα-ἀπόΑτε
3524 2244 3629 2309 τῆς
3662 2238 3862 2312 ,Αἰγό-

2334 2260 2385 2289 εν
2464 2260 2822 2310 ΔΛεςανορειᾳ
2877 2260 3199 2312 συναχῠεισα
3255 2260 3362 2292 απο
3416 2260 3475 2293 τε
3524 2260 3629 2309 της
3686 2260 3759 2295 At
3803 2260 3862 2293 0-

2286 2327 2442 2382 πτου,
2494 2307 2585 2363 καὶ
2636 2313 2740 2376 τῆς
2788 2303 3096 2382 Θηϐαΐδος,
3149 2307 3240 2363 καὶ
3298 2303 3539 2382 Λιϐύης,
3587 2310 3679 2366 καὶ
3738 2260 3866 2365 [ἵεν-

2282 2378 2616 2455 τᾳπόλεωςμ,
2672 2382 2791 2455 τοῖς
2850 2379 3164 2455 ἅπανταχοῦ
3220 2386 3321 2449 τῆς
3389 2378 3693 2455 καθολικῆς
3738 2383 3870 2455 ,Ἐκ-

2282 2448 2518 2526 κλησίας
2567 2449 2905 2526 ἐπισκόποις,
2959 2448 3283 2526 ἀγαπητοῖς
3320 2451 3411 2505 καὶ
3466 2448 3872 2518 ποθεινοτάτοις

2286 2519 2544 2600 ἀδελφοῖς
2575 2521 2626 2576 ἐν
2658 2521 2863 2595 Κυρίῳ,
2894 2519 3108 2598 χαίρειν
3140 2524 3195 2596 (7
3726 2534 3729 2537 ’

2285 2614 2339 2667 3.
2370 2608 2704 2684 Ἦδυνάμεθα
2756 2610 2849 2684 μὲν
2877 2654 2892 2680 ,
2944 2610 3218 2686 ἀγαπητοὶ
3278 2608 3527 2690 ἀδελφοὶ,
3585 2612 3676 2668 καὶ
3733 2615 3873 2668 κατὰ

2209 2700 2311 2769 τὴν
2345 2700 2522 2775 ἀρχὴν
2555 2700 2668 2771 ἅμα
2712 2702 2792 2771 τῷ
2840 2701 3259 2768 συσκευασθῆναι
3308 2700 3401 2755 τὸν
3442 2698 3869 2778 συλλειτουργὸν

2212 2792 2373 2863 ἡμῶν
2430 2790 2734 2845 Ἀθανάσιον
2769 2834 2785 2861 ,
2837 2788 2872 2857 ἢ
2930 2789 3021 2843 καὶ
3086 2790 3220 2862 μετά
3272 2789 3335 2844 τδ
3390 2789 3646 2845 εἰσελθεῖν
3708 2791 3867 2847 αὐτὸν

2214 2878 2289 2940 εἷς
2366 2879 2465 2948 τήν
2538 2874 2944 2951 Ἀλεξάνδρειαν
2992 2924 3006 2948 ,
3064 2875 3511 2953 ἀπολογήσασθαι
3587 2881 3713 2955 περὶ
3787 2881 3866 2935 ὧν

2213 2968 2660 3023 συνεσκευάσαντο
2715 2965 2861 3038 αὐτῷ
2907 2967 2961 3021 οἱ
3014 2967 3139 3042 περὶ
3198 2962 3475 3042 Εὐσέϐιον,
3533 2968 3624 3023 καὶ
3680 2968 3861 3037 αἰτιά-

2213 3058 2398 3112 σασθαι
2447 3056 2571 3131 περὶ
2621 3057 2693 3110 ὧν
2743 3054 2977 3111 πέπονθε
3003 3062 3127 3131 παρ’
3171 3054 3370 3128 αὐτῶν,
3399 3057 3491 3113 καὶ
3544 3055 3712 3128 δεῖξαι
3756 3058 3864 3112 πά-

2211 3167 2306 3209 σας
2352 3146 2448 3201 τὰς
2500 3145 2866 3220 γεγενημένας
2925 3145 3038 3218 (75)
3085 3147 3201 3201 κατ’
3256 3145 3421 3202 αὐτοῦ
3479 3146 3861 3225 συκοφαντίας.

451 3245 659 3301 facere.
684 3244 794 3299 Sed
828 3242 969 3315 quia
996 3246 1137 3297 tunc
1166 3240 1450 3313 temporis
1482 3241 1538 3296 id
1571 3241 1803 3313 negotia
1835 3222 2106 3316 non—per-

2224 3232 2433 3305 Ἐπειδὴ
2468 3232 2527 3289 δὲ
2552 3233 2676 3289 τότε
2724 3234 2819 3307 μὲν
2865 3233 2964 3289 οὐκ
3013 3232 3272 3310 ἐπέτρεπε
3314 3236 3382 3290 τὰ
3419 3222 3735 3315 πράγματα,
3786 3235 3867 3298 ὡς

449 3332 787 3400 mittebant,
818 3337 883 3388 ut
909 3347 1012 3388 vos
1041 3330 1155 3403 ipsi
1185 3330 1349 3386 scitis
1382 3347 1395 3386 :
1430 3347 1585 3386 nunc
1615 3347 1747 3387 vero
1780 3337 1912 3404 post
1941 3333 2099 3388 redi-

445 3425 575 3479 tum
604 3421 908 3478 Athanasii
940 3419 1193 3493 episcopi
1241 3419 1631 3475 existimanus
1677 3419 1808 3476 illos
1857 3421 1929 3477 de
1976 3428 2097 3478 tam

446 3511 666 3584 apertis
685 3510 813 3567 suis
838 3508 1143 3581 injustitiis
1174 3509 1395 3581 pudore
1420 3507 1683 3564 suffundi
1704 3525 1770 3566 ac
1799 3511 2100 3568 erubesce-

445 3617 529 3667 re,
559 3600 775 3656 idcirco
824 3599 1118 3655 silendum
1169 3597 1278 3653 rati
1327 3613 1558 3653 sumus.
1591 3601 1734 3653 Cum
1787 3614 1920 3655 vero
1969 3605 2099 3673 post

444 3691 643 3745 tantas
669 3687 779 3747 viri
810 3686 1198 3753 calamitates,
1244 3691 1380 3759 post
1408 3687 1536 3759 ejus
1574 3687 1633 3743 in
1664 3687 1881 3744 Gallias
1910 3689 2098 3761 profe-

446 3777 721 3844 ctionem,
746 3781 879 3850 post
905 3777 1107 3843 vitam,
1131 3775 1333 3832 relicta
1364 3775 1570 3849 patria,
1605 3777 1758 3849 apud
1791 3782 2095 3835 extraneos

444 3881 512 3922 ac
534 3881 770 3938 peregre
792 3869 1015 3934 actam;
1045 3869 1358 3937 postquam
1382 3865 1454 3921 ob
1480 3865 1743 3937 ipsorum
1767 3867 2095 3923 calumnias

440 3955 537 4011 vix
561 3959 804 4011 mortem
829 3953 1150 4026 effugisset,
1172 3953 1286 4010 nisi
1307 3953 1634 4010 humanum
1656 3960 1866 4013 nactus
1888 3957 2096 4013 fuisset

441 4044 856 4117 imperatorem
882 4060 897 4110 ;
930 4043 1147 4115 quibus
1170 4058 1311 4099 sane
1337 4042 1613 4099 inimicus
1635 4044 1882 4117 quilibet
1912 4062 2095 4118 quan-

2208 3322 2322 3379 ἷ’στε
2345 3324 2436 3379 καὶ
2478 3324 2654 3398 ὑμεῖς·
2687 3327 2777 3377 νῦν
2819 3320 2877 3378 δὲ
2924 3322 3222 3397 νομίζομεν
3278 3325 3412 3398 μετὰ
3454 3326 3554 3394 τήν
3601 3321 3865 3383 ἐπάνοδον

2210 3412 2525 3470 Ἀθανασίου
2598 3417 2695 3467 τοῦ
2773 3411 3070 3469 ἐπισκόπου
3127 3410 3534 3487 δυσωπεῖσθαι,
3591 3413 3682 3470 καὶ
3741 3412 3865 3490 ἐρυ-

2207 3504 2356 3577 θριᾷν
2414 3501 2610 3563 αὐτοὺς
2655 3500 2744 3556 ἐπὶ
2801 3500 2944 3556 οὕτω
2994 3506 3245 3580 φανεροῖς
3299 3501 3474 3562 αὐτῶν
3535 3499 3863 3576 ἀδικήμασι,

2205 3591 2401 3647 τούτου
2458 3590 2631 3645 ἕνεκεν
2691 3595 2843 3666 σιγᾷν
2904 3590 3126 3654 ἑαυτοὺς
3200 3590 3487 3664 ἐπείσαμεν
3516 3633 3530 3649 .
3592 3590 3742 3647 Ἐπεὶ
3799 3587 3865 3645 δὲ

2211 3682 2344 3755 μετὰ
2390 3682 2504 3755 (76)
2534 3681 2597 3734 τὸ
2646 3681 2831 3735 παθεῖν
2890 3683 3123 3735 τοσαῦτα
3165 3680 3258 3735 τὸν
3312 3677 3501 3753 ἄνδρα,
3560 3681 3695 3753 μετά
3750 3679 3855 3749 τὴν

2204 3770 2282 3833 εἰς
2331 3768 2569 3832 Γαλλίας
2620 3765 2956 3843 ἀποδημίαν,
2992 3769 3126 3843 μετὰ
3155 3771 3255 3839 τὴν
3303 3768 3391 3825 ἐπὶ
3423 3768 3577 3840 ξένης
3610 3769 3728 3823 ἀντὶ
3755 3776 3861 3839 τῆς

2206 3858 2410 3921 οἰκείας
2460 3858 2551 3913 καὶ
2598 3857 2937 3935 ποῤῥωτάτω
2987 3852 3292 3933 διατριϐὴν,
3352 3857 3485 3931 μετὰ
3540 3858 3603 3911 τὸ
3655 3853 3858 3932 ὀλίγου

2204 3946 2313 4004 δεῖν
2344 3947 2501 4002 αὐτὸν
2535 3947 2816 4002 ἀποθανεῖν
2869 3945 2928 4001 ἐκ
2977 3951 3083 4002 τῶν
3136 3941 3410 4002 διαϐολῶν
3458 3945 3656 4019 αὐτῶν,
3693 3944 3742 4000 εἰ
3777 3946 3855 4019 μὴ

2208 4034 2478 4113 βασιλέως
2527 4033 2689 4112 ἔτυχε
2738 4034 3148 4113 φιλανθρώπου,
3210 4035 3290 4113 ἐφ’
3336 4026 3426 4097 ὀἶς
3486 4034 3546 4090 ἂν
3603 4036 3695 4089 καὶ
3749 4039 3859 4096 πᾶς

2203 4127 2398 4203 ἐχθρὸς
2432 4125 2688 4200 ἐκορέσθη
2720 4123 2815 4181 κᾶν
2863 4125 2955 4181 τὸν
3001 4125 3171 4199 θυμὸν
3221 4124 3528 4200 ὠμότατος,
3579 4123 3679 4179 οὐκ
3731 4122 3856 4198 ἐρυ-

439 4237 558 4278 non
580 4221 948 4291 erubescant,
963 4221 1062 4277 sed
1088 4238 1324 4277 rursum
1346 4220 1405 4276 in
1424 4221 1740 4279 Ecclesiam
1765 4228 1822 4279 et
1844 4223 1901 4279 in
1918 4224 2093 4281 Atha-

2224 4220 2440 4292 >ριῶσιν,
2493 4212 2639 4269 ἀλλὰ
2684 4213 2849 4270 πάλιν
2901 4213 3350 4270 ἐπινεανιεύονται
3400 4214 3537 4271 κατὰ
3579 4221 3683 4284 τῆς
3733 4214 3857 4277 Ἐκ-

439 4309 673 4368 nasium
704 4309 964 4378 saeviant,
1001 4327 1067 4366 ac
1096 4308 1259 4365 illius
1290 4309 1692 4367 liberationem
1723 4328 1872 4385 aegre
1904 4312 2092 4369 feren-

2224 4303 2432 4377 ιλησίας
2484 4305 2575 4359 καὶ
2621 4308 2718 4358 τοῦ
2769 4301 2960 4379 ἀνδρὸς
3007 4306 3138 4379 (77),
3181 4306 3273 4359 καὶ
3326 4305 3463 4379 πρὸς
3510 4304 3611 4372 τὴν
3668 4299 3855 4385 ἄφεσιν

436 4404 547 4470 tes,
577 4399 861 4456 atrociora
882 4399 1071 4455 denuo
1094 4398 1412 4455 moliantur
1434 4416 1447 4455 :
1480 4401 1856 4473 promptique
1877 4401 1997 4457 sint
2017 4401 2088 4458 ad

2224 4398 2621 4471 ιγανακτοῦντες
2678 4393 3113 4471 αότοῦ,χείροσιν
3170 4391 3511 4468 ἐπιτολμῶσι
3558 4389 3854 4468 δευτέροις·

438 4488 606 4546 illum
638 4489 1060 4558 accusandum,
1080 4503 1185 4544 nec
1205 4489 1455 4546 timeant
1472 4489 1618 4545 illud
1642 4491 1797 4562 quod
1824 4491 1881 4546 in
1906 4490 2090 4547 sacris

2224 4484 2289 4540 ιαὶ
2319 4487 2689 4560 κατηγοροῦσι
2725 4482 2818 4557 μὶν
2848 4483 3110 4560 εὐχερῶς,
3161 4482 3223 4538 οὗ
3274 4476 3569 4561 φοϐοῦνται
3601 4477 3658 4536 δὲ
3685 4478 3748 4536 τὰ
3801 4478 3855 4535 ἐν

435 4577 647 4635 litteris
677 4578 963 4651 scriptum
995 4582 1086 4634 est
1120 4594 1133 4634 :
1168 4580 1335 4635 Testis
1357 4582 1533 4650 falsus
1559 4595 1668 4634 non
1707 4580 1812 4635 erit
1842 4582 2091 4653 impuni-

2224 4579 2313 4636 ἀῖς
2375 4572 2555 4648 ἁγίαις
2604 4574 2842 4661 Γραφαῖς
2908 4572 3313 4648 γεγραμμένον.
3372 4572 3591 4647 Μάρτυς
3632 4566 3855 4661 ’ψευδὴς

436 4675 525 4724 lus
541 4667 607 4734 ⁸⁸,
640 4671 717 4734 et,
761 4668 831 4724 Os
861 4667 1005 4740 quod
1032 4670 1322 4738 mentitur,
1353 4668 1549 4724 occidit
1575 4669 1823 4723 animam
1842 4670 1889 4704 ⁶⁹
1915 4687 1928 4739 ;
1964 4669 2091 4726 ideo

2224 4663 2302 4717 ιύκ
2355 4661 2707 4735 ἀτιμώρητος
2767 4660 2936 4730 ἔσται,
2995 4662 3083 4716 καὶ
3140 4661 3329 4735 Στόμα
3383 4657 3854 4735 καταψευδόμενον

436 4754 608 4811 silere
640 4755 794 4813 ultra
824 4756 1163 4829 nequimus,
1194 4757 1676 4829 admiramurque
1707 4756 1941 4814 illorum
1974 4776 2093 4815 ma-

2224 4756 2411 4830 ὶναιρεῖ
2458 4752 2667 4826 ψυχὴν
2717 4747 2807 4805 διά
2856 4770 2943 4805 τοι
2990 4755 3153 4805 τοῦτο
3203 4749 3383 4805 οὐκέτι
3434 4750 3530 4823 μὶν
3584 4746 3859 4823 δυνάμεθα

436 4843 790 4917 lignitatem,
824 4860 890 4902 ac
920 4845 1316 4901 insatiabilem
1348 4844 1407 4900 in
1448 4844 1765 4902 calumniis
1795 4848 2091 4904 struendis

2224 4847 2379 4918 τιγᾷν,
2428 4841 2776 4916 θαυμάζομεν
2807 4837 2865 4894 δὲ
2915 4840 3015 4909 τήν
3065 4839 3330 4912 πονηρίαν
3391 4837 3567 4895 αὐτῶν
3623 4838 3714 4894 καὶ
3757 4839 3860 4909 τήν

434 4934 889 4991 contentionem.
914 4934 1055 4990 Ecce
1086 4933 1242 4991 enim
1276 4934 1615 4992 nullatenus
1647 4940 1878 4992 cessant
1898 4937 2090 4993 denuo

2224 4932 2489 5008 ικόρεστον
2541 4929 2629 4985 ἐπὶ
2686 4934 2966 4992 συσκευαῖς
3017 4928 3370 5008 φιλονεικίαν.
3429 4925 3570 4985 Ἰδοὺ
3626 4928 3732 5005 γὰρ
3793 4926 3857 4982 οὐ

440 4131 660 4188 tumvis
692 4130 1138 4187 crudelissimus
1167 4131 1487 4188 exsatiatus
1519 4138 1713 4203 esset;
1764 4133 1847 4189 illi
1895 4139 2090 4192 tamen

507 5089 552 5125 ⁸⁷
583 5091 609 5142 Ι
637 5087 776 5163 Reg.
805 5105 958 5155 xxvi,
987 5089 1077 5143 21.
1181 5088 1225 5123 ⁸⁸
1255 5091 1419 5145 Prov.
1453 5105 1572 5159 xxx,
1601 5089 1655 5145 5.
1759 5090 1805 5125 ⁸9
1836 5090 1970 5163 Sap.
2004 5108 2043 5156 ι,
2078 5090 2164 5145 11.

507 5258 623 5328 (73)
652 5257 933 5333 Erasmus
963 5275 1098 5333 cum
1141 5258 1638 5333 hujusﬂApologiae
1685 5260 1921 5333 initium
1972 5260 2089 5317 huc
2198 5261 2431 5333 egregia
2451 5257 2575 5315 haec
2590 5261 2647 5333 et
2666 5273 2970 5333 nunquam
2992 5260 3082 5314 sat
3102 5254 3451 5314 astimanda
3470 5257 3859 5313 monumenta

435 5347 625 5402 usque
652 5330 943 5394 vertisset,
976 5330 1098 5387 haec
1129 5329 1257 5386 ait:
1306 5329 1689 5401 Seduebimtur
1733 5334 1822 5388 hic
1858 5332 2093 5391 diversae
2199 5329 2265 5389 eo
2298 5329 2485 5405 usque
2516 5329 2851 5403 neglexerit.

436 5402 788 5454 diversorum
847 5403 1123 5454 epistolae.
1192 5403 1591 5454 enisaenorum-
1650 5404 1984 5454 sunadomm
2038 5408 2091 5454 el
2270 5404 2384 5454 (74)
2413 5402 2637 5454 Scripta
2669 5418 2820 5454 anno
2851 5401 2921 5454 34

436 5401 788 5459 diversorum
847 5403 1123 5473 epistolae,
1192 5403 1592 5474 episcOporum,
1650 5404 1984 5476 synodorum
2038 5408 2091 5461 el
2270 5401 2637 5475 (74)'Scripta
2669 5418 2820 5457 anno
2851 5401 2976 5456 340.

429 5474 771 5557 principum,
913 5473 1339 5557 aclisadpersas
1368 5474 1759 5557 Athanasium,
1793 5492 1926 5557 qaas
1954 5492 2086 5548 quo-
2270 5476 2383 5557 (ἰῇ)
2411 5475 2504 5557 §ic
2557 5478 2695 5557 Reg.
2729 5471 3010 5557 et‘Basil‘.
3045 5470 3196 5529 Editi
3240 5487 3393 5541 vero,
3425 5467 3852 5544 γεγεννημένας.

434 5540 674 5625 ﬂagitet
700 5540 1074 5625 multaeeianl
1108 5550 1161 5601 et
1184 5546 1439 5625 prolixa,
1473 5548 1729 5617 quaedam
1746 5540 2086 5625 'elz‘amjup-
2270 5540 2382 5625 (Ζρ)
2412 5549 2579 5625 ᾕρεε,
2608 5540 2843 5625 Τοτε-δξ
2869 5540 3383 5625 μετὰζρρςρθῐιοιῃέ

429 5616 715 5702 posililiaz,
744 5617 925 5702 pigait
954 5613 1349 5702 οενξενθεἨίεο
1379 5613 1585 5702 cernas
1613 5634 1792 5702 quam
1826 5613 2086 5702 oscitan:
2238 5613 2382 5702 ’(77)
2411 5613 2676 5691 ΞὶοἯεε.
2710 5621 2768 5675 et
2804 5613 2980 5674 Basil.
3010 5613 3181 5673 Editi
3227 5618 3448 5689 autem,
3478 5633 3576 5669 του
3624 5613 3853 5679 Ἀθανα-

434 5688 525 5753 ter
568 5688 684 5747 ista
727 5688 1098 5773 pertractarit
1123 5689 1212 5750 vir
1239 5688 1460 5766 alioqui
1487 5688 1950 5764 eruditissimus,
1982 5692 2084 5766 qui
2197 5688 2336 5750 σίου.
