4178 6386
388 376 514 439 253

1529 370 1920 436 APOLOGIA
1962 367 2278 432 CONTRA
2323 369 2691 432 ARIANOS.

3694 381 3815 444 254

385 506 654 563 παύονται
683 501 850 561 πάλιν
890 503 1177 580 βασιλικὰς
1210 501 1373 567 ἀκοὰς
1404 509 1672 566 κινοῦντες
1715 505 1832 558 καθ’
1863 505 2046 576 ἡμῶν,

2176 504 2530 574 ,mperatoris
2578 521 2748 560 aures
2798 506 3105 563 adversum
3163 525 3270 565 nos
3309 526 3678 584 exasperare,
3708 533 3814 572 nec

391 596 452 652 οὐ
511 594 776 650 παύονται
834 597 1136 672 γράφοντες
1207 593 1437 670 ὀλέθρου
1512 595 1857 670 γράμματα,
1917 591 2054 666 πρὸς

392 684 662 761 ἀναίρεσιν
699 684 996 740 ἐπισκόπου
1024 689 1122 739 τοῦ
1171 692 1273 754 τῆς
1324 679 1568 745 ἀσεϐείας
1618 683 1790 738 αὐτῶν
1830 680 2051 756 ἐχθροῦ.

395 771 568 828 Πάλιν
598 775 703 849 γὰρ
736 769 975 848 ἔγραψαν
1026 778 1142 835 τοῖς
1199 770 1475 846 βασιλεῦςι
1523 771 1640 825 κατ’
1680 769 1863 836 αὐτοῦ,
1893 765 2057 821 πάλιν

397 863 556 918 αὐτὸν
616 863 1034 916 συσκευάσασθαι
1099 859 1413 936 βούλονται,
1472 860 1680 938 σφαγὰς
1738 859 2055 930 αἰτιώμενοι

404 952 479 1025 μή
514 951 830 1026 γενομένας.
886 948 1054 1004 πάλιν
1107 949 1263 1005 αὐτὸν
1307 954 1561 1028 φονεῦσαι
1596 946 1890 1023 βούλονται
1920 947 2055 1017 (78),

400 1041 598 1119 φόνους
659 1040 978 1112 αἰτιώμενοι
1036 1041 1110 1112 μὴ
1162 1039 1522 1114 γενομένους·
1555 1038 1646 1092 καὶ
1694 1037 1817 1091 τότε
1862 1037 1966 1111 γὰρ
2001 1033 2060 1088 ἂν

407 1129 694 1208 ἐφόνευσαν
749 1123 1164 1200 διαϐάλλοντες,
1218 1128 1264 1182 εἰ
1317 1130 1392 1201 μὴ
1454 1125 1841 1205 φιλανθρώπου
1903 1125 2060 1198 βασι-

403 1219 546 1280 λέως
581 1217 871 1294 ἐτύχομεν·
919 1217 1084 1272 πάλιν
1136 1217 1330 1287 αὐτὸν,
1371 1214 1460 1270 τίνα
1503 1217 1566 1270 τὸ
1620 1213 1840 1270 ἔλαττον
1894 1211 2058 1267 εἷ’πω-

410 1320 528 1382 μεν,
581 1306 664 1361 ἐπ’
711 1305 1008 1383 ἐξοριστίαν
1061 1309 1174 1380 (79)
1234 1304 1484 1360 ἀπελθεῖν
1544 1304 1873 1378 ἐπείγονται,
1924 1323 2060 1374 συμ-

405 1398 574 1475 φορὰς
609 1395 897 1471 ἐξορίστων
948 1396 1023 1458 ὡς
1072 1397 1196 1470 παρ’
1248 1396 1412 1450 αὑτοῦ
1462 1394 1764 1470 γενομένων
1797 1411 2061 1468 προσποι-

407 1485 630 1558 ούμενοι
661 1486 897 1560 θρηνεῖν.
947 1485 1045 1538 Καὶ
1093 1486 1352 1561 θρηνοῦσι
1405 1485 1500 1558 μὲν
1549 1483 1674 1559 παρ’
1704 1484 1838 1554 ἡμῖν
1884 1482 1950 1534 τὰ
1985 1481 2058 1553 μὴ

408 1574 672 1651 γενόμενα
703 1620 717 1646 ,
777 1573 881 1628 οὐκ
929 1573 1219 1648 ἀρκοῦνται
1278 1571 1335 1628 δὲ
1393 1578 1510 1634 τοῖς
1567 1571 1890 1647 γενομένοις
1945 1570 2062 1623 κατ’

405 1663 588 1718 αὐτοῦ·
645 1660 791 1717 ἀλλά
837 1663 929 1717 καὶ
980 1659 1204 1739 δεύτερα
1245 1662 1336 1716 καὶ
1381 1660 1608 1736 χείρονα
1649 1662 1760 1733 (80)
1788 1659 2064 1732 προσάψαι

408 1750 720 1829 βούλονται,
772 1751 946 1814 οὕτως
999 1751 1102 1806 εἰσὶ
1150 1757 1315 1826 πρᾶοι
1363 1751 1454 1804 καὶ
1502 1747 1925 1828 φιλάνθρωποι,
1974 1748 2064 1801 καὶ

402 1842 493 1896 τὸν
521 1840 722 1918 τρόπον
771 1838 1049 1902 ἐπιεικεῖς’
1107 1838 1319 1912 μᾶλλον
1371 1836 1428 1894 δὲ
1479 1838 1777 1914 (εἰρήσεται
1825 1837 1929 1913 γὰρ
1967 1837 2062 1889 τά-

407 1928 597 2003 ληθές)
626 1929 861 2005 πονηροὶ
910 1929 999 1983 καὶ
1046 1927 1257 2003 πικροὶ,
1304 1928 1395 1982 καὶ
1441 1926 1500 1982 ἐκ
1547 1922 1730 2005 φόϐων
1775 1925 1863 1981 καὶ
1913 1926 2062 1979 ἀπει-

408 2016 545 2087 λῶν,
595 2019 629 2087 ἢ
681 2017 732 2088 ἐξ
788 2014 1060 2080 εὐσεϐείας
1108 2017 1198 2072 καὶ
1254 2017 1566 2089 ἐπιεικείας,
1619 2016 1798 2077 ἃτοῖς
1846 2014 2059 2069 ἐπισκό-

401 2129 528 2170 ποις
559 2107 775 2182 πρέπει,
807 2108 1134 2180 τιμώμενοι.
1183 2107 1284 2160 Οἴα
1329 2107 1434 2182 γάρ
1495 2103 1636 2180 μηδέ
1683 2109 1791 2160 τῶν
1840 2103 1940 2174 ἔξω
1976 2125 2060 2166 τις

405 2195 870 2275 φιλοπραγμόνων
922 2195 1227 2274 φθέγξαιτο,
1261 2200 1485 2250 τοιαῦτα
1535 2194 1756 2271 ῥήματα
1796 2195 2060 2270 καταχέαι

401 2284 831 2360 τετολμήκασιν,
877 2287 951 2341 ῶν
999 2286 1139 2360 πρὸς
1183 2284 1312 2346 τοὺς
1365 2282 1620 2358 βασιλέας
1667 2283 1925 2359 ἔγραψαν.
1963 2283 2061 2336 Καὶ

402 2374 674 2430 τοσούτων
720 2374 898 2452 φόνων
954 2375 1044 2429 καὶ
1105 2378 1324 2450 σφαγῶν
1379 2372 1761 2448 κατηγόρησαν
1819 2372 1916 2427 οὐκ
1974 2371 2060 2426 ἐπὶ

405 2465 703 2540 ἡγεμόνος,
755 2463 854 2518 ούκ
902 2462 982 2518 ἐπ’
1032 2461 1206 2518 ἄλλου
1254 2463 1400 2524 τινὸς
1458 2461 1745 2536 μείζονος,
1799 2459 1924 2516 ἀλλ’
1975 2461 2061 2515 ἐπὶ

405 2558 512 2610 τῶν
571 2551 897 2628 Αύγούστων
946 2557 1052 2606 τῶν
1097 2557 1263 2628 τριῶν
1300 2571 1313 2584 °
1367 2549 1492 2606 οὐδὲ
1545 2552 1682 2626 πρὸς
1725 2551 1792 2604 τὰ
1841 2548 2062 2621 διαστή-

415 2663 556 2718 ματα
581 2645 690 2697 τῶν
725 2639 866 2696 ὁδῶν
899 2641 1324 2714 ἀποκνήσαντες,
1381 2641 1542 2714 μόνον
1581 2638 1676 2694 τίνα
1725 2640 1898 2694 πάντα
1946 2638 2062 2713 μεί-

414 2737 540 2802 ζονα
596 2729 918 2806 δικαστήρια
963 2737 1063 2800 τῆς
1114 2730 1448 2806 κατηγορίας
1499 2729 1673 2784 αὐτῶν
1730 2727 2060 2803 ἐμπλησθῇ.

414 2818 732 2896 Κατηγορία
777 2821 880 2895 γὰρ
934 2817 1196 2890 ἀληθῶς,
1249 2817 1542 2895 ἀγαπητοὶ,
1602 2820 1669 2872 τὰ
1716 2825 1840 2892 παρ’
1889 2817 2063 2872 αὐτῶν

413 2909 696 2985 γενόμενα,
756 2908 848 2963 καὶ
896 2912 1080 2963 πασῶν
1135 2909 1394 2963 ἀνωτάτω
1443 2907 1767 2982 κατηγορία’
1821 2906 1957 2962 ὅπου
2004 2928 2066 2982 γε

412 2999 502 3053 καὶ
551 2999 768 3052 πάντων
815 3001 924 3051 τῶν
978 2997 1328 3071 ἀνθρωπίνων
1386 2998 1641 3051 ἀνωτάτω
1695 2998 1762 3050 τά
1810 2993 2062 3067 δικαστή-

414 3108 524 3160 ρια.
554 3087 615 3141 Τί
666 3088 770 3162 γάρ
804 3084 946 3140 ἄλλο
995 3085 1156 3149 τέλος
1203 3094 1305 3156 τῆς
1357 3085 1444 3140 ἐπὶ
1492 3085 1704 3147 τούτοις
1757 3085 2064 3156 ἐξετάσεως,

412 3176 448 3246 ἢ
476 3177 696 3238 θάνατος
731 3174 790 3229 ἐκ
825 3172 1116 3249 βασιλικῆς
1147 3177 1408 3245 κινήσεως
1441 3174 1776 3250 ἐπαγόμενος
1809 3194 1822 3243 ;

484 3357 536 3411 4.
573 3353 777 3410 Οὐκοῦν
829 3352 891 3408 ού
937 3353 1007 3408 τὰ
1047 3355 1195 3428 παρά
1244 3352 1581 3425 ’Δθανασίου,
1636 3350 1781 3407 ἀλλὰ
1828 3353 1895 3406 τά
1946 3354 2072 3427 παρ’

414 3442 592 3498 αὐτῶν
641 3442 921 3517 γινόμενα,
974 3444 1179 3518 θρήνου
1228 3441 1318 3496 καὶ
1371 3441 1626 3517 οἰμωγῆς
1674 3440 1812 3511 ἄξια.
1865 3441 2067 3496 Οὐκοῦν

419 3530 615 3593 αὐτοὺς
650 3528 860 3604 μᾶλλον
911 3533 972 3586 ἄν
1018 3553 1101 3593 τις
1155 3528 1377 3592 δικαίως
1426 3533 1762 3605 θρηνήσειεν·
1810 3529 1897 3585 ἐπί
1942 3530 2068 3585 τού-

417 3641 538 3682 τοις
587 3621 690 3695 γάρ
758 3620 1036 3695 ὀδύρεσθαι
1097 3623 1231 3695 χρή·
1293 3619 1407 3674 ἐπεὶ
1458 3621 1548 3674 καὶ
1598 3621 1919 3696 γέγραπται.
1980 3623 2067 3689 Μὴ

417 3709 636 3764 κλαίετε
685 3709 774 3764 τὸν
824 3709 1288 3782 τεθνηκότα,μήτε
1344 3711 1589 3784 θρηνεῖτε
1646 3709 1803 3763 αὐτόν
1836 3729 1846 3740 ·
1905 3707 2070 3763 κλαύ-

421 3818 548 3853 σατε
594 3797 862 3872 κλαυθμῷ
908 3800 998 3853 τὸν
1050 3798 1494 3874 ἐκπορευόμενον,
1546 3797 1627 3852 ὅτι
1678 3797 1776 3852 οὐκ
1824 3797 2067 3873 ἐπιστρέ-

423 3890 510 3961 ψει
545 3885 642 3942 ἔτι.
678 3893 828 3942 Πᾶσα
879 3889 982 3963 γάρ
1035 3889 1206 3942 αὐτῶν
1253 3890 1288 3956 ἡ
1326 3885 1587 3956 ἐπιστολή
1639 3885 1789 3941 οὐδὲν
1845 3885 1985 3941 ἄλλο
2033 3887 2068 3955 ἢ

419 3975 557 4051 πρὸς
609 3976 836 4031 θάνατον
888 3977 1008 4052 ὁρᾷ’
1069 3976 1158 4030 καὶ
1217 3975 1455 4053 φονεύειν
1517 3975 1926 4051 ἐπιχειροῦσιν,
1983 3976 2070 4030 ἐὰν

421 4069 838 4140 συγχωρῶνται,
870 4065 960 4120 καὶ
993 4071 1168 4120 ποιεῖν
1216 4064 1521 4139 ἐξορίστους
1551 4107 1563 4118 .
1601 4067 2068 4141 Συνεχωρήθησαν

421 4153 548 4226 γὰρ,
578 4158 676 4207 τοῦ
727 4151 1143 4231 θεοφιλεστάτου
1193 4154 1395 4230 πατρὸς
1444 4159 1552 4208 τῶν
1607 4152 1895 4228 βασιλέων,
1956 4154 2071 4208 ἀντὶ

421 4241 672 4313 θανάτου,
721 4245 791 4315 τῇ
846 4243 1120 4316 μεταθέσει
1160 4247 1258 4298 τοῦ
1319 4243 1488 4298 τόπου
1536 4243 1625 4298 τὸν
1679 4244 1845 4317 θυμὸν
1895 4242 2068 4297 αὐτῶν

422 4327 819 4400 έκπλήσαντος.
867 4336 1041 4387 Ταῦτα
1091 4333 1194 4409 γὰρ
1246 4335 1358 4407 (81)
1405 4332 1487 4386 ὅτι
1543 4330 1680 4406 μηδὲ
1728 4330 1904 4406 ψιλῶν
1946 4339 2072 4409 Χρι-

420 4422 648 4474 στιανῶν
681 4413 1108 4495 ἕργαίσπανίως
1160 4420 1217 4476 δὲ
1262 4422 1352 4476 καὶ
1402 4421 1640 4492 ἐθνικῶν,
1679 4423 1812 4494 μήτι
1858 4443 1923 4496 γε
1961 4423 2074 4476 ἐπι-

422 4505 659 4580 σκόπων,
695 4506 999 4565 δοκούντων
1029 4509 1120 4565 καὶ
1161 4509 1288 4571 τούς
1334 4507 1539 4572 ἄλλους
1585 4511 1654 4564 τά
1704 4507 1883 4564 δίκαια
1926 4508 2072 4565 διδά-

419 4616 586 4666 σκειν,
614 4605 838 4674 συνορᾶν
874 4600 1024 4673 ὑμῶν
1053 4601 1153 4670 τήν
1201 4599 1252 4654 ἐν
1301 4603 1516 4674 Χριστῷ
1561 4597 1863 4670 συνείδησιν
1895 4599 2071 4675 ἡγού-

423 4687 577 4758 μεθα·
619 4691 740 4750 πῶς
789 4689 893 4763 γὰρ
947 4690 1001 4743 οἱ
1049 4690 1176 4751 τοὺς
1230 4687 1436 4751 ἄλλους
1484 4686 1790 4751 κωλύοντες
1835 4710 2072 4764 κατηγο-

419 4779 554 4847 ρεῖν,
589 4775 742 4832 αὐτοὶ
771 4779 1075 4854 κατήγοροι
1116 4778 1207 4833 καὶ
1263 4780 1428 4854 μέχρι
1483 4776 1750 4854 βασιλέων
1781 4779 2020 4854 γίνονται
2054 4799 2068 4847 ;

416 4868 538 4926 πῶς
569 4866 621 4920 οἱ
652 4868 936 4944 συμφορὰς
986 4865 1159 4922 ἐλεεῖν
1210 4866 1574 4939 διδάσκοντες,
1625 4866 1750 4922 οὐδὲ
1803 4871 1936 4941 μετὰ
1971 4871 2072 4937 τήν

417 4953 533 5026 (82)
594 4953 889 5029 ἐξοριστίαν
942 4958 1104 5030 ἡμῶν
1158 4958 1765 5032 ἡσυχάζουσιςΚοινὸς
1822 4959 1926 5034 γὰρ
1984 4961 2072 5032 γέ-

418 5061 574 5116 γονεν
608 5045 770 5117 ἡμῶν
796 5050 903 5099 τῶν
934 5045 1242 5102 ἐπισκόπων
1267 5043 1733 5121 ὁμολογουμένως
1766 5045 2068 5123 ἐξορισμός·

418 5129 508 5185 καὶ
549 5133 746 5196 πάντες
797 5133 1018 5198 ἑαυτοὺς
1073 5135 1378 5210 ἐξορίστους
1427 5134 1671 5211 εἴχομεν,
1718 5137 1806 5190 καὶ
1857 5141 1947 5190 νῦν
1997 5138 2073 5199 ὡς

419 5218 482 5274 σὺ
572 5223 584 5243 ’
942 5247 972 5260 -
1012 5230 1033 5240 '
1556 5223 1580 5243 “
1653 5226 1672 5258 ι
1966 5227 1974 5242 '

485 5243 512 5275 ν
589 5223 874 5297 Αθανασίῳ
954 5247 1061 5287 ταις
1132 5225 1380 5300 πατρίσιν
1441 5225 1847 5299 ἀποοοθεντας,
1906 5223 2070 5280 πάλιν

489 5347 534 5382 ⁷ο
560 5347 774 5405 Jerem.
806 5367 942 5420 xxu,
983 5353 1068 5407 10.

633 5491 1202 5572 ἓβεη-βουλεύονται.
1236 5497 1408 5572 Editi,
1431 5493 1758 5572 βούλονται.

490 5492 603 5635 (78g
633 5495 793 5574 Reg,
831 5492 1202 5566 βουλεύονται.
1236 5497 1408 5563 Editi,
1447 5493 1758 5572 βούλονται.

489 5561 580 5650 (79
635 5564 728 5620 Sic
797 5566 937 5640 Reg.
1002 5574 1060 5624 et
1124 5568 1299 5626 Basil.
1367 5570 1519 5625 Editi
1589 5587 1750 5638 vero,
1809 5569 1890 5622 ἐπ’
1954 5569 2068 5640 ἕξο-

415 5629 556 5713 ρίσὲἶτ

489 5706 601 5789 (80)
633 5707 697 5764 In
732 5708 870 5787 Reg.
902 5707 991 5766 καί
1035 5711 1196 5770 deest
1226 5716 1360 5770 ante
1390 5707 1634 5788 χείρονα.

2165 591 2860 665 desinuntsanguinarias
2877 595 3100 652 litteras
3114 598 3813 675 scribere,utepiscopum

2166 680 2485 751 impietatis
2503 698 2621 736 sua:
2645 682 2946 738 inimicum
2971 685 3041 738 de
3070 686 3259 741 medio
3282 687 3508 743 tollant.
3528 690 3676 744 Nam
3697 709 3819 746 rur-

2167 785 2269 823 sus
2302 768 2525 824 litteras
2556 772 2833 826 adversus
2864 772 3031 828 illum
3065 776 3133 828 ad
3170 774 3552 847 imperatores
3584 780 3819 847 misere,

2168 874 2375 913 rursus
2405 858 2462 912 in
2496 858 2662 914 illum
2690 861 3022 932 conspirare
3042 861 3263 932 volunt,
3286 865 3604 922 homicidia
3634 868 3685 922 ei
3718 869 3820 923 ob-

2162 946 2435 1017 jicientes
2466 964 2769 1019 nunquam
2803 955 3166 1020 perpetrata;
3203 970 3440 1008 rursum
3472 953 3638 1011 illum
3671 956 3823 1012 occi-

2170 1036 2306 1090 dere
2328 1040 2625 1107 satagunt,
2647 1038 2832 1094 cades
2857 1038 2943 1092 illi
2968 1039 3346 1111 imputantes,
3367 1060 3495 1114 quae
3518 1061 3818 1117 nunquam

2170 1125 2321 1179 facta
2371 1129 2526 1180 sunt.
2558 1125 2722 1180 Tunc
2755 1127 2910 1181 enim
2945 1127 3111 1183 illum
3143 1129 3462 1188 calumniis
3491 1133 3613 1189 suis
3642 1135 3822 1190 inter-

2171 1213 2463 1281 fecissent,
2483 1213 2594 1268 nisi
2626 1213 2953 1270 humanum
2984 1216 3392 1288 imperatorem
3426 1223 3580 1276 nacti
3613 1223 3821 1280 fuisse-

2172 1319 2304 1357 mus
2338 1320 2350 1357 :
2386 1319 2590 1358 rursus
2619 1302 2811 1368 illum,
2845 1309 2910 1360 ut
2941 1306 3094 1376 quod
3129 1307 3326 1363 minus
3356 1314 3445 1364 est
3473 1311 3819 1386 referamus,

2169 1391 2230 1446 in
2270 1389 2540 1446 exsilium
2592 1408 2761 1463 agere
2811 1393 3068 1464 student,
3120 1395 3388 1452 exsulum
3438 1399 3823 1471 calamitates,

2173 1481 2337 1552 quasi
2359 1480 2485 1552 ipse
2501 1497 2701 1536 earum
2726 1486 2928 1537 auctor
2946 1488 3118 1550 esset,
3137 1501 3196 1539 se
3218 1485 3429 1542 deﬂere
3450 1487 3819 1548 simulantes.

2173 1569 2239 1623 Et
2269 1585 2335 1623 ea
2363 1569 2598 1640 quidem
2634 1569 2938 1641 deplorant
2969 1588 3096 1643 quae
3129 1590 3162 1628 a
3192 1574 3360 1630 nobis
3392 1592 3696 1649 nunquam
3728 1597 3824 1652 pa-

2171 1661 2323 1712 trata
2367 1663 2506 1713 sunt
2539 1675 2550 1713 :
2603 1675 2708 1714 nec
2750 1664 2949 1715 tamen
2981 1661 3128 1732 ipsis
3157 1663 3300 1719 satis
3333 1669 3492 1731 sunt,
3524 1683 3670 1738 quas
3702 1669 3824 1726 viro

2171 1745 2423 1802 intulere
2453 1748 2851 1817 calamitates;
2895 1751 2995 1805 sed
3041 1767 3185 1806 nova
3217 1755 3276 1807 et
3305 1754 3592 1811 atrociora
3621 1757 3692 1812 iis
3723 1760 3826 1814 ad-

2174 1835 2309 1891 dere
2339 1841 2634 1908 exoptant,
2669 1853 2930 1909 eousque
2959 1840 3256 1896 mansueti
3303 1847 3460 1912 sunt,
3494 1843 3737 1900 humani
3769 1853 3827 1903 et

2174 1923 2356 1994 aequis
2385 1923 2685 1979 moribus:
2713 1925 2830 1980 imo
2856 1925 3076 1996 potius,
3102 1930 3165 1981 ut
3187 1943 3318 1984 vere
3339 1929 3590 2002 dicatur,
3613 1932 3829 2005 impro-

2170 2012 2229 2067 bi
2251 2016 2308 2068 et
2328 2012 2636 2081 immanes,
2661 2014 2763 2085 qui
2785 2014 3105 2070 terroribus
3127 2020 3184 2071 et
3207 2017 3406 2086 minis,
3437 2019 3624 2092 magis
3645 2037 3824 2093 quam

2170 2100 2388 2172 pietate
2417 2105 2472 2157 et
2501 2103 2793 2173 aequitate,
2825 2119 2953 2174 quas
2984 2104 3290 2176 episcopos
3322 2107 3546 2178 decent,
3582 2112 3824 2168 student

2170 2189 2464 2246 honorari.
2500 2190 2665 2246 Talia
2694 2192 2910 2263 quippe
2940 2195 3114 2248 verba
3141 2194 3201 2248 in
3232 2196 3360 2252 suis
3392 2197 3465 2252 ad
3513 2199 3824 2272 imperato-

2171 2295 2263 2334 res
2293 2279 2555 2350 epistolis
2587 2280 2746 2336 effari
2793 2282 2920 2336 ausi
2967 2287 3122 2351 sunt,
3160 2283 3358 2355 qualia
3387 2303 3459 2341 ne
3488 2292 3820 2348 exterorum

2172 2369 2466 2440 quispiam
2514 2369 2776 2441 litigator
2816 2369 3045 2426 locutus
3093 2373 3284 2428 fuerit.
3321 2375 3386 2430 Et
3437 2380 3522 2431 tot
3570 2379 3819 2436 caedium

2172 2456 2743 2528 homicidiorumque
2771 2473 2906 2513 eum
2939 2465 3308 2530 accusarunt,
3345 2479 3461 2517 non
3493 2466 3647 2536 apud
3679 2483 3821 2537 prae-

2173 2547 2385 2614 sidem,
2409 2563 2512 2602 nec
2534 2548 2687 2618 apud
2712 2545 2966 2618 aliquem
2997 2547 3096 2603 illo
3127 2550 3514 2622 superiorem,
3538 2555 3638 2610 sed
3661 2557 3820 2628 apud

2174 2639 2291 2690 tres
2313 2637 2628 2706 Augustos.
2653 2635 2767 2691 Nec
2801 2635 2929 2692 illos
2951 2637 3283 2694 deterruere
3311 2641 3541 2697 viarum
3572 2644 3823 2718 longitu-

2175 2723 2363 2790 dines,
2387 2740 2452 2779 eo
2485 2724 2676 2779 solum
2711 2728 2774 2778 ut
2803 2726 3002 2781 omnia
3032 2728 3255 2798 majora
3282 2730 3602 2788 tribunalia
3634 2735 3826 2790 crimi-

2175 2813 2514 2868 nationibus
2545 2813 2671 2869 suis
2702 2812 3036 2885 implerent.
3069 2815 3519 2875 Criminationes
3548 2822 3704 2877 enim
3734 2840 3826 2880 re-

2173 2918 2309 2956 vera
2341 2906 2497 2969 sunt,
2532 2901 2728 2957 dilecti
2763 2903 2966 2973 nostri,
3000 2921 3128 2975 quae
3160 2905 3273 2978 ipsi
3302 2909 3606 2979 proferunt
3638 2929 3650 2966 :
3703 2913 3822 2970 imo

2175 2990 2524 3063 gravissima
2553 2992 2818 3047 omnium
2865 2993 3196 3050 criminatio
3233 3014 3246 3051 :
3299 2998 3515 3070 quippe
3559 3001 3824 3058 omnium

2175 3079 2567 3134 humanorum
2592 3097 2868 3152 suprema
2889 3087 3029 3138 sunt
3047 3082 3147 3138 illa
3168 3084 3513 3156 tribunalia;
3538 3106 3824 3161 quorsum

2175 3169 2332 3224 enim
2364 3169 2653 3239 ejusmodi
2685 3169 3148 3241 disquisitiones,
3181 3174 3293 3229 nisi
3326 3180 3390 3231 ut
3421 3178 3551 3248 quis
3591 3197 3624 3234 a
3663 3196 3823 3235 com-

2093 3247 2136 3314 C
2177 3262 2334 3313 moto
2365 3259 2715 3330 imperatore
2748 3265 2932 3316 morte
2963 3261 3263 3319 multetur.

2253 3349 2408 3403 100
2438 3349 2490 3402 4.
2526 3349 2725 3420 Itaque
2771 3365 2885 3405 non
2915 3351 3240 3420 Athanasii,
3274 3356 3372 3410 sed
3407 3355 3642 3414 illorum
3674 3360 3827 3418 facta

2179 3436 2339 3492 luctu
2365 3453 2428 3492 ac
2450 3438 2673 3509 gemitu
2697 3437 2874 3509 digna
2900 3443 3057 3495 sunt.
3083 3443 3445 3515 QuaprOpter
3469 3445 3599 3503 illos
3629 3451 3826 3520 potius

2173 3527 2308 3598 jure
2331 3526 2464 3598 quis
2485 3525 2804 3598 deplorarit
2829 3545 2842 3596 ;
2875 3527 3033 3600 ipsos
3065 3532 3279 3604 quippe
3299 3534 3509 3591 deﬂere
3529 3541 3820 3608 convenit,

2181 3632 2314 3670 cum
2347 3615 2630 3687 scriptum
2662 3615 2737 3671 sit
2770 3633 2782 3670 :
2831 3617 3012 3675 Nolite
3037 3621 3172 3689 ﬂere
3197 3628 3492 3696 mortuum,
3532 3643 3708 3699 neque
3735 3623 3822 3686 [u-

2178 3706 2352 3775 geatz’s
2376 3721 2546 3771 eum;
2576 3705 2669 3759 sed
2699 3707 2946 3776 plangite
2963 3723 3089 3764 eum
3118 3712 3214 3780 qui
3236 3715 3533 3782 egreditur,
3556 3721 3689 3788 quia
3716 3736 3829 3776 non

2181 3797 2482 3849 revertetur
2510 3795 2660 3850 ultra
2684 3796 2747 3851 ⁷ο.
2780 3797 2924 3852 Tota
2953 3799 3111 3855 enim
3141 3800 3372 3858 illorum
3405 3806 3651 3877 epistola
3682 3809 3827 3864 nihil

2183 3883 2337 3938 aliud
2363 3899 2539 3954 quam
2565 3900 2761 3940 necem
2797 3892 3020 3958 spectat
3045 3905 3057 3956 ;
3093 3906 3157 3944 ac
3184 3891 3234 3946 si
3267 3891 3455 3962 liceat,
3482 3895 3825 3968 interﬁcere,

2182 3977 2283 4027 aut
2313 3972 2518 4028 saltem
2549 3973 2780 4030 exsules
2811 3976 2996 4032 facere
3025 3985 3331 4049 conantur,
3365 3985 3517 4054 quod
3549 3989 3606 4042 et
3635 4004 3668 4042 a
3698 3987 3831 4044 reli-

2181 4062 2515 4135 giosissima
2539 4063 2958 4134 imperatorum
2983 4072 3144 4138 patre
3170 4069 3578 4145 impetrarunt,
3603 4077 3702 4148 qui
3725 4094 3830 4150 pro

2183 4168 2322 4206 nece
2344 4168 2520 4222 quam
2546 4152 2943 4226 postulabant,
2967 4157 3096 4227 ejus
3125 4159 3328 4215 exsilio
3351 4177 3550 4218 eorum
3573 4163 3720 4221 iram
3744 4183 3831 4222 sa-

2180 4239 2361 4296 tiavit.
2392 4240 2520 4295 Ηεεο
2551 4240 2637 4296 vel
2669 4242 3014 4313 simpliciter
3043 4245 3505 4306 Christianorum
3535 4269 3649 4308 non
3680 4270 3830 4325 esse,

2183 4345 2314 4384 raro
2335 4328 2668 4400 gentilium,
2688 4331 2902 4384 nedum
2927 4333 3357 4408 episcoporum,
3374 4340 3588 4409 quibus
3611 4342 3835 4400 incum-

2182 4419 2267 4473 bit
2313 4417 2612 4488 justitiam
2658 4417 2804 4473 alios
2853 4420 3128 4491 edocere;
3177 4431 3430 4483 vestram
3490 4430 3548 4484 in
3599 4431 3831 4489 Christo

2182 4507 2602 4563 conscientiam
2626 4508 2956 4578 perspicere
2971 4512 3292 4570 arbitramu
3305 4518 3654 4580 r.Quomodo
3673 4521 3832 4578 enim

2103 4619 2150 4684 D
2183 4597 2282 4670 qui
2314 4596 2460 4652 alios
2491 4597 2563 4651 ab
2595 4598 2974 4654 obtrectando
3007 4601 3321 4673 deterrent,
3345 4605 3456 4677 ipsi
3487 4607 3832 4666 obtrectato-

2180 4687 2470 4753 res,etiam
2485 4687 2632 4758 apud
2651 4685 3033 4758 imperatores
3048 4706 3177 4747 sese
3189 4693 3831 4771 exhibeanthuomodo

2181 4777 2336 4831 enim
2371 4775 2472 4847 qui
2504 4775 2828 4831 alienarum
2869 4777 3270 4838 calamitatum
3305 4783 3567 4842 misereri
3599 4790 3828 4862 docent,

2181 4883 2254 4921 ne
2287 4870 2416 4937 post
2446 4873 2711 4920 nostrum
2736 4865 2972 4938 quidem
3002 4869 3272 4926 exsilium
3297 4873 3654 4945 quiescunt?
3681 4877 3828 4934 Nam

2182 4971 2494 5011 commune
2516 4954 2781 5009 omnium
2805 4961 3071 5013 nostrum
3095 4958 3501 5033 episcoporum
3526 4964 3698 5037 plane
3721 4967 3832 5024 fuit

2183 5043 2453 5100 exsilium
2488 5060 2500 5098 :
2546 5060 2769 5115 nosque
2800 5045 3101 5103 universos
3134 5051 3299 5119 quasi
3331 5053 3561 5109 exsules
3591 5061 3828 5126 reputa-

2181 5133 2398 5204 vimus,
2433 5137 2488 5189 et
2519 5149 2675 5188 nunc
2724 5151 2829 5189 nos
2878 5150 3012 5190 cum
3044 5136 3364 5196 Athanasio
3410 5143 3578 5214 quasi
3631 5144 3828 5215 patria;

2183 5223 2485 5279 restitutos
2509 5222 2894 5288 arbitramur;
2918 5241 2983 5280 ac
3004 5224 3129 5281 loco
3152 5228 3412 5298 priorum
3435 5233 3828 5306 lacrymarum

2253 5491 2973 5577 (sgiﬂeepoﬁvrroxir-
3039 5568 3122 5577 ,κ
3203 5567 3212 5577 .

2251 5567 2551 5652 (82))ι1εέᾲ.
2568 5568 2814 5652 115v.‘Sic'
2839 5567 2974 5641 Reg.
3000 5573 3056 5624 et
3086 5567 3258 5624 Basil.
3291 5575 3350 5628 et
3381 5574 3461 5632 ita
3491 5570 3826 5652 legendum,

2178 5638 2294 5699 non
2325 5638 2389 5697 ut
2417 5639 2556 5696 editi
2586 5639 2721 5694 κατὰ
2749 5638 2872 5709 τήν.
