4178 6382
340 336 458 402 255

877 334 944 398 S.
990 334 1420 399 ATHANASII
1464 337 1639 401 OPP.
1686 334 1886 401 PARS
1930 335 1979 401 Ι.
2008 373 2088 387 -
2130 336 2549 409 HISTORICA
2590 348 2692 411 ET
2734 346 3217 417 DOGMATICA.

339 471 792 547 gemituumque
807 468 1024 542 quibus
1037 485 1171 525 eum
1188 471 1967 545 prosequebamur,magnan

2079 473 2224 538 ἀντὶ
2254 479 2360 531 τῶν
2418 481 2698 555 προτέρων
2758 480 3012 559 ὀδυρμῶν
3072 484 3155 540 ἐπ’
3207 486 3354 561 αὐτῷ
3392 493 3483 547 καὶ
3538 495 3753 568 θρήνων

339 560 524 618 animi
546 559 808 616 laetitiam
830 557 1197 631 gratiamque
1218 560 1571 632 accepimus,
1598 578 1777 633 quam
1799 562 1990 617 Domi-

339 667 453 706 nus
485 647 859 713 conservarit,
883 662 989 701 nec
1018 646 1174 702 sinat
1197 663 1327 703 eam
1358 648 1431 704 ab
1451 649 1797 705 Eusebianis
1826 666 1986 706 ever-

337 740 404 795 ti.
436 744 520 794 Ac
549 737 685 793 licet
712 735 947 808 quidem
996 752 1132 790 vera
1170 735 1421 792 fuissent
1451 754 1579 809 quae
1609 736 1695 793 illi
1726 738 1989 809 objecere

338 828 604 898 crimina,
628 825 773 880 illud
799 828 996 880 tamen
1029 823 1204 896 culpa
1233 842 1347 881 non
1380 830 1632 894 vacaret,
1658 828 1815 898 quod
1848 844 1987 883 con-

335 923 426 974 tra
454 915 915 971 Christianorum
966 917 1206 983 statuta,
1255 915 1433 970 etiam
1483 920 1617 987 post
1674 915 1862 971 exsilii
1910 934 1985 970 aa-

335 1021 597 1076 rumnas,
629 1019 866 1059 rursum
915 1003 1187 1058 eumdem
1236 1004 1525 1076 aggressi,
1557 1003 1724 1059 illum
1775 1005 1844 1060 de
1874 1021 1984 1060 cae-

333 1095 527 1163 dibus,
560 1090 894 1149 homicidiis
941 1090 1189 1163 aliisque
1220 1091 1569 1149 criminibus
1599 1096 1894 1161 accusent,
1927 1097 1986 1150 et

330 1185 451 1241 haec
472 1184 542 1239 ad
565 1180 973 1254 imperatorias
994 1197 1065 1236 au
1075 1197 1166 1237 res
1187 1181 1467 1237 adversus
1493 1182 1798 1255 episcopos
1825 1181 1984 1239 oblo-

224 1286 225 1297 ‘
330 1277 609 1346 quantur.
639 1271 773 1327 Jam
816 1286 952 1326 cum
1002 1269 1149 1324 nihil
1179 1269 1295 1326 nisi
1325 1271 1656 1339 mendacia,
1690 1270 1837 1326 nihil
1866 1271 1981 1327 nisi

329 1360 659 1419 calumnias
682 1359 949 1424 afferant,
970 1373 1078 1414 nec
1107 1357 1433 1430 quidquam
1462 1360 1584 1414 veri
1612 1358 1699 1415 vel
1725 1376 1824 1415 ore
1854 1376 1985 1432 pro-

328 1452 541 1518 ferant,
561 1448 650 1505 vel
680 1447 897 1518 scripto
929 1446 1180 1511 tradant,
1206 1447 1482 1517 quoniam
1515 1447 1748 1503 malitiae
1772 1448 1854 1504 illi
1879 1449 1980 1504 de-

325 1555 532 1596 venere
550 1538 579 1593 ?
608 1541 709 1592 aut
728 1535 932 1608 quales
956 1533 1088 1590 illos
1109 1551 1238 1591 esse
1258 1535 1606 1592 existimatis
1626 1537 1655 1591 ?
1687 1539 1850 1609 Ipsas
1875 1537 1983 1592 ita-

328 1645 443 1701 que
472 1644 565 1683 res
597 1625 769 1681 modo
795 1624 1228 1697 aggrediamur,
1252 1625 1633 1698 ipsorumque
1663 1625 1978 1682 calumniis

314 1717 569 1789 jamjam
602 1715 865 1786 objectis,
889 1729 1287 1769 occurramus.
1312 1713 1456 1768 Hinc
1486 1715 1644 1769 enim
1675 1714 1978 1770 evincetur

322 1806 520 1879 priora
548 1821 675 1877 quae
703 1802 790 1857 illi
820 1802 881 1857 in
911 1802 1134 1875 synodo
1165 1806 1224 1858 et
1250 1801 1310 1857 in
1335 1802 1561 1873 judicio
1602 1803 1973 1874 jactitarunt,

322 1911 430 1951 nec
473 1898 626 1951 recte
673 1894 860 1965 gesta,
890 1906 998 1946 nec
1042 1907 1175 1946 vere
1218 1890 1378 1947 dicta
1424 1892 1628 1963 fuisse,
1663 1895 1719 1948 et
1767 1891 1829 1947 in
1878 1891 1972 1949 his

320 1999 555 2056 quoque
611 1999 738 2055 qua:
795 1996 953 2036 nunc
1008 1979 1322 2051 objiciunt,
1383 1980 1673 2035 mendacii
1731 1981 1969 2037 convin-

319 2071 545 2130 centur.

384 2249 442 2304 5.
473 2247 660 2303 Pudet
705 2262 813 2301 nos
859 2247 1016 2301 certe
1061 2245 1133 2300 ad
1167 2244 1318 2301 hanc
1350 2245 1750 2302 defensionem
1782 2246 1967 2302 addu-

313 2341 438 2394 ctos
454 2352 611 2393 esse:
630 2351 856 2403 verum,
870 2334 1011 2406 quia
1032 2335 1327 2390 temerarii
1349 2334 1534 2391 nostri
1551 2335 1967 2392 obtrectatores

315 2427 385 2483 ad
414 2425 611 2482 omnia
631 2439 757 2481 sese
778 2423 1057 2495 ingerunt
1080 2440 1094 2492 ;
1127 2427 1184 2478 et
1205 2427 1338 2495 post
1355 2422 1662 2479 Athanasii
1689 2423 1963 2495 reditum,

311 2515 497 2571 caades
524 2518 583 2569 et
609 2511 927 2569 homicidia
958 2511 1109 2567 facta
1133 2528 1263 2568 esse
1292 2509 1659 2580 insimulant,
1687 2528 1964 2584 rogamus

309 2607 379 2659 ut
406 2606 670 2658 nostram
698 2599 1051 2673 apologiam,
1076 2599 1510 2672 longiusculam
1539 2599 1853 2670 licet,‘nam
1880 2600 1966 2656 ita

310 2691 554 2765 exigunt
599 2689 856 2763 negotia,
890 2689 1177 2761 patienter
1228 2688 1504 2745 audiatis.
1555 2689 1753 2744 Caedes
1800 2688 1965 2745 nulla

310 2796 418 2836 nec
468 2780 539 2835 ab
581 2777 923 2845 Athanasio,
957 2792 1062 2833 nec
1091 2777 1396 2833 Athanasii
1426 2793 1605 2833 causa
1633 2782 1965 2849 perpetrata

308 2872 401 2925 est
431 2866 932 2941 (quandoquidem
956 2882 1065 2921 nos
1085 2865 1157 2921 ad
1181 2865 1332 2921 hanc
1352 2870 1584 2938 turpem
1606 2865 1960 2938 apologiam,

313 2957 401 3013 uti
444 2973 624 3030 supra
661 2954 938 3025 diximus,
969 2957 1340 3011 accusatores
1367 2954 1742 3028 impellunt);
1775 2956 1961 3013 caedes

309 3062 445 3102 vero
467 3049 525 3101 et
543 3043 778 3101 vincula
798 3043 870 3099 ab
896 3041 1157 3098 ecclesiis
1184 3042 1402 3099 nostris
1422 3047 1564 3099 sunt
1587 3041 1797 3098 aliena.
1829 3044 1962 3100 Car-

310 3135 467 3191 nifici
499 3133 730 3190 nullum
751 3131 1107 3188 Athanasius
1131 3130 1377 3187 tradidit
1404 3148 1416 3187 :
1450 3136 1508 3188 et
1538 3148 1753 3197 carcer,
1778 3149 1959 3205 quan-

2104 563 2365 657 μεγίστην
2392 570 2830 657 ⁸(83)Ῠεύθυμίαν
2880 568 3259 640 ἀπολαϐόντας
3306 580 3397 634 καὶ
3447 563 3637 657 χάριν,
3685 585 3753 655 ἣν

2098 652 2130 745 (Ξ
2158 651 2355 729 Κύριος
2387 653 2753 736 διαφυλάξειε,
2796 663 2885 716 καὶ
2936 664 3228 740 ἀνατρέψαι
3273 674 3395 731 τοῖς
3586 651 3755 730 Ιέύσέ-

2097 734 2215 796 ϐιον
2266 745 2339 815 μὴ
2383 734 2662 822 ἐπιτρέψῃ.
2712 754 2888 805 Ταῦτα
2939 734 3078 827 μὲν,
3127 734 3172 808 εἰ
3226 756 3318 811 καὶ
3366 734 3549 830 ἀληθῆ
3601 762 3668 831 ἦν
3720 763 3755 818 ἃ

2093 849 2432 927 κατηγορουν
2461 835 2642 908 αὐτὸν,
2683 840 2747 905 ἦν
2800 860 2922 895 τινα
2971 846 3428 920 κατηγορήματα,
3478 847 3561 904 ὅτι
3605 854 3754 927 παρὰ

2092 918 2154 972 τὸ
2183 920 2509 997 πρόσταγμα
2548 930 2647 980 τοῦ
2691 932 3141 1004 Χριστιανισμοῦ,
3188 918 3281 988 καὶ
3332 918 3467 1009 μετὰ
3510 936 3605 994 τὸν
3651 918 3750 996 τοῦ

2094 1010 2205 1100 (8.4)
2278 1018 2583 1086 πειρασμοῦ
2661 1014 2944 1091 ἐξορισμὸν
3019 1016 3436 1095 ἐπεμϐαίνοντες
3511 1025 3677 1083 πάλιν
3729 1073 3747 1100 ,

2092 1095 2269 1173 φόνων
2321 1100 2411 1194 και
2462 1107 2681 1194 σφαγῶν
2714 1106 2804 1160 καὶ
2848 1104 3042 1194 ,ἄλλων
3092 1108 3458 1186 ἐγκλημάτων
3499 1095 3747 1194 κατηγοέ

2093 1187 2267 1259 ροῦσι,
2326 1187 2416 1242 καὶ
2472 1189 2781 1265 βασιλικαῖς
2834 1193 3024 1259 ἀκοαῖς
3079 1202 3247 1254 ταῦτα
3293 1198 3432 1258 λατὰ
3475 1208 3584 1260 τῶν
3625 1187 3747 1262 ἐπι-

2091 1272 2305 1329 σκόπων
2357 1275 2659 1353 ἐπηχοῦσιν
2697 1326 2711 1341 ,
2760 1285 2886 1338 Ὅτε
2943 1281 3002 1340 δὲ
3046 1287 3221 1343 πάντα
3262 1288 3551 1363 ψεύδονται
3588 1340 3605 1366 ,
3650 1296 3743 1351 καὶ

2088 1363 2263 1456 πάντα
2308 1374 2734 1445 συκοφαντοῦσι,
2782 1372 2873 1427 καὶ
2925 1375 3000 1447 μὴ
3046 1376 3329 1453 πρόσεςτιν
3378 1379 3554 1436 αὐτῶν
3590 1363 3740 1456 ἀλή-

2088 1450 2203 1541 θεια
2246 1458 2364 1517 τοῖς
2419 1455 2670 1531 στόμασι,
2725 1457 2865 1533 μηδὲ
2910 1469 3027 1526 τοῖς
3074 1450 3383 1541 γράμμασι,
3421 1450 3740 1528 ποσαπλοῦν

2084 1538 2148 1592 τὸ
2173 1541 2335 1595 κακὸν
2363 1544 2490 1619 παρ’
2516 1545 2700 1610 αὐτοῖς
2734 1568 2748 1617 ;
2779 1554 2846 1603 Ἢ
2890 1552 3169 1616 ποταποὺς
3198 1555 3332 1611 εἶναι
3361 1557 3490 1622 τοὺς
3535 1560 3740 1638 ἀνθρώ-

2085 1647 2222 1691 πους
2276 1628 2687 1705 ὑπολαμάάνετε
2719 1646 2740 1705 ;’
2766 1636 2905 1708 Ἤδη
2955 1640 3135 1697 τοίνυν
3182 1642 3266 1698 ἐπ’
3304 1645 3439 1702 αύτά
3619 1628 3739 1725 ἀω-

2087 1719 2365 1791 ρήσωμεν,
2396 1722 2487 1775 καὶ
2532 1724 2669 1797 πρὸς
2719 1727 2816 1789 τὰς
2866 1731 3201 1805 κατηγορίας
3258 1733 3435 1791 αὐτῶν
3476 1719 3587 1801 ’τάξ
3622 1719 3735 1806 ’νῦν

2001 1854 2051 1921 Β
2084 1808 2376 1881 γινομένας
2424 1809 2842 1889 ἀπαντήσωμεν.
2897 1818 2996 1873 Καὶ
3044 1822 3148 1895 γάρ
3195 1821 3301 1878 ἀπὸ
3344 1826 3552 1882 τούτων
3609 1826 3738 1885 οὐδὲ

2079 1895 2145 1921 _.‘.
2177 1895 2411 1921 __-l_-___
2554 1901 2569 1921 θ
2661 1902 2674 1921 3
2724 1908 2751 1918 ~
2845 1903 2861 1921 ’
2912 1907 2927 1921 ι
3080 1906 3128 1921 ιιι
3294 1911 3306 1921 ι
3431 1913 3443 1921 .
3572 1917 3588 1921 Α
3667 1915 3684 1921 -

2078 1895 2412 1991 τά-πρότερα
2441 1901 2569 1991 παρ’
2616 1902 2792 1959 αὐτῶν
2842 1903 2929 1960 ἐπὶ
2969 1906 3179 1983 συνόδῳ
3220 1911 3310 1966 καὶ
3353 1913 3527 1987 κρίσει
3566 1915 3734 1991 θρυλ-

2080 1980 2339 2077 λούμενα,
2370 1986 2556 2077 καλῶς
2603 1995 2979 2070 πεπραγμένα,
3035 1980 3247 2071 μᾶλλον
3302 1997 3362 2056 δὲ
3389 1980 3519 2059 οὐδὲ
3548 1980 3730 2077 ἀληθῆ

2080 2070 2352 2149 λεγόμενα
2398 2074 2813 2155 ἐλεγχθήσεται,
2843 2084 2934 2139 καὶ
2982 2070 3146 2143 πάλιν
3200 2086 3288 2144 ἐπὶ
3316 2089 3534 2157 τούτοις

2076 2164 2484 2236 γνωσθήσονται
2495 2209 2509 2227 .

2143 2253 2199 2309 5.
2232 2254 2636 2329 Δυσωπούμεθα
2668 2259 2761 2332 μὲν
2817 2259 2909 2316 οὖν
2958 2283 3081 2339 περι
3119 2264 3383 2323 τοιούτων
3417 2267 3730 2346 ἀπολογού-

2080 2360 2253 2412 μενοι·
2286 2340 2432 2412 πλὴν
2485 2343 2778 2424 ἐπειδήπερ
2824 2350 2963 2427 πρὸς
3007 2354 3181 2408 πάντα
3229 2354 3450 2420 ἑαυτοὺς
3500 2360 3554 2414 οἱ
3600 2340 3733 2435 προ-

2074 2435 2254 2491 πετεῖς
2315 2431 2575 2507 ἐπάγουσι
2629 2439 2932 2515 κατήγοροι
2964 2487 2979 2512 ,
3019 2447 3113 2495 καῖ
3172 2444 3307 2516 μετὰ
3360 2447 3461 2515 τήν
3517 2446 3725 2506 εἴσοδον

2076 2516 2393 2573 Ἀθανασίου
2446 2520 2644 2599 ιρόνους
2691 2525 2781 2579 καὶ
2819 2528 3028 2603 σφαγὰς
3067 2529 3347 2586 αἰτιῶνται
3384 2539 3726 2612 γεγενῆσθαι,

2072 2605 2495 2697 παρακαλοῦμεν
2555 2612 2879 2690 ἀνασχέσθαι
2942 2623 3044 2687 τῆς
3106 2605 3586 2697 ἀπολογίας,
3637 2605 3729 2683 διά

2070 2691 2337 2785 πλειόνων
2400 2696 2467 2772 ᾖο
2526 2700 2594 2754 τά
2660 2703 2763 2778 γὰρ
2828 2705 3124 2781 πράγματα
3180 2691 3488 2785 ἀναγκάζει.
3547 2713 3725 2778 Φόνος

2076 2784 2172 2857 μὲν
2213 2781 2337 2840 οὔτε
2387 2789 2533 2862 παρά
2590 2790 2907 2848 Ἀθανασίου
2963 2795 3203 2870 γέγονεν,
3262 2794 3386 2854 οὕτε
3423 2798 3493 2854 δι’
3537 2801 3723 2873 αὐτὸν,

2070 2871 2257 2943 ἐπειδὴ
2307 2875 2397 2929 καὶ
2450 2876 2525 2940 εἰς
2565 2878 2765 2950 ταύτην
2805 2882 2955 2955 ἡμᾶς
2993 2884 3093 2953 τὴν
3135 2882 3323 2958 ἄδοξον
3394 2871 3720 2967 ἀπολογίαν,

2069 2961 2146 3059 (Ec
2184 2964 2521 3059 προείπομεν
2547 3012 2561 3039 ,
2621 2964 3006 3059 ἐμϐιϐάζουσιν
3046 2975 3100 3027 o't
3137 2977 3479 3052 κατήγοροι·
3518 2961 3720 3059 σφαγαὶ

2067 3047 2130 3143 δε
2163 3051 2252 3106 καὶ
2293 3049 2485 3143 δεσμοὶ
2522 3063 2625 3127 τῆς
2665 3057 2989 3130 Ἐκκλησίας
3045 3063 3208 3136 ἡμῶν
3267 3047 3575 3143 ἀλλότριαί
3618 3047 3723 3141 δη-

2069 3140 2181 3213 μίῳ
2220 3139 2596 3232 παραδέδωκεν
2636 3148 2952 3212 ’Δθανάσιος
2991 3148 3203 3207 οὐδένα·
3244 3152 3334 3208 καὶ
3371 3139 3456 3210 τὸν
3502 3139 3715 3232 δεσμω-

307 3228 435 3280 tum
466 3224 525 3279 in
555 3222 683 3294 ipso
715 3222 846 3288 fuit,
870 3235 1174 3292 nunquam
1202 3225 1530 3276 commotus
1559 3224 1669 3277 est.
1692 3221 1959 3278 Sacraria

2079 3230 2280 3304 εήριον,
2322 3229 2446 3287 ὅσον
2487 3232 2574 3288 ἐπ”
2608 3234 2776 3309 αὐτῷ,
2838 3235 3187 3295 οὐδεπώποτε
3243 3240 3543 3318 ἐνοχληθὲν
3595 3221 3721 3322 παρ’

307 3316 527 3381 nostra,
553 3316 618 3368 ut
647 3327 878 3383 semper
907 3310 1088 3379 fuere,
1112 3309 1197 3365 sic
1226 3308 1285 3364 in
1318 3309 1588 3381 praesenti
1620 3326 1770 3382 pura
1798 3316 1960 3381 sunt,

307 3401 430 3458 solo
461 3401 678 3457 Christi
709 3399 996 3472 sanguine
1025 3399 1273 3470 ejusque
1301 3397 1462 3454 cultu
1493 3403 1718 3455 ornata.
1752 3398 1962 3455 Nullus

305 3491 629 3564 presbyter,
658 3488 745 3545 vel
793 3487 1077 3544 diaconus
1128 3489 1203 3543 ab
1247 3487 1569 3543 Athanasio
1619 3487 1962 3545 interfectus

306 3583 441 3636 est:
492 3594 599 3635 nec
649 3578 862 3633 caedem
912 3576 1002 3633 vir
1051 3574 1148 3632 ille
1199 3577 1570 3649 perpetravit,
1604 3593 1710 3633 nec
1756 3576 1960 3634 exsilio

304 3682 664 3739 quemquam
711 3665 1002 3721 multavit.
1035 3665 1149 3721 Sed
1195 3665 1419 3721 utinam
1453 3664 1539 3720 illi
1572 3665 1720 3721 nihil
1752 3664 1957 3738 hujus-

308 3754 468 3811 modi
491 3756 770 3811 adversus
792 3770 927 3811 eum
962 3756 1420 3826 perpetrassent,
1446 3770 1551 3809 nec
1577 3770 1712 3810 eum
1738 3754 1960 3828 coegis-

306 3847 440 3900 sent
460 3843 531 3899 ad
553 3842 696 3898 talia
715 3842 1092 3916 experiunda.
1111 3840 1321 3897 Nullus
1342 3841 1499 3897 enim
1525 3842 1619 3897 hic
1634 3844 1763 3914 ejus
1784 3859 1963 3899 causa

305 3931 612 4000 exsulavit,
655 3935 863 4004 praeter
906 3930 1105 4002 ipsum
1158 3930 1549 3987 Athanasium
1602 3931 1960 3988 Alexandria

303 4020 647 4094 episcOpum
696 4019 797 4091 qui
852 4020 924 4076 ab
970 4018 1087 4074 illis
1137 4018 1349 4091 pulsus
1396 4023 1504 4087 est,
1537 4036 1711 4092 quem
1761 4021 1961 4093 patriae

302 4109 643 4165 restitutum
674 4108 885 4164 iisdem
916 4107 1035 4162 imo
1066 4107 1434 4179 gravioribus
1465 4107 1815 4164 criminibus
1848 4109 1961 4164 im-

304 4198 523 4271 plicare
556 4201 864 4265 conantur,
890 4197 1031 4252 dum
1065 4197 1139 4252 ad
1170 4196 1369 4252 omnia
1398 4214 1547 4253 vana
1575 4200 1633 4253 et
1663 4197 1964 4254 mortifera

298 4289 477 4344 verba
497 4286 761 4359 linguam
784 4302 955 4343 suam
976 4285 1292 4342 concitant.
1312 4285 1457 4341 Nam
1480 4303 1552 4341 en
1575 4285 1663 4341 illi
1686 4286 1963 4359 deinceps

290 4376 566 4449 judicum
616 4379 746 4434 acta
797 4375 1104 4431 ascribunt
1135 4391 1148 4429 :
1203 4378 1261 4431 et
1291 4391 1439 4451 cum
1482 4375 1542 4431 in
1575 4374 1825 4448 epistola
1853 4392 1963 4433 sua

298 4464 493 4539 palam
519 4465 813 4525 fateantur
833 4463 1174 4537 praefectum
1194 4462 1424 4537 Egypti
1445 4468 1649 4522 contra
1668 4465 1956 4537 quosdam

2070 3317 2255 3375 αὐτοῦ.
2313 3322 2388 3375 Τὰ
2442 3324 2569 3400 παρ’
2607 3325 2742 3398 ἡμῖν
2803 3327 3061 3403 ἱερατεῖα,
3119 3328 3301 3407 ὥσπερ
3338 3317 3463 3404 ἀεὶ,
3502 3334 3593 3389 καὶ
3630 3338 3725 3390 νῦν

2068 3408 2293 3483 καθαρὰ,
2340 3409 2510 3497 μόνῳ
2564 3414 2930 3487 σεμνυνόμενα
2976 3421 3056 3489 τῷ
3095 3415 3286 3492 αἵματι
3323 3424 3420 3474 τοῦ
3466 3426 3722 3497 Χριστοῦ,

2068 3494 2158 3549 καὶ
2195 3499 2265 3570 τῇ
2307 3496 2385 3560 εἰς
2425 3498 2583 3554 αὐτὸν
2643 3498 2909 3575 εὐσεϐείᾳ.
2961 3505 3033 3560 Οὐ
3073 3502 3460 3585 πρεσϐύτερος,
3503 3494 3566 3567 ού
3609 3508 3728 3567 διά-

2068 3585 2496 3675 κονοςᾲάνηρέθη
2555 3591 2702 3665 παρά
2754 3592 3097 3665 Ἀθανασίου,
3139 3594 3201 3650 ού
3260 3596 3445 3675 φόνον,
3503 3597 3603 3654 οὐκ
3642 3598 3728 3670 ἐξ·

2070 3672 2309 3749 οριστίαν
2347 3672 2563 3752 ἔδρασεν
2624 3680 2652 3733 ὁ
2692 3677 2995 3758 ἅνθρωπος.
3037 3681 3197 3739 Ἀλλ’
3250 3672 3357 3741 ενὶθε
3411 3683 3554 3761 μηδὲ
3594 3685 3734 3743 ἐγεῖ-

2067 3782 2153 3817 νοι
2212 3764 2329 3819 κατ’
2385 3764 2549 3821 αὐτοῦ
2604 3770 2749 3823 τοῦτ’
2803 3764 3031 3847 ἔδρασαν
3100 3771 3332 3847 ἀληθείᾳ
3394 3777 3495 3846 τὴν
3534 3782 3730 3855 πεῖραν

2071 3848 2476 3942 ἐπαγαγόντες.
2536 3854 2726 3920 Οὐδεὶς
2786 3860 2891 3936 γάρ
2944 3859 3215 3935 ἐξόριστος
3258 3862 3479 3920 ἐνταῦθα
3537 3848 3734 3942 γέγονε

2073 3936 2144 3994 δι’
2200 3941 2383 4015 αὐτὸν,
2447 3942 2594 4015 πλὴν
2660 3945 2823 4003 αὐτοῦ
2887 3953 2984 4003 τοῦ
3052 3949 3348 4008 ἐπισκόπου
3407 3955 3727 4011 Ἀθανασίου

2071 4032 2186 4122 (Βθ)
2223 4037 2325 4122 τῆς
2388 4030 2800 4110 Ἀλεξανδρείας
2864 4039 2991 4115 παρ’
3056 4038 3230 4095 αὐτῶν
3264 4088 3280 4116 ,
3345 4043 3403 4099 ὃν
3445 4043 3729 4122 ἀφεθέντα,

2070 4118 2161 4173 καὶ
2200 4118 2365 4175 πάλιν
2403 4127 2521 4184 τοῖς
2559 4122 2744 4188 αὐτοῖς
2774 4127 2809 4195 ἢ
2839 4128 2931 4182 καὶ
2960 4128 3176 4205 χείροσι
3204 4118 3559 4205 περιϐάλλειν
3604 4118 3725 4190 ἐπιὲ

2075 4211 2318 4298 ζητοῦσι,
2356 4210 2532 4266 πάντα
2567 4213 2705 4287 πρὸς
2744 4213 2915 4289 ψευδῆ
2957 4216 3048 4272 καὶ
3106 4219 3453 4298 θανατηφόρα
3500 4224 3725 4296 ρήματα

2069 4298 2169 4366 τήν
2210 4296 2457 4373 γλῶτταν
2492 4301 2692 4358 ἑαυτῶν
2728 4302 3063 4378 ὀτρύνοντες.
3099 4305 3236 4363 Ἰδοὺ
3266 4296 3604 4388 γάρλοιπὸν
3633 4312 3728 4368 καὶ

2069 4387 2163 4449 τάς
2202 4391 2311 4442 τῶν
2380 4386 2642 4445 δικαστῶν
2683 4393 2902 4469 πράξεις
2961 4393 3045 4451 ἐπ’
3095 4397 3253 4452 αὐτὸν
3319 4386 3676 4475 μεταφέρουσι
3706 4414 3731 4437 ⁸

2068 4476 2158 4531 καὶ
2196 4477 2287 4533 τὸν
2335 4479 2429 4552 μὲν
2471 4477 2711 4558 ἔπαρχον
2749 4489 2854 4553 τῆς
2894 4483 3175 4561 Αἰγύπτου
3215 4492 3458 4565 φανερῶς
3510 4489 3721 4564 ὁμολο-

302 4556 453 4611 τοι
489 4554 839 4611 sententiam
889 4551 1118 4623 tulisse,
1152 4552 1299 4609 nihil
1356 4557 1552 4611 tamen
1605 4554 1961 4656 erubescunt

2079 4568 2259 4641 γοῦσιν
2330 4551 2382 4621 ἐν
2449 4572 2519 4643 τῇ
2576 4551 2851 4646 ’ἐπιστολῇ
2907 4551 3045 4628 κατά
3089 4551 3250 4630 τινων
3310 4551 3728 4655 ἀποπεφάνθαι*
3764 4653 3785 4660 φ

300 4645 537 4701 easdem
589 4643 916 4701 sententias
946 4642 1268 4699 Athanasio
1324 4642 1665 4715 imputare:
1720 4644 1960 4744 tametsi

2079 4652 2237 4710 πάλιν
2271 4653 2330 4711 δὲ
2389 4656 2451 4712 ού
2484 4654 2859 4716 δυσωποῦνται
2906 4662 2996 4717 καὶ
3044 4662 3244 4727 ταύτας
3288 4665 3386 4729 τὰς
3430 4666 3731 4746 ἀποφάσεις

230 4718 233 4731 ’
298 4750 438 4789 cum
487 4732 610 4789 haec
654 4735 988 4805 agerentur,
1012 4731 1277 4787 nondum
1311 4730 1409 4787 ille
1436 4732 1846 4789 Alexandriam
1876 4733 1964 4788 in-

297 4837 537 4895 gressus
587 4825 762 4890 esset,
795 4821 898 4877 sed
952 4820 1146 4876 adhuc
1195 4820 1267 4875 ab
1315 4820 1518 4877 exsilio
1552 4825 1868 4891 revertens,
1899 4823 1961 4878 in

299 4910 466 4984 Syria
508 4914 689 4979 esset,
723 4911 774 4966 si
821 4914 1019 4965 tamen
1075 4925 1223 4981 opus
1267 4909 1345 4964 sit
1374 4908 1763 4983 longinquam
1794 4927 1960 4984 pere-

297 4999 689 5074 grinationem
737 5016 841 5071 pro
874 4998 1214 5055 defensione
1244 4998 1469 5065 afferre,
1505 5003 1570 5054 ut
1598 5016 1671 5055 ne
1702 5001 1837 5072 quis
1865 5018 1961 5058 eo-

295 5106 429 5146 rum
461 5089 717 5145 rationes
749 5088 989 5144 reddere
1016 5087 1388 5159 debeat,quaa
1417 5087 1503 5143 vel
1534 5089 1671 5156 dux,
1700 5089 1791 5146 vel
1813 5108 1958 5162 prae-

295 5180 481 5236 fectus
528 5177 760 5252 [Egypti
810 5177 1221 5250 perpetrarint.
1254 5176 1399 5232 Nam
1430 5176 1567 5234 licet
1596 5178 1958 5236 Alexandria:

294 5268 505 5326 fuisset
532 5266 913 5335 Athanasius,
946 5265 1090 5338 quid
1139 5265 1211 5321 ad
1257 5282 1417 5339 eum,
1449 5282 1668 5338 quaso,
1702 5270 1958 5341 praefecti

364 5442 478 5513 (83)
512 5443 600 5499 Ita
630 5444 770 5518 Reg.
805 5444 957 5501 Editi
999 5460 1159 5513 vero,
1191 5442 1284 5498 καὶ
1316 5443 1532 5516 θρήνων
1567 5443 1650 5500 ἐπ’
1678 5467 1824 5520 αυτῳ
1858 5470 1953 5524 με·

488 5554 599 5643 .To'a
629 5586 794 5648 deest
834 5587 897 5645 in
938 5585 1136 5663 editis,
1173 5587 1275 5645 sed
1306 5586 1367 5646 in
1400 5588 1541 5666 Reg.
1575 5595 1631 5649 et
1662 5592 1834 5654 Basil,
1865 5594 1954 5654 ιθ-

282 5675 340 5718 αι
370 5674 464 5718 ur.

281 5674 464 5743 gitur.

2075 4743 2375 4818 ’Δθανασίῳ
2430 4748 2834 4823 προσάπτοντες
2870 4770 2883 4783 ·
2942 4751 3034 4805 καὶ
3097 4756 3265 4808 ταῦτα
3338 4743 3570 4829 μηδέπω
3620 4762 3726 4826 τῆς

2073 4830 2482 4910 ’Δλεξανδρείας
2538 4831 2805 4910 ἐπιϐάντι,
2861 4836 2989 4893 ἀλλ’
3044 4836 3126 4895 ἔτι
3172 4847 3274 4912 τῆς
3305 4837 3434 4897 ὁδοῦ
3483 4850 3588 4914 τῆς
3619 4844 3726 4900 ἀπὸ

2069 4928 2171 5009 τῆς
2202 4920 2500 5009 ἐξοριστίας
2550 4924 2823 5002 ἐχομένῳ,
2856 4927 2944 4982 καὶ
3000 4930 3136 4985 κατὰ
3171 4931 3272 5001 τὴν
3328 4930 3527 5009 Συρίαν
3587 4929 3722 4989 ὄντι·

2071 5007 2125 5064 εἷ’
2149 5031 2211 5085 γε
2245 5008 2323 5065 δεῖ
2352 5011 2443 5067 καὶ
2484 5016 2688 5101 μακρὰν
2723 5013 3035 5091 ἀποδημίαν
3068 5019 3143 5081 εἰς
3185 5007 3490 5095 ἀπολογίαν
3524 5021 3723 5101 φέρειν,

2072 5099 2203 5174 ὑπὲρ
2248 5105 2345 5155 τοῦ
2402 5099 2543 5175 μηδέ
2594 5104 2881 5160 ὑπεύθυνον
2942 5106 3077 5161 εἶναί
3132 5129 3273 5182 τινα,
3324 5112 3407 5173 οἷς
3456 5099 3545 5166 ἐὰν
3592 5114 3724 5188 ἡγε-

2072 5189 2187 5262 μὼν
2220 5190 2255 5259 ἢ
2291 5187 2536 5268 ἔπαρχος
2581 5192 2862 5269 Αἰγύπτου
2908 5196 3100 5272 πράξῃ.
3137 5199 3200 5252 Εἰ
3247 5200 3351 5275 γάρ
3382 5199 3473 5254 καὶ
3504 5199 3593 5255 ἐπὶ
3620 5187 3723 5271 τῆς

2068 5276 2479 5355 Ἀλεξανδρείας
2532 5282 2623 5357 ἦν,
2678 5283 2731 5337 τί
2785 5284 2922 5361 πρὸς
2951 5285 3268 5343 ’Δθανάσιον
3302 5289 3356 5344 αἱ
3407 5293 3505 5344 τοῦ
3556 5288 3724 5367 ἐπάρ-

2141 5459 2252 5532 (85)
2283 5459 2379 5516 Sic
2409 5461 2548 5532 Reg.
2583 5468 2641 5519 et
2667 5464 2843 5520 Basil.
2877 5465 3032 5523 Editi
3070 5484 3204 5525 vero
3237 5465 3320 5523 ἐπ’
3353 5465 3508 5526 αὐτό.

2137 5531 2251 5609 (8_6)
2276 5536 2390 5609 Τῆς
2440 5531 2616 5609 Ἀλεξ.
2674 5535 2813 5609 Reg.
2843 5557 2946 5606 της
2995 5539 3055 5593 in
3109 5540 3283 5598 editis
3330 5542 3723 5601 desideratur.

2062 5600 2242 5688 Paulo
2271 5603 2423 5663 infra
2481 5600 2638 5664 idem
2696 5600 2838 5685 mag.
2873 5600 3115 5683 ζητοῦσι,
3165 5612 3268 5672 ubi
3322 5612 3465 5672 editi
3524 5600 3717 5691 ἐπιζης

2062 5691 2237 5737 τουσι.

3631 358 3877 453 εδδ,
