4178 6400
333 429 450 490 957
1317 408 1322 410 ’
1460 428 1856 489 APOLOGIA
1901 428 2217 489 CONTRA
2267 429 2634 491 ARIANOS.
3639 438 3757 498 258

333 581 442 637 χου
475 560 587 633 (87)
627 556 846 633 πράξεις
874 575 888 626 ;
916 555 1074 614 Ἀλλ’
1105 556 1256 630 ὅμως
1290 555 1415 612 οὐδὲ
1444 555 1708 631 ἐπεδήμει
1738 564 1855 620 τοῖς
1907 559 1983 613 τό·

2115 565 2277 632 gesta
2301 561 2328 615 ?
2357 567 2624 618 Attamen
2649 563 2706 618 in
2728 563 2820 619 his
2843 563 2985 620 locis
3007 581 3122 620 non
3145 565 3428 637 degebat:
3453 584 3644 639 neque
3669 584 3763 626 res

333 671 460 711 ποις
488 668 499 680 ·
535 647 626 702 καὶ
658 649 725 701 τὰ
754 647 1065 721 πραχθέντα
1115 646 1175 701 ού
1220 643 1308 701 διὰ
1357 648 1655 723 προφάσεις
1708 646 1983 718 ἐκκλησιαε

2114 649 2521 706 ecclesiastica:
2539 652 2906 708 occasionem
2923 653 3293 710 dederuntiis
3312 673 3436 725 quas
3454 657 3524 711 ab
3538 657 3764 728 {Egypti

336 739 522 800 στικὰς
553 739 858 810 πέπρακται
901 738 1049 812 παρὰ
1094 740 1190 790 τοῦ
1247 734 1490 812 ἐπάρχου
1538 743 1641 806 τῆς
1693 736 1986 811 Αἰγύπτου,

2120 739 2380 808 praefecto
2413 745 2541 794 acta
2573 747 2712 796 sunt
2740 759 2751 810 ;
2786 743 2884 797 sed
2911 742 3034 796 aliae
3070 744 3336 814 quaedam
3369 761 3517 815 quas
3548 745 3770 802 ediscet

336 826 482 882 ἀλλά
517 824 606 881 διά
634 847 784 888 τινας
815 825 899 893 ἃς,
936 823 995 879 ἐκ
1022 830 1128 879 τῶν
1165 825 1575 898 ὑπομνημάτων
1625 823 1825 879 εἷ’σεσθε
1857 829 1986 899 (88)

2114 827 2162 882 is
2183 844 2251 882 ex
2280 831 2699 900 monumentis,
2727 848 2853 902 qua:
2877 848 3002 900 nos,
3023 832 3270 903 cognitis
3290 849 3488 888 eorum
3507 833 3764 906 scriptis,

336 917 495 992 ἅπερ,
530 916 665 990 μετά
692 916 754 970 τὸ
787 918 981 989 γνῶναι
1012 914 1079 968 τά
1107 915 1252 989 παρά
1281 913 1511 982 τούτων,
1530 913 1986 993 γραφέντα,πολυη

2113 915 2425 988 diligenter
2454 918 2780 989 perquisita
2810 921 2882 975 ad
2912 937 3013 975 vos
3061 920 3351 978 misimus.
3384 922 3530 977 Cum
3563 923 3763 995 igitur,

334 1007 830 1082 πραγμοντςσαντες
883 1001 1273 1076 ἀπεστείλαμεν
1328 1004 1478 1075 ὑμῖν.
1519 1003 1721 1058 Οὐκοῦν
1775 1003 1865 1058 ὅτε
1910 1026 1978 1058 κα

2115 1021 2240 1077 quae
2274 1023 2377 1062 nec
2410 1023 2476 1061 eo
2535 1012 2789 1077 auctore,
2849 1025 2954 1064 nec
2993 1011 3121 1079 ejus
3178 1028 3357 1066 causa
3410 1015 3575 1083 gesta
3603 1015 3765 1079 sunt,

333 1100 428 1150 νῦν
478 1097 546 1149 τὰ
595 1096 668 1168 μὴ
725 1093 994 1169 γενόμενα
1048 1095 1187 1166 μήτε
1215 1093 1340 1167 παρ’
1373 1092 1536 1147 αὐτοῦ
1573 1095 1710 1164 μήτε
1740 1093 1809 1148 δι’
1842 1093 1983 1148 αὐτὸς

2114 1095 2280 1165 quasi
2313 1100 2477 1165 gesta
2509 1096 2906 1168 proclament;
2941 1103 2996 1152 et
3042 1115 3197 1166 cum,
3232 1116 3298 1154 ac
3337 1099 3387 1154 si
3417 1101 3488 1155 de
3519 1104 3605 1155 tot
3634 1104 3764 1156 tan-

339 1186 540 1259 βοῶσιν
587 1182 663 1245 ὡς
717 1182 1006 1258 γενόμενα,
1040 1181 1128 1236 καὶ
1177 1180 1457 1243 τοσούτοις
1513 1187 1874 1258 μαρτυροῦσιν
1924 1183 1989 1245 ὡς

2112 1185 2308 1255 tisque
2341 1186 2510 1240 malis
2543 1186 2817 1242 certiores
2849 1187 2983 1242 facti
3009 1193 3226 1254 essent,
3253 1189 3660 1244 testimonium
3680 1190 3762 1245 fe-

332 1273 852 1351 πληροφορηθέντες
883 1276 1094 1343 κακοῖς,
1130 1271 1429 1326 εἰπάτωσαν
1464 1270 1522 1325 ἐκ
1568 1271 1730 1334 ποίας
1779 1269 1982 1326 συνόδοι

2113 1278 2265 1341 rant,
2309 1274 2506 1329 dicant
2554 1293 2587 1329 a
2624 1293 2879 1347 quanam
2932 1279 3150 1349 synodo
3196 1277 3317 1332 haec
3363 1279 3662 1334 didicere?
3692 1295 3763 1334 ex

333 1364 427 1420 καὶ
479 1367 648 1434 ταῦτα
694 1359 972 1437 ἔγνωσαν;
1027 1360 1085 1415 ἐκ
1142 1361 1312 1416 ποίων
1356 1358 1717 1431 ἀποδείξεων;
1753 1360 1812 1416 ἐκ
1838 1361 1983 1415 ποῖαι

2112 1362 2472 1433 quibusnam
2524 1365 2938 1435 argumentis?
2986 1382 3242 1436 quonam
3285 1366 3556 1437 judicio?
3598 1368 3760 1432 Quod

337 1449 612 1528 κρίσεως;
645 1450 710 1505 Εἰ
743 1447 800 1505 δὲ
852 1447 1018 1524 μηδὲν
1072 1446 1292 1525 ἔχοντες
1339 1453 1584 1504 τοιοῦτον
1639 1451 1830 1513 ἁπλῶς
1884 1447 1987 1504 δια-

2112 1451 2160 1506 si
2194 1451 2338 1506 nihil
2372 1453 2665 1523 ejusmodi
2697 1453 2998 1521 habentes,
3049 1454 3157 1509 hoc
3189 1459 3406 1510 temere
3430 1455 3762 1524 afﬁrment;

337 1534 708 1608 ϐεϐαιοῦνται,
763 1537 853 1592 καὶ
909 1538 976 1592 τά
1029 1537 1267 1613 πρότερα
1323 1540 1443 1599 πῶς
1502 1537 1747 1612 γέγονεν,
1789 1537 1823 1606 ἢ
1882 1541 1987 1591 πῶι

2113 1543 2267 1596 certe
2299 1543 2492 1612 priora
2523 1542 2816 1612 quomodo
2865 1546 3029 1615 gesta
3076 1542 3214 1613 sint,
3268 1547 3370 1598 aut
3417 1560 3523 1599 cur
3569 1545 3763 1601 siclo-

337 1627 613 1704 λέγουσίν,
649 1628 776 1701 ὑμῖν
825 1624 1190 1700 κατελίπομεν
1237 1630 1477 1681 σκοπεῖν.
1511 1623 1675 1680 Οὐδὲν
1723 1627 1826 1701 γὰρ
1860 1623 1987 1680 ἄλλ(

2114 1632 2391 1698 quantur,
2424 1629 2590 1684 vobis
2621 1646 2761 1685 sane
2805 1629 3300 1685 considerandum
3352 1629 3764 1702 relinquimus.

338 1716 482 1772 ἐστὶν
516 1717 551 1787 ἤ
587 1715 916 1793 συκοφαντία
953 1716 1043 1770 καὶ
1093 1715 1304 1790 ἐχθρῶν
1359 1709 1651 1786 ἐπιϐουλὴ,
1687 1715 1777 1768 καὶ
1830 1715 1988 1788 θυμὸς

2119 1716 2269 1771 Nihil
2299 1717 2458 1772 enim
2481 1717 2640 1773 aliud
2666 1717 2812 1772 illud
2839 1723 2928 1774 est
2953 1734 3129 1790 quam
3153 1717 3470 1785 calumnia,
3493 1724 3552 1774 et
3576 1719 3769 1775 inimi-

337 1805 544 1882 ἄσχετα
591 1809 827 1885 φρονῶν,
859 1806 947 1860 καὶ
995 1806 1131 1860 κατὰ
1176 1811 1276 1873 τῆς
1328 1799 1600 1867 εὐσεϐείας
1638 1807 1673 1873 ἡ
1733 1803 1864 1876 ὑπὲρ
1894 1808 1987 1858 τῶπ

2119 1822 2314 1862 eorum
2346 1806 2596 1871 insidia,
2635 1808 2986 1879 animusque
3009 1807 3377 1863 intoleranda
3396 1808 3680 1877 sentiens,
3702 1825 3769 1864 ac

335 1897 769 1972 ’Δρειομανιτῶν
820 1889 1037 1949 ἀσέϐεια
1087 1891 1358 1963 λυττῶσα,
1387 1891 1461 1948 ’ίν’
1509 1890 1752 1948 ἐκποδὼν
1807 1894 1901 1967 μὲν
1949 1897 1985 1947 o'

346 1983 561 2003 anns,
699 1986 709 2003 I
1075 1979 1234 2003 ’,δι
1356 1979 1479 2003 εμπ
1602 1983 1614 1999 \
1706 1980 1898 2003 "nl\

2115 1895 2386 1967 impietas
2418 1901 2621 1951 contra
2663 1895 2939 1968 pietatem
2971 1913 3073 1968 pro
3114 1895 3498 1954 Ariomanitis
3526 1897 3765 1966 furens;

337 1983 619 2062 ὀρθόδοξοι
652 1986 934 2062 φένωνται,
974 1984 1088 2056 μετ’
1120 1979 1302 2044 ἀδείας
1353 1979 1409 2036 δὲ
1458 1979 1672 2055 λοιπὸν,
1706 1982 1739 2035 ἃ
1773 1980 1987 2058 βούλον-

2117 1988 2179 2040 ut
2208 1984 2520 2040 Orthodoxi
2546 1985 2783 2056 quidem
2808 1988 2878 2041 de
2909 1985 3100 2042 medio
3122 1985 3423 2058 tollantur,
3446 1986 3767 2059 impietatis

335 2097 445 2145 ται,
524 2073 864 2148 κηρύττωσιν
928 2076 1042 2146 (89)
1104 2073 1156 2126 οἱ
1211 2073 1508 2145 προστάται
1571 2078 1672 2140 τῆς
1733 2067 1976 2134 ἀσεϐείας

2115 2089 2246 2129 vero
2277 2074 2531 2143 patroni,
2558 2074 2714 2145 quod
2765 2073 3021 2142 libuerit,
3055 2091 3190 2130 cum
3217 2075 3528 2132 securitate
3554 2076 3765 2148 pradi-

334 2164 436 2220 Καὶ
469 2166 573 2241 γὰρ
605 2162 779 2225 οὕτως
814 2160 953 2238 ἔχει.

2112 2165 2262 2218 cent.
2297 2162 2528 2217 Etenim
2559 2179 2650 2218 res
2677 2163 2757 2218 ita
2782 2179 2844 2218 se
2873 2162 3066 2218 habet.

361 2293 370 2300 -
407 2257 462 2310 6.
500 2251 713 2327 Ἀρείου
748 2257 845 2307 τοῦ
902 2246 1288 2322 ἀσεϐήσαντος,
1319 2250 1407 2328 ἀφ’
1463 2251 1524 2304 οὗ
1581 2249 1671 2305 καὶ
1719 2253 1754 2320 ἡ
1791 2251 1998 2323 Ἀρειοο

2180 2253 2234 2306 6.
2268 2250 2414 2306 Cum
2443 2251 2616 2307 Arius
2645 2250 2964 2323 impietatis
3016 2255 3238 2324 auctor,
3271 2271 3304 2309 a
3347 2271 3462 2326 quo
3492 2254 3762 2312 Arioma-

343 2346 579 2418 μανιτῶν
641 2339 710 2396 δι’
761 2339 920 2396 αὐτὸν
967 2338 1173 2412 αἵρεσις
1219 2336 1505 2410 κέκληται,
1537 2346 1638 2409 τῆς
1673 2337 1993 2408 Ἐκκλησίας

2110 2339 2364 2396 nitarum
2400 2339 2640 2396 hmresis
2664 2345 3003 2412 nuncupata
3025 2345 3135 2410 est,
3161 2342 3233 2397 ab
3256 2342 3511 2399 Ecclesia
3539 2343 3760 2414 ejectus

339 2427 699 2502 ἐκϐληθέντος
751 2431 852 2486 ὑπὸ
906 2434 1004 2485 τοῦ
1064 2429 1363 2504 μακαρίτου
1418 2428 1712 2483 ἐπισκόπου
1745 2426 1989 2501 Ἀλεξάν-

2115 2428 2318 2484 fuisset
2340 2445 2374 2484 a
2394 2429 2575 2484 beata:
2605 2430 2899 2485 memorias
2924 2429 3245 2486 Alexandro
3268 2432 3561 2503 episcopo,
3588 2433 3765 2488 Euse-

343 2520 496 2600 ὃρου,
531 2523 582 2578 οἱ
642 2521 766 2597 περὶ
817 2516 1078 2577 Εύσέϐιον
1143 2519 1376 2592 μαθηταὶ
1425 2525 1527 2588 τῆς
1557 2513 1800 2581 ἀσεϐείας
1834 2519 1993 2572 αὐτοῦ

2118 2516 2244 2572 bius
2275 2533 2409 2572 cum
2443 2517 2570 2574 suis
2601 2517 2699 2588 qui
2733 2518 2862 2588 ejus
2893 2518 3215 2587 impietatis
3248 2519 3522 2592 discipuli
3553 2525 3610 2576 et
3638 2537 3768 2592 par-

341 2612 434 2668 καὶ
463 2611 719 2666 κοινωνοὶ
749 2611 1135 2685 τυγχάνοντες,
1171 2607 1392 2670 ἑαυτοὺς
1425 2602 1787 2678 ἐκϐεϐλῆσθαι
1841 2606 1991 2680 νομί-

2121 2604 2316 2677 ticipes
2347 2610 2532 2672 erant,
2580 2621 2642 2661 se
2672 2606 2885 2676 ejectos
2940 2607 3123 2663 fuisse
3173 2608 3546 2678 arbitrantes,
3583 2608 3771 2664 multa

347 2707 549 2773 ζοντες,
611 2698 845 2778 ἔγραφον
905 2696 1092 2753 πολλά
1150 2697 1587 2772 παρακαλοῦντες
1645 2693 1993 2769 Ἀλέξανδρον

2116 2694 2418 2765 scripsere,
2441 2694 2657 2766 quibus
2681 2694 3076 2750 Alexandrum
3105 2696 3447 2769 episcopum
3472 2701 3766 2770 rogarent,

343 2791 434 2846 τὸν
470 2789 762 2845 ἐπίσκοπον
826 2790 900 2862 μὴ
962 2787 1172 2864 ἀφεῖναι
1226 2787 1315 2841 τὸν
1349 2785 1616 2861 αἱρετικὸν
1649 2786 1865 2860 Ἀρειον
1895 2783 1993 2855 ἔξω

2115 2799 2180 2838 ne
2210 2783 2552 2838 haereticum
2583 2783 2790 2837 Arium
2822 2789 2983 2839 extra
3012 2784 3336 2840 Ecclesiam
3387 2785 3765 2856 relinqueret.

335 2887 439 2951 τῆς
479 2876 828 2950 Ἐκκλησίας.
861 2874 1218 2952 Ἀλεξάνδρου
1264 2874 1341 2946 δὲ,
1375 2873 1463 2930 διὰ
1503 2877 1602 2944 τήν
1645 2875 1719 2937 εἷς
1765 2874 1985 2951 Χριστὸν

2115 2870 2429 2926 Alexandro
2462 2880 2682 2939 autem,
2712 2873 2784 2928 ob
2832 2890 3002 2928 suam
3036 2873 3094 2928 in
3136 2873 3431 2929 Christum
3463 2874 3765 2946 pietatem,

331 2964 604 3024 εὐσέϐειαν
667 2969 743 3042 μὴ
805 2965 1110 3043 δεχομένου
1167 2967 1258 3020 τὸν
1320 2959 1509 3034 ἀσεϐῆ,
1561 2962 1636 3026 εἷς
1687 2964 1981 3018 ’Δθανάσιοι

2115 2960 2352 3032 impium
2386 2961 2552 3016 illum
2589 2978 2704 3016 non
2738 2963 3079 3033 recipiente,
3111 2963 3431 3019 Athanasio
3464 2968 3604 3020 tunc
3634 2963 3765 3019 dia-

327 3059 452 3114 τότε
507 3056 757 3114 διάκονον
804 3052 934 3110 ὄντα
995 3053 1334 3110 ἐλυποῦντο·
1385 3052 1571 3122 ἐπειδὴ
1630 3054 1697 3107 τὰ
1764 3049 1977 3107 πλεῖστα

2106 3066 2248 3105 cono
2267 3051 2723 3106 succensebant:
2746 3051 2900 3121 quod
2921 3051 3150 3108 curiose
3169 3051 3538 3108 sciscitantes
3558 3053 3756 3125 ipsum

328 3147 551 3203 συνόντα
583 3143 928 3221 Ἀλεξάνδρῳ
957 3149 1036 3217 τῷ
1071 3143 1372 3216 ἐπισκόπῳ,
1395 3141 1978 3216 πολυπραγμονοῦντες

2106 3139 2575 3210 frequentissime
2605 3156 2739 3193 cum
2778 3139 3106 3195 Alexandro
3158 3142 3396 3209 versari,
3431 3146 3489 3197 et
3524 3143 3598 3196 ab
3626 3141 3756 3213 ipso

329 3237 487 3292 αὐτὸν
534 3233 760 3306 ἤκουον,
801 3234 892 3290 καὶ
938 3234 1250 3308 τιμώμενον
1307 3233 1432 3309 παρ’
1465 3232 1646 3289 αὐτοῦ.
1683 3235 1879 3305 Πεῖραν
1932 3226 1979 3282 δὲ

2099 3228 2160 3284 in
2191 3229 2376 3300 pretio
2402 3228 2603 3283 haberi
2625 3227 3006 3284 audivissent.
3042 3229 3184 3284 Cum
3205 3233 3401 3284 autem
3427 3229 3588 3285 exiis
3618 3247 3745 3302 quae

326 3325 494 3381 αὐτοῦ
550 3326 640 3381 καὶ
688 3332 787 3395 τῆς
851 3318 1121 3385 εὐσεϐείας
1174 3329 1276 3392 τῆς
1326 3321 1403 3384 εἷς
1448 3321 1673 3396 Χριστὸν
1725 3315 1976 3381 λαϐόντες

2098 3316 2157 3372 in
2190 3318 2409 3390 synodo
2435 3317 2665 3372 Niczcna
2711 3321 2912 3372 contra
2940 3318 3437 3374 Ariomanitarum
3481 3319 3748 3392 impieta-

329 3413 391 3469 ἐκ
440 3421 542 3484 τῆς
591 3411 816 3468 συνόδου
865 3419 965 3482 υῆς
1014 3412 1150 3466 κατὰ
1198 3409 1420 3465 Νίκαιαν
1454 3412 1566 3484 (90)
1597 3407 1979 3484 συγκροτηθεί-

2093 3410 2211 3462 tem
2246 3407 2606 3462 conﬁdenter
2634 3405 2866 3462 locutus
2899 3411 3009 3471 est,
3041 3407 3168 3477 ejus
3208 3407 3268 3462 in
3294 3407 3590 3462 Christum
3624 3409 3743 3480 pie-

329 3524 458 3573 ο-ης,
503 3500 553 3556 ἐν
613 3503 696 3564 οἷς
752 3500 1178 3578 ἐπαρρησιάζετο
1235 3500 1371 3554 κατὰ
1417 3505 1519 3568 τῆς
1579 3493 1823 3560 ἀσεϐείας
1879 3501 1979 3552 τῶι

2095 3500 2272 3552 tatem
2307 3500 2505 3551 essent
2534 3495 2775 3566 experti,
2805 3496 2862 3550 in
2913 3497 3105 3567 majus
3150 3496 3348 3551 odium
3382 3502 3745 3556 exarserunt.

328 3594 780 3668 Ἀρειομανιτῶν,
845 3591 1109 3663 μειζόνως
1163 3589 1225 3643 τὸ
1287 3594 1443 3661 μῖσος
1503 3584 1752 3657 ηὔξανον.
1787 3588 1875 3648 Ὣς
1931 3583 1978 3640 δὲ

2097 3585 2204 3640 Ubi
2234 3602 2366 3641 vero
2417 3585 2487 3639 ad
2542 3585 2945 3656 episcopatum
2993 3583 3163 3639 illum
3214 3585 3497 3640 Dominus
3541 3587 3747 3658 evexit,

331 3681 423 3736 ἐπὶ
482 3683 582 3750 τὴν
637 3679 937 3749 ἐπισκοπὴν
996 3678 1152 3734 αὐτὸν
1197 3679 1224 3732 ὁ
1256 3678 1385 3739 Θεὸς
1441 3674 1639 3752 ἤγαγε,
1665 3678 1763 3746 τήν
1798 3675 1857 3730 ἐκ
1884 3697 1981 3730 πα-

2099 3674 2517 3746 quamjamdiu
2544 3674 2811 3728 fovebant
2829 3673 3114 3729 malitiam
3135 3675 3324 3730 denuo
3342 3677 3749 3746 accendentes,

333 3769 497 3825 λαιοῦ
553 3771 892 3848 τρεφομένην
963 3768 1146 3830 αὐτοῖς
1199 3766 1387 3822 κακίαν
1449 3767 1983 3837 ἀναζωπυρήσαντες,

2102 3768 2318 3818 rectam
2351 3763 2479 3833 ejus
2511 3763 2858 3832 doctrinam,
2913 3779 3134 3818 necnon
3169 3765 3296 3834 ejus
3329 3763 3609 3820 adversus
3639 3764 3752 3820 im-

333 3859 426 3915 καὶ
467 3853 803 3938 φοϐούμενοι
849 3859 948 3928 τήν
999 3855 1308 3934 ὀρθοδοξίαν
1357 3856 1539 3927 αὐτοῦ,
1572 3855 1663 3910 καὶ
1709 3857 1808 3923 τήν
1858 3855 1983 3909 κατᾶ

2107 3852 2376 3923 pietatem
2403 3851 2708 3907 resistendi
2751 3853 3014 3907 animum
3055 3853 3629 3925 veriti(maximeque
3647 3855 3757 3911 Eu-

334 3955 440 4018 τῆς
501 3942 748 4010 ἀσεϐείας
807 3947 1161 4022 παράστασιν,
1220 3940 1478 4007 Εὐσέϐιος
1541 3943 1597 3999 δὲ
1648 3941 1837 3999 πλεῖον
1904 3943 1984 3997 καῖ

2107 3941 2303 3996 sebius
2325 3958 2358 3996 a
2380 3941 2737 3996 conscientia
2759 3959 2954 3996 rerum
2969 3959 3116 4013 quas
3141 3948 3378 3998 noverat
3403 3943 3757 4015 perculsus),

336 4038 445 4092 ἀπὸ
498 4039 612 4110 (91)
664 4043 768 4106 τῆς
848 4032 1207 4105 συνειδήσεως
1275 4035 1347 4088 ὧν
1419 4031 1531 4088 οἶδε
1594 4030 1986 4106 πληττόμενος,

2107 4030 2382 4085 omnibus
2405 4030 2596 4085 modis
2612 4031 2731 4086 viro
2756 4031 3013 4086 insidiati
3031 4037 3188 4099 sunt,
3216 4035 3271 4087 et
3292 4032 3571 4088 adversus
3587 4032 3757 4088 illum

333 4125 508 4180 πάντα
572 4124 773 4202 τρόπον
853 4118 1212 4178 ἐπεϐούλευον
1271 4124 1361 4178 καὶ
1420 4123 1864 4192 συνεσκευάζοντο
1921 4126 1983 4192 “cf;

2106 4119 2979 4192 conspirarunt;imperatorem
3019 4137 3252 4193 quoque
3286 4119 3530 4177 inillum
3563 4121 3754 4178 conci-

337 4211 515 4291 ανδρί.
548 4214 790 4270 Ἐκίνουν
853 4210 1079 4285 βασιλέα
1132 4213 1249 4267 κατ’
1307 4211 1490 4284 αὐτοῦ,
1541 4209 1797 4272 συνόδους
1845 4207 1987 4278 ηπεί·

2110 4214 2324 4276 tarunt,
2349 4226 2414 4264 ac
2436 4209 2690 4280 synodos
2718 4208 3066 4280 plerumque
3087 4226 3148 4265 se
3173 4215 3478 4266 coacturos
3500 4209 3760 4266 intermi-

336 4301 470 4358 λουν
503 4299 799 4364 πολλάκις⁸
822 4299 912 4356 καί
939 4298 1099 4363 τέλος
1131 4299 1182 4355 ἐν
1215 4299 1373 4376 Τύρῳ
1406 4297 1796 4371 συνῆλθον,καὶ
1833 4299 1986 4373 μέχρι

2111 4298 2252 4367 nati,
2286 4299 2524 4352 demum
2557 4297 2689 4367 Tyri
2723 4313 3061 4363 convenere,
3087 4302 3143 4352 et
3169 4298 3454 4354 hactenus
3479 4299 3761 4355 adversus

334 4395 429 4446 νῦν
465 4390 566 4446 οὐκ
611 4390 930 4468 ἀφίστανται
980 4391 1097 4444 κατ’
1131 4389 1293 4444 αὐτοῦ
1343 4386 1665 4467 γράφοντες,
1696 4387 1785 4442 καὶ
1827 4386 1984 4441 οὕτως

2111 4404 2246 4444 eum
2278 4387 2530 4443 scribere
2562 4403 2676 4441 non
2704 4385 2998 4440 desinunt.
3027 4389 3217 4458 Atque
3247 4387 3328 4442 ita
3358 4386 3760 4458 implacabiles

341 4479 476 4536 εἰσὶν
539 4478 925 4556 ἀπαραίτητοι,
955 4479 1032 4542 ὡς
1088 4479 1180 4533 καὶ
1221 4479 1321 4548 τήν
1371 4479 1690 4533 κατάστασιν
1732 4483 1834 4546 τῆς
1884 4475 1991 4530 ἐπι-

2114 4481 2275 4546 sunt,
2305 4480 2373 4531 ut
2403 4477 2531 4546 ejus
2563 4474 2740 4530 etiam
2772 4473 2831 4529 in
2882 4473 3285 4546 episcopatum
3331 4476 3760 4546 promotionem

342 4576 558 4640 σκοπῆς
609 4569 774 4625 αὐτοῦ
831 4568 1132 4646 μέμφεσθαι
1163 4569 1298 4642 (92),
1332 4571 1614 4643 πανταχοῦ
1673 4564 1992 4624 δεικνύοντες

2117 4566 2563 4639 reprehendant,
2597 4581 2663 4620 ac
2694 4580 2821 4619 sese
2843 4563 3104 4635 undique
3133 4564 3255 4619 viro
3288 4564 3557 4619 inimicos
3587 4568 3644 4620 et
3673 4565 3767 4619 in-

341 4658 571 4721 ὲαυτοὺς
645 4657 900 4735 ἐχθροὺς,
972 4658 1063 4713 καὶ
1145 4662 1435 4732 μισοῦντας
1509 4655 1600 4710 τόν
1675 4652 1858 4729 ἄνδρα,
1918 4675 1985 4709 κα

2120 4657 2314 4712 fensos
2345 4654 2658 4710 exhibeant
2686 4679 2699 4721 ;
2725 4669 2790 4709 eo
2813 4651 3004 4708 solum
3029 4652 3330 4709 mendacia
3353 4652 3680 4724 loquentes,
3703 4657 3770 4710 ut

344 4745 521 4823 ψευδῆ
585 4745 859 4822 λέγοντες,
923 4747 1086 4821 μόνον
1141 4744 1233 4801 ’ίνα
1292 4743 1685 4824 ἐκφαυλίσωσιν
1737 4744 1894 4800 αὐτόν
1958 4743 1994 4799 ἐκ

2121 4763 2258 4802 eum
2290 4744 2414 4800 suis
2445 4743 2735 4799 calumnis
2784 4743 3062 4797 infamem
3112 4742 3378 4798 reddant.
3434 4742 3545 4798 Sed
3584 4760 3652 4798 ex
3677 4743 3771 4800 his

344 4842 470 4898 ταῖς
530 4835 942 4911 ψευδολογίαις.
988 4834 1165 4891 ’Δλλά
1219 4836 1309 4890 καὶ
1361 4835 1413 4906 ἐξ
1462 4835 1635 4890 αὑτῶν
1680 4834 1885 4890 τούτων
1937 4836 1994 4888 ὦ·

2121 4834 2269 4907 ipsis
2301 4835 2423 4889 suis
2455 4832 2796 4899 mendaciis,
2823 4831 3016 4902 priora
3037 4829 3138 4884 illa
3164 4832 3312 4886 falsa
3341 4834 3515 4901 atque
3538 4832 3771 4903 conspi-

350 4922 669 4999 ψεύδονται,
690 4927 756 4980 τὰ
786 4926 1024 5003 πρότερα
1056 4924 1404 5001 διελέγχουσι
1436 4922 1606 4999 ψευδῆ
1639 4924 1728 4978 καὶ
1753 4930 2000 4994 συσκευῆι

2126 4923 2409 4979 rationem
2442 4939 2571 4994 esse
2618 4922 3155 4994 deprehenduntur.
3208 4921 3388 4974 Aiunt
3418 4919 3573 4976 enim
3602 4937 3614 4976 :
3647 4923 3776 4976 Post

355 5016 544 5088 μεστά.
608 5016 757 5070 Μετά
813 5016 916 5091 γὰρ
967 5016 1066 5084 την
1125 5013 1406 5084 τελευτὴν,
1458 5015 1611 5090 φασὶν
1664 5016 1795 5087 (93),
1831 5011 2005 5084 Ἀλεξ-

2127 5013 2334 5069 obitum
2363 5011 2672 5066 Alexandri
2701 5012 2957 5082 episcopi,
2987 5026 3116 5065 cum
3154 5010 3324 5080 pauci
3351 5009 3579 5078 quidam
3608 5008 3774 5063 Atha-

353 5100 552 5180 ἀνδρου
629 5108 726 5158 τοῦ
806 5102 1124 5176 ἐπισκόπου,
1191 5102 1395 5178 ὀλίγων
1472 5108 1635 5158 τινῶν
1705 5101 2003 5159 Ἀθανασίοι

2126 5103 2276 5156 ηαδίί
2299 5102 2632 5156 mentionem
2676 5103 2940 5171 facerent,
2984 5115 3081 5153 sex
3133 5107 3230 5152 aut
3270 5107 3468 5168 septem
3517 5097 3774 5168 episcopi,

357 5195 587 5267 μνήμην
669 5191 1122 5267 ποιουμένων,
1181 5194 1215 5262 ἢ
1277 5194 1407 5248 ἑπτὰ
1482 5191 1785 5248 ἐπισκόπων
1847 5189 2007 5266 λάθρα

2128 5191 2270 5246 clam
2299 5193 2349 5245 et
2380 5194 2438 5245 in
2469 5191 2695 5246 obscuro
2736 5190 2850 5244 loco
2902 5191 3082 5260 ipsum
3129 5187 3474 5243 ordinarunt.
3532 5190 3664 5242 Haec
3694 5182 3778 5240 illi

429 5408 547 5479 (87)
579 5409 746 5482 Reg.,
779 5405 1024 5484 ἐπάρχου
1053 5413 1154 5476 τῆς
1195 5404 1520 5482 Αἰγύπτου..
1921 5460 1923 5462 ,

430 5480 546 5530 (88)
570 5479 632 5530 In
658 5497 835 5530 grave
862 5481 1117 5530 historiaa
1140 5480 1548 5530 ecclesiasticae
1580 5480 2022 5530 detrimentum.

2205 5405 2317 5476 (91)
2350 5404 2429 5460 Re
2479 5447 2515 5475 .,
2577 5399 2634 5456 δὲ
2675 5401 2929 5455 καὶκατὰ
2972 5399 3160 5453 πλεῖον
3198 5398 3342 5455 ὑπό..
3379 5399 3576 5466 Basil.,
3610 5393 3783 5451 δὲκαὶ

2133 5475 2320 5530 πλεῖον
2358 5419 2481 5530 ait?
2516 5477 2644 5530 Mox
2676 5475 2735 5530 in
2766 5473 2963 5530 Basil..
2997 5471 3070 5530 ὡς
3105 5467 3217 5523 οἶδε
3248 5472 3429 5527 deest.
3465 5471 3610 5526 Ibid.
3645 5470 3783 5530 Reg.

430 5467 546 5551 (88)
570 5479 634 5536 In
657 5467 835 5553 grave
862 5467 1120 5537 historiae
1140 5467 1548 5553 ecclesiasticae
1580 5480 2022 5545 detrimentum,

2134 5467 2320 5530 πλεῖον
2358 5467 2644 5530 ἀπό.’ΜοΧ
2676 5473 2963 5553 in_Basil.,
2992 5471 3070 5553 ἐῢς
3105 5467 3217 5553 οἶδε
3248 5471 3613 5553 (ἰιειρειίμίρὶἀζ
3645 5470 3784 5540 Reg.

357 5539 756 5608 monumenta
781 5552 876 5608 hic
907 5557 1232 5608 memorata
1265 5552 1546 5607 excidere.

2136 5555 2192 5605 et
2222 5548 2397 5603 Basil.
2434 5565 2580 5619 quos
2603 5547 2926 5618 sequimur,
2949 5541 3350 5613 πληττόμενος,
3381 5542 3520 5598 editi
3552 5539 3786 5596 πλαττο-

437 5623 550 5696 (89)
590 5623 686 5696 Sic
718 5625 857 5696 Reg.
881 5695 886 5696 ί
913 5631 971 5679 ct
1020 5624 1196 5679 Basil.
1229 5641 1242 5692 ;
1275 5624 1624 5696 editi‘vero,
1673 5619 2023 5696 κηρύττουσι.

670 5641 686 5679 3
718 5625 857 5696 Reg.
881 5695 886 5696 γ
913 5631 971 5679 ct
1020 5624 1196 5679 Basil.
1229 5641 1242 5692 ;
1275 5624 1447 5696 editi
1469 5640 1624 5696 vero,
1673 5619 2023 5696 κηρύττουσι.
2140 5639 2320 5696 μενος,

454 5683 548 5768 90)
585 5683 926 5768 Νίκαιανυεὶρ
980 5683 1240 5751 ειοοθηΐιί
1271 5694 1330 5750 in
1364 5694 1555 5768 prima
1585 5683 1816 5768 Reg.'et
1844 5693 2024 5750 Basil.

1901 5693 2024 5750 asil.
2140 5683 2150 5692 ’
2209 5691 2320 5768 (ἓξ)
2354 5688 2848 5768 ῌ-ωο“ἱῐοω-ιξρυι1
2879 5687 3198 5768 Socraten),
3231 5683 3269 5739 l.
3307 5701 3348 5753 Ι,
3381 5702 3430 5741 c.
3463 5686 3551 5740 .‘23.

359 5754 714 5837 Editi'vero,
741 5765 990 5821 Νικαίαν.
1365 5754 1383 5768 ⁵
1669 5754 1703 5768 υ

1669 5754 1703 5768 υ
2211 5754 2323 5836 (93)
2354 5761 2445 5816 Sic
2477 5760 2625 5834 Reg.
2653 5754 2806 5818 Ed'iti
2839 5774 2970 5815 vero
2997 5754 3181 5837 φησιν.

650 5894 924 5960 ΡΑτιιοι..
973 5893 1085 5960 Gn.
1130 5891 1315 5961 XXV.

3473 5884 3513 5972 θ
