4178 6380
386 421 504 480 259

389 641 541 696 dacii
569 657 753 714 genus
785 640 1037 696 scribere
1059 643 1350 694 recusant.
1378 643 1494 694 Nos
1526 643 1724 693 autem
1756 654 1888 693 cum
1921 641 2044 692 tota

391 729 646 799 civitate,
679 735 736 785 et
765 729 1037 785 universa
1061 729 1354 800 provincia
1385 733 1566 784 testes
1597 745 1825 795 sumus,
1861 730 2041 781 totam

392 818 830 874 multitudinem
857 835 1207 888 omnemque
1233 817 1529 872 catholica:
1558 817 1828 872 Ecclesia:
1857 832 2041 886 popu-

392 906 539 974 lum,
573 908 738 979 quasi
775 924 890 962 uno
921 923 1182 979 corpore,
1221 908 1369 963 102
1423 925 1537 962 uno
1565 908 1759 961 animo
1802 921 2040 974 congre-

396 997 1008 1070 gatum,exclamasse,
1025 997 1403 1052 vociferatum
1424 1013 1643 1066 csse,ac
1656 994 2039 1049 Athanasium

396 1104 516 1142 sua:
541 1086 806 1142 Ecclesiae
829 1086 1167 1158 episcopum
1193 1086 1450 1158 petiisse.
1477 1086 1593 1140 Hoc
1618 1084 1867 1156 publicis
1893 1082 2044 1137 votis

395 1174 691 1231 Christum
723 1175 1042 1247 rogabant:
1097 1175 1206 1231 hoc
1257 1191 1364 1230 nos
1412 1174 1620 1229 diebus
1655 1173 2044 1242 noctibusque

395 1263 668 1336 plurimis
699 1264 886 1320 facere
915 1263 1284 1332 adjurabant,
1321 1278 1424 1318 nec
1447 1263 1557 1334 ipsi
1585 1261 1826 1317 ecclesia
1856 1259 2042 1314 disce-

393 1354 619 1421 dentes,
643 1370 748 1410 nec
770 1371 877 1410 nos
897 1352 1057 1409 abire
1077 1351 1500 1425 permittentes.
1527 1353 1605 1406 Ac
1633 1351 1775 1406 nihil
1805 1349 2042 1421 quidem

394 1443 534 1500 mali
564 1443 654 1515 (ut
681 1442 782 1498 isti
835 1441 1167 1514 scripsere),
1218 1442 1290 1496 de
1348 1439 1446 1496 illo
1497 1441 1906 1513 proferebant:
1939 1438 2042 1494 sed

392 1533 616 1605 optima
646 1548 892 1604 quasque
923 1531 1326 1598 praedicantes,
1376 1530 1647 1602 probum,
1680 1529 1845 1601 pium
1875 1527 2042 1584 Chri-

393 1623 676 1691 stianum,
693 1638 769 1677 ex
789 1623 1002 1678 ascetis
1027 1636 1212 1676 unum
1235 1636 1300 1676 ac
1317 1635 1518 1676 verum
1539 1619 1878 1692 episcopum
1896 1634 2044 1672 nun-

393 1711 710 1784 cupabant.
745 1710 908 1776 Quod
938 1713 1134 1766 autem
1166 1725 1234 1764 ex
1278 1708 1448 1764 nobis
1478 1706 1899 1779 quamplurimi
1933 1705 2042 1760 sub

395 1803 661 1856 omnium
693 1803 1008 1870 conspectu
1038 1803 1095 1854 et
1137 1797 1412 1852 omnibus
1463 1814 1577 1868 prae
1609 1796 1821 1868 gaudio
1854 1795 2039 1850 accla-

396 1889 699 1946 mantibus
728 1889 924 1961 ipsum
944 1886 1306 1955 ordinarint;
1341 1904 1448 1942 nos
1473 1889 1649 1942 testes
1681 1901 1910 1951 sumus,
1943 1883 2043 1955 qui

394 1978 812 2050 ordinavimus,
843 1981 900 2033 et
929 1977 1041 2032 ﬁde
1073 1976 1310 2049 quidem
1341 1975 1636 2048 digniores
1667 1973 1740 2029 iis
1771 1973 1870 2046 qui
1901 1977 2040 2028 tunc

394 2070 640 2126 aberant
666 2071 723 2124 et
744 2067 873 2139 jam
903 2065 1043 2122 talia
1071 2064 1456 2123 mentiuntur.
1475 2063 1890 2120 Verumtamen
1923 2066 2040 2117 Eu-

396 2157 595 2215 sebius
623 2156 926 2214 Athanasii
957 2155 1386 2212 ordinationem
1423 2152 1817 2225 reprehendit,
1864 2152 2041 2208 homo

395 2248 498 2320 qui
528 2262 833 2319 nunquam
863 2245 1009 2301 forte
1038 2245 1165 2316 ipse
1193 2242 1497 2300 ordinatus
1528 2246 1654 2298 est:
1683 2243 1837 2313 quod
1862 2241 1912 2297 si
1939 2258 2044 2297 un-

394 2355 572 2411 quam
603 2337 798 2404 fuerit,
827 2336 954 2408 ipse
973 2333 1400 2390 ordinationem
1424 2348 1595 2388 suam
1625 2330 1852 2386 irritam
1884 2330 2039 2386 fecit.

392 2427 587 2502 Beryti
617 2427 776 2484 enim
833 2426 906 2481 ab
933 2424 1100 2480 initio
1153 2423 1464 2496 episcopus
1523 2421 1671 2476 fuit:
1723 2419 2045 2492 relictaque

392 2518 600 2591 Beryto
629 2514 1030 2572 Nicomediam
1087 2529 1150 2569 se
1196 2509 1534 2566 transtulit:
1589 2507 1751 2564 illam
1804 2508 2042 2580 quidem

393 2610 598 2664 contra
617 2604 809 2678 legem
829 2599 1337 2668 dimittens,istam
1359 2599 1500 2654 item
1525 2600 1725 2652 contra
1747 2597 1932 2668 legem
1953 2595 2042 2651 in-

393 2697 615 2752 vadens
641 2712 654 2751 :
677 2697 736 2749 et
755 2708 888 2748 cum
915 2707 1107 2758 suam,
1132 2704 1310 2760 quam
1329 2686 1668 2743 nullatenus
1690 2687 1926 2751 amavit,
1950 2702 2046 2741 re-

395 2783 657 2856 liquerit,
717 2781 966 2836 alienam
1026 2777 1188 2833 nullo
1229 2777 1364 2847 jure
1421 2779 1702 2847 occupat:
1736 2791 1802 2830 ac
1835 2774 2046 2845 prioris

399 2872 640 2946 quidem
673 2872 932 2926 emerem
959 2884 1075 2940 pra:
1106 2865 1309 2922 alienae
1339 2863 1627 2920 desiderio
1655 2863 2045 2933 contempsit:

399 2977 508 3019 nec
535 2965 734 3016 tamen
765 2957 1084 3014 secundam
1118 2972 1292 3028 quam
1326 2957 1489 3009 tanta
1517 2953 1790 3009 aviditate
1821 2952 2046 3008 invase-

398 3055 510 3124 rat,
540 3050 801 3106 retinuit.
849 3048 993 3103 Ecce
1040 3045 1197 3102 enim
1247 3043 1409 3098 illinc
1455 3059 1686 3116 quoque
1717 3042 2046 3108 discedens,

400 3140 652 3199 alienam
684 3153 889 3195 rursus
910 3139 1178 3208 occupat.
1213 3133 1438 3205 Ubique
1459 3133 1616 3188 enim
1647 3131 1854 3188 alienis
1887 3130 2046 3186 urbi-

397 3231 512 3288 bus
541 3226 882 3302 cupiditatis
912 3225 1114 3282 oculos
1171 3223 1393 3295 abjicit,
1453 3226 1617 3278 ratus
1661 3221 1719 3276 in
1751 3220 1962 3294 Opibus
1992 3223 2050 3276 et

931 417 1000 490 S.
1045 414 1469 476 ATHANASII
1515 414 1687 475 OPP.
1736 414 1939 475 PARS
1984 413 2035 474 Ι.
2068 446 2146 457 -
2178 413 2600 479 HISTORICA
2643 410 2745 478 ET
2788 413 3271 478 DOGMATICA.

386 552 846 624 imperatoribus
875 550 1022 622 ipsis
1053 549 1422 621 rescripsere,
1476 549 1585 620 qui
1607 547 1837 604 nullum
1869 563 2038 602 men-
2067 547 2124 614 Α
2152 546 2241 600 καὶ
2327 546 2376 601 ἐν

2474 543 2803 623 παραϐύστῳ
2895 550 3303 623 χειροτονοῦσιν
3385 545 3564 604 αὐτόν.
3633 550 3812 602 Ταῦτα

2153 633 2389 711 ἔγραψαν
2449 637 2538 691 καὶ
2602 635 2933 711 βασιλεῦσιν,
2987 636 3039 691 οἱ
3102 633 3269 710 μηδὲν
3331 633 3523 709 ψευδὲς
3579 635 3806 714 γράφειν

2150 724 2594 800 παραιτούμενοι.
2642 729 2758 780 Ὅτι
2815 723 2872 780 δὲ
2929 731 3032 780 πᾶν
3091 726 3154 780 τὸ
3209 723 3445 797 πλῆθος,
3477 724 3568 780 καὶ
3619 729 3726 787 πᾶς
3779 725 3810 780 ὁ

2153 811 2282 876 λαὸς
2354 821 2454 883 τῆς
2534 815 2834 884 καθολικῆς
2885 813 3233 883 Ἐκγλησίας,
3294 813 3473 889 ὥσπερ
3547 813 3606 868 ἐκ
3679 819 3809 887 μιᾶς

2153 907 2337 978 ψυχῆς
2371 905 2460 957 καὶ
2493 906 2747 976 σώματος
2779 902 3231 974 συνεληλυθότες,
3265 899 3526 973 ἀνεϐόων,
3562 899 3808 976 ἔκραζον,

2475 994 2781 1050 Ἀθανασιον
2840 993 3132 1048 ἐπίσκοπον
3175 997 3244 1068 τῇ
3287 990 3603 1063 Ἐκκλησία.
3637 997 3808 1048 Τοῦτο

2153 1079 2393 1157 ηὔχοντο
2426 1079 2666 1154 δημοσίᾳ
2695 1087 2773 1153 τῷ
2801 1087 3038 1158 Χριστῷ,
3068 1082 3158 1136 καὶ
3183 1086 3346 1137 τοῦτο
3375 1084 3526 1154 ἡμᾶς
3571 1079 3804 1158 ὥρκιζον

2152 1176 2325 1224 ποιεῖν
2377 1170 2465 1224 ἐπὶ
2517 1169 2775 1233 πλείστας
2825 1171 3040 1246 ἡμέρας
3083 1170 3174 1226 καὶ
3220 1169 3438 1241 νύκτας,
3476 1172 3615 1244 μήτε
3652 1170 3808 1226 αὐτοὶ

2150 1265 2250 1328 τῆς
2294 1259 2616 1329 Ἐκκθησίας
2667 1256 3044 1338 ἀφιστάμενοι,
3098 1263 3237 1334 μήτε
3287 1263 3437 1334 ἡμᾶς
3487 1258 3806 1336 ἐπιτρέπον-

2149 1368 2238 1410 τες
2278 1347 2597 1426 ἀφίστασθαι
2643 1347 2861 1406 τούτου.
2896 1348 2994 1404 Καὶ
3047 1351 3212 1421 ἡμεῖς
3274 1350 3540 1424 μάρτυρες
3587 1350 3807 1419 τούτου,

2150 1435 2239 1490 καὶ
2270 1439 2306 1506 ἡ
2337 1435 2502 1499 πόλις
2558 1442 2720 1509 πᾶσα,
2752 1436 2841 1492 καὶ
2873 1439 2908 1508 ἡ
2950 1436 3190 1513 ἐπαρχία
3213 1459 3226 1472 ·
3287 1435 3439 1492 οὐδὲν
3506 1437 3600 1512 μὶν
3658 1437 3808 1493 ἐναν-

2150 1524 2287 1596 τίον,
2321 1527 2396 1588 ὡς
2429 1525 2660 1602 ἔγραψαν
2692 1526 2909 1597 ἐκεῖνοι,
2942 1532 3056 1581 κατ’
3086 1525 3251 1582 αὐτοῦ
3289 1524 3540 1602 λέγοντες
3570 1547 3584 1561 ο
3635 1527 3812 1582 πάντα

2153 1611 2211 1668 δε
2265 1615 2331 1668 τὰ
2389 1613 2665 1689 βέλτιστα,
2700 1613 3016 1686 σπουδαῖον,
3051 1610 3281 1689 εὐλαϐῆ,
3340 1616 3658 1692 Χριστιανὸν
3717 1612 3812 1670 ἕνα

2150 1708 2256 1758 τῶν
2317 1705 2563 1773 ἀσκητῶν
2599 1706 2734 1778 (94),
2786 1703 3008 1775 ἀληθῶς
3067 1703 3360 1760 ἐπίσκοπον
3423 1705 3807 1779 ὀνομάζοντες.

2151 1796 2272 1847 Ὅτι
2331 1790 2387 1847 δὲ
2434 1794 2485 1847 οἱ
2529 1792 2778 1856 πλείονες
2824 1796 2988 1868 ἡμῶν
3037 1793 3196 1849 αὐτὸν
3249 1794 3672 1871 ἐχειροτόνησαν
3706 1793 3810 1849 ὑπὸ

2151 1888 2270 1942 ταῖς
2317 1886 2424 1936 τῶν
2472 1902 2687 1936 παντων
2742 1877 2897 1956 ὄψεσι
2945 1882 3037 1937 καὶ
3093 1884 3270 1958 βοαῖς,
3323 1883 3592 1959 μάρτυρες
3641 1881 3808 1939 πάλιν

2153 1973 2317 2044 ἡμεῖς
2350 1970 2778 2046 ἀξιοπιστότεροι
2806 1975 2914 2027 τῶν
2945 1970 3190 2027 ἀπόντων
3221 1971 3312 2027 καὶ
3351 1970 3725 2046 ψευδομένων,
3754 1973 3810 2028 οἱ

2150 2063 2654 2136 χειροτονήσαντες.
2690 2058 2846 2116 Ἀλλ’
2878 2059 3032 2135 ὅμως
3064 2057 3325 2124 Εὐσέϐιος
3354 2063 3454 2132 τήν
3486 2063 3808 2118 κατάστασιν

2151 2149 2468 2213 Ἀθανασίου
2505 2149 2794 2226 μέμιρεται,
2827 2146 3114 2226 ἄνθρωπος
3143 2152 3288 2227 τάχα
3347 2148 3489 2225 μηδὲ
3542 2153 3805 2207 κατάστα-

2152 2261 2232 2293 σιν
2265 2237 2414 2302 ὅλως
2445 2238 2698 2314 ἐσχηκώς
2725 2261 2738 2274 ·
2785 2238 2830 2294 εἷ
2880 2237 2938 2294 δέ
2967 2261 3072 2296 που
3122 2240 3213 2296 καὶ
3245 2235 3425 2316 ἔσχεν,
3459 2239 3620 2304 αὐτὸς
3677 2241 3810 2296 ἀκυ-

2155 2329 2331 2404 ρώσας
2363 2328 2529 2399 αὐτήν
2557 2351 2568 2364 ο
2615 2327 2673 2383 ἐν
2719 2334 2947 2405 Βηρυτῷ
2981 2330 3074 2403 μὲν
3107 2331 3173 2400 ἦν
3210 2331 3301 2385 ἀπ’
3333 2331 3537 2406 ἀρχῆς,
3567 2331 3807 2406 Βηρυτὸν

2154 2416 2211 2472 δὲ
2242 2416 2415 2496 ἀφεές,
2448 2417 2524 2480 εἰς
2557 2416 2925 2491 Νικομήδειαν
2958 2419 3117 2492 ἦλθε,
3147 2421 3246 2490 τήν
3303 2421 3396 2494 μὲν
3442 2421 3589 2493 παρὰ
3641 2419 3811 2494 νόμον

2153 2506 2330 2584 ἀφεὶς,
2370 2506 2448 2568 εἰς
2477 2508 2544 2576 ἢν
2583 2505 2640 2562 δὲ
2666 2509 2812 2583 παρά
2839 2507 3007 2581 νόμον
3044 2503 3340 2564 έπιϐαίνῶν
3368 2531 3381 2544 ·
3431 2509 3522 2564 καὶ
3559 2510 3660 2580 τὴν
3713 2509 3808 2584 μὶν

2155 2595 2356 2650 οἰκείαν
2408 2595 2686 2672 ἀστόργως
2741 2595 3177 2669 κατολελοιπὼς,
3234 2599 3334 2668 τὴν
3395 2595 3453 2654 δὲ
3510 2596 3808 2675 ἀλλοτρίαν

2157 2682 2382 2759 ἀλόγως
2412 2685 2659 2759 κατέχων
2685 2706 2697 2717 ·
2727 2683 2818 2738 καὶ
2845 2690 2948 2753 τῆς
3001 2686 3095 2758 μὲν
3125 2687 3352 2761 πρώτης
3409 2688 3511 2756 τήν
3571 2689 3809 2764 στοργήν

2159 2773 2262 2828 ὑπὸ
2289 2779 2393 2841 τῆς
2421 2769 2721 2845 ἀλλοτρίας
2753 2771 3042 2845 ἐπιθυμίας
3093 2771 3358 2850 παριδὼν,
3391 2779 3461 2848 τῇ
3511 2773 3569 2831 δὲ
3629 2774 3814 2832 δευτέ-

2159 2884 2226 2939 ρᾳ
2255 2865 2388 2936 (95),
2426 2858 2566 2935 μηδὲ
2619 2863 2686 2930 ἣν
2747 2861 2849 2916 ὑπὸ
2903 2869 3002 2931 τῆς
3063 2861 3355 2936 ἐπιθυμίας
3390 2861 3517 2940 ἔσχε
3544 2867 3812 2937 τηρήσας,

2155 2949 2293 3006 Ἰδοὺ
2323 2952 2422 3028 γὰρ
2453 2950 2694 3015 κάκεῖθεν
2728 2951 2964 3013 ἀποστὰς
3005 2948 3305 3025 ἀλλοτρίαν
3354 2950 3520 3007 πάλιν
3569 2954 3813 3029 κατέχει,

2157 3045 2440 3117 πανταχοῦ
2495 3045 2616 3103 ταῖς
2674 3038 2997 3116 ἀλλοτρίαις
3049 3037 3442 3118 ἐποφθαλμιῶν
3474 3039 3693 3112 πόλεσι,
3722 3042 3814 3098 καὶ

2158 3130 2211 3187 ἐν
2269 3129 2498 3203 πλούτῳ
2552 3131 2640 3184 καὶ
2673 3128 2724 3186 ἐν
2762 3130 2973 3204 μεγέθει
3004 3128 3219 3185 πόλεων
3251 3129 3493 3204 νομίζων
3528 3129 3665 3184 εἶναι
3711 3131 3810 3200 τὴν

2159 3217 2446 3289 εὐσέϐειαν,
2474 3219 2563 3274 καὶ
2615 3219 2704 3274 τὸν
2755 3216 2966 3295 κλῆρον
2997 3223 3094 3274 τοῦ
3125 3223 3283 3288 Θεοῦ,
3311 3219 3428 3274 καθ’
3483 3219 3542 3274 ’ὸν
3603 3218 3808 3294 ἐτάχθη

2354 821 2421 883 τῆ
2433 836 2454 876 ς

2154 992 2423 1054 αἰτοῦντες

398 3285 789 3392 amplitudine
818 3314 1053 3372 urbium
1108 3285 1388 3386 pietatem
1429 3328 1559 3368 esse
1601 3285 1807 3379 sitam,
1830 3309 2048 3381 Deique

2162 3330 2266 3379 τις,
2305 3306 2471 3383 μηδὲν
2529 3307 2870 3384 ἡγούμενοςο
2923 3307 3023 3364 οὐκ
3068 3304 3250 3376 εἰδὼς,
3282 3306 3366 3362 ὅτι
3409 3307 3500 3362 καὶ
3549 3305 3687 3363 ὅπου
3717 3304 3813 3362 δύο

402 3412 619 3466 sortem
643 3407 704 3462 in
726 3422 845 3478 qua
864 3403 1160 3476 quispiam
1189 3401 1548 3457 constitutus
1569 3404 1679 3469 est,
1705 3398 1851 3455 nihil
1875 3399 2013 3455 facit
2037 3419 2054 3470 ς

405 3499 686 3572 ignorans
715 3493 888 3563 illud,
918 3492 1019 3549 ubi
1052 3492 1166 3548 duo
1197 3490 1284 3546 vel
1314 3489 1797 3564 trescongregati
1826 3493 1968 3545 sunt
1997 3488 2056 3544 in

401 3587 642 3646 nomine
661 3581 1039 3654 Domini,illic
1056 3596 1185 3638 esse
1207 3579 1521 3637 Dominum
1538 3580 1598 3634 in
1621 3578 1813 3635 medio
1833 3595 2058 3634 eorum.

408 3678 526 3734 Nec
555 3691 754 3732 secum
785 3675 1020 3745 reputat
1059 3670 1214 3742 quod
1255 3670 1327 3726 ab
1384 3668 1662 3741 Apostolo
1693 3669 1918 3724 dictum
1950 3670 2060 3740 est,

409 3768 530 3824 Non
556 3767 620 3821 in
667 3765 867 3821 alienis
912 3761 1191 3818 laboribus
1245 3760 1530 3831 gloriabor
1576 3761 1662 3812 τίς
1712 3774 1902 3830 neque
1933 3757 2061 3813 ani-

413 3853 726 3912 madvertit
754 3853 883 3924 ejus
904 3854 1258 3924 praeceptum
1285 3866 1298 3904 :
1341 3850 1614 3919 Alligatus
1643 3865 1699 3904 es
1728 3849 1915 3919 uxori,
1945 3848 2064 3904 noli

416 3958 665 4016 quaerere
717 3941 1049 3998 solutionem
1102 3939 1166 3993 π.
1227 3938 1389 4002 Quod
1466 3938 1514 3992 si
1583 3937 1690 3992 hoc
1761 3937 1832 3992 de
1884 3952 2063 3992 uxore

415 4032 639 4088 dictum
695 4035 804 4100 est,
863 4032 1080 4100 quanto
1156 4026 1348 4098 magis
1404 4026 1475 4082 de
1539 4025 1816 4093 Ecclesia,
1879 4030 1936 4082 et
1990 4026 2062 4081 de

412 4121 543 4194 ipso
599 4120 960 4194 episcopatu,
1022 4115 1117 4172 cui
1174 4115 1448 4188 alligatus
1505 4115 1824 4187 quispiam,
1874 4113 2060 4170 alium

412 4225 672 4283 quaerere
693 4225 811 4266 non
833 4208 1026 4274 debet,
1049 4222 1123 4262 ne
1172 4205 1401 4261 adulter
1419 4220 1488 4261 ex
1511 4204 1696 4260 sacris
1718 4203 1950 4260 Litteris
1967 4204 2064 4260 de—

407 4297 825 4376 prehendatur.

478 4390 533 4444 7.
569 4389 787 4444 llorum
819 4386 931 4443 sibi
961 4385 1232 4442 conscius
1279 4400 1415 4442 cum
1465 4387 1634 4447 esset,
1673 4382 2058 4440 nihilominus

407 4495 590 4536 ausus
602 4475 1005 4534 estAthanasii
1019 4473 1470 4548 promotionem,
1485 4490 1610 4545 quae
1624 4473 1776 4529 bono
1789 4473 2056 4529 omnium

405 4566 744 4626 testimonio
757 4581 883 4622 com
893 4563 1651 4637 probabatur,calumniari:
1669 4579 1734 4618 ac
1747 4562 2058 4634 depositio-

2165 3400 2201 3468 ἢ
2230 3404 2378 3475 τρεῖς
2409 3398 2736 3473 συνηγμένοι
2766 3395 2894 3452 είσίν
2929 3396 3018 3452 ἐπὶ
3068 3401 3150 3469 τῷ
3209 3395 3432 3470 ὀνόματι
3469 3401 3568 3452 τοῦ
3598 3395 3824 3474 Κυρίου,

2170 3488 2279 3544 ἐκεῖ
2334 3486 2471 3542 ἐστιν
2524 3486 2576 3542 ἐν
2632 3487 2779 3560 μέσῳ
2827 3486 3002 3541 αὐτῶν
3031 3487 3060 3540 ὁ
3089 3485 3309 3560 Κύριος.
3342 3485 3452 3541 Οὑκ
3481 3484 3826 3559 ἐνθυμούμε-

2168 3599 2258 3640 νος
2313 3575 2376 3632 τὰ
2421 3577 2566 3653 παρά
2604 3581 2703 3631 τοῦ
2732 3573 3073 3632 Ἀποστόλου
3121 3573 3343 3651 λεχθὲν,
3373 3574 3456 3631 ὅτι
3497 3575 3598 3631 οὑκ
3625 3574 3677 3632 ἐν

2170 3666 2489 3742 ἀλλοτρίαις
2547 3667 2814 3740 καμάτοις
2891 3667 3286 3741 καυχήσομαι·
3347 3665 3410 3720 οὑ
3468 3669 3709 3741 συνορῶν
3761 3663 3826 3720 τὸ

2170 3757 2296 3830 παρ’
2373 3757 2535 3811 αὑτοῦ
2621 3753 3026 3832 παράγγελμα·
3104 3751 3324 3810 Δέδεσαι
3414 3754 3652 3829 γυναικὶ,
3746 3753 3823 3828 μὴ

2175 3849 2323 3917 ζήτει
2379 3843 2554 3900 λύσιν.
2607 3845 2670 3898 Εἰ
2729 3842 2788 3899 δὲ
2844 3843 2931 3900 ἐπὶ
2989 3841 3244 3920 γυναικὸς
3299 3845 3362 3899 τὸ
3421 3842 3610 3920 ῥητὸν,
3668 3842 3826 3916 πόσῳ

2176 3934 2386 4011 μᾶλλον
2417 3934 2505 3990 ἐπὶ
2537 3932 2862 4004 Ἐκκλησίας
2892 3934 2982 3988 καὶ
3009 3940 3112 4004 τῆς
3142 3933 3313 4004 αὑτῆς
3355 3931 3659 4002 ἐπισκοπῆς
3689 3935 3825 4007 (97),
3878 3945 3882 3950 ’

2169 4028 2209 4099 ᾗ
2237 4027 2264 4080 ὁ
2295 4023 2566 4086 συνδεθεὶς
2625 4021 2800 4093 ἄλλην
2856 4023 2957 4078 οὑκ
3014 4021 3222 4100 ὀφείλει
3270 4027 3473 4094 ζητεῖν,
3499 4020 3595 4079 ἵνα
3627 4023 3702 4097 μὴ
3734 4023 3827 4078 καὶ

2175 4117 2374 4193 μοιχὸς
2403 4115 2549 4190 παρᾶ
2576 4117 2696 4176 ταῖς
2725 4111 2894 4176 θείαις
2933 4111 3244 4188 εὑρίσκηται
3279 4113 3535 4191 Γράφαῖς.

2237 4387 2293 4440 7.
2328 4379 2503 4437 Ἀλλὰ
2553 4380 2643 4434 καὶ
2688 4383 2913 4434 τοιαῦτα
2963 4379 3138 4452 ἑαυτῷ
3187 4376 3470 4454 συνειδὼς,
3517 4377 3829 4454 τετόλμηκε

2165 4474 2263 4543 τήν
2327 4472 2645 4526 κατάστασιν
2705 4468 3046 4541 ’Δοανασίου,
3103 4470 3201 4538 τὴν
3282 4467 3385 4524 ὑπὸ
3461 4469 3675 4524 πάντων
3735 4466 3824 4524 ἐπὶ

2164 4561 2356 4624 καλοῖς
2419 4559 2891 4635 μαρτυρουμένην,
2947 4553 3306 4614 διαϐάλλειν·
3358 4558 3448 4614 καὶ
3517 4557 3822 4634 καθαίρεσιν

407 4673 544 4714 nem
575 4655 688 4728 ipsi
719 4655 1068 4728 exprobrare
1099 4671 1218 4710 non
1245 4657 1497 4719 veretur,
1521 4669 1654 4707 cum
1678 4652 1802 4723 ipse
1829 4652 2048 4723 deposi-

2171 4648 2452 4720 ὀνειδίζειν
2515 4649 2660 4721 αὐτῴ
2711 4647 2917 4722 τολμᾷ,
2949 4648 3290 4723 καθαιρεθεὶς
3333 4647 3516 4720 αὐτὸς,
3542 4647 3634 4703 καὶ
3688 4647 3827 4723 μάρ-

404 4749 504 4802 tus
519 4744 786 4812 fuerit,ac
811 4761 877 4800 eo
898 4744 1026 4816 ipso
1047 4747 1259 4799 testem
1283 4741 1662 4814 depositionis
1678 4758 1795 4796 suae
1819 4739 2050 4810 habeat,

404 4835 563 4908 quod
593 4833 740 4890 alter
765 4833 894 4904 ejus
919 4833 1045 4888 loco
1076 4833 1356 4888 suffectus
1413 4831 1508 4885 sit.
1543 4831 1844 4896 Quomodo
1875 4831 2056 4903 igitur

399 4923 490 4981 vel
519 4922 667 4995 ipse,
689 4921 778 4977 vel
809 4921 1166 4993 Theognius,
1191 4920 1368 4974 alium
1394 4920 1682 4990 deponere
1712 4924 2050 4991 potuerunt,

473 5013 515 5048 τί
552 5012 599 5066 ll
630 5012 758 5066 Cor.
790 5029 846 5079 x,
882 5012 965 5064 15.
997 5011 1043 5044 7’
1075 5011 1099 5064 1
1136 5010 1262 5064 Cor.
1295 5025 1392 5077 vn,
1426 5010 1515 5061 27.

471 5101 585 5174 (94)
615 5100 713 5174 Eo_
741 5099 886 5174 forte
941 5099 1222 5154 Athanas.
1278 5097 1580 5174 vocabant,
1615 5092 1718 5174 'e'va_
1746 5096 2052 5174 iuvas-4r,-

396 5169 530 5239 τῶν,
563 5169 716 5243 Quod
746 5171 796 5226 is
828 5172 886 5225 in
910 5188 1103 5225 eremo
1125 5185 1260 5225 cum
1290 5169 1539 5223 Antonio
1565 5169 1721 5222 haud
1742 5170 2050 5243 modicum

396 5241 678 5316 temporis
708 5243 967 5316 spatium
991 5246 1386 5316 commoratus
1413 5246 1585 5316 esset,
1609 5241 1760 5309 quod
1783 5258 1852 5295 ex
1882 5241 2050 5296 resti-

395 5311 615 5372 tuto—in
653 5311 769 5371 Vita
799 5315 1028 5370 Antonii
1061 5313 1185 5368 loco
1227 5311 1421 5384 palam
1455 5311 1582 5384 erit.

470 5387 583 5459 (95)
615 5385 815 5459 Paulo,
846 5387 917 5440 ob
952 5390 1208 5459 structas
1228 5381 1307 5459 ab,
1333 5382 1668 5438 eusebianis
1698 5381 2049 5459 calumnias,

397 5454 721 5514 Constantii
744 5457 942 5526 jussu,
978 5457 1169 5512 solum
1192 5458 1413 5511 vertere
1444 5459 1663 5522 coacto,
1692 5454 1888 5508 sedem
1921 5455 2050 5525 ejus

397 5529 613 5584 invasit
643 5527 932 5584 Eusebius
990 5526 1473 5583 Nieomediensis.
1509 5526 1589 5580 De
1620 5542 1732 5596 qua
1764 5542 1824 5580 re
1858 5526 2050 5582 fusius

395 5601 457 5656 in
489 5599 736 5671 epistola
765 5601 837 5671 ad
869 5599 1160 5671 solitarius
1192 5614 1458 5671 agemus.

468 5667 581 5742 (96)
608 5668 720 5742 :Ev,
755 5669 919 5742 deest
947 5671 1006 5742 in
1037 5667 1365 5742 editisfsed
1406 5669 1462 5724 in
1497 5667 1928 5742 chqctﬁasil.
1965 5668 2048 5742 le;-

395 5737 574 5824 εειωὴ
606 5737 795 5800 Locus
853 5741 937 5800 sic
993 5740 1170 5802 habet
1199 5743 1246 5798 II
1305 5741 1432 5798 Cor.
1480 5756 1535 5814 x,
1585 5737 1688 5809 ⁷15,
1721 5737 1819 5793 οὐκ
1874 5737 1950 5804 εἷς
1979 5739 2046 5796 τὰ

2165 4760 2299 4815 τυρα
2356 4745 2460 4808 τῆς
2515 4732 2882 4812 καθαιρέσεως
2939 4735 3084 4812 ἔχων
3133 4738 3230 4805 τήν
3311 4738 3420 4791 ἀντ’
3487 4737 3653 4792 αὑτοῦ
3713 4737 3826 4811 (98)

2163 4831 2506 4884 κατάστασιν.
2540 4831 2663 4889 Πῶς
2724 4823 2814 4880 οῦν
2866 4827 2901 4894 ἢ
2957 4827 3118 4888 αὐτὸς
3163 4827 3198 4894 ἢ
3256 4826 3509 4903 θεόγνιος
3562 4823 3825 4896 ἠδύναντο

2163 4920 2436 4993 καθαιρεῖν
2500 4913 2695 4982 ἄλλον,
2729 4914 2882 4969 αὐτοὶ
2930 4914 3358 4991 καθαιρεθέντες,
3387 4915 3478 4971 καὶ
3532 4919 3652 4978 ταῖς
3709 4913 3826 4968 ἀντ’

2165 5095 2371 5171 ἄμετρα
2399 5095 2755 5170 καυχώμενοι
2791 5092 2839 5148 ἐν
2875 5091 3194 5171 ἀλλοτρίοις
3233 5095 3449 5171 κόποὶς,
3481 5112 3595 5153 non
3623 5097 3685 5152 in
3713 5096 3824 5151 im-

2161 5169 2419 5225 nicnSum
2448 5171 2751 5237 gloriantes
2780 5171 2841 5222 in
2869 5169 3075 5224 alienis
3105 5169 3403 5225 laboribus.

2234 5243 2346 5312 (97)
2375 5235 2468 5296 Sic
2494 5239 2695 5313 _Basil.
2756 5244 2812 5294 et
2846 5239 2984 5313 Reg.
3049 5241 3200 5296 Editi
3230 5257 3366 5297 vero
3423 5239 3724 5310 mendose,
3761 5235 3823 5292 ἐκ

2159 5309 2260 5380 τῆς
2292 5309 2459 5379 αὐτῆς
2491 5309 2814 5377 ἐπισκοπῆς.

2232 5385 2345 5455 (98)
2374 5385 2467 5439 Sic
2495 5383 2640 5455 Reg.
2676 5382 2828 5455 Editi
2858 5397 3014 5455 vero,
3045 5380 3158 5436 ἀντ’
3187 5381 3389 5436 αὐτῶν.
3423 5381 3704 5455 Praestare
3732 5379 3818 5455 vi-

2161 5451 2337 5510 dntur
2369 5451 2749 5527 Regiiléctio.
2769 5453 2935 5510 Hunc
2963 5453 3158 5510 locum
3197 5469 3503 5527 perperam
3533 5451 3824 5527 intellexit

2159 5527 2424 5582 Nannius
2456 5525 2557 5597 qui
2590 5525 2776 5596 vertit,
2809 5529 2870 5580 ut
2901 5528 2998 5596 qui
3015 5541 3134 5582 sua?
3161 5525 3628 5597 atauctora-lioni:
3658 5526 3811 5581 testi-

2158 5600 2410 5653 monium
2439 5596 2943 5670 cigargumentam,‘
2993 5599 3054 5652 in
3112 5599 3232 5670 ipsa
3286 5597 3380 5653 sui
3423 5596 3813 5655 constitutione

2159 5670 2431 5727 ostendat.
2465 5667 2820 5726 Nec’melius
2852 5667 3024 5724 infra.
