4178 6430
341 485 452 544 261

1460 481 1859 543 APOLOGIA
1903 483 2214 542 CONTRA
2266 484 2631 546 ARIANOS.

3638 491 3758 550 262

339 613 512 667 αὐτῶν
561 613 941 667 καταστάσεσιν
996 610 1405 688 ἐλεγχόμενοι;
1452 610 1643 667 Ο⁶ίδατε
1689 613 1792 686 γάρ
1844 613 1994 685 ἀκρι-

2125 631 2244 669 :um
2278 616 2387 685 ipsi
2421 617 2665 688 depositi
2699 617 2855 676 sint:
2910 622 2974 672 ut
3001 618 3088 673 vel
3117 619 3251 674 hinc
3281 619 3566 691 arguitur,
3602 622 3759 692 quod

339 697 469 770 ϐῶς,
531 700 616 756 ὅτι
670 700 917 779 Ἀμφίων
983 703 1075 774 μὲν
1139 700 1498 776 Νικομηδείᾳ,
1578 701 1823 776 Χρηστὸς
1886 704 1997 774 (99)

338 788 393 845 δὲ
426 791 476 845 ἐν
510 791 712 862 Νικαίᾳ
741 792 1139 860 κατεστάθησαν
1174 793 1284 846 ἀντ’
1314 791 1487 846 αὐτῶν
1521 789 1608 845 διὰ
1645 792 1743 860 την
1796 789 1995 845 οἰκείαν

338 874 606 952 ἀσέϐειαν,
638 901 725 934 και
753 881 850 950 τήν
886 881 1022 955 πρὸς
1053 879 1182 943 τοὺς
1229 879 1638 953 Ἀρειομανίτας
1686 878 1995 949 κοινωνίαν,

335 969 462 1031 τοὺς
494 969 600 1023 ἀπὸ
646 975 748 1038 τῆς
795 967 1020 1023 συνόδου
1068 975 1170 1038 τῆς
1219 969 1606 1042 οἶκουμενικῆς
1655 965 2000 1040 ἀποδοκιμα-

338 1060 552 1120 σθέντας
590 1101 602 1114 .
662 1057 920 1128 Κάκείνην
979 1060 1078 1127 τὴν
1155 1062 1234 1130 τῷ
1293 1053 1406 1112 ὄντι
1477 1055 1699 1112 σύνοδον
1762 1058 1996 1131 ἀναιρεῖν

338 1144 610 1219 θέλοντες,
641 1148 741 1216 τὴν
771 1147 972 1201 ἑαυτῶν
1023 1144 1208 1201 ἄδικον
1261 1147 1508 1200 σύστασιν
1557 1147 1842 1219 ὀνομάζειν
1876 1145 1998 1199 σύν-

341 1234 463 1291 οδον
521 1235 865 1312 ἐπιχειροῦσι
898 1280 911 1305 ,
969 1235 1059 1290 καὶ
1112 1237 1180 1291 τὰ
1229 1238 1356 1312 παρ’
1415 1235 1589 1309 ἐκείνῃ
1655 1238 1730 1308 (1)
1784 1240 1995 1310 κρατεῖν

345 1326 418 1398 μὴ
453 1322 725 1394 θέλοντες,
771 1325 839 1378 τὰ
886 1324 1012 1400 παρ’
1061 1323 1247 1386 αὐτοῖς
1304 1329 1517 1400 κρατεῖν
1564 1322 1873 1397 βούλονται’
1908 1321 1998 1377 καὶ

340 1410 560 1468 σύνοδον
596 1413 955 1485 ὀνομάζουσιν
985 1413 1037 1466 οἱ
1087 1409 1297 1483 συνόδῳ
1335 1410 1642 1486 τηλικαύτῃ
1696 1413 1770 1484 μὴ
1814 1411 1996 1465 πειθό-

344 1524 514 1576 μενοι.
570 1500 755 1564 Οὕτως
809 1501 870 1556 οὐ
927 1499 1153 1556 συνόδου
1215 1503 1291 1575 (2)
1343 1500 1792 1577 πεφροντίκασιν,
1855 1499 2001 1555 ἀλλά

339 1592 773 1668 σχηματίζονται
816 1590 1142 1669 φροντίζειν,
1190 1588 1298 1658 ἵνα,
1347 1589 1630 1651 ἀνελόντες
1677 1589 1804 1652 τοὺς
1841 1590 1997 1666 ὀρθο-

339 1679 548 1754 δόξους,
601 1682 669 1735 τὰ
728 1677 952 1750 δόξαντα
1009 1687 1074 1750 τῆ
1133 1677 1329 1750 ἀληθεῖ
1383 1679 1474 1734 καὶ
1530 1677 1742 1755 μεγάλῃ
1789 1675 2000 1750 συνόδῳ

335 1772 470 1826 κατὰ
517 1772 594 1844 (3)
637 1773 745 1825 τῶν
799 1771 1090 1843 ’Δρειανῶν
1121 1813 1135 1839 ,
1169 1767 1425 1823 λύσωσιν·
1483 1769 1557 1822 ὧν
1613 1770 1999 1844 προϊστάμενοι

336 1860 425 1914 καὶ
459 1859 540 1914 ἀεὶ
571 1859 661 1914 καὶ
713 1863 828 1931 νῦν,
867 1856 1151 1932 ψεύδεσθαι
1197 1856 1451 1930 τολμῶσι
1500 1857 1636 1911 κατὰ
1682 1853 2034 1910 Ἀθανασίου”

2109 702 2205 756 alii
2229 703 2568 758 eorumloco
2593 706 2710 759 sint
2731 705 3037 760 constituti
3064 707 3284 760 ?Probe
3305 706 3519 761 etenim
3549 706 3758 775 nostis,

2107 792 2500 863 Amphionem
2531 792 2900 864 Nicomedia},
2930 795 3241 850 Cbrestum
3262 795 3462 851 Nicaeae
3495 795 3760 867 ipsorum

2107 880 2233 936 loco
2267 882 2450 936 fuisse
2481 883 2797 951 ordinatos,
2861 889 3342 955 propter-eorum
3394 885 3760 956 impietatem

2109 974 2164 1025 et
2197 972 2669 1026 communionem
2702 989 2835 1026 cum
2883 973 3258 1029 Ariomanitis
3298 973 3371 1028 ab
3401 973 3762 1029 oacumenica

2109 1061 2330 1130 synodo
2363 1060 2709 1131 reprobatis.
2744 1061 2902 1116 Hanc
2941 1078 3134 1117 veram
3167 1063 3456 1134 synodum
3487 1063 3628 1118 dum
3660 1063 3757 1118 de-

2107 1148 2225 1203 lere
2259 1149 2523 1220 cupiunt,
2557 1149 2826 1220 iniquum
2859 1166 3036 1204 suum
3086 1156 3434 1206 conventum
3465 1153 3757 1224 synodum

2107 1255 2312 1293 vocare
2343 1244 2664 1293 conantur:
2720 1244 2774 1293 et
2806 1240 2946 1293 dum
2997 1241 3125 1309 ejus
3173 1241 3403 1296 decreta
3433 1241 3597 1296 irrita
3629 1257 3759 1296 esse

2107 1327 2329 1394 volunt,
2363 1344 2472 1382 sua
2502 1327 2764 1382 obtinere
2817 1329 3061 1398 cupiunt
3087 1347 3099 1396 ;
3154 1334 3211 1384 et
3239 1329 3447 1400 synodi
3476 1329 3758 1385 vocabulo

2111 1421 2378 1483 utuntur,
2408 1417 2507 1487 qui
2530 1421 2702 1471 tanta;
2726 1417 2946 1488 synodo
2979 1417 3188 1472 nolunt
3210 1418 3629 1489 obtemperare.
3665 1418 3759 1473 Sic

2109 1504 2194 1560 illi
2229 1506 2518 1577 synodum
2550 1523 2664 1561 non
2697 1511 2927 1573 curant,
2951 1505 3086 1561 licet
3119 1523 3180 1562 se
3205 1523 3408 1562 curare
3440 1507 3761 1576 simulent;

2111 1598 2176 1648 ut
2205 1594 2542 1650 orthodoxis
2574 1596 2645 1649 de
2676 1594 2867 1650 medio
2916 1594 3184 1662 sublatis,
3236 1612 3363 1666 qua
3396 1612 3431 1649 a
3461 1611 3678 1667 magna
3709 1599 3768 1652 et

2109 1699 2244 1738 vera
2272 1685 2495 1755 synodo
2526 1688 2731 1738 contra
2750 1683 2996 1739 Arianos
3019 1689 3240 1740 statuta
3271 1689 3428 1750 sunt,
3453 1685 3566 1757 ipsi
3597 1685 3768 1741 irrita.

2111 1771 2367 1826 faciant:
2405 1772 2620 1843 quibus
2668 1772 2899 1829 Arianis
2948 1790 3081 1828 cum
3114 1773 3198 1827 illi
3231 1778 3286 1828 et
3317 1789 3569 1845 semper,
3605 1790 3671 1829 ac
3703 1773 3765 1828 in

2113 1861 2383 1932 praesenti
2415 1862 2873 1938 patrocinentur,
2896 1866 3098 1918 contra
3123 1863 3514 1918 Athanasium
3538 1863 3764 1934 episco-

333 1953 430 2003 τοῦ
491 1947 787 2003 ἐπισκόπου
822 1992 834 2005 .
892 1950 1096 2020 Ὅμοια
1152 1948 1256 2020 γὰρ
1313 1947 1537 2000 κάκεῖνα
1593 1951 1712 2007 τοῖς
1766 1950 1857 2000 νῦν
1893 1992 1907 2015 ,
1970 1944 2002 1998 ἃ

350 2040 359 2051 ι
417 2035 468 2051 ΙΝ
709 2035 735 2051 0'
928 2037 941 2051 ε
1088 2037 1100 2051 \
1221 2032 1246 2051 Ἰ
1316 2032 1338 2051 ’λ
1488 2034 1501 2051 ⁸)
1579 2040 1604 2050 ~
1740 2036 1749 2051 1
1982 2033 1996 2051 \

2125 1966 2255 2021 pum
2277 1949 2509 2005 mentiri
2537 1949 2682 2004 nihil
2707 1958 2996 2005 verentur.
3021 1951 3168 2005 Nam
3201 1968 3328 2022 qua:
3353 1953 3481 2023 jam
3511 1951 3649 2006 olim
3675 1950 3767 2006 illi

1982 2033 1996 2053 \

337 2035 644 2110 ψεύδονται,
705 2035 789 2091 ὅτι
845 2037 982 2110 πρὸς
1041 2037 1141 2105 τῆν
1193 2032 1400 2090 εἴσοδον
1446 2034 1608 2090 αὐτοῦ
1659 2036 1869 2096 στάσεις
1909 2033 1999 2088 καὶ

339 2129 528 2201 θρῆνοι
583 2125 674 2180 καὶ
732 2123 964 2200 ὀδυρμοὶ
1016 2123 1286 2200 γεγόναςι,
1340 2129 1447 2179 τῶν
1498 2122 1647 2178 λαῶν
1709 2124 1843 2197 πρὸς
1899 2124 1998 2191 τήν

343 2213 626 2290 ὑποδοχὴν
655 2215 817 2269 αὐτοῦ
852 2211 1417 2289 δυσανασχετούντων.
1471 2210 1635 2267 Οὐδὲν
1681 2213 1785 2288 γάρ
1817 2216 1999 2266 τοιοῦ-

339 2326 430 2359 τον
463 2303 707 2380 γέγονεν,
741 2302 889 2358 ἀλλὰ
917 2308 1019 2358 πᾶν
1050 2302 1398 2371 τούναντίον,
1431 2303 1578 2378 χαρά
1620 2301 1710 2356 καὶ
1754 2301 2001 2374 εὐθυμία,

340 2392 429 2448 καὶ
489 2391 692 2468 δρόμος
751 2397 858 2446 τῶν
913 2391 1108 2465 λαῶν,
1168 2392 1305 2467 πρὸς
1371 2393 1470 2460 τήν
1529 2391 1775 2445 εὐκταίαν
1837 2389 2002 2444 αὐτοῦ

341 2483 460 2538 θέαν
495 2484 572 2556 (4)
624 2483 993 2556 ἐπειγομένων
1028 2499 1042 2513 ·
1095 2479 1430 2558 εὐφροσύνης
1483 2478 1540 2535 δὲ
1590 2481 1643 2534 αἱ
1683 2477 2002 2550 Ἐκκλησίαι

345 2575 552 2649 μεσταὶ,
585 2573 674 2628 καὶ
707 2571 1047 2648 εὐχαριστίαι
1091 2573 1230 2648 πρὸς
1276 2573 1367 2625 τὸν
1422 2571 1621 2647 Κύριον
1670 2568 2002 2647 ἀναφερόμε-

338 2686 420 2718 ναι
482 2667 786 2738 πανταχοῦ.
847 2661 1168 2736 Λειτουργοὶ
1237 2658 1296 2714 δὲ
1352 2661 1441 2714 καὶ
1499 2658 1760 2735 κληρικοὶ
1809 2661 2005 2720 πάντες

345 2754 517 2815 οὕτως
550 2753 708 2809 αὐτὸν
742 2753 1061 2826 ἑωράκασιν,
1115 2751 1190 2812 ὡς
1247 2749 1606 2827 εὐφρανθῆναι
1656 2751 1751 2809 τὰς
1800 2749 2003 2822 ψυχὰς,

342 2842 598 2912 κάκείνην
647 2843 747 2911 τὴν
800 2843 1008 2916 ἡμέραν
1075 2844 1261 2894 πασῶν
1310 2839 1669 2914 εὐθυμοτέραν
1721 2837 2006 2913 ἐσχηκέναι

344 2931 634 2987 πιστεύειν.
669 2933 775 3000 Τῆν
829 2931 932 3006 γάρ
982 2932 1143 3003 ἡμῶν
1193 2933 1301 2984 τῶν
1358 2928 1666 2983 ἐπισκόπων
1705 2924 2005 2996 ἀνεκκάλη-

349 3043 441 3076 τον
473 3022 646 3097 χαρὰν
675 3021 728 3074 τί
774 3021 885 3095 χρὴ
936 3020 1197 3096 γράφεινς
1232 3013 1607 3095 προλαϐόντες
1647 3017 1750 3092 γὰρ
1783 3017 2006 3088 εἰρήκα-

353 3132 468 3184 μεν,
498 3110 573 3173 ὡς
606 3111 698 3165 σὺν
732 3109 877 3181 αὐτῷ
904 3110 1137 3184 πάσχειν
1173 3105 1522 3180 ἐνομίζομεν.

425 3292 478 3344 8.
511 3289 726 3342 Τούτων
759 3285 936 3341 τοίνυν
991 3284 1166 3347 οὕτως
1219 3283 1709 3360 ὁμολογουμένων,
1759 3283 1848 3337 καὶ
1883 3283 2009 3354 παρ’

2112 2038 2341 2094 mentiti
2372 2043 2529 2106 sunt,
2561 2040 2830 2110 praesenti
2854 2053 3055 2094 eorum
3082 2040 3386 2095 mendacio
3408 2043 3548 2096 sunt
3577 2040 3766 2095 consi-

2111 2127 2294 2193 milia,
2327 2129 2478 2183 103
2512 2144 2626 2198 quo
2659 2128 2862 2183 dicunt
2892 2130 2963 2182 ad
2997 2130 3126 2199 ejus
3154 2129 3490 2201 ingressum
3523 2129 3765 2185 seditio-

2113 2233 2239 2282 nes,
2271 2216 2465 2272 luctus
2495 2220 2552 2271 ct
2578 2215 3026 2272 lamentationes
3059 2218 3292 2290 populis
3328 2219 3455 2289 ejus
3485 2218 3770 2290 receptio-

2113 2322 2248 2361 nem
2279 2321 2428 2376 aegre
2460 2305 2782 2361 ferentibus
2803 2306 3119 2361 exstitisse.
3155 2307 3309 2363 Nihil
3337 2300 3494 2362 enim
3525 2307 3772 2380 contigit

2113 2394 2405 2465 ejusmodi
2433 2412 2444 2461 ;
2481 2396 2581 2449 sed
2615 2400 2850 2450 econtra
2882 2396 3188 2467 gaudium,
3215 2395 3413 2451 laetitia
3436 2400 3493 2451 et
3522 2413 3771 2452 concur-

2111 2501 2216 2539 sus
2241 2483 2590 2555 p0pulorum
2615 2485 2742 2554 ejus
2765 2483 3000 2540 videndi
3025 2484 3311 2540 desiderio
3337 2485 3765 2540 festinantium.

2114 2572 2381 2627 Ecclesiae
2406 2572 2605 2627 laetitia
2627 2572 2808 2644 plena:
2833 2589 2898 2628 ac
2923 2573 3142 2644 ubique
3163 2574 3486 2645 gratiarum
3512 2575 3774 2630 actiones

2116 2663 2187 2717 ad
2221 2662 2536 2718 Dominum
2561 2662 2981 2718 referebantur.
3007 2663 3259 2719 Ministri
3281 2667 3476 2719 autem
3499 2669 3555 2718 et
3575 2663 3773 2718 clerici

2116 2767 2318 2804 omnes
2351 2752 2432 2805 ita
2463 2767 2595 2806 eum
2627 2751 2842 2820 videre,
2879 2756 2944 2806 ut
2996 2751 3208 2806 animis
3241 2751 3675 2807 oblectarentur
3703 2769 3774 2807 ac

2116 2840 2270 2895 diem
2298 2839 2458 2894 illam
2491 2839 2756 2894 omnium
2799 2857 3042 2895 suarum
3076 2840 3439 2896 latissimam
3488 2840 3774 2896 exstima-

2117 2933 2266 2984 rent.
2303 2928 2578 2984 Nostrum
2628 2931 2824 2984 autem
2855 2929 3263 3000 episcoporum
3305 2929 3596 2986 ineffabile
3627 2946 3772 3002 gau-

2118 3017 2306 3083 dium,
2331 3017 2473 3087 quid
2496 3033 2644 3088 opus
2665 3020 2755 3072 est
2775 3017 3126 3087 describere,
3152 3034 3286 3073 cum
3317 3017 3590 3090 superius
3609 3018 3772 3073 dixe-

2119 3105 2307 3161 rimus
2381 3123 2488 3161 nos
2566 3121 2769 3162 omnes
2838 3107 2966 3177 ejus
3042 3106 3404 3163 calamitates
3461 3121 3774 3180 perpessos

2120 3194 2488 3251 existimasse
2509 3194 2536 3248 ?

2189 3285 2242 3338 8.
2275 3287 2409 3339 Haec
2439 3283 2620 3356 igitur
2642 3284 2702 3338 in
2730 3285 2998 3340 confesso
3022 3301 3154 3340 cum
3180 3285 3319 3356 sint,
3347 3301 3413 3340 ac
3434 3284 3549 3357 ipsi
3575 3290 3774 3341 tamen

359 3377 534 3432 αὐτῶν
589 3373 844 3436 ἐναντίως
891 3374 1337 3451 προφερομένων,
1385 3373 1543 3427 ποίαν
1592 3367 1706 3447 ἔχει
1757 3371 1933 3425 πίστιν
1973 3371 2008 3438 ἡ

2125 3373 2392 3444 opposito
2415 3373 2588 3428 modo
2616 3377 2910 3440 enarrent,
2926 3389 3053 3443 quas
3071 3373 3215 3428 fides
3237 3373 3507 3429 habenda
3527 3373 3776 3430 concilio

356 3466 484 3539 παρ’
540 3463 716 3517 αὐτῶν
767 3460 1110 3537 θρυλουμένη
1171 3459 1394 3522 σύνοδος
1451 3460 1487 3530 ’ἤ
1534 3460 1711 3534 κρίσις
1749 3479 1762 3529 ;
1797 3462 1859 3513 Οἱ
1910 3459 2012 3534 γάρ

361 3551 537 3613 οὕτως
579 3545 874 3606 ἐπιϐαίνειν
925 3548 1264 3623 τολμῶντες,
1312 3551 1396 3611 οἷς
1445 3547 1544 3603 οὐκ
1595 3546 1753 3620 εἶδον,
1788 3549 1868 3609 οἷς
1917 3547 2016 3602 οὐκ

358 3639 631 3710 ἐδίκασαν,
693 3639 772 3717 ἐφ’
823 3641 902 3712 (5)
952 3641 1035 3701 οἷς
1087 3638 1148 3692 οὐ
1195 3636 1483 3708 συνῆλθον,
1533 3637 1622 3692 καὶ
1671 3638 1893 3715 γράφειν
1937 3637 2013 3698 ὡς

351 3727 888 3806 πληροφορηθέντες,
923 3733 1039 3790 πῶς
1088 3727 1166 3806 ἐφ’
1201 3728 1280 3789 οἷς
1332 3724 1748 3797 συνεληλυθέναι
1791 3724 2011 3800 λέγουσι

350 3820 702 3888 πιστευθῆναι
749 3816 999 3873 δύνανται
1033 3837 1046 3888 ;
1084 3814 1244 3872 Ἀλλ’
1298 3815 1360 3871 οὐ
1411 3817 1526 3871 κατ’
1559 3815 1755 3891 ἔχθραν
1795 3816 2014 3869 κάκεῖνα

350 3906 709 3979 πεποιηκέναι
769 3907 861 3962 καὶ
917 3911 1084 3961 ταῦτα
1149 3907 1597 3976 πιστευθήσονται
1646 3923 1660 3973 ;
1716 3904 1854 3959 Ποία
1908 3905 2012 3980 γὰρ

349 3999 441 4054 καὶ
473 3995 698 4059 σύνοδος
729 3995 1038 4051 ἐπισκόπων
1065 3998 1130 4065 ῆν
1157 3994 1282 4050 τότε
1315 4013 1328 4064 ;
1362 3999 1522 4049 ποῖον
1573 3991 1848 4069 συνέδριον
1881 3992 2015 4063 ἀλη-

351 4086 497 4149 θείας
529 4085 789 4162 ἐχόμενον
828 4104 841 4156 ;
874 4085 958 4147 τίς
1009 4088 1116 4139 τῶν
1167 4083 1439 4139 πλειόνων
1473 4083 1525 4138 ἐν
1560 4082 1746 4145 αὐτοῖς
1787 4083 1886 4137 οὐκ
1917 4082 2013 4158 ἐχ-

355 4174 485 4252 θρὰς
541 4177 813 4251 ἡμέτερος
859 4177 924 4243 ῆν
961 4193 974 4243 ;
1008 4172 1081 4227 Οὐ
1139 4171 1230 4227 διὰ
1285 4174 1385 4242 τὴν
1439 4174 1654 4249 Ἀρειου
1711 4173 1902 4246 μανίαν
1963 4172 2014 4226 οἳ

357 4262 481 4341 περί
511 4259 768 4318 Εὐσέϐιον
802 4263 919 4317 καθ’
967 4265 1128 4334 ἡμῶν
1175 4260 1438 4337 ὥρμησαν
1475 4307 1488 4332 ,
1523 4261 1594 4316 Οὐ
1643 4259 1768 4324 τοὺς
1811 4258 2016 4322 ἄλλους

361 4356 805 4432 συμφρονοῦντας
855 4352 1037 4413 αὐτοῖς
1092 4349 1359 4424 ἐπήγοντο
1390 4370 1402 4419 ;
1437 4351 1546 4404 Οὐκ
1577 4351 1658 4404 ἀεὶ
1695 4356 1809 4404 κατ’
1840 4347 2014 4404 αὐτῶν

363 4442 670 4521 ἐγράφομεν
713 4441 790 4503 ὡς
835 4441 903 4494 τὰ
945 4439 1164 4515 Ἀρείου
1209 4437 1550 4516 φρονούντων
1586 4459 1599 4508 ;
1633 4441 1709 4512 (6)
1759 4439 1872 4496 Οὐκ
1918 4438 2017 4493 Εὐ-

365 4527 562 4594 σέϐιος
602 4533 630 4585 ὁ
683 4528 732 4585 ἐν
797 4528 1090 4604 Καισαρείᾳ
1140 4534 1242 4596 τῆς
1301 4525 1670 4597 Παλαιστίνης
1729 4526 1816 4581 ἐπὶ
1865 4526 2022 4597 θυσίᾳ

363 4625 728 4697 κατηγορεῖτο
808 4618 907 4673 ὑπὸ
979 4621 1086 4671 τῶν
1164 4615 1254 4670 σὺν
1311 4619 1445 4690 ¹ἡμῖν
1497 4613 1863 4691 ὁμολογητῶν
1901 4634 1914 4685 ;
1946 4615 2018 4669 Οὐ

2124 3465 2181 3516 et
2210 3463 2440 3516 decreto
2475 3462 2629 3532 quod
2678 3461 2792 3532 ipsi
2827 3461 3104 3532 jactitant
3127 3461 3154 3515 ?
3184 3462 3292 3525 Qui
3324 3462 3481 3518 enim
3532 3462 3616 3518 ita
3643 3477 3778 3519 sese

2124 3551 2387 3622 ingerere
2416 3551 2633 3605 audent
2683 3551 2754 3606 iis
2785 3568 2912 3622 quae
2965 3568 3067 3607 nec
3096 3551 3369 3607 viderunt
3413 3569 3518 3608 nec
3542 3553 3773 3623 judica-

2124 3643 2282 3710 runt,
2306 3640 2521 3711 quibus
2543 3657 2734 3711 neque
2763 3640 3246 3708 interfuerunt,ac
3269 3641 3522 3697 scribere
3545 3659 3659 3697 non
3681 3658 3776 3698 ve-

2123 3735 2327 3784 rentur
2348 3729 2517 3800 quasi
2531 3746 2651 3784 rem
2668 3729 2992 3785 certissime
3006 3731 3447 3802 comperissent,
3477 3732 3771 3803 quomodo

2121 3816 2181 3872 in
2215 3817 2391 3873 rebus
2421 3835 2672 3889 quarum
2706 3835 2884 3873 causa
2938 3836 2998 3874 se
3024 3820 3364 3875 convenisse
3397 3820 3620 3889 dicunt,
3656 3820 3771 3876 ﬁde

2124 3905 2282 3976 digni
2315 3907 2527 3961 erunt?
2560 3909 2644 3960 An
2677 3923 2792 3962 non
2826 3907 3020 3978 potius
3065 3925 3198 3963 cum
3232 3908 3331 3963 illa
3360 3913 3488 3964 tum
3517 3909 3639 3964 haec
3666 3925 3772 3980 per

2124 3994 2494 4050 inimicitiam
2527 3995 2716 4066 egisse
2745 3996 3241 4053 existimabuntur
3263 3998 3290 4051 ‘I
3312 4001 3588 4065 Quaenam
3611 3999 3770 4054 enim

2123 4087 2263 4139 tunc
2279 4083 2686 4156 episcoporum
2702 4086 2961 4157 synodus
2975 4084 3002 4138 ‘P
3020 4085 3292 4156 quisnam
3307 4102 3622 4144 concessus
3655 4086 3775 4143 veri

2125 4171 2474 4229 studiosus?
2504 4171 2637 4242 quis
2669 4188 2736 4227 ex
2766 4173 3061 4246 plerisque
3093 4174 3298 4230 saltem
3339 4191 3545 4231 eorum
3575 4175 3777 4231 inimi-

2126 4278 2231 4316 cus
2261 4265 2460 4316 noster
2491 4278 2606 4315 non
2641 4265 2763 4316 erat
2788 4261 2815 4315 ?
2841 4278 3034 4318 nonne
3063 4263 3181 4317 Arii
3217 4265 3431 4320 furoris
3461 4281 3637 4320 causa
3667 4265 3780 4320 Eu-

2127 4348 2346 4406 sebiani
2381 4353 2582 4404 contra
2614 4366 2720 4403 nos
2777 4350 3064 4421 impetum
3115 4352 3347 4408 fecere?
3404 4353 3606 4409 Nonne
3634 4354 3777 4409 item

2128 4439 2273 4495 alios
2305 4438 2406 4508 qui
2438 4455 2556 4493 sua:
2581 4439 2880 4494 sententiae
2908 4443 3073 4494 erant
3094 4440 3164 4494 ad
3191 4440 3448 4512 idipsum
3483 4442 3779 4512 agendum

2128 4527 2411 4582 induxere
2432 4527 2458 4580 ?
2488 4527 2691 4582 Nonne
2740 4543 2972 4598 semper
3002 4529 3314 4584 adversum
3346 4529 3495 4599 illos,
3551 4533 3614 4584 ut
3644 4546 3779 4585 cum

2132 4615 2261 4671 Ario
2293 4617 2632 4686 sentientes,
2667 4615 3012 4688 scripsimus
3033 4616 3061 4669 ‘?
3109 4621 3312 4673 Nonne
3343 4618 3633 4674 Eusebius
3661 4622 3784 4673 Ca3-

364 4711 666 4785 Γεώργιος,
715 4709 792 4770 ὡς
838 4705 1171 4782 καθαιρεθεὶς
1223 4705 1324 4760 ὑπὸ
1375 4703 1730 4780 Ἀλεξάνδρου
1772 4709 1869 4760 τοῦ
1914 4726 2010 4778 μα-

2133 4721 2311 4761 sareae
2347 4703 2648 4760 Palestina:
2680 4705 2989 4776 episcopus
3021 4722 3054 4760 a
3083 4707 3516 4762 confessoribus
3543 4707 3642 4778 qui
3675 4724 3786 4764 no-

363 4797 562 4874 καρίου
593 4795 870 4873 ἠλέγχετο
904 4795 1051 4865 ;Οὐκ
1078 4793 1159 4849 ἐπ’
1190 4791 1386 4855 ἄλλοις
1419 4791 1583 4847 ἄλλοι
1624 4794 1714 4848 καὶ
1747 4791 2025 4870 διαφόροις

369 4885 666 4957 ηὐθύνοντο
727 4906 741 4956 ;
803 4889 928 4946 Πῶς
989 4882 1078 4939 οὖν
1141 4881 1290 4938 οὗτοι
1371 4883 1598 4937 συνιέναι
1674 4884 1790 4937 καθ’
1865 4885 2025 4956 ἡμῶν

370 4973 569 5044 ἤθελον
629 4995 642 5045 ;
698 4979 822 5036 Πῶς
885 4971 942 5027 δέ
1012 4971 1232 5028 σύνοδον
1297 4971 1550 5045 ὀνομάζει
1605 4971 1913 5045 τολμῶσιν,
1961 4974 2028 5040 ἧς

371 5064 555 5139 κόμης
586 5063 959 5139 προύκάθητο,
1010 5061 1100 5116 καὶ
1148 5067 1326 5138 παρῆν
1383 5057 1770 5137 σπεκουλάτωρ
1812 5063 1909 5133 (7),
1940 5059 2030 5114 καὶ

445 5243 564 5370 (ΞΜ)
597 5245 683 5301 Ita
714 5243 852 5315 Reg.
888 5241 1062 5312 Editi,
1121 5239 1385 5314 Χρηστός.
1436 5239 1664 5312 Reliqui
1698 5256 1867 5309 mss.,
1900 5243 2030 5314 Χρι-

379 5336 527 5460 στῖῗ)
557 5387 642 5442 lta
671 5385 918 5460 Regius,
945 5387 1008 5460 et
1049 5387 1205 5440 recte
1254 5383 1512 5456 quidem.
1561 5382 1700 5451 Alii,
1729 5400 1865 5439 cum
1895 5381 2037 5438 editi

376 5453 522 5532 tuin?
539 5453 869 5532 Πλββη-τῖαρῖ
901 5453 1142 5532 ἐκείνων.

453 5531 528 5604 (2)
588 5521 969 5602 ΒίοΡιεὲὶυι-ι.
1003 5527 1236 5599 Reliqui
1265 5542 1421 5595 vero,
1455 5524 1517 5579 οὗ
1540 5521 1788 5594 σύνοδον,
1837 5525 2039 5580 minus

376 5603 845 5754 ὺθῗῖξῗΙιινΕάὶῐὶε
899 5668 1034 5724 κατά
1079 5671 1259 5726 deest.
1320 5669 1439 5724 Nos
1498 5683 1705 5724 sumus
1764 5685 1832 5723 ex
1862 5667 2041 5739 Regio

379 5748 663 5804 mutuati.

459 5813 728 5894 (4)Editi
791 5810 934 5877 θείαν
997 5815 1297 5873 mendose.
1358 5812 1499 5886 Reg.
1559 5813 1617 5868 et
1670 5809 1872 5882 Basil.,
1903 5808 2041 5868 θέαν.

2135 4793 2366 4848 biscum
2381 4798 2548 4848 erant
2571 4800 2880 4848 accusatus
2894 4798 2983 4848 est
3005 4794 3157 4866 quod
3173 4793 3344 4849 idolis
3358 4794 3787 4851 sacriﬁcasset?

2136 4883 2340 4937 Nonne
2372 4881 2655 4953 Georgius
2678 4899 2711 4936 a
2734 4883 2899 4937 beato
2927 4882 3252 4937 Alexandro
3274 4883 3576 4955 depositus
3605 4884 3792 4939 fuisse

2139 4970 2436 5026 convictus
2469 4972 2604 5025 est?
2634 4971 2836 5026 Nonne
2867 4971 2965 5026 alii
3026 4974 3097 5027 de
3129 4971 3258 5027 aliis
3288 4977 3345 5027 et
3396 4973 3642 5028 diversis
3674 4973 3793 5028 cri-

2141 5059 2400 5115 minibus
2423 5059 2878 5115 deferebantur?
2901 5062 3023 5127 Quo
3046 5062 3331 5133 ergojure
3353 5063 3662 5118 adversum
3686 5078 3793 5117 nos

2145 5308 2169 5362 ἐ
2216 5237 2289 5363 (ἢ)
2321 5239 2415 5363 Sict:
2448 5238 2587 5310 Reg.
2624 5255 2796 5309 quem
2828 5238 3151 5309 sequimur.
3194 5239 3256 5294 In
3287 5239 3419 5296 aliis
3445 5245 3502 5296 et
3528 5239 3589 5294 in
3621 5238 3795 5295 editis

2174 5315 2223 5363 ω’
2294 5326 2388 5363 ees
2423 5351 2434 5363 .

2187 5315 2223 5365 ρ’
2253 5314 2434 5365 deest.

2174 5331 2707 5452 QP'(tilfglbptipbanius,
2759 5380 2962 5436 haeresi
2993 5382 3084 5448 69,
3136 5381 3218 5437 ait
3257 5382 3572 5437 Eusebium
3602 5381 3796 5437 Caesa-

2147 5451 2400 5508 rienSem
2434 5451 2467 5506 ὸ.
2501 5451 2819 5525 Potamone
2862 5453 3130 5524 ngyptio
3181 5453 3556 5525 obiurgatum
3589 5453 3797 5525 fuisse,

2150 5525 2303 5596 quod
2327 5528 2520 5579 stante
2543 5523 2861 5596 Athanasio
2884 5523 3339 5596 ipse’Eusebius,
3359 5523 3465 5595 qui
3486 5524 3659 5580 idolis
3687 5525 3797 5579 im-

2150 5595 2420 5664 molarat,
2455 5595 2623 5664 quasi
2643 5597 2827 5664 judex
2876 5596 3076 5650 sedere
3116 5595 3262 5650 nihil
3311 5600 3629 5651 vereretur.
3664 5597 3800 5659 Quae

2152 5667 2343 5721 fusius
2365 5665 2424 5719 in
2454 5666 2755 5737 Athanasii
2781 5666 2913 5720 Vita
2941 5666 3190 5737 egimus.

2225 5738 2302 5810 (7)
2322 5733 2746 5810 Σπεκουλάτω-ρ,
2770 5733 3144 5810 υθὶᾳμεὲὀυω
3167 5738 3222 5792 in
3239 5737 3483 5810 Glossis,
3507 5741 3632 5790 tum
3656 5733 3802 5810 alias

2155 5804 2310 5882 apud
2339 5810 2639 5882 Auctores,
2673 5804 3075 5890 ἀποκεφαλιστή
3088 5828 3133 5882 ς,
3166 5814 3222 5867 et
3253 5805 3317 5882 δή
3331 5829 3475 5886 μιος,
3524 5805 3799 5886 carnifex,
