4178 6392
391 433 510 495 263
927 430 993 489 S.
1042 427 1470 490 ATHANASII
1512 427 1688 488 OPP.
1733 425 1938 486 PARS
1984 424 2034 485 Ι.
2067 455 2144 469 -
2174 424 2596 488 HISTORICA
2637 425 2735 490 ET
2774 424 3263 489 DOGMATICA.
3694 430 3821 493 261

394 563 704 621 convenire
749 561 1113 618 voluerunt?
1156 562 1457 627 Quomodo
1507 560 1798 633 synodum
1835 571 2042 614 vocare

2170 556 2524 632 Κομεντάριος
2578 558 2729 629 ἡμᾶς
2788 555 3001 630 εἷσὴγεν
3082 556 3197 612 ἀντὶ
3257 553 3519 615 διακόνων
3575 566 3681 630 τῆς
3738 559 3823 615 ἐκ·

395 653 634 719 audent,
664 651 726 706 in
748 667 867 723 qua
890 668 1085 707 comes
1109 650 1482 723 przesidebat,
1516 655 1573 705 et
1596 650 1686 704 cui
1719 646 2052 721 speculator

2170 642 2389 714 ιλησίας
2426 664 2438 715 ;
2474 647 2712 706 Ἐκεῖνος
2764 644 3074 723 ἐφθέγγετο,
3129 647 3219 702 καὶ
3267 648 3320 702 οἱ
3363 647 3624 722 παρόντες
3664 647 3821 705 ἐσιώ-

396 742 623 813 aderat,
657 756 723 797 ac
777 741 835 796 in
869 757 1049 813 quam
1108 740 1534 809 Comentarius,
1594 738 1719 793 vice
1775 738 2047 792 diacono-

396 846 529 887 rum
559 828 817 886 ecclesias
850 846 957 887 nos
989 829 1316 884 introduxit
1336 827 1852 901 ‘Illleloquebatur,
1872 830 1929 882 et
1949 824 2049 897 qui

398 920 643 976 aderant
666 917 940 990 silebant,
968 918 1086 973 imo
1111 919 1306 991 potius
1325 918 1521 973 comiti
1546 916 2046 987 obtemperabant.

398 1008 550 1063 Tum
578 1024 649 1064 ne
680 1012 1089 1064 amoverentur
1111 1007 1208 1079 qui
1233 1007 1540 1064 amovendi
1560 1006 1909 1061 videbantur
1928 1003 2048 1075 epi-

398 1097 585 1170 scopi,
616 1097 687 1153 ab
718 1098 847 1168 ejus
879 1096 1123 1153 consilio
1156 1096 1606 1169 impediebatur.
1642 1094 1743 1150 Ille
1761 1093 2045 1165 jubebat:

399 1202 508 1243 nos
538 1203 573 1242 a
592 1185 882 1242 militibus
904 1186 1285 1243 trahebamur
1310 1203 1324 1254 ;
1348 1186 1468 1241 imo
1492 1185 1686 1256 potius
1702 1182 2050 1255 jubentibus

399 1273 653 1331 Eusebio
683 1290 818 1331 cum
852 1274 1049 1342 sociis,
1072 1273 1170 1330 ille
1201 1291 1402 1330 eorum
1431 1273 1739 1330 sententiis
1770 1272 2052 1342 obseque-

399 1364 595 1421 batur.
628 1365 695 1419 In
721 1379 978 1435 summa,
1011 1362 1229 1431 dilecti,
1273 1362 1609 1434 cujusmodi
1641 1361 1741 1417 illa
1769 1361 2048 1434 synodus,

402 1454 573 1526 cujus
603 1454 796 1510 exitus
826 1458 952 1509 erat
981 1453 1250 1510 exsilium
1287 1458 1344 1509 et
1398 1453 1603 1521 caedes,
1637 1452 1687 1508 si
1714 1450 2052 1524 imperatori

399 1541 655 1615 placeret
672 1542 702 1597 ?
724 1543 937 1607 Quales
960 1542 1366 1599 accusationes
1386 1542 1414 1596 ?
1436 1542 1500 1597 In
1523 1542 1633 1597 hoc
1646 1541 1801 1597 enim
1828 1539 1913 1595 illi
1937 1556 2056 1596 ma-

394 1633 525 1703 jore
538 1630 924 1688 admiratione
947 1631 1108 1704 digni
1124 1635 1281 1691 sunt.
1305 1629 1617 1686 Arsenium
1633 1630 1950 1702 quemdam
1966 1645 2056 1684 oc-

402 1720 593 1777 cisum
607 1720 1093 1790 criminabantur,
1116 1725 1173 1776 et
1184 1719 1461 1793 poculum
1475 1719 1790 1792 mysticum
1804 1719 2053 1774 fractum

403 1826 534 1867 esse
562 1809 1099 1867 calumniabantur.
1150 1810 1261 1866 Sed
1291 1810 1571 1866 Arsenius
1618 1808 1859 1882 quidem
1888 1808 2051 1875 vivit,

406 1915 474 1956 ac
503 1899 809 1956 nobiscum
833 1899 1245 1956 communione
1262 1899 1286 1970 j
1296 1898 1434 1971 ungi
1460 1902 1712 1971 exoptat,
1736 1914 1841 1954 nec
1864 1896 2052 1954 aliun-

406 1947 472 1956 ..-
503 1947 809 1956 ..-_---_.._
836 1947 1243 1956 --._....._--_-
1262 1947 1434 1971 ,__o-
1463 1947 1560 1955 η-
1614 1947 1712 1968 ._-,
1737 1947 1838 1954 --η
1865 1947 2024 1954 __-__

406 1989 479 2045 de
506 1990 844 2046 testimonia
893 1992 1208 2061 exspectat,
1261 1993 1324 2044 ut
1353 1987 1517 2043 vivus
1556 1947 1918 2058 erxhibeatur,
1953 1986 2055 2043 sed
2082 1947 2133 2012 B

406 2078 534 2151 ipse
565 2095 627 2134 se
648 2079 839 2135 vivere
868 2078 1083 2134 fatetur
1111 2078 1171 2134 in
1202 2078 1327 2133 suis
1374 2076 1608 2145 litteris,
1643 2092 1791 2149 quas
1822 2075 2058 2149 scripsit

409 2168 481 2223 ad
514 2167 923 2240 coepiscopum
954 2171 1222 2223 nostrum
1270 2166 1679 2238 Athanasium,
1723 2183 1898 2237 quem
1928 2168 2058 2236 ejus

406 2256 838 2313 interfectorem
871 2272 999 2313 esse
1013 2256 1466 2312 afﬁrmabant.N
1470 2272 1533 2311 ec
1554 2255 2057 2327 pudebatimpios,

406 2345 599 2403 virum
629 2350 793 2401 tanta
813 2345 1096 2402 distantia
1114 2346 1345 2401 itineris
1366 2345 1487 2401 sive
1508 2344 1796 2417 pedestris
1817 2343 1936 2400 sive
1956 2361 2060 2400 na-

406 2434 680 2508 vigabilis
712 2435 1098 2506 disjunctum,
1129 2434 1201 2490 ab
1251 2434 1352 2490 illo
1399 2434 1775 2490 interfectum
1804 2432 2062 2489 insimu-

407 2523 655 2592 mulare,
679 2523 781 2596 qui
794 2541 895 2596 per
906 2523 1029 2580 haec
1046 2528 1331 2596 tempora,
1346 2523 1446 2579 ubi
1461 2522 1721 2579 locorum
1740 2526 2060 2595 ageret,ne-

410 2629 509 2669 mo
539 2616 800 2669 noverat.
837 2613 988 2680 Quin
1019 2617 1075 2669 et
1113 2629 1247 2669 eum
1302 2611 1594 2669 occultare
1652 2611 1779 2667 ausi
1807 2615 1965 2679 sunt,
1997 2628 2063 2667 ac

312 2748 315 2751 ,
410 2701 724 2758 evanidum
754 2702 1019 2769 reddere,
1041 2702 1175 2758 cum
1199 2701 1344 2757 nihil
1367 2701 1463 2757 ille
1491 2700 1630 2756 mali
1652 2718 1863 2773 passus
1885 2703 2062 2757 esset.

412 2791 483 2846 Et
510 2791 561 2848 si
589 2791 717 2847 fieri
749 2790 1060 2863 potuisset,
1093 2790 1153 2847 in
1185 2789 1367 2846 alium
1389 2791 1588 2845 orbem
1613 2789 1779 2845 illum
1801 2792 2063 2845 transtu-

411 2878 642 2947 lissent,
671 2879 792 2935 imo
822 2881 1020 2952 potius
1044 2897 1181 2936 eum
1214 2879 1588 2951 occidissent,
1616 2882 1680 2935 ut
1701 2878 1821 2935 sive
1843 2895 2064 2948 veram,

415 2969 537 3026 sive
564 2970 763 3025 ﬁctam
796 2969 1012 3025 caedem
1062 2969 1209 3026 falso
1258 2968 1622 3041 objicientes,
1670 2968 2065 3024 Athanasium

411 3075 548 3116 vere
571 3058 1067 3129 occiderent.Sed,
1090 3058 1300 3115 divina
1313 3057 1693 3114 Providentia:
1716 3058 1774 3112 in
1798 3057 1906 3114 hoc
1927 3074 2068 3130 quo-

419 3164 533 3222 que
563 3147 766 3221 gratiae
794 3148 1031 3220 agendae
1065 3153 1230 3217 sunt,
1261 3166 1389 3221 quae
1421 3147 1565 3203 nihil
1597 3148 1883 3220 injustam
1917 3164 2069 3220 pree-

415 3236 609 3295 valere
637 3238 795 3294 104
820 3237 1110 3310 permisit,
1143 3238 1245 3294 sed
1296 3238 1406 3293 sub
1455 3237 1721 3293 omnium
1753 3236 1954 3293 oculos
1983 3236 2069 3293 vi-

2158 756 2297 804 πων,
2333 732 2543 806 μᾶλλον
2599 732 2656 791 δὲ
2706 734 2980 806 ὑπήκουον
3027 740 3108 808 τῷ
3136 736 3363 810 κόμητι.
3411 739 3512 793 Καὶ
3540 739 3603 795 τὸ
3632 744 3819 797 κινοῦν

2156 823 2284 886 τοὺς
2316 821 2609 887 δοκοῦντας
2664 823 3014 898 ἐπισκόπους,
3068 826 3171 881 ὑπὸ
3214 833 3318 897 τῆς
3368 826 3574 884 ἐκείνου
3609 827 3820 905 βουλῆς

2160 910 2517 982 ἐνεποδίζετο.
2551 919 2786 976 Ἐκεῖνος
2819 914 3083 989 ἐκέλευεν,
3118 917 3285 988 ἡμεῖς
3319 916 3422 971 ὑπὸ
3473 923 3821 993 στρατιωτῶν

2159 1002 2427 1078 ἠγόμεθα·
2466 1000 2679 1077 μᾶλλον
2731 1002 2789 1058 δὲ
2825 1008 2933 1058 τῶν
2978 1004 3104 1081 περὶ
3152 1000 3412 1062 Εὐσέϐιον
3459 1005 3820 1083 κελευόντων,

2160 1090 2364 1153 ἐκεῖνος
2424 1096 2545 1154 ταῖς
2601 1092 2808 1148 τούτων
2868 1091 3249 1169 ἐξυπηρετεῖτο
3306 1096 3577 1169 γνώμαις.
3636 1097 3707 1152 Τὸ
3765 1093 3824 1154 δὶ

2159 1179 2314 1249 ὅλον,
2347 1181 2643 1256 ἀγαπητοὶ,
2676 1181 2808 1236 ποία
2847 1179 3068 1245 σύνοδος
3117 1182 3237 1239 ἔνθα
3264 1185 3327 1240 τὸ
3359 1183 3519 1249 τέλος
3553 1186 3825 1263 ἐξοριστία

2160 1270 2249 1325 καὶ
2282 1269 2444 1349 φόνος
2498 1270 2573 1333 εἰς
2627 1267 2783 1341 δόξαν
2813 1273 2879 1340 iv
2936 1271 3154 1348 βασιλεῖ
3184 1292 3198 1345 ;
3231 1280 3373 1331 Ποῖα
3408 1273 3468 1331 δὲ
3511 1276 3602 1331 καὶ
3630 1277 3699 1331 τὰ
3728 1275 3819 1353 ἐγ-

2158 1358 2419 1433 κλήματα
2450 1379 2464 1430 ;
2497 1364 2693 1430 Μεῖζον
2720 1361 2825 1436 γὰρ
2854 1360 2943 1415 ἐπὶ
2972 1360 3189 1426 τούτοις
3222 1364 3285 1419 τὸ
3336 1365 3457 1421 κατ’
3487 1365 3663 1421 αὐτῶν
3695 1367 3823 1422 θαῦ-

2166 1469 2257 1521 μα.
2295 1448 2571 1525 Ἀρσένιός
2600 1470 2686 1512 τις
2733 1452 2823 1520 iv,
2872 1451 2931 1505 ὃν
2963 1453 3320 1530 πεφονεῦσθαι
3363 1452 3698 1532 ἐμέμφοντο,
3728 1455 3821 1511 καὶ

2160 1540 2425 1611 ποτήριον
2461 1534 2752 1594 διέϐαλλον
2801 1538 3095 1596 κεκλεισθαι
3129 1541 3409 1615 μυστικόν.
3443 1541 3604 1599 Ἀλλ’
3634 1544 3821 1622 Ἀρσέ-

2162 1649 2277 1690 νιος
2308 1629 2400 1701 μὲν
2437 1632 2525 1700 ζῆ,
2573 1625 2663 1683 καί
2714 1629 2830 1700 μεθ’
2882 1630 3045 1703 ἡμῶν
3087 1629 3306 1706 είίχεται
3350 1633 3686 1709 συνάγεσθαι,
3730 1633 3823 1690 καὶ

2164 1716 2264 1772 οὐκ
2294 1714 2467 1779 ἄλλας
2495 1718 2754 1801 ,ἀναμένει
2814 1717 3133 1796 μαρτυρίας,
3179 1718 3274 1776 ’ίνα
3326 1726 3431 1790 ζῶν
3476 1726 3641 1801 φανῇ,
3694 1720 3821 1779 ἀλλ’

2163 1802 2324 1865 αὐτὸς
2382 1800 2652 1878 ὁμολογεῖ
2684 1807 2801 1878 ζῇν,
2863 1804 3090 1870 οίκείοις
3119 1809 3197 1881 (8)
3244 1800 3530 1884 γράμμασι
3561 1811 3700 1886 πρὸς
3727 1812 3820 1868 τὸν

2164 1890 2548 1947 συνεπίσκοπον
2621 1895 2781 1966 ἡμῶν
2839 1894 3151 1952 Ἀθανάσιον
3208 1898 3430 1977 γράφων
3468 1944 3485 1970 ,
3536 1899 3597 1956 ὃν
3655 1899 3822 1957 αὐτοῦ

2165 1982 2330 2060 φονέα
2358 1976 2781 2040 διεϐεϐαιοῦντο.
2834 1983 2934 2039 Καὶ
2986 1984 3086 2040 οὐκ
3129 1983 3364 2060 ᾐδοῦντο
3395 1988 3448 2043 ot
3486 1983 3698 2052 ἀσεϐεῖς
3729 1988 3824 2046 ἄν·

2168 2070 2269 2146 δρα
2321 2072 2428 2147 πρὸ
2472 2071 2734 2127 τοσούτου
2783 2069 3177 2148 διαστήματος,
3226 2077 3318 2132 καὶ
3365 2074 3494 2150 πλῷ
3546 2078 3638 2134 καὶ
3682 2083 3823 2154 πεζῇ

2166 2160 2433 2235 πάμπολυ
2483 2168 2657 2234 μῆκος
2730 2162 3026 2239 ἀπέχοντα,
3074 2166 3201 2241 παρ’
3248 2166 3415 2222 αὑτοῦ
3466 2170 3825 2246 πεφονεῦσθαι

2167 2254 2622 2325 κατηγοροῦντες,
2676 2249 2737 2304 οὗ
2785 2252 2903 2305 κατ’
2952 2249 3191 2315 ἐκείνους
3239 2252 3369 2316 τοὺς
3413 2253 3649 2331 χρόνους
3684 2253 3827 2330 μηδὲ

2166 2340 2266 2410 τὴν
2301 2340 2488 2415 χώραν
2521 2336 2655 2394 εἶδεν
2679 2339 2983 2414 ἄνθρωπος.
3006 2339 3182 2399 Ἀλλὰ
3203 2341 3293 2398 καὶ
3322 2341 3526 2418 κρύψαι
3552 2342 3827 2418 τετολμή-

2167 2449 2313 2501 κασι,
2362 2428 2453 2483 καὶ
2497 2429 2672 2505 ἀφανῆ
2722 2436 3058 2499 καταστῆσαι
3113 2428 3280 2505 μηδὲν
3314 2431 3571 2490 παθόντα.
3626 2434 3725 2488 Καὶ
3777 2432 3826 2489 εἰ

2172 2517 2283 2572 οἷόν
2314 2538 2375 2572 τε
2401 2519 2466 2587 iv
2496 2517 2573 2579 εἰς
2606 2514 2785 2589 ἄλλην
2818 2517 3147 2593 οἰκουμένην
3180 2518 3242 2575 ἂν
3287 2520 3647 2595 μετετίθεσαν,
3683 2520 3828 2597 μᾶλ-

2172 2605 2268 2663 λον
2319 2604 2376 2662 δὲ
2421 2606 2511 2661 καὶ
2556 2610 2654 2661 τοῦ
2705 2611 2799 2681 ζῇν
2859 2605 3084 2679 ἀληθῶς
3131 2607 3190 2663 ἂν
3252 2608 3542 2685 ἐξήγαγον,
3588 2609 3683 2669 ’ίνα
3723 2609 3830 2667 εἴτε

2174 2694 2623 2767 ἐπαληθεύοντες,
2654 2692 2761 2751 εἷ’τε
2790 2693 3134 2770 πλασάμενοι
3180 2697 3365 2775 φόνον,
3413 2699 3633 2772 ἀληθῶς
3674 2700 3830 2759 Ἀθα-

2172 2784 2356 2842 νάσιον
2410 2784 2820 2842 ἀποκτείνωσιν.
2853 2782 3033 2841 Ἀλλὰ
3076 2790 3146 2860 τῇ
3206 2786 3323 2859 θείᾳ
3379 2789 3608 2863 προνοίᾳ
3653 2788 3828 2846 καὶέν

2172 2874 2352 2948 τούτῳ
2381 2877 2567 2952 χάρις,
2610 2878 2680 2949 τῇ
2728 2872 2897 2949 μηδὲν
2951 2872 3133 2930 ἄδικον
3186 2874 3392 2951 ἰσχύειν
3443 2875 3833 2954 ἐπιτρεπούσῃ,

2176 2962 2304 3020 ἀλλ’
2335 2964 2438 3019 ὑπὸ
2466 2966 2563 3027 τὰς
2589 2965 2802 3021 πάντων
2836 2960 2989 3039 ὄψεις
3022 2966 3294 3039 ’Δρσένιον
3320 2965 3601 3043 ὑπαγούσῃ
3633 2972 3833 3042 ζῶντα,

2174 3055 2264 3109 καὶ
2296 3059 2538 3133 φανερῶς
2568 3055 2667 3124 τὴν
2716 3053 2841 3110 τότε
2886 3056 3147 3125 ωσκευήν
3198 3057 3277 3129 (9)
3331 3054 3421 3111 καὶ
3471 3057 3831 3134 συκοφαντίαν

2178 3142 2501 3221 ἐλέγχοντα·
2536 3144 2598 3199 οὗ
2646 3144 2751 3221 γὰρ
2794 3145 2871 3208 ὡς
2916 3145 3106 3220 φονέας
3152 3145 3564 3224 ἀποστρέφεται,
3598 3142 3725 3200 οὑδὲ
3754 3145 3833 3208 ὡς

2177 3232 2513 3306 ἠδικηκότας
2566 3239 2730 3307 μισεῖ·
2782 3235 3017 3290 πέπονθε
3062 3235 3167 3312 γὰρ
3221 3232 3369 3298 ὅλως
3416 3232 3607 3291 οὐδέν.
3657 3232 3839 3290 Ἀλλὰ

416 3328 651 3382 ventem
677 3325 991 3382 Arsenium
1014 3325 1311 3399 produxit,
1339 3341 1661 3398 eorumque
1691 3325 2060 3399 conspiratio-

2180 3328 2461 3379 κοινωνεῖν
2509 3325 2647 3395 ἡμῖν
2699 3323 2860 3397 ἀξιοῖ,
2918 3323 3009 3380 καὶ
3066 3326 3503 3401 συναριθμεῖσθαι
3557 3320 3836 3401 βούλεται,

419 3430 555 3472 nem
588 3418 764 3487 atque
793 3414 1149 3472 calumniam
1180 3420 1306 3472 tum
1347 3415 1541 3489 palam
1573 3415 1842 3472 convicit.
1877 3415 2060 3488 Neque

2185 3412 2255 3469 δι’
2285 3410 2358 3467 ὧν
2390 3410 2612 3489 ἔγραψε.

420 3503 580 3560 enim
610 3503 709 3561 ille
730 3508 911 3561 nosut
942 3504 1344 3562 interfectores
1374 3509 1697 3575 aversatur,
1719 3520 1910 3576 neque
1942 3509 2009 3560 ut
2033 3504 2147 3561 sibi
2174 3503 2493 3576 injuriosos
2523 3503 2677 3572 odit;
2709 3501 2857 3558 nihil
2885 3503 3044 3560 enim
3072 3520 3316 3575 prorsus
3331 3504 3471 3561 mali
3490 3519 3703 3578 passus
3726 3504 3838 3559 est.

418 3593 532 3650 Sed
562 3593 873 3650 nobiscum
886 3594 1300 3650 communione
1310 3595 1484 3667 jungi
1514 3593 1792 3667 postulat,
1807 3598 2085 3666 aptatque
2113 3599 2314 3650 nostro
2346 3590 2517 3648 coetui
2547 3591 2873 3665 aggregari,
2895 3595 2961 3646 ut
2987 3592 3116 3662 ejus
3147 3592 3350 3649 litterae
3372 3596 3689 3651 testantur.

487 3682 543 3737 9.
574 3684 844 3739 Attamen
874 3683 1230 3739 Athanasius
1253 3684 1491 3756 quidem
1523 3699 1725 3739 eorum
1758 3681 2070 3739 calumniis

417 3769 830 3842 impetebatur,
866 3771 1035 3843 quasi
1075 3771 1178 3843 qui
1204 3787 1338 3827 eum
1372 3771 1472 3842 qui
1498 3775 1628 3827 tum
1659 3772 1886 3827 vivebat
1914 3772 2069 3827 occi—

417 3858 639 3919 disset:
672 3858 743 3915 ab
776 3859 924 3931 ipsis
971 3874 1105 3914 vero
1137 3858 1207 3913 in.
1249 3859 1521 3915 exsilium
1552 3861 1773 3917 missus
1802 3864 1908 3917 est.
1941 3860 2068 3917 Non

417 3947 574 4003 enim
606 3947 1027 4019 imperatorum
1057 3951 1223 4019 pater
1251 3946 1419 4001 illum
1460 3952 1745 4004 extorrem
1780 3949 1934 4017 fecit,
1965 3950 2067 4006 sed

415 4035 564 4090 illud
594 4052 796 4091 eorum
828 4035 1142 4092 calumniis
1182 4039 1271 4091 est
1317 4036 1753 4092 ascribendum.
1790 4038 2068 4094 Animad-

416 4125 623 4181 vertite
652 4124 808 4181 enim
842 4142 983 4180 num
1017 4142 1111 4181 res
1140 4125 1223 4182 ita
1243 4142 1359 4180 non
1392 4143 1453 4181 se
1482 4125 1730 4182 habeat:
1765 4144 1900 4183 cum
1922 4127 2069 4183 nihil

421 4213 689 4271 criminis
702 4213 1296 4272 contraAthanasium
1315 4214 1786 4273 comministrum
1802 4221 2067 4273 nostrum

419 4303 734 4375 invenitur,
767 4321 964 4362 comes
992 4321 1124 4362 vero
1155 4321 1451 4361 summam
1492 4305 1609 4361 vim
1638 4304 1914 4375 inferens,
1948 4310 2072 4363 stu-

420 4392 583 4450 diose
612 4394 893 4450 adversus
924 4412 1057 4451 eum
1106 4412 1228 4451 rem
1277 4399 1541 4467 gereret:
1590 4394 1901 4467 episcopus
1934 4396 2070 4469 qui-

419 4484 552 4539 dem
583 4483 937 4541 Athanasius
978 4488 1044 4540 ut
1070 4485 1189 4540 vim
1240 4484 1351 4540 sibi
1380 4484 1607 4541 illatam
1648 4485 1946 4558 effugeret,
1980 4502 2068 4541 re—

2248 3682 2301 3736 9.
2336 3680 2435 3735 Καὶ
2493 3678 2648 3753 ὅμως
2705 3679 3022 3741 ’Δθανάσιος
3085 3680 3179 3751 μὲν
3238 3680 3650 3748 συνεσκευάζετο
3708 3679 3841 3755 παρ’

2180 3770 2376 3838 αὑτῶν,
2410 3768 2486 3831 ὡς
2517 3769 2608 3823 τὸν
2646 3772 2820 3837 ζῶντα
2864 3767 3233 3845 πεφονευκὼς,
3267 3765 3552 3842 ἐξωρίζετο
3596 3765 3655 3824 δὶ
3693 3768 3844 3841 παρὰ

2175 3863 2283 3913 τῶν
2318 3858 2493 3913 αὑτῶν
2524 3858 2658 3930 (10).
2685 3854 2821 3911 Οὑδὲ
2841 3856 2946 3932 γὰρ
2968 3856 2997 3910 6
3018 3857 3198 3933 πατὴρ
3220 3860 3325 3912 τῶν
3355 3854 3623 3933 βασιλέων
3642 3861 3839 3913 τοῦτον

2179 3946 2451 4023 ἐξώρισεν,
2486 3943 2611 4000 ἀλλ’
2639 3946 2695 3999 αἱ
2723 3943 2929 3999 τούτων
2980 3941 3255 3999 διαϐολαί.
3305 3951 3569 4000 Σκοπεῖτε
3616 3946 3741 4022 γὰρ,
3790 3945 3843 4002 εἶ

2183 4039 2258 4110 μὴ
2294 4035 2469 4097 οὕτως
2500 4033 2637 4109 ἔχει’
2670 4035 2757 4095 ’Θς
2788 4033 2945 4089 οὐδὲν
2980 4034 3074 4107 μὲν
3104 4034 3379 4110 εὑρίσκετο
3408 4034 3547 4089 κατὰ
3573 4039 3675 4091 τοῦ
3706 4033 3840 4091 συλ-

2179 4122 2501 4199 λειτουργοῦ
2530 4126 2692 4196 ἡμῶν
2722 4123 3062 4196 Ἀθανασίου,
3096 4124 3124 4178 6
3155 4120 3213 4178 δὲ
3242 4123 3423 4197 κόμης
3452 4117 3718 4198 ἐϐιάζετο,
3747 4125 3842 4181 καὶ

2178 4212 2353 4276 πολὺς
2383 4216 2449 4282 iv
2478 4209 2796 4283 σπουδάζων
2824 4213 2942 4268 κατ’
2971 4213 3157 4268 αὐτοῦ’
3191 4213 3221 4267 6
3257 4213 3351 4286 μὶν
3403 4211 3701 4277 ἐπίσκοπος
3748 4215 3842 4269 ’Δ-

2177 4304 2449 4373 θανάσιος,
2484 4302 2641 4381 φυγὼ
2671 4303 2770 4371 τήν
2797 4303 3099 4378 γενομένην
3137 4302 3280 4379 βίαν,
3314 4300 3521 4373 ἀνῆλθε
3563 4302 3701 4379 πρὸς
3749 4303 3849 4361 τὸν

2180 4387 2557 4449 εὐσεϐέστατον
2620 4389 2848 4468 βασιλέα
2881 4435 2896 4461 ,
2946 4390 3382 4467 παραιτούμενος
3442 4392 3558 4465 ἅμα
3608 4391 3701 4446 καὶ
3750 4392 3849 4449 τὸν

2180 4481 2400 4556 κόμητα
2422 4480 2639 4544 καὶτὰς
2670 4479 2885 4537 ἐκείνων
2938 4482 3218 4554 συσκευὰς,
3271 4481 3434 4553 ἀξιῶν
3490 4477 3548 4535 δὲ
3602 4478 3848 4554 νό⁶μιμον

415 4571 815 4646 ligiossimum
861 4573 1273 4646 imperatorem
1323 4574 1487 4642 adiit,
1531 4591 1651 4630 una
1689 4575 1982 4644 comitem,
2015 4579 2060 4631 el

2182 4571 2490 4628 ἐπισκόπων
2527 4568 2752 4626 σύνοδον
2801 4571 3264 4647 συγκροτηθῆναι,
3315 4569 3351 4639 ἢ
3402 4569 3494 4625 καὶ
3541 4568 3702 4626 αὑτὸν
3754 4566 3848 4627 δέ·

413 4661 652 4718 illorum
665 4663 1160 4736 conspirationem
1176 4663 1518 4735 deprecans,
1544 4680 1876 4737 rogansque
1899 4663 2059 4721 utle-

2170 4662 2353 4734 ξασθαι
2403 4662 2503 4730 τήν
2560 4659 2886 4735 ἀπολογίαν,
2940 4657 3013 4715 ὧν
3049 4658 3330 4734 ἐπήγαγον
3370 4658 3539 4730 αὑτῷ.
3571 4657 3672 4713 Καὶ
3703 4660 3843 4735 γρά-

407 4750 614 4824 gitima
635 4752 1047 4826 episcoporum
1070 4754 1330 4827 synodus
1353 4754 1920 4826 cogeretur,autipse
1947 4755 2059 4811 im-

407 4846 643 4913 perator
698 4842 769 4898 de
829 4843 1077 4914 objectis
1137 4843 1488 4899 criminibus
1537 4860 1665 4899 sese
1711 4850 2057 4917 purgantem

407 4930 653 4987 audiret.
679 4935 1005 5005 Imperator
1030 4936 1227 4988 autem
1252 4949 1375 4988 rem
1408 4932 1647 5004 indigne
1678 4934 1869 4989 ferens
1898 4934 2060 4989 litte-

406 5036 502 5076 ras
533 5020 768 5093 scripsit
799 5023 1014 5093 quibus
1036 5021 1167 5077 illos
1189 5021 1540 5091 citavit,sese
1562 5039 1684 5077 rem
1716 5022 2058 5078 auditurum

407 5111 776 5182 promittens,
811 5112 1027 5184 quippe
1060 5111 1160 5183 qui
1193 5111 1484 5183 synodum
1523 5111 1684 5166 illam
1717 5112 2059 5185 congregari

395 5199 699 5269 jussisset.
730 5201 1045 5277 Eusebiani
1075 5204 1273 5257 autem
1322 5198 1421 5256 ubi
1453 5199 1845 5273 advenissent,
1877 5202 2059 5259 Atha-

403 5409 474 5491 de
497 5427 621 5491 quo
654 5413 842 5491 fusius
873 5413 1077 5491 Cangii
1099 5412 1485 5471 Glossarium.
1511 5412 1656 5491 Ibid.
1690 5412 2058 5491 KOpav-ca'zptoc

401 5481 461 5557 in
492 5481 716 5541 Glossis
746 5488 867 5542 tam
899 5481 1073 5543 editis
1104 5502 1282 5557 quam
1324 5484 1746 5557 manuscriptis
1774 5481 2059 5555 Κομεντα-

400 5549 578 5625 ρίσιος
637 5562 895 5614 vocatur.
956 5549 1541 5613 Huic-incumbebat
1598 5549 1960 5613 delationum
2002 5561 2061 5612 et

396 5626 845 5685 accusationum
872 5635 1255 5686 monumenta
1278 5629 1431 5700 apud
1457 5628 1593 5684 sein
1616 5629 2057 5685 commentariis

396 5710 659 5753 servare.

463 5766 522 5847 8)
577 5769 837 5828 Arseniil
895 5773 968 5829 ad
1020 5770 1407 5830 Athanasium
1465 5770 1786 5845 Epistolam
1839 5771 2059 5833 videsis

2170 4772 2259 4830 (ρει
2308 4752 2401 4824 μὲν
2466 4747 2722 4825 βασιλεὺς
2773 4748 3112 4824 ἀγανακτῶν,
3171 4747 3261 4803 καὶ
3318 4744 3840 4822 προσκαλεσάμενος

2169 4841 2384 4909 αὐτοὺς,
2438 4836 2920 4915 ἐπαγγελλόμενός
2970 4859 3031 4893 τε
3060 4837 3222 4899 αὑτὸς
3266 4836 3654 4911 ἀκροάσασθαι,
3687 4838 3717 4893 6
3745 4837 3840 4893 καὶ

2165 4932 2265 5000 τήν
2300 4926 2522 4983 σύνοδον
2568 4925 2826 4990 κελεύσας
2877 4927 3144 5002 γενέσθαι·
3192 4926 3247 4980 οἱ
3294 4923 3352 4980 δὲ
3391 4926 3516 5002 περὶ
3545 4920 3830 4999 Εὑσέϐιον,

2169 5017 2508 5087 ἀνελθόντες,
2566 5012 2955 5071 διαϐάλλουσιν
3010 5016 3350 5086 Ἀθανάσιον,
3409 5015 3591 5070 οὑκέτι
3646 5015 3740 5089 μὲν
3766 5016 3840 5071 τὰ

2168 5108 2219 5163 ἐν
2248 5108 2405 5185 Τύρῳ
2436 5104 2785 5181 θρυλούμενα
2831 5106 2959 5182 παρ’
3003 5105 3202 5177 αὐτῶν,
3257 5104 3383 5181 περὶ
3436 5102 3586 5159 σίτου
3637 5101 3695 5159 δὲ
3743 5102 3841 5159 καὶ

2166 5195 2379 5253 πλοίων
2438 5195 2673 5271 ἐποχῆς,
2724 5195 2799 5257 ὡς
2856 5194 3175 5258 ’Δθανασίου
3227 5190 3703 5269 ἐπαγγειλαμένου
3736 5190 3831 5248 δύ·-

2166 5413 2489 5567 ῗῗῗθῗᾚεβ.
2523 5482 2806 5551 συσκευήν,
2836 5487 2894 5540 et
2922 5483 3008 5540 ita
3033 5482 3372 5556 legendum.
3397 5479 3505 5537 Alii
3532 5496 3671 5538 cum
3702 5478 3835 5536 edi-

2166 5555 2639 5715 tisésslglﬂeg.
2675 5643 2851 5715 quem
2882 5626 3210 5715 sequimur.
3242 5624 3355 5715 Alii
3385 5627 3444 5715 et
3472 5622 3638 5715 editi,
3668 5621 3833 5715 περὶ

2166 5694 2527 5772 αύτῷν.ηΜοΧ
2744 5698 2884 5771 Reg.
2918 5694 2992 5772 Q6
3023 5696 3172 5772 -γάρ,
3213 5701 3271 5755 et
3294 5695 3471 5771 paulo
3502 5697 3640 5769 post
3666 5694 3827 5752 idem

2166 5768 2323 5826 αὑτὸν
2358 5766 2517 5849 ἐξώρ.
2548 5767 2683 5840 Alii,
2714 5766 2907 5825 τοῦ-ἔον
2940 5766 3215 5850 ἐξώρισεν.
