  <div class='ocr_page' id='page_1' title='image "/cluster/home/n/w/nwhite01/storage/ocr_20150623/25:no.1/coo.31924054873066/426.png"; bbox 0 0 4178 6374; ppageno 0'>
   <div class='ocr_carea' id='block_1_1' title="bbox 417 389 540 454">
    <p class='ocr_par' dir='ltr' id='par_1_1' title="bbox 417 389 540 454">
     <span class='ocr_line' id='line_1_1' title="bbox 417 389 540 454; baseline 0 0"><span class='ocrx_word' id='word_1_1' title='bbox 417 389 540 454; x_wconf 70' lang='grc'>265</span> 
     </span>
    </p>
   </div>
   <div class='ocr_carea' id='block_1_2' title="bbox 1543 401 2716 472">
    <p class='ocr_par' dir='ltr' id='par_1_2' title="bbox 1543 401 2716 472">
     <span class='ocr_line' id='line_1_2' title="bbox 1543 401 2716 472; baseline 0.005 -8"><span class='ocrx_word' id='word_1_2' title='bbox 1543 401 1941 468; x_wconf 85' lang='lat' dir='ltr'>APOLOGIA</span> <span class='ocrx_word' id='word_1_3' title='bbox 1982 405 2304 469; x_wconf 82' lang='lat' dir='ltr'>CONTRA</span> <span class='ocrx_word' id='word_1_4' title='bbox 2346 405 2716 472; x_wconf 82' lang='lat' dir='ltr'>ARIANOS.</span> 
     </span>
    </p>
   </div>
   <div class='ocr_carea' id='block_1_3' title="bbox 3723 405 3845 473">
    <p class='ocr_par' dir='ltr' id='par_1_3' title="bbox 3723 405 3845 473">
     <span class='ocr_line' id='line_1_3' title="bbox 3723 405 3845 473; baseline 0.016 -2"><span class='ocrx_word' id='word_1_5' title='bbox 3723 405 3845 473; x_wconf 79' lang='grc'>266</span> 
     </span>
    </p>
   </div>
   <div class='ocr_carea' id='block_1_4' title="bbox 415 523 2049 615">
    <p class='ocr_par' dir='ltr' id='par_1_4' title="bbox 415 523 2038 608">
     <span class='ocr_line' id='line_1_4' title="bbox 415 523 2038 608; baseline 0.006 -26"><span class='ocrx_word' id='word_1_6' title='bbox 415 527 601 583; x_wconf 87' lang='grc' dir='ltr'>νασθαι</span> <span class='ocrx_word' id='word_1_7' title='bbox 648 523 879 586; x_wconf 75' lang='grc' dir='ltr'>κωλύειν</span> <span class='ocrx_word' id='word_1_8' title='bbox 928 528 1028 600; x_wconf 74' lang='grc' dir='ltr'>τήν</span> <span class='ocrx_word' id='word_1_9' title='bbox 1078 529 1182 587; x_wconf 81' lang='grc' dir='ltr'>ἀπὸ</span> <span class='ocrx_word' id='word_1_10' title='bbox 1232 530 1633 608; x_wconf 82' lang='grc' dir='ltr'>’Βλεξανδρείας</span> <span class='ocrx_word' id='word_1_11' title='bbox 1680 537 1754 599; x_wconf 84' lang='grc' dir='ltr'>εἷς</span> <span class='ocrx_word' id='word_1_12' title='bbox 1786 539 1884 606; x_wconf 79' lang='grc' dir='ltr'>τήν</span> <span class='ocrx_word' id='word_1_13' title='bbox 1923 545 2038 591; x_wconf 81' lang='grc' dir='ltr'>Κων</span> 
     </span>
    </p>
   </div>
   <div class='ocr_carea' id='block_1_5' title="bbox 2162 523 3845 615">
    <p class='ocr_par' dir='ltr' id='par_1_5' title="bbox 2190 537 3845 615">
     <span class='ocr_line' id='line_1_5' title="bbox 2190 537 3845 615; baseline 0.004 -19"><span class='ocrx_word' id='word_1_14' title='bbox 2190 541 2422 597; x_wconf 90' lang='lat' dir='ltr'>nasium</span> <span class='ocrx_word' id='word_1_15' title='bbox 2454 542 2912 610; x_wconf 73' lang='lat' dir='ltr'>calumniantur,</span> <span class='ocrx_word' id='word_1_16' title='bbox 2974 559 3090 600; x_wconf 90' lang='lat' dir='ltr'>non</span> <span class='ocrx_word' id='word_1_17' title='bbox 3123 540 3277 599; x_wconf 89' lang='lat' dir='ltr'>ultra</span> <span class='ocrx_word' id='word_1_18' title='bbox 3327 539 3402 600; x_wconf 87' lang='lat' dir='ltr'>de</span> <span class='ocrx_word' id='word_1_19' title='bbox 3441 537 3686 615; x_wconf 85' lang='lat' dir='ltr'>objectis</span> <span class='ocrx_word' id='word_1_20' title='bbox 3720 561 3755 600; x_wconf 93' lang='lat' dir='ltr'>a</span> <span class='ocrx_word' id='word_1_21' title='bbox 3783 561 3845 602; x_wconf 89' lang='lat' dir='ltr'>se</span> 
     </span>
    </p>
   </div>
   <div class='ocr_carea' id='block_1_6' title="bbox 415 617 2077 700">
    <p class='ocr_par' dir='ltr' id='par_1_6' title="bbox 415 617 2077 700">
     <span class='ocr_line' id='line_1_6' title="bbox 415 617 2077 700; baseline 0.007 -28"><span class='ocrx_word' id='word_1_22' title='bbox 415 617 862 674; x_wconf 74' lang='grc' dir='ltr'>σταντινούπολιν</span> <span class='ocrx_word' id='word_1_23' title='bbox 918 625 1016 676; x_wconf 69' lang='grc' dir='ltr'>τοῦ</span> <span class='ocrx_word' id='word_1_24' title='bbox 1066 621 1217 676; x_wconf 90' lang='grc' dir='ltr'>σίτου</span> <span class='ocrx_word' id='word_1_25' title='bbox 1278 623 1673 697; x_wconf 68' lang='grc' dir='ltr'>μετακομιδιςν·</span> <span class='ocrx_word' id='word_1_26' title='bbox 1734 629 1901 681; x_wconf 68' lang='grc' dir='ltr'>ταῦτα</span> <span class='ocrx_word' id='word_1_27' title='bbox 1964 631 2077 700; x_wconf 95' lang='grc'>(11)</span> 
     </span>
    </p>
   </div>
   <div class='ocr_carea' id='block_1_7' title="bbox 414 709 2075 788">
    <p class='ocr_par' dir='ltr' id='par_1_7' title="bbox 414 709 2075 788">
     <span class='ocr_line' id='line_1_7' title="bbox 414 709 2075 788; baseline 0.005 -26"><span class='ocrx_word' id='word_1_28' title='bbox 414 728 555 769; x_wconf 89' lang='grc' dir='ltr'>τινες</span> <span class='ocrx_word' id='word_1_29' title='bbox 605 713 714 762; x_wconf 78' lang='grc' dir='ltr'>τῶν</span> <span class='ocrx_word' id='word_1_30' title='bbox 795 710 845 780; x_wconf 79' lang='grc' dir='ltr'>ἐξ</span> <span class='ocrx_word' id='word_1_31' title='bbox 903 713 1062 784; x_wconf 77' lang='grc' dir='ltr'>ἡμῶν</span> <span class='ocrx_word' id='word_1_32' title='bbox 1143 711 1287 767; x_wconf 79' lang='grc' dir='ltr'>ἔνδον</span> <span class='ocrx_word' id='word_1_33' title='bbox 1348 709 1494 776; x_wconf 76' lang='grc' dir='ltr'>ὅντες</span> <span class='ocrx_word' id='word_1_34' title='bbox 1567 716 1700 788; x_wconf 74' lang='grc' dir='ltr'>μετὰ</span> <span class='ocrx_word' id='word_1_35' title='bbox 1758 717 2075 771; x_wconf 86' lang='grc' dir='ltr'>Ἀθανασίου</span> 
     </span>
    </p>
   </div>
   <div class='ocr_carea' id='block_1_8' title="bbox 417 797 2072 874">
    <p class='ocr_par' dir='ltr' id='par_1_8' title="bbox 417 797 2072 874">
     <span class='ocr_line' id='line_1_8' title="bbox 417 797 2072 874; baseline 0.005 -23"><span class='ocrx_word' id='word_1_36' title='bbox 417 797 680 867; x_wconf 85' lang='grc' dir='ltr'>ἀκηκόασι</span> <span class='ocrx_word' id='word_1_37' title='bbox 708 803 804 853; x_wconf 79' lang='grc' dir='ltr'>τοῦ</span> <span class='ocrx_word' id='word_1_38' title='bbox 852 799 1121 874; x_wconf 85' lang='grc' dir='ltr'>βασιλέως</span> <span class='ocrx_word' id='word_1_39' title='bbox 1173 802 1545 865; x_wconf 75' lang='grc' dir='ltr'>ἀπειλοῦντος.</span> <span class='ocrx_word' id='word_1_40' title='bbox 1597 806 1730 858; x_wconf 79' lang='grc' dir='ltr'>Εἶτα</span> <span class='ocrx_word' id='word_1_41' title='bbox 1782 811 1879 859; x_wconf 69' lang='grc' dir='ltr'>τοῦ</span> <span class='ocrx_word' id='word_1_42' title='bbox 1913 807 2072 869; x_wconf 71' lang='grc' dir='ltr'>Ἀθα-</span> 
     </span>
    </p>
   </div>
   <div class='ocr_carea' id='block_1_9' title="bbox 413 885 2073 968">
    <p class='ocr_par' dir='ltr' id='par_1_9' title="bbox 413 885 2073 968">
     <span class='ocr_line' id='line_1_9' title="bbox 413 885 2073 968; baseline 0.005 -28"><span class='ocrx_word' id='word_1_43' title='bbox 413 886 598 941; x_wconf 90' lang='grc' dir='ltr'>νασίου</span> <span class='ocrx_word' id='word_1_44' title='bbox 634 885 968 961; x_wconf 68' lang='grc' dir='ltr'>ὀδυρομένου</span> <span class='ocrx_word' id='word_1_45' title='bbox 1001 889 1086 944; x_wconf 78' lang='grc' dir='ltr'>ἐπὶ</span> <span class='ocrx_word' id='word_1_46' title='bbox 1117 895 1184 964; x_wconf 78' lang='grc' dir='ltr'>τῇ</span> <span class='ocrx_word' id='word_1_47' title='bbox 1219 887 1476 965; x_wconf 72' lang='grc' dir='ltr'>διαϐολῇ,</span> <span class='ocrx_word' id='word_1_48' title='bbox 1508 892 1598 947; x_wconf 79' lang='grc' dir='ltr'>καὶ</span> <span class='ocrx_word' id='word_1_49' title='bbox 1653 889 2073 968; x_wconf 72' lang='grc' dir='ltr'>διαϐεϐαιουμέ-</span> 
     </span>
    </p>
   </div>
   <div class='ocr_carea' id='block_1_10' title="bbox 413 977 2071 1058">
    <p class='ocr_par' dir='ltr' id='par_1_10' title="bbox 413 977 2071 1058">
     <span class='ocr_line' id='line_1_10' title="bbox 413 977 2071 1058; baseline 0.006 -28"><span class='ocrx_word' id='word_1_50' title='bbox 413 996 528 1049; x_wconf 91' lang='grc' dir='ltr'>νου,</span> <span class='ocrx_word' id='word_1_51' title='bbox 583 978 657 1050; x_wconf 82' lang='grc' dir='ltr'>μή</span> <span class='ocrx_word' id='word_1_52' title='bbox 711 977 843 1032; x_wconf 74' lang='grc' dir='ltr'>εἶναι</span> <span class='ocrx_word' id='word_1_53' title='bbox 898 979 1096 1048; x_wconf 63' lang='grc' dir='ltr'>ταύτην</span> <span class='ocrx_word' id='word_1_54' title='bbox 1145 980 1347 1051; x_wconf 76' lang='grc' dir='ltr'>ἀληθῆ·</span> <span class='ocrx_word' id='word_1_55' title='bbox 1398 987 1513 1044; x_wconf 75' lang='grc' dir='ltr'>πῶς</span> <span class='ocrx_word' id='word_1_56' title='bbox 1563 984 1666 1058; x_wconf 73' lang='grc' dir='ltr'>γὰρ</span> <span class='ocrx_word' id='word_1_57' title='bbox 1723 983 1781 1037; x_wconf 76' lang='grc' dir='ltr'>ἂν</span> <span class='ocrx_word' id='word_1_58' title='bbox 1842 982 2071 1054; x_wconf 78' lang='grc' dir='ltr'>ἰδιώτης</span> 
     </span>
    </p>
   </div>
   <div class='ocr_carea' id='block_1_11' title="bbox 412 1063 2068 1144">
    <p class='ocr_par' dir='ltr' id='par_1_11' title="bbox 412 1063 2068 1144">
     <span class='ocr_line' id='line_1_11' title="bbox 412 1063 2068 1144; baseline 0.005 -25"><span class='ocrx_word' id='word_1_59' title='bbox 412 1063 698 1141; x_wconf 78' lang='grc' dir='ltr'>ἅνθρωπος</span> <span class='ocrx_word' id='word_1_60' title='bbox 755 1067 843 1122; x_wconf 79' lang='grc' dir='ltr'>καὶ</span> <span class='ocrx_word' id='word_1_61' title='bbox 901 1069 1072 1139; x_wconf 87' lang='grc' dir='ltr'>πένης</span> <span class='ocrx_word' id='word_1_62' title='bbox 1124 1068 1427 1138; x_wconf 69' lang='grc' dir='ltr'>τηλικαῦτα</span> <span class='ocrx_word' id='word_1_63' title='bbox 1485 1069 1745 1143; x_wconf 50' lang='lat' dir='ltr'>advance;</span> <span class='ocrx_word' id='word_1_64' title='bbox 1785 1069 2068 1144; x_wconf 71' lang='grc' dir='ltr'>Εὑσέϐιος,</span> 
     </span>
    </p>
   </div>
   <div class='ocr_carea' id='block_1_12' title="bbox 413 1153 2073 1234">
    <p class='ocr_par' dir='ltr' id='par_1_12' title="bbox 413 1153 2073 1234">
     <span class='ocr_line' id='line_1_12' title="bbox 413 1153 2073 1234; baseline 0.005 -25"><span class='ocrx_word' id='word_1_65' title='bbox 413 1153 538 1210; x_wconf 76' lang='grc' dir='ltr'>οὑδὲ</span> <span class='ocrx_word' id='word_1_66' title='bbox 587 1154 824 1229; x_wconf 78' lang='grc' dir='ltr'>δημοσίᾳ</span> <span class='ocrx_word' id='word_1_67' title='bbox 869 1160 1345 1234; x_wconf 73' lang='grc' dir='ltr'>παραιτησάμενος</span> <span class='ocrx_word' id='word_1_68' title='bbox 1392 1161 1489 1230; x_wconf 68' lang='grc' dir='ltr'>τὴν</span> <span class='ocrx_word' id='word_1_69' title='bbox 1548 1158 1839 1234; x_wconf 69' lang='grc' dir='ltr'>διαϐολὴν,</span> <span class='ocrx_word' id='word_1_70' title='bbox 1894 1159 2073 1234; x_wconf 77' lang='grc' dir='ltr'>ὤμνυε</span> 
     </span>
    </p>
   </div>
   <div class='ocr_carea' id='block_1_13' title="bbox 408 1243 2071 1321">
    <p class='ocr_par' dir='ltr' id='par_1_13' title="bbox 408 1243 2071 1321">
     <span class='ocr_line' id='line_1_13' title="bbox 408 1243 2071 1321; baseline 0.007 -23"><span class='ocrx_word' id='word_1_71' title='bbox 408 1243 499 1298; x_wconf 80' lang='grc' dir='ltr'>τὸν</span> <span class='ocrx_word' id='word_1_72' title='bbox 529 1246 840 1300; x_wconf 83' lang='grc' dir='ltr'>Ἀθανοὶσιον</span> <span class='ocrx_word' id='word_1_73' title='bbox 892 1247 1024 1302; x_wconf 74' lang='grc' dir='ltr'>εἶναι</span> <span class='ocrx_word' id='word_1_74' title='bbox 1075 1246 1483 1320; x_wconf 72' lang='grc' dir='ltr'>πλούσιον,καῖ</span> <span class='ocrx_word' id='word_1_75' title='bbox 1535 1249 1901 1321; x_wconf 85' lang='grc' dir='ltr'>δυνατὸν,καῖ</span> <span class='ocrx_word' id='word_1_76' title='bbox 1957 1255 2071 1308; x_wconf 75' lang='grc' dir='ltr'>ἱκα-</span> 
     </span>
    </p>
   </div>
   <div class='ocr_carea' id='block_1_14' title="bbox 409 1335 2068 1418">
    <p class='ocr_par' dir='ltr' id='par_1_14' title="bbox 409 1335 2068 1418">
     <span class='ocr_line' id='line_1_14' title="bbox 409 1335 2068 1418; baseline 0.005 -29"><span class='ocrx_word' id='word_1_77' title='bbox 409 1335 498 1389; x_wconf 87' lang='grc' dir='ltr'>νὸν</span> <span class='ocrx_word' id='word_1_78' title='bbox 555 1336 693 1411; x_wconf 86' lang='grc' dir='ltr'>πρὸς</span> <span class='ocrx_word' id='word_1_79' title='bbox 751 1337 922 1391; x_wconf 80' lang='grc' dir='ltr'>πάντα</span> <span class='ocrx_word' id='word_1_80' title='bbox 955 1384 967 1408; x_wconf 92' lang='grc'>,</span> <span class='ocrx_word' id='word_1_81' title='bbox 1021 1335 1112 1392; x_wconf 80' lang='grc' dir='ltr'>’ίνα</span> <span class='ocrx_word' id='word_1_82' title='bbox 1172 1337 1232 1392; x_wconf 81' lang='grc' dir='ltr'>ἐκ</span> <span class='ocrx_word' id='word_1_83' title='bbox 1286 1339 1494 1393; x_wconf 74' lang='grc' dir='ltr'>τούτων</span> <span class='ocrx_word' id='word_1_84' title='bbox 1549 1341 1772 1395; x_wconf 80' lang='grc' dir='ltr'>κάκεῖνα</span> <span class='ocrx_word' id='word_1_85' title='bbox 1833 1342 2068 1418; x_wconf 57' lang='lat' dir='ltr'>sip-qud);</span> 
     </span>
    </p>
   </div>
   <div class='ocr_carea' id='block_1_15' title="bbox 410 1422 2069 1507">
    <p class='ocr_par' dir='ltr' id='par_1_15' title="bbox 410 1422 2069 1507">
     <span class='ocr_line' id='line_1_15' title="bbox 410 1422 2069 1507; baseline 0.004 -28"><span class='ocrx_word' id='word_1_86' title='bbox 410 1422 724 1487; x_wconf 78' lang='grc' dir='ltr'>’Δθανάσιος</span> <span class='ocrx_word' id='word_1_87' title='bbox 753 1428 1009 1500; x_wconf 79' lang='grc' dir='ltr'>νομισθῇ.</span> <span class='ocrx_word' id='word_1_88' title='bbox 1059 1432 1235 1482; x_wconf 73' lang='grc' dir='ltr'>Ταῦτα</span> <span class='ocrx_word' id='word_1_89' title='bbox 1287 1430 1379 1501; x_wconf 71' lang='grc' dir='ltr'>μὲν</span> <span class='ocrx_word' id='word_1_90' title='bbox 1416 1430 1468 1483; x_wconf 72' lang='grc' dir='ltr'>οἱ</span> <span class='ocrx_word' id='word_1_91' title='bbox 1501 1431 1689 1503; x_wconf 77' lang='grc' dir='ltr'>σεμνοὶ</span> <span class='ocrx_word' id='word_1_92' title='bbox 1729 1433 2069 1507; x_wconf 86' lang='grc' dir='ltr'>κατηγόρουν</span> 
     </span>
    </p>
   </div>
   <div class='ocr_carea' id='block_1_16' title="bbox 410 1512 2068 1594">
    <p class='ocr_par' dir='ltr' id='par_1_16' title="bbox 410 1512 2068 1594">
     <span class='ocr_line' id='line_1_16' title="bbox 410 1512 2068 1594; baseline 0.005 -27"><span class='ocrx_word' id='word_1_93' title='bbox 410 1512 718 1568; x_wconf 78' lang='grc' dir='ltr'>ἐπίσκοποι·</span> <span class='ocrx_word' id='word_1_94' title='bbox 752 1517 786 1584; x_wconf 81' lang='grc' dir='ltr'>ἡ</span> <span class='ocrx_word' id='word_1_95' title='bbox 821 1513 880 1570; x_wconf 68' lang='grc' dir='ltr'>δὲ</span> <span class='ocrx_word' id='word_1_96' title='bbox 907 1520 1003 1569; x_wconf 76' lang='grc' dir='ltr'>τοῦ</span> <span class='ocrx_word' id='word_1_97' title='bbox 1053 1521 1186 1571; x_wconf 71' lang='grc' dir='ltr'>Θεοῦ</span> <span class='ocrx_word' id='word_1_98' title='bbox 1236 1517 1400 1594; x_wconf 81' lang='grc' dir='ltr'>χάρις</span> <span class='ocrx_word' id='word_1_99' title='bbox 1444 1519 1703 1593; x_wconf 73' lang='grc' dir='ltr'>κρείττων</span> <span class='ocrx_word' id='word_1_100' title='bbox 1754 1527 1856 1589; x_wconf 78' lang='grc' dir='ltr'>τῆς</span> <span class='ocrx_word' id='word_1_101' title='bbox 1901 1543 2068 1592; x_wconf 88' lang='grc' dir='ltr'>πονη-</span> 
     </span>
    </p>
   </div>
   <div class='ocr_carea' id='block_1_17' title="bbox 411 1601 2066 1682">
    <p class='ocr_par' dir='ltr' id='par_1_17' title="bbox 411 1601 2066 1682">
     <span class='ocr_line' id='line_1_17' title="bbox 411 1601 2066 1682; baseline 0.004 -25"><span class='ocrx_word' id='word_1_102' title='bbox 411 1601 528 1677; x_wconf 90' lang='grc' dir='ltr'>ρίας</span> <span class='ocrx_word' id='word_1_103' title='bbox 581 1604 757 1658; x_wconf 82' lang='grc' dir='ltr'>αὑτῶν</span> <span class='ocrx_word' id='word_1_104' title='bbox 813 1606 1103 1679; x_wconf 87' lang='grc' dir='ltr'>γεγένηται</span> <span class='ocrx_word' id='word_1_105' title='bbox 1161 1608 1294 1680; x_wconf 78' lang='grc'>(12).</span> <span class='ocrx_word' id='word_1_106' title='bbox 1354 1609 1452 1676; x_wconf 74' lang='grc' dir='ltr'>την</span> <span class='ocrx_word' id='word_1_107' title='bbox 1514 1609 1617 1682; x_wconf 71' lang='grc' dir='ltr'>γὰρ</span> <span class='ocrx_word' id='word_1_108' title='bbox 1670 1604 2066 1664; x_wconf 74' lang='grc' dir='ltr'>εὐσέϐειαντοῦ</span> 
     </span>
    </p>
   </div>
   <div class='ocr_carea' id='block_1_18' title="bbox 414 1689 2066 1772">
    <p class='ocr_par' dir='ltr' id='par_1_18' title="bbox 414 1689 2066 1772">
     <span class='ocr_line' id='line_1_18' title="bbox 414 1689 2066 1772; baseline 0.005 -26"><span class='ocrx_word' id='word_1_109' title='bbox 414 1689 683 1768; x_wconf 81' lang='grc' dir='ltr'>βασιλέως</span> <span class='ocrx_word' id='word_1_110' title='bbox 715 1693 792 1756; x_wconf 82' lang='grc' dir='ltr'>εἷς</span> <span class='ocrx_word' id='word_1_111' title='bbox 832 1692 1238 1772; x_wconf 78' lang='grc' dir='ltr'>φιλανθρωπίαν</span> <span class='ocrx_word' id='word_1_112' title='bbox 1288 1696 1558 1767; x_wconf 74' lang='grc' dir='ltr'>κεκίνηκε,</span> <span class='ocrx_word' id='word_1_113' title='bbox 1609 1697 1698 1752; x_wconf 83' lang='grc' dir='ltr'>καὶ</span> <span class='ocrx_word' id='word_1_114' title='bbox 1756 1699 1871 1752; x_wconf 82' lang='grc' dir='ltr'>ἀντὶ</span> <span class='ocrx_word' id='word_1_115' title='bbox 1911 1701 2066 1762; x_wconf 74' lang='grc' dir='ltr'>θανά-</span> 
     </span>
    </p>
   </div>
   <div class='ocr_carea' id='block_1_19' title="bbox 405 1782 2063 1861">
    <p class='ocr_par' dir='ltr' id='par_1_19' title="bbox 405 1782 2063 1861">
     <span class='ocr_line' id='line_1_19' title="bbox 405 1782 2063 1861; baseline 0.004 -25"><span class='ocrx_word' id='word_1_116' title='bbox 405 1802 502 1837; x_wconf 89' lang='grc' dir='ltr'>του</span> <span class='ocrx_word' id='word_1_117' title='bbox 532 1784 631 1852; x_wconf 75' lang='grc' dir='ltr'>τὴν</span> <span class='ocrx_word' id='word_1_118' title='bbox 665 1782 960 1860; x_wconf 78' lang='grc' dir='ltr'>έξοριστίαν</span> <span class='ocrx_word' id='word_1_119' title='bbox 992 1786 1285 1861; x_wconf 87' lang='grc' dir='ltr'>παρέσχεν.</span> <span class='ocrx_word' id='word_1_120' title='bbox 1319 1787 1523 1842; x_wconf 75' lang='grc' dir='ltr'>Οὑκοῦν</span> <span class='ocrx_word' id='word_1_121' title='bbox 1569 1789 1623 1841; x_wconf 75' lang='grc' dir='ltr'>αἱ</span> <span class='ocrx_word' id='word_1_122' title='bbox 1665 1783 1942 1856; x_wconf 71' lang='grc' dir='ltr'>διαϐολαὶ,</span> <span class='ocrx_word' id='word_1_123' title='bbox 1975 1791 2063 1844; x_wconf 77' lang='grc' dir='ltr'>καὶ</span> 
     </span>
    </p>
   </div>
   <div class='ocr_carea' id='block_1_20' title="bbox 2189 632 3846 705">
    <p class='ocr_par' dir='ltr' id='par_1_20' title="bbox 2189 632 3846 705">
     <span class='ocr_line' id='line_1_20' title="bbox 2189 632 3846 705; baseline 0.004 -21"><span class='ocrx_word' id='word_1_124' title='bbox 2189 632 2323 702; x_wconf 79' lang='lat' dir='ltr'>Tyri</span> <span class='ocrx_word' id='word_1_125' title='bbox 2350 633 2695 688; x_wconf 81' lang='lat' dir='ltr'>criminibus</span> <span class='ocrx_word' id='word_1_126' title='bbox 2722 652 2734 700; x_wconf 90' lang='lat'><strong>;</strong></span> <span class='ocrx_word' id='word_1_127' title='bbox 2760 635 2860 689; x_wconf 89' lang='lat' dir='ltr'>sed</span> <span class='ocrx_word' id='word_1_128' title='bbox 2881 634 2950 688; x_wconf 90' lang='lat' dir='ltr'>de</span> <span class='ocrx_word' id='word_1_129' title='bbox 2973 632 3251 689; x_wconf 89' lang='lat' dir='ltr'>frumenti</span> <span class='ocrx_word' id='word_1_130' title='bbox 3277 632 3632 705; x_wconf 82' lang='lat' dir='ltr'>naviumque</span> <span class='ocrx_word' id='word_1_131' title='bbox 3650 634 3846 690; x_wconf 86' lang='lat' dir='ltr'>deten-</span> 
     </span>
    </p>
   </div>
   <div class='ocr_carea' id='block_1_21' title="bbox 2186 720 3844 793">
    <p class='ocr_par' dir='ltr' id='par_1_21' title="bbox 2186 720 3844 793">
     <span class='ocr_line' id='line_1_21' title="bbox 2186 720 3844 793; baseline 0.004 -19"><span class='ocrx_word' id='word_1_132' title='bbox 2186 720 2363 786; x_wconf 92' lang='lat' dir='ltr'>tione,</span> <span class='ocrx_word' id='word_1_133' title='bbox 2399 723 2564 793; x_wconf 90' lang='lat' dir='ltr'>quasi</span> <span class='ocrx_word' id='word_1_134' title='bbox 2598 723 2819 778; x_wconf 85' lang='lat' dir='ltr'>scilicet</span> <span class='ocrx_word' id='word_1_135' title='bbox 2837 723 3197 778; x_wconf 81' lang='lat' dir='ltr'>Athanasius</span> <span class='ocrx_word' id='word_1_136' title='bbox 3230 723 3493 778; x_wconf 89' lang='lat' dir='ltr'>minatus</span> <span class='ocrx_word' id='word_1_137' title='bbox 3525 723 3756 790; x_wconf 83' lang='lat' dir='ltr'>fuisset,</span> <span class='ocrx_word' id='word_1_138' title='bbox 3782 740 3844 780; x_wconf 87' lang='lat' dir='ltr'>se</span> 
     </span>
    </p>
   </div>
   <div class='ocr_carea' id='block_1_22' title="bbox 2188 811 3842 882">
    <p class='ocr_par' dir='ltr' id='par_1_22' title="bbox 2188 811 3842 882">
     <span class='ocr_line' id='line_1_22' title="bbox 2188 811 3842 882; baseline 0.002 -19"><span class='ocrx_word' id='word_1_139' title='bbox 2188 816 2577 866; x_wconf 84' lang='lat' dir='ltr'>commeatum</span> <span class='ocrx_word' id='word_1_140' title='bbox 2612 812 2963 867; x_wconf 76' lang='lat' dir='ltr'>Alexandria</span> <span class='ocrx_word' id='word_1_141' title='bbox 3004 811 3569 882; x_wconf 86' lang='lat' dir='ltr'>Constantinopolim</span> <span class='ocrx_word' id='word_1_142' title='bbox 3603 815 3842 867; x_wconf 86' lang='lat' dir='ltr'>euntem</span> 
     </span>
    </p>
   </div>
   <div class='ocr_carea' id='block_1_23' title="bbox 2185 899 3841 972">
    <p class='ocr_par' dir='ltr' id='par_1_23' title="bbox 2185 899 3841 972">
     <span class='ocr_line' id='line_1_23' title="bbox 2185 899 3841 972; baseline 0.003 -20"><span class='ocrx_word' id='word_1_143' title='bbox 2185 899 2467 971; x_wconf 87' lang='lat' dir='ltr'>impedire</span> <span class='ocrx_word' id='word_1_144' title='bbox 2500 918 2689 972; x_wconf 86' lang='lat' dir='ltr'>posse.</span> <span class='ocrx_word' id='word_1_145' title='bbox 2744 902 2874 956; x_wconf 63' lang='lat' dir='ltr'>Haec</span> <span class='ocrx_word' id='word_1_146' title='bbox 2907 902 3145 972; x_wconf 90' lang='lat' dir='ltr'>quidam</span> <span class='ocrx_word' id='word_1_147' title='bbox 3197 918 3262 956; x_wconf 82' lang='lat' dir='ltr'>ex</span> <span class='ocrx_word' id='word_1_148' title='bbox 3295 900 3516 956; x_wconf 86' lang='lat' dir='ltr'>nostris</span> <span class='ocrx_word' id='word_1_149' title='bbox 3548 901 3646 972; x_wconf 89' lang='lat' dir='ltr'>qui</span> <span class='ocrx_word' id='word_1_150' title='bbox 3680 901 3841 957; x_wconf 89' lang='lat' dir='ltr'>intus</span> 
     </span>
    </p>
   </div>
   <div class='ocr_carea' id='block_1_24' title="bbox 2186 989 3840 1062">
    <p class='ocr_par' dir='ltr' id='par_1_24' title="bbox 2186 989 3840 1062">
     <span class='ocr_line' id='line_1_24' title="bbox 2186 989 3840 1062; baseline 0.002 -20"><span class='ocrx_word' id='word_1_151' title='bbox 2186 1005 2318 1042; x_wconf 92' lang='lat' dir='ltr'>cum</span> <span class='ocrx_word' id='word_1_152' title='bbox 2352 989 2667 1044; x_wconf 79' lang='lat' dir='ltr'>Athanasio</span> <span class='ocrx_word' id='word_1_153' title='bbox 2701 994 2866 1044; x_wconf 88' lang='lat' dir='ltr'>erant</span> <span class='ocrx_word' id='word_1_154' title='bbox 2910 990 3259 1062; x_wconf 84' lang='lat' dir='ltr'>imperatore</span> <span class='ocrx_word' id='word_1_155' title='bbox 3301 989 3608 1045; x_wconf 86' lang='lat' dir='ltr'>minitante</span> <span class='ocrx_word' id='word_1_156' title='bbox 3639 990 3840 1046; x_wconf 92' lang='lat' dir='ltr'>audie-</span> 
     </span>
    </p>
   </div>
   <div class='ocr_carea' id='block_1_25' title="bbox 2183 1078 3839 1134">
    <p class='ocr_par' dir='ltr' id='par_1_25' title="bbox 2183 1078 3839 1134">
     <span class='ocr_line' id='line_1_25' title="bbox 2183 1078 3839 1134; baseline 0.001 -2"><span class='ocrx_word' id='word_1_157' title='bbox 2183 1082 2341 1132; x_wconf 89' lang='lat' dir='ltr'>runt.</span> <span class='ocrx_word' id='word_1_158' title='bbox 2378 1078 2597 1132; x_wconf 92' lang='lat' dir='ltr'>Deinde</span> <span class='ocrx_word' id='word_1_159' title='bbox 2621 1095 2752 1132; x_wconf 92' lang='lat' dir='ltr'>cum</span> <span class='ocrx_word' id='word_1_160' title='bbox 2775 1078 3130 1133; x_wconf 87' lang='lat' dir='ltr'>Athanasius</span> <span class='ocrx_word' id='word_1_161' title='bbox 3155 1080 3224 1134; x_wconf 92' lang='lat' dir='ltr'>de</span> <span class='ocrx_word' id='word_1_162' title='bbox 3248 1082 3411 1133; x_wconf 88' lang='lat' dir='ltr'>tanta</span> <span class='ocrx_word' id='word_1_163' title='bbox 3433 1078 3730 1133; x_wconf 86' lang='lat' dir='ltr'>calumnia</span> <span class='ocrx_word' id='word_1_164' title='bbox 3751 1079 3839 1134; x_wconf 90' lang='lat' dir='ltr'>in-</span> 
     </span>
    </p>
   </div>
   <div class='ocr_carea' id='block_1_26' title="bbox 2182 1166 3837 1238">
    <p class='ocr_par' dir='ltr' id='par_1_26' title="bbox 2182 1166 3837 1238">
     <span class='ocr_line' id='line_1_26' title="bbox 2182 1166 3837 1238; baseline 0 -18"><span class='ocrx_word' id='word_1_165' title='bbox 2182 1167 2549 1237; x_wconf 81' lang='lat' dir='ltr'>gemisceret,</span> <span class='ocrx_word' id='word_1_166' title='bbox 2589 1171 2644 1221; x_wconf 91' lang='lat' dir='ltr'>ct</span> <span class='ocrx_word' id='word_1_167' title='bbox 2689 1166 2898 1222; x_wconf 84' lang='lat' dir='ltr'>falsam</span> <span class='ocrx_word' id='word_1_168' title='bbox 2963 1167 3121 1222; x_wconf 86' lang='lat' dir='ltr'>illam</span> <span class='ocrx_word' id='word_1_169' title='bbox 3180 1183 3307 1222; x_wconf 85' lang='lat' dir='ltr'>esse</span> <span class='ocrx_word' id='word_1_170' title='bbox 3361 1167 3702 1234; x_wconf 82' lang='lat' dir='ltr'>afﬁrmaret,</span> <span class='ocrx_word' id='word_1_171' title='bbox 3737 1167 3837 1238; x_wconf 90' lang='lat' dir='ltr'>qui</span> 
     </span>
    </p>
   </div>
   <div class='ocr_carea' id='block_1_27' title="bbox 2181 1255 3839 1328">
    <p class='ocr_par' dir='ltr' id='par_1_27' title="bbox 2181 1255 3839 1328">
     <span class='ocr_line' id='line_1_27' title="bbox 2181 1255 3839 1328; baseline 0.001 -18"><span class='ocrx_word' id='word_1_172' title='bbox 2181 1255 2338 1310; x_wconf 89' lang='lat' dir='ltr'>enim</span> <span class='ocrx_word' id='word_1_173' title='bbox 2374 1257 2458 1310; x_wconf 88' lang='lat' dir='ltr'>vir</span> <span class='ocrx_word' id='word_1_174' title='bbox 2487 1256 2745 1327; x_wconf 83' lang='lat' dir='ltr'>privatus</span> <span class='ocrx_word' id='word_1_175' title='bbox 2779 1262 2834 1310; x_wconf 89' lang='lat' dir='ltr'>et</span> <span class='ocrx_word' id='word_1_176' title='bbox 2864 1257 3034 1328; x_wconf 89' lang='lat' dir='ltr'>ineps</span> <span class='ocrx_word' id='word_1_177' title='bbox 3067 1261 3232 1311; x_wconf 86' lang='lat' dir='ltr'>tanta</span> <span class='ocrx_word' id='word_1_178' title='bbox 3261 1256 3448 1311; x_wconf 82' lang='lat' dir='ltr'>facere</span> <span class='ocrx_word' id='word_1_179' title='bbox 3498 1255 3839 1327; x_wconf 84' lang='lat' dir='ltr'>potuisset?</span> 
     </span>
    </p>
   </div>
   <div class='ocr_carea' id='block_1_28' title="bbox 2181 1345 3837 1417">
    <p class='ocr_par' dir='ltr' id='par_1_28' title="bbox 2181 1345 3837 1417">
     <span class='ocr_line' id='line_1_28' title="bbox 2181 1345 3837 1417; baseline 0.001 -18"><span class='ocrx_word' id='word_1_180' title='bbox 2181 1345 2465 1400; x_wconf 83' lang='lat' dir='ltr'>Eusebius</span> <span class='ocrx_word' id='word_1_181' title='bbox 2488 1363 2558 1400; x_wconf 92' lang='lat' dir='ltr'>ne</span> <span class='ocrx_word' id='word_1_182' title='bbox 2581 1347 2774 1416; x_wconf 88' lang='lat' dir='ltr'>palam</span> <span class='ocrx_word' id='word_1_183' title='bbox 2799 1345 3036 1417; x_wconf 88' lang='lat' dir='ltr'>quidem</span> <span class='ocrx_word' id='word_1_184' title='bbox 3055 1345 3402 1400; x_wconf 87' lang='lat' dir='ltr'>calumniari</span> <span class='ocrx_word' id='word_1_185' title='bbox 3425 1347 3837 1417; x_wconf 87' lang='lat' dir='ltr'>recusans,ju-</span> 
     </span>
    </p>
   </div>
   <div class='ocr_carea' id='block_1_29' title="bbox 2179 1435 3837 1506">
    <p class='ocr_par' dir='ltr' id='par_1_29' title="bbox 2179 1435 3837 1506">
     <span class='ocr_line' id='line_1_29' title="bbox 2179 1435 3837 1506; baseline 0.002 -19"><span class='ocrx_word' id='word_1_186' title='bbox 2179 1435 2325 1488; x_wconf 89' lang='lat' dir='ltr'>ravit</span> <span class='ocrx_word' id='word_1_187' title='bbox 2353 1435 2745 1490; x_wconf 82' lang='lat' dir='ltr'>Athanasium</span> <span class='ocrx_word' id='word_1_188' title='bbox 2778 1435 3041 1503; x_wconf 88' lang='lat' dir='ltr'>divitem,</span> <span class='ocrx_word' id='word_1_189' title='bbox 3093 1439 3389 1506; x_wconf 88' lang='lat' dir='ltr'>potentem</span> <span class='ocrx_word' id='word_1_190' title='bbox 3449 1438 3506 1488; x_wconf 90' lang='lat' dir='ltr'>et</span> <span class='ocrx_word' id='word_1_191' title='bbox 3536 1435 3605 1488; x_wconf 88' lang='lat' dir='ltr'>ad</span> <span class='ocrx_word' id='word_1_192' title='bbox 3637 1435 3837 1491; x_wconf 83' lang='lat' dir='ltr'>omnia</span> 
     </span>
    </p>
   </div>
   <div class='ocr_carea' id='block_1_30' title="bbox 2178 1522 3835 1594">
    <p class='ocr_par' dir='ltr' id='par_1_30' title="bbox 2178 1522 3835 1594">
     <span class='ocr_line' id='line_1_30' title="bbox 2178 1522 3835 1594; baseline 0.002 -18"><span class='ocrx_word' id='word_1_193' title='bbox 2178 1523 2455 1578; x_wconf 86' lang='lat' dir='ltr'>idoneum</span> <span class='ocrx_word' id='word_1_194' title='bbox 2484 1541 2633 1590; x_wconf 90' lang='lat' dir='ltr'>esse,</span> <span class='ocrx_word' id='word_1_195' title='bbox 2667 1529 2732 1578; x_wconf 88' lang='lat' dir='ltr'>ut</span> <span class='ocrx_word' id='word_1_196' title='bbox 2763 1523 2901 1578; x_wconf 91' lang='lat' dir='ltr'>hinc</span> <span class='ocrx_word' id='word_1_197' title='bbox 2921 1524 3278 1578; x_wconf 87' lang='lat' dir='ltr'>Athanasius</span> <span class='ocrx_word' id='word_1_198' title='bbox 3307 1522 3407 1578; x_wconf 90' lang='lat' dir='ltr'>illa</span> <span class='ocrx_word' id='word_1_199' title='bbox 3427 1523 3640 1578; x_wconf 79' lang='lat' dir='ltr'>dixisse</span> <span class='ocrx_word' id='word_1_200' title='bbox 3662 1527 3835 1594; x_wconf 87' lang='lat' dir='ltr'>puta-</span> 
     </span>
    </p>
   </div>
   <div class='ocr_carea' id='block_1_31' title="bbox 2179 1611 3831 1684">
    <p class='ocr_par' dir='ltr' id='par_1_31' title="bbox 2179 1611 3831 1684">
     <span class='ocr_line' id='line_1_31' title="bbox 2179 1611 3831 1684; baseline 0 -18"><span class='ocrx_word' id='word_1_201' title='bbox 2179 1617 2354 1667; x_wconf 88' lang='lat' dir='ltr'>retur.</span> <span class='ocrx_word' id='word_1_202' title='bbox 2381 1613 2473 1667; x_wconf 86' lang='lat' dir='ltr'>Sic</span> <span class='ocrx_word' id='word_1_203' title='bbox 2492 1614 2810 1668; x_wconf 84' lang='lat' dir='ltr'>venerandi</span> <span class='ocrx_word' id='word_1_204' title='bbox 2839 1612 2922 1667; x_wconf 89' lang='lat' dir='ltr'>illi</span> <span class='ocrx_word' id='word_1_205' title='bbox 2947 1611 3204 1684; x_wconf 89' lang='lat' dir='ltr'>episeopi</span> <span class='ocrx_word' id='word_1_206' title='bbox 3224 1612 3416 1667; x_wconf 90' lang='lat' dir='ltr'>virum</span> <span class='ocrx_word' id='word_1_207' title='bbox 3440 1612 3831 1667; x_wconf 87' lang='lat' dir='ltr'>accusabant:</span> 
     </span>
    </p>
   </div>
   <div class='ocr_carea' id='block_1_32' title="bbox 2179 1699 3835 1774">
    <p class='ocr_par' dir='ltr' id='par_1_32' title="bbox 2179 1699 3835 1774">
     <span class='ocr_line' id='line_1_32' title="bbox 2179 1699 3835 1774; baseline 0.001 -18"><span class='ocrx_word' id='word_1_208' title='bbox 2179 1703 2278 1756; x_wconf 88' lang='lat' dir='ltr'>sed</span> <span class='ocrx_word' id='word_1_209' title='bbox 2318 1703 2413 1757; x_wconf 91' lang='lat' dir='ltr'>Dei</span> <span class='ocrx_word' id='word_1_210' title='bbox 2446 1702 2637 1774; x_wconf 90' lang='lat' dir='ltr'>gratia</span> <span class='ocrx_word' id='word_1_211' title='bbox 2657 1703 2713 1757; x_wconf 89' lang='lat' dir='ltr'>in</span> <span class='ocrx_word' id='word_1_212' title='bbox 2738 1703 2847 1757; x_wconf 87' lang='lat' dir='ltr'>hoc</span> <span class='ocrx_word' id='word_1_213' title='bbox 2879 1702 3110 1773; x_wconf 85' lang='lat' dir='ltr'>negotio</span> <span class='ocrx_word' id='word_1_214' title='bbox 3133 1700 3266 1772; x_wconf 91' lang='lat' dir='ltr'>plus</span> <span class='ocrx_word' id='word_1_215' title='bbox 3286 1699 3472 1756; x_wconf 88' lang='lat' dir='ltr'>valuit</span> <span class='ocrx_word' id='word_1_216' title='bbox 3503 1717 3676 1772; x_wconf 89' lang='lat' dir='ltr'>quam</span> <span class='ocrx_word' id='word_1_217' title='bbox 3698 1699 3835 1757; x_wconf 89' lang='lat' dir='ltr'>illo-</span> 
     </span>
    </p>
   </div>
   <div class='ocr_carea' id='block_1_33' title="bbox 2179 1789 3836 1864">
    <p class='ocr_par' dir='ltr' id='par_1_33' title="bbox 2179 1789 3836 1864">
     <span class='ocr_line' id='line_1_33' title="bbox 2179 1789 3836 1864; baseline -0.001 -19"><span class='ocrx_word' id='word_1_218' title='bbox 2179 1807 2308 1846; x_wconf 91' lang='lat' dir='ltr'>rum</span> <span class='ocrx_word' id='word_1_219' title='bbox 2336 1791 2672 1864; x_wconf 85' lang='lat' dir='ltr'>malignitas</span> <span class='ocrx_word' id='word_1_220' title='bbox 2700 1809 2712 1845; x_wconf 75' lang='grc' dir='ltr'><strong>ε</strong></span> <span class='ocrx_word' id='word_1_221' title='bbox 2737 1791 3108 1862; x_wconf 89' lang='lat' dir='ltr'>imperatoris</span> <span class='ocrx_word' id='word_1_222' title='bbox 3140 1790 3297 1846; x_wconf 90' lang='lat' dir='ltr'>enim</span> <span class='ocrx_word' id='word_1_223' title='bbox 3321 1790 3596 1862; x_wconf 90' lang='lat' dir='ltr'>pietatem</span> <span class='ocrx_word' id='word_1_224' title='bbox 3620 1791 3691 1846; x_wconf 91' lang='lat' dir='ltr'>ad</span> <span class='ocrx_word' id='word_1_225' title='bbox 3719 1789 3836 1845; x_wconf 87' lang='lat' dir='ltr'>cle-</span> 
     </span>
    </p>
   </div>
   <div class='ocr_carea' id='block_1_34' title="bbox 407 1869 2049 1981">
    <p class='ocr_par' dir='ltr' id='par_1_34' title="bbox 407 1869 2049 1981">
     <span class='ocr_line' id='line_1_34' title="bbox 407 1869 2049 1952; baseline 0.004 -26"><span class='ocrx_word' id='word_1_226' title='bbox 407 1869 560 1926; x_wconf 75' lang='grc' dir='ltr'>οὐδὲν</span> <span class='ocrx_word' id='word_1_227' title='bbox 592 1871 752 1944; x_wconf 79' lang='grc' dir='ltr'>ἄλλο,</span> <span class='ocrx_word' id='word_1_228' title='bbox 784 1872 991 1928; x_wconf 66' lang='grc' dir='ltr'>τούτων</span> <span class='ocrx_word' id='word_1_229' title='bbox 1044 1873 1230 1932; x_wconf 74' lang='grc' dir='ltr'>α’ίτιαι.</span> <span class='ocrx_word' id='word_1_230' title='bbox 1265 1876 1322 1928; x_wconf 87' lang='grc' dir='ltr'>Ὁ</span> <span class='ocrx_word' id='word_1_231' title='bbox 1357 1876 1452 1948; x_wconf 73' lang='grc' dir='ltr'>μὲν</span> <span class='ocrx_word' id='word_1_232' title='bbox 1478 1878 1591 1949; x_wconf 89' lang='grc'>(13)</span> <span class='ocrx_word' id='word_1_233' title='bbox 1645 1877 1746 1952; x_wconf 73' lang='grc' dir='ltr'>γὰρ</span> <span class='ocrx_word' id='word_1_234' title='bbox 1785 1877 2049 1952; x_wconf 53' lang='grc' dir='ltr'>βασιλεὺςἶ</span> 
     </span>
     <span class='ocr_line' id='line_1_35' title="bbox 431 1959 2018 1981; baseline 0 0"><span class='ocrx_word' id='word_1_235' title='bbox 431 1979 438 1981; x_wconf 33' lang='grc'>1</span> <span class='ocrx_word' id='word_1_236' title='bbox 465 1961 502 1981; x_wconf 65' lang='lat'>,\</span> <span class='ocrx_word' id='word_1_237' title='bbox 636 1959 650 1981; x_wconf 76' lang='grc' dir='ltr'><strong><em>Ι</em></strong></span> <span class='ocrx_word' id='word_1_238' title='bbox 897 1962 909 1981; x_wconf 84' lang='grc' dir='ltr'><strong><em>Ι</em></strong></span> <span class='ocrx_word' id='word_1_239' title='bbox 1163 1965 1177 1981; x_wconf 84' lang='lat'><strong><em>\</em></strong></span> <span class='ocrx_word' id='word_1_240' title='bbox 1485 1966 1498 1981; x_wconf 83' lang='lat'><em>\</em></span> <span class='ocrx_word' id='word_1_241' title='bbox 1601 1965 1615 1981; x_wconf 65' lang='grc' dir='ltr'>ς</span> <span class='ocrx_word' id='word_1_242' title='bbox 1678 1967 1688 1981; x_wconf 75' lang='grc'><strong><em>1</em></strong></span> <span class='ocrx_word' id='word_1_243' title='bbox 1757 1970 1767 1981; x_wconf 81' lang='grc' dir='ltr'>ι</span> <span class='ocrx_word' id='word_1_244' title='bbox 2007 1969 2018 1981; x_wconf 67' lang='grc' dir='ltr'><strong>ι</strong></span> 
     </span>
    </p>
   </div>
   <div class='ocr_carea' id='block_1_35' title="bbox 2162 1869 3839 1981">
    <p class='ocr_par' dir='ltr' id='par_1_35' title="bbox 2176 1878 3839 1952">
     <span class='ocr_line' id='line_1_36' title="bbox 2176 1878 3839 1952; baseline 0 -18"><span class='ocrx_word' id='word_1_245' title='bbox 2176 1880 2454 1935; x_wconf 87' lang='lat' dir='ltr'>mentiam</span> <span class='ocrx_word' id='word_1_246' title='bbox 2485 1881 2802 1944; x_wconf 89' lang='lat' dir='ltr'>inclinavit,</span> <span class='ocrx_word' id='word_1_247' title='bbox 2853 1886 2915 1935; x_wconf 91' lang='lat' dir='ltr'>ut</span> <span class='ocrx_word' id='word_1_248' title='bbox 2949 1897 3050 1952; x_wconf 92' lang='lat' dir='ltr'>pro</span> <span class='ocrx_word' id='word_1_249' title='bbox 3096 1883 3281 1934; x_wconf 87' lang='lat' dir='ltr'>morte</span> <span class='ocrx_word' id='word_1_250' title='bbox 3313 1878 3584 1935; x_wconf 84' lang='lat' dir='ltr'>exsilium</span> <span class='ocrx_word' id='word_1_251' title='bbox 3616 1880 3839 1952; x_wconf 88' lang='lat' dir='ltr'>irroga-</span> 
     </span>
    </p>
   </div>
   <div class='ocr_carea' id='block_1_36' title="bbox 403 1959 2059 2041">
    <p class='ocr_par' dir='ltr' id='par_1_36' title="bbox 403 1959 2059 2041">
     <span class='ocr_line' id='line_1_37' title="bbox 403 1959 2059 2041; baseline 0.005 -27"><span class='ocrx_word' id='word_1_252' title='bbox 403 1961 510 2037; x_wconf 82' lang='grc' dir='ltr'>πρὸ</span> <span class='ocrx_word' id='word_1_253' title='bbox 556 1959 753 2016; x_wconf 79' lang='grc' dir='ltr'>τούτου</span> <span class='ocrx_word' id='word_1_254' title='bbox 813 1962 1057 2041; x_wconf 84' lang='grc' dir='ltr'>γράφων,</span> <span class='ocrx_word' id='word_1_255' title='bbox 1116 1965 1215 2033; x_wconf 75' lang='grc' dir='ltr'>τήν</span> <span class='ocrx_word' id='word_1_256' title='bbox 1276 1966 1538 2034; x_wconf 78' lang='grc' dir='ltr'>συσκευὴν</span> <span class='ocrx_word' id='word_1_257' title='bbox 1599 1965 1911 2040; x_wconf 73' lang='grc' dir='ltr'>ἐμέμψατο,</span> <span class='ocrx_word' id='word_1_258' title='bbox 1961 1969 2059 2038; x_wconf 69' lang='grc' dir='ltr'>τὴν</span> 
     </span>
    </p>
   </div>
   <div class='ocr_carea' id='block_1_37' title="bbox 406 2046 2058 2132">
    <p class='ocr_par' dir='ltr' id='par_1_37' title="bbox 406 2046 2058 2132">
     <span class='ocr_line' id='line_1_38' title="bbox 406 2046 2058 2132; baseline 0.004 -27"><span class='ocrx_word' id='word_1_259' title='bbox 406 2046 706 2122; x_wconf 72' lang='grc' dir='ltr'>ἐπιϐουλὴν</span> <span class='ocrx_word' id='word_1_260' title='bbox 735 2052 1018 2127; x_wconf 76' lang='grc' dir='ltr'>ᾐτιάσατο,</span> <span class='ocrx_word' id='word_1_261' title='bbox 1077 2058 1185 2108; x_wconf 78' lang='grc' dir='ltr'>τῶν</span> <span class='ocrx_word' id='word_1_262' title='bbox 1246 2053 1583 2109; x_wconf 76' lang='grc' dir='ltr'>Μελιτιανῶν</span> <span class='ocrx_word' id='word_1_263' title='bbox 1629 2055 2058 2132; x_wconf 71' lang='grc' dir='ltr'>κατεψηφίσατο,</span> 
     </span>
    </p>
   </div>
   <div class='ocr_carea' id='block_1_38' title="bbox 403 2139 2057 2220">
    <p class='ocr_par' dir='ltr' id='par_1_38' title="bbox 403 2139 2057 2220">
     <span class='ocr_line' id='line_1_39' title="bbox 403 2139 2057 2220; baseline 0.003 -26"><span class='ocrx_word' id='word_1_264' title='bbox 403 2139 712 2213; x_wconf 78' lang='grc' dir='ltr'>ἀθεμίτους,</span> <span class='ocrx_word' id='word_1_265' title='bbox 748 2143 880 2215; x_wconf 78' lang='grc' dir='ltr'>ἀρᾶς</span> <span class='ocrx_word' id='word_1_266' title='bbox 919 2142 1120 2213; x_wconf 78' lang='grc' dir='ltr'>ἀξίους,</span> <span class='ocrx_word' id='word_1_267' title='bbox 1171 2142 1238 2198; x_wconf 69' lang='grc' dir='ltr'>τὰ</span> <span class='ocrx_word' id='word_1_268' title='bbox 1287 2140 1562 2198; x_wconf 77' lang='grc' dir='ltr'>δεινότατα</span> <span class='ocrx_word' id='word_1_269' title='bbox 1614 2143 1810 2206; x_wconf 71' lang='grc' dir='ltr'>αὐτοὺς</span> <span class='ocrx_word' id='word_1_270' title='bbox 1863 2145 2057 2220; x_wconf 78' lang='grc' dir='ltr'>ἐγγρά-</span> 
     </span>
    </p>
   </div>
   <div class='ocr_carea' id='block_1_39' title="bbox 403 2231 2054 2309">
    <p class='ocr_par' dir='ltr' id='par_1_39' title="bbox 403 2231 2054 2309">
     <span class='ocr_line' id='line_1_40' title="bbox 403 2231 2054 2309; baseline 0.003 -24"><span class='ocrx_word' id='word_1_271' title='bbox 403 2252 520 2308; x_wconf 87' lang='grc' dir='ltr'>φως</span> <span class='ocrx_word' id='word_1_272' title='bbox 549 2231 740 2288; x_wconf 83' lang='grc' dir='ltr'>εἰπών.</span> <span class='ocrx_word' id='word_1_273' title='bbox 774 2232 1059 2303; x_wconf 87' lang='grc' dir='ltr'>Κεκίνηται</span> <span class='ocrx_word' id='word_1_274' title='bbox 1091 2233 1194 2309; x_wconf 73' lang='grc' dir='ltr'>γὰρ</span> <span class='ocrx_word' id='word_1_275' title='bbox 1226 2234 1412 2309; x_wconf 83' lang='grc' dir='ltr'>νεκρὸν</span> <span class='ocrx_word' id='word_1_276' title='bbox 1450 2235 1706 2304; x_wconf 83' lang='grc' dir='ltr'>ἀκηκοὼς</span> <span class='ocrx_word' id='word_1_277' title='bbox 1749 2233 2054 2308; x_wconf 74' lang='grc' dir='ltr'>ἄνθρωπον,</span> 
     </span>
    </p>
   </div>
   <div class='ocr_carea' id='block_1_40' title="bbox 399 2320 2054 2400">
    <p class='ocr_par' dir='ltr' id='par_1_40' title="bbox 399 2320 2054 2400">
     <span class='ocr_line' id='line_1_41' title="bbox 399 2320 2054 2400; baseline 0.002 -25"><span class='ocrx_word' id='word_1_278' title='bbox 399 2320 460 2382; x_wconf 78' lang='grc' dir='ltr'>ὃς</span> <span class='ocrx_word' id='word_1_279' title='bbox 493 2320 543 2375; x_wconf 81' lang='grc' dir='ltr'>ἐν</span> <span class='ocrx_word' id='word_1_280' title='bbox 591 2325 710 2383; x_wconf 87' lang='grc' dir='ltr'>τοῖς</span> <span class='ocrx_word' id='word_1_281' title='bbox 771 2326 930 2390; x_wconf 83' lang='grc' dir='ltr'>ζῶσιν</span> <span class='ocrx_word' id='word_1_282' title='bbox 985 2325 1074 2392; x_wconf 76' lang='grc' dir='ltr'>ἦν·</span> <span class='ocrx_word' id='word_1_283' title='bbox 1131 2322 1409 2392; x_wconf 83' lang='grc' dir='ltr'>κεκίνηται</span> <span class='ocrx_word' id='word_1_284' title='bbox 1462 2322 1619 2400; x_wconf 84' lang='grc' dir='ltr'>φόνον</span> <span class='ocrx_word' id='word_1_285' title='bbox 1682 2323 1912 2386; x_wconf 74' lang='grc' dir='ltr'>ἀκούσας</span> <span class='ocrx_word' id='word_1_286' title='bbox 1968 2325 2054 2380; x_wconf 80' lang='grc' dir='ltr'>έπὶ</span> 
     </span>
    </p>
   </div>
   <div class='ocr_carea' id='block_1_41' title="bbox 401 2407 2052 2488">
    <p class='ocr_par' dir='ltr' id='par_1_41' title="bbox 401 2407 2052 2488">
     <span class='ocr_line' id='line_1_42' title="bbox 401 2407 2052 2488; baseline 0.004 -25"><span class='ocrx_word' id='word_1_287' title='bbox 401 2413 578 2482; x_wconf 80' lang='grc' dir='ltr'>ζῶντι,</span> <span class='ocrx_word' id='word_1_288' title='bbox 612 2409 821 2464; x_wconf 77' lang='grc' dir='ltr'>καὶτοῦ</span> <span class='ocrx_word' id='word_1_289' title='bbox 848 2410 968 2486; x_wconf 87' lang='grc' dir='ltr'>βίου</span> <span class='ocrx_word' id='word_1_290' title='bbox 1001 2413 1076 2485; x_wconf 76' lang='grc' dir='ltr'>μὴ</span> <span class='ocrx_word' id='word_1_291' title='bbox 1129 2407 1462 2488; x_wconf 77' lang='grc' dir='ltr'>στερηθέντι,</span> <span class='ocrx_word' id='word_1_292' title='bbox 1505 2412 1592 2468; x_wconf 83' lang='grc' dir='ltr'>καὶ</span> <span class='ocrx_word' id='word_1_293' title='bbox 1624 2414 1722 2482; x_wconf 70' lang='grc' dir='ltr'>τὴν</span> <span class='ocrx_word' id='word_1_294' title='bbox 1758 2412 2052 2484; x_wconf 70' lang='grc' dir='ltr'>ἐπιστολὴν</span> 
     </span>
    </p>
   </div>
   <div class='ocr_carea' id='block_1_42' title="bbox 398 2497 809 2574">
    <p class='ocr_par' dir='ltr' id='par_1_42' title="bbox 398 2497 809 2574">
     <span class='ocr_line' id='line_1_43' title="bbox 398 2497 809 2574; baseline -0.002 -19"><span class='ocrx_word' id='word_1_295' title='bbox 398 2497 809 2574; x_wconf 88' lang='grc' dir='ltr'>ἀπεστείλαμεν.</span> 
     </span>
    </p>
   </div>
   <div class='ocr_carea' id='block_1_43' title="bbox 471 2764 2051 2846">
    <p class='ocr_par' dir='ltr' id='par_1_43' title="bbox 471 2764 2051 2846">
     <span class='ocr_line' id='line_1_44' title="bbox 471 2764 2051 2846; baseline 0 -19"><span class='ocrx_word' id='word_1_296' title='bbox 471 2772 555 2826; x_wconf 92' lang='grc'>10.</span> <span class='ocrx_word' id='word_1_297' title='bbox 589 2770 654 2823; x_wconf 77' lang='grc' dir='ltr'>Οἳ</span> <span class='ocrx_word' id='word_1_298' title='bbox 683 2765 740 2824; x_wconf 77' lang='grc' dir='ltr'>δὲ</span> <span class='ocrx_word' id='word_1_299' title='bbox 770 2769 894 2846; x_wconf 81' lang='grc' dir='ltr'>περὶ</span> <span class='ocrx_word' id='word_1_300' title='bbox 927 2764 1181 2825; x_wconf 78' lang='grc' dir='ltr'>Εὑσέϐιον</span> <span class='ocrx_word' id='word_1_301' title='bbox 1232 2770 1284 2824; x_wconf 68' lang='grc' dir='ltr'>οἱ</span> <span class='ocrx_word' id='word_1_302' title='bbox 1324 2770 1644 2844; x_wconf 78' lang='grc' dir='ltr'>θαυμαστοὶ,</span> <span class='ocrx_word' id='word_1_303' title='bbox 1691 2769 1782 2826; x_wconf 66' lang='grc' dir='ltr'>’ίνα</span> <span class='ocrx_word' id='word_1_304' title='bbox 1832 2772 1921 2826; x_wconf 87' lang='grc' dir='ltr'>καὶ</span> <span class='ocrx_word' id='word_1_305' title='bbox 1951 2774 2051 2843; x_wconf 73' lang='grc' dir='ltr'>τὴν</span> 
     </span>
    </p>
   </div>
   <div class='ocr_carea' id='block_1_44' title="bbox 395 2857 2052 2936">
    <p class='ocr_par' dir='ltr' id='par_1_44' title="bbox 395 2857 2052 2936">
     <span class='ocr_line' id='line_1_45' title="bbox 395 2857 2052 2936; baseline 0.001 -22"><span class='ocrx_word' id='word_1_306' title='bbox 395 2858 655 2930; x_wconf 79' lang='grc' dir='ltr'>ἀλήθειαν</span> <span class='ocrx_word' id='word_1_307' title='bbox 688 2859 777 2914; x_wconf 79' lang='grc' dir='ltr'>καὶ</span> <span class='ocrx_word' id='word_1_308' title='bbox 807 2861 874 2914; x_wconf 71' lang='grc' dir='ltr'>τὰ</span> <span class='ocrx_word' id='word_1_309' title='bbox 902 2860 1173 2936; x_wconf 73' lang='grc' dir='ltr'>γραφέντα</span> <span class='ocrx_word' id='word_1_310' title='bbox 1218 2857 1366 2914; x_wconf 75' lang='grc' dir='ltr'>λύειν</span> <span class='ocrx_word' id='word_1_311' title='bbox 1420 2857 1667 2930; x_wconf 79' lang='grc' dir='ltr'>δόξωσιν,</span> <span class='ocrx_word' id='word_1_312' title='bbox 1721 2861 1897 2935; x_wconf 76' lang='grc' dir='ltr'>ἄνομα</span> <span class='ocrx_word' id='word_1_313' title='bbox 1929 2884 2052 2916; x_wconf 88' lang='grc' dir='ltr'>συν-</span> 
     </span>
    </p>
   </div>
   <div class='ocr_carea' id='block_1_45' title="bbox 399 2943 2056 3027">
    <p class='ocr_par' dir='ltr' id='par_1_45' title="bbox 399 2943 2056 3027">
     <span class='ocr_line' id='line_1_46' title="bbox 399 2943 2056 3027; baseline 0.002 -24"><span class='ocrx_word' id='word_1_314' title='bbox 399 2946 527 3003; x_wconf 85' lang='grc' dir='ltr'>όδου</span> <span class='ocrx_word' id='word_1_315' title='bbox 557 2948 1009 3026; x_wconf 83' lang='grc' dir='ltr'>σχηματίζονται,</span> <span class='ocrx_word' id='word_1_316' title='bbox 1060 2949 1149 3004; x_wconf 81' lang='grc' dir='ltr'>καὶ</span> <span class='ocrx_word' id='word_1_317' title='bbox 1201 2949 1262 3003; x_wconf 89' lang='grc' dir='ltr'>τὸ</span> <span class='ocrx_word' id='word_1_318' title='bbox 1315 2943 1473 3024; x_wconf 73' lang='grc' dir='ltr'>ἔργον</span> <span class='ocrx_word' id='word_1_319' title='bbox 1526 2951 1693 3020; x_wconf 78' lang='grc' dir='ltr'>αὑτῆς</span> <span class='ocrx_word' id='word_1_320' title='bbox 1726 2952 1870 3027; x_wconf 81' lang='grc' dir='ltr'>παρᾶ</span> <span class='ocrx_word' id='word_1_321' title='bbox 1905 2954 2056 3027; x_wconf 83' lang='grc' dir='ltr'>βασι-</span> 
     </span>
    </p>
   </div>
   <div class='ocr_carea' id='block_1_46' title="bbox 398 3033 2053 3116">
    <p class='ocr_par' dir='ltr' id='par_1_46' title="bbox 398 3033 2053 3116">
     <span class='ocr_line' id='line_1_47' title="bbox 398 3033 2053 3116; baseline 0.001 -23"><span class='ocrx_word' id='word_1_322' title='bbox 398 3037 540 3100; x_wconf 87' lang='grc' dir='ltr'>λέως</span> <span class='ocrx_word' id='word_1_323' title='bbox 568 3033 930 3110; x_wconf 75' lang='grc' dir='ltr'>λαμϐάνουσι.</span> <span class='ocrx_word' id='word_1_324' title='bbox 964 3037 1061 3092; x_wconf 82' lang='grc' dir='ltr'>Καὶ</span> <span class='ocrx_word' id='word_1_325' title='bbox 1091 3035 1274 3110; x_wconf 82' lang='grc' dir='ltr'>κόμης</span> <span class='ocrx_word' id='word_1_326' title='bbox 1325 3037 1412 3092; x_wconf 83' lang='grc' dir='ltr'>ἐπὶ</span> <span class='ocrx_word' id='word_1_327' title='bbox 1454 3039 1634 3112; x_wconf 70' lang='grc' dir='ltr'>τούτῳ</span> <span class='ocrx_word' id='word_1_328' title='bbox 1663 3039 1752 3093; x_wconf 86' lang='grc' dir='ltr'>καὶ</span> <span class='ocrx_word' id='word_1_329' title='bbox 1795 3046 2053 3116; x_wconf 85' lang='grc' dir='ltr'>στρατιῶ-</span> 
     </span>
    </p>
   </div>
   <div class='ocr_carea' id='block_1_47' title="bbox 393 3122 2054 3203">
    <p class='ocr_par' dir='ltr' id='par_1_47' title="bbox 393 3122 2054 3203">
     <span class='ocr_line' id='line_1_48' title="bbox 393 3122 2054 3203; baseline 0.003 -25"><span class='ocrx_word' id='word_1_330' title='bbox 393 3144 481 3179; x_wconf 90' lang='grc' dir='ltr'>ται</span> <span class='ocrx_word' id='word_1_331' title='bbox 515 3122 808 3199; x_wconf 81' lang='grc' dir='ltr'>δορυφόροι</span> <span class='ocrx_word' id='word_1_332' title='bbox 840 3129 948 3178; x_wconf 80' lang='grc' dir='ltr'>τῶν</span> <span class='ocrx_word' id='word_1_333' title='bbox 982 3123 1313 3195; x_wconf 84' lang='grc' dir='ltr'>ἐπισκόπων,</span> <span class='ocrx_word' id='word_1_334' title='bbox 1345 3125 1433 3180; x_wconf 78' lang='grc' dir='ltr'>καὶ</span> <span class='ocrx_word' id='word_1_335' title='bbox 1470 3125 1726 3202; x_wconf 78' lang='grc' dir='ltr'>βασιλικᾶ</span> <span class='ocrx_word' id='word_1_336' title='bbox 1755 3127 2054 3203; x_wconf 76' lang='grc' dir='ltr'>γράμματα</span> 
     </span>
    </p>
   </div>
   <div class='ocr_carea' id='block_1_48' title="bbox 381 3211 2049 3289">
    <p class='ocr_par' dir='ltr' id='par_1_48' title="bbox 381 3211 2049 3289">
     <span class='ocr_line' id='line_1_49' title="bbox 381 3211 2049 3289; baseline 0.004 -23"><span class='ocrx_word' id='word_1_337' title='bbox 381 3211 657 3268; x_wconf 86' lang='grc' dir='ltr'>συνελθεῖν</span> <span class='ocrx_word' id='word_1_338' title='bbox 684 3259 697 3283; x_wconf 94' lang='grc'>,</span> <span class='ocrx_word' id='word_1_339' title='bbox 746 3212 845 3274; x_wconf 75' lang='grc' dir='ltr'>οὓς</span> <span class='ocrx_word' id='word_1_340' title='bbox 892 3211 1100 3287; x_wconf 71' lang='grc' dir='ltr'>ᾔτησαν</span> <span class='ocrx_word' id='word_1_341' title='bbox 1153 3212 1590 3289; x_wconf 80' lang='grc' dir='ltr'>έπαναγκάζοντα</span> <span class='ocrx_word' id='word_1_342' title='bbox 1624 3259 1636 3271; x_wconf 93' lang='grc'><strong>.</strong></span> <span class='ocrx_word' id='word_1_343' title='bbox 1687 3217 1939 3271; x_wconf 84' lang='grc' dir='ltr'>Ἐνταῦοα</span> <span class='ocrx_word' id='word_1_344' title='bbox 1985 3219 2049 3272; x_wconf 86' lang='grc' dir='ltr'>τὸ</span> 
     </span>
    </p>
   </div>
   <div class='ocr_carea' id='block_1_49' title="bbox 382 3287 2124 3377">
    <p class='ocr_par' dir='ltr' id='par_1_49' title="bbox 382 3287 2124 3377">
     <span class='ocr_line' id='line_1_50' title="bbox 382 3287 2124 3377; baseline 0.003 -21"><span class='ocrx_word' id='word_1_345' title='bbox 382 3298 684 3377; x_wconf 80' lang='grc' dir='ltr'>παράδοξον</span> <span class='ocrx_word' id='word_1_346' title='bbox 716 3307 818 3370; x_wconf 78' lang='grc' dir='ltr'>τῆς</span> <span class='ocrx_word' id='word_1_347' title='bbox 865 3296 1166 3370; x_wconf 75' lang='grc' dir='ltr'>ἐπιϐουλῆς</span> <span class='ocrx_word' id='word_1_348' title='bbox 1215 3287 1390 3356; x_wconf 68' lang='grc' dir='ltr'>αὐτῶν</span> <span class='ocrx_word' id='word_1_349' title='bbox 1427 3302 1788 3375; x_wconf 66' lang='grc' dir='ltr'>ἐνθυμήθητε,</span> <span class='ocrx_word' id='word_1_350' title='bbox 1825 3306 1914 3360; x_wconf 76' lang='grc' dir='ltr'>καὶ</span> <span class='ocrx_word' id='word_1_351' title='bbox 1946 3307 2044 3375; x_wconf 74' lang='grc' dir='ltr'>τήν</span> <span class='ocrx_word' id='word_1_352' title='bbox 2082 3287 2124 3355; x_wconf 80' lang='lat' dir='ltr'>C</span> 
     </span>
    </p>
   </div>
   <div class='ocr_carea' id='block_1_50' title="bbox 383 3388 2047 3465">
    <p class='ocr_par' dir='ltr' id='par_1_50' title="bbox 383 3388 2047 3465">
     <span class='ocr_line' id='line_1_51' title="bbox 383 3388 2047 3465; baseline 0.004 -21"><span class='ocrx_word' id='word_1_353' title='bbox 383 3388 702 3462; x_wconf 81' lang='grc' dir='ltr'>ἀνωμαλίαν</span> <span class='ocrx_word' id='word_1_354' title='bbox 731 3393 840 3443; x_wconf 81' lang='grc' dir='ltr'>τῶν</span> <span class='ocrx_word' id='word_1_355' title='bbox 871 3389 1254 3462; x_wconf 72' lang='grc' dir='ltr'>τολμωμένων</span> <span class='ocrx_word' id='word_1_356' title='bbox 1303 3391 1511 3460; x_wconf 84' lang='grc' dir='ltr'>αὑτοῖς,</span> <span class='ocrx_word' id='word_1_357' title='bbox 1559 3390 1650 3445; x_wconf 48' lang='grc' dir='ltr'>(ίνα</span> <span class='ocrx_word' id='word_1_358' title='bbox 1682 3393 1799 3447; x_wconf 82' lang='grc' dir='ltr'>ὅθεν</span> <span class='ocrx_word' id='word_1_359' title='bbox 1843 3391 2047 3465; x_wconf 73' lang='grc' dir='ltr'>δήποτε</span> 
     </span>
    </p>
   </div>
   <div class='ocr_carea' id='block_1_51' title="bbox 376 3475 2044 3557">
    <p class='ocr_par' dir='ltr' id='par_1_51' title="bbox 376 3475 2044 3557">
     <span class='ocr_line' id='line_1_52' title="bbox 376 3475 2044 3557; baseline 0.004 -25"><span class='ocrx_word' id='word_1_360' title='bbox 376 3475 538 3532; x_wconf 83' lang='grc' dir='ltr'>παντὶ</span> <span class='ocrx_word' id='word_1_361' title='bbox 567 3476 756 3553; x_wconf 85' lang='grc' dir='ltr'>τρόπῳ</span> <span class='ocrx_word' id='word_1_362' title='bbox 785 3484 875 3532; x_wconf 87' lang='grc' dir='ltr'>τον</span> <span class='ocrx_word' id='word_1_363' title='bbox 937 3475 1219 3554; x_wconf 78' lang='grc' dir='ltr'>ἄνθρωπον</span> <span class='ocrx_word' id='word_1_364' title='bbox 1283 3479 1334 3550; x_wconf 80' lang='grc' dir='ltr'>ἐξ</span> <span class='ocrx_word' id='word_1_365' title='bbox 1391 3482 1552 3553; x_wconf 80' lang='grc' dir='ltr'>ἡμῶν</span> <span class='ocrx_word' id='word_1_366' title='bbox 1606 3481 1940 3557; x_wconf 79' lang='grc' dir='ltr'>ἁρπάσωσιν,</span> <span class='ocrx_word' id='word_1_367' title='bbox 1983 3485 2044 3539; x_wconf 82' lang='grc' dir='ltr'>Εἰ</span> 
     </span>
    </p>
   </div>
   <div class='ocr_carea' id='block_1_52' title="bbox 382 3564 2043 3646">
    <p class='ocr_par' dir='ltr' id='par_1_52' title="bbox 382 3564 2043 3646">
     <span class='ocr_line' id='line_1_53' title="bbox 382 3564 2043 3646; baseline 0.005 -27"><span class='ocrx_word' id='word_1_368' title='bbox 382 3567 476 3638; x_wconf 74' lang='grc' dir='ltr'>μὲν</span> <span class='ocrx_word' id='word_1_369' title='bbox 536 3565 639 3641; x_wconf 79' lang='grc' dir='ltr'>γὰρ</span> <span class='ocrx_word' id='word_1_370' title='bbox 700 3564 990 3643; x_wconf 81' lang='grc' dir='ltr'>ἐπέτρεπον</span> <span class='ocrx_word' id='word_1_371' title='bbox 1052 3567 1266 3630; x_wconf 72' lang='grc' dir='ltr'>ἑαυτοῖς</span> <span class='ocrx_word' id='word_1_372' title='bbox 1321 3570 1421 3638; x_wconf 73' lang='grc' dir='ltr'>τὴν</span> <span class='ocrx_word' id='word_1_373' title='bbox 1480 3568 1653 3646; x_wconf 86' lang='grc' dir='ltr'>κρίσιν</span> <span class='ocrx_word' id='word_1_374' title='bbox 1719 3571 1907 3644; x_wconf 88' lang='grc' dir='ltr'>μόνοις</span> <span class='ocrx_word' id='word_1_375' title='bbox 1967 3574 2043 3636; x_wconf 87' lang='grc' dir='ltr'>ὡς</span> 
     </span>
    </p>
   </div>
   <div class='ocr_carea' id='block_1_53' title="bbox 377 3653 2040 3737">
    <p class='ocr_par' dir='ltr' id='par_1_53' title="bbox 377 3653 2040 3737">
     <span class='ocr_line' id='line_1_54' title="bbox 377 3653 2040 3737; baseline 0.004 -28"><span class='ocrx_word' id='word_1_376' title='bbox 377 3653 682 3727; x_wconf 78' lang='grc' dir='ltr'>ἐπίσκοποι,</span> <span class='ocrx_word' id='word_1_377' title='bbox 741 3655 824 3717; x_wconf 89' lang='grc' dir='ltr'>τίς</span> <span class='ocrx_word' id='word_1_378' title='bbox 873 3655 1120 3730; x_wconf 87' lang='grc' dir='ltr'>κόμητος</span> <span class='ocrx_word' id='word_1_379' title='bbox 1180 3657 1268 3711; x_wconf 77' lang='grc' dir='ltr'>καὶ</span> <span class='ocrx_word' id='word_1_380' title='bbox 1326 3664 1670 3733; x_wconf 77' lang='grc' dir='ltr'>στρατιωτῶν</span> <span class='ocrx_word' id='word_1_381' title='bbox 1731 3661 1947 3737; x_wconf 85' lang='grc' dir='ltr'>χρεία;</span> <span class='ocrx_word' id='word_1_382' title='bbox 2004 3663 2040 3732; x_wconf 70' lang='grc' dir='ltr'>ἢ</span> 
     </span>
    </p>
   </div>
   <div class='ocr_carea' id='block_1_54' title="bbox 374 3742 2043 3828">
    <p class='ocr_par' dir='ltr' id='par_1_54' title="bbox 374 3742 2043 3828">
     <span class='ocr_line' id='line_1_55' title="bbox 374 3742 2043 3828; baseline 0.004 -29"><span class='ocrx_word' id='word_1_383' title='bbox 374 3749 497 3806; x_wconf 81' lang='grc' dir='ltr'>πῶς</span> <span class='ocrx_word' id='word_1_384' title='bbox 523 3745 627 3800; x_wconf 83' lang='grc' dir='ltr'>ὑπὸ</span> <span class='ocrx_word' id='word_1_385' title='bbox 663 3742 971 3821; x_wconf 82' lang='grc' dir='ltr'>βασιλικοῖς</span> <span class='ocrx_word' id='word_1_386' title='bbox 1018 3747 1316 3822; x_wconf 78' lang='grc' dir='ltr'>συνήγοντο</span> <span class='ocrx_word' id='word_1_387' title='bbox 1366 3747 1681 3822; x_wconf 76' lang='grc' dir='ltr'>γράμμαςιν</span> <span class='ocrx_word' id='word_1_388' title='bbox 1714 3769 1727 3819; x_wconf 90' lang='grc'><strong>;</strong></span> <span class='ocrx_word' id='word_1_389' title='bbox 1764 3751 1826 3804; x_wconf 80' lang='grc' dir='ltr'>Εἰ</span> <span class='ocrx_word' id='word_1_390' title='bbox 1861 3749 1916 3806; x_wconf 74' lang='grc' dir='ltr'>δὲ</span> <span class='ocrx_word' id='word_1_391' title='bbox 1951 3753 2043 3828; x_wconf 86' lang='grc' dir='ltr'>βα-</span> 
     </span>
    </p>
   </div>
   <div class='ocr_carea' id='block_1_55' title="bbox 376 3831 2037 3914">
    <p class='ocr_par' dir='ltr' id='par_1_55' title="bbox 376 3831 2037 3914">
     <span class='ocr_line' id='line_1_56' title="bbox 376 3831 2037 3914; baseline 0.004 -26"><span class='ocrx_word' id='word_1_392' title='bbox 376 3832 575 3896; x_wconf 89' lang='grc' dir='ltr'>σιλέως</span> <span class='ocrx_word' id='word_1_393' title='bbox 608 3831 842 3907; x_wconf 81' lang='grc' dir='ltr'>ἐδέοντο,</span> <span class='ocrx_word' id='word_1_394' title='bbox 875 3834 965 3889; x_wconf 84' lang='grc' dir='ltr'>καὶ</span> <span class='ocrx_word' id='word_1_395' title='bbox 996 3841 1122 3911; x_wconf 86' lang='grc' dir='ltr'>παρ’</span> <span class='ocrx_word' id='word_1_396' title='bbox 1143 3835 1308 3890; x_wconf 76' lang='grc' dir='ltr'>αὑτοῦ</span> <span class='ocrx_word' id='word_1_397' title='bbox 1333 3835 1395 3890; x_wconf 87' lang='grc' dir='ltr'>τὸ</span> <span class='ocrx_word' id='word_1_398' title='bbox 1425 3841 1590 3913; x_wconf 73' lang='grc' dir='ltr'>κῦρος</span> <span class='ocrx_word' id='word_1_399' title='bbox 1625 3833 1770 3914; x_wconf 77' lang='grc' dir='ltr'>ἔχειν</span> <span class='ocrx_word' id='word_1_400' title='bbox 1812 3837 2037 3910; x_wconf 72' lang='grc' dir='ltr'>ἤθελον,</span> 
     </span>
    </p>
   </div>
   <div class='ocr_carea' id='block_1_56' title="bbox 378 3920 2038 4001">
    <p class='ocr_par' dir='ltr' id='par_1_56' title="bbox 378 3920 2038 4001">
     <span class='ocr_line' id='line_1_57' title="bbox 378 3920 2038 4001; baseline 0.004 -24"><span class='ocrx_word' id='word_1_401' title='bbox 378 3920 468 3977; x_wconf 76' lang='grc' dir='ltr'>διὰ</span> <span class='ocrx_word' id='word_1_402' title='bbox 512 3921 565 3978; x_wconf 91' lang='grc' dir='ltr'>τί</span> <span class='ocrx_word' id='word_1_403' title='bbox 610 3924 710 3993; x_wconf 76' lang='grc' dir='ltr'>τὴν</span> <span class='ocrx_word' id='word_1_404' title='bbox 761 3923 935 3998; x_wconf 88' lang='grc' dir='ltr'>κρίσιν</span> <span class='ocrx_word' id='word_1_405' title='bbox 982 3924 1147 3978; x_wconf 76' lang='grc' dir='ltr'>αὑτοῦ</span> <span class='ocrx_word' id='word_1_406' title='bbox 1196 3924 1469 4001; x_wconf 88' lang='grc' dir='ltr'>παρέλυον</span> <span class='ocrx_word' id='word_1_407' title='bbox 1505 3945 1516 3995; x_wconf 90' lang='grc'>;</span> <span class='ocrx_word' id='word_1_408' title='bbox 1552 3928 1620 3982; x_wconf 87' lang='grc' dir='ltr'>Ἢ</span> <span class='ocrx_word' id='word_1_409' title='bbox 1663 3932 1781 3990; x_wconf 81' lang='grc' dir='ltr'>πῶς</span> <span class='ocrx_word' id='word_1_410' title='bbox 1833 3928 2038 3984; x_wconf 82' lang='grc' dir='ltr'>ἐκείνου</span> 
     </span>
    </p>
   </div>
   <div class='ocr_carea' id='block_1_57' title="bbox 374 4010 2034 4093">
    <p class='ocr_par' dir='ltr' id='par_1_57' title="bbox 374 4010 2034 4093">
     <span class='ocr_line' id='line_1_58' title="bbox 374 4010 2034 4093; baseline 0.004 -27"><span class='ocrx_word' id='word_1_411' title='bbox 374 4010 502 4074; x_wconf 77' lang='grc' dir='ltr'>τοὺς</span> <span class='ocrx_word' id='word_1_412' title='bbox 549 4012 644 4085; x_wconf 72' lang='grc' dir='ltr'>μὲν</span> <span class='ocrx_word' id='word_1_413' title='bbox 689 4011 1050 4075; x_wconf 80' lang='grc' dir='ltr'>Μελιτιανοὺς</span> <span class='ocrx_word' id='word_1_414' title='bbox 1100 4016 1458 4093; x_wconf 78' lang='grc' dir='ltr'>συκοφάντας,</span> <span class='ocrx_word' id='word_1_415' title='bbox 1511 4016 1824 4090; x_wconf 84' lang='grc' dir='ltr'>ἀθεμίτους,</span> <span class='ocrx_word' id='word_1_416' title='bbox 1876 4019 2034 4074; x_wconf 76' lang='grc' dir='ltr'>Ἀθα-</span> 
     </span>
    </p>
   </div>
   <div class='ocr_carea' id='block_1_58' title="bbox 374 4098 2035 4183">
    <p class='ocr_par' dir='ltr' id='par_1_58' title="bbox 374 4098 2035 4183">
     <span class='ocr_line' id='line_1_59' title="bbox 374 4098 2035 4183; baseline 0.005 -28"><span class='ocrx_word' id='word_1_417' title='bbox 374 4099 552 4155; x_wconf 82' lang='grc' dir='ltr'>νσὶσιον</span> <span class='ocrx_word' id='word_1_418' title='bbox 607 4098 666 4156; x_wconf 75' lang='grc' dir='ltr'>δὲ</span> <span class='ocrx_word' id='word_1_419' title='bbox 713 4102 1096 4178; x_wconf 81' lang='grc' dir='ltr'>καθαρώτατον</span> <span class='ocrx_word' id='word_1_420' title='bbox 1132 4101 1202 4158; x_wconf 90' lang='grc' dir='ltr'>δι’</span> <span class='ocrx_word' id='word_1_421' title='bbox 1245 4105 1320 4159; x_wconf 81' lang='grc' dir='ltr'>ὧν</span> <span class='ocrx_word' id='word_1_422' title='bbox 1373 4103 1578 4182; x_wconf 81' lang='grc' dir='ltr'>ἔγραψε</span> <span class='ocrx_word' id='word_1_423' title='bbox 1608 4106 1910 4183; x_wconf 89' lang='grc' dir='ltr'>κρίναντος,</span> <span class='ocrx_word' id='word_1_424' title='bbox 1945 4109 2035 4163; x_wconf 83' lang='grc' dir='ltr'>καὶ</span> 
     </span>
    </p>
   </div>
   <div class='ocr_carea' id='block_1_59' title="bbox 373 4189 2036 4268">
    <p class='ocr_par' dir='ltr' id='par_1_59' title="bbox 373 4189 2036 4268">
     <span class='ocr_line' id='line_1_60' title="bbox 373 4189 2036 4268; baseline 0.005 -24"><span class='ocrx_word' id='word_1_425' title='bbox 373 4190 465 4246; x_wconf 82' lang='grc' dir='ltr'>τὸν</span> <span class='ocrx_word' id='word_1_426' title='bbox 525 4189 687 4268; x_wconf 84' lang='grc' dir='ltr'>φόνον</span> <span class='ocrx_word' id='word_1_427' title='bbox 750 4189 1227 4266; x_wconf 74' lang='grc' dir='ltr'>ἐκτραγερδοῦντος</span> <span class='ocrx_word' id='word_1_428' title='bbox 1284 4195 1376 4248; x_wconf 89' lang='grc' dir='ltr'>τὸν</span> <span class='ocrx_word' id='word_1_429' title='bbox 1445 4194 1532 4249; x_wconf 81' lang='grc' dir='ltr'>έπὶ</span> <span class='ocrx_word' id='word_1_430' title='bbox 1590 4201 1668 4268; x_wconf 78' lang='grc' dir='ltr'>τῷ</span> <span class='ocrx_word' id='word_1_431' title='bbox 1729 4202 1886 4265; x_wconf 73' lang='grc' dir='ltr'>ζῶντι</span> <span class='ocrx_word' id='word_1_432' title='bbox 1943 4219 2036 4252; x_wconf 91' lang='grc' dir='ltr'>πε-</span> 
     </span>
    </p>
   </div>
   <div class='ocr_carea' id='block_1_60' title="bbox 375 4277 2030 4357">
    <p class='ocr_par' dir='ltr' id='par_1_60' title="bbox 375 4277 2030 4357">
     <span class='ocr_line' id='line_1_61' title="bbox 375 4277 2030 4357; baseline 0.005 -24"><span class='ocrx_word' id='word_1_433' title='bbox 375 4278 705 4352; x_wconf 88' lang='grc' dir='ltr'>πλασμένον,</span> <span class='ocrx_word' id='word_1_434' title='bbox 740 4277 890 4334; x_wconf 74' lang='grc' dir='ltr'>οὗτοι</span> <span class='ocrx_word' id='word_1_435' title='bbox 918 4280 1007 4335; x_wconf 79' lang='grc' dir='ltr'>καὶ</span> <span class='ocrx_word' id='word_1_436' title='bbox 1041 4281 1399 4345; x_wconf 73' lang='grc' dir='ltr'>Μελιτιανοῦς</span> <span class='ocrx_word' id='word_1_437' title='bbox 1449 4282 1756 4357; x_wconf 74' lang='grc' dir='ltr'>ἀληθεύειν,</span> <span class='ocrx_word' id='word_1_438' title='bbox 1788 4286 2030 4341; x_wconf 82' lang='grc' dir='ltr'>κάκεῖνον</span> 
     </span>
    </p>
   </div>
   <div class='ocr_carea' id='block_1_61' title="bbox 377 4365 2030 4446">
    <p class='ocr_par' dir='ltr' id='par_1_61' title="bbox 377 4365 2030 4446">
     <span class='ocr_line' id='line_1_62' title="bbox 377 4365 2030 4446; baseline 0.003 -24"><span class='ocrx_word' id='word_1_439' title='bbox 377 4367 672 4423; x_wconf 80' lang='grc' dir='ltr'>ὑπεύθυνον</span> <span class='ocrx_word' id='word_1_440' title='bbox 723 4367 858 4423; x_wconf 74' lang='grc' dir='ltr'>εἶναι</span> <span class='ocrx_word' id='word_1_441' title='bbox 889 4365 1209 4444; x_wconf 86' lang='grc' dir='ltr'>διωρίζοντο</span> <span class='ocrx_word' id='word_1_442' title='bbox 1243 4389 1258 4438; x_wconf 90' lang='grc'>;</span> <span class='ocrx_word' id='word_1_443' title='bbox 1293 4370 1382 4424; x_wconf 79' lang='grc' dir='ltr'>καὶ</span> <span class='ocrx_word' id='word_1_444' title='bbox 1421 4373 1495 4444; x_wconf 78' lang='grc' dir='ltr'>μὴ</span> <span class='ocrx_word' id='word_1_445' title='bbox 1550 4371 1888 4446; x_wconf 77' lang='grc' dir='ltr'>αἰδούμενοι,</span> <span class='ocrx_word' id='word_1_446' title='bbox 1941 4377 2030 4429; x_wconf 80' lang='grc' dir='ltr'>τὸν</span> 
     </span>
    </p>
   </div>
   <div class='ocr_carea' id='block_1_62' title="bbox 379 4457 2030 4539">
    <p class='ocr_par' dir='ltr' id='par_1_62' title="bbox 379 4457 2030 4539">
     <span class='ocr_line' id='line_1_63' title="bbox 379 4457 2030 4539; baseline 0.004 -27"><span class='ocrx_word' id='word_1_447' title='bbox 379 4459 554 4526; x_wconf 78' lang='grc' dir='ltr'>ζῶντα</span> <span class='ocrx_word' id='word_1_448' title='bbox 581 4457 768 4534; x_wconf 87' lang='grc' dir='ltr'>νεκρὸν</span> <span class='ocrx_word' id='word_1_449' title='bbox 831 4457 1048 4512; x_wconf 81' lang='grc' dir='ltr'>έποίουν</span> <span class='ocrx_word' id='word_1_450' title='bbox 1087 4477 1100 4527; x_wconf 90' lang='grc'><strong>;</strong></span> <span class='ocrx_word' id='word_1_451' title='bbox 1137 4462 1313 4527; x_wconf 80' lang='grc' dir='ltr'>ζῶντα</span> <span class='ocrx_word' id='word_1_452' title='bbox 1368 4459 1456 4513; x_wconf 80' lang='grc' dir='ltr'>καὶ</span> <span class='ocrx_word' id='word_1_453' title='bbox 1521 4463 1652 4531; x_wconf 72' lang='grc' dir='ltr'>μετὰ</span> <span class='ocrx_word' id='word_1_454' title='bbox 1705 4463 1805 4532; x_wconf 79' lang='grc' dir='ltr'>τήν</span> <span class='ocrx_word' id='word_1_455' title='bbox 1855 4464 2030 4539; x_wconf 86' lang='grc' dir='ltr'>κρίσιν</span> 
     </span>
    </p>
   </div>
   <div class='ocr_carea' id='block_1_63' title="bbox 370 4545 2028 4626">
    <p class='ocr_par' dir='ltr' id='par_1_63' title="bbox 370 4545 2028 4626">
     <span class='ocr_line' id='line_1_64' title="bbox 370 4545 2028 4626; baseline 0.004 -26"><span class='ocrx_word' id='word_1_456' title='bbox 370 4549 470 4600; x_wconf 73' lang='grc' dir='ltr'>τοῖ’)</span> <span class='ocrx_word' id='word_1_457' title='bbox 527 4545 820 4621; x_wconf 87' lang='grc' dir='ltr'>βασιλέως,</span> <span class='ocrx_word' id='word_1_458' title='bbox 869 4547 958 4602; x_wconf 82' lang='grc' dir='ltr'>καὶ</span> <span class='ocrx_word' id='word_1_459' title='bbox 1019 4545 1108 4601; x_wconf 80' lang='grc' dir='ltr'>ὅτε</span> <span class='ocrx_word' id='word_1_460' title='bbox 1164 4547 1445 4620; x_wconf 75' lang='grc' dir='ltr'>συνῄεσαν,</span> <span class='ocrx_word' id='word_1_461' title='bbox 1493 4549 1582 4603; x_wconf 86' lang='grc' dir='ltr'>καὶ</span> <span class='ocrx_word' id='word_1_462' title='bbox 1642 4548 1774 4626; x_wconf 78' lang='grc' dir='ltr'>ἄχρι</span> <span class='ocrx_word' id='word_1_463' title='bbox 1813 4557 1903 4606; x_wconf 76' lang='grc' dir='ltr'>νῦν</span> <span class='ocrx_word' id='word_1_464' title='bbox 1938 4552 2028 4606; x_wconf 72' lang='grc' dir='ltr'>σὺν</span> 
     </span>
    </p>
   </div>
   <div class='ocr_carea' id='block_1_64' title="bbox 372 4629 1510 4713">
    <p class='ocr_par' dir='ltr' id='par_1_64' title="bbox 372 4629 1510 4713">
     <span class='ocr_line' id='line_1_65' title="bbox 372 4629 1510 4713; baseline 0.004 -25"><span class='ocrx_word' id='word_1_465' title='bbox 372 4636 518 4707; x_wconf 79' lang='grc' dir='ltr'>ἡμῖν</span> <span class='ocrx_word' id='word_1_466' title='bbox 543 4629 692 4692; x_wconf 74' lang='grc' dir='ltr'>ὅντα.</span> <span class='ocrx_word' id='word_1_467' title='bbox 723 4639 898 4691; x_wconf 75' lang='grc' dir='ltr'>Ταῦτα</span> <span class='ocrx_word' id='word_1_468' title='bbox 929 4637 1024 4708; x_wconf 72' lang='grc' dir='ltr'>μὲν</span> <span class='ocrx_word' id='word_1_469' title='bbox 1054 4638 1178 4712; x_wconf 86' lang='grc' dir='ltr'>περί</span> <span class='ocrx_word' id='word_1_470' title='bbox 1213 4637 1510 4713; x_wconf 87' lang='grc' dir='ltr'>Ἀρσενίου.</span> 
     </span>
    </p>
   </div>
   <div class='ocr_carea' id='block_1_65' title="bbox 455 4812 2029 4894">
    <p class='ocr_par' dir='ltr' id='par_1_65' title="bbox 455 4812 2029 4894">
     <span class='ocr_line' id='line_1_66' title="bbox 455 4812 2029 4894; baseline 0.003 -25"><span class='ocrx_word' id='word_1_471' title='bbox 455 4815 541 4870; x_wconf 89' lang='grc'>11.</span> <span class='ocrx_word' id='word_1_472' title='bbox 576 4815 847 4890; x_wconf 78' lang='grc' dir='ltr'>Ποτήριον</span> <span class='ocrx_word' id='word_1_473' title='bbox 881 4812 941 4869; x_wconf 78' lang='grc' dir='ltr'>δὲ</span> <span class='ocrx_word' id='word_1_474' title='bbox 988 4813 1269 4888; x_wconf 72' lang='grc' dir='ltr'>μυστικὸν,</span> <span class='ocrx_word' id='word_1_475' title='bbox 1316 4821 1497 4890; x_wconf 87' lang='grc' dir='ltr'>ποῖον,</span> <span class='ocrx_word' id='word_1_476' title='bbox 1549 4817 1583 4886; x_wconf 70' lang='grc' dir='ltr'><strong>ἢ</strong></span> <span class='ocrx_word' id='word_1_477' title='bbox 1633 4821 1738 4872; x_wconf 78' lang='grc' dir='ltr'>ποῦ</span> <span class='ocrx_word' id='word_1_478' title='bbox 1775 4820 2029 4894; x_wconf 74' lang='grc' dir='ltr'>κατεαγὶν</span> 
     </span>
    </p>
   </div>
   <div class='ocr_carea' id='block_1_66' title="bbox 375 4903 2032 4983">
    <p class='ocr_par' dir='ltr' id='par_1_66' title="bbox 375 4903 2032 4983">
     <span class='ocr_line' id='line_1_67' title="bbox 375 4903 2032 4983; baseline 0.004 -26"><span class='ocrx_word' id='word_1_479' title='bbox 375 4903 524 4978; x_wconf 86' lang='grc' dir='ltr'>παρὰ</span> <span class='ocrx_word' id='word_1_480' title='bbox 569 4903 848 4979; x_wconf 83' lang='grc' dir='ltr'>Μακαρίου</span> <span class='ocrx_word' id='word_1_481' title='bbox 881 4922 894 4974; x_wconf 89' lang='grc'><strong>;</strong></span> <span class='ocrx_word' id='word_1_482' title='bbox 925 4908 1086 4960; x_wconf 79' lang='grc' dir='ltr'>τοῦτο</span> <span class='ocrx_word' id='word_1_483' title='bbox 1135 4907 1239 4982; x_wconf 77' lang='grc' dir='ltr'>γὰρ</span> <span class='ocrx_word' id='word_1_484' title='bbox 1285 4905 1395 4960; x_wconf 80' lang='grc' dir='ltr'>ἄνω</span> <span class='ocrx_word' id='word_1_485' title='bbox 1451 4907 1540 4961; x_wconf 77' lang='grc' dir='ltr'>καὶ</span> <span class='ocrx_word' id='word_1_486' title='bbox 1590 4906 1737 4961; x_wconf 77' lang='grc' dir='ltr'>κάτω</span> <span class='ocrx_word' id='word_1_487' title='bbox 1793 4908 2032 4983; x_wconf 85' lang='grc' dir='ltr'>περιιόν-</span> 
     </span>
    </p>
   </div>
   <div class='ocr_carea' id='block_1_67' title="bbox 373 4991 2030 5068">
    <p class='ocr_par' dir='ltr' id='par_1_67' title="bbox 373 4991 2030 5068">
     <span class='ocr_line' id='line_1_68' title="bbox 373 4991 2030 5068; baseline 0.005 -24"><span class='ocrx_word' id='word_1_488' title='bbox 373 5010 465 5053; x_wconf 92' lang='grc' dir='ltr'>τες</span> <span class='ocrx_word' id='word_1_489' title='bbox 516 4991 797 5067; x_wconf 82' lang='grc' dir='ltr'>θρυλοῦσι.</span> <span class='ocrx_word' id='word_1_490' title='bbox 847 4992 1032 5047; x_wconf 87' lang='grc' dir='ltr'>Καίτοι</span> <span class='ocrx_word' id='word_1_491' title='bbox 1092 4994 1403 5050; x_wconf 87' lang='grc' dir='ltr'>Ἀθανάσιον</span> <span class='ocrx_word' id='word_1_492' title='bbox 1469 4997 1562 5068; x_wconf 73' lang='grc' dir='ltr'>μὲν</span> <span class='ocrx_word' id='word_1_493' title='bbox 1623 4995 1753 5050; x_wconf 76' lang='grc' dir='ltr'>οὑδὲ</span> <span class='ocrx_word' id='word_1_494' title='bbox 1810 4998 1866 5051; x_wconf 74' lang='grc' dir='ltr'>οἱ</span> <span class='ocrx_word' id='word_1_495' title='bbox 1904 5019 2030 5052; x_wconf 90' lang='grc' dir='ltr'>κατ-</span> 
     </span>
    </p>
   </div>
   <div class='ocr_carea' id='block_1_68' title="bbox 375 5079 2028 5161">
    <p class='ocr_par' dir='ltr' id='par_1_68' title="bbox 375 5079 2028 5161">
     <span class='ocr_line' id='line_1_69' title="bbox 375 5079 2028 5161; baseline 0.004 -27"><span class='ocrx_word' id='word_1_496' title='bbox 375 5080 574 5156; x_wconf 77' lang='grc' dir='ltr'>ήγοροι</span> <span class='ocrx_word' id='word_1_497' title='bbox 605 5079 1012 5155; x_wconf 75' lang='grc' dir='ltr'>τετολμήκασιν</span> <span class='ocrx_word' id='word_1_498' title='bbox 1067 5081 1421 5155; x_wconf 81' lang='grc' dir='ltr'>αἰτιάσασθαι,</span> <span class='ocrx_word' id='word_1_499' title='bbox 1469 5085 1514 5140; x_wconf 78' lang='grc' dir='ltr'>εἰ</span> <span class='ocrx_word' id='word_1_500' title='bbox 1566 5087 1641 5158; x_wconf 79' lang='grc' dir='ltr'>μή</span> <span class='ocrx_word' id='word_1_501' title='bbox 1691 5087 1818 5161; x_wconf 89' lang='grc' dir='ltr'>παρ’</span> <span class='ocrx_word' id='word_1_502' title='bbox 1856 5087 2028 5141; x_wconf 74' lang='grc' dir='ltr'>αὑτῶν</span> 
     </span>
    </p>
   </div>
   <div class='ocr_carea' id='block_1_69' title="bbox 377 5166 2032 5250">
    <p class='ocr_par' dir='ltr' id='par_1_69' title="bbox 377 5166 2032 5250">
     <span class='ocr_line' id='line_1_70' title="bbox 377 5166 2032 5250; baseline 0.005 -26"><span class='ocrx_word' id='word_1_503' title='bbox 377 5166 788 5241; x_wconf 74' lang='grc' dir='ltr'>ὑπεϐλήθησαν·</span> <span class='ocrx_word' id='word_1_504' title='bbox 823 5169 950 5226; x_wconf 86' lang='grc' dir='ltr'>ἀλλ’</span> <span class='ocrx_word' id='word_1_505' title='bbox 979 5169 1134 5244; x_wconf 79' lang='grc' dir='ltr'>ὅμως</span> <span class='ocrx_word' id='word_1_506' title='bbox 1169 5172 1324 5227; x_wconf 84' lang='grc' dir='ltr'>αὑτοὶ</span> <span class='ocrx_word' id='word_1_507' title='bbox 1352 5173 1416 5228; x_wconf 89' lang='grc' dir='ltr'>τὸ</span> <span class='ocrx_word' id='word_1_508' title='bbox 1444 5173 1603 5237; x_wconf 87' lang='grc' dir='ltr'>τέλος</span> <span class='ocrx_word' id='word_1_509' title='bbox 1632 5181 1733 5245; x_wconf 79' lang='grc' dir='ltr'>τῆς</span> <span class='ocrx_word' id='word_1_510' title='bbox 1771 5176 2032 5250; x_wconf 76' lang='grc' dir='ltr'>μέμψεως</span> 
     </span>
    </p>
   </div>
   <div class='ocr_carea' id='block_1_70' title="bbox 448 5383 2029 5462">
    <p class='ocr_par' dir='ltr' id='par_1_70' title="bbox 448 5383 2029 5462">
     <span class='ocr_line' id='line_1_71' title="bbox 448 5383 2029 5462; baseline 0.004 -23"><span class='ocrx_word' id='word_1_511' title='bbox 448 5383 562 5462; x_wconf 51' lang='lat' dir='ltr'>(ﬁt)</span> <span class='ocrx_word' id='word_1_512' title='bbox 591 5384 1130 5462; x_wconf 74' lang='lat' dir='ltr'>Episcopinumero</span> <span class='ocrx_word' id='word_1_513' title='bbox 1160 5385 1422 5462; x_wconf 79' lang='lat' dir='ltr'>quinque</span> <span class='ocrx_word' id='word_1_514' title='bbox 1451 5388 1604 5462; x_wconf 86' lang='lat' dir='ltr'>infra</span> <span class='ocrx_word' id='word_1_515' title='bbox 1628 5391 2029 5462; x_wconf 88' lang='lat' dir='ltr'>nominantur,</span> 
     </span>
    </p>
   </div>
   <div class='ocr_carea' id='block_1_71' title="bbox 381 5455 2028 5527">
    <p class='ocr_par' dir='ltr' id='par_1_71' title="bbox 381 5455 2028 5527">
     <span class='ocr_line' id='line_1_72' title="bbox 381 5455 2028 5527; baseline 0.004 -18"><span class='ocrx_word' id='word_1_516' title='bbox 381 5455 482 5527; x_wconf 89' lang='lat' dir='ltr'>qui</span> <span class='ocrx_word' id='word_1_517' title='bbox 512 5455 881 5512; x_wconf 81' lang='lat' dir='ltr'>Constantini</span> <span class='ocrx_word' id='word_1_518' title='bbox 931 5457 992 5513; x_wconf 90' lang='lat' dir='ltr'>in</span> <span class='ocrx_word' id='word_1_519' title='bbox 1041 5455 1422 5513; x_wconf 79' lang='lat' dir='ltr'>Athanasium</span> <span class='ocrx_word' id='word_1_520' title='bbox 1481 5459 1583 5516; x_wconf 79' lang='lat' dir='ltr'>irae</span> <span class='ocrx_word' id='word_1_521' title='bbox 1640 5466 1818 5517; x_wconf 81' lang='lat' dir='ltr'>testes</span> <span class='ocrx_word' id='word_1_522' title='bbox 1849 5455 2028 5518; x_wconf 50' lang='lat' dir='ltr'>fuere:</span> 
     </span>
    </p>
   </div>
   <div class='ocr_carea' id='block_1_72' title="bbox 375 5527 2033 5655">
    <p class='ocr_par' dir='ltr' id='par_1_72' title="bbox 375 5527 2033 5655">
     <span class='ocr_line' id='line_1_73' title="bbox 375 5527 2033 5655; baseline 0.005 -74"><span class='ocrx_word' id='word_1_523' title='bbox 375 5527 786 5655; x_wconf 47' lang='lat' dir='ltr'>gdtamantius,</span> <span class='ocrx_word' id='word_1_524' title='bbox 809 5529 1101 5602; x_wconf 84' lang='lat' dir='ltr'>Anubion,</span> <span class='ocrx_word' id='word_1_525' title='bbox 1127 5528 1580 5601; x_wconf 86' lang='lat' dir='ltr'>Agathommon.</span> <span class='ocrx_word' id='word_1_526' title='bbox 1609 5533 1949 5602; x_wconf 87' lang='lat' dir='ltr'>Arbethion,</span> <span class='ocrx_word' id='word_1_527' title='bbox 1975 5539 2033 5589; x_wconf 91' lang='lat' dir='ltr'>et</span> 
     </span>
     <span class='ocr_line' id='line_1_74' title="bbox 423 5614 605 5654; baseline 0.005 -1"><span class='ocrx_word' id='word_1_528' title='bbox 423 5614 453 5653; x_wconf 92' lang='lat' dir='ltr'>e</span> <span class='ocrx_word' id='word_1_529' title='bbox 484 5615 605 5654; x_wconf 89' lang='lat' dir='ltr'>rus.</span> 
     </span>
    </p>
   </div>
   <div class='ocr_carea' id='block_1_73' title="bbox 452 5641 2026 5814">
    <p class='ocr_par' dir='ltr' id='par_1_73' title="bbox 452 5641 2026 5814">
     <span class='ocr_line' id='line_1_75' title="bbox 452 5641 2026 5814; baseline 0.003 -90"><span class='ocrx_word' id='word_1_530' title='bbox 452 5641 711 5814; x_wconf 42' lang='lat' dir='ltr'>{iiiéic</span> <span class='ocrx_word' id='word_1_531' title='bbox 763 5671 902 5746; x_wconf 84' lang='lat' dir='ltr'>Reg.</span> <span class='ocrx_word' id='word_1_532' title='bbox 961 5675 1020 5727; x_wconf 91' lang='lat' dir='ltr'>et</span> <span class='ocrx_word' id='word_1_533' title='bbox 1076 5670 1251 5728; x_wconf 90' lang='lat' dir='ltr'>Basil.</span> <span class='ocrx_word' id='word_1_534' title='bbox 1309 5671 1482 5738; x_wconf 80' lang='lat' dir='ltr'>Editi,</span> <span class='ocrx_word' id='word_1_535' title='bbox 1541 5691 1674 5730; x_wconf 93' lang='lat' dir='ltr'>vero</span> <span class='ocrx_word' id='word_1_536' title='bbox 1723 5676 2026 5748; x_wconf 85' lang='grc' dir='ltr'>γεκένηται.</span> 
     </span>
     <span class='ocr_line' id='line_1_76' title="bbox 479 5742 2026 5814; baseline 0.003 -18"><span class='ocrx_word' id='word_1_537' title='bbox 479 5742 570 5813; x_wconf 87' lang='grc'>13)</span> <span class='ocrx_word' id='word_1_538' title='bbox 585 5745 673 5800; x_wconf 87' lang='lat' dir='ltr'>Ita</span> <span class='ocrx_word' id='word_1_539' title='bbox 685 5742 826 5814; x_wconf 83' lang='lat' dir='ltr'>Reg.</span> <span class='ocrx_word' id='word_1_540' title='bbox 846 5759 1024 5814; x_wconf 89' lang='lat' dir='ltr'>quem</span> <span class='ocrx_word' id='word_1_541' title='bbox 1045 5745 1372 5814; x_wconf 86' lang='lat' dir='ltr'>sequimur.</span> <span class='ocrx_word' id='word_1_542' title='bbox 1385 5744 1496 5802; x_wconf 90' lang='lat' dir='ltr'>Alii</span> <span class='ocrx_word' id='word_1_543' title='bbox 1514 5762 1649 5802; x_wconf 92' lang='lat' dir='ltr'>cum</span> <span class='ocrx_word' id='word_1_544' title='bbox 1661 5747 1867 5814; x_wconf 89' lang='lat' dir='ltr'>Editis,</span> <span class='ocrx_word' id='word_1_545' title='bbox 1883 5747 1911 5800; x_wconf 87' lang='grc' dir='ltr'>ὁ</span> <span class='ocrx_word' id='word_1_546' title='bbox 1938 5746 2026 5814; x_wconf 73' lang='grc' dir='ltr'>μὲν</span> 
     </span>
    </p>
   </div>
   <div class='ocr_carea' id='block_1_74' title="bbox 479 5742 2031 5820">
    <p class='ocr_par' dir='ltr' id='par_1_74' title="bbox 479 5742 2031 5820">
     <span class='ocr_line' id='line_1_77' title="bbox 479 5742 2031 5820; baseline 0.003 -24"><span class='ocrx_word' id='word_1_547' title='bbox 479 5742 570 5813; x_wconf 87' lang='grc'>13)</span> <span class='ocrx_word' id='word_1_548' title='bbox 585 5745 673 5800; x_wconf 87' lang='lat' dir='ltr'>Ita</span> <span class='ocrx_word' id='word_1_549' title='bbox 685 5742 826 5817; x_wconf 83' lang='lat' dir='ltr'>Reg.</span> <span class='ocrx_word' id='word_1_550' title='bbox 846 5742 1024 5817; x_wconf 77' lang='lat' dir='ltr'>quem</span> <span class='ocrx_word' id='word_1_551' title='bbox 1045 5745 1372 5819; x_wconf 86' lang='lat' dir='ltr'>sequimur.</span> <span class='ocrx_word' id='word_1_552' title='bbox 1385 5744 1496 5802; x_wconf 90' lang='lat' dir='ltr'>Alii</span> <span class='ocrx_word' id='word_1_553' title='bbox 1514 5762 1649 5802; x_wconf 92' lang='lat' dir='ltr'>cum</span> <span class='ocrx_word' id='word_1_554' title='bbox 1661 5742 1867 5818; x_wconf 77' lang='lat' dir='ltr'>Editis,</span> <span class='ocrx_word' id='word_1_555' title='bbox 1883 5742 1911 5800; x_wconf 79' lang='grc' dir='ltr'><em>ὅ</em></span> <span class='ocrx_word' id='word_1_556' title='bbox 1938 5746 2031 5820; x_wconf 72' lang='grc' dir='ltr'>μὲν</span> 
     </span>
    </p>
   </div>
   <div class='ocr_carea' id='block_1_75' title="bbox 2175 1968 3840 2042">
    <p class='ocr_par' dir='ltr' id='par_1_75' title="bbox 2175 1968 3840 2042">
     <span class='ocr_line' id='line_1_78' title="bbox 2175 1968 3840 2042; baseline 0 -20"><span class='ocrx_word' id='word_1_557' title='bbox 2175 1973 2278 2023; x_wconf 91' lang='lat' dir='ltr'>ret.</span> <span class='ocrx_word' id='word_1_558' title='bbox 2314 1969 2442 2025; x_wconf 60' lang='lat' dir='ltr'>Hac</span> <span class='ocrx_word' id='word_1_559' title='bbox 2474 1971 2657 2042; x_wconf 86' lang='lat' dir='ltr'>igitur</span> <span class='ocrx_word' id='word_1_560' title='bbox 2704 1969 2842 2024; x_wconf 86' lang='lat' dir='ltr'>solis</span> <span class='ocrx_word' id='word_1_561' title='bbox 2904 1986 3110 2024; x_wconf 89' lang='lat' dir='ltr'>eorum</span> <span class='ocrx_word' id='word_1_562' title='bbox 3142 1968 3455 2024; x_wconf 88' lang='lat' dir='ltr'>calumniis</span> <span class='ocrx_word' id='word_1_563' title='bbox 3488 1968 3840 2025; x_wconf 87' lang='lat' dir='ltr'>ascribenda</span> 
     </span>
    </p>
   </div>
   <div class='ocr_carea' id='block_1_76' title="bbox 2174 2057 3836 2131">
    <p class='ocr_par' dir='ltr' id='par_1_76' title="bbox 2174 2057 3836 2131">
     <span class='ocr_line' id='line_1_79' title="bbox 2174 2057 3836 2131; baseline 0 -19"><span class='ocrx_word' id='word_1_564' title='bbox 2174 2062 2334 2113; x_wconf 88' lang='lat' dir='ltr'>sunt.</span> <span class='ocrx_word' id='word_1_565' title='bbox 2372 2061 2697 2131; x_wconf 88' lang='lat' dir='ltr'>Imperator</span> <span class='ocrx_word' id='word_1_566' title='bbox 2755 2059 3048 2130; x_wconf 89' lang='lat' dir='ltr'>siquidem</span> <span class='ocrx_word' id='word_1_567' title='bbox 3095 2059 3391 2130; x_wconf 89' lang='lat' dir='ltr'>prioribus</span> <span class='ocrx_word' id='word_1_568' title='bbox 3441 2057 3676 2130; x_wconf 88' lang='lat' dir='ltr'>scriptis</span> <span class='ocrx_word' id='word_1_569' title='bbox 3708 2058 3836 2112; x_wconf 89' lang='lat' dir='ltr'>suis</span> 
     </span>
    </p>
   </div>
   <div class='ocr_carea' id='block_1_77' title="bbox 2171 2147 3832 2220">
    <p class='ocr_par' dir='ltr' id='par_1_77' title="bbox 2171 2147 3832 2220">
     <span class='ocr_line' id='line_1_80' title="bbox 2171 2147 3832 2220; baseline 0 -18"><span class='ocrx_word' id='word_1_570' title='bbox 2171 2164 2372 2203; x_wconf 90' lang='lat' dir='ltr'>eorum</span> <span class='ocrx_word' id='word_1_571' title='bbox 2388 2149 2718 2204; x_wconf 89' lang='lat' dir='ltr'>calumnias</span> <span class='ocrx_word' id='word_1_572' title='bbox 2739 2149 3058 2220; x_wconf 85' lang='lat' dir='ltr'>redarguit,</span> <span class='ocrx_word' id='word_1_573' title='bbox 3085 2147 3333 2203; x_wconf 88' lang='lat' dir='ltr'>insidias</span> <span class='ocrx_word' id='word_1_574' title='bbox 3350 2147 3700 2202; x_wconf 89' lang='lat' dir='ltr'>criminatus</span> <span class='ocrx_word' id='word_1_575' title='bbox 3721 2150 3832 2213; x_wconf 85' lang='lat' dir='ltr'>est,</span> 
     </span>
    </p>
   </div>
   <div class='ocr_carea' id='block_1_78' title="bbox 2169 2235 3829 2310">
    <p class='ocr_par' dir='ltr' id='par_1_78' title="bbox 2169 2235 3829 2310">
     <span class='ocr_line' id='line_1_81' title="bbox 2169 2235 3829 2310; baseline -0.001 -19"><span class='ocrx_word' id='word_1_576' title='bbox 2169 2237 2630 2310; x_wconf 90' lang='lat' dir='ltr'>Meletianosque</span> <span class='ocrx_word' id='word_1_577' title='bbox 2646 2237 3123 2308; x_wconf 87' lang='lat' dir='ltr'>damnavit,quos</span> <span class='ocrx_word' id='word_1_578' title='bbox 3142 2235 3415 2303; x_wconf 87' lang='lat' dir='ltr'>nefarios,</span> <span class='ocrx_word' id='word_1_579' title='bbox 3439 2235 3829 2292; x_wconf 85' lang='lat' dir='ltr'>exsecrandos</span> 
     </span>
    </p>
   </div>
   <div class='ocr_carea' id='block_1_79' title="bbox 2167 2324 3825 2398">
    <p class='ocr_par' dir='ltr' id='par_1_79' title="bbox 2167 2324 3825 2398">
     <span class='ocr_line' id='line_1_82' title="bbox 2167 2324 3825 2398; baseline -0.001 -16"><span class='ocrx_word' id='word_1_580' title='bbox 2167 2330 2224 2382; x_wconf 88' lang='lat' dir='ltr'>et</span> <span class='ocrx_word' id='word_1_581' title='bbox 2254 2327 2620 2398; x_wconf 85' lang='lat' dir='ltr'>gravissimis</span> <span class='ocrx_word' id='word_1_582' title='bbox 2645 2327 2758 2382; x_wconf 91' lang='lat' dir='ltr'>illis</span> <span class='ocrx_word' id='word_1_583' title='bbox 2789 2326 3150 2396; x_wconf 84' lang='lat' dir='ltr'>nominibus,</span> <span class='ocrx_word' id='word_1_584' title='bbox 3180 2325 3388 2380; x_wconf 86' lang='lat' dir='ltr'>litteris</span> <span class='ocrx_word' id='word_1_585' title='bbox 3410 2326 3533 2381; x_wconf 89' lang='lat' dir='ltr'>suis</span> <span class='ocrx_word' id='word_1_586' title='bbox 3561 2324 3825 2396; x_wconf 88' lang='lat' dir='ltr'>appella-</span> 
     </span>
    </p>
   </div>
   <div class='ocr_carea' id='block_1_80' title="bbox 2167 2414 3820 2489">
    <p class='ocr_par' dir='ltr' id='par_1_80' title="bbox 2167 2414 3820 2489">
     <span class='ocr_line' id='line_1_83' title="bbox 2167 2414 3820 2489; baseline -0.001 -19"><span class='ocrx_word' id='word_1_587' title='bbox 2167 2415 2301 2472; x_wconf 89' lang='lat' dir='ltr'>bat:</span> <span class='ocrx_word' id='word_1_588' title='bbox 2327 2417 2567 2489; x_wconf 85' lang='lat' dir='ltr'>indigne</span> <span class='ocrx_word' id='word_1_589' title='bbox 2581 2417 2798 2489; x_wconf 89' lang='lat' dir='ltr'>quippe</span> <span class='ocrx_word' id='word_1_590' title='bbox 2811 2415 2944 2470; x_wconf 87' lang='lat' dir='ltr'>tulit</span> <span class='ocrx_word' id='word_1_591' title='bbox 2961 2415 3066 2470; x_wconf 89' lang='lat' dir='ltr'>viri</span> <span class='ocrx_word' id='word_1_592' title='bbox 3081 2431 3280 2470; x_wconf 91' lang='lat' dir='ltr'>necem</span> <span class='ocrx_word' id='word_1_593' title='bbox 3296 2415 3584 2485; x_wconf 90' lang='lat' dir='ltr'>objectam</span> <span class='ocrx_word' id='word_1_594' title='bbox 3606 2414 3820 2485; x_wconf 85' lang='lat' dir='ltr'>fuisse,</span> 
     </span>
    </p>
   </div>
   <div class='ocr_carea' id='block_1_81' title="bbox 2166 2502 3810 2576">
    <p class='ocr_par' dir='ltr' id='par_1_81' title="bbox 2166 2502 3810 2576">
     <span class='ocr_line' id='line_1_84' title="bbox 2166 2502 3810 2576; baseline -0.002 -16"><span class='ocrx_word' id='word_1_595' title='bbox 2166 2505 2267 2575; x_wconf 90' lang='lat' dir='ltr'>qui</span> <span class='ocrx_word' id='word_1_596' title='bbox 2295 2505 2357 2560; x_wconf 93' lang='lat' dir='ltr'>in</span> <span class='ocrx_word' id='word_1_597' title='bbox 2385 2506 2530 2560; x_wconf 90' lang='lat' dir='ltr'>vivis</span> <span class='ocrx_word' id='word_1_598' title='bbox 2561 2509 2736 2574; x_wconf 89' lang='lat' dir='ltr'>esset,</span> <span class='ocrx_word' id='word_1_599' title='bbox 2770 2502 3683 2576; x_wconf 88' lang='lat' dir='ltr'>commotusqueethomieidium</span> <span class='ocrx_word' id='word_1_600' title='bbox 3705 2518 3810 2557; x_wconf 89' lang='lat' dir='ltr'>au-</span> 
     </span>
    </p>
   </div>
   <div class='ocr_carea' id='block_1_82' title="bbox 2165 2591 3814 2666">
    <p class='ocr_par' dir='ltr' id='par_1_82' title="bbox 2165 2591 3814 2666">
     <span class='ocr_line' id='line_1_85' title="bbox 2165 2591 3814 2666; baseline -0.002 -17"><span class='ocrx_word' id='word_1_601' title='bbox 2165 2595 2333 2650; x_wconf 90' lang='lat' dir='ltr'>diens</span> <span class='ocrx_word' id='word_1_602' title='bbox 2367 2596 2495 2665; x_wconf 88' lang='lat' dir='ltr'>ejus</span> <span class='ocrx_word' id='word_1_603' title='bbox 2552 2595 2653 2666; x_wconf 92' lang='lat' dir='ltr'>qui</span> <span class='ocrx_word' id='word_1_604' title='bbox 2714 2595 2950 2664; x_wconf 85' lang='lat' dir='ltr'>viveret,</span> <span class='ocrx_word' id='word_1_605' title='bbox 3004 2597 3062 2649; x_wconf 89' lang='lat' dir='ltr'>et</span> <span class='ocrx_word' id='word_1_606' title='bbox 3119 2596 3417 2665; x_wconf 89' lang='lat' dir='ltr'>superstes</span> <span class='ocrx_word' id='word_1_607' title='bbox 3447 2595 3604 2648; x_wconf 89' lang='lat' dir='ltr'>esset</span> <span class='ocrx_word' id='word_1_608' title='bbox 3643 2591 3814 2662; x_wconf 89' lang='lat' dir='ltr'>cujus</span> 
     </span>
    </p>
   </div>
   <div class='ocr_carea' id='block_1_83' title="bbox 2164 2683 3028 2756">
    <p class='ocr_par' dir='ltr' id='par_1_83' title="bbox 2164 2683 3028 2756">
     <span class='ocr_line' id='line_1_86' title="bbox 2164 2683 3028 2756; baseline -0.001 -17"><span class='ocrx_word' id='word_1_609' title='bbox 2164 2684 2473 2756; x_wconf 88' lang='lat' dir='ltr'>epistolam</span> <span class='ocrx_word' id='word_1_610' title='bbox 2506 2685 2577 2740; x_wconf 91' lang='lat' dir='ltr'>ad</span> <span class='ocrx_word' id='word_1_611' title='bbox 2607 2701 2710 2740; x_wconf 89' lang='lat' dir='ltr'>vos</span> <span class='ocrx_word' id='word_1_612' title='bbox 2733 2683 3028 2739; x_wconf 91' lang='lat' dir='ltr'>misimus.</span> 
     </span>
    </p>
   </div>
   <div class='ocr_carea' id='block_1_84' title="bbox 2238 2770 3819 2829">
    <p class='ocr_par' dir='ltr' id='par_1_84' title="bbox 2238 2770 3819 2829">
     <span class='ocr_line' id='line_1_87' title="bbox 2238 2770 3819 2829; baseline 0.001 -4"><span class='ocrx_word' id='word_1_613' title='bbox 2238 2774 2324 2828; x_wconf 84' lang='grc'>10.</span> <span class='ocrx_word' id='word_1_614' title='bbox 2357 2773 2674 2829; x_wconf 88' lang='lat' dir='ltr'>Eusebiani</span> <span class='ocrx_word' id='word_1_615' title='bbox 2709 2777 2901 2828; x_wconf 90' lang='lat' dir='ltr'>autem</span> <span class='ocrx_word' id='word_1_616' title='bbox 2922 2771 3253 2828; x_wconf 86' lang='lat' dir='ltr'>admirandi</span> <span class='ocrx_word' id='word_1_617' title='bbox 3283 2770 3366 2825; x_wconf 92' lang='lat' dir='ltr'>illi</span> <span class='ocrx_word' id='word_1_618' title='bbox 3397 2771 3505 2825; x_wconf 92' lang='lat' dir='ltr'>viri</span> <span class='ocrx_word' id='word_1_619' title='bbox 3536 2774 3603 2825; x_wconf 92' lang='lat' dir='ltr'>ut</span> <span class='ocrx_word' id='word_1_620' title='bbox 3631 2773 3688 2826; x_wconf 86' lang='lat' dir='ltr'>et</span> <span class='ocrx_word' id='word_1_621' title='bbox 3715 2786 3819 2826; x_wconf 89' lang='lat' dir='ltr'>ve-</span> 
     </span>
    </p>
   </div>
   <div class='ocr_carea' id='block_1_85' title="bbox 2165 2858 3820 2931">
    <p class='ocr_par' dir='ltr' id='par_1_85' title="bbox 2165 2858 3820 2931">
     <span class='ocr_line' id='line_1_88' title="bbox 2165 2858 3820 2931; baseline -0.002 -15"><span class='ocrx_word' id='word_1_622' title='bbox 2165 2862 2396 2917; x_wconf 90' lang='lat' dir='ltr'>ritatem</span> <span class='ocrx_word' id='word_1_623' title='bbox 2429 2867 2485 2917; x_wconf 89' lang='lat' dir='ltr'>et</span> <span class='ocrx_word' id='word_1_624' title='bbox 2512 2862 2739 2917; x_wconf 82' lang='lat' dir='ltr'>litteras</span> <span class='ocrx_word' id='word_1_625' title='bbox 2764 2860 2994 2917; x_wconf 89' lang='lat' dir='ltr'>abolere</span> <span class='ocrx_word' id='word_1_626' title='bbox 3022 2861 3352 2930; x_wconf 90' lang='lat' dir='ltr'>videantur,</span> <span class='ocrx_word' id='word_1_627' title='bbox 3376 2875 3590 2915; x_wconf 87' lang='lat' dir='ltr'>nomen</span> <span class='ocrx_word' id='word_1_628' title='bbox 3613 2858 3820 2931; x_wconf 80' lang='lat' dir='ltr'>synodi</span> 
     </span>
    </p>
   </div>
   <div class='ocr_carea' id='block_1_86' title="bbox 2163 2951 3818 3023">
    <p class='ocr_par' dir='ltr' id='par_1_86' title="bbox 2163 2951 3818 3023">
     <span class='ocr_line' id='line_1_89' title="bbox 2163 2951 3818 3023; baseline -0.002 -17"><span class='ocrx_word' id='word_1_629' title='bbox 2163 2956 2506 3023; x_wconf 74' lang='lat' dir='ltr'>prmtexunt,</span> <span class='ocrx_word' id='word_1_630' title='bbox 2554 2952 2798 3023; x_wconf 86' lang='lat' dir='ltr'>ejusque</span> <span class='ocrx_word' id='word_1_631' title='bbox 2819 2953 2961 3006; x_wconf 89' lang='lat' dir='ltr'>Acta</span> <span class='ocrx_word' id='word_1_632' title='bbox 2978 2951 3050 3006; x_wconf 92' lang='lat' dir='ltr'>ab</span> <span class='ocrx_word' id='word_1_633' title='bbox 3073 2951 3425 3021; x_wconf 87' lang='lat' dir='ltr'>imperatore</span> <span class='ocrx_word' id='word_1_634' title='bbox 3447 2952 3818 3005; x_wconf 87' lang='lat' dir='ltr'>mutuantur.</span> 
     </span>
    </p>
   </div>
   <div class='ocr_carea' id='block_1_87' title="bbox 2162 3038 3817 3112">
    <p class='ocr_par' dir='ltr' id='par_1_87' title="bbox 2162 3038 3817 3112">
     <span class='ocr_line' id='line_1_90' title="bbox 2162 3038 3817 3112; baseline -0.003 -16"><span class='ocrx_word' id='word_1_635' title='bbox 2162 3042 2246 3096; x_wconf 93' lang='lat' dir='ltr'>Ad</span> <span class='ocrx_word' id='word_1_636' title='bbox 2280 3041 2389 3096; x_wconf 92' lang='lat' dir='ltr'>hoc</span> <span class='ocrx_word' id='word_1_637' title='bbox 2420 3041 2635 3112; x_wconf 85' lang='lat' dir='ltr'>negotii</span> <span class='ocrx_word' id='word_1_638' title='bbox 2671 3056 2866 3096; x_wconf 92' lang='lat' dir='ltr'>comes</span> <span class='ocrx_word' id='word_1_639' title='bbox 2894 3040 3112 3106; x_wconf 91' lang='lat' dir='ltr'>aderat,</span> <span class='ocrx_word' id='word_1_640' title='bbox 3153 3038 3490 3110; x_wconf 89' lang='lat' dir='ltr'>militesque</span> <span class='ocrx_word' id='word_1_641' title='bbox 3515 3038 3817 3110; x_wconf 89' lang='lat' dir='ltr'>episcopo-</span> 
     </span>
    </p>
   </div>
   <div class='ocr_carea' id='block_1_88' title="bbox 2162 3125 3817 3200">
    <p class='ocr_par' dir='ltr' id='par_1_88' title="bbox 2162 3125 3817 3200">
     <span class='ocr_line' id='line_1_91' title="bbox 2162 3125 3817 3200; baseline -0.004 -14"><span class='ocrx_word' id='word_1_642' title='bbox 2162 3148 2294 3185; x_wconf 90' lang='lat' dir='ltr'>rum</span> <span class='ocrx_word' id='word_1_643' title='bbox 2319 3129 2623 3196; x_wconf 87' lang='lat' dir='ltr'>satellites,</span> <span class='ocrx_word' id='word_1_644' title='bbox 2649 3133 2703 3184; x_wconf 89' lang='lat' dir='ltr'>et</span> <span class='ocrx_word' id='word_1_645' title='bbox 2725 3128 3111 3200; x_wconf 65' lang='lat' dir='ltr'>imperatoria:</span> <span class='ocrx_word' id='word_1_646' title='bbox 3133 3127 3358 3193; x_wconf 69' lang='lat' dir='ltr'>litterae,</span> <span class='ocrx_word' id='word_1_647' title='bbox 3383 3143 3510 3197; x_wconf 68' lang='lat' dir='ltr'>qum</span> <span class='ocrx_word' id='word_1_648' title='bbox 3533 3142 3680 3197; x_wconf 91' lang='lat' dir='ltr'>quos</span> <span class='ocrx_word' id='word_1_649' title='bbox 3701 3125 3817 3197; x_wconf 90' lang='lat' dir='ltr'>ipsi</span> 
     </span>
    </p>
   </div>
   <div class='ocr_carea' id='block_1_89' title="bbox 2163 3213 3812 3292">
    <p class='ocr_par' dir='ltr' id='par_1_89' title="bbox 2163 3213 3812 3292">
     <span class='ocr_line' id='line_1_92' title="bbox 2163 3213 3812 3292; baseline -0.004 -18"><span class='ocrx_word' id='word_1_650' title='bbox 2163 3219 2534 3292; x_wconf 87' lang='lat' dir='ltr'>postularant</span> <span class='ocrx_word' id='word_1_651' title='bbox 2555 3219 2694 3273; x_wconf 92' lang='lat' dir='ltr'>illuc</span> <span class='ocrx_word' id='word_1_652' title='bbox 2713 3217 3019 3273; x_wconf 90' lang='lat' dir='ltr'>convenire</span> <span class='ocrx_word' id='word_1_653' title='bbox 3042 3215 3474 3288; x_wconf 89' lang='lat' dir='ltr'>compellerent.</span> <span class='ocrx_word' id='word_1_654' title='bbox 3490 3215 3623 3270; x_wconf 87' lang='lat' dir='ltr'>Jam</span> <span class='ocrx_word' id='word_1_655' title='bbox 3643 3213 3812 3283; x_wconf 88' lang='lat' dir='ltr'>mihi,</span> 
     </span>
    </p>
   </div>
   <div class='ocr_carea' id='block_1_90' title="bbox 2163 3303 3818 3381">
    <p class='ocr_par' dir='ltr' id='par_1_90' title="bbox 2163 3303 3818 3381">
     <span class='ocr_line' id='line_1_93' title="bbox 2163 3303 3818 3381; baseline -0.003 -18"><span class='ocrx_word' id='word_1_656' title='bbox 2163 3327 2383 3381; x_wconf 67' lang='lat' dir='ltr'>quaeso,</span> <span class='ocrx_word' id='word_1_657' title='bbox 2415 3307 2787 3363; x_wconf 88' lang='lat' dir='ltr'>incredibiles</span> <span class='ocrx_word' id='word_1_658' title='bbox 2837 3323 3040 3362; x_wconf 89' lang='lat' dir='ltr'>eorum</span> <span class='ocrx_word' id='word_1_659' title='bbox 3093 3305 3339 3361; x_wconf 89' lang='lat' dir='ltr'>insidias</span> <span class='ocrx_word' id='word_1_660' title='bbox 3370 3303 3818 3374; x_wconf 84' lang='lat' dir='ltr'>facinorumque</span> 
     </span>
    </p>
   </div>
   <div class='ocr_carea' id='block_1_91' title="bbox 2157 3391 3814 3468">
    <p class='ocr_par' dir='ltr' id='par_1_91' title="bbox 2157 3391 3814 3468">
     <span class='ocr_line' id='line_1_94' title="bbox 2157 3391 3814 3468; baseline -0.003 -15"><span class='ocrx_word' id='word_1_661' title='bbox 2157 3397 2681 3468; x_wconf 69' lang='lat' dir='ltr'>inmquabilitatem</span> <span class='ocrx_word' id='word_1_662' title='bbox 2706 3393 3188 3461; x_wconf 89' lang='lat' dir='ltr'>animadvertite;</span> <span class='ocrx_word' id='word_1_663' title='bbox 3213 3397 3278 3448; x_wconf 91' lang='lat' dir='ltr'>ut</span> <span class='ocrx_word' id='word_1_664' title='bbox 3299 3391 3569 3464; x_wconf 87' lang='lat' dir='ltr'>quamvis</span> <span class='ocrx_word' id='word_1_665' title='bbox 3590 3392 3814 3448; x_wconf 88' lang='lat' dir='ltr'>ratione</span> 
     </span>
    </p>
   </div>
   <div class='ocr_carea' id='block_1_92' title="bbox 2156 3479 3810 3557">
    <p class='ocr_par' dir='ltr' id='par_1_92' title="bbox 2156 3479 3810 3557">
     <span class='ocr_line' id='line_1_95' title="bbox 2156 3479 3810 3557; baseline -0.004 -16"><span class='ocrx_word' id='word_1_666' title='bbox 2156 3487 2327 3543; x_wconf 91' lang='lat' dir='ltr'>nobis</span> <span class='ocrx_word' id='word_1_667' title='bbox 2349 3486 2646 3542; x_wconf 87' lang='lat' dir='ltr'>hominem</span> <span class='ocrx_word' id='word_1_668' title='bbox 2674 3501 2915 3557; x_wconf 88' lang='lat' dir='ltr'>prorsus</span> <span class='ocrx_word' id='word_1_669' title='bbox 2934 3483 3245 3554; x_wconf 88' lang='lat' dir='ltr'>abripiant.</span> <span class='ocrx_word' id='word_1_670' title='bbox 3265 3481 3321 3535; x_wconf 90' lang='lat' dir='ltr'>Si</span> <span class='ocrx_word' id='word_1_671' title='bbox 3343 3481 3497 3536; x_wconf 91' lang='lat' dir='ltr'>enim</span> <span class='ocrx_word' id='word_1_672' title='bbox 3521 3479 3633 3536; x_wconf 91' lang='lat' dir='ltr'>sibi</span> <span class='ocrx_word' id='word_1_673' title='bbox 3652 3481 3810 3535; x_wconf 90' lang='lat' dir='ltr'>dun-</span> 
     </span>
    </p>
   </div>
   <div class='ocr_carea' id='block_1_93' title="bbox 2154 3569 3806 3648">
    <p class='ocr_par' dir='ltr' id='par_1_93' title="bbox 2154 3569 3806 3648">
     <span class='ocr_line' id='line_1_96' title="bbox 2154 3569 3806 3648; baseline -0.003 -18"><span class='ocrx_word' id='word_1_674' title='bbox 2154 3580 2332 3641; x_wconf 85' lang='lat' dir='ltr'>taxat,</span> <span class='ocrx_word' id='word_1_675' title='bbox 2358 3580 2558 3648; x_wconf 88' lang='lat' dir='ltr'>utpote</span> <span class='ocrx_word' id='word_1_676' title='bbox 2582 3574 2869 3646; x_wconf 87' lang='lat' dir='ltr'>episcopis</span> <span class='ocrx_word' id='word_1_677' title='bbox 2888 3572 3182 3644; x_wconf 87' lang='lat' dir='ltr'>judicium</span> <span class='ocrx_word' id='word_1_678' title='bbox 3213 3569 3640 3642; x_wconf 88' lang='lat' dir='ltr'>permisissent,</span> <span class='ocrx_word' id='word_1_679' title='bbox 3666 3569 3806 3640; x_wconf 89' lang='lat' dir='ltr'>quid</span> 
     </span>
    </p>
   </div>
   <div class='ocr_carea' id='block_1_94' title="bbox 2153 3657 3807 3736">
    <p class='ocr_par' dir='ltr' id='par_1_94' title="bbox 2153 3657 3807 3736">
     <span class='ocr_line' id='line_1_97' title="bbox 2153 3657 3807 3736; baseline -0.005 -16"><span class='ocrx_word' id='word_1_680' title='bbox 2153 3682 2302 3736; x_wconf 90' lang='lat' dir='ltr'>opus</span> <span class='ocrx_word' id='word_1_681' title='bbox 2333 3665 2546 3720; x_wconf 91' lang='lat' dir='ltr'>comite</span> <span class='ocrx_word' id='word_1_682' title='bbox 2575 3669 2632 3719; x_wconf 89' lang='lat' dir='ltr'>et</span> <span class='ocrx_word' id='word_1_683' title='bbox 2663 3662 2951 3718; x_wconf 90' lang='lat' dir='ltr'>militibus</span> <span class='ocrx_word' id='word_1_684' title='bbox 2975 3662 3001 3715; x_wconf 79' lang='lat'>‘?</span> <span class='ocrx_word' id='word_1_685' title='bbox 3037 3665 3138 3716; x_wconf 86' lang='lat' dir='ltr'>aut</span> <span class='ocrx_word' id='word_1_686' title='bbox 3168 3677 3272 3715; x_wconf 90' lang='lat' dir='ltr'>cur</span> <span class='ocrx_word' id='word_1_687' title='bbox 3301 3657 3698 3730; x_wconf 87' lang='lat' dir='ltr'>imperatoriis</span> <span class='ocrx_word' id='word_1_688' title='bbox 3720 3658 3807 3713; x_wconf 92' lang='lat' dir='ltr'>di-</span> 
     </span>
    </p>
   </div>
   <div class='ocr_carea' id='block_1_95' title="bbox 2151 3747 3804 3826">
    <p class='ocr_par' dir='ltr' id='par_1_95' title="bbox 2151 3747 3804 3826">
     <span class='ocr_line' id='line_1_98' title="bbox 2151 3747 3804 3826; baseline -0.003 -18"><span class='ocrx_word' id='word_1_689' title='bbox 2151 3753 2510 3826; x_wconf 91' lang='lat' dir='ltr'>plomatibus</span> <span class='ocrx_word' id='word_1_690' title='bbox 2546 3753 2604 3807; x_wconf 91' lang='lat' dir='ltr'>in</span> <span class='ocrx_word' id='word_1_691' title='bbox 2640 3768 2827 3807; x_wconf 90' lang='lat' dir='ltr'>unum</span> <span class='ocrx_word' id='word_1_692' title='bbox 2858 3750 3040 3806; x_wconf 91' lang='lat' dir='ltr'>coacti</span> <span class='ocrx_word' id='word_1_693' title='bbox 3072 3749 3259 3805; x_wconf 84' lang='lat' dir='ltr'>sunt?</span> <span class='ocrx_word' id='word_1_694' title='bbox 3282 3748 3445 3814; x_wconf 88' lang='lat' dir='ltr'>Quod</span> <span class='ocrx_word' id='word_1_695' title='bbox 3469 3747 3518 3803; x_wconf 90' lang='lat' dir='ltr'>si</span> <span class='ocrx_word' id='word_1_696' title='bbox 3553 3747 3804 3819; x_wconf 87' lang='lat' dir='ltr'>impera-</span> 
     </span>
    </p>
   </div>
   <div class='ocr_carea' id='block_1_96' title="bbox 2149 3837 3809 3914">
    <p class='ocr_par' dir='ltr' id='par_1_96' title="bbox 2149 3837 3809 3914">
     <span class='ocr_line' id='line_1_99' title="bbox 2149 3837 3809 3914; baseline -0.003 -17"><span class='ocrx_word' id='word_1_697' title='bbox 2149 3847 2274 3898; x_wconf 91' lang='lat' dir='ltr'>tore</span> <span class='ocrx_word' id='word_1_698' title='bbox 2306 3843 2669 3914; x_wconf 87' lang='lat' dir='ltr'>indigebant,</span> <span class='ocrx_word' id='word_1_699' title='bbox 2731 3845 2788 3896; x_wconf 91' lang='lat' dir='ltr'>et</span> <span class='ocrx_word' id='word_1_700' title='bbox 2841 3840 2913 3895; x_wconf 91' lang='lat' dir='ltr'>ab</span> <span class='ocrx_word' id='word_1_701' title='bbox 2945 3839 3042 3893; x_wconf 92' lang='lat' dir='ltr'>illo</span> <span class='ocrx_word' id='word_1_702' title='bbox 3097 3837 3501 3893; x_wconf 86' lang='lat' dir='ltr'>auctoritatem</span> <span class='ocrx_word' id='word_1_703' title='bbox 3545 3837 3809 3909; x_wconf 89' lang='lat' dir='ltr'>accipere</span> 
     </span>
    </p>
   </div>
   <div class='ocr_carea' id='block_1_97' title="bbox 2151 3926 3802 4004">
    <p class='ocr_par' dir='ltr' id='par_1_97' title="bbox 2151 3926 3802 4004">
     <span class='ocr_line' id='line_1_100' title="bbox 2151 3926 3802 4004; baseline -0.002 -18"><span class='ocrx_word' id='word_1_704' title='bbox 2151 3931 2486 4004; x_wconf 86' lang='lat' dir='ltr'>cupiebant,</span> <span class='ocrx_word' id='word_1_705' title='bbox 2522 3948 2624 3985; x_wconf 91' lang='lat' dir='ltr'>cur</span> <span class='ocrx_word' id='word_1_706' title='bbox 2653 3931 2784 3999; x_wconf 90' lang='lat' dir='ltr'>ejus</span> <span class='ocrx_word' id='word_1_707' title='bbox 2808 3929 3101 4001; x_wconf 89' lang='lat' dir='ltr'>judicium</span> <span class='ocrx_word' id='word_1_708' title='bbox 3128 3927 3355 3982; x_wconf 89' lang='lat' dir='ltr'>irritum</span> <span class='ocrx_word' id='word_1_709' title='bbox 3388 3926 3618 3983; x_wconf 83' lang='lat' dir='ltr'>fecere?</span> <span class='ocrx_word' id='word_1_710' title='bbox 3649 3927 3802 3982; x_wconf 74' lang='lat'>105</span> 
     </span>
    </p>
   </div>
   <div class='ocr_carea' id='block_1_98' title="bbox 2146 4015 3805 4089">
    <p class='ocr_par' dir='ltr' id='par_1_98' title="bbox 2146 4015 3805 4089">
     <span class='ocr_line' id='line_1_101' title="bbox 2146 4015 3805 4089; baseline -0.003 -14"><span class='ocrx_word' id='word_1_711' title='bbox 2146 4022 2262 4076; x_wconf 89' lang='lat' dir='ltr'>Aut</span> <span class='ocrx_word' id='word_1_712' title='bbox 2293 4037 2397 4075; x_wconf 91' lang='lat' dir='ltr'>cur</span> <span class='ocrx_word' id='word_1_713' title='bbox 2423 4037 2559 4076; x_wconf 90' lang='lat' dir='ltr'>cum</span> <span class='ocrx_word' id='word_1_714' title='bbox 2580 4019 2678 4074; x_wconf 90' lang='lat' dir='ltr'>ille</span> <span class='ocrx_word' id='word_1_715' title='bbox 2701 4018 2912 4074; x_wconf 87' lang='lat' dir='ltr'>litteris</span> <span class='ocrx_word' id='word_1_716' title='bbox 2944 4016 3067 4073; x_wconf 86' lang='lat' dir='ltr'>suis</span> <span class='ocrx_word' id='word_1_717' title='bbox 3089 4016 3454 4084; x_wconf 84' lang='lat' dir='ltr'>Meletianos,</span> <span class='ocrx_word' id='word_1_718' title='bbox 3479 4015 3805 4089; x_wconf 80' lang='lat' dir='ltr'>sycophan-</span> 
     </span>
    </p>
   </div>
   <div class='ocr_carea' id='block_1_99' title="bbox 2146 4104 3804 4178">
    <p class='ocr_par' dir='ltr' id='par_1_99' title="bbox 2146 4104 3804 4178">
     <span class='ocr_line' id='line_1_102' title="bbox 2146 4104 3804 4178; baseline -0.002 -14"><span class='ocrx_word' id='word_1_719' title='bbox 2146 4113 2259 4178; x_wconf 89' lang='lat' dir='ltr'>tas,</span> <span class='ocrx_word' id='word_1_720' title='bbox 2296 4110 2568 4177; x_wconf 86' lang='lat' dir='ltr'>nefarios,</span> <span class='ocrx_word' id='word_1_721' title='bbox 2624 4108 3011 4164; x_wconf 87' lang='lat' dir='ltr'>Athanasium</span> <span class='ocrx_word' id='word_1_722' title='bbox 3071 4123 3204 4162; x_wconf 89' lang='lat' dir='ltr'>vero</span> <span class='ocrx_word' id='word_1_723' title='bbox 3249 4104 3804 4162; x_wconf 89' lang='lat' dir='ltr'>innocentissimum</span> 
     </span>
    </p>
   </div>
   <div class='ocr_carea' id='block_1_100' title="bbox 2135 4193 3804 4269">
    <p class='ocr_par' dir='ltr' id='par_1_100' title="bbox 2135 4193 3804 4269">
     <span class='ocr_line' id='line_1_103' title="bbox 2135 4193 3804 4269; baseline -0.002 -17"><span class='ocrx_word' id='word_1_724' title='bbox 2135 4197 2438 4269; x_wconf 88' lang='lat' dir='ltr'>judicarit,</span> <span class='ocrx_word' id='word_1_725' title='bbox 2455 4202 2512 4254; x_wconf 92' lang='lat' dir='ltr'>et</span> <span class='ocrx_word' id='word_1_726' title='bbox 2541 4199 2848 4253; x_wconf 81' lang='lat' dir='ltr'>conﬁctam</span> <span class='ocrx_word' id='word_1_727' title='bbox 2879 4197 3092 4250; x_wconf 70' lang='lat' dir='ltr'>eaedem</span> <span class='ocrx_word' id='word_1_728' title='bbox 3126 4195 3232 4249; x_wconf 91' lang='lat' dir='ltr'>viri</span> <span class='ocrx_word' id='word_1_729' title='bbox 3255 4195 3580 4250; x_wconf 88' lang='lat' dir='ltr'>etiamnum</span> <span class='ocrx_word' id='word_1_730' title='bbox 3605 4193 3804 4249; x_wconf 87' lang='lat' dir='ltr'>viven-</span> 
     </span>
    </p>
   </div>
   <div class='ocr_carea' id='block_1_101' title="bbox 2145 4283 3800 4351">
    <p class='ocr_par' dir='ltr' id='par_1_101' title="bbox 2145 4283 3800 4351">
     <span class='ocr_line' id='line_1_104' title="bbox 2145 4283 3800 4351; baseline -0.002 -8"><span class='ocrx_word' id='word_1_731' title='bbox 2145 4288 2222 4343; x_wconf 90' lang='lat' dir='ltr'>tis</span> <span class='ocrx_word' id='word_1_732' title='bbox 2253 4288 2625 4343; x_wconf 87' lang='lat' dir='ltr'>vehementer</span> <span class='ocrx_word' id='word_1_733' title='bbox 2658 4287 2833 4340; x_wconf 83' lang='lat' dir='ltr'>fuerit</span> <span class='ocrx_word' id='word_1_734' title='bbox 2886 4285 3250 4351; x_wconf 87' lang='lat' dir='ltr'>insectatus;</span> <span class='ocrx_word' id='word_1_735' title='bbox 3312 4284 3408 4339; x_wconf 89' lang='lat' dir='ltr'>isti</span> <span class='ocrx_word' id='word_1_736' title='bbox 3459 4283 3800 4339; x_wconf 90' lang='lat' dir='ltr'>Meletianos</span> 
     </span>
    </p>
   </div>
   <div class='ocr_carea' id='block_1_102' title="bbox 2141 4371 3800 4444">
    <p class='ocr_par' dir='ltr' id='par_1_102' title="bbox 2141 4371 3800 4444">
     <span class='ocr_line' id='line_1_105' title="bbox 2141 4371 3800 4444; baseline -0.004 -12"><span class='ocrx_word' id='word_1_737' title='bbox 2141 4393 2277 4432; x_wconf 87' lang='lat' dir='ltr'>vera</span> <span class='ocrx_word' id='word_1_738' title='bbox 2305 4377 2519 4443; x_wconf 88' lang='lat' dir='ltr'>dicere,</span> <span class='ocrx_word' id='word_1_739' title='bbox 2552 4374 3060 4444; x_wconf 87' lang='lat' dir='ltr'>Athanasiumquc</span> <span class='ocrx_word' id='word_1_740' title='bbox 3111 4388 3275 4428; x_wconf 87' lang='lat' dir='ltr'>reum</span> <span class='ocrx_word' id='word_1_741' title='bbox 3310 4389 3438 4428; x_wconf 88' lang='lat' dir='ltr'>esse</span> <span class='ocrx_word' id='word_1_742' title='bbox 3480 4371 3800 4426; x_wconf 81' lang='lat' dir='ltr'>deﬁniere?</span> 
     </span>
    </p>
   </div>
   <div class='ocr_carea' id='block_1_103' title="bbox 2143 4459 3796 4530">
    <p class='ocr_par' dir='ltr' id='par_1_103' title="bbox 2143 4459 3796 4530">
     <span class='ocr_line' id='line_1_106' title="bbox 2143 4459 3796 4530; baseline -0.004 -10"><span class='ocrx_word' id='word_1_743' title='bbox 2143 4481 2210 4520; x_wconf 92' lang='lat' dir='ltr'>ac</span> <span class='ocrx_word' id='word_1_744' title='bbox 2241 4464 2387 4520; x_wconf 89' lang='lat' dir='ltr'>nihil</span> <span class='ocrx_word' id='word_1_745' title='bbox 2421 4463 2674 4530; x_wconf 89' lang='lat' dir='ltr'>reveriti,</span> <span class='ocrx_word' id='word_1_746' title='bbox 2706 4462 2992 4517; x_wconf 90' lang='lat' dir='ltr'>viventem</span> <span class='ocrx_word' id='word_1_747' title='bbox 3043 4460 3340 4515; x_wconf 90' lang='lat' dir='ltr'>hominem</span> <span class='ocrx_word' id='word_1_748' title='bbox 3381 4463 3682 4515; x_wconf 88' lang='lat' dir='ltr'>mortuum</span> <span class='ocrx_word' id='word_1_749' title='bbox 3713 4459 3796 4514; x_wconf 93' lang='lat' dir='ltr'>si-</span> 
     </span>
    </p>
   </div>
   <div class='ocr_carea' id='block_1_104' title="bbox 2143 4549 3794 4624">
    <p class='ocr_par' dir='ltr' id='par_1_104' title="bbox 2143 4549 3794 4624">
     <span class='ocr_line' id='line_1_107' title="bbox 2143 4549 3794 4624; baseline -0.003 -15"><span class='ocrx_word' id='word_1_750' title='bbox 2143 4554 2485 4609; x_wconf 90' lang='lat' dir='ltr'>mularunt:</span> <span class='ocrx_word' id='word_1_751' title='bbox 2521 4553 2620 4624; x_wconf 91' lang='lat' dir='ltr'>qui</span> <span class='ocrx_word' id='word_1_752' title='bbox 2682 4557 2736 4606; x_wconf 80' lang='lat' dir='ltr'>et</span> <span class='ocrx_word' id='word_1_753' title='bbox 2768 4556 2897 4623; x_wconf 89' lang='lat' dir='ltr'>post</span> <span class='ocrx_word' id='word_1_754' title='bbox 2956 4549 3325 4620; x_wconf 89' lang='lat' dir='ltr'>imperatoris</span> <span class='ocrx_word' id='word_1_755' title='bbox 3381 4549 3701 4615; x_wconf 89' lang='lat' dir='ltr'>decretum,</span> <span class='ocrx_word' id='word_1_756' title='bbox 3735 4553 3794 4604; x_wconf 89' lang='lat' dir='ltr'>et</span> 
     </span>
    </p>
   </div>
   <div class='ocr_carea' id='block_1_105' title="bbox 2063 4636 3792 4725">
    <p class='ocr_par' dir='ltr' id='par_1_105' title="bbox 2063 4636 3792 4725">
     <span class='ocr_line' id='line_1_108' title="bbox 2063 4636 3792 4725; baseline -0.003 -26"><span class='ocrx_word' id='word_1_757' title='bbox 2063 4661 2111 4725; x_wconf 83' lang='lat' dir='ltr'><strong>D</strong></span> <span class='ocrx_word' id='word_1_758' title='bbox 2143 4660 2256 4714; x_wconf 91' lang='lat' dir='ltr'>quo</span> <span class='ocrx_word' id='word_1_759' title='bbox 2273 4648 2533 4715; x_wconf 89' lang='lat' dir='ltr'>tempore</span> <span class='ocrx_word' id='word_1_760' title='bbox 2549 4641 2629 4695; x_wconf 90' lang='lat' dir='ltr'>illi</span> <span class='ocrx_word' id='word_1_761' title='bbox 2643 4639 3080 4707; x_wconf 79' lang='lat' dir='ltr'>conveniebant,</span> <span class='ocrx_word' id='word_1_762' title='bbox 3102 4643 3158 4692; x_wconf 89' lang='lat' dir='ltr'>et</span> <span class='ocrx_word' id='word_1_763' title='bbox 3177 4637 3463 4693; x_wconf 90' lang='lat' dir='ltr'>hactenus</span> <span class='ocrx_word' id='word_1_764' title='bbox 3480 4636 3792 4694; x_wconf 87' lang='lat' dir='ltr'>nobiscum</span> 
     </span>
    </p>
   </div>
   <div class='ocr_carea' id='block_1_106' title="bbox 2141 4725 3346 4801">
    <p class='ocr_par' dir='ltr' id='par_1_106' title="bbox 2141 4725 3346 4801">
     <span class='ocr_line' id='line_1_109' title="bbox 2141 4725 3346 4801; baseline -0.005 -16"><span class='ocrx_word' id='word_1_765' title='bbox 2141 4731 2202 4785; x_wconf 92' lang='lat' dir='ltr'>in</span> <span class='ocrx_word' id='word_1_766' title='bbox 2234 4732 2381 4787; x_wconf 90' lang='lat' dir='ltr'>vivis</span> <span class='ocrx_word' id='word_1_767' title='bbox 2410 4734 2518 4787; x_wconf 89' lang='lat' dir='ltr'>est.</span> <span class='ocrx_word' id='word_1_768' title='bbox 2553 4731 2682 4785; x_wconf 71' lang='lat' dir='ltr'>Hazc</span> <span class='ocrx_word' id='word_1_769' title='bbox 2714 4729 2950 4801; x_wconf 90' lang='lat' dir='ltr'>quidem</span> <span class='ocrx_word' id='word_1_770' title='bbox 2984 4727 3055 4782; x_wconf 88' lang='lat' dir='ltr'>de</span> <span class='ocrx_word' id='word_1_771' title='bbox 3083 4725 3346 4781; x_wconf 90' lang='lat' dir='ltr'>Arsenio.</span> 
     </span>
    </p>
   </div>
   <div class='ocr_carea' id='block_1_107' title="bbox 2216 4814 3792 4888">
    <p class='ocr_par' dir='ltr' id='par_1_107' title="bbox 2216 4814 3792 4888">
     <span class='ocr_line' id='line_1_110' title="bbox 2216 4814 3792 4888; baseline -0.001 -14"><span class='ocrx_word' id='word_1_772' title='bbox 2216 4823 2301 4875; x_wconf 92' lang='grc'>11.</span> <span class='ocrx_word' id='word_1_773' title='bbox 2325 4820 2604 4876; x_wconf 92' lang='lat' dir='ltr'>Poculum</span> <span class='ocrx_word' id='word_1_774' title='bbox 2631 4823 2825 4874; x_wconf 89' lang='lat' dir='ltr'>autem</span> <span class='ocrx_word' id='word_1_775' title='bbox 2851 4816 3187 4888; x_wconf 83' lang='lat' dir='ltr'>mysticum,</span> <span class='ocrx_word' id='word_1_776' title='bbox 3212 4814 3404 4886; x_wconf 89' lang='lat' dir='ltr'>quale,</span> <span class='ocrx_word' id='word_1_777' title='bbox 3428 4819 3529 4871; x_wconf 90' lang='lat' dir='ltr'>aut</span> <span class='ocrx_word' id='word_1_778' title='bbox 3547 4815 3792 4872; x_wconf 90' lang='lat' dir='ltr'>ubinam</span> 
     </span>
    </p>
   </div>
   <div class='ocr_carea' id='block_1_108' title="bbox 2143 4904 3794 4965">
    <p class='ocr_par' dir='ltr' id='par_1_108' title="bbox 2143 4904 3794 4965">
     <span class='ocr_line' id='line_1_111' title="bbox 2143 4904 3794 4965; baseline -0.003 0"><span class='ocrx_word' id='word_1_779' title='bbox 2143 4927 2178 4965; x_wconf 77' lang='grc' dir='ltr'>ει</span> <span class='ocrx_word' id='word_1_780' title='bbox 2209 4909 2460 4964; x_wconf 86' lang='lat' dir='ltr'>Macario</span> <span class='ocrx_word' id='word_1_781' title='bbox 2491 4908 2853 4963; x_wconf 87' lang='lat' dir='ltr'>confractum</span> <span class='ocrx_word' id='word_1_782' title='bbox 2887 4905 3021 4960; x_wconf 83' lang='lat' dir='ltr'>est?</span> <span class='ocrx_word' id='word_1_783' title='bbox 3052 4905 3161 4959; x_wconf 92' lang='lat' dir='ltr'>hoc</span> <span class='ocrx_word' id='word_1_784' title='bbox 3182 4904 3338 4958; x_wconf 91' lang='lat' dir='ltr'>enim</span> <span class='ocrx_word' id='word_1_785' title='bbox 3360 4920 3599 4959; x_wconf 90' lang='lat' dir='ltr'>sursum</span> <span class='ocrx_word' id='word_1_786' title='bbox 3630 4905 3794 4960; x_wconf 90' lang='lat' dir='ltr'>deor-</span> 
     </span>
    </p>
   </div>
   <div class='ocr_carea' id='block_1_109' title="bbox 2144 4991 3794 5066">
    <p class='ocr_par' dir='ltr' id='par_1_109' title="bbox 2144 4991 3794 5066">
     <span class='ocr_line' id='line_1_112' title="bbox 2144 4991 3794 5066; baseline -0.003 -12"><span class='ocrx_word' id='word_1_787' title='bbox 2144 5016 2277 5054; x_wconf 90' lang='lat' dir='ltr'>sum</span> <span class='ocrx_word' id='word_1_788' title='bbox 2308 4999 2742 5052; x_wconf 88' lang='lat' dir='ltr'>circumeuntes</span> <span class='ocrx_word' id='word_1_789' title='bbox 2765 4994 3057 5066; x_wconf 88' lang='lat' dir='ltr'>jactitant.</span> <span class='ocrx_word' id='word_1_790' title='bbox 3085 4993 3242 5048; x_wconf 90' lang='lat' dir='ltr'>Licet</span> <span class='ocrx_word' id='word_1_791' title='bbox 3276 4991 3687 5064; x_wconf 89' lang='lat' dir='ltr'>Athanasium,</span> <span class='ocrx_word' id='word_1_792' title='bbox 3719 5009 3794 5049; x_wconf 91' lang='lat' dir='ltr'>ne</span> 
     </span>
    </p>
   </div>
   <div class='ocr_carea' id='block_1_110' title="bbox 2144 5082 3793 5156">
    <p class='ocr_par' dir='ltr' id='par_1_110' title="bbox 2144 5082 3793 5156">
     <span class='ocr_line' id='line_1_113' title="bbox 2144 5082 3793 5156; baseline -0.004 -13"><span class='ocrx_word' id='word_1_793' title='bbox 2144 5092 2512 5144; x_wconf 87' lang='lat' dir='ltr'>accusatores</span> <span class='ocrx_word' id='word_1_794' title='bbox 2571 5086 2810 5156; x_wconf 91' lang='lat' dir='ltr'>quidem</span> <span class='ocrx_word' id='word_1_795' title='bbox 2865 5082 3211 5139; x_wconf 87' lang='lat' dir='ltr'>insimulare</span> <span class='ocrx_word' id='word_1_796' title='bbox 3267 5083 3395 5138; x_wconf 87' lang='lat' dir='ltr'>ausi</span> <span class='ocrx_word' id='word_1_797' title='bbox 3428 5086 3647 5147; x_wconf 90' lang='lat' dir='ltr'>essent,</span> <span class='ocrx_word' id='word_1_798' title='bbox 3678 5082 3793 5138; x_wconf 89' lang='lat' dir='ltr'>nisi</span> 
     </span>
    </p>
   </div>
   <div class='ocr_carea' id='block_1_111' title="bbox 2143 5169 3795 5241">
    <p class='ocr_par' dir='ltr' id='par_1_111' title="bbox 2143 5169 3795 5241">
     <span class='ocr_line' id='line_1_114' title="bbox 2143 5169 3795 5241; baseline -0.004 -8"><span class='ocrx_word' id='word_1_799' title='bbox 2143 5178 2215 5233; x_wconf 90' lang='lat' dir='ltr'>ab</span> <span class='ocrx_word' id='word_1_800' title='bbox 2249 5176 2366 5232; x_wconf 91' lang='lat' dir='ltr'>illis</span> <span class='ocrx_word' id='word_1_801' title='bbox 2398 5174 2680 5232; x_wconf 90' lang='lat' dir='ltr'>submissi</span> <span class='ocrx_word' id='word_1_802' title='bbox 2714 5173 2981 5230; x_wconf 88' lang='lat' dir='ltr'>fuissent.</span> <span class='ocrx_word' id='word_1_803' title='bbox 3014 5175 3287 5227; x_wconf 87' lang='lat' dir='ltr'>Attamen</span> <span class='ocrx_word' id='word_1_804' title='bbox 3320 5170 3583 5227; x_wconf 88' lang='lat' dir='ltr'>criminis</span> <span class='ocrx_word' id='word_1_805' title='bbox 3613 5169 3795 5241; x_wconf 84' lang='lat' dir='ltr'>hujus</span> 
     </span>
    </p>
   </div>
   <div class='ocr_carea' id='block_1_112' title="bbox 2144 5381 3795 5465">
    <p class='ocr_par' dir='ltr' id='par_1_112' title="bbox 2144 5381 3795 5465">
     <span class='ocr_line' id='line_1_115' title="bbox 2144 5381 3795 5465; baseline -0.002 -24"><span class='ocrx_word' id='word_1_806' title='bbox 2144 5385 2552 5465; x_wconf 63' lang='lat' dir='ltr'>06v._Epistola</span> <span class='ocrx_word' id='word_1_807' title='bbox 2580 5402 2715 5465; x_wconf 68' lang='lat' dir='ltr'>vero</span> <span class='ocrx_word' id='word_1_808' title='bbox 2746 5383 3112 5465; x_wconf 66' lang='lat' dir='ltr'>Constantini</span> <span class='ocrx_word' id='word_1_809' title='bbox 3138 5385 3210 5465; x_wconf 77' lang='lat' dir='ltr'>ad</span> <span class='ocrx_word' id='word_1_810' title='bbox 3236 5381 3644 5465; x_wconf 70' lang='lat' dir='ltr'>Athanasium,</span> <span class='ocrx_word' id='word_1_811' title='bbox 3676 5398 3795 5453; x_wconf 91' lang='lat' dir='ltr'>qua</span> 
     </span>
    </p>
   </div>
   <div class='ocr_carea' id='block_1_113' title="bbox 2143 5452 3793 5529">
    <p class='ocr_par' dir='ltr' id='par_1_113' title="bbox 2143 5452 3793 5529">
     <span class='ocr_line' id='line_1_116' title="bbox 2143 5452 3793 5529; baseline -0.004 -14"><span class='ocrx_word' id='word_1_812' title='bbox 2143 5478 2225 5526; x_wconf 87' lang='lat' dir='ltr'>se,</span> <span class='ocrx_word' id='word_1_813' title='bbox 2248 5462 2318 5515; x_wconf 90' lang='lat' dir='ltr'>de</span> <span class='ocrx_word' id='word_1_814' title='bbox 2339 5452 2652 5514; x_wconf 76' lang='lat' dir='ltr'>calumniis</span> <span class='ocrx_word' id='word_1_815' title='bbox 2679 5459 2893 5529; x_wconf 91' lang='lat' dir='ltr'>quibus</span> <span class='ocrx_word' id='word_1_816' title='bbox 2919 5456 3304 5529; x_wconf 81' lang='lat' dir='ltr'>Athanasium</span> <span class='ocrx_word' id='word_1_817' title='bbox 3329 5452 3793 5509; x_wconf 80' lang='lat' dir='ltr'>Eusebianicum</span> 
     </span>
    </p>
   </div>
   <div class='ocr_carea' id='block_1_114' title="bbox 2142 5527 3792 5601">
    <p class='ocr_par' dir='ltr' id='par_1_114' title="bbox 2142 5527 3792 5601">
     <span class='ocr_line' id='line_1_117' title="bbox 2142 5527 3792 5601; baseline -0.004 -14"><span class='ocrx_word' id='word_1_818' title='bbox 2142 5531 2468 5587; x_wconf 88' lang='lat' dir='ltr'>Meletianis</span> <span class='ocrx_word' id='word_1_819' title='bbox 2493 5527 2919 5601; x_wconf 76' lang='lat' dir='ltr'>impetiverant,</span> <span class='ocrx_word' id='word_1_820' title='bbox 2944 5527 3246 5601; x_wconf 77' lang='lat' dir='ltr'>certiorem</span> <span class='ocrx_word' id='word_1_821' title='bbox 3273 5527 3489 5581; x_wconf 82' lang='lat' dir='ltr'>factum</span> <span class='ocrx_word' id='word_1_822' title='bbox 3519 5529 3792 5601; x_wconf 79' lang='lat' dir='ltr'>testatur,</span> 
     </span>
    </p>
   </div>
   <div class='ocr_carea' id='block_1_115' title="bbox 2141 5596 3790 5657">
    <p class='ocr_par' dir='ltr' id='par_1_115' title="bbox 2141 5596 3790 5657">
     <span class='ocr_line' id='line_1_118' title="bbox 2141 5596 3790 5657; baseline -0.004 0"><span class='ocrx_word' id='word_1_823' title='bbox 2141 5604 2294 5657; x_wconf 81' lang='lat' dir='ltr'>infra</span> <span class='ocrx_word' id='word_1_824' title='bbox 2326 5596 2609 5657; x_wconf 52' lang='lat' dir='ltr'>habetur&#39;:</span> <span class='ocrx_word' id='word_1_825' title='bbox 2645 5601 2742 5654; x_wconf 90' lang='lat' dir='ltr'>ubi</span> <span class='ocrx_word' id='word_1_826' title='bbox 2778 5600 2953 5654; x_wconf 84' lang='lat' dir='ltr'>etiam</span> <span class='ocrx_word' id='word_1_827' title='bbox 2995 5599 3302 5653; x_wconf 82' lang='lat' dir='ltr'>conﬁctam</span> <span class='ocrx_word' id='word_1_828' title='bbox 3334 5596 3558 5652; x_wconf 86' lang='lat' dir='ltr'>Arsenii</span> <span class='ocrx_word' id='word_1_829' title='bbox 3588 5612 3790 5652; x_wconf 90' lang='lat' dir='ltr'>necem</span> 
     </span>
    </p>
   </div>
   <div class='ocr_carea' id='block_1_116' title="bbox 2140 5672 3162 5744">
    <p class='ocr_par' dir='ltr' id='par_1_116' title="bbox 2140 5672 3162 5744">
     <span class='ocr_line' id='line_1_119' title="bbox 2140 5672 3162 5744; baseline -0.007 -14"><span class='ocrx_word' id='word_1_830' title='bbox 2140 5675 2513 5730; x_wconf 89' lang='lat' dir='ltr'>vehementer</span> <span class='ocrx_word' id='word_1_831' title='bbox 2541 5673 2796 5744; x_wconf 81' lang='lat' dir='ltr'>exagitat</span> <span class='ocrx_word' id='word_1_832' title='bbox 2824 5672 3162 5741; x_wconf 90' lang='lat' dir='ltr'>imperator.</span> 
     </span>
    </p>
   </div>
  </div>
