4178 6378
384 372 503 437 267

924 373 991 437 S.
1036 372 1467 437 ATHANASII
1509 370 1686 434 OPP.
1729 362 1931 429 PARS
1973 359 2025 421 Ι.
2053 388 2135 404 -
2175 358 2598 424 HISTORIGA
2638 363 2741 426 ET
2784 363 3268 432 DOGMATIGA.

3684 364 3813 433 268

391 521 691 563 summam
717 505 779 562 in
808 506 1192 564 Athanasium
1225 508 1485 562 referunt
1517 505 1673 577 quod
1704 520 1777 559 ne
1802 501 2041 573 quidem

2176 493 2240 545 ;π’
2288 492 2447 548 αὐτὸν
2506 496 2619 568 (14)
2678 495 2921 572 ἄγουσιν·
2955 499 2985 553 ὃ
3045 497 3186 573 μηδὲ
3237 497 3326 556 ἐπὶ
3383 497 3662 576 Μακάρων
3709 497 3817 557 ἔδει

396 597 670 666 Macario,
699 597 917 669 quippe
947 596 1047 668 qui
1078 596 1377 652 convictus
1421 612 1537 651 non
1570 599 1677 665 est,
1712 594 1821 648 fuit
1854 593 2043 663 impu—

396 687 669 742 tandum.
702 686 819 741 Nec
850 686 1029 757 pudet
1066 702 1163 741 eos
1221 702 1417 740 coram
1476 681 1938 749 catechumenis,
1968 685 2045 751 et,

401 775 555 847 quod
585 776 753 845 pejus
781 778 869 829 est
925 791 1121 829 coram
1150 773 1401 829 ethnicis
1460 773 1736 846 mysteria
1775 772 1896 826 haec
1926 776 2050 824 tra-

402 864 651 920 ducere:
702 879 837 919 cum
891 866 1173 934 oporteat,
1233 868 1297 919 ut
1353 864 1638 935 scriptum
1693 866 1800 928 est,
1846 861 2047 916 Sacra-

401 956 646 1008 mentum
672 953 817 1021 regis
847 952 1175 1007 abscondere
1203 954 1248 986 ⁷³
1276 971 1297 1015 ;
1328 957 1385 1007 et
1434 956 1499 1007 ut
1531 951 1812 1007 Dominus
1840 964 2049 1020 praece-

403 1041 525 1115 pit:
558 1042 739 1099 Nolite
780 1045 970 1096 sancta
1025 1042 1159 1097 dare
1215 1042 1463 1111 canibus,
1515 1056 1689 1112 neque
1742 1038 2053 1112 proﬁciatis

401 1132 736 1201 margaritas
763 1138 890 1185 ante
934 1146 1126 1199 porcos
1154 1132 1219 1185 7‘.
1270 1131 1446 1186 Nefas
1476 1129 1631 1186 enim
1663 1134 1754 1184 est
1780 1127 2056 1200 mysteria

406 1219 560 1291 apud
593 1236 709 1275 non
763 1218 1024 1275 initiatos
1068 1220 1395 1289 traducere,
1454 1236 1527 1275 ne
1567 1218 1783 1274 ethnici
1814 1216 2053 1289 quidem

404 1308 616 1364 horum
648 1308 860 1381 ignari,
887 1307 1168 1364 irrideant
1192 1334 1206 1377 ς
1230 1308 1673 1365 cathechumeni
1694 1324 1826 1362 vero
1848 1307 1918 1361 ad
1954 1322 2053 1361 cu-

407 1396 732 1453 riositatem
751 1396 985 1451 deducti
1008 1396 1497 1453 scandalizentur.
1514 1397 1624 1452 Sed
1649 1400 1845 1450 tamen
1870 1394 2055 1467 quod-

408 1502 547 1541 nam
579 1483 877 1557 poculum,
910 1483 1174 1555 ubinam,
1223 1490 1279 1540 et
1308 1486 1462 1557 apud
1497 1501 1785 1556 quosnam
1829 1484 2056 1539 confra-

411 1580 574 1631 ctum
597 1574 732 1630 est?
752 1573 1044 1631 Meletiani
1067 1575 1222 1630 enim
1247 1579 1387 1629 sunt
1408 1574 1505 1646 qui
1529 1573 2058 1645 accusant,quibus

411 1662 576 1720 nulla
601 1663 746 1718 ﬁdes
767 1662 1053 1733 habenda,
1080 1667 1280 1735 utpote
1306 1663 1407 1735 qui
1433 1664 1691 1734 nonjam
1713 1662 1928 1729 solum,
1957 1661 2058 1716 sed

413 1770 449 1809 a
477 1758 738 1825 tempore
765 1752 921 1807 beati
976 1751 1130 1807 Petri
1176 1752 1430 1824 episcopi
1488 1757 1545 1807 et
1583 1753 1878 1824 martyris,
1911 1750 2063 1806 schi-

411 1840 643 1899 smatici
674 1841 891 1897 fuerint
917 1843 974 1929 et
1002 1841 1267 1897 Ecclesiae
1314 1840 1577 1910 inimici;
1612 1842 1713 1913 qui
1746 1841 1860 1913 ipsi
1892 1845 2059 1896 Petro
2090 1863 2137 1929 B

411 1930 698 1997 insidiati,
757 1928 1040 1986 Achillam
1089 1931 1217 2001 ejus
1268 1946 1666 1987 successorem
1717 1929 2061 1986 calumniati

414 2023 622 2076 suntet
639 2018 1037 2075 Alexandrum
1052 2020 1204 2091 apud
1221 2021 1416 2091 ipsum
1433 2020 1845 2091 imperatorem
1887 2035 2060 2074 accu-

412 2111 963 2181 sarunt.Postquam
978 2108 1286 2165 enimtalia
1298 2109 1487 2165 moliti
1505 2108 2082 2177 sunt,Atbanasium.

410 2198 651 2254 tandem
680 2196 891 2267 adorti,
924 2197 1072 2252 nihil
1104 2202 1286 2270 agunt
1316 2214 1350 2253 a
1380 2214 1490 2254 sua
1519 2198 1895 2270 improbitate
1928 2196 2061 2253 alie-

412 2302 594 2343 num:
628 2291 694 2342 ut
722 2286 878 2341 enim
931 2285 991 2341 in
1024 2286 1359 2343 decessores
1414 2288 1565 2358 ejus,
1598 2287 1682 2343 sic
1714 2292 1771 2343 et
1802 2287 1858 2341 in
1891 2286 2059 2342 illum

412 2374 742 2432 calumnias
800 2379 1154 2431 struxerunt.
1219 2376 1328 2431 Sed
1389 2375 1450 2431 in
1509 2376 1915 2451 prasentiuet
1942 2393 2060 2431 non

411 2464 680 2535 antehac,
703 2480 906 2520 eorum
929 2463 1234 2520 calumnia:
1254 2470 1311 2520 et
1331 2465 1785 2520 obtrectationes
1807 2464 2062 2521 invalue-

413 2570 513 2611 re:
546 2554 687 2626 quia
716 2553 1033 2609 Eusebium
1064 2557 1122 2609 et
1151 2555 1341 2610 socios
1372 2555 1662 2610 scelerum
1710 2555 1975 2611 conscios
2005 2558 2063 2610 et

414 2646 691 2716 patronos
721 2643 876 2698 nacti
905 2648 1062 2698 sunt.
1095 2643 1201 2707 Qui
1236 2648 1299 2698 ut
1326 2643 1551 2699 Arianae
1583 2644 1903 2715 impietatis
1927 2661 2058 2717 gra-

412 2733 498 2788 tia
525 2730 670 2788 alias
701 2735 901 2789 contra
956 2731 1177 2787 multos
1206 2732 1534 2803 episcopos,
1590 2734 1674 2788 sic
1698 2732 1823 2804 jam
1858 2739 2063 2789 contra

412 2821 803 2877 Athanasium
836 2819 1080 2877 insidias
1111 2824 1393 2876 struxere.
1418 2821 1647 2877 Etenim
1678 2822 1841 2879 locus
1872 2822 1970 2879 ille
1999 2822 2060 2877 in

414 2926 529 2982 quo
560 2910 811 2966 fractum
830 2926 961 2965 esse
981 2909 1256 2981 poculum
1290 2908 1598 2979 aiunt,non
1630 2917 1755 2968 erat
1774 2911 2020 2968 ecclesia
2045 2930 2059 2981 ;

411 2999 717 3072 presbyter
748 3015 862 3054 non
894 3003 1018 3054 erat
1046 2999 1149 3070 qui
1189 2999 1248 3054 in
1278 2998 1379 3055 illo
1409 2999 1535 3056 loco
1566 2999 1906 3057 habitabat:
1937 3001 2062 3058 dies

410 3105 531 3162 qua
551 3089 609 3144 id
627 3087 835 3144 fecisse
856 3087 1171 3144 Macarium
1193 3088 1418 3157 volunt,
1442 3106 1559 3145 non
1583 3094 1707 3145 erat
1739 3090 2058 3146 Dominica.

409 3181 553 3234 Cum
582 3177 763 3251 igitur
792 3194 979 3250 neque
1009 3177 1091 3233 ibi
1123 3178 1376 3235 Ecclesia
1407 3185 1563 3236 esset
1609 3196 1802 3253 neque
1834 3181 1934 3253 qui
1967 3199 2060 3237 sa-

410 3284 509 3323 cra
532 3268 765 3335 faceret,
791 3283 980 3339 neque
1003 3266 1127 3323 dies
1148 3267 1257 3323 hoc
1277 3268 1474 3340 ipsum
1498 3269 1841 3340 requireret,
1864 3270 2057 3342 quale,

410 3360 513 3414 aut
542 3357 798 3429 quando,
852 3361 954 3411 aut
982 3356 1227 3412 ubinam
1271 3358 1586 3430 mysticum
1638 3359 1914 3430 poculum
1945 3360 2061 3415 fra-

412 3449 573 3502 ctum
606 3450 696 3501 est
721 3445 748 3500 ?
768 3446 914 3501 Nam
938 3444 1148 3517 pocula
1167 3462 1295 3501 esse
1317 3446 1507 3502 multa
1528 3463 1630 3518 per
1660 3448 1887 3515 domos,
1922 3454 1977 3503 et
2000 3448 2062 3503 in

412 3534 604 3590 medio
638 3535 782 3603 foro,
815 3538 1010 3606 patet;
1045 3551 1172 3606 qua:
1223 3535 1272 3589 si
1321 3535 1456 3606 quis
1512 3537 1700 3608 fragat
1731 3536 2065 3594 nullatenus

416 3623 597 3696 impie
627 3624 766 3696 agit.
817 3623 1126 3693 Mysticum
1160 3640 1292 3679 vero
1324 3623 1624 3696 poculum,
1660 3627 1814 3697 quod
1850 3627 1899 3681 si
1932 3626 2065 3698 quis

418 3715 625 3784 sponte
646 3711 902 3784 fregerit,
926 3728 1030 3783 pro
1050 3711 1152 3768 tali
1180 3729 1326 3768 ausu
1355 3713 1576 3783 impius
1604 3713 1877 3782 efﬁcitur,
1910 3716 2063 3788 apud

419 3800 577 3857 solos
606 3799 900 3872 legitimos
958 3800 1226 3856 Ecclesiae
1284 3802 1562 3872 praesides
1605 3803 1938 3859 invenitur:
1972 3803 2069 3859 hic

419 3887 577 3944 enim
606 3887 769 3944 solus
799 3888 979 3958 hujus
1009 3888 1365 3960 poculiusus
1396 3894 1454 3945 et
1482 3907 1600 3945 non
1630 3891 1780 3947 alius
1810 3896 1917 3947 est.
1951 3893 2070 3947 Hoc

418 3993 521 4033 vos
553 3976 816 4049 legitime
844 3975 1056 4048 populo
1106 3976 1458 4048 prOpinatis:
1510 3978 1622 4033 hoc
1650 3995 1753 4034 vos
1785 3982 1855 4034 ab
1886 3980 2070 4035 eccle-

422 4065 659 4121 siastico
690 4081 913 4120 canone
943 4065 1288 4136 accepistis:
1324 4065 1433 4121 hoc
1482 4068 1555 4121 ad
1586 4083 1686 4123 eos
1715 4067 1907 4124 solum
1939 4085 2069 4140 spe-

421 4158 562 4223 ctat,
585 4153 687 4226 qui
709 4152 1006 4209 catholicae
1030 4153 1296 4210 Ecclesia:
1316 4160 1594 4227 praisunt.
1618 4160 1891 4213 Vestrum
1912 4157 2070 4213 enim

422 4244 709 4300 duntaxat
728 4247 818 4299 est
833 4242 1180 4316 sanguinem
1203 4243 1417 4299 Christi
1449 4245 1760 4317 propinare
1785 4264 1798 4314 ;
1823 4246 2073 4302 aliorum

420 4349 557 4389 vero
588 4330 832 4389 nullius.
858 4333 969 4388 Sed
995 4332 1294 4405 utimpius
1325 4337 1414 4389 est
1434 4333 1535 4405 qui
1556 4334 1872 4407 mysticum
1894 4352 2073 4408 pocu-

420 4422 545 4479 lum
578 4422 811 4495 frangit,
844 4421 926 4477 ita
974 4421 1159 4477 multo
1187 4422 1376 4495 magis
1405 4423 1626 4495 impius
1657 4429 1764 4492 est,
1799 4425 1897 4496 qui
1931 4441 2070 4480 san-

422 4514 660 4585 guinem
689 4511 906 4567 Christi
928 4511 1281 4567 contumelia
1302 4512 1501 4568 afficit.
1531 4513 1894 4571 Contumelia
1915 4513 2072 4569 enim

2161 588 2387 657 χωρεῖν,
2423 583 2521 638 οὐκ
2558 582 2903 662 ἐλεγχθέντα.
2956 588 3055 643 Καὶ
3108 588 3207 644 οὐκ
3248 589 3597 666 αἰσχύνονται
3650 597 3819 648 ταῦτα

2161 668 2249 723 ἐπὶ
2274 676 2731 748 κατηχουμένων,
2762 676 2852 730 καὶ
2881 676 2944 731 τό
2975 698 3037 752 γε
3067 677 3366 755 χείριστον,
3401 679 3489 736 ἐπὶ
3532 681 3816 755 Ἑλλήνων

2160 758 2567 835 τραγῳδοῦντες
2626 765 2694 818 τὰ
2754 767 3071 843 μυστήρια·
3131 766 3273 840 δέον,
3333 769 3409 832 ὡς
3464 772 3816 847 γέγραπται,

2160 852 2468 926 Μυστηριον
2550 852 2820 926 βασιλέως
2894 854 3061 910 καλὸν
3118 857 3370 933 κρύπτειν
3416 878 3429 891 δ
3488 862 3580 915 καὶ
3655 863 3731 924 ὡς
3788 863 3819 917 6

2162 936 2360 1012 Κύριος
2416 940 2794 1016 παρήγγειλε·
2856 945 2944 1015 Μή
3003 942 3141 1000 δῶτε
3194 948 3262 1000 τὰ
3317 947 3445 1023 ἅγια
3499 955 3619 1012 τοῖς
3674 950 3820 1021 κυσὶ,

2167 1024 2307 1099 μηδὲ
2370 1027 2575 1102 βάλητε
2620 1030 2749 1093 τοὺς
2801 1033 3137 1110 μαργαρίτας
3193 1030 3492 1113 ἔμπροσθεν
3541 1043 3648 1093 τῶν
3700 1039 3823 1115 χοί-

2165 1135 2273 1205 ρων
2310 1157 2322 1170 .
2382 1116 2455 1205 φῦ
2513 1119 2625 1192 χρὴ
2687 1120 2791 1196 γὰρ
2850 1122 2919 1176 τὰ
2995 1125 3267 1200 μυστήρια
3322 1124 3594 1199 ἀμυήτοις
3649 1148 3826 1205 τραγ-

2164 1201 2347 1276 ῳδεῖν,
2374 1202 2466 1260 ’ίνα
2502 1208 2576 1280 μή
2609 1205 2883 1279 Ἕλληνες
2919 1211 3013 1283 μὲν
3062 1212 3382 1287 ἀγνοοῦντες
3426 1213 3652 1290 γελῶσι,
3686 1201 3825 1272 ’κατ-
3880 1226 3889 1236 ’

2163 1292 2469 1369 ηχούμενοι
2518 1293 2594 1365 δὲ,
2641 1297 2924 1373 περίεργοι
2972 1300 3275 1376 γενόμενοι,
3336 1302 3822 1375 σκανδαλίζωνται.

2165 1379 2346 1437 Ἀλλά
2371 1383 2461 1438 καὶ
2494 1384 2648 1457 ὅμως
2678 1392 2834 1441 ποῖον
2884 1390 2919 1457 ἢ
2973 1394 3100 1461 ποῦ,
3148 1392 3183 1460 ἢ
3229 1394 3375 1465 παρά
3420 1392 3530 1448 τίσι
3565 1396 3822 1471 κατεαγὶν

2165 1475 2474 1562 ποτήριον;
2518 1472 2835 1532 Μελιτιανοί
2886 1478 2979 1552 μὲν
3025 1481 3128 1555 γάρ
3174 1482 3305 1537 εἰσιν
3356 1484 3409 1537 οἱ
3455 1490 3827 1562 κατηγοροῦν-

2164 1581 2253 1623 τες
2283 1560 2520 1618 καθόλου
2551 1564 2890 1622 πιστεύεσθαι
2944 1570 3018 1641 μὴ
3078 1568 3414 1648 ὀφείλοντες.
3457 1560 3825 1650 Σχισματικοὶ

2167 1651 2271 1727 γάρ
2321 1651 2411 1705 καὶ
2465 1653 2651 1729 ἐχθροὶ
2700 1662 2802 1725 τῆς
2852 1656 3181 1729 Ἐκκλησίας
3230 1660 3541 1736 γεγόνασιν,
3592 1663 3653 1719 οὐ
3712 1668 3824 1735 νῦν,

2168 1737 2297 1794 ἀλλ’
2328 1742 2432 1796 ἀπὸ
2461 1747 2559 1797 τοῦ
2602 1744 2869 1821 μακαρίου
2922 1748 3148 1823 Πέτρου,
3201 1748 3497 1807 ἐπισκόπου
3543 1753 3634 1807 καὶ
3686 1754 3826 1831 μάρ-

2166 1848 2328 1904 τυρος
2378 1832 2673 1904 γενομένου
2702 1852 2715 1865 ’
2773 1835 2825 1887 οἱ
2878 1836 2968 1890 καὶ
3017 1837 3163 1909 αὗτῷ
3194 1839 3382 1912 Πέτρῳ
3413 1835 3830 1897 ἐπιϐουλεύσαν-

2166 1918 2391 1987 τες,καὶ
2420 1918 2690 1995 Ἀχιλλᾶν
2732 1925 2844 1996 (15)
2892 1925 2982 1980 τὸν
3043 1933 3156 1999 μετ’
3200 1926 3396 1984 ἐκεῖνον
3448 1924 3827 1998 διαϐαλόντες,

2168 2005 2257 2059 καὶ
2306 2005 2676 2094 ,Ἀλεξάνδρου
2731 2016 3209 2090 κατηγορήσαντες
3272 2017 3469 2094 μέχρις
3528 2018 3693 2074 αὐτοῦ
3728 2024 3829 2075 τοῦ

2176 2092 2465 2169 βασιλέως.
2527 2097 2681 2152 Οὕτω
2729 2101 2832 2175 γὰρ
2880 2098 2945 2171 δὴ
3012 2092 3428 2177 μελετήσαντες,
3487 2105 3679 2163 λοιπὸν
3735 2109 3827 2165 καὶ

2171 2182 2249 2245 εἷς
2307 2184 2619 2240 Ἀθανάσιον
2683 2185 2965 2260 διέϐησαν,
3013 2191 3165 2250 οὐδὲν
3224 2194 3370 2265 ξένον
3413 2202 3515 2266 τῆς
3554 2197 3826 2273 πονηρίας

2171 2272 2373 2328 ἑαυτῶν
2415 2280 2719 2340 ποιοῦντες·
2767 2280 2859 2333 καὶ
2907 2282 3010 2357 γὰρ
3061 2281 3241 2357 ὥσπερ
3288 2283 3417 2348 τοὺς
3474 2287 3580 2361 πρὸ
3637 2272 3824 2361 αὐτοῦ,

2172 2359 2315 2417 οὕτω
2370 2365 2459 2418 καί
2510 2370 2701 2420 τοῦτον
2761 2367 3215 2449 ὲσυκοφάντησαν.
3277 2372 3457 2430 Ἀλλὰ
3510 2379 3602 2430 νῦν
3648 2376 3822 2431 αὐτῶν

2169 2448 2259 2504 καί
2287 2450 2347 2506 οὐ
2378 2453 2639 2529 πρότερον
2670 2459 2705 2525 ἡ
2735 2448 3064 2536 συκοφαντία
3111 2462 3202 2517 καὶ
3250 2464 3306 2518 αἱ
3347 2458 3600 2520 διαϐολαὶ
3630 2485 3825 2541 κεκραο

2168 2541 2430 2610 τήκασιν’
2489 2542 2574 2598 ὅτι
2629 2543 2759 2609 τοὺς
2815 2550 2939 2622 περὶ
3000 2546 3253 2607 Εύσέϐιον
3313 2548 3474 2629 ἔσχον
3527 2554 3822 2631 συνεργοὺς

2169 2628 2259 2684 καὶ
2289 2632 2593 2705 προστάτας
2638 2630 2725 2688 διὰ
2769 2637 2869 2705 τὴν
2920 2638 3120 2694 οἰκείαν
3174 2628 3415 2697 ἀσέϐειαν
3463 2648 3572 2698 τῶν
3624 2628 3831 2720 Ἄρειο-

2175 2723 2433 2792 μανιτῶν,
2467 2718 2536 2774 δι’
2566 2723 2626 2791 ἢν
2658 2721 2838 2796 ὥσπερ
2880 2725 3118 2790 πολλοῖς
3170 2729 3507 2804 ἐπισκόποις,
3559 2718 3703 2788 οὕτω
3735 2734 3826 2788 καὶ

2173 2808 2471 2881 Ἀθανασίῳ
2510 2810 2976 2873 συνεσκευάσαντο.
3026 2816 3125 2870 Καὶ
3175 2820 3278 2893 γὰρ
3327 2820 3356 2874 6
3402 2819 3572 2883 τόπος
3623 2820 3826 2885 ἐκεῖνος

2173 2894 2225 2949 ἐν
2255 2896 2301 2968 ᾧ
2325 2894 2623 2983 κεκλεισθαι
2651 2900 2715 2954 τὸ
2767 2902 3029 2978 ποτήριόν
3075 2926 3259 2983 φησιν,
3307 2906 3407 2962 οὐκ
3444 2911 3509 2977 ἦν
3539 2908 3824 2981 ἐκκλησίαν

2172 2980 2539 3063 πρεσϐύτερος
2571 2987 2669 3043 οὐκ
2698 2990 2764 3059 ἦν
2798 2991 2826 3045 ὁ
2854 2992 2947 3046 τὸν
2990 2980 3156 3050 τόπον
3207 3001 3483 3070 παροικῶν
3516 2999 3648 3071 (16)·
3688 2980 3833 3072 ἦμέ-

2173 3093 2259 3150 ρα,
2293 3075 2411 3128 καθ’
2460 3076 2527 3145 ἢν
2566 3079 2842 3151 Μακάριόν
2892 3086 3054 3138 τοῦτο
3101 3086 3459 3155 πεποιηκέναι
3504 3086 3683 3163 φασὶν,
3734 3086 3837 3141 οὐκ

2173 3165 2237 3232 ἦν
2270 3166 2537 3240 Κυριακή.
2570 3169 2723 3237 Μήτε
2746 3168 2926 3225 τοίνυν
2963 3170 3259 3243 ἐκκλησίας
3310 3174 3483 3245 οὔσης
3525 3174 3658 3245 ἐκεῖ,
3693 3176 3835 3249 μήτε

2170 3257 2269 3307 τοῦ
2298 3254 2735 3329 ἱερουργοῦντος,
2774 3260 2914 3331 μήτε
2940 3268 3041 3331 τῆς
3070 3263 3281 3339 ἡμέρας
3306 3264 3831 3334 ἀπαιτούσης,ποῖον

2172 3344 2207 3411 ἢ
2231 3342 2383 3413 πότε,
2416 3343 2451 3412 ἦ
2485 3349 2593 3399 ποῦ
2640 3346 2704 3400 τὸ
2747 3350 3012 3423 ποτήριον
3057 3349 3349 3408 κέκλασται
3386 3353 3641 3426 μυστικόν
3677 3371 3691 3421 ;
3724 3359 3831 3408 Πο-

2171 3433 2338 3506 τήρια
2372 3433 2465 3505 μὲν
2498 3436 2613 3505 (17)
2638 3437 2743 3512 γὰρ
2776 3437 2909 3492 εἶναι
2940 3437 3126 3495 πολλᾶ
3173 3442 3263 3497 καὶ
3306 3444 3443 3498 κατά
3486 3444 3585 3506 τὰς
3630 3442 3832 3514 οἰκίας,

2171 3522 2261 3576 καὶ
2287 3519 2339 3607 ἐν
2373 3523 2547 3597 ἀγορᾷ
2579 3521 2713 3599 μέσῃ
2744 3522 2940 3599 δῆλον,
2991 3531 3082 3583 καὶ
3112 3530 3318 3587 τούτων
3370 3529 3523 3587 οὐδὲν
3559 3533 3588 3587 6
3618 3531 3829 3607 θραύων

2176 3604 2378 3664 ἀσεϐεἷ’
2410 3611 2473 3666 τὸ
2500 3608 2559 3667 δὲ
2612 3616 2865 3687 μυστικὸν
2915 3621 3203 3692 ποτήριον,
3231 3620 3281 3693 ὃ,
3317 3621 3413 3677 κᾶν
3441 3604 3676 3695 θραυσθῇ
3705 3626 3833 3698 παρ’

2177 3698 2417 3768 ἑκόντος,
2468 3697 2635 3773 ἀσεϐῆ
2669 3707 2782 3779 (18)
2829 3713 2979 3762 ποιεῖ
3022 3710 3114 3763 τὸν
3162 3709 3642 3787 ἐπικεχειρηκότα,
3686 3710 3835 3784 παρὰ

2182 3787 2371 3862 μόνοις
2400 3794 2519 3852 τοῖς
2565 3792 2823 3866 νομίμως
2871 3802 3203 3870 προεστῶσιν
3258 3800 3577 3874 εὑρίσκεται·
3612 3799 3771 3862 οὗτος
3803 3800 3835 3853 6

2176 3876 2381 3950 τρόπος
2438 3879 2633 3934 τούτου
2684 3886 2781 3935 τοῦ
2840 3886 3110 3959 ποτηρίου
3172 3887 3363 3960 μόνος,
3415 3886 3589 3950 ἄλλος
3631 3886 3836 3957 οὐδείς,

2176 3970 2346 4020 Τοῦτο
2403 3967 2557 4039 ὑμεῖς
2615 3969 2869 4044 νομίμως
2907 3975 3200 4047 προπίνετε
3254 3982 3375 4038 τοῖς
3434 3974 3622 4039 λαοῖς’
3673 3981 3837 4033 τοῦτο

2180 4052 2344 4126 ὐμοῖς
2403 4055 2505 4109 ὑπὸ
2560 4061 2657 4111 τοῦ
2714 4056 3166 4129 ἐκκλησιαστικοῦ
3213 4064 3438 4127 κανόνος
3478 4060 3837 4140 παρελάϐετε⁶

2178 4147 2340 4197 τοῦτο
2403 4143 2565 4217 μόνον
2643 4144 2755 4202 ἐστὶ
2809 4154 2916 4204 τῶν
2971 4157 3072 4221 τῆς
3146 4150 3446 4224 καθολικῆς
3507 4153 3841 4224 Έκκλησίας

2181 4234 2559 4308 προεστώτων.
2592 4235 2768 4292 Μόνον
2801 4240 2905 4315 γὰρ
2940 4240 3092 4314 ὑμῶν
3126 4241 3235 4297 ἐστι
3268 4242 3551 4319 προπίνειν
3599 4245 3663 4299 τὸ
3703 4244 3845 4317 αἷμα

2180 4327 2277 4377 τοῦ
2306 4328 2559 4398 Χριστοῦ·
2616 4332 2723 4382 τῶν
2780 4325 2837 4382 δὲ
2868 4325 3056 4384 ἄλλων
3108 4330 3346 4395 οὐδενός.
3399 4331 3557 4388 Ἀλλ’
3606 4332 3730 4388 ὅσον
3774 4331 3843 4389 τὰ

2187 4412 2441 4486 μυστικὸν
2472 4414 2500 4467 6
2530 4411 2709 4468 θλάων
2759 4419 2877 4489 (19)
2923 4414 3146 4489 ἀσεϐὴς,
3194 4426 3451 4477 τοσοῦτον
3490 4416 3844 4498 ἀσεϐέστερος

2185 4505 2213 4558 6
2245 4500 2538 4579 ἐνυϐρίζων
2588 4505 2651 4560 τὸ
2704 4506 2837 4581 αἷμα
2883 4512 2981 4562 τοῦ
3029 4514 3283 4584 Χριστοῦ·
3339 4506 3604 4588 ἐνυϐρίζει
3654 4513 3760 4587 γὰρ
3811 4513 3844 4567 6

425 4602 624 4673 afficit,
654 4602 754 4674 qui
786 4606 993 4672 praeter
1042 4601 1496 4658 ecclesiasticam
1537 4602 1722 4673 legem
1758 4602 1901 4658 illud
1936 4603 2065 4675 agit.

2187 4596 2333 4670 natde
2386 4594 2478 4649 τὸν
2529 4592 2973 4665 ἐκκλησιαστικὸν
3032 4599 3227 4673 θεσμὸν
3276 4604 3441 4655 τοῦτο
3497 4603 3689 4658 ποιῶν.
3740 4600 3843 4656 Καὶ

425 4692 578 4765 (Haec
610 4694 805 4747 autem
838 4707 903 4746 eo
934 4690 1209 4761 dicimus,
1235 4708 1348 4745 non
1377 4692 1532 4763 quod
1558 4692 1646 4746 vel
1677 4692 2080 4749 schismatico-

426 4796 560 4836 rum
590 4778 865 4852 poculum
896 4797 930 4836 a
989 4779 1240 4835 Macario
1291 4780 1653 4835 confractum
1686 4781 1763 4836 sit
1790 4781 1891 4835 sed
1923 4782 2078 4853 quod

426 4870 509 4927 ibi
531 4868 763 4925 nullum
786 4869 1025 4925 omnino
1050 4869 1251 4923 fuerit:
1282 4870 1576 4940 quomodo
1594 4869 1749 4925 enim
1772 4871 2077 4944 adfuisset,

429 4975 564 5015 cum
588 4948 1492 5030 nequelocusessetDominicus,
1517 4957 1767 5031 necquis
1790 4960 1943 5015 106
1960 4959 2080 5017 illic

500 5067 545 5101 ⁷³
572 5067 714 5123 Tob.
743 5082 848 5136 xu,
877 5065 933 5120 7.
964 5065 1009 5099 π
1039 5063 1249 5120 Matth.
1285 5081 1384 5132 vn,
1416 5066 1471 5120 6.

500 5193 614 5276 (14)
648 5196 733 5249 Ita
753 5195 811 5276 et
832 5189 1057 5276 Beg.’et
1085 5190 1169 5245 sic
1190 5189 1525 5276 legendum,
1550 5194 1615 5246 ut
1635 5195 1813 5263 patet.
1851 5192 1999 5249 Editi
2024 5197 2082 5249 et

426 5259 525 5322 alii
580 5259 722 5321 mss.
754 5261 842 5317 ὑπ’
874 5259 1055 5329 αὐτόν,
1090 5259 1390 5316 mendose.

504 5337 617 5408 (15)
642 5338 809 5408 Reg.,
837 5329 1137 5408 ’Δχε).λᾶν.
1155 5334 1286 5389 Mox
1306 5333 1483 5408 idem,
1510 5328 1922 5408 διαϐάλλοντες.
1939 5335 2082 5408 Pau-

429 5407 487 5462 lo
501 5403 633 5479 post
653 5403 806 5463 idem
831 5403 1006 5479 quem
1022 5406 1081 5459 in
1102 5404 1209 5459 hoc
1225 5406 1549 5475 sequimur,
1566 5403 1727 5458 αὐτοῦ
1748 5410 1842 5459 τοῦ
1862 5405 2075 5479 βασιλης

430 5478 695 5534 ἰηίεᾱὶιίε
721 5481 818 5530 τοῦ
849 5478 1027 5531 deest.

504 5551 617 5617 (16)
651 5547 1025 5623 Βεζεη-οἷκῶν.

504 5616 619 5690 (17)
648 5616 765 5673 Μέῖ
798 5616 1004 5675 ’ᾱοεωι
1049 5618 1109 5674 in
1169 5619 1362 5691 editis,
1424 5634 1530 5674 nos
1585 5636 1654 5675 ex
1683 5619 1822 5691 Reg.
1882 5622 1939 5674 et
1966 5618 2081 5691 Ba-

435 5690 527 5748 sil.
563 5708 770 5749 sumus
824 5691 1098 5747 mutuati.
1162 5691 1292 5747 Mox
1342 5694 1476 5747 ante
1527 5691 1663 5744 κατά
1721 5690 1860 5763 Reg.
1916 5690 2079 5747 solus

2186 4685 2353 4739 ταῦτα
2384 4706 2556 4761 ιραμεν
2587 4688 2721 4759 (19⁹)
2745 4686 2853 4761 οὐχ
2889 4686 2969 4741 ὅτι
3019 4686 3115 4743 κᾶν
3165 4692 3540 4763 σχισματικῶν
3574 4691 3842 4766 ποτήριον

2188 4772 2480 4828 κέκλασται
2526 4777 2674 4851 παρά
2713 4775 3017 4851 Μακαρίου,
3068 4774 3196 4831 ἀλλ’
3244 4775 3326 4832 ὅτι
3375 4775 3544 4851 μηδὲν
3595 4779 3662 4848 ἦν
3694 4777 3845 4841 ὅλως

2191 4863 2319 4918 ἐκεῖ·
2380 4868 2501 4925 πῶς
2551 4864 2655 4939 γάρ
2690 4883 2703 4933 ;
2739 4863 2875 4918 ὅπου
2928 4866 3069 4938 μήτε
3121 4865 3289 4929 τόπος
3344 4873 3638 4941 Κυριακῆς,
3705 4870 3848 4941 μήτε

2186 4974 2271 5016 τις
2324 4951 2434 5009 ἐκεῖ
2477 4959 2580 5022 τῆς
2627 4950 2975 5024 Ἐκκλησίας,
3034 4950 3182 5009 ἀλλὰ
3241 4957 3381 5029 μήτε
3436 4956 3464 5010 6
3511 4957 3700 5032 καιρὸς
3752 4978 3851 5030 μυ-

2189 5188 2280 5243 καί
2311 5190 2510 5245 habet.

2262 5263 2378 5333 (18)
2407 5261 2693 5333 lta_Reg.,_
2715 5263 2773 5315 et
2822 5260 3060 5333 quidem
3110 5264 3281 5317 recte.
3317 5259 3494 5333 Basil.
3522 5277 3657 5333 vero
3688 5258 3716 5313 ὃ
3747 5260 3843 5316 κᾶν

2262 5276 2378 5333 (Ῑὸ)
2407 5276 2490 5315 ΠΒ.
2520 5276 2598 5316 ne
2648 5301 2682 5327 .,
2715 5276 2773 5315 ΘΕ
2822 5276 3060 5332 quidem
3110 5276 3281 5317 recte.
3317 5276 3494 5317 158.811.
3522 5277 3657 5318 νει-ο
3688 5276 3716 5313 ο
3747 5276 3843 5316 κᾶν

2189 5332 2447 5408 θραῦσθαι
2492 5331 2574 5403 ἀρ’
2603 5276 2843 5408 ἑκόντος,
2904 5327 3093 5401 ἀσεϐῆ.
3155 5333 3329 5400 Editi,
3379 5329 3464 5385 ὅτι
3512 5329 3571 5386 ἂν
3619 5333 3846 5408 θραῦσαι

2190 5397 2274 5475 ἄρ’
2305 5401 2462 5460 ἑκών.
2495 5397 2597 5473 τίς,
2633 5397 2822 5475 ἀσεϐῆ.

2261 5476 2566 5548 (19)7Reg.,
2586 5472 2834 5532 Oldvcov.

2262 5545 2401 5621 (19‘)
2433 5545 2520 5621 Ita
2544 5549 2707 5619 Reg,
2731 5547 2921 5621 ceteri
2943 5563 3076 5604 vero
3099 5564 3234 5603 cum
3258 5545 3398 5603 editi
3418 5550 3546 5605 tum
3568 5564 3712 5606 mss.
3734 5564 3840 5621 pro

2189 5617 2388 5695 φαμέν,
2424 5618 2517 5691 μέν
2546 5617 2779 5677 tantum
2809 5620 3047 5677 habent.
