4178 6374
397 363 518 431 269

1517 368 1911 433 APOLOGIA
1953 366 2267 430 CONTRA
2311 369 2682 435 ABIANOS.

3697 368 3818 435 270

399 499 635 579 στηρίων
688 498 796 572 ἧν;
855 499 1020 565 Οὗτος
1073 499 1128 557 δέ
1183 500 1322 558 ἐστιν
1355 503 1383 557 ὁ
1434 500 1892 577 πολυθρύλλητος
1941 503 2052 573 (20)

2179 504 2619 574 ecclesiasticus,
2655 509 2753 562 sed
2790 523 2974 579 neque
3004 510 3239 582 tempus
3262 504 3672 581 mysteriorum
3722 525 3816 566 es-

399 591 670 668 Ἰσχύρας,
702 592 730 646 ὁ
767 593 906 666 μήτε
963 589 1064 646 ὑπό
1106 599 1207 661 τῆς
1237 589 1564 661 Ἐκκλησίας
1624 593 2056 666 χειροτονηθεὶς,

399 682 488 736 καὶ
521 679 610 736 ὅτε
639 680 766 743 τοὺς
830 682 930 736 ὑπὸ
981 681 1247 737 Μελετίοτ
1294 683 1718 741 κατασταθέντας
1764 675 2056 753 πρεσϐυτέ-

402 792 529 846 ρους
560 769 919 845 Ἀλέξανδρος
970 769 1208 846 ἐδέχετο,
1269 770 1407 845 μηδὲ
1459 771 1681 832 ἐκείνοις
1736 771 2059 845 συναριθμη-

399 859 509 922 θείς
538 881 549 894 ·
587 860 762 922 οὕτως
796 858 919 915 ούδέ
953 861 1148 915 ἐκεῖθεν
1183 861 1500 929 κατεστάθη.

471 1043 558 1096 12.
594 1039 761 1103 Πόθεν
816 1037 906 1094 οὗν
958 1035 1317 1114 πρεσϐύτερος
1378 1039 1838 1116 Ἰσχύρας;τίνος
1899 1061 2058 1093 κατα-

399 1132 736 1199 στήσαντος;
786 1129 887 1204 ἆρα
937 1127 1290 1199 Κολλούθου;
1344 1133 1456 1203 (21)
1485 1135 1644 1184 τοῦτο
1694 1131 1795 1204 γὰρ
1837 1127 2051 1186 λοιπόν.

308 1243 317 1251 ·
401 1217 554 1275 Ἀλλ’
587 1219 667 1274 ὅτι
701 1217 1014 1281 Κόλλουθος
1058 1215 1420 1294 πρεσϐύτερος
1471 1217 1542 1272 ὢν
1592 1217 1925 1288 ἐτελεύτησε,
1963 1219 2050 1272 καὶ

395 1313 539 1362 πᾶσα
587 1308 710 1384 χεὶρ
759 1309 920 1363 αὑτοῦ
967 1309 1178 1384 γέγονεν
1211 1307 1428 1383 ἄκυρος,
1461 1309 1549 1362 καὶ
1582 1307 1776 1369 πάντες
1826 1309 1878 1360 οἱ
1926 1309 2051 1382 παρ’

395 1397 559 1452 αὑτοῦ
615 1398 1026 1459 κατασταθέντες
1081 1397 1130 1452 ἐν
1179 1403 1256 1469 τῶ
1306 1397 1568 1473 σχίσμα-ει
1600 1400 1710 1469 (22)
1745 1395 1927 1451 λαῖκοὶ
1959 1418 2048 1472 γε-

397 1487 606 1562 γόνασι,
658 1486 747 1542 καὶ
800 1486 942 1541 οὕτω
988 1488 1327 1561 συνάγονται,
1362 1485 1554 1558 δῆλον,
1586 1487 1674 1540 καὶ
1724 1483 1900 1539 Οὖδενῖ
1955 1506 2049 1539 κα-

395 1577 645 1646 θέστηκεν
694 1571 1024 1654 ἀμφίϐολον.
1061 1581 1182 1638 Πῶς
1215 1574 1305 1629 οὖν
1337 1573 1562 1644 ἰδιώτης
1614 1572 1918 1650 ἄνθρωπος,
1959 1575 2048 1628 καὶ

399 1665 634 1720 οἰκίσκον
697 1667 862 1720 οἰκῶν
924 1663 1216 1733 ἰδιωτικὸν,
1267 1667 1529 1740 ποτήριον
1587 1661 1730 1738 ἔχειν
1795 1665 2046 1736 μυστικὸν

395 1753 742 1825 πιστευθείη;
804 1754 947 1810 ἀλλὰ
1024 1754 1146 1808 τότε
1230 1756 1320 1808 τὸν
1395 1752 1617 1823 ἰδιώτην
1688 1750 2046 1829 πρεσϐύτερον

396 1843 704 1918 ὠνόμαζον,
728 1845 816 1899 καὶ
846 1846 946 1912 την
978 1845 1347 1919 προσηγορίαν
1380 1844 1526 1916 αὑτῷ
1569 1843 1768 1913 ταύτην
1822 1841 1909 1897 δια
1951 1845 2048 1911 την
2078 1879 2126 1943 Β

391 1935 508 1988 καθ’
561 1937 719 2007 ἡμῶν
769 1931 977 1988 ἀδικίαν
1031 1933 1373 2010 ἐχαρίζοντο,
1418 1932 1506 1986 γαὶ
1566 1937 1655 1986 νῦν
1712 1933 1897 2005 μισθὸν
1946 1938 2046 2000 τῆς

390 2023 718 2100 κατηγορίας
779 2022 1070 2093 ἐκκλησίας
1116 2022 1414 2096 οἰκοδομήν
1466 2023 1830 2096 προξενοῦσιν.
1864 2020 2049 2083 Οὕτως

394 2113 498 2167 οὑκ
527 2112 671 2187 εἶχεν
708 2112 996 2183 ἐκκλησίαν
1043 2110 1344 2188 ἅνθρωπος,
1379 2110 1526 2166 ἀλλὰ
1586 2110 1773 2182 μισθὸν
1825 2118 1925 2179 τῆς
1955 2131 2050 2164 κα-

396 2199 651 2270 κοηθείας
697 2201 787 2254 καὶ
834 2207 935 2269 τῆς
966 2200 1103 2273 πρὸς
1132 2200 1230 2268 τὴν
1263 2198 1590 2274 κατηγορίαν
1628 2199 1872 2268 ὑπακοῆς
1897 2221 1908 2232 ·
1958 2205 2048 2252 νῦν

397 2289 464 2358 ἢν
499 2289 598 2343 οὑκ
627 2289 744 2364 εἶχε
771 2285 1060 2361 λαμϐάνει,
1103 2288 1192 2342 καὶ
1232 2287 1377 2364 τάχα
1424 2289 1512 2342 καὶ
1575 2288 1872 2357 ἐπισκοπὴν
1929 2290 2049 2342 ἀντ-

400 2376 587 2433 έδοσαν
647 2379 793 2449 αύτῷ
849 2381 994 2450 (23)·
1047 2382 1214 2432 ταῦτα
1266 2379 1369 2452 γαρ
1417 2375 1606 2449 θρυλεῖ
1662 2379 1909 2452 περιιὼν,
1961 2378 2050 2431 καὶ

399 2467 544 2522 οὕτω
574 2468 689 2521 καθ’
719 2469 879 2539 ἡμῶν
935 2467 1266 2542 βρενθύεται.
1299 2466 1452 2521 Οὕτω
1503 2465 1692 2521 λοιπὸν
1752 2465 2054 2536 τηλικαῦτα

403 2553 612 2612 ἔπαθλα
663 2557 807 2630 παρὰ
859 2561 966 2610 τῶν
1028 2555 1337 2610 ἐπισκόπων
1393 2561 1509 2618 τοῖς
1581 2556 1906 2631 κατηγόροις
1966 2557 2055 2610 καὶ

400 2643 755 2724 συκοφάνταις
810 2645 1187 2720 προςτίθεταιο
1241 2645 1488 2713 εἰκότως,
1548 2646 1597 2698 οἱ
1655 2647 1754 2720 γὰρ
1810 2647 2058 2721 συνεργὸν

403 2735 480 2796 εἷς
521 2735 554 2788 ἃ
602 2731 800 2803 ἤθελον
860 2735 1017 2788 αὑτὸν
1075 2734 1391 2809 ἐσχηκότες,
1425 2735 1501 2796 ὡς
1557 2738 1663 2788 τῶν
1725 2736 2056 2810 πραγμάτων

400 2825 683 2896 κοινωνὸν,
736 2823 878 2878 οὕτω
927 2824 1018 2878 καὶ
1062 2831 1164 2894 τῆς
1210 2824 1406 2897 ὁμοίας
1459 2823 1758 2893 ἐπισκοπῆς
1792 2825 2056 2895 ἠξίωσαν.

400 2912 578 2969 Ἀλλὰ
611 2916 779 2988 μήπω
809 2918 996 2982 ταῦτα,
1030 2911 1108 2968 ἔτι
1140 2911 1197 2968 δὲ
1226 2916 1320 2976 τας
1353 2913 1515 2976 ἀκοὰς
1571 2920 1688 2976 τοῖς
1744 2914 1866 2968 τότε
1922 2934 2057 2988 πρα-

400 3005 578 3078 χθεῖσι
609 3005 736 3078 παρ’
765 3003 939 3058 αὑτῶν
975 3000 1178 3058 ἔνδοτε.

471 3185 558 3239 13.
592 3183 680 3250 Μὴ
744 3179 1064 3250 δυνηθέντες
1114 3178 1250 3256 πρὸς
1281 3183 1380 3250 τήν
1421 3181 1702 3254 ἀληθειαν,
1735 3180 1913 3235 καίτοι
1942 3184 2057 3236 κατ’

2170 595 2320 664 set?)
2359 598 2406 650 is
2439 603 2633 651 autem
2657 601 2744 652 est
2766 599 3026 654 famosus
3050 597 3149 654 ille
3175 598 3462 670 Ischyras,
3490 599 3589 670 qui
3614 614 3719 654 nec
3741 598 3813 653 ab

2167 685 2423 740 Ecclesia
2450 687 2752 742 ordinatus
2786 693 2891 754 est,
2927 705 3138 760 neque,
3171 705 3305 743 cum
3339 689 3813 761 presbyterorum

2169 792 2201 830 a
2221 774 2444 829 Meletio
2463 777 2863 831 ordinatorum
2882 777 3206 833 Alexander
3227 777 3556 848 catalogum
3575 777 3814 848 recepit,

2167 864 2240 920 iis
2271 864 2366 918 ille
2398 871 2820 921 annumeratus
2853 872 2978 934 est;
3015 872 3070 922 et
3096 868 3179 922 sic
3211 884 3398 938 neque
3459 867 3595 922 hinc
3653 867 3812 922 ordi-

2166 956 2462 1009 nationem
2496 956 2770 1009 habuisse
2805 958 3010 1026 pot-uit.

2240 1047 2325 1098 12.
2364 1045 2522 1099 [inde
2556 1046 2734 1116 igitur
2765 1047 3062 1117 presbyter
3111 1047 3426 1118 Ischyras?
3483 1064 3598 1118 quo
3656 1047 3812 1101 ordi-

2166 1138 2338 1188 nante
2361 1135 2386 1188 Ῥ
2420 1152 2560 1188 num
2595 1135 2863 1189 Collutho
2887 1137 2912 1189 ἰ)
2937 1137 2991 1189 id
3024 1137 3176 1190 enim
3209 1135 3399 1190 solum
3432 1135 3814 1206 restat.Atqui

2162 1222 2523 1290 Colluthum,
2558 1226 2961 1294 presbyterum
3009 1225 3244 1289 obiisse,
3305 1225 3627 1295 ambasque
3683 1226 3813 1295 ejus

2163 1329 2375 1366 manus
2399 1313 2523 1367 sine
2545 1314 2887 1367 auctoritate
2928 1313 3129 1380 fuisse,
3164 1331 3229 1368 ac
3258 1330 3460 1368 omnes
3494 1314 3592 1384 qui
3641 1314 3712 1368 ab
3745 1331 3810 1369 eo

2162 1401 2502 1456 schismatis
2527 1405 2785 1471 tempore
2811 1403 3061 1457 ordinati
3084 1407 3240 1469 sunt,
3266 1404 3336 1457 ad
3369 1403 3648 1458 laicorum
3693 1407 3812 1458 sta-

2160 1494 2288 1544 tum
2322 1491 2583 1545 redactos
2614 1490 2696 1544 ita
2745 1491 3122 1545 conventibus
3173 1491 3472 1557 interesse,
3533 1491 3810 1546 omnibus

2161 1584 2390 1646 notum,
2428 1597 2492 1633 ac
2527 1580 2671 1633 nulli
2698 1580 2944 1633 dubium
2967 1585 3072 1634 est.
3103 1579 3402 1642 Quomodo
3425 1579 3811 1652 igiturpriva-

2159 1673 2258 1722 tus
2281 1667 2476 1736 homo,
2498 1668 2555 1722 in
2579 1669 2806 1739 privata
2829 1669 2998 1723 domo
3016 1668 3814 1739 habitans,poculummysti-

2161 1775 2292 1812 cum
2329 1759 2541 1812 habere
2573 1759 2890 1812 credatur?
2916 1759 3022 1812 Sed
3055 1762 3194 1812 tunc
3227 1757 3307 1811 illi
3367 1757 3660 1828 privatum
3713 1757 3812 1812 ho-

2160 1847 2376 1902 minem
2396 1848 2800 1919 presbyterum
2821 1846 3212 1917 appellabant,
3239 1846 3419 1902 ethoc
3435 1845 3808 1910 vocabulum,

2162 1940 2228 1991 ut
2245 1937 2381 1991 hinc
2401 1937 2620 2006 injuste
2643 1953 2750 1991 nos
2771 1940 3063 2006 vexarent,
3079 1935 3630 2006 ipsitribuebant,et
3650 1952 3809 1990 nunc
3837 1985 3841 1988 λ

2160 2025 2220 2079 in
2251 2025 2636 2080 accusationis
2659 2025 3008 2091 mercedem,
3033 2025 3221 2080 eidem
3243 2025 3356 2096 ipsi
3397 2023 3652 2080 ecclesiae
3673 2041 3813 2080 con-

2165 2113 2543 2168 structionem
2579 2113 2923 2167 concedunt.
2961 2113 3106 2184 Ergo
3129 2112 3434 2168 ecclesiam
3459 2113 3661 2170 virille
3691 2130 3808 2168 non

2166 2203 2408 2268 habuit;
2444 2202 2545 2256 sed
2573 2204 2697 2270 jam
2733 2203 2789 2255 in
2825 2202 3152 2256 mercedem
3177 2200 3655 2272 malignitatis,ac
3686 2217 3805 2257 suae

2164 2293 2222 2347 in
2256 2292 2584 2347 accusando
2617 2291 3008 2361 obsequentia:
3042 2307 3219 2362 quam
3252 2307 3367 2346 non
3393 2291 3645 2346 habebat
3667 2291 3815 2346 acci-

2167 2382 2273 2454 pit,
2307 2386 2362 2436 et
2412 2383 2658 2435 fortasse
2718 2380 2798 2434 illi
2853 2380 3028 2434 etiam
3082 2379 3454 2453 episcopatus
3495 2380 3815 2451 praemium

2168 2470 2505 2527 contulere:
2545 2470 2598 2522 id
2631 2469 2784 2524 enim
2807 2469 2900 2523 ille
2925 2469 3624 2540 circumquaquejactitat
3645 2472 3700 2524 et
3734 2469 3818 2524 ita

2169 2563 2474 2616 adversum
2499 2576 2602 2613 nos
2628 2557 3123 2629 arroganteragit.
3151 2559 3336 2612 Tanta
3355 2557 3636 2613 nimirum
3669 2575 3814 2629 prae-

2170 2651 2290 2706 mia
2311 2649 2805 2704 obtrectatoribus
2839 2652 2892 2701 et
2915 2647 3288 2718 sycophantis
3316 2648 3386 2702 ab
3407 2647 3694 2719 episcopis
3717 2647 3817 2702 de-

2169 2742 2456 2805 feruntur,
2492 2742 2547 2792 et
2581 2738 2788 2791 merito
2822 2735 3057 2807 quidem
3087 2754 3099 2802 ;
3135 2753 3309 2807 quem
3333 2736 3488 2790 enim
3528 2735 3611 2790 illi
3645 2737 3815 2808 adju-

2170 2834 2356 2884 torem
2378 2826 2769 2897 suipropositi
2803 2825 2954 2879 nacti
2987 2829 3144 2891 sunt,
3179 2841 3312 2878 eum
3338 2830 3540 2896 utpote
3563 2824 3826 2896 negotio-

2170 2935 2301 2973 rum
2327 2917 2576 2980 socium,
2596 2914 2887 2969 consimili
2905 2914 3241 2985 episcopatu
3264 2915 3684 2970 donavere.Sed
3708 2931 3828 2970 non

2169 3024 2234 3063 eo
2267 3023 2359 3062 res
2389 3005 2643 3072 desinit;
2677 3020 2878 3059 aurem
2913 3003 3104 3058 adhuc
3148 3003 3399 3075 praebete
3430 3004 3502 3059 iis
3561 3021 3688 3076 quae
3748 3005 3824 3060 ab

2169 3097 2287 3152 illis
2317 3101 2455 3150 tunc
2487 3100 2653 3166 gesta
2679 3097 2836 3148 sunt.

2243 3187 2332 3240 t3.
2367 3184 2512 3239 Cum
2546 3183 2727 3253 igitur
2757 3182 2815 3236 in
2848 3181 3152 3237 veritatem
3185 3181 3493 3252 przevalere
3517 3199 3632 3237 non
3684 3199 3822 3254 pos-

400 3270 571 3339 αὑτῆς
636 3270 1154 3341 παρεσκευασμένοι,
1208 3269 1297 3323 καὶ
1359 3269 1408 3322 ἐν
1475 3269 1632 3344 Τύρῳ
1704 3269 1870 3343 μηδὲν
1928 3271 2059 3325 ἀπο-

2179 3280 2329 3342 sent,
2362 3289 2700 3344 quanquam
2732 3272 3011 3326 adversus
3041 3270 3200 3325 illam
3241 3287 3368 3326 sese
3423 3272 3780 3328 adornarent
3811 3291 3824 3329 :

402 3356 674 3430 δείξαντος
706 3358 949 3432 ’[σχύρα,
982 3356 1128 3412 ἀλλά
1187 3359 1522 3434 συκοφάντου
1573 3356 1943 3431 δεικνυμένου,
1975 3362 2064 3415 καὶ

402 3449 502 3514 τήν
555 3447 815 3514 συσκευήν
867 3447 1042 3500 αὑτῶν
1093 3453 1198 3514 τῆς
1249 3445 1603 3524 συκοφαντίας
1676 3445 1936 3520 λυούσης,
1990 3450 2066 3511 εἷς

405 3532 708 3607 ἀποδείξεις
787 3537 902 3608 (24)
985 3533 1375 3610 ὑπερτίθενται,
1438 3535 1526 3589 καὶ
1640 3535 2064 3611 ἐπαγγέλλονται

408 3625 643 3698 πέμψειν
694 3623 742 3696 ἐξ
794 3623 994 3678 ἑαυτῶν
1045 3623 1174 3686 τοὺς
1219 3625 1355 3678 κατὰ
1415 3625 1711 3700 Μαρεώτην
1746 3626 2065 3701 πολυπραγ-

411 3715 771 3786 μονήσοντας.
825 3713 923 3766 Καὶ
975 3712 1080 3775 οὖς·
1138 3715 1304 3785 ἡμεῖς
1369 3713 1753 3789 παρῃτούμεθα
1823 3721 2067 3792 φανερῶς

985 3533 1375 3610 ὑπερτίθενται,
1438 3535 1526 3589 καὶ

407 3797 496 3856 διὰ
542 3798 748 3870 πολλὰ,
781 3802 870 3855 καὶ
920 3802 996 3864 ὡς
1044 3803 1111 3856 τὰ
1165 3802 1378 3875 ’Δρείου
1427 3807 1782 3879 φρονοῦντας,
1830 3805 1919 3858 καὶ
1980 3802 2067 3858 διὰ

402 3895 564 3947 τοῦτο
615 3893 775 3965 ἡμῶν
829 3892 1082 3967 ἐχθροὺς,
1125 3891 1444 3948 ἀπέστειλαν
1489 3892 1641 3946 αὑτοὶ
1688 3892 1885 3970 κρύφα,
1920 3895 2068 3970 χρώ-

410 4001 559 4053 μενοι
606 3984 674 4054 τῇ
720 3979 1018 4053 δυναστείᾳ,
1055 3981 1299 4057 Διόγνιον
1355 3984 1491 4054 (25),
1533 3980 1727 4054 Μάριν,
1761 3979 2064 4058 Θεόδωρον,

404 4067 759 4139 Μακεδόνιον,
795 4068 889 4126 δύο
921 4069 1217 4145 νεωτέρους
1252 4072 1351 4139 τήν
1402 4070 1624 4140 ἡλικίαν
1665 4071 1754 4125 καὶ
1805 4073 1896 4125 τὸν
1936 4073 2064 4147 τρό-

404 4179 532 4228 πον,
595 4158 893 4232 Οὑρσάκιον
951 4160 1041 4214 καὶ
1099 4160 1316 4230 eadem
1397 4160 1502 4215 ἀπὸ
1582 4161 1914 4223 Παννονίας·
1975 4161 2066 4216 καί

406 4249 556 4302 οὗτοι
616 4250 749 4322 μετὰ
791 4251 890 4317 την
948 4250 1215 4319 τοσαύτην
1278 4247 1424 4319 ὁδὸν,
1480 4251 1547 4317 ἦν
1605 4251 1919 4324 ὑπέμειναν,
1973 4250 2065 4305 ’ίνα

408 4334 670 4392 δικασωσι
717 4342 797 4409 τῷ
847 4337 1048 4412 ἐχθρῷ,
1082 4336 1246 4391 πάλιν
1298 4338 1402 4392 ἀπὸ
1445 4337 1618 4412 Τύρου
1655 4339 1744 4393 καὶ
1777 4340 1852 4401 εἰς
1883 4339 2067 4413 Ἀλεξ-

631 4445 773 4519 Reg.
813 4441 1256 4519 πολυθρύλητος,
1275 4445 1434 4519 etita
1452 4446 1671 4519 passim
1698 4444 1911 4518 θρυλέω
1930 4466 2062 4504 cum

413 4513 692 4572 derivatis
719 4513 858 4572 cum
891 4513 1063 4572 unico
1094 4513 1125 4568 λ
1159 4517 1218 4571 in
1241 4513 1672 4573 eodem—codice
1703 4513 2060 4575 scribuntur.

411 4589 726 4677 Existimat
758 4589 1191 4677 Felck‘mannus
1223 4587 1346 4677 hzec
1377 4605 1529 4677 ‘culm
1600 4592 2065 4677 praecedentibus
2098 4612 2146 4677 D

414 4678 532 4716 non
556 4661 865 4731 cohzerere,
886 4665 1062 4730 atque
1085 4661 1227 4715 adeo
1261 4663 1590 4731 contextum
1608 4678 1743 4731 esse
1767 4662 2067 4728 mutilum,

413 4733 515 4787 sed
549 4729 886 4796 immerito;
909 4727 1029 4787 haec
1062 4732 1217 4786 enim
1241 4749 1252 4784 :
1280 4729 1446 4790 Οὗτος
1489 4727 1543 4783 δέ
1604 4729 1740 4783 ἐστιν
1806 4734 1831 4784 ὁ
1891 4754 1958 4785 πο
1988 4755 2062 4785 κυ-

410 4800 745 4878 ϐρύλλητος,
791 4804 1192 4878 superioribus
1241 4808 1387 4878 sunt
1436 4804 1754 4878 referenda.
1807 4800 2061 4878 ΔῚένύϐρί-

412 4871 490 4942 ζει
547 4875 651 4948 γὰο
711 4871 740 4928 ὅ
796 4871 942 4948 παρὰ
992 4872 1084 4928 τόν
1142 4871 1591 4942 ἐκκλησιαστικὸν
1638 4874 1858 4948 ⁸θεσμὸν
1939 4871 2060 4930 τοῦ-

405 4966 468 5000 το
501 4945 699 5015 ποιῶν,
731 4945 1081 5018 intcrmedia
1109 4962 1243 5018 vero
1277 4945 1651 5018 parenthensi
1712 4945 2058 5003 claudenda.

479 5018 657 5074 Paulo
688 5024 821 5089 post
851 5015 1139 5088 ΜεΛετίου,
1200 5015 1484 5089 ita__mss.
1548 5035 1750 5089 omnes
1810 5025 1866 5073 et
1921 5021 2058 5075 edit.

407 5086 708 5146 Commelf
738 5089 930 5144 Editio
963 5086 1158 5144 autem
1203 5087 1570 5156 Parisiensis,
1634 5086 1894 5143 Μελιτίου
1953 5092 2060 5145 ha-

408 5161 542 5234 bet:
578 5165 862 5234 putarunt
893 5176 1102 5234 nempe
1132 5159 1384 5214 editores
1406 5176 1540 5234 cum
1591 5160 1735 5234 alias
1784 5163 1900 5217 fere
1953 5169 2059 5215 Ms-

410 5228 595 5306 λίτιοξ
642 5233 890 5306 legatur,
926 5232 1010 5287 ita
1034 5228 1132 5286 hic
1163 5247 1397 5306 quoque
1426 5231 1739 5306 legendum
1773 5250 1920 5288 esse.
1945 5235 2062 5290 Nos

403 5321 540 5384 vero
564 5301 871 5384 lectionem
899 5301 1438 5384 manuscriptorum
1462 5301 1804 5384 retinemus,
1823 5310 1880 5360 et
1900 5307 2062 5384 Mele-

404 5377 549 5448 tium
574 5393 808 5448 semper
826 5375 1027 5430 Latine
1054 5375 1390 5448 scribimus,
1412 5375 1470 5430 in
1494 5376 1601 5430 hoc
1623 5378 1902 5431 Auctores
1960 5379 2061 5433 La-

408 5447 568 5503 tinos
584 5445 1156 5520 Athanasiorcomvos
1185 5445 1416 5520 imitati.
1450 5447 1725 5520 Evagrius
1775 5453 1930 5503 certe
1961 5449 2061 5520 qui

407 5520 647 5575 Antonii
667 5521 846 5575 vitam
870 5519 942 5575 ab
964 5517 1282 5573 Athanasio
1307 5519 1696 5575 conscriptam
1722 5521 1916 5575 Latine
1938 5517 2062 5575 ver-

409 5591 505 5661 tit,
540 5607 773 5663 semper
792 5592 1065 5663 Melctz'uis,
1092 5606 1206 5644 non
1239 5589 1499 5656 Melitz’us,
1535 5589 1734 5663 habet.
1797 5593 1866 5646 Et
1922 5608 2064 5646 sane

413 5658 551 5734 cum
583 5658 897 5734 aliquando
926 5658 1188 5734 Μελέτιος
1223 5677 1357 5734 cum
1389 5680 1413 5714 ε
1434 5661 1744 5734 scribatur,
1773 5663 2061 5719 incertum

413 5751 490 5794 an
519 5732 626 5788 ἀπὸ
656 5731 752 5788 τοῦ
782 5731 1070 5806 Μελετίου,
1093 5731 1354 5790 Μελιτίου
1414 5732 1635 5792 sensim
1683 5734 1903 5791 factum
1962 5735 2062 5804 sit,

2175 3370 2387 3420 etcum
2409 3361 2542 3433 Tyri
2562 3360 2707 3415 nihil
2728 3361 2992 3432 lschyras
3010 3361 3254 3431 probare
3275 3360 3581 3432 potuisset,
3607 3362 3707 3416 sed
3732 3378 3828 3434 sy-

2177 3451 3026 3525 cophantadeprehenderetur,
3045 3467 3109 3504 ac
3125 3449 3376 3521 ipsamet
3391 3451 3516 3521 ejus
3530 3450 3831 3508 calumnia

2177 3559 2378 3598 eorum
2398 3539 2891 3611 conspirationem
2911 3543 3189 3594 everteret
3206 3558 3216 3605 ;
3236 3543 3299 3593 ut
3316 3556 3462 3595 nova
3481 3545 3829 3610 argumenta

2178 3635 2542 3701 comparent,
2568 3629 2866 3699 negotium
2894 3629 3285 3698 suspendunt,
3305 3644 3369 3682 ac
3393 3627 3743 3700 pollicentur
3763 3647 3828 3685 se

2177 3738 2248 3776 ex
2281 3719 2408 3775 suis
2443 3718 2667 3789 aliquot
2698 3717 2796 3787 qui
2826 3734 2948 3772 rem
2982 3717 3321 3787 diligentius
3352 3717 3720 3789 explorarent
3766 3719 3828 3774 in

2178 3811 2496 3865 Mareotem
2529 3807 2834 3861 missuros.
2857 3809 3010 3871 Quos
3033 3810 3228 3860 autem
3253 3821 3360 3861 nos
3377 3805 3582 3862 multis
3603 3807 3674 3862 de
3696 3823 3835 3862 cau-

2179 3900 2259 3955 sis
2284 3898 2475 3969 palam
2502 3896 2926 3962 recusavimus,
2953 3898 3009 3949 et
3031 3896 3182 3966 quod
3208 3911 3339 3949 cum
3362 3895 3495 3951 Ario
3523 3895 3829 3965 sentirent,

2178 4005 2242 4044 ac
2275 3987 2518 4059 proinde
2545 3985 2766 4040 inimici
2792 3985 2973 4039 nostri
2998 3990 3231 4050 essent;
3268 3984 3374 4040 hos
3393 3984 3502 4051 illi,
3524 3986 3834 4057 tyrannica

2176 4076 2272 4132 usi
2303 4078 2610 4147 potestate,
2636 4073 2785 4129 clam
2811 4074 3024 4128 misere
3041 4073 3380 4146 Diognium,
3415 4073 3623 4143 Marin,
3647 4074 3833 4130 Theo-

2177 4168 2409 4230 dorum,
2445 4163 2874 4227 Macedonium,
2916 4161 3182 4232 duosque
3235 4167 3400 4217 aetate
3452 4167 3508 4218 et
3564 4163 3830 4219 moribus

2168 4255 2436 4327 juniores
2460 4251 2764 4308 Ursacium
2790 4255 2846 4304 ct
2864 4249 3165 4305 Valentem
3190 4250 3249 4304 in
3272 4251 3574 4307 Pannonia
3603 4250 3828 4322 episco-

2176 4362 2301 4417 pos,
2339 4343 2436 4413 qui
2472 4346 2604 4413 post
2632 4341 2778 4395 tanti
2810 4340 3038 4394 itineris
3071 4339 3318 4411 labores,
3345 4340 3567 4395 inimici
3613 4340 3703 4394 sui
3728 4341 3833 4410 ju-

2177 4471 2249 4508 an
2282 4468 2414 4505 vero
2445 4447 2957 4504 indiscriminatim
2992 4447 3064 4500 ab
3116 4446 3398 4518 antiquis,
3455 4442 3719 4507 Μελέτιος
3774 4454 3833 4504 et

2175 4521 2684 4594 Maurumﬁllcmm
2720 4519 2828 4594 Sit:
2888 4591 2904 4594 ..
3216 4590 3229 4594 -
3355 4589 3404 4594 ιλ
3480 4528 3485 4533 ι

2249 4597 2358 4664 (ῃ)
2394 4589 2705 4643 ιςολλοέωω
2729 4596 2784 4643 οι,
2817 4585 3320 4664 ἱ-ῃξςίι-Ιίόλλουθος.
3349 4589 3442 4664 Sic
3463 4606 3821 4664 omnesmss.

2181 4660 2306 4721 cod.
2337 4660 2391 4718 et
2415 4664 2550 4717 edit.
2583 4661 2858 4715 Commcl.
2887 4661 3040 4715 Edit.
3075 4666 3268 4714 autem
3294 4662 3474 4716 Paris.
3503 4660 3653 4716 male
3684 4667 3787 4714 Ko-

2175 4734 2372 4789 ),τ,-;‹›τ,-)
2406 4741 2461 4789 et
2496 4731 2764 4791 κόλωθος
2799 4734 2991 4807 habet.
3017 4733 3151 4807 Erat
3180 4733 3225 4786 is
3249 4732 3556 4807 Colluthus
3579 4735 3819 4807 presby-

2174 4815 2261 4863 ter
2283 4807 2726 4870 Alexandrinus,
2753 4805 2850 4874 qui
2875 4809 3037 4857 tanta
3063 4805 3480 4875 l'uitsuperbia,
3499 4809 3561 4858 ut
3612 4805 3819 4862 adver-

2173 4899 2274 4936 sus
2290 4879 2679 4934 Alexandrum
2698 4878 3037 4949 episcopum
3060 4876 3358 4949 insurgere
3381 4879 3823 4949 ausus,presby-

2175 4957 2329 5006 toros
2364 4949 2670 5005 ordinandi
2695 4947 3100 5003 auctoritatem
3120 4947 3230 5002 sibi
3249 4948 3556 5019 arrogarit,
3589 4947 3659 5004 de
3703 4947 3823 5020 quo.

2172 5024 2362 5078 fusius
2396 5021 2565 5075 alias.

2245 5096 2356 5165 (22)
2390 5098 2550 5165 Reg,
2582 5089 2631 5143 ἐν
2658 5094 2736 5160 τῷ
2771 5090 3018 5165 σχήματι
3055 5106 3066 5142 :
3093 5089 3188 5144 alii
3213 5105 3416 5165 omnes
3441 5088 3578 5144 editi
3607 5095 3664 5144 et
3693 5107 3817 5165 rna-

2174 5159 2569 5235 nu‘scripti,'év
2601 5167 2680 5232 τῷ
2713 5159 2981 5236 σχήματι,
3016 5178 3192 5232 quam
3213 5159 3522 5218 lectionem
3548 5161 3713 5233 sequi
3739 5165 3822 5218 vi-

2173 5254 2303 5293 sum
2336 5241 2444 5292 est.

2245 5310 2356 5378 (23)
2388 5308 2466 5362 De
2497 5305 2707 5361 collato
2730 5304 2976 5378 Ischyrae
2999 5303 3337 5378 episcopatu
3368 5302 3428 5357 in
3489 5304 3817 5360 mercedem

2175 5374 2480 5434 calumnia}
2514 5395 2653 5440 suae,
2688 5378 2837 5431 inl'ra
2870 5377 2987 5443 agit
3013 5374 3387 5429 Athanasius.

2247 5453 2358 5519 (2'1)
2419 5453 2503 5505 Ita
2563 5451 2702 5520 lteg.
2765 5451 2820 5501 et
2877 5445 3050 5501 Basil.
3113 5445 3266 5498 Editi
3333 5462 3488 5512 vero,
3550 5444 3626 5506 εἷς
3687 5443 3820 5499 ἀπό-

2177 5518 2280 5584 δειξ
2295 5544 2356 5574 ιν.

2247 5588 2358 5664 (25)
2390 5594 2470 5647 De
2503 5587 3385 5664 I)iognio,_sivej‘heogniqvide
3415 5605 3544 5658 quae
3567 5589 3819 5645 dicimus

2174 5658 2351 5736 paulo
2382 5664 2531 5720 infra
2562 5658 2890 5718 ad'initium
2924 5658 3191 5732 Epistola:
3225 5658 3386 5714 Julii.
