4178 6388
356 343 471 408 271

894 344 962 413 S.
1006 348 1431 415 ATHANASII
1473 348 1648 416 OPP.
1693 349 1899 413 PARS
1940 346 1992 410 Ῑ.
2025 379 2104 392 -
2134 345 2558 411 HISTORICA
2601 343 2704 409 ET
2748 343 3245 410 DOGMATIGA.

364 479 601 538 dicandi
618 496 802 542 causa
829 488 1152 557 susceptos,
1174 502 1409 543 rursum
1430 487 1579 559 Tyro
1601 485 2014 542 Alexandriam

2145 477 2375 554 ἰνδρειαν
2430 480 2768 556 ἠπείγοντοο
2832 476 2975 552 μηδὲ
3024 477 3087 534 τὸ
3146 477 3419 555 μάρτυρες
3449 475 3504 532 οἰ
3545 453 3794 533 δικασταῖ

363 576 507 628 sunt
537 572 798 643 profecti.
834 573 949 629 Nec
979 580 1347 642 recusarunt,
1370 575 1752 648 licetjudices
1795 580 2014 641 essent,

364 664 550 717 testes
580 661 726 729 fieri,
756 663 855 718 sed
875 680 1109 719 omnem
1133 664 1485 720 insidiarum
1507 666 1792 721 rationem
1819 668 2019 737 aperte

369 750 643 823 amplexi,
677 752 914 822 quosvis
943 752 1173 809 labores
1190 753 1517 827 itineraque
1540 754 1865 819 subiere,ut
1888 770 2022 809 con-

371 838 571 895 ﬂatam
606 840 1100 912 conspirationem
1132 843 1202 897 ad
1236 843 1505 899 effectum
1546 844 1916 899 deducerent.
1950 842 2021 897 Et

370 928 709 1000 episcopum
734 930 973 1001 quidem
995 930 1378 988 Athanasium
1401 933 1460 987 in
1489 938 1762 989 extranea
1784 931 2020 1004 regione

367 1017 672 1072 detentum
703 1017 1023 1090 reliquere:
1060 1020 1173 1091 ipsi
1204 1038 1337 1077 vero
1366 1022 1424 1077 in
1460 1022 1775 1077 adversarii
1798 1021 1889 1077 sui
1921 1038 2020 1075 ur-

363 1106 497 1162 bem
517 1105 767 1179 ingressi
791 1112 950 1180 sunt,
969 1111 1137 1181 quasi
1154 1110 1212 1165 in
1232 1111 1549 1166 Ecclesiam
1575 1117 1631 1166 et
1652 1112 1709 1166 in
1736 1109 2021 1183 populum

370 1194 893 1252 debaccharentur.
912 1198 1053 1266 lmo,
1071 1200 1225 1270 quod
1243 1201 1558 1256 absurdius
1570 1204 1814 1265 est,cum
1835 1199 2024 1272 lsehy—

365 1293 491 1339 ram
517 1288 916 1341 accusatorem
942 1303 1143 1343 secum
1171 1289 1548 1360 adducerent,
1571 1289 1888 1344 Macarium
1922 1286 2024 1360 qui

368 1373 757 1430 accusabatur
785 1376 950 1446 sequi
986 1393 1101 1432 non
1133 1378 1469 1449 permisere,
1520 1380 1621 1433 sed
1676 1395 1809 1434 eum
1868 1379 2019 1433 107

367 1460 503 1534 Tyri
526 1461 585 1517 in
619 1464 890 1518 custodia
910 1464 1199 1537 reliquere
1226 1483 1239 1533 ;
1262 1466 1387 1539 ipse
1409 1468 1564 1523 enim
1587 1468 1873 1523 Macarius
1901 1483 2025 1538 pre-

369 1551 568 1624 sbyter
596 1550 1027 1609 Alexandrinus
1057 1571 1297 1611 sursum
1328 1557 1603 1612 deorsum
1635 1557 1708 1612 ab
1757 1555 1906 1629 ipsis
1965 1556 2025 1611 in

370 1638 593 1695 crimen
626 1642 971 1698 vocabatur.

448 1729 532 1783 14.
565 1728 685 1785 Soli
716 1730 896 1803 igitur
926 1747 1060 1787 cum
1092 1737 1429 1790 accusatore
1474 1732 1881 1789 Alexandriam
1936 1731 2026 1787 in-

2126 571 2370 645 γενέσθαι
2429 570 2923 646 παραιτησάμενοι,
2987 565 3135 623 ἀλλά
3182 568 3358 623 πάντα
3414 565 3618 644 τρόπον
3669 565 3794 622 ἐπι-

2128 655 2337 727 ϐουλῆς
2398 656 2782 732 ἀναδεξάμενοι
2842 662 3110 737 φανερῶς,
3169 658 3260 711 καὶ
3318 656 3491 711 πάντα
3549 657 3793 730 κάματον

2126 748 2215 802 καὶ
2268 754 2438 803 πᾶσαν
2475 745 2596 803 ὁδὸν
2642 744 3107 817 ὑποστάντες,⁶ίνα
3163 747 3265 815 τὴν
3321 745 3795 819 κατασκευαζομὲ-

2124 859 2223 908 νην
2282 838 2541 906 ωσκευήν
2600 834 2961 912 πληρώσωσι.
3020 834 3121 892 Καὶ
3187 836 3277 891 τὸν
3332 835 3426 908 μὲν
3486 833 3781 890 ἐπίσκοπον

2130 928 2442 981 ’Δθανάσιον
2514 926 2882 1001 κατεχόμενον
2960 925 3049 981 ἐπὶ
3129 926 3284 995 ζένης
3349 927 3465 998 (26)
3517 924 3742 1003 ἠφίεσαν
3770 946 3785 959 ο

2127 1014 2281 1069 αὐτοὶ
2332 1012 2389 1070 δὲ
2437 1014 2517 1077 εἰς
2560 1015 2660 1083 τήν
2704 1019 2801 1070 τοῦ
2852 1013 3051 1090 ἐχθροῦ
3098 1012 3262 1069 πόλιν
3305 1012 3574 1087 εἰσῄεσαν,
3610 1012 3792 1085 ὥσπερ

2130 1102 2591 1177 ἐπικωμάζοντες,
2623 1103 2713 1158 καὶ
2742 1108 2812 1177 τῇ
2842 1102 3143 1175 Ἐκκλησίᾳ
3195 1103 3285 1158 καὶ
3342 1107 3421 1174 τῷ
3461 1101 3583 1174 λαῷ
3610 1103 3701 1157 καὶ
3729 1103 3793 1157 τὸ

2128 1191 2613 1268 παραλογώτερον,
2644 1192 2893 1268 Ἰσχύραν
2919 1194 3012 1248 τὸν
3059 1194 3367 1269 κατήγορον
3421 1192 3535 1265 μεθ’
3583 1191 3787 1247 ἑαυτῶν

2132 1281 2482 1357 ἐπαγόμενοι,
2526 1282 2799 1355 Μακάριον
2853 1282 2947 1337 τὸν
2998 1280 3480 1357 κατηγορούμενον
3539 1278 3641 1335 οὐκ
3696 1278 3794 1335 ἐπ-

2132 1372 2355 1447 έτρεψαν
2414 1368 2804 1440 ἀκολουθῆσαι,
2884 1369 3010 1426 ἀλλ’
3064 1366 3373 1449 ἔμφρουρον
3448 1369 3660 1447 ἀφῆκαν
3740 1368 3793 1424 ἐν

2130 1460 2310 1536 Τύρῳ.
2341 1462 2485 1514 Ἀνω
2542 1460 2646 1536 γὰρ
2704 1460 2794 1513 καὶ
2851 1461 2999 1515 κάτω
3047 1460 3327 1536 Μακάριος
3357 1459 3386 1512 ὁ
3416 1452 3786 1534 πρεσϐύτερος

2132 1557 2231 1619 τῆς
2285 1546 2692 1626 Ἀλεξανδρείας
2745 1550 2987 1625 ὑπήγετο
3034 1550 3160 1624 παρ’
3213 1547 3390 1604 αὐτῶν
3446 1552 3525 1620 τῷ
3581 1546 3789 1624 ἐγκλή-

2140 1660 2290 1713 ματι.
2766 1638 2767 1641 “

2209 1731 2295 1785 14.
2331 1726 2499 1784 Μόνοι
2557 1726 2739 1783 τοίνυν
2803 1729 2938 1801 μετὰ
2990 1732 3090 1783 τοῦ
3136 1726 3449 1803 κατηγόρου
3494 1727 3594 1796 τήν
3628 1726 3795 1785 Ἀλε-

371 1818 580 1891 gressi,
598 1818 796 1891 ipsum
821 1820 1032 1877 domus
1052 1822 1317 1894 ejusdem
1340 1839 1676 1895 menszeque
1696 1825 2027 1878 consortem

2145 1814 2412 1891 Ξάνδρειαν
2441 1818 2554 1891 (27)
2585 1814 2940 1887 εἰσελθόντες,
2986 1816 3235 1873 σύνοικον
3291 1816 3474 1890 αὐτὸν,
3525 1815 3617 1871 καὶ
3671 1836 3791 1871 συν-

2146 1912 2154 1923 ο
2439 1906 2454 1923 \
2680 1906 2693 1923 I
2852 1905 2875 1923 ,Ι
3193 1906 3209 1923 \
3298 1906 3313 1923 \
3403 1903 3429 1923 )I
3731 1912 3760 1923 η

372 1922 438 1962 ac
468 1912 868 1980 compotorem
899 1909 1181 1978 habuere,
1217 1916 1641 1985 assumptoque
1670 1927 1791 1967 una
1840 1909 2028 1966 Phila~

367 1995 495 2067 grio
528 1997 754 2070 zEgypti
787 1999 1081 2070 praefecto,
1119 2000 1190 2071 in
1221 2001 1538 2058 Mareotem
1576 2017 1637 2058 se
1688 1998 1984 2055 contulere
2013 2014 2027 2053 :

371 2089 550 2158 atque
578 2085 700 2142 illic
727 2087 949 2143 scilicet
978 2088 1087 2145 soli
1119 2106 1223 2162 pro
1256 2108 1365 2147 sua
1393 2090 1641 2146 libidine
1690 2106 1825 2146 cum
1883 2104 2030 2159 prm-

377 2174 534 2230 dicto
555 2174 678 2231 viro
708 2175 1149 2248 inquisitionem
1175 2179 1380 2235 fecere.
1403 2180 1602 2252 Neque
1623 2178 2033 2251 permisere,ut

375 2264 700 2337 presbyteri
731 2264 852 2321 illic
874 2267 1248 2329 interessent.
1281 2268 1417 2325 licet
1446 2268 1505 2325 id
1538 2269 1623 2323 illi
1642 2268 1910 2339 impense
1938 2281 2032 2321 ro-

380 2356 604 2427 garent.
637 2354 771 2411 Ideo
804 2359 1002 2412 autem
1032 2358 1351 2431 presbyteri
1387 2358 1550 2414 urbis
1593 2363 1650 2413 et
1702 2356 1885 2412 totius
1941 2370 2030 2409 re-

376 2440 589 2514 gionis,
622 2447 690 2499 ut
719 2443 830 2499 sibi
861 2444 947 2500 illi
978 2446 1183 2503 adesse
1214 2447 1434 2516 liceret,
1500 2446 1894 2521 postulabant,
1969 2447 2037 2498 ut

381 2530 716 2588 submissos
746 2532 819 2588 ab
848 2534 1088 2607 Ischyra
1116 2539 1297 2592 testes
1327 2536 1759 2605 convincerent,
1791 2534 2035 2605 quinam

385 2622 445 2674 et
467 2620 759 2676 undenam
784 2627 1005 2681 essent.
1044 2628 1120 2679 At
1138 2624 1225 2679 illi
1247 2642 1444 2682 sacros
1471 2626 1708 2698 quidem
1732 2623 2036 2680 ministros

386 2707 594 2764 adesse
623 2726 739 2765 non
773 2726 1151 2783 concessere;
1189 2716 1291 2772 sed
1323 2732 1520 2772 coram
1537 2714 1788 2771 ethnicis
1814 2714 1884 2769 de
1941 2728 2033 2767 ec-

384 2795 599 2865 clesia,
617 2798 690 2854 de
710 2798 908 2869 calice,
933 2801 1005 2858 de
1035 2820 1258 2871 mensa,
1283 2805 1354 2860 de
1384 2805 1566 2861 sacris
1594 2805 1770 2860 rebus
1793 2800 2038 2874 inquisi-

388 2884 611 2941 tionem
642 2886 925 2944 fecerunt.
952 2893 1023 2945 Et
1051 2893 1207 2963 quod
1239 2893 1477 2965 gravius
1506 2899 1614 2961 est,
1650 2892 1916 2949 ethnicos
1973 2890 2034 2945 in

381 2975 583 3045 testes,
615 2991 751 3031 cum
783 2977 855 3033 de
886 2980 1133 3053 mystico
1164 2982 1370 3054 poculo
1409 2982 1823 3054 disquirerent,
1857 2980 2034 3036 advo-

383 3066 631 3118 carunt:
663 3063 783 3121 imo
804 3083 951 3137 quos
973 3068 1045 3123 ab
1070 3070 1392 3127 Athanasio
1416 3071 1692 3127 Catholici
1717 3070 1906 3128 accitu
1940 3085 2033 3124 ra-

379 3154 513 3223 ptos
542 3168 673 3208 esse
704 3154 1153 3230 afﬁrmaverant,
1188 3176 1454 3232 quosque
1475 3160 1717 3216 ubinam
1744 3165 2031 3215 terrarum

2138 1912 2335 1979 ἐστιον,
2365 1906 2455 1962 καὶ
2514 1906 2797 1980 συμπότην
2850 1905 3091 1983 ἔχοντες,
3121 1906 3211 1961 καὶ
3260 1906 3351 1961 τὸν
3403 1903 3642 1983 ἔπαρχον
3692 1912 3795 1976 τῆς

2137 1997 2418 2072 Αἰγύπτου
2451 1994 2754 2071 Φιλάγριον
2784 1991 3212 2073 παραλαϐόντες,
3238 1995 3327 2051 ἐπὶ
3355 1996 3455 2066 την
3489 1996 3791 2071 Ηαρεώτην

2141 2084 2388 2156 ἀπῆλθον
2414 2105 2427 2118 ·
2459 2086 2615 2140 κάκεῖ
2646 2082 2801 2155 δῆθεν
2843 2084 3128 2141 ἐποιοῦντο
3171 2086 3270 2155 τὴν
3320 2084 3553 2156 ἐξέτασιν
3613 2082 3793 2158 μόνοι,

2141 2176 2217 2238 ὡς
2238 2172 2469 2246 ἤθελον,
2507 2176 2642 2248 μετὰ
2667 2178 2765 2230 τοῦ
2795 2194 3022 2249 προειρη
3036 2175 3198 2248 μένου
3222 2193 3235 2205 ·
3280 2171 3470 2229 πολλὰ
3496 2171 3625 2236 τοὺς
3664 2193 3797 2250 πρε-

2143 2260 2433 2338 ὤυτέρους
2462 2269 2713 2340 παρεῖναι
2745 2261 3220 2338 παρακαλέσαντας
3253 2260 3353 2318 οὒκ
3390 2262 3794 2338 ἐπιτρέψαντες.

2144 2354 2352 2425 Ἠξίουν
2386 2352 2445 2410 δῖε
2472 2359 2724 2429 παρεῖναι
2754 2351 2807 2408 ο⁹ί
2834 2374 2893 2408 τε
2919 2360 3020 2423 τῆς
3050 2350 3268 2415 πόλεως
3314 2352 3406 2408 καὶ
3451 2359 3554 2423 τῆς
3605 2353 3794 2429 χώρας

2142 2446 2326 2515 πάσης
2381 2438 2761 2519 πρεσϐύτεροι,
2820 2439 2906 2497 ἴνα
2953 2442 3084 2505 τοὺς
3142 2437 3631 2516 ὐποϐαλλομένους
3694 2440 3797 2498 ὑπδ

2142 2532 2367 2610 Ἰσχύρα
2422 2534 2534 2607 (28)
2593 2530 2916 2608 διελέγξωσι
2968 2534 3111 2594 τίνες
3162 2530 3253 2587 καί
3307 2532 3470 2587 πόθεν
3529 2530 3653 2589 εἰσί.
3695 2531 3795 2587 Καὶ

2141 2622 2270 2685 τοὺς
2307 2622 2400 2696 μὲν
2432 2621 2787 2698 λειτουργοὺς
2819 2619 3062 2677 ἐκώλυον
3110 2625 3398 2698 παρεῖναι·
3443 2620 3534 2676 ἐπὶ
3583 2618 3642 2677 δὶ
3683 2624 3792 2676 τῶν

2145 2711 2362 2767 ἐθνικῶν
2418 2711 2673 2784 ἐξήταζον
2732 2711 2857 2787 περὶ
2933 2708 3249 2782 ἐκκλησίας,
3305 2709 3432 2784 περὶ
3502 2708 3798 2787 ποτηρίου,

2142 2802 2269 2878 περὶ
2322 2802 2616 2878 τραπέζης,
2656 2800 2747 2855 καὶ
2800 2804 2910 2855 τῶν
2938 2798 3145 2874 ἀγίων·
3199 2798 3290 2853 καὶ
3342 2798 3405 2853 τὸ
3474 2797 3797 2873 δεινότερον,

2145 2889 2386 2953 ἐθνικοὺς
2418 2889 2645 2946 ἐκάλουν
2701 2888 2975 2966 μάρτυρας
3030 2887 3155 2963 περὶ
3210 2887 3482 2964 ποτηρίου
3537 2892 3799 2961 μυστικοῦ

2146 2985 2470 3053 ζητοῦντες·
2528 2981 2619 3035 καὶ
2670 2979 2762 3043 οὓς
2810 2979 3082 3055 ἡρπάσθαι
3286 2978 3433 3053 παρά
3477 2978 3798 3033 ’Δθανασίου

2145 3067 2485 3145 διωρίζοντο,
2515 3070 2574 3125 ἐκ
2608 3068 2993 3143 μετακλήσεως
3019 3071 3119 3123 τοῦ
3164 3067 3480 3136 καθολικοῦ,
3511 3065 3602 3121 καὶ
3654 3062 3798 3139 μηδὲ

2145 3160 2272 3215 ὅποι
2302 3166 2408 3235 γῆς
2461 3160 2563 3215 εἰσι
2593 3160 2897 3235 γινώσκειν,
2927 3156 3155 3220 τούτους
3204 3157 3425 3230 εἰσῆγον
3483 3156 3562 3233 ἐφ’
3595 3156 3798 3210 ἑαυτῶν

380 3245 600 3310 essent,
633 3258 696 3298 se
721 3245 946 3302 nescire
979 3231 1425 3318 proﬁtebantur,
1458 3249 1619 3322 ipsos
1650 3250 1721 3306 ad
1754 3266 1815 3305 se
1846 3253 1903 3304 et
1958 3248 2032 3303 ad

2145 3250 2233 3305 καὶ
2289 3254 2386 3305 τοῦ
2442 3247 2688 3325 ἐπάρχου
2748 3248 2937 3321 μόνον.
2978 3247 3077 3302 Καὶ
3135 3245 3236 3302 οὐκ
3288 3243 3520 3312 ἡδοῦντο
3573 3243 3803 3307 τούτους

383 3329 721 3401 praelectum
750 3333 1022 3403 privatim
1046 3335 1441 3394 introduxere.
1494 3338 1609 3394 Nec
1671 3338 1901 3411 puduit,
1966 3336 2036 3391 ab

386 3417 707 3475 Athanasio
728 3421 1000 3496 episcopo
1030 3425 1102 3480 de
1134 3427 1326 3482 medio
1360 3427 1624 3484 sublatos
1664 3426 1856 3483 dicere
1914 3441 2035 3493 eos,

381 3521 636 3578 quorum
668 3511 1059 3568 cernebantur
1076 3515 1429 3573 testimoniis
1460 3516 1564 3572 uti.
1607 3517 1717 3573 Sed
1775 3532 1911 3572 cum
1970 3531 2038 3572 eo

380 3593 575 3651 solum
597 3602 858 3667 spectent
886 3606 955 3657 ut
973 3619 1107 3658 eum
1140 3605 1430 3672 occidant,
1463 3622 1562 3662 eos
1594 3605 1698 3678 qui
1730 3605 1924 3661 adhuc
1978 3606 2038 3660 in

379 3681 527 3738 vivis
557 3691 698 3741 sunt
725 3692 987 3746 mortuos
1008 3708 1248 3750 rursum
1270 3694 1574 3764 simulant,
1600 3693 1686 3750 uti
1709 3694 1780 3750 de
1795 3695 2040 3751 Arsenio

380 3769 587 3827 fecere.
622 3773 769 3831 Nam
801 3776 1069 3836 homines
1100 3782 1200 3853 qui
1233 3782 1426 3839 adhuc
1466 3788 1808 3856 supersunt,
1836 3788 1894 3839 et
1932 3783 2035 3856 qui

384 3858 586 3931 palam
618 3863 837 3934 degunt
861 3866 921 3921 in
953 3884 1062 3924 sua
1082 3871 1334 3942 regione,
1355 3873 1506 3942 apud
1527 3889 1630 3928 vos
1661 3871 1833 3945 longe
1855 3888 2042 3928 semo-

383 3950 476 4003 tos
500 3949 671 4021 quasi
691 3952 763 4007 de
778 3955 969 4011 medio
989 3958 1252 4015 sublatos
1271 3960 1684 4018 miserabiliter
1703 3961 2037 4035 deplorant;

389 4040 455 4091 ut
485 4052 621 4093 cum
652 4042 855 4111 procul
879 4047 1141 4115 petendae
1159 4047 1278 4103 sint
1306 4049 1701 4121 probationes,
1738 4049 2045 4106 commini-

385 4128 579 4181 strum
613 4133 878 4189 nostrum
902 4133 1132 4191 valeant
1161 4137 1527 4206 calumniari,
1552 4140 1720 4212 quasi
1750 4140 1805 4195 vi
1825 4143 1883 4195 et
1937 4155 2039 4211 po-

386 4217 598 4272 testate
624 4234 772 4275 usus
802 4222 915 4291 sit;
950 4240 1084 4281 cum
1116 4231 1310 4284 tamen
1343 4230 1543 4286 omnia
1562 4229 1759 4302 ipsi,vi
1795 4235 1852 4285 et
1899 4228 2042 4284 alio-

389 4320 521 4369 rum
554 4308 880 4378 patrocinio
911 4313 1063 4382 freti,
1096 4321 1293 4388 agant.
1326 4318 1632 4376 Enimvero
1654 4335 1786 4390 quas
1813 4318 1875 4374 in
1915 4319 2042 4375 Ma-

392 4397 553 4482 reote
580 4403 1013 4473 perpetrarunt,
1048 4406 1224 4462 rebus
1254 4409 1387 4480 Tyri
1434 4409 1617 4482 gestis
1661 4413 1801 4465 sunt
1850 4409 2041 4465 consi-

2145 3337 2435 3418 ἠφανίσθαι
2469 3339 2617 3415 παρά
2669 3342 2769 3393 τοῦ
2823 3336 3122 3392 ἐπισκόπου
3153 3333 3469 3392 Ἀθανασίου
3528 3332 3809 3409 λέγοντες,

2148 3429 2222 3483 ὧν
2252 3432 2371 3490 ταῖς
2408 3425 2732 3503 μαρτυρίαις
2763 3433 3117 3502 συγχρῆσηαι
3150 3423 3406 3479 δοκοῦσιν
3433 3442 3447 3456 ⁸
3483 3421 3658 3481 ἈλΛᾶ
3684 3423 3812 3479 κάν-

2145 3518 2312 3572 ταῦθα
2364 3515 2527 3591 μόνον
2577 3519 2831 3594 φονεῦσαι
2884 3512 3239 3590 βουλόμενοι,
3272 3511 3438 3569 πάλιν
3489 3512 3621 3575 τοὺς
3670 3516 3815 3581 ζῶν-

2145 3627 2264 3679 τας,
2314 3606 2388 3668 ὡς
2439 3604 2828 3677 ἀποθανόντας,
2876 3605 2968 3659 τὸν
3019 3602 3107 3659 ἐπὶ
3159 3602 3429 3677 Ἀρσενίου
3476 3600 3680 3679 τρόπον
3718 3622 3806 3674 μι-

2154 3695 2417 3769 μούμενοι
2445 3692 2797 3752 πλάττονται.
2832 3696 3025 3756 Ὀντας
3054 3695 3168 3765 (30)
3198 3693 3303 3769 γὰρ
3332 3690 3462 3755 τοὺς
3493 3690 3813 3767 ἀνθρώπους

2147 3784 2239 3840 καὶ
2270 3785 2632 3863 φαινομένους
2664 3782 2754 3839 ἐπὶ
2808 3790 2912 3852 τῆς
2963 3780 3128 3855 ἰδίας,
3162 3782 3289 3855 ὑμῖν
3340 3786 3457 3844 τοῖς
3493 3780 3704 3856 μακρὰν
3736 3780 3814 3842 ὡς

2151 3876 2370 3950 ἀφανεῖς
2446 3870 2904 3949 ἐκτραγῳδοῦσιν,
2973 3868 3089 3939 ⁸ίνα,
3170 3871 3376 3947 μακρὰν
3457 3864 3628 3924 ὅντων
3696 3872 3806 3924 τῶν

2152 3961 2544 4038 ἐλέγχων,τὸν
2590 3960 3014 4036 συλλειτουργὸν
3075 3962 3237 4032 ἡμῶν
3301 3954 3698 4031 διαϐάλλωσιν,
3731 3957 3809 4021 ὡς

2155 4051 2248 4128 βίᾳ
2274 4051 2366 4107 καὶ
2417 4049 2699 4122 δυναστείᾳ
2727 4050 3045 4126 χρώμενον,
3074 4046 3256 4103 καίτοι
3303 4048 3475 4103 πάντα
3508 4047 3663 4103 αὐτοὶ
3714 4067 3811 4121 με-

2149 4143 2217 4197 τὰ
2273 4140 2583 4203 δυναστείας
2639 4139 2734 4195 καὶ
2790 4136 3122 4216 προστασίας
3175 4137 3524 4214 πράττοντες.
3556 4138 3657 4193 Καὶ
3704 4137 3810 4214 γὰρ

2152 4230 2321 4305 ὅμοια
2373 4228 2539 4286 πάλιν
2596 4230 2664 4285 τὰ
2717 4229 2856 4285 κατά
2909 4227 3207 4302 Μαρεώτην
3278 4232 3397 4289 τοῖς
3450 4227 3590 4282 κατὰ
3642 4225 3812 4301 Τύρον

2153 4318 2361 4396 ἐγίνετο
2386 4339 2399 4352 ’
2435 4318 2616 4394 ὥσπερ
2647 4320 2751 4394 γὰρ
2786 4317 2897 4373 ἐκεῖ
2923 4316 3107 4391 κόμης
3135 4317 3203 4386 ἦν
3241 4317 3375 4389 μετὰ
3412 4321 3813 4392 στρατιωτικῆς

2154 4408 2473 4486 ὑπηρεσίας,
2534 4406 2715 4465 οὐδενὶ
2774 4405 3076 4484 ἐπιτρέπων
3136 4407 3285 4482 παρὰ
3335 4406 3402 4460 τὰ
3459 4403 3686 4467 ἐκείνοις
3717 4401 3809 4459 δο-

389 4481 676 4542 millima:
708 4492 774 4543 ut
803 4490 962 4546 enim
994 4491 1112 4548 illic
1145 4511 1341 4552 comes
1371 4481 1572 4553 aderat
1616 4514 1751 4554 cum
1799 4496 2033 4553 militari

2151 4481 2366 4570 κοῦντα,
2425 4499 2461 4569 ἢ
2517 4496 2792 4575 λέγεσθαι,
2941 4498 3291 4573 πράττεσθαι,
3342 4493 3488 4550 οὕτω
3565 4493 3657 4548 καὶ
3731 4492 3815 4549 ἐν-

389 4586 607 4683 manu;
627 4576 776 4683 qulli
826 4581 1171 4683 permittens
1221 4592 1429 4657 praeter
1462 4603 1666 4643 eorum
1689 4586 2033 4675 sententiam

2150 4590 2316 4645 ταῢθα
2341 4590 2369 4643 ὁ
2398 4595 2501 4658 τῆς
2541 4587 2822 4664 Αἰγύπτου
2870 4582 3117 4663 ἔπαρχος
3170 4584 3307 4658 μετά
3333 4590 3450 4683 τῆξ
3465 4584 3666 4657 τάξεως
3718 4582 3812 4656 ἦν,
3848 4614 3851 4617 -

388 4659 611 4753 aliquid
633 4664 825 4723 dicere
853 4669 940 4726 vel
972 4688 1140 4743 agere
1166 4692 1178 4742 ;
1213 4674 1294 4730 ita
1315 4692 1550 4748 quoque
1570 4682 1630 4732 et
1679 4675 1774 4731 hic
1814 4660 2033 4749 {Egypti

2150 4679 2351 4740 πάντας
2415 4677 2510 4753 μὲν
2567 4659 2694 4740 τοὺς
2757 4683 2860 4746 τῆς
2913 4659 3212 4745 ἐκκλησίας
3282 4667 3553 4751 ἐκφοϐῶν,
3605 4669 3814 4746 μηδένα

389 4750 698 4847 praefectus
731 4772 865 4813 cum
894 4759 1136 4817 militari
1162 4775 1342 4819 manu
1369 4765 1699 4838 aderat,qui
1722 4781 1925 4821 omnes
1956 4781 2033 4821 ec-

2152 4765 2210 4822 δὲ
2260 4750 2699 4841 μετὰγάληθείας
2756 4762 3060 4840 ἐπιτρέπων
3107 4750 3394 4840 μαρτυρεῖν
3422 4781 3436 4795 ’
3464 4760 3557 4818 καὶ
3602 4763 3665 4818 τὸ
3712 4782 3812 4817 πα-

391 4835 750 4932 clesiasticos
781 4850 1044 4917 terreret,
1074 4867 1182 4907 nec
1204 4852 1389 4909 ullum
1424 4855 1494 4909 de
1518 4835 1755 4911 veritate
1777 4854 2033 4910 testimo-

2153 4835 2502 4932 ραδοξότερον
2539 4835 2610 4911 ἐν
2669 4854 2816 4926 αὐτῷ
2840 4835 2922 4927 τῷ
2950 4835 3116 4925 τόπῳ.
3135 4835 3225 4907 καί
3355 4852 3503 4924 οἰκίᾳ
3528 4855 3627 4907 τοῦ
3683 4870 3811 4906 κατ-

393 4927 560 4985 nium
584 4930 734 4989 ferre
754 4937 1150 5006 permitteret:
1186 4944 1242 4996 et
1273 4943 1427 5013 quod
1459 4943 1776 4999 absurdius
1807 4948 1915 5013 est,
1948 4960 2044 4999 eo-

466 5072 579 5159 (26)
606 5075 1256 5159 Itheg.et.13asil..At
1285 5084 1447 5153 editi,
1497 5084 1854 5159 neptis-qq.
1915 5085 2047 5141 Mox

391 5138 570 5227 aqu;
589 5149 686 5227 -εοῡ
704 5138 929 5227 ⁸ἐχεδῖνοῖξ.
958 5138 1419 5227 Reliquiomnes
1432 5138 1505 5213 ’cu
1515 5138 1731 5214 mredi’ti
1750 5138 1877 5227 uim
1898 5138 2043 5213 res;

387 5214 503 5304 τοΞ
524 5214 1051 5304 ἐχθροίηῶέ-ηάοεθ..
1070 5214 1265 5304 ΙῖᾳιιίοΔ
1284 5232 1416 5304 post
1436 5230 1597 5304 editi,
1629 5227 1807 5304 (ἧσπερ
1842 5226 2042 5283 ἐπικω-

686 5293 756 5364 τῇ
791 5292 1088 5366 Ἐκκλησία
1120 5294 1172 5350 ἐν
1199 5287 1445 5370 τιῙίλαῷ.
1483 5287 1598 5359 Nos
1657 5287 1903 5374 Regium
1963 5318 2051 5358 Be-

468 5428 581 5571 (27g
613 5435 776 5516 R-eg”
807 5436 943 5490 κατά
969 5437 1069 5507 τὴν
1101 5435 1525 5527 ’ᾼλεξάνδρειαν.

468 5501 560 5565 (28
611 5510 699 5559 SIC
733 5507 868 5571 Reg.
902 5514 960 5564 et
1019 5511 1200 5568 Baetl.
1272 5513 1419 5569 Editi
1476 5532 1525 5570 aI

394 5501 581 5641 χύξῗ)
611 5501 868 5579 δὶοἯος.
902 5514 960 5564 et
1019 5501 1200 5568 Basil.
1243 5501 1419 5569 'Editi
1476 5520 1697 5588 autem,
1751 5514 1899 5591 ποιρά
1951 5516 2046 5568 Ἰσ-

493 5643 767 5735 ἓᾏΕιίἱί.
796 5650 1078 5735 Commel.
1101 5654 1680 5735 mendosethacrOgE.
1709 5655 2049 5735 Ηθεχὴρπᾴ-

397 5708 517 5767 σθαι
541 5708 674 5774 cum
698 5708 2048 5803 acuto.Aliiouiiiéﬁﬁaaaéil'iiibifé’dciéé-

2153 4945 2383 5021 ηγόρου,
2413 4945 2503 5000 καὶ
2534 4942 2837 5018 ᾤκουν,καί
2868 4942 3129 5016 ἐξετάζειν
3163 4937 3382 4997 ἐδόκουν
3412 4941 3447 4995 ἆ
3476 4935 3810 5013 ἠϐούλοντο,

2156 5086 2368 5145 ολικοῦ.
2400 5087 2695 5164 Καθολικοί
2726 5090 2786 5144 in
2821 5085 3073 5164 singulis
3123 5086 3475 5164 dicecesibus
3532 5081 3814 5164 ofﬁciales
3894 5090 3900 5098 '

2156 5169 2340 5229 erant,
2375 5163 2473 5234 qui
2501 5157 3159 5234 negotiagatiohesque
3179 5158 3419 5234 nomine
3444 5157 3817 5234 imperatoris

2154 5224 2507 5300 tractabant,
2544 5224 2701 5289 unde
2732 5224 2912 5288 iidem
2945 5224 3260 5300 λογόθέται,
3295 5231 3353 5285 id
3388 5233 3479 5285 est
3499 5224 3819 5300 rationales

2157 5249 2507 5300 tractabant,
2544 5249 2701 5289 unae
2732 5249 2912 5288 naem
2946 5249 3012 5284 ΛΟ
3057 5249 3260 5300 ουεται,
3295 5249 3353 5285 ια
3388 5249 3479 5285 δεῖ.
3499 5249 3817 5283 rauonawu

2157 5310 2215 5382 et
2231 5310 2641 5382 procuratores
2667 5303 2990 5382 dictisunt.
3017 5249 3156 5382 Haec
3176 5318 3286 5382 vox
3303 5302 3640 5382 frequenter
3659 5296 3817 5381 apud

2157 5323 2215 5361 et
2231 5323 2641 5432 procuratores
2667 5323 2807 5360 uicti
2831 5323 2990 5359 sunt.
3028 5323 3156 5357 meo
3177 5323 3286 5358 vox
3303 5323 3640 5381 irequenwr
3659 5323 3817 5381 apuu

2156 5378 2229 5453 ﬁt
2273 5378 2541 5433 anasium
2575 5374 3024 5453 occurrit._Vide
3040 5373 3239 5453 qangii
3269 5378 3326 5453 et
3346 5371 3565 5453 Su_1ceri
3589 5371 3817 5453 Leyca‘.

2158 5448 2294 5574 ligo:
2319 5453 2457 5572 igeg.
2491 5464 2666 5520 quem
2704 5446 3033 5520 sequimur,
3066 5441 3194 5498 8ποῖ
3223 5449 3332 5517 γῆς
3390 5442 3547 5510 εἰσιν,
3604 5441 3704 5497 alii
3762 5442 3822 5496 et

2158 5536 2188 5574 e
2235 5537 2298 5573 ll
2355 5538 2461 5574 στι.

2157 5520 2298 5575 editi
2326 5520 2461 5575 ἐστι.

2228 5592 2343 5663 (30)
2370 5591 2464 5663 Sic
2480 5591 2624 5663 Reg.
2660 5595 2717 5646 et
2746 5587 3069 5663 Basil.‘Alii
3099 5603 3233 5643 vero
3255 5603 3390 5643 cum
3421 5586 3595 5643 editis
3653 5580 3810 5637 Οὕτω

2156 5653 2259 5738 γὰρ
2291 5653 2438 5726 τούς.
2475 5653 2632 5719 Infra
2663 5663 2805 5735 Reg.
2840 5653 3164 5714 διαϐάλωσι.
