4178 6378
428 385 548 450 ἯΒ

1551 382 1954 451 APOLOGIA
1996 384 2315 449 CONTRA
2358 385 2727 452 ARIANOS.

3728 380 3851 445 274

432 521 484 576 oi
515 518 622 575 sire
652 515 915 592 δικασταὶ,
951 514 1057 574 εἷίεε
1110 519 1396 596 μάρτυρες,
1447 516 1553 573 εἴτε
1598 526 1700 588 τῆς
1751 520 1951 573 ἑαυτῶν
1992 518 2082 573 καὶ

2211 521 2329 576 lem
2360 520 2420 576 in
2448 522 2575 578 loco
2606 526 2663 578 et
2690 522 2749 577 in
2780 522 2925 595 ipsis
2964 517 3321 578 accusatoris
3360 517 3581 575 aedibus
3611 516 3847 574 habita-

429 605 692 665 Εὖσεϐίου
741 607 1005 679 σπουδῆς,
1039 608 1171 686 ὅπερ
1222 608 1603 685 ἀληθέστερον,
1656 608 1922 685 ὐπηρέται
1978 629 2081 663 πα-

434 700 626 776 ραγενό
636 720 762 773 μενο
773 721 807 756 ι.

508 882 590 935 15.
626 880 728 936 Καὶ
756 878 878 933 τίνα
904 880 971 932 τὰ
1016 878 1141 951 παρ’
1190 877 1364 932 αὐτῶν
1417 878 1494 940 εἰς
1542 879 1640 947 τήν
1681 873 2082 952 Ἀλεξάνδρειαν

431 966 797 1041 τολμηθέντα,
848 967 1143 1041 νομίζομεν
1194 967 1335 1040 ὑμᾶς
1389 970 1462 1041 μὴ
1517 968 1750 1043 ἀγνοεῖν·
1802 970 2127 1043 πανταχοῢη

434 1059 538 1132 γὰρ
598 1055 920 1112 διαδεδοται.
980 1056 1129 1134 Ξίφη
1189 1058 1365 1133 γυμνά
1419 1058 1554 1111 κατὰ
1607 1061 1713 1111 τῶν
1760 1059 1872 1131 (31)
1918 1056 2087 1131 ἁγίων

434 1146 710 1221 παρθένων
769 1148 859 1200 καὶ
912 1150 1020 1200 τῶν
1074 1143 1321 1223 ἀδελφῶν
1378 1144 1620 1220 ἐχώρει,
1679 1145 1767 1199 καὶ
1832 1144 2087 1220 μάστιγες

431 1237 568 1291 κατά
595 1240 701 1289 τῶν
734 1234 965 1308 ἐντίμων
997 1236 1141 1310 παρὰ
1183 1240 1297 1306 Θεῷ
1346 1236 1637 1307 σωμάτων,
1683 1235 1773 1289 καὶ
1812 1235 1941 1297 τοὺς
1986 1234 2086 1289 πό-

433 1322 528 1386 δας
585 1322 860 1399 ἐχώλευον
912 1324 1016 1378 ὐπὸ
1074 1328 1180 1379 τῶν
1235 1322 1492 1398 πληγῶν,
1550 1325 1605 1377 αἱ
1654 1325 1753 1392 τὴν
1805 1325 1991 1399 ψυχὴν
2034 1322 2084 1378 ἐν

432 1413 621 1488 ἁγνείᾳ
648 1413 739 1467 καὶ
770 1418 929 1468 πᾶσιν
962 1410 1264 1487 ὁλόκληροι
1296 1418 1413 1474 τοῖς
1446 1410 1660 1475 καλοῖς.
1696 1412 1976 1488 Ἐργασίαι
2029 1434 2088 1468 τε

430 1504 547 1557 κατ’
596 1502 767 1558 αὐτῶν
823 1501 1145 1557 ἐπεσείοντο·
1202 1502 1293 1556 καὶ
1352 1501 1555 1557 ἐθνικοὶ
1614 1500 1785 1575 δῆμοι
1843 1503 1981 1576 πρὸς
2027 1503 2088 1555 τὸ

429 1596 693 1667 γυμνοῦν,
742 1591 981 1663 τύπτειν,
1033 1589 1367 1667 ἀσελγαίνειν
1424 1592 1539 1645 κατ’
1600 1590 1800 1661 αὐτῶν,
1864 1590 2089 1663 βωμούς

429 1702 491 1736 τε
543 1681 633 1735 καὶ
692 1682 875 1743 Θυσίας
934 1679 1243 1736 ἐπαπειλεῖν
1304 1680 1512 1743 αὐταῖς.
1574 1680 1675 1735 Καί
1724 1701 1807 1742 τις
1854 1678 2088 1756 ἀσελγὴς

432 1769 592 1846 ἀνὴρ,
624 1770 698 1832 ὠς
730 1770 972 1840 ἐξουσίας
1027 1769 1220 1824 λοιπὸν
1268 1768 1519 1838 δοθείσης
1568 1769 1673 1824 ὐπὸ
1702 1773 1801 1824 τοῦ
1847 1766 2091 1844 ἐπάρχου

432 1860 569 1933 πρὸς
602 1860 762 1935 χάριν
788 1864 895 1913 τῶν
948 1858 1279 1929 ἐπισκόπων,
1332 1864 1495 1934 χεῖρα
1543 1857 1809 1935 παρθένου
1848 1863 2089 1933 κατεῖχε,
2124 1898 2171 1964 Β

506 1948 519 1964 .
636 1949 651 1964 κ
846 1948 857 1964 ι
1015 1951 1120 1964 .M.
1179 1950 1206 1964 η
1314 1948 1327 1964 .
1421 1946 1466 1964 ,κ
1649 1949 1662 1964 η
1720 1950 1730 1964 .
1911 1950 1934 1964 η
2017 1947 2027 1964 ι

431 1948 523 2003 καὶ
553 1949 691 2021 πρὸς
720 1948 960 2024 τυχόντα
1011 1951 1124 2023 (32)
1178 1948 1365 2024 βωμὸν
1398 1946 1596 2021 εἷλκεν,
1639 1949 1877 2023 ἀνάγκην
1910 1947 2094 2010 θυσίας

431 2037 524 2092 καὶ
571 2035 822 2112 διωγμοῦ
881 2036 1244 2111 μιμούμενος.
1288 2039 1387 2091 Καὶ
1435 2042 1603 2092 ταῦτα
1650 2036 1964 2110 ἐπράττετο,
2002 2037 2093 2091 καὶ

434 2128 580 2201 φυγή
611 2131 719 2181 τῶν
770 2128 1044 2203 παρθένων
1087 2130 1176 2200 ἦν,
1208 2127 1297 2181 καὶ
1330 2125 1512 2202 γέλως
1558 2131 1666 2180 τῶν
1709 2125 1927 2180 ἐθνικῶν
1960 2127 2096 2180 κατὰ

431 2222 536 2285 τῆς
570 2213 921 2289 Ἐκκλησίας,
958 2220 1064 2269 τῶν
1096 2215 1404 2271 ἐπισκόπων
1439 2212 1588 2270 ἔνδον
1624 2210 1819 2285 ὄντων,
1848 2216 1937 2269 καὶ
1964 2214 2094 2270 ταύ-

433 2306 535 2375 τὴν
564 2306 665 2374 τὴν
696 2304 870 2360 οἰκίαν
919 2304 1232 2375 οἰκούντων,
1268 2304 1319 2359 ἐν
1424 2310 1593 2360 ταῦτα
1642 2304 1953 2380 ἐπράττετο,
2005 2299 2096 2358 καί

434 2394 614 2470 ἀφ’ἧς
649 2391 739 2447 διὰ
764 2395 862 2462 τὴν
914 2393 989 2456 εἷς
1040 2392 1235 2456 αὐτοὺς
1279 2395 1463 2470 χάριν,
1522 2393 1687 2471 ξιφῶν
1735 2394 1791 2446 αἱ
1838 2391 2093 2469 παρθένοι

431 2487 677 2557 γυμνῶν,
710 2481 800 2537 καὶ
851 2484 1051 2546 παντὸς
1098 2481 1367 2554 κινδύνου,
1417 2481 1507 2537 καὶ
1561 2480 1794 2557 ὕϐρεων,
1825 2482 1915 2536 καὶ
1955 2503 2093 2559 παρ-

434 2572 608 2634 οινίας
667 2572 1038 2647 πεπείρανται.
1102 2572 1202 2627 Καὶ
1256 2577 1427 2627 ταῦτα
1487 2567 1728 2647 ἔπασχον
1773 2570 1823 2626 ἐν
1875 2571 2098 2643 νηστείᾳ

432 2662 580 2738 παρὰ
606 2665 715 2716 τῶν
745 2667 861 2724 τοῖς
895 2660 1211 2723 ἐπισκόποις
1238 2658 1387 2715 ἔνδον
1421 2660 1886 2733 συνεστιωμένων.

510 2931 598 2986 16ο
647 2934 822 2983 Ταῦτα
870 2927 1207 3007 προειδότες,
1257 2929 1335 2990 ὡς
1382 2927 1593 3003 ἐχθρῶν
1648 2924 1857 2989 εἴσοδος
1902 2928 2009 3003 οὐχ
2061 2928 2094 2997 ἠ

437 3022 681 3094 τυχοῦσα
735 3013 938 3093 βλάϐη,
978 3020 1077 3086 τήν
1125 3017 1451 3092 παραίτησιν
1502 3017 1890 3090 ἐποιησάμεθα.
1925 3020 2100 3071 Ταῦτα

440 3107 529 3161 καὶ
564 3104 914 3181 Ἀλέξανδρος
945 3108 1059 3179 (33)
1090 3106 1141 3160 ἐν
1172 3111 1252 3178 νῷ
1284 3102 1469 3161 λαϐὼν
1504 3107 1531 3160 ὁ
1559 3113 1659 3174 τῆς
1702 3104 2098 3173 Θεσσαλονίκης

434 3194 730 3257 ἐπίσκοπος
765 3237 780 3262 ,
838 3197 1035 3273 γράφει
1102 3195 1240 3270 πρὸς
1293 3193 1422 3257 τοὺς
1494 3194 1604 3248 ἐκεῖ
1666 3194 1942 3267 μείναντας
2000 3195 2100 3263 τὴν

2196 611 2337 665 bant
2362 616 2417 666 et
2446 630 2565 667 rem
2597 612 3004 685 disquirebant
3033 629 3136 684 pro
3167 628 3276 667 sua
3302 609 3567 679 libidine,
3593 607 3695 679 qui
3731 606 3851 663 sive

2188 699 2439 770 judices,
2476 701 2593 756 sive
2624 706 2820 770 testes,
2857 702 2995 771 sive,
3026 701 3181 772 quod
3210 699 3407 755 verius
3439 702 3549 766 est,
3584 713 3705 752 suae
3734 696 3848 751 Eu-

2196 790 2459 861 sebiique
2487 790 2805 847 voluntatis
2835 789 3090 846 ministri
3122 790 3235 845 huc
3264 805 3327 845 se
3356 786 3744 844 contulerant.

2270 882 2355 934 15.
2381 882 2513 945 Quae
2556 897 2689 935 vero
2732 880 3091 936 Alexandria:
3142 879 3403 935 facinora
3449 874 3853 933 commiserint

2194 969 2360 1024 vobis
2391 986 2507 1024 non
2553 970 2755 1041 ignota
2796 986 2923 1025 esse
2952 969 3329 1038 arbitramur,
3360 984 3493 1023 nam
3536 983 3602 1021 ea
3632 964 3852 1036 ubique

2197 1061 2337 1111 sunt
2371 1060 2728 1128 pervulgata.
2750 1056 2934 1112 Gladii
2968 1058 3247 1113 adversus
3278 1072 3475 1112 sacras
3504 1054 3762 1127 virgines
3795 1056 3853 1109 et

2196 1146 2402 1201 fratres
2434 1146 2687 1201 districti
2716 1163 2727 1201 :
2758 1147 2986 1217 ﬂagella
3014 1146 3456 1203 honorabilibus
3479 1144 3633 1217 apud
3665 1144 3853 1198 Deum

2198 1235 2538 1305 corporibus
2563 1236 2822 1303 incussa,
2838 1236 2919 1290 ita
2941 1241 3004 1291 ut
3024 1236 3075 1289 vi
3100 1236 3406 1307 plagarum
3432 1233 3681 1305 pedibus
3703 1231 3861 1287 clau-

2199 1324 2481 1391 dicarent,
2510 1341 2637 1395 qua:
2670 1328 2862 1379 mente
2894 1341 3003 1379 sua
3053 1323 3305 1379 castitati
3339 1326 3569 1378 tantum
3623 1321 3856 1393 piisque

2199 1413 2475 1485 operibus
2504 1413 2943 1469 incumbebant.
2976 1414 3123 1469 Hinc
3156 1412 3377 1484 flagitia
3409 1413 3689 1468 adversus
3721 1409 3855 1466 illas

2200 1503 2537 1573 commissa,
2558 1503 2756 1574 populi
2784 1518 2993 1573 nempe
3024 1500 3264 1570 ethnici,
3288 1501 3447 1573 ipsas
3472 1501 3712 1567 nudare,
3731 1516 3860 1555 ver-

2200 1591 2422 1661 berare,
2456 1592 2785 1662 petulanter
2817 1592 3128 1647 adversum
3174 1589 3306 1645 illas
3338 1604 3529 1661 agere,
3562 1587 3853 1643 idolorum

2201 1696 2333 1735 aras
2361 1685 2417 1735 et
2445 1680 2731 1736 sacrificia
2776 1681 3034 1736 minitari
3070 1696 3085 1736 '.
3118 1680 3262 1735 adeo
3312 1684 3377 1733 ut
3424 1676 3694 1750 petulans
3727 1676 3860 1748 qui-

2202 1769 2337 1823 dam
2371 1769 2478 1835 vir,
2512 1770 2681 1840 quasi
2732 1774 3079 1841 potestatem
3116 1786 3150 1823 a
3181 1768 3451 1840 praefecto
3502 1767 3562 1821 in
3612 1767 3861 1838 gratiam

2203 1857 2611 1929 episcoporum
2653 1859 2994 1929 accepisset,
3029 1857 3318 1931 virginem
3354 1873 3535 1911 manu
3568 1859 3863 1928 arreptam

2204 1947 2276 2002 ad
2307 1947 2511 2016 altare,
2536 1950 2691 2020 quod
2722 1949 2871 2004 forte
2900 1948 3138 2004 obvium
3170 1953 3321 2015 erat,
3354 1946 3723 2020 pertraxerit,
3745 1946 3865 2001 vim

2204 2036 2344 2092 olim
2369 2038 2440 2092 ad
2471 2038 2921 2094 sacriﬁcandum
2949 2038 3185 2093 allatam
3221 2055 3286 2093 ac
3318 2035 3744 2110 persecutionis
3774 2035 3866 2090 fu-

2204 2141 2395 2180 rorem
2427 2125 2713 2182 imitatus.
2744 2128 2899 2182 Inter
2928 2127 3051 2183 hzec
3084 2126 3365 2193 facinora,
3390 2125 3644 2197 virgines
3678 2125 3862 2196 fugie-

2204 2215 2366 2285 bant,
2383 2215 2601 2270 ethnici
2622 2215 2937 2271 Ecclesiam
2961 2215 3304 2281 irridebant,
3323 2231 3457 2270 cum
3480 2213 3715 2269 interim
3740 2212 3862 2285 epi-

2206 2303 2368 2375 scopi
2399 2304 2559 2359 intus
2589 2309 2805 2371 essent,
2831 2308 2887 2360 et
2915 2304 2974 2359 in
3005 2304 3104 2359 illa
3136 2305 3267 2377 ipsa
3295 2304 3470 2360 domo
3497 2302 3557 2357 in
3590 2319 3706 2374 qua
3734 2302 3859 2357 hazc

2205 2394 2694 2465 perpetrabantur
2741 2393 3096 2450 habitarent.
3137 2394 3217 2448 Ex
3265 2410 3333 2449 ea
3380 2392 3510 2465 ipsa
3564 2392 3758 2459 domo,
3793 2394 3863 2446 ut

2206 2499 2341 2538 cum
2392 2482 2683 2555 episcopis
2730 2483 2919 2555 gratia
2971 2484 3236 2550 iniretur,
3290 2482 3570 2555 virgines,
3625 2481 3864 2537 strictos

2206 2570 2432 2643 gladios
2472 2572 2626 2627 108
2678 2589 2969 2644 omneque
3017 2572 3440 2645 periculorum,
3483 2570 3863 2641 injuriarum,

2206 2664 2263 2716 et
2292 2661 2780 2717 contumeliarum
2812 2678 2995 2733 genus
3026 2664 3273 2733 experta
3307 2664 3465 2715 sunt.
3498 2659 3565 2714 Et
3594 2659 3716 2714 hac
3750 2656 3863 2713 illas

2198 2749 2411 2821 jejunii
2441 2753 2703 2822 tempore
2726 2750 2797 2805 ab
2829 2751 2901 2806 iis
2933 2750 3031 2822 qui
3055 2766 3188 2805 cum
3212 2749 3505 2821 episcopis
3535 2748 3696 2804 intus
3725 2764 3868 2820 epu-

2206 2837 2500 2906 labantur,
2535 2845 2674 2894 sunt
2705 2856 3015 2912 perpessae.

2281 2928 2368 2981 16.
2401 2932 2533 2983 Haec
2580 2945 2714 2983 cum
2765 2928 3265 3001 praevidissemus,
3295 2928 3451 3000 quod
3510 2926 3730 2983 scilicet
3789 2926 3862 2982 ab

2211 3015 2407 3072 hostili
2440 3018 2683 3073 incursu
2717 3018 2873 3073 haud
2905 3018 3025 3074 leve
3058 3021 3484 3073 nocumentum
3523 3019 3871 3088 emergeret,

2210 3107 2502 3177 ejusmodi
2532 3106 2750 3180 legatos
2783 3108 3201 3163 recusavimus.
3232 3108 3357 3162 llaec
3383 3106 3712 3161 Alexander
3734 3121 3873 3177 quo-

2211 3211 2324 3266 que
2356 3196 2784 3251 Thessalonicae
2817 3197 3130 3269 episcopus
3172 3213 3305 3251 cum
3358 3195 3869 3265 animadverteret,

442 3285 704 3352 συσκευὴν
757 3270 1031 3360 ἐλέγχων,
1062 3285 1152 3338 καὶ
1181 3285 1280 3352 τὴν
1315 3280 1616 3353 ἐπιϐουλὴν
1664 3283 2097 3359 μαρτυρόμενος·

2214 3285 2286 3338 ad
2316 3302 2415 3341 eos
2447 3288 2545 3357 qui
2579 3285 2699 3341 illic
2730 3286 3250 3341 commorabantur
3278 3283 3503 3340 litteras
3536 3283 3717 3351 misit,
3742 3281 3872 3354 qui-

433 3372 493 3427 ’ὀν
551 3373 647 3427 κᾶν
707 3374 1105 3449 συναριθμῶσιν
1162 3374 1374 3435 ἑαυτοῖς
1406 3419 1421 3443 ,
1478 3373 1569 3426 καὶ
1634 3380 1734 3441 τῆς
1795 3367 2098 3441 ἐπιϐουλῆς

441 3465 708 3535 μετρῶσιν
775 3458 888 3531 ἕνα,
950 3459 1103 3517 οὐδὲν
1165 3460 1306 3516 ἄλλο
1365 3463 1401 3530 ἢ
1448 3462 1564 3516 κατ’
1596 3460 1802 3516 ἐκείνου
1830 3462 1930 3529 τὴν
1979 3461 2097 3535 βίαν

440 3546 762 3604 δεικνύουσι.
796 3549 897 3605 Καὶ
946 3552 1050 3626 γὰρ
1095 3550 1184 3605 καὶ
1213 3551 1242 3605 ὁ
1271 3550 1633 3623 παμπόνηρος
1666 3548 1936 3626 Ἰσχύρας,
1976 3547 2101 3604 οὐδὲ

440 3637 601 3700 αὐτὸς
650 3639 773 3693 ἄνευ
823 3634 995 3717 φόϐου
1044 3639 1134 3694 καὶ
1179 3639 1299 3715 βίας
1354 3638 1435 3694 ἐπ’
1487 3642 1596 3713 (34)
1646 3638 1775 3693 αὐτὸ
1820 3637 2097 3714 ὥρμησεν,

436 3724 564 3782 ἀλλ’
614 3726 821 3803 ἀνάγκη
866 3730 966 3797 τήν
1014 3728 1348 3805 κατηγορίαν
1399 3726 1586 3784 ὐπὲδυ.
1642 3729 1846 3783 Τούτου
1894 3730 2103 3801 τεκμή-

437 3835 578 3889 ριον,
630 3816 792 3880 αὐτὸς
844 3815 1076 3895 ἔγραψεν
1141 3819 1389 3895 Ἰσχύρας
1446 3817 1583 3894 πρὸς
1640 3819 1730 3872 τὸν
1789 3817 2104 3871 συνεπίσκο-

436 3926 537 3961 πον
578 3908 918 3975 ’Δθανάσιον,
965 3906 1049 3961 ὅτι
1102 3905 1270 3981 μηδὲν
1322 3907 1431 3963 ἐκεῖ
1479 3908 1780 3979 πέπρακται
1829 3911 2100 3977 τοιοῦτον,

436 3993 568 4049 ἀλλ’
622 3992 909 4068 ύπεϐλήθη
971 3994 1305 4053 πλάσασθαι.
1363 3998 1462 4052 Καὶ
1517 4002 1686 4053 ταῦτα
1746 3996 1973 4072 ἔγραψεν
2036 3994 2102 4051 οὐ

440 4081 655 4160 δεχθεὶς
713 4088 841 4161 παρ’
900 4085 1067 4142 αὐτοῦ
1126 4087 1200 4149 ὡς
1258 4083 1665 4164 πρεσϐύτερος,
1726 4085 1786 4141 οὗ
1843 4084 2100 4155 τοιαύτην

445 4172 675 4249 χάριτος
714 4176 1089 4251 προσηγορίαν
1134 4172 1341 4250 λαϐὼν,
1394 4177 1493 4231 οὐκ
1546 4173 1847 4249 οἰκοδομὴν
1900 4172 2101 4245 ἐκκλη-

446 4262 565 4323 σίας
599 4262 677 4325 sic;
708 4260 948 4336 ἀμοιϐὴν
995 4266 1202 4340 τυχὼν,
1238 4266 1299 4321 οὐ
1350 4266 1534 4340 μισθὸν
1580 4266 1884 4333 ἐπισκοπῆς
1932 4285 2102 4341 προσ-

448 4348 709 4422 δοκήσας·
745 4354 820 4407 ὧν
852 4355 1068 4408 πάντων
1102 4350 1263 4429 ἔτυχε
1288 4357 1414 4430 παρ’
1445 4355 1617 4410 αὐτῶν
1640 4353 1729 4409 διὰ
1746 4356 1845 4423 τήν
1866 4374 2104 4429 κατηγο⁸

441 4440 581 4517 ρίαν.
614 4440 795 4497 Ἀλλὰ
822 4440 1004 4496 καὶτό
1051 4443 1204 4516 γένος
1257 4443 1420 4498 αὐτοῦ
1468 4450 1569 4498 πᾶν
1626 4445 1740 4517 μεθ’
1786 4446 1948 4516 ἡμῶν
1983 4464 2103 4497 συν-

439 4532 630 4606 ήγετο·
666 4529 765 4586 οὐκ
814 4529 873 4585 ἂν
919 4533 1033 4605 (35)
1079 4532 1452 4607 συναχθέντες,
1504 4530 1616 4608 εἷ¹γε
1662 4534 1725 4586 τὸ
1771 4533 1937 4609 τυχὸν
1984 4529 2103 4602 ἠδί-

434 4640 627 4691 κηντο.

2210 3375 2324 3429 bus
2356 3374 2851 3445 conspirationem
2883 3379 3173 3447 argueret,
3200 3390 3265 3429 ac
3298 3375 3368 3429 de
3400 3389 3598 3430 eorum
3629 3371 3867 3429 insidiis

2210 3463 2615 3519 testimonium
2648 3464 2824 3519 ferret
2856 3481 2867 3519 :
2904 3479 3077 3535 quem
3124 3462 3359 3519 tametsi
3406 3462 3557 3517 inter
3587 3478 3726 3517 suos
3757 3477 3865 3515 an-

2210 3557 2541 3620 numerant,
2565 3569 2802 3624 suaeque
2830 3551 3283 3625 conspirationis
3316 3551 3541 3608 socium
3566 3550 3865 3622 jactitant,

2212 3640 2358 3696 nihil
2391 3641 2549 3697 aliud
2582 3643 3007 3709 demonstrant,
3034 3659 3209 3715 quam
3235 3658 3295 3696 se
3316 3641 3399 3695 illi
3422 3640 3539 3695 vim
3564 3639 3860 3695 intulisse.

2212 3730 2437 3786 Etenim
2481 3747 2587 3787 nec
2639 3732 2906 3805 Ischyras
2950 3730 3048 3786 ille
3096 3730 3609 3796 sceleratissimus,
3643 3730 3869 3800 absque

2213 3824 2373 3875 metu
2406 3824 2462 3875 et
2492 3820 2657 3875 illata
2684 3822 2738 3876 vi
2768 3822 2838 3876 ad
2870 3821 3023 3877 hanc
3056 3837 3176 3877 rem
3209 3820 3472 3875 animum
3502 3818 3748 3891 appulit,
3768 3819 3871 3874 sed

2214 3914 2471 3976 coactus,
2490 3912 2806 3965 accusandi
2827 3910 3134 3966 Athanasii
3158 3926 3378 3965 munus
3398 3908 3675 3980 suscepit.
3690 3908 3873 3979 Cujus

2214 4000 2296 4054 rei
2339 4004 2753 4069 argumentum
2804 4000 2947 4055 illud
2978 4005 3068 4056 est
3098 4000 3252 4071 quod
3303 3999 3427 4071 ipse
3475 3998 3743 4068 Ischyras
3773 4013 3874 4051 co-

2213 4086 2486 4159 epiSCOpo
2541 4088 2863 4144 Athanasio
2919 4087 3130 4145 litteris
3169 4088 3296 4144 suis
3352 4087 3665 4143 declaravit
3722 4085 3869 4140 nihil

2214 4177 2505 4248 ejusmodi
2530 4176 2609 4231 ibi
2632 4183 2867 4248 gestum
2901 4178 3113 4245 fuisse;
3140 4177 3241 4233 sed
3267 4193 3328 4231 se
3350 4177 3736 4232 subornatum
3758 4176 3875 4230 ista

2214 4266 2585 4322 conﬁnxisse.
2618 4268 2688 4321 Et
2721 4267 2842 4322 haec
2888 4266 3146 4338 scripsit,
3208 4282 3341 4321 cum
3374 4282 3477 4320 nec
3509 4266 3580 4320 ab
3614 4264 3742 4336 ipso
3774 4279 3871 4317 ve-

2212 4353 2301 4411 lut
2330 4356 2637 4426 presbyter
2667 4360 2937 4426 receptus
2986 4359 3162 4423 esset,
3196 4371 3303 4410 nec
3348 4352 3638 4425 ejusmodi
3671 4350 3871 4423 appel-

2213 4443 2453 4500 lationis
2503 4460 2723 4499 munus
2775 4453 3144 4510 consecutus,
3178 4460 3366 4513 neque
3396 4441 3652 4497 ecclesiae
3699 4457 3870 4497 cons-

2212 4534 2567 4588 tructionem
2599 4533 2657 4587 in
2691 4533 2999 4604 praemium
3026 4537 3235 4588 nactus
3264 4537 3439 4599 esset,
3461 4547 3567 4584 nec
3595 4546 3699 4602 pro
3725 4546 3873 4586 mer-

2215 4623 2351 4678 cede
2384 4623 2788 4695 episcopatum
2830 4625 3210 4694 exspectaret.
3245 4623 3381 4687 Quae
3427 4625 3622 4675 tamen
3672 4619 3871 4675 omnia

443 4710 517 4766 ab
549 4710 669 4767 illis
700 4710 759 4766 in
792 4710 1187 4767 accusationis
1217 4711 1524 4784 praemium
1558 4710 1832 4767 obtinuit.
1867 4711 2018 4775 Quin
2068 4714 2126 4767 et
2164 4728 2370 4767 omnes
2418 4713 2547 4783 ejus
2597 4711 2830 4783 cognati
2877 4710 3187 4766 nobiscum
3237 4707 3680 4777 conveniebant,
3712 4708 3867 4780 quod

444 4815 587 4856 sane
616 4816 734 4856 non
766 4801 976 4857 facturi
1008 4801 1280 4868 fuissent,
1312 4801 1361 4858 si
1393 4800 1481 4857 vel
1510 4799 1807 4856 tantillum
1839 4799 2069 4872 injuriae
2102 4817 2137 4855 a
2166 4800 2334 4856 nobis
2367 4800 2747 4872 accepissent.

519 4892 604 4945 1⁸7.
637 4892 812 4944 Ταῦτα
847 4889 941 4963 μὲν
975 4889 1066 4944 οὗν
1098 4888 1181 4945 ὅτι
1228 4892 1303 4965 μὴ
1348 4887 1539 4965 λόγος,
1575 4886 1701 4944 ἀλλ’
1741 4887 1923 4965 ἔργον,
1961 4888 2099 4965 μάρ-

437 4998 595 5054 τυρες
647 4980 742 5053 μὲν
794 4980 847 5034 οἱ
891 4983 989 5033 τοῦ
1039 4981 1337 5057 Μαρεώτου
1385 4974 1741 5057 πρεσϐύτεροι
1792 4979 2009 5048 πάντες,
2053 4979 2105 5033 οἱ

443 5067 524 5121 ἀεὶ
556 5067 807 5133 συνόντες
839 5067 890 5123 ἐν
938 5073 1059 5131 ταῖς
1110 5068 1416 5146 περιοδίαις
1461 5074 1541 5142 τῷ
1589 5067 1887 5141 ἐπισκόπῳ.
1922 5069 1985 5121 Ol.
2015 5069 2105 5123 καὶ

439 5154 563 5211 τότε
620 5158 927 5232 γράψαντες
985 5159 1122 5212 κατὰ
1178 5158 1427 5236 Ἰσχύρα·
1489 5158 1581 5213 καὶ
1643 5160 1782 5232 μήτε
1841 5156 1891 5211 ἐν
1949 5155 2106 5232 Τύρῳ

443 5246 496 5300 οἱ
551 5243 796 5310 ἐλθόντες
850 5245 901 5318 ἐξ
956 5246 1130 5303 αὐτῶν
1185 5247 1562 5326 ἐπιτραπέντες
1613 5246 1780 5303 εἷπεῖν
1828 5248 1927 5315 τὴν
1964 5244 2104 5317 ἀλή-

512 5392 624 5518 (ὃὶ1)
672 5395 789 5446 Τῶν
850 5392 1015 5448 deest
1071 5392 1131 5447 in
1191 5393 1364 5449 editis
1422 5397 1481 5450 et
1538 5410 1707 5463 mss.,
1770 5391 1951 5465 Regio
2009 5407 2103 5447 ex-

442 5478 546 5518 cen
578 5481 631 5518 o.

511 5479 631 5534 pto.

512 5536 629 5641 (322
658 5535 799 5617 Reg.
832 5538 889 5590 et
919 5533 1096 5591 Basil.
1128 5535 1536 5618 παρατυχόντα.

514 5607 606 5641 (QQ
688 5605 1004 5641 ππηςοιηιοτη
1073 5607 1372 5641 summa...
1436 5608 1536 5641 ιη...

431 5662 436 5667 ,
514 5605 629 5677 (33)
688 5605 1007 5679 Epistolam
1064 5605 1377 5663 Alexandri
1436 5608 1546 5663 hac
1608 5609 1795 5679 dere
1848 5606 2104 5661 conscri-

440 5679 603 5802 ptam
631 5679 703 5734 ad
733 5677 1103 5752 'Dionysium
1154 5679 1430 5736 comitem
1478 5680 1634 5735 infra
1680 5677 1918 5733 videsis.
1953 5682 2102 5732 Pau-

466 5764 499 5802 0
530 5753 664 5802 post
703 5749 842 5802 Reg.
874 5747 1307 5802 uao‘tumiusvoc.
1339 5751 1454 5802 Alii
1503 5767 1639 5802 cum
1688 5749 1862 5802 editis
1897 5766 2100 5802 μαρτυ-

466 5764 499 5803 0
530 5753 664 5821 post
703 5749 842 5823 Reg.
874 5747 1307 5827 μαρτυρόμενος.
1338 5751 1454 5808 Alii
1503 5767 1639 5808 cum
1688 5749 1862 5806 editis
1897 5766 2100 5821 μαρτυ-

2288 4892 2373 4945 17.
2398 4891 2561 4956 Quod
2593 4894 2788 4945 autem
2820 4889 2941 4944 haec
2963 4906 3079 4945 non
3104 4903 3265 4943 mera
3289 4888 3465 4943 verba
3490 4888 3628 4955 sint,
3652 4886 3753 4942 sed
3773 4902 3867 4942 res

2216 4985 2412 5053 gestas,
2444 4983 2625 5035 testes
2657 4982 2797 5034 sunt
2825 4994 3030 5034 omnes
3081 4977 3349 5033 Mareotaa
3389 4976 3733 5048 presbyteri,
3767 4974 3869 5046 qui

2217 5070 2557 5141 episcopum
2588 5068 3052 5123 circumeuntem
3086 5083 3317 5138 semper
3347 5065 3721 5132 comitantur,
3744 5065 3871 5135 qui-

2215 5175 2330 5231 que
2362 5163 2504 5214 tunc
2535 5158 2815 5213 adversus
2847 5156 3143 5229 Ischyram
3167 5156 3472 5227 scripsere.
3497 5154 3604 5218 Qui
3633 5170 3768 5209 vero
3802 5169 3871 5209 ex

2214 5250 2334 5306 illis
2377 5249 2593 5321 Tyrum
2644 5252 2951 5315 venerunt,
2994 5246 3299 5301 veritatem
3350 5246 3541 5299 dicere
3596 5241 3869 5315 permissi

2250 5410 2312 5444 ου
2323 5409 2504 5450 μενος.

2216 5409 2504 5463 ρουμενος.

2286 5462 2397 5533 (34)
2424 5462 2565 5532 Reg.
2601 5458 2688 5533 ἐπὶ
2719 5456 2919 5533 τούτῳ.

2430 5525 2579 5587 Ante
2609 5530 2707 5585 οὐκ
2737 5528 2819 5598 civ,
2855 5525 2914 5604 in
2959 5528 3132 5604 editis
3165 5525 3276 5604 ut
3302 5528 3535 5600 legitur.
3552 5526 3702 5604 §ed
3729 5542 3864 5581 cum

2215 5622 2249 5660 a
2280 5599 2419 5677 Reg.
2455 5610 2511 5659 et
2540 5603 2713 5659 Basil.
2750 5603 2923 5677 absit,
2959 5606 3015 5656 et
3061 5600 3281 5677 alioqui
3327 5599 3733 5677 superefﬂuat,
3765 5614 3859 5652 ex-

2213 5669 2500 5747 punctum
2532 5682 2649 5747 est;
2683 5672 3111 5747 epistolayero
3133 5669 3274 5727 cleri
3327 5669 3617 5737 Mareotae,
3648 5669 3719 5725 de
3749 5685 3867 5739 qua

2214 5744 2347 5819 post
2376 5748 2498 5804 hac
2529 5744 2745 5821 agitur,
2766 5746 2920 5802 infra
2948 5744 3216 5801 habetur.
