4178 6386
341 314 463 379 275

349 464 466 506 non
498 456 674 511 sunt:
699 472 889 531 neque
914 460 988 520 iis
1019 465 1120 538 qui
1150 466 1209 524 in
1243 468 1497 530 Mareote
1526 491 1880 552 remansere,
1914 481 1996 538 Is-

351 539 596 613 chyram
628 549 1048 621 sycophantam
1080 573 1324 629 arguere
1349 580 1692 623 concessum
1724 574 1830 626 est.
1858 572 2004 628 Huic

349 627 490 686 item
515 634 597 688 rei
618 637 957 697 testimonio
981 650 1119 700 sunt
1138 627 1495 722 exemplaria
1516 654 1645 727 ipsa
1673 656 2000 717 litterarum

348 716 683 793 Alexandri,
700 729 1190 807 presbyterorum,
1207 742 1263 794 et
1282 716 1557 815 Ischyraz:
1574 716 1845 806 Misimus
1861 767 2002 822 quo—

345 1091 585 1149 quoque
614 1083 955 1144 varietatem
1001 1091 1574 1175 inconstantiamque
1606 1108 1996 1165 accusationis

343 1164 415 1220 de
446 1169 653 1238 poculo
686 1172 879 1245 factae;
904 1182 1062 1251 quod
1086 1200 1295 1258 nempe
1325 1164 1499 1247 modo
1522 1192 1839 1251 Macarium
1872 1216 1996 1270 pre-

343 1253 670 1329 sbyterum,
693 1266 867 1321 modo
888 1253 1281 1330 Athanasium
1304 1278 1667 1353 episcopum,
1687 1285 1758 1341 de
1787 1253 1993 1358 poculo

340 1344 619 1404 manibus
681 1354 978 1412 confracto
1026 1359 1459 1423 insimularent.
1512 1377 1593 1427 Ac
1658 1374 1994 1434 Meletianos

342 1432 584 1503 quidem
616 1442 1035 1520 sycophantas,
1056 1466 1087 1505 e
1118 1459 1319 1510 contra
1338 1473 1471 1513 vero
1494 1461 1879 1521 Athanasium
1909 1466 1993 1522 in-

338 1525 834 1586 nocentissimum
884 1541 1246 1605 pronuntiat.
1294 1546 1401 1610 Qui
1453 1549 1607 1604 enim
1658 1568 1773 1609 non
1826 1572 1990 1626 syco-

335 1609 576 1680 phantae
628 1615 943 1691 Meletiani,
978 1641 1044 1682 ac
1093 1644 1209 1699 prae
1257 1609 1532 1693 omnibus
1579 1609 1989 1717 Joannesfqui

338 1714 474 1755 cum
506 1701 565 1757 in
601 1705 904 1766 ecclesiam
951 1714 1255 1788 ingressus
1285 1728 1458 1796 esset,
1490 1728 1798 1788 nobiscum
1829 1750 1987 1792 com-

334 1790 727 1857 municasset;
761 1815 870 1856 sua
913 1809 1079 1875 gesta
1126 1808 1534 1884 improbasset,
1557 1834 1692 1875 cum
1720 1824 1982 1881 nondum

332 1878 660 1951 quidquam
692 1886 764 1943 de
795 1892 973 1950 calice
1001 1895 1184 1954 fracto
1211 1878 1531 1974 movisset;
1564 1908 1662 1963 ubi
1691 1910 1835 1967 vidit

331 1967 609 2029 sebianos
658 1976 1155 2043 Ariomanitarum
1200 2006 1293 2046 res
1340 2009 1563 2063 curare,
1597 2015 1712 2055 non
1767 2003 1980 2060 audere

329 2058 528 2157 tamen
565 2062 759 2134 palam
790 2066 911 2125 illis
940 2088 1109 2144 opem
1155 2078 1323 2149 ferre,
1358 2084 1460 2139 sed
1509 2058 1653 2144 alias
1697 2058 1977 2162 personas

330 2144 552 2215 quibus
585 2156 890 2213 uterentur
918 2176 1201 2234 quaerere;
1234 2170 1517 2243 seipsum,
1541 2182 1605 2232 ut
1625 2177 1770 2235 ﬁtin
1802 2197 1979 2240 saecu-

324 2231 548 2293 laribus
569 2240 835 2311 theatris,
854 2231 1200 2311 histrionem
1225 2231 1522 2318 submisit:
1543 2231 1973 2339 Argumentum

328 2327 527 2381 autem
575 2337 720 2399 erat,
757 2335 1108 2398 Arianorum
1161 2352 1491 2420 certamen;
1525 2355 1727 2425 prima:
1780 2364 1977 2431 partes

327 2417 393 2467 ut
412 2413 497 2471 illi
523 2435 644 2475 rem
668 2421 816 2481 bene
829 2436 1038 2499 gerant
1056 2457 1069 2500 ;
1094 2435 1395 2496 submissa
1417 2458 1667 2513 persona
1687 2451 1740 2503 et
1766 2465 1974 2522 appen-

333 2502 419 2522 ,μ
488 2506 512 2522 τ

1419 2502 1433 2513 ι
1700 2502 1705 2503 ⁷
1772 2502 1827 2520 ΠΙ
1844 2502 1952 2522 1⁷⁷--

326 2502 444 2575 dix,
478 2506 736 2568 Joannes
784 2531 916 2571 cum
969 2521 1164 2579 sociis.
1191 2525 1263 2581 Ut
1310 2529 1661 2591 Arianorum
1695 2537 1972 2612 fautores,

327 2590 541 2650 horum
572 2599 838 2672 obtentu,
859 2608 970 2663 sub
986 2610 1260 2680 judicum
1283 2616 1490 2676 habitu
1521 2590 1973 2696 impietatis—ini:

327 2681 513 2738 micos
535 2687 863 2763 proﬂigent,
885 2695 1195 2773 ipsamque
1242 2681 1625 2780 impietatem‘
1649 2681 1971 2787 stabiliant,

325 2774 386 2825 et
414 2772 665 2833 Arianos
689 2778 749 2834 in
779 2783 1085 2845 ecclesiam
1104 2772 1495 2856 introducunt
1526 2818 1539 2856 :
1574 2807 1630 2858 et
1658 2806 1757 2877 qui
1789 2808 1971 2879 pieta-

322 2861 442 2916 tem
475 2862 777 2925 eliminare
819 2874 1111 2947 volebant,
1145 2898 1247 2953 per
1293 2885 1653 2959 impietatem
1696 2911 1976 2969 superare

1145 2949 1162 2953 _
1379 2949 1398 2959 ,
1710 2949 1972 2969 Ἴτην--

322 2949 599 3009 nituntur
629 2973 643 3012 :
677 2959 779 3029 qui
816 2978 950 3020 vero
982 2965 1341 3041 impietatem
1391 2977 1450 3032 in
1496 2979 1792 3041 Christum
1842 3004 1973 3044 am-

508 3049 645 3072 δηκι
695 3046 983 3072 ε-...ΞΑΑκιθ
1040 3056 1055 3072 1
1157 3064 1166 3072 .
1330 3063 1344 3072 ε
1402 3070 1409 3072 .
1450 3067 1461 3072 -
1579 3070 1587 3072 _

2087 2949 2268 2962 ._-.--,
2333 2949 2376 2955 --
2456 2949 2699 2967 an".-.
2765 2949 2950 2977 ..η-,η

2087 2982 2321 3045 Ξισέϐειαν
2372 2992 2472 3061 τήν
2522 2994 2658 3048 κατὰ
2714 3001 2950 3072 Χριστοῦ

319 3038 473 3111 plexi
507 3049 666 3114 sunt,
695 3046 1017 3123 impietatis
1040 3038 1239 3117 hostes
1259 3063 1418 3121 velut
1446 3067 1661 3142 impios
1704 3038 1971 3133 θζίιιὲὦο

319 3128 525 3187 tollere
551 3140 691 3191 sunt
710 3143 991 3213 aggressi.
1014 3147 1093 3203 Ac
1116 3151 1390 3220 poculum
1415 3128 1584 3215 nobis
1609 3128 1969 3223 contractum

2087 3128 2323 3141 ηηηττ
2386 3128 2463 3157 Ἂν

2087 3166 2168 3221 καὶ
2199 3171 2463 3244 ποτήριον

887 325 956 389 S.
998 325 1432 400 ATHANASII
1474 338 1650 403 OPP.
1696 340 1901 407 PARS
1940 340 1993 407 Ῑ.
2024 374 2098 395 -·
2132 346 2558 423 HISTORICA
2602 360 2704 426 ET
2747 364 3233 434 DOGMATIGA.

3654 376 3775 445 276

2024 482 2080 549 Α
2109 484 2275 559 θειαν,
2312 491 2453 561 μήτε
2482 490 2533 547 ἐν
2585 500 2664 567 τῷ
2704 500 2969 575 Μαρεώτῃ
3016 502 3427 579 ἀπομείναντες,
3469 528 3773 591 συγχωρη-

2114 574 2290 639 θέντες
2322 576 2534 655 ἐλέγξαι
2580 585 2672 639 τὸν
2729 574 2973 665 Ἰσχύραν
3023 574 3379 670 συκοφάντηψ
3412 574 3503 652 καὶ
3713 574 3770 660 δὲ

2110 664 2177 718 τὰ
2207 666 2507 749 ἀντίγραφα
2550 678 2659 729 τῶν
2710 664 3068 757 Ἀλεξάνδρου
3116 664 3480 758 γραμμάτων,
3526 692 3618 745 καὶ
3658 697 3763 748 τῶν

2110 750 2509 834 πρεσϐυτέρων,
2558 763 2647 817 καὶ
2688 767 2755 820 τὰ
2795 768 2907 841 (36)
2954 750 3193 847 Ἰσχύρα.
3230 750 3669 853 ’Ἄπεστείλαμεν
3710 780 3767 839 δὲ

2109 843 2198 897 καὶ
2244 846 2342 914 τήν
2402 854 2499 903 τοῦ
2547 855 2750 929 πατρὸς
2799 861 2905 911 τῶν
2962 859 3228 934 βασιλέων
3281 862 3597 938 ἐπιστολήν⁸
3645 866 3766 927 ἔνθα

2110 932 2171 986 οὐ
2222 934 2384 1006 μόνον
2433 937 2516 993 ἐπ’
2564 942 2825 1019 Ἀρσενίῳ
2871 932 3230 1024 δυσχεραίνει,
3284 951 3367 1008 ὅτι
3419 932 3618 1025 ζῶντος
3669 958 3760 1014 ἆν-

2107 1023 2327 1098 θρώπου
2358 1026 2519 1104 φόνος
2570 1029 2895 1106 ἐνεκαλεῖτο,
2928 1023 3075 1094 ἀλλὰ
3115 1042 3205 1095 καὶ
3248 1041 3334 1098 ἐπὶ
3384 1023 3465 1118 τῶ
3508 1048 3762 1124 ποτηρίῳ

2108 1110 2373 1186 ἐθαύμαζε
2403 1120 2516 1193 (37)
2545 1120 2607 1175 τὸ
2637 1122 2891 1180 ποικίλον
2920 1134 3022 1197 τῆς
3053 1132 3388 1208 κατηγορίας
3429 1110 3519 1190 καὶ
3552 1110 3759 1193 πεπιλαέ-

2104 1203 2362 1277 νημὲνον,
2393 1206 2474 1261 ὅτι
2518 1209 2592 1279 πή
2648 1212 2741 1285 μὲν
2787 1217 3069 1293 Μακαρίου
3114 1203 3218 1275 τοῦ*
3259 1203 3648 1299 πρεσϐυτέρου,
3682 1229 3758 1298 πή

2106 1286 2164 1345 δὲ
2196 1292 2516 1352 Ἀθανασίου
2544 1304 2641 1354 τοῦ
2671 1286 2969 1361 ἐπισκόπου
2994 1286 3761 1386 κατηγόρουινρςκλίίσαντος

2101 1385 2220 1443 ταῖς
2253 1384 2411 1459 χερσὶ
2440 1386 2503 1440 τὸ
2534 1392 2818 1465 ποτήριον⁸
2840 1394 2929 1448 καὶ
2952 1394 3118 1451 πάλιν
3149 1402 3485 1478 συκοφάντας
3503 1403 3632 1467 τοὺς
3656 1412 3760 1463 Με-

2104 1466 2402 1543 λιτιανοὺς,
2434 1476 2523 1530 καὶ
2554 1476 2720 1533 πάλιν
2755 1482 3067 1541 Ἀθανάσιον
3097 1490 3477 1564 καθαρώτατον
3523 1494 3756 1574 ἀποφαί-

2101 1579 2267 1618 νεται.
2304 1567 2428 1627 Πῶς
2459 1567 2562 1641 γὰρ
2595 1567 2657 1623 οὐ
2686 1574 3013 1650 συκοφάνται
3060 1574 3399 1649 Μελιτιανοὶ,
3436 1582 3528 1637 καὶ
3558 1586 3665 1661 πρὸ
3696 1606 3761 1662 γε

2098 1651 2316 1705 πάντων
2351 1653 2602 1725 Ἰωάννης
2631 1676 2644 1727 ;
2679 1659 2735 1713 Ὁ
2765 1651 3022 1719 εἰσελθὼν
3055 1666 3133 1729 εἰς
3160 1670 3258 1738 τήν
3293 1668 3606 1743 ἐκκλησίαν,
3637 1694 3755 1729 κοι-

2098 1742 2344 1811 νωνήσας
2374 1745 2533 1816 ἡμῖν,
2566 1749 2866 1824 καταγνοὺς
2917 1753 3130 1827 ἑαυτοῦ,
3187 1755 3355 1831 μηδὲν
3389 1758 3468 1815 ἔτι
3505 1764 3630 1837 περὶ
3659 1768 3757 1819 τοῦ

2097 1828 2369 1905 ποτηρίου
2419 1834 2670 1904 κινήσας·
2722 1836 2909 1911 ἐπειδὴ
2967 1842 3096 1907 τοὺς
3154 1828 3280 1924 περὶ
3336 1828 3596 1905 Εὐσέϐιον
3649 1850 3758 1909 εἶδε

2089 1914 2498 1988 σπουδάζοντας
2527 1928 2645 1987 τοῖς
2677 1926 3139 2004 Ἀρειομανίταις,
3187 1934 3286 1991 οὐκ
3325 1938 3756 2014 ἀποτολμῶντας

2088 2002 2146 2061 δὲ
2172 2014 2418 2085 φανερῶς
2466 2011 2653 2077 αὐτοῖς
2687 2002 2987 2094 συνεργεῖν,
3040 2002 3186 2079 ἀλλὰ
3218 2027 3512 2095 ζητοῦντας
3555 2027 3756 2094 ἄλλοις

2085 2098 2323 2171 χρῆσθαι
2354 2101 2697 2175 προσώποις’
2747 2107 2931 2163 ἑαυτὸν
2989 2106 3390 2189 ὑποϐἐϐληκεν,
3433 2114 3613 2194 ὥσπερ
3642 2124 3749 2174 τῶν

2086 2182 2187 2255 ἔξω
2240 2187 2499 2264 θεάτρων,
2563 2192 2899 2268 ὑποκριτήν.
2961 2199 3064 2254 Καὶ
3121 2203 3156 2271 ἡ
3219 2203 3314 2276 μὲν
3375 2182 3625 2271 ῦπόθεσίς
3681 2209 3748 2278 ἧν

2083 2273 2371 2351 Ἀρειανῶν
2433 2280 2604 2354 ἁγών·
2657 2285 2748 2338 καὶ
2804 2285 2865 2341 τὰ
2919 2290 3277 2363 πρωτότυπον
3339 2293 3573 2359 ἐκείνους
3629 2318 3752 2353 κατ-

2083 2365 2298 2439 ορθοῦν,
2360 2363 2611 2440 ὑποϐολή
2673 2369 2731 2428 δὲ
2788 2376 2879 2431 καὶ
2930 2380 3265 2454 παράρτημα
3310 2381 3518 2439 τούτων
3569 2386 3747 2442 Ἰωάν-

2081 2473 2183 2523 νης
2212 2453 2300 2508 καὶ
2332 2456 2385 2509 οἱ
2414 2456 2505 2511 σὺν
2540 2458 2704 2534 αὐτῷ·
2733 2459 2825 2518 ’ίνα
2856 2466 2908 2520 οἱ
2935 2472 3042 2522 τῶν
3078 2470 3369 2545 ’Δρειανῶν
3414 2472 3746 2532 σπουδασταὶ

2082 2537 2172 2596 διὰ
2200 2548 2302 2612 τῆς
2329 2544 2535 2601 τούτων
2585 2553 2933 2629 προφάσεως,
2991 2554 3255 2613 δικαστῶν
3296 2563 3567 2638 σχήματι,
3615 2565 3745 2629 τοὺς

2082 2627 2314 2706 ἐχθροὺς
2364 2641 2466 2703 τῆς
2514 2627 2761 2702 ἀσεϐείας
2811 2642 3160 2715 ἀπώσωνται,
3212 2627 3451 2721 καὶ
3504 2627 3750 2710 ἀσέϐειαν

2082 2717 2534 2796 ἐγκαταπήξωσι,
2582 2726 2673 2781 καὶ
2732 2728 2862 2793 τοὺς
2921 2732 3235 2806 Ἀρειανοὺς
3292 2736 3625 2815 εἷσαγάγωσι
3670 2746 3746 2817 τῇ

2083 2807 2416 2882 Ἐκκλησία·
2468 2814 2579 2899 καὶ,
2609 2817 2661 2870 οἱ
2707 2819 2808 2887 τὴν
2861 2815 3130 2877 εὐσέϐειαν
3181 2826 3297 2897 (38)
3345 2807 3609 2899 Quill-rica:
3660 2807 3747 2886 6t:

2082 2896 2271 2962 λοντες
2327 2897 2397 2955 δι’
2454 2898 2702 2967 ἀσεϐείας
2756 2914 2975 2977 νικῆσαι
3037 2896 3332 2985 βιάζονται’
3384 2896 3483 2970 καὶ
3542 2918 3595 2973 o't
3643 2922 3746 2990 τὴν

3005 2998 3405 3076 προελόμενοι,
3463 3004 3592 3069 τοὺς
3643 3015 3747 3078 τῆς

2080 3072 2327 3141 ἀσεϐείας
2385 3079 2617 3158 ἐχθροὺς
2676 3084 2751 3147 ὡς
2809 3080 3021 3150 ἀσεϐεῖς
3052 3072 3293 3147 ⁷ἀνελεῖν
3356 3072 3747 3171 ἐπεχείρησαν·

2510 3174 2648 3246 ἡμῖν
2700 3176 3037 3254 προφέρουσι
3079 3176 3473 3255 κεκλασμένον,
3502 3182 3595 3239 ’ίνα
3625 3182 3751 3261 δόξῃ

320 3220 646 3290 proferunt,
678 3231 746 3283 ut
777 3246 896 3287 una
943 3250 1077 3291 cum
1108 3237 1255 3311 ipsis
1283 3243 1642 3307 Athanasius
1684 3252 1863 3327 impie
1908 3257 1968 3314 in

320 3306 618 3340 (‘1...:-4.....
655 3332 819 3340 -..-_-
843 3321 895 3340 --ε
914 3322 958 3340 ,a,
1019 3328 1028 3340 .
1171 3333 1181 3340 .
1210 3334 1219 3340 .

2207 3220 2456 3244 σαπείη--
2517 3220 2643 3246 -.Γ-η
2708 3220 3037 3254 ..πυτ-τυ--.
3081 3220 3473 3255 ηυηιιυιυμςννν,
3513 3220 3595 3239 una
3625 3220 3751 3261 υυςμ

2087 3256 2170 3311 καὶ
2201 3257 2516 3323 Ἀθανάσιος
2541 3264 2676 3317 κατά
2726 3269 2963 3340 Χριστοῦ
3012 3263 3320 3325 συνασεϐεῖν
3370 3270 3578 3335 αὐτοῖς.
3612 3273 3752 3330 Ποία

320 3306 622 3369 Christum
653 3332 824 3389 agere
842 3306 1227 3384 videaturIAt
1248 3347 1532 3402 quorsum
1564 3338 1666 3396 illa
1695 3306 1970 3416 ἆρἱὶξεξέ

322 3399 554 3470 mystici
576 3406 771 3476 poculi
793 3414 1052 3469 mentio?
1072 3399 1366 3477 undenam
1391 3422 1713 3497 impietatis

322 3490 478 3544 stum
511 3493 777 3561 patronis
809 3514 977 3557 mens
1008 3502 1109 3560 illa
1158 3522 1296 3581 erga
1341 3490 1620 3582 poculum
1652 3521 1804 3577 109
1834 3490 1969 3581 reli-

319 3573 527 3647 giosa?
556 3582 851 3641 undenam
882 3589 1178 3649 Christum
1201 3573 1612 3669 ignorantibus
1630 3573 1971 3686 Christi-po-

1227 3663 1253 3669 ν
1718 3663 1731 3664 ί
1748 3663 1844 3667 “τ““
1872 3663 1942 3686 ι’*

320 3663 520 3722 culum
552 3674 756 3728 notum
789 3676 915 3732 est?
935 3695 1040 3735 cur
1069 3684 1168 3754 qui
1200 3702 1261 3742 se
1293 3690 1571 3760 poculum
1600 3702 1863 3757 venerari
1894 3704 1969 3760 si-

323 3754 572 3823 mulant,
587 3762 779 3831 poculi
797 3765 978 3823 Deum
1000 3770 1280 3832 dedecore
1293 3754 1601 3840 afficiunt?
1617 3792 1719 3843 aut
1738 3754 1969 3865 cii;qu

321 3844 599 3913 poculum
630 3848 853 3925 lugent,
867 3857 1207 3932 episcopum
1230 3866 1330 3937 qui
1351 3868 1410 3924 in
1446 3870 1543 3928 illo
1576 3844 1972 3948 mysteria

240 3932 241 3935 “
317 3931 508 3989 lebrat
535 3937 795 3997 occidere
824 3931 1120 4019 satagunt,
1145 3931 1263 4010 imo
1298 3964 1586 4028 quantum
1608 3931 1666 4020 in
1688 3931 1970 4039 fuit

322 4020 699 4082 occiderunt?
728 4046 909 4101 quare
956 4036 1058 4107 qui
1096 4038 1293 4098 throni
1323 4046 1638 4122 episcopali
1671 4058 1844 4113 modo
1874 4077 1966 4116 or-

321 4110 440 4167 nati
457 4111 643 4171 vicem
667 4115 1086 4199 lamentantur,
1102 4130 1442 4205 episcopum
1466 4139 1524 4193 in
1552 4140 1650 4197 illo
1668 4145 1965 4206 sedentem

317 4198 644 4260 interficere
674 4215 978 4284 conantur,
995 4198 1137 4272 utet
1156 4219 1406 4279 thronus
1436 4228 1777 4303 episcopum
1810 4252 1965 4308 quaa-

315 4293 427 4356 rat,
449 4296 507 4347 et
537 4295 737 4367 populi
789 4301 887 4370 pia
930 4303 1197 4363 doctrina
1222 4293 1564 4382 priventur?
1612 4293 1967 4395 Itaque‘nec

313 4379 590 4449 poculum
620 4388 1039 4465 (confractum,
1092 4412 1199 4453 nec
1226 4379 1459 4477 ﬁcaedes,
1500 4423 1606 4464 nec
1662 4412 1965 4486 quidpiam

313 4467 713 4531 inauditarum
744 4476 1072 4539 facinorum
1114 4502 1241 4557 quae
1286 4489 1399 4561 ipsi
1448 4494 1711 4568 objecere
1739 4505 1811 4558 ad
1845 4504 1967 4563 haec

311 4561 603 4632 agendum
635 4564 769 4622 illos
807 4571 1121 4643 compulit;
1156 4578 1257 4633 sed
1288 4561 1565 4649 praedicta
1609 4561 1958 4653 Arianorum
1990 4608 2037 4674 Ι)

312 4647 797 4727 impietas.Cujus
818 4660 1009 4729 gratia
1033 4647 1349 4738 postquam
1378 4672 1698 4734 Athanasio
1721 4647 1972 4757 aliisque

310 4739 606 4813 episcopis
636 4742 899 4802 insidiati
925 4755 1085 4819 sunt,
1102 4754 1428 4815 etiamnum
1452 4762 1722 4823 Ecclesiae
1747 4770 1968 4831 bellum

305 4826 586 4887 inferunt.
603 4835 829 4891 Etenim
854 4838 1097 4908 quinam
1119 4845 1367 4902 caedium
1391 4852 1849 4932 exsiliorumque
1871 4882 1971 4921 au-

304 4921 534 4976 ctores?
566 4924 1207 4999 nonneListi‘RQuinam
1240 4937 1614 4998 saecularium
1645 4953 1967 5019 patrocinio

307 5007 426 5076 usi,
452 5010 748 5085 episcopis
774 5014 1171 5076 insidiantur?
1200 5040 1393 5083 nonne
1417 5028 1751 5103 Eusebiani,
1785 5044 1843 5095 et
1871 5059 1968 5098 ne-

304 5112 627 5169 quaquam,
648 5105 716 5157 ut
736 5102 850 5175 ipsi
874 5106 1160 5180 scribunt,
1175 5112 1576 5177 Athanasius?
1601 5102 1740 5195 quin
1767 5131 1965 5201 potius

300 5185 374 5242 ab
405 5187 552 5259 ipsis
576 5189 673 5247 ille
695 5195 752 5247 et
780 5193 878 5249 alii
898 5212 1131 5270 quoque
1151 5204 1342 5259 vexati
1371 5214 1530 5265 sunt.
1550 5185 1697 5270 Nam
1725 5185 1791 5272 eo

298 5380 338 5403 ,τ
522 5313 724 5389 Basil.,
765 5316 857 5372 καὶ
909 5323 1007 5374 τοῦ
1056 5322 1297 5403 Ἰσχύρα.
1348 5330 1503 5389 Editi
1558 5353 1693 5396 vero
1751 5340 1839 5395 καὶ
1897 5344 1964 5399 τὰ

341 5402 520 5436 avoca

374 5400 669 5536 ﬁxi/538$,
704 5465 837 5536 ante
868 5460 1156 5536 ἐθαύμαζε,
1188 5470 1366 5529 habet
1392 5472 1579 5533 πάλιν.

388 5458 477 5525 37)
511 5458 669 5530 Reg.,
704 5465 837 5519 ante
868 5460 992 5518 ἐθαύ
1044 5470 1156 5536 αζε,
1188 5470 1366 5529 habet
1392 5472 1579 5533 πάλιν.

515 5529 679 5618 R‘eg.,
731 5532 831 5618 τῂν
885 5484 1154 5618 ἀσέξειαν,
1203 5561 1534 5618 perperam.
1574 5555 1776 5610 Caeteri
1822 5573 1960 5614 cum

294 5597 477 5696 Edigig
497 5597 928 5696 τήἶεύσὲϐειοιν,ζ
956 5613 1086 5696 Mox
1127 5597 1268 5696 licigz
1303 5597 1480 5696 quem
1525 5626 1857 5696 sequimur,
1890 5625 1962 5683 δι’

295 5633 470 5655 suum
508 5633 597 5669 μιν
629 5633 923 5663 ευυευειαν.
956 5633 1086 5669 mox
1127 5633 1266 5689 neg.
1346 5635 1480 5675 uem
1525 5633 1857 5696 sequimur,
1890 5633 1958 5683 δι’

295 5664 545 5735 ἀσεϐείας
595 5682 835 5747 νικῆσαι.
887 5680 1089 5755 Basil.,
1143 5682 1213 5740 δι’
1243 5633 1486 5747 ἀσὲοειαν
1531 5700 1774 5767 νικῆσαι.
1805 5701 1958 5760 Editi

2082 3347 2185 3421 γὰρ
2212 3347 2303 3401 καὶ
2332 3350 2522 3423 μνήμη
2557 3353 2685 3425 παρ’
2714 3350 2900 3417 αὺτοῖς
2933 3354 3210 3433 ὀφείλεται
3240 3360 3510 3435 ποτηρίου
3558 3384 3746 3437 μυστι-

2077 3438 2177 3490 κοῦ
2211 3454 2224 3504 ;
2257 3435 2418 3492 πόθεν
2450 3434 2707 3527 ἀσεϐείας,
2725 3449 2828 3512 τῆς
2862 3443 2940 3507 εἷς
2973 3447 3204 3522 Χριστὸν
3236 3434 3573 3523 προστάτπις
3621 3453 3748 3527 περὶ

2076 3526 2348 3601 ποτηρίου
2377 3532 2506 3591 νοῦς
2554 3524 2784 3602 εὐσεϐής
2818 3550 2833 3602 ;
2866 3533 3029 3589 πόθεν
3078 3540 3197 3600 τοῖς
3249 3559 3342 3594 τον
3388 3541 3617 3615 Χριστὸν

2077 3614 2404 3689 γνωρίζουσι
2436 3620 2699 3690 ποτήριον
2726 3626 2960 3696 Χριστοῦ
2985 3625 3270 3700 γνώριμον
3296 3646 3309 3697 ;
3342 3614 3461 3691 πῶς
3492 3630 3544 3684 θ’ι
3573 3614 3744 3701 ποῖή·

2078 3723 2192 3780 ριον
2222 3710 2387 3779 τιμᾷν
2417 3709 2883 3784 προσποιούμενοι
2913 3712 3004 3767 τὸν
3034 3719 3132 3769 τοῦ
3163 3717 3435 3793 ποτηρίου
3461 3719 3591 3774 Θεὸν
3622 3721 3740 3774 ἀτι-

2081 3794 2337 3866 μάζουσιν
2373 3813 2388 3864 ;
2420 3796 2457 3865 ἢ
2488 3802 2608 3860 πῶς
2641 3799 2692 3853 οἱ
2724 3801 2992 3877 ποτήριον
3030 3800 3355 3879 ὀδυρόμενοι
3384 3807 3477 3865 τὸν
3523 3807 3742 3865 ἐπίσκο-

2075 3903 2176 3938 πον
2202 3884 2293 3938 τὸν
2342 3884 2395 3939 ἐν
2446 3884 2593 3957 αὐτῷ
2644 3894 3112 3963 μυσταγωγοῦντα
3169 3899 3423 3969 φονεῦσαι
3473 3901 3739 3971 ζητοῦσι;

2075 3971 2166 4025 ναὶ
2198 3971 2484 4049 ἐφόνευσαν
2516 3974 2576 4028 ἂν
2603 3974 2667 4029 τὸ
2716 3974 2840 4030 ὅσον
2893 3976 2946 4031 ἐν
2998 3978 3233 4043 ἑαυτοῖς.
3282 3987 3413 4046 Πῶς
3442 3982 3501 4039 δὲ
3553 3988 3606 4041 οἱ
3649 3989 3741 4044 τὸν

2076 4060 2267 4137 θρόνον
2303 4060 2395 4115 τὸν
2429 4060 2816 4136 ἐστολισμένον
2850 4064 3220 4132 ἐπισκοπικῶς
3254 4068 3603 4146 ὀδυρόμενοι,
3649 4077 3742 4132 τὸν

2078 4148 2130 4204 ἐν
2176 4148 2324 4222 αὐτῷ
2372 4152 2674 4224 καθήμενον
2727 4151 3022 4211 ἐπίσκοπον
3070 4155 3278 4213 ἀνελεῖν
3324 4165 3574 4231 ζητοῦσιν
3610 4164 3745 4234 ;⁹ίνα

2075 4235 2167 4292 καὶ
2197 4238 2224 4291 ὁ
2256 4237 2447 4314 θρόνος
2476 4238 2570 4295 τὸν
2604 4239 2898 4298 ἐπίσκοπον
2953 4248 3113 4320 ζητῇ,
3145 4246 3235 4302 καὶ
3267 4249 3319 4303 οἱ
3365 4248 3492 4307 λαοὶ
3520 4260 3622 4324 τῆς
3654 4253 3739 4309 εὖ·

2075 4321 2267 4389 σεϐοῦς
2317 4325 2672 4393 διδασκαλίας
2721 4334 3082 4408 στερηθῶσιν.
3133 4332 3269 4392 Οὔτε
3312 4337 3402 4394 οὗν
3448 4345 3738 4419 ποτήριον,

2077 4411 2201 4471 οὔτε
2230 4416 2415 4495 φόνος,
2449 4416 2572 4474 οὕτε
2598 4441 2651 4476 τι
2682 4425 2788 4476 τῶν
2847 4423 2934 4478 ὑπ’
2983 4422 3158 4480 αὐτῶν
3192 4427 3737 4507 τερατολογηθέντων

2077 4504 2154 4568 εἰς
2182 4511 2343 4563 τοῦτο
2374 4507 2569 4594 αὐτοῦς
2603 4513 2942 4588 προήγαγεν,
2998 4511 3124 4569 ἀλλ’
3152 4518 3188 4586 ἡ
3218 4504 3587 4594 προειρημένη
3629 4525 3737 4576 τῶν

2070 4598 2369 4669 Ἀρειανῶν
2420 4593 2653 4653 ἀσέϐεια·
2688 4598 2758 4655 δι’
2808 4601 2874 4670 ἢν
2907 4603 2999 4657 καὶ
3065 4605 3352 4680 Δθανασίῳ
3384 4593 3487 4662 καί
3537 4605 3733 4673 ἄλλοις

2081 4683 2400 4748 ἐπισκόποις
2450 4683 2957 4760 ἐπιϐουλεύσαντες,
3008 4690 3087 4747 ἔτι
3116 4695 3206 4748 καὶ
3250 4699 3343 4750 νῦν
3387 4700 3456 4771 τῇ
3500 4696 3735 4769 Ἐκκλη-

2080 4772 2169 4844 σίᾳ
2211 4772 2571 4847 πολεμοῦσιν,
2627 4778 2769 4852 Ἄρα
2810 4780 2913 4856 γὰρ
2958 4780 3101 4843 τίνες
3155 4783 3205 4836 οἱ
3254 4782 3451 4861 φόνους
3502 4788 3594 4842 καὶ
3650 4787 3736 4859 ἐξ-

2079 4862 2321 4939 οριστίας
2366 4864 2590 4934 ἀληθῶς
2646 4869 2758 4941 (39)
2805 4870 3134 4939 ποιήσαντες
3166 4891 3181 4941 ;
3214 4872 3320 4949 οὐχ
3367 4874 3518 4930 οὗτοι
3550 4895 3565 4945 ;
3596 4879 3737 4955 Ἀρα

2074 4951 2364 5023 τίνες,ταῖς
2391 4951 2580 5024 ἔξωθεν
2611 4957 2965 5032 προστασίαις
3013 4960 3320 5035 χρώμενοι,
3370 4969 3489 5028 τοῖς
3522 4964 3736 5023 ἐπισκό-

2075 5062 2201 5104 ποις
2246 5036 2691 5100 ἐπιϐουλεύουσιν
2728 5065 2742 5116 ;
2775 5046 2882 5123 οὐχ
2913 5048 2966 5102 οἱ
3015 5049 3139 5125 περὶ
3187 5046 3446 5108 Εὐσέϐιον
3500 5053 3732 5129 μᾶλλον,

2073 5130 2164 5185 καὶ
2215 5130 2315 5187 οὐκ
2381 5132 2717 5206 Ἀθανάσιος,
2761 5136 2836 5199 ὡς
2891 5135 3045 5192 αὐτοὶ
3103 5140 3371 5219 γράφουσι
3405 5159 3421 5213 ;
3452 5145 3580 5220 παρ’
3633 5145 3735 5200 αὖ·

2071 5223 2180 5274 τῶν
2226 5221 2331 5297 γὰρ
2380 5220 2541 5286 αὐτὸς
2588 5224 2679 5278 καὶ
2728 5222 2892 5281 ἄλλοι
2942 5226 3240 5284 πεπόνθασι
3288 5233 3436 5306 (40).
3482 5232 3581 5287 Καὶ
3627 5234 3731 5311 γὰρ

2074 5339 2144 5398 δι’
2172 5337 2417 5399 ἀσέϐειαν
2448 5352 2687 5417 κινῆσαι.
3130 5424 3142 5436 .
3238 5422 3285 5441 ῃ
3345 5426 3409 5441 Μ
3514 5426 3530 5441 ῃ
3606 5428 3619 5441 1

2144 5415 2254 5441 ῘΟΠὶ
2287 5417 2380 5441 ΟΞ-
2427 5418 2548 5441 Π-..
2602 5423 2659 5441 'r__
2719 5420 2849 5441 -1!!_
2918 5426 2953 5441 ,1
3018 5423 3116 5441 ,I'l

2143 5415 2256 5497 (39)
2287 5417 2383 5474 Sic
2426 5415 2568 5493 Reg.
2600 5423 2667 5475 In
2716 5420 2851 5479 aliis
2905 5426 2961 5480 et
3004 5423 3178 5481 editis
3228 5422 3452 5497 ἀληθῶς
3499 5426 3727 5487 deside-

2070 5492 2345 5653 magis;
2365 5564 2962 5653 qujatuonpresbyt'eri
2986 5568 3370 5653 nominantur
3390 5570 3451 5626 in
3472 5572 3724 5653 epistola

2069 5631 2277 5728 synodi
2302 5631 3133 5728 §airdicensislad_'zEgyptips
3167 5631 3526 5728 episcopos;
3553 5631 3721 5704 sunt?

2070 5718 2183 5776 que
2210 5703 2607 5781 Aphthonius,
2636 5703 3016 5784 Athanasius,
3044 5703 3283 5788 Paulus,
3312 5703 3567 5775 Plution.
