4178 6378
441 371 560 435 277

1571 378 1966 442 APOLOGIA
2008 377 2324 442 CONTRA
2364 378 2731 442 ARIANOS.

3739 373 3863 436 278

443 505 533 560 καὶ
589 497 947 582 πρεσϐυτεροι
1009 513 1111 578 τῆς
1171 505 1579 584 Ἀλεξανδρείας
1652 512 1903 585 τέτταρες
1979 513 2095 566 κατ’

2213 530 2345 585 pore
2391 517 2643 585 quatuor
2698 511 3076 568 Alexandrini
3135 507 3482 584 presbyteri,
3515 523 3856 582 quanquam

446 593 648 650 ἐκεῖνον
680 596 772 650 τὸν
803 598 1012 673 καιρὸν,
1045 597 1221 653 καίτοι
1260 596 1399 671 μηδὲ
1429 599 1503 662 είς
1552 599 1718 677 Τύρον
1771 599 2094 674 ἐξελθόντες,

446 684 727 760 ὑπερόριοι
759 688 884 762 παρ’
915 687 1089 741 αὐτῶν
1142 687 1446 763 γεγόνασιν.
1476 691 1615 765 Ἀρα
1659 691 1801 752 τίνες
1861 693 1913 745 οἱ
1963 693 2096 765 θρή-

441 796 544 829 νων
601 775 689 830 καὶ
722 773 967 852 δακρύων
1001 775 1176 848 ἄξίοι;
1211 778 1317 853 οὐχ
1348 779 1398 833 οἱ
1433 779 1520 833 καὶ
1573 782 1639 834 τὰ
1694 785 1884 856 πρῶτα
1941 782 2098 850 ποιή-

442 885 648 934 σαντες,
706 865 796 919 καὶ
875 863 1096 942 δεύτερα
1171 870 1447 923 συνάπτειν
1513 871 1587 942 μὴ
1650 869 2094 944 παραιτούμενοι,

441 954 529 1009 καὶ
579 953 753 1009 πάντα
792 960 1266 1033 συκοφαντοῦντες,
1295 955 1388 1012 ’ίνα
1438 957 1728 1013 ἐπίσκοπον
1789 958 2096 1014 ἀπολέσωσι

446 1043 521 1116 μὴ
585 1043 873 1098 ὑπείκοντα
918 1049 986 1117 τῇ
1037 1053 1136 1113 τῆς
1198 1042 1444 1109 ἀσεϐείας
1503 1047 1676 1103 αὐτῶν
1729 1050 1968 1124 αἱρέσει;
2004 1051 2101 1102 Διά

435 1136 596 1186 τοῦτο
627 1134 660 1200 ἡ
693 1131 866 1207 ἔχθρα
907 1138 1014 1188 τῶν
1066 1135 1190 1207 περὶ
1240 1132 1496 1190 Εὐσέϐιον
1525 1159 1537 1171 υ
1573 1135 1661 1191 δια
1711 1143 1871 1192 τοῦτο
1920 1140 1988 1192 τὰ
2046 1138 2095 1192 ἐν

435 1219 592 1295 Τύρῳ
617 1223 905 1290 κινηθέντα
930 1244 942 1256 ο
1005 1221 1093 1277 διὰ
1120 1229 1280 1279 τοῦτο
1314 1227 1368 1279 αἱ
1427 1228 1802 1299 προσποίητοι
1850 1229 2054 1304 κρίσεις
2083 1248 2095 1260 ·

439 1306 528 1363 διὰ
556 1314 716 1365 τοῦτο
746 1315 838 1365 νῦν
866 1311 956 1366 καὶ
989 1313 1165 1387 χωρὶς
1207 1313 1438 1388 κρίσεως
1490 1317 1616 1391 παρ’
1646 1317 1843 1389 αὐτῶν,
1878 1317 1952 1380 ὡς
2002 1337 2098 1372 πε-

438 1397 983 1477 πληροφορημένων,
1014 1402 1342 1478 γράμμα-ια’
1384 1401 1472 1458 διὰ
1510 1410 1670 1460 τοῦτο
1722 1407 1775 1460 αἱ
1824 1407 1960 1480 πρὸς
2006 1407 2097 1460 τὸν

437 1488 642 1560 πατέρα
695 1493 803 1543 τῶν
860 1489 1126 1565 βασιλέων
1174 1493 1265 1547 καὶ
1313 1494 1450 1569 πρὸς
1501 1494 1696 1557 αὐτοὺς
1726 1495 1853 1557 τοὺς
1887 1491 2099 1550 εὐσεϐε-

440 1578 664 1646 ᾳτάτους
700 1577 943 1654 βασιλεῖς
977 1575 1259 1639 διαϐολαί.

512 1669 598 1724 18.
634 1669 734 1721 Οἴα
790 1670 894 1743 γὰρ
943 1671 1032 1724 καὶ
1082 1675 1172 1725 νῦν
1221 1670 1538 1746 κατείρηται
1590 1674 1616 1727 ὁ
1672 1671 2098 1750 συλλειτουργὸς

439 1757 602 1828 ἡμῶν
661 1757 996 1830 Ἀθανάσιος,
1061 1760 1352 1836 ἀναγκαῖον
1416 1762 1556 1834 ὑμᾶς
1613 1760 1833 1832 εἰδέναι,
1868 1760 1953 1817 ἶνα
2007 1764 2096 1818 καὶ

439 1845 500 1900 ἐκ
547 1844 744 1900 τούτου
800 1851 1112 1922 καταγνῶτε
1166 1857 1268 1919 τῆς
1325 1851 1593 1926 πονηρίας
1645 1852 1836 1921 αὐτῶν,
1870 1852 1959 1907 καὶ
2010 1875 2097 1928 γι-
2130 1884 2180 1948 Β

438 1935 681 2006 νώσκητε
711 1933 792 1990 ὅτι
829 1934 997 2008 μηδὲν
1057 1935 1197 1993 ἄλλο
1228 1939 1263 2008 ἢ
1298 1943 1551 2017 φονεῦσαι
1606 1946 1827 2010 ζητοῦσι
1865 1940 1957 1997 τὸν
2007 1940 2098 1996 ἅν-

439 2021 558 2098 δρα.
612 2029 772 2087 Σῖτος
817 2027 965 2099 παρὰ
1009 2031 1106 2081 τοῦ
1153 2029 1358 2104 πατρὸς
1404 2033 1511 2082 τῶν
1568 2027 1835 2104 βασιλέων
1887 2029 2097 2086 ἐδίδοτο

439 2115 554 2186 (41)
586 2114 722 2190 πρὸς
752 2115 848 2176 τὰς
877 2120 985 2170 τῶν
1015 2120 1209 2192 χηρῶν
1244 2115 1535 2195 διατροφὰς
1572 2117 1682 2189 ἰδίᾳ
1726 2120 1818 2192 μὲν
1872 2115 2098 2192 Λιϐύας,

445 2199 557 2273 ἰδίᾳ
587 2199 644 2257 δέ
686 2225 824 2259 τισιν
855 2203 904 2276 ἐξ
950 2204 1251 2279 Αἰγύπτου.
1300 2211 1498 2261 Τοῦτον
1550 2207 1744 2270 πάντες
1795 2203 2101 2282 λαμϐάνου-

441 2312 524 2345 σιν
575 2288 705 2368 ἄχρι
751 2297 864 2360 νῦν,
911 2294 1228 2349 Ἀθανασίου
1277 2293 1444 2368 μηδὲν
1492 2296 1542 2366 ἐξ
1584 2297 1747 2352 αὐτοῦ
1799 2299 2100 2372 κομιζομέ-

440 2400 538 2435 νου
595 2379 742 2450 πλὴν
797 2381 963 2454 μόνου
1004 2387 1101 2436 τοῦ
1150 2385 1470 2459 συγκάμνειν
1522 2383 1728 2448 αὐτοῖς.
1778 2384 1953 2441 ’Δλλὰ
2007 2392 2097 2441 νῦν

446 2468 665 2524 ἐκείνων
725 2466 1116 2543 λαμϐανόντων
1174 2475 1248 2546 μὴ
1306 2475 1693 2547 μεμψαμένων,
1759 2475 2098 2551 ὁμολογούν-

443 2580 552 2613 των
605 2557 923 2632 λαμϐάνειν,
958 2556 1316 2632 διαϐέϐληται
1353 2563 1668 2626 Ἀθανάσιος
1718 2565 1792 2626 ὡς
1841 2565 1967 2620 ὅλον
2012 2566 2103 2620 τὸν

446 2653 591 2703 σῖτον
645 2651 988 2725 πιπράσκων,
1045 2651 1136 2704 καὶ
1193 2650 1270 2713 είς
1324 2652 1387 2705 τὸ
1447 2649 1582 2707 ἴδιον
1651 2654 2098 2732 ιίιποιρερόμενος⁸

444 2737 534 2792 καὶ
582 2743 743 2793 τοῦτο
795 2737 996 2814 ἔγραψε
1048 2737 1326 2816 βασιλεὺς,
1380 2740 1705 2816 αἰτιώμενος
1767 2742 1825 2798 ἐκ
1869 2749 1977 2798 τῶν
2009 2765 2100 2820 γε·

440 2827 749 2902 γενημένων
784 2823 1080 2885 διαϐολῶν.
1114 2828 1263 2891 Τίνες
1293 2828 1472 2884 τοίνυν
1533 2831 1584 2885 οἱ
1635 2827 2099 2903 διαϐεϐληκότες;

441 2916 559 2991 Ούχ
589 2917 640 2971 οἱ
671 2917 760 2971 καὶ
791 2919 858 2972 τα
885 2922 1076 2993 πρῶτα
1114 2920 1465 2988 ποιήσαντες,
1495 2921 1586 2974 καὶ
1633 2923 1701 2976 τὰ
1751 2919 1971 2998 δεύτερα
2017 2944 2102 2978 κι-

436 3010 544 3059 νεῖν
581 3007 655 3079 μὴ
689 3007 1123 3081 παραιτούμενοι
1150 3027 1163 3076 ;
1196 3007 1342 3070 Τίνες
1376 3009 1427 3062 οἱ
1458 3013 1566 3064 τῶν
1594 3031 1935 3086 γραμματων
1972 3012 2100 3066 τού-

435 3114 543 3148 των
585 3091 751 3149 αίίτιοι
795 3099 902 3150 τῶν
937 3097 1050 3169 (42)
1081 3117 1155 3150 πα
1204 3097 1218 3114 ‘
1340 3101 1368 3132 τ’
1593 3099 1613 3132 λ

628 3139 638 3148 .
1162 3117 1229 3172 ρα
1273 3118 1371 3151 του
1425 3097 1707 3172 βασιλέως·
1746 3099 2098 3176 λεγομένων;

439 3183 547 3259 οὐχ
576 3184 628 3238 οἱ
659 3185 927 3260 Ἀρειανοὶ
961 3182 1376 3258 σπουδάζοντες,
1397 3188 1487 3240 καὶ
1523 3186 1689 3260 μηδὲν
1724 3193 1859 3245 κατὰ
1888 3196 1984 3246 τοῦ
2015 3192 2102 3246 ἀν-

2210 605 2428 675 Tyrum
2459 620 2574 658 non
2605 607 2903 667 venerant,
2921 603 2993 657 ab
3016 601 3162 674 ipsis
3183 600 3240 655 in
3263 599 3534 655 exsilium
3560 599 3669 654 acti
3695 603 3856 654 sunt.

2208 693 2455 756 Quinam
2487 709 2621 764 ergo
2654 692 2812 747 luctu
2846 696 2901 746 et
2935 691 3204 763 lacrymis
3227 689 3428 762 digni?
3455 704 3646 743 nonne
3668 687 3768 759 qui
3801 690 3859 742 et

2207 781 2403 854 priora
2434 781 2532 836 illa
2559 784 2987 854 perpetrarunt,
3010 785 3067 836 et
3092 780 3351 835 secunda
3376 778 3588 833 addere
3613 793 3730 831 non
3762 792 3857 832 re—

2208 875 2436 941 cusant,
2460 871 2680 942 quique
2707 870 2866 926 omni
2891 869 3322 925 calumniarum
3345 883 3555 939 genere
3587 869 3855 935 utuntur,

2209 965 2274 1014 ut
2303 961 2643 1032 episcopum
2668 961 2738 1015 de
2768 958 2958 1014 medio
2988 958 3216 1024 tollant,
3242 957 3394 1028 quod
3429 955 3621 1028 impias
3652 953 3862 1011 haeresi

2210 1067 2329 1106 suae
2362 1067 2474 1106 non
2507 1049 2784 1105 cesserit?
2823 1053 2955 1103 Haec
2987 1064 3164 1102 causa
3195 1047 3311 1101 odii
3342 1045 3809 1101 Eusebianorum
3847 1060 3861 1098 :

2209 1140 2330 1195 haec
2360 1155 2563 1194 eorum
2595 1154 2721 1209 quaa
2752 1137 2884 1210 Tyri
2927 1141 3054 1192 acta
3101 1140 3240 1191 sunt
3271 1135 3429 1206 origo
3465 1151 3477 1188 :
3513 1135 3647 1189 hinc
3676 1133 3863 1190 simu-

2209 1227 2327 1283 lata
2358 1228 2459 1282 illa
2484 1227 2750 1298 judicia:
2787 1227 2924 1281 hinc
2948 1225 3062 1280 illae
3094 1241 3296 1280 eorum
3329 1224 3554 1292 litterze,
3580 1240 3747 1295 quas,
3783 1223 3864 1277 ci-

2209 1321 2299 1372 tra
2329 1317 2607 1389 praevium
2633 1315 2950 1386 judicium,
2971 1314 3139 1386 quasi
3165 1312 3264 1385 qui
3289 1313 3360 1368 de
3383 1314 3558 1368 rebus
3589 1311 3864 1367 certiores

2210 1407 2347 1473 sint,
2383 1405 2783 1478 perscribunt;
2816 1404 2952 1459 hinc
2984 1403 3094 1457 illaa
3127 1419 3331 1458 eorum
3366 1403 3518 1472 apud
3551 1401 3866 1472 imperato-

2209 1512 2341 1550 rum
2373 1499 2600 1564 patrem
2631 1499 2687 1549 et
2718 1494 2872 1566 apud
2917 1494 3076 1564 ipsos
3127 1491 3428 1562 piissimos
3477 1491 3859 1560 imperatores

2209 1583 2536 1641 calumnias.

2282 1676 2366 1729 18.
2392 1673 2596 1738 Qualia
2629 1672 2788 1728 enim
2834 1687 2990 1726 nunc
3021 1686 3256 1742 quoque
3288 1669 3569 1724 adversus
3617 1665 3859 1722 commi-

2207 1763 2463 1818 nistrum
2493 1766 2761 1818 nostrum
2793 1759 3185 1816 Athanasium
3221 1757 3416 1814 delata
3447 1756 3588 1823 sint,
3612 1772 3715 1810 vos
3746 1771 3862 1810 non

2207 1852 2477 1923 ignorare
2508 1869 2614 1923 par
2642 1856 2756 1920 est;
2791 1854 2855 1905 ut
2904 1849 3042 1904 hinc
3087 1849 3263 1904 etiam
3312 1863 3518 1902 eorum
3571 1843 3860 1900 malitiam

2211 1941 2660 2014 deprehendatis
2691 1944 2748 1995 et
2777 1937 3132 2011 agnoscatis,
3165 1936 3311 1992 nihil
3357 1935 3516 1991 aliud
3561 1933 3693 1989 illos
3745 1932 3859 1988 nisi

2209 2032 2425 2087 caedem
2455 2029 2563 2084 viri
2595 2045 2871 2100 quaerere.
2908 2030 3288 2082 Frumentum
3324 2025 3396 2080 ab
3436 2025 3857 2096 imperatorum

2209 2125 2374 2192 patre
2403 2119 2752 2190 erogabatur
2788 2135 2891 2189 pro
2921 2117 3112 2172 viduis
3146 2114 3360 2188 partim
3394 2113 3608 2184 Libyis,
3641 2109 3854 2184 partim

2207 2209 2491 2282 [Egyptiis
2514 2208 2868 2280 quibusdam
2891 2206 3134 2262 alendis.
3155 2205 3319 2270 Quod
3346 2219 3550 2259 omnes
3571 2201 3857 2257 hactenus

2210 2303 2615 2372 perceperunt,
2631 2296 2948 2352 Athanasio
2971 2295 3114 2351 nihil
3139 2299 3345 2367 praeter
3365 2293 3623 2349 laborem
3646 2295 3703 2347 et
3723 2307 3856 2362 ope-

2210 2405 2336 2444 ram
2369 2388 2836 2455 hinc;referente.
2863 2387 2929 2439 At
2956 2401 3110 2439 nunc
3129 2384 3262 2438 licet
3290 2382 3388 2453 qui
3420 2381 3564 2436 illud
3599 2379 3856 2451 recipere

2211 2478 2402 2534 solent
2432 2494 2547 2532 non
2590 2478 3039 2546 conquerantur,
3066 2474 3185 2528 imo
3216 2489 3277 2528 se
3310 2471 3605 2543 percipere
3636 2470 3858 2524 fatean-

2209 2573 2327 2638 tur,
2365 2566 2752 2622 Athanasium
2784 2570 2980 2619 tamen
3023 2563 3109 2617 illi
3141 2559 3478 2617 calumniati
3507 2563 3666 2629 sunt,
3693 2555 3864 2629 quasi

2214 2658 2312 2728 qui
2342 2658 2705 2711 frumentum
2754 2658 2942 2708 totum
2974 2652 3187 2706 vendat
3233 2656 3289 2704 et
3317 2649 3372 2704 in
3410 2648 3703 2720 propriam
3736 2661 3860 2701 rem

2213 2747 2460 2802 divertat
2483 2761 2494 2799 :
2521 2749 2578 2800 et
2598 2744 2706 2799 hac
2728 2743 2798 2798 de
2819 2759 2880 2798 re
2899 2742 3236 2813 imperator,
3261 2740 3523 2810 ipsorum
3546 2734 3861 2792 calumniis

2212 2835 2510 2900 inductus,
2537 2832 2747 2887 litteris
2779 2831 2904 2887 suis
2934 2847 3068 2886 eum
3100 2829 3449 2884 criminatus
3475 2829 3583 2882 est.
3608 2823 3856 2889 Quinam

2211 2924 2392 2996 igitur
2421 2924 2516 2979 isti
2551 2919 3050 2978 calumniatores?
3095 2919 3298 2974 Nonne
3329 2917 3430 2985 qui
3462 2920 3516 2971 et
3548 2914 3737 2987 prima
3762 2913 3866 2969 illa

2212 3017 2646 3085 perpetrarunt,
2679 3014 2737 3065 et
2767 3010 3025 3066 secunda
3064 3024 3295 3064 movere
3341 3023 3456 3061 non
3489 3003 3864 3060 abnuerunt?

2212 3103 2462 3170 Quinam
2485 3101 2810 3156 litterarum
2830 3115 2959 3170 quae
2981 3098 3052 3153 ab
3075 3097 3426 3169 imperatore
3448 3094 3642 3150 missae
3663 3093 3865 3148 dicun-

2212 3197 2331 3258 tur,
2367 3196 2632 3247 auctores
2665 3189 2867 3244 fuere?
2907 3203 3098 3243 nonne
3139 3185 3340 3240 Ariani
3373 3183 3472 3256 qui
3505 3183 3578 3238 iis
3608 3182 3863 3237 maxime

443 3257 574 3347 δρὸς
640 3257 1106 3348 παραιτησάμενοι
1178 3277 1317 3347 μήτε
1360 3257 1593 3350 λέγειν,
1650 3281 1788 3351 μήτε
1841 3282 2099 3358 γράφειν;

2216 3281 2478 3346 student,
2504 3283 2560 3334 et
2601 3277 2744 3333 nihil
2793 3281 2994 3332 contra
3023 3273 3342 3345 virum,vel
3379 3273 3571 3328 dicere
3591 3270 3680 3326 vel
3713 3270 3862 3326 scri-

441 3357 630 3422 Ούδεὶς
677 3362 802 3435 γὰρ,
831 3361 960 3424 τοὺς
1007 3367 1241 3418 τοσαῦτα
1287 3367 1619 3435 ποιήσαντας
1668 3367 1841 3444 ἀφεὶς,
1895 3357 2126 3433 ἄλλους·

442 3448 816 3506 ὑποπτεύσειε.
851 3451 951 3504 Καὶ
980 3452 1082 3526 γὰρ
1115 3451 1500 3528 ἐναργέστατον
1554 3454 1728 3510 αὐτῶν
1779 3456 1842 3512 τδ
1903 3455 2103 3535 δεῖγμα

439 3543 542 3606 τῆς
601 3533 867 3608 διαϐολῆς
924 3539 1206 3616 φαίνεταιο
1265 3540 1626 3612 σπουδάζουσι
1685 3547 1788 3620 γὰρ
1847 3554 1946 3616 τῆς
1983 3533 2102 3604 Ἐκ-

439 3623 675 3712 κλησίας
723 3628 1015 3706 ἀφελέσθαι
1071 3631 1161 3684 τὸν
1213 3635 1358 3686 σῖτον
1407 3636 1476 3706 τῇ
1527 3633 1788 3712 προφάσει
1841 3644 1941 3706 τῆς
1987 3635 2102 3697 δια,

440 3709 619 3785 ϐολῆς
666 3717 755 3771 καὶ
786 3723 1088 3794 Ἀρειανοῖς
1140 3726 1462 3795 παρασχεῖν.
1496 3723 1558 3775 Ὃ
1597 3709 1811 3778 πάντων
1868 3723 2104 3797 μάλιστα

439 3803 518 3866 εἰς
542 3803 671 3867 τοὺς
705 3805 913 3870 αἰτίους
942 3815 1044 3877 τῆς
1076 3806 1318 3878 σπουδῆς
1358 3811 1448 3864 καὶ
1505 3811 1633 3873 τοὺς
1690 3811 1951 3889 ἐξάρχους
2006 3815 2100 3868 αὐ-

436 3897 544 3948 τῶν
589 3894 897 3971 ἀνατρέχει,
943 3896 1076 3960 τοὺς
1134 3901 1272 3970 μήτε
1325 3899 1520 3977 φόνους
1571 3903 1708 3955 κατὰ
1757 3907 1853 3956 τοῦ
1912 3899 2135 3980 ἀνδρὸς⁴

436 3989 652 4052 κινῆσαι
705 3985 1236 4060 παραιτησαμένους,
1297 3986 1367 4043 δι’
1426 3990 1501 4043 ὧν
1553 3988 1725 4063 ψευδῆ
1802 3988 2101 4064 διαϐεϐλή-

436 4091 560 4125 κασι
614 4073 846 4148 βασιλεῖ,
885 4078 1024 4148 μήτε
1069 4080 1178 4130 τῶν
1228 4075 1452 4152 κλήρων
1482 4082 1596 4153 (43)
1623 4087 1725 4150 τῆς
1775 4080 2102 4153 Ἐκκλησίας

439 4159 727 4238 ἀφελέσθαι
765 4164 862 4225 τὰς
887 4165 1112 4241 τροφὰς,
1141 4163 1234 4221 ’ίνα
1273 4172 1354 4239 τῷ
1402 4162 1516 4222 ὄντι
1563 4166 1756 4244 κέρδος
1807 4171 2101 4248 αἱρετικοῖς

437 4249 854 4326 παράσχωνται.

510 4430 599 4485 19.
634 4429 1056 4502 Ἀπεστείλαμεν
1087 4427 1144 4484 δὲ
1171 4433 1261 4485 καὶ
1304 4434 1405 4502 τήν
1465 4437 1759 4511 μαρτυρίαν
1809 4442 1915 4491 τῶν
1965 4442 2101 4495 κατά

441 4513 677 4590 Λιϐύην,
709 4517 798 4572 καὶ
846 4516 1208 4589 Πεντάπολιν,
1235 4521 1325 4574 καὶ
1372 4526 1480 4576 τῶν
1533 4521 1583 4596 ἐξ
1633 4524 1916 4600 Αἰγύπτου
1974 4526 2100 4582 συλ-

2212 3371 2347 3425 bere
2368 3367 2674 3424 recusant?
2692 3367 2872 3422 Nemo
2891 3365 3066 3434 enim,
3083 3363 3318 3420 omissis
3336 3367 3421 3419 tot
3440 3365 3859 3432 tantorumque

2213 3458 2499 3514 scelerum
2532 3457 2893 3523 auctoribus,
2918 3455 3062 3510 alios
3102 3457 3406 3526 suspectos
3437 3449 3724 3506 habuerit.
3758 3450 3858 3505 Et-

2212 3546 2369 3605 enim
2393 3545 2940 3602 manifestissimum
2961 3543 3106 3598 illud
3124 3546 3212 3598 est
3228 3558 3429 3597 eorum
3447 3539 3753 3596 calumnia:
3772 3555 3861 3594 ar-

2213 3641 2586 3710 gumentum,
2617 3635 2770 3705 quod
2804 3649 2906 3705 per
2951 3629 3395 3704 sycophantiam
3443 3645 3613 3684 suam
3663 3627 3862 3684 Eccle-

2213 3727 2362 3782 siam
2396 3726 2689 3780 frumento
2721 3723 2965 3795 privare,
2999 3723 3070 3776 ad
3114 3721 3474 3791 Arianosque
3507 3718 3651 3774 illud
3701 3723 3865 3774 tran-

2213 3818 2393 3871 sferre
2425 3819 2713 3886 satagunt.
2739 3813 2900 3878 Quod
2947 3810 3201 3866 maxime
3229 3810 3409 3880 hujus
3458 3807 3684 3864 consilii
3735 3824 3866 3863 auc-

2211 3905 2439 3961 toribus
2469 3908 2525 3960 et
2554 3919 2756 3958 eorum
2787 3900 3153 3973 principibus
3180 3898 3593 3954 ascribendum
3625 3901 3731 3953 est.
3755 3897 3864 3960 Qui

2213 4011 2318 4050 nec
2347 3993 2513 4049 veriti
2536 3996 2675 4047 sunt
2705 3993 3068 4063 perpetratas
3091 3989 3278 4044 cmdes
3310 3987 3368 4042 in
3402 3986 3602 4042 odium
3622 3985 3730 4041 viri
3763 4003 3867 4058 pu-

2212 4083 2447 4150 blicare,
2480 4096 2732 4153 quarum
2763 4096 2944 4135 causa
2986 4078 3133 4134 falsa
3161 4077 3244 4131 illi
3288 4075 3533 4131 crimina
3562 4076 3717 4148 apud
3749 4075 3860 4130 im-

2211 4177 2539 4246 peratorem
2571 4171 2940 4242 imposuere:
2967 4185 3071 4224 nec
3119 4171 3456 4223 metuerunt
3502 4165 3718 4221 clerum
3751 4165 3858 4220 Ec-

2212 4262 2396 4318 clesiae
2427 4260 2724 4316 alimentis
2766 4259 3014 4330 privare,
3048 4260 3113 4312 ut
3159 4255 3261 4311 illa
3308 4271 3510 4327 reapse
3539 4254 3598 4309 in
3629 4254 3858 4309 haereti-

2210 4367 2412 4407 corum
2437 4350 2669 4405 lucrum
2703 4348 2995 4402 cederent.

2283 4442 2370 4495 19.
2396 4439 2666 4495 Misimus
2691 4451 2924 4508 quoque
2956 4435 3029 4490 ad
3051 4451 3154 4490 vos
3184 4432 3523 4489 testimonia
3553 4430 3862 4487 commini-

2209 4534 2466 4586 strorum
2500 4533 2835 4583 nostrorum
2881 4525 3092 4596 Libyae,
3143 4521 3478 4593 Pentapolis
3507 4526 3565 4576 et
3593 4521 3818 4593 Egypti
3848 4539 3861 4589 ;

441 4604 776 4682 λειτουργῶν
809 4610 991 4680 ἡμῶν,
1013 4605 1105 4663 ’ίνα
1134 4609 1224 4662 καὶ
1255 4609 1314 4663 ἐκ
1354 4610 1550 4666 τούτου
1597 4618 1770 4688 γνῶτε
1809 4618 1908 4684 τήν
1958 4619 2092 4672 κατὰ

2213 4625 2268 4676 ut
2289 4618 2426 4674 hinc
2449 4633 2650 4672 eorum
2685 4616 2744 4669 in
2783 4613 3178 4668 Athanasium
3203 4609 3500 4666 calumnia
3519 4611 3674 4666 no
3694 4609 3861 4665 vobis

435 4695 756 4751 Ἀθανασίου
861 4699 1232 4772 γεγενημένην
1334 4701 1711 4778 συκοφαντίαν.
1789 4709 1962 4760 Ταῦτα
2039 4705 2097 4762 δὲ

437 4789 710 4855 ποιοῦσιν,
763 4784 871 4856 ’ίνα,
923 4782 1080 4864 φόϐῳ
1143 4786 1336 4843 λοιπὸν
1402 4791 1788 4865 ἡσυχαζόντων
1858 4798 1964 4848 τῶν
2029 4798 2098 4851 τὰ

435 4881 539 4944 τῆς
589 4869 866 4938 εὐσεϐείας
919 4877 1286 4953 φρονούντων,
1319 4879 1354 4947 ἡ
1401 4883 1508 4934 τῶν
1562 4875 1767 4935 ἀσεϐῶν
1803 4883 2093 4959 ’Δρειανῶν

437 4961 640 5038 α’ίρεσις
673 4964 1024 5040 ἀντεισαχθῇ.
1059 4965 1237 5022 Ἀλλὰ
1265 4967 1354 5022 καὶ
1382 4972 1452 5042 τῇ
1489 4968 1584 5041 μὲν
1638 4970 1788 5043 ὑμῶν
1840 4969 2096 5046 εὐλαϐείᾳ

436 5053 624 5129 χάρις,
656 5053 955 5128 ἀγαπητοὶ,
987 5051 1072 5109 ὅτι
1119 5054 1392 5119 πολλάκις
1441 5055 1569 5120 τοὺς
1622 5059 1927 5134 Ἀρειανοὺς
1968 5063 2094 5117 ἀνα-

435 5141 808 5215 θεματίζοντες
859 5143 1148 5220 ἐγράψατε,
1198 5145 1288 5199 καὶ
1347 5147 1536 5223 χώραν
1604 5148 1788 5211 αὐτοῖς
1857 5151 1934 5213 εἷς
1995 5153 2095 5222 τήν

435 5230 762 5302 Ἐκκλησίαν
826 5231 887 5287 οὐ
936 5230 1244 5289 δεδώκατε’
1290 5239 1400 5289 τῶν
1452 5233 1510 5291 δὲ
1575 5238 1700 5313 περὶ
1763 5235 2020 5295 Εὐσέϐιον
2068 5242 2097 5297 ὁ

438 5315 668 5399 ἔλεγχος
715 5319 894 5398 ἐγγύς.
948 5319 1087 5377 Ἰδοὺ
1135 5324 1238 5399 γὰρ
1275 5325 1408 5397 μετά
1433 5326 1501 5380 τὰ
1546 5325 1785 5402 πρότερα
1834 5331 1962 5404 παρ’
2008 5329 2098 5386 αὐ·-

511 5501 626 5574 (41)
658 5501 823 5574 Reg.,
858 5497 1094 5557 ἐδέδοτο.

477 5573 768 5654 "(112)_In_;
799 5574 974 5630 editis
1025 5575 1371 5654 rGw__deest_,
1433 5591 1540 5654 nos
1594 5595 1930 5654 sumus_ex
1989 5581 2096 5654 Ba-

441 5641 538 5769 ga];
607 5641 666 5700 et
729 5644 872 5719 Reg.
930 5647 1204 5706 mutuati.
1271 5641 1428 5703 Infra
1493 5648 1659 5722 Reg.,
1728 5648 1922 5714 Οὐδεὶς
1989 5651 2093 5726 γὰρ

2205 4708 2553 4764 innotescat.
2581 4706 2710 4759 Haec
2742 4708 2939 4758 autem
2988 4701 3118 4756 ideo
3158 4700 3400 4768 faciunt,
3425 4704 3489 4754 ut
3536 4700 3608 4754 iis
3637 4698 3737 4770 qui
3769 4697 3863 4770 pie

2206 4796 2468 4853 sentiunt
2498 4812 2613 4867 prae
2648 4801 2805 4848 metu
2846 4790 3120 4862 deinceps
3152 4789 3611 4861 quiescentibus,
3644 4775 3855 4859 impio-

2205 4903 2340 4941 rum
2370 4885 2717 4940 Arianorum
2750 4880 2989 4936 haeresis
3017 4895 3163 4935 veraa
3195 4879 3330 4933 ﬁdei
3364 4879 3487 4933 loco
3519 4877 3856 4933 introduca-

2205 4980 2323 5031 tur.
2349 4975 2459 5030 Sed
2492 4977 2695 5029 vestrae
2728 4970 2930 5043 pietati
2959 4969 3158 5041 gratia:
3189 4967 3445 5040 agendae,
3469 4966 3857 5037 dilecti,quod

2206 5063 2424 5135 saepius
2452 5061 2698 5116 Arianos
2731 5058 2966 5130 scriptis
2994 5058 3204 5113 vestris
3227 5055 3602 5112 anathemate
3620 5055 3862 5110 damna-

2206 5152 2426 5217 veritis,
2461 5155 2517 5206 et
2564 5151 2758 5206 locum
2807 5147 2954 5219 ipsis
2993 5146 3052 5200 in
3085 5144 3342 5201 Ecclesia
3387 5161 3505 5200 non
3557 5141 3856 5200 dederitis.

2208 5240 2440 5298 Eusebii
2465 5244 2660 5296 autem
2683 5243 2741 5293 et
2762 5251 3005 5292 suorum
3032 5233 3253 5290 malitia
3279 5232 3448 5290 facile
3470 5231 3808 5304 coarguitur
3840 5247 3853 5286 :

2208 5349 2346 5388 nam
2379 5334 2513 5402 post
2541 5328 2762 5401 priores
2806 5325 2939 5381 illas
2989 5340 3126 5378 suas
3173 5339 3277 5395 pro
3323 5322 3556 5378 Arianis
3605 5321 3852 5388 litteras,

2279 5509 2393 5581 (43)
2426 5508 2535 5562 Vix
2565 5502 3240 5581 dubitarimiegendum
3290 5516 3420 5581 esse
3471 5503 3585 5581 τῷν
3635 5500 3852 5581 χηρρν,

2206 5567 2341 5636 licet
2369 5567 2572 5636 omnes
2603 5583 2726 5633 tum
2771 5577 2930 5643 editi,
2963 5567 3086 5629 tum
3121 5589 3292 5636 mss.,
3322 5574 3428 5623 τῶν
3479 5567 3853 5643 κλήρῶνᾞο-

2206 5653 2402 5709 beant.
2431 5654 2504 5707 At
2545 5653 2650 5703 τῶν
2691 5651 2881 5722 χηρῶν
2918 5640 3244 5719 legendum
3297 5655 3425 5698 esse
3471 5640 3857 5714 praecedentia

2207 5740 2442 5797 quoque
2471 5723 2735 5782 suadent.
