  <div class='ocr_page' id='page_1' title='image "/cluster/home/n/w/nwhite01/storage/ocr_20150623/25:no.1/coo.31924054873066/433.png"; bbox 0 0 4178 6376; ppageno 0'>
   <div class='ocr_carea' id='block_1_1' title="bbox 349 369 471 435">
    <p class='ocr_par' dir='ltr' id='par_1_1' title="bbox 349 369 471 435">
     <span class='ocr_line' id='line_1_1' title="bbox 349 369 471 435; baseline 0 0"><span class='ocrx_word' id='word_1_1' title='bbox 349 369 471 435; x_wconf 67' lang='lat' dir='ltr'><strong>I79</strong></span> 
     </span>
    </p>
   </div>
   <div class='ocr_carea' id='block_1_2' title="bbox 894 377 3256 451">
    <p class='ocr_par' dir='ltr' id='par_1_2' title="bbox 894 377 3256 451">
     <span class='ocr_line' id='line_1_2' title="bbox 894 377 3256 451; baseline 0.002 -9"><span class='ocrx_word' id='word_1_2' title='bbox 894 379 960 443; x_wconf 93' lang='lat' dir='ltr'><strong>S.</strong></span> <span class='ocrx_word' id='word_1_3' title='bbox 1004 382 1434 451; x_wconf 83' lang='lat' dir='ltr'><strong>ATHANASII</strong></span> <span class='ocrx_word' id='word_1_4' title='bbox 1479 386 1653 451; x_wconf 91' lang='lat' dir='ltr'><strong>OPP.</strong></span> <span class='ocrx_word' id='word_1_5' title='bbox 1699 383 1906 449; x_wconf 82' lang='lat' dir='ltr'><strong>PARS</strong></span> <span class='ocrx_word' id='word_1_6' title='bbox 1948 379 2000 445; x_wconf 89' lang='grc' dir='ltr'><strong>Ι.</strong></span> <span class='ocrx_word' id='word_1_7' title='bbox 2037 411 2115 429; x_wconf 92' lang='grc'><strong><em>-</em></strong></span> <span class='ocrx_word' id='word_1_8' title='bbox 2143 377 2571 447; x_wconf 80' lang='lat' dir='ltr'><strong>HISTORIGA</strong></span> <span class='ocrx_word' id='word_1_9' title='bbox 2613 382 2715 447; x_wconf 90' lang='lat' dir='ltr'><strong>ET</strong></span> <span class='ocrx_word' id='word_1_10' title='bbox 2757 379 3256 448; x_wconf 80' lang='lat' dir='ltr'><strong>DOGMATIGA.‘</strong></span> 
     </span>
    </p>
   </div>
   <div class='ocr_carea' id='block_1_3' title="bbox 3669 381 3792 450">
    <p class='ocr_par' dir='ltr' id='par_1_3' title="bbox 3669 381 3792 450">
     <span class='ocr_line' id='line_1_3' title="bbox 3669 381 3792 450; baseline 0.016 -2"><span class='ocrx_word' id='word_1_11' title='bbox 3669 381 3792 450; x_wconf 74' lang='lat'><strong>280</strong></span> 
     </span>
    </p>
   </div>
   <div class='ocr_carea' id='block_1_4' title="bbox 349 511 2011 594">
    <p class='ocr_par' dir='ltr' id='par_1_4' title="bbox 349 511 2005 594">
     <span class='ocr_line' id='line_1_4' title="bbox 349 511 2005 594; baseline 0.007 -31"><span class='ocrx_word' id='word_1_12' title='bbox 349 523 602 579; x_wconf 87' lang='lat' dir='ltr'><strong>quarum</strong></span> <span class='ocrx_word' id='word_1_13' title='bbox 658 511 822 569; x_wconf 83' lang='lat' dir='ltr'><strong>vobis</strong></span> <span class='ocrx_word' id='word_1_14' title='bbox 878 517 1232 589; x_wconf 82' lang='lat' dir='ltr'><strong>exemplaria</strong></span> <span class='ocrx_word' id='word_1_15' title='bbox 1286 520 1579 588; x_wconf 88' lang='lat' dir='ltr'><strong>misimus,</strong></span> <span class='ocrx_word' id='word_1_16' title='bbox 1630 526 1828 594; x_wconf 88' lang='lat' dir='ltr'><strong>aperte</strong></span> <span class='ocrx_word' id='word_1_17' title='bbox 1879 522 2005 591; x_wconf 87' lang='lat' dir='ltr'><strong>jam</strong></span> 
     </span>
    </p>
   </div>
   <div class='ocr_carea' id='block_1_5' title="bbox 2123 511 3787 594">
    <p class='ocr_par' dir='ltr' id='par_1_5' title="bbox 2123 513 3787 593">
     <span class='ocr_line' id='line_1_5' title="bbox 2123 513 3787 593; baseline 0.004 -26"><span class='ocrx_word' id='word_1_18' title='bbox 2123 518 2224 570; x_wconf 80' lang='grc' dir='ltr'>τῶν</span> <span class='ocrx_word' id='word_1_19' title='bbox 2269 516 2392 592; x_wconf 82' lang='grc' dir='ltr'>περὶ</span> <span class='ocrx_word' id='word_1_20' title='bbox 2445 520 2553 570; x_wconf 80' lang='grc' dir='ltr'><strong>τῶν</strong></span> <span class='ocrx_word' id='word_1_21' title='bbox 2583 517 2875 593; x_wconf 81' lang='grc' dir='ltr'>Ἀρειανῶν</span> <span class='ocrx_word' id='word_1_22' title='bbox 2926 517 3247 591; x_wconf 85' lang='grc' dir='ltr'>γράμματα,</span> <span class='ocrx_word' id='word_1_23' title='bbox 3281 515 3354 571; x_wconf 82' lang='grc' dir='ltr'>ὧν</span> <span class='ocrx_word' id='word_1_24' title='bbox 3399 513 3490 572; x_wconf 82' lang='grc' dir='ltr'><strong>καὶ</strong></span> <span class='ocrx_word' id='word_1_25' title='bbox 3537 515 3787 573; x_wconf 80' lang='grc' dir='ltr'>ἀπεστεί-</span> 
     </span>
    </p>
   </div>
   <div class='ocr_carea' id='block_1_6' title="bbox 352 595 2013 670">
    <p class='ocr_par' dir='ltr' id='par_1_6' title="bbox 352 595 2013 670">
     <span class='ocr_line' id='line_1_6' title="bbox 352 595 2013 670; baseline 0.01 -21"><span class='ocrx_word' id='word_1_26' title='bbox 352 595 768 670; x_wconf 87' lang='lat' dir='ltr'><strong>Ariomanitas,</strong></span> <span class='ocrx_word' id='word_1_27' title='bbox 802 604 873 659; x_wconf 90' lang='lat' dir='ltr'><strong>ab</strong></span> <span class='ocrx_word' id='word_1_28' title='bbox 903 606 1176 662; x_wconf 88' lang='lat' dir='ltr'><strong>universa</strong></span> <span class='ocrx_word' id='word_1_29' title='bbox 1222 609 1478 666; x_wconf 78' lang='lat' dir='ltr'><strong>Ecclesia</strong></span> <span class='ocrx_word' id='word_1_30' title='bbox 1526 611 1814 667; x_wconf 87' lang='lat' dir='ltr'><strong>catholica</strong></span> <span class='ocrx_word' id='word_1_31' title='bbox 1847 611 2013 665; x_wconf 89' lang='lat' dir='ltr'><strong>dam-</strong></span> 
     </span>
    </p>
   </div>
   <div class='ocr_carea' id='block_1_7' title="bbox 353 689 2014 772">
    <p class='ocr_par' dir='ltr' id='par_1_7' title="bbox 353 689 2014 772">
     <span class='ocr_line' id='line_1_7' title="bbox 353 689 2014 772; baseline 0.01 -33"><span class='ocrx_word' id='word_1_32' title='bbox 353 689 546 756; x_wconf 90' lang='lat' dir='ltr'><strong>natos,</strong></span> <span class='ocrx_word' id='word_1_33' title='bbox 572 689 850 748; x_wconf 90' lang='lat' dir='ltr'><strong>adversus</strong></span> <span class='ocrx_word' id='word_1_34' title='bbox 876 695 1195 753; x_wconf 90' lang='lat' dir='ltr'><strong>Ecclesiam</strong></span> <span class='ocrx_word' id='word_1_35' title='bbox 1223 700 1545 768; x_wconf 81' lang='lat' dir='ltr'><strong>concitant;</strong></span> <span class='ocrx_word' id='word_1_36' title='bbox 1583 701 1800 772; x_wconf 86' lang='lat' dir='ltr'><strong>quibus</strong></span> <span class='ocrx_word' id='word_1_37' title='bbox 1836 701 2014 756; x_wconf 88' lang='lat' dir='ltr'><strong>etiam</strong></span> 
     </span>
    </p>
   </div>
   <div class='ocr_carea' id='block_1_8' title="bbox 353 777 2014 861">
    <p class='ocr_par' dir='ltr' id='par_1_8' title="bbox 353 777 2014 861">
     <span class='ocr_line' id='line_1_8' title="bbox 353 777 2014 861; baseline 0.01 -32"><span class='ocrx_word' id='word_1_38' title='bbox 353 777 696 850; x_wconf 85' lang='lat' dir='ltr'><strong>episcopum</strong></span> <span class='ocrx_word' id='word_1_39' title='bbox 763 784 1142 853; x_wconf 82' lang='lat' dir='ltr'><strong>constituere,</strong></span> <span class='ocrx_word' id='word_1_40' title='bbox 1206 805 1272 844; x_wconf 89' lang='lat' dir='ltr'><strong>ac</strong></span> <span class='ocrx_word' id='word_1_41' title='bbox 1333 790 1512 846; x_wconf 85' lang='lat' dir='ltr'><strong>minis</strong></span> <span class='ocrx_word' id='word_1_42' title='bbox 1568 791 2014 861; x_wconf 89' lang='lat' dir='ltr'><strong>terroribusque</strong></span> 
     </span>
    </p>
   </div>
   <div class='ocr_carea' id='block_1_9' title="bbox 351 863 2016 952">
    <p class='ocr_par' dir='ltr' id='par_1_9' title="bbox 351 863 2016 952">
     <span class='ocr_line' id='line_1_9' title="bbox 351 863 2016 952; baseline 0.01 -35"><span class='ocrx_word' id='word_1_43' title='bbox 351 863 643 924; x_wconf 89' lang='lat' dir='ltr'><strong>Ecclesias</strong></span> <span class='ocrx_word' id='word_1_44' title='bbox 677 870 968 940; x_wconf 88' lang='lat' dir='ltr'><strong>dividunt,</strong></span> <span class='ocrx_word' id='word_1_45' title='bbox 993 880 1058 930; x_wconf 93' lang='lat' dir='ltr'><strong>ut</strong></span> <span class='ocrx_word' id='word_1_46' title='bbox 1088 878 1305 950; x_wconf 86' lang='lat' dir='ltr'><strong>ubique</strong></span> <span class='ocrx_word' id='word_1_47' title='bbox 1339 880 1668 952; x_wconf 78' lang='lat' dir='ltr'><strong>impietatis</strong></span> <span class='ocrx_word' id='word_1_48' title='bbox 1701 898 1820 936; x_wconf 83' lang='lat' dir='ltr'><strong>suae</strong></span> <span class='ocrx_word' id='word_1_49' title='bbox 1853 881 2016 951; x_wconf 83' lang='lat' dir='ltr'><strong>adju-</strong></span> 
     </span>
    </p>
   </div>
   <div class='ocr_carea' id='block_1_10' title="bbox 350 955 2014 1037">
    <p class='ocr_par' dir='ltr' id='par_1_10' title="bbox 350 955 2014 1037">
     <span class='ocr_line' id='line_1_10' title="bbox 350 955 2014 1037; baseline 0.01 -30"><span class='ocrx_word' id='word_1_50' title='bbox 350 955 508 1010; x_wconf 80' lang='lat' dir='ltr'><strong>tores</strong></span> <span class='ocrx_word' id='word_1_51' title='bbox 562 957 834 1016; x_wconf 82' lang='lat' dir='ltr'><strong>habeant.</strong></span> <span class='ocrx_word' id='word_1_52' title='bbox 869 964 1168 1037; x_wconf 86' lang='lat' dir='ltr'><strong>Siquidem</strong></span> <span class='ocrx_word' id='word_1_53' title='bbox 1211 974 1269 1024; x_wconf 93' lang='lat' dir='ltr'><strong>et</strong></span> <span class='ocrx_word' id='word_1_54' title='bbox 1298 969 1576 1026; x_wconf 85' lang='lat' dir='ltr'><strong>diaconos</strong></span> <span class='ocrx_word' id='word_1_55' title='bbox 1623 971 1693 1026; x_wconf 90' lang='lat' dir='ltr'><strong>ad</strong></span> <span class='ocrx_word' id='word_1_56' title='bbox 1749 971 2014 1024; x_wconf 88' lang='lat' dir='ltr'><strong>Arioma-</strong></span> 
     </span>
    </p>
   </div>
   <div class='ocr_carea' id='block_1_11' title="bbox 351 1041 2018 1126">
    <p class='ocr_par' dir='ltr' id='par_1_11' title="bbox 351 1041 2018 1126">
     <span class='ocr_line' id='line_1_11' title="bbox 351 1041 2018 1126; baseline 0.011 -30"><span class='ocrx_word' id='word_1_57' title='bbox 351 1041 506 1098; x_wconf 65' lang='lat' dir='ltr'><strong>nitas</strong></span> <span class='ocrx_word' id='word_1_58' title='bbox 539 1047 800 1117; x_wconf 90' lang='lat' dir='ltr'><strong>mittunt,</strong></span> <span class='ocrx_word' id='word_1_59' title='bbox 827 1055 927 1123; x_wconf 86' lang='lat' dir='ltr'><strong>qui</strong></span> <span class='ocrx_word' id='word_1_60' title='bbox 961 1055 1152 1126; x_wconf 86' lang='lat' dir='ltr'><strong>palam</strong></span> <span class='ocrx_word' id='word_1_61' title='bbox 1185 1074 1387 1114; x_wconf 90' lang='lat' dir='ltr'><strong>eorum</strong></span> <span class='ocrx_word' id='word_1_62' title='bbox 1420 1059 1805 1116; x_wconf 80' lang='lat' dir='ltr'><strong>conventibus</strong></span> <span class='ocrx_word' id='word_1_63' title='bbox 1840 1061 2018 1115; x_wconf 89' lang='lat' dir='ltr'><strong>inter-</strong></span> 
     </span>
    </p>
   </div>
   <div class='ocr_carea' id='block_1_12' title="bbox 348 1134 2015 1221">
    <p class='ocr_par' dir='ltr' id='par_1_12' title="bbox 348 1134 2015 1221">
     <span class='ocr_line' id='line_1_12' title="bbox 348 1134 2015 1221; baseline 0.011 -36"><span class='ocrx_word' id='word_1_64' title='bbox 348 1137 508 1198; x_wconf 82' lang='lat' dir='ltr'><strong>sunt,</strong></span> <span class='ocrx_word' id='word_1_65' title='bbox 542 1134 888 1212; x_wconf 80' lang='lat' dir='ltr'><strong>litterasque</strong></span> <span class='ocrx_word' id='word_1_66' title='bbox 937 1145 1223 1212; x_wconf 90' lang='lat' dir='ltr'><strong>scribunt,</strong></span> <span class='ocrx_word' id='word_1_67' title='bbox 1259 1165 1322 1204; x_wconf 88' lang='lat' dir='ltr'><strong>ac</strong></span> <span class='ocrx_word' id='word_1_68' title='bbox 1367 1149 1724 1221; x_wconf 81' lang='lat' dir='ltr'><strong>exemplaria</strong></span> <span class='ocrx_word' id='word_1_69' title='bbox 1775 1150 1846 1204; x_wconf 89' lang='lat' dir='ltr'><strong>ab</strong></span> <span class='ocrx_word' id='word_1_70' title='bbox 1896 1148 2015 1204; x_wconf 91' lang='lat' dir='ltr'><strong>illis</strong></span> 
     </span>
    </p>
   </div>
   <div class='ocr_carea' id='block_1_13' title="bbox 348 1221 2011 1310">
    <p class='ocr_par' dir='ltr' id='par_1_13' title="bbox 348 1221 2011 1310">
     <span class='ocr_line' id='line_1_13' title="bbox 348 1221 2011 1310; baseline 0.01 -37"><span class='ocrx_word' id='word_1_71' title='bbox 348 1221 658 1294; x_wconf 86' lang='lat' dir='ltr'><strong>recipiunt,</strong></span> <span class='ocrx_word' id='word_1_72' title='bbox 687 1229 886 1301; x_wconf 87' lang='lat' dir='ltr'><strong>sicque</strong></span> <span class='ocrx_word' id='word_1_73' title='bbox 909 1233 1228 1292; x_wconf 89' lang='lat' dir='ltr'><strong>Ecclesiam</strong></span> <span class='ocrx_word' id='word_1_74' title='bbox 1263 1238 1321 1292; x_wconf 91' lang='lat' dir='ltr'><strong>in</strong></span> <span class='ocrx_word' id='word_1_75' title='bbox 1356 1239 1618 1294; x_wconf 89' lang='lat' dir='ltr'><strong>schisma</strong></span> <span class='ocrx_word' id='word_1_76' title='bbox 1648 1239 1971 1310; x_wconf 86' lang='lat' dir='ltr'><strong>conjiciunt</strong></span> <span class='ocrx_word' id='word_1_77' title='bbox 2000 1251 2011 1288; x_wconf 92' lang='lat'>:</span> 
     </span>
    </p>
   </div>
   <div class='ocr_carea' id='block_1_14' title="bbox 351 1313 2015 1391">
    <p class='ocr_par' dir='ltr' id='par_1_14' title="bbox 351 1313 2015 1391">
     <span class='ocr_line' id='line_1_14' title="bbox 351 1313 2015 1391; baseline 0.013 -28"><span class='ocrx_word' id='word_1_78' title='bbox 351 1324 489 1366; x_wconf 89' lang='lat' dir='ltr'><strong>cum</strong></span> <span class='ocrx_word' id='word_1_79' title='bbox 538 1313 655 1370; x_wconf 86' lang='lat' dir='ltr'><strong>illis</strong></span> <span class='ocrx_word' id='word_1_80' title='bbox 703 1334 937 1391; x_wconf 88' lang='lat' dir='ltr'><strong>quoque</strong></span> <span class='ocrx_word' id='word_1_81' title='bbox 985 1327 1448 1390; x_wconf 88' lang='lat' dir='ltr'><strong>communicant,</strong></span> <span class='ocrx_word' id='word_1_82' title='bbox 1484 1345 1549 1382; x_wconf 91' lang='lat' dir='ltr'><strong>ac</strong></span> <span class='ocrx_word' id='word_1_83' title='bbox 1581 1344 1784 1383; x_wconf 89' lang='lat' dir='ltr'><strong>eorum</strong></span> <span class='ocrx_word' id='word_1_84' title='bbox 1837 1329 2015 1383; x_wconf 78' lang='lat' dir='ltr'><strong>hmre-</strong></span> 
     </span>
    </p>
   </div>
   <div class='ocr_carea' id='block_1_15' title="bbox 357 1398 2015 1476">
    <p class='ocr_par' dir='ltr' id='par_1_15' title="bbox 357 1398 2015 1476">
     <span class='ocr_line' id='line_1_15' title="bbox 357 1398 2015 1476; baseline 0.011 -22"><span class='ocrx_word' id='word_1_85' title='bbox 357 1398 471 1454; x_wconf 90' lang='lat' dir='ltr'><strong>sim</strong></span> <span class='ocrx_word' id='word_1_86' title='bbox 506 1403 727 1476; x_wconf 89' lang='lat' dir='ltr'><strong>ubique</strong></span> <span class='ocrx_word' id='word_1_87' title='bbox 758 1407 970 1466; x_wconf 86' lang='lat' dir='ltr'><strong>litteris</strong></span> <span class='ocrx_word' id='word_1_88' title='bbox 1021 1414 1146 1468; x_wconf 89' lang='lat' dir='ltr'><strong>suis</strong></span> <span class='ocrx_word' id='word_1_89' title='bbox 1197 1417 1616 1471; x_wconf 90' lang='lat' dir='ltr'><strong>commendant</strong></span> <span class='ocrx_word' id='word_1_90' title='bbox 1649 1435 1661 1472; x_wconf 94' lang='lat'>:</span> <span class='ocrx_word' id='word_1_91' title='bbox 1696 1417 2015 1472; x_wconf 88' lang='lat' dir='ltr'><strong>Ecclesiam</strong></span> 
     </span>
    </p>
   </div>
   <div class='ocr_carea' id='block_1_16' title="bbox 352 1493 2016 1578">
    <p class='ocr_par' dir='ltr' id='par_1_16' title="bbox 352 1493 2016 1578">
     <span class='ocr_line' id='line_1_16' title="bbox 352 1493 2016 1578; baseline 0.012 -36"><span class='ocrx_word' id='word_1_92' title='bbox 352 1493 550 1546; x_wconf 88' lang='lat' dir='ltr'><strong>autem</strong></span> <span class='ocrx_word' id='word_1_93' title='bbox 599 1497 934 1569; x_wconf 89' lang='lat' dir='ltr'><strong>repudiant,</strong></span> <span class='ocrx_word' id='word_1_94' title='bbox 967 1505 1032 1555; x_wconf 92' lang='lat' dir='ltr'><strong>ut</strong></span> <span class='ocrx_word' id='word_1_95' title='bbox 1060 1518 1127 1557; x_wconf 83' lang='lat' dir='ltr'><strong>ex</strong></span> <span class='ocrx_word' id='word_1_96' title='bbox 1153 1503 1365 1561; x_wconf 87' lang='lat' dir='ltr'><strong>litteris</strong></span> <span class='ocrx_word' id='word_1_97' title='bbox 1403 1523 1549 1577; x_wconf 89' lang='lat' dir='ltr'><strong>quas</strong></span> <span class='ocrx_word' id='word_1_98' title='bbox 1583 1506 1694 1578; x_wconf 88' lang='lat' dir='ltr'><strong>ipsi</strong></span> <span class='ocrx_word' id='word_1_99' title='bbox 1748 1507 2016 1562; x_wconf 84' lang='lat' dir='ltr'><strong>Romano</strong></span> 
     </span>
    </p>
   </div>
   <div class='ocr_carea' id='block_1_17' title="bbox 350 1577 2011 1668">
    <p class='ocr_par' dir='ltr' id='par_1_17' title="bbox 350 1577 2011 1668">
     <span class='ocr_line' id='line_1_17' title="bbox 350 1577 2011 1668; baseline 0.013 -37"><span class='ocrx_word' id='word_1_100' title='bbox 350 1577 649 1654; x_wconf 88' lang='lat' dir='ltr'><strong>episcopo,</strong></span> <span class='ocrx_word' id='word_1_101' title='bbox 699 1586 948 1643; x_wconf 82' lang='lat' dir='ltr'><strong>fortasse</strong></span> <span class='ocrx_word' id='word_1_102' title='bbox 978 1594 1034 1644; x_wconf 89' lang='lat' dir='ltr'><strong>et</strong></span> <span class='ocrx_word' id='word_1_103' title='bbox 1063 1592 1228 1649; x_wconf 90' lang='lat' dir='ltr'><strong>vobis</strong></span> <span class='ocrx_word' id='word_1_104' title='bbox 1273 1595 1579 1667; x_wconf 88' lang='lat' dir='ltr'><strong>scripsere,</strong></span> <span class='ocrx_word' id='word_1_105' title='bbox 1610 1577 1876 1651; x_wconf 80' lang='lat' dir='ltr'><strong>ediscere</strong></span> <span class='ocrx_word' id='word_1_106' title='bbox 1911 1613 2011 1668; x_wconf 91' lang='lat' dir='ltr'><strong>po-</strong></span> 
     </span>
    </p>
   </div>
   <div class='ocr_carea' id='block_1_18' title="bbox 352 1669 2017 1742">
    <p class='ocr_par' dir='ltr' id='par_1_18' title="bbox 352 1669 2017 1742">
     <span class='ocr_line' id='line_1_18' title="bbox 352 1669 2017 1742; baseline 0.012 -20"><span class='ocrx_word' id='word_1_107' title='bbox 352 1669 564 1728; x_wconf 85' lang='lat' dir='ltr'><strong>teritis.</strong></span> <span class='ocrx_word' id='word_1_108' title='bbox 599 1674 761 1738; x_wconf 89' lang='lat' dir='ltr'><strong>Quod</strong></span> <span class='ocrx_word' id='word_1_109' title='bbox 795 1682 990 1734; x_wconf 88' lang='lat' dir='ltr'><strong>autem</strong></span> <span class='ocrx_word' id='word_1_110' title='bbox 1031 1679 1153 1736; x_wconf 78' lang='lat' dir='ltr'><strong>haec</strong></span> <span class='ocrx_word' id='word_1_111' title='bbox 1198 1682 1386 1738; x_wconf 89' lang='lat' dir='ltr'><strong>inulta</strong></span> <span class='ocrx_word' id='word_1_112' title='bbox 1435 1700 1565 1739; x_wconf 89' lang='lat' dir='ltr'><strong>esse</strong></span> <span class='ocrx_word' id='word_1_113' title='bbox 1597 1702 1709 1740; x_wconf 92' lang='lat' dir='ltr'><strong>non</strong></span> <span class='ocrx_word' id='word_1_114' title='bbox 1739 1685 2017 1742; x_wconf 69' lang='lat' dir='ltr'><strong>debeant.</strong></span> 
     </span>
    </p>
   </div>
   <div class='ocr_carea' id='block_1_19' title="bbox 349 1758 2016 1839">
    <p class='ocr_par' dir='ltr' id='par_1_19' title="bbox 349 1758 2016 1839">
     <span class='ocr_line' id='line_1_19' title="bbox 349 1758 2016 1839; baseline 0.01 -26"><span class='ocrx_word' id='word_1_115' title='bbox 349 1758 528 1814; x_wconf 88' lang='lat' dir='ltr'><strong>etiam</strong></span> <span class='ocrx_word' id='word_1_116' title='bbox 584 1777 706 1834; x_wconf 84' lang='lat' dir='ltr'><strong>vos,</strong></span> <span class='ocrx_word' id='word_1_117' title='bbox 757 1764 1150 1838; x_wconf 86' lang='lat' dir='ltr'><strong>dilectissimi,</strong></span> <span class='ocrx_word' id='word_1_118' title='bbox 1220 1773 1715 1839; x_wconf 86' lang='lat' dir='ltr'><strong>animadvertitis;</strong></span> <span class='ocrx_word' id='word_1_119' title='bbox 1797 1774 2016 1830; x_wconf 86' lang='lat' dir='ltr'><strong>atrocia</strong></span> 
     </span>
    </p>
   </div>
   <div class='ocr_carea' id='block_1_20' title="bbox 348 1847 2015 1936">
    <p class='ocr_par' dir='ltr' id='par_1_20' title="bbox 348 1847 2015 1936">
     <span class='ocr_line' id='line_1_20' title="bbox 348 1847 2015 1936; baseline 0.011 -34"><span class='ocrx_word' id='word_1_120' title='bbox 348 1847 508 1903; x_wconf 86' lang='lat' dir='ltr'><strong>enim</strong></span> <span class='ocrx_word' id='word_1_121' title='bbox 558 1856 698 1907; x_wconf 86' lang='lat' dir='ltr'><strong>sunt</strong></span> <span class='ocrx_word' id='word_1_122' title='bbox 747 1869 816 1909; x_wconf 86' lang='lat' dir='ltr'><strong>ea</strong></span> <span class='ocrx_word' id='word_1_123' title='bbox 855 1856 1066 1912; x_wconf 80' lang='lat' dir='ltr'><strong>Christi</strong></span> <span class='ocrx_word' id='word_1_124' title='bbox 1100 1859 1367 1916; x_wconf 89' lang='lat' dir='ltr'><strong>doctrina</strong></span> <span class='ocrx_word' id='word_1_125' title='bbox 1416 1861 1626 1918; x_wconf 90' lang='lat' dir='ltr'><strong>aliena.</strong></span> <span class='ocrx_word' id='word_1_126' title='bbox 1664 1863 1780 1918; x_wconf 89' lang='lat' dir='ltr'><strong>Hac</strong></span> <span class='ocrx_word' id='word_1_127' title='bbox 1833 1863 2015 1936; x_wconf 83' lang='lat' dir='ltr'><strong>igitur</strong></span> 
     </span>
    </p>
   </div>
   <div class='ocr_carea' id='block_1_21' title="bbox 351 1936 2009 2017">
    <p class='ocr_par' dir='ltr' id='par_1_21' title="bbox 351 1936 2009 2017">
     <span class='ocr_line' id='line_1_21' title="bbox 351 1936 2009 2017; baseline 0.01 -26"><span class='ocrx_word' id='word_1_128' title='bbox 351 1936 423 1992; x_wconf 89' lang='lat' dir='ltr'><strong>de</strong></span> <span class='ocrx_word' id='word_1_129' title='bbox 452 1953 631 1995; x_wconf 85' lang='lat' dir='ltr'><strong>causa</strong></span> <span class='ocrx_word' id='word_1_130' title='bbox 661 1942 719 1996; x_wconf 93' lang='lat' dir='ltr'><strong>in</strong></span> <span class='ocrx_word' id='word_1_131' title='bbox 753 1960 938 2000; x_wconf 91' lang='lat' dir='ltr'><strong>unum</strong></span> <span class='ocrx_word' id='word_1_132' title='bbox 970 1949 1177 2017; x_wconf 90' lang='lat' dir='ltr'><strong>coacti,</strong></span> <span class='ocrx_word' id='word_1_133' title='bbox 1213 1950 1319 2006; x_wconf 91' lang='lat' dir='ltr'><strong>has</strong></span> <span class='ocrx_word' id='word_1_134' title='bbox 1349 1952 1417 2006; x_wconf 91' lang='lat' dir='ltr'><strong>ad</strong></span> <span class='ocrx_word' id='word_1_135' title='bbox 1451 1969 1555 2007; x_wconf 92' lang='lat' dir='ltr'><strong>vos</strong></span> <span class='ocrx_word' id='word_1_136' title='bbox 1584 1952 1811 2009; x_wconf 86' lang='lat' dir='ltr'><strong>litteras</strong></span> <span class='ocrx_word' id='word_1_137' title='bbox 1845 1953 2009 2008; x_wconf 91' lang='lat' dir='ltr'><strong>misi-</strong></span> 
     </span>
    </p>
   </div>
   <div class='ocr_carea' id='block_1_22' title="bbox 350 2036 2011 2114">
    <p class='ocr_par' dir='ltr' id='par_1_22' title="bbox 350 2036 2011 2114">
     <span class='ocr_line' id='line_1_22' title="bbox 350 2036 2011 2114; baseline 0.011 -35"><span class='ocrx_word' id='word_1_138' title='bbox 350 2039 505 2114; x_wconf 82' lang='lat' dir='ltr'><strong>mus,</strong></span> <span class='ocrx_word' id='word_1_139' title='bbox 538 2036 810 2101; x_wconf 83' lang='lat' dir='ltr'><strong>rogantes</strong></span> <span class='ocrx_word' id='word_1_140' title='bbox 862 2039 1116 2092; x_wconf 84' lang='lat' dir='ltr'><strong>vestram</strong></span> <span class='ocrx_word' id='word_1_141' title='bbox 1160 2039 1219 2093; x_wconf 92' lang='lat' dir='ltr'><strong>in</strong></span> <span class='ocrx_word' id='word_1_142' title='bbox 1260 2039 1489 2097; x_wconf 88' lang='lat' dir='ltr'><strong>Christo</strong></span> <span class='ocrx_word' id='word_1_143' title='bbox 1538 2043 1912 2114; x_wconf 89' lang='lat' dir='ltr'><strong>prudentiam</strong></span> <span class='ocrx_word' id='word_1_144' title='bbox 1947 2047 2011 2097; x_wconf 91' lang='lat' dir='ltr'><strong>ut</strong></span> 
     </span>
    </p>
   </div>
   <div class='ocr_carea' id='block_1_23' title="bbox 353 2113 2010 2202">
    <p class='ocr_par' dir='ltr' id='par_1_23' title="bbox 353 2113 2010 2202">
     <span class='ocr_line' id='line_1_23' title="bbox 353 2113 2010 2202; baseline 0.011 -34"><span class='ocrx_word' id='word_1_145' title='bbox 353 2113 504 2171; x_wconf 86' lang='lat' dir='ltr'><strong>hanc</strong></span> <span class='ocrx_word' id='word_1_146' title='bbox 553 2119 790 2189; x_wconf 89' lang='lat' dir='ltr'><strong>quidem</strong></span> <span class='ocrx_word' id='word_1_147' title='bbox 847 2126 1274 2184; x_wconf 76' lang='lat' dir='ltr'><strong>confessionem</strong></span> <span class='ocrx_word' id='word_1_148' title='bbox 1336 2130 1653 2202; x_wconf 89' lang='lat' dir='ltr'><strong>recipiatis,</strong></span> <span class='ocrx_word' id='word_1_149' title='bbox 1703 2131 2010 2187; x_wconf 85' lang='lat' dir='ltr'><strong>Athanasii</strong></span> 
     </span>
    </p>
   </div>
   <div class='ocr_carea' id='block_1_24' title="bbox 344 2207 2007 2288">
    <p class='ocr_par' dir='ltr' id='par_1_24' title="bbox 344 2207 2007 2288">
     <span class='ocr_line' id='line_1_24' title="bbox 344 2207 2007 2288; baseline 0.011 -30"><span class='ocrx_word' id='word_1_150' title='bbox 344 2219 480 2259; x_wconf 89' lang='lat' dir='ltr'><strong>vero</strong></span> <span class='ocrx_word' id='word_1_151' title='bbox 511 2207 838 2282; x_wconf 82' lang='lat' dir='ltr'><strong>coepiscopi</strong></span> <span class='ocrx_word' id='word_1_152' title='bbox 881 2215 1062 2270; x_wconf 85' lang='lat' dir='ltr'><strong>nostri</strong></span> <span class='ocrx_word' id='word_1_153' title='bbox 1093 2216 1278 2273; x_wconf 89' lang='lat' dir='ltr'><strong>vicem</strong></span> <span class='ocrx_word' id='word_1_154' title='bbox 1312 2219 1582 2288; x_wconf 89' lang='lat' dir='ltr'><strong>doleatis,</strong></span> <span class='ocrx_word' id='word_1_155' title='bbox 1618 2237 1684 2276; x_wconf 90' lang='lat' dir='ltr'><strong>ac</strong></span> <span class='ocrx_word' id='word_1_156' title='bbox 1728 2221 2007 2277; x_wconf 90' lang='lat' dir='ltr'><strong>Eusebia-</strong></span> 
     </span>
    </p>
   </div>
   <div class='ocr_carea' id='block_1_25' title="bbox 347 2292 2011 2381">
    <p class='ocr_par' dir='ltr' id='par_1_25' title="bbox 347 2292 2011 2381">
     <span class='ocr_line' id='line_1_25' title="bbox 347 2292 2011 2381; baseline 0.011 -33"><span class='ocrx_word' id='word_1_157' title='bbox 347 2292 440 2381; x_wconf 85' lang='lat' dir='ltr'><strong>nis</strong></span> <span class='ocrx_word' id='word_1_158' title='bbox 469 2296 611 2352; x_wconf 87' lang='lat' dir='ltr'><strong>talia</strong></span> <span class='ocrx_word' id='word_1_159' title='bbox 641 2299 1022 2358; x_wconf 89' lang='lat' dir='ltr'><strong>molientibus</strong></span> <span class='ocrx_word' id='word_1_160' title='bbox 1060 2308 1487 2376; x_wconf 88' lang='lat' dir='ltr'><strong>succenseatis;</strong></span> <span class='ocrx_word' id='word_1_161' title='bbox 1525 2313 1590 2365; x_wconf 89' lang='lat' dir='ltr'><strong>ut</strong></span> <span class='ocrx_word' id='word_1_162' title='bbox 1631 2327 1704 2365; x_wconf 91' lang='lat' dir='ltr'><strong>ne</strong></span> <span class='ocrx_word' id='word_1_163' title='bbox 1753 2310 2011 2381; x_wconf 90' lang='lat' dir='ltr'><strong>amplius</strong></span> 
     </span>
    </p>
   </div>
   <div class='ocr_carea' id='block_1_26' title="bbox 341 2379 2010 2460">
    <p class='ocr_par' dir='ltr' id='par_1_26' title="bbox 341 2379 2010 2460">
     <span class='ocr_line' id='line_1_26' title="bbox 341 2379 2010 2460; baseline 0.011 -25"><span class='ocrx_word' id='word_1_164' title='bbox 341 2379 680 2442; x_wconf 83' lang='lat' dir='ltr'><strong>istiusmodi</strong></span> <span class='ocrx_word' id='word_1_165' title='bbox 714 2391 971 2460; x_wconf 88' lang='lat' dir='ltr'><strong>pravitas</strong></span> <span class='ocrx_word' id='word_1_166' title='bbox 1001 2397 1058 2448; x_wconf 89' lang='lat' dir='ltr'><strong>et</strong></span> <span class='ocrx_word' id='word_1_167' title='bbox 1088 2395 1315 2452; x_wconf 89' lang='lat' dir='ltr'><strong>malitia</strong></span> <span class='ocrx_word' id='word_1_168' title='bbox 1360 2398 1641 2454; x_wconf 89' lang='lat' dir='ltr'><strong>adversus</strong></span> <span class='ocrx_word' id='word_1_169' title='bbox 1690 2379 2010 2454; x_wconf 82' lang='lat' dir='ltr'><strong>Ecclesiam</strong></span> 
     </span>
    </p>
   </div>
   <div class='ocr_carea' id='block_1_27' title="bbox 341 2469 2011 2558">
    <p class='ocr_par' dir='ltr' id='par_1_27' title="bbox 341 2469 2011 2558">
     <span class='ocr_line' id='line_1_27' title="bbox 341 2469 2011 2558; baseline 0.011 -34"><span class='ocrx_word' id='word_1_170' title='bbox 341 2469 461 2526; x_wconf 85' lang='lat' dir='ltr'><strong>vim</strong></span> <span class='ocrx_word' id='word_1_171' title='bbox 492 2474 771 2534; x_wconf 87' lang='lat' dir='ltr'><strong>obtineat.</strong></span> <span class='ocrx_word' id='word_1_172' title='bbox 805 2479 922 2536; x_wconf 92' lang='lat' dir='ltr'><strong>Vos</strong></span> <span class='ocrx_word' id='word_1_173' title='bbox 977 2483 1136 2539; x_wconf 91' lang='lat' dir='ltr'><strong>enim</strong></span> <span class='ocrx_word' id='word_1_174' title='bbox 1186 2487 1476 2556; x_wconf 90' lang='lat' dir='ltr'><strong>ejusmodi</strong></span> <span class='ocrx_word' id='word_1_175' title='bbox 1531 2487 1835 2558; x_wconf 70' lang='lat' dir='ltr'><strong>injustitize</strong></span> <span class='ocrx_word' id='word_1_176' title='bbox 1884 2489 2011 2542; x_wconf 91' lang='lat' dir='ltr'><strong>vin-</strong></span> 
     </span>
    </p>
   </div>
   <div class='ocr_carea' id='block_1_28' title="bbox 347 2559 2014 2647">
    <p class='ocr_par' dir='ltr' id='par_1_28' title="bbox 347 2559 2014 2647">
     <span class='ocr_line' id='line_1_28' title="bbox 347 2559 2014 2647; baseline 0.011 -32"><span class='ocrx_word' id='word_1_177' title='bbox 347 2559 508 2618; x_wconf 84' lang='lat' dir='ltr'><strong>dices</strong></span> <span class='ocrx_word' id='word_1_178' title='bbox 535 2563 946 2640; x_wconf 89' lang='lat' dir='ltr'><strong>imploramus,</strong></span> <span class='ocrx_word' id='word_1_179' title='bbox 981 2571 1128 2628; x_wconf 92' lang='lat' dir='ltr'><strong>illud</strong></span> <span class='ocrx_word' id='word_1_180' title='bbox 1162 2576 1425 2647; x_wconf 87' lang='lat' dir='ltr'><strong>Apostoli</strong></span> <span class='ocrx_word' id='word_1_181' title='bbox 1459 2577 1624 2632; x_wconf 88' lang='lat' dir='ltr'><strong>vobis</strong></span> <span class='ocrx_word' id='word_1_182' title='bbox 1656 2594 2014 2634; x_wconf 88' lang='lat' dir='ltr'><strong>commemo-</strong></span> 
     </span>
    </p>
   </div>
   <div class='ocr_carea' id='block_1_29' title="bbox 349 2655 2013 2738">
    <p class='ocr_par' dir='ltr' id='par_1_29' title="bbox 349 2655 2013 2738">
     <span class='ocr_line' id='line_1_29' title="bbox 349 2655 2013 2738; baseline 0.012 -35"><span class='ocrx_word' id='word_1_183' title='bbox 349 2655 546 2707; x_wconf 86' lang='lat' dir='ltr'><strong>rantes</strong></span> <span class='ocrx_word' id='word_1_184' title='bbox 596 2671 610 2710; x_wconf 86' lang='lat'><strong>:</strong></span> <span class='ocrx_word' id='word_1_185' title='bbox 666 2659 902 2728; x_wconf 72' lang='lat' dir='ltr'><strong>Auferte</strong></span> <span class='ocrx_word' id='word_1_186' title='bbox 949 2664 1168 2718; x_wconf 83' lang='lat' dir='ltr'><strong>malum</strong></span> <span class='ocrx_word' id='word_1_187' title='bbox 1215 2681 1285 2720; x_wconf 66' lang='lat' dir='ltr'><strong>ea:</strong></span> <span class='ocrx_word' id='word_1_188' title='bbox 1330 2667 1480 2721; x_wconf 78' lang='lat' dir='ltr'><strong>vobis</strong></span> <span class='ocrx_word' id='word_1_189' title='bbox 1527 2668 1819 2738; x_wconf 58' lang='lat' dir='ltr'><strong>ipsisW-7°.</strong></span> <span class='ocrx_word' id='word_1_190' title='bbox 1861 2667 2013 2723; x_wconf 92' lang='lat' dir='ltr'><strong>Mala</strong></span> 
     </span>
    </p>
   </div>
   <div class='ocr_carea' id='block_1_30' title="bbox 345 2739 2006 2829">
    <p class='ocr_par' dir='ltr' id='par_1_30' title="bbox 345 2739 2006 2829">
     <span class='ocr_line' id='line_1_30' title="bbox 345 2739 2006 2829; baseline 0.013 -36"><span class='ocrx_word' id='word_1_191' title='bbox 345 2739 507 2795; x_wconf 87' lang='lat' dir='ltr'><strong>enim</strong></span> <span class='ocrx_word' id='word_1_192' title='bbox 538 2758 736 2800; x_wconf 87' lang='lat' dir='ltr'><strong>revera</strong></span> <span class='ocrx_word' id='word_1_193' title='bbox 764 2753 924 2816; x_wconf 89' lang='lat' dir='ltr'><strong>sunt,</strong></span> <span class='ocrx_word' id='word_1_194' title='bbox 953 2754 1010 2805; x_wconf 90' lang='lat' dir='ltr'><strong>et</strong></span> <span class='ocrx_word' id='word_1_195' title='bbox 1055 2753 1471 2811; x_wconf 89' lang='lat' dir='ltr'><strong>communione</strong></span> <span class='ocrx_word' id='word_1_196' title='bbox 1511 2760 1713 2812; x_wconf 89' lang='lat' dir='ltr'><strong>nostra</strong></span> <span class='ocrx_word' id='word_1_197' title='bbox 1742 2756 2006 2829; x_wconf 83' lang='lat' dir='ltr'><strong>indigna,</strong></span> 
     </span>
    </p>
   </div>
   <div class='ocr_carea' id='block_1_31' title="bbox 345 2830 2010 2918">
    <p class='ocr_par' dir='ltr' id='par_1_31' title="bbox 345 2830 2010 2918">
     <span class='ocr_line' id='line_1_31' title="bbox 345 2830 2010 2918; baseline 0.012 -35"><span class='ocrx_word' id='word_1_198' title='bbox 345 2845 475 2901; x_wconf 69' lang='lat' dir='ltr'><strong>quas</strong></span> <span class='ocrx_word' id='word_1_199' title='bbox 530 2830 616 2886; x_wconf 91' lang='lat' dir='ltr'><strong>illi</strong></span> <span class='ocrx_word' id='word_1_200' title='bbox 650 2841 1081 2907; x_wconf 89' lang='lat' dir='ltr'><strong>perpetrarunt.</strong></span> <span class='ocrx_word' id='word_1_201' title='bbox 1115 2842 1196 2898; x_wconf 89' lang='lat' dir='ltr'><strong>Ne</strong></span> <span class='ocrx_word' id='word_1_202' title='bbox 1227 2843 1410 2915; x_wconf 84' lang='lat' dir='ltr'><strong>igitur</strong></span> <span class='ocrx_word' id='word_1_203' title='bbox 1455 2845 1574 2900; x_wconf 92' lang='lat' dir='ltr'><strong>illis</strong></span> <span class='ocrx_word' id='word_1_204' title='bbox 1623 2863 1826 2901; x_wconf 91' lang='lat' dir='ltr'><strong>aurem</strong></span> <span class='ocrx_word' id='word_1_205' title='bbox 1858 2864 2010 2918; x_wconf 65' lang='lat' dir='ltr'><strong>prie-</strong></span> 
     </span>
    </p>
   </div>
   <div class='ocr_carea' id='block_1_32' title="bbox 339 2919 2007 3009">
    <p class='ocr_par' dir='ltr' id='par_1_32' title="bbox 339 2919 2007 3009">
     <span class='ocr_line' id='line_1_32' title="bbox 339 2919 2007 3009; baseline 0.011 -35"><span class='ocrx_word' id='word_1_206' title='bbox 339 2919 548 2988; x_wconf 90' lang='lat' dir='ltr'><strong>beatis,</strong></span> <span class='ocrx_word' id='word_1_207' title='bbox 585 2923 632 2978; x_wconf 91' lang='lat' dir='ltr'><strong>si</strong></span> <span class='ocrx_word' id='word_1_208' title='bbox 665 2924 859 2981; x_wconf 89' lang='lat' dir='ltr'><strong>denuo</strong></span> <span class='ocrx_word' id='word_1_209' title='bbox 893 2929 964 2984; x_wconf 89' lang='lat' dir='ltr'><strong>ad</strong></span> <span class='ocrx_word' id='word_1_210' title='bbox 997 2947 1098 2986; x_wconf 92' lang='lat' dir='ltr'><strong>vos</strong></span> <span class='ocrx_word' id='word_1_211' title='bbox 1131 2932 1392 2988; x_wconf 87' lang='lat' dir='ltr'><strong>scribant</strong></span> <span class='ocrx_word' id='word_1_212' title='bbox 1421 2939 1624 2989; x_wconf 90' lang='lat' dir='ltr'><strong>contra</strong></span> <span class='ocrx_word' id='word_1_213' title='bbox 1665 2937 2007 3009; x_wconf 80' lang='lat' dir='ltr'><strong>epiSCOpum</strong></span> 
     </span>
    </p>
   </div>
   <div class='ocr_carea' id='block_1_33' title="bbox 339 3009 2010 3096">
    <p class='ocr_par' dir='ltr' id='par_1_33' title="bbox 339 3009 2010 3096">
     <span class='ocr_line' id='line_1_33' title="bbox 339 3009 2010 3096; baseline 0.013 -35"><span class='ocrx_word' id='word_1_214' title='bbox 339 3009 758 3081; x_wconf 80' lang='lat' dir='ltr'><strong>Athanasium;</strong></span> <span class='ocrx_word' id='word_1_215' title='bbox 803 3017 1109 3090; x_wconf 88' lang='lat' dir='ltr'><strong>(quidquid</strong></span> <span class='ocrx_word' id='word_1_216' title='bbox 1148 3021 1306 3076; x_wconf 92' lang='lat' dir='ltr'><strong>enim</strong></span> <span class='ocrx_word' id='word_1_217' title='bbox 1345 3023 1417 3078; x_wconf 93' lang='lat' dir='ltr'><strong>ab</strong></span> <span class='ocrx_word' id='word_1_218' title='bbox 1447 3023 1568 3078; x_wconf 86' lang='lat' dir='ltr'><strong>illis</strong></span> <span class='ocrx_word' id='word_1_219' title='bbox 1612 3026 2010 3096; x_wconf 80' lang='lat' dir='ltr'><strong>proficiscitur</strong></span> 
     </span>
    </p>
   </div>
   <div class='ocr_carea' id='block_1_34' title="bbox 337 3097 2006 3188">
    <p class='ocr_par' dir='ltr' id='par_1_34' title="bbox 337 3097 2006 3188">
     <span class='ocr_line' id='line_1_34' title="bbox 337 3097 2006 3188; baseline 0.012 -37"><span class='ocrx_word' id='word_1_220' title='bbox 337 3097 556 3154; x_wconf 82' lang='lat' dir='ltr'><strong>falsum</strong></span> <span class='ocrx_word' id='word_1_221' title='bbox 597 3103 738 3173; x_wconf 89' lang='lat' dir='ltr'><strong>est;)</strong></span> <span class='ocrx_word' id='word_1_222' title='bbox 788 3105 906 3161; x_wconf 89' lang='lat' dir='ltr'><strong>imo</strong></span> <span class='ocrx_word' id='word_1_223' title='bbox 955 3108 1184 3165; x_wconf 89' lang='lat' dir='ltr'><strong>etiamsi</strong></span> <span class='ocrx_word' id='word_1_224' title='bbox 1239 3112 1641 3184; x_wconf 67' lang='lat' dir='ltr'><strong>Egyptiorum</strong></span> <span class='ocrx_word' id='word_1_225' title='bbox 1696 3113 2006 3188; x_wconf 89' lang='lat' dir='ltr'><strong>episcopo-</strong></span> 
     </span>
    </p>
   </div>
   <div class='ocr_carea' id='block_1_35' title="bbox 339 3191 1995 3261">
    <p class='ocr_par' dir='ltr' id='par_1_35' title="bbox 339 3191 1995 3261">
     <span class='ocr_line' id='line_1_35' title="bbox 339 3191 1995 3261; baseline 0.011 -19"><span class='ocrx_word' id='word_1_226' title='bbox 339 3203 473 3244; x_wconf 90' lang='lat' dir='ltr'><strong>rum</strong></span> <span class='ocrx_word' id='word_1_227' title='bbox 504 3191 746 3247; x_wconf 90' lang='lat' dir='ltr'><strong>nomina</strong></span> <span class='ocrx_word' id='word_1_228' title='bbox 776 3193 832 3249; x_wconf 90' lang='lat' dir='ltr'><strong>in</strong></span> <span class='ocrx_word' id='word_1_229' title='bbox 867 3194 1078 3254; x_wconf 88' lang='lat' dir='ltr'><strong>litteris</strong></span> <span class='ocrx_word' id='word_1_230' title='bbox 1101 3199 1224 3255; x_wconf 91' lang='lat' dir='ltr'><strong>suis</strong></span> <span class='ocrx_word' id='word_1_231' title='bbox 1251 3206 1576 3258; x_wconf 81' lang='lat' dir='ltr'><strong>exararent.</strong></span> <span class='ocrx_word' id='word_1_232' title='bbox 1611 3203 1809 3259; x_wconf 87' lang='lat' dir='ltr'><strong>Palam</strong></span> <span class='ocrx_word' id='word_1_233' title='bbox 1839 3207 1995 3261; x_wconf 91' lang='lat' dir='ltr'><strong>enim</strong></span> 
     </span>
    </p>
   </div>
   <div class='ocr_carea' id='block_1_36' title="bbox 341 3265 2070 3366">
    <p class='ocr_par' dir='ltr' id='par_1_36' title="bbox 341 3265 2070 3366">
     <span class='ocr_line' id='line_1_36' title="bbox 341 3265 2070 3366; baseline 0.012 -35"><span class='ocrx_word' id='word_1_234' title='bbox 341 3281 431 3366; x_wconf 86' lang='lat' dir='ltr'><strong>est</strong></span> <span class='ocrx_word' id='word_1_235' title='bbox 461 3295 576 3334; x_wconf 90' lang='lat' dir='ltr'><strong>non</strong></span> <span class='ocrx_word' id='word_1_236' title='bbox 607 3297 715 3338; x_wconf 91' lang='lat' dir='ltr'><strong>nos</strong></span> <span class='ocrx_word' id='word_1_237' title='bbox 745 3283 888 3340; x_wconf 89' lang='lat' dir='ltr'><strong>talia</strong></span> <span class='ocrx_word' id='word_1_238' title='bbox 935 3277 1210 3356; x_wconf 80' lang='lat' dir='ltr'><strong>scribere,</strong></span> <span class='ocrx_word' id='word_1_239' title='bbox 1243 3291 1342 3345; x_wconf 90' lang='lat' dir='ltr'><strong>sed</strong></span> <span class='ocrx_word' id='word_1_240' title='bbox 1390 3291 1731 3349; x_wconf 88' lang='lat' dir='ltr'><strong>Meletianos</strong></span> <span class='ocrx_word' id='word_1_241' title='bbox 1762 3311 1996 3366; x_wconf 87' lang='lat' dir='ltr'><strong>semper</strong></span> <span class='ocrx_word' id='word_1_242' title='bbox 2027 3265 2070 3332; x_wconf 65' lang='grc' dir='ltr'>α</span> 
     </span>
    </p>
   </div>
   <div class='ocr_carea' id='block_1_37' title="bbox 341 3365 2000 3454">
    <p class='ocr_par' dir='ltr' id='par_1_37' title="bbox 341 3365 2000 3454">
     <span class='ocr_line' id='line_1_37' title="bbox 341 3365 2000 3454; baseline 0.011 -33"><span class='ocrx_word' id='word_1_243' title='bbox 341 3365 770 3439; x_wconf 90' lang='lat' dir='ltr'><strong>schismaticos,</strong></span> <span class='ocrx_word' id='word_1_244' title='bbox 806 3375 906 3444; x_wconf 88' lang='lat' dir='ltr'><strong>qui</strong></span> <span class='ocrx_word' id='word_1_245' title='bbox 940 3375 1054 3432; x_wconf 90' lang='lat' dir='ltr'><strong>huc</strong></span> <span class='ocrx_word' id='word_1_246' title='bbox 1096 3394 1284 3450; x_wconf 88' lang='lat' dir='ltr'><strong>usque</strong></span> <span class='ocrx_word' id='word_1_247' title='bbox 1315 3379 1604 3436; x_wconf 90' lang='lat' dir='ltr'><strong>Ecclesias</strong></span> <span class='ocrx_word' id='word_1_248' title='bbox 1653 3365 2000 3454; x_wconf 86' lang='lat' dir='ltr'><strong>perturbant</strong></span> 
     </span>
    </p>
   </div>
   <div class='ocr_carea' id='block_1_38' title="bbox 341 3457 2000 3527">
    <p class='ocr_par' dir='ltr' id='par_1_38' title="bbox 341 3457 2000 3527">
     <span class='ocr_line' id='line_1_38' title="bbox 341 3457 2000 3527; baseline 0.011 -17"><span class='ocrx_word' id='word_1_249' title='bbox 341 3459 399 3511; x_wconf 85' lang='lat' dir='ltr'><strong>et</strong></span> <span class='ocrx_word' id='word_1_250' title='bbox 447 3457 763 3517; x_wconf 86' lang='lat' dir='ltr'><strong>seditiones</strong></span> <span class='ocrx_word' id='word_1_251' title='bbox 813 3471 1198 3522; x_wconf 89' lang='lat' dir='ltr'><strong>commovent.</strong></span> <span class='ocrx_word' id='word_1_252' title='bbox 1233 3468 1642 3525; x_wconf 89' lang='lat' dir='ltr'><strong>Ordinationes</strong></span> <span class='ocrx_word' id='word_1_253' title='bbox 1686 3471 1844 3526; x_wconf 91' lang='lat' dir='ltr'><strong>enim</strong></span> <span class='ocrx_word' id='word_1_254' title='bbox 1895 3474 2000 3527; x_wconf 89' lang='lat' dir='ltr'><strong>ab-</strong></span> 
     </span>
    </p>
   </div>
   <div class='ocr_carea' id='block_1_39' title="bbox 341 3547 2000 3630">
    <p class='ocr_par' dir='ltr' id='par_1_39' title="bbox 341 3547 2000 3630">
     <span class='ocr_line' id='line_1_39' title="bbox 341 3547 2000 3630; baseline 0.01 -31"><span class='ocrx_word' id='word_1_255' title='bbox 341 3547 554 3603; x_wconf 89' lang='lat' dir='ltr'><strong>surdas</strong></span> <span class='ocrx_word' id='word_1_256' title='bbox 585 3549 832 3619; x_wconf 82' lang='lat' dir='ltr'><strong>faciunt,</strong></span> <span class='ocrx_word' id='word_1_257' title='bbox 856 3570 922 3609; x_wconf 89' lang='lat' dir='ltr'><strong>ac</strong></span> <span class='ocrx_word' id='word_1_258' title='bbox 951 3554 1212 3612; x_wconf 90' lang='lat' dir='ltr'><strong>virorum</strong></span> <span class='ocrx_word' id='word_1_259' title='bbox 1264 3557 1365 3629; x_wconf 88' lang='lat' dir='ltr'><strong>qui</strong></span> <span class='ocrx_word' id='word_1_260' title='bbox 1415 3561 1840 3630; x_wconf 90' lang='lat' dir='ltr'><strong>propemodum</strong></span> <span class='ocrx_word' id='word_1_261' title='bbox 1871 3561 2000 3617; x_wconf 88' lang='lat' dir='ltr'><strong>eth-</strong></span> 
     </span>
    </p>
   </div>
   <div class='ocr_carea' id='block_1_40' title="bbox 340 3633 2000 3721">
    <p class='ocr_par' dir='ltr' id='par_1_40' title="bbox 340 3633 2000 3721">
     <span class='ocr_line' id='line_1_40' title="bbox 340 3633 2000 3721; baseline 0.011 -33"><span class='ocrx_word' id='word_1_262' title='bbox 340 3633 456 3690; x_wconf 90' lang='lat' dir='ltr'><strong>nici</strong></span> <span class='ocrx_word' id='word_1_263' title='bbox 505 3642 688 3694; x_wconf 90' lang='lat' dir='ltr'><strong>sunt:</strong></span> <span class='ocrx_word' id='word_1_264' title='bbox 722 3644 778 3696; x_wconf 90' lang='lat' dir='ltr'><strong>et</strong></span> <span class='ocrx_word' id='word_1_265' title='bbox 824 3643 1116 3713; x_wconf 90' lang='lat' dir='ltr'><strong>ejusmodi</strong></span> <span class='ocrx_word' id='word_1_266' title='bbox 1167 3646 1427 3702; x_wconf 89' lang='lat' dir='ltr'><strong>facinora</strong></span> <span class='ocrx_word' id='word_1_267' title='bbox 1475 3653 1836 3720; x_wconf 90' lang='lat' dir='ltr'><strong>perpetrant,</strong></span> <span class='ocrx_word' id='word_1_268' title='bbox 1873 3667 2000 3721; x_wconf 77' lang='lat' dir='ltr'><strong>quae</strong></span> 
     </span>
    </p>
   </div>
   <div class='ocr_carea' id='block_1_41' title="bbox 342 3723 2004 3812">
    <p class='ocr_par' dir='ltr' id='par_1_41' title="bbox 342 3723 2004 3812">
     <span class='ocr_line' id='line_1_41' title="bbox 342 3723 2004 3812; baseline 0.01 -32"><span class='ocrx_word' id='word_1_269' title='bbox 342 3723 597 3782; x_wconf 89' lang='lat' dir='ltr'><strong>scribere</strong></span> <span class='ocrx_word' id='word_1_270' title='bbox 627 3729 864 3800; x_wconf 88' lang='lat' dir='ltr'><strong>quidem</strong></span> <span class='ocrx_word' id='word_1_271' title='bbox 896 3734 1458 3805; x_wconf 68' lang='lat' dir='ltr'><strong>erubescimus,’sed</strong></span> <span class='ocrx_word' id='word_1_272' title='bbox 1489 3737 1652 3792; x_wconf 87' lang='lat' dir='ltr'><strong>vobis</strong></span> <span class='ocrx_word' id='word_1_273' title='bbox 1684 3737 1742 3792; x_wconf 91' lang='lat' dir='ltr'><strong>id</strong></span> <span class='ocrx_word' id='word_1_274' title='bbox 1776 3756 1809 3794; x_wconf 92' lang='lat' dir='ltr'><strong>a</strong></span> <span class='ocrx_word' id='word_1_275' title='bbox 1840 3739 2004 3812; x_wconf 85' lang='lat' dir='ltr'><strong>lega-</strong></span> 
     </span>
    </p>
   </div>
   <div class='ocr_carea' id='block_1_42' title="bbox 343 3812 2001 3894">
    <p class='ocr_par' dir='ltr' id='par_1_42' title="bbox 343 3812 2001 3894">
     <span class='ocr_line' id='line_1_42' title="bbox 343 3812 2001 3894; baseline 0.011 -28"><span class='ocrx_word' id='word_1_276' title='bbox 343 3812 420 3867; x_wconf 89' lang='lat' dir='ltr'><strong>tis</strong></span> <span class='ocrx_word' id='word_1_277' title='bbox 478 3817 715 3886; x_wconf 89' lang='lat' dir='ltr'><strong>nostris,</strong></span> <span class='ocrx_word' id='word_1_278' title='bbox 749 3819 851 3891; x_wconf 90' lang='lat' dir='ltr'><strong>qui</strong></span> <span class='ocrx_word' id='word_1_279' title='bbox 903 3821 1208 3892; x_wconf 87' lang='lat' dir='ltr'><strong>epistolam</strong></span> <span class='ocrx_word' id='word_1_280' title='bbox 1267 3825 1432 3880; x_wconf 90' lang='lat' dir='ltr'><strong>vobis</strong></span> <span class='ocrx_word' id='word_1_281' title='bbox 1490 3825 1746 3894; x_wconf 84' lang='lat' dir='ltr'><strong>tradent,</strong></span> <span class='ocrx_word' id='word_1_282' title='bbox 1780 3829 2001 3886; x_wconf 88' lang='lat' dir='ltr'><strong>discere</strong></span> 
     </span>
    </p>
   </div>
   <div class='ocr_carea' id='block_1_43' title="bbox 347 3899 708 3975">
    <p class='ocr_par' dir='ltr' id='par_1_43' title="bbox 347 3899 708 3975">
     <span class='ocr_line' id='line_1_43' title="bbox 347 3899 708 3975; baseline 0.014 -21"><span class='ocrx_word' id='word_1_283' title='bbox 347 3899 546 3958; x_wconf 90' lang='lat' dir='ltr'><strong>licebit</strong></span> <span class='ocrx_word' id='word_1_284' title='bbox 574 3904 708 3975; x_wconf 74' lang='grc'>(47).</span> 
     </span>
    </p>
   </div>
   <div class='ocr_carea' id='block_1_44' title="bbox 422 4080 2006 4167">
    <p class='ocr_par' dir='ltr' id='par_1_44' title="bbox 422 4080 2006 4167">
     <span class='ocr_line' id='line_1_44' title="bbox 422 4080 2006 4167; baseline 0.01 -32"><span class='ocrx_word' id='word_1_285' title='bbox 422 4080 512 4135; x_wconf 85' lang='lat'><strong>20.</strong></span> <span class='ocrx_word' id='word_1_286' title='bbox 537 4085 671 4138; x_wconf 74' lang='lat' dir='ltr'><strong>Haec</strong></span> <span class='ocrx_word' id='word_1_287' title='bbox 702 4084 940 4155; x_wconf 90' lang='lat' dir='ltr'><strong>quidem</strong></span> <span class='ocrx_word' id='word_1_288' title='bbox 970 4087 1223 4161; x_wconf 63' lang='lat' dir='ltr'><strong>[Egyptii</strong></span> <span class='ocrx_word' id='word_1_289' title='bbox 1267 4091 1338 4146; x_wconf 88' lang='lat' dir='ltr'><strong>ad</strong></span> <span class='ocrx_word' id='word_1_290' title='bbox 1372 4107 1577 4148; x_wconf 90' lang='lat' dir='ltr'><strong>omnes</strong></span> <span class='ocrx_word' id='word_1_291' title='bbox 1609 4094 1915 4167; x_wconf 85' lang='lat' dir='ltr'><strong>episcopos</strong></span> <span class='ocrx_word' id='word_1_292' title='bbox 1949 4100 2006 4151; x_wconf 89' lang='lat' dir='ltr'><strong>et</strong></span> 
     </span>
    </p>
   </div>
   <div class='ocr_carea' id='block_1_45' title="bbox 353 4169 2004 4253">
    <p class='ocr_par' dir='ltr' id='par_1_45' title="bbox 353 4169 2004 4253">
     <span class='ocr_line' id='line_1_45' title="bbox 353 4169 2004 4253; baseline 0.011 -30"><span class='ocrx_word' id='word_1_293' title='bbox 353 4169 427 4224; x_wconf 90' lang='lat' dir='ltr'><strong>ad</strong></span> <span class='ocrx_word' id='word_1_294' title='bbox 457 4169 680 4228; x_wconf 86' lang='lat' dir='ltr'><strong>Julium</strong></span> <span class='ocrx_word' id='word_1_295' title='bbox 714 4173 1041 4232; x_wconf 85' lang='lat' dir='ltr'><strong>Romanum</strong></span> <span class='ocrx_word' id='word_1_296' title='bbox 1088 4178 1450 4253; x_wconf 88' lang='lat' dir='ltr'><strong>episcopum.</strong></span> <span class='ocrx_word' id='word_1_297' title='bbox 1485 4181 1660 4239; x_wconf 92' lang='lat' dir='ltr'><strong>Porro</strong></span> <span class='ocrx_word' id='word_1_298' title='bbox 1691 4185 2004 4240; x_wconf 87' lang='lat' dir='ltr'><strong>Eusebiani</strong></span> 
     </span>
    </p>
   </div>
   <div class='ocr_carea' id='block_1_46' title="bbox 353 4262 2007 4342">
    <p class='ocr_par' dir='ltr' id='par_1_46' title="bbox 353 4262 2007 4342">
     <span class='ocr_line' id='line_1_46' title="bbox 353 4262 2007 4342; baseline 0.01 -29"><span class='ocrx_word' id='word_1_299' title='bbox 353 4275 587 4331; x_wconf 88' lang='lat' dir='ltr'><strong>quoque</strong></span> <span class='ocrx_word' id='word_1_300' title='bbox 609 4262 677 4317; x_wconf 87' lang='lat' dir='ltr'><strong>ad</strong></span> <span class='ocrx_word' id='word_1_301' title='bbox 710 4263 932 4319; x_wconf 90' lang='lat' dir='ltr'><strong>Julium</strong></span> <span class='ocrx_word' id='word_1_302' title='bbox 969 4267 1256 4339; x_wconf 89' lang='lat' dir='ltr'><strong>scripsere</strong></span> <span class='ocrx_word' id='word_1_303' title='bbox 1282 4287 1294 4324; x_wconf 91' lang='lat'><strong>:</strong></span> <span class='ocrx_word' id='word_1_304' title='bbox 1319 4287 1386 4325; x_wconf 91' lang='lat' dir='ltr'><strong>ac</strong></span> <span class='ocrx_word' id='word_1_305' title='bbox 1415 4277 1716 4342; x_wconf 88' lang='lat' dir='ltr'><strong>sperantes</strong></span> <span class='ocrx_word' id='word_1_306' title='bbox 1743 4290 1806 4328; x_wconf 91' lang='lat' dir='ltr'><strong>se</strong></span> <span class='ocrx_word' id='word_1_307' title='bbox 1836 4274 2007 4329; x_wconf 91' lang='lat' dir='ltr'><strong>nobis</strong></span> 
     </span>
    </p>
   </div>
   <div class='ocr_carea' id='block_1_47' title="bbox 349 4351 2006 4436">
    <p class='ocr_par' dir='ltr' id='par_1_47' title="bbox 349 4351 2006 4436">
     <span class='ocr_line' id='line_1_47' title="bbox 349 4351 2006 4436; baseline 0.011 -35"><span class='ocrx_word' id='word_1_308' title='bbox 349 4351 632 4406; x_wconf 89' lang='lat' dir='ltr'><strong>terrorem</strong></span> <span class='ocrx_word' id='word_1_309' title='bbox 665 4351 1029 4422; x_wconf 90' lang='lat' dir='ltr'><strong>incussuros,</strong></span> <span class='ocrx_word' id='word_1_310' title='bbox 1058 4358 1343 4429; x_wconf 80' lang='lat' dir='ltr'><strong>rogabant</strong></span> <span class='ocrx_word' id='word_1_311' title='bbox 1371 4363 1435 4415; x_wconf 92' lang='lat' dir='ltr'><strong>ut</strong></span> <span class='ocrx_word' id='word_1_312' title='bbox 1472 4363 1729 4432; x_wconf 83' lang='lat' dir='ltr'><strong>synodus</strong></span> <span class='ocrx_word' id='word_1_313' title='bbox 1773 4379 2006 4436; x_wconf 85' lang='lat' dir='ltr'><strong>cogere-</strong></span> 
     </span>
    </p>
   </div>
   <div class='ocr_carea' id='block_1_48' title="bbox 351 4439 2010 4525">
    <p class='ocr_par' dir='ltr' id='par_1_48' title="bbox 351 4439 2010 4525">
     <span class='ocr_line' id='line_1_48' title="bbox 351 4439 2010 4525; baseline 0.009 -33"><span class='ocrx_word' id='word_1_314' title='bbox 351 4441 471 4506; x_wconf 91' lang='lat' dir='ltr'><strong>tur,</strong></span> <span class='ocrx_word' id='word_1_315' title='bbox 503 4445 559 4495; x_wconf 87' lang='lat' dir='ltr'><strong>et</strong></span> <span class='ocrx_word' id='word_1_316' title='bbox 587 4439 713 4512; x_wconf 90' lang='lat' dir='ltr'><strong>ipse</strong></span> <span class='ocrx_word' id='word_1_317' title='bbox 752 4442 968 4511; x_wconf 88' lang='lat' dir='ltr'><strong>Julius,</strong></span> <span class='ocrx_word' id='word_1_318' title='bbox 1002 4445 1052 4500; x_wconf 90' lang='lat' dir='ltr'><strong>si</strong></span> <span class='ocrx_word' id='word_1_319' title='bbox 1081 4446 1272 4513; x_wconf 90' lang='lat' dir='ltr'><strong>vellet,</strong></span> <span class='ocrx_word' id='word_1_320' title='bbox 1298 4448 1483 4520; x_wconf 83' lang='lat' dir='ltr'><strong>judex</strong></span> <span class='ocrx_word' id='word_1_321' title='bbox 1531 4451 1696 4506; x_wconf 83' lang='lat' dir='ltr'><strong>foret.</strong></span> <span class='ocrx_word' id='word_1_322' title='bbox 1729 4455 1874 4508; x_wconf 85' lang='lat' dir='ltr'><strong>Cum</strong></span> <span class='ocrx_word' id='word_1_323' title='bbox 1904 4452 2010 4525; x_wconf 86' lang='lat' dir='ltr'><strong>igi-</strong></span> 
     </span>
    </p>
   </div>
   <div class='ocr_carea' id='block_1_49' title="bbox 351 4531 2004 4605">
    <p class='ocr_par' dir='ltr' id='par_1_49' title="bbox 351 4531 2004 4605">
     <span class='ocr_line' id='line_1_49' title="bbox 351 4531 2004 4605; baseline 0.01 -25"><span class='ocrx_word' id='word_1_324' title='bbox 351 4534 450 4581; x_wconf 88' lang='lat' dir='ltr'><strong>tur</strong></span> <span class='ocrx_word' id='word_1_325' title='bbox 469 4531 712 4586; x_wconf 84' lang='lat' dir='ltr'><strong>Romam</strong></span> <span class='ocrx_word' id='word_1_326' title='bbox 736 4533 1199 4602; x_wconf 88' lang='lat' dir='ltr'><strong>advenissemus,</strong></span> <span class='ocrx_word' id='word_1_327' title='bbox 1217 4536 1433 4605; x_wconf 81' lang='lat' dir='ltr'><strong>Julius,</strong></span> <span class='ocrx_word' id='word_1_328' title='bbox 1460 4543 1524 4594; x_wconf 91' lang='lat' dir='ltr'><strong>ut</strong></span> <span class='ocrx_word' id='word_1_329' title='bbox 1545 4546 2004 4597; x_wconf 91' lang='lat' dir='ltr'><strong>consentaneum</strong></span> 
     </span>
    </p>
   </div>
   <div class='ocr_carea' id='block_1_50' title="bbox 2124 602 3790 684">
    <p class='ocr_par' dir='ltr' id='par_1_50' title="bbox 2124 602 3790 684">
     <span class='ocr_line' id='line_1_50' title="bbox 2124 602 3790 684; baseline 0.002 -26"><span class='ocrx_word' id='word_1_330' title='bbox 2124 602 2295 678; x_wconf 88' lang='grc' dir='ltr'>λαμεν</span> <span class='ocrx_word' id='word_1_331' title='bbox 2326 606 2392 659; x_wconf 81' lang='grc' dir='ltr'><strong>τά</strong></span> <span class='ocrx_word' id='word_1_332' title='bbox 2424 605 2746 683; x_wconf 75' lang='grc' dir='ltr'>ἀντίγραφα,</span> <span class='ocrx_word' id='word_1_333' title='bbox 2771 609 3016 684; x_wconf 78' lang='grc' dir='ltr'>φανερῶς</span> <span class='ocrx_word' id='word_1_334' title='bbox 3049 603 3243 660; x_wconf 87' lang='grc' dir='ltr'>λοιπὸν</span> <span class='ocrx_word' id='word_1_335' title='bbox 3276 605 3406 668; x_wconf 72' lang='grc' dir='ltr'>τοὺς</span> <span class='ocrx_word' id='word_1_336' title='bbox 3433 609 3583 684; x_wconf 73' lang='grc' dir='ltr'>παρὰ</span> <span class='ocrx_word' id='word_1_337' title='bbox 3606 607 3790 677; x_wconf 80' lang='grc' dir='ltr'><strong>πάσης</strong></span> 
     </span>
    </p>
   </div>
   <div class='ocr_carea' id='block_1_51' title="bbox 2121 693 3788 772">
    <p class='ocr_par' dir='ltr' id='par_1_51' title="bbox 2121 693 3788 772">
     <span class='ocr_line' id='line_1_51' title="bbox 2121 693 3788 772; baseline 0.002 -24"><span class='ocrx_word' id='word_1_338' title='bbox 2121 702 2223 764; x_wconf 72' lang='grc' dir='ltr'>τῆς</span> <span class='ocrx_word' id='word_1_339' title='bbox 2273 693 2579 764; x_wconf 80' lang='grc' dir='ltr'>καθολικῆς</span> <span class='ocrx_word' id='word_1_340' title='bbox 2639 694 2966 766; x_wconf 87' lang='grc' dir='ltr'>Ἐκκλησίας</span> <span class='ocrx_word' id='word_1_341' title='bbox 3012 697 3531 769; x_wconf 84' lang='grc' dir='ltr'>ἀναθεματισθέντας</span> <span class='ocrx_word' id='word_1_342' title='bbox 3577 698 3788 772; x_wconf 87' lang='grc' dir='ltr'>Ἀρειο-</span> 
     </span>
    </p>
   </div>
   <div class='ocr_carea' id='block_1_52' title="bbox 2129 782 3791 859">
    <p class='ocr_par' dir='ltr' id='par_1_52' title="bbox 2129 782 3791 859">
     <span class='ocr_line' id='line_1_52' title="bbox 2129 782 3791 859; baseline 0.003 -23"><span class='ocrx_word' id='word_1_343' title='bbox 2129 782 2352 856; x_wconf 87' lang='grc' dir='ltr'>μανίτας</span> <span class='ocrx_word' id='word_1_344' title='bbox 2412 784 2749 859; x_wconf 73' lang='grc' dir='ltr'>ἐπεγείρουσι</span> <span class='ocrx_word' id='word_1_345' title='bbox 2808 787 2945 839; x_wconf 84' lang='grc' dir='ltr'><strong>κατά</strong></span> <span class='ocrx_word' id='word_1_346' title='bbox 2999 792 3099 854; x_wconf 80' lang='grc' dir='ltr'>τῆς</span> <span class='ocrx_word' id='word_1_347' title='bbox 3134 784 3486 856; x_wconf 82' lang='grc' dir='ltr'>Ἐκκλησίας,</span> <span class='ocrx_word' id='word_1_348' title='bbox 3521 787 3610 840; x_wconf 77' lang='grc' dir='ltr'><strong>καὶ</strong></span> <span class='ocrx_word' id='word_1_349' title='bbox 3670 785 3791 841; x_wconf 82' lang='grc' dir='ltr'>ἐπί-</span> 
     </span>
    </p>
   </div>
   <div class='ocr_carea' id='block_1_53' title="bbox 2123 873 3793 946">
    <p class='ocr_par' dir='ltr' id='par_1_53' title="bbox 2123 873 3793 946">
     <span class='ocr_line' id='line_1_53' title="bbox 2123 873 3793 946; baseline 0.002 -20"><span class='ocrx_word' id='word_1_350' title='bbox 2123 893 2323 926; x_wconf 89' lang='grc' dir='ltr'>σκοπον</span> <span class='ocrx_word' id='word_1_351' title='bbox 2385 876 2498 946; x_wconf 76' lang='grc'>(44)</span> <span class='ocrx_word' id='word_1_352' title='bbox 2556 874 2742 936; x_wconf 76' lang='grc' dir='ltr'>αὐτοῖς</span> <span class='ocrx_word' id='word_1_353' title='bbox 2792 875 3146 945; x_wconf 75' lang='grc' dir='ltr'><strong>κατέστησαν,</strong></span> <span class='ocrx_word' id='word_1_354' title='bbox 3206 875 3295 929; x_wconf 83' lang='grc' dir='ltr'><strong>καὶ</strong></span> <span class='ocrx_word' id='word_1_355' title='bbox 3350 880 3471 937; x_wconf 87' lang='grc' dir='ltr'>ταῖς</span> <span class='ocrx_word' id='word_1_356' title='bbox 3539 873 3793 938; x_wconf 82' lang='grc' dir='ltr'><strong>ἀπειλαῖς</strong></span> 
     </span>
    </p>
   </div>
   <div class='ocr_carea' id='block_1_54' title="bbox 2123 958 3794 1040">
    <p class='ocr_par' dir='ltr' id='par_1_54' title="bbox 2123 958 3794 1040">
     <span class='ocr_line' id='line_1_54' title="bbox 2123 958 3794 1040; baseline 0.003 -26"><span class='ocrx_word' id='word_1_357' title='bbox 2123 961 2213 1015; x_wconf 81' lang='grc' dir='ltr'><strong>καὶ</strong></span> <span class='ocrx_word' id='word_1_358' title='bbox 2263 967 2381 1023; x_wconf 91' lang='grc' dir='ltr'>τοῖς</span> <span class='ocrx_word' id='word_1_359' title='bbox 2429 958 2618 1040; x_wconf 75' lang='grc' dir='ltr'>φόϐοις</span> <span class='ocrx_word' id='word_1_360' title='bbox 2669 961 2937 1039; x_wconf 87' lang='grc' dir='ltr'>διαιροῦσι</span> <span class='ocrx_word' id='word_1_361' title='bbox 2985 965 3082 1025; x_wconf 86' lang='grc' dir='ltr'><strong>τάς</strong></span> <span class='ocrx_word' id='word_1_362' title='bbox 3131 961 3482 1037; x_wconf 87' lang='grc' dir='ltr'>Ἐκκλησίας,</span> <span class='ocrx_word' id='word_1_363' title='bbox 3512 961 3604 1019; x_wconf 69' lang='grc' dir='ltr'>’ίνα</span> <span class='ocrx_word' id='word_1_364' title='bbox 3651 986 3794 1019; x_wconf 89' lang='grc' dir='ltr'>παν-</span> 
     </span>
    </p>
   </div>
   <div class='ocr_carea' id='block_1_55' title="bbox 2121 1047 3790 1128">
    <p class='ocr_par' dir='ltr' id='par_1_55' title="bbox 2121 1047 3790 1128">
     <span class='ocr_line' id='line_1_55' title="bbox 2121 1047 3790 1128; baseline 0.001 -22"><span class='ocrx_word' id='word_1_365' title='bbox 2121 1055 2297 1126; x_wconf 88' lang='grc' dir='ltr'>ταχοῦ</span> <span class='ocrx_word' id='word_1_366' title='bbox 2330 1051 2621 1128; x_wconf 74' lang='grc' dir='ltr'>συνεργοὺς</span> <span class='ocrx_word' id='word_1_367' title='bbox 2655 1050 2827 1128; x_wconf 81' lang='grc' dir='ltr'>ἔχωσι</span> <span class='ocrx_word' id='word_1_368' title='bbox 2877 1059 2980 1122; x_wconf 81' lang='grc' dir='ltr'>τῆς</span> <span class='ocrx_word' id='word_1_369' title='bbox 3013 1047 3259 1115; x_wconf 77' lang='grc' dir='ltr'>ἀσεϐείας</span> <span class='ocrx_word' id='word_1_370' title='bbox 3309 1052 3504 1109; x_wconf 74' lang='grc' dir='ltr'>αὐτῶν.</span> <span class='ocrx_word' id='word_1_371' title='bbox 3538 1053 3638 1107; x_wconf 85' lang='grc' dir='ltr'>Καὶ</span> <span class='ocrx_word' id='word_1_372' title='bbox 3686 1055 3790 1128; x_wconf 83' lang='grc' dir='ltr'>γὰρ</span> 
     </span>
    </p>
   </div>
   <div class='ocr_carea' id='block_1_56' title="bbox 2124 1137 3793 1217">
    <p class='ocr_par' dir='ltr' id='par_1_56' title="bbox 2124 1137 3793 1217">
     <span class='ocr_line' id='line_1_56' title="bbox 2124 1137 3793 1217; baseline 0.002 -24"><span class='ocrx_word' id='word_1_373' title='bbox 2124 1141 2213 1194; x_wconf 74' lang='grc' dir='ltr'><strong>καὶ</strong></span> <span class='ocrx_word' id='word_1_374' title='bbox 2263 1137 2547 1203; x_wconf 76' lang='grc' dir='ltr'><strong>διακόνους</strong></span> <span class='ocrx_word' id='word_1_375' title='bbox 2596 1143 2731 1215; x_wconf 83' lang='grc' dir='ltr'>πρὸς</span> <span class='ocrx_word' id='word_1_376' title='bbox 2781 1141 2910 1203; x_wconf 76' lang='grc' dir='ltr'>τοὺς</span> <span class='ocrx_word' id='word_1_377' title='bbox 2956 1141 3370 1217; x_wconf 86' lang='grc' dir='ltr'>’Δρειομανίτας</span> <span class='ocrx_word' id='word_1_378' title='bbox 3421 1140 3793 1197; x_wconf 83' lang='grc' dir='ltr'>ἀποστέλλου-</span> 
     </span>
    </p>
   </div>
   <div class='ocr_carea' id='block_1_57' title="bbox 2127 1230 3790 1310">
    <p class='ocr_par' dir='ltr' id='par_1_57' title="bbox 2127 1230 3790 1310">
     <span class='ocr_line' id='line_1_57' title="bbox 2127 1230 3790 1310; baseline 0.002 -27"><span class='ocrx_word' id='word_1_379' title='bbox 2127 1250 2231 1296; x_wconf 86' lang='grc' dir='ltr'>σιν,</span> <span class='ocrx_word' id='word_1_380' title='bbox 2265 1230 2316 1284; x_wconf 81' lang='grc' dir='ltr'>οἳ</span> <span class='ocrx_word' id='word_1_381' title='bbox 2356 1236 2599 1308; x_wconf 71' lang='grc' dir='ltr'>φανερῶς</span> <span class='ocrx_word' id='word_1_382' title='bbox 2655 1233 2976 1305; x_wconf 84' lang='grc' dir='ltr'>συνάγονται</span> <span class='ocrx_word' id='word_1_383' title='bbox 3024 1233 3152 1307; x_wconf 86' lang='grc' dir='ltr'>παρ’</span> <span class='ocrx_word' id='word_1_384' title='bbox 3181 1231 3364 1293; x_wconf 84' lang='grc' dir='ltr'>αὐτοῖς</span> <span class='ocrx_word' id='word_1_385' title='bbox 3410 1232 3500 1286; x_wconf 85' lang='grc' dir='ltr'><strong>καὶ</strong></span> <span class='ocrx_word' id='word_1_386' title='bbox 3549 1233 3790 1310; x_wconf 77' lang='grc' dir='ltr'>γράφου-</span> 
     </span>
    </p>
   </div>
   <div class='ocr_carea' id='block_1_58' title="bbox 2125 1318 3792 1398">
    <p class='ocr_par' dir='ltr' id='par_1_58' title="bbox 2125 1318 3792 1398">
     <span class='ocr_line' id='line_1_58' title="bbox 2125 1318 3792 1398; baseline 0.002 -25"><span class='ocrx_word' id='word_1_387' title='bbox 2125 1340 2205 1373; x_wconf 91' lang='grc' dir='ltr'><strong>σιν</strong></span> <span class='ocrx_word' id='word_1_388' title='bbox 2257 1318 2462 1389; x_wconf 73' lang='grc' dir='ltr'>αὐτοῖς,</span> <span class='ocrx_word' id='word_1_389' title='bbox 2510 1320 2600 1374; x_wconf 85' lang='grc' dir='ltr'><strong>καὶ</strong></span> <span class='ocrx_word' id='word_1_390' title='bbox 2666 1321 2963 1398; x_wconf 63' lang='grc' dir='ltr'>ἀντίγραφα</span> <span class='ocrx_word' id='word_1_391' title='bbox 3029 1327 3153 1394; x_wconf 88' lang='grc' dir='ltr'>παρ’</span> <span class='ocrx_word' id='word_1_392' title='bbox 3204 1321 3378 1376; x_wconf 77' lang='grc' dir='ltr'>αὐτῶν</span> <span class='ocrx_word' id='word_1_393' title='bbox 3448 1321 3792 1394; x_wconf 80' lang='grc' dir='ltr'>κομίζονται,</span> 
     </span>
    </p>
   </div>
   <div class='ocr_carea' id='block_1_59' title="bbox 2124 1408 3791 1485">
    <p class='ocr_par' dir='ltr' id='par_1_59' title="bbox 2124 1408 3791 1485">
     <span class='ocr_line' id='line_1_59' title="bbox 2124 1408 3791 1485; baseline 0.002 -23"><span class='ocrx_word' id='word_1_394' title='bbox 2124 1410 2223 1477; x_wconf 80' lang='grc' dir='ltr'>τήν</span> <span class='ocrx_word' id='word_1_395' title='bbox 2301 1408 2623 1480; x_wconf 78' lang='grc' dir='ltr'>Ἐκκλησίαν</span> <span class='ocrx_word' id='word_1_396' title='bbox 2704 1412 3152 1485; x_wconf 82' lang='grc' dir='ltr'>κατασχίζοντες,</span> <span class='ocrx_word' id='word_1_397' title='bbox 3233 1412 3324 1465; x_wconf 83' lang='grc' dir='ltr'><strong>καὶ</strong></span> <span class='ocrx_word' id='word_1_398' title='bbox 3407 1416 3791 1474; x_wconf 81' lang='grc' dir='ltr'>κοινωνοῦντες</span> 
     </span>
    </p>
   </div>
   <div class='ocr_carea' id='block_1_60' title="bbox 2126 1496 3790 1575">
    <p class='ocr_par' dir='ltr' id='par_1_60' title="bbox 2126 1496 3790 1575">
     <span class='ocr_line' id='line_1_60' title="bbox 2126 1496 3790 1575; baseline 0.002 -24"><span class='ocrx_word' id='word_1_399' title='bbox 2126 1496 2331 1569; x_wconf 76' lang='grc' dir='ltr'>αὐτοῖς,</span> <span class='ocrx_word' id='word_1_400' title='bbox 2381 1499 2471 1552; x_wconf 85' lang='grc' dir='ltr'><strong>καὶ</strong></span> <span class='ocrx_word' id='word_1_401' title='bbox 2519 1501 2822 1573; x_wconf 83' lang='grc' dir='ltr'>γράμματα</span> <span class='ocrx_word' id='word_1_402' title='bbox 2871 1497 3302 1561; x_wconf 74' lang='grc' dir='ltr'>ἀποστέλλοντες</span> <span class='ocrx_word' id='word_1_403' title='bbox 3353 1504 3659 1575; x_wconf 80' lang='grc' dir='ltr'>πανταχοῦ,</span> <span class='ocrx_word' id='word_1_404' title='bbox 3689 1501 3790 1569; x_wconf 83' lang='grc' dir='ltr'>τήν</span> 
     </span>
    </p>
   </div>
   <div class='ocr_carea' id='block_1_61' title="bbox 2127 1585 3789 1663">
    <p class='ocr_par' dir='ltr' id='par_1_61' title="bbox 2127 1585 3789 1663">
     <span class='ocr_line' id='line_1_61' title="bbox 2127 1585 3789 1663; baseline 0.002 -22"><span class='ocrx_word' id='word_1_405' title='bbox 2127 1585 2326 1663; x_wconf 69' lang='grc' dir='ltr'>α’ίρεσιν</span> <span class='ocrx_word' id='word_1_406' title='bbox 2417 1587 2590 1642; x_wconf 75' lang='grc' dir='ltr'>αὐτῶν</span> <span class='ocrx_word' id='word_1_407' title='bbox 2694 1593 3041 1656; x_wconf 81' lang='grc' dir='ltr'>συνιστῶντα,</span> <span class='ocrx_word' id='word_1_408' title='bbox 3117 1587 3209 1643; x_wconf 73' lang='grc' dir='ltr'>καί</span> <span class='ocrx_word' id='word_1_409' title='bbox 3281 1590 3381 1659; x_wconf 73' lang='grc' dir='ltr'>τὴν</span> <span class='ocrx_word' id='word_1_410' title='bbox 3460 1587 3789 1658; x_wconf 81' lang='grc' dir='ltr'>Ἐκκλησίαν</span> 
     </span>
    </p>
   </div>
   <div class='ocr_carea' id='block_1_62' title="bbox 2125 1675 3789 1755">
    <p class='ocr_par' dir='ltr' id='par_1_62' title="bbox 2125 1675 3789 1755">
     <span class='ocr_line' id='line_1_62' title="bbox 2125 1675 3789 1755; baseline 0.002 -26"><span class='ocrx_word' id='word_1_411' title='bbox 2125 1675 2590 1753; x_wconf 71' lang='grc' dir='ltr'>ἀποκηρύττοντα,</span> <span class='ocrx_word' id='word_1_412' title='bbox 2641 1679 2718 1740; x_wconf 83' lang='grc' dir='ltr'>ὡς</span> <span class='ocrx_word' id='word_1_413' title='bbox 2767 1675 3057 1748; x_wconf 73' lang='grc' dir='ltr'>δυνήσεσθε</span> <span class='ocrx_word' id='word_1_414' title='bbox 3113 1679 3319 1752; x_wconf 81' lang='grc' dir='ltr'>μαθεῖν,</span> <span class='ocrx_word' id='word_1_415' title='bbox 3369 1679 3458 1755; x_wconf 74' lang='grc' dir='ltr'><strong>ἀφ’</strong></span> <span class='ocrx_word' id='word_1_416' title='bbox 3505 1680 3580 1732; x_wconf 83' lang='grc' dir='ltr'>ὧν</span> <span class='ocrx_word' id='word_1_417' title='bbox 3634 1678 3789 1734; x_wconf 76' lang='grc' dir='ltr'>αὐτοὶ</span> 
     </span>
    </p>
   </div>
   <div class='ocr_carea' id='block_1_63' title="bbox 2123 1765 3790 1844">
    <p class='ocr_par' dir='ltr' id='par_1_63' title="bbox 2123 1765 3790 1844">
     <span class='ocr_line' id='line_1_63' title="bbox 2123 1765 3790 1844; baseline 0.002 -24"><span class='ocrx_word' id='word_1_418' title='bbox 2123 1770 2204 1838; x_wconf 81' lang='grc' dir='ltr'>τῷ</span> <span class='ocrx_word' id='word_1_419' title='bbox 2263 1765 2548 1840; x_wconf 83' lang='grc' dir='ltr'>Ῥωμαίων</span> <span class='ocrx_word' id='word_1_420' title='bbox 2609 1766 2891 1840; x_wconf 85' lang='grc' dir='ltr'>ἐπισκόπῳ</span> <span class='ocrx_word' id='word_1_421' title='bbox 2951 1770 3087 1841; x_wconf 64' lang='grc'>(45),</span> <span class='ocrx_word' id='word_1_422' title='bbox 3137 1767 3227 1822; x_wconf 84' lang='grc' dir='ltr'><strong>καὶ</strong></span> <span class='ocrx_word' id='word_1_423' title='bbox 3302 1769 3448 1844; x_wconf 82' lang='grc' dir='ltr'>τάχα</span> <span class='ocrx_word' id='word_1_424' title='bbox 3500 1769 3591 1822; x_wconf 86' lang='grc' dir='ltr'><strong>καὶ</strong></span> <span class='ocrx_word' id='word_1_425' title='bbox 3650 1769 3790 1841; x_wconf 85' lang='grc' dir='ltr'>πρὸς</span> 
     </span>
    </p>
   </div>
   <div class='ocr_carea' id='block_1_64' title="bbox 2043 1854 3783 1958">
    <p class='ocr_par' dir='ltr' id='par_1_64' title="bbox 2043 1854 3783 1958">
     <span class='ocr_line' id='line_1_64' title="bbox 2043 1854 3783 1958; baseline 0.001 -49"><span class='ocrx_word' id='word_1_426' title='bbox 2043 1892 2092 1958; x_wconf 83' lang='grc' dir='ltr'><strong>Β</strong></span> <span class='ocrx_word' id='word_1_427' title='bbox 2129 1855 2270 1928; x_wconf 75' lang='grc' dir='ltr'>ὑμᾶς</span> <span class='ocrx_word' id='word_1_428' title='bbox 2320 1854 2579 1930; x_wconf 80' lang='grc' dir='ltr'>ἔγραψαν.</span> <span class='ocrx_word' id='word_1_429' title='bbox 2611 1858 2699 1919; x_wconf 81' lang='grc' dir='ltr'>Ὡς</span> <span class='ocrx_word' id='word_1_430' title='bbox 2750 1855 2840 1911; x_wconf 84' lang='grc' dir='ltr'><strong>οῦν</strong></span> <span class='ocrx_word' id='word_1_431' title='bbox 2892 1856 2991 1911; x_wconf 83' lang='grc' dir='ltr'><strong>οὐκ</strong></span> <span class='ocrx_word' id='word_1_432' title='bbox 3049 1854 3377 1927; x_wconf 83' lang='grc' dir='ltr'>ἀνεκδίκητα</span> <span class='ocrx_word' id='word_1_433' title='bbox 3430 1858 3600 1912; x_wconf 81' lang='grc' dir='ltr'>ταῦτά</span> <span class='ocrx_word' id='word_1_434' title='bbox 3649 1856 3783 1928; x_wconf 83' lang='grc' dir='ltr'>ἐστι,</span> 
     </span>
    </p>
   </div>
   <div class='ocr_carea' id='block_1_65' title="bbox 2123 1945 3791 2022">
    <p class='ocr_par' dir='ltr' id='par_1_65' title="bbox 2123 1945 3791 2022">
     <span class='ocr_line' id='line_1_65' title="bbox 2123 1945 3791 2022; baseline 0.002 -25"><span class='ocrx_word' id='word_1_435' title='bbox 2123 1951 2384 2019; x_wconf 82' lang='grc' dir='ltr'>συνορᾶτε</span> <span class='ocrx_word' id='word_1_436' title='bbox 2431 1945 2520 2000; x_wconf 79' lang='grc' dir='ltr'><strong>καὶ</strong></span> <span class='ocrx_word' id='word_1_437' title='bbox 2574 1946 2751 2019; x_wconf 83' lang='grc' dir='ltr'>ὑμεῖς,</span> <span class='ocrx_word' id='word_1_438' title='bbox 2787 1945 3082 2021; x_wconf 84' lang='grc' dir='ltr'>ἀγαπητοί.</span> <span class='ocrx_word' id='word_1_439' title='bbox 3121 1948 3277 2000; x_wconf 85' lang='grc' dir='ltr'>Δεινά</span> <span class='ocrx_word' id='word_1_440' title='bbox 3325 1947 3428 2022; x_wconf 87' lang='grc' dir='ltr'><strong>γάρ</strong></span> <span class='ocrx_word' id='word_1_441' title='bbox 3479 1945 3570 2000; x_wconf 85' lang='grc' dir='ltr'><strong>καὶ</strong></span> <span class='ocrx_word' id='word_1_442' title='bbox 3617 1945 3791 2001; x_wconf 84' lang='grc' dir='ltr'>ἀλλό-</span> 
     </span>
    </p>
   </div>
   <div class='ocr_carea' id='block_1_66' title="bbox 2117 2032 3786 2108">
    <p class='ocr_par' dir='ltr' id='par_1_66' title="bbox 2117 2032 3786 2108">
     <span class='ocr_line' id='line_1_66' title="bbox 2117 2032 3786 2108; baseline 0.002 -21"><span class='ocrx_word' id='word_1_443' title='bbox 2117 2053 2242 2108; x_wconf 84' lang='grc' dir='ltr'>τρια</span> <span class='ocrx_word' id='word_1_444' title='bbox 2315 2034 2418 2103; x_wconf 73' lang='grc' dir='ltr'>τῆς</span> <span class='ocrx_word' id='word_1_445' title='bbox 2473 2037 2610 2090; x_wconf 82' lang='grc' dir='ltr'><strong>κατά</strong></span> <span class='ocrx_word' id='word_1_446' title='bbox 2674 2036 2902 2108; x_wconf 85' lang='grc' dir='ltr'>Χριστὸν</span> <span class='ocrx_word' id='word_1_447' title='bbox 2971 2032 3324 2098; x_wconf 81' lang='grc' dir='ltr'>διδασκαλίας</span> <span class='ocrx_word' id='word_1_448' title='bbox 3392 2034 3526 2095; x_wconf 82' lang='grc' dir='ltr'>ἐστί,</span> <span class='ocrx_word' id='word_1_449' title='bbox 3583 2036 3786 2091; x_wconf 80' lang='grc' dir='ltr'>Τούτου</span> 
     </span>
    </p>
   </div>
   <div class='ocr_carea' id='block_1_67' title="bbox 2120 2123 3784 2201">
    <p class='ocr_par' dir='ltr' id='par_1_67' title="bbox 2120 2123 3784 2201">
     <span class='ocr_line' id='line_1_67' title="bbox 2120 2123 3784 2201; baseline 0.002 -24"><span class='ocrx_word' id='word_1_450' title='bbox 2120 2127 2249 2198; x_wconf 85' lang='grc' dir='ltr'>γοῦν</span> <span class='ocrx_word' id='word_1_451' title='bbox 2331 2123 2498 2178; x_wconf 80' lang='grc' dir='ltr'>ἕνεκεν</span> <span class='ocrx_word' id='word_1_452' title='bbox 2596 2128 2753 2198; x_wconf 82' lang='grc' dir='ltr'>κοινῇ</span> <span class='ocrx_word' id='word_1_453' title='bbox 2836 2123 3179 2187; x_wconf 83' lang='grc' dir='ltr'>συνελθόντες</span> <span class='ocrx_word' id='word_1_454' title='bbox 3246 2124 3556 2201; x_wconf 75' lang='grc' dir='ltr'>ἐγράψαμεν</span> <span class='ocrx_word' id='word_1_455' title='bbox 3633 2127 3784 2199; x_wconf 82' lang='grc' dir='ltr'>ὑμῖν,</span> 
     </span>
    </p>
   </div>
   <div class='ocr_carea' id='block_1_68' title="bbox 2122 2212 3786 2288">
    <p class='ocr_par' dir='ltr' id='par_1_68' title="bbox 2122 2212 3786 2288">
     <span class='ocr_line' id='line_1_68' title="bbox 2122 2212 3786 2288; baseline 0.002 -21"><span class='ocrx_word' id='word_1_456' title='bbox 2122 2213 2394 2283; x_wconf 77' lang='grc' dir='ltr'>ἀξιοῦντες</span> <span class='ocrx_word' id='word_1_457' title='bbox 2446 2213 2597 2286; x_wconf 78' lang='grc' dir='ltr'>ὑμῶν</span> <span class='ocrx_word' id='word_1_458' title='bbox 2651 2215 2751 2283; x_wconf 78' lang='grc' dir='ltr'>τήν</span> <span class='ocrx_word' id='word_1_459' title='bbox 2805 2213 2855 2268; x_wconf 88' lang='grc' dir='ltr'><strong>ἐν</strong></span> <span class='ocrx_word' id='word_1_460' title='bbox 2909 2218 3127 2288; x_wconf 81' lang='grc' dir='ltr'>Χριστῷ</span> <span class='ocrx_word' id='word_1_461' title='bbox 3173 2213 3378 2269; x_wconf 86' lang='grc' dir='ltr'>σύνεσιν</span> <span class='ocrx_word' id='word_1_462' title='bbox 3430 2212 3786 2286; x_wconf 81' lang='grc' dir='ltr'>ἀποδέξασθαι</span> 
     </span>
    </p>
   </div>
   <div class='ocr_carea' id='block_1_69' title="bbox 2124 2302 3784 2379">
    <p class='ocr_par' dir='ltr' id='par_1_69' title="bbox 2124 2302 3784 2379">
     <span class='ocr_line' id='line_1_69' title="bbox 2124 2302 3784 2379; baseline 0.001 -22"><span class='ocrx_word' id='word_1_463' title='bbox 2124 2303 2218 2375; x_wconf 74' lang='grc' dir='ltr'>μὲν</span> <span class='ocrx_word' id='word_1_464' title='bbox 2250 2304 2350 2372; x_wconf 78' lang='grc' dir='ltr'>τὴν</span> <span class='ocrx_word' id='word_1_465' title='bbox 2399 2302 2704 2378; x_wconf 81' lang='grc' dir='ltr'>ὁμολογίαν</span> <span class='ocrx_word' id='word_1_466' title='bbox 2754 2302 2981 2377; x_wconf 89' lang='grc' dir='ltr'>ταύτην,</span> <span class='ocrx_word' id='word_1_467' title='bbox 3013 2304 3102 2358; x_wconf 81' lang='grc' dir='ltr'><strong>καὶ</strong></span> <span class='ocrx_word' id='word_1_468' title='bbox 3152 2302 3491 2379; x_wconf 76' lang='grc' dir='ltr'>συναλγῆσαι</span> <span class='ocrx_word' id='word_1_469' title='bbox 3536 2309 3616 2377; x_wconf 84' lang='grc' dir='ltr'>τῷ</span> <span class='ocrx_word' id='word_1_470' title='bbox 3665 2326 3784 2359; x_wconf 87' lang='grc' dir='ltr'>συν-</span> 
     </span>
    </p>
   </div>
   <div class='ocr_carea' id='block_1_70' title="bbox 2122 2391 3786 2467">
    <p class='ocr_par' dir='ltr' id='par_1_70' title="bbox 2122 2391 3786 2467">
     <span class='ocr_line' id='line_1_70' title="bbox 2122 2391 3786 2467; baseline 0.002 -23"><span class='ocrx_word' id='word_1_471' title='bbox 2122 2391 2404 2464; x_wconf 85' lang='grc' dir='ltr'>επισκόπῳ</span> <span class='ocrx_word' id='word_1_472' title='bbox 2467 2393 2628 2464; x_wconf 78' lang='grc' dir='ltr'>ἡμῶν</span> <span class='ocrx_word' id='word_1_473' title='bbox 2709 2393 3031 2465; x_wconf 84' lang='grc' dir='ltr'>Ἀθανασίῳ,</span> <span class='ocrx_word' id='word_1_474' title='bbox 3094 2392 3462 2467; x_wconf 84' lang='grc' dir='ltr'>ἀγανακτησαι</span> <span class='ocrx_word' id='word_1_475' title='bbox 3531 2391 3588 2448; x_wconf 77' lang='grc' dir='ltr'>δὲ</span> <span class='ocrx_word' id='word_1_476' title='bbox 3650 2397 3786 2449; x_wconf 87' lang='grc' dir='ltr'><strong>κατά</strong></span> 
     </span>
    </p>
   </div>
   <div class='ocr_carea' id='block_1_71' title="bbox 2117 2476 3781 2559">
    <p class='ocr_par' dir='ltr' id='par_1_71' title="bbox 2117 2476 3781 2559">
     <span class='ocr_line' id='line_1_71' title="bbox 2117 2476 3781 2559; baseline 0.002 -25"><span class='ocrx_word' id='word_1_477' title='bbox 2117 2484 2227 2535; x_wconf 80' lang='grc' dir='ltr'><strong>τῶν</strong></span> <span class='ocrx_word' id='word_1_478' title='bbox 2285 2482 2409 2557; x_wconf 86' lang='grc' dir='ltr'>περὶ</span> <span class='ocrx_word' id='word_1_479' title='bbox 2449 2476 2732 2550; x_wconf 78' lang='grc' dir='ltr'>Εύσέϐιον,</span> <span class='ocrx_word' id='word_1_480' title='bbox 2782 2486 2890 2536; x_wconf 82' lang='grc' dir='ltr'><strong>τῶν</strong></span> <span class='ocrx_word' id='word_1_481' title='bbox 2937 2483 3006 2536; x_wconf 83' lang='grc' dir='ltr'>τὰ</span> <span class='ocrx_word' id='word_1_482' title='bbox 3051 2487 3275 2538; x_wconf 87' lang='grc' dir='ltr'>τοιαῦτα</span> <span class='ocrx_word' id='word_1_483' title='bbox 3334 2481 3781 2559; x_wconf 77' lang='grc' dir='ltr'>ἐπιχειρούντων,</span> 
     </span>
    </p>
   </div>
   <div class='ocr_carea' id='block_1_72' title="bbox 2120 2571 3785 2646">
    <p class='ocr_par' dir='ltr' id='par_1_72' title="bbox 2120 2571 3785 2646">
     <span class='ocr_line' id='line_1_72' title="bbox 2120 2571 3785 2646; baseline 0.002 -22"><span class='ocrx_word' id='word_1_484' title='bbox 2120 2571 2258 2646; x_wconf 88' lang='grc' dir='ltr'>πρὸς</span> <span class='ocrx_word' id='word_1_485' title='bbox 2301 2571 2364 2625; x_wconf 82' lang='grc' dir='ltr'><strong>τὸ</strong></span> <span class='ocrx_word' id='word_1_486' title='bbox 2412 2572 2605 2644; x_wconf 87' lang='grc' dir='ltr'>μηκέτι</span> <span class='ocrx_word' id='word_1_487' title='bbox 2653 2572 2910 2642; x_wconf 84' lang='grc' dir='ltr'>τοιαύτην</span> <span class='ocrx_word' id='word_1_488' title='bbox 2959 2572 3147 2626; x_wconf 88' lang='grc' dir='ltr'>κακίαν</span> <span class='ocrx_word' id='word_1_489' title='bbox 3197 2571 3288 2627; x_wconf 85' lang='grc' dir='ltr'><strong>καὶ</strong></span> <span class='ocrx_word' id='word_1_490' title='bbox 3329 2572 3597 2646; x_wconf 87' lang='grc' dir='ltr'>πονηρίαν</span> <span class='ocrx_word' id='word_1_491' title='bbox 3648 2574 3785 2628; x_wconf 89' lang='grc' dir='ltr'><strong>κατά</strong></span> 
     </span>
    </p>
   </div>
   <div class='ocr_carea' id='block_1_73' title="bbox 2117 2657 3781 2737">
    <p class='ocr_par' dir='ltr' id='par_1_73' title="bbox 2117 2657 3781 2737">
     <span class='ocr_line' id='line_1_73' title="bbox 2117 2657 3781 2737; baseline 0.002 -24"><span class='ocrx_word' id='word_1_492' title='bbox 2117 2665 2219 2728; x_wconf 84' lang='grc' dir='ltr'>τῆς</span> <span class='ocrx_word' id='word_1_493' title='bbox 2268 2657 2597 2729; x_wconf 88' lang='grc' dir='ltr'>Ἐκκλησίας</span> <span class='ocrx_word' id='word_1_494' title='bbox 2679 2659 2926 2736; x_wconf 82' lang='grc' dir='ltr'>ἰσχύειν·</span> <span class='ocrx_word' id='word_1_495' title='bbox 2981 2661 3122 2734; x_wconf 77' lang='grc' dir='ltr'>ὑμᾶς</span> <span class='ocrx_word' id='word_1_496' title='bbox 3173 2662 3277 2737; x_wconf 78' lang='grc' dir='ltr'>γὰρ</span> <span class='ocrx_word' id='word_1_497' title='bbox 3340 2659 3586 2724; x_wconf 80' lang='grc' dir='ltr'>ἐκδίκους</span> <span class='ocrx_word' id='word_1_498' title='bbox 3645 2662 3781 2716; x_wconf 85' lang='grc' dir='ltr'><strong>κατά</strong></span> 
     </span>
    </p>
   </div>
   <div class='ocr_carea' id='block_1_74' title="bbox 2116 2747 3782 2825">
    <p class='ocr_par' dir='ltr' id='par_1_74' title="bbox 2116 2747 3782 2825">
     <span class='ocr_line' id='line_1_74' title="bbox 2116 2747 3782 2825; baseline 0.002 -22"><span class='ocrx_word' id='word_1_499' title='bbox 2116 2755 2221 2818; x_wconf 83' lang='grc' dir='ltr'>τῆς</span> <span class='ocrx_word' id='word_1_500' title='bbox 2261 2747 2522 2819; x_wconf 87' lang='grc' dir='ltr'>τοιαύτης</span> <span class='ocrx_word' id='word_1_501' title='bbox 2579 2747 2794 2812; x_wconf 82' lang='grc' dir='ltr'>ἀδικίας</span> <span class='ocrx_word' id='word_1_502' title='bbox 2848 2748 3275 2824; x_wconf 79' lang='grc' dir='ltr'>ἐπικαλούμεθα,</span> <span class='ocrx_word' id='word_1_503' title='bbox 3329 2751 3782 2825; x_wconf 70' lang='grc' dir='ltr'>ὑπομιμνήσκον-</span> 
     </span>
    </p>
   </div>
   <div class='ocr_carea' id='block_1_75' title="bbox 2116 2837 3780 2917">
    <p class='ocr_par' dir='ltr' id='par_1_75' title="bbox 2116 2837 3780 2917">
     <span class='ocr_line' id='line_1_75' title="bbox 2116 2837 3780 2917; baseline 0.002 -26"><span class='ocrx_word' id='word_1_504' title='bbox 2116 2859 2205 2900; x_wconf 88' lang='grc' dir='ltr'><strong>τες</strong></span> <span class='ocrx_word' id='word_1_505' title='bbox 2269 2839 2332 2894; x_wconf 86' lang='grc' dir='ltr'>τὸ</span> <span class='ocrx_word' id='word_1_506' title='bbox 2418 2837 2824 2894; x_wconf 86' lang='grc' dir='ltr'>ἀποστολικόν·</span> <span class='ocrx_word' id='word_1_507' title='bbox 2896 2840 3149 2915; x_wconf 78' lang='grc' dir='ltr'>Ἐξάρανε</span> <span class='ocrx_word' id='word_1_508' title='bbox 3230 2841 3321 2895; x_wconf 88' lang='grc' dir='ltr'><strong>τὸν</strong></span> <span class='ocrx_word' id='word_1_509' title='bbox 3402 2841 3642 2917; x_wconf 87' lang='grc' dir='ltr'>πονηρὸν</span> <span class='ocrx_word' id='word_1_510' title='bbox 3729 2841 3780 2912; x_wconf 82' lang='grc' dir='ltr'>ἐξ</span> 
     </span>
    </p>
   </div>
   <div class='ocr_carea' id='block_1_76' title="bbox 2122 2926 3781 3004">
    <p class='ocr_par' dir='ltr' id='par_1_76' title="bbox 2122 2926 3781 3004">
     <span class='ocr_line' id='line_1_76' title="bbox 2122 2926 3781 3004; baseline 0.002 -24"><span class='ocrx_word' id='word_1_511' title='bbox 2122 2926 2272 2999; x_wconf 83' lang='grc' dir='ltr'>ὑμῶν</span> <span class='ocrx_word' id='word_1_512' title='bbox 2353 2927 2549 2984; x_wconf 76' lang='grc' dir='ltr'>αὐτῶν.</span> <span class='ocrx_word' id='word_1_513' title='bbox 2605 2929 2829 3004; x_wconf 82' lang='grc' dir='ltr'>Πονηρά</span> <span class='ocrx_word' id='word_1_514' title='bbox 2885 2931 2990 3004; x_wconf 72' lang='grc' dir='ltr'><strong>γὰρ</strong></span> <span class='ocrx_word' id='word_1_515' title='bbox 3056 2927 3281 3000; x_wconf 79' lang='grc' dir='ltr'>ἀληθῶς</span> <span class='ocrx_word' id='word_1_516' title='bbox 3337 2931 3428 2984; x_wconf 84' lang='grc' dir='ltr'><strong>καὶ</strong></span> <span class='ocrx_word' id='word_1_517' title='bbox 3496 2929 3595 2984; x_wconf 77' lang='grc' dir='ltr'><strong>οὐκ</strong></span> <span class='ocrx_word' id='word_1_518' title='bbox 3661 2927 3781 3000; x_wconf 77' lang='grc' dir='ltr'>ἄξια</span> 
     </span>
    </p>
   </div>
   <div class='ocr_carea' id='block_1_77' title="bbox 2117 3016 3778 3093">
    <p class='ocr_par' dir='ltr' id='par_1_77' title="bbox 2117 3016 3778 3093">
     <span class='ocr_line' id='line_1_77' title="bbox 2117 3016 3778 3093; baseline 0.001 -24"><span class='ocrx_word' id='word_1_519' title='bbox 2117 3016 2404 3071; x_wconf 82' lang='grc' dir='ltr'>κοινωνίας</span> <span class='ocrx_word' id='word_1_520' title='bbox 2453 3018 2521 3071; x_wconf 72' lang='grc' dir='ltr'>τὰ</span> <span class='ocrx_word' id='word_1_521' title='bbox 2566 3019 2693 3086; x_wconf 85' lang='grc' dir='ltr'>παρ’</span> <span class='ocrx_word' id='word_1_522' title='bbox 2742 3017 2914 3073; x_wconf 77' lang='grc' dir='ltr'>αὐτῶν</span> <span class='ocrx_word' id='word_1_523' title='bbox 2980 3019 3344 3093; x_wconf 83' lang='grc' dir='ltr'>παραχθέντα.</span> <span class='ocrx_word' id='word_1_524' title='bbox 3396 3017 3600 3072; x_wconf 80' lang='grc' dir='ltr'>Οὐκοῦν</span> <span class='ocrx_word' id='word_1_525' title='bbox 3669 3039 3778 3090; x_wconf 86' lang='grc' dir='ltr'>μη-</span> 
     </span>
    </p>
   </div>
   <div class='ocr_carea' id='block_1_78' title="bbox 2117 3106 3776 3185">
    <p class='ocr_par' dir='ltr' id='par_1_78' title="bbox 2117 3106 3776 3185">
     <span class='ocr_line' id='line_1_78' title="bbox 2117 3106 3776 3185; baseline 0.001 -26"><span class='ocrx_word' id='word_1_526' title='bbox 2117 3107 2232 3160; x_wconf 91' lang='grc' dir='ltr'>κέτι</span> <span class='ocrx_word' id='word_1_527' title='bbox 2286 3106 2606 3181; x_wconf 86' lang='grc' dir='ltr'>προσέχετε,</span> <span class='ocrx_word' id='word_1_528' title='bbox 2637 3106 2734 3162; x_wconf 63' lang='grc' dir='ltr'>κᾶν</span> <span class='ocrx_word' id='word_1_529' title='bbox 2785 3106 2950 3162; x_wconf 83' lang='grc' dir='ltr'>πάλιν</span> <span class='ocrx_word' id='word_1_530' title='bbox 3005 3107 3128 3180; x_wconf 82' lang='grc' dir='ltr'>ὑμῖν</span> <span class='ocrx_word' id='word_1_531' title='bbox 3199 3108 3444 3185; x_wconf 77' lang='grc' dir='ltr'>γράφωσι</span> <span class='ocrx_word' id='word_1_532' title='bbox 3493 3107 3628 3161; x_wconf 83' lang='grc' dir='ltr'><strong>κατά</strong></span> <span class='ocrx_word' id='word_1_533' title='bbox 3677 3111 3776 3161; x_wconf 90' lang='grc' dir='ltr'><strong>τοῦ</strong></span> 
     </span>
    </p>
   </div>
   <div class='ocr_carea' id='block_1_79' title="bbox 2119 3193 3777 3272">
    <p class='ocr_par' dir='ltr' id='par_1_79' title="bbox 2119 3193 3777 3272">
     <span class='ocr_line' id='line_1_79' title="bbox 2119 3193 3777 3272; baseline 0 -22"><span class='ocrx_word' id='word_1_534' title='bbox 2119 3194 2414 3250; x_wconf 76' lang='grc' dir='ltr'>ἐπισκόπου</span> <span class='ocrx_word' id='word_1_535' title='bbox 2474 3196 2832 3251; x_wconf 78' lang='grc' dir='ltr'>Ἀθανασίουο</span> <span class='ocrx_word' id='word_1_536' title='bbox 2893 3197 3088 3270; x_wconf 86' lang='grc' dir='ltr'>(πάντα</span> <span class='ocrx_word' id='word_1_537' title='bbox 3143 3197 3246 3272; x_wconf 72' lang='grc' dir='ltr'>γὰρ</span> <span class='ocrx_word' id='word_1_538' title='bbox 3305 3193 3476 3270; x_wconf 81' lang='grc' dir='ltr'>ψευδῆ</span> <span class='ocrx_word' id='word_1_539' title='bbox 3531 3197 3602 3252; x_wconf 76' lang='grc' dir='ltr'>τὰ</span> <span class='ocrx_word' id='word_1_540' title='bbox 3648 3196 3777 3272; x_wconf 84' lang='grc' dir='ltr'>παρ’</span> 
     </span>
    </p>
   </div>
   <div class='ocr_carea' id='block_1_80' title="bbox 2109 3283 3777 3361">
    <p class='ocr_par' dir='ltr' id='par_1_80' title="bbox 2109 3283 3777 3361">
     <span class='ocr_line' id='line_1_80' title="bbox 2109 3283 3777 3361; baseline 0 -21"><span class='ocrx_word' id='word_1_541' title='bbox 2109 3284 2280 3340; x_wconf 76' lang='grc' dir='ltr'>αὐτῶν</span> <span class='ocrx_word' id='word_1_542' title='bbox 2404 3283 2533 3356; x_wconf 84' lang='grc' dir='ltr'>μηδ’</span> <span class='ocrx_word' id='word_1_543' title='bbox 2585 3286 2643 3340; x_wconf 79' lang='grc' dir='ltr'>ἂν</span> <span class='ocrx_word' id='word_1_544' title='bbox 2692 3285 2938 3360; x_wconf 83' lang='grc' dir='ltr'>ὀνόματα</span> <span class='ocrx_word' id='word_1_545' title='bbox 2987 3284 3044 3342; x_wconf 73' lang='grc' dir='ltr'><strong>δὲ</strong></span> <span class='ocrx_word' id='word_1_546' title='bbox 3093 3285 3401 3341; x_wconf 85' lang='grc' dir='ltr'>ἐπισκόπων</span> <span class='ocrx_word' id='word_1_547' title='bbox 3460 3284 3777 3361; x_wconf 71' lang='grc' dir='ltr'>Αἲγυπτίων</span> 
     </span>
    </p>
   </div>
   <div class='ocr_carea' id='block_1_81' title="bbox 2107 3373 3781 3451">
    <p class='ocr_par' dir='ltr' id='par_1_81' title="bbox 2107 3373 3781 3451">
     <span class='ocr_line' id='line_1_81' title="bbox 2107 3373 3781 3451; baseline 0 -22"><span class='ocrx_word' id='word_1_548' title='bbox 2107 3376 2222 3446; x_wconf 86' lang='grc'>(46)</span> <span class='ocrx_word' id='word_1_549' title='bbox 2264 3374 2674 3450; x_wconf 79' lang='grc' dir='ltr'>ἐγχαράττωσιν</span> <span class='ocrx_word' id='word_1_550' title='bbox 2726 3373 3066 3438; x_wconf 86' lang='grc' dir='ltr'>ἐπιστολαῖς.</span> <span class='ocrx_word' id='word_1_551' title='bbox 3121 3376 3300 3446; x_wconf 83' lang='grc' dir='ltr'>Δῆλον</span> <span class='ocrx_word' id='word_1_552' title='bbox 3351 3376 3480 3451; x_wconf 75' lang='grc' dir='ltr'>γὰρ,</span> <span class='ocrx_word' id='word_1_553' title='bbox 3532 3374 3614 3430; x_wconf 80' lang='grc' dir='ltr'><strong>ὅτι</strong></span> <span class='ocrx_word' id='word_1_554' title='bbox 3671 3373 3781 3449; x_wconf 79' lang='grc' dir='ltr'><strong>οὐχ</strong></span> 
     </span>
    </p>
   </div>
   <div class='ocr_carea' id='block_1_82' title="bbox 2109 3463 3772 3542">
    <p class='ocr_par' dir='ltr' id='par_1_82' title="bbox 2109 3463 3772 3542">
     <span class='ocr_line' id='line_1_82' title="bbox 2109 3463 3772 3542; baseline 0 -25"><span class='ocrx_word' id='word_1_555' title='bbox 2109 3465 2275 3535; x_wconf 77' lang='grc' dir='ltr'>ἡμεῖς</span> <span class='ocrx_word' id='word_1_556' title='bbox 2332 3463 2490 3536; x_wconf 87' lang='grc' dir='ltr'>ἐσμεν</span> <span class='ocrx_word' id='word_1_557' title='bbox 2539 3465 2591 3518; x_wconf 74' lang='grc' dir='ltr'><strong>οἱ</strong></span> <span class='ocrx_word' id='word_1_558' title='bbox 2639 3467 2961 3542; x_wconf 79' lang='grc' dir='ltr'>γράφοντες,</span> <span class='ocrx_word' id='word_1_559' title='bbox 3012 3463 3161 3520; x_wconf 85' lang='grc' dir='ltr'><strong>ἀλλά</strong></span> <span class='ocrx_word' id='word_1_560' title='bbox 3217 3463 3555 3536; x_wconf 84' lang='grc' dir='ltr'>Μελιτιανοὶ,</span> <span class='ocrx_word' id='word_1_561' title='bbox 3587 3465 3640 3518; x_wconf 79' lang='grc' dir='ltr'>οἱ</span> <span class='ocrx_word' id='word_1_562' title='bbox 3687 3463 3772 3518; x_wconf 82' lang='grc' dir='ltr'><strong>ἀεὶ</strong></span> 
     </span>
    </p>
   </div>
   <div class='ocr_carea' id='block_1_83' title="bbox 2110 3553 3776 3630">
    <p class='ocr_par' dir='ltr' id='par_1_83' title="bbox 2110 3553 3776 3630">
     <span class='ocr_line' id='line_1_83' title="bbox 2110 3553 3776 3630; baseline 0.002 -25"><span class='ocrx_word' id='word_1_563' title='bbox 2110 3553 2487 3628; x_wconf 80' lang='grc' dir='ltr'>σχισματικοὶ,</span> <span class='ocrx_word' id='word_1_564' title='bbox 2520 3555 2573 3608; x_wconf 78' lang='lat' dir='ltr'><strong>oi.</strong></span> <span class='ocrx_word' id='word_1_565' title='bbox 2602 3553 2690 3608; x_wconf 74' lang='grc' dir='ltr'><strong>καί</strong></span> <span class='ocrx_word' id='word_1_566' title='bbox 2726 3554 2891 3630; x_wconf 85' lang='grc' dir='ltr'>μέχρι</span> <span class='ocrx_word' id='word_1_567' title='bbox 2933 3559 3025 3609; x_wconf 89' lang='grc' dir='ltr'><strong>νῦν</strong></span> <span class='ocrx_word' id='word_1_568' title='bbox 3074 3556 3171 3618; x_wconf 71' lang='grc' dir='ltr'>τὰς</span> <span class='ocrx_word' id='word_1_569' title='bbox 3204 3553 3534 3624; x_wconf 86' lang='grc' dir='ltr'>Ἐκκλησίας</span> <span class='ocrx_word' id='word_1_570' title='bbox 3580 3553 3776 3629; x_wconf 81' lang='grc' dir='ltr'>ταράτ-</span> 
     </span>
    </p>
   </div>
   <div class='ocr_carea' id='block_1_84' title="bbox 2107 3640 3778 3720">
    <p class='ocr_par' dir='ltr' id='par_1_84' title="bbox 2107 3640 3778 3720">
     <span class='ocr_line' id='line_1_84' title="bbox 2107 3640 3778 3720; baseline 0.001 -24"><span class='ocrx_word' id='word_1_571' title='bbox 2107 3644 2320 3709; x_wconf 60' lang='grc' dir='ltr'>τοντες,</span> <span class='ocrx_word' id='word_1_572' title='bbox 2349 3642 2440 3696; x_wconf 84' lang='grc' dir='ltr'><strong>καὶ</strong></span> <span class='ocrx_word' id='word_1_573' title='bbox 2495 3643 2707 3706; x_wconf 86' lang='grc' dir='ltr'>στάσεις</span> <span class='ocrx_word' id='word_1_574' title='bbox 2758 3648 3056 3706; x_wconf 82' lang='grc' dir='ltr'>κινοῦντες.</span> <span class='ocrx_word' id='word_1_575' title='bbox 3088 3645 3450 3707; x_wconf 85' lang='grc' dir='ltr'>Καταστάσεις</span> <span class='ocrx_word' id='word_1_576' title='bbox 3500 3646 3604 3720; x_wconf 80' lang='grc' dir='ltr'>γὰρ</span> <span class='ocrx_word' id='word_1_577' title='bbox 3651 3640 3778 3697; x_wconf 84' lang='grc' dir='ltr'>ἀλό-</span> 
     </span>
    </p>
   </div>
   <div class='ocr_carea' id='block_1_85' title="bbox 2109 3730 3781 3808">
    <p class='ocr_par' dir='ltr' id='par_1_85' title="bbox 2109 3730 3781 3808">
     <span class='ocr_line' id='line_1_85' title="bbox 2109 3730 3781 3808; baseline 0 -22"><span class='ocrx_word' id='word_1_578' title='bbox 2109 3753 2243 3806; x_wconf 89' lang='grc' dir='ltr'>γους</span> <span class='ocrx_word' id='word_1_579' title='bbox 2301 3731 2392 3785; x_wconf 85' lang='grc' dir='ltr'><strong>καὶ</strong></span> <span class='ocrx_word' id='word_1_580' title='bbox 2451 3730 2646 3808; x_wconf 80' lang='grc' dir='ltr'>σχεδὸν</span> <span class='ocrx_word' id='word_1_581' title='bbox 2705 3732 2926 3788; x_wconf 68' lang='grc' dir='ltr'>ἐθνικῶν</span> <span class='ocrx_word' id='word_1_582' title='bbox 3000 3739 3322 3789; x_wconf 78' lang='grc' dir='ltr'>ποιοῦνταιο</span> <span class='ocrx_word' id='word_1_583' title='bbox 3391 3733 3482 3789; x_wconf 90' lang='grc' dir='ltr'><strong>καὶ</strong></span> <span class='ocrx_word' id='word_1_584' title='bbox 3555 3737 3781 3788; x_wconf 86' lang='grc' dir='ltr'>τοιαῦτα</span> 
     </span>
    </p>
   </div>
   <div class='ocr_carea' id='block_1_86' title="bbox 2111 3818 3780 3902">
    <p class='ocr_par' dir='ltr' id='par_1_86' title="bbox 2111 3818 3780 3902">
     <span class='ocr_line' id='line_1_86' title="bbox 2111 3818 3780 3902; baseline 0.001 -27"><span class='ocrx_word' id='word_1_585' title='bbox 2111 3818 2460 3894; x_wconf 84' lang='grc' dir='ltr'>πράττουσιν,</span> <span class='ocrx_word' id='word_1_586' title='bbox 2513 3821 2547 3875; x_wconf 75' lang='grc' dir='ltr'>ἃ</span> <span class='ocrx_word' id='word_1_587' title='bbox 2616 3820 3012 3896; x_wconf 86' lang='grc' dir='ltr'>δυσωπούμεθα</span> <span class='ocrx_word' id='word_1_588' title='bbox 3075 3825 3168 3897; x_wconf 73' lang='grc' dir='ltr'><strong>μὲν</strong></span> <span class='ocrx_word' id='word_1_589' title='bbox 3253 3825 3495 3902; x_wconf 83' lang='grc' dir='ltr'>γράφειν,</span> <span class='ocrx_word' id='word_1_590' title='bbox 3556 3819 3780 3876; x_wconf 90' lang='grc' dir='ltr'>δύνασθε</span> 
     </span>
    </p>
   </div>
   <div class='ocr_carea' id='block_1_87' title="bbox 2113 3908 3776 3988">
    <p class='ocr_par' dir='ltr' id='par_1_87' title="bbox 2113 3908 3776 3988">
     <span class='ocr_line' id='line_1_87' title="bbox 2113 3908 3776 3988; baseline 0.001 -25"><span class='ocrx_word' id='word_1_591' title='bbox 2113 3908 2171 3964; x_wconf 71' lang='grc' dir='ltr'>δὲ</span> <span class='ocrx_word' id='word_1_592' title='bbox 2223 3912 2406 3982; x_wconf 86' lang='grc' dir='ltr'>μαθεῖν</span> <span class='ocrx_word' id='word_1_593' title='bbox 2462 3911 2610 3986; x_wconf 84' lang='grc' dir='ltr'><strong>παρά</strong></span> <span class='ocrx_word' id='word_1_594' title='bbox 2657 3916 2766 3966; x_wconf 77' lang='grc' dir='ltr'><strong>τῶν</strong></span> <span class='ocrx_word' id='word_1_595' title='bbox 2822 3910 3237 3967; x_wconf 85' lang='grc' dir='ltr'>ἀποσταλέντων</span> <span class='ocrx_word' id='word_1_596' title='bbox 3287 3913 3415 3988; x_wconf 88' lang='grc' dir='ltr'>παρ’</span> <span class='ocrx_word' id='word_1_597' title='bbox 3454 3914 3637 3985; x_wconf 79' lang='grc' dir='ltr'>ἡμῶν,</span> <span class='ocrx_word' id='word_1_598' title='bbox 3669 3915 3776 3966; x_wconf 82' lang='grc' dir='ltr'><strong>τῶν</strong></span> 
     </span>
    </p>
   </div>
   <div class='ocr_carea' id='block_1_88' title="bbox 2111 3997 3393 4073">
    <p class='ocr_par' dir='ltr' id='par_1_88' title="bbox 2111 3997 3393 4073">
     <span class='ocr_line' id='line_1_88' title="bbox 2111 3997 3393 4073; baseline 0.002 -19"><span class='ocrx_word' id='word_1_599' title='bbox 2111 3998 2201 4054; x_wconf 84' lang='grc' dir='ltr'><strong>καὶ</strong></span> <span class='ocrx_word' id='word_1_600' title='bbox 2233 4001 2333 4069; x_wconf 79' lang='grc' dir='ltr'>τήν</span> <span class='ocrx_word' id='word_1_601' title='bbox 2369 3997 2664 4069; x_wconf 70' lang='grc' dir='ltr'>ἐπιστολήν</span> <span class='ocrx_word' id='word_1_602' title='bbox 2701 4001 2828 4073; x_wconf 83' lang='grc' dir='ltr'>ὑμῖν</span> <span class='ocrx_word' id='word_1_603' title='bbox 2847 3998 3226 4061; x_wconf 81' lang='grc' dir='ltr'>,ἀποδιδόντων</span> <span class='ocrx_word' id='word_1_604' title='bbox 3261 4002 3393 4073; x_wconf 77' lang='grc'>(48).</span> 
     </span>
    </p>
   </div>
   <div class='ocr_carea' id='block_1_89' title="bbox 2182 4086 3782 4164">
    <p class='ocr_par' dir='ltr' id='par_1_89' title="bbox 2182 4086 3782 4164">
     <span class='ocr_line' id='line_1_89' title="bbox 2182 4086 3782 4164; baseline -0.001 -19"><span class='ocrx_word' id='word_1_605' title='bbox 2182 4093 2275 4146; x_wconf 83' lang='lat'><strong>20.</strong></span> <span class='ocrx_word' id='word_1_606' title='bbox 2306 4094 2483 4143; x_wconf 84' lang='grc' dir='ltr'>Ταῦτα</span> <span class='ocrx_word' id='word_1_607' title='bbox 2546 4089 2640 4162; x_wconf 71' lang='grc' dir='ltr'>μὲν</span> <span class='ocrx_word' id='word_1_608' title='bbox 2701 4091 2755 4143; x_wconf 74' lang='grc' dir='ltr'><strong>οἱ</strong></span> <span class='ocrx_word' id='word_1_609' title='bbox 2811 4089 2916 4144; x_wconf 83' lang='grc' dir='ltr'><strong>ἀπὸ</strong></span> <span class='ocrx_word' id='word_1_610' title='bbox 2972 4096 3074 4160; x_wconf 78' lang='grc' dir='ltr'>τῆς</span> <span class='ocrx_word' id='word_1_611' title='bbox 3131 4087 3413 4164; x_wconf 83' lang='grc' dir='ltr'>Αἰγύπτου</span> <span class='ocrx_word' id='word_1_612' title='bbox 3472 4090 3608 4164; x_wconf 88' lang='grc' dir='ltr'>πρὸς</span> <span class='ocrx_word' id='word_1_613' title='bbox 3640 4086 3782 4144; x_wconf 81' lang='grc' dir='ltr'>πάν-</span> 
     </span>
    </p>
   </div>
   <div class='ocr_carea' id='block_1_90' title="bbox 2113 4175 3778 4253">
    <p class='ocr_par' dir='ltr' id='par_1_90' title="bbox 2113 4175 3778 4253">
     <span class='ocr_line' id='line_1_90' title="bbox 2113 4175 3778 4253; baseline 0.001 -23"><span class='ocrx_word' id='word_1_614' title='bbox 2113 4197 2230 4248; x_wconf 87' lang='grc' dir='ltr'>τας,</span> <span class='ocrx_word' id='word_1_615' title='bbox 2263 4179 2354 4232; x_wconf 80' lang='grc' dir='ltr'><strong>καὶ</strong></span> <span class='ocrx_word' id='word_1_616' title='bbox 2411 4178 2548 4253; x_wconf 86' lang='grc' dir='ltr'>πρὸς</span> <span class='ocrx_word' id='word_1_617' title='bbox 2596 4175 2828 4233; x_wconf 88' lang='grc' dir='ltr'>Ἰούλιον</span> <span class='ocrx_word' id='word_1_618' title='bbox 2877 4178 2969 4233; x_wconf 90' lang='grc' dir='ltr'><strong>τὸν</strong></span> <span class='ocrx_word' id='word_1_619' title='bbox 3021 4177 3313 4233; x_wconf 83' lang='grc' dir='ltr'>ἐπίσκοπον</span> <span class='ocrx_word' id='word_1_620' title='bbox 3358 4183 3458 4248; x_wconf 76' lang='grc' dir='ltr'><strong>τῆς</strong></span> <span class='ocrx_word' id='word_1_621' title='bbox 3516 4179 3778 4252; x_wconf 80' lang='grc' dir='ltr'>Ῥώμηςο</span> 
     </span>
    </p>
   </div>
   <div class='ocr_carea' id='block_1_91' title="bbox 2114 4261 3780 4343">
    <p class='ocr_par' dir='ltr' id='par_1_91' title="bbox 2114 4261 3780 4343">
     <span class='ocr_line' id='line_1_91' title="bbox 2114 4261 3780 4343; baseline -0.001 -22"><span class='ocrx_word' id='word_1_622' title='bbox 2114 4267 2205 4321; x_wconf 82' lang='grc' dir='ltr'><strong>καὶ</strong></span> <span class='ocrx_word' id='word_1_623' title='bbox 2237 4267 2289 4320; x_wconf 75' lang='grc' dir='ltr'>οἱ</span> <span class='ocrx_word' id='word_1_624' title='bbox 2319 4265 2444 4342; x_wconf 78' lang='grc' dir='ltr'>περί</span> <span class='ocrx_word' id='word_1_625' title='bbox 2477 4261 2732 4322; x_wconf 77' lang='grc' dir='ltr'>Εύσέϐιον</span> <span class='ocrx_word' id='word_1_626' title='bbox 2787 4264 2845 4322; x_wconf 77' lang='grc' dir='ltr'><strong>δὲ</strong></span> <span class='ocrx_word' id='word_1_627' title='bbox 2891 4267 3028 4343; x_wconf 87' lang='grc' dir='ltr'>πρὸς</span> <span class='ocrx_word' id='word_1_628' title='bbox 3077 4265 3306 4322; x_wconf 90' lang='grc' dir='ltr'>Ἰούλιον</span> <span class='ocrx_word' id='word_1_629' title='bbox 3356 4264 3592 4342; x_wconf 75' lang='grc' dir='ltr'>ἔγραψαν</span> <span class='ocrx_word' id='word_1_630' title='bbox 3625 4289 3637 4302; x_wconf 79' lang='grc' dir='ltr'><strong>ο</strong></span> <span class='ocrx_word' id='word_1_631' title='bbox 3689 4267 3780 4321; x_wconf 81' lang='grc' dir='ltr'><strong>καὶ</strong></span> 
     </span>
    </p>
   </div>
   <div class='ocr_carea' id='block_1_92' title="bbox 2115 4351 3776 4432">
    <p class='ocr_par' dir='ltr' id='par_1_92' title="bbox 2115 4351 3776 4432">
     <span class='ocr_line' id='line_1_92' title="bbox 2115 4351 3776 4432; baseline 0 -24"><span class='ocrx_word' id='word_1_632' title='bbox 2115 4355 2436 4428; x_wconf 86' lang='grc' dir='ltr'>νομίζοντες</span> <span class='ocrx_word' id='word_1_633' title='bbox 2469 4358 2619 4428; x_wconf 77' lang='grc' dir='ltr'>ἡμᾶς</span> <span class='ocrx_word' id='word_1_634' title='bbox 2652 4351 2920 4432; x_wconf 77' lang='grc' dir='ltr'>ἐκφοϐεῖν,</span> <span class='ocrx_word' id='word_1_635' title='bbox 2954 4355 3190 4428; x_wconf 78' lang='grc' dir='ltr'>ἠξίωσαν</span> <span class='ocrx_word' id='word_1_636' title='bbox 3250 4354 3473 4411; x_wconf 87' lang='grc' dir='ltr'>σύνοδον</span> <span class='ocrx_word' id='word_1_637' title='bbox 3530 4354 3776 4427; x_wconf 88' lang='grc' dir='ltr'>καλέσαι,</span> 
     </span>
    </p>
   </div>
   <div class='ocr_carea' id='block_1_93' title="bbox 2115 4443 3776 4522">
    <p class='ocr_par' dir='ltr' id='par_1_93' title="bbox 2115 4443 3776 4522">
     <span class='ocr_line' id='line_1_93' title="bbox 2115 4443 3776 4522; baseline 0.001 -24"><span class='ocrx_word' id='word_1_638' title='bbox 2115 4445 2204 4498; x_wconf 81' lang='grc' dir='ltr'><strong>καὶ</strong></span> <span class='ocrx_word' id='word_1_639' title='bbox 2258 4443 2417 4499; x_wconf 80' lang='grc' dir='ltr'>αὐτὸν</span> <span class='ocrx_word' id='word_1_640' title='bbox 2479 4443 2736 4514; x_wconf 86' lang='grc' dir='ltr'>Ἰούλιον,</span> <span class='ocrx_word' id='word_1_641' title='bbox 2801 4447 2846 4500; x_wconf 86' lang='grc' dir='ltr'>εἰ</span> <span class='ocrx_word' id='word_1_642' title='bbox 2909 4444 3194 4520; x_wconf 89' lang='grc' dir='ltr'>βούλοιτο,</span> <span class='ocrx_word' id='word_1_643' title='bbox 3254 4447 3446 4522; x_wconf 85' lang='grc' dir='ltr'>κριτήν</span> <span class='ocrx_word' id='word_1_644' title='bbox 3513 4444 3776 4520; x_wconf 86' lang='grc' dir='ltr'>γενέσθαι.</span> 
     </span>
    </p>
   </div>
   <div class='ocr_carea' id='block_1_94' title="bbox 2115 4531 3775 4608">
    <p class='ocr_par' dir='ltr' id='par_1_94' title="bbox 2115 4531 3775 4608">
     <span class='ocr_line' id='line_1_94' title="bbox 2115 4531 3775 4608; baseline -0.002 -19"><span class='ocrx_word' id='word_1_645' title='bbox 2115 4535 2301 4606; x_wconf 81' lang='grc' dir='ltr'><strong>Ἡμῶν</strong></span> <span class='ocrx_word' id='word_1_646' title='bbox 2343 4533 2522 4589; x_wconf 87' lang='grc' dir='ltr'>τοίνυν</span> <span class='ocrx_word' id='word_1_647' title='bbox 2592 4534 2924 4590; x_wconf 85' lang='grc' dir='ltr'>ἀνελθόντων</span> <span class='ocrx_word' id='word_1_648' title='bbox 2973 4537 3051 4598; x_wconf 81' lang='grc' dir='ltr'>εἷς</span> <span class='ocrx_word' id='word_1_649' title='bbox 3090 4537 3190 4605; x_wconf 72' lang='grc' dir='ltr'>τήν</span> <span class='ocrx_word' id='word_1_650' title='bbox 3241 4536 3485 4608; x_wconf 78' lang='grc' dir='ltr'>Ῥώμην,</span> <span class='ocrx_word' id='word_1_651' title='bbox 3546 4531 3775 4608; x_wconf 78' lang='grc' dir='ltr'>ἔγραψεν</span> 
     </span>
    </p>
   </div>
   <div class='ocr_carea' id='block_1_95' title="bbox 351 4616 2011 4701">
    <p class='ocr_par' dir='ltr' id='par_1_95' title="bbox 351 4616 2006 4701">
     <span class='ocr_line' id='line_1_95' title="bbox 351 4616 2006 4701; baseline 0.01 -32"><span class='ocrx_word' id='word_1_652' title='bbox 351 4621 494 4684; x_wconf 85' lang='lat' dir='ltr'><strong>erat,</strong></span> <span class='ocrx_word' id='word_1_653' title='bbox 513 4616 740 4676; x_wconf 89' lang='lat' dir='ltr'><strong>litteras</strong></span> <span class='ocrx_word' id='word_1_654' title='bbox 763 4622 1000 4694; x_wconf 90' lang='lat' dir='ltr'><strong>scripsit</strong></span> <span class='ocrx_word' id='word_1_655' title='bbox 1030 4625 1102 4679; x_wconf 87' lang='lat' dir='ltr'><strong>ad</strong></span> <span class='ocrx_word' id='word_1_656' title='bbox 1132 4625 1514 4696; x_wconf 87' lang='lat' dir='ltr'><strong>Eusebianos,</strong></span> <span class='ocrx_word' id='word_1_657' title='bbox 1549 4628 1827 4701; x_wconf 89' lang='lat' dir='ltr'><strong>misitque</strong></span> <span class='ocrx_word' id='word_1_658' title='bbox 1858 4630 2006 4686; x_wconf 91' lang='lat' dir='ltr'><strong>duos</strong></span> 
     </span>
    </p>
   </div>
   <div class='ocr_carea' id='block_1_96' title="bbox 2123 4616 3778 4701">
    <p class='ocr_par' dir='ltr' id='par_1_96' title="bbox 2123 4619 3778 4701">
     <span class='ocr_line' id='line_1_96' title="bbox 2123 4619 3778 4701; baseline -0.002 -23"><span class='ocrx_word' id='word_1_659' title='bbox 2123 4623 2342 4686; x_wconf 78' lang='grc' dir='ltr'>εἰκότως</span> <span class='ocrx_word' id='word_1_660' title='bbox 2387 4622 2620 4686; x_wconf 85' lang='grc' dir='ltr'>Ἰούλιος</span> <span class='ocrx_word' id='word_1_661' title='bbox 2663 4624 2753 4678; x_wconf 87' lang='grc' dir='ltr'><strong>καὶ</strong></span> <span class='ocrx_word' id='word_1_662' title='bbox 2805 4624 2893 4680; x_wconf 82' lang='grc' dir='ltr'><strong>ἐπὶ</strong></span> <span class='ocrx_word' id='word_1_663' title='bbox 2936 4624 3064 4687; x_wconf 79' lang='grc' dir='ltr'>τοὺς</span> <span class='ocrx_word' id='word_1_664' title='bbox 3122 4624 3248 4701; x_wconf 80' lang='grc' dir='ltr'>περὶ</span> <span class='ocrx_word' id='word_1_665' title='bbox 3305 4619 3585 4693; x_wconf 75' lang='grc' dir='ltr'>Εὗσέϐιον,</span> <span class='ocrx_word' id='word_1_666' title='bbox 3642 4621 3778 4676; x_wconf 87' lang='grc' dir='ltr'>ἀπο-</span> 
     </span>
    </p>
   </div>
   <div class='ocr_carea' id='block_1_97' title="bbox 353 4709 2009 4785">
    <p class='ocr_par' dir='ltr' id='par_1_97' title="bbox 353 4709 2009 4785">
     <span class='ocr_line' id='line_1_97' title="bbox 353 4709 2009 4785; baseline 0.009 -25"><span class='ocrx_word' id='word_1_667' title='bbox 353 4721 386 4760; x_wconf 89' lang='lat' dir='ltr'><strong>e</strong></span> <span class='ocrx_word' id='word_1_668' title='bbox 408 4709 765 4780; x_wconf 83' lang='lat' dir='ltr'><strong>presbyteris</strong></span> <span class='ocrx_word' id='word_1_669' title='bbox 790 4714 915 4768; x_wconf 90' lang='lat' dir='ltr'><strong>suis</strong></span> <span class='ocrx_word' id='word_1_670' title='bbox 936 4712 1232 4785; x_wconf 90' lang='lat' dir='ltr'><strong>Elpidium</strong></span> <span class='ocrx_word' id='word_1_671' title='bbox 1254 4719 1312 4770; x_wconf 90' lang='lat' dir='ltr'><strong>et</strong></span> <span class='ocrx_word' id='word_1_672' title='bbox 1333 4715 1740 4773; x_wconf 87' lang='lat' dir='ltr'><strong>Philoxenum.</strong></span> <span class='ocrx_word' id='word_1_673' title='bbox 1765 4718 1853 4774; x_wconf 93' lang='lat' dir='ltr'><strong>Illi</strong></span> <span class='ocrx_word' id='word_1_674' title='bbox 1875 4736 2009 4775; x_wconf 91' lang='lat' dir='ltr'><strong>vero</strong></span> 
     </span>
    </p>
   </div>
   <div class='ocr_carea' id='block_1_98' title="bbox 354 4796 2014 4880">
    <p class='ocr_par' dir='ltr' id='par_1_98' title="bbox 354 4796 2014 4880">
     <span class='ocr_line' id='line_1_98' title="bbox 354 4796 2014 4880; baseline 0.008 -31"><span class='ocrx_word' id='word_1_675' title='bbox 354 4798 422 4850; x_wconf 87' lang='lat' dir='ltr'><strong>ut</strong></span> <span class='ocrx_word' id='word_1_676' title='bbox 444 4796 516 4851; x_wconf 90' lang='lat' dir='ltr'><strong>de</strong></span> <span class='ocrx_word' id='word_1_677' title='bbox 538 4802 736 4854; x_wconf 89' lang='lat' dir='ltr'><strong>nostro</strong></span> <span class='ocrx_word' id='word_1_678' title='bbox 759 4800 1008 4857; x_wconf 90' lang='lat' dir='ltr'><strong>adventu</strong></span> <span class='ocrx_word' id='word_1_679' title='bbox 1033 4802 1290 4869; x_wconf 90' lang='lat' dir='ltr'><strong>audiere,</strong></span> <span class='ocrx_word' id='word_1_680' title='bbox 1311 4809 1690 4874; x_wconf 89' lang='lat' dir='ltr'><strong>consternati,</strong></span> <span class='ocrx_word' id='word_1_681' title='bbox 1706 4809 1860 4880; x_wconf 92' lang='lat' dir='ltr'><strong>quod</strong></span> <span class='ocrx_word' id='word_1_682' title='bbox 1887 4809 2014 4864; x_wconf 87' lang='lat' dir='ltr'><strong>nul-</strong></span> 
     </span>
    </p>
   </div>
   <div class='ocr_carea' id='block_1_99' title="bbox 354 4882 2013 4966">
    <p class='ocr_par' dir='ltr' id='par_1_99' title="bbox 354 4882 2013 4966">
     <span class='ocr_line' id='line_1_99' title="bbox 354 4882 2013 4966; baseline 0.01 -29"><span class='ocrx_word' id='word_1_683' title='bbox 354 4882 588 4942; x_wconf 87' lang='lat' dir='ltr'><strong>latenus</strong></span> <span class='ocrx_word' id='word_1_684' title='bbox 636 4894 1042 4960; x_wconf 83' lang='lat' dir='ltr'><strong>exspectarent</strong></span> <span class='ocrx_word' id='word_1_685' title='bbox 1089 4909 1196 4949; x_wconf 89' lang='lat' dir='ltr'><strong>nos</strong></span> <span class='ocrx_word' id='word_1_686' title='bbox 1249 4893 1388 4949; x_wconf 92' lang='lat' dir='ltr'><strong>illuc</strong></span> <span class='ocrx_word' id='word_1_687' title='bbox 1419 4900 1712 4966; x_wconf 80' lang='lat' dir='ltr'><strong>venturos,</strong></span> <span class='ocrx_word' id='word_1_688' title='bbox 1740 4897 2013 4954; x_wconf 87' lang='lat' dir='ltr'><strong>accedere</strong></span> 
     </span>
    </p>
   </div>
   <div class='ocr_carea' id='block_1_100' title="bbox 427 4975 968 5046">
    <p class='ocr_par' dir='ltr' id='par_1_100' title="bbox 427 4975 968 5046">
     <span class='ocr_line' id='line_1_100' title="bbox 427 4975 968 5046; baseline 0.009 -15"><span class='ocrx_word' id='word_1_689' title='bbox 427 4975 541 5015; x_wconf 69' lang='grc' dir='ltr'>⁷⁶ο⁷⁶</span> <span class='ocrx_word' id='word_1_690' title='bbox 572 4977 594 5031; x_wconf 94' lang='grc' dir='ltr'><strong>Ι</strong></span> <span class='ocrx_word' id='word_1_691' title='bbox 624 4977 754 5033; x_wconf 89' lang='lat' dir='ltr'><strong>Cor.</strong></span> <span class='ocrx_word' id='word_1_692' title='bbox 788 4996 844 5046; x_wconf 91' lang='lat' dir='ltr'><strong>v,</strong></span> <span class='ocrx_word' id='word_1_693' title='bbox 879 4981 968 5036; x_wconf 91' lang='grc'><strong>13.</strong></span> 
     </span>
    </p>
   </div>
   <div class='ocr_carea' id='block_1_101' title="bbox 427 5082 2014 5164">
    <p class='ocr_par' dir='ltr' id='par_1_101' title="bbox 427 5082 2014 5164">
     <span class='ocr_line' id='line_1_101' title="bbox 427 5082 2014 5164; baseline 0.009 -28"><span class='ocrx_word' id='word_1_694' title='bbox 427 5082 540 5164; x_wconf 54' lang='lat'><strong>(4/3)</strong></span> <span class='ocrx_word' id='word_1_695' title='bbox 568 5083 800 5164; x_wconf 55' lang='lat' dir='ltr'><strong>Eistum</strong></span> <span class='ocrx_word' id='word_1_696' title='bbox 828 5085 1057 5164; x_wconf 67' lang='lat' dir='ltr'><strong>scilicet</strong></span> <span class='ocrx_word' id='word_1_697' title='bbox 1085 5089 1366 5164; x_wconf 65' lang='lat' dir='ltr'><strong>Arianum</strong></span> <span class='ocrx_word' id='word_1_698' title='bbox 1398 5091 1827 5164; x_wconf 84' lang='lat' dir='ltr'><strong>presbyterum,</strong></span> <span class='ocrx_word' id='word_1_699' title='bbox 1859 5111 1890 5149; x_wconf 92' lang='lat' dir='ltr'><strong>a</strong></span> <span class='ocrx_word' id='word_1_700' title='bbox 1917 5094 2014 5149; x_wconf 89' lang='lat' dir='ltr'><strong>Se-</strong></span> 
     </span>
    </p>
   </div>
   <div class='ocr_carea' id='block_1_102' title="bbox 356 5155 2012 5234">
    <p class='ocr_par' dir='ltr' id='par_1_102' title="bbox 356 5155 2012 5234">
     <span class='ocr_line' id='line_1_102' title="bbox 356 5155 2012 5234; baseline 0.007 -25"><span class='ocrx_word' id='word_1_701' title='bbox 356 5155 548 5234; x_wconf 77' lang='lat' dir='ltr'><strong>cundo</strong></span> <span class='ocrx_word' id='word_1_702' title='bbox 566 5156 933 5234; x_wconf 82' lang='lat' dir='ltr'><strong>Pentapolita</strong></span> <span class='ocrx_word' id='word_1_703' title='bbox 954 5155 1417 5217; x_wconf 81' lang='lat' dir='ltr'><strong>Eusebianorum</strong></span> <span class='ocrx_word' id='word_1_704' title='bbox 1433 5155 1632 5234; x_wconf 74' lang='lat' dir='ltr'><strong>jussu,</strong></span> <span class='ocrx_word' id='word_1_705' title='bbox 1649 5155 2012 5221; x_wconf 62' lang='lat' dir='ltr'><strong>Alexandria</strong></span> 
     </span>
    </p>
   </div>
   <div class='ocr_carea' id='block_1_103' title="bbox 356 5227 1091 5298">
    <p class='ocr_par' dir='ltr' id='par_1_103' title="bbox 356 5227 1091 5298">
     <span class='ocr_line' id='line_1_103' title="bbox 356 5227 1091 5298; baseline 0.003 -15"><span class='ocrx_word' id='word_1_706' title='bbox 356 5227 701 5298; x_wconf 86' lang='lat' dir='ltr'><strong>episcopum</strong></span> <span class='ocrx_word' id='word_1_707' title='bbox 733 5227 1091 5285; x_wconf 86' lang='lat' dir='ltr'><strong>ordinatum.</strong></span> 
     </span>
    </p>
   </div>
   <div class='ocr_carea' id='block_1_104' title="bbox 356 5297 2012 5433">
    <p class='ocr_par' dir='ltr' id='par_1_104' title="bbox 356 5297 2012 5433">
     <span class='ocr_line' id='line_1_104' title="bbox 429 5297 2012 5428; baseline 0.008 -76"><span class='ocrx_word' id='word_1_708' title='bbox 429 5297 543 5422; x_wconf 69' lang='grc' dir='ltr'>(ᾆὸ)</span> <span class='ocrx_word' id='word_1_709' title='bbox 561 5297 845 5380; x_wconf 69' lang='lat' dir='ltr'><strong>indicant</strong></span> <span class='ocrx_word' id='word_1_710' title='bbox 867 5303 1046 5428; x_wconf 54' lang='lat' dir='ltr'><strong>cCpisc.</strong></span> <span class='ocrx_word' id='word_1_711' title='bbox 1071 5303 1324 5384; x_wconf 55' lang='lat' dir='ltr'><strong>(Egyptii</strong></span> <span class='ocrx_word' id='word_1_712' title='bbox 1350 5303 1577 5387; x_wconf 73' lang='lat' dir='ltr'><strong>litteras</strong></span> <span class='ocrx_word' id='word_1_713' title='bbox 1608 5307 1680 5362; x_wconf 89' lang='lat' dir='ltr'><strong>ab</strong></span> <span class='ocrx_word' id='word_1_714' title='bbox 1704 5307 1914 5363; x_wconf 89' lang='lat' dir='ltr'><strong>Euseb.</strong></span> <span class='ocrx_word' id='word_1_715' title='bbox 1941 5309 2012 5364; x_wconf 86' lang='lat' dir='ltr'><strong>ad</strong></span> 
     </span>
     <span class='ocr_line' id='line_1_105' title="bbox 356 5367 2010 5433; baseline 0.006 -10"><span class='ocrx_word' id='word_1_716' title='bbox 356 5367 430 5423; x_wconf 87' lang='lat' dir='ltr'><strong>Ju</strong></span> <span class='ocrx_word' id='word_1_717' title='bbox 460 5387 581 5424; x_wconf 79' lang='lat' dir='ltr'><strong>ium</strong></span> <span class='ocrx_word' id='word_1_718' title='bbox 615 5388 850 5433; x_wconf 78' lang='lat' dir='ltr'><strong>missas.</strong></span> <span class='ocrx_word' id='word_1_719' title='bbox 925 5389 955 5428; x_wconf 89' lang='lat' dir='ltr'><strong>e</strong></span> <span class='ocrx_word' id='word_1_720' title='bbox 985 5375 1200 5433; x_wconf 77' lang='lat' dir='ltr'><strong>quibus</strong></span> <span class='ocrx_word' id='word_1_721' title='bbox 1247 5393 1397 5433; x_wconf 70' lang='lat' dir='ltr'><strong>saepe</strong></span> <span class='ocrx_word' id='word_1_722' title='bbox 1444 5395 1504 5431; x_wconf 88' lang='lat' dir='ltr'><strong>1n</strong></span> <span class='ocrx_word' id='word_1_723' title='bbox 1555 5377 1661 5433; x_wconf 91' lang='lat' dir='ltr'><strong>hac</strong></span> <span class='ocrx_word' id='word_1_724' title='bbox 1709 5379 2010 5433; x_wconf 66' lang='lat' dir='ltr'><strong>Apologia.</strong></span> 
     </span>
    </p>
   </div>
   <div class='ocr_carea' id='block_1_105' title="bbox 359 5391 2012 5536">
    <p class='ocr_par' dir='ltr' id='par_1_105' title="bbox 359 5391 2012 5536">
     <span class='ocr_line' id='line_1_106' title="bbox 359 5391 2010 5451; baseline 0.007 -28"><span class='ocrx_word' id='word_1_725' title='bbox 359 5391 581 5424; x_wconf 70' lang='lat' dir='ltr'><strong>auuum</strong></span> <span class='ocrx_word' id='word_1_726' title='bbox 615 5391 850 5439; x_wconf 78' lang='lat' dir='ltr'><strong>missas,</strong></span> <span class='ocrx_word' id='word_1_727' title='bbox 883 5391 955 5428; x_wconf 86' lang='lat' dir='ltr'><strong>ae</strong></span> <span class='ocrx_word' id='word_1_728' title='bbox 985 5391 1200 5446; x_wconf 81' lang='lat' dir='ltr'><strong>quibus</strong></span> <span class='ocrx_word' id='word_1_729' title='bbox 1247 5393 1397 5446; x_wconf 68' lang='lat' dir='ltr'><strong>saepe</strong></span> <span class='ocrx_word' id='word_1_730' title='bbox 1444 5395 1504 5431; x_wconf 87' lang='lat' dir='ltr'><strong>1n</strong></span> <span class='ocrx_word' id='word_1_731' title='bbox 1555 5391 1661 5433; x_wconf 81' lang='lat' dir='ltr'><strong>hac</strong></span> <span class='ocrx_word' id='word_1_732' title='bbox 1709 5391 2010 5451; x_wconf 82' lang='lat' dir='ltr'><strong>Apologia.</strong></span> 
     </span>
     <span class='ocr_line' id='line_1_107' title="bbox 359 5439 2012 5536; baseline 0.008 -43"><span class='ocrx_word' id='word_1_733' title='bbox 359 5439 510 5536; x_wconf 50' lang='lat' dir='ltr'><strong>Mcl):</strong></span> <span class='ocrx_word' id='word_1_734' title='bbox 547 5441 607 5496; x_wconf 90' lang='lat' dir='ltr'><strong>in</strong></span> <span class='ocrx_word' id='word_1_735' title='bbox 667 5443 844 5536; x_wconf 66' lang='lat' dir='ltr'><strong>Regio</strong></span> <span class='ocrx_word' id='word_1_736' title='bbox 878 5443 1020 5536; x_wconf 47' lang='grc' dir='ltr'>πρὸς</span> <span class='ocrx_word' id='word_1_737' title='bbox 1070 5447 1218 5516; x_wconf 71' lang='grc' dir='ltr'>ἡμᾶς</span> <span class='ocrx_word' id='word_1_738' title='bbox 1274 5448 1462 5519; x_wconf 89' lang='lat' dir='ltr'><strong>prima</strong></span> <span class='ocrx_word' id='word_1_739' title='bbox 1503 5466 1696 5536; x_wconf 44' lang='lat' dir='ltr'><strong>‘manu</strong></span> <span class='ocrx_word' id='word_1_740' title='bbox 1755 5451 2012 5536; x_wconf 72' lang='lat' dir='ltr'><strong>positum</strong></span> 
     </span>
    </p>
   </div>
   <div class='ocr_carea' id='block_1_106' title="bbox 357 5513 2010 5595">
    <p class='ocr_par' dir='ltr' id='par_1_106' title="bbox 357 5513 2010 5595">
     <span class='ocr_line' id='line_1_108' title="bbox 357 5513 2010 5595; baseline 0.006 -31"><span class='ocrx_word' id='word_1_741' title='bbox 357 5513 607 5595; x_wconf 66' lang='lat' dir='ltr'><strong>videtur,</strong></span> <span class='ocrx_word' id='word_1_742' title='bbox 642 5513 1002 5595; x_wconf 55' lang='lat' dir='ltr'><strong>sed—eadem</strong></span> <span class='ocrx_word' id='word_1_743' title='bbox 1062 5513 1239 5595; x_wconf 83' lang='lat' dir='ltr'><strong>manu</strong></span> <span class='ocrx_word' id='word_1_744' title='bbox 1274 5513 1621 5595; x_wconf 54' lang='lat' dir='ltr'><strong>&#39;correctum</strong></span> <span class='ocrx_word' id='word_1_745' title='bbox 1677 5513 1814 5595; x_wconf 70' lang='grc' dir='ltr'>πρὸς</span> <span class='ocrx_word' id='word_1_746' title='bbox 1869 5521 2010 5595; x_wconf 57' lang='lat' dir='ltr'><strong>cui;</strong></span> 
     </span>
    </p>
   </div>
   <div class='ocr_carea' id='block_1_107' title="bbox 361 5583 2013 5666">
    <p class='ocr_par' dir='ltr' id='par_1_107' title="bbox 361 5583 2013 5666">
     <span class='ocr_line' id='line_1_109' title="bbox 361 5583 2013 5666; baseline 0.007 -30"><span class='ocrx_word' id='word_1_747' title='bbox 361 5583 684 5666; x_wconf 34' lang='lat' dir='ltr'><strong>legiturhet</strong></span> <span class='ocrx_word' id='word_1_748' title='bbox 727 5587 846 5666; x_wconf 65' lang='lat' dir='ltr'><strong>haec</strong></span> <span class='ocrx_word' id='word_1_749' title='bbox 904 5593 991 5643; x_wconf 90' lang='lat' dir='ltr'><strong>est</strong></span> <span class='ocrx_word' id='word_1_750' title='bbox 1038 5606 1170 5666; x_wconf 78' lang='lat' dir='ltr'><strong>vera</strong></span> <span class='ocrx_word' id='word_1_751' title='bbox 1203 5590 1402 5666; x_wconf 82' lang='lat' dir='ltr'><strong>lectio;</strong></span> <span class='ocrx_word' id='word_1_752' title='bbox 1434 5592 1596 5666; x_wconf 85' lang='lat' dir='ltr'><strong>_licet</strong></span> <span class='ocrx_word' id='word_1_753' title='bbox 1650 5583 1856 5666; x_wconf 79' lang='lat' dir='ltr'><strong>omnes</strong></span> <span class='ocrx_word' id='word_1_754' title='bbox 1909 5583 2013 5666; x_wconf 76' lang='lat' dir='ltr'><strong>alii</strong></span> 
     </span>
    </p>
   </div>
   <div class='ocr_carea' id='block_1_108' title="bbox 361 5657 2016 5734">
    <p class='ocr_par' dir='ltr' id='par_1_108' title="bbox 361 5657 2016 5734">
     <span class='ocr_line' id='line_1_110' title="bbox 361 5657 2016 5734; baseline 0.006 -25"><span class='ocrx_word' id='word_1_755' title='bbox 361 5658 489 5734; x_wconf 84' lang='lat' dir='ltr'><strong>tum</strong></span> <span class='ocrx_word' id='word_1_756' title='bbox 533 5657 676 5734; x_wconf 67' lang='lat' dir='ltr'><strong>editi</strong></span> <span class='ocrx_word' id='word_1_757' title='bbox 725 5663 848 5713; x_wconf 89' lang='lat' dir='ltr'><strong>tum</strong></span> <span class='ocrx_word' id='word_1_758' title='bbox 875 5677 1047 5734; x_wconf 87' lang='lat' dir='ltr'><strong>_mss._</strong></span> <span class='ocrx_word' id='word_1_759' title='bbox 1077 5660 1214 5734; x_wconf 77' lang='grc' dir='ltr'>πρὸς</span> <span class='ocrx_word' id='word_1_760' title='bbox 1243 5663 1394 5728; x_wconf 77' lang='grc' dir='ltr'>ἡμᾶς</span> <span class='ocrx_word' id='word_1_761' title='bbox 1434 5662 1705 5720; x_wconf 89' lang='lat' dir='ltr'><strong>habeant.</strong></span> <span class='ocrx_word' id='word_1_762' title='bbox 1737 5665 1868 5720; x_wconf 83' lang='lat' dir='ltr'><strong>Mox</strong></span> <span class='ocrx_word' id='word_1_763' title='bbox 1915 5663 2016 5719; x_wconf 83' lang='grc' dir='ltr'><strong>ούκ</strong></span> 
     </span>
    </p>
   </div>
   <div class='ocr_carea' id='block_1_109' title="bbox 279 5725 2012 5808">
    <p class='ocr_par' dir='ltr' id='par_1_109' title="bbox 279 5725 2012 5808">
     <span class='ocr_line' id='line_1_111' title="bbox 279 5725 2012 5808; baseline 0.006 -25"><span class='ocrx_word' id='word_1_764' title='bbox 279 5751 281 5754; x_wconf 36' lang='grc'><em>⁴</em></span> <span class='ocrx_word' id='word_1_765' title='bbox 361 5729 496 5800; x_wconf 87' lang='lat' dir='ltr'><strong>post</strong></span> <span class='ocrx_word' id='word_1_766' title='bbox 523 5725 614 5782; x_wconf 83' lang='grc' dir='ltr'><strong>οὗν</strong></span> <span class='ocrx_word' id='word_1_767' title='bbox 645 5728 843 5786; x_wconf 88' lang='lat' dir='ltr'><strong>deerat</strong></span> <span class='ocrx_word' id='word_1_768' title='bbox 871 5730 930 5786; x_wconf 91' lang='lat' dir='ltr'><strong>in</strong></span> <span class='ocrx_word' id='word_1_769' title='bbox 961 5725 1155 5789; x_wconf 72' lang='lat' dir='ltr'><strong>editis.</strong></span> <span class='ocrx_word' id='word_1_770' title='bbox 1184 5725 1296 5790; x_wconf 83' lang='lat' dir='ltr'><strong>Sed</strong></span> <span class='ocrx_word' id='word_1_771' title='bbox 1326 5734 1388 5789; x_wconf 91' lang='lat' dir='ltr'><strong>in</strong></span> <span class='ocrx_word' id='word_1_772' title='bbox 1419 5735 1576 5808; x_wconf 82' lang='lat' dir='ltr'><strong>regio</strong></span> <span class='ocrx_word' id='word_1_773' title='bbox 1607 5741 1665 5792; x_wconf 86' lang='lat' dir='ltr'><strong>et</strong></span> <span class='ocrx_word' id='word_1_774' title='bbox 1695 5736 1873 5794; x_wconf 86' lang='lat' dir='ltr'><strong>Basil.</strong></span> <span class='ocrx_word' id='word_1_775' title='bbox 1906 5738 2012 5794; x_wconf 80' lang='lat' dir='ltr'><strong>ha-</strong></span> 
     </span>
    </p>
   </div>
   <div class='ocr_carea' id='block_1_110' title="bbox 2122 4709 3778 4790">
    <p class='ocr_par' dir='ltr' id='par_1_110' title="bbox 2122 4709 3778 4790">
     <span class='ocr_line' id='line_1_112' title="bbox 2122 4709 3778 4790; baseline -0.002 -23"><span class='ocrx_word' id='word_1_776' title='bbox 2122 4711 2340 4775; x_wconf 87' lang='grc' dir='ltr'>στείλας</span> <span class='ocrx_word' id='word_1_777' title='bbox 2387 4714 2479 4768; x_wconf 84' lang='grc' dir='ltr'><strong>καὶ</strong></span> <span class='ocrx_word' id='word_1_778' title='bbox 2525 4711 2619 4768; x_wconf 89' lang='grc' dir='ltr'><strong>δύο</strong></span> <span class='ocrx_word' id='word_1_779' title='bbox 2651 4709 3056 4790; x_wconf 74' lang='grc' dir='ltr'>πρεσϐυτέρους</span> <span class='ocrx_word' id='word_1_780' title='bbox 3103 4713 3318 4784; x_wconf 70' lang='grc' dir='ltr'>ἑαυτοῦ,</span> <span class='ocrx_word' id='word_1_781' title='bbox 3351 4709 3630 4768; x_wconf 84' lang='grc' dir='ltr'>Ἐλπίδιον</span> <span class='ocrx_word' id='word_1_782' title='bbox 3687 4709 3778 4765; x_wconf 82' lang='grc' dir='ltr'><strong>καὶ</strong></span> 
     </span>
    </p>
   </div>
   <div class='ocr_carea' id='block_1_111' title="bbox 2123 4799 3779 4877">
    <p class='ocr_par' dir='ltr' id='par_1_111' title="bbox 2123 4799 3779 4877">
     <span class='ocr_line' id='line_1_113' title="bbox 2123 4799 3779 4877; baseline -0.001 -21"><span class='ocrx_word' id='word_1_783' title='bbox 2123 4799 2434 4873; x_wconf 80' lang='grc' dir='ltr'>Φιλόξενον.</span> <span class='ocrx_word' id='word_1_784' title='bbox 2466 4807 2694 4857; x_wconf 84' lang='grc' dir='ltr'>Ἐκεῖνοι</span> <span class='ocrx_word' id='word_1_785' title='bbox 2747 4800 2824 4875; x_wconf 75' lang='grc' dir='ltr'>δὲ,</span> <span class='ocrx_word' id='word_1_786' title='bbox 2861 4802 3185 4865; x_wconf 84' lang='grc' dir='ltr'>ἀκούσαντες</span> <span class='ocrx_word' id='word_1_787' title='bbox 3233 4801 3359 4877; x_wconf 84' lang='grc' dir='ltr'>περὶ</span> <span class='ocrx_word' id='word_1_788' title='bbox 3415 4803 3602 4875; x_wconf 77' lang='grc' dir='ltr'>ἡμῶν,</span> <span class='ocrx_word' id='word_1_789' title='bbox 3663 4799 3779 4856; x_wconf 88' lang='grc' dir='ltr'>ἐτα-</span> 
     </span>
    </p>
   </div>
   <div class='ocr_carea' id='block_1_112' title="bbox 2124 4890 3777 4968">
    <p class='ocr_par' dir='ltr' id='par_1_112' title="bbox 2124 4890 3777 4968">
     <span class='ocr_line' id='line_1_114' title="bbox 2124 4890 3777 4968; baseline -0.002 -22"><span class='ocrx_word' id='word_1_790' title='bbox 2124 4893 2426 4967; x_wconf 87' lang='grc' dir='ltr'>ράχθησαν,</span> <span class='ocrx_word' id='word_1_791' title='bbox 2488 4892 2550 4946; x_wconf 84' lang='grc' dir='ltr'><strong>οὐ</strong></span> <span class='ocrx_word' id='word_1_792' title='bbox 2626 4890 3100 4968; x_wconf 84' lang='grc' dir='ltr'>προσδοκήσαντες</span> <span class='ocrx_word' id='word_1_793' title='bbox 3181 4894 3334 4966; x_wconf 77' lang='grc' dir='ltr'>ἡμᾶς</span> <span class='ocrx_word' id='word_1_794' title='bbox 3418 4891 3777 4966; x_wconf 84' lang='grc' dir='ltr'>ἀνέρχεσθαι·</span> 
     </span>
    </p>
   </div>
   <div class='ocr_carea' id='block_1_113' title="bbox 2123 5090 3746 5170">
    <p class='ocr_par' dir='ltr' id='par_1_113' title="bbox 2123 5090 3746 5170">
     <span class='ocr_line' id='line_1_115' title="bbox 2123 5090 3746 5170; baseline 0.006 -23"><span class='ocrx_word' id='word_1_795' title='bbox 2123 5093 2314 5170; x_wconf 72' lang='lat' dir='ltr'><strong>betur,</strong></span> <span class='ocrx_word' id='word_1_796' title='bbox 2346 5090 2728 5170; x_wconf 61' lang='lat' dir='ltr'><strong>Nanniusque</strong></span> <span class='ocrx_word' id='word_1_797' title='bbox 2755 5091 3060 5170; x_wconf 85' lang='lat' dir='ltr'><strong>expressit.</strong></span> <span class='ocrx_word' id='word_1_798' title='bbox 3468 5160 3478 5170; x_wconf 89' lang='lat'><em>_</em></span> <span class='ocrx_word' id='word_1_799' title='bbox 3663 5158 3703 5170; x_wconf 62' lang='grc' dir='ltr'><strong>η</strong></span> <span class='ocrx_word' id='word_1_800' title='bbox 3735 5158 3746 5170; x_wconf 72' lang='grc'><strong>,</strong></span> 
     </span>
    </p>
   </div>
   <div class='ocr_carea' id='block_1_114' title="bbox 2193 5158 3780 5236">
    <p class='ocr_par' dir='ltr' id='par_1_114' title="bbox 2193 5158 3780 5236">
     <span class='ocr_line' id='line_1_116' title="bbox 2193 5158 3780 5236; baseline -0.003 -19"><span class='ocrx_word' id='word_1_801' title='bbox 2193 5158 2310 5233; x_wconf 75' lang='grc'>(46)</span> <span class='ocrx_word' id='word_1_802' title='bbox 2356 5158 2799 5219; x_wconf 84' lang='lat' dir='ltr'><strong>Meletianorum</strong></span> <span class='ocrx_word' id='word_1_803' title='bbox 2827 5158 3277 5236; x_wconf 9' lang='lat' dir='ltr'><strong>&#39;repiscoporumﬁ</strong></span> <span class='ocrx_word' id='word_1_804' title='bbox 3319 5160 3564 5217; x_wconf 87' lang='lat' dir='ltr'><strong>nomina</strong></span> <span class='ocrx_word' id='word_1_805' title='bbox 3612 5158 3780 5216; x_wconf 89' lang='lat' dir='ltr'><strong>adhi-</strong></span> 
     </span>
    </p>
   </div>
   <div class='ocr_carea' id='block_1_115' title="bbox 2122 5235 3781 5316">
    <p class='ocr_par' dir='ltr' id='par_1_115' title="bbox 2122 5235 3781 5316">
     <span class='ocr_line' id='line_1_117' title="bbox 2122 5235 3781 5316; baseline -0.002 -26"><span class='ocrx_word' id='word_1_806' title='bbox 2122 5235 2259 5290; x_wconf 90' lang='lat' dir='ltr'><strong>bere</strong></span> <span class='ocrx_word' id='word_1_807' title='bbox 2321 5251 2449 5316; x_wconf 75' lang='lat' dir='ltr'><strong>mos</strong></span> <span class='ocrx_word' id='word_1_808' title='bbox 2504 5235 3163 5316; x_wconf 35' lang='lat' dir='ltr'><strong>erat__Eusebiar_iis,’_u_t</strong></span> <span class='ocrx_word' id='word_1_809' title='bbox 3214 5235 3527 5316; x_wconf 59' lang='lat' dir='ltr'><strong>@gyptum</strong></span> <span class='ocrx_word' id='word_1_810' title='bbox 3579 5247 3781 5316; x_wconf 64' lang='lat' dir='ltr'><strong>secum</strong></span> 
     </span>
    </p>
   </div>
   <div class='ocr_carea' id='block_1_116' title="bbox 2124 5304 3781 5378">
    <p class='ocr_par' dir='ltr' id='par_1_116' title="bbox 2124 5304 3781 5378">
     <span class='ocr_line' id='line_1_118' title="bbox 2124 5304 3781 5378; baseline -0.002 -17"><span class='ocrx_word' id='word_1_811' title='bbox 2124 5307 2453 5378; x_wconf 83' lang='lat' dir='ltr'><strong>consentire</strong></span> <span class='ocrx_word' id='word_1_812' title='bbox 2485 5305 2895 5363; x_wconf 89' lang='lat' dir='ltr'><strong>mentirentur.</strong></span> <span class='ocrx_word' id='word_1_813' title='bbox 2931 5308 3096 5375; x_wconf 89' lang='lat' dir='ltr'><strong>Quod</strong></span> <span class='ocrx_word' id='word_1_814' title='bbox 3126 5306 3187 5362; x_wconf 92' lang='lat' dir='ltr'><strong>in</strong></span> <span class='ocrx_word' id='word_1_815' title='bbox 3227 5304 3781 5378; x_wconf 76' lang='lat' dir='ltr'><strong>Philippopolitanis</strong></span> 
     </span>
    </p>
   </div>
   <div class='ocr_carea' id='block_1_117' title="bbox 2124 5377 3652 5450">
    <p class='ocr_par' dir='ltr' id='par_1_117' title="bbox 2124 5377 3652 5450">
     <span class='ocr_line' id='line_1_119' title="bbox 2124 5377 3652 5450; baseline -0.001 -17"><span class='ocrx_word' id='word_1_816' title='bbox 2124 5379 2279 5450; x_wconf 85' lang='lat' dir='ltr'><strong>apud</strong></span> <span class='ocrx_word' id='word_1_817' title='bbox 2313 5377 2597 5450; x_wconf 82' lang='lat' dir='ltr'><strong>Hilarium</strong></span> <span class='ocrx_word' id='word_1_818' title='bbox 2631 5379 3168 5450; x_wconf 89' lang='lat' dir='ltr'><strong>subscriptionibus</strong></span> <span class='ocrx_word' id='word_1_819' title='bbox 3198 5377 3652 5432; x_wconf 87' lang='lat' dir='ltr'><strong>animadvertas.</strong></span> 
     </span>
    </p>
   </div>
   <div class='ocr_carea' id='block_1_118' title="bbox 2195 5449 3512 5534">
    <p class='ocr_par' dir='ltr' id='par_1_118' title="bbox 2195 5449 3512 5534">
     <span class='ocr_line' id='line_1_120' title="bbox 2195 5449 3512 5534; baseline 0 -31"><span class='ocrx_word' id='word_1_820' title='bbox 2336 5449 2568 5534; x_wconf 46' lang='lat' dir='ltr'><strong>ﬁmcﬁab</strong></span> <span class='ocrx_word' id='word_1_821' title='bbox 2598 5449 2888 5534; x_wconf 31' lang='lat' dir='ltr'><strong>anno-.3110</strong></span> <span class='ocrx_word' id='word_1_822' title='bbox 2917 5453 2990 5506; x_wconf 92' lang='lat' dir='ltr'><strong>ad</strong></span> <span class='ocrx_word' id='word_1_823' title='bbox 3023 5452 3325 5534; x_wconf 42' lang='lat' dir='ltr'><strong>{342ngesta</strong></span> <span class='ocrx_word' id='word_1_824' title='bbox 3353 5453 3512 5534; x_wconf 67' lang='lat' dir='ltr'><strong>sunt.&lt;</strong></span> 
     </span>
    </p>
   </div>
   <div class='ocr_carea' id='block_1_119' title="bbox 2196 5515 3781 5593">
    <p class='ocr_par' dir='ltr' id='par_1_119' title="bbox 2196 5515 3781 5593">
     <span class='ocr_line' id='line_1_121' title="bbox 2196 5515 3781 5593; baseline -0.004 -15"><span class='ocrx_word' id='word_1_825' title='bbox 2196 5515 2424 5593; x_wconf 27' lang='lat' dir='ltr'><strong>(48)‘lt‘_a</strong></span> <span class='ocrx_word' id='word_1_826' title='bbox 2456 5521 2594 5593; x_wconf 73' lang='lat' dir='ltr'><strong>Reg.</strong></span> <span class='ocrx_word' id='word_1_827' title='bbox 2630 5522 2782 5593; x_wconf 84' lang='lat' dir='ltr'><strong>Editi</strong></span> <span class='ocrx_word' id='word_1_828' title='bbox 2828 5539 2962 5578; x_wconf 91' lang='lat' dir='ltr'><strong>vero</strong></span> <span class='ocrx_word' id='word_1_829' title='bbox 2992 5527 3049 5578; x_wconf 91' lang='lat' dir='ltr'><strong>et</strong></span> <span class='ocrx_word' id='word_1_830' title='bbox 3079 5515 3192 5577; x_wconf 70' lang='lat' dir='ltr'><strong>alii</strong></span> <span class='ocrx_word' id='word_1_831' title='bbox 3228 5536 3372 5576; x_wconf 90' lang='lat' dir='ltr'><strong>mss.</strong></span> <span class='ocrx_word' id='word_1_832' title='bbox 3407 5515 3781 5593; x_wconf 36' lang='grc' dir='ltr'>ἐπι-διδόντων.</span> 
     </span>
    </p>
   </div>
   <div class='ocr_carea' id='block_1_120' title="bbox 2125 5589 3782 5668">
    <p class='ocr_par' dir='ltr' id='par_1_120' title="bbox 2125 5589 3782 5668">
     <span class='ocr_line' id='line_1_122' title="bbox 2125 5589 3782 5668; baseline -0.002 -20"><span class='ocrx_word' id='word_1_833' title='bbox 2125 5589 2258 5668; x_wconf 47' lang='lat' dir='ltr'><strong>Most</strong></span> <span class='ocrx_word' id='word_1_834' title='bbox 2273 5589 2336 5668; x_wconf 63' lang='grc' dir='ltr'><strong>⁸οἳ.</strong></span> <span class='ocrx_word' id='word_1_835' title='bbox 2369 5589 2474 5645; x_wconf 72' lang='grc' dir='ltr'>ἀπὸ</span> <span class='ocrx_word' id='word_1_836' title='bbox 2502 5589 2602 5661; x_wconf 74' lang='grc' dir='ltr'><strong>τῆς</strong></span> <span class='ocrx_word' id='word_1_837' title='bbox 2648 5592 2949 5668; x_wconf 73' lang='grc' dir='ltr'>Δίγύπτου.</span> <span class='ocrx_word' id='word_1_838' title='bbox 2986 5596 3072 5650; x_wconf 77' lang='lat' dir='ltr'><strong>Ita</strong></span> <span class='ocrx_word' id='word_1_839' title='bbox 3099 5598 3240 5665; x_wconf 83' lang='lat' dir='ltr'><strong>Reg.</strong></span> <span class='ocrx_word' id='word_1_840' title='bbox 3277 5593 3338 5648; x_wconf 92' lang='lat' dir='ltr'><strong>In</strong></span> <span class='ocrx_word' id='word_1_841' title='bbox 3368 5591 3542 5648; x_wconf 82' lang='lat' dir='ltr'><strong>editis</strong></span> <span class='ocrx_word' id='word_1_842' title='bbox 3587 5595 3782 5648; x_wconf 88' lang='lat' dir='ltr'><strong>autem</strong></span> 
     </span>
    </p>
   </div>
   <div class='ocr_carea' id='block_1_121' title="bbox 2123 5663 2869 5734">
    <p class='ocr_par' dir='ltr' id='par_1_121' title="bbox 2123 5663 2869 5734">
     <span class='ocr_line' id='line_1_123' title="bbox 2123 5663 2869 5734; baseline 0.003 -14"><span class='ocrx_word' id='word_1_843' title='bbox 2123 5668 2182 5720; x_wconf 86' lang='lat' dir='ltr'><strong>et</strong></span> <span class='ocrx_word' id='word_1_844' title='bbox 2209 5663 2342 5720; x_wconf 86' lang='lat' dir='ltr'><strong>aliis</strong></span> <span class='ocrx_word' id='word_1_845' title='bbox 2373 5681 2514 5722; x_wconf 89' lang='lat' dir='ltr'><strong>mss.</strong></span> <span class='ocrx_word' id='word_1_846' title='bbox 2548 5670 2650 5734; x_wconf 85' lang='grc' dir='ltr'>τῆς</span> <span class='ocrx_word' id='word_1_847' title='bbox 2682 5663 2869 5722; x_wconf 83' lang='lat' dir='ltr'><strong>deest.</strong></span> 
     </span>
    </p>
   </div>
  </div>
