4178 6388
401 398 518 463 281

1532 392 1929 453 APOLOGIA
1973 391 2287 453 CONTRA
2336 394 2701 459 ARIANOS.

3707 407 3826 470 282

397 528 489 585 καί
550 528 958 604 παρῃτήσαντο,
1001 526 1299 603 προφάσεις
1346 524 1638 585 ἀπιθάνους
1686 524 2067 599 πορισάμενοι,

2193 533 2526 596 renuerunt,
2560 518 2845 587 absurdae
2877 550 3087 591 causas
3126 537 3464 608 commenti,
3498 543 3599 597 sed
3632 559 3830 601 revera

405 617 619 693 μᾶλλον
668 616 724 672 δὲ
773 612 1123 695 φοϐηθέντες,
1188 616 1261 687 μὴ
1310 614 1444 689 ἅπερ
1498 614 1548 667 οἱ
1606 612 1730 689 περὶ
1791 610 2065 667 Οὐάλεντα

401 708 493 763 καί
552 707 850 783 Ούρσάκιον
910 703 1284 779 ὡμολόγησαν
1329 705 1464 776 (49),
1496 707 1663 757 ταῦτα
1720 703 1836 756 κατ’
1890 701 2064 756 αὐτῶν

404 796 670 873 ἐλεγχθῇ.
728 796 930 850 Λοιπὸν
984 792 1072 849 οὖν
1137 792 1478 854 συνελθόντες
1556 792 1840 847 ἐπίσκοποι
1899 790 2065 846 πλέον

402 890 757 957 πεντήκοντα,
794 883 918 939 ἔνθα
964 883 1135 939 Βίτων
1189 885 1215 938 ὁ
1266 878 1629 958 πρεσϐύτερος
1664 889 1889 957 συνῆγεν
1933 884 2067 955 (50),

404 980 555 1050 ἡμᾶς
614 976 708 1050 μὲν
756 973 1241 1050 ἀπολογουμένους
1302 970 1645 1044 ἀπεδέξαντο,
1700 972 1789 1026 καὶ
1866 971 2070 1044 ἐκύρω-

406 1087 500 1121 σαν
553 1065 630 1128 εἷς
679 1066 869 1139 ἡμᾶς·
925 1066 1024 1134 τήν
1080 1083 1137 1117 τε
1179 1062 1471 1116 κοινωνίαν
1539 1061 1629 1115 καὶ
1678 1062 1777 1129 τὴν
1832 1061 2069 1136 ἀγάπην.

405 1156 816 1231 Ἠγανάκτησαν
874 1150 931 1208 δὲ
986 1153 1103 1206 κατ’
1137 1150 1377 1220 ἐκείνων,
1412 1150 1501 1205 καὶ
1560 1149 1797 1220 ἠξίωσαν
1840 1147 2069 1203 Ἰούλιον

406 1246 614 1321 γράψαι
649 1248 767 1305 τοῖς
816 1241 940 1318 περὶ
967 1236 1224 1296 Εὐσέϐιον
1274 1245 1464 1307 ταῦτα,
1496 1245 1611 1301 τοῖς
1666 1239 1756 1294 καὶ
1806 1240 2070 1314 γράψασιν

405 1334 590 1407 αὐτῷ·
651 1332 741 1387 καὶ
800 1326 1030 1408 ἔγραψεν
1090 1330 1273 1401 αὐτὸς,
1335 1329 1425 1385 καὶ
1476 1327 1763 1384 ἀπέστειλε
1823 1327 1913 1383 διὰ
1970 1335 2072 1383 Γα-

408 1420 596 1479 ϐιανοῦ
626 1426 725 1478 τοῦ
757 1420 1005 1495 κόμητος
1042 1423 1175 1495 (51).

826 1515 1173 1579 ΕΠΙΣΤΟΔῌ
1212 1513 1482 1565 IorAIor
1519 1511 1654 1583 (52).

480 1600 716 1665 Ἰούλιος
748 1598 927 1673 Δανίῳ
959 1601 1094 1674 (53),
1126 1598 1217 1655 καὶ
1270 1596 1600 1672 Φλακίλλῳ,
1635 1595 1947 1673 Ναρκίσσῳ,
1978 1595 2079 1651 Εὐ-

410 1687 599 1764 σεϐίῳ,
657 1692 825 1768 Μάρι,
879 1687 1221 1761 Μακεδονίῳ,
1277 1685 1567 1765 Θεοδώρω,
1618 1688 1709 1742 καὶ
1786 1692 1909 1749 τοῖς
1984 1684 2075 1740 σὺν

417 1780 603 1842 αὐτοῖς
647 1784 768 1841 τοῖς
818 1779 924 1834 ἀπὸ
956 1777 1299 1853 Ἀντιοχείας
1348 1778 1616 1853 γράψασιν
1669 1779 1831 1851 ἡμῖν,
1864 1777 2079 1852 ἀγαπη-

410 1874 531 1933 τοῖς
562 1866 846 1947 ἀδελφοῖς,
880 1866 932 1923 ἐν
967 1866 1151 1941 Κυρίῳ
1182 1867 1416 1943 χαίρειν.

484 1961 577 2016 21.
610 1959 880 2034 Ἀνὲγνων
928 1957 998 2013 τὰ
1040 1958 1340 2032 γράμματα
1380 1956 1448 2011 τά
1498 1953 1586 2010 διὰ
1635 1958 1741 2010 τῶν

412 2069 519 2123 ρων
559 2068 663 2121 μου
694 2044 982 2103 Ἐλπιδίου
1012 2046 1102 2101 καὶ
1136 2045 1435 2116 Φιλοξένου
1477 2045 1915 2119 ἀποκομισθέντα
1945 2044 2079 2117 (54),

409 2137 502 2192 καὶ
555 2135 849 2211 ἐθαύμασα,
899 2141 1018 2198 πῶς
1065 2138 1231 2209 ἡμεῖς
1286 2136 1378 2209 μὲν
1432 2135 1616 2209 ἀγάπῃ
1646 2134 1736 2188 καὶ
1785 2130 2085 2203 συνειδήσει

411 2224 673 2296 ἀληθείας
716 2225 1052 2301 ἐγράψαμεν,
1103 2224 1259 2297 ὑμεῖς
1312 2221 1369 2278 δὲ
1424 2225 1558 2297 μετά
1608 2222 2081 2301 φιλονεικιας,κοιὶ

427 2315 536 2391 οὐχ
610 2316 684 2377 ὡς
755 2313 1002 2388 ἔπρεπεν,
1056 2310 1420 2369 ἐπεστείλατε.
1502 2311 1777 2387 Υπεροψία
1834 2314 1937 2386 γὰρ
1992 2311 2082 2365 καὶ

424 2404 715 2474 ἀλαζονεία
770 2408 878 2458 τῶν
936 2401 1259 2479 γραψάντων
1317 2399 1406 2457 διά
1459 2408 1560 2471 τῆς
1611 2398 1906 2469 ἐπιστολῆς
1947 2398 2081 2455 ἐδεί-

424 2515 607 2549 κνυτο.
665 2495 841 2548 Ταῦτα
889 2489 947 2547 δὲ
995 2490 1265 2568 ἀλλότρια
1326 2497 1426 2560 τῆς
1479 2491 1530 2545 ἐν
1575 2495 1791 2565 Χριστῷ
1848 2490 2081 2552 πιστεώς

428 2582 593 2639 ἐστιν.
631 2580 776 2637 Ἔδει
809 2583 913 2658 γὰρ
942 2583 1011 2637 τά
1072 2582 1207 2656 μετὰ
1249 2580 1467 2656 ἀγάπης
1515 2580 1785 2657 γραφέντα
1816 2574 2081 2653 ,ἀμοιϐῆς

424 2681 526 2743 τῆς
560 2670 683 2741 ἴσης
726 2673 860 2746 μετά
890 2673 1107 2747 ἀγάπης
1143 2675 1355 2745 τυχεῖν,
1387 2670 1477 2725 καὶ
1533 2671 1608 2744 μὴ
1665 2670 1799 2744 μετά
1844 2666 2082 2746 φιλονει-

426 2760 568 2825 κίας.
619 2762 690 2819 ’Ἡ
739 2761 867 2838 οὐχὶ
915 2761 1131 2837 ἀγάπης
1183 2758 1294 2814 ἐστὶ
1354 2759 1640 2835 γνώρισμα
1684 2753 2084 2835 πρεσϐυτέρους

502 2890 613 2961 (49)
636 2886 1141 2961 Ηοῐιιειῑιωβγιιοάί
1164 2891 1425 2961 tempcre
1446 2887 1711 2961 nondum
1730 2885 2007 2961 Ursacius
2029 2888 2086 2941 et

430 2957 646 3016 Valens
676 2957 1005 3015 calumnias
1036 2976 1176 3016 suas
1206 2957 1458 3015 confessi
1492 2960 1754 3013 fuerant:
1782 2958 1884 3013 sed
1909 2957 2084 3012 Atha-

436 3032 589 3088 nasii
621 3033 741 3088 haec
771 3036 861 3087 est
891 3031 1181 3088 sententia
1204 3047 1217 3084 :
1250 3046 1319 3086 ne
1347 3030 1413 3085 de
1434 3030 1520 3085 his
1538 3029 1840 3085 Eusebz'ani
1857 3030 2082 3084 convin-

433 3113 710 3170 cerentur,
764 3118 890 3173 quae
952 3104 1209 3159 Ursacius
1274 3110 1325 3157 et
1378 3102 1567 3173 Valens
1615 3104 1795 3172 postea
1852 3102 2085 3171 confessi

430 3184 580 3230 sunt.
614 3175 732 3229 Hoc
766 3172 880 3229 non
912 3173 1196 3231 intellexit
1225 3177 1390 3228 vetus
1424 3172 1793 3243 interpretes,
1827 3173 1929 3243 qui
1951 3190 2083 3227 ver-

429 3248 521 3309 tit,
552 3247 795 3316 confessi
836 3249 1015 3316 erant.

1123 3314 1150 3367 ὁ
1228 3308 1594 3397 πρεσϐύτερος
1619 3318 1921 3397 ννσυνῆγεν,
1980 3329 2082 3397 φ.ιο
2114 3287 2157 3355 C

438 3385 557 3458 loco
592 3385 705 3443 Vito
733 3386 1020 3458 presbyter
1046 3394 1339 3458 conventus
1370 3385 1584 3458 agebat.
1618 3385 1721 3458 Hic
1752 3385 1897 3458 usus
1926 3385 2083 3458 vocis

431 3456 701 3530 συνάγειν,
733 3456 878 3530 alias
904 3473 1063 3530 saepe
1095 3456 1348 3530 occurrit
1377 3457 1532 3530 apud
1552 3457 1961 3530 Athanasium.
1987 3457 2082 3511 Sic

432 3528 679 3599 epistola
709 3528 1036 3601 Encyclica,
1070 3529 1208 3601 olim
1241 3529 1312 3582 ad
1360 3528 1723 3601 Orthodoxcs
1771 3528 2081 3601 inscripta,

433 3596 598 3673 num.
630 3602 686 3667 2,
749 3596 1083 3673 συναγόντων
1146 3600 1312 3671 ἠμῶγ
1371 3599 1615 3667 συνήθως
1657 3596 1709 3673 ἐν
1743 3596 2081 3673 εἷρήνῃξῃοέ

432 3671 516 3726 bis
546 3672 618 3726 de
645 3688 797 3727 more
846 3671 905 3726 in
958 3687 1097 3742 pace
1146 3674 1437 3726 conventus
1494 3671 1806 3742 agentibus.
1842 3672 1911 3726 Et
1941 3671 2081 3725 alibi

431 3743 675 3815 passim.
712 3742 997 3815 Eusebius
1028 3742 1165 3815 item
1202 3742 1559 3815 Histueccles.
1584 3742 1686 3797 lib.
1711 3759 1811 3808 v11,
1837 3759 1962 3815 cap.
1992 3744 2078 3813 11,

431 3811 562 3886 ᾖδε.
596 3814 737 3899 257ε
775 3811 1123 3884 Αἰμιλιανὸς,
1170 3811 1268 3866 οὐκ
1319 3811 1435 3866 εἶπε
1487 3811 2079 3899 μοιιπροηγρυμὲνως,

428 3882 537 3954 Mr?
552 3882 766 3959 σύναγε,
797 3882 1142 3942 ίΕιηίιίαηιιδ
1171 3882 1518 3959 nequaquam
1544 3882 1692 3941 dixit
1718 3882 1861 3959 mihi
1887 3882 2083 3957 prima

426 3960 609 4029 fronte
634 3955 707 4012 ne
752 3955 1045 4014 conventus
1093 3955 1271 4029 agas:
1299 3955 1432 4029 Quae
1468 3973 1596 4029 vox
1650 3955 1910 4029 συνάγειν
1930 3974 2081 4028 saepe

429 4030 584 4100 apud
598 4030 915 4085 Eusebium
931 4034 988 4085 et
1000 4028 1146 4084 alios
1160 4028 1584 4084 ecclesiasticos
1598 4028 1864 4084 auctores
1876 4029 2080 4084 eadem

429 4102 721 4172 sententia
745 4101 1038 4158 usuvenit.
1063 4101 1190 4155 Haec
1212 4100 1341 4156 ideo
1367 4101 1736 4172 adnotamus,
1758 4102 1913 4172 quod
1934 4117 2078 4156 non-

427 4171 575 4227 nulli
598 4172 808 4228 eruditi
834 4171 940 4227 viri
964 4173 1323 4235 dubitarent,
1354 4189 1426 4227 an
1462 4171 1554 4226 hic
1588 4171 1752 4228 locus
1772 4172 2079 4228 Athanasii

428 4243 514 4315 sic
536 4242 937 4315 intelligatur:
966 4259 1068 4313 quo
1098 4245 1209 4299 loco
1247 4245 1359 4298 Vito
1406 4243 1805 4315 presbyterieos
1834 4244 2081 4311 (scilicet

428 4260 514 4299 s10
536 4260 722 4297 intem
770 4260 937 4299 atur:
966 4260 1068 4313 quo
1098 4260 1209 4299 Loco
1249 4260 1359 4298 mo
1406 4260 1689 4315 presbyter
1717 4260 1805 4299 eos
1834 4260 2075 4311 (εοιιιοθι

426 4260 1160 4386 θρὶεοοροεῗεοηρνθραὸαι,
1183 4332 1298 4385 quo
1313 4314 1439 4386 fere
1469 4316 1642 4370 modo
1664 4314 1931 4370 Nannius
1953 4332 2075 4371 ver-

426 4390 597 4441 terat.
620 4388 695 4440 At
711 4390 872 4441 extra
893 4385 1140 4440 dubium
1167 4391 1255 4441 est
1276 4385 1360 4439 sic
1391 4388 1740 4458 vertendum
1760 4402 1891 4441 esse
1923 4404 1935 4441 :
1966 4403 2078 4458 quo

430 4458 543 4530 ioco
580 4458 709 4513 Vito
735 4458 1021 4530 presbyter
1065 4465 1361 4530 conventus
1407 4472 1571 4530 agere
1607 4457 1834 4530 solebat.
1868 4459 1923 4513 Is
1953 4457 2077 4530 ipse

430 4474 543 4513 Loco
583 4474 709 4513 Viro
773 4474 1021 4528 resoyrer
1065 4474 1361 4513 conventus
1407 4474 1571 4526 agere
1607 4474 1834 4513 δοιεοαι.
1868 4474 1923 4513 1s
1953 4476 2075 4530 ipse

428 4528 557 4601 Yito
598 4474 901 4601 presbyter
943 4543 1071 4601 esse
1116 4527 1388 4601 creditur
1443 4529 1544 4599 qui
1602 4544 1735 4601 cum
1767 4529 2075 4586 Vincentio

427 4598 673 4672 Nicaeum
705 4598 925 4672 synodo
954 4600 1077 4655 vice
1109 4598 1392 4672 Sylvestri
1414 4598 1658 4672 Romani
1700 4604 1861 4671 pont.
1896 4601 2074 4655 inter-

428 4671 639 4727 fuerat.
664 4659 819 4737 Qu'os
842 4671 1017 4728 etiam
1039 4659 1179 4726 tunc
1204 4670 1263 4725 in
1286 4669 1430 4725 vivis
1452 4669 1636 4726 fuisse
1655 4659 1904 4727 testatur
1924 4672 2077 4728 infra
2107 4659 2153 4722 Ι)

427 4742 642 4799 Juﬁus.

503 4814 614 4887 (51)
647 4814 785 4886 Reg.
817 4818 873 4871 et
902 4813 1101 4887 Basil.,
1136 4810 1307 4887 1615i).
1333 4812 1484 4887 Editi
1523 4828 1677 4878 vero,
1710 4810 1873 4887 αὐτοῦ
1906 4814 2077 4887 male.

425 4883 608 4958 Paulo
628 4883 759 4957 post
774 4887 914 4958 Reg.
934 4883 1187 4958 κόμιτος,
1213 4886 1311 4957 qui
1332 4885 1415 4940 sic
1437 4885 1555 4940 fere
1576 4901 1809 4957 semper
1828 4886 2002 4942 habet
2019 4887 2076 4943 in

428 4957 664 5013 casibus
693 4957 965 5029 obliquis.

500 5028 613 5100 (52)
645 5028 875 5102 Scripta
905 5046 1056 5085 anno
1090 5029 1123 5083 3

429 5101 762 5156 Novembri.

524 5173 616 5244 53)
666 5170 861 5243 Δανίῳ.
907 5169 1367 5244 iNanniusulegit
1414 5167 1675 5244 Διακᾷνῳ,
1724 5170 1969 5242 diacono,
2016 5178 2081 5227 ut

432 5241 654 5299 habent
679 5241 883 5299 omnes
905 5243 1118 5299 Latinae
1138 5241 1446 5307 editiones,
1470 5242 1580 5313 sed,
1600 5258 1898 5313 perperam
1926 5248 2080 5300 utro-

428 5314 606 5388 bique
628 5314 740 5388 legi
758 5315 1007 5388 videtur.
1031 5318 1194 5369 Hunc
1216 5313 1466 5388 Danium
1490 5312 1756 5381 Διάνοιον,
1783 5314 2078 5388 Dianzeum

436 5384 714 5460 Caesarea?
748 5387 1110 5460 episcopum,
1156 5384 1496 5460 existimant
1541 5400 1755 5460 omnes
1779 5386 1959 5442 terme
1990 5404 2077 5442 re-

435 5458 740 5526 centiores,
781 5455 1050 5515 cum—ob
1099 5456 1405 5512 nominum
1447 5455 1920 5527 similitudinem,
1951 5463 2079 5514 tum

436 5531 592 5600 quod
617 5547 683 5585 ex
719 5531 1059 5595 Sozomeno,
1085 5529 1123 5584 l.
1167 5545 1252 5593 ιιι,
1278 5543 1328 5600 c.
1361 5528 1416 5595 5,
1449 5526 1724 5600 Dianmus
1757 5528 1849 5583 hic
1880 5526 2078 5585 Antio-

434 5598 637 5674 chenas
682 5602 886 5674 synodi
934 5600 1204 5674 adfuerit.
1259 5599 1331 5652 At
1361 5598 1530 5674 neiis
1577 5600 1867 5674 assentiar
1896 5601 2082 5674 multa

437 5687 531 5726 me
550 5668 963 5741 dehortantur;
983 5690 1121 5728 nam
1138 5671 1414 5726 Dianmus
1437 5668 1533 5742 ille
1552 5686 1623 5723 ne
1643 5670 1823 5742 semel
1841 5672 2080 5742 quidem

432 5742 588 5798 inter
607 5742 849 5801 Arianos
867 5744 955 5801 vel
992 5742 1358 5800 Eusebianos
1381 5740 1536 5813 apud
1577 5740 1969 5798 Athanasium
1992 5742 2081 5813 vel

436 5814 592 5893 apud
612 5813 760 5875 alios
779 5816 909 5877 ccci.
933 5817 1188 5876 Historiae
1208 5812 1477 5875 auctores
1504 5815 1900 5887 computatur.
1930 5812 2080 5883 Quid

1204 5069 1219 5096 ,
1254 5042 1456 5083 mense
1488 5026 1718 5083 circiter
1738 5028 1970 5084 Octobri
1992 5030 2078 5086 vel

2176 614 2478 686 timentes,
2512 636 2583 673 ne
2614 621 2684 675 de
2715 621 2786 676 iis
2819 622 2903 677 illi
2936 625 3440 694 convincerentur,
3466 646 3591 700 qua
3613 631 3829 689 Valens

2179 708 2236 759 et
2258 704 2531 762 Ursacius
2554 714 2752 779 postea
2776 713 3024 768 confessi
3044 721 3202 770 sunt.
3223 720 3569 790 Congregati
3588 720 3828 778 demum

2180 793 2436 866 episcopi
2468 797 2601 867 plus
2660 800 3109 873 quinquaginta,
3173 806 3320 860 111
3380 823 3495 877 quo
3538 808 3666 864 loco
3697 810 3827 867 Vito

2180 885 2483 956 presbyter
2503 894 2821 943 conventus
2844 892 3074 961 agebat,
3110 910 3239 963 nos,
3278 911 3413 949 cum
3438 902 3700 954 nostram
3729 900 3828 954 de-

2181 973 2503 1028 fensionem
2532 976 2914 1044 audivissent,
2940 980 3011 1034 ad
3035 982 3508 1041 communionem
3526 992 3583 1042 et
3602 1004 3827 1061 agapen

2184 1063 2579 1119 admittendos
2621 1070 2973 1123 statuerunt.
3008 1070 3155 1126 Tum
3179 1073 3457 1130 adversus
3483 1075 3637 1133 illios
3659 1078 3828 1135 vehe-

2183 1157 2410 1207 menter
2434 1152 2746 1225 indignati,
2767 1156 2992 1211 Julium
3022 1166 3299 1232 rogarunt
3341 1169 3405 1218 ut
3444 1163 3565 1221 haec
3587 1183 3714 1237 quae
3747 1185 3833 1225 se-

2184 1246 2469 1312 quuntur,
2502 1244 2873 1313 Eusebianis,
2925 1248 3025 1319 qui
3076 1251 3148 1304 ad
3180 1267 3242 1306 se
3271 1250 3495 1310 litteras
3526 1256 3829 1330 miserant,

2184 1330 2551 1387 reseriberet.
2587 1333 2833 1406 Scripsit
2861 1335 3039 1407 igitur
3065 1338 3282 1407 Julius,
3314 1347 3373 1397 et
3402 1343 3707 1414 epistolam
3730 1364 3835 1419 per

2184 1420 2511 1477 Gabianum
2545 1422 2815 1479 comitem
2846 1425 3025 1480 misit.

2713 1513 3070 1569 EPISTULA
3107 1517 3308 1574 JULII.

2258 1597 2453 1655 Julius
2484 1599 2690 1669 Danio,
2723 1601 3014 1672 Flaccillo,
3047 1605 3342 1680 Narcisso,
3377 1609 3647 1682 Eusebio,
3671 1615 3835 1684 Mari,

2190 1687 2550 1765 Macedonio,
2585 1691 2910 1764 Theodoro,
2942 1696 2999 1748 et
3037 1695 3212 1751 sociis
3255 1713 3477 1770 eorum,
3508 1702 3608 1771 qui
3636 1702 3836 1759 Antio-

2191 1778 2323 1833 chia
2354 1780 2525 1836 nobis
2555 1781 2862 1854 scripsere,
2896 1784 3124 1841 dilectis
3166 1786 3465 1858 fratribus,
3498 1791 3559 1847 in
3596 1793 3836 1850 Domino

2190 1866 2465 1925 salutem.

1788 1947 2080 2031 πρεσϐυτὲ-

2193 1916 2519 2029 -ψ2-1ῒῐλεεὶ
2570 1958 2798 2016 litteras
2846 1978 2880 2016 a
2929 1964 3286 2036 presbyteris
3340 1969 3486 2024 meis
3525 1970 3754 2044 Elpidio
3785 1976 3844 2031 et

2192 2045 2510 2103 Philoxeno
2537 2048 2703 2119 mihi,
2738 2049 2967 2121 allatas,
3000 2052 3367 2127 miratusque
3397 2075 3550 2127 sum,
3576 2078 3711 2117 cum
3734 2081 3841 2120 nos

2193 2152 2261 2191 ex
2280 2136 2585 2193 dilectione
2603 2143 2659 2193 et
2675 2140 2931 2196 veritatis
2950 2144 3307 2199 conscientia
3322 2146 3527 2219 scripsi
3536 2166 3787 2223 ssemus,
3807 2169 3842 2208 a

2192 2226 2356 2281 vobis
2379 2227 2739 2284 contentiose
2762 2234 2818 2285 et
2837 2231 2984 2285 citra
3013 2232 3289 2289 decorum
3313 2238 3662 2310 rescriptum
3684 2257 3833 2297 esse.

2194 2315 2480 2387 Superbia
2500 2318 2655 2372 enim
2673 2323 2730 2374 et
2750 2321 3078 2391 arrogantia
3100 2323 3482 2383 scribentium
3514 2331 3840 2401 perepisto-

2192 2402 2310 2459 1am
2332 2420 2459 2460 sese
2473 2407 2755 2477 prodebat
2776 2425 2788 2476 ;
2814 2408 2935 2464 haec
2952 2414 3145 2466 autem
3165 2429 3198 2467 ιι
3218 2413 3549 2473 Christiana
3571 2418 3683 2474 ﬁde
3704 2420 3841 2476 alie-

2194 2510 2269 2550 na
2299 2500 2457 2549 sunt.
2491 2496 2737 2552 Decebat
2763 2498 2921 2553 enim
2951 2516 3076 2571 qua:
3108 2518 3243 2557 cum
3283 2504 3591 2563 dilectione
3622 2509 3844 2582 scripta

2192 2587 2379 2649 erant,
2416 2600 2616 2655 parem
2647 2602 2780 2640 cum
2814 2586 3121 2645 dilectione
3167 2595 3224 2646 et
3273 2610 3389 2648 non
3438 2612 3571 2651 cum
3603 2603 3845 2654 conten-

2192 2672 2350 2726 tione
2383 2674 2822 2744 responsionem
2853 2676 3137 2735 obtinere.
3178 2681 3387 2738 Annon
3421 2683 3722 2742 charitatis
3753 2688 3843 2743 in-

2193 2759 2411 2814 dicium
2445 2766 2530 2816 est
2562 2763 2934 2836 presbyteros
2983 2766 3239 2839 misisse,
3291 2771 3391 2843 qui
3423 2773 3672 2830 afﬂictos
3705 2792 3842 2832 con-

2193 2900 2381 2939 causae
2405 2884 2583 2969 igitur
2602 2891 2710 2957 est,
2737 2892 2800 2941 ut
2818 2888 2909 2969 hic
2928 2890 3080 2969 inter
3097 2898 3317 2969 septem
3338 2898 3661 2969 praecipuos
3681 2900 3841 2956 Aria-

2193 2973 2403 3041 norum
2433 2962 2713 3041 patronos
2745 2960 2967 3041 primas
3000 2960 3240 3041 teneat?
3269 2960 3391 3041 Non
3415 2960 3569 3024 enim
3595 2972 3841 3041 quicun-

2191 3044 2305 3099 que
2338 3028 2706 3109 Antiochenaa
2736 3028 2957 3102 synodo
3011 3036 3251 3109 adfuere,
3294 3039 3447 3094 inter
3476 3028 3837 3101 Eusebianos

2191 3105 2460 3154 recensiti
2513 3106 2669 3167 sunt,
2715 3118 2849 3158 cum
2900 3121 2968 3159 ex
3016 3106 3087 3161 iis
3135 3108 3303 3163 multi
3335 3111 3607 3168 catholici
3639 3115 3743 3169 viri
3775 3120 3834 3171 et

2191 3170 2547 3256 sanctissimi
2582 3180 3000 3254 memorentur.
3019 3178 3104 3232 Ad
3125 3178 3265 3256 haec,
3293 3182 3543 3256 Basilius
3566 3186 3735 3256 epist.
3763 3170 3833 3243 ad

2195 3242 2538 3321 Bosporium
2566 3245 2929 3321 episcopum,
2963 3264 3096 3303 cum
3128 3242 3305 3321 hujus
3338 3252 3559 3310 Dianoei
3592 3242 3839 3314 virtutes

2193 3315 2591 3438 praedicasset,
2652 3315 2784 3371 hoc'
2818 3335 3002 3374 unum
3060 3326 3180 3375 tarn
3203 3315 3292 3376 'in
3340 3325 3468 3394 ejus
3494 3327 3611 3382 vita
3643 3346 3835 3400 repre-

2235 3386 2474 3438 ensione
2502 3387 2746 3438 dignum
2781 3390 2964 3438 affert-
3004 3394 3154 3438 mimi
3194 3393 3321 3438 ﬁdei
3358 3398 3708 3438 ηηηιρραῐηης
3741 3418 3835 3438 nn-

2235 3386 2474 3462 ensione
2502 3387 2747 3457 dignum
2781 3390 2965 3459 affert,
3004 3394 3158 3462 quod
3192 3393 3326 3449 fidei
3358 3386 3840 3456 conlessionilno-

2190 3457 2514 3538 vemdecirn
2546 3464 2679 3513 ante
2711 3476 2897 3515 annos
2947 3457 3451 3538 Constantinopoli
3498 3470 3663 3525 editae
3695 3473 3838 3527 sub-

2193 3527 2533 3614 scripserit:
2588 3547 2765 3614 quam
2814 3538 3008 3614 tamen
3059 3527 3355 3592 maculam
3399 3556 3533 3614 curn
3582 3542 3835 3614 jarhjam

2191 3599 2540 3686 moriturum
2574 3599 2818 3686 dilunisse
2847 3608 3117 3686 testatur.
3150 3614 3444 3686 At_nonne
3468 3599 3609 3686 illud
3645 3599 3835 3686 magis

2189 3670 2641 3759 vituperandum
2677 3675 2902 3759 fuisset,
2936 3677 2984 3759 si
3006 3695 3143 3759 sese
3174 3680 3707 3759 adversus_Julium
3743 3670 3839 3759 Eia;

2190 3759 2330 3827 pem
2346 3742 2793 3827 etAthanasium
2812 3747 3152 3827 Eusebianis
3170 3752 3485 3827 sociasset?
3508 3758 3663 3827 quod
3680 3742 3837 3813 hdnc

2192 3815 2439 3896 genium
2464 3815 2673 3896 iecisse
2711 3834 2880 3896 nemo
2923 3825 3015 3896 eat
3052 3821 3300 3896 inficias.
3347 3815 3629 3883 Existimo
3661 3829 3841 3896 igitur

2190 3884 2357 3965 illum
2377 3886 2475 3956 qui
2500 3894 2768 3959 corrupte
2792 3890 2851 3965 in
2870 3892 3042 3965 editis
3063 3894 3151 3948 vel
3178 3896 3410 3965 Danius,
3436 3899 3521 3953 vel
3544 3884 3838 3957 Diac'onus

2191 3957 2424 4022 dicitur,
2449 3975 2583 4038 eum
2603 3957 2730 4014 esse
2754 3962 2853 4031 qui
2879 3964 3276 4038 passimpapud
3300 3957 3685 4027 Athanasium
3712 3970 3835 4026 Διό-

2189 4046 2363 4110 γνιος,
2385 4030 2733 4113 quandoque
2756 4030 2911 4113 apud
2938 4030 3221 4113 tiilarium
3250 4040 3549 4113 Qiognius,
3573 4060 3837 4099 commu-

2189 4101 2323 4185 nius
2341 4101 2499 4185 “apud
2525 4101 3141 4185 υἱιχιιῐῐιᾳιξοβεόγνιος,
3175 4116 3240 4185 et
3260 4101 3554 4185 ThEOgnis
3576 4121 3837 4181 vocatur,

2188 4171 2246 4226 id
2270 4176 2358 4252 est
2377 4171 2772 4252 Theognidem
2796 4171 3242 4252 Nicmnum,'qui
3258 4199 3391 4240 cum
3408 4171 3698 4243 sccundas
3716 4171 3839 4242 ubi1

2189 4259 2302 4330 quc
2323 4242 2477 4330 inter
2494 4242 2841 4325 Arianorum
2867 4242 3145 4330 patronos
3159 4242 3474 4330 tenuisset,
3498 4258 3720 4330 primas
3744 4258 3838 4314 hic

2190 4315 2386 4396 habet,
2428 4316 2567 4385 quia
2609 4333 2741 4396 cum
2792 4315 3049 4391 episc0pi
3100 4326 3419 4396 Antiochiae
3462 4315 3645 4383 coacti
3675 4330 3831 4396 apud

2186 4386 2409 4469 iulium
2426 4389 2729 4469 conquesti
2753 4386 2947 4445 essent
2962 4386 3119 4462 quod
3135 4395 3246 4469 sibi
3263 4397 3507 4454 Eusebio
3522 4386 3833 4469 epistolam

2186 4458 2514 4540 direxisset,
2540 4460 2609 4540 is,
2644 4466 2719 4540 _ut
2758 4458 3023 4540 omn_er_1i_
3045 4467 3297 4540 quereis:
3337 4458 3574 4525 causam
3597 4470 3832 4539 levaret,

2187 4545 2300 4584 non
2336 4532 2528 4611 solum
2558 4530 2609 4585 ei
2641 4530 2791 4613 hanc
2823 4530 3129 4605 epistolam
3158 4538 3265 4593 soli
3294 4557 3413 4613 non
3449 4541 3706 4613 scripsit,
3732 4530 3836 4600 sed

2187 4600 2537 4686 neprimum
2561 4602 2795 4686 quidem
2821 4600 2954 4659 eum
2979 4612 3350 4686 nuncapayit,
3378 4613 3477 4686 sed
3497 4600 3834 4686 Diognium,
3920 4676 3923 4677 ν

2185 4672 2597 4748 quisecundas
2622 4675 2737 4728 fere
2784 4693 3016 4748 semper
3046 4672 3198 4735 inter
3246 4672 3834 4742 Eusebzanosutenuit:

2188 4744 2255 4798 Et
2276 4744 2518 4826 quidem
2541 4747 2781 4826 absente
2802 4744 3057 4826 Eusebio
3075 4750 3293 4826 primas
3318 4755 3433 4810 fere
3456 4756 3632 4812 habet
3650 4757 3836 4812 Theo-

2189 4816 2383 4887 gnius,
2419 4815 2504 4870 vel
2545 4816 2854 4891 _Di_ognius,
2906 4815 3364 4891 quod-maxime
3408 4828 3467 4881 in
3508 4830 3834 4885 Mareoticis

2190 4887 2592 4972 monumentis
2614 4888 2765 4945 intra
2777 4887 3230 4972 animadvertas.
3248 4901 3423 4953 Porro
3436 4898 3831 4972 'I‘heognidem

2189 4957 2246 5012 in
2270 4958 2417 5013 vivis
2444 4959 2764 5014 etiamnum
2789 4962 2967 5019 fuisse
2992 4970 3215 5021 certum
3236 4974 3343 5031 est,
3380 4984 3514 5025 cum
3549 4957 3693 5028 teste
3728 4972 3833 5027 So-

2188 5032 2602 5115 .zomeno,‘ip‘si‘
2636 5032 2884 5115 .Eusebio
2916 5043 3224 5115 superstes
3271 5041 3468 5115 fuerit:
3490 5042 3598 5097 Vix
3617 5043 3832 5115 estigi-

2189 5105 2290 5185 tur
2316 5102 2471 5185 quod
2507 5102 3065 5185 dubitemus-virum
3087 5102 3832 5185 Arianisaddictissimu‘m,

2189 5176 2246 5255 et
2263 5173 2543 5255 Athenas,
2568 5174 3064 5257 inul‘eonsissimum,
3087 5181 3222 5236 huic
3244 5184 3595 5257 Arianorum
3612 5173 3835 5257 synodo

2188 5244 2248 5298 in
2282 5244 2485 5325 primis
2534 5247 2816 5316 adfuisse,
2865 5267 2931 5305 ac
2980 5244 3238 5323 primum
3298 5254 3407 5311 hoc
3464 5256 3590 5313 loco
3645 5244 3835 5313 nomi-

2190 5333 2336 5371 nari.

2261 5387 2525 5468 Seqpens
2567 5404 2698 5468 vero
2751 5390 3047 5468 Flacillus,
3100 5395 3255 5452 male
3303 5394 3595 5468 Πλάκητος
3622 5399 3839 5457 dicitur

2190 5459 2344 5528 apud
2370 5462 2620 5523 Sozom.,
2657 5459 2694 5513 l.
2731 5479 2812 5527 ιιι,
2846 5479 2895 5517 c.
2925 5465 2978 5519 6.

2260 5530 2393 5592 Quae
2427 5534 2621 5584 autem
2655 5531 2726 5585 ab
2755 5533 2912 5589 Julio
2964 5542 3323 5593 memoratur
3370 5539 3833 5598 Eusebianorum

2190 5600 2436 5682 epistola
2471 5611 2998 5682 nusquam__exstat_,
3031 5624 3179 5682 eam_
3205 5611 3364 5666 enim
3396 5627 3520 5682 quae
3551 5612 3611 5665 in
3641 5616 3836 5669 conci-

2190 5669 2403 5726 liorum
2448 5669 2887 5755 collectionibus
2937 5669 3349 5755 circumfertur
3394 5669 3836 5755 supposititiam

2190 5756 2319 5797 esse
2349 5759 2554 5800 omnes
2584 5748 2977 5807 consentiunt.

2264 5813 2378 5889 (54)
2408 5818 2546 5891 Reg.
2577 5816 2928 5895 κομισθέντα.
