4178 6392
329 416 446 480 283

867 411 934 473 S.
978 406 1409 470 ATHANASII
1452 404 1625 469 OPP.
1672 404 1875 469 PARS
1918 406 1967 468 Ῑ.
1999 439 2078 451 -
2112 405 2533 471 HISTORICA
2574 405 2675 469 ET
2718 406 3200 469 DOGMATIGA.

3628 409 3747 474 284

333 550 685 619 solarentur,
707 549 764 602 et
783 561 881 602 eos
904 545 1006 616 qui
1044 544 1402 615 scripserant
1436 541 1893 598 adhortarentur
1912 543 1978 596 ut

2095 538 2408 596 ἀποστεῖλαι
2469 540 2764 614 συμπαθεῖν
2810 543 2927 601 τοῖς
2974 540 3288 615 πάσχουσι;
3337 545 3750 619 προτρέψασθαι

331 639 599 696 venirent
619 656 636 704 ;
655 652 769 708 quo
794 651 970 706 quam
993 632 1252 705 primum
1269 631 1545 689 omnibus
1567 632 1803 687 tandem
1826 647 1983 687 com-

333 727 563 802 positis,
597 742 701 782 nec
731 723 958 779 diutius
989 723 1197 776 fratres
1245 721 1428 776 nostri
1472 724 1837 788 vexarentur,
1880 735 1985 775 nec

334 835 439 876 vos
470 816 708 889 quidam
749 810 1300 869 calumniarentur?
1341 810 1451 865 Sed
1487 809 1681 865 nescio
1713 808 1851 881 quid
1885 825 1984 863 vos

337 908 422 963 ita
452 907 685 963 affectos
715 900 998 969 exhibuit,
1050 904 1115 955 ut
1161 916 1269 955 nos
1317 899 1664 955 induxeritis
1696 899 1766 953 ad
1798 896 1987 969 suspi-

338 996 612 1061 candum,
646 1009 775 1065 quas
795 1008 896 1047 vos
919 989 1094 1045 verba
1116 1005 1223 1045 nos
1243 988 1567 1044 honorandi
1592 1005 1772 1043 causa
1792 987 1986 1042 dicere

329 1082 710 1148 videbamini,
744 1080 867 1136 haec
898 1079 1031 1152 ipsa
1056 1095 1191 1134 cum
1224 1077 1481 1149 quadam
1512 1076 1984 1132 dissimulatione

330 1175 567 1231 dixisse.
609 1169 940 1243 Presbyteri
988 1183 1245 1239 namque
1289 1167 1389 1240 qui
1440 1166 1609 1222 missi
1640 1170 1799 1233 sunt,
1833 1181 1982 1237 quos

329 1282 464 1321 cum
495 1261 710 1336 gaudio
743 1257 989 1316 rediisse
1020 1257 1243 1329 decuit,
1275 1260 1511 1312 econtra
1540 1255 1730 1312 mcssti
1759 1255 1983 1311 rediere

324 1355 397 1411 ob
429 1370 499 1410 ea
528 1368 655 1424 quae
688 1347 810 1404 illic
840 1346 965 1420 geri
997 1350 1448 1419 conspexerant.
1503 1346 1622 1419 Ego
1651 1361 1786 1401 vero
1818 1347 1982 1417 post-

328 1459 507 1514 quam
538 1441 765 1496 litteras
799 1436 938 1509 legi,
970 1451 1106 1491 cum
1128 1434 1315 1491 multa
1337 1451 1571 1491 mecum
1594 1438 1983 1506 reputassem,

326 1529 639 1604 epistolam
672 1526 827 1600 apud
850 1540 942 1580 me
963 1524 1200 1595 retinui,
1227 1540 1467 1595 sperans
1487 1528 1747 1579 vestrum
1771 1522 1982 1579 saltem

326 1618 556 1691 aliquos
580 1633 709 1672 esse
728 1617 1032 1681 venturos,
1060 1628 1167 1667 nec
1198 1610 1446 1685 epistola
1482 1629 1631 1685 opus
1654 1612 1812 1681 fore;
1837 1628 1911 1668 ne
1931 1613 1982 1669 si

329 1706 433 1763 illa
463 1705 659 1779 palam
705 1702 982 1777 prodiret,
1041 1699 1262 1756 multos
1322 1700 1418 1757 hic
1474 1700 1674 1777 dolore
1703 1701 1978 1758 afﬁceret.

329 1792 820 1866 Quandoquidem
849 1794 1043 1846 autem
1067 1789 1229 1845 nullo
1249 1789 1590 1845 adveniente
1613 1805 1851 1846 necesse
1873 1790 1983 1845 fuit

329 1885 495 1940 illam
542 1883 819 1956 proferre,
870 1881 1055 1936 fateor
1095 1877 1282 1946 vobis,
1333 1894 1539 1934 omnes
1589 1877 1982 1935 admiratione

328 1977 530 2042 captos
550 1971 645 2027 vix
665 1969 867 2026 induci
908 1966 1172 2041 potuisse
1194 1970 1259 2022 ut
1304 1967 1608 2023 crederent
1634 1983 1728 2023 res
1774 1966 1981 2039 hujus-

329 2062 490 2119 modi
521 2078 555 2117 a
583 2059 747 2117 vobis
775 2074 904 2114 esse
934 2056 1223 2129 scriptas;
1275 2055 1570 2112 contentio
1602 2057 1758 2112 enim
1791 2058 1980 2129 magis

329 2167 507 2224 quam
539 2149 795 2206 charitas
823 2147 883 2202 in
915 2145 1013 2201 illa
1046 2144 1298 2218 epistola
1318 2160 1448 2201 sesc
1478 2146 1782 2216 prodebat.
1817 2145 1981 2211 Quod

328 2239 379 2296 si
400 2238 744 2312 eloquentia:
767 2235 1129 2293 ostentandae
1161 2250 1363 2303 causa,
1396 2234 1497 2306 qui
1548 2233 1857 2305 epistolam
1891 2233 1980 2288 di-

329 2328 509 2384 ctavit
521 2328 604 2383 ita
618 2323 938 2399 scripserit,
953 2323 1297 2395 hujusmodi
1311 2340 1450 2379 sane
1464 2322 1727 2379 studium
1744 2324 1815 2379 ad
1836 2322 1980 2378 alios

328 2421 572 2491 spectat.
597 2417 659 2471 In
685 2416 861 2470 rebus
887 2412 1044 2470 enim
1068 2411 1503 2478 ecclesiasticis,
1541 2429 1655 2467 non
1683 2410 1981 2484 specimen

329 2504 674 2578 eloquentiae
699 2502 1079 2575 quaerendum
1102 2506 1209 2572 est,
1234 2501 1335 2556 sed
1357 2516 1611 2556 canones
1638 2499 1938 2571 apostolici
1963 2516 1977 2568 ;

329 2611 396 2651 ac
427 2594 809 2662 studendum,
834 2595 899 2646 ut
918 2606 993 2646 ne
1015 2606 1169 2646 unus
1190 2588 1426 2662 quidem
1446 2605 1515 2645 ex
1541 2588 1777 2660 pusillis
1800 2588 1898 2660 qui
1921 2589 1979 2643 in

331 2681 589 2740 Ecclesia
611 2684 751 2737 sunt
788 2678 1219 2736 scandalizetur
1251 2679 1316 2732 τί.
1358 2677 1600 2749 Expedit
1639 2678 1983 2749 enimjuxta

330 2770 786 2828 eeclesiasticam
821 2768 1194 2835 sententiam,
1226 2767 1381 2823 “2
1413 2765 1628 2822 molam
1663 2766 1981 2823 asinariam

332 2860 616 2932 suspendi
647 2876 679 2914 a
712 2856 881 2925 collo,
914 2861 971 2912 et
1001 2856 1082 2912 ita
1125 2856 1407 2928 demergi,
1458 2854 1650 2927 potius
1682 2872 1857 2928 quam
1892 2856 1980 2912 vel

329 2966 517 3005 unum
549 2965 618 3003 ex
647 2946 882 3019 pusillis
923 2944 1338 3001 scandalizare.
1390 2945 1554 3010 Quod
1599 2944 1648 3001 si
1681 2944 1980 3015 aliquibus

329 3039 587 3107 quadam
605 3038 854 3093 invicem
867 3034 1166 3093 simultate
1180 3035 1372 3090 ductis
1386 3034 1524 3105 (non
1537 3035 1692 3089 enim
1711 3034 1978 3089 omnium

327 3127 507 3184 talem
531 3131 788 3183 mentem
814 3126 996 3181 fuisse
1019 3123 1284 3195 dixerim)
1309 3123 1647 3179 istiusmodi
1669 3121 1978 3195 epistolam

328 3215 506 3273 scribi
542 3215 799 3289 placuit:
830 3214 1072 3271 decebat
1104 3212 1346 3286 quidem
1368 3210 1458 3269 vel
1482 3212 1722 3268 omnino
1744 3228 1858 3267 non
1892 3213 1977 3269 of-

2093 628 2222 692 τοὺς
2274 632 2584 705 γράψαντας
2632 628 2945 699 έλθεῖν,’ίνα
2990 629 3164 684 πάντα
3215 630 3401 687 θᾶττον
3453 630 3609 688 λύσιν
3656 633 3755 690 λα-

2099 713 2264 773 ϐόντα
2295 716 2656 796 διορθωθῆναι
2688 716 2915 793 δυνηθῇ,
2949 718 3039 773 καὶ
3074 720 3269 792 μηκέτι
3315 722 3454 794 μήτε
3497 723 3549 777 οἱ
3601 721 3759 778 ἀδελ-

2095 808 2188 885 φοὶ
2238 811 2398 882 ἡμῶν
2440 807 2718 886 πάσχωσι,
2755 810 2895 883 μήτε
2944 809 3085 881 ὑμᾶς
3138 830 3281 872 τινες
3334 805 3753 884 διαϐάλλωσινς

2093 895 2250 951 Ἀλλ’
2283 898 2382 953 οὐκ
2434 897 2578 971 οἴδα,
2608 897 2663 953 τί
2711 899 2774 953 τὸ
2825 895 2979 971 δόξαν
3030 897 3205 961 οὕτως
3251 899 3392 973 ὑμᾶς
3423 899 3755 975 διατεθῆναι,

2097 983 2235 1041 ὥστε
2285 988 2374 1041 καὶ
2423 990 2574 1061 ἡμᾶς
2621 994 2848 1056 ποιῆσαι
2914 985 3249 1061 λογίζεσθαι,
3298 987 3383 1044 ὅτι
3430 990 3521 1045 καὶ
3572 991 3623 1046 ἐν
3672 992 3755 1055 οἷς

2098 1070 2311 1145 ἐδόξατε
2369 1075 2607 1151 ῥήμασιν
2656 1079 2806 1150 ἡμᾶς
2863 1080 3053 1148 τιμᾷν,
3100 1080 3269 1132 ταῦτα
3339 1098 3754 1156 μετασχηματι-

2096 1161 2315 1237 ζόμενοι
2496 1166 2630 1238 μετὰ
2677 1166 2955 1241 εἰρωνείας
3002 1165 3150 1228 τινὸς
3199 1165 3472 1243 εἰρήκατε.
3505 1168 3607 1223 Καὶ
3646 1169 3753 1246 γὰρ

2090 1252 2181 1306 καὶ
2230 1254 2283 1308 οἱ
2328 1276 2369 1308 π
2434 1249 2529 1308 σϐ¹
2767 1254 2787 1308 ἱ
2842 1254 2874 1308 ἀ
3052 1252 3116 1308 λ’
3184 1274 3201 1284 ³
3335 1254 3356 1273 “
3458 1253 3514 1277 ”’“
3730 1260 3746 1278 ‘

2373 1274 2430 1329 ρε
2506 1274 2684 1330 υτεροι
2736 1274 2764 1308 ο
2876 1274 3049 1309 ποστα
3091 1274 3255 1327 εντες,
3302 1276 3396 1318 ους
3457 1270 3565 1312 εοει
3619 1278 3756 1332 μετα

2094 1348 2271 1419 χαρᾶς
2322 1341 2632 1399 ἐπανελθεῖν
2674 1342 2983 1399 τούναντίον
3029 1342 3366 1418 λυπούμενοι
3418 1344 3750 1420 ἐπανῆλθον,

2048 1471 2055 1475 ς
2094 1427 2174 1509 ἐφ’
2232 1432 2314 1494 οἷς
2375 1432 2673 1506 ἑωράκασιν
2720 1431 2833 1487 ἐκεῖ
2877 1433 3211 1507 γινομένοις.
3261 1432 3360 1488 Καὶ
3420 1430 3593 1511 ἔγωγε
3635 1440 3755 1498 τοῖς

2094 1521 2412 1596 γράμμασιν
2464 1520 2726 1597 ἐντυχὼν,
2780 1518 2969 1576 πολλὰ
3046 1518 3434 1596 λογισάμενος,
3488 1525 3754 1601 κατέσχον

2095 1611 2221 1685 παρ’
2271 1608 2493 1684 ἐμαυτῷ
2540 1611 2639 1681 τὴν
2701 1609 3023 1681 ἐπιστολὴν,
3061 1610 3302 1684 νομίζων
3383 1610 3538 1686 ὅμως
3606 1611 3753 1685 ἥξειν

2091 1700 2265 1771 τινας,
2308 1700 2399 1755 καὶ
2466 1702 2540 1774 μή
2609 1701 2802 1777 χρείαν
2847 1700 2982 1756 εἶναι
3026 1707 3130 1770 τῆς
3174 1699 3494 1775 ἐπιπολῆς,
3535 1701 3628 1757 ’ίνα
3677 1704 3755 1777 μὴ

2092 1789 2206 1860 καὶ,
2253 1787 2308 1851 ἐς
2356 1790 2581 1866 φανερὸν
2629 1788 2879 1861 ἐλθοῦσα,
2927 1787 3177 1852 πολλοὺς
3224 1794 3333 1845 τῶν
3383 1790 3608 1847 ἐνταῦθα
3650 1789 3749 1846 λυ-

2091 1880 2260 1952 πήσῃ.
2295 1876 2516 1948 Ἐπειδὴ
2569 1877 2626 1934 δὲ
2678 1876 2910 1951 μηδενὸς
2959 1878 3235 1950 ἐλθόντος,
3275 1879 3482 1955 ἀνάγκη
3529 1882 3748 1958 γέγονεν

2093 1966 2260 2037 αὐτὴν
2309 1969 2767 2044 προκομισθῆναι,
2819 1966 3085 2044 ὁμολογῶ
3141 1969 3290 2042 ὑμῖν,
3341 1970 3539 2032 πάντες
3602 1970 3757 2027 ἐθαύ-

2095 2077 2285 2130 μασαν,
2312 2058 2402 2112 καὶ
2463 2058 2625 2134 ἐγγὺς
2677 2057 2928 2120 ἀπιστίας
2975 2057 3280 2133 γεγόνασιν,
3332 2058 3380 2114 εἰ
3418 2058 3568 2124 ὅλως
3616 2061 3747 2138 παρ’

2093 2148 2244 2219 ὑμῶν
2300 2151 2525 2202 τοιαῦτα
2573 2145 2782 2225 ἐγράφη
2811 2169 2823 2181 ·
2884 2146 3219 2226 φιλονεικίας
3262 2149 3366 2225 γὰρ
3403 2147 3617 2223 μᾶλλον
3660 2149 3753 2205 καί

2091 2236 2190 2290 οὐκ
2232 2235 2448 2311 ἀγάπης
2498 2236 2565 2305 ἦν
2619 2238 2657 2305 ἡ
2707 2234 2993 2307 ἐπιστολή.
3026 2236 3090 2291 Ei
3128 2237 3222 2310 μὶν
3275 2234 3366 2292 οὖν
3421 2236 3746 2315 φιλοτιμίας

2090 2322 2267 2401 λόγων
2336 2323 2508 2379 ἕνεκεν
2573 2326 2601 2380 ὁ
2666 2324 3038 2400 ὑπαγορεύσας
3107 2323 3358 2402 ἔγραψεν,
3427 2325 3617 2383 ἄλλων
3684 2331 3750 2386 τὸ

2087 2418 2333 2469 τοιοῦτον
2395 2411 2755 2487 ἐπιτήδευμα.
2801 2420 2884 2468 Ἐν
2932 2414 3037 2490 γὰρ
3094 2420 3213 2477 τοῖς
3277 2413 3753 2486 ἐκκλησιαστικοῖς

2089 2502 2152 2558 ού
2215 2503 2397 2579 Λόγων
2447 2500 2704 2575 ἐπίδειξίς
2744 2502 2906 2575 ἐστιν,
2941 2501 3087 2558 ἀλλὰ
3113 2503 3333 2567 κανόνες
3362 2505 3752 2580 ἀποστολικοὶ,

2088 2592 2179 2646 καὶ
2210 2589 2417 2661 σπουδή
2451 2597 2548 2646 τοῦ
2585 2593 2659 2665 μὴ
2693 2590 3064 2660 σκανδαλίζειν
3096 2588 3186 2647 ἕνα
3212 2597 3319 2648 τῶν
3378 2600 3590 2671 μικρῶν
3641 2602 3750 2651 τῶν

2092 2678 2142 2734 ἐν
2187 2684 2257 2753 τῇ
2300 2678 2617 2752 Ἐκκλησίᾳ.
2671 2682 2945 2759 Συμφέρει
2999 2681 3102 2755 γὰρ
3151 2682 3289 2736 κατὰ
3332 2684 3423 2738 τὸν
3492 2682 3760 2755 ἐκκλησι-

2090 2769 2304 2825 αστικὸν
2367 2768 2552 2844 λόγον,
2608 2768 2779 2843 μύλον
2853 2768 3032 2825 ὀνικὸν
3100 2779 3475 2847 κρεμασθῆναι
3526 2774 3603 2837 εἷς
3654 2775 3756 2830 τὸν

2088 2855 2374 2933 τράχηλον
2404 2857 2493 2912 καί
2523 2860 3035 2929 καταποντισθῆναι,
3062 2859 3099 2929 ἢ
3131 2857 3481 2915 σκανδαλίσαι
3512 2861 3608 2917 κᾶν
3655 2860 3756 2917 ἕνα

2087 2950 2196 3002 τῶν
2229 2950 2460 3021 μικρῶν.
2493 2946 2561 3001 Ei’
2607 2944 2665 3001 δὲ
2712 2947 2788 3009 ὥς
2836 2969 3000 3002 υινωτ
3049 2946 3447 3021 λελυπημένων
3495 2947 3587 3004 διὰ
3639 2952 3741 3020 τήν

2088 3036 2225 3109 πρὸς
2258 3032 2546 3106 ἀλλήλους
2579 3036 2970 3112 μικροψυχίαν,
3003 3036 3086 3109 (ού
3112 3037 3216 3113 γὰρ
3248 3036 3307 3091 ἃν
3339 3034 3555 3111 εἷ’ποιμι
3603 3040 3743 3093 πάν-

2086 3145 2194 3179 των
2233 3124 2364 3179 εἶναι
2408 3124 2609 3195 ταύτην
2655 3126 2885 3200 γνώμην
2996 3124 3219 3196 τοιαύτη
3269 3126 3487 3201 γέγονεν
3537 3128 3573 3196 ἡ
3626 3125 3743 3182 ἐπι-

2088 3212 2281 3284 στολὴ,
2312 3212 2509 3289 ἔπρεπε
2552 3215 2645 3289 μὶν
2698 3212 2838 3289 μηδὲ
2881 3214 3031 3278 ὅλως
3082 3214 3414 3286 λυπηθῆναι,
3458 3212 3601 3289 μηδὲ
3649 3215 3745 3271 ἐπ-

329 3305 509 3373 fendi,
534 3286 638 3361 aut
659 3304 843 3361 solem
870 3320 986 3359 non
1009 3303 1273 3359 occidere
1307 3318 1484 3375 super
1520 3302 1742 3358 offensa
1761 3301 1841 3356 πε
1876 3305 1978 3358 aut

2092 3299 2239 3357 δῦναι
2287 3286 2390 3357 τὸν.
2422 3286 2585 3372 ἥλιον
2628 3286 2716 3358 ἐπὶ
2761 3308 2830 3378 τῇ
2884 3302 3068 3378 λύπῃ⁸
3122 3301 3227 3359 ἔδει
3274 3300 3332 3359 δὲ
3371 3286 3525 3377 ὅμως
3561 3305 3636 3378 μή
3669 3303 3748 3367 εἰς

327 3394 536 3451 saltem
560 3410 626 3450 eo
650 3393 922 3467 progredi
972 3408 1089 3449 non
1136 3391 1416 3464 oportuit,
1457 3394 1522 3446 ut
1545 3407 1613 3447 ea
1633 3391 1854 3463 scripto
1876 3391 1980 3447 de-

326 3483 667 3541 clararetur.

399 3574 489 3628 22.
524 3572 673 3639 Quid
704 3571 862 3627 enim
916 3574 1112 3626 actum
1144 3573 1234 3626 est
1290 3569 1534 3642 dignum
1587 3569 1846 3641 querela,
1880 3573 1983 3625 aut

331 3662 690 3735 quibusdam
713 3659 969 3733 epistolas
988 3677 1128 3715 meae
1148 3659 1318 3715 dictis
1334 3658 1497 3714 vobis
1512 3659 1872 3715 succensend
1883 3675 1981 3714 um

331 3752 600 3807 fuit?An
641 3750 779 3822 quia
797 3749 1009 3805 hortati
1035 3765 1246 3805 sumus
1293 3752 1359 3802 ut
1388 3748 1459 3803 ad
1492 3748 1781 3819 synodum
1815 3764 1980 3804 acce-

333 3839 588 3896 deretis?
609 3837 770 3910 atqui
794 3838 942 3894 illud
966 3853 1099 3893 cum
1121 3836 1332 3909 gaudio
1354 3838 1550 3908 potius
1570 3836 1981 3908 excipiendum

328 3929 462 3985 fuit.
487 3928 595 3994 Qui
616 3928 774 3983 enim
799 3928 975 3982 rebus
1015 3942 1050 3981 a
1096 3940 1160 3980 se
1202 3924 1383 3997 gestis
1428 3928 1549 3992 aut,
1574 3925 1770 3998 utipsi
1792 3925 1978 3995 aiunt,

323 4016 611 4090 judicatis
632 4032 749 4071 non
769 4014 1066 4086 difﬁdunt,
1084 4028 1201 4069 non
1216 4011 1457 4085 indigne
1473 4013 1668 4068 ferunt
1684 4014 1733 4068 si
1756 4014 1828 4069 ab
1853 4013 1983 4070 aliis

322 4105 624 4180 judicium
656 4120 832 4162 suum
863 4102 1268 4170 examinetur;
1300 4102 1402 4158 sed
1432 4101 1709 4156 fiduciam
1740 4102 1980 4175 habent,

333 4196 492 4268 quod
543 4210 657 4266 que
685 4193 798 4267 ipsi
840 4191 1390 4265 justejudicarunt,
1421 4190 1646 4261 injusta
1677 4207 1982 4262 nunquam

334 4284 460 4341 fleri
491 4283 744 4341 valeant.
779 4281 1061 4348 Quocirca
1107 4279 1364 4353 episcopi
1411 4279 1473 4335 in
1521 4296 1737 4352 magna
1762 4281 1982 4353 synodo

332 4373 569 4430 Nicaena
588 4371 949 4445 congregati,
974 4387 1090 4426 non
1112 4370 1258 4426 citro
1287 4369 1389 4426 Dei
1411 4368 1746 4442 consilium,
1770 4369 1983 4442 prioris

334 4462 544 4536 synodi
569 4465 715 4518 Acta
741 4463 804 4518 in
836 4458 951 4517 alia
980 4459 1201 4532 synodo
1250 4457 1499 4530 disquiri
1546 4459 1981 4531 permiserunt;

331 4555 399 4607 ut
428 4552 526 4624 qui
549 4551 905 4622 judicarent,
938 4566 1053 4621 prae
1086 4547 1271 4605 oculis
1321 4548 1627 4615 habentes,
1656 4549 1982 4605 secundum

2087 3397 2343 3447 τοσοῦτον
2414 3394 2789 3469 παραχθῆναι,
2847 3392 2985 3449 ὥστε
3056 3393 3146 3449 καὶ
3228 3392 3491 3473 ἔγγραφον
3577 3392 3743 3465 αὐτὴν

2091 3477 2470 3554 ἐπιδείξασθαι.

2159 3572 2249 3626 22.
2281 3570 2343 3624 Τί
2374 3571 2478 3645 γὰρ
2526 3571 2619 3626 καὶ
2667 3572 2883 3648 γέγονεν
2928 3568 3070 3643 ἄξιον
3104 3568 3369 3641 λύπης,ἢ
3422 3570 3475 3626 ἐν
3517 3572 3625 3626 τίνι
3674 3571 3743 3641 ἦν

2091 3654 2236 3731 ἄξιον
2298 3656 2613 3729 λυπηθῆναι
2677 3660 2818 3733 ὑμᾶς
2875 3661 2958 3723 οἷς
3007 3660 3098 3715 καὶ
3161 3659 3503 3737 ἐγράψαμεν;
3536 3661 3605 3715 Ἢ
3661 3658 3743 3714 ὅτι

2092 3748 2543 3822 προετρεψάμεθα
2591 3748 2665 3811 εἷς
2712 3746 2933 3805 σύνοδον
2997 3749 3333 3820 ἀπαντῆσαι;
3388 3747 3535 3804 ἀλλὰ
3582 3752 3745 3805 τοῦτο

2095 3835 2308 3908 μᾶλλον
2341 3833 2447 3891 ἔδει
2482 3838 2618 3911 μετᾶ
2647 3844 2822 3913 χαρᾶς
2871 3836 3136 3909 δέξασθαι.
3170 3840 3233 3892 0i.
3280 3840 3384 3915 γὰρ
3430 3836 3743 3915 ππῤῥησίαν

2092 3921 2334 3998 ἔχοντες,
2368 3925 2449 4002 ἐφ’
2499 3926 2582 3987 οἷς
2629 3929 2980 3997 πεποιήκασι,
3029 3928 3140 3999 καὶ,
3182 3926 3256 3989 ὡς
3305 3926 3460 3987 δότοὶ
3507 3925 3747 4003 λέγουσι,

2089 4012 2421 4087 κεκρίκασιν,
2465 4012 2565 4068 οὐκ
2614 4012 3021 4089 ἀγανακτοῦσιν,
3068 4014 3115 4069 εἰ
3163 4020 3287 4089 παρ’
3334 4014 3530 4090 ἐτέρων
3581 4014 3753 4085 ἐξετά-

2096 4105 2244 4169 ζοιτο
2276 4102 2312 4169 ἡ
2343 4100 2522 4177 κρίσις
2545 4119 2559 4133 ·
2593 4100 2739 4160 ἀλλὰ
2764 4172 2767 4175 Δ
2788 4101 3098 4179 θαρῥοῦσιν,
3134 4100 3218 4157 ὅτι
3267 4101 3302 4156 ἃ
3347 4099 3571 4166 δικαίως
3603 4098 3749 4178 ἔκρι-

2088 4210 2201 4261 ναν,
2255 4192 2424 4245 ταῦτα
2480 4186 2641 4244 ἄδικα
2698 4188 2797 4246 ούκ
2855 4191 2915 4244 ἄν
2975 4211 3108 4246 ποτε
3161 4191 3398 4267 γένοιτο.
3435 4192 3534 4246 Διὰ
3585 4196 3749 4247 τοῦτο

2090 4279 2208 4353 (56)
2239 4277 2331 4333 καὶ
2362 4279 2415 4333 οἱ
2447 4278 2498 4334 ἐν
2528 4282 2599 4353 τῇ
2656 4281 2792 4335 κατὰ
2839 4280 3062 4336 Νίκαιαν
3114 4279 3323 4358 μεγάλῃ
3370 4278 3582 4354 συνόδῳ
3633 4301 3753 4336 συν-

2092 4365 2342 4432 ελθόντες
2394 4367 2677 4424 ἐπίσκοποι
2728 4368 2828 4425 οὐκ
2870 4367 2993 4426 ἄνευ
3038 4375 3173 4426 Θεοῦ
3227 4371 3546 4447 βουλήσεως
3595 4390 3748 4426 συνε-

2092 4459 2351 4533 χώρησαν
2386 4457 2438 4513 ἐν
2491 4457 2650 4536 ἑτέρᾳ
2705 4458 2916 4534 συνόδῳ
2973 4462 3041 4516 τὰ
3094 4467 3196 4530 τῆς
3252 4460 3521 4537 προτέρας
3580 4458 3753 4532 ἐξετά-

2094 4545 2409 4617 ζεσθαι,“ίνα
2449 4548 2540 4603 καὶ
2588 4549 2639 4603 οἱ
2683 4548 2965 4626 κρίνοντες
3011 4552 3119 4627 πρὸ
3170 4548 3466 4628 ὀφθαλμῶν
3527 4545 3750 4624 ἔχοντες

333 4641 600 4697 futurum
628 4657 757 4697 esse
781 4639 1098 4711 judicium,
1132 4653 1264 4693 cum
1299 4637 1457 4693 omni
1490 4636 1717 4693 cautela
1745 4654 1870 4693 rem
1895 4656 1982 4695 ex-

2092 4637 2186 4706 τήν
2249 4635 2508 4710 ἐσομένην
2562 4634 2809 4715 δευτέραν
2859 4638 3035 4715 κρίσιν
3076 4639 3212 4712 μετᾶ
3238 4639 3415 4710 πάσης
3449 4636 3745 4716 ἀσφαλείας

330 4730 693 4802 penderent;
726 4734 785 4786 et
817 4727 918 4801 qui
959 4723 1392 4800 judicarentur.
1441 4726 1742 4782 crederent
1773 4744 1835 4783 se
1864 4745 1981 4784 non

2093 4724 2399 4798 ἐξετάζωσι,
2446 4726 2537 4781 καὶ
2597 4728 2648 4781 οἱ
2722 4727 3032 4804 κρινόμενοι
3099 4726 3414 4799 πιστεύωσι,
3480 4727 3555 4799 μὴ
3633 4727 3753 4780 κατ’

337 4835 405 4874 ex
430 4818 691 4892 priorum
717 4819 986 4890 judicum
1046 4816 1201 4872 odio.
1232 4820 1289 4872 et
1338 4815 1664 4881 inimicitia,
1697 4818 1796 4872 sed
1828 4818 1984 4888 juste

329 4907 625 4979 judicatos
657 4922 804 4963 esse.
838 4907 1002 4973 Quod
1030 4904 1081 4961 si
1112 4904 1453 4976 hujusmodi
1476 4905 1982 4978 consuetudinem,

337 4996 641 5068 antiquam
674 5013 837 5063 sane,
871 4995 930 5049 in
964 5010 1179 5066 magna
1218 4994 1438 5066 synodo
1468 4998 1853 5050 memoratam
1885 4996 1985 5050 de-

334 5084 757 5158 scriptamque,
790 5083 948 5156 apud
979 5099 1084 5139 vos
1114 5081 1305 5138 valere
1334 5080 1553 5147 nolitis,
1575 5081 1848 5139 indecora
1868 5084 1988 5140 fue-

333 5174 409 5229 rit
440 5175 736 5246 ejusmodi
768 5173 1081 5230 recusatio.
1117 5171 1338 5227 Morem
1388 5186 1645 5243 namque
1676 5172 1773 5244 qui
1805 5172 1986 5228 semel

333 5262 393 5319 in
430 5262 693 5321 Ecclesia
720 5261 999 5331 obtinuit,
1033 5265 1090 5316 et
1119 5278 1153 5316 a
1183 5260 1423 5333 synodis
1469 5260 1847 5318 confirmatus
1876 5265 1987 5333 est,

402 5422 451 5458 ⁷⁷
486 5422 698 5480 Matth.
728 5439 895 5493 xvm,
924 5424 979 5479 6.
1014 5423 1057 5458 ⁷⁸
1085 5420 1298 5494 Ephes.
1332 5438 1410 5489 ιν,
1439 5421 1530 5476 26.

553 5599 695 5674 ᾖσε.
738 5617 845 5674 σχη
859 5598 1235 5674 ματισάμενοι.

411 5668 991 5745 (ὃβλΝίεωηυξῑιᾙοο
1039 5668 1339 5745 decretum
1387 5668 1792 5745 interyiginti
1822 5690 1990 5731 cano-

338 5740 443 5799 nes
472 5740 674 5798 Nicieaa
723 5743 910 5815 editos
965 5759 1082 5815 non
1136 5741 1408 5815 habetur.
1469 5741 1579 5798 Sed
1619 5740 1829 5815 praeter
1852 5746 1986 5805 illos

334 5828 588 5881 canones
636 5814 908 5895 quaedam
966 5812 1082 5877 alia
1133 5811 1517 5887 disciplinam
1570 5811 1897 5890 spectantia
1926 5819 1987 5879 in

2094 4812 2289 4889 ἔχθραν
2321 4819 2429 4869 τῶν
2463 4816 2765 4891 προτέρων,
2800 4814 2947 4871 ἀλλὰ
2970 4817 3104 4872 κατὰ
3158 4815 3219 4871 τὸ
3276 4813 3480 4871 δίκαιον
3529 4813 3751 4877 ἑαυτοὺς

2090 4904 2363 4978 κρίνεσθαι
2391 4906 2525 4978 (57).
2556 4905 2621 4959 Εἰ
2654 4902 2711 4960 δὲ
2736 4906 2799 4960 τὸ
2825 4909 3072 4961 τοιοῦτον
3101 4901 3220 4967 ἔθος
3248 4902 3483 4959 παλαιὸν
3538 4901 3749 4979 τυγχά-

2092 5014 2201 5064 νον,
2242 5016 2346 5067 μνη
2360 4994 2611 5067 μονευθὶν
2641 4990 2700 5048 δὲ
2727 4995 2817 5049 καὶ
2851 4994 3051 5072 γραφὲν
3086 4993 3137 5049 ἐν
3168 4997 3238 5068 τῇ
3274 4991 3486 5069 μεγάλῃ
3518 4990 3750 5064 συνόδῳ,

2096 5083 2251 5147 ὑμεῖς
2308 5087 2469 5138 τοῦτο
2517 5085 2645 5159 παρ’
2694 5084 2820 5157 ὑμῖν
2887 5082 3094 5159 ἰσχύειν
3142 5082 3204 5138 οὗ
3252 5080 3456 5155 θέλετε,
3503 5081 3750 5158 ἀπρεπὴς

2099 5172 2193 5245 μὲν
2225 5175 2261 5242 ἡ
2306 5173 2529 5244 τοιαύτη
2592 5173 2916 5250 παραίτησις
2943 5191 2955 5204 ⁸
3006 5175 3068 5229 τὸ
3110 5174 3211 5250 γὰρ
3261 5172 3397 5245 ἅπαξ
3446 5173 3753 5242 συνήθειαν·

2096 5260 2335 5336 ἐσχηκὸς
2392 5261 2446 5320 ἐν
2496 5266 2567 5338 τῇ
2621 5261 2939 5337 Ἐκκλησίᾳ,
2971 5262 3061 5319 καὶ
3125 5264 3228 5318 ὑπὸ
3276 5259 3511 5317 συνόδων
3567 5256 3752 5339 βεϐαι-

2099 5603 2210 5660 hac
2236 5601 2458 5675 synodo
2481 5605 2703 5660 statuta
2726 5619 2856 5661 esse
2892 5608 3118 5661 certum
3159 5607 3269 5660 est.
3308 5602 3448 5657 Post
3477 5594 3567 5652 διὰ
3592 5600 3753 5652 τοῦτο

2099 5676 2161 5731 in
2189 5671 2428 5747 Reg_xat
2460 5675 2694 5747 legitur.
2728 5677 2795 5732 In
2824 5676 2956 5733 aliis
2976 5677 3167 5747 deest.

2164 5736 2460 5875 $75363.
2516 5736 2581 5804 ἓι
2636 5748 2838 5822 Basil.,
2894 5745 3189 5825 κρίνεσθαι.
3250 5744 3401 5805 Editi
3442 5758 3600 5811 vero,
3630 5736 3752 5819 κρί-

2096 5834 2161 5877 να
2230 5836 2305 5878 αι.
