4178 6424
376 457 495 520 285

1503 451 1897 516 APOLOGIA
1940 453 2254 514 CONTRA
2303 453 2671 515 ARIANOS.

3680 463 3799 523 286

379 592 538 663 ωθέν,
572 589 672 644 οὐκ
704 585 932 664 εὔλογον
983 588 1084 643 ὑπὸ
1139 586 1344 662 ὀλίγων
1390 584 1780 664 παραλύεσθαι.
1815 582 2036 647 Ἄλλως
2067 639 2075 654 4

2185 587 2396 642 ninime
2428 593 2885 644 consentaneum
2919 593 3008 644 est
3037 606 3070 644 a
3096 589 3299 661 paucis
3320 592 3610 662 abrogari.
3645 594 3804 651 Alias

520 646 538 663 ,
851 646 860 664 ,
1247 646 1256 662 ,
1470 646 1477 660 ,
2026 646 2030 647 ν

379 702 438 735 τε
499 676 624 734 οὐδὲ
683 679 734 733 ἐν
790 678 968 750 τούτῳ
1029 674 1253 739 δικαίως
1312 646 1606 753 ἃψφανεῖεν
1671 673 2037 744 λυπηθέντες.

385 771 446 824 Οἱ
491 770 594 844 γάρ
645 775 769 843 παρ’
821 768 969 842 ὑμῶν
1013 772 1122 821 τῶν
1172 769 1295 841 περί
1341 760 1596 820 Εὐσέϐιον
1648 762 2042 824 ἀποσταλέντες

385 860 498 933 (58)
535 859 669 931 μετὰ
698 859 1062 933 γραμμάτων,
1115 854 1262 930 λέγω
1308 852 1373 923 δὴ
1417 856 1692 928 Μακάριος
1745 857 1772 909 ὁ
1811 849 2042 928 πρεσϐύ-

383 969 564 1023 τερος,
592 947 682 1002 καὶ
716 946 1023 1022 Μαρτύριος
1069 945 1158 1000 καὶ
1190 943 1447 1020 Ἡσύχιος
1483 945 1531 999 οἱ
1573 942 1838 1005 διάκονοι,
1874 943 2042 997 ἀπαν-

385 1039 646 1107 τήσαντες
679 1035 920 1108 ἐνταῦθα,
956 1036 1032 1097 ὡς
1083 1034 1181 1088 οὐκ
1228 1031 1574 1104 ἠδυνήθησαν
1625 1033 1760 1109 πρὸς
1797 1031 1925 1094 τοὺς
1953 1029 2045 1085 έλ-

388 1126 580 1187 θόντας
614 1125 939 1180 Ἀθανασίου
987 1119 1384 1199 πρεσϐυτέρους
1437 1124 1764 1192 ἀντιστῆναι,
1816 1119 1942 1176 ἀλλ’
1995 1119 2046 1174 ἐν

390 1222 518 1270 πᾶσι
549 1213 894 1287 διετρέποντο
945 1214 1034 1268 καὶ
1082 1211 1472 1288 διηλέγχοντο,
1512 1211 1573 1266 τὸ
1602 1217 1898 1282 τηνικαῦτα
1927 1209 2049 1280 ἠξί-

393 1326 532 1359 ωσαν
585 1306 766 1376 ἡμᾶς,
818 1301 956 1358 ὥστε
1005 1300 1229 1357 σύνοδον
1281 1308 1670 1377 συγκροτῆσαι,
1702 1301 1792 1355 καὶ
1845 1300 2051 1376 γράψαι

391 1393 807 1465 καὶἈθανασίῳ
837 1397 916 1465 τῷ
968 1391 1254 1464 ἐπιδ-κόπῳ
1305 1391 1381 1454 εἷς
1437 1389 1863 1466 Ἀλεξάνδρειαν,
1917 1389 2050 1464 γρά-

394 1486 492 1556 ψαι
524 1479 582 1536 δὲ
609 1481 699 1536 καὶ
725 1486 842 1544 τοῖς
888 1483 1012 1556 περὶ
1061 1476 1339 1550 Εὐσέϐιον,
1367 1477 1461 1534 ἵνα
1509 1479 1597 1534 ἐπὶ
1628 1477 1896 1554 παρουσίᾳ
1923 1478 2050 1532 πάν-

391 1593 525 1641 των,
556 1573 590 1640 ἡ
636 1569 816 1626 δικαία
863 1570 1040 1647 κρίσις
1093 1569 1438 1646 ἐξενεχθῆναι
1491 1567 1720 1642 δυνηθῇ.
1773 1568 1904 1622 Τότε
1949 1569 2053 1641 γὰρ

395 1659 486 1715 καί
543 1657 922 1714 ἀποδεικνύναι
963 1659 1134 1714 πάντα
1190 1661 1257 1713 τὰ
1313 1659 1450 1713 κατά
1508 1659 1824 1713 Ἀθανάσιον
1882 1655 2056 1729 ἐπηγ-

397 1747 676 1824 γείλαντο·
709 1752 865 1823 κοινῇ
911 1751 1014 1825 γάρ
1069 1748 1155 1825 ὑφ’
1201 1750 1361 1820 ἡμῶν
1405 1745 1814 1822 διηλέγχθησαν
1848 1747 1899 1799 οἱ
1932 1743 2054 1820 περὶ

401 1837 710 1912 Μαρτύριον
743 1838 832 1908 καὶ
880 1837 1155 1913 Ἠσύχιον,
1204 1837 1293 1891 καὶ
1336 1838 1388 1890 οἱ
1438 1834 1755 1893 Ἀθανασίου
1803 1838 1899 1889 τοῦ
1939 1834 2056 1888 ἐπι-

403 1926 607 1981 σκόπου
665 1922 1026 2002 πρεσϐύτεροι
1083 1928 1243 2000 (59),
1307 1927 1441 1999 μετὰ
1496 1926 1873 1996 πεποιθήσεως
1932 1924 2058 1977 ἀνθ-

405 2015 632 2071 ίσταντο·
669 2017 718 2071 οἱ
743 2013 800 2071 δὲ
830 2016 955 2093 περὶ
1011 2015 1338 2092 Μαρτύριον,
1391 2015 1436 2070 εἰ
1469 2012 1551 2069 δεῖ
1598 2013 1833 2084 τάληθὲς
1867 2013 2059 2085 εἰπεῖν,

406 2105 456 2161 ἐν
506 2109 639 2160 πᾶσι
689 2103 1052 2181 διετρέποντο,
1104 2104 1219 2160 ὅθεν
1273 2105 1363 2160 καὶ
1417 2104 1652 2175 ἠξίωσαν
1704 2101 1922 2158 σύνοδον
1972 2123 2066 2178 γε-

405 2194 608 2253 νέσθαι.
669 2195 732 2250 Εἰ
784 2195 999 2266 τοίνυν,
1065 2192 1206 2268 μηδὲ
1258 2199 1366 2249 τῶν
1426 2194 1549 2268 περὶ
1608 2192 1914 2270 Μαρτύριον
1975 2193 2064 2246 καὶ

405 2283 666 2361 Ἠσύχιον
712 2283 1055 2355 ἀξιωσάντων
1100 2285 1339 2360 γενέσθαι
1391 2281 1637 2351 σύνοδον,
1687 2284 2066 2359 προτρεψάμε-

407 2395 500 2436 νος
549 2371 702 2447 ἤμην
755 2373 866 2448 ἐγὼ
916 2371 1109 2428 σκύλαι
1157 2372 1285 2436 τοὺς
1345 2374 1679 2450 γράψαντας,
1737 2368 1913 2426 ἕνεκεν
1959 2376 2064 2425 τῶν

409 2459 658 2541 ἀδελφῶν
705 2464 865 2536 ἡμῶν
914 2466 1022 2517 τῶν
1074 2462 1410 2536 αἰτιωμένων
1463 2459 1671 2517 ἀδικίαν
1722 2463 2066 2531 πεπονθέναι,

407 2553 499 2608 καὶ
530 2550 704 2614 οὕτως
755 2548 985 2627 εὔλογος
1035 2554 1100 2621 ἦν
1152 2551 1243 2606 καὶ
1295 2548 1477 2606 δικαία
1514 2554 1549 2621 ἡ
1604 2553 1914 2628 προτροπὴ,
1958 2549 2068 2605 ἔστι

409 2641 514 2717 γάρ
568 2638 990 2710 ἐκκλησιαστικὴ
1043 2639 1133 2694 καὶ
1193 2643 1310 2711 Θεῷ
1365 2640 1684 2714 ἀρέσκουσα·
1741 2638 1830 2693 ὅτε
1879 2636 1936 2692 δὲ
1973 2637 2071 2699 οὓς

418 2729 431 2752 ε
516 2734 540 2744 υ
645 2728 658 2748 ν
742 2727 755 2748 \
997 2729 1011 2748 κ
1116 2728 1128 2746 τ
1183 2723 1235 2752 Ῥ
1553 2728 1564 2748 I
1784 2730 1796 2748 ι’

413 2750 570 2802 υμεις
602 2750 753 2784 αυτοι
795 2729 846 2783 οἱ
886 2749 1013 2806 περι
1061 2735 1320 2783 Ευσεοιον
1383 2729 1728 2798 ἀξιοπιστους
1773 2729 2072 2804 ηγῆσασθε,

407 2817 498 2873 καὶ
555 2818 699 2873 εὗτοὶ
748 2817 980 2888 ἠξίωσαν
1031 2819 1182 2892 ἡμᾶς
1237 2819 1603 2893 συγκαλέσαι,
1659 2814 1953 2872 ἀκόλουθον
2004 2818 2071 2885 ἦν

416 2907 542 2970 τοὺς
573 2905 870 2977 κληθέντας
925 2908 999 2980 μὴ
1035 2905 1368 2978 λυπηθῆναι,
1421 2905 1567 2961 ἀλλὰ
1621 2905 1834 2981 μᾶλλον
1878 2905 2076 2983 προθύ-

424 3019 540 3071 μως
593 2997 913 3066 ἀπαντῆσαι.
974 2995 1177 3051 Ούκοῦν
1237 2999 1271 3066 ἡ
1330 2996 1422 3069 μὲν
1466 2993 1662 3067 δόξασα
1711 2997 2072 3072 ἀγανάκτησις

418 3091 524 3141 τῶν
557 3083 908 3155 λυπηθέντων
958 3087 1261 3162 προπετὴς,
1294 3087 1328 3154 ἡ
1365 3083 1422 3140 δὲ
1470 3084 1799 3161 παραίτησις
1847 3090 1952 3140 τῶν
2001 3085 2074 3158 μή

423 3173 767 3246 θελησάντων
799 3175 1100 3244 ἀπαντῆσαι
1153 3175 1420 3251 ἀπρεπὴς,
1453 3175 1542 3230 καὶ
1569 3174 1808 3238 ὕποπτος
1854 3173 1912 3229 ἐκ
1954 3173 2078 3229 τού-

422 3284 530 3318 των
561 3261 849 3318 δείκνυται.
907 3261 1158 3321 Αίτιᾶταί
1216 3284 1301 3324 τις
1362 3261 1673 3339 ἂπράττων
1734 3263 1895 3326 αὐτὸς
1945 3265 2080 3318 ἀπο-

2151 681 2347 731 tamen
2381 679 2438 730 in
2461 677 2717 748 hocjure
2740 677 3026 749 indignati
3058 696 3428 752 nequaquam
3453 681 3762 738 videantur
3789 702 3802 740 :

2152 782 2288 820 nam
2323 765 2421 836 qui
2453 783 2486 820 a
2514 766 2677 820 vobis
2707 767 3052 822 Eusebianis
3076 784 3208 823 cum
3234 768 3446 825 litteris
3471 771 3640 826 missi
3663 776 3805 828 sunt

2154 855 2442 910 Macarius
2476 856 2792 926 presbyter,
2819 849 3128 927 Martyrius
3150 862 3205 912 et
3229 859 3548 930 Hesychius
3572 862 3803 917 diaconi

2155 944 2255 1014 qui
2287 943 2402 996 huc
2454 944 2754 1008 advenere,
2814 961 2948 999 cum
2987 962 3101 1000 non
3158 946 3416 1002 valerent
3448 951 3802 1020 presbyteris

2155 1031 2479 1096 Athanasii,
2515 1032 2614 1102 qui
2646 1031 2760 1086 huc
2809 1050 2870 1088 se
2927 1034 3312 1105 contulerant,
3346 1038 3668 1108 obsistere;
3703 1042 3806 1097 sed

2158 1121 2217 1176 in
2249 1121 2524 1175 omnibus
2555 1121 2950 1176 refutarentur
2979 1140 3044 1178 ac
3066 1124 3582 1196 convincerentur;
3618 1133 3745 1186 tum
3776 1148 3810 1186 a

2159 1209 2719 1281 nobispostularunt
2749 1215 2813 1264 ut
2854 1213 3110 1282 synodus
3167 1213 3545 1283 indiceretur,
3577 1217 3813 1275 litterae-

2161 1315 2274 1370 que
2305 1299 2376 1354 ad
2408 1299 2795 1354 Athanasium
2825 1302 3166 1373 epiSCOpum
3188 1303 3621 1379 Alexandriam,
3645 1308 3816 1366 item-

2162 1405 2276 1458 que
2307 1389 2378 1442 ad
2416 1388 2773 1444 Eusebianos
2798 1390 3190 1457 mitterentur,
3227 1396 3290 1447 ut
3313 1410 3508 1450 coram
3539 1399 3818 1455 omnibus

2121 1513 2124 1515 -
2157 1477 2386 1546 justum
2410 1481 2608 1548 posset
2629 1477 2874 1549 proferri
2893 1478 3210 1549 judicium.
3228 1482 3374 1536 Tum
3390 1499 3451 1538 se
3469 1488 3667 1542 omnia
3679 1503 3818 1543 con-

2164 1570 2256 1620 tra
2268 1564 2657 1621 Athanasium
2677 1565 2852 1622 allata
2866 1567 3114 1623 crimina
3135 1569 3504 1640 probaturos,
3529 1577 3820 1644 promise-

2166 1671 2255 1710 re:
2286 1653 2517 1726 publice
2529 1655 2685 1710 enim
2713 1672 2746 1709 a
2768 1655 3255 1728 nobisMartyrius
3270 1663 3326 1713 et
3347 1659 3667 1733 Hesychius
3687 1681 3820 1721 con-

2168 1743 2302 1798 victi
2337 1747 2495 1808 sunt,
2546 1743 2900 1815 presbyteris
2956 1744 3262 1801 Athanasii
3309 1747 3663 1806 Alexandriae
3697 1755 3820 1826 epi-

2171 1829 2353 1902 scopi,
2386 1847 2518 1885 cum
2552 1830 2767 1887 fiducia
2790 1831 3233 1890 obsistentibus.
3265 1838 3577 1909 Martyrius
3606 1857 3740 1898 vero
3765 1848 3825 1899 et

2091 1963 2140 2029 Β
2173 1919 2337 1990 socii,
2359 1924 2424 1974 ut
2441 1936 2573 1975 vere
2595 1920 2808 1989 dicam,
2828 1922 2886 1975 in
2906 1922 3182 1979 omnibus
3205 1925 3630 1998 refutabantur,
3655 1930 3822 1988 hinc-

2175 2026 2286 2080 que
2317 2010 2536 2064 factum
2568 2012 2658 2065 est
2689 2014 2753 2063 ut
2800 2011 3088 2082 synodum
3139 2014 3318 2068 coacti
3351 2015 3470 2072 sint
3502 2020 3822 2088 postulare.

2173 2099 2230 2152 Si
2262 2097 2443 2170 igitur
2491 2099 2762 2170 Martyrio
2793 2103 2849 2154 et
2901 2100 3185 2172 Hesychio
3245 2103 3474 2160 nullum
3534 2111 3825 2181 synodum

2175 2187 2638 2260 postulantibus,
2673 2191 2876 2243 auctor
2904 2206 3008 2261 ego
3049 2191 3317 2263 fuissem,
3349 2199 3413 2250 ut
3446 2197 3543 2267 qui
3577 2200 3828 2272 scripse-

2177 2283 2310 2332 rant
2329 2277 2809 2350 det‘atigarentur,
2843 2279 3090 2334 fratrum
3143 2288 3478 2339 nostrorum
3509 2289 3697 2358 gratia
3723 2291 3830 2362 qui

2179 2381 2240 2424 se
2271 2368 2545 2438 injuriam
2580 2385 2785 2438 passos
2815 2370 3343 2442 conquerebantur,
3377 2390 3442 2430 eo
3473 2377 3648 2434 etiam
3684 2395 3827 2436 casu

2178 2473 2343 2528 aequa
2385 2461 2440 2512 et
2462 2458 2626 2528 justa
2654 2458 2862 2513 fuisset
2901 2459 3251 2529 adhortatio,
3285 2463 3502 2536 quippe
3533 2483 3659 2537 quae
3691 2485 3828 2524 cum

2180 2545 2574 2601 ecclesiastica
2604 2545 2698 2613 sit,
2729 2551 2857 2601 tum
2917 2548 3033 2603 Deo
3091 2555 3298 2621 grata;
3348 2554 3474 2622 jam
3527 2572 3660 2612 vero
3691 2573 3828 2615 cum

2179 2633 2357 2690 iidem
2391 2635 2501 2706 ipsi
2533 2652 2682 2706 quos
2714 2651 2814 2691 vos
2845 2636 3181 2710 Eusebiani,
3216 2640 3329 2695 fide
3359 2641 3569 2714 dignos
3601 2647 3837 2702 censui-

2183 2725 2314 2790 stis,
2340 2740 2445 2778 nos
2469 2729 2747 2796 rogarunt
2769 2729 2832 2779 ut
2872 2727 3132 2797 synodus
3180 2737 3618 2800 convocaretur,
3642 2735 3842 2792 decuit

2184 2816 2416 2868 vocatos
2449 2830 2563 2867 non
2596 2813 2835 2884 indigne
2867 2814 3036 2880 ferre,
3089 2816 3188 2871 sed
3222 2817 3414 2887 potius
3447 2820 3713 2878 alacriter
3743 2841 3842 2880 oc-

2187 2919 2438 2960 currere.
2463 2905 2826 2973 Quapropter
2855 2903 3181 2975 indignatio
3205 2922 3406 2963 eorum
3429 2909 3531 2981 qui
3552 2910 3660 2967 hoc
3689 2931 3841 2985 agre

2189 2995 2383 3048 ferunt
2415 2995 2682 3063 proterva
2702 2997 2826 3047 est:
2862 2993 3199 3051 detrectatio
3226 3013 3359 3052 vero
3389 3015 3591 3055 eorum
3620 3003 3717 3073 qui
3751 3021 3845 3058 ve-

2191 3082 2314 3137 nire
2345 3080 2581 3135 noluere
2610 3080 2921 3136 inhonesta
2952 3085 3008 3136 et
3039 3089 3313 3154 suspecta
3343 3085 3482 3142 hinc
3514 3088 3838 3161 deprehen-

2191 3171 2370 3226 ditur.
2405 3171 2490 3223 An
2525 3169 2656 3241 quis
2688 3170 3087 3241 conqueritur,
3118 3172 3168 3227 si
3202 3189 3327 3244 quae
3359 3191 3392 3230 a
3423 3192 3484 3231 se
3506 3182 3658 3233 recte
3690 3179 3845 3236 facta

2193 3259 2506 3329 existimat,
2535 3257 2606 3313 ab
2628 3257 2757 3313 aliis
2777 3259 2900 3314 fieri
2924 3259 3115 3315 videat
3134 3259 3161 3314 ?
3181 3261 3239 3316 Si
3263 3263 3443 3334 enim,
3471 3270 3537 3319 ut
3558 3267 3843 3336 scribitis,

429 3349 667 3427 δέχεται,
701 3351 745 3406 εἰ
775 3353 901 3424 παρ’
934 3349 1119 3427 ἑτέρου
1171 3351 1428 3426 γινόμενα
1474 3351 1669 3426 βλέποι
1705 3371 1718 3421 ;
1753 3353 1817 3407 Εἰ
1850 3355 1974 3429 γὰρ⁷
2009 3353 2075 3415 ὡς

2200 3347 2474 3420 quaelibet
2503 3348 2762 3419 synodus
2821 3349 3052 3404 ﬁrmam
3105 3349 3281 3407 habet
3327 3355 3755 3426 auctoritatem,
3789 3363 3851 3414 et

429 3440 685 3518 γράφετε,
736 3439 1028 3494 ἀσάλευτον
1078 3436 1196 3515 ἔχει
1235 3442 1334 3510 τὴν
1384 3440 1540 3515 ἰσχὺν
1590 3442 1785 3512 ἑκάστη
1839 3439 2083 3515 σύνοδος,

429 3527 520 3584 καὶ
568 3529 883 3602 ἀτιμάζεται
932 3529 960 3583 ὁ
1008 3529 1218 3605 κρίνας,
1270 3529 1360 3584 ἐὰν
1413 3532 1540 3606 παρ’
1587 3531 1782 3608 ἑτέρων
1833 3534 1867 3601 ἡ
1911 3531 2086 3607 κρίσις

431 3616 742 3688 ἐξετάζηται
794 3621 928 3691 (60),
979 3623 1247 3691 σκοπεῖτε,
1302 3618 1592 3694 ἀγαπητοὶ,
1646 3640 1787 3682 τινες
1846 3620 1974 3675 εἰσὶν
2036 3623 2087 3676 οἱ

432 3703 653 3761 σύνοδον
716 3707 1093 3780 ἀτιμάζοντες,
1153 3708 1242 3761 καὶ
1295 3729 1438 3769 τινες
1496 3709 1563 3762 τὰ
1616 3713 1722 3763 τῶν
1780 3710 2085 3785 φθασάντων

429 3800 610 3871 κρῖναι
655 3793 979 3851 διαλύουσι.
1034 3796 1135 3850 Καὶ
1186 3794 1278 3851 ἵνα
1329 3797 1403 3870 μη
1452 3797 1521 3852 τὰ
1566 3799 1681 3852 καθ’
1724 3795 1946 3853 ἕκαστον
1997 3803 2088 3853 νῦν

432 3885 690 3956 ἐξετάζων
747 3880 1022 3962 ἐπιϐαρεῖν
1081 3907 1229 3948 τινας
1288 3884 1434 3941 δοκῶ
1467 3933 1480 3958 ,
1543 3884 1690 3942 ἀλλά
1741 3889 1804 3943 τὸ
1860 3909 1920 3964 γε
1980 3890 2090 3962 (61)

429 3974 740 4031 τελευταῖον
791 3975 1079 4051 γενόμενον
1115 4023 1130 4049 ,
1199 3974 1283 4054 ἐφ’
1353 3977 1398 4048 ᾦ
1455 3975 1546 4031 καὶ
1604 3977 1830 4054 φρίξειεν
1890 3975 1949 4032 ἄν
2007 3998 2092 4040 τις

434 4064 645 4119 ἀκούων
681 4111 694 4136 ,
755 4063 910 4140 ἀρκεῖ
963 4063 1101 4142 πρὸς
1157 4063 1434 4138 ἀπόδειξιν
1488 4067 1706 4121 πάντων
1761 4070 1870 4121 τῶν
1917 4087 2092 4143 παρα-

434 4151 784 4231 λειφθέντων.

503 4245 591 4300 23.
627 4243 690 4296 Oi
731 4241 1000 4319 Ἀρειανοί
1032 4243 1083 4299 οἱ
1114 4243 1220 4298 ἀπὸ
1249 4247 1347 4299 τοῦ
1391 4250 1493 4314 τῆς
1547 4243 1815 4322 μακαρίας
1868 4247 2093 4319 μνήμης

432 4328 792 4406 Ἀλεξάνδρου
842 4335 938 4386 τοῦ
984 4333 1281 4407 γενομένου
1343 4332 1640 4389 ἐπισκόπου
1692 4341 1795 4403 τῆς
1843 4334 2098 4406 Ἀλεξαν-

436 4416 639 4493 δρείας,
698 4417 786 4473 ἐπὶ
835 4415 1049 4492 ἀσεϐείᾳ
1095 4416 1469 4492 ἐκϐληθέντες,
1524 4422 1585 4477 οὐ
1635 4422 1797 4496 μόνον
1851 4425 1952 4479 ὑπὸ
1991 4429 2098 4479 τῶν

435 4509 552 4564 καθ’
611 4509 840 4578 εκάστην
887 4507 1050 4564 πόλιν
1104 4509 1584 4585 ἀπεκηρύχθησαν,
1646 4510 1792 4566 ἀλλά
1846 4513 1936 4568 καὶ
1997 4514 2099 4568 ὑπό

437 4598 650 4653 πάντων
704 4601 810 4652 τῶν
870 4601 1026 4671 κοινῇ
1088 4596 1456 4653 συνελθόντων
1501 4598 1553 4653 ἐν
1600 4603 1669 4672 τῇ
1709 4601 1846 4654 κατά
1876 4601 2096 4656 Νίκαιαν

444 4685 659 4762 μεγάλῂ
711 4684 920 4761 συνόδῳ
968 4686 1480 4761 ἀνεθεματίσθησαν.
1529 4687 1601 4742 Οὐ
1653 4689 1755 4763 γὰρ
1804 4691 1869 4758 ἦν
1925 4689 2098 4744 αὐτῶν

437 4777 502 4832 τὸ
531 4777 700 4852 τυχὸν
730 4774 1151 4851 πλημμέλημα,
1185 4773 1310 4830 οὐδὲ
1339 4776 1414 4837 εἷς
1446 4775 1726 4850 ἄνθρωπον
1758 4779 1890 4845 ἦσαν
1919 4779 2094 4854 ἀμαρ-

435 4867 716 4938 τήσαντες,
777 4863 901 4921 ἀλλ’
950 4867 1027 4929 εἷς
1076 4865 1233 4920 αὐτὸν
1294 4866 1384 4920 τὸν
1443 4864 1636 4942 Κύριον
1696 4867 1858 4940 ἡμῶν
1889 4869 2093 4938 Ἰησοῦν

438 4956 694 5030 Χριστὸν,
724 4956 815 5010 τὸν
846 4955 968 5010 Υἱὸν
999 4959 1095 5008 τοῦ
1128 4958 1261 5009 Θεοῦ
1310 4959 1406 5008 τοῦ
1459 4959 1680 5026 ζῶντος.
1713 4955 1811 5010 Καὶ
1858 4955 2011 5030 ὅμως
2045 4958 2098 5011 οἱ

440 5043 546 5098 ὐπὸ
577 5046 754 5115 πάσης
801 5051 904 5114 τῆς
956 5043 1284 5118 οἰκουμένης
1335 5043 1831 5121 ἀποκηρυχθέντες,
1881 5047 1969 5100 καὶ
2002 5067 2096 5101 κα-

437 5135 507 5188 τά
563 5139 734 5188 πᾶσαν
788 5131 1110 5204 Ἐκκλησίαν
1171 5131 1637 5204 στηλιτευθέντες,
1693 5140 1783 5191 νῦν
1845 5133 2100 5210 λέγονται

442 5219 713 5298 δεδέχθαι,
778 5222 856 5301 ἐφ’
911 5224 956 5295 ᾦ
1014 5223 1102 5277 καὶ
1157 5222 1299 5296 ὑμᾶς
1357 5222 1688 5286 ἀκούσαντας
1748 5221 2096 5300 χαλεπαίνειν

441 5309 646 5367 δίκαιον
693 5314 960 5387 ἡγοῦμαι.
1010 5312 1156 5374 Τίνες
1208 5309 1297 5366 οὖν
1352 5311 1480 5366 εἰσιν
1533 5313 1584 5367 οἱ
1636 5311 1853 5368 σύνοδον
1907 5313 2098 5388 ἀτιμά-

443 5406 626 5469 ζοντες
660 5422 672 5472 ;
707 5401 836 5477 οὐχὶ
870 5402 922 5456 οἱ
970 5405 1078 5457 τῶν
1109 5399 1434 5475 τριακοσίων
1467 5403 1562 5464 τὰς
1593 5404 1808 5481 ψήφους
1848 5405 1976 5480 παρ’
2007 5404 2118 5472 οὐ·⁵

442 5486 528 5545 δὲν
587 5492 826 5565 θέμενοι,
884 5491 975 5546 καὶ
1036 5485 1278 5545 ἀσέϐειαν
1341 5485 1609 5552 εὐσεϐείας
1669 5491 2097 5567 προκρίναντες;

517 5651 632 5722 (5)
689 5653 773 5724 Ita
830 5651 971 5724 Reg.
1021 5654 1078 5707 et
1136 5649 1312 5721 Basil,
1365 5647 1518 5705 Editi
1563 5654 1781 5721 autem,
1835 5650 2097 5705 ἀποστάν-

443 5740 534 5781 τες
566 5723 866 5778 mendose.

519 5791 630 5872 (69)
661 5793 828 5867 1163.,
861 5791 1156 5849 ἐπισκόπου
1186 5797 1288 5864 τῆς
1321 5788 1754 5867 ’Δλεξανδρείας.

2197 3436 2618 3492 contumeliose
2647 3436 2839 3509 agitur
2861 3455 2993 3493 cum
3012 3439 3214 3509 judice
3237 3440 3285 3496 si
3307 3441 3435 3512 ejus
3453 3443 3748 3513 judicium
3772 3447 3845 3502 ab

2198 3526 2310 3582 alio
2325 3526 3117 3596 examinetur,considerate,
3146 3546 3362 3600 quaeso,
3382 3531 3846 3604 dilecti,quinam

2199 3622 2338 3672 sunt
2367 3615 2466 3687 qui
2499 3616 2790 3688 synodum
2822 3615 3196 3684 inhonorant,
3235 3623 3292 3674 et
3322 3621 3564 3692 quinam
3596 3622 3847 3681 aliorum

2191 3705 2459 3777 judicata
2489 3705 2852 3759 rescindunt.
2885 3709 2952 3760 Et
2983 3723 3053 3762 ne
3084 3707 3451 3780 singulorum
3484 3716 3613 3767 acta
3640 3729 3852 3784 expen-

2201 3797 2365 3862 dens,
2393 3795 2676 3866 quosdam
2702 3810 2942 3866 gravare
2959 3794 3183 3852 videar:
3210 3815 3352 3854 sane
3373 3801 3526 3871 quod
3552 3807 3848 3872 postremo

2200 3887 2432 3956 gestum
2463 3888 2571 3951 est,
2604 3901 2738 3939 cum
2767 3884 2844 3940 sit
2865 3884 3222 3941 horrendum
3256 3889 3410 3943 113
3436 3891 3662 3962 auditu,
3687 3893 3856 3947 suffi-

2203 3972 2282 4028 cit
2312 3973 2383 4028 ad
2417 3977 2642 4041 catera,
2668 3990 2795 4046 quac
2819 3990 2853 4029 a
2873 3991 2966 4030 me
2987 3975 3358 4046 omittuntur,
3392 3979 3855 4052 comprobanda.

2275 4241 2366 4295 23.
2400 4239 2600 4296 Ariani
2632 4258 2666 4296 a
2723 4241 2900 4296 beatae
2960 4243 3252 4316 memoriae
3309 4245 3638 4304 Alexandro
3670 4264 3856 4320 quon-

2207 4330 2343 4385 dam
2369 4329 2729 4385 Alexandria:
2756 4329 3028 4403 episcopo
3051 4333 3123 4387 ob
3143 4332 3503 4405 impietatem
3535 4338 3856 4408 ejecti,non

2207 4419 2400 4476 solum
2433 4437 2467 4475 a
2497 4419 2748 4491 singulis
2778 4418 3116 4476 civitatibus
3142 4422 3366 4493 expulsi
3399 4428 3556 4493 sunt,
3583 4427 3682 4480 sed
3705 4431 3762 4482 et
3784 4429 3856 4484 ab

2208 4508 2485 4564 omnibus
2507 4508 2722 4580 pariter
2745 4507 2846 4580 qui
2862 4509 2933 4563 ad
2959 4509 3253 4567 Nicmnam
3273 4527 3551 4584 magnnm
3568 4516 3860 4586 synodum

2209 4601 2618 4665 convenerant,
2637 4597 3008 4654 anathemate
3032 4603 3170 4654 sunt
3191 4601 3472 4656 damnati.
3488 4602 3685 4674 Neque
3701 4605 3861 4661 enim

2133 4712 2179 4777 Β
2211 4685 2334 4742 leve
2391 4691 2516 4741 erat
2536 4703 2736 4742 eorum
2760 4686 2972 4752 scelus,
2998 4704 3103 4743 nec
3134 4688 3194 4743 in
3227 4689 3525 4746 hominem
3557 4691 3864 4764 duntaxat,

2211 4777 2311 4830 sed
2345 4776 2403 4829 in
2438 4775 2634 4847 ipsum
2668 4776 2979 4831 Dominum
3013 4781 3281 4833 nostrum
3313 4779 3518 4835 Jesum
3561 4781 3860 4839 Christum

2209 4863 2418 4920 Filium
2446 4865 2542 4920 Dei
2569 4864 2816 4920 viventis
2839 4873 3234 4937 peccaverant.
3265 4871 3536 4924 Attamen
3562 4871 3660 4941 qui
3688 4889 3720 4927 a
3740 4877 3860 4928 toto

2207 4957 2500 5009 terrarum
2532 4955 2670 5009 orbe
2702 4955 2899 5025 rejecti
2950 4955 3198 5026 fuerant,
3233 4961 3288 5012 et
3339 4959 3492 5030 apud
3527 4960 3861 5016 universam

2208 5043 2525 5098 Ecclesiam
2579 5043 2867 5111 infamati,
2902 5061 3057 5099 nunc
3089 5047 3302 5118 recepti
3361 5047 3656 5117 dicuntur,
3706 5051 3864 5121 quod

2208 5132 2374 5187 vobis
2406 5132 2786 5188 audientibus
2808 5132 3048 5206 indigne
3071 5135 3375 5191 ferendum
3398 5136 3688 5192 existimo.
3723 5140 3861 5202 Qui-

2211 5238 2348 5276 nam
2379 5221 2558 5292 igitur
2588 5226 2726 5276 sunt
2757 5222 2853 5294 qui
2901 5224 3190 5294 synodum
3241 5225 3523 5281 dedecore
3555 5227 3865 5283 afficiunt?

2212 5327 2404 5366 nonne
2436 5311 2536 5382 qui
2568 5315 2964 5366 trecentorum
3007 5312 3414 5385 epiSCOporum
3450 5316 3729 5387 suffragia
3760 5333 3864 5388 pro

2213 5399 2396 5454 nihilo
2428 5399 2666 5465 habent,
2698 5403 2753 5454 et
2810 5400 3168 5472 impietatem
3218 5403 3416 5474 pietati
3451 5405 3867 5476 anteponunt?

2210 5489 2514 5561 Siquidem
2544 5488 3042 5545 Ariomanitarum
3070 5489 3310 5547 haeresis
3335 5491 3405 5547 ab
3428 5492 3703 5548 omnibus
3734 5493 3866 5548 ubi-

2283 5650 2589 5723 (60)_Reg,,
2625 5646 2954 5721 ἐξετάζηται,
3015 5651 3232 5706 rectius
3281 5669 3458 5723 quam
3508 5651 3649 5709 editi
3677 5657 3733 5709 et
3763 5651 3864 5710 alii

2212 5719 2361 5795 mss.
2378 5719 2702 5795 ἐργάζηται.

2283 5793 2396 5868 (61)
2418 5788 2592 5866 Ἠθε,,
2625 5811 2687 5868 γε
2714 5788 2798 5847 τό.
2837 5791 2951 5850 Alii
2985 5795 3041 5852 et
3070 5791 3234 5863 editi,
3263 5792 3325 5851 τό
3354 5811 3432 5854 τε.
