4178 6406
311 426 429 491 287

857 427 922 491 S.
970 424 1397 489 ATHANASII
1440 422 1615 486 OPP.
1660 421 1863 486 PARS
1908 418 1958 485 Ι.
1990 454 2068 467 -—
2098 420 2520 487 HISTORICA
2562 423 2665 487 ET
2709 422 3188 487 DOGMATICA.

315 577 429 635 que
461 559 754 635 episcopis
802 559 1066 616 convicta
1093 562 1151 614 et
1202 556 1591 614 condemnata
1637 561 1761 613 est:
1790 555 1963 612 Atha-

2082 558 2143 609 Ἥ
2199 554 2294 628 μὶν
2340 555 2444 631 γὰρ
2491 560 2599 611 τῶν
2650 556 3075 632 ’Δρειομανιτῶν
3126 552 3331 630 α’ίρεσις
3384 556 3489 613 ὖπὸ
3523 559 3743 615 πάντων

313 651 520 707 nasius
548 668 680 707 vero
713 654 771 707 et
800 648 1112 706 Marcellus
1133 647 1412 720 episcopi,
1437 646 1726 719 plurimos
1755 646 1975 701 habent

318 740 422 811 qui
447 756 509 796 se
538 740 732 799 verbis
764 739 1117 811 scriptisque
1157 737 1495 803 defendant.
1540 736 1687 791 Nam
1719 735 1792 790 de
1822 734 1973 791 Mar-

317 828 464 886 cello
487 830 656 886 nobis
677 827 1084 886 testimonium
1108 826 1639 900 perbibuere,quod
1662 825 1720 879 in
1742 824 1975 879 Nicaana

319 920 543 992 synodo
598 918 834 975 Arianis
886 917 1193 974 obstiterit.
1259 921 1337 972 De
1392 914 1710 971 Athanasio
1753 918 1971 979 autem,

316 1008 531 1065 dicitur
561 1008 714 1080 quod
748 1024 854 1063 nec
910 1006 1046 1080 Tyri
1097 1006 1419 1073 convictus,
1477 1020 1583 1059 nec
1610 1002 1671 1057 in
1700 1006 1969 1071 Mareote,

312 1096 413 1153 ubi
438 1101 824 1153 monumenta
843 1097 1121 1152 adversus
1148 1094 1315 1151 illum
1340 1095 1624 1150 adornata
1647 1097 1805 1159 sunt,
1825 1109 1970 1164 praa-

309 1203 448 1243 sens
479 1186 674 1243 fuerit.
742 1185 916 1242 Scitis
947 1190 1166 1253 autem,
1225 1183 1419 1239 dilecti
1471 1198 1597 1254 quas
1630 1198 1747 1237 una
1777 1180 1968 1236 solum

310 1280 475 1348 parte
504 1279 787 1348 praesente
835 1278 1113 1347 aguntur,
1159 1272 1391 1330 nullum
1448 1273 1567 1326 vim
1599 1271 1834 1339 habere,
1867 1270 1968 1327 sed

310 1369 588 1437 suspecta
613 1380 761 1421 esse.
821 1364 939 1420 Nos
1000 1367 1196 1419 tamen
1253 1378 1595 1434 quanquam
1656 1360 1742 1416 sic
1771 1363 1967 1416 actum

312 1452 884 1526 esset,accurationis
907 1451 1344 1524 disquisitionis
1364 1467 1562 1517 causa,
1582 1466 1687 1506 nec
1705 1466 1807 1506 vos
1827 1449 1966 1518 illis,

313 1560 421 1600 nec
450 1560 550 1600 eos
580 1543 680 1615 qui
710 1559 815 1615 pro
847 1540 966 1599 illis
995 1540 1355 1613 scripserant
1381 1540 1569 1610 vobis,
1610 1544 1969 1612 anteponen-

306 1626 429 1706 tes,
454 1631 672 1689 hortati
702 1647 911 1688 sumus
928 1647 1028 1687 eos
1053 1631 1156 1703 qui
1184 1629 1408 1686 litteras
1438 1628 1743 1696 miserant,
1769 1632 1835 1685 ut
1853 1628 1971 1685 huc

310 1737 375 1778 se
428 1721 782 1791 conferrent,
839 1724 906 1777 ut
955 1718 1376 1792 quidoquidem
1426 1718 1623 1790 plures
1680 1721 1820 1774 sunt
1866 1717 1967 1789 qui

305 1826 412 1884 pro
442 1810 558 1867 illis
589 1809 894 1883 scripsere,
918 1809 978 1865 in
1009 1809 1231 1882 synodo
1253 1808 1451 1864 omnia
1469 1807 1965 1877 examinarentur,

306 1916 424 1971 quo
458 1916 564 1956 nec
593 1899 927 1968 damnetur,
986 1897 1283 1969 innoxius,
1315 1912 1422 1953 nec
1470 1895 1571 1967 qui
1598 1912 1733 1952 reus
1763 1898 1871 1961 est,
1903 1899 1969 1951 ut

304 2004 492 2061 purus
523 1987 827 2044 habeatur.
887 1987 1016 2043 Non
1072 1987 1254 2059 igitur
1301 2002 1336 2042 a
1392 1986 1561 2042 nobis
1588 1983 1970 2056 vilipenditur

305 2078 587 2153 synodus,
621 2078 721 2133 sed
755 2077 828 2132 ab
859 2076 932 2132 iis
990 2076 1092 2147 qui
1124 2081 1340 2131 temere
1372 2080 1428 2131 et
1474 2074 1771 2131 levissime
1798 2073 1965 2130 Aria-

304 2183 413 2223 nos
443 2167 515 2221 ab
545 2165 823 2223 omnibus
880 2167 1192 2223 damnatos
1232 2164 1410 2220 etiam
1468 2172 1671 2219 contra
1692 2163 1964 2234 judicum

304 2255 657 2312 sententiam
688 2254 1017 2327 recipiunt;
1052 2270 1307 2327 quorum
1361 2252 1623 2326 plerique
1647 2253 1774 2323 jam
1806 2267 1965 2309 reso-

301 2344 412 2401 luti
443 2361 578 2400 cum
612 2344 844 2400 Christo
876 2348 1037 2412 sunt,
1091 2342 1189 2399 alii
1217 2359 1353 2399 vero
1401 2342 1728 2398 etiamnum
1759 2356 1963 2413 super-

303 2433 470 2491 stites
500 2431 740 2506 indigne
770 2434 969 2490 ferunt
997 2432 1155 2505 quod
1196 2448 1373 2489 suum
1402 2430 1691 2503 iudicium
1722 2430 1964 2503 quidam

299 2521 676 2579 resciderent.

374 2702 465 2756 24.
500 2702 618 2756 Ηοο
647 2703 846 2757 autem
877 2698 961 2755 ita
1008 2715 1070 2755 se
1098 2697 1316 2755 habere
1355 2697 1848 2770 deprehendimus
1894 2715 1965 2756 ex

306 2789 380 2846 iis
410 2805 539 2861 qum
566 2788 927 2844 Alexandriae
974 2791 1104 2843 acta
1133 2791 1293 2843 sunt.
1326 2787 1473 2842 Nam
1511 2788 1802 2859 Carpones
1832 2789 1960 2859 qui-

307 2879 444 2935 dam
477 2878 551 2934 ab
580 2876 908 2933 Alexandro
965 2877 1038 2931 ob
1087 2876 1363 2932 Arianam
1409 2876 1678 2932 haeresim
1731 2876 1958 2949 pulsus,

303 2983 439 3023 cum
463 2965 768 3022 nonnullis
790 2966 1057 3037 ejusdem
1080 2964 1317 3021 haeresis
1342 2982 1521 3021 causa
1539 2964 1800 3036 ejectis,a
1819 2983 1960 3038 quo-

297 3056 434 3112 dam
468 3055 743 3129 Gregorio
774 3053 964 3123 missi,
1023 3054 1139 3110 huc
1170 3070 1398 3111 venere.
1468 3054 1727 3126 [dipsum
1758 3059 1953 3111 tamen

296 3161 331 3200 a
360 3144 613 3201 Macario
642 3143 1002 3216 presbytero,
1055 3143 1331 3215 Martyrio
1360 3147 1418 3200 et
1436 3144 1729 3217 .Hesychio
1758 3144 1956 3201 diaco-

288 3234 402 3303 nis,
438 3232 755 3289 didicimus
784 3248 797 3287 :
858 3236 1174 3305 antequam
1227 3233 1383 3288 enim
1417 3232 1743 3306 presbyteri
1771 3233 1950 3289 Atha-

2080 648 2189 697 τῶν
2223 649 2538 721 ἇπανταχοῦ
2588 644 2893 713 ἐπισκόπων
2941 646 3285 720 κατεγνώσθη
3336 646 3427 701 καὶ
3464 646 3741 725 ἀπεκηρύ-

2083 733 2217 808 χθη·
2278 734 2591 797 Ἃθανάσιος
2649 732 2707 790 δὲ
2763 734 2853 790 καὶ
2910 731 3235 811 Μάρκελλος
3310 736 3364 790 οἱ
3416 734 3741 808 ἐπίσκοποι,

2081 817 2336 883 πλείονας
2370 819 2559 897 ἔχουσι
2606 821 2735 886 τοὺς
2787 822 2919 897 ὑπὲρ
2950 823 3151 879 ἑαυτῶν
3195 821 3455 899 λέγοντας
3483 825 3576 880 καὶ
3604 827 3740 900 γρά-

2083 930 2301 988 φοντας.
2349 908 2674 981 Μάρκελλος
2730 912 2822 985 μὲν
2862 912 2967 987 γὰρ
3016 910 3365 989 ἐμαρτυρήθη
3424 916 3598 988 ἡμῖν,
3646 916 3738 970 καὶ

2083 997 2134 1053 ἐν
2166 1003 2235 1072 τῇ
2265 1000 2403 1053 κατὰ
2450 1000 2673 1055 Νίκαιαν
2727 998 2932 1074 συνόδῳ
2978 1006 3098 1064 τοῖς
3148 1002 3215 1057 τὰ
3262 1000 3473 1075 Ἀρείου
3505 1009 3738 1082 φρονοῦ-

2082 1108 2162 1141 σιν
2194 1086 2550 1161 άντειρηκώς’
2605 1090 2917 1153 Ἀθανάσιος
2963 1087 3022 1145 δὲ
3064 1090 3437 1167 ἐμαρτυρήθη,
3492 1091 3634 1166 μηδέ
3681 1093 3734 1150 ἐν

2078 1174 2237 1251 Τύρῳ
2266 1178 2667 1252 καταγνωσθεὶς
2719 1181 2856 1252 (62),
2890 1177 2942 1234 ἐν
2974 1177 3033 1235 δὲ
3058 1185 3138 1252 τῷ
3180 1182 3446 1257 Μαρεώτῃ
3498 1183 3573 1255 μὴ
3606 1204 3741 1259 παρ-

2080 1269 2239 1333 εῖναι,
2299 1262 2424 1320 ἔνθα
2468 1267 2537 1321 τὰ
2593 1267 2962 1341 ὑπομνήματα
3017 1270 3134 1326 κατ’
3192 1269 3356 1326 αὐτοῦ
3412 1279 3736 1347 γεγενῆσθαι

2082 1350 2322 1429 λέγεται.
2359 1352 2553 1411 Οἴδατε
2599 1353 2677 1421 δὲ,
2728 1358 3022 1432 ἀγαπητοὶ,
3073 1358 3156 1414 ὅτι
3198 1360 3265 1414 τὰ
3310 1359 3447 1415 κατὰ
3499 1363 3737 1436 μονομέ-

2081 1464 2225 1520 ρειαν
2258 1443 2414 1520 ἰσχὺν
2448 1444 2547 1500 οὐκ
2577 1443 2718 1520 ἔχει,
2746 1445 2873 1502 ἀλλ’
2904 1446 3120 1503 ὕποπτα
3147 1450 3409 1525 τυγχάνει
3437 1450 3527 1505 καὶ
3559 1449 3735 1525 ὅμως,

2076 1532 2283 1589 τούτων
2318 1529 2507 1606 ὄντων,
2538 1537 2703 1608 ἡμεῖς
2735 1536 2868 1612 ὑπὲρ
2914 1532 3212 1612 ἀκριϐείας,
3244 1534 3370 1594 οὔτε
3417 1539 3568 1613 ὑμῖν,
3614 1537 3739 1597 οὕτε

2076 1627 2195 1685 τοῖς
2250 1622 2382 1698 ὑπὲρ
2435 1622 2608 1678 αὐτῶν
2648 1626 2888 1699 γράψασι
2939 1625 3223 1703 πρόκριμα
3266 1631 3557 1691 ποιοῦντες
3602 1649 3738 1706 προ-

2079 1712 2418 1786 ετρεψάμεθα
2451 1712 2580 1775 τοὺς
2600 1714 2911 1789 γράψαντας
2943 1713 3140 1787 ἐλθεῖν,
3162 1714 3253 1789 ἵν’,
3287 1714 3473 1787 ἐπειδὴ
3506 1717 3736 1782 πλείους

2078 1799 2210 1855 εἰσὶν
2260 1801 2313 1855 οἱ
2361 1801 2493 1878 ὑπὲρ
2541 1801 2717 1858 αὐτῶν
2771 1807 3101 1879 γράψαντες,
3150 1805 3239 1861 ἐπὶ
3289 1802 3515 1862 συνόδου
3560 1808 3738 1865 πάντα

2077 1887 2352 1964 ἐξετασθῇ,
2397 1889 2536 1967 πρὸς
2583 1891 2647 1947 τὸ
2701 1892 2842 1966 μηδὲ
2886 1894 2977 1950 τὸν
3028 1894 3267 1950 ἀναίτιον
3323 1897 3730 1970 κατακριθῆναι,

2081 1980 2222 2053 μήτε
2246 1980 2338 2034 τὸν
2374 1979 2667 2044 ὑπεύθυνον
2716 1981 2794 2044 ὡς
2840 1983 3073 2058 καθαρὸν
3126 1983 3476 2060 λογισθῆναι.
3526 1984 3732 2042 Οὐκοῦν

2077 2067 2138 2121 06
2182 2069 2310 2144 παρ’
2351 2069 2513 2141 ἡμῶν
2564 2069 2880 2143 ἀτιμάζεται
2932 2069 3178 2144 σύνοδος,
3228 2070 3376 2128 ἀλλά
3418 2074 3547 2149 παρ’
3594 2071 3734 2130 ἐκεί-

2075 2178 2183 2211 νων
2236 2160 2344 2212 τῶν
2405 2155 2598 2220 ἅπλῶς
2648 2158 2739 2213 καὶ
2790 2159 2865 2222 ὡς
2927 2156 3087 2237 ἔτυχε
3139 2160 3267 2225 τοὺς
3317 2163 3464 2235 παρά
3517 2164 3731 2218 πάντων

2073 2247 2493 2323 κατακριθέντας
2550 2247 2861 2324 ’Δρειανοὺς
2894 2293 2908 2320 ,
2966 2251 3057 2305 καὶ
3113 2252 3261 2327 παρὰ
3315 2252 3545 2326 γνώμην
3619 2256 3730 2308 τῶν

2072 2336 2370 2410 κρινάντων
2402 2333 2724 2409 δεξαμένων.
2760 2339 2824 2392 Οἱ
2854 2339 2958 2415 γὰρ
3010 2336 3264 2403 πλείονες
3291 2337 3400 2411 ἤδη
3434 2338 3735 2397 ἀναλύσαν-

2071 2420 2160 2488 τές
2195 2425 2298 2479 εἰσι
2354 2424 2447 2480 σὺν
2505 2431 2742 2500 Χριστῷ*
2800 2428 2853 2482 οἱ
2899 2424 2957 2482 δὲ
3015 2424 3095 2483 ἔτι
3139 2428 3230 2484 καὶ
3272 2424 3363 2485 νῦν
3414 2428 3467 2486 ἐν
3514 2433 3596 2502 τῷ
3630 2429 3737 2504 βίῳ

2070 2512 2250 2587 τούτῳ
2296 2513 2681 2588 ἐξετάζονται,
2742 2516 3205 2592 ἀγανακτοῦντες,
3262 2517 3345 2574 ὅτι
3401 2520 3502 2590 τὴν
3561 2518 3736 2575 αὐτῶν

2071 2604 2247 2677 κρίσιν
2283 2601 2475 2659 ἔλυσάν
2506 2624 2669 2668 τινες.

2141 2696 2233 2752 24.
2286 2697 2455 2748 Τοῦτο
2501 2690 2560 2748 δὲ
2601 2694 2691 2749 καὶ
2749 2695 2854 2751 ἀπὸ
2904 2700 3014 2752 τῶν
3064 2698 3373 2774 γενομένων
3422 2699 3518 2772 μὲν
3565 2699 3619 2755 ἐν
3660 2704 3731 2776 τῇ

2072 2780 2452 2856 ’Δλεξανδρείᾳ
2499 2782 2764 2857 ἔγνωμεν.
2814 2785 2914 2841 Καὶ
2959 2786 3065 2862 γὰρ
3110 2785 3201 2843 καί
3258 2788 3565 2864 Καρπώνης
3612 2791 3727 2865 (63)

2066 2894 2150 2935 τις
2201 2867 2488 2943 ἐκϐληθεὶς
2539 2872 2641 2929 ὑπὸ
2686 2871 3047 2951 Ἀλεξάνδρου
3093 2873 3185 2932 διὰ
3227 2878 3327 2947 τήν
3376 2878 3594 2954 Ἀρείου
3635 2878 3719 2934 α’ί-

2068 2982 2213 3037 ρεσιν
2257 2963 2391 3036 μετά
2434 2981 2597 3017 τινων
2631 3008 2645 3035 ,
2695 2963 2787 3017 καὶ
2840 2962 3015 3020 αὐτῶν
3062 2961 3436 3037 ἐκϐληθέντων
3487 2964 3578 3023 διὰ
3625 2970 3727 3039 τὴν

2065 3051 2232 3120 αὐτὴν
2294 3048 2495 3125 α’ίρεσιν
2532 3094 2547 3121 ,
2608 3049 2936 3122 ἐληλύθασιν
2996 3053 3221 3111 ἐνταῦθα
3253 3101 3267 3127 ,
3327 3055 3723 3123 ἀποσταλέντες

2064 3141 2212 3217 παρά
2240 3139 2549 3218 Γρηγορίου
2579 3140 2749 3226 τινός*
2804 3140 2961 3216 ὅμως
3015 3141 3074 3199 δὲ
3130 3143 3402 3220 ἐμάθομεν
3461 3148 3552 3203 καὶ
3582 3148 3729 3226 παρὰ

2063 3227 2343 3305 Μακαρίου
2389 3233 2486 3284 τοῦ
2525 3225 2913 3307 πρεσϐυτέρου,
2960 3232 3052 3287 καὶ
3105 3233 3443 3310 Μαρτυρίου,
3489 3236 3580 3291 καὶ
3636 3225 3727 3294 Ἥ-

292 3322 444 3379 nasii
475 3320 835 3391 advenirent,
870 3325 1137 3376 auctores
1191 3321 1361 3378 nobis
1404 3325 1573 3378 erant
1603 3325 1670 3377 ut
1704 3320 1947 3402 Alexan-

2078 3299 2261 3395 τυχίού
2291 3322 2398 3374 τῶν
2454 3299 2741 3375 διακόνων.
2791 3299 2905 3396 Πρὸ
2956 3325 3053 3376 τοῦ
3101 3299 3206 3398 γὰρ
3250 3299 3557 3395 ἀπαντησαι
3600 3324 3729 3388 τοὺς

293 3410 483 3467 driam
515 3410 673 3466 Pisto
703 3409 938 3465 cuidam
970 3408 1197 3466 litteras
1229 3410 1622 3480 mitteremus,
1658 3427 1773 3481 quo
1801 3414 1950 3467 tem-

294 3516 434 3572 pore
488 3498 847 3555 Athanasius
922 3514 1159 3571 quoque
1233 3498 1544 3571 episcopus
1594 3498 1953 3555 Alexandriae

295 3588 560 3662 degebat.
585 3590 768 3655 Quem
800 3587 1024 3643 Pistum
1057 3588 1363 3644 Athanasii
1396 3588 1719 3660 presbyteri
1750 3606 1953 3661 super-

291 3677 611 3734 venientes.
671 3676 951 3731 Arianum
1004 3693 1134 3733 esse
1190 3676 1583 3745 declararunt,
1644 3676 1953 3749 expulsum

292 3765 431 3820 olim
464 3765 538 3819 ab
565 3762 892 3821 Alexandro
951 3765 1226 3838 episcopo
1258 3772 1316 3821 et
1366 3783 1400 3821 ει
1431 3765 1666 3822 Nicaana
1692 3767 1951 3838 synodo;

289 3857 496 3926 postea
522 3868 656 3908 vero
687 3853 1025 3909 ordinatum
1084 3870 1117 3908 a
1165 3853 1420 3926 quodam
1481 3855 1748 3910 Secundo
1778 3871 1954 3926 quem

294 3958 511 4014 magna
542 3942 803 4014 synodus
833 3942 1104 4014 ejecerat,
1132 3947 1336 4015 utpote
1363 3943 1666 4000 Arianum.
1700 3948 1821 3999 Hoc
1852 3961 1954 4000 au-

295 4034 417 4086 tem
449 4045 555 4085 nec
600 4028 728 4101 ipse
784 4028 1124 4102 Martyrius,
1181 4034 1284 4086 aut
1322 4031 1465 4087 socii
1520 4031 1954 4100 inliciebantur,

299 4134 491 4193 neque
521 4118 815 4192 negabant
872 4119 1095 4176 Pistum
1127 4134 1163 4175 a
1214 4119 1482 4176 Secundo
1513 4120 1696 4175 fuisse
1725 4121 1957 4177 ordina-

302 4214 453 4264 tum.
486 4207 633 4264 Hinc
653 4207 833 4281 igitur
854 4208 1229 4282 perpendatis
1258 4207 1453 4279 velim,
1477 4210 1718 4281 quinam
1737 4211 1871 4282 jure
1899 4210 1959 4266 in

301 4298 475 4371 culpa
502 4297 757 4354 habendi
786 4297 941 4354 sint:
975 4312 1157 4354 nosne
1202 4298 1303 4370 qui
1336 4298 1675 4371 persuaderi
1706 4316 1822 4355 non
1852 4316 1961 4373 po-

303 4388 530 4444 tuimus
561 4391 627 4444 ut
657 4387 813 4443 Pisto
867 4386 1083 4444 Ariano
1133 4386 1545 4457 scriberemus,
1596 4404 1670 4444 an
1719 4387 1821 4461 qui
1853 4404 1961 4444 au-

375 4621 491 4704 (οε)
523 4622 583 4677 In
617 4621 725 4677 hoc
756 4619 880 4704 loco
938 4619 1303 4704 explapando
1352 4618 1617 4704 plerique
1649 4618 1828 4704 hujus
1860 4621 1963 4704 aevi

307 4691 573 4749 auctores
630 4691 1025 4764 nequicquam
1083 4691 1470 4764 desudarunt.
1528 4691 1743 4764 'Nannii
1807 4692 1964 4748 enim

304 4764 636 4837 versionem
683 4758 887 4837 secuti,
948 4764 1131 4819 illud:
1197 4758 1337 4835 μηδὲ
1367 4759 1418 4816 ἐν
1476 4759 1633 4837 Τύρῳ
1662 4764 1965 4837 καταγινώ-

307 4854 477 4902 σκειν,
508 4834 592 4891 sic
621 4835 957 4892 intellexere
984 4852 996 4891 :
1054 4834 1233 4906 neque
1288 4836 1417 4906 Tyri
1443 4834 1838 4891 condemnatus
1866 4840 1964 4893 est.

308 4907 378 4963 Et
406 4906 549 4979 haec
583 4923 718 4962 cum
772 4907 979 4979 synodi
1024 4905 1300 4979 nyriensi
1332 4905 1629 4979 historia
1652 4907 1968 4963 conciliare

308 4978 595 5045 conati,in
621 4995 736 5050 qua
756 4977 1140 5034 Athanasium
1173 4979 1518 5033 damnatum
1550 4977 1733 5050 fuisse
1764 4980 1965 5034 certis-

309 5050 528 5106 simum
546 5049 878 5120 est,mirum
902 5050 961 5105 in
985 5055 1236 5121 quantas
1256 5055 1314 5104 et
1336 5064 1513 5121 quam
1532 5049 1793 5105 diversas
1815 5051 1970 5107 abie-

308 5122 428 5176 rint
457 5121 796 5178 sententias.
832 5121 963 5178 Haec
1019 5138 1151 5176 vero
1210 5122 1352 5176 dum
1406 5125 1560 5175 recte
1593 5121 1970 5192 implicentur

309 5192 457 5265 nihil
491 5192 992 5265 negotiiifacient:
1038 5210 1185 5265 gnam
1215 5208 1323 5247 vox
1369 5191 1831 5265 καταγνωσθέντες
1860 5212 1968 5251 saa-

309 5264 554 5337 pissime
574 5263 735 5336 apud
771 5264 1153 5337 Athanasium
1207 5268 1266 5319 et
1295 5264 1461 5337 apud;
1498 5263 1647 5319 alios
1678 5270 1968 5332 auctores,

308 5334 672 5420 convincere,
702 5335 789 5420 veil
808 5335 1250 5420 deprehendere
1271 5335 1318 5390 si
1326 5335 1424 5420 gnj
1434 5334 1568 5419 licet
1595 5353 1609 5403 ;
1634 5339 1808 5420 atque
1825 5338 1968 5420 adeo

309 5406 393 5479 sic
418 5407 731 5479 vertendus
763 5408 857 5464 hic
890 5406 1102 5474 'locus,
1126 5477 1136 5479 Α
1157 5406 1349 5479 neque
1381 5407 1537 5479 Tyri
1560 5406 1839 5463 convictus
1866 5417 1965 5465 est.

310 5477 474 5552 Quod
490 5479 691 5552 utique
704 5478 1099 5552 indubitatum
1125 5475 1393 5552 habetur,
1418 5475 1648 5552 nullum
1663 5478 1880 5552 quippe
1900 5497 1971 5536 ex

308 5549 553 5621 objectis
598 5549 917 5621 Athanasio
978 5549 1297 5605 sceleribus
1356 5551 1600 5620 probare
1648 5549 1970 5621 potuerunt

308 5619 625 5696 Eusebiani
657 5622 789 5693 Tyri
813 5622 1168 5695 congregati.
1199 5619 1630 5696 Exinnumeris
1650 5619 1784 5694 qua:
1810 5624 1963 5696 apud

307 5691 697 5766 Athanasium
711 5691 1058 5766 iocicurr'unt'
1072 5691 1507 5766 _exempli_s_,_h_ic
1539 5691 1726 5766 pauca
1755 5691 1968 5752 aﬁ'éra-

310 5778 468 5837 mus.
501 5762 680 5825 Paulo
710 5763 902 5826 infra:
932 5762 998 5822 Εἰ
1033 5762 1127 5843 μὲν
1157 5759 1284 5846 γὰρ’,
1326 5759 1592 5821 ἐλθόντῶν
1624 5762 1801 5840 ὑμῶν,
1830 5766 1964 5839 ἦσαν

2064 3406 2379 3466 Ἀθανασίου
2429 3402 2828 3485 πρεσϐυτέρους
2854 3451 2874 3479 ,
2920 3412 3324 3487 προετρέποντο
3381 3415 3534 3487 ἡμᾶς
3586 3415 3721 3491 γρά-

2063 3518 2180 3577 φειν
2213 3497 2264 3553 έν
2315 3494 2693 3573 Ἀλεξανδρείᾳ
2740 3503 2924 3572 Πιστῷ
2980 3520 3110 3571 τινι,
3159 3501 3324 3571 ἡνίκα
3367 3501 3459 3558 καί
3502 3503 3727 3559 ’Δθανά-

2063 3608 2177 3650 σιος
2211 3587 2239 3641 ὁ
2270 3585 2565 3649 ἐπίσκοπος
2614 3584 2666 3641 ἐν
2720 3584 3101 3662 Ἀλεξανδρείᾳ
3146 3590 3235 3659 ἦν.
3287 3595 3487 3647 Τοῦτον
3536 3588 3595 3647 δὲ
3633 3592 3725 3647 τὸν

2064 3677 2258 3731 Πιστὸν
2318 3676 2368 3730 οἱ
2429 3676 2744 3731 ’Δθανασίου
2818 3681 2917 3732 τοῦ
2994 3676 3292 3735 ἐπισκόπου
3368 3676 3727 3757 πρεσϐύτεροι

2063 3764 2490 3842 παραγενόμενοι
2524 3762 2803 3836 ἀπέδειξαν
2852 3764 2987 3820 εἶναι
3037 3768 3333 3841 Ἀοειανὸν,
3389 3764 3727 3841 ἐκϐληθέντα

2070 3854 2164 3927 μὲν
2225 3854 2330 3909 ὐπὸ
2387 3851 2746 3930 Ἀλεξάνδρου
2792 3859 2891 3909 τοῦ
2942 3854 3240 3913 ἐπισκόπου
3289 3856 3378 3913 καί
3432 3865 3533 3928 τῆς
3590 3859 3727 3914 κατὰ

2067 3942 2290 3998 Νίκαιαν
2349 3940 2575 3998 συνόδου
2624 3945 2760 4017 (64),
2811 3946 3210 4001 κατασταθέντα
3250 3943 3308 4002 δὲ
3336 3946 3441 4003 ὐπὸ
3495 3946 3726 4004 Σεκούν-

2068 4029 2165 4088 δου
2210 4030 2381 4101 τινὰς,
2413 4031 2472 4086 ὃν
2503 4034 2537 4102 ἡ
2599 4030 2815 4107 μεγάλη
2867 4031 3092 4097 σύνοδος
3139 4036 3413 4110 ’Δρειανὸν
3466 4031 3598 4093 ὄντα
3642 4035 3728 4107 ἐξ·

2068 4116 2251 4178 έϐαλε.
2280 4125 2463 4175 Τοῦτο
2484 4117 2541 4174 δὲ
2571 4117 2698 4174 οὐδὲ
2727 4119 2880 4175 αὐτοὶ
2912 4123 2965 4177 οἱ
2995 4122 3119 4200 περὶ
3149 4125 3457 4199 Μαρτύριον
3511 4124 3728 4181 ἂντέλε·

2068 4231 2190 4285 γον,
2223 4206 2349 4265 οὐδὲ
2377 4211 2643 4286 ἠρνοῦντο
2688 4207 2782 4265 τδν
2833 4212 3030 4267 Πιστὸν
3081 4211 3185 4268 ὐπὸ
3226 4211 3529 4269 Σεκούνδου
3561 4212 3730 4291 ἐσχη-

2067 4300 2218 4354 κέναι
2264 4299 2363 4367 τήν
2408 4296 2726 4354 κατάστασιν
2765 4343 2776 4354 .
2826 4305 3089 4356 Σκοπεῖτε
3134 4302 3315 4358 τοίνυν
3361 4303 3454 4359 καὶ
3499 4302 3559 4360 ἐκ
3600 4301 3730 4359 τού-

2067 4410 2197 4460 των,
2234 4387 2379 4451 τίνες
2428 4386 2488 4444 ἂν
2537 4387 2642 4444 ὑπὸ
2694 4387 2900 4463 μέμψιν
2953 4387 3180 4454 δικαίως
3225 4392 3502 4467 γένοιντο,
3548 4393 3599 4447 οἱ
3651 4391 3728 4465 μὴ

2071 4621 2561 4696 καταγνωσθέντες,
2593 4624 2644 4696 si
2684 4622 2834 4679 vobis
2862 4623 3247 4681 accedentibus
3302 4624 3535 4681 convicti
3585 4622 3736 4694 fuis-

1997 4673 2043 4738 D
2073 4673 2423 4763 sent.'Cujus
2453 4673 2566 4749 loci
2598 4694 2749 4763 hanc
2799 4710 2928 4750 esse
2959 4695 3313 4752 sententiam
3346 4713 3416 4752 ex
3457 4673 3734 4752 contextu

2075 4767 2280 4838 liquet.
2315 4761 2382 4821 Et
2411 4783 2576 4821 num.
2607 4766 2697 4837 35,
2730 4761 2923 4838 λοιπὸν
2955 4765 3047 4820 καὶ

2080 4836 2373 4914 βουλον-ται
2403 4837 2732 4914 συμψήφους
2773 4837 2931 4914 εἶναι,
2960 4855 3065 4914 7205
3109 4836 3207 4911 qui
3232 4839 3298 4895 de
3324 4836 3532 4914 scelere
3552 4838 3731 4914 (scili-

2076 4909 2168 4966 cet
2193 4909 2520 4983 Athanasii)
2547 4909 2804 4983 certiores
2832 4910 2968 4981 facti
2995 4909 3351 4983 non—sumus,
3381 4911 3492 4967 sibi
3526 4911 3733 4983 suifra-

2077 4982 2440 5055 garivolunt.
2483 4980 3123 5055 Athanasiisentemia
3170 4980 3457 5055 liquidius
3491 4980 3736 5055 apparet

2078 5054 2232 5109 infra
2272 5069 2435 5109 num.
2482 5053 2574 5114 29.
2620 5052 2721 5107 ubi
2767 5052 2899 5108 vide
2947 5054 3065 5120 sis;
3095 5058 3151 5109 et
3195 5052 3340 5110 alias
3386 5052 3729 5111 sexcenties.

2148 5124 2347 5201 Paulo
2377 5123 2531 5179 infra
2561 5123 2702 5196 Reg.
2748 5123 3101 5201 μονομερίαν.
3136 5126 3308 5196 Editi,
3346 5124 3729 5201 μονυμέρειαν,

2077 5197 2191 5270 sed
2211 5195 2351 5270 alibi
2382 5212 2614 5270 semper
2649 5195 3029 5270 povopépstdv,

2148 5267 2370 5342 (63)_De
2399 5265 2819 5342 hoc—carpone
2855 5265 2985 5342 vide
3016 5268 3169 5342 infra
3223 5268 3284 5324 in
3317 5267 3567 5342 epistola
3595 5265 3735 5342 Ale-

2075 5338 2303 5424 xandri,
2349 5342 2407 5394 et
2446 5338 2600 5410 apud
2656 5338 3074 5424 Epiphaniam,
3132 5338 3372 5424 haeresi;
3398 5341 3489 5424 69,
3522 5340 3625 5424 qui
3656 5338 3739 5424 ait

2076 5411 2235 5494 hunc
2257 5411 2578 5537 (tiarponem
2599 5409 2784 5467 unam
2805 5428 2875 5468 ex
2894 5409 3304 5470 Alexandrinis
3331 5409 3610 5468 Ecclesiis
3631 5409 3737 5467 ad-

2077 5499 2257 5537 mlms
2289 5498 2471 5537 resse.

2077 5498 2471 5538 ministrasse.

2146 5555 2265 5623 (64)
2318 5554 2516 5627 Pistus
2590 5552 2745 5609 inter
2820 5554 3619 5627 Mareoticosppresbyteros
3661 5551 3736 5608 ab

2076 5624 2405 5698 Alexandro
2436 5626 2746 5698 damnatos
2768 5696 2780 5698 _
2799 5630 3162 5682 memoratur
3190 5624 3249 5681 in
3294 5624 3541 5698 epistola
3568 5625 3736 5696 ejus-

2075 5697 2211 5755 dem
2239 5695 2549 5754 Alexandri
2580 5697 2652 5753 ad
2697 5696 2919 5755 calcem
2949 5713 3194 5772 operum
3224 5695 3530 5756 Athanasii
3561 5695 3739 5757 casa.

3096 4765 3339 4843 ήμᾷςρΰ
3370 4764 3733 4843 κᾳταγνόντες
