4178 6428
370 447 492 510 289

1492 442 1885 505 APOLOGIA
1930 440 2244 502 CONTRA
2286 440 2654 503 ARIANOS.

3667 447 3789 509 290

371 578 675 641 πεισθέντες
705 577 893 651 ἡμεῖς,
926 574 1065 632 ὥστε
1095 580 1278 648 Πιστῷ
1318 580 1395 647 τῷ
1447 576 1705 650 Ἀρειανῷ
1752 574 1865 647 (65)
1896 573 2029 647 γρά-

2147 576 2333 627 ctores
2351 576 2391 627 l
2404 576 2441 627 Ι
2456 579 2503 629 4
2522 577 2706 644 erant,
2724 578 2788 629 ut
2802 590 3076 647 magnam
3093 576 3384 649 synodum
3415 576 3790 649 vilipendere—

370 672 487 742 ψαι,
519 667 554 737 ἢ
589 668 641 722 οἱ
672 662 1137 739 συμϐουλεύοντες
1188 666 1447 738 ἀτιμάσαι
1494 666 1592 733 τὴν
1632 660 1875 738 μεγάλην
1906 660 2027 715 σύν-

371 754 518 823 οδον,
571 757 661 811 καὶ
712 762 828 818 τοῖς
891 750 1131 810 ἀσεϐέσιν
1190 756 1265 816 ὡς
1324 749 1559 808 εὐσεϐέσι
1617 754 1821 829 γράψαι
1865 770 1878 819 ;
1931 750 2026 803 Καὶ

369 847 472 922 γὰρ
505 845 594 900 καὶ
647 847 925 921 Μακάριος
976 846 1004 899 ὁ
1052 839 1439 920 πρεσϐύτερος,
1496 845 1523 897 ὁ
1572 844 1718 916 παρὰ
1765 835 2026 895 Εύσεϐίου

375 936 508 1007 μετὰ
562 938 669 989 τῶν
721 934 844 1008 περὶ
894 933 1205 1007 Μαρτύριον
1267 930 1614 1000 ἀποσταλεὶς,
1676 930 1749 991 ὡς
1799 927 2025 997 ἤκουσεν

373 1022 690 1084 έπιστάντας
745 1021 875 1084 τοὺς
934 1016 1332 1098 πρεσϐυτέρους
1391 1019 1741 1088 Ἀθανασίου,
1804 1014 2026 1092 ἐκδεχο-

377 1112 549 1185 μένων
609 1114 769 1184 ἡμῶν
828 1112 929 1179 τήν
982 1109 1279 1186 παρουσίαν
1341 1110 1504 1164 αὑτοῦ
1568 1109 1701 1182 μετὰ
1749 1112 1855 1161 τῶν
1904 1105 2027 1179 περὶ

372 1199 680 1275 Μαρτύριον
739 1200 828 1255 καὶ
875 1198 1176 1275 Ἡσύχιον,
1232 1196 1555 1271 ἀπεδήμησε
1610 1195 1800 1258 νυκτὸς
1851 1195 2029 1250 καίτοι

372 1294 545 1345 νοσῶν
574 1293 654 1362 τῷ
685 1290 919 1362 σώματι·
955 1290 1031 1351 ὡς
1063 1288 1123 1344 έκ
1150 1288 1345 1343 τούτου
1375 1286 1566 1342 λοιπὸν
1599 1290 1748 1359 ἡμᾶς
1788 1283 2025 1339 ἀκολού-

372 1379 481 1441 θως
530 1380 885 1454 στοχάζεσθαι
939 1380 1074 1451 (66),
1136 1376 1239 1449 ὅτι,
1303 1376 1701 1452 αἰσχυνόμενος
1758 1376 1849 1430 τὸν
1893 1375 2029 1427 κατὰ

374 1471 573 1523 Πιστοῦ
612 1463 868 1543 ἔλεγχον,
920 1467 1286 1541 ἀνεχώρησεν.
1335 1464 1624 1520 ’Δδύνατον
1659 1466 1761 1539 γὰρ
1800 1465 1899 1532 τήν
1930 1483 2025 1517 κα-

370 1551 618 1627 τάστασιν
682 1551 983 1609 Σεκούνδου
1039 1558 1136 1608 τοῦ
1197 1555 1477 1627 Ἀρειανοῦ
1536 1552 1587 1607 ἐν
1632 1555 1698 1626 τῇ
1759 1548 2024 1624 καθολικῇ

370 1623 674 1715 ςΕκκλησίᾳ
704 1642 943 1718 ἰσχῦσαι.
997 1641 1219 1717 Ἀτιμία
1265 1623 1369 1718 γὰρ
1422 1640 1643 1712 ἀληθῶς
1676 1623 1831 1710 *αὕτη
1892 1623 2027 1693 κατά

370 1739 473 1802 τῆς
523 1730 748 1788 συνόδου
786 1733 876 1787 καὶ
933 1736 1039 1786 τῶν
1103 1731 1154 1787 έν
1215 1731 1350 1804 αύτῇ
1402 1728 1764 1785 συνελθόντων
1808 1727 2023 1783 ἐπισκό-

370 1842 513 1894 πων,
546 1821 631 1877 έὰν
671 1823 739 1876 τὰ
794 1823 928 1896 μετά
970 1820 1237 1892 τοσαύτης
1289 1817 1531 1888 σπουδῆς
1579 1819 1669 1873 καὶ
1718 1812 2022 1889 εὐλαϐείας,

373 1910 448 1973 ὡς
477 1914 611 1965 Θεοῦ
640 1909 930 1986 παρόντος,
963 1909 1247 1985 γενόμενα,
1274 1910 1389 1963 ἀντὶ
1424 1905 1657 1982 μηδενὸς
1690 1905 1854 1980 λυθῇ.

441 2002 531 2055 25.
564 1996 732 2075 Εἴπερ
777 1997 894 2071 οῦν,
928 1999 1003 2060 ὡς
1052 2000 1307 2075 γράφετε,
1358 1998 1417 2051 ἐκ
1461 2001 1557 2051 τοῦ
1604 1998 1741 2051 κατὰ
1788 1990 2029 2050 Νοϐἆτον

372 2086 462 2143 καί
507 2088 597 2143 τὸν
651 2087 973 2162 Σαμοσατέα
1019 2085 1235 2141 Παῦλον
1306 2083 1749 2161 παραδείγματος
1802 2086 1869 2139 τὰ
1922 2088 2029 2138 τῶν

374 2174 611 2233 συνόδων
644 2175 852 2253 ἰσχύειν
884 2174 1133 2251 δόγματα
1165 2177 1302 2251 χρὴ,
1336 2172 1443 2230 ἔδει
1502 2172 1715 2248 μᾶλλον
1752 2176 1826 2247 μὴ
1861 2171 2028 2242 λυθῆ-

372 2288 460 2321 ναι
514 2269 622 2321 τῶν
681 2263 1006 2340 τριακοσίων
1054 2266 1154 2333 τὴν
1190 2268 1394 2341 ψῆφον,
1429 2261 1535 2318 ἔδει
1582 2266 1681 2333 την
1732 2261 2030 2330 καθολικὴν

375 2352 598 2411 σύνοδον
651 2355 753 2409 ὑπὸ
804 2358 913 2409 τῶν
944 2352 1169 2429 ηόλίγων
1208 2355 1283 2427 μὴ
1317 2353 1699 2426 ἀτιμασθῆναι.
1754 2351 2032 2427 Αἱρετικοὶ

372 2446 477 2521 γὰρ
511 2445 565 2499 οἱ
595 2443 885 2518 Ἀρειανοὶ,
919 2440 1099 2519 ὥσπερ
1150 2443 1411 2514 κάκεῖνοι,
1463 2444 1552 2496 καὶ
1594 2440 1783 2513 ὅμοιαι
1815 2441 1868 2495 αἱ
1896 2441 2033 2495 κατὰ

370 2532 578 2589 τούτων
612 2536 788 2611 ψῆφοι
834 2536 954 2593 ταῖς
1001 2533 1117 2586 κατ’
1167 2531 1405 2588 ἐκείνων.
1455 2529 1669 2586 Τούτων
1718 2528 1775 2585 δὲ
1810 2527 2028 2603 τολμη-

368 2624 594 2693 θέντων,
643 2621 787 2683 τίνες
839 2620 970 2675 εἰσὶν
1024 2621 1077 2674 οἱ
1128 2619 1310 2696 φλόγα
1358 2618 1639 2695 διχονοίας
1685 2619 2026 2693 ἀνάψαντεςς

372 2714 521 2786 ἡμᾶς
569 2712 674 2787 γὰρ
718 2714 880 2765 τοῦτο
928 2710 1281 2780 πεποιηκέναι
1331 2711 1631 2785 γράψαντες
1684 2708 2019 2782 έμέμψασθε.

370 2802 492 2877 'Ap’
522 2800 612 2855 οὗν
655 2801 820 2874 ἡμεῖς
871 2797 1153 2874 διχονοίας
1205 2799 1568 2875 εἰργασάμεθα
1616 2800 1667 2852 οἱ
1707 2796 2029 2872 συναλγοῦν-

371 2911 459 2952 τες
486 2894 605 2952 τοῖς
652 2889 954 2964 πάσχουσιν
1006 2886 1382 2966 ἀδελφοῖς,καὶ
1432 2889 1571 2941 κατὰ
1617 2885 1812 2941 κανόνα
1858 2886 2029 2939 πάντα

372 2978 731 3050 πεποιηκότες
768 2998 782 3049 ;
816 2977 850 3047 ἢ
878 2978 929 3032 οἱ
971 2976 1296 3055 φιλονείκως
1346 2977 1435 3031 καὶ
1484 2978 1629 3050 παρά
1670 2975 1868 3030 κανόνα
1916 2978 2024 3029 τῶν

370 3066 695 3145 τριακοσίων
744 3068 845 3137 τὴν
903 3070 1084 3142 ψῆφον
1143 3066 1402 3129 λύσαντες
1436 3114 1451 3139 ,
1508 3066 1599 3120 καὶ
1666 3067 1802 3120 κατὰ
1856 3066 2027 3119 πάντα

370 3161 468 3228 τὴν
500 3155 719 3213 σύνοδον
751 3154 1105 3229 ἀτιμάσαντες
1140 3176 1153 3225 ;
1188 3155 1260 3210 Οὐ
1307 3156 1410 3231 γὰρ
1466 3156 1625 3229 μόνον
1674 3157 1725 3209 οἳ
1754 3154 2025 3228 Ἀρειανοὶ

373 3244 692 3323 ἐδέχθησαν,
724 3242 871 3299 ἀλλὰ
917 3243 1005 3299 καί
1056 3244 1160 3301 ἀπὸ
1190 3245 1362 3299 τόπου
1409 3244 1486 3307 εἷς
1514 3243 1679 3299 τόπον
1718 3242 2024 3317 μεμελετή-

2139 669 2355 727 mus,et
2372 663 2763 733 impiis,quasi
2780 664 2859 735 pii
2876 665 3374 729 fuissent,litteras
3390 666 3790 723 mitteremus?

2138 751 2286 804 Nam
2314 751 2606 807 Macarius
2630 753 2753 823 ipse
2776 754 3098 824 presbyter,
3125 754 3226 825 qui
3261 771 3396 808 cum
3420 755 3695 827 Martyrio
3718 757 3790 811 ab

2139 839 2386 894 Eusebio
2412 839 2630 895 missus
2668 846 2777 904 est,
2813 847 2877 896 ut
2925 843 3146 897 audivit
3175 843 3395 898 instare
3422 844 3791 917 presbyteros

2137 929 2463 995 Athanasii,
2492 946 2627 983 cum
2653 947 2759 985 nos
2782 936 3253 1001 exspectaremus
3274 936 3339 986 ut
3356 950 3468 987 una
3486 949 3619 988 cum
3644 934 3792 989 Mar—

2139 1016 2288 1089 tyrio
2322 1022 2379 1073 et
2410 1017 2697 1089 Hesychio
2729 1036 2922 1074 coram
2957 1021 3125 1075 nobis
3170 1037 3233 1076 se
3263 1022 3516 1088 sisteret,
3550 1039 3792 1095 corpore

2137 1106 2274 1160 licet
2303 1123 2472 1177 aeger,
2506 1111 2682 1161 noctu
2706 1109 2994 1163 abscessit
3017 1134 3031 1177 ;
3056 1115 3120 1164 ut
3138 1109 3275 1165 hinc
3297 1127 3406 1166 nos
3427 1112 3634 1167 merito
3656 1129 3790 1168 con-

2135 1195 2473 1265 jiceremus,
2506 1212 2642 1251 eum
2676 1196 2804 1251 ideo
2854 1197 3216 1267 discessisse,
3264 1200 3419 1270 quod
3451 1216 3513 1255 se
3543 1201 3792 1272 puderet

2140 1284 2363 1339 Pislum
2398 1284 2728 1340 convictum
2760 1286 2829 1340 iri
2858 1303 2869 1340 :
2906 1302 3040 1341 cum
3072 1286 3434 1358 impossibile
3463 1293 3617 1345 esset
3637 1290 3791 1345 ordi-

2142 1372 2445 1427 nationem
2472 1373 2722 1429 Secundi
2782 1374 2979 1429 Ariani
3026 1374 3086 1429 in
3119 1375 3373 1432 Ecclesia
3398 1377 3608 1449 valere,
3641 1377 3788 1434 illud

2142 1462 2297 1517 enim
2334 1478 2535 1518 revera
2563 1462 2785 1536 synodo
2818 1466 2876 1519 et
2922 1463 3214 1536 episcopis
3261 1466 3361 1536 qui
3396 1467 3458 1522 in
3488 1483 3556 1523 ea
3583 1483 3789 1524 conve-

2143 1568 2279 1607 nere
2310 1552 2802 1609 contumeliosum
2834 1557 3006 1624 esset,
3040 1553 3089 1609 si
3122 1570 3247 1625 quae
3276 1553 3362 1610 illi
3402 1559 3565 1611 tanto
3596 1555 3790 1612 studio

2143 1656 2209 1695 ac
2240 1641 2474 1712 pietate,
2509 1642 2679 1713 quasi
2712 1642 2829 1697 Deo
2877 1646 3163 1713 praesente
3198 1642 3475 1715 egissent,
3507 1648 3792 1716 tanquam

2140 1729 2289 1785 nulli
2321 1730 2491 1802 pretii
2531 1730 2971 1803 abrogarentur.

2212 1997 2299 2053 25.
2334 1999 2391 2052 Si
2449 1998 2648 2069 igitur,
2704 1999 2791 2053 uti
2850 1999 3129 2066 scribitis,
3187 2016 3257 2056 ex
3296 1999 3501 2055 Novati
3530 2003 3587 2057 et
3625 1999 3789 2057 Pauli

2141 2087 2570 2143 Samosateusis
2592 2088 2878 2160 exemplo,
2906 2090 3265 2160 synodorum
3299 2090 3575 2162 dogmata
3594 2092 3791 2165 vigere

2142 2179 2401 2247 oportet:
2437 2180 2590 2232 certe
2650 2176 2835 2232 multo
2899 2177 3088 2249 magis
3146 2177 3340 2233 decuit
3390 2182 3789 2237 trecentorum

2142 2265 2553 2337 episcoporum
2589 2266 2823 2321 decreta
2880 2281 2996 2321 non
3029 2266 3195 2321 irrita
3238 2267 3387 2336 ﬁeri,
3416 2284 3520 2323 nec
3550 2269 3790 2325 univer-

2142 2353 2325 2409 salem
2359 2355 2650 2426 synodum
2683 2371 2716 2409 a
2745 2354 2948 2426 paucis
2977 2357 3292 2411 contemni.
3342 2356 3603 2413 Haeretici
3629 2359 3789 2415 enim

2142 2447 2281 2497 sunt
2311 2443 2506 2498 Ariani
2542 2458 2703 2514 aeque
2734 2459 2800 2498 ac
2856 2442 2964 2515 illi,
3024 2443 3304 2515 pariaque
3361 2449 3566 2502 contra
3590 2445 3699 2503 hos
3723 2463 3792 2503 ac

2141 2537 2345 2587 contra
2372 2531 2506 2587 illos
2538 2532 2770 2587 decreta
2806 2533 3091 2604 prodiere.
3144 2532 3290 2589 Cum
3319 2533 3465 2589 tales
3496 2551 3675 2591 ausus
3705 2536 3788 2591 vi-

2141 2620 2425 2690 derimus,
2460 2621 2709 2692 quinam
2742 2621 3048 2677 discordiae
3096 2622 3398 2677 ﬂammam
3429 2624 3791 2680 accendere?

2141 2726 2255 2764 non
2290 2709 2448 2764 enim
2480 2714 2545 2764 ut
2576 2710 2677 2780 qui
2708 2709 2830 2765 haec
2860 2711 3171 2766 fecerimus
3194 2711 3471 2783 arguistis
3493 2711 3554 2767 in
3577 2712 3791 2770 litteris

2138 2799 2369 2854 vestris.
2404 2798 2597 2853 Nosne
2626 2798 2979 2854 discordiam
3020 2799 3383 2869 induximus,
3411 2801 3513 2872 qui
3542 2800 3787 2857 afﬂicto-

2138 2905 2270 2943 rum
2302 2888 2553 2943 fratrum
2584 2887 2771 2943 vicem
2800 2886 3090 2955 dolemus,
3131 2892 3189 2943 et
3234 2889 3435 2947 omnia
3459 2891 3787 2947 secundum

2139 2994 2420 3033 canonem
2452 2976 2680 3049 egimus
2700 2977 2728 3030 ?
2757 2994 2952 3033 annon
2984 2977 3180 3049 potius
3211 2978 3311 3049 qui
3342 2980 3700 3036 contentiose
3728 2984 3788 3036 et

2139 3070 2340 3122 contra
2362 3082 2667 3133 canonem,
2694 3070 3086 3121 trecentorum
3119 3068 3349 3123 decreta
3384 3067 3697 3136 violarunt,
3728 3073 3788 3126 et

2138 3156 2198 3211 in
2232 3156 2509 3211 omnibus
2541 3156 2831 3227 synodum
2863 3156 3383 3229 contempserunt?
3432 3158 3558 3213 Non
3590 3158 3784 3215 solum

2137 3245 2294 3301 enim
2316 3244 2512 3300 Ariani
2537 3244 2803 3310 admissi,
2828 3245 2929 3300 sed
2952 3249 3009 3299 et
3030 3262 3065 3300 a
3083 3244 3207 3301 loco
3233 3244 3503 3302 inlocum
3526 3248 3785 3320 episcopi

371 3320 523 3390 xao‘t‘v
552 3333 839 3388 ἐπίσκοποι
870 3327 1162 3386 διαϐαίνειν
1218 3334 1348 3405 (67).
1384 3332 1448 3386 Εἰ
1498 3332 1589 3386 οῦν
1638 3332 1859 3402 ἀληθῶς
1906 3328 2025 3401 ἷίτην

2147 3351 2269 3391 sese
2300 3334 2616 3389 transferre
2647 3332 2835 3389 moliti
2866 3337 3024 3390 sunt.
3088 3335 3147 3389 Si
3202 3333 3382 3407 igitur
3426 3352 3557 3391 vere
3586 3352 3783 3409 parem

445 3423 460 3443 κ
661 3420 674 3443 9
923 3425 945 3436 ’⁸
1320 3426 1345 3435 θ’
1435 3420 1449 3439 5
2000 3422 2015 3441 ἱ

372 3443 462 3478 και
491 3424 590 3492 τὴν
620 3422 784 3490 αυτὴν
817 3423 1039 3495 ἠγεισθε
1064 3422 1230 3494 τιμὴν
1281 3442 1387 3475 των
1432 3421 1762 3491 επισκόπων,
1804 3422 1893 3475 καὶ
1947 3443 2022 3493 μη

374 3511 435 3568 έκ
478 3516 576 3566 τοῦ
631 3511 890 3585 μεγέθους
933 3514 1041 3563 τῶν
1092 3508 1333 3579 πόλεων,
1383 3510 1456 3571 ὡς
1512 3512 1763 3588 γράφετε,
1821 3509 2026 3585 κρίνετε

370 3600 501 3663 τοὺς
531 3599 879 3668 ἐπισκόπους,
928 3595 1035 3653 ἔδει
1079 3598 1170 3652 τὸν
1220 3600 1640 3672 πεπιστευμένον
1702 3600 1893 3674 μικρὰν
1930 3594 2023 3673 μέ-

372 3710 480 3745 νειν
538 3689 589 3745 έν
645 3692 714 3763 τῇ
770 3685 1128 3761 πιστευθείσῃ,
1188 3688 1279 3741 καὶ
1342 3688 1416 3760 μὴ
1470 3687 1757 3757 ἐξουθενεῖν
1824 3688 1916 3761 μὲν
1962 3689 2025 3742 τὸ

373 3778 800 3853 πεπιστευμένον
833 3779 968 3851 (68),
1020 3770 1356 3850 μεταϐαίνειν
1409 3773 1466 3830 δὲ
1497 3776 1572 3838 εἰς
1602 3778 1701 3845 τήν
1741 3778 1814 3849 μὴ
1849 3776 2027 3853 ἐγχει-

376 3871 666 3945 ρισθεῖσαν,
721 3865 814 3921 ’ἶνα
865 3873 967 3936 τῆς
1028 3866 1121 3939 μὲν
1182 3866 1328 3941 παρὰ
1378 3870 1511 3920 Θεοῦ
1570 3863 1817 3936 δοθείσης
1868 3886 2025 3919 κατα-

376 3961 571 4036 φρονῇ,
620 3957 720 4025 τὴν
773 3953 831 4010 δὲ
886 3958 994 4009 τῶν
1044 3954 1342 4030 ἀνθρώπων
1392 3953 1696 4024 κενοδοξίαν
1745 3954 2027 4029 ἀγαπήση-

370 4046 603 4118 Ούκοῦν,
637 4043 935 4121 ἀγαπητοὶ,
981 4041 1087 4098 ἔδει
1138 4045 1463 4114 ἀπαντῆσαι,
1510 4044 1710 4116 καὶμὴ
1761 4044 2027 4117 παραιτήκ

375 4137 584 4208 σασθαι,
611 4132 705 4189 θίνα
732 4133 823 4189 καὶ
850 4131 1013 4196 τέλος
1062 4128 1204 4206 λάϐῃ
1246 4132 1308 4187 τὸ
1356 4138 1610 4208 πρᾶγμα*
1671 4137 1833 4188 τοῦτο
1864 4134 1967 4207 γὰρ
2000 4132 2028 4187 ὁ

375 4223 542 4301 λόγος
603 4225 837 4280 ἀπαιτεῖ.
898 4219 1054 4277 Ἀλλ’
1110 4219 1242 4284 ἷ¹σως
1300 4224 1334 4291 ὴ
1388 4221 1693 4297 προθεσμία
1732 4220 2025 4277 ἐνεπόδισε’

371 4314 675 4389 γράψαντες
731 4312 834 4386 γὰρ
895 4309 1225 4384 ἐμέμψασθε,
1286 4309 1371 4365 ὅτι
1430 4311 1616 4379 στενὴν
1675 4311 1773 4380 τὴν
1835 4312 2028 4386 προθε-

378 4401 542 4475 σμίαν
576 4402 675 4469 τῆς
713 4396 937 4454 συνόδου
970 4399 1265 4476 ὡρίσαμεψ
1301 4397 1445 4453 ἀλλά
1486 4400 1577 4453 καὶ
1605 4403 1786 4472 τοῦτο,
1819 4399 2029 4475 ἀγαπη-

372 4490 482 4561 τοὶ,
537 4486 808 4567 πρόφασίς
856 4488 996 4543 ἐστιν
1026 4531 1038 4544 .
1090 4487 1155 4542 Ei’
1211 4488 1303 4560 μὲν
1356 4488 1457 4563 γὰρ
1507 4487 1841 4564 ἐρχομένους
1883 4489 2031 4550 τινὰς

376 4578 714 4637 συνέκλ¹δισεν
774 4579 809 4648 ἠ
855 4576 1060 4653 ἡμέρα,
1120 4577 1299 4631 στενὸν
1354 4576 1411 4630 ἂν
1481 4578 1543 4631 τὸ
1602 4574 1877 4650 διάστημα
1932 4584 2033 4646 τῆς

2136 3424 2530 3493 eamdemque
2553 3420 2902 3477 existimatis
2923 3422 3331 3494 episcoporum
3345 3423 3627 3481 honorem
3645 3442 3657 3480 :
3678 3442 3785 3482 nec

2135 3528 2204 3567 ex
2236 3509 2645 3582 magnitudine
2674 3509 2996 3580 civitatum,
3046 3512 3130 3565 uti
3162 3511 3442 3582 scribitis,
3474 3513 3781 3587 episcopo-
3865 3562 3877 3574 .

2138 3617 2268 3656 rum
2303 3599 2650 3671 dignitatem
2685 3598 2998 3669 metimini,
3031 3600 3288 3672 oportuit
3316 3618 3452 3657 cum
3482 3603 3575 3657 cui
3606 3620 3786 3676 parva
3863 3669 3881 3688 ι

2136 3690 2340 3746 civitas
2358 3688 2687 3743 concredita
2705 3688 2913 3757 fuerat,
2933 3687 2992 3743 in
3011 3688 3111 3744 illa
3129 3707 3498 3760 manere,nec
3515 3697 3782 3750 contem-

2135 3785 2237 3852 pta
2255 3778 2356 3833 illa
2381 3794 2508 3849 quae
2532 3777 2643 3833 sibi
2666 3777 2886 3832 credita
2906 3782 3047 3847 erat,
3073 3779 3145 3834 ad
3168 3778 3345 3835 aliam
3362 3780 3473 3835 sibi
3491 3798 3607 3837 non
3628 3798 3784 3839 com-

2137 3869 2383 3925 missam
2401 3866 2653 3922 transire
2673 3885 2686 3934 ;
2727 3866 2811 3922 ita
2832 3870 2897 3922 ut
2916 3884 3044 3923 eam
3064 3884 3191 3939 qua
3228 3869 3342 3925 sibi
3362 3887 3396 3925 a
3419 3876 3530 3927 Deo
3562 3873 3780 3931 tradita

2136 3961 2225 4014 est
2253 3956 2598 4029 despiceret,
2632 3956 2870 4012 inanem
2898 3972 3030 4012 vero
3062 3956 3372 4014 hominum
3403 3960 3648 4031 gloriam
3677 3979 3778 4018 ex-

2139 4050 2384 4118 optaret.
2396 4045 2562 4117 Ergo,
2578 4043 3347 4117 dilectissimi,oportuitvos
3360 4047 3475 4104 huc
3487 4052 3784 4121 accedere,

2139 4140 2195 4190 et
2225 4151 2342 4189 non
2375 4135 2652 4205 abnuere,
2686 4150 2801 4206 quo
2830 4134 3126 4206 negotium
3162 4137 3233 4191 ad
3267 4137 3443 4193 finem
3475 4140 3789 4199 deducere-

2140 4228 2239 4279 tur
2268 4240 2279 4278 :
2306 4222 2363 4278 id
2382 4222 2539 4278 enim
2561 4222 2708 4277 ratio
2730 4223 3006 4294 postulat.
3032 4224 3144 4279 Sed
3162 4225 3405 4282 fortasse
3426 4230 3785 4299 praeﬁnitum

2139 4316 2376 4383 tempus
2408 4311 2466 4367 id
2496 4310 2659 4366 vobis
2693 4328 2802 4366 non
2836 4312 3104 4382 permisit
3132 4332 3144 4382 ;
3178 4314 3236 4369 in
3268 4314 3477 4374 litteris
3508 4320 3663 4375 enim
3699 4337 3792 4377 ve-

2143 4400 2281 4456 stris
2312 4399 2617 4471 conquesti
2652 4400 2793 4454 estis
2822 4400 2893 4455 ad
2922 4402 3212 4472 synodum
3240 4407 3581 4477 cogendam,
3606 4425 3792 4482 angu-

2144 4495 2301 4545 stum
2334 4489 2617 4560 temporis
2650 4488 2907 4560 spatium
2943 4507 3050 4545 nos
3104 4491 3441 4550 deﬁnivisse
3475 4511 3486 4549 :
3522 4498 3621 4552 sed
3654 4498 3787 4568 hoc,

2145 4577 2361 4648 dilecti,
2394 4593 2555 4632 mera
2584 4576 2873 4632 cavillatio
2903 4582 3010 4634 est.
3065 4579 3209 4636 Nam
3252 4580 3302 4637 si
3333 4598 3482 4654 quos
3503 4586 3630 4656 jam
3662 4604 3794 4659 pro-

383 4666 718 4745 προθεσμίας
748 4665 1020 4743 ἠλέγχθη⁶
1065 4665 1109 4720 εἰ
1156 4663 1213 4719 δὲ
1258 4666 1309 4755 οἳ
1343 4663 1515 4720 ἐλθεῖν
1567 4667 1640 4755 μὴ
1682 4664 2030 4740 βουλόμενοι,

2147 4667 2328 4722 fectos
2350 4666 2473 4722 dies
2505 4665 2602 4721 ille
2632 4667 3035 4737 praevertisset,
3077 4674 3395 4742 angustum
3444 4690 3584 4731 sane
3610 4676 3794 4733 fuisse

384 4758 751 4832 κατεσχήκασι
800 4753 890 4810 καί
938 4756 1066 4817 τοὺς
1118 4749 1514 4831 πρεσϐυτέρους
1571 4752 1677 4816 ἕως
1730 4754 1893 4809 αὐτοῦ
1940 4759 2037 4810 τοῦ

386 4843 719 4919 Ἰανουαρίου
750 4846 857 4918 (69)
893 4845 1085 4917 μηνὸς,
1142 4845 1216 4917 μή
1277 4842 1615 4919 θαρρούντων
1661 4842 1798 4899 ἐστὶν
1834 4846 1867 4913 ἡ
1904 4843 2037 4921 πρό-

389 4953 571 5013 φασις’
601 4930 771 5001 ἦλθον
818 4934 921 5007 γὰρ
966 4932 1049 5007 ἃν,
1083 4933 1156 4995 ὡς
1205 4938 1491 5009 προεῖπον,
1542 4934 1586 4987 εἰ
1646 4933 1922 5009 ἐθάρρουν,
1976 4934 2037 4989 ού

385 5022 524 5098 πρὸς
581 5022 644 5077 τὸ
696 5019 970 5095 διάστημα
1013 5028 1114 5091 τῆς
1167 5019 1294 5076 ὀδοῦ
1344 5026 1687 5093 σκοποῦντες,
1739 5022 1864 5077 οὐδὲ
1902 5024 2039 5099 πρὸς

384 5113 487 5182 τὴν
518 5109 851 5186 προθεσμίαν
894 5111 1149 5184 ὁρῶντες,
1201 5109 1324 5166 ἀλλ’
1375 5110 1462 5166 ἐπὶ
1514 5116 1632 5173 τοῖς
1678 5108 1909 5174 δικαίοις
1950 5111 2040 5166 καὶ

426 5221 571 5313 ⁵(ἐξῇ)
603 5220 698 5313 Sic
726 5219 865 5292 Reg.
901 5222 957 5275 et
987 5218 1166 5275 Basil.
1193 5219 1346 5275 Editi
1375 5236 1510 5276 vero
1533 5222 1834 5289 mendose,
1860 5223 2042 5291 Πιστῷ

387 5289 869 5437 τῇὸϐξέθῖᾟθε.
904 5366 962 5418 et
1016 5360 1194 5417 Basil.
1255 5362 1406 5418 Editi
1462 5380 1619 5433 vero,
1674 5362 2045 5437 ἀποστοχάζε-

392 5435 579 5576 σθῗθθ)
608 5505 931 5563 Eusebium
963 5504 1151 5576 carpit
1180 5505 1281 5575 qui
1330 5504 1529 5560 relicta
1580 5504 1879 5576 Berytensi
1911 5505 2048 5560 sede

390 5577 893 5633 Nicomediensem
918 5581 1255 5648 occuparat,
1282 5594 1346 5632 ac
1370 5578 1611 5631 demum
1636 5577 1787 5631 hanc
1814 5592 2050 5648 quoque

390 5649 731 5719 repudians,
750 5648 1459 5720 Constantinopolitanam
1483 5648 1798 5720 invaserat.
1820 5648 1955 5711 Qum
1978 5648 2050 5703 de

391 5718 531 5779 sede
558 5720 619 5775 in
654 5720 855 5776 sedem
911 5718 1219 5778 translatio
1279 5735 1503 5777 canone
1559 5718 1792 5777 Niceno
1823 5720 2049 5778 decimo

392 5790 601 5871 quinto
642 5790 1009 5868 prohibetur.

651 5918 947 5986 ’Parson.
993 5920 1114 5985 Gn.
1151 5919 1343 5987 XXV.

2147 4756 2419 4828 praeﬁniti
2433 4756 2711 4827 temporis
2733 4757 2990 4828 spatium
3014 4757 3206 4829 palam
3232 4765 3404 4817 esset.
3430 4762 3574 4819 Cum
3596 4770 3794 4822 autem

2148 4845 2188 4900 ii
2210 4846 2426 4916 quibus
2460 4845 2730 4901 accedere
2762 4862 2878 4901 non
2935 4846 3128 4918 libuit,
3160 4850 3531 4921 presbyteros
3565 4870 3798 4927 quoque

2150 4950 2339 5006 usque
2358 4934 2427 4989 ad
2449 4950 2710 4990 mensem
2723 4935 3070 4991 Januarium
3086 4937 3459 5007 detinuerint,
3477 4958 3639 4998 mera
3654 4961 3799 5002 sane

2151 5023 2438 5079 cavillatio
2470 5022 2645 5078 fuerit
2675 5022 2981 5079 hominum
3016 5026 3140 5081 suis
3163 5027 3337 5083 rebus
3360 5028 3754 5088 difﬁdentium
3778 5052 3797 5090 .-

2154 5111 2450 5167 venissent
2491 5111 2670 5179 enim,
2700 5117 2767 5167 ut
2788 5114 2949 5184 prius
2974 5113 3110 5183 dixi,
3150 5115 3199 5171 si
3222 5116 3292 5171 de
3313 5132 3421 5172 sua
3443 5133 3623 5174 causa
3653 5121 3800 5178 bene

2365 5218 2728 5299 Editimale,
2784 5219 2873 5273 τὸν
2928 5220 3377 5293 πεπιστευμένον,
3430 5241 3537 5281 nos
3569 5224 3709 5299 Reg.
3743 5230 3802 5284 et

2154 5290 2329 5346 Basil.
2364 5290 2690 5360 sequimur.

2384 5362 2532 5455 Edig.
2593 5361 2897 5455 Cominelq
2938 5362 3339 5455 ΔἸορανγιαρίου
3396 5366 3802 5455 ΡαςὶεηὶἹουα-

2154 5432 2387 5509 νιαρίου,
2418 5434 2519 5509 sed
2553 5450 2696 5509 mss.
2726 5439 2864 5509 Beg.
2904 5438 2961 5509 et
3001 5435 3176 5509 Basil.
3214 5432 3800 5509 Ἰαννουαρίουᾞθῦθι.

2157 5503 2307 5561 Sunt
2337 5504 2437 5576 qui
2470 5503 2694 5557 Ἰουνίου
2745 5503 3059 5577 legendum
3082 5508 3417 5563 existiment
3442 5503 3462 5563 τ’
3491 5511 3591 5565 sed
3625 5511 3805 5566 recla-

2160 5581 2326 5631 mant
2354 5592 2557 5631 omnes
2586 5593 2720 5630 cum
2752 5576 2891 5632 editi
2924 5582 3050 5631 tum
3085 5595 3231 5635 mss.
3252 5620 3265 5646 ,
3310 5597 3563 5646 quorum
3596 5583 3802 5638 lectio-

2159 5663 2293 5703 nem
2315 5663 2465 5702 νει-ω
2496 5647 2750 5702 historiae
2811 5664 3128 5719 congruere
3185 5651 3243 5707 in
3300 5647 3520 5708 Monito
3549 5655 3620 5709 ad
3651 5652 3804 5712 hanc

2158 5720 2482 5792 Apologiam
2511 5719 3062 5778 demonstravimus.

3458 5919 3532 5989 10
