4178 6452
271 3667 312 3690 ο.

349 439 465 500 291

901 435 966 496 S.
1012 433 1438 495 ATHANASII
1484 432 1658 494 OPP.
1707 433 1912 494 PARS
1958 433 2007 494 1.
2037 461 2118 480 -
2147 433 2572 496 HISTOBICA
2614 433 2715 495 ET
2759 432 3245 496 DOGMATICA.

344 571 710 642 sperassent;
732 583 848 624 non
866 565 1090 622 itineris
1105 563 1473 620 intervallum
1493 563 1982 632 considerassent,

2100 567 2218 625 τοῖς
2260 561 2512 637 εὐλόγοις
2559 561 3082 639 παρρησιαζόμενοι.
3129 559 3291 618 Ἀλλ’
3341 561 3470 627 ἴσως
3521 562 3613 621 διὰ
3668 567 3760 622 τὸν

345 674 452 714 nec
479 657 555 714 ad
586 654 942 728 praefinitum
973 658 1210 726 tempus
1241 653 1657 725 respexissent,
1691 654 1792 709 sed
1817 652 1989 722 justi-

344 747 438 806 tim
463 751 523 803 et
551 745 812 818 aequitati
843 761 960 801 suas
992 759 1178 799 causae
1207 742 1606 798 conﬁdissent.
1630 740 1987 797 Att'ortassis

342 836 416 893 ob
446 835 728 908 temporis
759 834 1045 890 rationem
1076 849 1192 889 nou
1234 848 1474 900 venere;
1518 831 1628 888 hoc
1671 830 1829 886 enim
1863 846 1989 884 sur-

345 941 477 982 sum
509 925 726 996 scripto
756 922 1135 996 significastis
1162 948 1176 990 ;
1225 921 1558 994 oportuisse
1605 920 1829 977 scilicet
1858 935 1987 984 nos,

345 1013 870 1070 animadvertentrs
891 1015 1238 1084 prasentem
1257 1027 1453 1067 rerum
1471 1008 1855 1066 Orientalium
1875 1011 1990 1063 sta-

343 1106 493 1170 tum,
528 1119 646 1159 non
674 1117 778 1159 vos
806 1100 1030 1160 hortari
1063 1101 1135 1156 ad
1185 1101 1562 1156 veniendum.
1615 1099 1675 1155 Si
1705 1097 1886 1170 igitur
1915 1096 1987 1151 ob

345 1191 518 1249 talem
547 1193 562 1260 i
575 1195 909 1264 temporum
962 1188 1360 1246 conditionem
1415 1187 1655 1260 profecti
1688 1203 1805 1242 non
1847 1184 1990 1241 estis

341 1285 409 1338 ut
425 1279 642 1349 dicitis,
664 1281 978 1350 decuitIvos
994 1281 1054 1336 in
1073 1277 1303 1351 primis,
1322 1277 1424 1350 qui
1439 1275 1724 1349 temporis
1741 1273 1990 1344 huiusce

339 1369 624 1427 rationem
639 1367 1064 1442 spectatis,non
1077 1358 1345 1423 auctores
1360 1362 1924 1432 schismatis,luctus
1935 1366 1993 1418 et

339 1458 740 1532 lacrymarum
764 1457 824 1514 in
843 1456 1121 1514 Ecclesiis
1138 1473 1239 1514 vos
1269 1454 1560 1512 exhibere.
1581 1454 1612 1510 J
1619 1469 1714 1509 am
1734 1452 1834 1524 qui
1853 1449 1992 1507 talia

2097 654 2282 728 καιρὸν
2335 652 2433 707 οὐκ
2481 654 2830 724 ἀπήντησαν·
2879 657 3042 708 τοῦτο
3090 654 3191 729 γὰρ
3241 654 3542 732 γράφοντες
3591 654 3759 712 πάλιν

2099 737 2432 811 ἐδηλώσατε,
2473 741 2547 804 ὡς
2581 739 2683 818 ἄρα
2734 739 2843 796 ἔδει
2890 743 3061 814 ἡμᾶς,
3112 744 3484 812 σκοπήσαντας
3527 744 3620 799 τὸν
3669 745 3762 801 ἐπὶ

2096 835 2199 897 τῆς
2231 829 2369 902 ἑῴας
2413 830 2621 903 καιρὸν,
2662 831 2736 903 μή
2790 830 3190 907 προτρέψασθαι
3239 831 3382 904 ὑμᾶς
3429 832 3756 904 ἀπαντῆσαι.

2097 918 2162 972 Εἰ
2199 918 2291 990 μὲν
2323 919 2414 973 οὖν
2461 916 2552 973 διὰ
2596 919 2659 974 τὸ
2707 924 2954 974 τοιοῦτον
3012 919 3146 974 εἶναι
3175 920 3266 974 τὸν
3314 921 3502 996 καιρὸν
3536 921 3636 977 οὐκ
3662 922 3762 978 ἀπ-

2097 1009 2388 1079 ηντήσατε,
2422 1007 2498 1070 ὡς
2527 1008 2679 1085 φατὶ,
2713 1002 2820 1061 ἔδει
2848 1006 3146 1084 προτέρους
3178 1010 3293 1083 (70)
3326 1009 3489 1083 ὑμᾶς,
3519 1011 3610 1066 τὸν
3643 1031 3761 1067 και-

2101 1096 2190 1168 ρὸν
2221 1100 2410 1150 τοῦτον
2444 1099 2846 1167 σκοπήσαντας,
2897 1099 2972 1170 μή
3023 1097 3231 1160 αἰτίους
3274 1098 3605 1173 σχίσματος,
3651 1122 3761 1174 μη-

2101 1182 2157 1238 δὲ
2189 1183 2472 1260 ὀλολυγῆς
2497 1186 2587 1240 καὶ
2616 1187 2832 1259 θρήνων
2869 1186 2920 1240 ἐν
2947 1191 3066 1249 ταῖς
3099 1185 3450 1257 Ἐκκλησίαις
3491 1189 3758 1264 γενέσθαι.

2101 1277 2207 1328 Νὖν
2239 1271 2296 1329 δὲ
2325 1275 2379 1330 οἱ
2424 1277 2593 1330 ταῦτα
2639 1274 3007 1346 πεποιηκότες
3055 1271 3256 1346 ἔδειξαν
3309 1277 3385 1350 μὴ
3433 1278 3524 1336 τὸν
3568 1280 3755 1355 καιρὸν

2101 1361 2271 1417 αἴτιον
2307 1410 2324 1437 ,
2383 1361 2530 1419 ἀλλὰ
2585 1364 2686 1433 τὴν
2743 1362 3056 1441 προαίρεσιν
3105 1368 3212 1420 τῶν
3275 1366 3352 1440 μὴ
3411 1363 3757 1439 Θελησάντων

2103 1451 2426 1522 ἀπαντῆσαι.

336 1552 605 1620 egerunt,
627 1545 980 1617 indicarunt,
1006 1561 1123 1602 non
1135 1543 1418 1618 temporis
1429 1542 1822 1600 conditionem
1838 1541 2018 1612 hujus
2039 1541 2121 1598 rei
2146 1560 2388 1600 causam
2408 1559 2558 1614 esse,
2583 1544 2684 1602 sed
2706 1543 2980 1601 accedere
2999 1544 3328 1602 potentium
3347 1545 3680 1604 consilium.

410 1636 564 1696 1M
599 1636 703 1691 26.⁴
724 1635 906 1692 Miror
925 1637 1124 1692 autem
1172 1633 1325 1690 hanc
1347 1630 1605 1706 epistola
1624 1634 1831 1687 vestrae
1856 1645 1989 1701 par-

341 1729 482 1796 tem,
516 1741 636 1797 qua
662 1723 752 1781 vel
778 1723 1034 1780 scribere
1089 1721 1220 1778 ausi
1275 1721 1438 1788 estis,
1496 1737 1590 1777 me
1619 1719 1814 1776 solum
1846 1716 1988 1774 solis

341 1813 709 1884 Eusebianis,
741 1815 798 1868 et
826 1828 942 1867 non
973 1811 1251 1867 omnibus
1303 1810 1468 1866 vobis
1522 1809 1853 1880 scripsisse.
1891 1812 1988 1862 Le-

2168 1631 2258 1686 26.
2291 1627 2562 1703 Θαυμάζω
2609 1629 2669 1685 δὲ
2712 1631 2930 1709 κάκεῖνο
2975 1631 3039 1686 τὸ
3091 1631 3253 1704 μέρος
3281 1637 3384 1702 τῆς
3433 1630 3751 1707 ἐπιστολῆς,

2099 1721 2219 1799 πῶς
2266 1716 2416 1781 ὅλως
2445 1718 2541 1774 κᾶν
2591 1717 2798 1798 ἐγράφη
2846 1720 2973 1792 παρ’
3020 1719 3199 1793 ὑμῶν,
3246 1718 3328 1776 ὅτι
3359 1716 3428 1790 δὴ
3476 1725 3597 1785 τοῖς
3627 1724 3754 1798 περὶ

2099 1804 2358 1862 Εὐσέϐιον
2395 1807 2585 1880 μόνοις
2615 1811 2749 1881 (71),
2796 1807 2886 1863 καὶ
2933 1807 2997 1863 οὐ
3044 1813 3203 1863 πᾶσιν
3232 1809 3360 1882 ὑμῖν
3395 1808 3564 1882 μόνος
3590 1807 3754 1888 ἔγρα-

341 1902 581 1960 vitatem
601 1902 758 1958 enim
781 1900 976 1973 potius
999 1915 1176 1972 quam
1207 1899 1510 1955 veritatem
1532 1898 1592 1952 in
1617 1896 1982 1968 expostulan-

2099 1898 2192 1968 ψα.
2239 1894 2532 1971 Εὐχέρειαν
2584 1897 2688 1972 γὰρ
2735 1901 2843 1952 τῶν
2897 1898 3264 1971 μεμψαμὲνων
3317 1896 3531 1970 μᾶλλον
3581 1896 3754 1962 ἅντις

340 1992 502 2048 tibus
531 1991 931 2060 invenireZest.
965 1988 1107 2044 Mihi
1138 1987 1297 2043 enim
1345 1986 1446 2058 qui
1480 2003 1597 2042 non
1628 1983 1986 2055 aliunde‘lit-

339 2086 497 2139 teras
519 2083 723 2138 contra
743 2077 1133 2135 Athanasium
1156 2077 1536 2149 accepissem,
1561 2091 1740 2147 quam
1780 2090 1814 2128 a
1843 2073 1991 2128 Mar-

340 2170 489 2245 tyrio
519 2173 578 2226 et
605 2167 912 2240 Hesychia,
935 2183 1174 2224 necesse
1208 2165 1320 2221 fuit
1346 2165 1463 2222 illis
1494 2164 1593 2236 qui
1626 2167 1828 2220 contra
1851 2178 1986 2218 eum

340 2259 702 2332 scripserant
730 2256 1106 2329 rerpondere.
1167 2253 1431 2326 Oportuit
1478 2253 1656 2326 igitur
1684 2256 1786 2308 aut
1812 2253 1988 2308 Euse-

339 2349 548 2408 bianos
577 2364 694 2405 non
726 2345 907 2414 solos,
959 2345 1185 2416 absque
1242 2344 1405 2400 vobis
1443 2343 1742 2410 omnibus,
1771 2340 1987 2396 scribe-

341 2444 442 2496 re":
467 2441 572 2494 aut
588 2452 711 2506 vos,
737 2435 958 2508 quibus
979 2451 1095 2491 non
1135 2432 1367 2505 scripsi,
1397 2449 1513 2488 non
1561 2430 1808 2486 moleste
1840 2429 1989 2485 ferre

339 2526 541 2599 siiillis
572 2525 923 2597 rescriptum
953 2523 1033 2581 sit
1069 2521 1171 2595 qui
1227 2522 1374 2579 mihi
1432 2521 1807 2593 scripserant.
1841 2519 1988 2574 Nam

340 2617 393 2674 si
421 2614 617 2673 decuit
645 2613 926 2687 epistolas
985 2613 1060 2669 ad
1109 2628 1213 2669 vos
1270 2626 1477 2667 omnes
1534 2609 1712 2676 mitti,
1742 2625 1849 2680 par
1877 2606 1992 2662 fuit

341 2706 522 2764 etiam
549 2720 654 2762 vos
710 2719 830 2760 una
883 2718 1022 2758 cum
1077 2700 1197 2756 illis
1251 2699 1549 2772 scripisse.
1595 2698 1761 2754 Nunc
1792 2699 1988 2752 autem

344 2794 502 2868 quod
545 2807 876 2864 congruum
931 2794 1058 2847 erat
1109 2792 1435 2861 spectantes
1493 2785 1609 2842 illis
1640 2784 1990 2857 scripsimus

345 2883 448 2956 qui
477 2898 586 2939 nos
616 2880 894 2938 certiores
952 2877 1347 2947 reddiderant,
1407 2880 1466 2932 et
1520 2875 1748 2932 litteras
1779 2875 1850 2931 ad
1883 2890 1990 2930 nos

348 2971 652 3030 miserant.
683 2969 848 3034 Quod
887 2968 939 3025 si
965 2967 1110 3023 illud
1139 2983 1244 3024 vos
1300 2964 1614 3022 commovit
1641 2965 1798 3036 quod
1830 2962 1992 3020 solus

347 3061 684 3134 scripserim
709 3077 726 3129 ;
749 3076 854 3132 par
881 3061 972 3114 est
1008 3073 1112 3113 vos
1131 3055 1308 3113 etiam
1349 3054 1665 3128 indignari,
1716 3054 1870 3126 quod
1907 3051 1991 3107 illi

346 3151 494 3210 mihi
517 3150 624 3208 soli
652 3147 1014 3220 scripserint.
1038 3146 1148 3202 Sed
1174 3145 1236 3201 in
1279 3145 1390 3201 hoc
1411 3160 1646 3216 quoque
1666 3143 1831 3199 adest
1860 3157 1992 3214 pro-

2099 1982 2247 2060 εὕροι
2277 1982 2417 2060 ἤπερ
2451 1983 2728 2056 ἀληθειαν.
2773 1985 2918 2061 Ἐγὼ
2960 1987 3087 2060 γὰρ,
3141 1985 3240 2040 οὐκ
3284 1983 3514 2042 ἄλλοθεν
3567 1982 3750 2042 λαϐὼν

2095 2074 2231 2128 κατᾶ
2261 2074 2579 2129 ’Δθανασίου
2625 2075 2926 2150 γράμματα
2972 2074 3007 2143 ἢ
3065 2070 3155 2128 διὰ
3204 2079 3313 2129 τῶν
3362 2074 3486 2150 περί
3540 2075 3755 2152 Μαρτύ-

2099 2181 2212 2237 ριον
2245 2163 2336 2217 καὶ
2385 2162 2668 2238 Ἠσὺχιον,
2715 2162 2936 2225 ἐκείνοις
2985 2163 3195 2238 ἀνάγκῃ
3242 2159 3454 2238 ἔγραψα
3495 2169 3613 2226 τοῖς
3661 2165 3754 2220 καὶ

2097 2252 2334 2327 γράψασι
2363 2253 2480 2307 κατ’
2510 2252 2694 2309 αὑτοῦ.
2728 2249 2878 2307 Ἔδει
2922 2251 3105 2307 τοίνυν
3157 2252 3194 2322 ἢ
3242 2252 3372 2316 τοὺς
3419 2254 3545 2329 περὶ
3587 2253 3753 2310 Εὐσέ-

2097 2334 2214 2395 ϐιον
2247 2342 2322 2414 μή
2361 2341 2556 2414 μόνους
2584 2343 2762 2417 χωρὶς
2791 2341 3006 2396 πάντων
3060 2341 3211 2414 ὑμῶν
3261 2340 3487 2417 γράψαι,
3519 2343 3554 2412 ἢ
3585 2343 3772 2417 ὑμᾶς,

2097 2431 2182 2492 οἷς
2217 2431 2290 2502 μὴ
2353 2426 2585 2507 ἔγραψα,
2647 2433 2722 2505 μὴ
2783 2428 3088 2502 λυπεῖσθαι,
3149 2431 3197 2485 εἰ
3249 2429 3474 2495 ἐκείνοις
3537 2431 3746 2510 ἐγράφη

2095 2523 2212 2580 τοῖς
2268 2517 2359 2573 καὶ
2415 2520 2705 2594 γράψασιν.
2766 2519 2830 2576 Εἰ
2887 2521 2993 2596 γὰρ
3049 2518 3221 2595 ἐχρῆν
3274 2519 3365 2574 καὶ
3408 2525 3567 2576 πᾶσιν
3623 2522 3750 2595 ὑμῖν

2098 2604 2420 2677 ἐπιστεῖλαι,
2466 2605 2575 2662 ἔδει
2611 2607 2700 2662 καὶ
2752 2609 2891 2682 ὑμᾶς
2940 2607 3032 2663 σὺν
3079 2607 3306 2671 ἐκείνοις
3363 2611 3589 2686 γράψαι.
3641 2615 3746 2666 Νῦν

2098 2692 2178 2764 δὲ,
2232 2696 2295 2751 τὸ
2366 2694 2663 2751 ἀκόλουθον
2722 2701 3046 2760 σκοποῦντες
3079 2743 3095 2770 ,
3153 2695 3380 2761 ἐκείνοις
3437 2697 3746 2776 ἐγράψαμεν

2095 2789 2214 2847 τοῖς
2239 2784 2329 2840 καὶ
2361 2782 2670 2854 δηλώσασιν
2721 2788 2878 2860 ἡμῖν,
2925 2785 3017 2841 καὶ
3057 2791 3174 2850 τοῖς
3221 2785 3575 2845 ἀποστείλασι
3612 2789 3749 2866 πρὸς

2097 2875 2269 2945 ἡμᾶς.
2302 2873 2366 2928 Εἰ
2400 2871 2459 2929 δὲ
2485 2873 2574 2929 καὶ
2603 2875 2666 2929 τὸ
2699 2874 2861 2948 μόνον
2893 2873 2993 2949 ἐμὲ
3022 2878 3348 2955 γεγραφέναι
3379 2876 3606 2942 ἐκείνοις
3638 2879 3751 2934 ἐκί-

2090 2983 2257 3044 νησεν
2315 2962 2477 3036 ὑμᾶς,
2527 2961 2822 3019 ἀκόλουθόν
2873 2962 3014 3020 ἐστιν
3073 2965 3213 3039 ὑμᾶς
3271 2967 3611 3041 ἀγανακτεῖν,
3667 2966 3752 3024 ὅτι

2099 3052 2190 3105 καὶ
2224 3050 2372 3125 μόνῳ
2404 3050 2529 3126 ἐμοὶ
2577 3049 2834 3128 ἔγραψαν.
2887 3051 3065 3110 Ἀλλά
3111 3054 3201 3109 καὶ
3247 3053 3300 3110 ἐν
3348 3054 3527 3130 τούτῳ
3555 3058 3749 3128 πιθανή

2104 3141 2197 3213 μὶν
2229 3140 2319 3196 καὶ
2349 3141 2449 3196 οὑκ
2479 3138 2707 3217 εὔλογος
2740 3145 2849 3216 (72)
2880 3145 2916 3213 ἡ
2947 3143 3240 3222 πρόφασις,
3271 3145 3566 3221 ἀγαπητοίθ
3593 3145 3749 3220 ὅμως

340 3239 558 3299 habilis
578 3243 636 3296 et
646 3239 816 3310 justa
835 3252 1037 3303 causa,
1069 3233 1454 3292 dilectistimi.
1495 3235 1770 3300 Attamen
1792 3247 1982 3288 neces-

2101 3226 2158 3286 δὲ
2187 3229 2451 3325 γνωρίσαι
2484 3230 2610 3325 ὑμῖν
2639 3233 2947 3308 ἀναγκαῖον,
2980 3233 3085 3305 ὅτι,
3137 3233 3182 3289 εἰ
3225 3234 3316 3290 καί
3367 3235 3534 3308 μόνος
3583 3233 3752 3312 ἔγρα-

341 3347 476 3388 sum
501 3333 591 3387 est
609 3327 775 3384 vobis
803 3323 1157 3398 signiﬁcare,
1187 3323 1418 3380 etiamsi
1439 3322 1602 3379 solus
1621 3319 1981 3393 scripserim,

340 3436 458 3476 non
488 3418 617 3477 ideo
649 3416 765 3473 mei
793 3414 979 3472 solius
1021 3430 1153 3471 esse
1190 3412 1352 3468 illam
1385 3411 1763 3477 sententiam,
1795 3410 1899 3466 sed
1928 3414 1986 3466 et

271 3508 606 3592 Komnium
637 3506 738 3578 qui
769 3504 830 3560 in
858 3502 1021 3560 italia
1051 3505 1211 3569 sunt,
1245 3505 1302 3558 et
1330 3501 1432 3572 qui
1479 3499 1536 3556 in
1592 3499 1684 3555 his
1714 3499 1982 3570 partibus

247 3605 293 3670 ,ξ
321 3589 559 3670 degunt
589 3595 1021 3668 episcoporum.
1055 3592 1122 3648 Et
1168 3607 1273 3664 ego
1331 3589 1570 3662 quidem
1628 3605 1744 3644 non
1777 3604 1982 3644 omnes

329 3685 491 3744 volui
521 3686 594 3743 ad
626 3683 1002 3742 scribendum
1033 3681 1332 3747 inducere,
1363 3696 1436 3736 ne
1482 3677 1890 3750 complurimis
1919 3677 1980 3734 id

331 3776 739 3847 importunum
761 3769 924 3828 fore].
950 3770 1252 3841 Gertejam
1275 3769 1347 3824 ad
1369 3767 1721 3840 praeﬁnitum
1746 3771 1980 3840 tempus

334 3862 596 3936 episcopi
626 3876 968 3926 convenere,
1005 3862 1064 3915 et
1091 3858 1357 3929 ejusdem
1388 3857 1689 3913 sententiae
1718 3858 1980 3926 fuerunt,

334 3968 514 4025 quam
547 3951 738 4008 denuo
768 3949 865 4005 his
906 3947 1118 4004 litteris
1174 3945 1340 4002 vobis
1398 3945 1665 4018 significo
1690 3963 1702 4001 :
1732 3961 1982 4019 quapro-

332 4045 481 4114 pter,
516 4037 734 4105 dilecti,
767 4036 998 4093 etiamsi
1031 4033 1194 4091 solus
1239 4033 1455 4102 scribo,
1487 4034 1754 4090 omnium
1787 4042 1980 4090 tamen

336 4130 490 4186 hanc
521 4142 650 4184 esse
679 4124 1033 4183 sententiam
1093 4121 1411 4195 agnoscite.
1471 4127 1541 4177 Et
1587 4121 1708 4178 hac
1737 4123 1980 4194 quidem

337 4217 482 4274 satis
512 4216 635 4274 sint
663 4215 737 4272 ad
768 4211 1324 4283 demonstrandum,
1378 4211 1669 4282 quosdam
1701 4227 1770 4266 ex
1792 4210 1978 4276 vobis,

333 4323 452 4364 non
482 4321 702 4378 aquas,
746 4303 850 4360 sed
909 4303 1159 4374 injustss
1215 4303 1272 4357 et
1329 4303 1633 4373 suspectas
1665 4316 1874 4356 causas
1901 4300 1984 4356 af-

327 4395 500 4453 ferre.

396 4485 489 4540 27.
523 4482 687 4549 Quod
715 4485 916 4539 autem
955 4498 1072 4538 non
1134 4485 1352 4536 temere
1406 4479 1496 4536 vel
1557 4479 1776 4551 injuste
1807 4478 1980 4552 empi-

327 4589 538 4647 scopos
568 4575 769 4629 nostro
815 4569 1210 4628 Athanasium
1252 4573 1310 4625 et
1340 4569 1681 4626 Marcellum
1713 4570 1784 4625 ad
1816 4585 1975 4625 com-

2098 3322 2192 3394 ψα,
2226 3318 2353 3375 ἀλλ’
2381 3319 2481 3376 οὑκ
2505 3319 2644 3394 ἐμοῦ
2701 3322 2868 3395 μόνου
2913 3322 3053 3379 ἐστὶν
3105 3322 3240 3395 αὕτη
3271 3326 3307 3394 ἡ
3338 3325 3562 3400 γνώμη,
3601 3323 3751 3383 ἀλλὰ

2090 3409 2180 3464 καὶ
2210 3411 2426 3465 πάντων
2473 3415 2580 3466 τῶν
2631 3412 2768 3466 κατᾶ
2812 3413 2911 3481 τὴν
2961 3411 3214 3482 Ἰταλίαν,
3265 3414 3489 3472 καὶτῶν
3543 3415 3595 3470 ἐν
3622 3414 3748 3471 τού-

2087 3517 2204 3562 τοις
2251 3506 2367 3562 τοῖς
2419 3500 2630 3575 μέρεσιν
2682 3499 3013 3558 ἐπισκόπων.
3065 3501 3164 3557 Καὶ
3213 3499 3392 3579 ἔγωγε
3430 3502 3558 3567 τοὺς
3609 3506 3744 3560 πάν-

2087 3609 2183 3651 τας
2211 3588 2309 3644 οὐκ
2338 3587 2585 3660 ἠθέλησα
2628 3596 2856 3660 ποιῆσαι
2905 3588 3132 3666 γράψαι,
3177 3588 3271 3646 τίνα
3318 3594 3394 3666 μή
3429 3593 3577 3668 παρὰ
3602 3593 3743 3650 πολ-

2090 3675 2200 3732 λῶν
2231 3677 2294 3732 τὸ
2330 3679 2497 3754 βάρος
2543 3673 2764 3754 ἔχωσιν,
2818 3675 3041 3751 Ἀμέλει
3092 3679 3181 3734 καὶ
3211 3683 3300 3734 νῦν
3347 3684 3416 3755 τῇ
3470 3683 3747 3758 ὑρισθείσῃ

2087 3765 2395 3841 προθεσμίᾳ
2436 3765 2704 3836 συνῆλθον
2756 3766 3064 3840 ἐπίσκοποι,
3095 3768 3185 3824 καὶ
3231 3768 3436 3840 ταύτης
3462 3777 3564 3841 τῆς
3597 3772 3744 3848 γνώ-

2093 3877 2204 3929 μης
2258 3855 2564 3932 γεγόνασιν,
2625 3857 2692 3926 ἢν
2755 3853 2920 3912 πάλιν
2983 3857 3204 3936 γράφων
3261 3858 3388 3932 ὑμῖν
3449 3860 3743 3934 σημαίνωο

2090 3943 2248 4015 ὥστε,
2279 3945 2578 4021 ἀγαπητοὶ,
2610 3945 2656 4000 εἰ
2707 3945 2798 4001 καὶ
2852 3945 3016 4020 μόνος
3067 3945 3400 4020 ἐπιστέλλω,
3435 3947 3588 4004 ἀλλὰ
3612 3950 3748 4006 πάν·-

2086 4055 2194 4089 των
2222 4035 2449 4109 γνώμην
2482 4037 2598 4108 (73)
2638 4034 2839 4106 ταύτην
2888 4035 3022 4092 εἶναι
3073 4037 3389 4112 γινώσκετε.
3439 4043 3618 4095 Ταῦτα
3647 4040 3748 4113 μὶν

2090 4120 2180 4177 οὗν
2229 4123 2354 4197 περὶ
2409 4127 2507 4178 τοῦ
2561 4123 2636 4196 μὴ
2693 4122 2940 4200 εὐλόγως
2995 4127 3149 4188 τινὰς
3203 4124 3254 4197 ἐξ
3323 4127 3473 4201 ὑμῶν
3533 4129 3747 4207 προφά-

2091 4231 2223 4281 σεις,
2257 4209 2654 4276 ἀλλὰάδίκους
2683 4212 2773 4268 καὶ
2807 4213 3103 4286 ὑπόπτους,
3132 4213 3475 4292 πορίσασθαι.

2154 4480 2243 4535 27.
2279 4479 2409 4554 Περὶ
2465 4475 2524 4534 δὲ
2567 4483 2665 4536 τοῦ
2718 4481 2794 4554 μὴ
2855 4477 3092 4558 εὑχερῶς
3157 4479 3298 4556 μηδὲ
3348 4479 3550 4546 ἀδίκως
3587 4484 3740 4557 ἡμᾶς

2087 4565 2446 4644 ὑποδεδέχθαι
2481 4569 2558 4631 εἷς
2615 4569 2902 4625 κοινωνίαν
2954 4569 3083 4633 τοὺς
3125 4571 3736 4645 συνεπισκόπουςήμῶν

323 4661 663 4723 munionem
697 4659 1150 4732 susceperimus,
1183 4657 1419 4715 tametsi
1449 4675 1518 4714 ex
1539 4657 1892 4730 supradictis
1914 4657 1972 4713 id

2099 4630 2397 4713 Αθανάσίον
2447 4630 2550 4713 καὶῖ
2585 4656 2930 4734 Μάρκελλον,
2991 4659 3039 4715 εἰ
3069 4630 3187 4715 ’καὶ
3242 4662 3311 4717 τὰ
3364 4630 3740 4737 προλεγόὲντα

321 4750 469 4807 satis
498 4749 740 4822 planum
770 4753 898 4806 est:
931 4765 1117 4820 operae
1165 4747 1438 4819 pretium
1475 4752 1671 4803 tamen
1705 4748 1878 4803 fuerit
1906 4751 1973 4803 ut

319 4839 523 4911 paucis
553 4838 746 4894 verbis
773 4836 921 4893 illud
949 4836 1116 4893 vobis
1157 4836 1609 4893 demonstretur.
1643 4836 1973 4908 Scripserat

307 4927 438 5000 jam
469 4931 641 4984 antea
667 4927 962 4983 Eusebius
993 4929 1196 4982 contra
1237 4924 1666 4994 Athanasium;
1698 4942 1799 4981 vos
1831 4941 1970 4998 quo-

387 5122 502 5197 (70)
532 5122 627 5179 Sic
658 5125 797 5202 Reg.
834 5125 892 5178 et
923 5121 1056 5178 Bas.
1087 5120 1236 5177 Editi
1263 5136 1397 5177 vero
1438 5123 1650 5193 praetor
1678 5118 1800 5176 Col.
1831 5138 1966 5192 προ-

313 5195 495 5269 τερρρ.
519 5195 835 5269 mendose.

518 5240 1014 5339 ﬁevs-o‘louﬁlusebio
1031 5262 1255 5339 Julium
1277 5263 1372 5318 hic
1396 5263 1967 5339 sermonemhabere

315 5334 460 5394 forte
481 5334 616 5409 quis
635 5337 1034 5410 putarittnam
1052 5336 1101 5410 is
1123 5335 1287 5410 solus
1306 5335 1618 5410 scripsisse
1635 5334 1849 5410 dicitur
1865 5351 1964 5410 s_u-

2078 4744 2257 4813 ἱκανὰ,
2291 4743 2445 4818 ὅμως
2471 4743 2560 4800 διὰ
2593 4746 2845 4822 βραχέων
2891 4746 3118 4823 εὔλογον
3150 4749 3276 4822 ὑμῖν
3317 4746 3505 4820 δεῖξαι.
3538 4750 3738 4826 Ἔγρα-

2077 4836 2181 4908 ψαν
2239 4837 2352 4909 (74)
2385 4836 2434 4889 οἱ
2477 4835 2602 4910 περὶ
2651 4833 2908 4892 Εὐσέϐιον
2959 4837 3221 4913 πρότερον
3280 4839 3416 4894 κατὰ
3461 4842 3570 4894 τῶν
3612 4839 3739 4913 περὶ

2078 4924 2429 4980 Ἀθανάσιον·
2493 4923 2762 5002 ἐγράψατε
2820 4921 2879 4980 δὲ
2928 4926 3019 4980 καὶ
3075 4931 3167 4982 νῦν
3229 4926 3386 5002 ὑμεῖς
3421 4946 3433 4960 ·
3492 4925 3734 5005 ἔγραψαν

2075 5121 2306 5198 videtur
2333 5121 2600 5198 Nannius
2630 5124 2731 5195 qui
2761 5124 2957 5198 vertit,
2990 5141 3182 5198 verum
3207 5127 3272 5182 in
3295 5127 3409 5198 _hoc
3438 5127 3558 5198 ipsa
3577 5126 3735 5198 ἀηδία

2075 5199 2128 5249 et
2150 5195 2500 5250 rationabilis
2516 5211 2681 5251 causa
2696 5200 2796 5251 est.
2822 5196 2954 5260 Qua:
2975 5199 3071 5249 τοῦ
3105 5197 3136 5250 ἀ
3164 5197 3224 5252 in
3259 5195 3314 5251 εὐ
3347 5195 3731 5254 commutatio

2076 5266 2230 5336 apud
2264 5265 2672 5350 Athanasium.
2713 5267 2858 5350 alias
2897 5268 3248 5350 reperitur,“
3269 5271 3728 5350 amanyeqsium

2075 5334 2285 5408 nempe
2314 5337 2452 5411 vitio
2477 5337 2739 5411 inducta.
2770 5339 2865 5411 Sic
2895 5334 3074 5411 Epist.
3110 5340 3180 5395 ad
3211 5334 3378 5396 Solit.
3413 5334 3727 5394 εὐσεϐέστα-

313 5400 678 5483 pra_num._i.
700 5400 1013 5483 Sane'illud
1037 5407 1089 5459 oi
1120 5400 1717 5483 ﬂs‘oi‘Euc'égtovtqupd
1742 5405 1962 5483 passim

2095 5426 2164 5467 τος
2195 5400 2684 5483 quandoquepro
2716 5400 3071 5483 ᾀσεξέστόιτος
3104 5411 3337 5483 legitur.
3363 5411 3542 5468 Paulo
3569 5417 3728 5482 post,

315 5477 385 5534 de
417 5480 664 5536 Eusebio
697 5497 830 5535 cum
865 5479 1063 5540 sociis.
1105 5477 1200 5533 vel
1227 5479 1298 5533 de
1352 5478 1696 5533 Eusebianis
1726 5477 1962 5546 dicitur,

312 5565 736 5622 ponnunquam
787 5551 858 5606 de
883 5549 1005 5606 solo
1033 5551 1281 5606 Eusebio
1305 5549 1552 5621 intelligi
1576 5550 1824 5605 videtur.
1854 5549 1964 5604 Res

312 5620 408 5677 hic
439 5622 500 5677 in
547 5620 1022 5678 d'ubioversatur.

399 5693 616 5764 72)g8ic
645 5709 850 5749 omnes
891 5709 1034 5764 cum
1085 5692 1226 5748 editi
1283 5697 1410 5749 tum
1468 5691 1774 5764 mss.,i’sed
1804 5690 1960 5764 haud

305 5760 485 5826 dubie
511 5762 828 5839 legendum
857 5762 958 5821 οὐκ
984 5760 1212 5844 ἄλογος,
1244 5779 1360 5837 quo
1390 5764 1531 5823 item
1553 5760 1727 5821 mcdo
1746 5763 1962 5838 legisse

2072 5478 2106 5546 ἡ
2142 5478 2277 5554 apte
2297 5478 2502 5554 γνώμη
2537 5478 2789 5554 deest_in
2823 5481 2964 5554 Reg.

2143 5551 2257 5622 (73)
2291 5551 2383 5628 Sic
2432 5551 2570 5621 Reg.
2600 5621 2611 5628 _
2636 5552 2748 5606 Alii
2799 5551 2935 5628 vero
2990 5569 3128 5628 cum
3187 5553 3380 5628 editis,
3414 5552 3548 5628 εἶναι
3581 5552 3728 5628 γνῴ-

2071 5640 2205 5747 μέν,
2240 5621 2460 5679 Omisso
2515 5621 2739 5691 ταύτην.
2797 5627 2926 5680 Mox
2981 5626 3230 5684 fortasse
3286 5621 3605 5700 legendum
3638 5623 3726 5680 εὑ-

2144 5712 2298 5747 γους.

2141 5712 2420 5842 ίίῗῶςίῖθε.
2445 5770 2502 5827 et
2528 5763 2732 5840 Basil.,
2778 5763 3068 5844 ἐγράψατε.
