4178 6374
428 398 558 459 993

1563 394 1960 455 APOLOGIA
2004 395 2321 455 CONTRA
2361 395 2728 456 ARIANOS.

3730 398 3849 458 294

431 523 501 581 δὲ
529 524 619 580 καὶ
659 522 911 580 πλεῖστοι
958 522 1247 579 ἐπίσκοποι
1297 523 1402 578 ἀπὸ
1448 529 1550 593 τῆς
1603 521 1883 597 Αἰγύπτου
1932 519 2019 576 καί
2052 519 2102 591 ἐξ

2219 540 2330 594 que
2352 525 2475 596 jam
2508 526 2735 581 litteras
2764 524 3046 580 misistis:
3100 524 3387 596 scripsere
3432 542 3665 599 quoque
3693 544 3853 584 com-

434 613 624 673 ἄλλων
674 614 953 690 ἐπαρχιῶν
1007 614 1138 689 ὑπὲρ
1182 612 1521 669 Ἀθανασίου.
1567 616 1790 688 Πρῶτον
1858 612 1950 685 μὲν
2003 609 2093 666 οὖν

206 704 215 705 ί
316 773 321 778 ν
430 706 501 759 τὰ
557 710 672 759 κατ’
724 703 887 759 αὐτοῦ
937 704 1244 779 γράμματα
1290 704 1416 778 παρ’
1463 702 1611 775 ὑμῶν
1670 699 1901 777 μάχεται
1959 701 2095 776 πρὸς

432 791 622 861 ἑαυτὰ,
653 792 743 847 καὶ
775 790 1033 866 οὐδεμίαν
1068 792 1387 870 συμφωνίαν
1420 786 1535 867 ἔχει
1570 791 1637 844 τὰ
1684 787 1906 865 δεύτερα
1961 791 2097 865 πρὸς

431 882 504 937 τὰ
530 885 742 957 πρῶτα,
776 880 902 935 ἀλλ’
934 881 986 936 ἐν
1016 878 1253 942 πολλοῖς
1284 882 1351 935 τὰ
1378 885 1570 955 πρῶτα
1602 879 1703 933 ὑπὸ
1761 883 1866 932 τῶν
1918 876 2096 933 δευτε-

439 990 550 1046 ρων
585 969 793 1038 λύεται,
826 971 915 1024 καὶ
945 971 1012 1025 τὰ
1043 967 1265 1045 δεύτερα
1300 970 1403 1024 ὑπὸ
1432 974 1537 1023 τῶν
1588 970 1819 1042 πρώτων
1875 963 2099 1022 διαϐάλ-

436 1058 633 1114 λεταιο
685 1059 1028 1138 ἀσυμφώνων
1079 1055 1137 1113 δὲ
1189 1056 1359 1113 ὄντων
1396 1062 1501 1111 τῶν
1550 1052 1914 1132 γραμμάτων,
1947 1054 2098 1111 οὐδε-

441 1148 540 1223 μία
596 1148 777 1211 πίστις
837 1148 961 1222 περὶ
1018 1151 1125 1202 τῶν
1189 1145 1504 1223 λεγομενων
1563 1144 1741 1201 ἐστίν·
1798 1144 2001 1213 ἔπειτα,
2054 1145 2098 1199 εἷ

434 1243 556 1300 τοῖς
588 1238 715 1313 παρ’
750 1237 901 1311 ὑμῶν
933 1240 1215 1315 γραφεῖσιν
1266 1236 1481 1306 ἀξιοῦτε
1536 1233 1829 1303 πιστεύειν,
1866 1232 2095 1288 ἀκόλου-

434 1327 525 1381 θόν
560 1325 676 1383 ἐστι
706 1326 797 1381 καὶ
827 1331 943 1388 τοῖς
979 1326 1109 1399 ὑπὲρ
1145 1324 1309 1380 αὐτοῦ
1339 1325 1578 1399 γράψασι
1629 1324 1703 1397 μή
1768 1323 2059 1391 ἀπιστῆσαι
2084 1342 2096 1354 θ

434 1415 526 1472 καὶ
582 1412 819 1490 μάλιστα
866 1412 948 1469 δτι
1000 1414 1155 1487 ὑμεῖς
1212 1415 1305 1487 μὲν
1356 1412 1657 1489 πόρρωθεν,
1690 1410 1888 1466 ἐκεῖνοι
1941 1409 1999 1466 δὲ
2047 1410 2097 1465 ἐν

431 1509 555 1567 τοῖς
584 1504 777 1567 τόποις
807 1499 979 1574 ὄντες,
1010 1502 1101 1557 καὶ
1135 1500 1336 1564 εἰδότες
1378 1503 1469 1557 τὸν
1524 1499 1713 1575 ἄνδρα,
1743 1501 1833 1555 καὶ
1877 1502 1945 1555 τὰ
1993 1500 2103 1555 ἐκεῖ

438 1592 705 1666 γινόμενα
752 1593 1050 1668 πράγματα
1116 1610 1405 1668 γραφουσι,
1475 1593 1873 1665 μαρτυροῦντες
1931 1587 2100 1642 αὐτοῦ

438 1685 519 1753 τῷ
574 1680 682 1757 βίῳ
733 1682 868 1754 (75),
924 1679 1015 1735 καὶ
1074 1674 1547 1752 διαϐεϐαιούμενοι
1606 1678 1657 1732 ἐν
1711 1682 1873 1732 πᾶσιν
1939 1677 2098 1731 αὐτὸν

440 1770 703 1839 ωσκευήν
761 1769 1099 1824 πεπονθέναι.
1150 1768 1250 1823 Καὶ
1288 1766 1453 1824 πάλιν
1516 1765 1791 1835 Ἀρσένιός
1853 1768 1965 1839 (76)
2015 1786 2099 1827 τις

444 1858 739 1920 ἐπίσκοπος
783 1856 985 1933 ἐλέχθη
1042 1857 1176 1912 ποτὶ
1227 1857 1301 1918 ὡς
1353 1854 1647 1931 ἀναιρεθεὶς
1700 1857 1847 1931 παρὰ
1878 1856 2099 1909 ’Δθανα-
2129 1895 2177 1960 Β

441 1947 582 2019 σίου,
619 1944 764 2001 ἀλλὰ
810 1951 1001 2000 τοῦτον
1053 1943 1323 2018 ἐμάθομεν
1386 1948 1503 2019 ζῇν,
1562 1942 1709 1999 ἀλλὰ
1762 1944 1853 1998 καὶ
1913 1941 2097 2021 φιλίαν

441 2033 586 2111 ἔχειν
643 2034 781 2110 πρὸς
839 2033 1017 2092 αὐτόν.
1076 2036 1152 2089 Τά
1209 2035 1578 2109 ὑπομνήματα
1628 2034 1696 2087 τὰ
1754 2032 1805 2088 ἐν
1836 2033 2102 2107 Μαρεώτῃ

439 2124 702 2199 γενόμενα
772 2119 1194 2178 διεϐεϐαιώσατο
1252 2125 1389 2178 κατὰ
1453 2124 1811 2197 μονομέρειαν
1871 2127 2099 2197 γεγενῆ-

441 2214 559 2267 σθαι
588 2233 601 2246 ·
650 2214 790 2286 μήτε
818 2213 922 2287 γὰρ
966 2211 1077 2267 ἐκεῖ
1120 2216 1371 2287 παρεῖναι
1399 2213 1675 2286 Μακάριον
1723 2212 1815 2265 τὸν
1864 2206 2098 2285 πρεσϐύ-

438 2321 594 2375 τερον
624 2299 718 2356 τὸν
749 2302 1252 2377 κατηγορούμενον,
1290 2302 1430 2373 μήτε
1460 2298 1618 2355 αὐτὸν
1668 2301 1759 2355 τὸν
1808 2298 2099 2354 ἐπίσκοπον

442 2389 611 2444 αὐτοῦ
644 2390 957 2445 ’Δθάνάσιον
982 2409 994 2422 ⁸
1045 2390 1136 2444 καὶ
1164 2393 1326 2444 τοῦτο
1357 2388 1417 2443 ού
1454 2390 1616 2463 μόνον
1667 2388 1727 2444 ἐκ
1771 2392 1877 2444 τῶν
1938 2387 2102 2443 αὐτου

443 2474 646 2553 λόγων,
680 2475 827 2532 ἀλλά
855 2479 946 2532 καὶ
975 2476 1033 2533 ἐκ
1077 2482 1189 2532 τῶν
1220 2479 1333 2551 (77)
1383 2478 1817 2551 ὑπομνημάτων,
1850 2478 1924 2531 ὧν
1983 2476 2102 2531 ἐκό-

445 2587 603 2639 μισαν
636 2568 772 2640 ἡμῖν
806 2567 859 2620 οἳ
888 2566 1014 2642 περὶ
1046 2565 1353 2642 Μαρτύριον
1380 2566 1470 2621 καὶ
1501 2564 1785 2641 Ἥσύχιον,
1816 2564 2061 2640 ἔγνωμεν
2085 2584 2098 2597 ο

442 2654 764 2731 ἀναγνόντες
812 2656 917 2729 γὰρ
960 2653 1208 2730 εὕρομεν,
1239 2653 1323 2710 6'1:
1363 2656 1392 2709 6
1441 2656 1538 2727 μὶο
1586 2658 1893 2730 κατήγορος
1926 2653 2103 2729 Ἰσχύ-

441 2764 536 2820 ρας
588 2743 701 2799 ἐκεῖ
741 2750 944 2819 παρῆν,
978 2740 1101 2798 οὔτε
1144 2740 1203 2799 δὲ
1258 2750 1558 2819 Μακαριος,
1592 2742 1715 2799 οὔτε
1744 2745 1772 2798 ὁ
1804 2741 2101 2805 ἐπίσκοπος

441 2834 758 2894 Ἀθανάσιος
786 2853 799 2866 ’
852 2829 999 2886 ἀλλὰ
1039 2830 1130 2886 καὶ
1178 2829 1307 2893 τοὺς
1341 2834 1453 2907 (78)
1499 2827 1897 2907 πρεσϐυτέρους
1944 2837 2101 2895 Ἀθα-

436 2920 622 2976 νασίου
683 2920 962 2991 ἀξιοῦντας
1020 2924 1292 2996 παρεῖναι,
1324 2920 1414 2974 καὶ
1477 2921 1552 2993 μὴ
1611 2920 2098 2995 συγχωρηθὲντας.

440 3007 590 3065 Ἔδει
641 3007 719 3082 δὲ,
767 3007 1063 3084 ἀγαπητοὶ,
1096 3005 1245 3079 εἷ’περ
1298 3008 1430 3081 μετὰ
1478 3005 1735 3078 ἀληθείας
1789 3006 1992 3082 ἐγίνετο
2040 3007 2103 3061 τὸ

438 3101 747 3175 κριτήριον,
798 3098 874 3170 μὴ
945 3096 1109 3170 μόνον
1158 3095 1251 3150 τὸν
1302 3099 1631 3172 κατήγορον,
1667 3094 1813 3151 ἀλλὰ
1861 3097 1951 3151 καὶ
2010 3098 2101 3151 τὸν

441 3185 916 3261 κατηγορούμενον
973 3189 1244 3258 παρεῖναι·
1298 3188 1500 3261 Ὥσπερ
1556 3185 1660 3260 γὰρ
1720 3184 1771 3239 ἐν
1828 3189 1897 3259 τῇ
1945 3185 2103 3260 Τύρῳ

438 3276 718 3349 Μακάριος
773 3279 954 3347 παρῆν
1006 3274 1033 3327 6
1063 3271 1564 3347 κατηγορούμενος,
1614 3272 1703 3327 καὶ
1760 3273 2009 3348 Ἰσχύρας
2071 3274 2099 3329 ὁ
2130 3262 2173 3329 Ο

440 3364 775 3437 κατήγορος,
804 3361 895 3416 καὶ
930 3359 1083 3416 οὐδὲν
1118 3358 1360 3437 ἐδείχθη·
1395 3361 1567 3423 οὕτως
1613 3358 1720 3416 ἔδει
1774 3362 1865 3417 καὶ
1919 3361 1971 3416 ἐν
2021 3366 2101 3435 τῷ

437 3452 706 3528 Μαρεώτῃ
760 3451 834 3523 μὴ
891 3448 1054 3523 μόνον
1109 3447 1363 3504 ἀπελθεῖν
1411 3450 1503 3504 τὸν
1575 3451 1905 3525 κατήγορον,
1956 3447 2103 3504 ἀλλὰ

437 3538 637 3593 καίτὸν
670 3539 1176 3613 κατηγορούμενον,
1203 3535 1297 3593 ’ίνα
1342 3538 1531 3613 παρὼν
1562 3538 1598 3608 ἢ
1632 3537 1895 3614 ἐλεγχθῇ,
1924 3539 1986 3609 ἢ,
2023 3540 2097 3611 μή

437 3624 747 3702 ἐλεγχθεὶς,
780 3622 925 3700 δείξῃ
952 3628 1053 3695 τήν
1084 3625 1465 3704 συκοφαντίαν.
1497 3626 1608 3681 N6v
1665 3622 1743 3696 δὲ,
1784 3623 1979 3680 τούτου
2023 3627 2096 3697 μὴ

437 3716 757 3791 γενομένου,
817 3712 963 3769 ἀλλὰ
1015 3714 1182 3788 μόνου
1239 3712 1571 3776 ἀπελθόντος
1620 3719 1717 3769 τοῦ
1766 3714 2097 3788 κατηγόρου,

439 3806 554 3878 μεθ’
618 3806 693 3859 ὧν
762 3805 1114 3881 παρῃτήσατο
1189 3803 1510 3863 Ἀθανάσιος
1568 3804 1704 3877 (79),
1761 3800 1978 3856 ὕποπτα
2033 3801 2101 3856 τὰ

430 3896 728 3971 πράγματα
756 3894 1027 3972 φαίνεται.

504 4161 599 4217 28.
646 4161 866 4217 Ἠτιᾶτο
920 4156 979 4214 δὲ
1024 4160 1115 4214 καὶ
1156 4157 1286 4221 τοὺς
1333 4154 1667 4220 ἀπελθόντας
1719 4178 1797 4220 εις
1839 4157 1931 4212 τὸν
1978 4163 2098 4215 Μα-

442 4250 654 4325 ρεώτην
706 4250 856 4324 παρά
913 4249 1145 4323 γνώμην
1194 4246 1358 4302 αὐτοῦ
1422 4244 1843 4317 ἀπεληλυθέναι.
1900 4243 2099 4322 Ἔλεγε

439 4338 566 4416 γὰρ,
599 4335 683 4392 ὅτι
736 4336 1010 4414 Θεόγνιον,
1058 4334 1149 4391 καὶ
1197 4336 1399 4411 Μάριν,
1429 4334 1519 4390 καί
1558 4332 1860 4411 Θεόδωρον,
1891 4333 2097 4410 Οὖρσά-

438 4447 581 4497 κιον,
613 4425 705 4482 καὶ
748 4424 1045 4495 Οὐάλεντα,
1075 4423 1166 4480 καὶ
1197 4421 1553 4497 Μακεδόνων,
1588 4424 1866 4486 ὑπόπτους
1917 4418 2096 4494 ὄντας,

442 4512 781 4573 ἀπέστειλαν.
814 4512 915 4570 Καὶ
943 4518 1105 4569 τοῦτο
1154 4511 1255 4568 οὐκ
1302 4512 1361 4567 ἐκ
1394 4517 1501 4568 τῶν
1548 4511 1731 4588 λόγων
1783 4511 1947 4567 αὐτοῦ
2001 4512 2097 4585 μό-
2150 4550 2153 4553 ι

444 4622 553 4675 νον,
588 4602 736 4658 ἀλλὰ
761 4602 852 4658 καὶ
884 4602 946 4657 ἐκ
979 4604 1080 4672 τῆς
1128 4598 1425 4671 ἐπιπολῆς
1473 4597 1826 4676 Ἀλεξάνδρου
1866 4604 1963 4654 106
2012 4621 2099 4675 γε-

442 4692 676 4764 νομένου
720 4689 1019 4747 ἐπισκόπου
1074 4697 1176 4761 τῆς
1229 4687 1630 4759 Θεσσαλονίκης
1687 4687 1922 4745 ἐδείκνυε
1964 4690 2096 4763 (80).

440 4781 761 4855 -Προήνεγκε
788 4781 893 4856 γὰρ
925 4779 1221 4848 ἐπιστολὴν
1254 4779 1419 4834 αὐτοῦ
1448 4783 1739 4857 γραφεῖσαν
1788 4780 1923 4854 πρὸς
1974 4785 2103 4833 Διο-

446 4867 649 4937 νύσιον,
679 4869 771 4924 τὸν
830 4868 881 4925 ἐν
930 4872 1000 4943 τῇ
1043 4866 1254 4941 συνόδῳ
1300 4868 1520 4940 κόμητα
1570 4870 1702 4942 (81),
1746 4867 1797 4923 ἐν
1935 4865 2102 4939 δηλοῖ

450 4957 679 5035 φανερὰν
756 4959 1018 5027 συσκευὴν
1084 4959 1328 5033 γενεσθαι
1412 4958 1549 5011 κατά
1617 4959 1951 5014 Ἀθανασιου.
2002 4955 2101 5011 Καὶ

518 5067 630 5137 (75)
660 5064 837 5139 Notat
882 5066 1292 5139 precedentem
1343 5065 1650 5138 epistolam
1694 5066 2102 5139 episcoporum

449 5136 875 5210 Egyptiorum.

519 5206 637 5291 ('76)
654 5209 754 5291 Hic
778 5206 1055 5291 Arsenius
1075 5207 1176 5279 qui
1197 5207 1528 5291 certissime
1547 5207 1862 5291 episcppqs
1877 5213 2021 5291 erat,
2042 5209 2107 5291 ut

440 5280 676 5353 ,passim
704 5281 769 5336 in
802 5279 897 5341 his
928 5279 1327 5361 monumentis
1358 5278 1599 5362 dicitur,
1641 5295 1675 5333 a
1702 5278 1915 5359 Rufino
1945 5282 2003 5333 et
2031 5278 2104 5334 ab

451 5351 582 5407 aliis
604 5352 911 5433 presbyter
946 5351 1091 5433 Cleri
1119 5349 1538 5433 ﬁlexandrini,
1570 5366 1604 5432 ᾳ
1633 5349 1938 5405 nonnullis
1969 5365 2104 5433 vero

454 5421 745 5478 sequioris
776 5421 878 5477 sevi
909 5421 1250 5477 auctoribus
1289 5421 1466 5475 lector
1514 5421 1694 5475 fuisse
1726 5425 2105 5476 memoratur.

455 5491 567 5576 §ed
592 5509 776 5576 quam
796 5497 967 5576 caute
986 5494 1215 5576 ‘Ruﬁno‘
1226 5498 1282 5546 et
1292 5492 1601 5576 .Athapasii
1622 5492 1751 5546 vita;
1769 5491 2106 5547 auctoribus

450 5561 673 5634 Graecis
699 5564 847 5620 fides
879 5566 957 5620 sit
986 5563 1260 5634 habenda
1280 5563 1410 5634 jam
1439 5562 1713 5617 diximus.

530 5632 645 5706 (77)
674 5637 792 5688 Τῶν
823 5636 989 5706 deest
1027 5635 1087 5692 in
1116 5631 1312 5692 editis.
1362 5631 1479 5690 Nos
1528 5648 1737 5691 sumus
1786 5649 1857 5692 ex
1882 5636 2023 5706 Reg.
2054 5634 2111 5688 et

463 5702 644 5765 Ba’sil'.
684 5705 958 5767 mutuati.

2206 612 2407 684 plures
2427 614 2687 686 episcopi
2710 630 2775 669 ex
2807 616 3055 687 Egypto
3077 617 3135 669 et
3170 631 3241 670 ex
3262 614 3394 670 aliis
3414 616 3729 686 provinciis
3750 632 3853 688 pro

2205 701 2543 757 Athanasio.
2578 702 2771 757 Primo
2798 702 2977 774 igitur
3018 702 3451 759 observandum
3499 706 3727 759 vestras
3760 704 3858 759 ad-

2205 805 2413 845 versus
2445 790 2613 845 illum
2643 790 2890 862 litteras,
2922 792 3075 847 inter
3110 808 3171 846 se
3220 808 3501 864 pugnare,
3544 797 3603 848 et
3632 793 3854 866 priores

2208 894 2343 932 cum
2373 879 2648 934 secundis
2679 879 3013 935 nullatenus
3039 880 3403 937 consentire:
3439 882 3541 937 sed
3567 881 3628 937 in
3651 882 3855 938 multis

2209 967 2409 1038 prima
2442 985 2475 1022 a
2505 969 2777 1024 secundis
2822 970 3219 1036 confutantur,
3269 974 3321 1025 et
3373 971 3643 1027 secundae
3675 988 3709 1026 a
3736 971 3855 1043 pri-

2211 1056 2324 1112 mis
2372 1056 2505 1112 falsi
2548 1061 2894 1129 arguuntur.
2943 1060 3086 1112 Cum
3138 1062 3333 1114 autem
3377 1058 3581 1115 litteras
3611 1059 3765 1115 inter
3795 1077 3857 1116 se

2211 1163 2325 1200 non
2358 1148 2749 1216 consentiant,
2778 1145 2938 1201 nulla
2967 1163 3108 1201 sane
3139 1148 3281 1203 ﬁdes
3326 1165 3525 1204 earum
3555 1148 3727 1205 dictis
3757 1149 3857 1205 ha-

2211 1235 2435 1289 beatur.
2469 1234 2690 1290 Dehinc
2730 1236 2779 1290 si
2805 1237 3013 1291 vestris
3060 1235 3269 1291 litteris
3317 1237 3492 1293 fidem
3527 1238 3727 1293 haberi
3758 1256 3858 1310 po-

2213 1323 2466 1395 stulatis,
2494 1329 2953 1380 consentaneum
2986 1328 3075 1380 est
3104 1324 3260 1396 etiis
3290 1342 3415 1397 qua;
3447 1342 3551 1397 pro
3582 1325 3680 1382 illo
3712 1327 3858 1383 scri-

2212 1416 2314 1482 pta
2343 1416 2484 1467 sunt
2513 1412 2685 1467 ﬁdem
2748 1429 2865 1467 non
2921 1413 3211 1485 abnegare
3237 1431 3249 1469 :
3308 1415 3561 1471 maxime
3590 1414 3731 1486 quia
3755 1431 3859 1473 vos

2212 1500 2451 1571 quidem
2483 1518 2514 1556 e
2543 1500 2871 1573 longinquo
2893 1501 3189 1570 scribitis;
3213 1501 3298 1556 illi
3315 1518 3449 1558 vero
3469 1503 3529 1558 in
3548 1502 3696 1575 ipsis
3716 1504 3860 1562 locis

2210 1605 2342 1644 cum
2369 1590 2506 1657 sint,
2532 1589 2635 1645 ubi
2655 1594 2712 1645 et
2731 1590 2921 1644 virum
2953 1589 3149 1661 ipsum
3176 1593 3234 1645 et
3268 1590 3502 1662 negotia
3549 1590 3667 1646 illic
3697 1596 3863 1665 gesta

2208 1677 2504 1745 viderunt,
2526 1678 2745 1751 scripto
2767 1678 2900 1734 vitae
2927 1680 3057 1750 ejus
3090 1679 3439 1751 probitatem
3465 1683 3775 1749 testantur,
3807 1685 3866 1738 et

2210 1766 2509 1821 affirmant
2528 1781 2663 1822 eum
2685 1766 3043 1822 calumniam
3068 1767 3127 1822 in
3150 1767 3425 1824 omnibus
3442 1785 3685 1840 passum
3710 1786 3859 1826 esse.

2210 1859 2291 1910 Ac
2321 1873 2557 1911 rursum
2590 1856 2872 1912 Arsenius
2903 1855 3145 1927 quidam
3190 1856 3522 1929 episcopus,
3552 1858 3745 1915 dictus
3775 1862 3865 1916 est

2214 1942 2534 2015 aliquando
2561 1944 2905 2001 interfectus
2926 1946 2996 1999 ab
3022 1945 3365 2016 Athanasio,
3388 1948 3489 2002 sed
3514 1946 3674 2002 hunc
3707 1948 3861 2004 vive-

2210 2049 2293 2100 re,
2325 2034 2444 2088 imo
2504 2034 2633 2103 ejus
2693 2034 2950 2089 amicum
3007 2050 3137 2090 esse
3189 2034 3504 2091 didicinus.
3553 2035 3654 2092 Ille
3683 2036 3864 2109 igitur

2210 2121 2608 2195 (Athanasius)
2632 2126 3018 2179 monumenta
3054 2123 3115 2178 in
3161 2127 3413 2180 Mareote
3447 2126 3751 2195 adornata,
3783 2125 3865 2182 al-

2212 2215 2339 2266 tera
2369 2209 2561 2266 solum
2594 2226 2625 2267 e
2656 2211 2925 2283 partibus
2972 2215 3276 2284 praesente,
3308 2212 3461 2268 facta
3488 2213 3673 2270 fuisse
3701 2214 3863 2271 afﬁr-

2212 2300 2413 2354 mavit.
2447 2300 2594 2355 Nam
2626 2316 2732 2355 nec
2764 2300 2884 2356 illie
2915 2300 3175 2357 adfuisse
3214 2300 3534 2357 Macarium
3562 2303 3863 2376 presbyte-

2212 2405 2368 2456 rum,
2401 2389 2503 2460 qui
2534 2389 2941 2459 accusabatur,
2975 2406 3080 2445 nec
3123 2390 3321 2461 ipsum
3363 2392 3702 2464 episcopum
3734 2394 3865 2464 ejus

2210 2477 2599 2533 Athanasium
2628 2496 2641 2534 :
2663 2478 2871 2545 ethoc,
2901 2495 3017 2534 non
3039 2478 3231 2535 solum
3272 2494 3339 2535 ex
3372 2480 3564 2537 verbis
3585 2481 3734 2552 ejus,
3758 2482 3862 2537 sed

2212 2581 2282 2621 ex
2301 2566 2449 2638 ipsis
2471 2566 2924 2640 inquisitionum
2949 2568 3372 2637 monumentis,
3395 2585 3521 2640 quae
3544 2570 3863 2643 Martyrius

2210 2660 2269 2710 et
2289 2655 2612 2728 Hesychius
2638 2656 2807 2711 nobis
2829 2656 3171 2724 attulerunt,
3196 2658 3564 2730 agnovimus.
3590 2659 3861 2732 Legenda

2212 2744 2430 2816 quippe
2486 2744 2902 2817 comperimus,
2962 2751 3360 2802 accusatorem
3415 2749 3573 2803 116
3622 2749 3861 2819 quidem

2212 2833 2507 2906 Ischyram
2532 2834 2653 2890 illic
2675 2835 2934 2890 adfuisse
2959 2855 2971 2903 ;
2996 2836 3313 2891 Macarium
3336 2840 3535 2892 autem
3556 2841 3615 2893 et
3638 2837 3861 2910 episco-

2209 2938 2354 2993 pum
2388 2922 2774 2979 Athanasium
2808 2923 3070 2979 minime.
3104 2925 3253 2990 Quin
3305 2930 3362 2980 et
3390 2926 3694 2982 Athanasii
3726 2944 3861 2999 pre-

2212 3010 2465 3082 sbyteris
2511 3010 2971 3083 postulantibus,
3021 3013 3105 3068 uti
3166 3014 3279 3069 sibi
3330 3014 3613 3072 interesse
3640 3015 3860 3083 liceret,

2213 3099 2360 3154 illud
2391 3104 2669 3171 negatum
2693 3117 2841 3156 esse.
2863 3102 3133 3172 Oportuit
3153 3106 3371 3173 autem,
3397 3102 3784 3171 dilectissimi,
3810 3104 3861 3159 si

2212 3189 2386 3244 modo
2411 3188 2703 3259 judicium
2725 3189 2870 3245 illud
2898 3190 3121 3247 sincere
3143 3195 3338 3246 actum
3360 3191 3591 3261 fuisset,
3613 3209 3728 3248 non
3760 3209 3861 3248 ac-

2214 3282 2546 3334 cusatorem
2569 3279 2871 3346 duntaxat,
2914 3280 3015 3335 sed
3041 3284 3095 3334 et
3116 3284 3455 3335 accusatum
3478 3281 3703 3337 adesse.
3732 3282 3857 3337 Sic-

2212 3370 2277 3422 ut
2296 3366 2453 3422 enim
2475 3367 2611 3438 Tyri
2632 3368 2836 3423 aderat
2880 3367 3169 3423 Macarius
3216 3368 3315 3440 qui
3365 3369 3772 3438 accusabatur,
3803 3375 3864 3426 et

2211 3453 2477 3525 Ischyras
2509 3458 2835 3525 accusator,
2865 3458 2921 3510 et
2950 3455 3095 3510 nihil
3146 3455 3224 3510 ibi
3274 3457 3585 3528 probatum
3618 3462 3745 3525 est;
3776 3458 3862 3514 sic

2211 3544 2268 3596 et
2296 3540 2356 3596 in
2386 3546 2679 3598 Mareoten
2721 3544 2998 3614 oportuit,
3051 3561 3168 3600 non
3217 3549 3619 3601 accusatorem
3646 3546 3862 3618 solum,

2212 3628 2315 3682 sed
2351 3632 2410 3683 et
2436 3633 2780 3685 accusatum
2827 3630 3124 3702 accedere,
3153 3635 3219 3686 ut
3244 3632 3297 3687 is
3326 3648 3584 3704 praesens
3609 3633 3697 3688 vel
3730 3650 3866 3690 con-

2207 3715 2561 3785 vinceretur,
2607 3717 2697 3774 vel
2752 3719 2800 3773 si
2849 3720 3113 3775 convinci
3144 3737 3260 3775 non
3292 3722 3599 3792 potuisset,
3632 3723 3861 3779 calum-

2208 3803 2369 3859 niam
2425 3804 2621 3877 palam
2682 3806 2915 3863 faceret.
2972 3808 3107 3864 Jam
3152 3825 3289 3865 vero
3336 3826 3471 3865 cum
3501 3811 3611 3867 hoc
3640 3814 3859 3869 factum

2209 3909 2323 3948 non
2358 3893 2453 3964 sit,
2490 3894 2591 3949 sed
2623 3894 2784 3950 solus
2812 3902 3139 3967 accusator,
3173 3914 3307 3953 cum
3338 3898 3413 3955 iis
3435 3915 3584 3970 quos
3603 3901 3862 3958 Athana-

2208 3981 2335 4037 sius
2366 3982 2699 4055 recusabat,
2730 3999 2797 4040 eo
2828 3987 3203 4054 concesserit,
3256 3992 3530 4061 suspecta
3559 4006 3700 4047 sane
3731 3994 3863 4047 acta

2208 4068 2312 4126 illa
2349 4070 2639 4126 videntur.

2277 4160 2368 4212 28.
2402 4159 2771 4231 Conquestus
2800 4166 2891 4217 est
2919 4162 3097 4218 etiam
3144 4164 3269 4237 ipse
3315 4167 3721 4241 (Athanasius)
3754 4170 3857 4240 qui

2208 4247 2283 4303 ad
2337 4251 2626 4304 Mareoten
2686 4250 2929 4320 profecti
2987 4257 3205 4323 essent,
3265 4270 3329 4311 se
3359 4262 3685 4325 recusante,
3717 4257 3859 4314 illuc

2207 4336 2589 4395 concessisse.
2614 4337 2853 4394 Dicebat
2869 4338 3024 4395 enim
3043 4341 3435 4416 Theognium,
3452 4347 3656 4417 Marin,
3673 4345 3859 4401 Theo-

2208 4426 2440 4494 dorum,
2475 4425 2806 4498 Ursacium,
2838 4426 3161 4497 Valentem,
3194 4434 3253 4487 et
3281 4432 3708 4503 Macedonium,
3741 4435 3857 4490 sibi

2208 4518 2537 4586 suspectos,
2569 4513 2709 4569 illuc
2740 4515 2955 4573 missos
2985 4517 3187 4588 fuisse,
3220 4519 3337 4575 Hoc
3364 4525 3562 4578 autem
3593 4540 3710 4579 non
3733 4523 3859 4582 suis
3913 4510 3918 4514 ’

2129 4625 2176 4690 D
2208 4603 2403 4659 verbis
2441 4606 2698 4674 tantum,
2760 4620 2855 4660 sec
2906 4605 3083 4661 etiam
3141 4624 3210 4663 ex
3266 4609 3514 4681 epistola
3542 4611 3860 4668 Alexandri

2210 4691 2509 4764 quondam
2566 4691 2997 4749 Thessalonicae
3070 4697 3328 4769 episcopi
3395 4700 3857 4757 demonstrabat.

2212 4780 2457 4838 Protulit
2487 4780 2642 4836 enim
2675 4782 2804 4853 ejus
2835 4783 3166 4855 epistolam,
3209 4788 3282 4842 ad
3336 4788 3673 4861 Dionysium
3703 4790 3763 4846 in
3794 4807 3863 4847 ea

2211 4871 2435 4942 synodo
2467 4870 2763 4941 comitem,
2798 4871 3079 4944 scriptam
3107 4891 3119 4928 :
3150 4892 3267 4946 qua
3289 4876 3659 4950 signiﬁcabat
3679 4880 3864 4935 mani-

2212 4961 2419 5016 festam
2454 4960 2735 5015 adversus
2764 4961 3157 5018 Athanasium
3203 4966 3699 5038 conspirationem
3732 4985 3862 5025 esse

2201 5121 2205 5124 ,
2281 5065 2396 5146 (78)
2421 5066 2493 5146 ,Ιη
2524 5065 2696 5146 editis
2723 5064 2852 5146 τούς
2878 5069 3060 5146 deest.
3114 5072 3177 5127 In
3224 5072 3365 5145 Reg.
3410 5072 3645 5146 legitur.
3678 5073 3857 5142 Infra,

2213 5133 2328 5212 pra
2346 5133 2577 5212 ἐγίνετο,
2613 5137 2775 5212 ἷξες,
2806 5135 3037 5212 ἐγένετο.

2284 5208 2397 5279 (79)
2454 5208 2549 5263 Sic
2634 5208 2775 5281 Reg.
2847 5208 3013 5267 'Editi
3078 5230 3213 5269 vero
3282 5215 3580 5283 mendose,
3641 5216 3861 5270 Ἀθανά-

2215 5297 2349 5333 σιον.

2287 5350 2409 5431 (80).
2431 5349 2905 5431 ΙξδιξαΑΙοΧεηᾱιιί
2935 5354 3007 5408 ad
3037 5354 3380 5427 Dionysium
3432 5357 3705 5414 comitem
3738 5359 3860 5431 epi-

2216 5420 2366 5475 stola
2396 5420 2549 5474 infra
2576 5420 2844 5476 habetur.
2898 5474 2901 5479 .

2288 5490 2400 5561 (81)
2440 5491 2603 5561 Reg.,
2661 5482 3203 5577 κόμιταμΙξοὴγινέο.
3249 5514 3474 5577 quoque
3522 5498 3860 5577 declaratio,

2218 5562 2289 5634 de
2320 5579 2437 5632 qua
2459 5579 2603 5634 mox
2653 5562 2873 5634 agitur
2903 5562 3349 5623 infra'videsis.
3379 5562 3683 5626 Similiter
3713 5562 3865 5628 Cleri

2215 5631 2590 5764 ἓὲῗῖῖξᾶιιὶοὶ
2637 5631 2716 5691 0t'
2749 5634 3047 5695 Mareotici
3106 5638 3526 5705 obtestationes
3576 5642 3732 5703 infra
3759 5643 3865 5707 ha-
