4178 6420
308 421 427 482 295

830 419 896 479 S.
940 415 1370 478 ATHANASII
1414 414 1588 476 OPP.
1638 413 1838 473 PARS
1885 411 1932 470 Ι.
1967 440 2046 454 -
2073 408 2487 471 HISTORIGA
2532 409 2635 472 ET
2677 407 3159 472 DOGMATIGA.

3610 411 3731 479 296

314 552 652 608 conﬂatam.
685 551 809 607 Imo
832 549 1020 622 ipsius
1061 547 1418 604 accusatoris
1469 544 1718 618 Ischyrre
1759 541 1962 599 rescri-

2081 538 2244 593 αὐτοῦ
2305 537 2363 593 δὲ
2415 543 2512 594 τοῦ
2566 537 2876 616 κατηγόρου
2906 537 3128 616 Ἰσχύρα
3181 540 3514 617 προεκόμισε
3570 551 3738 621 χεῖρα

315 644 487 713 ptum
519 637 765 712 protulit
794 637 1220 704 authenticum,
1268 635 1424 707 quod
1464 639 1654 690 totum
1687 637 1811 688 erat
1840 633 1969 703 ejus

318 745 499 785 manu
519 733 843 794 exaratum,
865 727 925 782 in
945 743 1060 798 quo
1077 726 1263 782 Deum
1284 724 1744 796 omnipotentem
1758 724 1967 776 testem
1995 731 2000 735 ‘

319 818 620 884 invocans,
655 831 845 886 neque
874 814 1116 871 calicem
1149 813 1329 869 fuisse
1361 814 1746 878 confractum,
1780 825 1970 880 neque

320 921 588 962 mensam
629 920 889 961 eversam
925 903 1292 959 declarabat:
1346 902 1445 957 sed
1473 917 1536 956 se
1557 918 1591 956 a
1612 898 1967 971 quibusdam

322 1000 390 1052 ut
434 995 586 1050 hanc
643 993 1072 1049 accusationem
1142 992 1519 1063 conﬁngeret,
1580 989 1967 1044 subornatum

319 1099 468 1140 esse.
495 1081 642 1138 Cum
671 1081 1046 1138 advenissent
1081 1085 1279 1136 autem
1303 1077 1625 1151 presbyteri
1649 1075 1965 1140 Mareotici,

318 1171 714 1237 affirmarunt,
738 1185 928 1242 neque
958 1169 1224 1241 Ishyram
1247 1185 1374 1223 esse
1387 1165 1685 1222 catholicae
1701 1163 1964 1219 Ecclesiae

316 1259 746 1332 presbyterum,
771 1274 961 1330 neque
981 1257 1097 1313 tale
1131 1256 1360 1312 facinus
1381 1258 1746 1327 perpetrasse
1771 1252 1965 1307 Maca-

319 1347 501 1416 rium,
536 1346 709 1418 quale
734 1347 786 1402 is
837 1346 922 1401 illi
981 1345 1333 1417 imputabat.
1388 1341 1716 1414 Presbyteri
1745 1357 1878 1396 vero
1910 1344 1967 1395 et

315 1435 548 1494 diaconi
579 1435 682 1507 qui
714 1435 829 1490 huc
859 1450 1177 1501 accessere,
1220 1449 1337 1488 non
1388 1447 1592 1504 pauca,
1625 1429 1727 1486 sed
1758 1445 1963 1500 quam-

313 1524 574 1597 plurima
594 1524 665 1579 de
689 1522 998 1578 Athanasii
1018 1521 1355 1578 innocentia
1387 1519 1775 1588 testabantur,
1803 1519 1964 1573 afﬁr-

315 1618 546 1670 mantes
575 1611 724 1668 nihil
752 1626 956 1668 eorum
997 1627 1125 1683 quae
1177 1610 1258 1665 illi
1305 1609 1734 1679 objiciebantur
1761 1622 1965 1662 verum

314 1718 465 1770 esse,
498 1701 599 1758 sed
633 1699 1126 1772 conspirationem
1158 1699 1437 1754 adversus
1467 1713 1602 1753 eum
1623 1696 1804 1752 fuisse
1833 1713 1966 1751 con-

316 1791 539 1847 ﬂatam.
590 1789 741 1855 Quin
787 1788 1018 1860 Egypti
1069 1804 1320 1860 quoque,
1376 1803 1442 1842 ac
1487 1786 1674 1858 Libyas
1704 1786 1964 1857 episcopi

2081 626 2389 706 ὁλόγραφον
2442 627 2776 699 αὑθεντικὴν,
2831 625 2882 682 ἐν
3023 627 3268 704 μάρτυρα
3308 630 3399 686 τὸν
3451 633 3578 688 Θεὸν
3639 634 3735 689 τὸν

2078 718 2488 792 παντοκράτορα
2545 715 2997 790 ἐπικαλούμενος,
3062 719 3200 790 μήτε
3255 720 3526 795 ποτηρίου
3599 719 3737 778 κλά-

2081 827 2182 873 σιν,
2221 808 2360 878 μήτε
2410 807 2683 880 τραπέζης
2742 805 3050 881 ἀνατροπὴν
3123 811 3448 882 γεγενῆσθαι
3522 807 3734 886 ἔλεγεν,

2078 891 2204 948 ἀλλ’
2239 889 2645 964 ὑποϐεϐλῆσθαι
2680 895 2863 949 ἑαυτὸν
2899 895 3002 950 ὑπό
3029 917 3192 952 τινων
3250 897 3559 956 πλάσασθαι
3609 903 3738 957 ταύ-

2074 1004 2175 1052 την
2230 985 2330 1052 τὴν
2375 982 2730 1060 κατηγορίαν.
2773 985 3200 1055 Ἀπαντησαντες
3259 985 3317 1042 δὲ
3359 986 3449 1043 καί
3497 985 3734 1064 πρεσϐύ-

2075 1091 2222 1146 τεροι
2267 1077 2363 1126 τοῦ
2406 1072 2722 1145 Μαρεώτου,
2757 1067 3208 1129 διεϐεϐαιώσαντο
3256 1079 3395 1148 μήτε
3433 1077 3526 1133 τὸν
3557 1079 3736 1154 Ἰσχύ-

2078 1182 2170 1235 ραν
2229 1159 2589 1237 πρεσϐύτερον
2653 1163 2788 1217 εἶναι
2854 1170 2955 1232 τῆς
3029 1163 3326 1234 καθολικῆς
3379 1165 3732 1241 Ἐκκλησίας,

2081 1252 2218 1323 μήτε
2245 1272 2297 1305 τι
2326 1255 2574 1306 τοιοῦτον
2615 1249 3152 1325 πεπλημμεληκέναι
3207 1255 3508 1328 Μακάριον,
3541 1257 3733 1311 ὁποῖον

2076 1337 2280 1401 ἐκεῖνος
2325 1339 2722 1415 κατηγόρησεν.
2767 1341 2831 1394 Οἱ
2880 1335 3232 1417 πρεσϐύτεροι
3283 1340 3462 1398 δὲκαὶ
3514 1345 3568 1398 οἱ
3618 1342 3734 1400 διά-

2075 1449 2244 1501 κονοι,
2296 1430 2693 1500 ἀπαντήσαντες
2751 1429 2996 1499 ἐνταῦθα,
3048 1429 3146 1485 οὐκ
3205 1429 3393 1506 ὀλίγα,
3443 1431 3593 1489 ἀλλὰ
3643 1434 3733 1489 καὶ

2073 1515 2261 1572 πολλὰ
2290 1517 2666 1594 ἐμαρτύρησαν
2701 1518 2834 1594 ὑπὲρ
2873 1523 2971 1573 τοῦ
3031 1518 3334 1575 ἐπισκόπου
3387 1521 3733 1592 Ἀθανασίου,

2077 1599 2544 1678 διαϐεϐαιούμενοι
2583 1603 2750 1679 μηδὲν
2785 1605 2986 1676 ἀληθὲς
3045 1607 3180 1663 εἶναι
3233 1613 3340 1664 τῶν
3390 1611 3508 1664 κατ’
3565 1610 3732 1667 αὐτοῦ

2077 1691 2415 1768 λεγομένων,
2476 1697 2737 1766 ωσκευήν
2797 1693 2855 1750 δὲ
2912 1695 3069 1752 αὐτὸν
3126 1699 3469 1756 πεπονθέναι.
3521 1698 3622 1755 Καὶ
3677 1701 3731 1756 οἱ

2075 1781 2180 1836 ἀπὸ
2205 1789 2303 1850 τῆς
2333 1782 2614 1858 Αἰγύπτου
2647 1781 2703 1838 δὲ
2751 1781 2841 1838 καί
2892 1779 3102 1855 Λιϐύης
3157 1787 3354 1849 πάντες
3415 1785 3725 1858 ἐπίσκοποι,

316 1895 544 1949 omnes,
573 1876 787 1933 litteris
813 1877 938 1934 suis
967 1877 1163 1932 testati
1196 1881 1354 1946 sunt,
1405 1891 1539 1930 cum
1579 1876 1708 1945 ejus
1730 1874 1962 1929 ordina-

2072 1871 2366 1945 γράφοντες
2401 1867 2854 1928 διεϐεϐαιώσαντο
2895 1873 2985 1927 καὶ
3030 1875 3130 1943 τὴν
3188 1876 3509 1931 κατάστασιν
3562 1877 3726 1933 αὐτοῦ

2073 1955 2104 1982 1’,
2130 1979 2253 1982 ημγ,
2338 1981 2345 1982 ,
2409 1960 2424 1982 κ
2480 1959 2494 1982 9
2574 1958 2593 1982 Ἴ
2732 1981 2735 1982 ,
2877 1964 2889 1980 κ
3145 1963 3155 1982 1
3376 1965 3389 1982 ς
3496 1967 3508 1982 1
3704 1968 3717 1982 ε

314 1969 539 2024 tionem
559 1966 804 2023 liberam
827 1968 883 2021 et
900 1965 1352 2022 ecclesiasticam
1394 1963 1596 2030 fuisse,
1618 1968 1746 2018 tum
1769 1980 1896 2034 qua:
1927 1981 1962 2019 a

2072 1955 2292 2032 ἔννομον
2336 1960 2426 2014 καὶ
2477 1958 2930 2031 ἐκκλησιαπικὴν
2970 1963 3273 2038 γεγονέναι,
3302 1965 3393 2020 καὶ
3437 1967 3606 2021 πάντα
3660 1968 3727 2021 τὰ

309 2056 477 2113 vobis
498 2056 779 2112 adversus
802 2054 972 2110 illum
1000 2055 1194 2110 delata
1214 2058 1356 2109 sunt
1387 2053 1586 2108 omnia
1604 2069 1732 2108 esse
1764 2051 1911 2107 falsa
1943 2069 1956 2106 :

309 2161 500 2217 neque
529 2144 687 2199 enim
719 2143 936 2199 caedem
967 2143 1203 2214 factam,
1254 2158 1360 2201 nec
1413 2141 1567 2197 ullos
1619 2142 1750 2212 ejus
1781 2158 1962 2196 causa

308 2234 556 2304 occisos,
588 2249 779 2304 neque
820 2232 1062 2289 calicem
1120 2233 1485 2288 confractum
1542 2231 1759 2300 fuisse;
1795 2232 1894 2287 sed
1925 2249 1960 2287 a

304 2339 440 2379 vero
466 2322 782 2379 abhorrere
812 2321 1031 2377 omnia.
1078 2322 1202 2377 Imo
1249 2337 1383 2377 vero
1419 2337 1504 2383 ,ex
1529 2320 1675 2392 ipsis
1709 2320 1960 2392 inquisi-

305 2409 533 2468 tionum
566 2410 990 2476 monumentis,
1025 2427 1152 2482 quae
1179 2410 1240 2465 in
1269 2410 1543 2476 Mareote,
1576 2426 1695 2463 una
1725 2413 1958 2464 tantum

305 2516 375 2556 ex
405 2499 674 2572 partibus
703 2507 1008 2572 praesente,
1062 2500 1213 2554 facta
1261 2498 1514 2568 fuerant,
1560 2498 1962 2570 comprobavit

306 2590 618 2661 episcopus
647 2588 1032 2657 Athanasius,
1055 2587 1504 2644 catechumcum
1532 2588 1851 2659 quemdam
1877 2588 1960 2642 in-

305 2681 667 2748 terrogatum
702 2677 942 2744 dixiase,
986 2693 1048 2733 se
1097 2677 1256 2732 intus
1304 2693 1440 2732 cum
1491 2676 1723 2748 Ischyra
1754 2677 1955 2749 fuisse,

308 2783 426 2838 quo
443 2769 703 2836 tempore
716 2765 881 2821 aiunt
892 2765 1210 2821 Macarium
1224 2764 1531 2820 Athanasii
1549 2766 1956 2837 presbyterum

308 2869 372 2910 se
403 2855 463 2910 in
494 2870 629 2910 eum
659 2853 857 2910 locum
887 2853 1208 2909 immisisse
1235 2871 1248 2909 :
1300 2870 1370 2908 ex
1391 2853 1522 2909 aliis
1544 2854 1682 2910 item
1707 2855 1958 2911 interro-

307 2943 464 3016 gatis
510 2942 729 2998 dixisse
787 2943 1127 3015 quemdam,
1189 2943 1343 3014 quod
1401 2942 1460 2997 in
1521 2959 1697 3015 parva
1725 2943 1956 3010 cellula,

306 3030 510 3099 alium,
553 3031 708 3102 quod
756 3047 908 3103 pone
945 3033 1196 3102 januam
1247 3021 1471 3102 jaceret
1519 3030 1786 3102 Ischyras
1816 3035 1956 3087 tunc

303 3119 579 3192 aegrotus,
611 3135 728 3191 quo
762 3123 1026 3191 tempore
1056 3119 1140 3175 illi
1190 3119 1512 3175 Macarium
1562 3120 1727 3174 aiunt
1754 3137 1821 3175 eo
1853 3121 1956 3176 ad-

300 3209 552 3265 venisse.
576 3208 659 3264 Ex
678 3209 806 3279 ejus
825 3212 1022 3264 autem
1047 3208 1223 3264 dictis
1245 3209 1356 3265 hoc
1396 3225 1503 3264 nos
1523 3214 1953 3280 consequenter

2068 2047 2196 2120 παρ’
2249 2047 2399 2119 ὑμῶν
2451 2045 2723 2122 λεγόμενα
2768 2051 2884 2104 κατ’
2935 2049 3096 2106 αὐτοῦ
3147 2051 3284 2106 εἶναι
3327 2050 3496 2126 ψευδῆ
3528 2075 3542 2089 ο
3602 2051 3727 2110 οὔτε

2068 2135 2172 2210 γὰρ
2232 2136 2393 2213 φόνον
2454 2139 2797 2213 γεγενῆσθαι,
2856 2135 2980 2193 οὔτε
3035 2141 3185 2202 τινὰς
3253 2140 3598 2217 ἀναιρεθῆναι
3655 2141 3726 2198 δι’

2067 2222 2245 2295 αὐτὸν,
2287 2221 2410 2278 οὔτε
2456 2223 2645 2280 κλάσιν
2692 2226 2963 2302 ποτηρίου
3014 2231 3356 2304 γεγενῆσθαι,
3393 2227 3540 2285 ἀλλὰ
3588 2230 3724 2286 πᾶν-

2065 2333 2132 2365 τα
2163 2311 2298 2367 εἶναι
2327 2310 2522 2386 ψευδῆ.
2558 2313 2655 2368 Καὶ
2688 2313 2747 2369 ἐκ
2792 2319 2898 2370 τῶν
2952 2317 3360 2392 ὑπομνημάτων
3412 2317 3471 2374 δὲ
3513 2324 3622 2375 τῶν
3672 2319 3725 2376 ἐν

2067 2402 2332 2476 Μαρεώτῃ
2383 2403 2518 2456 κατά
2578 2404 2935 2479 μονομέρειαν
2995 2406 3378 2481 γεγενημένων
3424 2410 3559 2483 (82),
3591 2407 3727 2465 ἐδεί-

2066 2510 2219 2544 κνυεν
2254 2492 2282 2545 6
2323 2489 2615 2554 ἐπίσκοπος
2667 2493 2982 2557 Ἀθατάσιος
3037 2493 3130 2550 ἕνα
3169 2496 3589 2574 κατηχούμενον
3642 2498 3722 2571 ἐξ·

2068 2579 2369 2653 ετασθέντα,
2401 2581 2492 2635 καὶ
2523 2581 2742 2637 εἰπόντα
2802 2578 2952 2638 ἔνδον
3007 2583 3142 2639 εἶναι
3199 2586 3334 2659 μετὰ
3361 2585 3600 2664 Ἰοχύρα,
3633 2587 3725 2644 ὅτε

2069 2669 2346 2744 Μακάριος
2404 2670 2433 2723 ὁ
2490 2665 2858 2746 πρεσϐύτερος
2915 2673 3252 2746 Ἀθανασίου,
3311 2674 3387 2737 ὡς
3445 2672 3720 2752 λέγουσιν,

2069 2754 2262 2826 ἐπέστη
2296 2761 2377 2830 τῷ
2431 2757 2623 2830 τόπῳ·
2681 2761 2771 2814 καὶ
2828 2756 3034 2823 ἄλλους
3095 2758 3153 2816 δὲ
3208 2758 3574 2832 ἐξετασθέντας
3632 2765 3723 2820 καὶ

2069 2845 2313 2929 εἷπρντας
2370 2846 2460 2901 τὸν
2523 2847 2616 2919 μὲν
2668 2847 2720 2902 ἐν
2767 2845 2980 2921 κελλίῳ
3034 2853 3230 2924 μικρῷ,
3261 2851 3354 2906 τὸν
3404 2848 3463 2906 δὲ
3507 2847 3720 2909 ὄπισθεν

2064 2936 2164 3002 τῆς
2205 2933 2370 3007 θύρας
2415 2938 2758 2991 κατακεῖσθαι
2813 2938 2903 2993 τὸν
2936 2936 3206 3014 Ἰσχύραν,
3261 2939 3386 2995 τότε
3439 2946 3723 3016 νοσοῦντα,

2066 3021 2155 3077 ὅτε
2213 3024 2491 3100 Μακάριον
2546 3022 2797 3100 λέγουσιν
2859 3025 3222 3101 ἀρηντηκέναι
3283 3027 3412 3086 ἐκεῖ.
3460 3030 3594 3085 Ἀπὸ
3653 3028 3720 3101 δὴ

2063 3111 2270 3166 τούτων
2305 3113 2378 3166 ὢν
2412 3109 2568 3188 ἔλεγε
2594 3113 2685 3168 καὶ
2737 3116 2902 3188 ἡμεῖς
2957 3113 3273 3180 ἀκολούθως
3323 3117 3722 3194 στοχαζόμεθα,

2065 3199 2148 3254 ὅτι
2179 3204 2296 3262 πῶς
2332 3201 2444 3256 οἷόν
2474 3222 2534 3256 τε
2561 3202 2651 3257 τὸν
2680 3197 2894 3258 ὄπισθεν
2925 3204 3028 3274 τῆς
3079 3205 3243 3279 θύρας
3287 3205 3428 3279 νόσῳ
3478 3207 3726 3263 κατακεί-

303 3296 635 3371 colligimus
661 3314 674 3352 ε
705 3296 806 3368 qui
835 3297 958 3352 fieri
991 3296 1180 3368 potuit
1209 3312 1364 3368 eum,
1397 3297 1499 3368 qui
1531 3313 1680 3369 pone
1703 3299 1950 3368 januam

2072 3310 2221 3362 μενον
2280 3289 2404 3344 τότε
2463 3291 2764 3364 ἐστηκέναι,
2803 3291 2893 3347 καὶ
2952 3291 3310 3371 λειτουργεῖν,
3341 3296 3432 3350 καὶ
3487 3296 3723 3376 προσφέ-

307 3401 459 3458 aeger
509 3385 904 3456 decumberet,
960 3389 1102 3440 tunc
1156 3387 1410 3449 stetisse,
1469 3385 1775 3458 titurgiam
1808 3386 1954 3442 cele-

309 3474 534 3541 brasse,
559 3490 626 3530 ac
647 3473 1001 3528 oblationem
1031 3474 1237 3529 fecisse
1254 3473 1282 3528 ‘I
1312 3478 1414 3530 aut
1451 3474 1552 3545 qui
1592 3475 1780 3546 potuit
1801 3475 1959 3530 obla-

311 3563 394 3619 tio
425 3561 692 3635 apposita
721 3578 872 3628 esse,
903 3579 1038 3618 eum
1072 3563 1231 3618 intus
1263 3567 1462 3619 essent
1507 3563 1960 3619 catechumeni?

312 3651 374 3708 Si
408 3651 563 3706 enim
594 3651 753 3707 intus
783 3656 950 3707 erant
973 3652 1401 3722 catechumeni,
1427 3652 1689 3707 nondum
1714 3652 1958 3708 oblatio-

319 3741 412 3796 nis
433 3745 669 3812 tempus
690 3745 831 3796 erat.
856 3740 1006 3805 Haec,
1034 3745 1099 3796 ut
1119 3741 1343 3796 dictum
1376 3745 1486 3812 est,
1524 3742 1715 3798 aiebat
1734 3743 1961 3814 episco-

316 3846 432 3902 pus
459 3829 816 3885 Athanasius
842 3846 854 3884 :
887 3830 1009 3885 haec
1050 3845 1121 3885 ex
1149 3830 1294 3901 ipsis
1341 3831 1738 3886 monumentis
1767 3831 1962 3903 palam

316 3917 570 3974 faciebat
593 3935 607 3974 :
631 3916 702 3972 iis
733 3917 834 3989 qui
868 3934 1002 3973 cum
1042 3934 1108 3973 eo
1158 3922 1325 3972 erant
1370 3919 1824 3988 afﬁrmantibus,
1858 3936 1964 3976 nec

317 4005 619 4078 Ischyram
643 4021 904 4077 unquam
928 4005 987 4060 in
1027 4005 1284 4061 Ecclesia
1319 4005 1609 4062 catholica
1633 4006 1811 4063 fuisse
1842 4025 1967 4080 pre-

320 4096 645 4168 sbyterum,
668 4109 776 4148 nec
799 4093 857 4149 in
879 4093 1292 4150 ecclesiasticis
1323 4095 1704 4151 conventibus
1727 4097 1967 4169 presby-

319 4183 430 4240 teri
453 4182 648 4240 locum
680 4182 982 4239 habuisse.
1017 4182 1166 4249 Quin
1198 4185 1348 4238 “7
1393 4200 1509 4254 quo
1540 4187 1803 4256 tempore
1831 4184 1967 4245 Ale-

315 4273 560 4344 xander,
593 4287 810 4344 magna
840 4271 1059 4344 synodo
1092 4287 1194 4343 per
1223 4271 1653 4344 indulgentiam
1684 4271 1745 4327 in
1770 4288 1970 4330 conce-

319 4363 512 4432 dente,
536 4377 637 4417 eos
661 4359 762 4433 qui
803 4365 968 4416 erant
993 4377 1062 4416 ex
1111 4359 1429 4416 schismate
1472 4359 1704 4430 Meletii,
1727 4363 1964 4434 recepit,

316 4451 617 4524 Ischyram
641 4467 675 4505 a
699 4447 928 4504 Meletio
958 4449 1017 4504 in
1055 4466 1299 4506 numero
1337 4449 1812 4522 presbyterorum
1839 4468 1969 4507 suo-

314 4556 447 4596 rum
481 4538 848 4594 nominatum
883 4554 997 4599 non
1021 4538 1205 4594 fuisse
1225 4538 1623 4594 afﬁrmabant.
1648 4539 1810 4602 Quod
1843 4556 1966 4596 rna-

2068 3398 2214 3454 ρειν;
2245 3379 2281 3447 ἢ
2314 3383 2431 3442 πῶς
2466 3379 2578 3434 οἷόν
2606 3401 2667 3434 τε
2712 3381 2778 3450 iv
2831 3382 3141 3459 προσφορὰν
3203 3387 3540 3459 προκεῖσθαι,
3574 3384 3723 3443 ἔνδον

2067 3463 2237 3522 ὄντων
2269 3472 2374 3523 τῶν
2401 3470 2832 3543 κατηχουμένων
2863 3488 2877 3539 ;
2909 3469 2974 3524 Εἰ
3004 3472 3107 3546 γὰρ
3165 3470 3311 3528 ἔνδον
3345 3473 3481 3543 ἦσαν
3509 3477 3562 3530 οἱ
3591 3497 3725 3532 κατ-

2068 3555 2399 3631 ηχούμενοι,
2430 3554 2584 3612 οὔπω
2613 3558 2678 3627 iv
2739 3559 2768 3613 6
2796 3559 2984 3633 καιρὸς
3013 3563 3113 3628 τῆς
3155 3569 3490 3639 προσφορᾶς.
3523 3569 3720 3634 Ταῦτα,

2071 3645 2250 3720 ὥσπερ
2285 3642 2516 3721 εἷ’ρηται,
2549 3643 2729 3724 ἔλεγεν
2759 3649 2787 3702 6
2813 3647 3108 3711 ἐπίσκοπος
3149 3649 3485 3723 ’Δθανάσιος,
3516 3654 3606 3708 καὶ
3659 3654 3720 3710 ἐκ

2067 3739 2173 3788 τῶν
2261 3733 2666 3808 ὑπομνημάτων
2741 3734 2995 3809 ἐδείκνυε,
3064 3732 3556 3815 διαϐεϐαιουμένων
3624 3743 3716 3797 καὶ

2069 3827 2176 3878 τῶν
2211 3823 2302 3876 σὺν
2348 3823 2514 3896 αὐτῷ,
2553 3821 2694 3897 μηδὲ
2724 3823 2872 3888 ὅλως
2904 3824 3064 3881 αὐτὸν
3097 3822 3458 3902 πρεσϐύτερον
3493 3838 3728 3906 γεγενῆ-

2074 3911 2192 3966 σθαί
2239 3933 2372 3966 ποτε
2411 3912 2463 3967 ἐν
2506 3916 2574 3987 τῇ
2606 3913 2873 3988 καθολικῇ
2908 3913 3226 3988 Ἐκκλησίᾳ,
3263 3915 3404 3990 μηδὲ
3459 3922 3731 3996 συνῆχθαι

2075 4000 2232 4055 αὐτόν
2291 4021 2425 4056 ποτε
2467 4001 2518 4056 ἐν
2566 4005 2636 4076 τῇ
2677 4001 2978 4075 Ἐκκλησία
3023 4004 3098 4066 ὡς
3143 4002 3502 4084 πρεσϐύτερον
3530 4030 3545 4044 ο
3606 4007 3734 4065 οὐδὲ

2072 4090 2172 4164 γὰρ
2223 4087 2348 4144 οὐδὲ
2395 4088 2485 4144 ὅτε
2525 4092 2637 4164 (83)
2680 4087 3034 4168 Ἀλέξανδρος
3085 4090 3303 4169 ἐδέχετο
3355 4097 3493 4169 μετὰ
3538 4096 3735 4174 φιλαν-

2073 4178 2314 4254 θρωπίαν
2345 4179 2444 4246 τῆς
2480 4177 2728 4252 μεγάλης
2761 4178 2986 4236 συνόδου
3022 4181 3150 4244 τοὺς
3191 4183 3296 4238 ἀπὸ
3341 4188 3441 4240 τοῦ
3493 4185 3734 4262 σχίσμα-

2072 4287 2166 4328 τος
2210 4265 2496 4337 Μελιτίου,
2541 4267 2858 4343 ὠνομᾶσθαι
2907 4269 3065 4326 αὐτὸν
3125 4270 3229 4327 ὑπὸ
3282 4271 3553 4331 Μελιτίου
3602 4277 3738 4351 μετὰ

2073 4359 2181 4409 τῶν
2213 4354 2378 4410 αὐτοῦ
2410 4351 2809 4412 διεϐεϐαιοῦντο
2833 4376 2846 4390 ⁸
2880 4359 2910 4413 ’ὀ
2936 4360 3026 4414 καὶ
3060 4360 3312 4435 μέγιστόν
3365 4363 3478 4418 ἐστι
3520 4367 3733 4439 τεκμή-

2077 4464 2191 4519 ριον
2223 4446 2297 4518 μή
2351 4444 2485 4500 εἶναι
2536 4445 2694 4503 αὐτὸν
2753 4451 2892 4521 μήτε
2923 4447 3210 4508 Μελιτίου.
3242 4451 3308 4506 Εἰ
3338 4453 3443 4526 γὰρ
3471 4452 3565 4523 iv,
3596 4452 3733 4509 πάν-

2073 4555 2183 4596 τως
2242 4532 2331 4600 καί
2388 4534 2546 4598 αὐτός
2597 4536 2780 4600 αὐτοῖς
2827 4539 3232 4614 συνηριθμεῖτο.
3264 4538 3490 4603 ’Ἄλλως
3533 4563 3595 4597 τε
3635 4544 3728 4598 καὶ

313 4628 542 4684 ximum
574 4631 988 4700 argumentum
1023 4630 1131 4695 est,
1183 4627 1381 4698 ipsum
1435 4643 1509 4683 ne
1538 4643 1607 4682 ex
1636 4625 1962 4684 Meletianis

2076 4623 2127 4678 ἐν
2161 4621 2354 4716 ἀλλοις
2389 4625 2416 4678 ὁ
2447 4624 2696 4701 Ἰσχύρας
2737 4627 3072 4700 ψευσάμενος
3117 4625 3387 4684 ἐδείκνυτο
3437 4629 3540 4684 ὑπὸ
3570 4631 3729 4688 Ἀθα-

315 4717 555 4790 quidem
584 4717 939 4788 presbyteris
972 4732 1101 4771 esse
1135 4733 1147 4771 :
1195 4732 1333 4771 nam
1385 4715 1435 4771 si
1463 4731 1532 4770 ex
1561 4714 1679 4771 illis
1711 4716 1964 4773 exstitis-

318 4811 424 4876 set,
457 4805 530 4861 iis
561 4820 702 4861 sane
723 4809 782 4860 et
835 4805 960 4878 ipse
1016 4808 1440 4860 annumeratus
1491 4804 1714 4860 fuisset.
1751 4805 1962 4862 Praeter

312 4894 437 4950 haec
468 4893 582 4950 alia
607 4910 839 4965 quoque
880 4893 1127 4965 Ischyrae
1157 4893 1462 4948 mendacia
1497 4893 1853 4948 Athanasius
1891 4911 1961 4950 ex

311 4981 713 5040 monumentis
744 4981 861 5037 illis
893 4981 1248 5053 coarguebat
1276 4999 1288 5037 :
1322 4980 1536 5052 quippe
1563 4981 1662 5051 qui
1693 4979 1754 5036 in
1787 4998 1957 5038 accu-

2070 4711 2255 4767 νασίου
2305 4713 2363 4768 ἐκ
2406 4717 2513 4768 τῶν
2564 4714 2973 4790 ὑπομνημάτων
3002 4736 3014 4749 ·
3073 4720 3453 4794 κατηγορήσας
3501 4721 3605 4795 γὰρ
3649 4720 3727 4784 ὡς

2074 4797 2306 4878 βιϐλίων
2365 4803 2731 4875 κεκαυμένων,
2805 4803 2914 4874 ὅτε,
2992 4805 3068 4867 ὡς
3145 4807 3388 4881 λέγουσι,
3447 4809 3728 4884 Μακάριος

2070 4891 2292 4962 ἐπέστη,
2348 4890 2597 4968 ἠλέγχθη
2663 4893 2750 4971 ὑφ’
2807 4894 2881 4947 ὧν
2939 4893 3097 4957 αὐτὸς
3162 4891 3358 4972 ἤνεγκε
3433 4897 3723 4973 μαρτύρων

2067 4982 2418 5055 ψευσάμενος.

307 5072 533 5128 satione
562 5087 671 5127 sua
727 5070 799 5126 de
855 5069 1037 5135 livris,
1099 5069 1334 5140 quando
1390 5068 1702 5137 Macarius,
1738 5075 1804 5126 ut
1835 5072 1948 5144 ipsi
1977 5074 2162 5145 aiunt,
2185 5071 2422 5143 irrupit,
2443 5072 2788 5141 combustis,
2821 5072 2894 5128 ab
2933 5074 3005 5130 iis
3037 5074 3188 5148 ipsis
3221 5091 3371 5147 quos
3407 5073 3506 5132 ille
3544 5079 3728 5134 testes

307 5160 578 5216 adhibuit
612 5158 744 5216 falsi
774 5158 1076 5214 convictus
1107 5161 1216 5213 est.

375 5250 467 5306 29.
529 5253 664 5304 Haec
721 5265 854 5303 cum
907 5247 992 5302 ita
1038 5247 1393 5315 dicerentur,
1445 5251 1503 5302 et
1526 5251 1611 5302 tot
1639 5251 1818 5303 testes
1848 5263 1952 5318 pro

304 5337 406 5395 illo
435 5341 678 5406 starent,
703 5341 904 5408 totque
943 5336 1070 5408 ipse
1100 5334 1332 5391 aﬂerret
1351 5333 1699 5392 innocentiae
1721 5352 1838 5392 sum
1866 5353 1955 5393 ar-

376 5586 488 5660 (8?)
515 5586 684 5660 Begu
722 5604 964 5660 μογομερ
977 5581 1055 5639 ίαν
1082 5585 1420 5660 πενομένων-

376 5587 466 5657 (82
519 5586 684 5660 Reg.,
722 5586 1055 5660 μονομερίαν
1127 5586 1420 5659 ενομένων.

376 5586 489 5730 (83;
514 5657 666 5714 Editi
696 5658 870 5730 male,
925 5657 1028 5730 δτι.
1081 5607 1222 5730 ἧος.
1277 5674 1433 5715 vero.
1466 5651 1574 5714 ὅτε.
1612 5657 1790 5715 Paulo
1823 5661 1957 5730 post

299 5730 396 5793 τοῦ
425 5728 562 5791 ante
612 5728 915 5808 σχίσματος
971 5729 1136 5790 deest
1170 5728 1252 5789 ‘in
1317 5730 1510 5791 editis.
1570 5730 1687 5791 Nos
1745 5728 1955 5792 sumus

2133 5251 2222 5306 29.
2269 5245 2484 5302 Τούτων
2549 5247 2731 5302 τοίνυν
2799 5247 2974 5310 οὕτως
3024 5245 3356 5326 λεγομένων,
3400 5251 3491 5305 καὶ
3537 5248 3728 5307 τοσού-

2060 5358 2168 5393 των
2233 5337 2328 5410 μὶν
2375 5331 2541 5391 ὄντων
2594 5339 2704 5391 τῶν
2785 5336 3072 5414 μαρτύρων
3142 5342 3249 5394 τῶν
3324 5338 3456 5415 ὑπὲρ
3536 5338 3724 5410 αὐτοῦ,

2063 5603 2134 5720 3x
2179 5585 2330 5717 tReg.
2389 5588 2664 5647 mutuati.
2725 5587 2860 5647 Mox
2933 5587 3099 5664 1133.,
3178 5587 3517 5665 ὠνομάσθαι,
3580 5604 3718 5649 cum

2103 5677 2170 5718 cu
2201 5677 2255 5720 ο.

2103 5677 2255 5720 cuto.
