4178 6406
370 476 487 541 297

1500 478 1898 542 APOLOGIA
1941 479 2255 543 CONTRA
2296 479 2660 545 ARIANOS.

3672 478 3790 544 298

366 607 640 667 τοσούτων
692 605 750 666 δὲ
799 604 1183 685 δικαιωμάτων
1232 612 1657 690 προφερομένων
1710 612 1798 666 ὑπ’
1837 610 2018 684 αὐτοῦ,

2137 619 2438 686 gumenta,
2472 615 2633 688 quid,
2668 630 2884 687 quaeso,
2934 613 3104 673 nobis
3155 615 3452 688 agendum
3503 612 3658 671 fuit?
3688 620 3791 671 aut

364 700 419 755 τί
472 698 579 755 ἔδει
629 704 805 755 ποιεῖν
850 702 999 774 ἡμᾶς
1033 717 1047 770 ;
1079 702 1114 770 ἢ
1171 700 1226 755 τί
1276 703 1305 756 ὁ
1354 699 1799 771 ἐκκλησιαστικὸς
1845 702 2020 754 κανὼν

367 789 603 857 ἀπαιτεῖ,
636 790 671 859 ἢ
728 791 803 863 μῆ
857 794 1197 865 καταγνῶναι
1244 794 1340 844 τοῦ
1386 788 1596 864 ἀνδρὸς,
1632 788 1776 845 ἀλλά
1810 788 2020 863 μᾶλλον

366 877 723 950 ἀποδέξασθαι
769 879 860 934 καὶ
907 874 1052 955 ἔχειν
1115 880 1271 935 αὐτὸν
1329 878 1642 950 ἐπίσκοπον,
1703 878 1883 955 ὥσπερ
1931 878 2020 933 καὶ

363 966 607 1045 ἕχομεν;
642 967 738 1023 Καὶ
789 970 891 1045 γὰρ
940 969 1079 1044 πρὸς
1114 968 1331 1031 τούτοις
1379 975 1507 1024 πᾶσι
1565 970 1883 1041 παρέμεινεν
1945 967 2023 1022 ἐν-

358 1059 529 1113 ταῦθα
570 1056 808 1112 ἐνιαυτὸν
858 1060 970 1132 (84)
1014 1060 1103 1113 καὶ
1159 1058 1214 1129 ἓξ
1267 1065 1463 1131 μῆνας,
1514 1056 1873 1134 ἐκδεχόμενος
1919 1059 2018 1126 τὴν

362 1148 658 1223 παρουσίαν
718 1147 868 1221 ὐμῶν
918 1149 953 1217 ἢ
1012 1152 1117 1203 τῶν
1183 1146 1533 1223 βουλομένων
1588 1146 1782 1203 ἐλθεῖψ
1841 1151 1909 1219 τῇ
1965 1144 2021 1201 δὲ

360 1235 633 1311 παρουσίᾳ
686 1234 951 1292 ἐδυσώπει
997 1234 1224 1310 πάντας,
1276 1235 1359 1292 ὅτι
1410 1237 1508 1291 οὐκ
1539 1238 1597 1291 ἃν
1648 1243 1827 1309 παρῆν
1861 1236 1905 1289 εἰ
1943 1237 2017 1309 μὴ

359 1325 593 1402 ἐθάρρει.
652 1325 751 1380 Καὶ
809 1327 913 1400 γὰρ
975 1324 1073 1380 οὐκ
1132 1327 1221 1404 ἀφ’
1281 1326 1471 1380 ἑαυτοῦ
1532 1323 1814 1396 ἐλήλυθεν,
1876 1323 2021 1379 ἀλλὰ

360 1411 587 1483 κληθεὶς
643 1411 735 1468 καὶ
784 1409 967 1468 λαϐὼν
1020 1411 1321 1490 γράμματα
1375 1414 1502 1489 παρ’
1549 1416 1731 1486 ἡμῶν,
1781 1414 2017 1486 καθάπερ

355 1503 447 1556 καὶ
481 1502 608 1575 ὑμῖν
655 1502 987 1578 ἐγράψαμεν.
1035 1502 1139 1559 Καὶ
1191 1501 1345 1576 ὅμως
1400 1504 1533 1577 μετὰ
1578 1506 1813 1556 τοσαῦτα
1863 1501 2017 1573 ὑμεῖς

358 1591 434 1652 ὡς
507 1592 655 1665 παρᾶ
716 1590 943 1654 κανόνας
1014 1594 1349 1663 ποιήσαντας
1426 1594 1574 1665 ἡμᾶς
1653 1590 1965 1663 ἐμέμψασθε
2000 1634 2012 1645 .

357 1684 623 1734 Σκοπεῖτε
672 1678 874 1755 τοίνυν,
932 1679 1071 1743 τίνες
1130 1681 1261 1736 είσὶν
1322 1682 1374 1735 οἱ
1428 1682 1576 1756 παρὰ
1622 1678 1851 1740 κανόνας
1901 1680 2016 1752 (85)

357 1768 673 1842 πράξαντες,
715 1772 880 1842 ἡμεῖς
930 1771 983 1825 οἱ
1038 1772 1172 1843 μετά
1218 1768 1491 1825 τοσούτων
1543 1766 1867 1838 ἀποδείξεων
1922 1767 2013 1821 τὸν

358 1854 525 1933 ἄνδρα
580 1855 878 1931 δεξάμενοι,
928 1860 964 1927 ἢ
1016 1860 1068 1912 οἱ
1120 1858 1224 1913 ἀπὸ
1269 1856 1562 1934 τριάκοντα
1606 1858 1695 1913 καὶ
1726 1857 1780 1928 ’ἐξ
1837 1861 2017 1930 μονῶν

358 1943 410 1999 έν
470 1946 784 2022 ’Δντιοχείᾳ
843 1947 1207 2020 ὀνομάσαντες
1263 1967 1381 2001 τινα
1454 1947 1529 2009 ὡς
1587 1947 1879 2001 ἐπίσκοπον
1933 1945 2013 2015 ξέ-

353 2052 445 2087 νον
499 2036 633 2107 (86),
683 2033 774 2089 καὶ
837 2032 1249 2098 ἀποστείλαντες
1312 2034 1387 2096 εἷς
1443 2036 1543 2104 τῆν
1606 2031 2013 2107 Ἀλεξάνδρειαν

367 2122 501 2196 μετὰ
550 2130 944 2195 στρατιωτικῆς
993 2123 1234 2194 ἐξουσίας
1269 2143 1282 2195 ;
1316 2121 1447 2199 ὅπερ
1498 2124 1559 2179 οὗ
1609 2124 1852 2200 γέγονεν,
1894 2119 2019 2177 οὐδὲ

368 2210 446 2273 εἷς
497 2209 738 2275 Γαλλίας
796 2210 960 2269 αἰ)τοῦ
1012 2213 1438 2277 ἀποσταλέντος.
1500 2213 1741 2290 ἐγεγόνει
1798 2215 1901 2289 γὰρ
1956 2212 2016 2267 ἂν

364 2298 456 2353 καὶ
511 2299 654 2371 τότε,
715 2301 761 2356 εί
804 2298 973 2364 ὅντως
1031 2305 1095 2371 ῆν
1157 2302 1554 2378 καταγνωσθείς
1614 2304 1748 2377 (87).
1792 2300 2018 2375 Ἀμέλει

368 2385 674 2443 ἐπανελθὼν
726 2388 1101 2465 σχολάζουσαν
1150 2391 1242 2446 καὶ
1296 2388 1663 2468 ἐκδεχομένην
1715 2391 1873 2447 αὐτὸν
1916 2392 2016 2461 τῆν

366 2475 694 2548 Ἐκκλησίαν
725 2480 897 2556 εὗρεν.

434 2745 522 2799 30.
561 2741 735 2801 Ἀλλὰ
782 2749 871 2800 νῦν
932 2745 1032 2801 οὐκ
1090 2745 1232 2819 οἶδα,
1290 2747 1437 2821 ποίῳ
1484 2748 1675 2823 τρόπῳ
1722 2750 1915 2825 γέγονε
1956 2749 2024 2802 τὰ

361 2832 647 2909 γενόμενα.
704 2839 926 2911 Πρῶτον
983 2835 1077 2909 μὲν
1128 2837 1253 2912 γὰρ,
1307 2836 1353 2891 εἰ
1416 2834 1497 2891 δεῖ
1541 2835 1777 2907 τάληθὲς
1829 2837 2020 2917 εἰπεῖν,

364 2920 464 2975 οὐκ
512 2917 643 2991 ἔδει,
693 2926 1013 2998 γραψάντων
1068 2928 1228 2999 ἡμῶν
1290 2924 1512 2981 σύνοδον
1572 2927 1836 3002 γενέσθαι,
1888 2946 2023 3002 προ-

366 3004 553 3065 λαϐεῖν
602 3033 753 3075 τινας
782 3014 882 3083 τὴν
933 3013 992 3068 ἐκ
1033 3021 1136 3083 τῆς
1186 3012 1412 3070 συνόδου
1460 3014 1657 3090 κρίσιν’
1712 3014 1896 3072 ἔπειτα
1927 3015 2026 3071 οὐκ

365 3095 472 3153 ἔδει
523 3101 780 3171 τοιαύτην
822 3101 1175 3176 καινοτομίαν
1234 3106 1371 3159 κατά
1416 3111 1517 3175 τῆς
1566 3103 1895 3175 Ἐκκλησίας
1934 3126 2023 3180 γε-

363 3186 563 3245 νέσθαι.
598 3195 765 3252 Uolo:
798 3194 904 3267 γάρ
954 3192 1131 3247 κανὼν
1185 3191 1654 3262 έκκλησιαστικὸς,
1687 3194 1721 3261 ἢ
1766 3193 1897 3248 ποία
1925 3214 2025 3247 πα-

366 3273 585 3348 ράδοσις
657 3277 994 3349 ἀποστολική
1054 3280 1277 3350 τοιαύτη
1317 3326 1331 3351 ,
1394 3280 1579 3352 ὥστε,
1638 3282 2022 3358 εἷρηνευούσης

2046 1990 2095 2055 Β

2136 703 2419 775 quidnam
2477 704 2635 759 aliud
2690 704 3028 777 postulabat
3084 703 3519 761 ecclesiasticus
3577 720 3785 775 canon,

2133 807 2313 862 quam
2337 797 2403 847 ut
2423 793 2612 848 virnm
2637 811 2750 848 non
2774 795 3216 859 damnaremus,
3236 794 3337 849 sed
3362 792 3559 866 potius
3589 792 3788 864 ipsum

2132 881 2544 952 reciperemus,
2599 899 2665 937 ac
2721 899 2823 953 pro
2881 899 3013 938 vero
3074 884 3347 954 episcopo
3407 882 3787 950 haberemus,

2131 971 2629 1040 quemadmodum
2664 975 2721 1025 et
2749 971 3112 1026 habuimus?
3145 971 3370 1026 Etenim
3410 975 3620 1043 praeter
3665 970 3786 1026 haec

2131 1059 2329 1113 omnia
2356 1076 2575 1113 annum
2600 1076 2784 1114 unum
2815 1064 2871 1114 et
2893 1077 2993 1115 sex
3016 1076 3247 1116 menses
3270 1060 3363 1115 hic
3384 1059 3690 1127 remansit,
3717 1065 3785 1115 ut

2130 1148 2449 1203 adventum
2490 1152 2748 1203 vestrum
2783 1153 2883 1204 aut
2914 1165 3116 1203 eorum
3147 1150 3248 1221 qui
3281 1151 3395 1205 huc
3426 1167 3487 1205 se
3519 1150 3784 1206 conferre

2126 1235 2360 1305 vellent,
2382 1241 2743 1308 exspectaret
2767 1254 2779 1293 :
2806 1255 3030 1310 suaque
3080 1239 3386 1309 praesentia
3415 1255 3619 1294 omnes
3667 1256 3780 1310 pu-

2129 1325 2268 1380 dore
2323 1325 2635 1391 afﬁciebat,
2675 1342 2791 1379 non
2849 1326 3159 1381 adfuturus
3218 1327 3455 1399 quippe,
3490 1327 3604 1383 nisi
3661 1344 3781 1382 sua)

2128 1430 2318 1469 causae
2349 1414 2708 1469 conﬁdisset.
2734 1414 2857 1469 Non
2889 1414 3045 1469 enim
3098 1431 3204 1470 suo
3254 1420 3437 1481 motu,
3462 1417 3563 1471 sed
3587 1432 3780 1472 accer-

2128 1502 2278 1557 situs
2301 1518 2367 1557 ac
2390 1502 2601 1558 litteris
2624 1503 2840 1558 nostris
2865 1503 3142 1573 acceptis,
3167 1504 3281 1558 huc
3302 1504 3779 1575 accessit,quem-

2127 1592 2448 1646 admodum
2471 1596 2528 1647 et
2545 1592 2710 1647 vobis
2731 1590 2944 1647 litteris
2959 1591 3174 1647 nostris
3197 1592 3606 1648 indicavimus.
3621 1595 3782 1649 Atta-

2126 1695 2261 1735 men
2294 1686 2425 1752 post
2452 1684 2538 1735 tot
2580 1684 2861 1752 tantaque
2892 1698 2926 1735 a
2955 1680 3123 1736 nobis
3150 1684 3317 1753 gesta
3345 1698 3453 1737 nos
3484 1682 3781 1738 criminati

2127 1767 2267 1824 estis
2298 1768 2469 1839 quasi
2510 1773 2712 1824 contra
2760 1786 3011 1825 canones
3071 1770 3385 1841 egerimus.
3436 1770 3782 1843 Perpendite

2125 1856 2308 1929 igitur
2352 1858 2595 1928 quinam
2647 1861 2849 1915 contra
2898 1874 3150 1914 canones
3199 1862 3428 1932 agunt:
3464 1876 3649 1916 nosne
3679 1858 3781 1932 qui

2126 1950 2259 2017 post
2280 1949 2446 2000 tanta
2467 1946 2811 2001 innocentiae
2844 1950 3195 2018 argumenta
3213 1946 3403 2003 virum
3425 1948 3778 2021 recepimus,

2126 2051 2200 2091 an
2234 2034 2336 2107 qui
2364 2034 2607 2107 triginta
2650 2051 2750 2091 sex
2792 2035 3200 2092 mansionibus
3249 2035 3534 2093 distantes
3573 2037 3780 2093 Antio-

2127 2123 2273 2179 chiae
2293 2128 2634 2179 extraneum
2656 2125 2972 2194 quemdam
3008 2125 3349 2197 episcopum
3372 2126 3776 2195 nominarunt,

2126 2229 2382 2284 eumque
2420 2212 2830 2269 Alexandriam
2862 2213 3150 2269 miserunt
3186 2214 3424 2271 militari
3452 2231 3632 2271 manu
3664 2216 3777 2271 sti-

2127 2302 2370 2375 patum?
2401 2302 2564 2366 Quod
2596 2318 2669 2357 ne
2699 2312 2840 2358 tunc
2887 2302 3124 2374 quidem
3174 2304 3393 2360 factum
3423 2308 3530 2370 est,
3556 2321 3692 2360 cum
3722 2304 3776 2362 is

2128 2391 2189 2446 in
2220 2390 2467 2447 Galliam
2516 2390 2807 2464 relegatus
2856 2396 3031 2458 esset,
3077 2392 3339 2449 futurum
3397 2398 3596 2449 autem
3652 2399 3778 2450 erat

2128 2483 2269 2537 tunc
2298 2480 2600 2553 temporis,
2624 2481 2674 2537 si
2696 2497 2894 2537 revera
2911 2480 3009 2536 ille
3031 2482 3332 2538 convictus
3362 2482 3589 2539 fuisset.
3613 2482 3779 2540 Certe

2128 2569 2190 2625 in
2220 2568 2412 2625 reditu
2444 2586 2551 2625 suo
2582 2574 2888 2626 vacantem
2921 2587 3100 2643 seque
3128 2576 3561 2645 exspectantem
3592 2572 3783 2630 Eccle-

2132 2658 2283 2715 siam
2313 2658 2555 2714 invenit.

2202 2748 2291 2802 30.
2322 2750 2395 2803 At
2423 2764 2577 2803 nunc
2618 2747 2822 2821 ignoro
2855 2765 2974 2820 qua
3022 2748 3246 2806 ratione
3293 2748 3413 2805 hmo
3442 2742 3615 2807 facta
3643 2750 3783 2806 sint.

2131 2837 2399 2893 Primum
2431 2837 2609 2909 enim,
2635 2838 2684 2893 si
2715 2854 2847 2893 vere
2877 2837 3190 2893 dicendum
3222 2842 3330 2907 est,
3354 2855 3472 2894 non
3503 2839 3784 2911 oportuit,

2134 2943 2267 2981 cum
2296 2927 2369 2982 ad
2402 2928 2723 2999 cogendam
2774 2927 3065 2998 synodum
3110 2925 3338 2983 litteras
3388 2927 3783 2999 misissemus,

2134 3016 2364 3087 aliquos
2386 3016 2679 3087 judicium
2730 3016 2938 3088 synodi
2989 3020 3328 3087 praavertere
3362 3034 3375 3072 :
3410 3017 3620 3073 deinde
3668 3033 3786 3073 non

2134 3106 2331 3161 decuit
2385 3105 2495 3161 hoc
2552 3105 2832 3161 adversus
2891 3103 3209 3160 Ecclesiam
3266 3105 3552 3162 innovari.
3585 3105 3787 3171 Qualis

2134 3195 2292 3251 enim
2352 3211 2535 3250 canon
2591 3192 3047 3265 ecclesiasticus,
3077 3197 3180 3249 aut
3224 3194 3416 3266 qualis
3465 3195 3787 3267 apostolica

2132 3284 2372 3340 traditio
2422 3284 2531 3339 hoc
2578 3283 2829 3355 praefert,
2863 3286 2928 3337 ut
2974 3298 3115 3354 pace
3172 3287 3379 3355 agente
3410 3283 3684 3356 Ecclesia,
3718 3299 3786 3341 ac

366 3362 718 3435 Ἐκκλησίας,
749 3366 839 3422 καὶ
892 3366 1200 3424 ἐπισκόπων
1250 3369 1523 3425 τοσούτων
1574 3371 1831 3443 ὁμόνοιαν
1862 3370 2016 3448 ἐχόν-

2132 3377 2219 3430 tot
2246 3372 2535 3445 episcopis
2566 3388 2699 3427 cum
2744 3371 3066 3426 Athanasio
3096 3369 3460 3427 Alexandriaa
3512 3372 3786 3445 episcopo

359 3472 468 3507 των
514 3452 653 3530 πρὸς
698 3455 788 3510 τὸν
842 3455 1133 3512 ἐπίσκοπον
1186 3465 1288 3527 τῆς
1345 3456 1756 3533 Ἀλεξανδρείας
1803 3461 2027 3515 Ἀθανά-

363 3559 496 3609 σιον,
530 3540 903 3613 ἀποσταλῆναι
951 3545 1279 3622 Γρηγόριον,
1328 3542 1475 3617 ξένον
1510 3548 1604 3621 μὲν
1656 3555 1756 3617 τῆς
1787 3548 2003 3611 πόλεως

367 3630 507 3700 μήτε
538 3630 650 3685 ἐκεῖ
685 3614 1061 3707 βαπτισθέντα,
1082 3614 1093 3622 1
1119 3614 1258 3708 μήτε
1299 3636 1705 3711 γινωσκόμενον
1738 3644 1856 3700 τοῖς
1886 3614 2027 3693 πολΞ

362 3714 484 3780 λοῖς
518 3765 534 3792 ,
600 3721 674 3794 μὴ
737 3721 1025 3794 αἰτηθέντα
1082 3727 1229 3799 παρὰ
1284 3721 1664 3802 πρεσϐυτέρων
1696 3773 1710 3798 ,
1771 3728 1845 3801 μὴ
1901 3748 2030 3803 παρτ

362 3804 697 3905 ἐπισκόπων,
753 3812 828 3885 μὴ
866 3814 1023 3905 ’παρα
1074 3810 1243 3905 λαῶν,
1295 3812 1445 3905 ἀλλά
1490 3817 1887 3905 κατασταθῆναι
1918 3818 2030 3905 (88)

368 3897 461 3969 μὶν
496 3896 549 3953 ἐν
600 3900 930 3977 Ἀντιοχεία,
984 3900 1358 3973 ἀποσταλῆναι
1392 3900 1449 3958 δὲ
1498 3904 1573 3967 είς
1619 3906 1718 3973 τῆν
1775 3896 2025 3976 Ἀλεξάνλ

365 3983 569 4063 δρειαν,
601 3988 663 4044 οὐ
698 3991 835 4063 μετά
884 3986 1286 4068 πρεσϐυτέρων,
1340 3993 1402 4047 οὐ
1439 3994 1573 4066 μετὰ
1624 3991 1884 4049 διακόνων
1923 4002 2025 4064 τῆς

363 4073 605 4145 πόλεως,
635 4077 697 4133 ού
735 4080 869 4153 μετὰ
900 4078 1208 4136 ἐπισκόπων
1240 4087 1342 4151 τῆς
1371 4081 1675 4157 Αἰγύπτου,
1712 4081 1857 4137 ἀλλὰ
1891 4086 2026 4157 μετὰ

363 4172 708 4239 στρατιωτῶν
744 4186 757 4237 ;
790 4173 960 4224 Τοῦτο
1008 4171 1113 4246 γὰρ
1166 4168 1357 4247 ἔλεγον
1406 4172 1497 4226 καὶ
1547 4171 1784 4246 ᾐτιῶντο
1835 4174 1888 4227 οἱ
1940 4173 2021 4229 ἐν-

457 4313 550 4383 84)
581 4311 802 4399 Ηρνιξξη
824 4313 1147 4399 octodecim
1176 4314 1471 4399 mensium
1500 4315 1803 4399 initiumua
1830 4317 2021 4399 primo

362 4383 671 4459 Athanasii
716 4383 961 4459 Romam
1013 4386 1280 4459 adventu,
1326 4391 1461 4459 ante
1509 4386 1797 4459 Gregorii,
1830 4383 2020 4445 intru-

362 4454 588 4510 sionem
636 4456 972 4512 ducendum
1021 4474 1149 4513 esse
1196 4457 1535 4514 existimant
1582 4454 1851 4515 nonnulli
1881 4477 2019 4516 eru-

361 4525 641 4602 ditissimi
670 4528 799 4602 viri.
832 4529 942 4584 Sed
983 4530 1399 4602 Athanasium,
1428 4530 1665 4585 nonnisi
1714 4535 1847 4602 post
1876 4533 2019 4589 Gre-

362 4598 510 4668 gorii
558 4598 953 4656 intrusionem
985 4601 1233 4657 Romam
1281 4601 1511 4658 venisse
1557 4598 1738 4674 supra
1784 4605 2018 4659 monui-

367 4684 524 4724 mus.

436 4740 549 4881 (85;
581 4740 720 4812 Reg.
732 4781 747 4809 ,
777 4740 992 4797 κανόνα.

436 4812 527 4881 (86
582 4813 744 4867 Hunc
790 4813 984 4869 locum

436 4812 547 4888 (86)
582 4813 746 4888 Hunc
790 4813 984 4888 locum
1034 4814 1117 4870 ita
1151 4818 1414 4888 verterat
1460 4815 1729 4871 Nannius
1764 4832 1776 4869 :
1809 4834 1885 4872 an
1918 4820 2015 4888 qui

362 4882 541 4960 solum
570 4882 641 4938 ad
670 4886 901 4960 triginta
923 4902 1022 4960 sex
1062 4887 1329 4960 suffragia
1368 4902 1556 4943 eorum
1586 4891 1682 4960 qui
1711 4882 2014 4945 Antiocliz'ae

359 4955 539 5081 gnere,
601 4959 891 5011 externum
946 4955 1222 5013 hominem
1245 4955 1253 4957 ’
1276 4955 1609 5031 episcopum'
1640 4961 2014 5016 :alutarunt?

413 5042 484 5080 on
521 5025 847 5081 adverterat
892 5028 1051 5081 enim
1096 5032 1271 5081 μονῶν
1305 5047 1438 5081 cum
1471 5036 1710 5081 accentu
1761 5034 2013 5081 circum-

413 5042 484 5080 on
521 5025 847 5082 adverterat
892 5028 1051 5084 enim

360 5096 530 5173 ﬂexo,
564 5097 747 5173 hujus
775 5100 932 5154 vocis
966 5096 1133 5172 μονή,
1163 5103 1397 5173 mansio,
1428 5119 1545 5158 non
1590 5108 1786 5159 autem
1830 5104 2011 5171 illius,

363 5166 553 5253 μόνος,
584 5166 760 5258 solus,
792 5166 1347 5258 casum“esse.._Haec
1378 5166 1567 5258 prava
1612 5166 2013 5258 interpretatio

359 5258 489 5314 quae
520 5242 580 5296 in
613 5243 927 5314 postremis
948 5243 1307 5301 editionibus
1332 5242 1590 5302 correcta
1618 5242 1829 5314 fuit,in
1862 5264 2014 5303 erro-

359 5259 489 5314 quae
520 5259 580 5296 1n
600 5259 927 5368 ίροεῐιιιεῑῐιιις
948 5259 1307 5301 eumonmus
1332 5259 1590 5302 correcta
1618 5259 1829 5314 I‘u1t,1n
1862 5264 2014 5303 erro-

356 5328 481 5392 rem
524 5315 595 5392 de
645 5318 846 5392 uxerat
894 5315 1213 5392 _Ba_ronium
1263 5315 1679 5392 alio_sque,gqui
1710 5335 1743 5373 a
1772 5318 2016 5392 triginta

357 5384 460 5459 sed
482 5385 624 5441 solis
647 5386 941 5459 episcopis
959 5387 1303 5459 Gregorium
1332 5384 1735 5445 Alexandriam
1760 5384 2012 5447 missum

358 5455 541 5511 fuisse
574 5473 643 5512 ex
672 5455 782 5513 hoc
821 5455 949 5515 loco
979 5455 1153 5531 pra've
1192 5459 1483 5516 intellecto
1519 5464 1921 5517 autumarunt.
1948 5463 2016 5518 Et

356 5542 492 5605 vero
522 5545 637 5605 no_n
657 5535 758 5605 _est
786 5531 904 5605 jam
938 5531 1183 5605 quaestio
1206 5535 1351 5605 quot
1364 5532 1636 5605 episcopi
1662 5533 2010 5605 Gregorium

357 5597 771 5674 Alexandriam
786 5597 1097 5671 'miserint;
1128 5597 1286 5674 quod
1326 5597 1466 5658 alibi
1496 5597 1862 5660 commodius
1894 5606 2013 5660 dis-

359 5667 717 5753 quirendum
743 5674 957 5753 veniet.
992 5667 1326 5753 Mansiones
1368 5680 1566 5753 autem
1739 5692 1868 5753 quae
1897 5679 2012 5753 An-

355 5739 579 5798 tiochia
605 5740 1017 5802 Alexandriam
1057 5746 1429 5803 intercedunt
1473 5745 1534 5802 in
1583 5739 1874 5804 Itinerim'o
1903 5748 2012 5803 An-

356 5813 541 5872 tonini
568 5811 837 5887 totidem,
861 5833 1025 5877 num.
1044 5819 1116 5875 36
1144 5833 1377 5892 nempe,
1402 5823 1826 5877 memorantur.
1854 5820 2011 5885 Quas

2138 3462 2660 3531 consentientibus,
2694 3460 3007 3533 Gregorius
3038 3459 3328 3529 mittatur,
3358 3464 3633 3517 externus
3680 3462 3788 3518 ho-

2138 3569 2257 3619 mo,
2281 3552 2383 3624 qui
2414 3568 2529 3607 non
2566 3551 2682 3606 illic
2732 3554 2823 3606 est
2866 3549 3217 3622 baptizatus,
3252 3549 3352 3621 qui
3382 3549 3790 3623 complurimis

2138 3643 2376 3714 ignotus
2426 3645 2534 3710 est,
2566 3657 2671 3695 nec
2724 3656 2758 3695 a
2806 3637 3180 3711 presbyteris,
3204 3638 3293 3693 vel
3344 3639 3416 3695 ab
3476 3639 3788 3713 episcopis,

2136 3729 2225 3787 vel
2257 3747 2291 3785 a
2318 3729 2485 3802 plebe
2516 3716 2883 3801 postulatus;
2915 3728 3017 3785 sed
3041 3728 3092 3783 is
3113 3726 3434 3783 Antiochiae
3465 3728 3791 3801 ordinetur,

2138 3818 2551 3874 Alexandriam
2581 3834 2737 3889 vero,
2773 3833 2887 3873 non
2920 3832 3053 3871 cum
3086 3816 3443 3889 presbyteris
3466 3816 3563 3873 vel
3592 3818 3791 3874 diaco-

2138 3908 2230 3964 nis
2270 3907 2457 3975 urbis,
2490 3924 2606 3962 non
2666 3923 2801 3961 cum
2858 3906 3147 3978 episcopis
3205 3906 3458 3978 Egypti,
3491 3906 3595 3962 sed
3651 3921 3790 3963 eum

2137 3996 2423 4053 militibus
2472 3994 2946 4051 transmittatur?
2998 3994 3108 4050 hoc
3157 4010 3412 4065 namque
3454 3993 3612 4051 haud
3661 3994 3791 4051 sine

2135 4085 2374 4158 querela
2403 4085 2637 4141 aiebant
2660 4085 2760 4157 qui
2792 4084 2908 4140 huc
2940 4100 3167 4140 venere.
3192 4083 3437 4140 Etiamsi
3467 4084 3624 4140 enim
3655 4089 3791 4157 post

2132 4175 2423 4248 synodum
2451 4190 2585 4229 reus
2607 4173 3008 4245 deprehensus
3031 4172 3241 4228 fuisset
3259 4172 3644 4244 Athanasius,
3669 4189 3788 4229 non

2130 4317 2191 4373 in
2222 4316 2438 4373 tabella
2466 4314 2859 4389 geographica
2888 4315 2949 4369 in
2980 4315 3170 4389 fronte
3197 4314 3503 4371 Athanasii
3526 4314 3786 4387 Operum

2130 4407 2165 4445 a
2194 4389 2363 4444 nobis
2396 4385 2995 4458 adornata—dispicere
3026 4385 3181 4458 licet.

2201 4462 2313 4532 (87)
2348 4460 2480 4515 Vide
2528 4475 2655 4541 quas
2689 4458 2759 4513 de
2791 4456 3425 4541 significatione‘vocis
3476 4456 3782 4541 καταγινώ-

2129 4528 2273 4585 σκειν
2296 4528 2485 4603 supra
2513 4528 2789 4585 diximus.
2818 4528 2980 4584 U’unc
3012 4533 3209 4603 autem
3237 4528 3432 4583 locum
3455 4528 3540 4583 sic
3560 4528 3786 4584 verten-

2128 4605 2271 4659 dum
2304 4601 2452 4668 esse,
2473 4604 2523 4657 si
2550 4617 2738 4656 revera
2776 4603 3060 4657 convictus
3105 4601 3321 4670 fuisset,
3350 4615 3486 4654 cum
3535 4616 3604 4654 ea
3650 4616 3783 4671 quas

2128 4675 2385 4730 diximus
2417 4690 2616 4742 supra,
2638 4678 2765 4727 tum
2797 4673 2906 4727 hoc
2933 4672 3071 4726 item
3099 4672 3328 4737 suadet,
3352 4671 3509 4742 quod
3541 4671 3663 4726 haec
3694 4673 3782 4728 in-

2046 4733 2094 4797 D
2124 4733 2741 4819 terpretatiohist'oriae
2764 4743 3262 4819 _hujus_temporis
3292 4733 3445 4819 recte
3475 4747 3777 4819 consonet.

1138 5032 1271 5083 ονῶν
1305 5047 1438 5085 cum
1471 5036 1711 5087 accentu
1761 5034 2013 5088 circum-
2066 5052 2067 5055 η

2122 4814 2357 4874 Certum
2391 4817 2546 4871 enim
2569 4821 2659 4871 est
2688 4814 3078 4871 Athanasium
3108 4814 3225 4870 non
3257 4818 3495 4886 propter
3514 4814 3775 4885 objectas

2121 4891 2254 4962 Tyri
2280 4888 2740 4962 criminationes,
2765 4888 2837 4943 ob
2861 4904 3009 4962 quas
3033 4887 3114 4941 ibi
3135 4887 3449 4962 damnatus
3481 4887 3689 4962 fuerat,
3713 4886 3774 4943 in

2123 4957 2330 5017 Galliis
2358 4960 2683 5025 exsulasse,
2716 4976 2815 5015 eas
2859 4957 3013 5014 enim
3047 4975 3118 5013 ne
3149 4958 3387 5030 quidem
3418 4957 3480 5012 in
3512 4958 3773 5015 medium

2122 5036 2380 5104 proferre
2410 5048 2606 5087 coram
2638 5030 3021 5104 Constantino
3064 5031 3191 5086 ausi
3243 5034 3383 5104 sunt
3428 5030 3771 5104 Eusebiani,

2124 5100 2225 5161 sed
2258 5106 2330 5160 ob
2361 5121 2570 5159 novam
2601 5102 2672 5157 ab
2717 5102 2834 5158 illis
2881 5105 3167 5158 structam
3200 5100 3582 5173 calumniam,
3615 5100 3772 5173 quod

2123 5176 2350 5233 scilicet
2396 5174 2674 5230 frumenti
2713 5178 3119 5245 commeatum,
3156 5171 3473 5245 quotannis
3519 5171 3774 5245 Alexan-

2122 5248 2251 5303 dria
2279 5245 2849 5317 Constantinopolim
2870 5242 3187 5301 transvehi'
3200 5244 3463 5317 solitum,
3470 5259 3551 5317 ge
3579 5242 3775 5317 prohi-

2122 5319 2388 5375 biturum
2438 5314 2833 5374 comminatus
2863 5322 3018 5372 esset
3065 5314 3600 5371 Athanasius.Hee
3648 5314 3775 5371 sola

2123 5408 2300 5446 causa
2331 5389 2442 5445 fuit
2470 5392 2598 5460 ejus
2630 5389 2838 5455 exsilii,
2863 5405 2990 5459 quae
3015 5385 3564 5460 rcumimerecivilis
3595 5390 3770 5454 esset,

2123 5462 2313 5519 noluit
2360 5457 2699 5533 imperator
2727 5457 3103 5533 Constantius
3150 5457 3499 5533 Eusebianis
3529 5474 3771 5533 morem

2122 5528 2478 5607 gerere,_qu—i
2517 5531 2703 5588 exsilii
2736 5548 2914 5607 poenas
2947 5530 3212 5607 omnium
3242 5528 3771 5607 ecclesiasticarum

2166 5601 2556 5675 ravissimam,
2577 5601 2787 5672 nempe
2816 5602 3262 5673 depositionem,
3296 5601 3508 5656 addere
3538 5606 3771 5674 exopta-

2163 5682 2286 5733 ant.

2194 5748 2305 5819 (88)
2337 5747 2422 5802 Ita
2505 5745 2645 5818 Reg.
2703 5747 2761 5801 et
2823 5743 2999 5801 Basil.
3061 5743 3212 5799 Editi
3277 5758 3433 5811 vero,
3490 5747 3762 5811 καταστῇ.

2122 5838 2229 5877 ναι.

3918 599 3956 637 ι
