4178 6394
347 429 464 494 209

879 428 945 491 S.
991 429 1420 492 ATHANASII
1464 428 1637 492 OPP.
1684 429 1885 492 PARS
1927 429 1978 492 Ι.
2015 458 2091 474 -
2122 426 2542 491 HISTORIGA
2584 425 2690 490 ET
2732 423 3234 490 DOGMATIGA.

3651 422 3784 490 300

349 561 547 618 decuit
587 559 640 621 si
683 565 891 635 printer
911 563 1014 634 jus
1045 561 1268 635 fasque,
1293 565 1350 618 et
1387 566 1591 618 contra
1638 562 1998 619 ecclesiasti-

2129 561 2277 614 ταῦθα
2327 557 2597 620 ἐλθόντες·
2655 557 2701 612 εἷ
2754 559 2856 634 γὰρ
2904 555 2994 611 καὶ
3030 557 3165 629 μετὰ
3208 555 3311 626 τήν
3359 551 3582 613 σύνοδον
3613 556 3778 612 eme.

350 667 484 706 cum
533 667 838 718 canonem,
873 652 1125 707 ordinari
1178 652 1562 723 quempiam:
1608 653 1761 708 118
1806 653 1905 708 sed
1940 653 1998 707 in

349 739 481 812 ipsa
527 740 791 810 ecclesia,
824 757 892 796 ex
938 740 1063 814 ipso
1116 741 1460 796 sacerdotali
1495 743 1720 812 ordine,
1756 759 1825 797 ex
1872 741 1999 813 ipso

351 828 528 892 clero,
552 829 624 884 ab
656 829 947 901 episcopis
979 829 1286 900 provinciae
1327 829 1488 886 illius
1522 831 1798 886 constitui
1832 847 1998 901 opor-

350 917 489 984 tuit,
512 921 570 974 et
601 934 972 990 nequaquam
995 935 1151 973 nunc
1173 917 1577 990 apostolorum
1600 935 1852 975 canones
1883 919 2001 974 vio-

351 1006 481 1063 lari.
507 1007 567 1063 Si
591 1007 748 1062 enim
779 1007 838 1062 in
872 1023 1229 1078 quemquam
1261 1012 1522 1063 vestrum
1553 1007 1668 1063 tale
1697 1008 1996 1079 quidpiam

352 1095 737 1152 commissum
769 1101 944 1164 esset,
968 1113 1163 1152 nonne
1194 1096 1585 1162 clamassetis,
1609 1113 1801 1152 nonne
1830 1097 2003 1153 viola-

350 1188 549 1241 torum
571 1202 864 1241 canonum
887 1185 1203 1241 vindictam
1238 1185 1684 1258 postulassetis?
1715 1191 1896 1256 Certe,
1920 1185 2004 1240 di-

352 1273 509 1342 lecti,
533 1275 642 1330 hoc
673 1274 843 1346 quasi
893 1275 1008 1329 Deo
1040 1280 1326 1347 praesente
1355 1291 1492 1330 cum
1523 1275 1764 1330 veritate
1812 1274 2000 1346 loqui-

357 1380 513 1431 mur,
542 1380 608 1418 ac
637 1363 801 1419 vobis
830 1363 1085 1418 dicimus
1120 1380 1132 1417 :
1167 1379 1282 1417 non
1313 1367 1404 1418 est
1432 1362 1542 1418 hoc
1572 1363 1756 1434 pium,
1789 1380 1892 1419 nec
1923 1362 2004 1419 le-

353 1453 665 1527 gitimum,
723 1468 837 1508 non
897 1450 1273 1508 ecclesiastici
1325 1451 1499 1522 juris.
1563 1453 1694 1524 Ipsa
1749 1469 2006 1524 namque

355 1541 620 1614 Gregorii
667 1541 728 1596 in
777 1557 886 1597 suo
925 1540 1197 1613 ingressu
1227 1545 1412 1613 gesta,
1443 1540 1829 1596 ordinationis
1878 1541 2006 1613 ejus

354 1631 598 1688 modum
628 1628 911 1685 indicant.
945 1631 1008 1684 In
1042 1628 1202 1684 hisce
1235 1629 1392 1685 enim
1423 1629 1584 1702 pacis
1616 1629 2003 1702 temporibus,

355 1724 421 1775 ut
451 1722 766 1775 narrarunt
807 1718 847 1772 ii
896 1717 998 1789 qui
1026 1717 1379 1774 Alexandria
1424 1724 1727 1790 venerunt,
1763 1723 1819 1775 et
1863 1735 2004 1791 que-

353 1808 738 1864 madmodum
777 1806 1035 1879 episcopi
1083 1823 1316 1879 quoque
1347 1807 1560 1863 litteris
1608 1807 1734 1863 suis
1780 1807 2004 1880 signiﬁ-

353 1901 591 1961 carunt,
651 1894 897 1952 ecclesia
949 1895 1288 1951 incendium
1347 1913 1524 1968 passa
1579 1901 1688 1967 est,
1745 1896 2003 1969 virgines
2036 1933 2084 1998 B

355 1985 685 2056 denudataa,
735 1983 1012 2041 monachi
1071 1984 1414 2054 conculcati,
1467 1986 1788 2059 presbyteri
1839 1990 1896 2042 et
1940 2003 2009 2042 ex

355 2073 525 2148 plebe
562 2073 734 2130 multi
780 2072 985 2130 laniati
1035 2091 1103 2130 ac
1147 2073 1264 2130 vim
1315 2075 1601 2147 perpessi,
1635 2075 1895 2147 episcopi
1949 2075 2010 2131 in

354 2177 648 2220 carcerem
677 2162 848 2229 trusi,
882 2162 1053 2218 multi
1102 2162 1326 2220 circum
1375 2162 1530 2218 circa
1577 2163 1786 2235 raptati
1820 2181 1832 2219 :
1868 2181 2008 2219 san-

353 2255 447 2308 cta
477 2251 755 2323 mysteria
800 2251 872 2307 de
921 2251 1139 2324 quibus
1188 2250 1421 2308 violatis
1471 2252 1792 2308 Macarium
1848 2269 2011 2325 pres-

350 2339 619 2413 byterum
671 2341 1053 2412 accusabant,
1087 2341 1158 2396 ab
1190 2341 1441 2397 ethnicis
1487 2340 1714 2414 direpta
1766 2347 1925 2410 sunt,
1957 2345 2015 2396 et

351 2428 412 2486 in
441 2433 660 2485 terram
709 2431 1010 2502 projects:
1054 2447 1239 2502 eoque
1287 2429 1480 2486 solum
1535 2429 1657 2485 haec
1701 2431 1903 2486 omnia
1949 2433 2016 2486 ut

249 2543 268 2560 ε
354 2518 617 2592 Gregorii
675 2519 1103 2576 ordinationem
1165 2519 1348 2591 aliqui
1416 2518 1831 2587 admitterent;
1893 2519 2016 2575 haec

353 2611 552 2663 autem
585 2606 923 2680 signiﬁcant
970 2607 1216 2680 quinam
1266 2607 1388 2663 sint
1436 2607 1537 2680 qui
1590 2625 1844 2664 canones
1893 2608 2015 2663 vio-

349 2694 495 2753 lant.
535 2697 684 2752 Nam
732 2697 783 2752 si
831 2696 1097 2770 legitima
1154 2697 1362 2753 fuisset
1421 2697 1736 2768 ordinatio,
1792 2713 2014 2770 nequa-

352 2801 532 2857 quam
590 2789 799 2858 prteter
845 2786 948 2857 jus
995 2785 1198 2857 fasque
1250 2804 1349 2843 eos
1405 2786 1692 2858 coegisset
1750 2785 1850 2858 qui
1903 2775 2017 2842 sibi

355 2874 758 2946 obtemperare
835 2874 1095 2947 legitime
1178 2875 1500 2949 negabant.
1568 2875 2013 2947 Verumtamen,

359 2962 434 3020 iis
491 2963 574 3018 ita
629 2963 848 3036 gestis,
906 2964 1196 3034 scribitis,
1254 2981 1530 3037 magnam
1607 2970 1737 3021 tum
1812 2981 2015 3037 pacem

353 3051 719 3109 Alexandriae
765 3057 822 3109 et
871 3052 930 3109 in
977 3055 1221 3128 IEgypto
1270 3053 1452 3110 fuisse
1500 3072 1513 3110 :
1561 3055 1675 3110 nisi
1724 3055 1870 3110 forte
1914 3072 2016 3126 pa-

352 3141 437 3198 cis
467 3141 616 3198 ratio
669 3145 898 3199 mutata
928 3141 1024 3212 sit,
1057 3146 1116 3198 et
1156 3143 1283 3214 jam
1318 3141 1441 3198 haec
1489 3159 1695 3216 pacem
1751 3143 2011 3217 appella-

360 3229 460 3287 tis.

427 3409 515 3464 31.
532 3407 684 3465 Illud
705 3425 938 3482 quoque
957 3409 1122 3466 vobis
1151 3410 1481 3467 necessario
1505 3410 1893 3466 indicandum
1917 3427 2024 3483 pu-

361 3497 905 3567 tavi,Athanasium
940 3513 1151 3571 nempe
1174 3500 1526 3568 afﬁrmasse,
1547 3500 1866 3556 Macarium
1889 3504 2023 3573 Tyri

355 3588 468 3644 sub
499 3587 770 3644 custodia
789 3586 1048 3643 militum
1079 3589 1466 3656 remansisse;
1492 3593 2020 3661 accusatoremque

357 3675 550 3733 solum
581 3675 797 3732 abiisse
824 3693 959 3732 cum
992 3676 1066 3732 iis
1097 3678 1198 3749 qui
1230 3677 1288 3733 in
1326 3679 1644 3734 Mareotem
1687 3678 2022 3750 proficisce-

357 3766 596 3833 bantur,
617 3765 1091 3838 presbyterisque
1137 3767 1484 3839 rogantibus
1516 3772 1579 3822 ut
1618 3768 1736 3822 sibi
1769 3767 2023 3840 inquisi-

359 3853 504 3910 tioni
527 3853 735 3909 adesse
754 3852 977 3920 liceret,
993 3853 1050 3909 id
1074 3859 1353 3927 negatum
1376 3855 1587 3919 fuisse;
1614 3857 2023 3930 interrogatio-

361 3957 498 3998 nem
530 3945 724 3998 autem
756 3942 828 3998 de
856 3941 1055 4012 calice,
1080 3948 1138 3998 et
1173 3943 1245 3998 de
1274 3960 1481 4001 mensa
1512 3946 1723 4001 factam
1763 3963 1892 4002 esse
1924 3963 2019 4002 co-

363 4047 490 4087 ram
521 4031 789 4103 praafecto
820 4035 876 4087 et
905 4032 1033 4103 ejus
1065 4031 1324 4101 cohorte,
1365 4035 1755 4105 praesentibus
1787 4051 2021 4106 quoque

364 4118 617 4177 ethnicis
630 4123 687 4175 et
717 4121 953 4176 Judaais.
986 4121 1465 4178 Videbaturillud
1482 4123 1644 4180 initio
1660 4123 2021 4193 incredibile,

367 4208 483 4265 nisi
513 4208 724 4265 fuisset
764 4226 833 4264 ex
881 4209 1025 4282 ipsis
1057 4214 1318 4266 actorum
1352 4214 1755 4269 monumentis
1787 4215 2024 4270 demon-

367 4301 644 4365 stratum,
669 4298 828 4371 quod
859 4298 1029 4355 nobis
1066 4300 1440 4357 admirationi
1467 4302 1596 4371 fuit,
1621 4307 1686 4358 ut
1715 4303 1893 4359 etiam
1923 4320 2022 4359 vo-

366 4387 714 4460 bis,dilecti,
741 4387 863 4444 fore
905 4388 1190 4445 existimo.
1216 4392 1294 4446 Ac
1332 4407 1466 4446 cum
1499 4391 1855 4463 presbyteris
1886 4391 2024 4446 huic

371 4477 606 4550 negotio
636 4477 918 4534 interesse
942 4495 1057 4534 non
1087 4478 1548 4552 permitteretur,
1572 4479 1708 4536 licet
1737 4480 1776 4534 ii
1808 4486 2022 4553 myste-

371 4566 595 4622 riorum
636 4565 893 4623 ministri
925 4567 1064 4638 sint,
1096 4569 1251 4640 apud
1300 4574 1608 4624 externum
1639 4573 1835 4624 tamen
1859 4569 2022 4640 judi-

2110 650 2267 710 θυνος
2322 651 2385 716 ἦν
2437 646 2669 722 εύρεθεὶς
2711 647 2738 702 ὁ
2772 643 3088 708 Ἀθανάσιος
3151 647 3283 719 (89),
3343 644 3444 700 οὐκ
3500 643 3609 701 ἔδει
3676 647 3780 716 τήν

2108 739 2426 792 κατάστασιν
2486 736 2628 791 οὕτω
2671 736 3027 810 παρανόμως,
3081 735 3172 790 καὶ
3224 735 3372 810 παρά
3424 736 3517 789 τὸν
3571 732 3776 804 ἐκκλη-

2111 827 2378 882 σιαστικὸν
2428 826 2625 881 κανόνα
2671 826 2947 901 γενέσθαι·
3000 822 3127 880 ἀλλ’
3184 823 3264 880 ἐπ’
3316 825 3484 894 αὑτῆς
3529 831 3634 894 τῆς
3685 823 3771 879 ὲκ-

2109 914 2364 987 κλησίας,
2426 917 2514 970 ἀπ’
2566 916 2730 970 αὑτοῦ
2786 919 2883 970 τοῦ
2940 914 3239 990 ἱερατείου,
3301 915 3389 968 ἀπ’
3449 913 3617 969 αὐτοῦ
3673 917 3772 968 τοῦ

2109 1005 2342 1080 κλήρου,
2393 1005 2521 1067 τοὺς
2575 1004 2626 1059 ἐν
2671 1008 2740 1078 τῇ
2791 1003 3030 1081 ἐπαρχίᾳ
3074 1003 3401 1066 ἐπισκόπους
3449 1000 3558 1058 ἔδει
3605 1023 3772 1058 κατα-

2113 1101 2325 1165 στῆσαι,
2356 1094 2445 1148 καὶ
2481 1095 2555 1167 μὴ
2589 1098 2676 1148 νῦν
2716 1093 2843 1156 τοὺς
2895 1094 3000 1148 ἀπὸ
3027 1097 3135 1148 τῶν
3185 1091 3506 1148 ἀποστόλων
3537 1092 3767 1155 κανόνας

2114 1181 2501 1257 παραλύεσθαι.
2533 1184 2674 1258 Ἀρα
2723 1184 2849 1256 γάρ,
2901 1182 2945 1236 εἰ
2989 1183 3104 1237 καθ’
3149 1182 3267 1245 ἐνὸς
3325 1182 3479 1255 ὑμῶν
3532 1180 3776 1257 ἐγεγόνει

2113 1276 2384 1341 τοιοῦτον,
2417 1271 2516 1326 οὑκ
2561 1271 2618 1325 ἂν
2671 1265 2956 1341 ἐϐοήσατε,
2989 1271 3088 1326 οὑκ
3138 1271 3195 1325 ἂν
3229 1271 3519 1341 ἠξιώσατε,
3563 1270 3640 1333 ὡς
3669 1289 3774 1326 παο

2115 1357 2500 1434 ραλελυμένων
2554 1363 2660 1414 τῶν
2706 1359 2989 1431 κανόνων,
3051 1357 3408 1430 ἐκδικηθῆναι
3459 1378 3474 1428 ;
3528 1359 3778 1434 Ἀγαπη-

2112 1448 2218 1516 τοί,
2269 1449 2344 1511 ὡς
2395 1453 2528 1504 Θεοῦ
2585 1447 2871 1523 παρόντος,
2939 1449 3072 1522 μετά
3122 1447 3384 1518 ἀληθείας
3430 1448 3780 1526 φθεγγόμεθα

2113 1538 2203 1592 καὶ
2235 1535 2492 1612 λὲγομεν,
2547 1538 2645 1592 οὑκ
2693 1535 2804 1592 ἔστι
2853 1542 3016 1592 τοῦτο
3066 1532 3302 1608 εύσεϐἐς,
3334 1535 3468 1593 οὑδέ
3515 1537 3777 1611 νόμιμον,

2116 1624 2242 1682 οὑδὲ
2272 1625 2740 1697 ἐκκλησιαστικόν.
2775 1626 2874 1681 Καὶ
2923 1627 3027 1702 γὰρ
3074 1625 3165 1680 καὶ
3207 1627 3274 1680 τὰ
3325 1623 3596 1701 λεγόμενα
3623 1646 3776 1702 γεγε-

2113 1717 2306 1786 νῆσθαι
2348 1716 2494 1789 παρὰ
2537 1714 2845 1792 Γρηγορίου
2897 1714 2948 1770 ἐν
2980 1719 3050 1788 τῇ
3101 1711 3298 1787 είσύδῳ
3329 1715 3493 1770 αὑτοῦ
3543 1712 3780 1769 δείκνυσι

2113 1806 2214 1874 τήν
2243 1811 2347 1874 τῆς
2376 1806 2751 1866 καταστάσεως
2793 1804 2966 1874 τάξιν.
3001 1805 3084 1858 ’Δν
3127 1805 3232 1879 γὰρ
3261 1801 3534 1866 τοιούτοις
3567 1803 3775 1878 εἷρηνι·

2114 1899 2236 1956 κοῖς
2261 1899 2495 1970 καιροῖς,
2545 1894 2622 1955 ὡς
2664 1893 2817 1948 αὐτοὶ
2868 1894 2918 1947 οἱ
2970 1891 3216 1956 ἐλθόντες
3250 1893 3356 1948 ἀπὸ
3394 1899 3497 1963 τῆς
3525 1890 3779 1964 ’Δλεξαν-

2120 1981 2301 2059 δρείας
2334 1981 2698 2058 ἀπήγγειλαν,
2738 1983 2915 2045 καθὼς
2959 1983 3051 2037 καὶ
3098 1982 3151 2036 οἱ
3195 1981 3482 2038 ἐπίσκοποι
3513 1981 3775 2059 ἔγραψαν,

2119 2076 2154 2142 ἡ
2216 2071 2482 2142 ἐκκλησία
2557 2072 2884 2147 ἐμπρησμὸν
2965 2071 3220 2145 ὐπέμεινε
3254 2118 3267 2143 ,
3326 2073 3588 2146 παρθένοι
3658 2069 3779 2146 ἐγυ-

2125 2163 2435 2236 μνώθησαν,
2499 2163 2820 2234 μονάζοντες
2873 2162 3320 2232 κατεπατήθησαν
3354 2206 3368 2230 ,
3415 2154 3776 2236 πρεσϐύτεροι

2119 2251 2209 2306 καὶ
2240 2254 2353 2325 (90)
2385 2248 2589 2306 πολλοὶ
2640 2254 2738 2305 τοῦ
2783 2247 2919 2305 λαοῦ
2945 2250 3265 2324 ᾐκίσθησαν,
3292 2250 3382 2304 καὶ
3429 2248 3551 2325 βίαν
3583 2248 3778 2304 πεπόν-

2121 2343 2292 2410 θασιν,
2345 2339 2632 2396 ἐπίσκοποι
2687 2337 3142 2418 ἐφυλακίσθησαν,
3193 2337 3586 2415 περιεσύρησαν
3617 2336 3779 2407 ζπολ-

2123 2428 2234 2486 λοίο
2293 2431 2361 2484 τά
2418 2430 2544 2505 ἅγια
2606 2431 2896 2503 μυστήρια,
2953 2429 3034 2506 ἐφ’
3085 2430 3166 2490 οἷς
3219 2427 3455 2502 ᾐτιῶντο
3503 2429 3780 2504 Μακάρων

2121 2521 2211 2574 τὸν
2263 2513 2646 2596 πρεσϐύτερον,
2705 2515 2810 2572 ύπὸ
2868 2518 3086 2572 ἐθνικῶν
3147 2515 3498 2590 διηρπάζετο,
3555 2516 3645 2571 καὶ
3704 2515 3782 2578 είς

2124 2615 2229 2683 γῆν
2261 2603 2652 2676 κατεϐάλλετο,
2703 2605 2796 2661 ’ίνα
2839 2608 2940 2675 τήν
2982 2605 3296 2682 Γρηγορίου
3338 2607 3482 2668 τινὲς
3519 2606 3782 2661 κατάστα-

2126 2719 2205 2752 σιν
2268 2694 2566 2768 δέξωνται·
2625 2695 2694 2751 τά
2745 2693 2803 2750 δὲ
2851 2699 3078 2750 τοιαῦτα
3135 2693 3369 2750 δείκνυσι
3425 2693 3554 2758 τοὺς
3613 2714 3783 2772 παρα-

2126 2785 2355 2848 λύοντας
2386 2785 2514 2848 τοὺς
2561 2783 2810 2846 κανόνας.
2844 2785 2908 2839 Εἰ
2959 2786 3062 2860 γὰρ
3110 2783 3320 2857 νομίμη
3353 2787 3418 2854 ἦν
3445 2785 3480 2854 ἡ
3511 2785 3790 2839 κατάστει-Δ

2127 2897 2258 2947 σις,
2317 2874 2416 2930 οὐκ
2471 2874 2528 2928 ἂν
2601 2871 2689 2928 διὰ
2755 2873 3098 2948 παρανομίας
3175 2874 3448 2950 ἠνάγκαζε
3507 2874 3783 2928 πείθεσθαι

2122 2964 2252 3027 τοὺς
2281 2963 2537 3037 νομίμως
2570 2964 2920 3025 ἀπειθοῦντας
2967 2963 3131 3034 αὐτῷ.
3165 2961 3264 3017 Καὶ
3305 2961 3481 3035 ὅμως,
3514 2960 3782 3016 τοιούτων

2125 3054 2448 3128 γενομένων,
2499 3049 2733 3129 γράφετε
2782 3052 3004 3128 εἱρήνην
3059 3050 3301 3127 μεγάλην
3342 3050 3664 3126 γεγενῆσθαι
3725 3050 3779 3104 ἐν

2122 3147 2192 3217 τῇ
2251 3138 2627 3217 Ἀλεξανδρείᾳ
2669 3139 2760 3195 καὶ
2804 3144 2874 3214 τῇ
2933 3139 3214 3216 Αίγύπτῳο
3268 3140 3419 3201 ἐκτὸς
3470 3138 3516 3193 εί
3569 3139 3646 3212 μὴ
3687 3136 3780 3193 ἀν·-

2122 3226 2587 3306 τιμεταϐἑϐληται
2613 3231 2676 3285 τὸ
2708 3228 2861 3306 ἔργον
2911 3236 3012 3299 τῆς
3061 3230 3308 3306 εἰρήνης,
3337 3229 3428 3284 καὶ
3461 3228 3530 3284 τὰ
3554 3231 3784 3282 τοιαῦτα

2044 3305 2087 3371 C
2128 3305 2352 3398 εἰρήνην
2389 3321 2704 3392 ὀνομάζετε.

2201 3413 2292 3467 31.
2341 3411 2565 3464 Κάκεῖνο
2620 3406 2678 3463 δέ
2725 3407 2852 3481 ύμῖν
2902 3407 3192 3483 ἀναγκαῖον
3241 3405 3470 3480 ἐνόμισα
3517 3403 3788 3478 δηλῶσαι,

2131 3499 2213 3556 δτι
2257 3499 2568 3560 ’Δθανάσιος
2617 3491 2988 3552 διεϐεϐαιοῦτο
3035 3498 3310 3571 Μακάριον
3362 3496 3415 3551 ἐν
3467 3495 3635 3572 Τύρῳ
3684 3493 3791 3550 ύπὸ

2133 3589 2463 3664 στρατιώτας
2519 3592 2882 3663 γεγενῆσθαι,
2939 3586 3030 3640 καὶ
3093 3585 3252 3659 μόνον
3331 3585 3423 3640 τὸν
3479 3586 3786 3658 κατήγορον

2130 3675 2535 3747 ἀπεληλυθέναι
2587 3677 2722 3750 μετὰ
2764 3678 2870 3730 τῶν
2928 3671 3273 3730 ἀπελθόντων
3325 3673 3402 3736 εἲς
3444 3675 3534 3728 τὸν
3565 3672 3790 3747 Μαρεώο

2129 3768 2253 3836 τήν,
2301 3767 2392 3822 καὶ
2435 3765 2564 3827 τοὺς
2625 3764 2720 3838 μέν
2772 3757 3174 3840 πρεσϐυτέρους
3223 3762 3497 3834 ἀξιοῦντας
3538 3765 3791 3837 παρεῖναι

2131 3858 2184 3911 ἐν
2243 3859 2311 3930 τῇ
2370 3853 2598 3926 ἐξετάσει
2661 3855 2736 3927 μή
2787 3854 3262 3930 συγκεχωρῆσθαι·
3310 3853 3410 3921 τήν
3467 3848 3526 3906 δέ
3555 3851 3788 3922 ἐξέτασιν

2129 3946 2451 4020 γεγενῆσθαι
2502 3941 2629 4017 περὶ
2668 3941 2940 4018 ποτηρίου
2987 3941 3079 3996 καὶ
3127 3941 3426 4018 τραπέζης,
3473 3937 3562 3996 ἐπί
3591 3960 3792 4016 παρου-

2132 4033 2222 4105 σία
2270 4038 2368 4088 τοῦ
2415 4033 2659 4108 ἐπάρχου
2711 4031 2802 4086 καὶ
2846 4037 2947 4101 τῆς
2997 4030 3200 4102 τάξεως
3260 4029 3446 4099 αύτοῦ,
3504 4028 3792 4106 παρόντων

2131 4123 2353 4177 ἐθνικῶν
2408 4122 2499 4176 καὶ
2558 4117 2833 4177 Ἰουδαίων
2871 4161 2883 4173 .
2941 4124 3110 4174 Τοῦτο
3163 4116 3220 4174 δέ
3268 4119 3405 4174 κατὰ
3459 4118 3555 4180 τὰς
3615 4118 3792 4193 ἀρχὰς

2133 4209 2354 4266 ἄπιστον
2386 4213 2423 4280 ἦ
2459 4257 2472 4281 ,
2525 4209 2571 4264 εί
2632 4211 2706 4283 μή
2767 4209 2858 4264 καὶ
2916 4209 2976 4264 ἐκ
3025 4213 3132 4264 τῶν
3192 4207 3606 4282 ὑπομνημάτων
3661 4207 3794 4263 ἐδεί-

2131 4321 2312 4371 κνυτο,
2343 4301 2496 4378 ἐφ’ᾇ»
2552 4299 2642 4354 καὶ
2695 4300 3096 4373 ἐθαυμάσαμεν,
3155 4299 3368 4373 νομίζω
3421 4295 3480 4353 δὲ
3527 4297 3618 4352 καὶ
3649 4297 3792 4371 ύμᾶς

2134 4391 2553 4463 ἐπιθαυμάζειν,
2607 4387 2901 4463 ἀγαπητοί.
2954 4383 3322 4464 Πρεσϐύτεροι
3371 4388 3465 4460 μὲν
3518 4385 3620 4442 οὐκ
3676 4386 3794 4441 ἐπι-

2131 4479 2419 4556 τρέπονται
2467 4483 2737 4553 παρεῖναι,
2783 4479 2834 4532 οἱ
2877 4477 2968 4533 καὶ
3018 4482 3126 4532 τῶν
3184 4476 3498 4552 μυστηρίων
3550 4473 3800 4548 λειτουρο

2133 4569 2224 4644 γοὶ
2261 4567 2646 4644 τυγχάνοντες,
2700 4566 2787 4622 ἐπὶ
2835 4565 2894 4622 δέ
2945 4567 3204 4637 ἐξωτικοῦ
3261 4565 3536 4634 δικαστοῦ,
3595 4563 3798 4638 παρόν-

375 4671 524 4722 cem,
551 4655 939 4728 prementibus
968 4657 1424 4726 oatechumenis,
1451 4662 1509 4714 et
1538 4659 1694 4729 quod
1725 4658 2019 4731 indignius

2131 4680 2240 4714 των
2297 4657 2750 4733 κατηχουμὲνων,
2808 4655 2899 4710 καί
2949 4655 3013 4710 τό
3066 4676 3127 4732 γε
3183 4657 3297 4729 (91)
3353 4655 3656 4731 χείριστον,
3706 4653 3796 4708 ἐπὶ

375 4747 488 4812 est,
509 4760 704 4800 coram
727 4744 978 4802 ethnicis
1000 4750 1058 4801 et
1083 4746 1321 4814 Judaeis,
1341 4747 1441 4818 qui
1473 4751 1709 4819 propter
1737 4748 1937 4803 odium
1966 4748 2025 4804 in

377 4833 884 4890 christianismum
916 4835 1068 4892 male
1099 4835 1350 4891 audiunt
1378 4836 1512 4909 (92),
1549 4836 1928 4910 interrogatio
1960 4839 2032 4895 de

379 4922 670 4996 sanguine
698 4926 758 4980 et
784 4939 1024 4995 corpore
1049 4923 1260 4980 Christi
1291 4925 1492 4981 habita
1522 4930 1630 4982 est.
1653 4927 1800 4982 Nam
1834 4927 1883 4982 si
1913 4944 2035 4983 om-

377 5013 519 5069 nino
550 5011 743 5068 scelus
791 5017 1188 5085 perpetratum
1219 5018 1328 5083 est,
1351 5016 1610 5087 oportuit
1661 5017 1768 5071 hoc
1815 5017 2034 5090 negotii

380 5101 442 5158 in
472 5101 732 5158 Ecclesia
752 5119 787 5158 a
807 5101 1034 5158 clericis
1067 5104 1394 5159 secundum
1427 5103 1585 5177 leges
1607 5106 1948 5175 examinari,
1982 5111 2038 5162 et

456 5208 570 5352 $89;
600 5207 703 5264 His
734 5207 954 5291 similia
979 5209 1111 5265 vide
1141 5209 1311 5293 epist.
1345 5210 1639 5294 encyclica
1667 5230 1868 5285 supra.

479 5282 549 5335 90
603 5279 896 5337 Particula
925 5279 1014 5333 καί
1047 5282 1247 5337 deerat
1281 5299 1340 5337 1n
1380 5285 1574 5348 editis,
1609 5285 1708 5340 sed
1741 5301 1866 5340 eam

479 5279 574 5357 90)_
603 5279 896 5357 Particula
921 5279 1014 5357 καί
1047 5279 1247 5357 deerat
1272 5279 1574 5357 ineditis,
1609 5279 1866 5357 sedeam
1898 5284 2041 5357 legit

386 5349 676 5424 Nannius,
709 5356 766 5408 et
786 5353 1010 5424 Regius
1059 5353 1237 5409 codex
1272 5353 1466 5410 habet.
1503 5355 1668 5410 Hunc
1716 5355 1908 5412 locum
1955 5349 2040 5412 sic

389 5423 663 5516 exprimit
708 5423 1154 5516 Athanasius‘in
1195 5426 1440 5516 epistola
1479 5427 1780 5516 ‘eqcycll‘ica
1830 5445 2039 5516 praece-

391 5488 550 5548 denti
585 5511 598 5550 :
631 5488 1125 5570 πρεσϐύτεροι-γὰρ
1173 5488 1263 5550 καὶ
1298 5494 1495 5570 ,λαϊκοὶ
1545 5488 1848 5570 ἐξέσθησανῖ
1883 5500 2042 5554 Hanc

392 5581 585 5622 rerum
612 5566 968 5623 Alexandria
992 5566 1050 5642 in
1073 5566 1332 5640 Gregorii
1363 5569 1689 5624 intrusione
1709 5570 2048 5642 descriptio-

395 5653 527 5725 nem
561 5644 858 5725 gestarum
892 5640 1095 5725 confer
1139 5642 1308 5722 sodes
1340 5658 1470 5695 cum
1519 5643 1721 5725 eadem
1773 5640 2039 5725 epistola.

395 5712 474 5764 De
505 5709 692 5764 sacris
722 5715 918 5766 autem
944 5713 1244 5786 mysteriis
1275 5729 1399 5786 quae
1429 5712 1677 5785 gentiles
1703 5709 2045 5786 indignissi-

395 5797 489 5837 me
525 5785 866 5851 tractarunt,
899 5783 1045 5838 nihil
1092 5783 1269 5840 habet
1295 5783 1670 5842 'Athanasius
1699 5785 1758 5842 in
1799 5783 2046 5858 epistola

2141 4749 2355 4802 ἐθνικῶν
2441 4745 2531 4801 καὶ
2608 4743 2882 4803 Ἰουδαίων
2961 4749 3067 4800 τῶν
3141 4739 3594 4826 διαϐεϐλημένων
3670 4741 3796 4817 περὶ

2139 4838 2230 4892 τὸν
2292 4835 2744 4912 χριστιανισμὸν,
2803 4833 3035 4904 ἐξέτασις
3093 4832 3219 4909 περὶ
3276 4830 3509 4906 αἵματος
3564 4833 3798 4904 Χριστοῦ

2141 4926 2231 4981 καὶ
2265 4926 2520 4999 σώματος
2564 4927 2798 5000 Χριστοῦ
2846 4922 3071 4997 γίνεται.
3125 4922 3186 4977 Εἰ
3218 4920 3325 4997 γὰρ
3371 4919 3462 4975 καὶ
3501 4917 3648 4983 ὅλως
3681 4921 3799 4994 ἐγε-

2143 5016 2294 5090 γόνει
2348 5035 2400 5069 τι
2459 5011 2877 5087 πλημμέλημα,
2938 5009 3043 5065 ἔδει
3099 5011 3150 5065 ἐν
3209 5014 3278 5084 τῇ
3336 5009 3636 5080 Ἐκκλησία
3692 5008 3797 5065 ὐπὸ

2143 5103 2425 5182 κληρικῶν
2486 5103 2742 5177 νομίμως
2801 5103 2914 5175 (93)
2960 5101 3287 5171 ἐξετάζεσθαι
3339 5100 3407 5153 τὰ
3429 5102 3677 5168 τοιαῦτα,
3707 5097 3797 5153 καὶ

2147 5213 2458 5285 encyclios,
2492 5211 2798 5285 quia_cum
2838 5208 3040 5285 statim
3087 5212 3239 5285 post_
3269 5206 3468 5285 fugam
3500 5222 3630 5285 eam
3661 5223 3802 5263 con-

2148 5278 2468 5356 scripserit,
2503 5278 2763 5356 nondum
2795 5280 3060 5356 omnium
3089 5278 3403 5337 rescivisse
3435 5278 3644 5351 potuit.

2221 5349 2332 5426 (9'1)
2363 5357 2528 5426 Reg.,
2556 5351 2618 5406 τό
2643 5372 2733 5426 γε,
2759 5351 2898 5426 editi
2928 5349 2989 5404 τό
3020 5371 3097 5426 τεΪ

2243 5420 2336 5497 92)
2374 5420 2478 5483 νεῖ
2491 5420 3040 5497 ορυάᾮὴτὶεῐὶεηοε
3069 5420 3409 5478 diffamatis.

2243 5430 2314 5481 92
2374 5428 2461 5483 Vel
2491 5428 2645 5497 apud
2680 5428 3040 5480 Christianos
3069 5428 3409 5478 ditfamatis.

2223 5428 2336 5570 $93;
2371 5498 2534 5570 Reg,
2567 5494 2843 5568 νομίμων,
2877 5512 3006 5570 quis
3032 5511 3168 5570 vero
3191 5497 3547 5570 sequuntur
3575 5495 3709 5564 post
3736 5490 3805 5545 τὰ

2152 5561 2401 5634 τοιαῦτα,
2435 5561 2535 5624 illa
2565 5561 2795 5640 nempe,
2816 5561 2912 5620 καῖ
2943 5565 3018 5640 μὴ
3038 5563 3154 5640 ⁸ὅπερ
3188 5561 3434 5630 ἐθνικῶν,
3457 5561 3594 5632 etc.,
3614 5580 3806 5635 usque

2156 5643 2224 5695 ad
2257 5644 2480 5694 τοιαῦτα
2509 5637 2779 5710 sequens,
2813 5641 2873 5693 in
2912 5637 3376 5710 editisideerant,
3408 5640 3464 5691 et
3488 5653 3562 5710 ex
3592 5653 3804 5710 manu-

2155 5713 2412 5785 scriptis,
2444 5707 2620 5785 Regio
2667 5707 2925 5782 excepto,
2949 5709 3310 5785 exciderant,
3351 5708 3507 5780 quod
3557 5707 3806 5781 phrases

2155 5781 2360 5842 eodem
2390 5781 2565 5842 modo
2593 5784 2652 5840 in
2681 5781 2904 5836 τοιαῦτα
2931 5781 3287 5839 desinerent.
