4178 6388
410 406 525 474 301

1545 404 1938 470 APOLOGIA
1984 404 2299 471 CONTRA
2345 404 2688 471 ARIANO’S
2701 454 2714 468 .

3721 401 3837 470 382

418 544 492 618 μὴ
527 536 632 599 ὑπό
671 538 893 598 ἐθνικῶν
942 544 1048 597 τῶν
1105 542 1199 597 τὸν
1254 538 1431 616 Λόγον
1500 535 1945 616 βδελυσσομένων
1976 540 2054 594 καῖ

2183 558 2299 597 non
2331 542 2403 597 ab
2432 541 2684 599 ethnicis
2712 541 2817 614 qui
2848 540 3105 598 Verbum
3147 541 3514 598 detestantur
3542 542 3601 598 et
3625 541 3841 598 verita-

415 633 489 705 μὴ
546 628 769 686 εἰδότων
816 632 917 700 τήν
979 628 1258 701 ἀλήθειαν.
1305 634 1474 685 Τοῦτο
1533 627 1589 685 δὲ
1644 630 1705 684 τὸ
1766 630 2068 705 ἁμάρτημα

407 719 608 789 ἡλίκον
654 721 746 775 καὶ
798 718 986 776 ὁποῖόν
1021 718 1153 788 ἐστι,
1189 725 1415 793 συνορᾷν
1463 719 1554 774 καὶ
1604 719 1747 792 ὑμᾶς
1796 719 1885 773 καὶ
1934 719 2070 773 πάν-

406 829 502 871 τας
534 808 885 864 πεπίστευκα.
913 808 1047 882 Περὶ
1083 808 1176 881 μὲν
1211 808 1528 863 Ἀθανασίου
1557 811 1801 862 τοιαῦτα.

477 901 568 956 32.
602 898 734 975 Περὶ
775 896 834 954 δὲ
870 895 1199 974 Μαρκέλλου
1231 899 1365 971 (94),
1398 894 1583 966 ἐπειδὴ
1643 896 1733 951 καὶ
1786 895 1912 970 περὶ
1977 894 2070 949 αὖ-

405 991 502 1041 τοῦ
555 988 632 1051 ὡς
689 981 1010 1049 ἀσεϐοῦντος
1070 986 1147 1049 εἷς
1202 998 1294 1041 τόν
1350 986 1578 1062 Χριστὸν
1627 985 1917 1061 ἐγράψατε,
1972 982 2069 1053 δη-

406 1073 583 1132 λῶσαι
639 1078 765 1150 ὑμῖν
826 1074 1148 1146 ἐσπούδασα,
1182 1074 1266 1130 δτι
1325 1076 1549 1131 ἐνταῦθα
1604 1074 1920 1150 γενόμενος,
1979 1071 2073 1129 δι-

405 1161 773 1221 εϐεϐαιώσατο
810 1166 907 1240 μὶν
943 1167 1017 1239 μὴ
1054 1166 1186 1220 εἶναι
1219 1163 1394 1240 ἀλῃθῆ
1428 1166 1496 1220 τὰ
1542 1164 1666 1240 περὶ
1720 1161 1885 1219 αὐτού
1940 1182 2072 1240 γρατ

406 1256 573 1334 φὲντα
652 1256 780 1329 παρ’
811 1236 820 1240 1
852 1236 1008 1330 ὑμῶν
1037 1274 1049 1286 ·
1112 1253 1265 1328 ὅμως
1301 1236 1310 1240 ⁷
1342 1252 1401 1309 δὲ
1476 1236 1869 1327 ἀπαιτούμενος
1947 1236 2074 1328 παρ’

401 1348 564 1419 ἡμῶν
744 1346 915 1400 εἰπεῖν
943 1345 1068 1421 περὶ
1097 1351 1200 1413 τῆς
1228 1342 1485 1415 πίστεως,
1520 1342 1663 1397 οὕτω
1698 1344 1831 1415 μετὰ
1859 1342 2071 1418 παρρη-

404 1434 525 1498 σίας
582 1434 913 1511 ἀπεκρίνατο
979 1434 1049 1489 δι’
1104 1434 1319 1489 ἑαυτοῦ.
1381 1434 1455 1496 ὡς
1511 1432 1807 1508 ἐπιγνῶναι
1869 1433 1964 1505 μὲν
2010 1433 2072 1499 ἡ-

408 1529 534 1598 μᾶς,
568 1522 652 1578 ὅτι
687 1521 857 1595 μηδὲν
886 1522 1079 1593 ἔξωθεν
1108 1528 1209 1592 τῆς
1241 1520 1503 1591 ἀληθείας
1535 1519 1806 1595 ὁμολογεῖ
1829 1541 1841 1553 ·
1894 1519 2066 1585 οὕτως

403 1616 509 1690 γὰρ
564 1607 801 1675 εὐσεϐῶς
860 1610 987 1689 περί
1038 1615 1137 1667 τοῦ
1190 1610 1393 1685 Κυρίου
1451 1610 1542 1665 καὶ
1597 1614 1861 1684 Σωτῆρος
1904 1610 2064 1681 ἡμῶν

400 1704 587 1774 Ἰησοῦ
642 1706 877 1779 Χριστοῦ
934 1699 1274 1776 ὡμολόγησε
1341 1704 1579 1778 φρονεῖν,
1640 1696 1821 1771 ὥσπερ
1880 1698 1970 1751 καὶ
2028 1698 2062 1765 ἡ

400 1789 666 1861 καθολικῆ
698 1789 1021 1860 ’Ἐκκλησία
1077 1794 1302 1868 φρονεῖ·
1360 1788 1451 1843 καὶ
1497 1787 1557 1842 οὐ
1607 1792 1697 1841 νῦν
1745 1790 1914 1841 ταῦτα
1972 1805 2068 1839 πε-

400 1880 736 1970 φρονηκέναι
783 1875 1226 1970 διεϐεϐαιώσατο,
1278 1875 1432 1970 ἄλλα
1456 1877 1563 1970 ,καὶ
1631 1874 1904 1970 ἔκπαλαιῖ
1955 1875 2061 1928 ὡσ-
2096 1904 2143 1970 Β

395 1973 595 2045 περοῦν
653 1968 745 2023 καὶ
805 1970 857 2022 oi
916 1969 1176 2043 ἡμέτεροι
1262 1962 1648 2042 πρεσϐύτεροι,
1706 1964 1829 2019 τότε
1886 1965 1939 2019 ἐν
1995 1967 2065 2037 τῇ

392 2059 531 2115 κατὰ
588 2058 813 2113 Νίκαιαν
875 2055 1085 2130 συνόδῳ
1138 2056 1454 2131 γενόμενοι,
1510 2053 1891 2130 ἐμαρτύρησαν

395 2147 561 2203 αὐτοῦ
590 2151 661 2221 τῇ
698 2145 1019 2223 ὁρθοδοξίᾳο
1068 2147 1159 2201 καὶ
1190 2147 1295 2223 γὰρ
1339 2146 1431 2200 καὶ
1481 2144 1605 2199 τότε
1649 2143 1738 2198 καὶ
1788 2147 1877 2198 νῦν
1931 2143 2067 2197 κατὰ

394 2242 500 2305 τῆς
554 2234 821 2309 αἱρέσεως
874 2239 982 2290 τῶν
1029 2236 1321 2310 Ἀρειανῶν
1366 2233 1768 2312 πεφρονηκέναι
1823 2229 2066 2307 δισχυρί-

408 2346 538 2379 σατο
564 2342 576 2356 ·
635 2323 716 2401 ἐφ’
746 2327 793 2396 ᾧ
822 2324 912 2378 καὶ
945 2324 1087 2397 ὑμᾶς
1147 2324 1456 2396 ὑπομνῆσαι
1520 2319 1724 2377 δίκαιόν
1783 2319 1945 2389 ἐστιν,
1973 2318 2065 2373 ’ίνα

408 2410 603 2487 μηδεὶς
652 2414 754 2481 τὴν
798 2412 1055 2483 τοιαύτην
1104 2410 1306 2486 α’ίρεσιν
1356 2409 1718 2486 ἀποδέχηται,
1753 2406 1898 2465 ἀλλᾶ
1948 2405 2067 2483 βδε-

401 2500 666 2573 λύττηται
700 2501 777 2564 ὡς
810 2498 1110 2577 ἀλλοτρίαν
1142 2507 1245 2570 τῆς
1278 2498 1629 2576 ὑγιαινούσης
1687 2495 2060 2559 διδασκαλίας,

405 2591 566 2665 Ὀρθὰ
619 2588 803 2645 τοίνυν
861 2590 1019 2645 αὐτὸν
1079 2593 1401 2667 φρονοῦντα,
1458 2588 1549 2642 καὶ
1614 2585 1700 2641 έπί
1777 2583 2062 2661 ὀρθοδοξίᾳ

408 2677 874 2753 μαρτυρούμενον,
905 2678 959 2732 τί
1013 2676 1180 2733 πάλιν
1235 2678 1325 2732 καὶ
1383 2677 1470 2732 ἐπὶ
1516 2676 1713 2731 τούτου
1745 2670 1850 2730 ἔδει
1881 2680 2056 2729 ποιεῖν

401 2767 573 2839 ἡμᾶς,
607 2767 643 2836 ἢ
677 2763 824 2843 ἔχειν
868 2766 1050 2837 αὐτὸν,
1080 2766 1265 2845 ,ὥσπερ
1321 2766 1411 2821 καὶ
1465 2763 1707 2843 εἷ’χομεν,
1740 2764 2055 2831 ἐπίσκοπον,

399 2855 491 2911 καὶ
552 2857 627 2929 μή
681 2851 1016 2911 ἀποϐάλλειν
1063 2862 1167 2926 τῆς
1212 2856 1539 2925 κοινωνίας;
1584 2858 1761 2909 Ταῦτα
1818 2856 1913 2927 μὶν
1962 2851 2053 2908 οὖν

398 2943 530 3019 ἐγὼ,
590 2944 699 3021 οὐχ
750 2945 825 3008 ὡς
888 2943 1477 3022 ὑπεραπολογούμενος
1550 2942 1725 3000 αὐτῶν
1785 2944 2051 3020 γέγραφα,

398 3030 524 3087 ἀλλ’
556 3031 712 3089 ἔνεκα
737 3038 835 3090 τοῦ
865 3040 1143 3090 πιστεῦσαι
1173 3036 1335 3108 ὑμᾶς,
1368 3033 1452 3089 ὅτι
1483 3031 1707 3095 δικαίως
1748 3037 1841 3087 καῖ
1894 3053 2051 3087 κανο-

395 3125 559 3184 νικῶς
616 3120 905 3197 ἐδεξάμεθα
956 3123 1084 3185 τοὺς
1160 3121 1380 3196 ἄνδρας,
1432 3122 1523 3177 καὶ
1583 3123 1758 3196 μάτην
1814 3120 2051 3199 φιλονει-

392 3214 537 3264 κεῖτε
565 3228 578 3243 ·
616 3210 758 3284 ὑμᾶς
812 3209 869 3265 δὲ
926 3209 1133 3266 δίκαιόν
1193 3211 1304 3266 ἐστι
1361 3209 1679 3283 σπουδάσαι,
1731 3210 1821 3265 καὶ
1877 3211 2052 3264 πάντα

2184 636 2327 700 tem;
2348 632 2639 703 ignorant.
2678 633 2793 687 Hoc
2839 635 3038 687 autem
3085 629 3399 704 ﬂagitium,
3435 634 3724 702 quantum
3780 634 3840 687 et

2185 721 2515 791 cujusmodi
2548 721 2645 787 sit,
2675 737 2778 776 vos
2810 724 2867 777 et
2894 736 3100 777 omnes
3138 720 3654 776 animadversuros
3682 719 3835 776 exis-

2184 810 2351 865 timo.
2384 809 2513 865 Haec
2544 809 2781 882 quidem
2814 809 3252 881 deEAthanasio.

2254 901 2344 955 32.
2363 900 2526 964 Quod
2556 903 2754 955 autem
2788 899 2859 955 ad
2888 897 3226 955 Marcellum
3250 900 3494 970 spectat,
3518 900 3835 969 postquam

2184 990 2255 1045 de
2282 988 2405 1054 illo,
2440 991 2505 1043 ut
2531 987 2715 1060 impio
2762 1004 2900 1059 erga
2928 987 3229 1044 Christum
3279 984 3633 1059 scripsistis;
3666 986 3834 1044 vobis

2182 1077 2531 1151 signiﬁcand
2543 1094 2639 1132 nm
2671 1077 2889 1148 putavi,
2913 1094 3046 1132 eum
3074 1093 3208 1132 cum
3239 1076 3357 1132 huc
3374 1074 3653 1143 venisset,
3678 1076 3835 1132 affir-

2183 1184 2377 1224 masse
2409 1166 2557 1222 falsa
2601 1183 2731 1223 esse
2762 1184 2889 1238 quae
2918 1182 3021 1222 vos
3050 1166 3122 1221 de
3153 1182 3213 1222 se
3260 1164 3646 1237 scripsissetis
3678 1180 3691 1220 :
3729 1164 3833 1221 sed

2182 1274 2315 1313 cum
2339 1256 2726 1313 nihilominus
2750 1273 2857 1311 nos
2878 1254 3346 1328 postulassemus
3368 1258 3435 1310 ut
3455 1254 3630 1310 ﬁdem
3655 1270 3827 1311 suam

2179 1350 2513 1418 exponeret,
2534 1349 2700 1400 tanta
2729 1360 2862 1399 cum
2893 1344 3109 1399 ﬁducia
3135 1358 3238 1415 per
3263 1359 3325 1398 se
3354 1342 3481 1414 ipse
3503 1340 3827 1414 respondit,

2178 1439 2244 1491 ut
2274 1435 2444 1490 nobis
2488 1434 2853 1505 exploratum
2907 1433 3085 1487 fuerit
3129 1448 3264 1487 eum
3314 1430 3461 1486 nihil
3509 1446 3542 1485 a
3588 1430 3831 1486 veritate

2178 1523 2433 1580 alienum
2466 1520 3098 1595 proﬁterigSiquidem
3145 1518 3432 1593 aeque'pie
3459 1519 3530 1575 de
3578 1517 3827 1575 Domino

2177 1617 2235 1668 et
2254 1612 2551 1669 Salvatore
2572 1616 2771 1668 nostro
2800 1612 2942 1667 Jesu
2974 1609 3202 1666 Christo
3253 1624 3314 1665 se
3351 1608 3567 1664 sentire
3598 1608 3825 1664 confes-

2175 1718 2277 1757 sus
2299 1705 2407 1767 est,
2428 1718 2494 1757 ac
2525 1701 2781 1757 Ecclesia
2810 1700 2940 1773 ipsa
2982 1698 3270 1755 catholica
3300 1698 3480 1753 sentit
3509 1713 3522 1751 :
3558 1712 3665 1752 nec
3692 1700 3824 1753 tan-

2174 1791 2479 1846 tummodo
2510 1807 2690 1859 nunc,
2718 1790 2819 1846 sed
2844 1791 2969 1861 jam
3002 1787 3142 1844 olim
3190 1788 3274 1843 ita
3320 1786 3597 1842 sensisse.
3619 1785 3825 1857 (Cujus

2176 1884 2397 1935 rectam
2428 1881 2603 1936 fidem
2634 1879 2973 1935 testimonio
2994 1894 3101 1934 suo
3132 1874 3825 1948 coniirmaruntgpresby-
3856 1872 3859 1873 ⁷

2174 1968 2283 2023 teri
2314 1985 2549 2042 quoque
2580 1968 2765 2025 nostri
2797 1968 2898 2040 qui
2927 1967 3172 2024 Nicaenaa
3214 1966 3439 2038 synodo
3469 1965 3825 2034 adfuerant.)

2175 2057 2405 2113 Etenim
2438 2074 2500 2113 se
2529 2062 2669 2113 tunc
2717 2056 2999 2129 temporis
3051 2059 3110 2111 et
3156 2054 3478 2111 etiamnum
3510 2053 3824 2110 advorsum

2175 2147 2529 2202 Arianorum
2548 2148 2699 2203 ne
2724 2146 2995 2202 haeresim
3021 2143 3277 2200 sensisse
3295 2142 3827 2213 affirmabat.(Quo-

2175 2234 2329 2291 circa
2357 2252 2459 2292 vos
2490 2235 2820 2292 admonitos
2849 2234 3043 2301 velim,
3068 2236 3133 2290 ut
3163 2232 3363 2288 nullus
3391 2230 3682 2303 ejusmodi
3714 2230 3825 2285 has-

2174 2326 2353 2381 resim
2382 2325 2650 2398 recipiat;
2685 2326 2784 2381 sed
2818 2324 3291 2392 abominetur,ut
3321 2338 3353 2376 a
3382 2337 3528 2376 sana
3557 2318 3823 2375 doctrina

2174 2413 2468 2486 alienam.)
2498 2418 2642 2470 Cum
2673 2431 2828 2487 ergo,
2860 2414 3126 2486 inquam,
3160 2410 3255 2467 ille
3284 2414 3437 2466 recte
3467 2409 3730 2477 sentiret,
3763 2410 3823 2463 et

2172 2503 2243 2559 de
2274 2507 2430 2559 recta
2460 2505 2588 2574 ejus
2626 2502 2740 2557 fide
2786 2498 3190 2558 testimonium
3238 2498 3626 2570 proferretur;
3652 2492 3823 2566 quid,

2171 2608 2389 2665 quaeso,
2425 2594 2494 2648 de
2536 2591 2637 2647 illo
2669 2590 2841 2647 nobis
2868 2589 3202 2647 faciendum
3233 2586 3366 2655 fuit,
3396 2583 3513 2640 nisi
3560 2586 3628 2639 ut
3681 2598 3820 2639 eum

2168 2696 2273 2753 pro
2305 2681 2575 2753 episcopo
2606 2681 2979 2748 haberemus,
3003 2681 3068 2733 ut
3086 2680 3144 2733 et
3169 2674 3511 2740 habuimus,
3530 2675 3590 2728 et
3612 2685 3749 2727 eum
3780 2686 3817 2727 a

2166 2775 2369 2827 nostra
2394 2770 2806 2827 communione
2826 2786 2943 2825 non
2966 2764 3395 2839 abjiceremus?
3415 2763 3547 2820 Haec
3567 2760 3807 2835 quidem

2165 2876 2293 2933 ego,
2318 2878 2434 2916 non
2466 2866 2531 2916 ut
2567 2859 2669 2931 qui
2713 2875 2915 2914 eorum
2957 2871 3195 2913 causam
3228 2870 3422 2927 agam,
3450 2852 3668 2921 scribo;
3701 2848 3806 2907 sed

2164 2954 2230 3006 ut
2260 2950 2422 3006 vobis
2454 2950 2628 3005 ﬁdem
2676 2948 2907 3017 faciam,
2939 2963 3047 3003 nos
3085 2947 3215 3016 jure
3245 2948 3302 3000 et
3346 2942 3623 3000 canonice
3649 2942 3806 2998 viros

2161 3038 2294 3094 illos
2340 3038 2687 3110 suscepisse,
2713 3040 2768 3093 et
2794 3044 2921 3106 vos:
2946 3037 3166 3091 frustra
3213 3031 3667 3105 disceptationes
3696 3044 3816 3087 mo-

2161 3143 2312 3184 vere.
2334 3127 2589 3200 [Equum
2634 3131 2724 3183 est
2766 3128 3199 3196 autem,ut‘vos
3232 3122 3519 3178 studeatis
3547 3124 3604 3177 et
3632 3120 3818 3177 omni-

2169 3217 2282 3273 bus
2312 3216 2502 3272 modis
2532 3217 2592 3271 id
2626 3215 3015 3281 contendatis,
3045 3216 3112 3269 ut
3150 3228 3276 3285 quas
3302 3214 3502 3267 contra
3532 3223 3817 3267 canonem

391 3297 595 3370 τρόπον
652 3304 870 3373 καμεῖν,
920 3298 1013 3355 τίνα
1066 3301 1134 3354 τά
1194 3300 1287 3373 μὲν
1345 3300 1493 3374 παρὰ
1546 3298 1744 3355 κανόνα
1795 3298 2054 3376 γενόμενα

2172 3310 2303 3362 acta
2340 3311 2498 3373 sunt,
2531 3306 2920 3379 corrigantur,
2952 3276 3010 3361 et
3036 3308 3103 3359 ut
3148 3276 3416 3357 Ecclesia
3446 3316 3588 3374 pace
3618 3300 3817 3356 fruan-

395 3381 741 3463 διορθώσεως
802 3385 966 3464 τύχῃ,
999 3388 1056 3443 αἱ
1112 3386 1170 3443 δὲ
1225 3387 1549 3459 Ἐκκλησίαι
1609 3387 1831 3465 εἰρήνην
1865 3382 2059 3463 ἔχωσι,

393 3474 532 3547 πρὸς
584 3476 647 3529 τὸ
687 3476 789 3545 τήν
843 3481 945 3530 τοῦ
995 3476 1196 3550 Κυρίου
1248 3477 1470 3553 εἰρήνην
1517 3478 1617 3547 τὴν
1651 3474 1893 3531 δοθεῖσαν
1924 3478 2059 3549 ἡμῖν

400 3569 765 3639 παραμεῖναι,
796 3566 886 3620 καὶ
950 3568 1025 3639 μὴ
1073 3566 1351 3642 σχίζεσθαι
1395 3568 1494 3628 τὰς
1542 3564 1886 3639 Ἐκκλησίας,
1923 3560 2064 3640 μηδέ

397 3652 546 3726 ὑμᾶς
602 3654 679 3717 ὡς
728 3655 938 3718 αἰτίους
987 3656 1291 3732 σχίσματος
1353 3657 1557 3730 μέμψιν
1607 3655 2059 3734 ὑπομεῖναι

393 3739 693 3818 Ὀμολογῶ
725 3746 829 3820 γὰρ
864 3745 1013 3818 ὑμῖν,
1043 3746 1112 3800 τὰ
1158 3744 1425 3821 γενόμενα
1480 3744 1581 3799 οὐκ
1638 3745 1883 3818 εἰρήνης,
1915 3745 2059 3802 ἀλλὰ

393 3830 704 3907 σχίσματπ
740 3835 1042 3913 προφάσεις
1073 3833 1227 3891 εἰσίν.

460 3923 551 3979 33.
588 3921 660 3977 Οὗ
688 3924 791 3998 γὰρ
830 3922 996 3997 μόνον
1040 3925 1093 3978 oi
1140 3924 1267 3999 περὶ
1299 3923 1612 3978 Ἀθανάσιον
1664 3924 1754 3978 καὶ
1803 3923 2053 4002 Μάρκελ-

388 4006 485 4066 λον
520 4011 573 4065 oi.
604 4011 890 4067 ἐπίσκοποι
921 4010 1249 4082 ἐληλύθασιν
1302 4011 1547 4080 ἐνταῦθα,
1580 4011 1895 4087 αἰτιώμενοι
1940 4011 2055 4069 κατ’

386 4099 561 4155 αὑτῶν
591 4099 802 4157 ἀδικίαν
847 4102 1124 4179 γεγονέναι
1158 4104 1293 4177 (98),
1326 4098 1473 4157 ἀλλὰ
1518 4101 1609 4156 καὶ
1658 4099 1909 4158 πλεῖστοι
1952 4101 2051 4159 ἅλ-

388 4185 480 4243 λοι
513 4188 801 4245 ἐπίσκοποι
845 4192 951 4246 ἀπὸ
1000 4190 1236 4265 Θρᾴκης,
1270 4191 1375 4245 ἀπὸ
1427 4189 1634 4260 Κοίλης
1688 4191 1912 4269 Συρίας,
1945 4193 2050 4247 ἀπὸ

388 4278 654 4348 Φοινίκης
704 4280 795 4334 καὶ
826 4278 1220 4350 Παλαιστίνης,
1250 4274 1746 4356 καὶ-πρεσϐύτεροι
1810 4282 1904 4353 μὲν
1952 4281 2050 4338 οὐκ

390 4364 594 4443 ὀλίγοι,
627 4364 793 4422 ἄλλοι
826 4366 883 4423 δέ
910 4388 1053 4430 τινες
1085 4368 1189 4423 ἀπὸ
1219 4365 1648 4443 ’Δλεξανδρείας,
1680 4366 1768 4424 καί
1800 4368 1963 4425 ἄλλοι
1995 4371 2047 4442 ἐξ

387 4453 577 4511 ἄλλων
643 4460 848 4533 μερῶν,
880 4456 1199 4527 ἀπήντησαν
1248 4457 1325 4519 εἰς
1375 4457 1475 4526 τὴν
1526 4456 1748 4511 ἐνταῦθα
1796 4456 2043 4529 σύνοδον,

388 4542 477 4599 ἐπῖ
529 4546 747 4605 πάντων
798 4548 905 4600 τῶν
947 4543 1312 4601 συνελθόντων
1372 4544 1702 4615 ἐπισκόπων,
1734 4547 1871 4623 πρὸς
1926 4553 2042 4611 τοῖς

2171 3398 2297 3463 tur;
2350 3399 2415 3450 ut
2459 3412 2570 3467 pax
2616 3395 2871 3462 Domini,
2908 3410 3035 3465 quae.
3066 3394 3203 3448 data
3229 3395 3321 3447 est
3358 3389 3548 3459 nobis,
3583 3407 3815 3465 perma-

2171 3489 2326 3553 neat,
2358 3488 2415 3540 et
2442 3484 2711 3541 Ecclesiae
2760 3499 2876 3538 non
2916 3481 3262 3538 scindantur
3291 3496 3304 3535 :
3341 3495 3407 3535 ac
3436 3494 3509 3535 ne
3535 3479 3721 3551 vobis,
3753 3483 3821 3537 ut

2171 3574 2510 3630 schismatis
2568 3572 2926 3641 auctoribus,
2974 3570 3033 3626 id
3092 3569 3325 3625 crimini
3380 3569 3569 3625 detur.
3613 3568 3821 3626 Fateor

2170 3663 2326 3719 enim
2357 3663 2543 3732 vobis,
2565 3680 2690 3735 quae
2721 3667 2885 3735 gesta
2933 3664 3091 3731 sunt,
3123 3676 3239 3716 non
3279 3658 3464 3732 pacis,
3496 3658 3599 3714 sed
3629 3657 3817 3714 schis-

2168 3752 2344 3809 matis
2373 3752 2709 3809 occasiones
2740 3765 2888 3807 esse.

2236 3932 2323 3987 33.
2357 3931 2484 3987 Non
2516 3928 3061 3986 enim”Athanasius
3111 3928 3393 3983 duntaxat
3418 3929 3475 3983 et
3503 3924 3815 3983 Marcellus

2162 4020 2442 4093 episcopi,
2467 4021 2582 4075 huc
2612 4037 2675 4076 se
2705 4019 3022 4087 contulere,
3046 4035 3112 4075 ac
3135 4033 3333 4073 secum
3365 4016 3587 4088 injuste
3616 4019 3814 4073 actum

2160 4125 2291 4165 esse
2320 4109 2627 4180 conquesti
2660 4112 2830 4180 sunt;
2864 4108 2965 4164 sed
3002 4107 3178 4163 etiam
3210 4105 3583 4179 complurimi
3614 4105 3712 4161 alii
3742 4121 3814 4161 ex

2160 4199 2428 4270 Thracia,
2452 4197 2783 4271 leesyria,
2813 4197 3196 4268 Phoeniciajet
3224 4195 3555 4265 Palaestina,
3606 4198 3662 4251 et
3691 4210 3813 4251 una

2158 4287 2482 4360 presbyteri
2531 4303 2646 4342 non
2679 4287 2851 4359 pauci
2884 4304 2896 4342 :
2930 4283 3251 4357 atquegtalii
3284 4284 3527 4356 quidam
3558 4282 3806 4339 Alexan-

2157 4375 2305 4447 dria,
2338 4375 2555 4448 aliique
2611 4392 2681 4431 ex
2726 4374 2859 4430 aliis
2908 4374 3195 4447 partibus,
3227 4374 3298 4428 ad
3346 4372 3638 4445 synodum
3690 4371 3807 4429 huc

2155 4469 2416 4521 coactam
2449 4480 2764 4531 accessere,
2798 4463 2899 4535 qui
2948 4479 3144 4518 coram
3191 4460 3467 4517 omnibus
3513 4459 3807 4532 episcopis

2153 4554 2543 4627 congregatis,
2576 4557 2784 4627 praeter
2814 4552 2932 4609 alia
2972 4551 3032 4607 in
3081 4552 3343 4608 medium
3391 4549 3636 4622 prolata,
3668 4566 3807 4607 con-

384 4628 602 4705 ἄλλοις,
663 4635 747 4697 οἷς
804 4628 1133 4710 ἕλεγον,ὅτι
1189 4636 1301 4709 (99)
1346 4634 1437 4689 καὶ
1491 4631 1868 4709 ἀπωδύροντο,
1925 4635 2043 4713 βίαν

2167 4643 2349 4716 questi
2368 4647 2510 4699 sunt
2527 4642 2786 4714 insuper,
2806 4640 3092 4697 Ecclesiae
3111 4641 3230 4695 vim
3252 4639 3654 4712 injuriamque
3672 4655 3803 4697 esse

460 4811 573 4893 (94)
599 4812 680 4868 De
709 4812 972 4870 Marcelli
1021 4830 1201 4872 causa
1228 4813 1291 4870 in
1329 4813 1575 4886 epistola
1620 4816 1691 4871 ad
1744 4816 2037 4874 solitarios

385 4886 573 4937 acturi
599 4900 829 4941 sumus.

381 4954 569 5081 dog?)
599 4955 694 5011 Sic
724 4956 863 5030 Reg.
905 4960 964 5012 et
1007 4956 1186 5014 Basil.
1237 4957 1389 5013 Editi
1434 4973 1589 5030 vero,
1642 4957 1817 5031 ὑμῶν,
1869 4975 2035 5017 men-

423 5042 543 5081 086.

418 5096 786 5225 ἱεῖὶξὲξὲῃιῖει
812 5098 1160 5156 Vincentius
1189 5104 1246 5157 et
1274 5100 1406 5157 Vito
1453 5100 1554 5173 qui
1594 5102 1773 5157 etiam
1801 5104 1943 5159 tunc
1972 5104 2032 5160 in

377 5185 527 5226 νινιε
563 5185 749 5225 erant.

447 5239 867 5317 (97)_Haa_c,_xai
915 5240 991 5317 μὴ
1041 5241 1319 5317 σχίζεσθαι
1362 5242 1458 5304 τὰς
1489 5240 1853 5317 μἘκκλησίας,
1890 5242 2033 5317 μηδὲ

378 5311 520 5389 ὑμᾶς
544 5311 627 5375 ὡς
656 5311 863 5389 αἰτίους
892 5311 1197 5389 σχίσματος
1233 5316 1437 5389 μέμψιν
1481 5311 1791 5389 ὑπομεῖναι,
1826 5311 2033 5374 inedi-

374 5386 452 5460 iis
482 5386 743 5460 deerant,
777 5386 850 5441 ob
881 5386 1049 5460 voces
1079 5386 1407 5460 παραμεῖναι
1439 5390 1495 5442 et
1527 5386 1837 5457 ὑπομεῖναι,
1870 5389 2032 5444 simi-

376 5456 511 5511 liter
540 5458 899 5532 desinentes,
923 5456 1167 5516 omissa.
1191 5456 1307 5515 Nos
1337 5475 1470 5516 vero
1500 5476 1569 5514 ex
1599 5456 1738 5532 Reg.
1763 5465 1820 5515 et
1852 5461 2026 5516 Basil.

378 5543 586 5584 sumus
617 5530 893 5586 mutuati.

450 5598 758 5675 (98)_Reg_.,
790 5600 1112 5675 γενομένην.
1138 5600 1454 5673 Episcopos
1486 5601 1545 5675 in
1575 5601 1752 5657 variis
1784 5603 2031 5675 regioni-

377 5669 492 5752 bus
527 5670 598 5725 ab
629 5669 862 5729 Arian'is
889 5669 1125 5752 vexatos
1158 5669 1310 5747 saepe
1339 5669 1617 5752 nominat
1644 5669 2026 5752 Athanasius.

375 5743 627 5806 Quinam
646 5752 783 5801 vero
802 5761 873 5802 ex
890 5744 967 5802 iis
989 5743 1551 5820 Romam’petierint,
1574 5746 1811 5803 nonnisi
1833 5749 2028 5819 conje-

2146 4820 2358 4875 ctando
2390 4819 2502 4875 dici
2562 4821 2754 4891 queat.
2789 4819 2897 4891 Et,
2926 4816 3161 4891 quidem
3204 4815 3513 4891 As_clepam
3541 4817 3706 4875 Gazae
3734 4819 3795 4891 in

2146 4836 2358 4875 ctando
2390 4836 2502 4875 uici
2603 4836 2754 4874 neat.
2813 4836 2875 4874 ωε
2926 4836 3161 4891 quidem
3204 4836 3513 4889 asciepam
3541 4836 3706 4875 uazaa
3734 4836 3794 4877 1n

2144 4891 2457 4947 Palaestina
2485 4836 2935 4946 abﬁiusebianis
2963 4893 3235 4946 vexatum
3268 4888 3542 4945 Romana
3571 4890 3794 4962 synodo

2143 4962 2481 5019 interfuisse
2507 4962 2587 5017 ait
2615 4966 2910 5030 Socrates;
2939 4963 3109 5032 cujus
3130 4977 3310 5016 causa
3328 4962 3543 5016 iterum
3572 4960 3634 5016 in
3657 4961 3791 5018 Sar-

2144 5035 2364 5091 dicensi
2399 5034 2619 5106 synodo
2657 5038 2787 5089 acta
2815 5038 2932 5106 est.
2953 5034 3034 5089 Ex
3064 5032 3314 5106 Thracia
3361 5048 3496 5088 vero
3541 5036 3791 5106 testatur

2142 5106 2298 5162 idem
2318 5103 2520 5161 auctor
2538 5106 2779 5162 Lucium
2799 5103 3790 5176 Adrianopolitanum,Paulumque

2142 5177 2855 5250 Constantinopolitanum
2888 5174 3109 5250 pariter
3131 5174 3411 5232 adfuisse.
3445 5177 3519 5250 At
3556 5176 3627 5231 de
3667 5174 3788 5233 illis

2142 5250 2385 5304 minime
2416 5247 2689 5304 convenit
2717 5250 2871 5304 inter
2891 5247 3270 5317 recentiores,
3302 5264 3372 5304 ex
3400 5247 3616 5320 quibus
3646 5263 3790 5305 non-

2142 5320 2289 5376 nulli
2342 5320 2589 5376 Paulum
2632 5321 2959 5393 Luciumve
3013 5320 3287 5393 Romanis
3344 5318 3787 5393 synodopinter-

2140 5393 2323 5448 fuisse
2352 5396 2587 5463 negant.
2621 5392 2733 5447 Sed
2779 5392 2850 5447 de
2879 5391 2950 5463 iis
2982 5390 3459 5463 commodius'in
3506 5390 3678 5463 epist.
3711 5393 3784 5448 ad

2140 5464 2303 5519 Solit.
2335 5462 2595 5536 agemus.
2634 5464 2712 5519 Ex
2728 5462 2985 5536 Thracia
3033 5464 3170 5518 item
3218 5462 3563 5536 pulsinsunt
3591 5462 3784 5536 Olym-

2138 5538 2271 5606 pius
2300 5534 2577 5590 Enorum
2601 5540 2658 5590 et
2677 5534 3015 5606 Theoduluﬁs
3037 5534 3614 5606 Trajan0politanus,
3640 5534 3787 5592 teste

2136 5605 2456 5662 Athanasio
2486 5608 2545 5661 in
2581 5607 2749 5679 epist.
2784 5606 2856 5661 ad
2897 5605 3062 5662 Solit.
3096 5605 3195 5662 sed
3228 5605 3313 5661 an
3341 5605 3784 5664 Romam’vene-

2137 5680 2274 5745 rint,
2307 5679 2631 5770 ignoratur.

2211 5750 2310 5770 κν..
2372 5768 2408 5770 -ν
2529 5748 2553 5769 ν

2206 5750 2313 5822 (99)
2334 5748 2499 5811 Ἰσως
2527 5748 2626 5806 ἔτι.
