4178 6392
345 381 464 446 303

884 381 948 445 S.
995 381 1426 446 ATHANASII
1470 381 1644 446 OPP.
1690 382 1891 445 PARS
1934 381 1985 444 Ῑ.
2022 408 2096 427 -—
2129 378 2550 444 HISTORIGA
2594 378 2699 442 ET
2741 376 3220 442 DOGMATIGA.

3641 379 3763 444 θοι

349 531 659 589 perpessas
693 532 705 571 ε
739 533 805 572 ac
834 515 895 573 in
927 517 1051 573 suis
1100 517 1347 589 aliisque
1390 516 1664 572 Ecclesiis
1715 517 1877 589 paria
1925 516 1998 572 iis

2131 513 2198 568 ιαὶ
2231 510 2440 568 ἀδικίαν
2471 513 2568 575 τὰς
2597 513 2673 586 (1)
2707 509 3034 581 Έκκλησίας
3082 509 3422 581 πεπονθέναι,
3447 509 3540 567 καί
3599 509 3769 585 ὃμοια

351 623 480 678 quis
518 606 871 661 Alexandriae
902 613 1066 678 gesta
1095 623 1222 663 esse
1252 607 1642 674 afﬁrmarunt,
1669 618 1784 661 nOn
1807 605 2000 661 solum

353 693 550 760 verbo,
582 694 684 749 sed
716 698 773 749 et
825 695 1001 750 rebus
1049 694 1216 756 ipsis.
1250 695 1330 749 Ex
1385 696 1626 766 [Egypto
1657 711 1890 766 quoque
1949 697 2006 748 et

352 781 700 838 Alexandria
728 799 913 854 nuper
941 799 1075 838 cum
1117 782 1330 838 litteris
1361 783 1735 838 advenientes
1768 782 2003 855 presby-

352 870 483 937 teri,
521 871 677 926 haud
712 870 836 925 sine
865 871 1100 940 querela
1130 876 1186 926 et
1216 872 1434 944 gemitu
1467 871 1660 928 testati
1695 877 1856 938 sunt,
1885 871 2004 942 epi-

353 975 564 1029 scopos
596 959 928 1032 complures
959 976 1024 1015 ac
1057 961 1448 1033 presbyteros,
1479 963 1574 1033 qui
1611 962 1682 1016 ad
1717 961 2005 1033 synodum

354 1063 417 1102 se
447 1048 708 1104 conferre
738 1048 970 1119 vellent,
997 1050 1322 1121 prohibitos
1345 1051 1548 1106 fuisse.
1569 1050 1817 1105 Aiebant
1847 1049 2004 1104 enim

352 1140 486 1207 post
514 1136 821 1193 Athanasii
852 1138 1204 1207 discessum,
1227 1139 1404 1194 etiam
1429 1155 1614 1210 usque
1646 1139 1717 1194 ad
1750 1155 2004 1210 praesens

351 1227 608 1295 tempus,
657 1227 986 1297 episcopos,
1034 1244 1250 1298 eosque
1299 1228 1681 1296 confessores,
1704 1227 1892 1299 plagis
1922 1227 2006 1282 la-

351 1312 525 1378 niari,
559 1313 705 1370 alios
755 1315 815 1370 in
865 1331 1096 1371 carcere
1126 1316 1376 1371 detineri
1409 1335 1421 1372 :
1453 1317 1692 1388 jamque
1736 1317 2011 1387 antiquos

353 1401 656 1474 praesules,
681 1403 782 1474 qui
811 1403 1030 1460 multos
1053 1421 1238 1460 annos
1268 1406 1326 1460 in
1351 1405 1687 1476 episcopatu
1721 1409 2014 1478 transege-

356 1495 509 1557 rant,
547 1492 618 1546 ad
664 1491 996 1549 ministeria
1044 1494 1278 1564 publica
1331 1495 1479 1549 tradi
1512 1513 1524 1550 :
1560 1499 1614 1550 et
1647 1511 1848 1550 omnes
1896 1496 2013 1552 fere

356 1579 632 1636 Ecclesiae
684 1580 984 1636 catholicae
1044 1582 1307 1654 clericos,
1369 1589 1425 1638 et
1478 1583 1747 1655 populos,
1780 1584 2014 1640 insidiis

358 1669 553 1741 appeti
583 1684 650 1725 ac
671 1669 1139 1742 persecutionem
1163 1671 1474 1727 sustinere.
1499 1671 1826 1728 Nonnullos
1858 1673 2014 1728 enim

358 1757 790 1830 episcoporum,
821 1763 878 1814 et
923 1760 1212 1831 quosdam
1263 1761 1492 1830 fratres,
1527 1766 1783 1817 extorres
1833 1763 2015 1818 factos

359 1845 653 1918 dicebant,
675 1847 838 1903 nulla
868 1847 980 1904 alia
1011 1849 1080 1904 de
1109 1865 1308 1916 causa,
1341 1849 1455 1905 nisi
1500 1854 1563 1905 ut
1603 1851 1691 1906 vel
1724 1851 1886 1906 inviti
1917 1868 2012 1907 co-
2043 1889 2091 1954 B

359 1939 656 2008 gerentur,
688 1952 822 1991 cum
853 1937 1148 2009 Gregorio,
1180 1942 1237 1993 et
1266 1939 1395 2009 ejus
1426 1939 1814 1995 sectatoribus
1843 1941 2014 1997 Aria-

359 2024 473 2096 nis,
507 2026 962 2082 communicare.
993 2030 1234 2098 Ancyrae
1278 2031 1475 2083 autem
1522 2029 1582 2082 in
1613 2029 1861 2101 Galatia,
1896 2047 2012 2085 non

357 2129 565 2185 pauca,
591 2115 691 2169 sed
731 2117 789 2169 et
828 2115 902 2170 iis
935 2131 1061 2186 quae
1091 2114 1451 2171 Alexandriae
1484 2121 1651 2189 gesta
1681 2123 1821 2173 sunt
1850 2119 2016 2190 paria

359 2201 679 2259 commissa
707 2202 1064 2274 audivimus,
1089 2221 1222 2259 cum
1255 2204 1327 2260 ab
1361 2205 1510 2273 aliis,
1536 2210 1662 2261 tum
1686 2224 1717 2262 a
1744 2206 2013 2263 Marcello

360 2291 462 2363 qui
486 2290 631 2346 illud
652 2292 988 2349 testimonio
1015 2310 1122 2348 suo
1145 2294 1551 2351 conﬁrmabat.
1575 2297 1662 2350 Ad
1685 2295 1827 2364 haec,
1851 2301 2016 2352 tanta

367 2385 610 2454 tamque
651 2380 871 2436 atrocia
915 2381 1138 2438 scelera
1186 2383 1604 2438 nonnullorum
1637 2401 1705 2439 ex
1734 2385 1920 2452 vobis,
1953 2390 2018 2440 ut

367 2471 612 2528 nomina
666 2486 867 2526 eorum
924 2474 1171 2538 taceam,
1230 2472 1302 2527 ab
1361 2473 1775 2528 accedentibus
1828 2473 2017 2531 delata

369 2564 534 2628 sunt;
567 2563 635 2614 ut
681 2575 788 2631 ego
837 2558 940 2615 illa
988 2561 1242 2616 scribere
1272 2562 1492 2616 veritus
1542 2562 1702 2617 sim:
1739 2579 1866 2634 quae
1915 2581 2015 2620 vos

365 2649 616 2705 fortasse
646 2648 970 2703 didiceritis
1001 2649 1073 2703 ab
1113 2647 1266 2704 aliis.
1299 2651 1530 2705 Etenim
1561 2650 1679 2706 haec
1710 2652 2018 2723 potissima

367 2737 513 2794 mihi
561 2736 854 2792 scribendi
902 2754 1082 2793 causa
1128 2737 1260 2809 fuit,
1292 2741 1350 2794 et
1396 2756 1499 2795 vos
1547 2740 1917 2809 adhortandi,
1953 2746 2018 2797 ut

365 2826 484 2882 huc
539 2825 815 2882 veniretis
869 2843 882 2882 :
939 2842 1053 2896 quo
1110 2830 1167 2881 et
1223 2844 1418 2883 coram
1476 2829 1598 2885 haec
1655 2829 1928 2898 audiatis,
1963 2834 2019 2886 et

367 2914 570 2971 omnia
597 2913 808 2986 corrigi
857 2915 1012 2971 I20
1060 2919 1117 2970 et
1172 2916 1364 2972 sanari
1417 2922 1652 2989 queant.
1709 2919 2020 2990 Propterea

367 3001 620 3060 alacrius
650 3003 963 3059 accersitos
993 3019 1295 3060 occurrere
1325 3007 1604 3077 oportuit,
1628 3011 1684 3062 et
1714 3024 1831 3063 non
1861 3023 2021 3064 recu-

368 3108 544 3148 sare:
593 3108 666 3147 ne
715 3094 764 3148 si
812 3109 928 3148 non
973 3098 1365 3161 occurrerent,
1391 3095 1462 3150 de
1511 3097 1636 3167 jam
1685 3096 1856 3152 dictis
1918 3113 2017 3152 su-

365 3181 550 3254 specti
581 3180 958 3249 haberentur,
983 3185 1184 3254 utpote
1208 3183 1309 3254 qui
1338 3199 1431 3239 res
1463 3200 1496 3239 a
1527 3200 1589 3240 se
1619 3184 1866 3255 scriptas
1891 3202 2020 3257 pro-

367 3270 508 3326 bare
533 3286 650 3326 non
680 3270 996 3342 potuerint.

437 3448 525 3503 34.
558 3447 690 3503 Hec
737 3463 872 3504 cum
921 3447 1006 3504 ita
1053 3447 1249 3505 delata
1278 3449 1417 3521 sint,
1450 3455 1508 3506 et
1549 3450 1814 3507 Ecclesia
1875 3453 2020 3508 adeo

365 3536 642 3610 gravibus
675 3540 1018 3608 premantur
1050 3537 1241 3604 malis,
1261 3555 1327 3595 ac
1357 3539 1591 3596 insidiis
1648 3545 2019 3612 appetantur,

366 3628 434 3681 ut
461 3626 825 3703 afﬁrmavere
855 3625 956 3698 qui
977 3625 1097 3681 haec
1123 3627 1571 3695 renuntiabant;
1607 3629 1848 3700 quinam
1881 3634 2023 3686 sunt

368 3713 468 3786 qui
500 3713 799 3770 ﬂammam
827 3714 1134 3771 discordias
1163 3717 1532 3773 accendunt?
1564 3735 1747 3773 nosne
1775 3719 1878 3790 qui
1909 3719 2022 3775 ista

369 3802 658 3874 dolemus,
704 3806 759 3858 et
809 3807 1048 3860 vexatos
1109 3804 1318 3861 fratres
1371 3805 1744 3874 miseremur,
1787 3825 1860 3862 an
1919 3810 2018 3880 qui

365 3890 509 3948 talia
537 3896 874 3963 perpetrant
924 3892 1222 3948 facinora?
1260 3894 1439 3949 Miror
1487 3895 1664 3962 enim,
1700 3912 1834 3950 cum
1886 3897 2020 3952 talis

369 3995 437 4035 ac
465 3983 633 4035 tanta
681 3996 878 4034 rerum
927 3982 1290 4052 perturbatio
1321 3969 1493 4038 fuerit
1524 3984 1582 4038 in
1628 3984 1880 4056 singulis
1910 3986 2022 4040 Ec—

368 4067 587 4135 clesiis,
617 4084 743 4139 quae
784 4085 963 4124 causa
1007 4069 1124 4124 illis
1175 4070 1286 4125 fuit
1343 4071 1457 4127 huc
1514 4073 1887 4145 properandi,
1918 4090 2020 4130 vos

366 4161 567 4213 tamen
599 4157 872 4226 scribere,
893 4158 1263 4214 concordiam
1294 4159 1352 4215 in
1385 4161 1658 4218 Ecclesiis
1701 4161 2016 4218 exstitisse.

367 4249 499 4301 Haec
529 4249 726 4302 autem
760 4263 874 4303 non
907 4249 978 4303 ad
1023 4248 1461 4306 aediﬁcationem
1493 4251 1779 4322 Ecclesiae,
1813 4253 1914 4308 sed
1945 4252 2018 4307 ad

367 4335 498 4407 ejus
556 4336 789 4392 ruinam
840 4342 1134 4409 vergunt:
1168 4341 1225 4394 et
1277 4339 1378 4411 qui
1438 4340 1531 4396 his
1589 4343 1868 4413 gaudent,
1902 4358 2015 4398 non

410 4569 516 4692 [έὲ)
548 4568 720 4638 Εάίίί»
767 4567 890 4640 τῆς,
941 4571 1240 4628 mendose.
1292 4572 1432 4645 Reg.
1464 4589 1622 4641 vero,
1652 4573 1748 4634 τὰς
1782 4571 2016 4642 Ἐκκλη,

372 4659 512 4700 σιας.

443 4711 521 4793 ς2)
554 4711 617 4765 In
649 4711 908 4798 epistola.
932 4713 1002 4769 ad
1025 4713 1318 4798 solitarius
1348 4715 1504 4798 inter
1532 4716 1840 4798 episcopos
1859 4719 2027 4798 {Egy-

374 4783 530 4855 ptios
563 4783 685 4855 qui,
710 4784 944 4840 Arianis
991 4786 1352 4853 auctoribus,
1386 4783 1822 4843 calamitatibus
1853 4783 2030 4844 variis

376 4854 516 4927 sunt
565 4854 777 4927 affecti,
813 4855 1230 4927 Serapammon
1288 4859 1591 4914 confessor
1646 4859 1704 4914 in
1755 4861 2028 4916 exsilium

376 4925 599 4980 missus
631 4925 861 4982 dicitur.
887 4925 1171 4983 Potamon
1193 4945 1328 4984 vero
1360 4930 1499 4984 item
1523 4931 1824 4986 confessor
1844 4933 1937 4987 cui
1969 4932 2028 4987 in

420 4996 782 5075 ersecutione
812 4999 1017 5075 oculus
1070 5001 1320 5075 effossus
1352 5002 1560 5068 fuerat,
1591 5008 1675 5056 tot
1725 5003 1910 5075 plagis
1941 5009 2031 5058 est

403 5067 656 5152 aniatus,
689 5071 988 5152 ut'paucis
1020 5075 1160 5152 post
1184 5073 1390 5152 diebus
1413 5067 1862 5152 exstinctus:_sit.
1897 5075 2031 5130 Nul-

379 5138 472 5194 lus
504 5143 700 5194 tamen
733 5138 814 5214 ibi
847 5142 916 5195 ad
965 5138 1294 5198 ministeria
1342 5144 1577 5214 publica
1622 5147 1876 5202 traditus
1909 5163 2029 5202 me-

379 5216 664 5288 moratur,
698 5211 836 5288 quia
867 5229 980 5268 non
1014 5215 1201 5288 potuit
1232 5211 1589 5288 Athanasius
1622 5218 1721 5288 qui
1762 5218 1884 5273 haec
1911 5218 2030 5273 ibi-

379 5283 523 5356 dem,
548 5283 1029 5356 paucisenarrat,
1064 5285 1300 5356 singula
1329 5283 1646 5343 recensere;

454 5353 530 5428 (3)
559 5353 941 5428 ΓῙειεὶῒὶοῐ-υω
977 5353 1212 5428 Ancyrae
1243 5363 1539 5427 gestorum
1573 5359 1852 5414 invidiam
1885 5360 2032 5415 Mar-

381 5423 526 5477 cello
546 5423 1162 5501 imponereconantur
1192 5423 1389 5484 Ariani
1415 5431 1669 5500 episcopi
1703 5431 1761 5484 in
1786 5431 2031 5501 epistola

381 5496 810 5574 pseudosynodi
839 5498 1225 5574 Sardicensis,
1253 5501 1351 5554 ubi
1376 5496 1494 5574 haec
1516 5496 1795 5574 leguntur
1817 5496 1835 5555 ἔ
1855 5505 2033 5556 Fuere

381 5571 691 5646 ppmque‘et
721 5569 783 5622 in
811 5571 1029 5646 Ancyra
1055 5574 1358 5642 provinciae
1384 5569 1614 5646 Galatia}
1643 5582 1767 5646 post
1794 5574 2031 5646 reditum

382 5635 630 5716 Marcelli
647 5635 947 5716 haeretici;
972 5635 1258 5716 (tantorum
1304 5645 1580 5711 incendia,
1615 5635 1667 5699 et
1708 5661 1916 5716 genera
1944 5645 2030 5700 di-

381 5723 544 5764 versa
575 5709 859 5779 bellorum,
890 5714 1028 5768 nudi
1072 5717 1140 5770 ab
1190 5718 1302 5786 ipso
1331 5716 1401 5770 ad
1427 5709 1615 5785 forum
1660 5709 2031 5774 trahebantur

2151 606 2217 638 :\\A
2264 603 2396 638 νῆιν-λι
2445 603 2458 622 ,
2474 608 2497 638 Δ
2514 598 2851 638 Ἱεζᾶυὲῆειηυ
2902 599 2990 638 νηὶ
3042 601 3137 638 ηῆρ
3179 600 3382 638 ξηιννπιυ
3437 601 3526 638 νκῗ
3579 599 3632 638 ἓν
3673 599 3703 638 κ

2151 606 2176 616 ..
2377 603 2390 619 κ
2445 603 2458 622 ,
2581 601 2632 626 ν,
2678 598 2701 617 α
2975 599 2990 618 κ
3042 601 3099 638 φ.
3314 603 3341 615 ..
3511 601 3526 620 ε
3679 599 3703 618 ,ρ

2110 624 2217 656 των
2264 623 2399 656 κατα
2464 600 2851 676 Αλεςανορειαν
2902 621 2992 654 και
3053 621 3137 663 ..ας
3179 600 3408 669 ἒαυτων,
3437 621 3528 656 και
3579 599 3632 655 ἐν
3673 598 3768 656 αλ-

2114 689 2238 752 λαις
2269 688 2619 760 Ἐκκλησίαις
2670 690 2984 764 γεγενῆσθαι
3037 683 3461 761 διεϐεϐαιοῦντο,
3497 688 3557 744 οὐ
3614 689 3768 763 λόγῳ

2119 779 2303 851 μόνον,
2329 777 2473 833 ἀλλά
2502 779 2590 832 καὶ
2622 777 3041 853 πράγμασι.Καὶ
3064 776 3114 847 ἐξ
3145 775 3428 852 Αἰγύπτου
3461 774 3520 832 δὲ
3547 775 3638 832 xui
3667 785 3768 847 τῆς

2112 865 2542 944 Ἀλεξανδρείας,
2573 866 2738 922 πάλιν
2793 865 3038 928 ἐλθόντες
3083 870 3173 920 νῦν
3226 862 3582 942 πρεσϐύτεροι
3637 868 3774 941 μετά

2113 957 2476 1032 γραμμάτων,
2530 954 2902 1031 ἀπωδύροντο,
2951 953 3036 1010 ὅτι
3087 953 3294 1010 πολλοὶ
3347 954 3635 1010 ἐπίσκοποι
3681 955 3773 1010 καὶ

2116 1040 2497 1122 πρεσϐύτεροι,
2530 1047 2778 1107 θέλοντες
2809 1043 2982 1100 ἐλθεῖν
3018 1044 3092 1118 εἷς
3137 1045 3235 1112 τήν
3283 1042 3531 1114 σύνοδον,
3563 1043 3773 1100 ἐκωλύ-

2119 1137 2305 1204 θησαν.
2356 1135 2535 1210 Μέχρι
2586 1135 2689 1211 γάρ
2749 1139 2839 1188 νῦν
2890 1135 2980 1188 καὶ
3034 1135 3168 1207 μετά
3207 1135 3307 1203 τὴν
3348 1137 3446 1188 τοῦ
3478 1132 3774 1188 ἐπισκόπου

2121 1224 2432 1279 Ἀθανασιου
2483 1221 2815 1297 ἀποδημίαν,
2848 1218 3037 1298 ἔλεγον
3092 1222 3420 1285 ἐπισκόπους
3452 1225 3529 1297 (2)
3571 1221 3777 1295 ὁμολο-

2120 1315 2294 1388 γητάς
2322 1312 2743 1368 κατακόπτεσθαι
2789 1311 3056 1387 πληγαῖς,
3087 1313 3176 1367 xui
3226 1310 3432 1374 ἄλλους
3483 1309 3779 1390 φυλακίζε-

2120 1403 2261 1470 σθαι,
2315 1398 2424 1471 ἤδη
2487 1399 2544 1456 δὲ
2587 1402 2677 1456 καὶ
2735 1400 3022 1477 ἀρχαίους,
3081 1398 3335 1456 πλεῖστον
3393 1399 3518 1456 ὅσον
3576 1400 3777 1478 χρόνον

2124 1489 2350 1566 ἔχοντας
2397 1491 2448 1546 ἐν
2496 1495 2564 1565 τῇ
2637 1491 2927 1564 ἐπισκοπῇ,
2963 1490 3039 1552 εἰς
3095 1487 3446 1566 λειτουργίας
3508 1487 3779 1564 δημοσίας

2123 1577 2533 1654 παραδίδοσθαι,
2580 1581 2670 1634 καὶ
2727 1577 3168 1656 σχεδὸν-πάντας
3233 1579 3365 1642 τοὺς
3403 1586 3504 1648 τῆς
3557 1577 3782 1634 καθολι-

2123 1677 2226 1739 κῆς
2259 1668 2584 1740 Ἐκκλησίας
2615 1668 2940 1743 κληρικοὺς,
2973 1669 3063 1723 καὶ
3114 1666 3305 1738 λαοὺς,
3339 1663 3784 1724 ἐπιϐουλεύεσθαι

2124 1760 2213 1814 καὶ
2266 1757 2571 1816 διώκεσθαι.
2631 1758 2731 1813 Καὶ
2782 1760 2882 1834 γάρ
2933 1757 3024 1812 καί
3069 1779 3219 1820 τινας
3295 1756 3645 1828 ἐπισκόπους,
3692 1757 3784 1813 καί

2122 1867 2272 1909 τινας
2303 1844 2571 1925 ἀδελφοὺς
2603 1845 2922 1921 ὑπερορίους
2957 1840 3147 1920 ἔλεγον
3179 1849 3499 1920 γεγενῆσθαι
3533 1843 3602 1900 δι’
3633 1843 3785 1904 οὐδὲν

2121 1932 2326 2012 ἕτερον,
2385 1937 2420 2005 ἢ
2474 1933 2566 1990 ’ίνα
2621 1936 2711 1990 καὶ
2768 1932 2988 1997 ἄκοντες
3048 1932 3456 2010 ἀναγκάζωνται
3509 1940 3788 1990 κοινωνεῖν

2123 2025 2410 2101 Γρηγορίῳ
2459 2023 2550 2079 καί
2592 2030 2711 2086 τοῖς
2756 2023 2848 2078 σὺν
2895 2023 3041 2096 αὑτῴ
3092 2025 3413 2098 Ἀρειανοῖς.
3448 2025 3548 2079 Καὶ
3580 2024 3632 2080 ἐν
3665 2025 3791 2100 Ἀγ-

2121 2113 2260 2190 κύρᾳ
2305 2111 2362 2168 δὲ
2408 2119 2510 2182 τῆς
2559 2111 2828 2174 Γαλατίας
2862 2114 2941 2187 (3)
2973 2112 3072 2168 οὐκ
3123 2110 3285 2188 ὀλίγα
3314 2115 3653 2188 γενενῆσθαι,
3685 2111 3786 2168 ἀλ-

2122 2204 2195 2258 λά
2219 2205 2286 2258 τά
2324 2202 2458 2258 αὐτὰ
2494 2201 2660 2257 πάλιν
2713 2207 2832 2264 τοῖς
2863 2203 2998 2256 κατά
3031 2199 3441 2278 Ἀλεξάνδρειαν
3473 2204 3789 2278 γενομένοις

2121 2291 2430 2365 ἠκούσαμεν
2488 2291 2576 2346 καὶ
2608 2293 2733 2366 παρ’
2767 2291 2986 2364 ἑτέρων,
3019 2291 3109 2344 καὶ
3139 2288 3464 2367 Μάρκελλος
3515 2289 3574 2347 δὲ
3606 2293 3634 2347 ὁ
3665 2290 3783 2347 ἐπί-

2125 2402 2325 2444 σκοπος
2374 2378 2790 2456 διεμαρτύρατο.
2824 2381 2967 2452 Πρὸς
3021 2377 3079 2434 δὲ
3124 2379 3339 2443 τούτοις
3383 2380 3473 2434 καὶ
3531 2383 3786 2444 τοιαύτας

2122 2469 2477 2544 κατηγορίας,
2539 2469 2629 2523 καὶ
2679 2468 2821 2523 οὕτω
2874 2466 3051 2530 δεινάς
3095 2466 3231 2522 κατά
3288 2490 3451 2524 τινων
3503 2467 3556 2539 ἐξ
3607 2470 3782 2543 ὑμῶν,

2118 2557 2210 2612 τίνα
2245 2559 2318 2632 μὴ
2356 2556 2504 2633 λέγω
2534 2558 2601 2612 τά
2635 2555 2896 2630 ὀνόματα,
2933 2559 2986 2612 οἰ
3018 2559 3418 2628 ἀπαντήσαντες
3479 2557 3782 2632 εἰρήκασιν,

2125 2647 2189 2709 ’ἀς
2237 2647 2346 2721 ἐγὼ
2401 2647 2494 2720 μὲν
2548 2647 2752 2722 γράψαι
2803 2647 3247 2722 παρῃτησάμην
3301 2644 3433 2709 ἴσως
3483 2644 3541 2703 δὲ
3590 2649 3667 2722 (4)
3697 2647 3787 2702 καὶ

2128 2736 2284 2808 ὑμεῖς
2313 2737 2439 2809 παρ’
2471 2736 2666 2809 ἑτέρων
2717 2735 3006 2806 ἀκηκόατε.
3041 2736 3138 2790 Διά
3183 2740 3345 2791 τοῦτο
3395 2736 3499 2813 γὰρ
3553 2734 3791 2810 μάλιστα

2125 2823 2213 2878 καὶ
2249 2822 2458 2900 ἔγραψα
2487 2824 2932 2900 προτρεπόμενος
2965 2825 3103 2897 ὑμᾶς
3139 2821 3339 2896 ἐλθεῖν,
3369 2823 3462 2880 ’ίνα
3509 2826 3599 2880 καὶ
3648 2847 3786 2903 παρ-

2127 2912 2277 2974 όντες
2331 2913 2616 2983 ἀκούσητε,
2665 2912 2755 2968 καὶ
2813 2915 2988 2968 πάντα
3056 2911 3416 2987 διορθωθῆναι
3481 2915 3572 2969 xui
3640 2917 3793 2989 θερα-

2126 3005 2384 3072 πευθῆναι
2431 3000 2657 3076 δυνηθῇ.
2704 3003 2825 3057 Ἐπὶ
2875 3000 2933 3056 δὲ
2978 3001 3186 3058 τούτων
3238 3005 3315 3076 (5)
3363 3003 3790 3079 προθυμοτέρους

2128 3089 2235 3146 ἔδει
2281 3092 2410 3154 τοὺς
2465 3089 2766 3161 κληθέντας
2827 3093 3131 3162 ἀπαντῆσαι
3178 3092 3269 3146 καὶ
3321 3093 3395 3165 μὴ
3452 3094 3790 3168 παραιτήσα-

2129 3183 2267 3254 σθαι,
2293 3179 2388 3236 ’ίνα
2421 3182 2495 3254 μὴ
2527 3182 2664 3243 τέως
2707 3181 2942 3237 ὕποπτοι
2970 3181 3096 3256 περὶ
3137 3182 3204 3235 τὰ
3253 3178 3537 3256 λεχθέντα,
3569 3180 3656 3235 ἐὰν
3712 3183 3788 3255 μὴ

2049 3255 2091 3322 C
2134 3271 2484 3341 ἀπαντήσωσι
2513 3274 2865 3345 νομισθῶσιν,
2899 3271 2975 3333 ὡς
3119 3272 3195 3343 (6)
3231 3255 3515 3344 δυνάμενοι
3577 3268 3794 3347 ἐλέγξαι

2131 3358 2165 3414 ἃ
2195 3357 2453 3434 ἔγραψαν.

2201 3451 2287 3506 34.
2325 3447 2548 3506 Τούτων
2607 3449 2787 3504 τοίνυν
2849 3446 2995 3503 οὕτω
3067 3445 3406 3522 λεγομένων,
3467 3447 3560 3503 καὶ
3620 3447 3792 3512 οὕτως

2128 3541 2236 3592 τῶν
2273 3535 2611 3606 Ἐκκλησιῶν
2642 3540 2998 3613 πασχουσῶν,
3031 3538 3120 3591 καὶ
3153 3531 3684 3611 ἐπιϐουλευομένων,
3717 3538 3794 3601 ὡς

2133 3628 2184 3681 οἱ
2217 3624 2654 3703 ἀπαγγέλλοντες
2683 3621 3108 3694 διεϐεϐαιοῦντο,
3138 3625 3281 3688 τίνες
3323 3625 3456 3680 εἰσὶν
3505 3627 3558 3682 οἱ
3613 3626 3797 3705 φλόγα

2133 3712 2413 3791 διχονοίας
2455 3715 2792 3788 ἀνάψαντες;
2826 3716 2991 3784 ἡμεῖς
3041 3715 3093 3768 oi
3140 3711 3478 3789 λυπούμενοι
3529 3713 3618 3769 ἐπὶ
3674 3720 3793 3778 τοῖς

2129 3803 2422 3877 τοιούτοις,
2455 3805 2547 3858 xui
2575 3804 2988 3879 συμπάσχοντες
3019 3805 3138 3864 τοῖς
3165 3804 3469 3880 πάσχουσιν
3511 3799 3794 3880 ἀδελφοῖς,

2130 3893 2165 3961 ἢ
2200 3895 2253 3946 οἱ
2279 3892 2346 3947 τὰ
2373 3897 2597 3946 τοιαῦτα
2629 3892 3026 3968 ἐργασάμενοι;
3059 3894 3331 3965 Θαυμάζω
3362 3894 3466 3969 γάρ
3508 3897 3654 3962 πῶς,
3684 3914 3798 3948 τοι·

2132 3979 2302 4050 αύτης
2351 3981 2441 4034 καὶ
2498 3980 2771 4050 τοσαύτης
2830 3980 2942 4036 ἐκεῖ
2990 3980 3382 4044 ἀκαταστασίας
3422 3984 3538 4036 καθ’
3569 3983 3795 4053 ἑκάστην

2129 4068 2454 4138 Ἐκκλησίαν
2510 4066 2699 4142 οὔσης,
2736 4067 2803 4123 δι’
2835 4070 2900 4139 ἢν
2953 4070 3043 4124 καὶ
3092 4071 3144 4124 οἱ
3192 4070 3594 4140 ἀπαντήσαντες
3623 4071 3795 4141 ἦλθον

2131 4155 2373 4226 ἐνταῦθα,
2406 4159 2637 4236 γράφετε
2684 4158 2838 4231 ὑμεῖς
2891 4158 3151 4232 ὁμόνοιαν
3194 4165 3523 4234 γεγενῆσθαι
3577 4159 3629 4216 ἐν
3676 4165 3798 4223 ταῖς

2130 4244 2478 4317 Ἐκκλησίαις
2507 4269 2518 4280 ·
2550 4247 2617 4300 τά
2648 4244 2705 4302 δὲ
2728 4251 2952 4302 τοιαῦτα
2983 4247 3086 4303 οὐκ
3117 4247 3204 4304 ἐπὶ
3237 4246 3508 4323 οἰκοδομῇ
3538 4256 3642 4319 τῆς
3684 4251 3800 4305 Ἐκ·-

2126 4333 2381 4406 κλησίας,
2424 4334 2548 4391 ἀλλ’
2576 4335 2664 4391 ἐπὶ
2693 4338 3001 4411 καθαιρέσει
3040 4337 3244 4408 ταύτης
3299 4338 3546 4414 γίνεται·
3602 4340 3693 4393 xui
3752 4359 3780 4394 ο

2131 4571 2456 4644 presbyteri,
2488 4578 2541 4626 et
2567 4569 2708 4641 quod
2735 4586 2863 4626 cum
2907 4570 3169 4643 lacrymz's
3201 4571 3459 4644 luctuque
3484 4579 3566 4626 est
3606 4570 3798 4644 dicen-

2135 4646 2287 4711 dum,
2348 4651 2721 4698 consecratum
2751 4713 2755 4714 7
2789 4643 3017 4697 Domini
3068 4658 3270 4714 corpus
3329 4643 3399 4698 ad
3452 4643 3800 4699 sacerdotum

2135 4715 2279 4770 colla.
2306 4730 2629 4786 suspensum
2653 4713 2855 4786 palam
2881 4713 3204 4787 publiceque
3230 4715 3588 4787 pro/ambat,
3607 4717 3799 4787 _virgi-

2136 4802 2340 4858 aesque
2367 4787 2742 4858 sanctissimas
2772 4787 2882 4840 Deo
2903 4786 3220 4858 Christoque
3247 4785 3460 4842 dicatas
3489 4785 3794 4858 publice’z'n

2136 4857 2256 4930 foro
2311 4857 2596 4928 mediaque
2648 4859 2707 4911 in
2766 4859 3020 4930 civitate,
3051 4857 3796 4930 concurrentibusgpoputzk,

2139 4927 2426 5011 apstractz’s
2476 4927 2743 5011 vestibus,
2781 4927 3059 5011 liorr‘enda
3086 4927 3798 5011 [wditqtepudabutiﬂazc

2143 5002 2192 5057 si
2227 5018 2424 5072 revera
2479 5004 2642 5071 gesta
2700 5001 2943 5072 sint,ab
2991 5000 3137 5070 ipsis
3168 5000 3404 5072 Arianis
3463 5005 3798 5072 perpetrata

2142 5089 2269 5128 esse
2299 5071 2390 5127 vix
2421 5070 2511 5127 est
2559 5073 2716 5144 quod
2769 5071 3110 5144 dubitemus
3143 5088 3156 5125 :
3191 5070 3408 5144 quippe
3437 5070 3656 5142 quibus
3703 5090 3796 5130 so-

2141 5144 2334 5199 lemne
2366 5148 2489 5199 crat
2538 5142 2827 5216 ejusmodi
2877 5143 3151 5216 facinora,
3186 5142 3576 5216 committere,
3611 5144 3798 5216 deque

2145 5216 2321 5341 rebps
2352 5233 2386 5270 a
2415 5232 2477 5271 se
2507 5215 2688 5287 gestis
2731 5214 3036 5286 episcopos
3085 5214 3199 5270 sibi
3251 5215 3628 5271 adversantes
3658 5214 3800 5273 insi-

2145 5305 2240 5341 mu
2272 5305 2388 5341 are.

2145 5305 2388 5342 mu1are.

2213 5360 2290 5425 (4)
2321 5357 2614 5414 Particula
2644 5352 2723 5423 δέ,
2748 5373 2876 5428 quas
2906 5356 2965 5412 in
2999 5356 3172 5412 editis
3203 5357 3423 5424 deerat,
3447 5371 3516 5412 ex
3541 5357 3678 5430 Reg.
3703 5355 3799 5411 de-

2142 5446 2273 5484 sum
2284 5434 2378 5484 nta
2406 5435 2512 5484 est.

2218 5448 2273 5484 m
2319 5448 2378 5484 lia
2406 5448 2512 5484 BSt.

2213 5448 2470 5569 (5)pEditi
2529 5500 2729 5572 minus
2781 5503 2955 5572 recte,
2987 5496 3107 5553 Ἐπὶ
3157 5495 3215 5552 8‘s
3255 5501 3374 5555 τοῦ.
3418 5499 3583 5572 Reg.,
3617 5513 3795 5570 quem

2139 5568 2463 5644 sequimur,
2499 5571 2618 5624 Ἐπὶ
2652 5568 2714 5644 δέ
2737 5568 2970 5624 τούτων.

2210 5642 2284 5715 (6)
2318 5642 2480 5716 Res.
2520 5642 2784 5716 μήτειὼς-

2126 5753 2152 5776 4
