4178 6384
423 376 540 443 305

1540 375 1936 444 APOLOGIA
1977 376 2290 441 CONTRA
2339 380 2710 443 ARIANOS.

3715 371 3835 440 306

425 511 477 569 ἐν
504 508 719 574 τούτοις
751 507 809 566 δὲ
832 510 1116 591 χαίροντες
1165 510 1263 568 οὐκ
1311 511 1441 568 εῗσὶν
1495 512 1718 589 εἰρήνης
1762 510 1891 583 υἰοὶ,
1928 507 2073 565 ἀλλὰ

2210 511 2475 581 >aois,sed
2509 513 2873 572 confusionis
2903 512 3010 570 ﬁlii
3050 514 3189 570 sunt
3221 528 3235 569 :
3271 511 3421 569 Deus
3448 526 3583 567 vero
3612 513 3834 566 moster

424 599 813 663 ἀκαταστασίας
849 619 861 633 ⁸
918 603 946 656 ὁ
1005 599 1063 656 δὲ
1114 603 1244 665 Θεὸς
1298 605 1457 676 ἡμῶν
1524 602 1623 657 οὐκ
1679 601 1818 657 ἔστιν
1879 602 2073 655 ἀκατα-

425 690 664 758 στασίας,
698 689 825 746 ἀλλ’
875 691 1120 766 εἰρήνης.
1177 692 1392 769 Διόπερ,
1447 693 1523 755 ὡς
1568 690 1708 747 οἶδεν
1746 693 1770 746 ὃ
1822 691 1949 753 Θεὸς
1986 689 2076 743 καὶ

426 781 613 859 Ιξατὴρ
670 785 768 835 τοῦ
818 780 1018 856 Κυρίου
1077 783 1235 854 ἡμῶν
1286 784 1462 852 Ἰησοῦ
1511 786 1745 857 Χριστοῦ
1781 826 1796 849 ,
1844 776 2080 851 κηδόμε-

424 890 519 931 νος
554 870 647 943 μὲν
688 869 777 923 καὶ
820 877 921 939 τῆς
974 870 1124 943 ὑμῶν
1157 873 1233 945 (7)
1284 869 1638 945 ὑπολήψεως,
1692 868 1991 946 εὐχόμενος
2024 864 2081 921 δὲ

426 958 515 1014 καὶ
564 960 661 1021 τὰς
700 958 1027 1028 Ἐκκλησίας
1084 961 1159 1033 μὴ
1212 959 1281 1014 ἐν’
1318 959 1681 1031 ἀκαταστασία
1730 959 1885 1027 εἶναι,
1938 954 2084 1011 ἀλλὰ

430 1045 700 1120 διαμένειν
762 1047 943 1122 ὥσπερ
997 1048 1101 1103 ὑπὸ
1159 1053 1266 1103 τῶν
1346 1048 1663 1105 ἀποστόλων
1722 1046 2028 1116 ἐκανονίσθη
2068 1089 2082 1114 ,

427 1138 633 1211 γράψαι
692 1138 817 1209 ὑμῖν
875 1142 1044 1193 ταῦτα
1099 1138 1385 1213 ἀναγκαῖον
1445 1140 1768 1214 ἡγησάμην,
1823 1135 1917 1191 *ίνα
1974 1132 2082 1204 ἤδη

427 1228 561 1281 ποτὲ
613 1224 975 1297 δυσωπήσητε
1019 1226 1146 1289 τοὺς
1198 1225 1287 1282 διὰ
1332 1229 1431 1297 τήν
1486 1229 1623 1303 πρὸς
1665 1224 1951 1297 ἀλλήλους
1983 1223 2084 1277 ἀπ-

430 1316 643 1392 έχθειαν
678 1319 754 1390 (8)
785 1316 927 1372 οὕτω
973 1313 1326 1390 διαθεμένους
1375 1318 1470 1380 τάς
1504 1314 1855 1385 Έκκλησίας.
1892 1317 2089 1369 ’Ἠκου-

431 1426 497 1460 σα
526 1406 652 1481 γὰρ,
685 1404 769 1461 ὅτι
796 1406 939 1468 τινές
963 1404 1094 1459 εἰσιν
1132 1404 1320 1481 ὀλίγοι
1353 1407 1405 1462 οἱ
1432 1404 1640 1462 τούτων
1676 1406 1887 1459 πάντων
1922 1401 2086 1457 αἴτιοι

429 1495 830 1570 τυγχάνοντες.
883 1491 1232 1550 Σπουδάσατε
1279 1497 1355 1569 (9)
1404 1496 1480 1556 ὡς
1531 1492 1825 1570 σπλάγχνα
1872 1490 2086 1568 ἔχοντες

433 1583 721 1657 οἰκτιρμοῦ
773 1580 1191 1657 διορθώσασθαι,
1241 1584 1317 1645 ὡς
1364 1588 1652 1660 προεῖπον,
1698 1583 1766 1637 τά
1812 1582 1960 1657 παρά
1986 1602 2089 1637 κα-

431 1670 559 1725 νόνα
588 1670 873 1746 γενόμενα,
925 1670 1037 1741 ἵνα,
1091 1673 1135 1726 εί
1192 1671 1283 1727 καί
1334 1694 1386 1728 τι
1435 1670 1781 1750 προελήφθη,
1830 1676 1991 1726 τοῦτο
2017 1674 2086 1744 τῇ

435 1760 669 1835 ὑμετέρᾳ
715 1757 924 1833 σπουδῇ
994 1765 1317 1834 θεραπευθῇ.
1371 1761 1469 1816 Καὶ
1524 1762 1597 1834 μὴ
1650 1762 1898 1839 γράφητε
1930 1807 1943 1833 ,
2005 1758 2086 1815 ὅτι

2186 618 2302 657 non
2335 608 2424 659 est
2450 604 2603 660 Deus
2637 604 3023 673 confusionis,
3073 603 3173 659 sed
3206 601 3386 674 pacis.
3447 600 3829 672 Quapropter.

2188 692 2253 745 ut
2282 691 2425 746 mihi
2457 694 2725 750 conscius
2756 698 2845 749 est
2896 694 3051 749 Deus
3085 698 3142 749 et
3175 693 3341 747 Pater
3382 689 3615 745 Domini
3648 687 3833 744 nostri
3941 751 3959 765 ,

2187 778 2325 836 Jesu
2359 780 2591 850 Christi,
2625 788 2828 838 vestras
2861 780 3312 838 existimationis
3343 795 3546 835 curam
3604 793 3833 849 gerens,

2190 875 2471 941 exoptans
2496 889 2726 943 quoque
2752 871 3042 931 Ecclesias
3070 888 3185 926 non
3208 870 3265 925 in
3291 868 3730 942 perturbatione
3746 867 3840 923 de-

2192 975 2346 1031 gere,
2381 960 2482 1015 sed
2514 976 2610 1016 eas
2644 966 2708 1015 ut
2739 962 2809 1016 ab
2857 960 3138 1033 apostolis
3170 963 3458 1016 statutum
3490 962 3581 1013 est
3612 972 3843 1029 perma-

2194 1064 2335 1103 nere
2367 1073 2380 1115 ;
2415 1047 2535 1104 haec
2567 1050 2638 1104 ad
2672 1066 2770 1104 vos
2832 1051 3086 1105 scribere
3135 1048 3530 1105 necessarium
3562 1046 3702 1101 duxi
3737 1063 3751 1115 ;
3784 1048 3849 1100 ut

2196 1153 2352 1191 nunc
2385 1138 2621 1193 tandem
2656 1137 2788 1193 illos
2821 1138 3215 1204 confundatis,
3275 1136 3377 1209 qui
3434 1137 3507 1192 ob
3568 1140 3843 1191 mutuum

2196 1225 2353 1280 inter
2384 1243 2445 1281 se
2475 1226 2993 1293 odium,Ecclesias
3023 1244 3089 1282 eo
3113 1228 3404 1298 redigunt.
3429 1226 3639 1280 Audivi
3662 1224 3843 1291 enim,

2199 1314 2517 1371 nonnullos
2548 1332 2698 1382 esse,
2733 1333 2948 1387 paucos
2981 1333 3251 1382 numero,
3297 1315 3399 1387 qui
3457 1315 3670 1371 horum
3718 1331 3842 1369 om-

2198 1404 2363 1459 nium
2392 1409 2589 1460 essent
2616 1409 2904 1461 auctores.
2948 1404 3196 1477 Operam
3228 1406 3363 1459 date
3393 1408 3459 1459 ut
3486 1405 3711 1459 viscera
3731 1404 3841 1459 mi-

2198 1492 2527 1549 sericordias
2558 1493 2862 1563 habentes,
2898 1510 2966 1550 ea
2994 1494 3367 1565 corrigantur
3387 1492 3473 1549 uti
3504 1509 3684 1565 supra
3703 1491 3846 1559 dixi,

2198 1599 2325 1655 qua
2360 1588 2562 1639 contra
2593 1599 2877 1639 canonem
2908 1587 3076 1656 gesta
3118 1587 3279 1648 sunt,
3311 1586 3373 1638 ut
3405 1582 3453 1637 si
3509 1581 3650 1654 quid
3709 1580 3849 1637 mali

2198 1673 2588 1741 anteverterit,
2604 1673 2662 1727 id
2688 1676 2881 1729 vestro
2905 1673 3103 1730 studio
3132 1672 3495 1729 emendetur.
3544 1670 3659 1727 Nec
3705 1670 3853 1725 mihi

2198 1761 2802 1818 scribatis:Marcelli
2867 1766 2924 1818 et
2996 1761 3301 1817 Athanasii
3376 1759 3852 1817 communionem

430 1850 537 1918 Τὴν
592 1847 919 1925 Μαρκέλλου
973 1850 1062 1904 καὶ
1124 1850 1458 1922 Ἀθανασίου,
1519 1850 1556 1919 ἢ
1603 1851 1701 1919 τήν
1752 1852 1912 1923 ἡμῶν
1958 1848 2086 1904 ἑλοῦ

2210 1851 2394 1923 potius
2426 1868 2604 1923 quam
2636 1856 2899 1909 nostram
2941 1851 3264 1923 cooptasti;
3298 1867 3433 1907 nam
3453 1850 3573 1905 haec
3608 1866 3725 1906 non
3751 1866 3857 1921 pa-

432 1936 743 1992 κοινωνίαν·
776 1937 837 1992 οὐ
870 1939 973 2014 γὰρ
1006 1939 1255 2013 εἰρήνης,
1287 1937 1431 1994 ἀλλά
1465 1937 1798 2017 φιλονεικίας
1838 1939 1926 1994 καὶ
1963 1960 2085 2011 μισ-

432 2024 714 2104 αδελφίας,
748 2028 816 2081 τὰ
854 2032 1079 2082 τοιαῦτα
1126 2028 1499 2103 γνωρίσματα.
1554 2029 1653 2083 Δ;ἀ
1681 2033 1843 2084 τοῦτο
1870 2026 1959 2083 οῦν
1992 2029 2089 2083 κά-

432 2118 516 2192 γὼ
570 2117 637 2171 τὰ
683 2118 1057 2193 προειρημένα
1111 2113 1341 2192 ἔγραψα,
1377 2118 1489 2189 ἵνα,
1546 2118 1824 2192 μαθόντες,
1860 2116 1941 2172 ὅτι
1996 2118 2095 2172 οὔκ

432 2202 635 2266 ἀδίκως
692 2202 987 2279 ἐδεξάμεθα
1046 2206 1283 2274 αὐτοὺς,
1343 2206 1621 2277 παύσησθε
1676 2213 1778 2277 τῆς
1834 2206 2095 2277 τοιαύτης

438 2290 639 2366 ἔριδος.
693 2293 759 2347 Εἰ
817 2294 911 2366 μὶν
964 2297 1068 2369 γὰρ
1130 2293 1392 2350 ἐλθόντων
1454 2296 1605 2368 ὑμῶν
1638 2298 1771 2365 ἦσαν
1811 2316 2093 2371 καταγνω-

441 2382 674 2445 σθέντες.
734 2381 781 2435 εί
834 2384 909 2455 μή
972 2383 1234 2459 εὐλόγους
1287 2382 1585 2455 ἀποδείξεις
1635 2380 1779 2461 ἔχειν
1814 2384 2094 2460 ἐφαίνοντο

441 2468 576 2545 ὀπὶρ
637 2470 861 2543 ἑαυτῶν,
919 2470 1105 2534 καλῶς
1165 2472 1222 2527 ἂν
1281 2474 1349 2528 τοὶ
1401 2478 1625 2529 τοιαῦτα
1679 2476 2092 2552 γεγραφήκειτε·

446 2556 633 2627 ἐπειδὴ
687 2556 766 2628 δὲ,
816 2560 890 2622 ὡς
937 2565 1222 2637 προεῖπον,
1274 2566 1569 2626 κωονικῶς
1617 2563 1707 2618 καὶ
1758 2562 1856 2618 οὐκ
1895 2560 2095 2625 ἀδίκως

442 2649 542 2718 τήν
573 2648 712 2723 πρὸς
744 2648 939 2711 αὐτοὺς
988 2647 1223 2727 ἔσχομεν
1276 2652 1583 2721 κοινωνίαν,
1632 2652 1934 2729 παρακαλῶ
1964 2652 2098 2728 ὐπὶρ

444 2742 700 2815 Χριστοῦ,
738 2739 813 2811 μή
844 2737 1169 2813 ἐπιτρέψητε
1192 2737 1664 2817 διασχισθῆναιτά
1688 2740 1829 2816 μέλη
1864 2744 1977 2816 (10)
1997 2745 2100 2796 τοῦ

446 2831 679 2901 Χριστοῦ
714 2824 855 2900 μηδὲ
882 2833 1001 2891 τοῖς
1040 2827 1410 2906 προλήμμασι
1450 2833 1794 2903 πιστεύσητε,
1826 2830 1973 2887 ἀλλά
1998 2832 2098 2900 τήν

444 2920 542 2971 τοῦ
572 2916 771 2992 Κυρίου
810 2917 1032 2993 εἰρήνην
1081 2922 1479 2995 προτιμήσατε·
1532 2920 1594 2975 οὐ
1646 2921 1750 2998 γὰρ
1800 2919 1945 2975 ὅσιον
1976 2912 2102 2975 οὐδὲ

448 3001 655 3060 δίκαιον
706 3003 775 3060 δι’
827 3003 1033 3081 ὀλίγων
1095 3007 1464 3084 μικροψυχίαν
1512 3008 1641 3072 τοὺς
1695 3010 1770 3084 μὴ
1820 3030 2101 3084 καταγνω-

448 3094 666 3159 σθέντας
700 3094 1052 3171 ἀπορρίπτειν
1092 3098 1183 3151 καὶ
1231 3096 1421 3153 λυπεῖν
1460 3097 1511 3152 ἐν
1543 3097 1723 3171 τούτῳ
1769 3098 1831 3153 τὸ
1864 3102 2101 3172 Πνεῦμα.

450 3182 512 3238 Ei
546 3180 604 3238 δὲ
649 3182 902 3256 νομίζετε
951 3181 1203 3240 δύνασθαί
1247 3206 1368 3241 τινα
1411 3188 1527 3241 κατ’
1578 3186 1750 3242 αὐτῶν
1803 3184 2100 3259 ἀποδεῖξαι,

2203 1940 2306 1997 cis.
2342 1942 2441 1996 sed
2476 1941 2869 1997 contentionis
2900 1946 2959 1997 et
3001 1940 3119 1997 odii
3180 1939 3417 1996 fraterni
3478 1943 3617 1996 sunt
3673 1955 3855 2011 argu-

2206 2034 2425 2085 menta.
2451 2032 2819 2102 Quapropter
2849 2030 3154 2101 superiora
3193 2028 3423 2100 scripsi,
3458 2032 3525 2084 ut
3576 2027 3853 2083 certiores

2204 2118 2367 2186 facti,
2397 2135 2497 2174 eos
2530 2135 2643 2174 non
2687 2119 2906 2189 injuste
2956 2136 2991 2173 a
3031 2119 3202 2173 nobis
3252 2121 3515 2189 receptos
3559 2132 3710 2185 esse,
3743 2116 3854 2171 bu-

2198 2206 2689 2280 jusmodijur'gio
2732 2208 2908 2263 finem
2958 2205 3357 2279 imponeretis.
3409 2205 3517 2273 Qui
3569 2204 3641 2275 si,
3689 2204 3856 2261 vobis

2205 2296 2321 2353 huc
2373 2296 2852 2364 concedentibus,
2908 2296 3151 2352 convicti
3208 2296 3479 2359 fuissent,
3529 2298 3587 2350 et
3632 2293 3683 2350 si
3736 2311 3854 2350 non

2207 2392 2630 2443 consentaneas
2662 2387 2918 2441 rationes
2950 2402 3052 2457 pro
3097 2402 3205 2441 sua
3256 2384 3593 2440 defensione
3650 2386 3859 2455 protu«-

2208 2474 2435 2541 lissent,
2461 2476 2597 2546 jure
2628 2475 2835 2531 merito
2865 2473 3006 2529 talia
3034 2473 3442 2546 scripsissetis.
3485 2472 3858 2545 Quandoqui-

2208 2564 2342 2619 dem
2373 2569 2593 2634 autem,
2628 2568 2690 2618 ut
2722 2580 2903 2635 supra
2930 2562 3068 2633 dixi,
3094 2564 3263 2634 juxta
3321 2577 3574 2617 canones
3630 2565 3687 2617 et
3734 2578 3855 2617 non

2208 2652 2451 2725 injuste,
2483 2668 2617 2709 cum
2649 2652 2769 2709 illis
2799 2652 3213 2708 communione
3252 2650 3585 2724 jungimur,
3618 2651 3859 2707 obsecro

2208 2759 2311 2797 vos
2360 2758 2463 2814 per
2514 2741 2836 2809 Christum,
2888 2759 2961 2797 ne
3022 2741 3229 2798 sinatis
3289 2739 3543 2796 discindi
3596 2740 3864 2796 membra

2211 2830 2448 2902 Christi,
2482 2847 2595 2887 neu
2629 2832 2856 2904 praeviis
2887 2832 3227 2887 rumoribus
3256 2830 3433 2887 ﬁdem
3464 2829 3862 2896 habeatis,sed
3904 2835 3923 2860 '

2213 2920 2445 2976 Domini
2476 2937 2678 2992 pacem
2705 2920 2894 2992 pluris
2946 2920 3199 2976 faciatis.
3250 2919 3376 2976 Non
3433 2918 3589 2975 enim
3623 2936 3858 2991 aequum

2206 3011 2559 3082 justumque
2584 3008 2759 3065 fuerit
2789 3010 2861 3065 ob
2895 3026 3217 3082 paucorum
3248 3006 3738 3075 simultatem,eos
3762 3008 3865 3081 qui

2213 3099 2460 3154 convicti
2496 3115 2611 3154 non
2662 3104 2821 3167 sunt,
2867 3086 3139 3169 abjl'cere,
3192 3101 3250 3153 et
3301 3098 3360 3154 in
3409 3097 3518 3153 hoc
3575 3096 3862 3170 Spiritum

2219 3188 2585 3243 contristare.
2622 3188 2784 3253 Quod
2826 3187 2876 3243 si
2935 3186 3308 3244 arbitramini
3366 3201 3535 3259 posse
3592 3187 3861 3258 quadam

447 3271 538 3327 καὶ
570 3272 647 3334 εἲς
678 3249 973 3348 πρόσωπον
1023 3274 1220 3337 αὐτοὺς
1272 3273 1506 3352 ἐλέγξαι,
1558 3276 1860 3341 ἐλθέτωσαν
1911 3278 1963 3331 οἱ
1993 3249 2096 3350 (1111

2220 3277 2503 3333 adversus
2528 3276 2662 3332 illus
2691 3277 2945 3348 probari,
2980 3293 3048 3332 ac
3078 3292 3274 3331 coram
3297 3291 3396 3331 eos
3427 3274 3690 3331 convinci
3724 3292 3739 3345 ;
3773 3293 3868 3331 ve-

453 3359 806 3436 βουλόμενοι.
855 3360 1145 3435 Ἑτοίμους
1199 3364 1303 3441 γὰρ
1363 3363 1585 3427 ἑαυτοὺς
1640 3366 1730 3420 καὶ
1778 3364 1930 3421 αὐτοὶ
1972 3365 2103 3421 εἶναι

450 3446 875 3524 ἐπηγγείλαντο,
926 3449 1066 3506 ὥστε
1105 3452 1195 3507 καὶ
1244 3450 1522 3525 ἀποδεῖξαι
1558 3455 1648 3509 καὶ
1682 3452 1973 3529 διελέγξαι,
2006 3476 2106 3511 πε-

450 3538 503 3615 ρὶ
535 3540 610 3594 ὦν
642 3540 778 3613 ἡμῖν
807 3538 1167 3617 ἀπήγγειλαν.

520 3630 609 3686 35.
661 3630 948 3702 Σημάνατε
1005 3627 1096 3685 οῦν
1154 3632 1313 3705 ἡμῖν,
1370 3631 1661 3707 ἀγαπητά,
1718 3634 1843 3711 περὶ
1886 3633 2105 3706 τούτου,

444 3712 537 3771 ’ίνα
583 3716 853 3780 κάκείνοις
898 3720 1195 3795 γράψωμεν
1226 3765 1244 3789 ,
1295 3720 1383 3775 καὶ
1430 3726 1548 3783 τοῖς
1603 3720 1883 3800 ὀφείλουσι
1941 3720 2109 3779 πάλιν

450 3804 725 3871 συνελθεῖν
788 3806 1107 3871 ἐπισκόποις
1138 3827 1151 3840 ⁸
1210 3810 1348 3882 πρὸς
1415 3810 1478 3864 τὸ
1535 3812 1748 3866 πάντων
1820 3812 2101 3889 παρόντων

446 3894 577 3957 τοὺς
623 3894 953 3960 ὒπευθῦνους
1002 3900 1468 3974 καταγνωσθῆναι,
1518 3899 1607 3955 καὶ
1661 3902 1854 3974 μηκέτι
1905 3902 2101 3957 ἀκατα-

452 3983 669 4039 στασίαν
705 3985 756 4041 ἐν
786 3992 905 4050 ταῖς
944 3985 1293 4059 Ἐκκλησίαις
1343 3990 1607 4064 γενέσθαι.
1660 3990 1843 4064 ’Δρκεῖ
1888 3992 1992 4065 γὰρ
2041 3991 2108 4044 τά

451 4074 738 4150 γενόμενα⁶
798 4075 999 4152 ἀρκεῖ,
1054 4075 1135 4131 ὅτι
1180 4076 1462 4154 παρόντων
1518 4077 1825 4134 ἐπισκόπων
1886 4079 2110 4136 ἐπίσκο-

450 4184 545 4218 ποι
577 4162 920 4241 ἐξωρίζοντο.
954 4165 1084 4240 Περὶ
1117 4166 1178 4222 οῦ
1210 4165 1335 4223 οὐδὲ
1368 4173 1729 4245 μακρηγορεῖν
1782 4166 1882 4241 δεῖ,
1904 4167 1996 4225 ’ίνα
2030 4171 2105 4244 μὴ

456 4254 732 4329 βαρεῖσθαι
762 4255 813 4309 οἳ
861 4255 1121 4331 παρόντες
1167 4256 1290 4311 τότε
1339 4255 1592 4315 δοκῶσιν.
1641 4257 1705 4312 Εἰ
1735 4256 1835 4333 γάρ
1882 4256 1963 4313 δεῖ
1992 4262 2107 4333 (12)

447 4340 687 4414 τάληθὲς
746 4343 914 4399 εἰπεῖν
950 4389 964 4415 ,
1022 4345 1122 4400 οὐκ
1199 4343 1307 4401 ἔδει
1372 4346 1538 4422 μέχρι
1604 4344 1811 4401 τούτων
1862 4348 2107 4424 φθάσαι,

452 4430 578 4489 οὐδὲ
607 4433 684 4495 είς
712 4437 975 4489 τοσοῦτον
1024 4432 1199 4490 ἐλθεῖν
1250 4436 1347 4498 τὰς
1399 4434 1790 4511 μικροψυχίας.
1822 4437 2000 4491 Ἔστω
2052 4435 2109 4493 δὲ

452 4522 769 4585 Ἀθανάσιος
801 4522 891 4577 καὶ
936 4521 1282 4600 Μάρκελλος,
1335 4524 1409 4586 ὡς
1453 4525 1703 4602 γράφετε,
1751 4522 2104 4597 μετετέθησαν

2223 3366 2388 3421 niant
2418 3366 2636 3438 quibus
2666 3365 2725 3421 id
2757 3365 3212 3438 placuerit.Nam
3246 3380 3308 3420 se
3338 3364 3725 3437 paratos‘fore
3747 3364 3873 3437 pol-

2219 3455 2365 3513 liciti
2396 3460 2555 3519 sunt.
2590 3456 2662 3511 ad
2693 3472 2757 3512 ea
2789 3472 2917 3528 quas
2940 3455 3111 3511 nobis
3164 3453 3588 3511 denuntiarunt
3643 3452 3871 3526 liquido

2216 3545 2670 3618 comprobanda.

2287 3635 2377 3690 35.
2424 3634 2712 3690 Certiores
2757 3633 2939 3707 igitur
2984 3650 3113 3701 nos,
3172 3630 3561 3697 dilectissimi,
3602 3632 3674 3688 de
3702 3647 3773 3688 ea
3800 3646 3863 3689 re

2216 3724 2408 3790 facite,
2441 3740 2556 3795 quo
2585 3734 2643 3779 et
2672 3723 2870 3793 illis,et
2895 3722 3192 3795 Episcopis
3213 3722 3328 3777 huc
3359 3721 3735 3777 conventuris
3765 3736 3861 3777 re-

2217 3813 2550 3868 scribamus
2583 3833 2603 3880 ;
2633 3816 2699 3867 ut
2729 3812 3119 3885 praesentibus
3168 3811 3445 3867 omnibus
3474 3810 3575 3883 qui
3625 3810 3705 3866 rei
3739 3813 3880 3866 sunt

2219 3901 2642 3957 convincantur
2674 3919 2688 3969 ;
2721 3905 2786 3956 ut
2817 3918 2891 3957 ne
2921 3901 3169 3957 ulterius
3191 3900 3557 3973 perturbatio
3588 3900 3648 3955 in
3681 3898 3874 3956 Eccle-

2220 3990 2323 4046 siis
2357 3991 2586 4045 existat.
2622 3990 2723 4047 Sat
2752 3995 2895 4047 sunt
2936 3992 3092 4047 enim
3151 4007 3244 4047 res
3300 3988 3585 4046 hactenus
3641 3993 3816 4062 gestae
3854 4007 3869 4051 ;

2220 4079 2438 4136 sufficit
2462 4080 2779 4151 quoque,in
2800 4080 3110 4151 praesentia
3127 4078 3534 4153 episcoporum
3558 4078 3868 4151 episcopos

2218 4168 2278 4224 in
2312 4168 2552 4224 exilium
2584 4173 2749 4224 actos
2778 4185 2924 4225 esse.
2967 4173 3092 4238 Qua
3122 4170 3195 4224 de
3234 4185 3297 4224 re
3327 4185 3444 4223 non
3475 4171 3564 4224 est
3590 4166 3873 4241 prolixior

2217 4274 2412 4316 sermo
2442 4256 2847 4325 habendus,ne
2875 4258 3103 4329 gravari
3131 4257 3441 4314 videantur
3469 4257 3569 4329 qui
3598 4260 3726 4313 tum
3760 4257 3864 4312 ad-

2216 4346 2399 4405 fuere.
2434 4347 2579 4404 Nam
2612 4346 2660 4402 si
2691 4363 2823 4406 vere
2854 4347 3191 4413 dicendum,
3240 4345 3485 4402 minime
3539 4346 3737 4402 decuit
3792 4347 3867 4402 ad

2217 4436 2338 4492 haec
2366 4452 2553 4508 usque
2594 4435 2853 4491 facinora
2896 4436 3228 4509 procedere,
3278 4439 3381 4491 aut
3436 4450 3695 4505 eousque
3758 4434 3867 4492 has

2218 4525 2616 4581 dissensiones
2667 4524 2957 4597 progredi.
3018 4526 3175 4581 Esto.
3228 4524 3347 4580 sint
3399 4523 3752 4579 Athanasius
3809 4526 3869 4580 et

452 4610 559 4665 ἀπὸ
586 4615 691 4667 τῶν
742 4609 890 4686 ἰδίμν
931 4612 1133 4683 τόπων,
1183 4612 1237 4667 τί
1279 4612 1369 4668 καὶ
1400 4612 1525 4688 περὶ
1552 4617 1660 4667 τῶν
1712 4608 1897 4668 ἄλλων
1929 4612 1987 4667 ἄν
2019 4636 2096 4677 τις

2214 4612 2543 4680 Marcellus,
2578 4614 2664 4668 uti
2696 4613 2974 4681 scribitis,
3036 4631 3070 4669 a
3098 4614 3223 4670 suis
3256 4612 3497 4668 sedibus
3540 4611 3810 4668 translati
3848 4630 3861 4680 ;

456 4698 599 4755 ei'noz
629 4705 739 4756 τῶν
762 4700 823 4757 ἐκ
851 4699 1124 4781 διαφόρων
1156 4701 1362 4775 τόπων,
1400 4702 1474 4765 ὡς
1520 4706 1802 4776 προεῖπον,
1836 4700 2103 4758 ἐλθόντων

454 4787 677 4845 ἐνταῦθα
708 4790 1014 4848 ἐπισκόπων
1063 4792 1153 4847 καὶ
1201 4787 1575 4869 πρεσϐυτέρων
1613 4811 1626 4862 ;
1660 4792 1761 4847 Καὶ
1811 4790 1964 4847 αὐτοὶ
2002 4794 2105 4869 γὰρ

452 4876 617 4933 πάλιν
646 4881 917 4954 ἡρπάσθαι
957 4880 1178 4945 ἐαυτοὺς
1226 4882 1313 4937 καὶ
1363 4885 1587 4937 τοιαῦτα
1633 4880 1949 4936 πεπονθέναι
1980 4879 2106 4937 ἔλε-

453 4988 572 5043 γον.
607 4972 670 5022 Ὠ
701 4968 977 5043 ἀγαπητοί
1008 4973 1020 5027 !
1054 4971 1235 5027 οὐκέτι
1276 4972 1415 5026 κατά
1460 4972 1522 5026 τὸ
1571 4968 1930 5047 Εὐαγγέλιον,
1962 4968 2110 5025 ἀλλὰ

456 5057 650 5113 λοιπὸν
686 5057 775 5112 ἐπὶ
824 5058 1095 5135 ἐξορισμῷ
1143 5060 1232 5115 καὶ
1281 5061 1491 5134 θανάτῳ
1520 5060 1577 5115 αἱ
1605 5059 1808 5135 κρίσεις
1836 5065 1936 5129 τῆς
1989 5060 2107 5115 Ἐκ-

452 5144 690 5218 κλησίας
722 5147 877 5206 εἰσὶν.
908 5149 973 5204 Εἰ
1019 5150 1119 5226 γὰρ
1164 5151 1254 5205 καὶ
1303 5149 1470 5223 ὅλως,
1517 5150 1593 5212 ὡς
1644 5149 1795 5227 φατὲ,
1843 5147 2029 5223 γέγονέ
2056 5169 2110 5203 τι

526 5296 585 5365 (7
614 5295 783 5367 Reg,
808 5291 985 5367 ὐμῶν.
1017 5296 1171 5351 Editi
1200 5312 1334 5353 vero
1383 5312 1518 5352 cum
1550 5294 1682 5352 aliis
1714 5311 1882 5367 mss.,
1942 5295 2106 5367 ἡμῶν

454 5366 893 5450 Magis-arridet
922 5366 1085 5450 ἕξεί-ἱ
1115 5367 1307 5450 lectio:

582 5446 600 5508 )
634 5440 717 5495 Ita
749 5442 889 5511 Reg,
909 5436 1074 5511 AEditi
1104 5456 1257 5511 vero,
1289 5436 1646 5511 ἀπέχθεισαν,
1668 5438 1968 5511 mendose.

545 5457 600 5508 δ)
634 5457 717 5495 Ita
749 5457 889 5511 neg,
925 5457 1074 5495 nam
1104 5457 1257 5505 vero,
1289 5457 1391 5492 σιπε
1436 5457 1611 5492 οεισαν
1668 5457 1968 5494 1116110086.

544 5511 601 5583 9)
635 5517 796 5583 Reg,
835 5509 925 5563 καὶ
957 5507 1317 5583 σπουδάσητε.
1381 5457 1511 5566 Ιᾰοκ
1557 5484 1720 5578 editi,
1785 5508 2106 5583 οἰκτιρμῐρν,

456 5576 622 5653 Regi,
656 5576 796 5635 οἶκτι
842 5585 967 5654 μοῦ.
1002 5583 1159 5640 Infra
1186 5576 1325 5639 editi
1358 5582 1609 5653 ωεΙο,τῇ
1633 5576 1876 5655 ἡμετέρᾳ
1896 5576 2107 5653 σπουδῇ

456 5649 622 5709 382..
653 5600 908 5709 ὀμετῖοα.

455 5649 631 5724 Rei,
653 5649 908 5724 ὀμετέρα.

528 5668 938 5799 ᾐώῡίῑίξτῗῗὲἐ.
988 5726 1140 5785 Editi
1195 5729 1416 5795 autem,
1461 5721 1531 5780 τὸ.
1584 5722 1780 5799 μέρη,ς
1799 5723 2105 5783 mendose.

2215 4704 2317 4760 sed
2349 4703 2491 4774 quid
2522 4704 2592 4759 de
2624 4702 2755 4758 aliis
2786 4703 3037 4774 dicatur,
3069 4719 3203 4759 cum
3235 4702 3525 4775 episcopis
3556 4706 3685 4759 tum
3731 4717 3863 4775 pre-

2215 4792 2464 4865 sbyteris
2497 4793 2596 4864 qui
2630 4809 2700 4848 ex
2730 4791 2976 4848 diversis
3004 4792 3169 4857 locis,
3189 4792 3688 4864 quemadmodum
3720 4789 3861 4863 dixi,

2216 4881 2332 4937 huc
2363 4898 2426 4937 se
2454 4881 2753 4937 contulere
2782 4881 2809 4935 ?
2839 4882 2985 4937 Nam
3013 4881 3108 4937 isti
3140 4898 3372 4953 quoque
3393 4897 3456 4936 se
3486 4881 3778 4953 abreptos,
3808 4884 3868 4935 et

2217 4969 2550 5026 istiusmodi
2583 4969 3019 5026 calamitatibus
3041 4970 3284 5025 afﬂictos
3313 4986 3442 5025 esse
3478 4967 3676 5023 testati
3725 4972 3868 5039 sunt

2218 5060 2261 5114 0
2288 5058 2479 5115 dilecti
2516 5060 2528 5114 l
2562 5059 2684 5114 Non
2710 5060 2837 5130 jam
2870 5059 3117 5115 ulterius
3147 5060 3297 5115 121
3334 5056 3603 5113 Ecclesia
3641 5055 3868 5125 judicia

2218 5148 2545 5205 secundum
2576 5148 2954 5221 Evangelium
2989 5148 3401 5217 instituuntur,
3418 5146 3521 5201 sed
3551 5144 3640 5200 vel
3673 5144 3744 5200 ad
3768 5160 3863 5200 ex-

2290 5292 2403 5362 (11)
2436 5287 2502 5347 Ol
2534 5289 2594 5345 in
2625 5290 2799 5362 editis
2831 5291 3012 5360 deest,
3047 5289 3146 5362 sed
3178 5289 3236 5362 in
3270 5289 3410 5359 Reg.
3442 5284 3677 5357 legitur.

2293 5355 2404 5435 (12)
2436 5362 2599 5434 Reg.,
2632 5361 2697 5435 Ei
2723 5360 2826 5435 γὰρ
2853 5362 2947 5435 Αοήτ
2998 5355 3183 5417 Paulo
3214 5355 3386 5435 infra:
3428 5355 3543 5435 vox
3575 5355 3859 5435 ’μικροψυ-

2293 5381 2404 5435 (12)
2436 5381 2599 5434 neg.,
2634 5381 2697 5415 ιιι
2762 5381 2826 5435 αρ
2859 5381 2947 5430 οη.
3000 5381 3183 5417 ramo
3214 5381 3386 5425 intra,
3433 5381 3543 5412 vox
3592 5381 3859 5427 μικροψυ-

2218 5432 2318 5510 χία
2348 5450 2463 5510 non
2496 5434 2677 5489 animi
2709 5381 3150 5510 demissionem,
3182 5432 3272 5510 vel
3311 5426 3861 5510 pusillanimitatem

2220 5498 2531 5579 significat,
2565 5504 2828 5579 utvertit
2854 5498 3146 5579 Nannius,
3176 5504 3275 5579 sed
3311 5498 3716 5569 simultatem,
3748 5498 3863 5579 dis:

2218 5571 2574 5635 sensionem-
2608 5576 2823 5632 Eadem
2850 5575 3141 5631 sententia
3195 5574 3315 5629 haec
3372 5588 3481 5629 vox
3538 5587 3648 5627 usu
3704 5571 3863 5626 venit

2217 5650 2388 5707 infra.
