4178 6410
338 387 458 453 307

880 391 947 452 S.
994 389 1425 453 ATHANASII
1469 388 1644 452 OPP.
1687 385 1890 450 PARS
1932 383 1984 447 l.
2015 415 2095 430 --
2121 381 2543 446 HISTORIGA
2583 383 2686 446 ET
2727 380 3213 447 DOGMATICA.

341 520 566 592 silium,
597 519 688 577 vel
716 521 786 578 ad
818 525 1067 578 mortem
1100 522 1333 578 dantur.
1373 523 1520 578 Nam
1552 521 1601 578 si
1633 519 1892 590 omnino,
1924 522 1982 573 ut

2102 513 2179 576 εἰς
2209 512 2405 576 αὐτοὺς
2454 515 2773 588 ἁμάρτημα,
2828 511 2935 569 ἔδει
2982 513 3120 570 κατὰ
3163 512 3255 570 τὸν
3301 510 3750 588 ἰκκλησιαστικὸν

342 611 539 667 dicitis
568 611 768 684 aliqua
800 611 910 666 fuit
939 628 1138 667 eorum
1171 611 1362 684 culpa,
1410 611 1669 684 oportuit
1689 612 1861 682 juxta
1891 624 1989 663 ec-

344 699 742 756 clesiasticum
774 716 1080 765 canonem,
1111 704 1167 756 et
1197 717 1311 756 non
1345 717 1410 756 eo
1461 705 1631 772 pacto
1680 715 1802 754 rem
1827 697 1988 769 judi-

341 789 461 844 oari
502 805 513 844 :
549 789 808 860 oportuit
828 789 1105 845 omnibus
1128 791 1297 844 nobis
1320 789 1784 860 rescripsisse,ut
1811 788 1894 842 ita
1917 787 1988 842 ab

341 877 636 943 omnibus,
654 878 807 948 quod
833 878 1064 948 justum
1097 882 1254 933 esset
1273 879 1700 933 decerneretur.
1720 875 1987 948 EpiscOpi

341 967 498 1022 enim
535 972 703 1022 erant
735 965 833 1037 qui
865 965 1257 1036 patiebantur,
1291 983 1396 1022 nec
1424 967 1691 1037 vulgares
1724 963 1987 1020 Ecclesiae

337 1060 551 1111 vexatae
583 1059 745 1123 sunt,
779 1056 878 1110 sed
913 1072 1061 1126 quas
1093 1055 1204 1126 ipsi
1239 1054 1488 1127 apostoli
1550 1071 1654 1126 per
1681 1071 1744 1109 se
1774 1053 1986 1124 guber-

339 1148 574 1199 narunt.
609 1146 724 1200 Cur
753 1148 949 1199 autem
967 1145 1038 1200 de
1071 1144 1461 1199 Alexandrina
1493 1143 1865 1215 potissimum
1890 1143 1989 1196 Ec-

337 1231 535 1299 clesia,
573 1232 723 1288 nihil
757 1233 925 1288 nobis
954 1234 1240 1305 scriptum
1264 1239 1353 1290 est
1375 1234 1404 1288 ‘I
1434 1235 1518 1288 An
1540 1231 1820 1306 ignoratis
1839 1231 1988 1286 hanc

337 1339 464 1377 esse
496 1323 1004 1389 consuetudinem,
1037 1326 1104 1377 ut
1127 1323 1386 1393 primum
1420 1321 1588 1378 nobis
1612 1321 1906 1376 scribatur
1927 1324 1985 1375 et

337 1411 496 1479 hinc,
527 1411 682 1483 quod
709 1411 938 1481 justum
956 1412 1421 1477 est,decernatur
1451 1415 1474 1467 Ρ
1503 1411 1654 1466 Sane
1676 1410 1722 1466 si
1751 1427 1867 1481 qua
1883 1411 1987 1464 bu-

329 1500 595 1572 jusmodi
628 1501 886 1571 suspicio
916 1499 1155 1555 inillius
1188 1500 1702 1572 urbisepisoopum
1723 1500 1984 1568 cadebat,

338 1591 410 1644 ad
443 1589 595 1645 badc
624 1589 942 1645 Ecclesiam
983 1587 1129 1644 illud
1162 1589 1600 1646 rescribendum
1661 1589 1789 1644 fuit.
1822 1589 1988 1644 Nunc

339 1682 534 1733 autem
568 1677 676 1742 illi,
704 1694 764 1733 re
790 1677 959 1733 nobis
990 1695 1105 1734 non
1129 1677 1798 1750 indicata,posteaquam
1830 1679 1985 1748 quod

338 1765 514 1822 libuit
541 1782 730 1839 egere,
763 1784 871 1822 nos
901 1767 1118 1838 quibus
1147 1784 1215 1823 ea
1244 1767 1494 1822 crimina
1544 1766 1843 1838 explorata
1870 1783 1984 1822 non

2096 602 2314 670 κανόνα,
2371 601 2460 657 καί
2522 604 2597 676 μὴ
2661 602 2833 666 οὕτως
2881 605 3196 680 γεγενῆσθαι
3250 604 3350 674 τήν
3399 604 3596 680 κρίσιν·
3643 604 3752 665 ἔδει

2095 698 2366 769 γραφῆναι
2395 697 2553 747 πᾶσιν
2605 695 2762 765 ἡμῖν,
2789 690 2878 748 ἵνα
2909 691 3082 756 οὕτως
3113 694 3260 769 παρὰ
3306 695 3521 751 πάντων
3559 695 3748 772 ὁρισθῇ

2095 782 2158 836 τὸ
2198 779 2424 836 δίκαιον·
2482 781 2802 836 Ἐπίσκοποι
2844 784 2948 859 γὰρ
2997 782 3133 851 ἦσαν
3185 783 3236 837 οἳ
3282 785 3609 861 πάσχοντες,
3659 789 3750 842 καὶ

2099 870 2205 947 οὐχ
2235 871 2288 924 αἱ
2316 874 2580 946 τυχοῦσαι
2629 869 2949 940 Έκκλησίαι
2997 871 3052 926 αἱ
3099 870 3407 947 πάσχουσαι
3455 877 3590 947 (13),
3624 873 3751 930 ἀλλ’

2097 960 2172 1014 ὧν
2203 958 2355 1014 αὐτοὶ
2405 960 2457 1014 οἱ
2490 957 2784 1014 ἀπόστολοι
2836 957 2906 1014 δι’
2954 961 3152 1016 ἑαυτῶν
3201 962 3604 1036 καθηγήσαντο.
3654 965 3752 1020 Διά

2093 1047 2147 1103 τί
2175 1045 2232 1102 δὲ
2279 1048 2403 1123 περί
2449 1055 2552 1118 τῆς
2591 1047 2990 1125 ’Δλεξανδρέων
3043 1049 3370 1119 Ἑκκλησίας
3419 1054 3531 1124 (14)
3583 1054 3747 1124 μάλι-

2097 1158 2194 1192 στα
2219 1137 2318 1192 οὐκ
2367 1137 2631 1217 ἐγράφετο
2681 1140 2816 1211 ἡμῖν
2855 1158 2868 1208 ;
2903 1139 2973 1194 Ἦ
3019 1139 3281 1214 ἀγνοεῖτε,
3315 1138 3396 1194 δτι
3438 1146 3600 1196 τοῦτο
3631 1141 3750 1205 ἔθος

2094 1229 2180 1296 ἦν,
2207 1227 2470 1303 πρότερον
2517 1229 2812 1306 γράφεσθαι
2861 1229 3021 1301 ἡμῖν,
3071 1229 3160 1283 καὶ
3211 1228 3386 1291 οὕτως
3435 1225 3576 1285 ἔνθεν
3632 1230 3749 1305 ὁρί-

2099 1317 2273 1385 ζεσθαι
2304 1316 2372 1371 τὰ
2395 1313 2574 1371 δίκαια
2606 1336 2619 1386 ;
2655 1317 2719 1372 Εἰ
2757 1319 2852 1392 μὲν
2885 1317 2976 1372 οὗν
3024 1339 3079 1373 τι
3105 1322 3354 1373 τοιοῦτον
3385 1322 3452 1388 ἦν
3484 1319 3751 1375 ὑποπτευ-

2095 1404 2180 1458 θὶν
2216 1403 2292 1466 εἰς
2343 1404 2434 1459 τὸν
2483 1404 2776 1460 ἐπίσκοπον
2806 1407 2898 1461 τὸν
2931 1405 3061 1478 ἐκεῖ,
3095 1403 3201 1462 ἔδει
3229 1406 3366 1480 πρὸς
3410 1409 3510 1477 τήν
3566 1407 3748 1463 ἐνταῦ-

2095 1495 2161 1548 θα
2187 1492 2510 1564 Ἐκκλησίαν
2559 1501 2852 1573 γραφῆναι·
2904 1498 2996 1550 νῦν
3047 1493 3106 1551 δὲ
3148 1496 3199 1552 οἱ
3230 1499 3380 1570 ἡμᾶς
3427 1498 3503 1570 μή
3535 1495 3750 1571 πληρο-

2096 1584 2448 1659 φορήσαντες,
2479 1583 2771 1659 πράξαντες
2818 1581 2876 1639 δὲ
2925 1583 3077 1640 αὐτοὶ
3109 1585 3184 1648 ὡς
3215 1583 3517 1656 ἠθέλησαν,
3551 1583 3746 1642 λοιπὸν

2093 1671 2184 1726 καὶ
2209 1673 2358 1745 ἡμᾶς
2389 1671 2451 1727 οὗ
2480 1673 2844 1747 καταγνόντας
2879 1671 3170 1748 βούλονται
3220 1676 3548 1753 συμψήφους
3589 1675 3742 1732 εἶναι.

2095 1760 2212 1837 Οὐχ
2240 1760 2412 1824 οὕτως
2447 1763 2502 1816 αἱ
2533 1759 2751 1816 Παύλου
2801 1759 3085 1832 διατάξεις,
3138 1761 3246 1838 οὐχ
3284 1761 3458 1825 οὕτως
3503 1765 3555 1818 οἱ
3584 1761 3746 1819 πατέ-

337 1859 498 1920 sunt,
531 1856 641 1911 sibi
689 1856 1103 1928 suffragatores
1164 1872 1293 1911 esse
1345 1854 1568 1910 volunt.
1601 1856 1982 1927 Nequaquam

2097 1869 2184 1925 ρες
2242 1847 2704 1926 παραδεδώκασιν
2762 1850 2935 1914 ἄλλος
2989 1852 3161 1915 τόπος
3222 1852 3362 1908 ἐστὶν
3417 1850 3598 1926 οὗτος,
3655 1853 3746 1908 καὶ

336 1944 479 2000 talia
509 1948 650 2000 sunt
680 1943 839 2000 Pauli
892 1949 1114 2000 statuta
1164 1961 1281 2000 non
1328 1944 1452 2000 haec
1499 1949 1700 2000 Patres
1730 1944 1983 2000 tradide-

336 2038 478 2090 runt
508 2051 521 2088 :
550 2035 652 2090 sed
685 2033 874 2090 aliena
901 2039 993 2112 est
1020 2033 1136 2090 ista
1164 2034 1372 2102 forma,
1423 2051 1638 2090 novum
1670 2034 1780 2089 hoc
1809 2035 1985 2091 insti-

334 2123 813 2179 tutum.0bsecro
835 2122 1102 2179 alacriter
1123 2123 1382 2179 toleretis
1417 2139 1430 2178 :
1465 2140 1592 2195 quae
1607 2124 1763 2180 enim
1792 2125 1984 2180 scribo

336 2212 409 2267 ad
446 2211 743 2284 publicum
795 2212 1015 2268 bonum
1070 2212 1396 2267 conferunt.
1456 2213 1602 2268 Nam
1651 2230 1778 2285 qua
1822 2229 1982 2270 accev

335 2301 534 2373 pimus
565 2317 598 2355 a
627 2301 795 2356 beato
833 2301 1000 2356 Petro
1033 2300 1317 2372 apostolo,
1350 2317 1418 2356 ea
1465 2300 1631 2357 vobis
1662 2301 1931 2374 signiﬁco
1966 2319 1980 2367 ;

334 2405 451 2445 non
483 2389 810 2461 scripturus
855 2394 1075 2460 tamen,
1123 2391 1281 2461 quod
1335 2395 1474 2445 nota
1495 2390 1651 2462 apud
1683 2407 1888 2447 omnes
1917 2407 1986 2447 ea

335 2495 465 2535 esse
495 2479 847 2544 existimem,
883 2478 996 2534 nisi
1029 2495 1157 2550 qua
1190 2485 1356 2551 gesta
1396 2483 1535 2534 sunt
1591 2493 1698 2535 nos
1753 2484 1985 2535 contur-

335 2569 596 2624 bassent.
631 2567 902 2639 EpiscOpi
934 2567 1311 2640 abripiuntur
1331 2572 1388 2622 et
1408 2584 1440 2623 e
1461 2568 1586 2624 suis
1607 2569 1847 2624 sedibus
1871 2568 1986 2640 pel-

333 2654 572 2712 luntur:
599 2655 698 2711 alii
728 2655 966 2712 aliunde
994 2673 1198 2714 eorum
1228 2657 1352 2712 vice
1376 2657 1818 2713 constituuntur
1844 2675 1857 2714 :
1885 2657 1980 2713 alii

336 2759 472 2800 vero
499 2743 730 2800 insidiis
761 2748 1121 2816 appetuntur
1147 2761 1161 2800 :
1195 2745 1275 2800 ita
1306 2750 1372 2800 ut
1400 2745 1599 2817 populi
1623 2747 1695 2801 de
1726 2746 1983 2818 abreptis

335 2832 593 2900 doleant,
619 2833 947 2888 submissos
973 2833 1230 2905 recipere
1259 2839 1542 2907 cogantur
1575 2853 1588 2903 ;
1623 2839 1690 2890 ut
1708 2852 1857 2908 quos
1887 2853 1983 2891 ex-

335 2925 546 2993 optant
575 2937 688 2976 non
720 2921 1043 2994 requirant,
1085 2938 1234 2993 quos
1276 2928 1470 2979 autem
1529 2923 1758 2992 nolunt,
1820 2923 1985 2980 inviti

335 3009 639 3082 recipiant.
672 3011 832 3083 Rogo
861 3028 964 3066 vos
1005 3027 1077 3067 ne
1117 3011 1272 3067 ultra
1317 3012 1658 3084 hujusmodi
1690 3030 1782 3069 res
1814 3030 1986 3086 agan-

333 3103 434 3155 tur
465 3116 478 3153 :
511 3099 629 3155 imo
661 3101 856 3170 potius
886 3105 1089 3156 contra
1121 3117 1222 3157 eos
1243 3102 1482 3158 scribite
1530 3103 1630 3174 qui
1687 3101 1830 3158 talia
1856 3120 1984 3158 mo-

2091 1939 2274 1994 καινὸν
2331 1939 2394 1994 τὸ
2451 1939 2806 2014 ἐπιτήδευμα.
2860 1940 3198 2018 Παρακαλῶ,
3254 1941 3388 2016 μετὰ
3438 1942 3746 2018 προθυμίας

2094 2026 2363 2102 ἐνέγκατε·
2411 2027 2545 2101 ὗπέρ
2593 2033 2694 2082 τοῦ
2735 2033 2894 2103 κοινῇ
2946 2032 3060 2104 (15)
3105 2030 3472 2109 συμφέροντός
3521 2029 3658 2085 ἐστιν
3716 2031 3749 2087 ἃ

2092 2117 2330 2193 γράφω·
2395 2115 2428 2169 ἃ
2483 2117 2587 2191 γὰρ
2644 2115 3062 2195 παρειλήφαμεν
3116 2119 3263 2195 παρὰ
3315 2123 3414 2173 τοῦ
3478 2118 3746 2192 μακαρίου

2092 2205 2301 2280 Πέτρου
2349 2207 2448 2260 τοῦ
2495 2203 2822 2278 ἀποστόλου,
2878 2210 3048 2260 ταῦτα
3098 2207 3190 2260 καὶ
3247 2205 3378 2279 ὖμῖν
3427 2203 3604 2276 δηλῶ·
3655 2207 3746 2262 καὶ

2092 2292 2192 2348 οὐκ
2223 2291 2282 2347 ἂν
2333 2291 2559 2370 ἔγραψα,
2611 2296 2811 2372 φανερά
2856 2293 3168 2370 ἡγούμενος
3215 2294 3349 2350 εἶναι
3395 2299 3564 2350 ταῦτα
3600 2295 3747 2371 παρὰ

2090 2387 2269 2450 πᾶσιν,
2304 2383 2349 2437 εἰ
2384 2385 2458 2457 μή
2490 2383 2557 2438 τὰ
2603 2384 2866 2458 γενόμενα
2910 2387 3058 2458 ἡμᾶς
3105 2383 3372 2458 ἐτάραξεν.
3426 2383 3746 2439 Ἐπίσκοποι

2091 2471 2418 2548 ἀρπάζονται
2449 2471 2539 2527 καὶ
2573 2471 2964 2542 ἐκτοπίζονται·
2998 2471 3162 2528 ἄλλοι
3211 2471 3269 2528 δὲ
3307 2470 3616 2551 ἀλλαχόθεν
3650 2473 3741 2528 ἀν-

2088 2561 2396 2630 τιτίθενται,
2440 2561 2530 2615 καὶ
2584 2559 2748 2617 ἄλλοι
2798 2558 3264 2618 ἐπιϐουλεύονται·
3318 2561 3456 2618 ὥστε
3505 2563 3592 2618 ἐπὶ
3647 2563 3740 2636 μὲν

2088 2655 2207 2712 τοῖς
2233 2652 2575 2727 άρπασθεῖσιν
2623 2651 2822 2715 αὐτοὺς
2863 2654 3092 2725 πενθεῖν,
3141 2652 3229 2707 ὲπὶ
3271 2649 3330 2707 δὲ
3367 2657 3485 2716 τοῖς
3533 2672 3745 2726 πεμπο-

2095 2738 2278 2813 μὲνοις
2311 2739 2715 2816 ἀναγκάζεσθαι,
2742 2739 2834 2796 ’ίνα
2860 2740 2953 2804 οὓς
3007 2742 3101 2817 μὲν
3150 2738 3391 2809 θέλουσι,
3425 2743 3503 2815 μὴ
3551 2743 3741 2811 ἐπιζη-

2087 2833 2273 2900 τῶσιν,
2322 2828 2416 2891 οὓς
2467 2828 2525 2884 δὲ
2576 2831 2650 2902 μὴ
2706 2828 3020 2906 βούλονται,
3068 2828 3355 2906 δέχωνται.
3405 2831 3570 2902 Ἀξιῶ
3601 2831 3744 2907 ὑμᾶς

2097 2918 2291 2991 μηκέτι
2342 2922 2570 2973 τοιαῦτα
2628 2918 2886 2994 γίνεσθαι,
2945 2921 3186 2996 γράψατε
3216 2918 3274 2975 δὶ
3336 2917 3550 2995 μᾶλλον
3611 2921 3748 2976 κατὰ

2090 3011 2199 3062 τῶν
2243 3007 2310 3062 τὰ
2366 3011 2589 3062 τοιαῦτα
2645 3009 3094 3084 ἐπιχειρούντων,
3147 3009 3242 3064 ’ίνα
3291 3008 3485 3083 μηκέτι
3521 3012 3748 3063 τοιαῦτα

2091 3101 2376 3171 πάσχωσιν
2408 3097 2463 3151 αἱ
2515 3094 2853 3169 Ἐκκλησίαι,
2910 3096 3052 3172 μηδὲ
3095 3119 3179 3161 τις
3225 3097 3516 3160 ἐπίσκοπος
3545 3097 3581 3167 ἢ
3612 3116 3744 3173 πρε-

333 3188 579 3255 liuntur,
615 3205 688 3244 ne
733 3189 1008 3262 deinceps
1059 3191 1143 3246 ita
1198 3195 1480 3246 vexentur
1524 3191 1810 3261 Ecclesiae,
1843 3209 1982 3249 neve

2094 3180 2353 3262 σϐύτερος
2403 3180 2556 3262 ὕϐριν
2587 3187 2794 3262 πάσχῃ,
2826 3188 2863 3256 ἢ
2894 3187 3042 3262 παρᾶ
3086 3187 3339 3263 γνώμην,
3389 3184 3568 3262 ὥσπερ
3619 3182 3750 3256 ἐδή-

335 3277 469 3350 quis
501 3277 812 3350 episcopus
843 3259 957 3335 aut
974 3280 1279 3352 presbyter
1333 3279 1751 3337 contumeliam
1797 3259 1980 3354 patia-

2094 3259 2276 3329 λωσαν
2305 3259 2864 3349 ἠμῖν,ἀναγκάξηταί
2891 3259 2983 3337 τις.
3015 3259 3216 3344 ποιεῖν,
3259 3271 3353 3329 ’ἱνα
3403 3275 3479 3347 μὴ
3531 3259 3620 3329 καὶ
3651 3293 3750 3328 πα-

332 3369 433 3422 tur
463 3382 477 3422 :
511 3370 612 3422 aut
641 3368 847 3424 eontra
895 3365 1076 3423 animi
1126 3369 1216 3424 sui
1276 3369 1627 3426 sententiam
1679 3370 1768 3442 (ut
1813 3371 1982 3427 nobis

330 3453 658 3512 indicatum
689 3456 963 3529 est),quis
996 3457 1185 3513 facere
1215 3463 1458 3530 cogatur
1486 3475 1593 3527 ;ne
1612 3461 1766 3532 apud
1799 3460 1983 3516 ethai-

332 3559 432 3600 cos
464 3543 651 3600 risum
683 3561 1046 3612 moveamus,
1080 3562 1145 3601 ac
1191 3545 1252 3601 in
1285 3546 1513 3618 primis,
1567 3564 1638 3603 ne
1697 3549 1877 3604 Deum
1907 3549 1980 3606 ad

330 3631 480 3688 iram
512 3635 874 3690 concitenus.
908 3635 1330 3707 Unusquisque
1381 3637 1537 3692 enim
1599 3640 1868 3693 nostrum
1918 3638 1979 3693 in

336 3721 432 3777 die
455 3722 663 3791 judicii
695 3723 978 3780 rationem
1004 3740 1246 3780 suorum
1269 3724 1327 3780 in
1351 3724 1461 3781 hac
1489 3726 1608 3781 vita
1627 3742 1868 3798 operum
1893 3731 1981 3784 est

333 3810 691 3867 redditurus.
726 3812 961 3868 Utinam
993 3829 1198 3868 omnes
1253 3815 1579 3870 secundum
1627 3816 1811 3871 Deum
1844 3833 1976 3872 sen-

331 3899 502 3967 tiant,
535 3904 602 3956 ut
629 3905 689 3956 et
719 3900 982 3957 Ecclesia;
1013 3900 1304 3973 episcopis
1361 3903 1486 3959 suis
1532 3904 1800 3976 receptis,
1850 3923 1977 3978 per-

332 3992 507 4060 petuo
537 3990 834 4060 gaudeant
861 3990 918 4045 in
942 3989 1170 4046 Christo
1190 3990 1331 4046 Jesu
1354 3990 1601 4047 Domino
1631 3998 1851 4063 nostro,
1879 4013 1981 4067 per

333 4093 509 4148 quem
540 4077 727 4150 gloria
755 4079 908 4133 Patri
939 4079 999 4134 in
1025 4079 1240 4134 secula
1269 4080 1976 4140 saculorum.Amen.Va-

332 4163 452 4222 lere
476 4182 580 4222 vos
611 4166 672 4221 in
707 4165 948 4223 Domino
978 4172 1208 4239 exopto,
1259 4167 1598 4226 charissimi
1653 4186 1720 4225 ac
1749 4171 1978 4230 deside-

331 4253 441 4310 rati
451 4254 618 4311 ssimi
651 4255 880 4312 fratres.

402 4343 630 4401 37.Haac
660 4348 973 4418 postquam
987 4347 1246 4420 synodus
1276 4347 1470 4404 Roma;
1501 4354 1852 4423 congregata
1877 4367 1981 4423 per

329 4433 556 4490 Julium
588 4435 919 4492 Romanum
945 4436 1287 4510 episcopum
1318 4437 1815 4511 scripsisset,cum
1849 4457 1978 4497 rur-

335 4540 440 4580 sus
473 4524 787 4581 Eusebiani
817 4525 1191 4599 impudenter
1232 4541 1295 4583 se
1352 4533 1635 4600 gererent,
1692 4529 1978 4586 Ecclesiae

2091 3365 2160 3439 ρά
2186 3369 2304 3426 τοῖς
2335 3359 2508 3418 ἔθνεσι
2558 3362 2777 3439 γέλωτα
2819 3361 3178 3442 ὀφλήσωμεν,
3221 3363 3312 3418 καὶ
3360 3363 3467 3440 πρὸ
3511 3383 3574 3440 γε
3613 3363 3747 3418 πάν-

2087 3474 2218 3525 των,
2246 3451 2340 3509 ’ίνα
2385 3454 2460 3526 μή
2523 3454 2635 3526 (16)
2690 3453 2783 3508 τὸν
2843 3457 2970 3509 Θεὸν
3019 3452 3428 3529 παροξύνωμεν.
3487 3453 3749 3516 Ἕκαστος

2089 3542 2192 3617 γὰρ
2219 3545 2380 3614 ἡμῶν
2411 3539 2684 3597 ἀποδώσει
2714 3539 2881 3618 λόγον
2915 3543 2967 3598 ὲν
3015 3542 3202 3616 ἡμέρᾳ
3247 3541 3478 3617 κρίσεως
3514 3542 3640 3618 περί
3669 3542 3743 3596 ὧν

2089 3632 2310 3687 ἱνταῢθα
2339 3630 2552 3706 ἔπραξε.
2604 3632 2820 3687 Γένοιτο
2869 3628 2928 3686 δὲ
2976 3632 3180 3693 πάντας
3211 3632 3348 3687 κατὰ
3377 3629 3508 3688 θεὸν
3536 3637 3742 3708 φρονῆ-

2087 3741 2197 3795 σαι,
2225 3719 2315 3776 τίνα
2369 3721 2460 3776 καὶ
2517 3722 2573 3777 αἱ
2626 3718 2946 3791 Ἐκκλησίαι
2997 3720 3127 3778 τοὺς
3181 3720 3512 3782 ἐπισκόπους
3565 3720 3740 3776 αὐτῶν

2089 3805 2488 3883 ἀπολαϐοῦσαι,
2547 3809 2785 3888 χαίρωσι
2847 3809 2937 3865 διὰ
2991 3811 3192 3873 παντὸς
3249 3811 3301 3866 ὲν
3362 3814 3578 3886 Χριστῷ
3631 3811 3740 3882 Ἰη-

2088 3904 2186 3955 σοῦ
2238 3905 2320 3974 τῷ
2373 3898 2559 3976 Κυρίῳ
2615 3902 2777 3973 ἡμῶν
2812 3943 2827 3968 ,
2899 3897 2968 3954 δι’
3022 3899 3085 3955 οὗ
3141 3903 3220 3972 τῷ
3278 3898 3450 3973 Πατρὶ
3517 3902 3552 3969 ἡ
3613 3897 3743 3970 δόξα

2089 3988 2167 4051 είς
2195 3987 2325 4051 τοὺς
2356 3988 2557 4051 αἰωνας
2587 3993 2696 4044 τῶν
2729 3989 2963 4045 αἰώνων.
2996 3996 3053 4045 ’Δ
3067 3991 3196 4063 μήν.
3251 3989 3553 4066 Ἐῤῥῶσθαι
3597 3988 3742 4063 ὖμᾶς

2087 4077 2142 4132 ἑν
2176 4077 2357 4152 Κυρίῳ
2389 4077 2646 4152 εὔχομαι,
2701 4079 2971 4155 ἀγαπητοὶ
3020 4077 3111 4134 καὲ
3157 4079 3532 4135 ποθεινότατοι
3583 4075 3743 4134 ἀδελ-

2085 4163 2180 4244 φοί
2209 4167 2342 4239 (17).

2155 4346 2246 4401 36.
2278 4347 2469 4401 Ταῦτα.
2505 4350 2606 4414 τῆς
2668 4346 2720 4401 ὲν
2781 4345 2966 4420 Ῥώμῃ
3022 4343 3249 4402 συνόδου
3305 4347 3599 4421 γραψάσηςι
3651 4342 3741 4400 διὰ

2085 4433 2320 4490 Ἰουλίου
2369 4437 2468 4489 τοῦ
2509 4435 2804 4491 ἐπισκόπου
2850 4437 3096 4509 Ῥώμης,
3141 4432 3329 4505 ἒπειδή
3379 4433 3544 4490 πάλιν
3588 4437 3739 4503 ἡναι-

2087 4522 2352 4601 σχόντουν
2381 4524 2432 4579 οἱ
2480 4525 2603 4600 περὶ
2634 4519 2916 4594 Εὐσέϐιον,
2947 4524 3043 4588 τάς
3071 4546 3131 4581 τε
3158 4522 3486 4594 Ἐκκλησίας
3515 4521 3736 4597 ἑτάρατο

333 4613 766 4684 perturbarent,
802 4631 868 4671 ac
913 4615 1117 4671 multis
1147 4622 1420 4688 pararent
1448 4617 1717 4686 insidias,
1751 4619 1982 4692 religio-

2094 4634 2200 4684 εον,
2249 4613 2339 4668 καὶ
2390 4611 2624 4701 πολλοῖς
2674 4608 3057 4684 ἐπεϐούλευον,
3105 4613 3368 4688 μαθόντες
3415 4613 3466 4668 οἱ
3497 4610 3740 4701 θεοιριλέ-

333 4701 552 4757 sissimi
610 4703 997 4776 imperatores
1021 4705 1401 4762 Constantius
1421 4711 1478 4762 et
1497 4707 1784 4764 Constans
1815 4710 1886 4765 de
1909 4709 1982 4766 iis

2094 4722 2274 4757 στατοι
2308 4699 2553 4778 βασιλεῖς
2603 4701 2973 4765 Κωνστάντιος
3018 4703 3108 4758 καὶ
3161 4703 3468 4776 Κώνστανς,
3520 4699 3739 4759 ἒκὲλευ-

333 4789 610 4846 certiores
658 4792 792 4847 facti
837 4794 1149 4864 jusserunt
1209 4794 1540 4851 Occidentis
1613 4801 1671 4852 et
1726 4797 1982 4855 Orientis

333 4877 638 4952 episcopos
686 4881 986 4937 Sardicam
1032 4883 1357 4940 convenire.
1408 4885 1646 4940 Interim
1694 4887 1981 4944 Eusebius

332 4971 579 5023 mortem
613 4969 961 5026 obiit.Porro
992 4971 1267 5043 plurimis
1288 4971 1550 5044 undique
1579 4975 1982 5031 convenienti-

399 5075 520 5146 (13)
551 5076 713 5142 Quod
767 5076 850 5131 ait
896 5076 1091 5132 Julius
1143 5093 1242 5132 eas
1287 5078 1576 5134 Ecclesiae
1621 5079 1693 5136 ab
1743 5081 1978 5137 Arianis

329 5152 565 5223 vexatas
597 5148 782 5223 fuisse
813 5165 962 5223 quas
994 5148 1113 5223 ipsi
1136 5149 1383 5223 apostoli
1433 5167 1536 5223 per
1554 5167 1627 5223 se
1655 5152 1976 5223 gubernas-

334 5220 560 5282 sent,ad
596 5219 780 5306 solam
806 5219 1488 5306 Alexandrinamreferri
1511 5219 1742 5306 videtur
1774 5241 1788 5280 :
1817 5224 1984 5306 quip-

330 5308 401 5416 pe
433 5307 560 5361 quae
591 5308 624 5346 a
666 5292 864 5374 “Marco
897 5293 1178 5375 primum,
1226 5296 1292 5346 ut
1338 5292 1596 5376 vulgaris
1619 5294 1730 5376 fert
1760 5292 1976 5366 opinio,

377 5367 500 5416 etro
553 5364 883 5416 ordinante.
925 5364 1338 5416 administrata
1386 5365 1512 5416 fuit.
1562 5365 1734 5416 Viros
1783 5373 1976 5416 autem

377 5367 500 5416 etro
553 5364 883 5431 ordinante,
925 5363 1338 5419 administrata
1386 5363 1512 5420 fuit.
1562 5365 1734 5421 Viros
1783 5363 1978 5423 autem

330 5433 783 5515 apostolicostet
837 5434 1616 5515 apos_tolorum_discipulos,
1680 5439 1978 5509 apostolos

334 5505 630 5581 interdum
663 5506 735 5560 ab
769 5505 1034 5581 antiquis
1070 5506 1261 5581 vocari
1293 5505 1572 5564 omnibus
1602 5505 1977 5581 compertum

333 5580 442 5632 est.
476 5573 640 5648 Unde
669 5573 992 5646 conjectare
1021 5576 1193 5633 liceat
1230 5577 1426 5648 ipsum
1467 5581 1726 5636 Marcum
1750 5573 1792 5637 ξι
1823 5581 1979 5637 Julio

328 5647 603 5728 pontiﬁce
628 5648 874 5728 apostoli
910 5649 1146 5728 nomine
1177 5649 1566 5720 subindicari,
1599 5653 1755 5723 quod
1787 5654 1978 5710 erudi-

328 5717 522 5778 torum
548 5717 771 5790 judicio
803 5719 1202 5791 permittatur.

2089 4811 2182 4846 σαν
2209 4790 2337 4853 τούς
2361 4812 2421 4845 τε
2451 4791 2556 4845 ἀπὸ
2599 4798 2702 4862 τῆς
2752 4789 2963 4854 Δόσεως
3006 4791 3098 4846 καὶ
3142 4798 3246 4862 τῆς
3295 4789 3602 4863 Ἀνατολῆς
3627 4792 3742 4848 ἑπι-

2088 4878 2325 4942 σκόπους
2355 4877 2626 4935 συνελσεῖν
2669 4879 2746 4943 είς
2786 4882 2887 4950 τήν
2936 4878 3159 4959 Σαρδῶν
3207 4879 3394 4937 πόλιν.
3426 4883 3485 4936 '0
3519 4881 3614 4956 μὲν
3647 4901 3738 4937 ουν

2088 4963 2349 5031 Εὐσέϐιος
2381 4971 2494 5044 (18)
2526 4971 2578 5024 ἒν
2603 4973 2684 5041 τῷ
2716 4969 2910 5043 μεταξὺ
2955 4969 3310 5040 τετελεύτηκε
3331 4991 3345 5005 ο
3378 4969 3651 5026 πλείστων
3682 4967 3742 5025 δὲ

2306 5081 2395 5156 [ια
2436 5078 2576 5150 Reg.
2629 5077 2781 5156 Eﬁiti
2835 5094 2991 5150 vero,
3049 5073 3449 5156 Ἀλεξανδρέων
3493 5075 3740 5148 πόλεως,

2185 5151 2273 5220 15)
2306 5150 2468 5221 363.,
2499 5153 2722 5205 κοινοῦ..

2187 5224 2274 5291 16)
2302 5223 2416 5276 Ἵνα
2450 5223 2524 5294 μή
2558 5224 2618 5277 in
2648 5221 2821 5278 editis
2849 5222 3029 5279 deest.
3063 5221 3181 5278 Nos
3210 5238 3281 5278 ex
3312 5221 3453 5296 Reg.
3486 5222 3742 5296 sumpsi-

2089 5309 2274 5489 mlgls'l')
2304 5364 2455 5432 Haec,
2493 5361 2656 5425 τέλος
2692 5365 2792 5432 τῆς
2845 5360 3142 5432 ἐπιστολῆς
3193 5362 3427 5419 Ἰουλίου
3472 5367 3572 5419 τοῦ
3621 5365 3739 5420 ἑπι-

2090 5456 2153 5489 σκ
2188 5455 2292 5489 που
2324 5435 2565 5489 Ῥώμης.
2600 5438 2727 5489 ﬁnis
2756 5437 3009 5489 epistolae
3028 5438 3168 5489 Julii
3194 5440 3437 5489 animosi
3475 5439 3734 5489 Romani-

2188 5455 2292 5510 που
2324 5435 2509 5510 Ῥώμη
2521 5457 2565 5510 ς,
2598 5438 2727 5508 ﬁnis
2756 5437 3009 5507 episton
3028 5438 3168 5494 Julii
3194 5440 3437 5510 episcopi
3475 5439 3734 5509 Romani,

2089 5524 2216 5579 quae
2248 5508 2306 5563 in
2339 5509 2516 5564 editis
2542 5508 2910 5580 legebantur,
2939 5526 2972 5565 a
3002 5510 3143 5580 Reg.
3178 5508 3238 5565 et
3285 5508 3460 5565 Basil.
3494 5508 3734 5567 absunt.

2159 5580 2272 5651 (18)
2301 5583 2535 5653 Socrate
2564 5579 2621 5653 Ιξ
2638 5597 2700 5649 ιι,
2733 5599 2784 5636 c.
2817 5581 2903 5651 12,
2935 5587 2991 5637 et
3032 5579 3352 5653 Sdzomeno
3404 5580 3442 5636 l.
3477 5597 3562 5649 ιιι,
3597 5599 3647 5638 o.
3680 5585 3737 5653 2,

2088 5652 2449 5708 auctoribus.
2482 5652 2628 5709 obiit
2657 5653 2946 5710 Eusebius
3003 5653 3145 5708 Julii
3193 5652 3407 5711 litteris
3465 5652 3734 5712 nondum

2087 5723 2362 5797 acceptis,
2395 5727 2570 5798 atque
2618 5725 2761 5782 adeo
2820 5739 2975 5782 anno
3003 5725 3128 5797 342,
3177 5727 3282 5783 sed
3331 5726 3406 5783 iis
3451 5725 3737 5800 refragari

2161 5080 2177 5292 ἑ
