4178 6432
438 425 565 490 30,.

1565 427 1955 493 APOLOGIA
1996 428 2312 493 CONTRA
2356 429 2728 495 AMANOS.

3735 428 3861 493 310

436 558 769 637 πανταχόθεν
833 556 1222 631 συνελθόντων,
1261 561 1427 635 ἡμεῖς
1488 562 1581 636 μὲν
1640 560 2093 636 προεκαλούμεθα

2209 564 2339 629 bus,
2371 563 2604 621 Eusebii
2634 563 2824 621 socios
2853 565 3296 636 provocavimus
3329 562 3400 620 ad
3445 561 3883 633 judiciumJlli‘

435 649 561 711 τοὺς
621 648 921 711 κοινωνοὺς
979 651 1090 725 (19)
1120 653 1231 705 τῶν
1285 651 1409 728 περὶ
1468 647 1721 707 Εὐσέϐιον
1774 653 1849 714 εἷς
1897 650 2091 728 κρίσιν.

437 740 667 796 Ἐκεῖνοι
723 736 779 793 δέ
837 739 942 813 πρὸ
1014 738 1312 816 ὀφθαλμῶν
1363 738 1584 819 ἔχοντες
1628 741 1661 795 ἃ
1710 738 1962 817 ἔπραξαν,
2002 740 2092 795 καὶ

443 825 737 903 βλέποντες
783 827 913 889 τοὺς
962 828 1279 893 ἀνελθόντας
1326 831 1672 907 κατηγόρους
1724 831 1918 901 αὐτῶν,
1969 828 2093 908 ἐφο-

440 911 633 972 ϐοῦντο
699 918 798 987 τήν
848 917 1059 993 κρίσιν·
1118 918 1208 974 καὶ
1270 921 1374 996 γὰρ
1417 923 1631 975 πάντων
1694 922 1941 992 καθαρῶς
1991 921 2092 975 ἀπ-

439 1005 805 1077 αντησάντων,
838 1005 1013 1075 αὐτοὶ,
1036 1004 1507 1084 πάλιῦ-ἐπήγοντο
1543 1010 1657 1083 μεθ’
1689 1010 1890 1064 ἑαυτῶν
1922 1008 2096 1081 κόμη-

378 1128 379 1131 η
436 1115 533 1157 τας
564 1098 699 1168 (20),
731 1096 1133 1165 Μουσωνιανὸν,
1164 1096 1253 1150 καὶ
1292 1097 1547 1172 Ἡσύχιον
1594 1098 1684 1152 τὸν
1736 1100 2092 1173 Καστρήσιον,

433 1181 524 1251 τἶν’,
575 1182 755 1260 ὥσπερ
807 1184 1103 1255 εἰώθεισαν,
1149 1190 1217 1260 τῇ
1270 1184 1486 1241 ἐκείνων
1518 1186 1748 1259 ἐξουσίᾳ,
1780 1189 1930 1242 ταῦθ’
1961 1188 2093 1262 ἅπερ

438 1268 734 1329 ἐϐούλοντο
791 1274 1084 1349 πράξωσιν.
1136 1273 1357 1345 Ἐπειδὴ
1411 1274 1468 1330 δῖε
1515 1276 1694 1352 χωρὶς
1742 1279 2003 1351 κομήτων
2057 1279 2092 1345 ἡ

436 1360 661 1426 σύνοδος
718 1364 808 1433 ἦν,
863 1364 953 1419 καὶ
1007 1365 1344 1437 στρατιώτης
1400 1363 1585 1428 οὐδεὶς
1639 1366 1846 1440 ἐγίνετο
1909 1367 2092 1439 μέσος,

438 1451 811 1528 ἐταράχθησαν
860 1449 1169 1529 πληγέντες
1219 1454 1322 1509 ὑπὸ
1368 1459 1467 1509 τοῦ
1522 1451 1849 1517 συνειδότος.
1903 1455 2095 1510 Ούκέτι

432 1541 539 1617 γὰρ
572 1542 649 1603 ὡς
678 1540 878 1611 ἤθελον
912 1542 1209 1619 ἐκρίνοντο,
1241 1541 1371 1597 ἀλλ’
1397 1543 1471 1606 ὡς
1506 1546 1533 1599 ὁ
1568 1544 1800 1619 (21)τῆς
1833 1542 2095 1615 ἀληθείας

436 1629 631 1702 ἀπῄτει
664 1628 853 1705 λόγος.
876 1632 999 1686 Ἐπὶ
1028 1629 1173 1687 πολὺ
1206 1632 1380 1687 τοίνυν
1414 1634 1572 1706 ἡμῶν
1602 1631 2092 1706 προκαλουμένων,

436 1717 526 1772 καὶ
574 1724 675 1788 τῆς
736 1717 961 1775 συνόδου
1014 1725 1123 1775 τῶν
1185 1719 1492 1776 ἐπισκόπων
1551 1720 1939 1797 προκαλούσης
1998 1719 2093 1774 αύ-

434 1805 567 1870 τοὺς
594 1810 731 1882 (22),
757 1810 846 1864 καὶ
897 1807 1201 1885 λεγούσηςο
1254 1834 1283 1863 ‹‹
1316 1808 1542 1879 ᾜλθετε
1584 1813 1859 1887 κριθῆναι,
1902 1807 1991 1865 διὰ
2041 1806 2095 1863 τί

2202 668 2336 708 vero
2362 654 2577 725 quibus
2611 671 2727 725 prae
2748 653 2937 711 oculis
2966 658 3163 710 essent
3196 670 3305 708 sua
3322 652 3856 723 facinora,conspe-

2203 742 2312 796 etis
2342 758 2573 813 quoque
2605 744 2728 799 suis
2745 744 3189 798 accusatoribus
3208 742 3308 814 qui
3326 740 3861 811 advenerant,judi-

2203 831 2871 887 cium‘reformidabant.
2914 833 3142 888 Etenim
3187 849 3323 887 cum
3376 847 3582 886 omnes
3629 829 3861 885 sincera

2204 924 2397 975 mente
2424 921 2766 977 accederent
2799 920 2915 989 ;illi
2940 939 3150 977 rursus
3174 920 3415 976 comites
3440 919 3861 976 Musonianum

2204 1014 2263 1064 et
2289 1009 2646 1081 Hesychium
2678 1011 3076 1066 Castrensium
3108 1026 3306 1066 secum
3331 1010 3645 1073 adduxere,
3668 1012 3733 1063 ut
3755 1024 3858 1080 pro

2205 1115 2313 1153 sua
2343 1099 3033 1164 consuetudine,illorum
3072 1103 3359 1171 potestate
3383 1098 3516 1154 freti
3538 1098 3692 1169 quod
3722 1096 3863 1152 libe-

2206 1191 2293 1242 ret
2324 1185 2686 1259 perﬁcerent.
2708 1193 2851 1242 Cum
2883 1194 3077 1244 autem
3101 1190 3321 1260 absque
3346 1187 3663 1243 comitibus
3687 1204 3860 1259 syno-

2205 1278 2318 1331 dus
2350 1277 2759 1348 celebraretur,
2791 1294 2857 1332 ac
2888 1276 3087 1333 nullus
3119 1277 3196 1333 ibi
3244 1276 3412 1332 miles
3470 1276 3624 1333 I22
3675 1275 3855 1332 inter-

2205 1369 2379 1433 esset,
2414 1364 2669 1437 perculsi
2702 1383 2864 1421 asua
2890 1365 3249 1421 conscientia
3298 1366 3657 1421 consternati
3697 1369 3857 1420 sunt.

2205 1454 2331 1510 Non
2363 1454 2523 1509 enim
2556 1454 2813 1526 amplius
2844 1472 2948 1526 pro
2982 1471 3089 1510 sua
3116 1454 3364 1510 libidine
3415 1453 3857 1525 judicabantur,

2205 1543 2307 1598 sed
2333 1547 2398 1597 ut
2416 1542 2675 1599 veritrtis
2696 1543 2843 1599 ratio
2869 1543 3222 1615 postulabat.
3239 1543 3418 1599 Nobis
3440 1542 3621 1614 igitur
3641 1542 3852 1598 iterum

2205 1634 2381 1702 atque
2412 1631 2623 1686 iterum
2652 1631 3105 1704 provocantibus
3127 1636 3184 1687 et
3203 1632 3612 1704 episcoporum
3640 1632 3860 1703 synodo

2206 1735 2305 1775 eos
2337 1720 2427 1775 his
2459 1720 2651 1776 verbis
2683 1724 3017 1776 accersente
3049 1737 3063 1776 :
3101 1743 3129 1771 «
3164 1720 3286 1775 Huc
3330 1719 3663 1776 accessistis
3694 1723 3759 1776 ut
3788 1720 3860 1775 ad

2197 1808 2491 1879 judicium
2512 1825 2614 1865 vos
2644 1809 2952 1880 sisteretis,
2988 1826 3094 1864 cur
3124 1809 3325 1880 itaque
3358 1812 3675 1881 postquam
3701 1808 3863 1864 veni-

437 1895 617 2000 τρίνυν
652 1894 898 1959 ἐλθόντες
930 1896 1326 1968 ὑποποδίζετε;
1360 1900 1563 1974 Ἐχρῆν
1613 1900 1717 1977 γὰρ
1770 1900 1910 1974 ὑμᾶς
1941 1901 1977 1969 ἢ
2014 1899 2089 1972 μή

2209 1898 2445 1965 stis,vos
2477 1898 2805 1954 subducitis
2833 1899 2861 1953 ?
2891 1897 3163 1970 Oportuit
3183 1897 3341 1954 enim
3371 1902 3475 1953 aut
3496 1913 3612 1952 non
3634 1897 3866 1953 accede-

439 1982 635 2056 ἐλθεῖν,
668 1986 704 2054 ἢ
756 1984 1011 2049 ἐλθόντας
1065 1989 1140 2061 μὴ
1188 1986 1515 2063 κρύπτεσθαι
1546 2011 1559 2023 ·
1607 1993 1768 2045 τοῦτο
1814 1990 1915 2066 γὰρ
1969 1990 2095 2063 ὑμῖν

439 2074 587 2151 φέρει
653 2075 918 2150 μεγίστην
977 2078 1328 2153 κατάγνωσιν.
1364 2075 1527 2148 Ἰδοὺ,
1565 2099 1810 2153 παρεισιν
1865 2079 1917 2131 οἱ
1974 2077 2098 2152 περὶ

438 2160 777 2235 Ἀθανάσιον,
822 2163 915 2219 οὓς
972 2163 1206 2226 ἀπόντας
1257 2159 1595 2237 διεϐάλλετε,
1623 2163 1713 2236 τἶν’,
1746 2164 1799 2221 εἷ’
1841 2186 1894 2219 τι
1939 2164 2099 2238 νομί-

439 2248 557 2319 ζετέ
585 2252 696 2324 (23)
728 2250 896 2328 ἔχειν,
949 2250 1263 2328 διελέγξητε
1308 2253 1539 2317 τούτους
1589 2254 1896 2329 παρόντας·
1949 2254 1995 2309 εἰ
2044 2251 2102 2308 δὲ

446 2340 523 2412 μὴ
585 2337 823 2414 δύνασθε,
863 2343 1248 2418 προσποιεῖσθε
1304 2340 1361 2397 δὲ
1426 2344 1499 2415 μὴ
1567 2341 1878 2418 βούλεσθαι,
1934 2332 2105 2414 δῆλοί

441 2425 559 2482 ἐστε
606 2431 953 2507 συκοφάνται,
1003 2430 1093 2485 καὶ
1148 2429 1349 2500 ταύτην
1412 2432 1538 2505 ὑμῖν
1588 2434 1622 2502 ἡ
1670 2430 1889 2495 σύνοδος
1939 2425 2101 2498 δώσει

453 2517 554 2584 τήν
614 2517 810 2591 κρίσιν.
844 2542 872 2571 n
906 2520 969 2573 Οἱ
1029 2518 1086 2575 δὲ
1139 2522 1307 2575 ταῦτα
1354 2519 1699 2594 ἀκούσαντες,
1732 2522 1823 2577 καὶ
1874 2542 2096 2598 καταγιέ

434 2604 734 2668 νώσκοντες
816 2607 1019 2662 ἑαυτῶν
1096 2606 1339 2682 (ἤδεισαν
1426 2611 1531 2686 γὰρ
1608 2609 1641 2664 ἃ
1699 2605 1948 2687 ἔπραξαν,
2008 2597 2101 2666 καὶ

437 2692 741 2749 ἐπλάσαντο
786 2697 905 2751 καθ’
942 2699 1152 2772 ἡμῶν),
1185 2696 1536 2775 ᾐσχύνθησαν
1598 2698 1925 2772 ἀπαντῆσαι,
1954 2699 2095 2756 πολ-

436 2778 541 2850 λὴν
562 2779 651 2836 καί
701 2782 916 2861 ἀπρεπῆ
952 2786 1075 2849 καθ’
1122 2786 1328 2842 ἑαυτῶν
1374 2788 1473 2856 τήν
1536 2789 1888 2866 συκοφαντίαν
1946 2786 2098 2865 ἐλέγ-

439 2870 638 2940 ξαντες.
671 2872 734 2927 Ἡ
760 2872 940 2927 τοίνυν
976 2873 1101 2951 ἁγία
1132 2872 1387 2945 σύνοδος,
1422 2880 1760 2951 καταγνοῦσα
1787 2882 1885 2946 τῆς
1933 2878 2096 2953 ἀπρε-

438 2962 573 3021 ποῦς
612 2959 701 3014 καὶ
754 2961 996 3018 ὑπόπτου
1046 2970 1226 3041 φυγῆς
1276 2963 1520 3032 ἐκείνων,
1555 2963 1768 3036 ἐδέξατο
1821 2968 1969 3039 ἡμᾶς
2020 2967 2097 3028 εἷς

440 3046 765 3125 ἀπολογίαν.
823 3053 1253 3128 Διηγησαμένων
1311 3051 1369 3109 δὲ
1421 3056 1583 3127 ἡμῶν
1645 3052 1733 3110 διὰ
1811 3055 2094 3133 μαρτύρων

437 3137 527 3191 καὶ
561 3136 887 3209 ἀποδείξεων
911 3142 980 3196 τὰ
1007 3143 1321 3218 πραχθέντα
1374 3145 1489 3197 καθ’
1537 3146 1723 3217 ἡμῶν,
1757 3143 2058 3217 ἐθαύμασαν
2080 3165 2095 3181 ο

437 3226 528 3314 καὶ
573 3226 803 3291 ἅπαντες
855 3228 1187 3304 ἐπέγνωσαν,
1221 3230 1303 3287 ὅτι
1352 3228 1442 3287 διὰ
1482 3237 1642 3288 τοῦτο
1696 3233 1921 3297 εῗκότως
1968 3233 2093 3314 ἐφο-

2216 2002 2299 2052 re,
2330 1990 2431 2042 aut
2460 1991 2773 2059 postquam
2824 1987 3181 2055 accessistis,
3239 2004 3355 2042 non
3405 1986 3810 2058 subterfugere
3844 2004 3859 2055 ;

2214 2075 2325 2130 hoc
2354 2076 2511 2131 enim
2544 2076 2867 2131 maximum
2900 2081 3203 2132 estcontra
3218 2093 3320 2132 vos
3335 2075 3865 2148 argumentum.En

2214 2164 2432 2222 adsunt
2460 2164 2819 2221 Athanasius
2841 2169 2899 2221 et
2910 2166 3051 2221 socii
3072 2182 3220 2238 quos
3233 2166 3505 2221 absentes
3519 2164 3865 2221 calumniati

2214 2253 2357 2310 estis
2392 2270 2406 2321 ;
2438 2257 2505 2308 ut
2533 2252 2583 2309 si
2615 2254 2753 2326 quid
2789 2254 3102 2310 dicendum
3128 2254 3341 2310 habere
3364 2254 3867 2326 putetis,presen-

2213 2348 2302 2398 tes
2332 2343 2682 2415 coarguatis.
2715 2344 2837 2412 Sin,
2869 2360 3002 2399 cum
3032 2360 3147 2399 non
3184 2343 3443 2416 possitis,
3475 2359 3576 2398 vos
3608 2342 3761 2398 nolle
3793 2342 3869 2396 si-

2216 2430 2478 2499 mulatis,
2530 2437 2727 2504 aperte
2773 2432 3142 2504 sycophantas
3187 2432 3349 2501 estis,
3411 2436 3467 2488 et
3513 2431 3666 2486 hanc
3697 2430 3864 2486 vobis

2215 2521 2474 2594 synodus
2505 2521 2648 2577 feret
2678 2522 3050 2578 sententiam.
3086 2544 3107 2571 υ
3143 2522 3367 2585 Quibus
3398 2520 3612 2576 auditis
3640 2519 3866 2585 illi,sua

2209 2626 2277 2669 βο
2306 2611 2624 2666 damnante
2653 2609 3009 2666 conscientia
3028 2610 3313 2676 (sciebant
3371 2611 3526 2665 enim
3550 2626 3679 2681 quas
3710 2608 3857 2664 fece-

2209 2704 2363 2766 rant,
2398 2704 2455 2753 et
2485 2716 2612 2770 quae
2640 2701 2950 2755 adversum
2983 2716 3090 2755 nos
3121 2699 3559 2771 conﬁnxerant),
3591 2699 3865 2754 accedere

2208 2787 2376 2846 veriti
2401 2792 2540 2843 sunt
2577 2814 2591 2855 ;
2624 2788 3144 2861 sicqueingentem
3169 2805 3233 2844 ac
3259 2789 3473 2844 foedam
3500 2787 3861 2842 calumniam

2209 2894 2380 2935 suam
2413 2876 2605 2948 palam
2640 2878 2844 2933 fecere.
2878 2879 3092 2933 Sancta
3138 2894 3274 2949 ergo
3306 2877 3563 2950 synodus
3595 2876 3863 2932 animad-

2206 2984 2376 3023 versa
2404 2982 2609 3023 eorum
2640 2966 2799 3039 turpi
2833 2971 3010 3039 atque
3030 2970 3305 3039 suspecta
3326 2966 3466 3039 fuga
3495 2983 3601 3021 nos
3623 2964 3865 3021 admisit

2209 3057 2280 3112 ad
2314 3046 2737 3111 defensionem.
2773 3055 2918 3111 Cum
2979 3060 3197 3127 autem,
3239 3056 3491 3111 testibus
3550 3054 3859 3125 ﬁrmisque

2207 3145 2653 3218 probationibus
2685 3144 3135 3216 adhibitis,quae
3168 3149 3372 3200 contra
3399 3161 3508 3199 nos
3536 3147 3703 3217 gesta
3735 3143 3860 3201 fus.-

2207 3238 2359 3303 rant,
2392 3233 2829 3298 retulissemus,
2861 3233 3247 3288 admiratione
3276 3233 3431 3304 capti
3464 3237 3603 3288 sunt
3632 3250 3645 3288 :
3676 3232 3861 3287 omni-

440 3306 685 3385 δήθησαν
714 3317 814 3385 τὴν
842 3302 1093 3389 σύνοδον,
1122 3302 1211 3375 είνα
1244 3321 1320 3394 μὴ
1356 3321 1431 3382 εἰς
1480 3321 1772 3396 πρόσωπον
1826 3302 2095 3401 ἐλεγχθῶ-

2209 3302 2437 3396 busque
2468 3323 2662 3396 palam
2694 3322 2963 3393 fuit,jure
2993 3322 3202 3378 merito
3227 3338 3327 3378 eos
3349 3302 3652 3394 synodum
3684 3320 3862 3377 refor-

440 3419 561 3456 σιν·
620 3400 809 3481 ἔλεγόν
838 3425 939 3462 τε·
997 3407 1155 3471 Ἴσως
1203 3410 1520 3483 νομίζοντες
1582 3413 1657 3485 μὴ
1714 3400 2101 3487 παραγίνεσθαι

440 3490 570 3554 τοὺς
615 3495 741 3570 περὶ
772 3495 1105 3569 ’Δθανάσιον,
1139 3499 1456 3569 ἀπήντησαν
1492 3500 1596 3555 ἀπὸ
1626 3507 1730 3570 τῆς
1774 3500 2096 3573 Ἀνατολῆς,

443 3578 666 3656 ὅπουγε,
698 3580 900 3646 ἰδόντες
955 3583 1151 3648 αὐτοὺς
1212 3586 1780 3663 παρρησιαζομένους,
1820 3590 1911 3645 καὶ
1967 3611 2101 3667 προ-

443 3667 816 3744 καλουμένους
866 3674 966 3743 τὴν
1008 3673 1208 3751 κρίσιν,
1261 3676 1568 3755 φεύγουσιν.
1620 3678 1794 3751 ᾜμᾶς
1854 3678 1946 3752 μὲν
2007 3678 2097 3735 οὖν

445 3756 764 3831 ἀπεδέξαντο
796 3762 872 3824 ὡς
902 3760 1258 3835 ἀδικηθέντας
1298 3764 1389 3819 καὶ
1443 3765 1621 3840 μῄτην
1684 3762 2097 3839 διαϐληθέντας,

442 3848 837 3926 καίπέκύρωσαν
872 3850 948 3907 ἔτι
985 3851 1200 3927 μᾶλλον
1246 3854 1323 3917 εἷς
1366 3857 1517 3928 ἡμᾶς
1562 3857 1662 3927 τήν
1708 3876 1767 3912 τε
1812 3857 2099 3912 κοινωνίαν

441 3937 533 3991 καὶ
564 3939 781 4013 ἀγάπην
815 3942 928 4015 (24)
952 3961 965 3974 ³
997 3941 1126 4004 τοὺς
1160 3940 1217 3998 δὲ
1247 3943 1543 4006 κοινωνοὺς
1573 3945 1663 3999 καὶ
1696 3941 2101 4021 ἀναιδεστέρους

443 4028 773 4109 γενομένους
810 4036 913 4100 τῆς
970 4025 1232 4087 Εὖσεϐίσυ
1288 4031 1620 4109 κακουργίας
1673 4032 1946 4105 καθεῖλον,
1979 4035 2103 4091 Θεό-

444 4107 618 4192 δωρον
697 4118 806 4173 ἀπὸ
854 4118 1197 4194 Ἡρακλείας,
1258 4107 1557 4198 Νάρκισσον
1643 4122 1749 4178 ἀπὸ
1835 4126 2103 4196 Νερωνιά-

444 4201 538 4267 δος
593 4208 734 4280 (25),
785 4209 1037 4264 ’Δκάκιον
1112 4209 1218 4266 ἀπὸ
1270 4211 1610 4288 Καισαρείας,
1668 4212 1937 4291 Στέφανον
1996 4214 2100 4269 ἀπὸ

444 4292 805 4371 Ἀντιοχείας,
845 4297 936 4352 καὶ
984 4297 1280 4374 Οὐρσάκιον
1327 4300 1418 4354 καὶ
1478 4299 1752 4356 Ούάλεντα
1809 4301 1915 4357 ἀπὸ
1960 4308 2100 4359 Παν-

441 4380 646 4453 νονίας,
692 4384 783 4438 καὶ
830 4385 1186 4465 Μηνόφαντον
1245 4388 1351 4443 ἀπὸ
1403 4390 1650 4466 Ἐφέσου,
1681 4389 1772 4444 καὶ
1830 4396 2101 4468 Γεώργιον

444 4471 548 4526 ἀπὸ
578 4471 919 4537 Λαοδικείας.
954 4476 1053 4532 Καὶ
1086 4473 1318 4553 ἔγραψαν
1349 4482 1467 4540 τοῖς
1520 4479 1837 4556 ἁπανταχοῦ
1866 4487 1967 4551 τῆς
2018 4482 2099 4537 οἰ-

442 4562 717 4636 κουμένης
750 4562 1090 4637 ἐπισκόποις,
1130 4565 1220 4620 καὶ
1271 4570 1341 4641 τῇ
1392 4564 1617 4622 ἑκάστου
1659 4572 1768 4623 τῶν
1820 4567 2098 4642 ἀδικηθέν-

442 4670 551 4705 των
581 4653 861 4730 παροικίᾳ,
895 4655 1029 4730 (26),
1058 4658 1227 4711 ταῦτα
1250 4674 1263 4688 °

443 4902 675 5031 nititur
703 4904 1081 4964 Athanasius.
1132 4910 1297 4964 Hanc
1346 4922 1469 4964 rem
1522 4906 1667 4965 alias
1716 4909 1908 4966 fusius
1957 4926 2092 4985 age-

517 5048 630 5131 (19)
650 5047 751 5131 _Sic
781 5048 947 5131 ξξεεί,
980 5053 1037 5105 et
1066 5049 1150 5105 ita
1176 5048 1490 5131 legendum
1526 5051 1738 5108 suadet
1765 5051 1978 5109 similis
2006 5052 2092 5111 lo-

443 5134 548 5175 cus
583 5119 753 5175 infra.
788 5119 959 5186 Editi,
990 5119 1368 5183 κοινωνικούς.

512 5192 638 5266 (20)
654 5189 1100 5266 Βθεηκόμιτας.
1139 5193 1873 5266 Μοπᾉὶςίοιιιηίζαστρήσιον.
1909 5195 2091 5252 Paulo

440 5260 772 5389 Ξὲἰῗτξῗβς
803 5260 941 5339 ἅπερ
968 5260 1420 5336 βούλονται.Μοι
1441 5264 1598 5321 idem
1629 5260 2091 5342 εἷθ’ωοτθαωρὶς

438 5355 720 5482 fore???)
764 5406 939 5464 editis
970 5406 1136 5464 artic.
1170 5405 1200 5459 ὑ
1232 5407 1415 5464 deest.
1466 5411 1532 5463 In
1576 5410 1716 5481 Reg.
1767 5422 1901 5465 vero
1944 5407 2087 5482 legi-

439 5480 834 5622 tfll‘ézlediti,
866 5544 1255 5622 προκαλούσης
1286 5545 1502 5613 αὐτούς,
1555 5553 1617 5605 et
1651 5549 1733 5606 ita
1762 5549 1977 5622 legisse
2003 5550 2088 5607 vi-

446 5617 615 5695 detur
641 5617 1038 5695 Nannius'qui
1071 5622 1248 5695 vertit
1268 5637 1425 5677 eos...
1460 5626 1774 5695 accerseret.
1796 5617 1901 5695 ,λι
1950 5623 2086 5695 Beg.

446 5687 893 5766 tinos-fslequ
922 5687 1059 5766 π’ρὸς
1087 5690 1307 5762 αὐτούς,
1338 5708 1456 5750 non
1476 5692 1870 5751 incommode.

515 5763 634 5834 (23)
661 5762 801 5836 Reg.
813 5804 826 5819 .
856 5762 1141 5837 νομίζητε.

2213 3413 2493 3477 midasse,
2527 3416 2593 3467 ut
2613 3429 2684 3468 ne
2712 3428 2910 3467 coram
2930 3412 3583 3467 convincerentur.Tum
3605 3410 3856 3465 aiebant:

2218 3501 2291 3557 Eo
2323 3502 2569 3558 fortasse
2599 3517 2667 3555 ex
2698 3500 2934 3556 Oriente
2963 3504 3266 3567 venerunt,
3289 3500 3444 3572 quod
3467 3498 3860 3555 Athanasium

2214 3606 2346 3647 cum
2379 3590 2505 3645 suis
2534 3594 2813 3662 putarent
2842 3606 2958 3645 non
2989 3605 3387 3655 accessurum,
3421 3588 3712 3660 siquidem
3743 3604 3862 3643 cer-

2214 3683 2420 3735 nentes
2450 3696 2549 3735 eos
2580 3679 2760 3735 rebus
2782 3678 2906 3734 suis
2937 3678 3229 3734 conﬁdere
3244 3696 3310 3735 ac
3331 3679 3501 3749 injus
3518 3692 3853 3750 provocare,

2210 3770 2412 3841 fugam
2444 3768 2816 3826 faciunt.Nos
2845 3766 3043 3841 igitur,
3072 3767 3508 3839 utpoteinjuria
3537 3767 3773 3822 affectos
3796 3782 3864 3821 ac

2208 3859 2280 3913 de
2310 3857 2473 3913 falsis
2504 3857 2856 3913 criminibus
2873 3861 3197 3921 accusatos,
3222 3862 3565 3928 receperunt
3597 3855 3863 3925 ;ﬁrmio-

2211 3948 2377 4019 rique
2410 3947 2701 4002 sententia
2732 3962 2843 4001 nos
2874 3946 2944 4000 ad
3007 3946 3483 4001 communionem
3537 3949 3593 4001 et
3638 3961 3863 4017 agapen

2211 4036 2606 4092 admittendos
2639 4036 3042 4097 decreverunt,
3075 4035 3210 4091 Illos
3241 4040 3435 4091 autem
3476 4035 3575 4107 qui
3625 4033 3862 4090 Eusebii

2211 4126 2499 4182 scelerum
2532 4141 2661 4181 sese
2691 4129 2994 4180 consortes
3026 4125 3204 4180 etiam
3254 4124 3354 4181 illo
3401 4123 3862 4196 impudentiores

2211 4216 2615 4281 exhibuerant,
2670 4215 3167 4279 condemnarunt,
3233 4214 3608 4270 Theodorum
3652 4227 3864 4283 nempe

2209 4305 2496 4362 Heraclea:
2525 4304 2890 4377 episcopum,
2923 4302 3267 4359 Narcissum
3314 4302 3681 4369 Neroniadis,
3705 4310 3860 4361 Aca-

2209 4395 2367 4450 cium
2398 4394 2691 4457 Caesareis,
2726 4390 3092 4463 Stephanum
3120 4391 3454 4461 Antiochiae,
3479 4389 3785 4446 Ursacium
3800 4392 3859 4443 et

2206 4483 2509 4539 Valentem
2549 4481 2609 4536 in
2658 4480 2961 4536 Pannonia
3007 4480 3334 4552 episcopos,
3394 4479 3858 4550 Menophantum

2208 4572 2443 4646 Ephesi,
2479 4575 2534 4626 et
2554 4570 2867 4641 Georgium
2897 4569 3712 4641 Laodicem,Scripseruntque
3734 4584 3857 4622 om-

2124 4674 2176 4739 Β
2206 4663 2381 4717 nibus
2410 4660 2627 4731 ubique
2646 4663 2937 4713 terrarum
2951 4657 3263 4730 episcopis,
3292 4660 3350 4713 et
3370 4657 3441 4739 ad
3465 4656 3730 4729 singulas
3743 4671 3846 4711 eo-

2204 4767 2337 4806 rum
2359 4749 2641 4822 paroecias
2654 4746 2753 4818 qui
2773 4745 3056 4818 injuriam
3082 4746 3242 4819 passi
3266 4737 3520 4816 fuerant,
3543 4745 3637 4801 his
3656 4743 3853 4801 verbis

2273 4910 2388 4982 (24)
2416 4911 2500 4965 Ad
2531 4923 2781 4982 agapen,
2814 4906 2871 4961 id
2926 4909 3016 4961 est
3044 4906 3116 4961 ad
3148 4905 3412 4982 convivia
3451 4904 3739 4982 ﬁdelium.
3775 4909 3852 4961 De

2203 4977 2321 5053 qua
2350 4977 2708 5053 vocefusius
2738 4982 3101 5051 pertractant
3154 4978 3451 5045 Suicerus,
3502 4977 3759 5048 Gangius
3791 4981 3850 5032 et

2203 5050 2301 5109 alii
2331 5050 2723 5123 complurimi.

2275 5125 2387 5197 (25)
2437 5117 2812 5197 Napmaoa
2849 5121 2912 5177 In
2966 5118 3169 5197 Hilarii
3218 5118 3564 5197 fragmentis
3612 5117 3847 5197 legitur,

2200 5192 2858 5321 giarcissus'lrenopolis,
2919 5195 3019 5249 sed
3098 5192 3378 5247 mendose
3456 5208 3560 5263 pro
3617 5194 3850 5262 Neropo-

2225 5285 2296 5321 ιε.

2225 5285 2296 5323 ιε.

2273 5338 2385 5409 (26)
2426 5334 2902 5409 ,Hapotxlqaﬂao
2952 5351 3064 5409 vos
3111 5333 3407 5409 interdum
3456 5331 3714 5409 sumitur
3742 5348 3845 5409 pro

2200 5405 2463 5476 dioecesi,
2500 5405 2565 5463 ut
2596 5408 2703 5463 hoc
2734 5406 2858 5462 loco
2890 5411 2946 5461 et
2976 5406 3122 5461 alias
3142 5406 3466 5477 saepissime
3496 5405 3650 5476 apud
3673 5405 3849 5477 Atha-

2202 5474 2458 5560 nasium,
2491 5481 2783 5535 interdum
2807 5494 2932 5560 pro
2951 5474 3510 5560 quadam'Ecclesia
3536 5474 3843 5560 peculiari,

2200 5558 2267 5607 ut
2296 5552 2445 5607 infra
2474 5568 2711 5606 cernere
2736 5556 2844 5615 est,
2880 5550 2974 5604 ubi
3008 5552 3286 5603 Mareotes
3325 5550 3585 5620 παροικία
3614 5562 3843 5603 nuncu-

2201 5628 2390 5696 patur.
2428 5622 2569 5696 Vide
2596 5622 2893 5696 Valesium
2926 5620 2985 5696 in
3018 5620 3179 5696 Notis
3212 5621 3281 5675 ad
3318 5621 3553 5690 Euseb.,
3604 5636 3663 5691 p.
3698 5622 3750 5683 4,
3786 5622 3846 5696 et

2197 5689 2598 5822 ἓὶιιέἑιέοάυω.
2636 5692 2824 5764 Hujus
2851 5691 3008 5748 vocis
3055 5692 3332 5764 frequens
3376 5696 3467 5747 est
3514 5689 3661 5749 usus
3683 5689 3842 5763 apud

2242 5782 2278 5822 ο.
2404 5806 2419 5821 .

2242 5770 2419 5824 atros.
