4178 6422
331 431 449 491 313

1458 411 1855 474 APOLOGlA
1898 409 2215 471 CONTRA
2256 407 2618 472 ABIANOS.

3624 413 3745 473 3M

332 562 460 637 παρ’
512 560 670 631 ἡμῶν
736 550 875 609 ὥστε
922 554 1193 628 παρεῖναι.
1255 545 1409 637 Ἀλλξ
1465 544 1659 637 ἐκεῖνοι
1722 542 1824 637 ὑπδ
1878 544 2031 610 τῆς]

2142 558 2274 597 uam
2304 542 2601 599 indecens.
2625 542 2742 598 imo
2773 542 2971 615 potius
2994 560 3170 615 quam
3202 542 3567 615 impossibile
3598 544 3745 601 illud

333 631 691 717 συνειδήσεως
749 637 1281 717 καταγινωσκόμενοι
1316 681 1331 709 ,
1382 633 1641 711 ἀπρεπέσι
1699 631 1984 709 χρώμενοι

334 735 672 815 προφάσεσι,
734 728 1044 811 φυγοδικεῖν
1104 724 1336 804 ἤρξαντο
1396 766 1408 778 .
1470 722 1677 815 Ἠξίουν
1736 722 1836 797 γὰρ
1894 720 1985 815 τὸν

2097 634 2270 686 esset.
2304 632 2453 696 Quin
2484 636 2541 686 et
2570 636 2951 687 monumenta
2982 633 3040 686 in
3066 632 3320 687 Mareote
3350 633 3524 700 edita,
3560 650 3593 687 a
3624 650 3750 688 sce-

2099 719 2471 774 leratissimis
2502 723 2559 774 et
2589 720 3004 790 perditissimis
3026 721 3382 792 quibusdam
3410 720 3749 777 adolescen-

337 807 536 896 ἀθῶον,
590 824 664 886 ὡς
720 807 1038 892 ὑπεύθυνον,
1083 816 1190 872 ἀπὸ
1237 821 1338 884 τῆς
1387 811 1656 889 ἡμετέρας
1705 808 1989 870 κοινωνίας

2152 812 2261 862 bus
2283 807 2498 879 quibus
2512 825 2583 862 ne
2595 808 2905 863 minimum
2922 809 3159 880 quidem
3176 810 3485 865 clericatus
3498 811 3748 882 gradum

340 893 719 983 ἐκϐάλλεσθαι,
770 909 832 965 ού
876 910 1228 984 συνορῶντες,
1281 902 1355 965 ὡς
1397 900 1653 978 ἀπρεπὲς,
1693 897 1903 972 μᾶλλον
1937 893 1995 950 δὲ

340 1000 600 1057 ἀδύνατον
631 1003 698 1069 ἦν
749 1002 932 1053 τοῦτο.
986 996 1085 1049 Καὶ
1132 992 1201 1048 τὰ
1250 990 1621 1063 ὑπομνήματα
1652 984 1710 1041 δέ
1737 985 1803 1040 τὰ
1834 985 1884 1039 ἐν
1915 988 1994 1056 τῷ

343 1091 609 1168 Μαρεώτῃ
637 1086 898 1165 γενόμενα
929 1083 1033 1139 ὑπὸ
1076 1078 1587 1168 παμπονήρων-καὶ
1621 1073 1994 1168 ἐξωλεστάτων

342 1160 502 1235 τινέυν
542 1176 843 1253 νεωτέρων,
894 1176 977 1235 οἷς
1031 1172 1132 1226 ούκ
1160 1167 1220 1225 ἄν
1261 1190 1344 1230 τις
1396 1166 1695 1221 ἐπίστευσεν
1730 1160 1856 1218 οὐδὲ
1905 1162 1996 1216 τὸν

344 1267 585 1345 τυχόντα
617 1249 825 1343 βαθμὸν
856 1266 954 1318 τοῦ
991 1260 1228 1345 κλήρου,
1262 1256 1552 1345 συνέστηκε
1567 1253 1716 1345 Δκατὰ
1739 1249 2000 1345 ’μονομέ-

350 1338 494 1433 ρεῖαν
545 1338 857 1432 πεπράχθαι
913 1350 1025 1424 (33)
1062 1391 1074 1403 .
1134 1343 1269 1433 Οὔτε
1315 1346 1420 1421 γὰρ
1556 1338 1792 1433 ἀδελφὸς
1839 1342 2001 1433 ημῶν

348 1423 669 1509 Ἆθανάσιοέ
720 1423 770 1495 ὑ-
798 1423 1113 1509 ἐπίσκοπος,
1164 1432 1289 1491 οὔτε
1337 1431 1619 1509 Μακάριος
1652 1423 2008 1506 ὁεπρεσϐύτε-

353 1555 446 1612 ρος
479 1534 507 1587 ὁ
550 1528 1029 1606 κατηγορούμενος
1083 1524 1170 1580 ὑπ⁸
1215 1523 1409 1612 αὐτῶν-
1441 1525 1644 1612 παρῆνέ
1676 1517 1793 1612 Ali-al
1853 1515 2005 1589 ὅμως

351 1602 546 1697 ἦπαρ⁹
576 1602 1073 1693 αὑτῶννέρώτησις,
1122 1611 1334 1686 μᾶλλον
1390 1606 1448 1664 δὲ
1495 1602 1747 1697 ὑποϐολή
1788 1608 2011 1697 ηγενο-

360 1692 519 1783 μένη,
546 1706 723 1777 πάσης
767 1692 1034 1780 αἰσχύνης
1064 1704 1130 1771 ἦν
1185 1700 1375 1774 μεστήο
1410 1703 1486 1766 πῆ
1525 1697 1619 1769 μὲν
1651 1694 1753 1771 γὰρ
1785 1692 2009 1783 ἐθνικοὶ,

358 1778 435 1868 πῆ
461 1778 520 1852 δέ
547 1778 956 1871 κατηχούμενοι
987 1792 1305 1866 ἠρωτῶντο,
1341 1786 1449 1861 οὐχ
1486 1783 1598 1857 τίνοι,
1631 1785 1764 1859 ἅπερ
1816 1778 2011 1853 ῗίτασιν,

362 1883 609 1957 εἴπωσιν,
667 1882 795 1939 ἀλλ’
846 1880 965 1953 ἵνα,
1027 1881 1161 1955 ἅπερ
1218 1877 1347 1953 παρ’
1403 1875 1579 1930 αὐτῶν
1644 1873 2012 1957 μεμαθήκασι,

361 1956 685 2049 ψεύσωνται.
719 1970 817 2026 Καὶ
851 1972 955 2045 γὰρ
1000 1969 1090 2023 καὶ
1142 1967 1294 2039 ὑμῶν
1346 1966 1458 2039 (34)
1488 1967 1596 2018 τῶν
1637 1956 2013 2038 πρεσϐυτέρων

363 2048 756 2142 φροντιζόντων
789 2059 878 2113 ἐπὶ
905 2061 975 2131 τῇ
1006 2054 1239 2126 ἀπουσίᾳ
1266 2057 1363 2108 τοῦ
1396 2050 1659 2126 ὑμετέρου
1691 2048 2009 2121 ἐπισκόπου,

360 2139 449 2207 καὶ
486 2147 838 2227 βουλομένων
890 2149 1139 2222 παρεῖναι
1191 2142 1277 2197 ἐπὶ
1333 2145 1403 2215 τῇ
1459 2139 1713 2214 ἐξετάσει,
1770 2140 1859 2193 καὶ
1915 2139 2014 2207 τήν

362 2226 621 2311 ἀλήθειαν
651 2236 840 2308 δεῖξαι,
871 2235 962 2291 καὶ
990 2234 1058 2290 τὰ
1085 2230 1255 2308 ψευδῆ
1289 2228 1582 2305 διελέγξαι,
1627 2226 1804 2290 οὐδεὶς
1855 2226 2019 2303 λόγος

362 2329 598 2406 γέγονεν·
655 2326 756 2381 οὐκ
813 2324 1107 2399 ἐπέτρεψαν
1163 2323 1265 2398 γὰρ
1327 2320 1466 2392 ὑμᾶς
1517 2317 1768 2406 παρεῖναὶ
1803 2361 1818 2386 ,
1877 2314 2025 2371 ἀλλὰ

366 2404 457 2472 καὶ
491 2417 607 2490 μεθ’
638 2412 846 2489 ὕϐρεως
874 2407 1149 2483 ἐξέϐαλον.
1182 2408 1282 2463 Καὶ
1324 2408 1370 2462 εἷ
1418 2406 1507 2462 καὶ
1535 2407 1604 2461 τὸι
1655 2404 1888 2479 μάλιστα
1922 2424 2021 2482 φα-

367 2505 497 2581 νερὰ
543 2509 672 2559 πᾶσι
726 2500 1024 2572 καθέστηκε
1078 2497 1167 2554 καὶ
1227 2497 1288 2552 ἐκ
1338 2494 1546 2551 τούτων
1597 2492 2021 2572 ἡ“συκοφαντία,

372 2593 548 2668 ὅμως,
581 2588 1101 2667 ἀναγινωσκομένων
1151 2589 1260 2641 τῶν
1314 2582 1750 2657 ὑπομνημάτων,
1796 2581 2023 2658 εὕρομεν

372 2680 533 2738 αὑτὸν
581 2680 674 2737 τὸν
724 2676 1088 2755 παμπόνηρον
1142 2673 1413 2751 Ἰσχύραν,
1471 2673 1562 2728 τὸν
1623 2671 1710 2727 ἐπὶ
1752 2675 1823 2745 τῇ
1865 2691 2026 2725 συκο-

374 2769 568 2849 φαντίᾳ
600 2767 789 2843 μισθὸν
842 2766 969 2842 παρ’
1018 2764 1193 2819 αὐτῶν
1253 2757 1492 2818 λαϐόντα
1535 2761 1598 2816 τὸ
1630 2757 1821 2815 δοκοῦν
1854 2754 2031 2833 ὄνομα

372 2866 473 2930 τῆς
507 2858 834 2929 ἐπισκοπῆς,
868 2852 1228 2929 διελέγχοντα
1278 2852 1470 2907 ἑαυτοῦ
1518 2851 1617 2919 τήν
1649 2849 2027 2927 συκοφαντίαν.

376 2948 551 3010 Αὐτὸς
603 2945 709 3023 γὰρ
765 2945 794 2998 ὁ
852 2943 1098 3019 Ἰσχύρας
1160 2940 1212 2996 ἐν
1271 2941 1456 3003 αὐτοῖς
1504 2944 1621 3002 τοῖς
1672 2939 2030 3011 ὑπομνήμασι

2104 896 2399 969 quispiam
2423 896 2910 963 contulisset,una
2927 896 3114 954 solum
3136 916 3165 953 e
3186 900 3453 971 partibus
3471 904 3757 971 praesente

2106 986 2258 1041 facta
2288 985 2472 1040 fuisse
2529 986 2871 1041 constabat:
2916 1003 3053 1041 nam
3115 1003 3305 1059 neque
3358 989 3535 1043 frater
3566 993 3768 1045 noster

2106 1074 2486 1137 Athanasius,
2513 1090 2702 1145 neque
2720 1074 3008 1130 Macarius
3035 1077 3338 1149 presbyter
3359 1078 3429 1132 ab
3453 1076 3573 1134 illis
3596 1094 3766 1134 accu-

2110 1166 2297 1232 satus,
2330 1161 2451 1216 illic
2482 1162 2811 1218 adfuerant.
2858 1167 2922 1217 Et
2952 1162 3168 1235 alioqui
3221 1181 3423 1221 eorum
3456 1166 3771 1238 inquisitio

2111 1268 2215 1308 seu
2238 1251 2435 1323 potius
2465 1251 2842 1306 fraudulenta
2873 1252 3178 1322 subjectio,
3215 1254 3375 1309 omni
3408 1256 3777 1327 turpitudine

2114 1341 2286 1413 plena
2315 1343 2485 1407 erat;
2537 1356 2674 1394 nam
2717 1357 2851 1394 cum
2902 1340 3140 1407 ethnici,
3189 1346 3314 1397 tum
3364 1343 3775 1399 catechumeni

2115 1426 2651 1502 interrogabantur,
2688 1445 2802 1483 non
2836 1432 2900 1483 ut
2944 1445 3074 1500 quae
3105 1430 3322 1485 scirent
3351 1432 3632 1499 dicerent,
3665 1433 3768 1489 sed

2117 1523 2181 1575 ut
2211 1533 2340 1590 quae
2373 1518 2445 1572 ab
2490 1516 2608 1572 illis
2638 1517 2965 1572 didicerant
3013 1517 3160 1573 falso
3190 1519 3533 1590 proferrent.
3568 1521 3770 1594 Siqui-

2120 1607 2250 1662 dem
2281 1609 2340 1662 ct
2386 1609 2644 1661 vestrum
2700 1606 3195 1677 presbyterorum,
3244 1608 3345 1677 qui
3388 1609 3628 1665 absente
3654 1611 3774 1681 epi-

2122 1712 2299 1767 scopo
2330 1694 2413 1750 rei
2458 1711 2659 1750 curam
2708 1694 3020 1767 gerebatis,
3073 1712 3138 1751 ac
3167 1696 3434 1753 voluistis
3462 1700 3773 1769 quaestioni

2122 1783 2426 1848 interesse,
2466 1786 2542 1837 ‘et
2587 1782 2890 1838 veritatem
2950 1784 3295 1855 patefacere,
3352 1787 3776 1859 mendaciaque

2125 1872 2399 1939 refutare,
2433 1870 2592 1926 nulla
2652 1876 2743 1927 est
2788 1871 2989 1927 habita
3045 1873 3232 1929 ratio:
3269 1891 3456 1946 neque
3486 1877 3643 1930 enim
3673 1893 3778 1932 vos

2129 1962 2333 2017 adesse
2384 1965 2819 2029 concesserunt,
2872 1962 2971 2017 sed
3008 1962 3427 2019 contumeliose
3456 1965 3776 2036 ejccerunt.

2121 2052 2200 2106 Ac
2231 2048 2367 2105 licet
2396 2048 2533 2104 hinc
2566 2048 2817 2104 maxime
2848 2065 3051 2105 eorum
3084 2051 3468 2123 sycophantia
3498 2055 3776 2110 omnibus

2128 2142 2429 2211 comperta
2457 2136 2552 2206 sit,
2585 2141 2841 2194 attamen
2892 2139 3032 2193 dum
3080 2146 3462 2197 monumenta
3490 2141 3592 2198 illa
3621 2143 3778 2216 lege-

2130 2232 2355 2294 rentur,
2417 2226 2911 2298 deprehendimus
2984 2228 3180 2299 ipsum
3256 2231 3777 2289 sceleratissimum

2134 2317 2451 2389 Ischyram,
2481 2316 2581 2387 qui
2612 2332 2791 2371 vacuo
2841 2317 3212 2389 episcopatus
3244 2320 3501 2387 nomine,
3531 2321 3590 2376 in
3622 2338 3782 2378 mer-

2134 2406 2335 2462 cedem
2366 2404 2757 2477 sycophantiae
2811 2422 2952 2473 suae,
2983 2410 3073 2461 est
3122 2407 3193 2463 ab
3225 2406 3343 2464 illis
3375 2410 3646 2481 donatus,
3680 2428 3784 2466 ca-

2137 2493 2423 2551 lumniam
2456 2510 2625 2549 suam
2658 2510 2991 2567 coarguere.
3036 2496 3099 2550 In
3139 2496 3346 2553 iisdem
3381 2499 3537 2554 enim
3570 2516 3781 2555 monu-

2137 2582 2349 2640 mentis
2380 2583 2658 2637 narrabat
2701 2581 2824 2653 ipse
2860 2582 3146 2656 Ischyras,
3181 2601 3243 2640 se
3272 2602 3391 2656 qua
3419 2586 3564 2643 hora
3592 2587 3781 2644 Maca-

2136 2672 2287 2727 rium
2322 2672 2381 2725 in
2413 2687 2582 2726 suam
2616 2669 2823 2726 cellam
2855 2671 3086 2728 venisse
3117 2672 3468 2747 afﬁrmabat,
3498 2682 3781 2749 aegrotum

2130 2759 2390 2832 jacuisse
2411 2779 2423 2816 :
2448 2759 2629 2815 licete
2661 2764 2863 2815 contra
2878 2760 3191 2817 Eusebiani
3226 2764 3478 2820 scribere
3497 2766 3623 2821 ausi
3643 2767 3788 2836 sint,

2139 2849 2458 2922 Ischyram,
2518 2864 2651 2903 cum
2710 2849 3000 2905 Macarius
3058 2853 3417 2923 supervenit,
3471 2856 3703 2912 stetisse
3731 2862 3791 2912 et

2140 2938 2499 2997 oblationem
2531 2937 2760 2993 fecisse.

376 3034 691 3107 διελάλησε,
738 3034 855 3089 κατ’
920 3031 1127 3102 ἐκείνην
1186 3030 1285 3099 τὴν
1348 3028 1516 3107 ὥραν,
1571 3028 1622 3082 ἐν
1686 3028 1723 3101 ᾗ
1770 3026 2046 3103 Μακάριόν
2089 3023 2413 3097 ἐληλυθέναι
2476 3024 2551 3086 εἰς
2609 3024 2671 3079 τὸ
2716 3023 2937 3079 κελλίον
2988 3026 3180 3081 ἑαυτοῦ
3247 3023 3640 3103 διεϐεϐαιοῦτο,
3706 3054 3796 3087 νο-

375 3129 540 3181 σοῦτα
591 3122 716 3178 τότε
788 3124 1129 3182 κατακεῖσθαι
1205 3116 1392 3172 ἑαυτόν
1429 3138 1442 3151 ·

378 3212 627 3289 Ἰσχύραν
657 3209 749 3265 καὶ
780 3206 1125 3286 προσφέρειν,
1159 3202 1248 3261 ὅτε
1276 3204 1553 3281 Μακάριος
1590 3203 1807 3276 ἐπέστη.

1519 3115 1694 3171 καίτοι
1767 3120 1873 3170 τῶν
1953 3114 2076 3192 περὶ
2144 3108 2403 3171 Εύσέϐιον
2476 3114 2677 3189 γράψαι
2747 3112 3143 3187 τολμησάντων
3221 3117 3429 3172 ἑστάναι
3496 3120 3620 3175 τότε
3696 3122 3791 3176 τὸν

448 3303 537 3359 38.
570 3297 801 3367 Κάκείνη
861 3294 921 3351 δὲ
975 3301 1104 3349 πᾶσι
1162 3293 1363 3373 φανερά
1417 3292 1742 3365 καθέστηκεν
1792 3297 1827 3363 ὴ
1878 3314 2031 3369 συκοέ

2218 3296 2307 3351 38.
2341 3292 2491 3361 Quin
2523 3294 2699 3349 etiam
2720 3309 2790 3349 ea
2819 3310 2935 3365 qua
2954 3299 3087 3366 post
3116 3296 3210 3352 usi
3241 3301 3380 3352 sunt
3408 3299 3795 3371 sycophantia

381 3388 574 3470 φαντία
602 3386 691 3443 καὶ
723 3379 981 3470 διαϐολῇ,
1012 3386 1079 3453 ἢν
1132 3384 1426 3470 ᾐτιάσαντο
1478 3384 1625 3470 μετὰ,
1657 3387 1844 3438 ταῦτα.
1874 3384 2038 3460 Ἔφα-

384 3467 476 3533 σαν
507 3477 610 3554 γὰρ
645 3474 734 3530 καὶ
783 3467 1140 3544 κατεϐόησαν,
1196 3470 1357 3548 φόνον
1411 3467 1722 3545 δεδρακέναι
1758 3470 1850 3525 τὸν
1885 3471 2040 3533 Ἀθα-

387 3566 591 3637 νάσιον,
623 3564 714 3619 καὶ
759 3562 834 3624 ὡς
881 3560 1152 3638 Ἀρσένιόν
1199 3581 1319 3615 τινα
1372 3560 1695 3617 Μελιτιανὸν
1746 3560 2037 3614 ἐπίσκοπον

390 3651 735 3730 ἀνῃρηκέναι,
770 3650 850 3729 ἐφ’
879 3652 924 3723 ᾧ
971 3654 1332 3726 προσποιητῷ
1378 3652 1665 3722 στεναγμῷ
1693 3647 1782 3702 καὶ
1831 3647 2039 3703 πεπλα-

393 3744 613 3817 σμένοις
645 3738 896 3814 δάκρυσιν
931 3738 1302 3816 ὑπεκρίνοντο,
1335 3736 1425 3791 καὶ
1464 3736 1647 3809 ἠξίουν
1695 3740 1792 3790 τοῦ
1844 3740 2043 3805 ζῶντος

396 3833 469 3894 ὡς
498 3830 825 3900 τεθνηκότος
846 3828 909 3883 τὸ
936 3833 1097 3900 σῶμα
1117 3824 1473 3895 ἀποδοθῆναι.
1499 3823 1656 3882 Ἀλλ’
1681 3824 1781 3879 οὐκ
1800 3823 2048 3900 άγνωστα

393 3920 579 3998 γέγονε
634 3921 702 3974 τὰ
757 3917 1062 3996 σοφίσματα
1114 3915 1344 3970 τούτων.
1404 3916 1679 3991 Ἐγνωσαν
1727 3914 1829 3990 γὰρ
1878 3914 2046 3968 ἅπαν-

391 4031 478 4073 τες
510 4012 645 4084 (35),
699 4012 793 4081 ζῇν
840 4007 933 4062 τὸν
980 4007 1288 4082 ἄνθρωπον,
1337 4003 1427 4059 καὶ
1479 4002 1530 4058 ἐν
1586 4008 1703 4065 τοῖς
1758 4007 1915 4072 ζῖυσιν
1966 4002 2047 4074 ἐξ·

394 4098 692 4168 ετάζεσθαι·
742 4095 832 4152 καὶ
878 4090 1066 4163 ἐπειδὴ
1119 4094 1303 4170 ἐώρων
1354 4090 1576 4153 ἑαυτοὺς
1627 4092 1678 4146 οἱ
1708 4091 1845 4167 πρὸς
1877 4092 2051 4146 πάντα

392 4188 635 4265 εὐχερεῖς
687 4182 1144 4261 διελεγχομένους
1205 4180 1293 4237 ἐπὶ
1349 4186 1466 4243 τοῖς
1517 4179 1785 4254 ψεύσμασι
1832 4180 2048 4242 τούτοις

391 4277 574 4352 (αὐτὸς
606 4277 708 4352 γὰρ
744 4278 846 4343 ζῶν
889 4274 918 4327 ὁ
951 4271 1225 4348 ’Δρσὲνιος
1277 4267 1539 4325 ἐδείκνυεν
1590 4270 1775 4325 ἑαυτὸν
1830 4270 1907 4342 μὴ
1956 4269 2049 4323 ἆν-

388 4372 626 4443 ῃρῆσθαι
679 4360 821 4437 μηδέ
866 4358 1224 4433 τεθνηκέναι),
1256 4358 1421 4433 ὅμως
1454 4357 1562 4433 οὐχ
1591 4357 1894 4434 ἡσύχασαν,
1924 4356 2051 4413 ἀλλ’

394 4454 576 4530 ἐτέρας
611 4450 966 4531 συκοφαντίας
996 4448 1133 4525 πρὸς
1179 4453 1299 4509 ταῖς
1352 4446 1641 4523 προτέραις
1672 4446 2050 4531 συκοφαντίαις

397 4542 713 4614 ἐπεζήτουν,
741 4530 834 4595 ’ίνα
862 4537 1026 4594 πάλιν
1064 4536 1542 4611 μηχανησάμενοι,
1567 4530 1906 4591 διαϐάλλωσι
1940 4536 2051 4607 (36)

398 4633 490 4689 τὸν
540 4629 847 4707 ἄνθρωπον.
897 4628 958 4682 Τί
1007 4625 1123 4699 οὖν,
1172 4623 1493 4700 ἀγαπητοί;
1539 4624 1649 4679 Οὐκ
1699 4624 1973 4700 ἐταράχθη
2025 4623 2053 4677 ὁ

402 4719 638 4798 ἀδελφὸς
668 4722 827 4792 ἡμῶν
860 4717 1201 4786 Ἀθανάσιος,
1232 4714 1380 4771 ἀλλὰ
1422 4711 1586 4769 πάλιν
1632 4712 1820 4786 πολλῇ
1850 4711 2061 4788 παῤῥηέ

407 4809 496 4879 σίᾳ
538 4808 851 4883 χρώμενος,
900 4804 1259 4881 προεκαλεῖτο
1306 4802 1395 4859 καὶ
1445 4801 1533 4857 ἐπὶ
1577 4801 1793 4864 τούτοις
1840 4800 2054 4862 αὐτούς·

407 4895 497 4952 καὶ
556 4898 720 4968 ἡμεῖς
777 4892 836 4950 δὲ
879 4893 1170 4971 ηὐχόμεθα
1234 4891 1323 4947 καὶ
1380 4890 1826 4967 προετρεπόμεθα
1863 4888 2055 4945 -ὲλθεῖν

408 4982 604 5046 αὐτοὺς
636 4982 714 5046 εἷς
742 4984 842 5053 τὴν
874 4982 1072 5058 κρίσιν,
1127 4980 1216 5036 καὶ
1266 4977 1415 5055 εἷ’περ
1448 4978 1720 5052 δὺνανται,
1769 4976 2056 5054 διελέγξαι.

407 5076 474 5129 Ὠ
503 5080 604 5143 τῆς
632 5070 853 5140 πολλῆς
884 5070 1194 5144 πλεονεξίας
1223 5070 1235 5126 i
1262 5066 1307 5123 ὣ
1330 5075 1430 5137 τῆς
1456 5066 1635 5138 δεινῆς
1661 5066 2057 5145 ὑπερηφανίαςί

411 5161 625 5239 μᾶλλον
661 5158 739 5234 δὲ,
770 5160 818 5215 εἰ
849 5157 932 5215 δεῖ
973 5157 1210 5230 τάληθὲς
1260 5157 1454 5228 εἰπεῖν,
1487 5154 1532 5211 ὣ
1560 5164 1731 5229 κακῆς
1778 5157 1869 5211 καὶ
1900 5156 2061 5212 ὑπευ-

476 5309 594 5397 Coi?)
625 5306 789 5397 Eas»
822 5299 1516 5397 miraesiriretttr-

479 5372 594 5461 (34)
608 5372 790 5461 βοᾷ,
804 5372 1126 5461 ’ύμῷνζῖᾹξὶί
1148 5390 1281 5461 cum
1301 5372 1552 5461 9'qu
1564 5375 1711 5461 μῶν,
1734 5387 2061 5461 perperam.

408 5443 624 5507 Νέηώί
663 5443 863 5506 νένεὶό
885 5448 971 5504 sic
992 5446 1199 5503 habet:
1231 5444 1398 5500 Nulla
1417 5443 1768 5500 enim'nostfi
1792 5443 1937 5499 ratio
1969 5443 2066 5499 ha-

415 5522 530 5577 bita
554 5524 655 5589 est,
685 5522 782 5595 qui
808 5519 1114 5595 ρνεερῃιθῄ
1149 5515 1903 5595 ,ςιιτπιιδι-Αίιιᾳηαεὶἰειρυαεῖ
1932 5530 2066 5595 vero

414 5586 908 5719 pmnest’episc'opi
930 5586 1183 5647 Serdicae
1204 5586 1390 5645 coacti
1413 5586 1720 5643 Athanasii
1743 5586 2067 5659 presbyteri

446 5678 613 5719 uerin
647 5703 661 5717 .

552 5679 661 5717 ιηῐ..

493 5733 608 5813 (35)
636 5729 1048 5810 Regni-imm,
1108 5731 1261 5793 Mox.
1289 5728 1383 5793 καὶ
1436 5728 1489 5787 ἐν
1530 5730 1651 5793 τοῖς
1696 5730 1855 5802 ζῶσιν
1888 5726 2069 5805 ἐξετά-

2149 3389 2206 3441 et
2233 3384 2530 3441 calumnia
2560 3384 2835 3439 omnibus
2867 3386 3177 3441 manifesta
3196 3391 3303 3442 est.
3334 3388 3579 3445 Aiebant
3610 3390 3796 3459 enim,

2147 3479 2204 3530 et
2235 3472 2466 3545 magnis
2494 3472 2851 3528 clamoribus
2882 3474 3273 3543 affirmabant,
3297 3477 3510 3533 caedem
3541 3479 3800 3535 Athana-

2150 3564 2302 3620 sium
2338 3567 2723 3633 perpetrasse,
2757 3566 2814 3617 et
2844 3564 3153 3619 Arsenium
3186 3566 3501 3635 quemdam
3534 3568 3799 3625 Meletia-

2153 3668 2297 3707 num
2327 3650 2668 3724 episc0pum
2697 3650 3000 3716 occidisse,
3033 3668 3208 3722 quam
3245 3670 3366 3709 rem
3389 3655 3668 3711 simulato
3698 3674 3803 3729 ge-

2155 3741 2302 3795 mitu
2334 3744 2390 3795 et
2435 3738 2600 3794 falsis
2645 3738 2918 3810 lacrymis
2977 3739 3378 3813 deplorabant,
3431 3745 3800 3815 postulantes

2153 3829 2400 3884 viventis
2429 3844 2642 3900 corpus
2674 3828 2844 3899 quasi
2872 3828 2923 3883 is
2970 3834 3237 3887 mortuus
3267 3837 3421 3887 esset
3467 3835 3579 3891 sibi
3621 3836 3800 3891 tradi.

2156 3919 2266 3974 Sed
2297 3934 2413 3973 non
2462 3917 2636 3972 latuit
2694 3918 2847 3973 I24
2904 3934 3107 3973 eorum
3166 3920 3463 3978 vafrities:
3524 3925 3803 3981 omnibus
3860 3929 3864 3932 ’

2154 4006 2312 4062 enim
2343 4010 2708 4076 compertum
2740 4004 2850 4061 fuit
2878 4006 3179 4063 hominem
3209 4008 3416 4079 vivere,
3454 4017 3511 4067 et
3536 4012 3688 4069 inter
3716 4015 3805 4069 vi-

2155 4111 2256 4150 vos
2289 4093 2620 4150 numerari:
2656 4099 2714 4150 et
2754 4111 2889 4150 cum
2949 4098 3351 4168 conspicerent
3399 4099 3483 4156 illi
3531 4103 3603 4158 ad
3635 4119 3811 4161 omne

2158 4182 2351 4240 scelus
2382 4183 2637 4254 prompti
2693 4183 2824 4249 viri,
2857 4201 2920 4240 se
2981 4187 3271 4242 mendacii
3322 4190 3808 4265 convictoszipse

2158 4271 2315 4328 enim
2345 4271 2626 4328 Arsenius
2654 4272 2841 4343 vivus,
2875 4290 2937 4328 se
2969 4274 3210 4331 minime
3233 4278 3491 4334 occisum
3527 4285 3627 4336 aut
3656 4298 3812 4338 mor-

2159 4364 2328 4416 tuum
2356 4376 2485 4416 esse
2514 4358 2706 4430 palam
2738 4359 2909 4427 fecit;
2935 4360 3118 4417 nihilo
3138 4367 3331 4420 tamen
3357 4367 3544 4439 magis
3575 4369 3809 4440 quieve-

2160 4454 2320 4520 runt,
2354 4449 2458 4505 sed
2488 4447 2634 4504 alias
2697 4449 3108 4520 sycophantias
3164 4453 3461 4524 prioribus
3506 4458 3811 4515 addendas

2162 4538 2465 4610 quaesiere,
2495 4542 2563 4594 ut
2591 4538 2896 4608 quibusvis
2946 4540 3237 4597 machinis
3283 4543 3588 4612 adhibitis,
3621 4546 3813 4603 homi-

2167 4643 2301 4683 nem
2334 4627 2527 4683 denuo
2577 4624 3106 4708 calumniarentur.
3158 4630 3306 4695 Quid
3335 4632 3532 4704 igitur,
3565 4634 3814 4692 dilecti?

2166 4715 2551 4787 Nequaquam
2584 4715 2929 4786 perterritus
2975 4720 3065 4771 est
3117 4718 3292 4773 frater
3323 4725 3522 4777 noster
3554 4723 3815 4781 Athana-

2167 4804 2315 4870 sius,
2346 4804 2446 4859 sed
2478 4803 2691 4858 iterum
2722 4820 2937 4876 magna
2968 4822 3080 4861 usu
3112 4806 3453 4875 ﬁducia,eos
3483 4810 3663 4883 injus
3690 4831 3818 4885 pro-

2167 4892 2446 4948 vocabat:
2475 4907 2581 4947 nos
2603 4907 2837 4963 quoque
2864 4895 3197 4966 rogavimus
3218 4896 3550 4971 hortatique
3581 4919 3811 4972 sumus,

2168 4985 2235 5036 ut
2256 4980 2479 5052 judicio
2510 4996 2572 5038 se
2601 4981 2877 5037 sisterent
2906 4987 2983 5053 et,
3017 4984 3063 5039 si
3091 4987 3656 5055 possent,hominem
3681 5008 3815 5047 con-

2167 5070 2485 5125 vincerent.
2520 5068 2564 5124 Ο
2621 5086 2894 5142 magnam
2953 5075 3391 5145 arrogantiam!
3451 5079 3813 5152 oingentem

2170 5158 2507 5230 superbiam
2535 5157 2548 5212 ι
2573 5162 2673 5214 aut
2702 5159 2976 5231 potius,si
2999 5177 3128 5217 vere
3150 5162 3464 5221 dicendum
3486 5172 3594 5235 est,
3626 5186 3658 5224 0
3691 5186 3819 5226 ma-

2174 5303 2382 5384 {a-cea’c‘,
2408 5316 2535 5371 quae
2571 5299 2849 5384 loquendi
2882 5303 3131 5384 formula
3161 5305 3314 5362 infra
3345 5325 3577 5381 quoque
3609 5328 3817 5370 usuve-

2173 5372 2520 5427 nit.'Cicero
2579 5388 2681 5444 pro
2734 5373 3006 5436 Quintio:
3066 5393 3135 5431 ne
3184 5372 3503 5436 numeretur
3558 5385 3706 5439 inter
3732 5387 3818 5440 υἱ-

2171 5459 2283 5499 vos.

2245 5513 2548 5594 (36_).Idem
2572 5513 2733 5594 Reg,
2768 5508 3087 5594 διαϐάλωσι.
3119 5519 3280 5594 Alias
3302 5523 3713 5594 sycophantias
3744 5529 3817 5585 ab

2174 5584 2522 5667 Eusebianis
2551 5584 2804 5667 objéctas
2835 5586 2966 5642 vide
2996 5604 3175 5661 supra
3204 5591 3265 5650 in
3295 5584 3543 5667 epistola
3569 5584 3816 5658 Alexan-

2176 5656 2360 5715 drina
2391 5655 2618 5731 synodi.
