4152 6394
329 380 449 440 319

867 376 934 438 8.
979 373 1408 437 ATHANASII
1451 372 1628 435 OPP.
1670 371 1875 433 PARS
1920 370 1966 431 Ι.
2003 401 2081 414 -
2110 369 2529 435 HISTORICA
2571 373 2672 436 ET
2714 373 3193 440 DOGMATIGA.

3624 386 3746 448 320

332 510 658 584 judicando
690 512 829 566 sunt
858 509 970 565 usi.
1004 509 1136 564 Ideo
1167 507 1345 564 difﬁsi
1376 507 1448 562 iis
1480 523 1627 578 quas
1675 505 1868 561 lusere
1898 504 1965 560 fa'

2099 506 2201 580 φοῦ
2240 504 2329 559 καὶ
2379 505 2776 561 συνεπισκόπου
2805 508 2965 580 ἡμῶν
2997 507 3316 572 ’Δθανασίου
3361 513 3460 581 τήν
3511 515 3744 592 καθαρό-

329 599 507 671 bulis,
542 604 718 672 atque
749 598 1085 654 rumoribus
1116 614 1264 670 quos
1312 597 1383 651 de
1433 595 1534 651 illo
1563 610 1832 668 sparsere
1863 594 1965 648 imt

2090 612 2232 662 τητα
2285 593 2375 669 βία
2424 595 2511 649 καὶ
2564 593 2835 672 τυραννίδι
2869 592 3228 653 συλλαϐέσθαι
3264 599 3622 676 ἐσπούδασαν,
3655 604 3748 660 καὶ

326 689 948 754 animadvertentes,se
963 705 1076 743 non
1091 704 1224 744 vera
1239 702 1406 759 posse
1426 702 1624 741 earum
1642 701 1836 740 rerum
1854 699 1980 754 pro-

327 779 476 835 ferre
500 782 879 851 argumenta;
907 792 1040 831 cum
1083 780 1278 831 essent
1315 775 1375 829 in
1408 775 1550 830 urbe
1581 773 1843 837 Serdica,
1875 787 1979 826 no-

326 867 566 923 luerunt
596 867 667 920 ad
722 866 1013 938 synodum
1061 870 1400 920 sanctorum
1458 863 1723 918 omnium
1755 861 1978 932 episco-

327 972 458 1011 rum
482 955 772 1011 accedere.
799 959 992 1026 Atque
1014 953 1150 1009 hinc
1183 953 1430 1025 aequitas
1464 951 1675 1023 judicii
1699 949 1894 1005 fratris
1923 953 1980 1005 et

329 1043 656 1116 coepiscopi
687 1043 870 1099 nostri
923 1043 1061 1098 Julii
1122 1041 1346 1115 liquido
1402 1040 1693 1112 apparuit,
1729 1039 1827 1111 qui
1860 1055 1976 1093 non

316 1132 630 1190 temerario
662 1132 932 1196 consilio,
993 1133 1095 1187 sed
1156 1148 1290 1186 cum
1353 1129 1551 1186 debita
1607 1127 1977 1184 accuratione

317 1223 673 1278 sententiam
697 1220 852 1287 tulit,
877 1221 1019 1276 adeo
1042 1224 1106 1275 ut
1127 1219 1274 1275 nihil
1313 1219 1391 1275 sit
1425 1218 1587 1274 dubii
1610 1219 1678 1274 de
1710 1233 1975 1274 commu-

316 1312 490 1368 nione
511 1309 708 1366 fratris
730 1311 915 1365 nostri
936 1309 1240 1364 Athanasii
1273 1308 1543 1364 relictum
1570 1323 1584 1361 :
1635 1306 1849 1379 quippe
1873 1303 1974 1376 qui

315 1399 610 1471 octoginta
637 1398 943 1470 episcopos
964 1413 1068 1470 pro
1091 1414 1154 1453 se
1201 1396 1473 1452 habuerit
1516 1411 1749 1452 veraces
1771 1397 1971 1450 testes.

313 1491 356 1544 A
389 1505 504 1561 quo
532 1486 678 1542 illud
709 1502 943 1558 quoque
972 1502 1106 1541 cum
1137 1487 1414 1558 aequitate
1443 1488 1635 1541 actum
1670 1488 1777 1554 est,
1815 1483 1971 1555 quod

315 1594 419 1651 per
438 1576 680 1632 dilectos
703 1576 917 1632 fratres
938 1578 1171 1632 nostros
1219 1575 1590 1647 presbyteros
1624 1589 1786 1644 suos,
1817 1571 1973 1628 126

315 1671 372 1723 et
420 1681 522 1739 per
544 1665 771 1722 litteras
819 1681 979 1732 suas,
1002 1664 1387 1730 Eusebianos,
1429 1680 1545 1720 non
1570 1666 1725 1718 recto
1747 1659 1972 1732 judicio

315 1757 418 1812 sed
438 1755 494 1810 vi
516 1754 715 1822 fretos,
740 1753 1032 1826 sapienter
1070 1753 1330 1810 eluserit.
1383 1753 1748 1824 Quapropter
1768 1767 1972 1807 omnes

315 1844 536 1916 ubique
565 1842 820 1916 episcopi
847 1841 1173 1914 Athanasii,
1207 1847 1405 1914 utpote
1434 1839 1784 1908 innocentis,
1818 1856 1974 1895 com-

315 1933 657 1989 munionem
680 1932 910 1987 ﬁrmam
926 1935 1261 2002 statamque
1273 1931 1555 1987 fecerunt.
1577 1929 1721 1984 [llud
1736 1944 1968 2001 quoque

311 2026 507 2078 vestra
562 2020 818 2078 charitas
877 2019 1317 2076 animadverat:
1363 2020 1508 2076 Cum
1568 2019 1639 2074 ad
1700 2021 1965 2074 sanctam

314 2111 604 2184 synodum
636 2108 886 2165 Sardicae
943 2113 1355 2181 congregatum
1415 2108 1770 2174 advenisset,
1801 2111 1962 2174 tunc,

313 2199 401 2255 uti
429 2216 606 2272 supra
636 2197 915 2264 diximus,
947 2196 1270 2253 Orientales
1300 2197 1627 2269 episcopos,
1651 2199 1709 2251 et
1729 2194 1965 2267 scriptis

311 2287 543 2356 litteris,
577 2290 634 2342 et
663 2287 960 2343 mandatis
1003 2303 1118 2342 non
1176 2285 1433 2357 scriptis,
1466 2303 1499 2340 a
1555 2285 1723 2340 nobis
1757 2284 1966 2340 citatos

309 2379 665 2446 vocatosque
696 2374 895 2442 fuisse,
930 2377 998 2429 ut
1053 2390 1115 2430 se
1163 2373 1388 2444 judicio
1441 2373 1732 2428 sisterent.
1774 2374 1848 2427 At
1879 2371 1964 2426 illi

311 2481 420 2521 sua
449 2480 577 2520 sese
605 2463 923 2518 damnante
953 2462 1330 2530 conscientia,
1361 2461 1636 2534 turpibus
1670 2461 1760 2517 usi
1790 2460 1965 2533 tergi-

310 2552 740 2609 versationibus
762 2551 1054 2623 judicium
1089 2551 1490 2623 subterfugere
1523 2555 1841 2622 ccsperunt.
1864 2550 1965 2605 Po-

312 2640 615 2698 stulabant
645 2639 801 2695 enim
824 2644 889 2694 ut
915 2639 1284 2694 innocentem
1309 2638 1476 2710 quasi
1515 2655 1681 2694 reum
1712 2655 1746 2693 a
1767 2644 1966 2694 nostra

312 2729 727 2786 communione
783 2727 1147 2799 ejiceremus,
1207 2745 1322 2782 non
1379 2728 1742 2783 advertentes
1785 2743 1963 2799 quam

312 2818 618 2884 indecens,
649 2816 767 2871 imo
800 2815 993 2888 potius
1026 2832 1203 2888 quam
1226 2815 1593 2888 impossibile
1614 2815 1755 2871 illud
1784 2819 1960 2871 esset.

311 2906 460 2973 Quin
491 2910 548 2962 et
577 2909 962 2960 monumenta
993 2905 1053 2960 in
1083 2905 1335 2960 Mareote
1385 2905 1542 2960 edita
1573 2922 1606 2959 a
1635 2906 1960 2960 sceleratis-

309 2995 478 3051 simis
509 2998 566 3051 et
601 2993 1019 3066 perditissimis
1061 2994 1416 3065 quibusdam
1467 2993 1959 3062 adolescentibus,

308 3084 524 3158 quibus
547 3101 620 3140 ne
632 3082 945 3138 minimum
964 3084 1202 3155 quidem
1219 3082 1526 3139 clericatus
1539 3085 1785 3155 gradum
1806 3084 1960 3154 quis-

304 3174 462 3246 piam
494 3171 861 3240 contulisset,
894 3188 1013 3227 una
1042 3172 1232 3227 solum
1276 3189 1307 3227 e
1354 3171 1619 3244 partibus
1650 3177 1954 3244 praesente,

305 3244 456 3319 facta
473 3279 602 3319 esse
623 3262 1093 3317 constabatmam
1109 3277 1296 3332 neque
1309 3261 1489 3316 frater
1502 3261 1961 3317 nosterAthana-
1989 3244 2032 3312 C

303 3352 451 3420 sius,
466 3367 656 3423 neque
670 3349 958 3406 Macarius
973 3350 1278 3422 presbyter
1290 3350 1362 3404 ab
1382 3348 1496 3406 illis
1519 3355 1826 3406 accusatus
1843 3349 1963 3406 illic

303 3440 707 3496 adfuerant.Et
718 3438 937 3511 alioqui
952 3455 1152 3494 eorum
1168 3438 1472 3510 inquisitio
1486 3455 1586 3494 seu
1603 3438 1798 3510 potius
1812 3439 1962 3494 frau-

300 3530 541 3586 dulenta
562 3529 867 3598 subjectio,
891 3527 1050 3582 omni
1072 3527 1431 3600 turpitudine
1453 3525 1625 3599 plena
1645 3532 1796 3583 erat:
1825 3545 1958 3584 nam

302 3635 435 3674 cum
457 3617 697 3688 ethnici,
718 3621 846 3672 tum
869 3615 1274 3671 catechumeni
1289 3616 1821 3688 interrogabantur,
1843 3633 1958 3672 non

300 3712 366 3763 ut
383 3724 510 3779 quae
523 3706 1027 3774 scirentdicerent,
1044 3705 1144 3761 sed
1161 3710 1225 3760 ut
1255 3722 1382 3776 quae
1397 3703 1599 3760 abillis
1614 3705 1959 3774 didicerant,

301 3795 450 3852 falso
471 3795 814 3868 proferrent.
858 3794 1164 3865 Siquidem
1188 3799 1247 3850 et
1288 3798 1549 3849 vestrum
1587 3795 1957 3866 presbytero-

191 3905 198 3911 ·
303 3901 457 3954 rum,
491 3884 591 3956 qui
623 3884 862 3939 absente
888 3883 1183 3955 episcopo,
1215 3882 1296 3937 rei
1327 3899 1528 3938 curam
1560 3883 1870 3955 gerebatis,
1894 3901 1959 3940 ac

299 3972 570 4031 voluistis
589 3972 894 4045 quaestioni
913 3972 1217 4038 interesse,
1232 3975 1288 4026 et
1300 3970 1598 4026 veritatem
1615 3972 1957 4043 patefacere,

302 4062 728 4134 mendaciaque
749 4060 1021 4129 refutare,
1045 4059 1207 4115 nulla
1230 4064 1319 4116 est
1339 4059 1542 4116 habita
1563 4060 1707 4116 ratio
1732 4078 1745 4128 ;
1771 4077 1960 4133 neque

302 4152 461 4210 enim
490 4167 592 4207 vos
645 4149 852 4206 adesse
905 4151 1342 4216 concesserunt,
1404 4149 1503 4204 sed
1539 4147 1960 4206 contumeliose

301 4242 619 4313 ejecerunt.
647 4242 726 4295 Ac
748 4237 883 4294 licet
905 4237 1040 4292 hinc
1063 4237 1315 4292 maxime
1349 4253 1551 4292 eorum
1576 4237 1961 4310 schphantia

302 4330 580 4387 omnibus
612 4331 912 4400 comperta
942 4327 1038 4394 sit,
1085 4330 1343 4382 attamen
1401 4326 1543 4382 dum
1575 4331 1960 4382 monumenta

301 4419 403 4475 illa
432 4418 786 4491 legerentur,
820 4415 1314 4488 deprehendimus
1345 4415 1542 4488 ipsum
1577 4415 1955 4471 sceleratissi-

301 4525 464 4563 mum
497 4507 819 4580 Ischyram,
851 4504 954 4576 qui
983 4521 1164 4560 vacuo
1194 4506 1571 4576 episcopatus
1602 4504 1860 4568 nomine,
1893 4503 1953 4559 in

2092 677 2183 735 διὰ
2209 687 2373 737 τοῦτο
2405 679 2527 738 οὕτε
2561 686 2695 756 μετά
2742 684 2994 748 πίστεως·
3025 684 3140 750 οὔθ’
3172 687 3318 751 ὅλως
3365 687 3548 746 δικαία
3594 691 3750 770 γέγο-

2087 791 2174 824 νεν
2208 772 2248 857 ἡ,
2275 772 2403 847 παρ’
2433 771 2648 828 ἐκείνων
2698 773 2872 850 κρίσις
2899 796 2910 808 ·
2967 771 3156 850 διόπερ
3217 775 3343 833 οὐδὲ
3395 779 3746 857 θαρροῦντες,

2091 861 2172 921 οἷς
2206 856 2740 938 ἐδραματούργησαν,
2773 860 2898 918 οὐδὲ
2929 865 3012 926 οἷς
3055 863 3356 939 ἐθρύλησαν
3407 856 3524 924 κατ’
3555 870 3741 945 αὐτοῦ,

2087 946 2234 1003 ἀλλά
2291 949 2379 1003 καὶ
2439 956 2792 1026 θεωροῦντες,
2829 952 2904 1014 ὡς
2963 952 3024 1007 ού
3074 951 3323 1010 δύνανται
3376 959 3740 1033 περὶτούτων

2085 1035 2385 1108 ἀποδείξεις
2443 1034 2589 1114 ἔχειν
2650 1039 2899 1110 ἀληθεῖς,
2931 1041 3195 1117 παρόντες
3243 1044 3318 1107 εἰς
3366 1048 3466 1116 τὴν
3515 1047 3739 1124 Σαρδῶν

2085 1125 2386 1192 πόλιν,ούκ
2401 1127 2674 1198 ἠθέλησαν
2700 1129 2778 1191 εἰς
2802 1131 2900 1198 τὴν
2928 1129 3151 1187 σύνοδον
3184 1135 3398 1189 πάντων
3429 1140 3540 1191 τῶν
3572 1139 3736 1215 άγίων

2084 1213 2394 1271 ἐπισκόπων
2426 1217 2730 1287 ἀπαντῆσαι
2760 1241 2772 1254 ·
2805 1219 2866 1274 ἐκ
2895 1217 2962 1289 δὴ
3019 1220 3219 1277 τούτου
3279 1226 3484 1300 φανερᾶ⁵
3511 1213 3627 1281 καὶ⁷
3654 1224 3736 1282 διο

2082 1304 2206 1359 καία
2235 1305 2556 1376 καθέστηκεν
2587 1309 2622 1376 ἡ
2654 1307 2828 1382 κρίσις
2857 1313 2955 1364 τοῦ
2984 1307 3224 1388 ἀδελφοῦ
3282 1312 3372 1367 καὶ
3416 1315 3732 1371 συνεπισκό-

2081 1414 2188 1448 που
2217 1395 2377 1466 ἡμῶν
2412 1393 2644 1451 Ἰουλίου
2665 1418 2678 1432 ·
2711 1397 2773 1452 οὐ
2802 1398 2903 1474 γὰρ
2933 1397 3156 1454 ἀσκεπτὶ
3192 1396 3566 1477 βεϐούλευται,
3588 1402 3735 1461 ἀλλᾶ

2081 1481 2170 1536 καὶ
2207 1485 2321 1556 μετ’
2352 1483 2667 1557 ἐπιμελείας
2696 1484 2913 1562 ὥρισεν,
2945 1486 3084 1542 ὥστε
3116 1486 3258 1561 μηδὲ
3287 1488 3434 1553 ὅλως
3487 1489 3732 1549 διστάσαι

2081 1571 2207 1646 περὶ
2255 1577 2355 1640 τῆς
2403 1572 2689 1641 κοινωνίας
2737 1578 2836 1629 τοῦ
2879 1571 3120 1654 ἀδελφοῦ
3171 1579 3333 1651 ἡμῶν
3391 1581 3732 1644 ’Δθανασίου.

2082 1659 2219 1735 Εἶχε
2247 1661 2347 1735 γὰρ
2393 1660 2702 1716 ἐπισκόπων
2737 1661 3080 1738 ὀγδοήκοντα
3127 1664 3356 1736 ἀληθεῖς
3415 1670 3691 1746 μάρτυρας
3717 1691 3730 1705 ⁸

2083 1747 2201 1823 εἶχε
2229 1748 2319 1803 καὶ
2348 1753 2510 1805 τοῦτο
2537 1747 2863 1834 δίκαιον,8τι
2896 1749 2985 1806 διὰ
3011 1757 3118 1808 τῶν
3155 1753 3446 1830 ἀγαπητῶν
3479 1755 3731 1834 ἀδελφῶν

2080 1838 2239 1908 ἡμῶν
2292 1840 2400 1892 τῶν
2450 1832 2827 1914 πρεσϐυτέρων
2873 1841 3086 1912 ἑαυτοῦ,
3121 1841 3209 1896 καὶ
3261 1840 3350 1898 διὰ
3391 1832 3729 1920 γραμμάτων

2083 1921 2388 1998 μεθώδευσε
2413 1926 2541 1990 τοὺς
2591 1927 2715 2004 περί
2765 1923 3045 2000 Εὐσέϐιον,
3074 1929 3204 1993 τοὺς
3255 1932 3353 1987 οὐκ
3398 1932 3486 1988 ἐπὶ
3533 1935 3729 2012 κρίσει,

2077 2013 2203 2069 ἀλλ’
2235 2014 2323 2070 ἐπὶ
2359 2015 2449 2090 βίᾳ
2483 2015 2694 2089 μᾶλλον
2731 2015 3197 2094 ἐπερειδομένους.
3231 2022 3386 2076 Ὅθεν
3429 2024 3481 2077 οἳ
3523 2045 3728 2080 παντα-

2076 2107 2182 2178 χοῦ
2262 2103 2456 2166 πάντες
2525 2105 2810 2161 ἐπίσκοποι
2885 2108 2984 2176 τήν
3064 2109 3347 2165 κοινωνίαν
3409 2113 3728 2176 Ἀθανασίου

2075 2187 2402 2248 ἐϐεϐαίωσαν
2464 2192 2553 2248 διὰ
2615 2195 2714 2264 τὴν
2772 2195 3114 2273 καθαρότητα
3170 2198 3356 2255 αὐτοῦ.
3391 2200 3619 2257 Κάκεῖνο
3669 2201 3728 2259 δὲ

2077 2280 2229 2354 ὑμῶν
2260 2283 2295 2351 ἡ
2328 2281 2510 2357 ἀγάπη
2535 2283 2831 2360 συνοράτω·
2851 2283 3071 2355 Ἐπειδή
3098 2285 3174 2349 εἷς
3194 2288 3292 2356 τὴν
3328 2287 3476 2364 ἁγίαν
3498 2287 3724 2346 σύνοδον

2070 2370 2171 2438 τήν
2205 2368 2255 2424 ἐν
2291 2367 2532 2446 Σαρδικῇ
2565 2373 2917 2447 συνάχθεῖσαν
2950 2374 3294 2451 παρεγένετο,
3325 2375 3450 2432 τότε
3480 2374 3570 2451 δὴ,
3592 2379 3730 2434 καθὰ

2072 2457 2429 2534 προείπομεν,
2488 2461 2577 2514 καὶ
2654 2458 2742 2515 διὰ
2793 2462 3132 2536 γραμμάτων
3191 2464 3282 2520 καὶ
3341 2462 3411 2520 δι’
3467 2466 3723 2545 ἀγράφων

2074 2546 2310 2602 ἐντολῶν
2364 2548 2782 2621 ὑπεμνήσθησαν
2837 2552 2887 2605 οἱ
2934 2559 3035 2622 τῆς
3082 2553 3240 2625 ἑῴας,
3274 2553 3363 2610 καὶ
3415 2554 3723 2628 ἐκλήθησαν

2072 2636 2199 2711 παρ’
2229 2637 2390 2708 ἡμῶν
2453 2635 2591 2691 ὥστε
2645 2643 2914 2715 παρεῖναι.
2967 2639 3123 2697 Ἀλλ’
3179 2641 3398 2714 ἐκεῖνοι,
3461 2643 3565 2699 ὑπὸ
3621 2652 3723 2715 τῆς

2074 2720 2434 2794 συνειδήσεως
2510 2727 3064 2801 καταγινωσκόμενοι,
3125 2729 3385 2806 ἀπρεπέσι
3436 2733 3721 2807 χρώμενοι

2071 2815 2391 2890 προφάσεσι,
2465 2813 2775 2890 φυγοδικεῖν
2849 2813 3102 2889 ἤρξαντο.
3178 2818 3386 2892 Ἠξίουν
3463 2822 3566 2896 γὰρ
3630 2823 3720 2877 τὸν

2072 2903 2270 2974 ἀθῶον,
2302 2901 2377 2964 ὡς
2430 2902 2747 2974 ὑπεύθυνον,
2791 2904 2898 2959 ἀπὸ
2945 2912 3046 2976 τῆς
3103 2907 3373 2984 ἡμετέρας
3434 2911 3721 2974 κοινωνίας

2071 2985 2450 3054 ἐκϐάλλεσθαι.
2482 2991 2543 3046 οὐ
2595 2997 2927 3070 συνορῶντες
2983 2995 3057 3058 ὡς
3110 2997 3366 3073 ἀπρεπὲς,
3399 2997 3612 3071 μᾶλλον
3665 2997 3723 3056 δὲ

2069 3075 2328 3133 ἀδύνατον
2357 3074 2430 3148 ἦν
2455 3083 2642 3136 τοῦτο.
2672 3080 2770 3135 Καὶ
2810 3082 2878 3136 τὰ
2918 3082 3288 3157 ὑπομνήματα
3337 3083 3395 3141 δέ
3439 3087 3509 3142 τὰ
3552 3087 3604 3142 ἐν
3644 3092 3722 3161 τῷ

2068 3168 2332 3244 Μαρεώτῃ
2379 3167 2645 3242 γενόμενα
2693 3170 2796 3224 ὑπὸ
2852 3175 3232 3250 παμπονήρων
3281 3173 3370 3230 καὶ
3421 3175 3733 3249 ἐξωλεστά-ι’

2069 3277 2175 3310 των
2203 3261 2365 3312 τινῶν
2396 3258 2699 3334 νεωτέρων,
2731 3259 2812 3322 οἷς
2865 3259 2964 3315 οὐκ
3008 3262 3068 3316 ἄν
3117 3283 3202 3326 τις
3247 3263 3550 3320 ἐπίστευσεν
3597 3263 3722 3322 οὐδὲ

2067 3345 2160 3400 τὸν
2190 3345 2430 3421 τυχόντα
2464 3347 2673 3422 βαθμὸν
2702 3353 2800 3403 τοῦ
2842 3348 3078 3427 κλήρου,
3112 3351 3399 3422 συνέστηκε
3444 3355 3580 3410 κατὰ
3626 3377 3725 3429 μο-

2068 3434 2353 3511 νομέρειαν
2413 3436 2746 3513 πεπράχθαι.
2808 3434 2942 3494 Οὔτε
3019 3441 3120 3516 γὰρ
3181 3442 3209 3496 6
3267 3440 3502 3522 ἀδελφὸς
3559 3446 3720 3518 ἡμῶν

2067 3529 2382 3588 Ἀθανάσιος
2414 3525 2443 3578 ὁ
2475 3524 2788 3598 ἐπίσκοπος,
2823 3523 2947 3582 οὔτε
2993 3526 3270 3606 Μακάριος
3303 3532 3330 3585 6
3356 3527 3721 3610 πρεσϐύτερος

2069 3613 2097 3667 ὁ
2153 3613 2629 3689 κατηγορούμενος
2692 3615 2780 3670 ὑπ’
2838 3615 3016 3672 αὐτῶν
3072 3625 3273 3695 παρῆν.
3310 3620 3409 3675 Καὶ
3467 3620 3622 3695 ὅμως
3681 3625 3716 3694 ἡ

2067 3703 2193 3778 παρ’
2224 3703 2399 3756 αὐτῶν
2434 3702 2721 3780 ἐρώτησις,
2741 3702 2954 3778 μᾶλλον
2989 3703 3046 3760 δὲ
3077 3701 3326 3778 ὑποϐολή
3359 3710 3395 3779 ἡ
3425 3709 3716 3785 γενομένη,

2067 3789 2246 3860 πάσης
2274 3790 2540 3866 αἰσχύνης
2572 3792 2639 3862 ἦν
2689 3795 2855 3866 μεστή
2884 3815 2896 3828 ο
2942 3800 3018 3864 πῆ
3074 3796 3166 3868 μὲν
3217 3796 3321 3873 γὰρ
3382 3796 3605 3870 ἐθνικοὶ,
3637 3806 3714 3871 πῆ

2068 3877 2126 3935 δὲ
2159 3879 2570 3954 κατηχούμενοι
2629 3882 2948 3957 ἠρωτῶντο,
3002 3882 3111 3958 οὐχ
3161 3883 3272 3957 ἵνα,
3325 3886 3458 3960 ἅπερ
3517 3883 3714 3959 ἴσασιν,

2069 3966 2312 4038 εἴπωσιν,
2372 3967 2499 4024 ἀλλ’
2547 3968 2660 4042 ἵνα,
2723 3970 2856 4045 ἅπερ
2931 3977 3056 4045 παρ’
3112 3972 3288 4028 αὐτῶν
3353 3976 3720 4049 μεμαθήκασι,

2067 4057 2392 4132 ψεύσωνται.
2454 4057 2553 4111 Καὶ
2609 4057 2710 4134 γὰρ
2771 4059 2863 4114 καὶ
2939 4060 3089 4134 ὑμῶν
3160 4065 3268 4115 τῶν
3341 4057 3721 4140 πρεσϐυτέρων

2067 4145 2464 4224 φροντιζόντων
2497 4145 2583 4201 ἐπὶ
2613 4150 2682 4220 τῇ
2710 4146 2942 4220 ἀπουσίᾳ
2968 4153 3067 4204 τοῦ
3080 4149 3358 4226 ῥμετέρου
3400 4150 3724 4226 ἐπισκόπου,

2065 4235 2156 4289 καὶ
2219 4234 2570 4311 βουλομένων
2630 4242 2879 4312 παρεῖναι
2930 4236 3018 4292 ἐπὶ
3065 4242 3133 4312 τῇ
3187 4238 3436 4312 ἐξετάσει,
3487 4241 3577 4298 καὶ
3623 4243 3725 4311 τήν

2065 4323 2325 4396 ἀλήθειαν
2359 4321 2555 4398 δεῖξαι,
2581 4325 2671 4380 καὶ
2727 4326 2794 4380 τὰ
2832 4323 3002 4400 ψευδή
3064 4324 3352 4405 διελέγξαι,
3398 4327 3576 4393 οὐδεὶς
3628 4329 3725 4386 λό-

2063 4435 2158 4491 γος
2188 4413 2405 4490 γέγονεν
2439 4436 2450 4449 ’
2485 4414 2587 4470 οὐκ
2617 4413 2908 4491 ἐπέτρεψαν
2941 4415 3042 4492 γὰρ
3078 4416 3218 4490 ὑμᾶς
3273 4423 3544 4495 παρεῖναι,
3576 4418 3725 4475 ἀλλὰ

2063 4503 2153 4556 καὶ
2214 4503 2330 4576 μεθ’
2390 4497 2601 4578 ὕϐρεως
2661 4497 2936 4573 ἐξέϐαλον.
2990 4503 3089 4558 Καὶ
3137 4504 3181 4558 εἴ
3230 4507 3321 4560 καὶ
3367 4504 3434 4561 τὰ
3487 4505 3732 4579 μάλιστα

302 4597 629 4652 mercedem
663 4593 1056 4668 sycophantiae
1087 4610 1229 4661 suae,
1287 4597 1378 4649 est
1423 4593 1496 4647 ab
1527 4591 1646 4647 illis
1679 4592 1958 4659 donatus,

2075 4591 2277 4670 φανερὰ
2320 4597 2449 4646 πᾶσι
2503 4590 2803 4662 καθέστηκε
2847 4593 2940 4647 καὶ
2985 4592 3047 4648 ἐκ
3070 4592 3278 4649 τούτων
3311 4597 3347 4664 ἡ
3377 4595 3727 4674 συκοφαντία,

301 4683 660 4741 calumniam
695 4700 864 4740 suam
897 4698 1228 4754 coarguere.
1284 4682 1346 4736 In
1404 4682 1618 4736 iisdem
1650 4681 1806 4738 enim
1841 4699 1964 4738 m0-

303 4773 604 4829 numentis
635 4773 914 4829 narrabat
943 4772 1070 4844 ipse
1104 4771 1388 4843 lschyras,
1419 4787 1501 4841 se,
1539 4788 1655 4843 qua
1686 4770 1829 4827 hora
1847 4774 1965 4828 Ma-

303 4865 525 4918 carium
545 4861 603 4917 in
622 4878 793 4918 suam
809 4860 1016 4917 cellam
1034 4859 1264 4915 venisse
1299 4859 1654 4928 afﬁrmabat,
1681 4866 1966 4933 egrotum

293 4951 594 5024 jacuisse:
643 4950 776 5007 licet
831 4966 860 5005 e
922 4953 1124 5005 contra
1180 4948 1494 5004 Eusebiani
1553 4949 1806 5005 scribere
1838 4950 1966 5006 ausi

303 5041 444 5110 sint,
478 5040 800 5113 Ischyram,
834 5056 967 5094 cum
997 5037 1287 5094 Macarius
1335 5038 1694 5109 supervenit,
1729 5040 1966 5096 stetisse

303 5135 361 5187 et
389 5129 740 5186 oblationem
777 5129 1005 5185 fecisse.

2076 4680 2251 4754 ὅμως,
2303 4679 2823 4757 ἀναγινωσκομένων
2873 4685 2982 4736 τῶν
3028 4682 3463 4758 ὑπομνημάτων,
3497 4683 3727 4762 εὕρομεν

2075 4770 2236 4824 αὐτὸν
2280 4769 2372 4824 τὸν
2424 4769 2789 4846 παμπόνηρον
2850 4770 3122 4848 Ἰσχύραν,
3171 4771 3263 4827 τὸν
3319 4771 3406 4828 ἐπὶ
3453 4777 3524 4848 τῇ
3575 4795 3735 4830 συκο-

2077 4857 2269 4938 φαντίᾳ
2301 4858 2493 4933 μισθὸν
2527 4861 2651 4934 παρ’
2682 4859 2857 4914 αὐτῶν
2904 4855 3142 4915 λαϐόντα
3187 4861 3251 4916 τὸ
3302 4858 3496 4917 δοκοῦν
3556 4858 3734 4937 ὄνομα

2073 4955 2173 5018 τῆς
2219 4947 2542 5020 ἐπισκοπῆς,
2576 4944 2935 5023 διελέγχοντα
2967 4949 3158 5004 ἑαυτοῦ
3199 4950 3298 5018 τὴν
3350 4951 3730 5031 συκοφαντίαν.

2074 5037 2252 5098 Αὐτὸς
2309 5035 2410 5111 γὰρ
2467 5035 2495 5089 ὁ
2545 5035 2794 5113 Ἰσχύρας
2843 5037 2894 5092 ἐν
2945 5037 3131 5100 αὐτοῖς
3179 5043 3296 5102 τοῖς
3371 5040 3728 5115 ὑπομνήμασι

2075 5124 2393 5196 διελάλησε,
2442 5126 2558 5179 κατ’
2613 5125 2820 5196 ἐκείνην
2884 5126 2983 5195 τήν
3036 5125 3202 5204 ὥραν,
3256 5126 3308 5182 ἐν
3449 5129 3724 5202 Μακάριον

300 5216 623 5286 ἐληλυθέναι
673 5215 748 5278 είς
793 5215 858 5270 τὸ
900 5212 1122 5270 κελλίον
1167 5214 1358 5268 ἑαυτοῦ
1402 5207 1804 5286 ϐιεϐεϐαιοῦτο,
1834 5219 2096 5271 νοσοῦντα
2136 5213 2261 5270 τότε
2306 5219 2650 5278 κατακεῖσθαι
2701 5213 2887 5269 ἑαυτόν
2916 5236 2928 5250 ·
2960 5215 3134 5271 καίτοι
3174 5219 3282 5272 τῶν
3315 5218 3441 5293 περὶ
3471 5210 3722 5273 Εὐσέϐιον

298 5305 501 5382 γράψαι
529 5303 950 5379 τολμησάντων,
987 5301 1196 5357 ἐστάναι
1225 5301 1348 5356 τότε
1375 5302 1467 5356 τὸν
1502 5301 1762 5380 Ἰσχύραν
1796 5305 1886 5358 καὶ
1917 5305 2266 5384 προσφέρειν,
2299 5301 2389 5358 ὅτε
2418 5301 2697 5379 Μακάριος
2729 5302 2947 5374 ἐπέστη.

374 5413 463 5470 42.
498 5414 646 5480 Quin
677 5414 852 5470 etiam
885 5430 954 5469 ea
984 5429 1102 5483 qua
1126 5414 1258 5484 post
1286 5411 1379 5467 usi
1412 5416 1551 5467 sunt
1581 5413 1963 5485 sycophantia

303 5506 361 5558 et
391 5503 688 5558 calumnia
717 5504 994 5558 omnibus
1021 5501 1332 5557 manifesta
1363 5505 1471 5556 est.
1507 5501 1751 5557 Aiebant
1779 5504 1960 5570 enim,

302 5595 359 5649 et
389 5592 622 5664 magnis
653 5591 1011 5649 clamoribus
1041 5591 1438 5658 afﬁrmabant,
1462 5591 1678 5647 caedem
1707 5592 1964 5648 Athana-

304 5681 462 5748 sium
491 5683 877 5758 perpetrasse,
910 5685 968 5740 et
994 5678 1310 5741 Arsenium
1359 5680 1672 5753 quemdam
1705 5678 1960 5742 Meletia-

2144 5416 2232 5470 42.
2290 5410 2519 5481 Κάκείνη
2573 5408 2630 5465 δὲ
2677 5417 2806 5466 πᾶσι
2855 5413 3058 5490 φανερὰ
3104 5413 3428 5483 καθέστηκεν
3478 5411 3514 5480 ἡ
3564 5427 3724 5463 συκο-

2073 5501 2267 5580 φαντία
2296 5498 2385 5554 καὶ
2419 5494 2678 5568 διαϐολὴ,
2707 5501 2774 5569 ἢν
2820 5499 3111 5574 ᾐτιάσαντο
3165 5503 3298 5576 μετὰ
3340 5503 3527 5556 ταῦτα.
3559 5499 3726 5575 ’Ἐφα-

2070 5611 2162 5645 σαν
2198 5589 2298 5666 γὰρ
2340 5589 2430 5643 καὶ
2479 5583 2814 5660 κατεϐόησαν
2859 5588 3016 5667 φόνον
3061 5587 3372 5668 δεδρακέναι
3421 5587 3514 5643 τὸν
3566 5587 3729 5650 Ἀθα-

2067 5678 2275 5758 νάσιον,
2299 5677 2391 5739 καὶ
2420 5675 2496 5754 ὡς
2526 5675 2801 5768 Ἀρσὲνιόν
2832 5698 2976 5757 τινα,
3014 5677 3346 5743 Μελιτιανὸν
3400 5675 3733 5756 ἐπίσκοπον,
