4152 6426
233 473 349 532 325

235 599 564 659 σεϐεστάτων
639 598 929 676 βασιλέων,
967 599 1204 673 μάλιστα
1263 598 1332 656 δι’

235 692 506 753 πολλάκις
557 691 680 766 περὶ
727 694 833 745 τῶν
890 690 1186 765 ἀγαπητῶν
1255 688 1502 769 ἀδελφῶν
1569 694 1725 764 ἡμῶν
1795 693 1885 746 καὶ

237 780 698 857 συλλειτουργῶν,
750 779 1069 843 Ἀθανασίου
1139 779 1436 834 ἐπισκόπου
1484 788 1584 850 τῆς
1636 780 1884 854 Ἀλεξαν-

235 868 436 948 δρείας,
488 870 576 924 καὶ
633 868 960 946 Μαρκέλλου
1024 868 1320 923 ἐπισκόπου
1395 876 1493 938 τῆς
1557 870 1887 946 ’Λγκυρογα-

233 959 443 1017 λατίας.
501 962 656 1021 Ἴσως
716 961 816 1036 γὰρ
862 960 951 1013 καὶ
1005 958 1078 1021 εἷς
1134 958 1270 1030 ὑμᾶς
1325 955 1550 1037 ἔφθασαν
1600 958 1774 1013 αὐτῶν
1832 961 1885 1013 αἱ

233 1044 522 1104 διαϐολαί’
575 1048 664 1103 καὶ
718 1045 848 1110 ἴσως
903 1049 1036 1121 (53),
1098 1048 1185 1102 καὶ
1239 1049 1333 1109 τὰς
1400 1048 1658 1124 ὑμετέρας
1721 1049 1884 1110 ἀκοὰς

233 1138 592 1216 ἐπεχείρησαν
626 1137 1054 1216 παρασαλεῦσαι,
1079 1135 1170 1190 ’ίνα
1209 1137 1344 1192 κατὰ
1388 1139 1480 1210 μὲν
1532 1141 1638 1192 τῶν
1693 1138 1882 1200 ἀοώων

233 1228 265 1282 ἆ
295 1227 517 1304 λέγουσι
567 1227 911 1298 πιστεύσητε,
938 1228 1036 1296 τὴν
1099 1224 1156 1281 δὲ
1195 1233 1296 1296 τῆς
1364 1232 1654 1303 μοχθηρᾶς
1708 1226 1883 1280 αὐτῶν

232 1318 488 1394 αἱρέσεως
537 1316 790 1372 ὑπόνοιαν
845 1316 1235 1392 ἐπικρύψωσιν.
1272 1315 1428 1371 Ἀλλ’
1461 1315 1560 1370 οὐκ
1607 1315 1694 1370 ἐπὶ
1741 1315 1885 1370 πολὺ

229 1412 397 1463 ταῦτα
444 1413 620 1462 ποιεῖν
674 1407 1158 1483 συνεχωρήθησαν.
1204 1405 1354 1459 Ἔστι
1401 1407 1502 1481 γὰρ
1553 1406 1579 1459 ὁ
1625 1404 1884 1480 προϊστά-

235 1519 394 1569 μενος
423 1501 529 1551 τῶν
562 1495 900 1567 Ἐκκλησιῶν
933 1496 1152 1571 Κύριος,
1180 1495 1207 1549 ὁ
1240 1495 1370 1571 ὑπὲρ
1397 1495 1603 1549 τούτων
1639 1494 1726 1549 καὶ
1758 1496 1886 1549 πάν-

227 1608 335 1641 των
362 1589 473 1661 (54)
493 1589 653 1658 ἡμῶν
690 1586 914 1649 θάνατον
953 1581 1456 1658 ὑπομείναςμαὶδΰ
1476 1585 1668 1639 ἑαυτοῦ
1684 1586 1782 1652 τὴν
1808 1584 1883 1646 εἰς

231 1675 456 1751 οὐρανὸν
491 1671 682 1729 ἄνοδον
716 1679 874 1729 πᾶσιν
909 1676 1045 1746 ἡμῖν
1098 1671 1373 1737 δεδωκώς.
1408 1672 1584 1728 Πάλαι
1636 1675 1728 1746 μὲν
1791 1672 1881 1727 οῦν

228 1762 547 1840 γραψάντων
579 1767 685 1818 τῶν
719 1763 842 1838 περὶ
864 1758 1121 1818 Εὐσέϐιον
1141 1763 1356 1836 Ἰουλίῳ
1377 1767 1454 1834 τῷ
1478 1761 1885 1838 συλλειτουργῷ

231 1855 390 1926 ἡμῶν
439 1857 518 1925 τῷ
560 1861 661 1922 τῆς
705 1853 992 1926 Ῥωμαίων
1051 1852 1375 1921 Ἐκκλησίας
1424 1851 1704 1924 ἐπισκόπῳ
1751 1853 1886 1907 κατά

229 1946 337 1996 τῶν
370 1942 786 2018 προειρημένων
831 1941 1268 2018 συλλειτουργῶν
1321 1945 1503 2014 ἡμῶν,
1533 1941 1764 2018 λέγομεν
1813 1940 1879 2010 δὴ

229 2031 568 2102 ’Δθανασίου,
629 2031 717 2085 καὶ
779 2031 1129 2107 Μαρκέλλου,
1171 2031 1261 2085 καὶ
1308 2031 1615 2104 ἰλισκληπᾶ,
1649 2031 1881 2107 ἔγραψαν

229 2121 316 2175 καὶ
367 2121 419 2175 οἱ
450 2122 559 2194 (55)
592 2120 697 2175 ἀπὸ
747 2126 851 2173 τῶν
913 2120 1095 2176 ἄλλων
1153 2125 1330 2197 μερῶν
1381 2121 1687 2192 ἐπίσκοποι,
1745 2141 1882 2195 μαρ-

227 2215 511 2286 τυροῦντες
594 2211 686 2282 μὲν
747 2213 816 2283 τῇ
878 2209 1205 2286 καθαρότητι
1280 2215 1376 2265 τοῦ
1460 2209 1883 2286 συλλειτουργοῦ

228 2302 386 2372 ἡμῶν
449 2299 788 2371 Ἀθανασίου,
845 2299 913 2352 τὰ
969 2296 1026 2352 δὲ
1083 2299 1228 2374 παρά
1275 2303 1382 2352 τῶν
1443 2295 1566 2374 περῖ
1623 2293 1880 2353 Εὐσέϐιον

228 2389 497 2464 γενόμενα
576 2385 745 2460 μηδὲν
812 2385 994 2464 ἕτερον
1053 2388 1088 2457 ἢ
1149 2386 1318 2461 ψευδῆ
1377 2389 1466 2442 καὶ
1528 2388 1880 2466 συκοφαντίας

232 2477 368 2531 εἶναι
429 2476 630 2551 μεστά·
694 2477 782 2531 καὶ
840 2477 885 2530 εἷ
943 2477 1030 2531 καὶ
1078 2477 1145 2531 τὰ
1206 2477 1441 2549 μάλιστα
1499 2478 1556 2532 ἐκ
1598 2483 1694 2532 τοῦ
1742 2476 1883 2548 κλη-

234 2567 418 2631 θέντας
453 2568 563 2641 (56)
622 2565 819 2628 αὐτοὺς
875 2567 1022 2643 παρᾶ
1072 2572 1170 2621 τοῦ
1224 2568 1507 2642 ἀγαπητοῦ
1575 2570 1733 2640 ἡμῶν
1791 2567 1879 2621 καὶ

233 2653 662 2732 συλλειτουργοῦ
712 2655 943 2711 Ἰουλίου
1005 2657 1078 2728 μή
1138 2656 1460 2726 ἀπαντῆσαι,
1512 2657 1600 2712 καὶ
1661 2657 1720 2711 ἐκ
1772 2660 1877 2710 τῶν

230 2743 544 2823 γραφέντων
597 2745 742 2820 παρά
786 2749 883 2799 τοῦ
928 2745 1092 2799 αὐτοῦ
1139 2745 1369 2801 Ἰουλίου
1429 2746 1628 2824 φανερὰ
1670 2745 1877 2800 τούτων

229 2837 265 2905 ἡ
301 2833 626 2912 συκοφαντία
681 2835 916 2909 πέφηνεν
946 2856 958 2868 ο
1010 2834 1183 2903 ἦλθον
1244 2835 1347 2912 γὰρ
1398 2833 1480 2904 ἃν,
1518 2832 1665 2911 εἰπερ
1726 2834 1878 2910 ἐθάρ-

227 2922 354 3000 ρουν
406 2925 488 2985 οἷς
533 2921 762 3000 ἔπραξαν
813 2924 903 2978 καὶ
951 2926 1281 2994 πεποιήκασι
1332 2924 1467 2979 κατά
1506 2928 1612 2978 τῶν
1667 2922 1882 2978 συλλει-

222 3017 468 3090 τουργῶν
548 3016 746 3085 ἡμῶν·
809 3011 962 3086 ὅμως
1011 3014 1102 3067 καὶ
1162 3012 1212 3084 ἐξ
1270 3015 1342 3067 ὧν
1411 3015 1771 3084 πεποιήκασιν
1828 3011 1879 3066 ἐν

222 3099 391 3174 ταύτῃ
418 3103 488 3174 τῇ
521 3099 645 3176 ἁγίᾳ
671 3101 762 3154 καὶ
815 3099 1026 3174 μεγάλῃ
1084 3097 1294 3172 συνόδῳ
1353 3101 1723 3178 φανερωτέραν
1780 3100 1879 3168 τήν

224 3190 427 3244 ἑαυτῶν
485 3190 746 3257 συσκευὴν
809 3187 1105 3260 ἀπέδειξαν.
1167 3191 1600 3259 Ἀπαντήσαντες
1655 3189 1755 3264 γὰρ
1805 3189 1880 3250 εἷς

219 3281 322 3348 τὴν
357 3280 468 3352 (57)
498 3275 721 3353 Σαρὸῶν
757 3277 944 3348 πόλῖν,
980 3276 1185 3340 ἰδόντες
1225 3277 1351 3340 τοὺς
1402 3276 1672 3356 ἀδελφοὺς
1719 3281 1878 3350 ἡμῶν

1356 471 1752 532 APOLOGIA
1796 472 2106 532 CONTRA
2155 475 2522 536 AltlANUS.

1390 602 1522 678 ἅπερ
1581 601 1879 678 ἐορόλλουν

2000 605 2199 660 nistris
2233 607 2448 662 nostris
2482 607 2798 662 Athanasio
2854 607 3127 678 episcopo
3184 606 3568 674 Alexandriae,
3598 611 3657 663 et

1915 1990 1962 2054 B

3535 475 3653 534 326

1999 695 2273 750 Marcello
2297 697 2566 768 episcopo
2590 695 3067 769 Ancyrogalatiae,
3092 695 3496 767 disquirenda.
3521 697 3656 752 For-

1996 788 2155 840 tasse
2186 785 2341 840 enim
2370 786 2440 840 ad
2471 802 2571 840 vos
2602 802 2833 856 quoque
2883 790 3274 858 pervenerunt
3323 801 3526 841 eorum
3559 803 3654 842 ca-

1997 873 2234 928 lumnim
2262 893 2273 930 :
2308 875 2552 930 fortasse
2586 879 2643 930 et
2680 880 2905 930 vestras
2957 891 3128 930 aures
3160 891 3526 932 commovere
3559 892 3654 932 co-

1996 962 2116 1018 nati
2143 966 2302 1033 sunt,
2326 979 2440 1035 quo
2463 963 2587 1019 suis
2615 964 2898 1020 adversus
2921 963 3190 1020 innoxios
3212 963 3528 1021 calumniis
3548 982 3653 1022 vos

1996 1051 2170 1106 ﬁdem
2214 1051 2524 1120 haberetis,
2555 1051 2785 1124 ipsique
2810 1053 3042 1108 interim
3076 1052 3307 1110 nefariae
3331 1071 3450 1109 suae
3472 1054 3654 1110 haere-

1997 1141 2078 1196 sis
2112 1140 2507 1211 suspicionem
2549 1141 3013 1197 dissimularent.
3063 1143 3172 1196 Sed
3204 1159 3320 1197 non
3353 1142 3452 1197 diu
3482 1141 3652 1197 licuit

1997 1230 2054 1284 id
2089 1246 2294 1302 agere:
2329 1235 2416 1285 est
2447 1230 2602 1285 enim
2636 1230 2736 1302 qui
2778 1230 3051 1286 Ecclesiis
3102 1231 3504 1304 patrocinatur
3532 1236 3646 1288 Do-

1997 1318 2217 1389 minus,
2249 1319 2349 1391 qui
2379 1337 2483 1391 pro
2515 1319 2586 1374 iis
2618 1324 2675 1374 et
2715 1336 2818 1391 pro
2868 1321 3039 1375 nobis
3091 1321 3367 1376 omnibus
3399 1325 3650 1378 mortem

1997 1407 2197 1474 subiit,
2233 1426 2299 1463 ac
2330 1425 2431 1480 per
2456 1409 2720 1480 seipsum
2753 1409 3030 1464 omnibus
3054 1409 3222 1465 nobis
3240 1410 3467 1465 aditum
3489 1411 3653 1466 dedit

1995 1498 2065 1551 ad
2092 1497 2323 1553 coelum.
2347 1503 2488 1553 Cum
2523 1499 2704 1570 igitur
2730 1499 2855 1567 jam
2893 1497 3118 1570 pridem
3150 1498 3464 1554 Eusebiani
3493 1500 3652 1556 Julio

1995 1586 2400 1642 comministro
2433 1592 2632 1642 nostro
2667 1587 2940 1643 Romanae
2972 1587 3242 1643 Ecclesiae
3263 1587 3534 1662 episcopo
3556 1588 3654 1647 lit-

1994 1678 2150 1730 teras
2181 1676 2556 1747 scripsissent
2600 1681 2802 1732 contra
2857 1675 3163 1749 praedictos
3217 1677 3656 1735 comministros

1996 1768 2250 1831 nostros,
2285 1782 2493 1838 nempe
2532 1765 2944 1830 Athanasium,
2999 1764 3339 1821 Marcellum
3374 1769 3430 1821 et
3451 1765 3656 1823 Ascle-

1995 1870 2129 1924 pam
2156 1872 2168 1921 ;
2203 1854 2569 1926 scripserunt
2592 1870 2825 1926 quoque
2856 1853 2953 1909 alii
2980 1871 3048 1910 ex
3069 1853 3200 1910 aliis
3235 1854 3504 1927 partibus
3534 1855 3657 1927 epi-

1995 1943 2177 2015 scopi,
2211 1944 2313 2014 qui
2360 1943 2570 1999 litteris
2618 1943 2745 1999 suis
2793 1944 2865 1998 de
2914 1943 3216 1999 Athanasii
3263 1943 3656 2000 comministri

1995 2033 2180 2087 nostri
2204 2033 2538 2089 innocentia
2561 2033 2778 2089 ferrent
2807 2033 3214 2088 testimonium
3248 2049 3261 2087 :
3295 2050 3422 2105 quae
3456 2037 3654 2090 autem

1995 2121 2067 2176 ab
2101 2121 2445 2176 Eusebianis
2468 2127 2632 2194 gesta
2655 2126 2873 2190 essent,
2899 2121 3218 2178 mendaciis
3251 2125 3307 2177 et
3336 2121 3652 2180 calumniis

1995 2209 2168 2283 plena
2189 2227 2316 2267 esse
2337 2212 2698 2268 afﬁrmarent
2721 2236 2734 2280 ;
2774 2210 3008 2267 tametsi
3038 2211 3176 2266 hinc
3206 2212 3530 2284 praesertim
3553 2229 3652 2269 eo-

1995 2318 2124 2356 rum
2158 2301 2541 2373 sycophantia
2570 2301 2871 2373 propalam
2904 2301 3036 2368 fuit,
3087 2301 3242 2372 quod
3287 2301 3472 2357 vocati
3504 2318 3538 2357 a
3567 2303 3654 2357 di-

1992 2388 2138 2444 lecto
2159 2394 2216 2446 et
2239 2390 2646 2446 comministro
2669 2395 2870 2446 nostro
2895 2389 3074 2460 Julio,
3102 2407 3216 2446 non
3241 2391 3649 2463 accessissent,

1993 2480 2146 2551 quod
2181 2479 2316 2535 item
2351 2496 2416 2535 ex
2457 2479 2602 2550 ipsis
2651 2478 2791 2534 Julii
2823 2479 3057 2551 scriptis
3095 2479 3470 2551 perspicuum
3501 2484 3647 2537 erat.

1990 2569 2305 2624 Venissent
2351 2569 2507 2624 enim
2561 2568 2609 2622 si
2669 2568 2741 2623 iis
2797 2585 2922 2640 quae
2981 2572 3184 2624 contra
3213 2569 3652 2626 comministros

1992 2663 2222 2713 nostros
2257 2661 2513 2729 egerant,
2549 2657 2822 2712 ﬁduciam
2846 2656 3214 2712 habuissent.
3247 2657 3654 2730 Conspiratio-

1992 2763 2126 2802 nem
2158 2751 2355 2803 tamen
2414 2763 2582 2802 suam
2642 2746 3014 2802 manifestius
3073 2745 3446 2802 declararunt
3475 2764 3544 2803 ex
3577 2747 3652 2803 iis

1992 2854 2119 2908 quae
2147 2836 2204 2891 in
2238 2835 2338 2891 illa
2367 2844 2568 2892 sancta
2597 2840 2652 2891 et
2683 2852 2897 2907 magna
2946 2836 3168 2907 synodo
3212 2851 3465 2907 gessere.
3498 2836 3645 2892 Cum

1991 2924 2149 2980 enim
2171 2924 2472 2980 Serdicam
2496 2923 2888 2995 advenissent,
2913 2924 3240 2996 conspectis
3263 2925 3341 2980 ibi
3366 2925 3648 2981 fratribus

1992 3014 2210 3069 nestris
2267 3013 2612 3081 Athanasio,
2669 3013 2941 3069 Marcello
3000 3017 3058 3070 et
3113 3012 3360 3086 Asclepa
3398 3013 3650 3085 aliisque

1985 3103 2210 3174 judicio
2243 3119 2304 3158 se
2363 3103 2570 3158 sistere
2627 3103 3123 3158 reformidarunt:
3187 3119 3290 3158 nec
3335 3103 3514 3158 semel
3546 3107 3652 3158 aut

1994 3192 2104 3259 bis,
2141 3193 2240 3248 sed
2274 3191 2622 3264 plerumque
2652 3191 2710 3246 in
2753 3193 2855 3262 jus
2902 3191 3094 3247 vocati
3137 3208 3253 3246 non
3285 3191 3650 3262 obtempera-

1995 3287 2131 3336 runt
2157 3300 2169 3348 ;
2203 3282 2474 3352 quamvis
2503 3298 2610 3337 nos
2642 3298 2845 3337 omnes
2863 3281 3120 3353 episcopi
3145 3280 3652 3349 convenissemus,

221 3367 563 3437 Ἀθανάσιον,
629 3366 721 3421 καὶ
799 3365 1146 3442 Μάρκελλον,
1223 3367 1311 3421 καὶ
1386 3367 1724 3439 Ἀσκληπᾶν,
1796 3367 1884 3422 καὶ

2001 3370 2178 3442 inque
2213 3369 2421 3441 primis
2444 3368 2796 3425 felicissimae
2827 3368 2915 3424 vir
2944 3369 3263 3425 senectutis
3292 3368 3523 3440 Hosius,
3557 3368 3657 3440 qui

218 3456 349 3518 τοὺς
384 3453 612 3528 ἄλλους,
647 3451 996 3533 ἐφοϐήθησαν
1049 3456 1123 3518 εἰς
1172 3457 1346 3532 κρίσιν
1397 3457 1596 3526 ἐλθεῖν,
1629 3457 1718 3512 καὶ
1779 3457 1886 3531 οὐχ

224 3546 386 3617 ἅπαξ,
417 3541 544 3598 οὐδὲ
603 3541 876 3619 δεύτερον,
910 3543 1058 3600 ἀλλὰ
1105 3545 1194 3600 καὶ
1244 3545 1516 3607 πολλάκις
1569 3544 1883 3617 κληθέντες,

223 3632 326 3688 οὐκ
382 3631 687 3704 ἐπήκουσαν
752 3636 863 3707 (58)
915 3640 1035 3696 ταῖς
1109 3634 1372 3705 κλησεσι·
1434 3635 1612 3689 καίτοι
1670 3634 1883 3689 πάντων

217 3725 386 3795 ἡμῶν
438 3721 804 3778 συνελθόντων
859 3722 1192 3795 ἐπισκόπων,
1227 3724 1317 3778 καὶ
1371 3723 1607 3798 μάλιστα
1653 3728 1750 3778 τοῦ
1801 3723 1886 3778 εῦ-

219 3809 533 3888 γηροτάτου
578 3812 778 3884 Ὃσίου,
825 3817 923 3868 τοῦ
972 3813 1063 3868 καὶ
1114 3811 1202 3867 διὰ
1251 3813 1342 3868 τὸν
1395 3812 1595 3890 χρόνον
1647 3814 1738 3867 καὶ
1787 3813 1885 3881 τὴν

220 3899 525 3976 ὁμολογίαν
597 3903 685 3956 κάὶ
740 3899 829 3956 διὰ
882 3902 946 3956 τὸ
998 3907 1259 3958 τοσοῦτον
1309 3904 1551 3976 κάματον
1607 3903 1885 3976 ὑπομεμε-

217 3991 444 4061 νηκέναι
491 3989 673 4062 πάσης
723 3989 910 4054 αἰδοῦς
956 3991 1105 4063 ἀξίου
1151 3991 1542 4068 τυγχάνοντος,
1591 3991 1886 4065 ἀναμενόν-

213 4100 330 4135 των
390 4081 480 4135 καὶ
551 4084 1016 4157 προτρεπομένων
1079 4081 1273 4144 αὐτοὺς
1335 4080 1594 4146 εἰσελθεῖν
1656 4081 1731 4144 εἷς
1786 4082 1885 4150 τήν

212 4168 430 4244 κρίσιν,
451 4167 524 4222 τίν’
555 4170 691 4246 ἅπερ
754 4170 1004 4226 ἀπόντων
1067 4175 1174 4225 τῶν
1239 4169 1674 4248 συλλειτουργῶν
1725 4172 1886 4244 ἡμῶν

215 4255 574 4331 ἐθρύλλησαν
639 4260 752 4331 (59)
809 4259 899 4314 καὶ
965 4255 1201 4334 ἔγραψαν
1262 4261 1394 4326 ,κατ’
1467 4260 1665 4332 αὐτῶν,
1723 4263 1890 4313 ταῦτα

301 4383 432 4508 (53)1
448 4382 512 4437 In
542 4382 682 4455 Reg.
713 4381 801 4436 καί
834 4385 1016 4468 deest.
1052 4384 1115 4438 In
1170 4384 1344 4440 editis
1398 4383 1633 4470 legitur.
1667 4384 1888 4441 Theod.

301 4472 364 4508 ro
439 4471 555 4508 unc
586 4453 780 4508 locum
813 4471 898 4508 διο
930 4455 1126 4508 habet.
1151 4453 1224 4508 ὡς
1247 4453 1335 4507 καὶ
1356 4475 1473 4508 τας.
1497 4473 1696 4508 mlnus
1717 4463 1888 4508 recte.

215 4453 378 4526 vero,
396 4453 555 4509 hunc
586 4453 780 4510 locum
813 4455 898 4511 sic
930 4455 1126 4526 habet,
1151 4453 1224 4515 ὡς
1247 4453 1335 4507 καὶ
1356 4453 1696 4526 τὰςξῑῃὶηιλε
1717 4463 1889 4513 recte.

226 4525 422 4582 Paulo
449 4529 581 4594 post
610 4527 830 4582 Theod.
866 4525 1173 4594 πιστεύητε.

305 4598 420 4673 (54)
449 4596 694 4673 Theod.,
727 4597 817 4673 xui
852 4596 984 4673 ὑπὲρ
1026 4598 1261 4673 πᾴντξυν.
1312 4598 1440 4673 Mox
1469 4614 1673 4673 omnes
1693 4599 1890 4673 _The_o-

216 4665 424 4725 doreti
457 4669 599 4724 editi
647 4665 964 4734 mendose;
1006 4668 1095 4722 καὶ
1157 4665 1227 4722 δι’
1283 4667 1444 4728 αὐτὰς
1504 4669 1602 4736 τὴν
1665 4668 1739 4730 είς
1773 4669 1834 4723 οὗ
1879 4716 1891 4728 .

216 4744 446 4796 Postea
477 4740 616 4796 editi
663 4740 791 4798 ὑμῖν
848 4738 1123 4798 δεδωκώς.
1183 4741 1306 4798 Reg
1361 4740 1536 4797 Basil.
1570 4747 1626 4797 et
1654 4689 1896 4798 Theo!"
1931 4733 1977 4797 D

1859 4785 1896 4812 ’ἲ

213 4744 446 4796 Postea
477 4740 616 4796 editi
663 4740 791 4813 ὑμῖν
848 4738 1123 4803 δεδωκώς,
1183 4741 1306 4814 Reg
1361 4740 1536 4797 Basil.
1570 4747 1626 4797 et
1654 4741 1809 4798 Theo

213 4814 368 4862 ἡμῖν
403 4804 677 4862 δεδωκώς-

319 4814 368 4862 Iv
403 4804 677 4867 δεδωκώς.

213 4814 368 4883 ἡμῖν
403 4814 677 4872 δεδωκώς.

268 4883 452 4968 ‘Qua‘;
471 4886 799 4968 sequuntur
837 4889 1032 4968 autem
1065 4885 1148 4968 sic
1190 4884 1367 4968 haebet
1411 4882 1627 4968 Theod.
1659 4901 1672 4941 :
1705 4881 1884 4968 Πάλαι

217 4953 331 5029 μὲν
392 4948 482 5005 οὖν
536 4948 764 5027 ἐῖίραψαν
814 4956 864 5008 οἱ
905 4956 1027 5031 περὶ
1076 4948 1333 5010 Εὗσέϐιον
1381 4955 1468 5008 καὶ
1517 4955 1603 5008 Mi
1647 4975 1745 5025 ιον,
1794 4956 1884 5009 καὶ

217 5022 514 5077 Θεόδωρον
547 5023 637 5077 καὶ
663 5025 932 5077 Θεόγνιον-
967 5024 1056 5077 καί
1105 5025 1401 5077 Οὐοσάκιον
1452 5025 1540 5077 καὶ
1591 4974 1882 5077 (εὐάλεντα-

211 5022 637 5102 Θεόδωρον-καὶ
663 5022 934 5102 Θεόγνιον,
1105 5025 1401 5102 Οὐρσάκιον
1429 5025 1540 5102 ,καὶ
1591 5022 1884 5102 Οὐάλεντα,

210 5096 324 5155 καὶ
375 5095 726 5174 Μξηνόφαντον
779 5095 1220 5174 ’καὶ-Α’-Στέφανον
1273 5095 1489 5169 Ἰουλίῳ
1525 5102 1632 5174 Ατῷ
1673 5095 1889 5174 συλλειὲ

211 5171 476 5252 τουργῷ,
494 5170 640 5252 quae
668 5170 752 5252 sic
784 5186 858 5252 a_c_
877 5170 1094 5252 Hilario
1119 5174 1446 5252 versasunt
1470 5187 1481 5224 :
1510 5170 1656 5252 Οιίηε
1675 5171 1892 5252 quidem

210 5241 604 5302 scribentibus
658 5242 909 5312 Eusebio,
990 5243 1186 5312 Mario,
1260 5243 1544 5314 Theodoro,
1615 5241 1890 5314 Dibgnito,

215 5314 461 5374 Ursacio
517 5316 568 5369 et
631 5314 866 5385 Valente,
925 5315 1070 5370 Julia
1139 5313 1531 5382 consacerdotz',
1564 5383 1571 5385 Α
1607 5313 1731 5369 etc.
1777 5315 1895 5371 Hos

207 5385 482 5446 Arianos
513 5385 792 5456 praesules
853 5383 1119 5442 consulto
1168 5387 1240 5440 ab
1293 5383 1612 5441 Athanasio
1644 5385 1895 5442 omissos

209 5457 422 5530 fuisse
443 5461 742 5526 putamus,
769 5457 1036 5530 quialias
1059 5473 1485 5530 nonnunquam
1508 5457 1749 5530 nomina
1770 5475 1898 5530 pro-

207 5527 565 5601 vinciarum
597 5527 1012 5600 praetermittit,
1072 5530 1229 5601 quod
1289 5527 1449 5598 parvi
1510 5529 1578 5582 ad
1615 5545 1738 5601 rem
1769 5527 1897 5600 quae

213 5597 438 5674 agitur
457 5597 575 5674 sin_t
599 5597 904 5674 momenti.
950 5597 1379 5674 Menophantus
1409 5614 1542 5674 vero
1575 5603 1630 5654 et
1656 5597 1898 5672 Stepha-

210 5668 356 5733 nﬁs
402 5668 557 5750 apud
609 5669 1059 5750 Theodoretum_
1087 5668 1364 5750 irrepisse
1410 5668 1902 5750 videnturtame-

211 5739 489 5816 nuensis
519 5739 835 5816 imperitia,
890 5744 990 5816 qui
1046 5744 1155 5800 hos
1206 5739 1513 5816 episcopos
1569 5739 1723 5816 quod
1751 5744 1905 5816 infra

210 5811 647 5884 nominentur,
680 5812 797 5873 huc
828 5811 1060 5890 quoque
1091 5811 1322 5892 putavit
1350 5811 1717 5874 inserendas.
1746 5815 1904 5875 Alias

1995 3459 2069 3514 ob
2128 3463 2355 3515 aetatem
2417 3464 2476 3514 et
2531 3459 2962 3514 confessionem
3021 3463 3078 3514 et
3131 3459 3204 3514 ob
3261 3462 3655 3514 tantumase

1998 3553 2338 3621 susceptum
2371 3547 2654 3614 laborem,
2703 3547 2863 3603 omni
2922 3552 3010 3603 est
3065 3547 3386 3603 reverentia
3416 3547 3654 3619 dignus.

1998 3637 2488 3709 Exspectantibus
2522 3636 2704 3709 igitur
2732 3637 2902 3692 nobis
2959 3640 3134 3708 atque
3190 3636 3561 3692 hortantibus
3594 3641 3660 3692 ut

1989 3727 2215 3798 judicio
2245 3743 2307 3782 se
2339 3725 2633 3796 sisterent,
2663 3743 2778 3798 quo
2830 3742 2896 3781 eo
2928 3742 3053 3797 quae
3111 3730 3316 3782 contra
3345 3725 3655 3782 commini-

1999 3822 2152 3874 stros
2183 3821 2418 3873 nostros
2449 3817 2720 3872 absentes
2752 3819 3110 3888 sparserant,
3144 3820 3202 3871 et
3230 3814 3444 3871 litteris
3473 3815 3654 3888 signi-

1999 3906 2265 3972 ficarent,
2287 3904 2409 3960 haec
2432 3904 2560 3976 ipsa
2581 3921 2774 3959 coram
2799 3904 3044 3977 probare
3057 3909 3295 3977 possent
3314 3921 3327 3960 :
3347 3903 3430 3960 illi
3450 3904 3655 3976 utique

1999 3993 2384 4066 quantumvis
2412 3993 2618 4060 vocati,
2668 4010 3043 4065 nequaquam
3089 4010 3404 4063 accessere,
3436 3993 3519 4049 uti
3553 4011 3655 4050 su-

1998 4101 2104 4157 pra
2120 4083 2394 4153 diximus,
2413 4082 2666 4154 hincque
2683 4082 3039 4139 calumniam
3057 4083 3361 4155 prodidere
3373 4099 3542 4138 suam
3560 4099 3572 4138 :
3590 4099 3657 4139 ac

1999 4175 2128 4247 ipsa
2153 4171 2518 4228 recusatione
2539 4171 2954 4244 sycophantias
2994 4189 3060 4228 ac
3096 4171 3342 4229 insidias
3364 4188 3505 4227 suae
3529 4175 3658 4226 tan-

1999 4267 2125 4318 tum
2152 4278 2266 4317 non
2289 4259 2752 4333 proclamarunt.
2787 4260 2896 4326 Qui
2921 4261 3075 4316 enim
3101 4260 3277 4316 dictis
3297 4260 3422 4316 suis
3442 4259 3664 4315 habent

2001 4386 2155 4444 enim
2190 4391 2414 4442 certum
2449 4389 2538 4439 est
2571 4383 2934 4456 Stephanum
2972 4385 3199 4440 vivente
3233 4384 3663 4456 Eusebio__no_n-

2001 4461 2144 4515 dum
2201 4458 2545 4530 episcopum
2620 4453 2938 4512 Antiochiae
3015 4456 3217 4527 fuisse,
3299 4456 3400 4511 sed
3458 4453 3664 4510 Flacil-

2002 4531 2187 4672 1υῗ55)
2220 4599 2462 4672 Theod.,
2511 4593 2840 4672 )téyopsvﬁ‘e
2874 4595 3193 4672 Ἀθανασίου
3231 4600 3333 4672 τοῦ
3367 4594 3664 4672 ἐπισκόπου

2008 4665 2415 4746 Ἀλεξανδρείας
2450 4665 2540 4746 καὶ
2574 4665 3025 4746 Ιᾙαρκέλλ-ουγτοῦ
3057 4667 3352 4746 ἐπισκόπου
3394 4669 3662 4746 Ἀγκυρος

2009 4737 2295 4870 γαλατίαξ,
2327 4742 2416 4795 καὶ
2464 4737 2712 4797 Ἀσκλπᾶ
2745 4743 2842 4794 τοῦ
2892 4740 3086 4810 Γάζης.
3136 4741 3414 4814 Ἔγραψαν
3466 4737 3523 4796 δὲ
3567 4737 3661 4794 καὶ

2009 4839 2018 4870 δ
2051 4858 2064 4870 ι

1991 4837 2064 4871 οι.

2067 4887 2180 4960 (56)
2213 4882 2524 4954 κληθέντας
2558 4884 2695 4960 Reg.
2731 4889 2788 4939 et
2827 4884 3046 4960 Theod.
3072 4883 3248 4960 _Editi
3275 4900 3417 4960 vero
3440 4881 3659 4960 κληθῆτ

1992 4951 2100 5014 ναί.
2162 4951 2530 5030 Μωεροεξῑ,Δ
2575 4951 2996 5030 συλκειτουργοῦ
3072 4951 3325 5030 Ἰουλίου,
3403 4951 3660 5030 ὴωαζμή

1996 5023 2463 5098 ἀπαντῆσαι,’καὶ
2514 5024 2573 5079 ἐκ
2616 5030 2725 5079 τῶν
2773 5023 3082 5103 γραφέντων
3149 5027 3300 5100 παρὰ.
3352 5029 3448 5079 τοῦ
3498 5023 3662 5103 αὐτου

1999 5099 2258 5169 Ἰουλίου,
2294 5117 2423 5170 quae
2458 5099 2516 5152 in
2563 5098 2755 5170 editis,
2788 5097 3049 5166 deerant,
3083 5100 3142 5155 in
3181 5097 3322 5170 Reg.
3356 5104 3414 5154 et
3444 5097 3663 5170 Theod.

1999 5168 2397 5238 habentur,et
2415 5170 2486 5225 ab
2503 5169 2722 5225 Hilario
2743 5169 2894 5226 lecta
2917 5177 3076 5227 sunt.
3099 5168 3432 5242 Paulo‘post
3448 5168 3666 5227 Theod.

2000 5245 2090 5293 καὶ
2123 5245 2204 5293 οἷς
2237 5243 2589 5293 πεποιήκασι.

2000 5245 2090 5299 καὶ
2123 5245 2204 5305 οἷς
2237 5245 2589 5305 πεποιήκασι.

2826 5313 2964 5387 Reg.
3003 5309 3241 5388 Σερδῶν.

2099 5383 2191 5458 58)
2223 5385 2475 5458 Theod.,
2515 5383 2849 5458 ὑπήκουσαν-Ἴ

2099 5453 2190 5531 59)
2224 5459 2359 5526 Reg.
2393 5453 2465 5511 de
2490 5471 2680 5531 more,
2714 5453 3072 5531 Etlpélncav_._
3096 5459 3226 5512 Mox
3254 5454 3474 5531 Theod.
3503 5455 3674 5531 ταῦτα

2007 5526 2312 5606 παρόντων,
2339 5545 2466 5600 quae
2490 5526 2664 5606 lectio
2688 5526 2963 5606 praestare
2984 5528 3216 5606 videtur
3236 5526 3671 5606 Athanasianm,

2010 5596 2188 5675 quam
2211 5596 2429 5675 tamen,
2463 5599 2603 5675 quia
2631 5596 2707 5675 in'
2730 5600 3014 5675 omnibus
3027 5599 3204 5675 editis
3226 5604 3286 5675 et
3306 5614 3465 5675 ‘mss.
3491 5596 3677 5675 Atha-

2011 5667 2183 5742 nasii,
2216 5676 2270 5727 et
2311 5671 2367 5725 in
2416 5667 2785 5742 quibusdam,
2823 5670 3174 5742 Theodoreti
3220 5670 3500 5742 habetur,
3529 5667 3674 5722 reti-

2013 5741 2267 5822 nendam
2292 5741 2712 5822 judicavimus.
2763 5741 2942 5800 Paulo
3001 5746 3159 5816 post,
3216 5741 3342 5799 loco
3371 5741 3632 5822 καθάπερ.

2013 5815 2232 5878 Theod.
2262 5813 2442 5880 καθώς
2473 5813 2666 5871 habet.
