4152 6380
452 460 568 521 327
1000 457 1066 518 S.
1110 453 1537 516 ATHANASII
1582 453 1755 516 OPP.
1804 454 2007 515 PARS
2052 452 2101 513 Ι.
2136 486 2215 496 -
2246 451 2667 515 HISTORICA
2712 448 2814 514 ET
2858 451 3341 514 DOGMATICA.
3757 452 3883 515 328

453 592 755 661 ﬁduciam,
786 591 827 646 ii
857 607 998 648 sane
1037 607 1152 646 non
1201 593 1475 645 recusant
1520 604 1717 645 coram
1759 585 2110 644 adversariis

2231 583 2484 661 παρόντες
2527 582 2735 661 ἐλέγξαι
2782 580 3085 654 δυνηθῶσιν
3114 605 3126 619 ·
3171 582 3298 640 ἀλλ’
3347 582 3448 639 ούκ
3499 582 3675 655 ἦλθον
3735 584 3880 657 κλη-

456 682 797 738 consistere.
829 678 1311 751 Quandoquidem
1353 682 1550 733 autem
1597 677 1871 733 accedere
1902 692 2115 732 renue-

2231 674 2424 746 θέντες,
2473 672 2711 749 καθάπερ
2761 672 3118 749 προείπομεν,
3166 669 3467 737 δεικνύντες
3513 672 3604 728 καὶ
3653 672 3714 729 ἐκ
3757 671 3884 729 τού-

458 776 615 841 runt,
646 770 1002 826 arbitramur
1033 767 1326 824 neminem
1379 767 1577 834 latere,
1618 782 1717 823 eos
1749 767 2110 838 (quanquam

2231 784 2327 819 των
2375 763 2475 831 τήν
2534 762 2890 837 συκοφαντίαν
2948 763 3176 833 ἑαυτῶν,
3235 762 3326 818 καὶ
3405 764 3708 840 μονονουχὶ
3774 764 3878 834 τήν

459 860 632 916 malis
663 860 733 915 de
763 875 925 915 more
952 857 1136 913 velint
1193 856 1419 913 artibus
1476 856 1605 927 uti),
1661 872 1795 911 cum
1830 855 1975 911 nihil
2006 856 2111 910 ha-

2231 846 2524 922 έπιϐουλὴν
2584 852 2674 907 καὶ
2748 852 3037 925 συσκευήν,
3094 851 3162 921 ἦν
3222 854 3576 924 πεποιήκασι,
3640 853 3880 929 βοῶντες

457 950 634 1006 beant
649 948 805 1021 quod
821 948 1131 1004 adversum
1154 944 1589 1003 comministros
1610 948 1844 1001 nostros
1867 945 2115 1017 probare

2231 939 2313 996 διὰ
2335 948 2436 1011 τῆς
2467 943 2872 1018 παραιτήσεως.
2904 941 2971 998 Οἱ
2999 939 3101 1018 γὰρ
3131 941 3453 1019 θαρῥοῦντες
3498 943 3580 1005 οἷς
3630 941 3878 1017 λέγουσι,

455 1038 610 1095 129
635 1037 887 1110 possint,
933 1037 1206 1093 absentes
1263 1036 1503 1108 quidem
1562 1033 1934 1102 calumniari,
1967 1049 2113 1106 pras-

2231 1031 2439 1094 τούτοῖς
2470 1030 2561 1086 καὶ
2592 1031 2671 1093 εἷς
2700 1030 2994 1108 πρόσωπον
3036 1037 3294 1102 συστῆναι
3343 1029 3617 1091 δύνανται.
3652 1029 3878 1103 Ἐπειδὴ

456 1131 654 1183 sentes
682 1143 817 1183 vero
849 1125 1134 1199 refugere.

2231 1116 2282 1175 δὲ
2312 1119 2412 1175 ούκ
2448 1120 2788 1192 ἀπήντησαν,
2819 1121 3116 1194 νομίζομεν
3170 1118 3364 1177 λοιπὸν
3401 1118 3610 1195 μηδένα
3639 1120 3880 1197 ἀγνοεῖν,

453 1212 550 1270 κᾶν
609 1213 804 1269 ἐκεῖνοι
860 1211 1025 1269 πάλιν
1084 1216 1406 1290 κακουργεῖν
1465 1210 1718 1267 ἐθέλωσιν
1779 1213 1912 1284 (60),
1973 1209 2057 1265 ὅτι
2119 1206 2287 1284 μηδὲν
2374 1203 2596 1285 ἔχοντες
2652 1210 2789 1265 κατά
2841 1213 2950 1264 τῶν
3011 1209 3449 1288 συλλειτουργῶν
3510 1213 3671 1285 ἡμῶν
3727 1208 3883 1288 ἐλέγ-

453 1303 560 1378 ξαι,
590 1303 816 1366 τούτους
853 1302 946 1377 μὲν
980 1296 1368 1358 διαϐάλλουσιν
1402 1301 1659 1373 ἀπόντας,
1701 1299 1967 1377 παρόντας
1996 1296 2054 1355 δὲ
2082 1300 2397 1378 φεύγουσιν.

530 1468 620 1523 45.
641 1465 768 1524 Non
786 1465 979 1522 solum
998 1469 1217 1533 autem,
1237 1463 1573 1521 charissimi
1590 1464 1822 1533 fratres,
1846 1463 1920 1520 ob
1942 1480 2113 1520 suam

2295 1464 2383 1519 45.
2415 1462 2651 1539 Ἐφυγον
2686 1461 2812 1539 γὰρ,
2863 1461 3133 1539 ἀγαπητοὶ
3182 1458 3435 1541 ἀδελφοὶ,
3466 1462 3529 1519 ού
3581 1462 3745 1537 μόνον
3792 1461 3885 1520 διὰ

461 1557 743 1613 adversus
798 1554 934 1611 illos
990 1553 1433 1627 sycophantiam
1492 1553 1692 1626 fugam
1752 1554 1974 1622 fecere;
2011 1553 2112 1609 sed

2231 1552 2321 1620 τὴν
2352 1549 2562 1605 τούτων
2594 1550 2973 1628 συκοφαντίαν,
3007 1548 3134 1606 ἀλλ’
3163 1550 3245 1606 ὅτι
3302 1551 3392 1606 καὶ
3450 1549 3579 1615 τοὺς
3632 1551 3720 1608 ἐπὶ
3770 1550 3885 1608 δια-

458 1646 635 1702 etiam
655 1644 811 1716 quod
838 1648 1049 1715 praesto
1070 1643 1335 1698 viderent
1355 1642 1454 1715 qui
1487 1658 1548 1698 se
1595 1643 1667 1698 de
1718 1642 1895 1698 variis
1916 1641 2113 1698 crimi-

2231 1640 2417 1718 φόροις
2450 1637 2816 1716 ἐγκαλοῦντας
2864 1639 3049 1703 αὐτοῖς
3108 1638 3375 1717 ἐθεώρουν
3427 1639 3839 1713 ἀπαντήσαντας
3868 1662 3882 1676 ·

458 1734 635 1790 nibus
665 1736 1027 1788 accusarent.
1082 1730 1205 1787 Illic
1259 1730 1419 1787 enim
1474 1730 1708 1787 vincula
1764 1735 1821 1787 et
1850 1732 2111 1787 ferrum:

2231 1728 2415 1804 δεσμᾶί
2446 1729 2550 1806 γὰρ
2597 1730 2663 1799 ἦν
2712 1729 2802 1785 καὶ
2851 1727 3047 1807 σίδηρα
3110 1729 3515 1809 προφερόμενα,
3567 1731 3658 1787 ἀπ’
3706 1731 3882 1809 ἐξορι-

455 1823 576 1881 illic
609 1823 716 1878 viri
772 1822 845 1878 ab
901 1820 1106 1878 exsilio
1165 1820 1380 1877 reversi
1438 1821 1875 1893 comparebant.
1924 1821 2010 1876 Ab
2043 1821 2114 1876 iis

2231 1819 2372 1882 στίας
2408 1817 2796 1884 ἐπανελθόντες
2830 1816 3130 1896 ἄνθρωποι,
3160 1820 3252 1875 καὶ
3298 1819 3446 1896 παρά
3481 1824 3587 1877 τῶν
3638 1817 3716 1876 ἔτι
3759 1842 3888 1877 κατ-

460 1917 656 1970 autem
683 1910 784 1983 qui
810 1910 1003 1966 adhuc
1022 1909 1082 1965 in
1123 1907 1326 1966 exsilio
1352 1908 1769 1965 detinebantur
1788 1908 1956 1966 missi
1981 1912 2122 1966 sunt

459 1991 1199 2075 quidamecomministris
1220 2000 1438 2055 nostris
1476 2015 1680 2055 eorum
1721 1999 1988 2072 cognati:
2024 2015 2116 2055 ac-

460 2094 766 2150 cesserunt
784 2090 990 2145 itidem
1011 2088 1186 2144 amici
1208 2088 1622 2160 quorumdam,
1653 2088 1753 2161 qui
1786 2089 2023 2145 fuerant
2044 2088 2118 2145 iis

462 2181 802 2238 auctoribus
831 2178 1188 2250 interempti.
1226 2177 1510 2249 Quodque
1557 2177 1976 2250 gravissimum
2006 2182 2114 2247 est,

462 2271 708 2328 aderant
730 2267 1011 2341 episcopi,
1052 2282 1311 2337 quorum
1359 2283 1515 2322 unus
1544 2266 1766 2322 ferrum
1794 2271 1853 2322 et
1882 2272 2117 2323 catenas

464 2358 729 2433 protulit,
752 2357 971 2430 quibus
991 2360 1269 2413 oneratus
1291 2355 1364 2411 ab
1385 2354 1501 2411 illis
1522 2355 1715 2411 fuerat
1740 2372 1753 2412 :
1778 2355 1875 2411 alii
1901 2357 2117 2412 caedem

464 2465 668 2506 eorum
690 2445 989 2503 calumnia
1009 2448 1405 2517 perpetratam
1438 2444 1829 2500 testabantur.
1859 2445 1938 2500 Eo
1960 2445 2117 2500 enim

462 2540 816 2595 devenerant
843 2534 1110 2605 insaniae,
1143 2538 1210 2590 ut
1256 2537 1553 2589 tentarent
1595 2533 1774 2589 etiam
1812 2534 2118 2607 episcopos

462 2629 776 2701 perimere,
805 2629 863 2681 et
891 2640 1031 2681 sane
1059 2621 1437 2689 occidissent,
1478 2622 1593 2677 nisi
1646 2622 1730 2677 illi
1759 2639 1963 2678 eorum
1993 2640 2119 2680 ma-

461 2717 636 2772 nibus
680 2730 808 2771 sese
832 2713 974 2786 fuga
1000 2711 1453 2785 proripuissent.
1488 2710 1648 2767 Obiit
1679 2717 1837 2767 certe
1867 2712 2121 2769 commi-

464 2805 649 2862 nister
676 2808 877 2860 noster
907 2803 1085 2858 beatae
1117 2800 1415 2857 memoriae
1464 2800 1827 2869 Theodulus,
1877 2802 2019 2857 dum
2046 2802 2120 2859 iis

464 2892 965 2951 calumniantibus
1023 2890 1161 2963 fuga
1218 2888 1331 2946 sibi
1383 2889 1735 2962 consuleret,
1789 2890 1863 2946 ob
1915 2907 2120 2947 eorum

465 2982 682 3055 quippe
704 2979 1173 3037 criminationem
1198 2977 1412 3051 capitis
1435 2977 1626 3034 fuerat
1649 2979 1984 3035 damnatus.
2009 2978 2120 3035 Alii

464 3070 687 3127 inﬂicta
715 3068 926 3142 gladiis
963 3066 1205 3123 vulnera
1254 3066 1607 3123 exhibuere:
1671 3066 1768 3123 alii
1821 3084 1884 3124 se
1917 3085 2120 3125 eorum

466 3176 644 3234 opera
670 3159 886 3215 famem
918 3155 1232 3230 pertulisse
1261 3156 1567 3228 conquesti
1599 3161 1755 3212 sunt.
1780 3156 2121 3231 Horumque

465 3249 793 3306 facinorum
824 3263 942 3303 non
970 3250 1242 3318 vulgares
1281 3244 1572 3314 homines,
1624 3246 1726 3301 sed
1759 3246 1997 3320 integrae
2027 3264 2119 3305 ec-

2227 1905 2511 1985 εχομένων
2580 1909 2657 1973 εἷς
2733 1909 3051 1985 ἐξοριοτίαν,
3113 1908 3361 1974 ἐλθόντες
3442 1911 3579 1980 ἦσαν
3660 1910 3889 1968 συλλει-

2224 1998 2451 2074 τουργοὶ
2484 2004 2765 2074 συγγενεῖς
2794 2021 2806 2033 ·
2859 1999 2949 2054 καὶ
2981 1997 3134 2078 φίλοι
3167 1996 3225 2054 δὲ
3253 2003 3362 2055 τῶν
3414 1996 3484 2054 δι’
3513 1999 3689 2057 αὐτῶν
3744 2001 3887 2056 ἀπο-

2229 2086 2497 2152 θανόντων
2558 2088 2957 2165 παρεγένοντο·
3005 2088 3097 2143 καὶ
3143 2085 3208 2143 τὰ
3269 2087 3540 2165 μέγιστον,
3593 2087 3886 2147 ἐπίσκοποι

2226 2183 2496 2250 παρῆσαν,
2556 2178 2631 2232 ὧν
2691 2178 2720 2232 6
2783 2177 2878 2251 μὲν
2936 2177 3003 2233 τὰ
3058 2174 3256 2254 σίδηρα
3328 2178 3419 2233 καὶ
3487 2179 3584 2241 τὰς
3664 2177 3887 2245 ἁλύσεις

2227 2264 2521 2343 προέφερεν
2578 2268 2709 2341 (61),
2744 2265 2808 2329 ’ἀς
2854 2264 2922 2322 δι’
2971 2266 3166 2329 αὐτοὺς
3212 2265 3483 2344 ἐφόρεσεν,
3516 2267 3570 2321 οἱ
3617 2263 3676 2323 δὲ
3702 2268 3795 2323 τὸν
3829 2268 3885 2324 ἐν

2225 2361 2328 2425 τῆς
2356 2350 2621 2425 διαϐολῆς
2654 2354 2829 2410 αὐτῶν
2862 2355 3085 2411 θάνατον
3120 2354 3511 2432 ἐμαρτύραντο.
3545 2355 3639 2420 Εἰς
3691 2361 3888 2413 τοσοῦ-

2226 2465 2319 2498 τον
2349 2444 2450 2520 γάρ
2482 2439 2712 2522 ἔφθασαν
2747 2444 3029 2518 ἀπονοίας,
3059 2444 3136 2507 ὡς
3178 2444 3268 2500 καὶ
3300 2443 3629 2508 ἐπισκόπους
3676 2445 3889 2523 ἐπιχει-

2231 2537 2341 2608 ρεῖν
2372 2530 2600 2605 ἀνελεῖν,
2633 2532 2722 2588 καὶ
2756 2532 2964 2589 ἀνεῖλον
3016 2533 3098 2607 ἂν,
3131 2533 3177 2588 εἰ
3227 2534 3303 2608 μὴ
3359 2532 3613 2612 ἐξέφυγον
3646 2538 3762 2609 (62)
3790 2537 3888 2600 τὰς

2231 2626 2422 2698 χεῖρας
2453 2621 2629 2677 αὐτῶν
2656 2644 2668 2656 ι
2719 2621 2978 2687 ἀπέθανεν
3026 2619 3117 2677 ούν
3171 2624 3200 2678 ὁ
3248 2620 3675 2701 συλλειτουργὸς
3724 2627 3886 2698 ἡμῶν

2231 2712 2259 2764 ὁ
2295 2711 2596 2787 μακαρίτης
2630 2708 2935 2767 Θεόδουλος
2967 2710 3180 2788 φεύγων
3218 2711 3393 2767 αὐτῶν
3442 2715 3542 2783 τῆν
3595 2708 3887 2787 διαϐολὴν,

2230 2799 2549 2856 κεκέλευστο
2576 2801 2678 2877 γὰρ
2710 2800 2771 2856 ἐκ
2801 2795 3071 2871 διαϐολῆς
3104 2800 3279 2857 αὐτῶν
3332 2802 3647 2859 ἀποθανεῖν.
3678 2801 3887 2860 ’Ἄλλοι

2232 2885 2291 2943 δὲ
2319 2886 2541 2964 πληγὰς
2573 2888 2738 2967 ξιφῶν
2772 2887 3142 2945 ἐπεδείκνυντο
3169 2912 3181 2925 ·
3233 2889 3397 2947 ἄλλοι
3431 2888 3490 2948 δὲ
3528 2891 3694 2966 λιμὸν
3747 2893 3891 2949 ὑπο-

2237 2979 2599 3052 μεμενηκέναι
2674 2980 2803 3055 παρ’
2860 2979 3033 3035 αὐτῶν
3111 2977 3502 3055 ἀπωδύροντο·
3560 2981 3650 3037 καὶ
3720 2987 3893 3039 ταῦτα

2233 3067 2341 3144 ούχ
2371 3068 2423 3123 οἱ
2452 3067 2716 3144 τυχόντες
2769 3068 3105 3147 ἐμαρτύρουν
3159 3068 3461 3147 ἄνθρωποι,
3492 3068 3621 3126 ἀλλ’
3649 3069 3891 3144 Ἐκκλη-

2232 3156 2339 3212 σίαι
2389 3155 2514 3212 ὅλαι
2564 3158 2724 3229 ἦσαν,
2766 3158 2898 3234 ὑπὲρ
2951 3159 3025 3213 ὧν
3084 3159 3135 3214 οἱ
3185 3159 3584 3232 ἀπαντήσαντες
3632 3159 3725 3216 καὶ
3754 3182 3891 3240 πρε-

2233 3241 2513 3309 σϐεύοντες
2584 3245 2886 3321 ἐδίδασκον,
2945 3249 3278 3326 στρατιώτας
3348 3252 3616 3329 ξιφήρεις,
3681 3245 3893 3327 ὄχλους

468 3338 657 3395 οιουὶω
675 3342 855 3393 testes
875 3339 1062 3404 erant,
1088 3350 1340 3407 quarum
1361 3332 1561 3406 legati,
1589 3351 1716 3402 nos,
1742 3335 1813 3391 de
1836 3335 2119 3394 militibus

2241 3336 2377 3411 μετά
2434 3334 2711 3413 ῥοπάλων,
2771 3334 3035 3392 δικαστῶν
3093 3336 3345 3411 ἀπειλὰς,
3405 3337 3663 3395 πλαστῶν
3708 3361 3892 3418 γραμ-

467 3426 663 3501 gladio
693 3425 1018 3492 instructis,
1053 3425 1125 3478 de
1166 3422 1359 3479 turbis
1407 3422 1599 3478 clavas
1629 3424 2020 3497 gestantibus,
2053 3426 2126 3483 de

460 3516 733 3589 judicum
765 3512 965 3583 minis,
1012 3512 1083 3568 de
1114 3511 1503 3584 supposititiis
1529 3512 1795 3584 epistolis
1847 3515 2124 3572 certiores

465 3605 751 3662 fecerunt.
787 3607 965 3659 Lectae
996 3604 1138 3659 sunt
1162 3601 1319 3657 enim
1350 3601 1558 3657 litterae
1609 3619 1643 3657 a
1689 3602 1988 3676 Theognio
2020 3605 2122 3660 ad-

462 3709 699 3750 versum
730 3691 1170 3748 comministros
1191 3694 1427 3746 nostros
1446 3689 1859 3758 Athanasium,
1882 3692 2122 3749 Marcel-

465 3782 592 3839 lum
621 3788 680 3839 et
703 3780 1009 3854 Asclepam
1041 3778 1320 3847 conﬁcta,
1373 3783 1438 3834 ut
1481 3778 1868 3851 imperatores
1898 3782 1958 3837 in
1988 3780 2123 3839 illos

467 3870 786 3928 concitaret
806 3870 962 3942 quod
988 3884 1191 3924 verum
1217 3884 1347 3924 esse
1371 3869 1833 3940 comprobarunt
1852 3871 1954 3942 qui
1982 3876 2124 3927 tunc

465 3959 749 4031 temporis
778 3959 1012 4014 fuerant
1038 3956 1322 4029 Theognii
1366 3957 1614 4014 diaconi.
1647 3957 1750 4014 His
1782 3959 2123 4031 adjiciendae

467 4048 763 4121 virginum
795 4045 1241 4114 denudationes,
1274 4044 1655 4103 ecclesiarum
1685 4046 1977 4120 incendia,
2011 4048 2121 4105 mi-

470 4137 788 4195 nistrorum
820 4136 881 4192 in
903 4151 1195 4193 carcerem
1219 4134 1679 4207 mancipationes
1705 4154 1717 4192 :
1742 4136 1979 4210 hacque
2000 4155 2122 4194 om-

688 4295 906 4374 :I‘heod.
937 4292 1503 4374 tequqianMulo
1531 4297 1685 4374 infra
1714 4297 1892 4374 idem,
1924 4296 2124 4374 παρόν-

468 4363 565 4431 τας
597 4363 654 4423 δέ
684 4363 1093 4445 διαφεύγουσιν.
1115 4368 1249 4445 Mox
1280 4369 1525 4445 Theod.,
1553 4364 1662 4445 6d
1698 4369 1798 4445 τὴν
1830 4363 1967 4445 κατὰ
1992 4363 2120 4445 τούς-

466 4461 576 4495 των
610 4458 725 4498 non
758 4439 931 4508 male,
964 4440 1066 4495 sed
1107 4439 1319 4496 ultima
1374 4440 1721 4497 Theodoreti
1781 4442 1958 4498 editio
1986 4442 2123 4496 κατά

466 4515 657 4584 τοῦτον
692 4512 972 4584 mendose
1003 4510 1196 4584 habet.
1232 4512 1297 4584 Et
1329 4517 1473 4584 post,
1489 4528 1673 4584 pauca
1702 4512 1857 4568 idem
1878 4513 2120 4584 Theod.,

468 4582 556 4639 ἐπὶ
589 4581 874 4663 διαφόροις
900 4579 1071 4663 ἐγκλῄ
1084 4601 1241 4663 μασιν
1267 4579 1589 4663 ἐγκλκΜρχ
1614 4583 1793 4663 idem,
1822 4579 2122 4663 προσφερόξ-

2236 3424 2418 3499 μάτων
2489 3421 2792 3489 ὑποϐολας.
2842 3426 3187 3502 Ἀνεγνώσθη
3248 3428 3353 3503 γὰρ
3408 3427 3706 3506 γράμματα
3782 3434 3892 3485 τῶν

2231 3514 2356 3591 περὶ
2413 3514 2663 3592 Θεόγνιον
2734 3513 3129 3589 πλαττομένων
3181 3519 3295 3591 (63)
3341 3518 3479 3573 κατὰ
3522 3522 3631 3574 τῶν
3676 3516 3897 3575 συλλει-

2229 3607 2476 3680 τουργῶν
2560 3606 2722 3677 ἡμῶν
2809 3605 3142 3677 Ἀθανασίου,
3202 3604 3293 3661 καὶ
3377 3605 3729 3685 Μαρκέλλου,
3800 3606 3892 3664 καὶ

2232 3691 2538 3765 ’Δσκληπᾶ,
2582 3691 2676 3748 ’ἱνα
2720 3693 2812 3749 καὶ
2872 3692 3128 3770 βασιλέας
3176 3695 3293 3750 κατ’
3351 3694 3526 3751 αὐτῶν
3585 3699 3890 3769 κινήσωσιι

2230 3782 2319 3838 καὶ
2366 3786 2534 3837 ταῦτα
2571 3780 2805 3858 ἤλεγξαν
2855 3783 2909 3837 οἱ
2955 3783 3240 3859 γενόμενοι
3290 3783 3414 3841 τότε
3461 3782 3708 3842 διάκονοι
3756 3792 3888 3842 Θεο-

2228 3870 2401 3946 γνίου.
2462 3871 2608 3947 Πρὸς
2659 3871 2897 3944 τούτων,
2947 3871 3229 3948 παρθένων
3289 3875 3620 3950 γυμνώσεις,
3674 3873 3889 3953 ἐμπρη-

2230 3958 2404 4033 σμοὺς
2455 3959 2819 4033 Ἐκκλησιῶν,
2873 3960 3120 4039 φυλακὰς
3185 3963 3322 4018 κατά
3367 3967 3477 4018 τῶν
3527 3963 3890 4042 λειτουργῶν,

2230 4049 2321 4103 καὶ
2370 4051 2538 4103 ταῦτα
2583 4047 2757 4103 πάντα
2802 4046 2871 4103 δι’
2919 4048 3075 4106 οὐδὲν
3120 4047 3327 4127 ἕτερον,
3387 4053 3425 4123 ἢ
3477 4050 3567 4109 διὰ
3610 4055 3711 4125 τὴν
3764 4051 3892 4110 δυσ-

2233 4136 2451 4210 ώνυμον
2500 4134 2702 4214 αἵρεσιν
2752 4142 2865 4194 τῶν
2901 4140 3368 4215 ’Δρειομανιτῶνο
3425 4143 3479 4197 οἱ
3531 4143 3633 4222 γὰρ
3691 4164 3892 4218 παραι-

2231 4297 2675 4376 συλλειτουργός,
2703 4302 2807 4376 sed
2841 4303 3050 4360 mutila
3100 4309 3191 4361 est
3236 4307 3547 4375 sententia,
3593 4310 3659 4363 ut
3686 4307 3890 4365 statim

2232 4373 2671 4429 a«tvertas.’Nos
2700 4374 2839 4447 Reg.
2873 4376 3199 4448 sequimur,
3233 4379 3404 4441 cuius
3426 4373 3595 4435 lectio
3618 4379 3895 4436 ﬁrmatur

2228 4449 2357 4521 tum
2391 4461 2530 4501 voce
2563 4463 2873 4521 murreum;
2896 4449 3129 4521 qundo
3154 4449 3274 4521 vita
3302 4450 3503 4506 functo
3542 4455 3775 4507 tantum
3799 4451 3890 4507 di-

2230 4518 2405 4583 citur,
2436 4522 2564 4572 tum
2595 4532 2663 4573 ex
2695 4517 2932 4592 Hilario'
2953 4518 3053 4592 qui
3107 4519 3302 4590 habet,
3351 4522 3580 4577 decessit
3617 4523 3770 4578 enim
3796 4538 3890 4579 co-

2229 4592 2511 4667 episcgpus
2543 4590 3149 4667 posterhbeatissivgas
3215 4592 3537 4667 Theodorus,
3586 4594 3891 4667 _memto.sc,

472 4675 643 4738 μενοι,
692 4650 790 4738 ’καὶ
842 4650 951 4738 fin"
999 4650 1206 4725 ἐξορίας
1255 4650 1645 4738 ⁹ἐπανελθόντες
1697 4650 1994 4738 ἀνθρώποιῖ
2029 4650 2118 4711 καὶ

2231 4650 2342 4738 ιὶιὍΔ
2365 4650 2813 4738 Τὶιροάυζιιε.8ἰ
2845 4661 3018 4738 lectio
3045 4663 3396 4738 Theodoreti
3426 4650 3685 4738 genuina
3710 4650 3890 4736 esset;

466 4722 635 4813 παρὰ
668 4729 783 4813 τῶν
839 4724 951 4780 ἐκεῖ
995 4722 1409 4813 κατεχομένων..
1465 4724 1547 4813 ἐξ,
1574 4722 1806 4800 έξορίαις
1871 4724 2117 4813 ἐλθόντες

2231 4722 2572 4813 vertendum
2591 4732 2772 4813 foret,
2804 4735 3043 4813 extorris
3059 4737 3240 4806 factus
3260 4739 3339 4813 est
3357 4722 3888 4813 coinquinenctc:

464 4793 596 4866 ἦσάν
625 4794 1098 4883 ,σρλλειτουρῖιῖε
1128 4793 1437 4883 cura???
1481 4793 1575 4879 .δέ›
1603 4793 1766 4883 ,ἰεῖσαι
1802 4801 1904 4883 εξεά
1950 4801 2123 4883 lange

467 4874 707 4943 praestat
736 4868 1048 4943 Athanasii
1076 4868 1285 4925 lectio.
1315 4869 1570 4943 Hilarius
1600 4871 1682 4927 ita
1710 4871 1899 4943 vertit,
1934 4878 1999 4928 ut
2028 4868 2122 4929 vix

467 4941 561 5013 cui
593 4941 783 5013 magis
813 4941 1026 5013 faveat,
1059 4941 1336 5013 augurari
1370 4941 1689 5012 possimus,
1718 4941 1894 4999 habet
1921 4948 2120 5001 tamen

464 5012 561 5069 ille
592 5008 798 5084 adh—uc,
831 5029 947 5084 quo
977 5008 1168 5084 lectio:
1186 5008 1262 5065 ἔτι
1296 5008 1590 5084 ﬁrmatur.

536 5079 909 5163 (ﬁgil‘heo—d.
959 5084 1032 5163 τὰ
1087 5079 1284 5163 σίδῃρα
1327 5082 1540 5163 καὶτὰς
1599 5083 1837 5163 κατήνας
1893 5086 2120 5163 προέφε-

466 5173 576 5232 ρεν.
610 5153 789 5232 Ediii,
822 5153 1152 5232 περιέφερεν.
1183 5155 1301 5232 Nos
1359 5156 1497 5228 Reg.
1522 5226 1535 5232 _
1562 5158 1869 5232 sequimur
1891 5153 1991 5229 qui
2021 5153 2117 5215 iti-

462 5225 597 5283 dem
623 5232 688 5283 ut
726 5225 1127 5303 Theodor'et’us
1173 5225 1470 5303 προέφερεν
1521 5225 1716 5303 habet.
1766 5225 2116 5303 EpisEOpum

462 5303 661 5371 autem
692 5299 793 5371 qui
825 5304 1063 5355 catenas
1087 5299 1578 5371 quibus,'Arianis
1599 5299 2120 5368 auctoribus,con-

461 5369 914 5441 strictus‘fuerat
939 5372 998 5426 in
1022 5369 1243 5441 synodo
1267 5369 1550 5437 exhibuit,
1566 5372 1972 5441 conjectamus
1989 5389 2119 5430 esse

460 5438 1340 5518 Lucium.Adrianopo'litanum,
1364 5441 1456 5518 τὸν
1488 5438 1761 5518 πολλάκις
1784 5444 1911 5518 παρ’
1939 5443 2115 5498 αὐτῶν

458 5509 548 5591 καὶ
617 5510 835 5591 ἁλύσεις
895 5509 1213 5591 φορξέσαντα,
1291 5514 1372 5568 ait
1427 5513 1786 5591 Athanasius
1843 5509 1996 5586 Ᾱροι.
2055 5518 2120 5573 de

457 5582 616 5659 fuga,
650 5584 713 5639 id
741 5591 849 5655 est,
907 5582 1029 5659 qui,
1076 5582 1212 5656 ipsis
1243 5585 1580 5651 auctoribus,
1620 5582 1994 5658 saepenumero
2024 5606 2116 5645 ca-

461 5656 860 5727 tenisonustus
887 5656 1021 5727 Ῑὶιξι.

555 5726 649 5795 63)
677 5725 916 5798 Theod.,
951 5725 1034 5796 ἐξέ
1077 5745 1189 5801 υγε,
1243 5728 1441 5783 minus
1497 5730 1670 5784 recte.
1711 5728 1844 5785 Mox
1871 5729 2116 5800 Theod.,

555 5815 654 5856 στη
681 5800 809 5856 γοῦν
854 5798 883 5854 ὁ
939 5745 1541 5856 συλλειτουργόςΕάίιί
1600 5799 1929 5856 Athanasii.
1961 5802 1991 5856 ὁ
2022 5800 2114 5856 οὖν

527 5729 649 5854 (62)
677 5729 916 5811 Theod.,
951 5729 1189 5856 ἐξέφυγε,
1243 5729 1441 5783 minus
1479 5730 1670 5809 recte.
1711 5729 1844 5785 Mox
1871 5729 2114 5814 Theod.,

458 5794 519 5863 ἀν
555 5815 654 5873 στη
681 5816 809 5879 γουν
854 5798 883 5854 ὁ
939 5796 1041 5856 συλ
1086 5796 1541 5882 ειτουργόςΕὼῐι
1600 5799 1929 5874 Athanasii,
1961 5802 1991 5859 6
2022 5800 2114 5862 οὖν

2230 4802 2312 4882 ρο
2340 4803 2641 4882 Theodulo
2668 4803 2795 4882 haec
2827 4803 2957 4882 ipsa
2986 4802 3262 4882 dicuntur
3291 4807 3447 4864 infra
3472 4810 3649 4882 Epist.
3693 4802 3766 4867 ait
3793 4826 3889 4867 so-

2231 4875 2317 4957 ιιι.
2338 4874 2685 4957 Ροιιιοηροει
2712 4874 2973 4957 initium.
3007 4876 3088 4957 De
3117 4880 3323 4957 eodem
3350 4874 3623 4957 quaedam
3646 4882 3885 4957 inApol.

2228 4948 2299 5023 de
2325 4948 2479 5023 fugo.
2514 4946 2961 5023 Hallucinantur
2988 4951 3321 5023 autemiqui
3366 4946 3435 5008 ἐκ
3466 4952 3600 5010 aliis
3627 4946 3887 5012 Athana-

2230 5018 2301 5074 sii
2334 5018 2477 5073 locis
2509 5019 2877 5103 comprobari
2900 5025 3125 5103 putant
3146 5018 3889 5103 Theodulumpostsardi-

2228 5106 2464 5215 φέρβεαι
2496 5092 2789 5163 synodum
2820 5091 3040 5149 obiisse
3066 5109 3079 5149 :
3112 5094 3221 5150 hac
3271 5095 3344 5152 de
3391 5112 3457 5153 re
3486 5091 3890 5169 disputabitur

2230 5179 2288 5215 1n
2320 5178 2403 5215 ra.

2230 5178 2403 5216 lnll'a.

2300 5228 2861 5305 (63λῌλαττομένων
2921 5234 3086 5292 deest
3139 5236 3200 5293 in
3256 5237 3475 5294 Theod.
3533 5236 3628 5292 Sic
3682 5239 3887 5293 tamen

2228 5303 2371 5376 legit
2398 5303 2651 5377 Hilarius
2681 5303 2782 5377 qui
2822 5305 3037 5363 habet:
3099 5307 3259 5367 lecta:
3314 5312 3443 5365 sunt
3499 5308 3652 5362 enim
3679 5307 3890 5367 littere

2225 5375 2386 5447 faeta:
2412 5391 2450 5449 a_
2478 5375 2772 5449 Theognito
2799 5379 2986 5449 falsae,
3018 5383 3127 5435 etc.
3180 5382 3339 5436 Idem
3374 5377 3647 5449 Hilarius,
3681 5380 3889 5437 adver-

2229 5463 2332 5503 sus
2360 5446 2747 5504 Athanasium
2774 5446 2830 5505 et
2859 5450 3193 5508 Marcellum
3218 5450 3500 5507 conﬁctas
3520 5446 3685 5517 dicit,
3709 5453 3890 5510 omis-

2229 5535 2295 5597 so
2326 5517 2593 5597 Asclepa,
2624 5519 2802 5597 Pau_l_o
2830 5526 2971 5597 post
2991 5522 3157 5597 Reg.,
3187 5519 3426 5597 διάκονοι
3458 5519 3731 5597 Διογνίου,
3768 5541 3887 5597 quo

2227 5591 2370 5646 item
2425 5591 3050 5669 nomine_TheOg_nius
3071 5591 3257 5669 fapud
3286 5591 3885 5669 Athanasium'sépe

2228 5667 2627 5743 nuncupatur.
2678 5662 2838 5720 Infra
2882 5662 3326 5743 Theod.,'xa'r&_
3371 5668 3497 5743 τῶνΔ
3532 5662 3886 5743 συλλειτοιῐρ-

2226 5735 2362 5865 γειξὲνὲΞ
2386 5732 2651 5864 Egerius
2677 5751 2813 5794 vero
2852 5752 2989 5796 cum
3044 5732 3369 5801 Athanasio
3423 5739 3683 5801 adversus
3707 5732 3883 5804 ηιίηϊ-

2224 5822 2250 5866 δ
2465 5841 2509 5865 ~.
