4152 6368
290 390 407 457 329

1414 394 1813 459 APOLOGIA
1856 390 2172 457 CONTRA
2216 389 2585 458 ARIANOS.

3592 390 3718 457 330

287 527 545 605 τούμενοι
586 525 686 599 τὴν
735 527 873 608 πρὸς
920 527 1152 594 τούτους
1198 528 1475 587 κοινωνίαν
1518 530 1756 603 ἀνάγκην
1791 527 1941 604 εἶχον

2062 527 2158 583 nia
2190 528 2350 583 nulla
2378 528 2494 585 alia
2524 530 2594 586 de
2624 546 2803 587 causa
2834 545 3011 604 quam
3040 528 3447 588 abominandae
3476 505 3716 589 Ariano-

287 621 556 697 πυρᾶσθαι
616 622 732 695 (64)
786 620 992 677 τούτων
1031 664 1043 677 .

290 710 365 766 εἷς
398 710 578 765 στενὸν
614 710 764 787 εἶχον
810 711 877 765 τὰ
904 718 1004 780 τῆς
1058 710 1446 786 προαιρέσεως·
1494 710 1797 785 ᾐσχύνοντο
1847 709 1938 781 μὲν

288 800 391 876 γὰρ
424 797 725 875 ὁμολογεῖν
772 799 809 854 ἃ
858 798 1143 877 δεδράκασι
1187 802 1319 875 (65).
1376 800 1472 855 Διὰ
1503 798 1559 855 δὲ
1605 801 1667 854 τὸ
1720 800 1795 872 μὴ
1849 796 1939 853 δύ-

286 892 471 945 νασθαι
550 889 743 946 λοιπὸν
813 888 889 946 ἔτι
967 895 1133 945 ταῦτα
1192 890 1565 967 κρύπτεσθαι,
1628 890 1938 959 ἀπήντησαν

289 979 365 1043 εἷς
421 980 520 1048 τήν
583 977 807 1056 Σαρδῶν
867 978 1054 1051 πόλιν,
1100 978 1192 1035 ’ίνα
1252 978 1340 1035 διὰ
1389 987 1491 1049 τῆς
1542 979 1770 1055 ἀφίξεως
1812 978 1941 1033 ὑπό-

286 1090 435 1124 νοιαν
487 1070 561 1132 ὡς
598 1071 673 1143 μή
724 1069 1230 1143 πλημμελήσαντες
1286 1067 1509 1141 δόξωσιν
1557 1069 1937 1146 ἀποφέρεσθαι.

288 1156 510 1222 ’ἰδόντες
569 1157 626 1214 δὲ
678 1159 807 1222 τοὺς
867 1162 993 1237 παρ’
1051 1160 1226 1215 αὑτῶν
1283 1159 1802 1239 συκοφαντηθέντας,
1851 1158 1941 1213 καὶ

286 1248 413 1311 τοὺς
462 1250 590 1325 παρ’
643 1248 819 1304 αὐτῶν
866 1248 1158 1319 παθόντας,
1212 1248 1339 1312 τοὺς
1399 1248 1763 1323 κατηγόρους,
1813 1247 1940 1309 τοὺς

289 1337 556 1414 ἐλέγχους
608 1340 714 1413 πρὸ
765 1338 1063 1417 ὀφθαλμῶν
1119 1336 1359 1415 ἔχοντες,
1412 1336 1585 1403 ἐλθεῖν
1640 1337 1738 1392 οὐκ
1784 1332 1939 1392 ἐϐού-

290 1428 447 1485 λοντο
503 1427 796 1499 κληθέντες
854 1431 969 1502 (66)
1003 1476 1017 1501 ,
1075 1429 1250 1484 καίτοι
1324 1434 1429 1483 τῶν
1506 1426 1940 1503 συλλειτουργῶν

287 1520 445 1590 ἡμῶν
505 1518 862 1589 Ἀθανασίου,
919 1519 1009 1573 καὶ
1066 1518 1413 1595 Μαρκέλλου,
1472 1519 1560 1573 καὶ
1618 1518 1940 1587 ’Δσκληπᾶ,

286 1604 476 1679 πολλῇ
524 1610 594 1680 τῇ
647 1606 924 1683 παρρησίᾳ
972 1607 1301 1683 χρωμένων,
1356 1605 1802 1685 ἀποδυρομένων,
1851 1606 1940 1660 καὶ

289 1694 669 1767 ἐπικειμένων,
727 1697 817 1751 καὶ
875 1695 1337 1773 προκαλουμένων
1400 1699 1510 1771 (67)
1558 1696 1789 1767 αὐτοὺς,
1850 1695 1939 1750 καὶ

289 1781 779 1860 ἐπαγγελλομένων
817 1788 891 1859 μή
928 1786 1092 1859 μόνον
1124 1785 1368 1862 ἐλέγχειν
1407 1788 1505 1854 τὴν
1562 1785 1938 1864 συκοφαντίαν,

1104 626 1278 676 Ταῦτα
1332 620 1509 675 τοίνυν
1569 624 1938 696 συνορῶντες,

286 1870 432 1928 ἀλλᾶ
483 1873 572 1928 καὶ
632 1871 899 1929 δεικνύναι
960 1874 1056 1930 ὅσα
1111 1876 1247 1930 κατὰ
1300 1879 1408 1930 τῶν
1459 1875 1799 1946 Ἐκκλησιῶν
1844 1876 1937 1930 αύ-
1970 1907 2017 1973 Β

282 1965 390 2017 τῶν
452 1961 890 2036 ἐπλημμέλησαν
950 1967 1081 2039 (68).
1116 1965 1178 2019 Οἱ
1238 1964 1295 2019 δὲ
1352 1965 1596 2038 τοσούτῳ
1646 1961 1800 2044 φόϐῳ
1840 1970 1938 2020 τοῦ

286 2048 594 2115 σῦνειδότος
652 2051 1053 2128 κατεσχέθησαν
1090 2100 1105 2126 ,
1164 2054 1238 2117 ὡς
1298 2060 1485 2131 φυγεῖν
1545 2054 1740 2117 αὐτοὺς
1775 2099 1788 2124 ,
1850 2055 1937 2110 καὶ

285 2136 375 2195 διὰ
426 2148 528 2211 τῆς
583 2149 764 2220 φυγῆς
820 2144 919 2212 τὴν
990 2143 1345 2221 συκοφαντίαν
1420 2144 1594 2199 αὐτῶν
1676 2142 1937 2219 ἐλέγξαι,

284 2230 374 2284 καὶ
407 2229 541 2307 ἅπερ
573 2229 1036 2305 ἐπλημμέλησαν,
1088 2230 1176 2287 διὰ
1222 2234 1313 2287 τον
1365 2230 1605 2310 δρασμὸν
1652 2234 1938 2309 ὁμολογῆ-

267 2339 371 2388 ,σαι
405 2320 539 2393 (69).

364 2410 449 2464 46.
480 2407 546 2462 Εἰ
601 2407 690 2465 καὶ
745 2410 812 2465 τὲ
871 2410 1107 2485 μάλιστα
1159 2412 1337 2468 τοίνυν
1398 2413 1461 2468 οὑ
1518 2413 1680 2487 μόνον
1733 2415 1793 2471 ἐκ
1832 2420 1940 2471 τῶν

287 2495 590 2573 προτέρων,
643 2498 789 2555 ἀλλὰ
818 2500 906 2555 καὶ
946 2500 1005 2556 ἐκ
1046 2500 1272 2559 τούτων.
1322 2503 1495 2560 αὑτῶν
1543 2506 1577 2574 ἠ
1611 2506 1945 2582 κακοτροπία

292 2582 557 2641 δείκνυται
619 2587 707 2642 καὶ
764 2591 1127 2667 συκοφαντία,
1188 2591 1341 2666 ὅμως
1393 2592 1484 2649 ’ίνα
1539 2591 1680 2667 μηδέ
1737 2596 1795 2650 ἐκ
1844 2599 1943 2665 τῆς

290 2684 470 2756 φυγῆς
523 2678 787 2757 πρόφασίν
844 2702 965 2737 τινα
1020 2681 1203 2758 ἐτέρας
1260 2683 1583 2760 κακουργίας
1626 2684 1943 2761 πορίσασθαι

290 2764 609 2837 δυνηθῶσιν·
644 2767 981 2843 ἐσκεψάμεθα
1009 2772 1145 2827 κατὰ
1188 2774 1278 2827 τὸν
1327 2780 1427 2843 τῆς
1470 2772 1729 2843 ἀληθείας
1776 2774 1943 2850 λόγον

286 2858 355 2912 τὰ
415 2859 542 2934 παρ’
618 2857 833 2914 ἐκείνων
905 2857 1458 2939 δραματουργηθέντα
1514 2862 1749 2937 ἐξέτάσαι
1784 2883 1797 2896 ⁸
1856 2866 1945 2920 καὶ

286 2951 447 3002 τοῦτο
492 2947 843 3024 προθέμενοι,
877 2950 1105 3026 εὕρομεν
1154 2953 1351 3015 αὑτοὺς
1405 2952 1494 3009 καὶ
1548 2953 1608 3009 ἐκ
1651 2960 1759 3010 τῶν
1813 2977 1947 3032 πρα-

287 3036 527 3112 χθέντων
562 3038 918 3117 συκοφάντας,
969 3042 1060 3095 καὶ
1115 3040 1284 3114 μηδὲν
1335 3040 1519 3119 ἕτερον
1552 3046 1586 3115 ἢ
1644 3041 1945 3114 ἐπιϐουλὴν

285 3126 421 3181 κατὰ
447 3130 556 3182 τῶν
590 3125 1032 3206 συλλειτουργῶν
1084 3133 1245 3203 ἡμῶν
1294 3134 1686 3204 πεποιηκότας·
1740 3135 1796 3189 ὃν
1846 3136 1947 3211 γὰρ

286 3213 478 3290 ἔλεγον
548 3219 696 3293 παρά
768 3219 1088 3274 Ἀθανασίου
1164 3226 1521 3298 πεφονεῦσθαι
1608 3225 1881 3301 Ἀρσένιον
1931 3271 1944 3295 ,

289 3305 449 3367 οὗτος
484 3309 570 3379 ζῇ,
604 3306 693 3360 καὶ
724 3306 775 3361 ἐν
827 3313 945 3370 τοῖς
997 3313 1154 3378 ζῶσιν
1206 3309 1520 3381 ἐξετάζεται.
1566 3314 1700 3368 Ἀπὸ
1733 3311 1790 3368 δέ
1817 3313 1943 3368 τού-

288 3415 386 3449 του
419 3396 531 3468 (70)
565 3394 653 3449 καὶ
702 3396 769 3450 τὰ
816 3396 941 3472 περὶ
986 3402 1093 3452 τῶν
1146 3398 1331 3454 ἄλλων
1392 3399 1765 3477 θρυλληθέντα
1821 3404 1948 3478 παρ’

293 3483 468 3537 αὐτῶν
520 3483 759 3561 φαίνεται
809 3484 1131 3559 πλάσματα.
1184 3486 1401 3559 Ἐπειδὴ
1454 3487 1512 3545 δὲ
1558 3490 1648 3546 καὶ
1698 3490 1819 3568 περί
1852 3514 1949 3547 πο-

290 3571 485 3647 τηρίου
544 3572 889 3649 ἐθρύλλουν,
944 3575 1019 3638 ὡς
1080 3574 1405 3642 κλασθέντος
1466 3580 1612 3657 παρᾶ
1670 3582 1947 3656 Μακαρίου

290 3667 388 3717 τοῦ
446 3658 813 3740 πρεσϐυτέρου
859 3666 1175 3730 Ἀθανασίου
1209 3712 1223 3738 ,
1285 3668 1662 3746 ἐμαρτύρησαν
1743 3672 1835 3744 μὲν
1896 3673 1947 3726 oi

290 3752 725 3829 παραγενόμενοι
776 3753 883 3809 ἀπὸ
941 3762 1043 3825 τῆς
1102 3754 1534 3834 Ἀλεξανδρείας,
1586 3760 1675 3814 καὶ
1720 3762 1946 3835 Μαρεώ-

287 3862 387 3897 του
435 3841 523 3897 καὶ
564 3846 673 3897 τῶν
722 3841 931 3899 λοιπῶν
980 3845 1164 3901 τόπων
1216 3850 1350 3921 (71),
1404 3847 1485 3904 ὅτι
1536 3847 1705 3922 μηδὲν
1736 3850 1944 3906 τούτων

289 3930 611 4007 πέπρακται’
672 3932 762 3988 καὶ
823 3930 1219 3991 οἱνέπίσκοποι
1281 3935 1337 3992 δὲ
1393 3937 1688 4016 γράφοντες
1739 3940 1790 3994 οἱ
1842 3940 1946 3994 ἀπὸ

286 4027 388 4090 τῆς
421 4020 697 4097 Αἰγύπτου
728 4024 865 4098 πρὸς
898 4023 1127 4081 Ἰούλιον
1177 4025 1268 4081 τὸν
1312 4025 1736 4105 συλλειτουργὸν
1784 4031 1943 4102 ἡμῶν

286 4109 489 4172 ἱκανῶς
534 4105 937 4168 διεϐεϐαιοῦντο
996 4112 1138 4187 μηδέ
1188 4115 1442 4171 ὑπόνοιαν
1495 4116 1639 4181 ὅλως
1688 4120 1943 4189 τοιαύτην

287 4197 399 4255 ἐκεῖ
435 4206 779 4274 γεγενῆσθαι.
836 4202 1058 4267 Ἄλλως
1104 4226 1162 4260 τε
1208 4204 1242 4259 ἃ
1273 4203 1522 4281 λέγουσιν
1578 4208 1949 4282 ὑπομνήματα

289 4285 436 4362 ἔχειν
481 4288 599 4341 κατ’
648 4288 813 4343 αὑτοῦ
861 4290 998 4344 κατὰ
1049 4292 1408 4369 μονομέρειαν
1460 4293 1750 4365 συνέστηκε
1797 4316 1945 4371 γεγε-

287 4382 505 4446 νῆσθαν
563 4375 653 4431 καὶ
713 4375 868 4450 ὅμως
923 4378 1014 4433 καὶ
1055 4378 1105 4434 ἐν
1157 4386 1274 4443 τοῖς
1337 4382 1691 4455 ὑπομνήμασι
1730 4383 1945 4446 τούτοις

290 4464 494 4522 ἐθνικοὶ
537 4466 627 4522 καὶ
667 4466 1079 4543 κατηχούμενοι
1134 4469 1450 4544 ἠρωτῶντο·
1504 4470 1554 4541 ἐξ
1600 4466 1672 4525 ὤν
1719 4472 1795 4533 εἴς
1825 4494 1949 4527 κατ-

291 4554 609 4630 ηχούμενος
643 4556 1001 4631 ἐρωτώμενος
1032 4554 1254 4634 ἔφασκεν
1286 4556 1435 4615 ἔνδον
1470 4559 1625 4630 εἶναι,
1659 4559 1747 4616 ὅτε
1776 4561 1803 4615 ὁ
1828 4564 1946 4635 (72)

510 4737 668 4813 B_e_g.,
700 4738 1005 4813 πειρᾶσθαι.
1037 4739 1192 4813 Editi
1222 4755 1378 4813 vero,
1411 4747 1791 4813 πειρασθῆναι.

389 4760 481 4808 οιι)
512 4760 668 4809 neg.,
700 4760 1005 4813 πειρασυαι.
1040 4760 1192 4795 multi
1222 4760 1378 4811 vero,
1411 4760 1499 4794 πει
1540 4760 1791 4809 ασθηναι.

389 4808 484 4888 ϐξ)
501 4809 753 4888 ⁸7⁸118ρά,
781 4878 804 4888 Μ
822 4808 1206 4888 αἰσχυνόμενοι
1248 4812 1386 4888 ’γὰρ-1
1416 4812 1448 4865 ἃ
1506 4760 1813 4888 δεδράκασι,
1863 4812 1951 4869 διὰ

291 4876 355 4953 τὸ
376 4875 463 4953 ’μὴ
497 4875 749 4953 δύνασθαι
779 4878 878 4939 ἔτι.
915 4875 1066 4952 Ῥιθςί
1101 4875 1300 4938 λοιπὸν
1330 4875 1459 4953 ¹ἔτι,
1521 4889 1578 4943 in
1602 4875 1949 4944 'editis'vero

292 4947 587 5076 égz‘geest.
622 4952 753 5008 Mox
781 4954 959 5024 idem,
994 4947 1071 5016 εἷς
1099 4956 1198 5024 τήν
1236 4947 1511 5029 Σάρδεων.
1546 4958 1711 5031 Reg.,
1744 4957 1820 5020 εἰς
1850 4960 1949 5027 τὴν

343 5042 399 5076 εο
441 5044 535 5076 ων.

294 5023 535 5080 Σεοδών.

362 5042 783 5165 ῗέὂῗἪΤὴθοᾶη
846 5094 1104 5160 εἰσελθεῖν
1162 5095 1261 5152 οὐκ
1315 5096 1575 5169 ἠδύναντο
1631 5097 1946 5169 κληθέντες.

289 5168 895 5245 SimiliteLHilarius:
925 5172 1111 5245 ventre
1148 5168 1465 5245 vocati'non
1493 5168 1803 5245 potuerunt.

510 5239 785 5315 _Theod.,
818 5238 1338 5315 προσκαλουμένων,

363 5311 478 5387 (68)
510 5311 929 5387 Ἐκοινιίὲιησαψ
964 5313 1057 5369 Sic
1089 5311 1294 5387 omnes
1324 5332 1459 5387 cum
1492 5316 1745 5387 ed._tum
1778 5333 1947 5387 mss.,

293 5385 393 5440 sed
429 5384 665 5460 praestat
712 5384 1062 5460 Theodoreti
1116 5386 1287 5443 lectio
1322 5384 1786 5460 ἐπλημμέλησαν,
1822 5384 1951 5460 qui-

296 5471 430 5511 cum
459 5456 740 5513 Hillarius
759 5459 1164 5514 commiserant.

370 5526 482 5666 (69)
511 5528 754 5599 Theod.,
787 5524 877 5582 διὰ
903 5532 1010 5582 τῶν
1047 5525 1325 5602 δρασμῶν.

372 5598 463 5666 (70
514 5598 647 5653 ’Δπὸ
675 5597 733 5654 δέ
760 5600 977 5656 τούτου.
1010 5601 1104 5657 Sic
1126 5602 1267 5666 Reg,
1299 5619 1325 5657 e

372 5597 647 5674 (7_0)__’A‘n:?_>
675 5597 745 5654 δὲ’
760 5600 977 5674 τούτου.
1010 5597 1104 5674 Sic
1126 5597 1267 5674 Reg,
1299 5607 1357 5657 et
1385 5602 1602 5667 Theod.
1625 5602 1791 5657 Edito
1821 5619 1953 5659 vero

299 5668 433 5753 Περὶ
464 5667 521 5753 ὃξ
548 5669 769 5753 τούτουζ
798 5672 929 5753 Mpx
962 5667 1298 5753 θρυληθὲίτα
1346 5674 1493 5753 Reg.
1524 5674 1594 5729 de
1626 5690 1796 5753 more
1814 5691 1952 5753 cum

298 5739 472 5801 unico
502 5739 558 5817 λ,
592 5748 651 5801 et
677 5743 831 5805 infra
858 5739 1143 5823 ἐθρύλουν.
1203 5750 1273 5803 Et
1297 5739 1463 5820 post"
1479 5742 1955 5821 ὴωομλασθὲντος

2054 634 2184 673 rum
2219 618 2504 674 haereseos
2537 622 2761 692 gratia;
2794 622 2894 693 qui
2920 621 3075 677 enim
3104 638 3306 679 eorum
3338 622 3708 679 communio-

2051 724 2184 762 nem
2210 710 2561 764 recusabant
2584 710 2705 765 hzec
2726 711 2971 783 experiri
2996 713 3180 767 coacti
3202 716 3501 768 sunt.Haec
3528 712 3708 785 igitur

2050 797 2192 853 dum
2210 799 2906 873 animadverterent,quid
2930 802 3157 857 consilii
3184 807 3459 875 caperent
3477 804 3711 875 ignora-

2052 886 2232 954 bant,
2281 889 2704 945 erubescebant
2756 891 2913 946 enim
2962 892 3220 948 facinora
3276 893 3541 948 conﬁteri
3574 910 3703 948 sua.

2054 977 2214 1042 Quod
2251 981 2443 1033 autem
2477 978 2598 1033 haec
2625 979 2777 1033 ultra
2820 979 2999 1035 latere
3045 998 3159 1037 non
3192 980 3472 1049 valerent,
3504 981 3708 1037 Sardi-

2054 1083 2181 1121 cam
2212 1072 2509 1132 venerant,
2535 1073 2599 1122 ut
2620 1070 2868 1124 adventu
2898 1086 3003 1124 suo
3026 1070 3419 1141 suspicionem
3456 1070 3705 1143 ﬂagitio-

2054 1172 2184 1210 rum
2216 1155 2406 1211 levare
2438 1156 2793 1212 viderentur.
2826 1160 2897 1213 At
2928 1158 3026 1213 ubi
3059 1176 3158 1214 eos
3184 1177 3329 1230 quos
3358 1160 3448 1215 vel
3481 1159 3705 1215 calum-

2054 1245 2167 1300 niis
2187 1245 2273 1300 vel
2299 1246 2734 1302 calamitatibus
2753 1248 3473 1315 afﬂixerant,accusatores
3490 1249 3704 1305 debitis

2054 1334 2423 1390 documentis
2454 1335 2778 1391 instructos
2810 1353 3161 1409 conspexere
3188 1381 3201 1407 ,
3242 1338 3429 1393 vocati
3459 1338 3614 1410 licet,
3645 1355 3707 1395 se

2054 1424 2261 1479 sistere
2281 1424 2622 1493 noluerunt;
2640 1426 2911 1497 quamvis
2925 1426 3312 1483 comministri
3328 1427 3514 1483 nostri
3533 1428 3707 1483 Atha-

2053 1513 2280 1581 nasius,
2314 1514 2623 1570 Marcellus
2655 1519 2711 1570 et
2749 1515 3046 1588 Asclepas,
3081 1532 3295 1589 magna
3326 1533 3459 1572 cum
3491 1516 3707 1573 fiducia

2052 1618 2570 1684 conquererentur,
2621 1614 2927 1679 instarent,
2978 1618 3353 1686 provocarent
3381 1618 3437 1670 et
3462 1614 3705 1686 pollice-

2052 1705 2258 1756 rentur
2287 1718 2348 1757 se
2376 1719 2490 1757 non
2524 1703 2718 1759 solum
2743 1703 3187 1775 sycophantiam
3220 1704 3702 1771 refutaturos,sed

2053 1790 2231 1845 etiam
2265 1796 2607 1847 ostensuros
2638 1797 2859 1863 quanta
2910 1792 2993 1847 illi
3026 1792 3245 1848 scelera
3270 1796 3707 1865 perpetrassent

2053 1880 2333 1935 adversus
2365 1880 2654 1936 Ecclesiae
2700 1898 2858 1937 suas.
2908 1883 2981 1935 At
3010 1881 3096 1935 illi
3140 1885 3302 1936 tanto
3335 1880 3705 1937 conscientiae

2050 1972 2267 2024 terrore
2298 1970 2546 2042 correpti
2599 1974 2759 2036 sunt,
2816 1974 2877 2025 ut
2925 1971 3122 2043 fugam
3174 1972 3448 2037 facerent,
3481 1974 3538 2026 et
3566 1971 3706 2043 fuga

2050 2056 2430 2114 calummiam
2450 2076 2616 2115 suam
2632 2060 2962 2131 proderent,
2984 2076 3047 2115 ac
3066 2058 3285 2116 scelera
3306 2059 3704 2134 suafugiendo

2050 2147 2390 2203 faterentur.

2122 2419 2211 2474 45.
2232 2422 2409 2474 Porro
2433 2418 2704 2491 quamvis
2726 2434 2929 2475 eorum
2952 2418 3296 2491 improbitas
3309 2422 3365 2475 et
3384 2419 3706 2493 sycophan-

2051 2508 2135 2564 tia
2168 2524 2286 2564 non
2319 2508 2490 2564 modo
2522 2525 2589 2563 ex
2621 2508 2937 2581 prioribus,
2971 2509 3071 2564 sed
3103 2526 3171 2565 ex
3202 2509 3333 2565 istis
3364 2525 3596 2581 quoque
3627 2509 3707 2565 sit

2054 2596 2351 2670 explorata
2380 2616 2392 2665 ;
2426 2602 2706 2667 attamen,
2742 2615 2813 2653 ne
2845 2615 2913 2653 ex
2934 2599 3072 2670 fuga
3107 2616 3213 2655 sua
3238 2599 3369 2655 novi
3399 2600 3709 2669 cujusdam

2056 2687 2173 2744 doli
2204 2688 2567 2743 occasionem
2604 2691 2837 2759 captare
2878 2687 3134 2756 valeant,
3175 2688 3368 2744 visum
3402 2688 3511 2744 fuit
3540 2688 3710 2745 nobis

2056 2777 2324 2849 improba
2344 2794 2544 2833 eorum
2564 2777 3005 2848 facinora-juxta
3018 2778 3282 2833 veritatis
3304 2794 3572 2833 normam
3595 2777 3715 2835 dis-

2058 2868 2311 2939 quirere.
2343 2867 2422 2921 Re
2456 2866 2541 2922 sic
2599 2866 2918 2939 proposita,
2968 2869 3124 2922 130
3171 2883 3270 2922 eos
3300 2885 3369 2923 ex
3416 2868 3541 2923 suis
3566 2868 3713 2923 actis

2058 2956 2451 3029 sycophantas
2473 2972 2622 3021 esse,
2647 2960 2703 3011 et
2728 2972 2924 3010 revera
2944 2955 3190 3012 insidias
3211 2957 3524 3013 adversum
3549 2974 3715 3012 com-

2058 3046 2361 3101 ministros
2396 3050 2628 3101 nostros
2678 3044 2962 3101 struxisse
2992 3045 3508 3117 deprehendimus.
3540 3047 3711 3102 Arse-

2059 3135 2193 3191 nius
2224 3134 2405 3197 enim,
2438 3150 2611 3205 quem
2665 3133 2738 3187 ab
2789 3124 3110 3189 Athanasio
3152 3138 3425 3189 necatum
3457 3133 3711 3205 aiebant,

2059 3224 2405 3280 etiammum
2434 3227 2733 3295 superstes
2754 3228 2845 3278 est
2874 3228 2931 3277 et
2956 3223 3107 3278 inter
3135 3222 3295 3278 vivos
3327 3227 3710 3279 numeratur:

2057 3314 2309 3385 hincque
2332 3330 2400 3369 ea
2426 3313 2601 3369 etiam
2623 3330 2752 3385 qua;
2775 3313 2845 3368 de
2867 3311 2997 3367 aliis
3020 3317 3363 3383 sparserunt
3379 3312 3561 3384 liquet
3583 3328 3713 3369 esse

2058 3404 2322 3459 conficta.
2342 3401 2824 3474 Quandoquidem
2845 3406 3038 3456 autem
3054 3400 3135 3455 illi
3150 3401 3220 3456 de
3232 3400 3714 3458 caliceaMacario

2062 3494 2397 3566 presbytero
2427 3491 2726 3547 Athanasii
2762 3492 3058 3547 confracto
3085 3491 3577 3559 insusurrabant;
3611 3491 3718 3563 qui

2056 3582 2410 3638 Alexandria
2423 3586 2478 3637 et
2492 3582 2815 3637 exMareote
2832 3596 3054 3636 necnon
3071 3596 3138 3635 ex
3155 3579 3286 3636 aliis
3304 3581 3447 3637 locis
3459 3581 3573 3636 huc
3587 3597 3720 3636 con-

2059 3676 2384 3739 cesserant,
2408 3671 2606 3726 testati
2631 3676 2767 3725 sunt
2790 3669 2932 3724 nihil
2967 3669 3311 3741 hujusmodi
3330 3670 3717 3725 commissum

2059 3763 2263 3817 fuisse.
2289 3766 2412 3815 lmo
2443 3759 2705 3832 episcopi
2730 3758 2981 3831 {Egyptii
3015 3758 3225 3814 litteris
3250 3759 3375 3814 suis
3397 3760 3468 3814 ad
3491 3757 3715 3814 Julium

2058 3852 2535 3907 comministrum
2556 3853 2827 3905 nostrum
2848 3848 3253 3904 testimonium
3275 3848 3567 3917 ferunt,ne
3584 3865 3716 3905 sus-

2061 3940 2351 4013 picionem
2370 3940 2607 4011 quidem
2623 3938 2803 4009 hujus
2817 3938 2897 3993 rei
2915 3938 2994 3992 ibi
3009 3937 3573 4001 exstitisse.Porroea
3585 3954 3715 4009 qua:

2061 4047 2123 4086 se
2138 4034 2339 4086 contra
2352 4029 2520 4084 illum
2539 4029 2755 4083 habere
2773 4028 2977 4083 dicunt
2993 4031 3629 4098 monumenta,constat
3641 4026 3722 4083 al-

2058 4123 2184 4175 tera
2203 4119 2396 4174 solum
2422 4122 2582 4191 parte
2605 4122 2890 4189 praesente
2921 4117 3101 4172 fuisse
3123 4116 3277 4171 edita
3301 4133 3314 4171 :
3340 4120 3397 4171 et
3416 4116 3631 4188 alioqui
3658 4116 3719 4172 in

2060 4208 2153 4263 his
2186 4207 2585 4263 monumentis
2612 4206 2957 4274 efﬁciendis,
2984 4205 3291 4276 ethnici,et
3322 4205 3727 4261 catechumeni

2056 4295 2398 4369 interrogati
2452 4296 2628 4351 fuere.
2658 4295 2906 4361 Quidam
2939 4298 3135 4349 autem
3176 4310 3245 4349 ex
3270 4292 3713 4350 catechumenis

2058 4387 2197 4453 illis,
2222 4383 2882 4458 interrogatus,alebant
2898 4399 2962 4439 se
2983 4381 3714 4454 intusfuissequandoMa-

2058 4475 2253 4531 carius
2282 4475 2341 4529 in
2376 4491 2510 4529 eum
2544 4473 2739 4529 locum
2772 4489 2834 4528 se
2865 4471 3151 4527 immisit:
3184 4471 3336 4527 alius
3364 4470 3505 4526 item
3538 4470 3718 4525 inter-

2059 4568 2299 4637 ragatus
2321 4562 2863 4634 dicebatlschyram
2887 4559 3056 4616 illum
3081 4561 3153 4617 ab
3174 4559 3321 4633 ipsis
3343 4560 3719 4630 decantatum

2060 4745 2200 4802 Reg.
2233 4748 2292 4799 et
2320 4742 2539 4798 Theod.
2571 4744 2643 4796 At
2671 4740 2812 4797 editi
2845 4736 3191 4802 θλασθέντος.

2131 4761 2140 4799 Β
2189 4789 2200 4799 .
2233 4760 2292 4799 ΘΕ
2321 4760 2539 4798 1⁷11800.
2571 4760 2643 4796 At
2671 4760 2812 4797 eam
2845 4760 3191 4802 υΛασθεντος.

2131 4760 2243 4898 (gi)
2274 4816 2412 4902 Reg.
2445 4819 2501 4898 et
2532 4813 2671 4902 edit.
2692 4811 3011 4902 pommqu
3042 4811 3133 4902 καῖ
3173 4812 3286 4902 τῶν
3308 4807 3707 4902 τόπωνξίξίξίᾼι.

2058 4881 2268 4951 Perist,
2293 4881 2387 4939 xui
2411 4890 2518 4939 τῶν
2549 4881 2757 4938 λοιπῶν
2778 4882 2986 4951 τόπων,
3012 4888 3069 4938 et
3089 4882 3171 4939 sic
3201 4887 3421 4937 veteres
3444 4881 3711 4936 Theodo-

2059 4960 2167 5015 reti
2200 4958 2503 5028 editiones,
2560 4958 2713 5011 unde
2746 4957 2866 5011 haec
2911 4955 3426 5028 lectiodesumpta
3454 4953 3705 5028 vid_etu_r.

2059 5031 2219 5087 Nova
2251 5022 2595 5085 Theodoreti
2619 5028 2817 5093 editio,
2839 5024 2928 5080 καὶ
2959 5030 3065 5079 τῶν
3091 5022 3276 5079 ἄλλων
3303 5022 3507 5093 τόπων,
3534 5023 3710 5079 Paulo

2102 5108 2194 5157 ost
2240 5102 2458 5174 Theod.
2509 5091 2857 5174 γράψαντες.
2913 5098 3090 5174 Infra_
3118 5091 3605 5174 Theod._'A)\).inc
3653 5113 3713 5147 τε

2102 5174 2308 5248 έγουσιν
2366 5165 2735 5259 ὑπομὲηματα
2784 5165 2928 5244 ἔχειν
2974 5168 3094 5259 κατζ
3125 5166 3309 5240 αὐτοῦ,
3343 5166 3376 5221 ’ἁ
3423 5166 3558 5221 κατὰ
3608 5185 3709 5247 μο-

2179 5244 2188 5259 Ι
2778 5248 2804 5258 ~
2853 5253 2870 5259 Α
3008 5242 3071 5259 τῖ’
3141 5242 3257 5259 κνῖκκ,
3300 5256 3424 5259 γῗῗη,
3466 5252 3709 5259 ____A_____

2059 5238 2344 5319 νομέρειαν
2380 5238 2955 5319 συνέβη-γεγενῆσθαι.
2994 5240 3262 5319 _Hilal:i_us
3296 5238 3431 5319 vero
3459 5238 3711 5319 propius

2062 5312 2139 5373 ad
2166 5312 2468 5372 Athanasii
2500 5312 2809 5371 lectionem
2840 5313 3099 5368 accedit:
3134 5314 3333 5367 Dicunt
3375 5316 3561 5365 autem
3589 5312 3713 5364 acta

2061 5391 2231 5445 etiam
2260 5405 2317 5444 se
2345 5389 2549 5461 habere,
2578 5388 2833 5441 adversus
2878 5387 3065 5461 ipsum
3082 5402 3099 5437 :
3149 5399 3269 5455 quae
3300 5382 3713 5461 Ιιαζιεηξρριίθτη

2060 5462 2283 5516 absente
2300 5463 2457 5531 parte
2497 5460 2674 5531 altera
2721 5451 2930 5531 constat
2976 5451 3452 5526 fuisse—confecta.
3486 5451 3709 5506 Ibidem

2064 5533 2204 5601 Reg.
2236 5527 2372 5584 κατὰ
2408 5528 2737 5601 μονομερίαν
2772 5527 3014 5601 συνέστη.

2135 5592 2416 5684 (ἤὶλΑῐνιξ
2438 5602 2466 5654 ὁ
2497 5592 2659 5684 deest
2703 5600 2777 5684 inn
2811 5600 2950 5684 Reg;
2981 5592 3056 5651 et
3106 5596 3326 5684 Theod.
3373 5592 3552 5652 Paulo
3582 5592 3719 5665 post

2064 5666 2200 5730 edit.
2232 5666 2462 5730 Comm.
2496 5678 2551 5729 et
2582 5674 2717 5743 Reg.
2753 5666 3122 5743 θρυλούμενον
3216 5682 3222 5687 ’
