4152 6394
396 406 516 475 331

938 404 1010 472 S.’
1048 398 1473 473 ATHANASII
1515 406 1691 473 OPP.
1735 405 1943 471 PARS
1984 405 2036 468 Ι.
2068 437 2149 452 -
2179 404 2607 472 HISTORIGA
2649 404 2751 470 ET
2795 406 3293 473 DOGMATIGA.

3715 408 3837 474 332

398 548 543 602 tunc
571 541 853 618 aegrotum
883 542 943 600 in
965 541 1176 601 cellula
1200 543 1549 599 decubuisse
1572 560 1587 611 ;
1612 543 1696 598 ita
1722 546 1789 598 ut
1816 540 1953 597 hinc
1972 538 2047 596 li-
2078 601 2084 612 ,

2199 539 2443 616 Ιακάριος
2495 539 2689 612 ἐπέστη
2738 545 2819 614 τῷ
2865 541 3042 615 τόπῳ·
3106 541 3199 596 καὶ
3243 537 3431 620 ἔτερος
3472 539 3837 619 ἐρωτώμενος

401 633 582 707 quido
613 637 841 691 constet
868 632 1014 689 nihil
1041 632 1280 689 omnino
1302 632 1718 705 mysteriorum
1740 634 1882 686 tunc
1906 629 2055 685 cele-

400 723 639 780 bratum
671 723 874 793 fuisse,
906 738 1039 777 cum
1088 721 1495 778 catechumeni
1546 722 1707 776 intus
1757 722 1973 789 essent,
2001 719 2058 772 et

400 811 671 885 Ischyras
702 827 817 866 non
847 810 1100 876 adesset,
1123 811 1223 867 sed
1247 827 1395 881 aeger
1414 806 1970 872 decumberet.0uin
2000 810 2060 861 et

403 901 533 974 ipse
561 899 1055 956 sceleratissimus
1086 899 1373 972 Iscbyras,
1407 900 1508 972 qui
1553 899 1840 954 mentitus
1870 896 2061 952 fuerat

404 989 651 1046 dicendo
667 988 1058 1044 Athanasium
1077 1005 1309 1044 sacrum
1330 989 1648 1061 quemdam
1670 987 1886 1043 librum
1909 1001 2060 1040 com-

403 1079 691 1147 bussisse,
724 1081 780 1133 et
810 1094 878 1133 ca
923 1078 994 1134 de
1025 1093 1087 1134 re
1134 1078 1467 1134 convictum
1520 1078 1724 1148 fuisse,
1756 1076 2061 1131 confessus

403 1171 494 1225 est
522 1183 583 1223 se
613 1184 717 1239 per
737 1167 795 1223 id
821 1167 1104 1240 temporis
1120 1172 1434 1241 aagrotasse
1454 1179 1513 1224 et
1534 1164 1906 1231 decubuisse,
1924 1179 2060 1219 cum

400 1255 927 1323 Macariusadfuit,
977 1261 1042 1313 ut
1090 1256 1179 1312 vel
1211 1257 1349 1313 hinc
1402 1274 1535 1313 vere
1574 1255 1937 1329 sycophanta
1965 1250 2063 1308 ille

404 1346 483 1407 sit
510 1345 1015 1403 habendus.Certe
1064 1348 1124 1403 in
1154 1346 1338 1418 hujus
1394 1346 1702 1402 calumniae
1735 1342 2062 1400 mercedem

404 1436 604 1510 ipsum
636 1435 932 1509 Ischyram
964 1435 1220 1508 episcopi
1253 1436 1489 1492 nomine
1520 1436 1841 1503 donarunt,
1866 1431 1970 1504 qui
1992 1446 2066 1486 ne

407 1525 716 1598 presbyter
746 1524 986 1596 quidem
1017 1528 1162 1582 erat.
1217 1525 1341 1581 Duo
1392 1524 1549 1580 enim
1582 1520 1933 1596 presbyteri,
1964 1518 2067 1591 qui

411 1612 631 1672 Meletii
662 1614 961 1686 quondam
985 1630 1285 1686 sequaces,
1309 1616 1549 1670 demum
1580 1631 1615 1670 a
1634 1614 1813 1669 beatae
1845 1625 2067 1666 memo-

412 1702 513 1760 rias
542 1702 868 1759 Alexandro
912 1702 1054 1759 olim
1109 1703 1470 1759 Alexandriae
1520 1704 1793 1776 episcopo
1827 1698 2069 1771 recepti-

415 1792 880 1864 sunt,iidemque
912 1809 1068 1848 nunc
1096 1809 1232 1849 cum
1253 1792 1572 1849 Athanasio
1598 1797 1928 1856 versantur,
1956 1788 2072 1843 huc

2165 627 2321 706 ἔλεγε
2408 629 2500 685 τὸν
2598 631 3006 707 θρυλλούμενον
3096 632 3225 708 παρ’
3309 632 3491 688 αὑτῶν
3586 632 3837 710 Ἰσχύραν

2164 724 2424 775 νοσοῦντα
2479 720 2603 774 τότε
2665 725 3009 784 κατακεῖσθαι
3060 720 3112 776 ἐν
3165 718 3398 795 κελλίῳ·
3450 720 3525 784 ὡς
3554 721 3662 777 ἀπὸ
3708 720 3838 777 τού-

2164 830 2262 863 του
2319 809 2594 887 φαίνεσθαι
2658 808 2922 883 μηδόλως
2977 810 3303 887 γεγενῆσθαί
3350 831 3403 866 τι
3451 814 3560 866 τῶν
3630 832 3837 884 μυστη-

2168 897 2321 974 ρίων,
2357 895 2447 952 διὰ
2473 899 2536 953 τὸ
2574 898 2701 962 τοὺς
2747 901 3207 976 κατηχουμένους
3240 897 3391 956 ἔνδον
3426 899 3587 973 εἶναι,
3619 901 3711 956 καὶ
3740 900 3833 956 τὸν

2169 986 2418 1063 Ἰσχύραν
2475 989 2551 1060 μὴ
2601 993 2890 1063 παρεῖναι,
2941 987 3089 1046 ἀλλά
3146 994 3409 1046 νοσοῦντα
3464 995 3834 1055 κατακεῖσθαι.

2138 1075 2269 1130 νΚαὶ
2325 1077 2429 1152 γὰρ
2481 1076 2570 1131 καὶ
2629 1077 2791 1139 αὑτὸς
2850 1079 2966 1152 (73)
3023 1079 3050 1133 6
3106 1078 3477 1161 παμπόνηρος
3533 1078 3782 1155 Ἰσχύρας
3820 1124 3835 1150 ,

2170 1165 2507 1241 ψευσάμενος
2569 1166 2657 1222 ἐπὶ
2715 1172 2795 1240 τῷ
2854 1167 3129 1243 εἰρηκέναι
3179 1168 3493 1225 κεκαυκέναι
3541 1168 3634 1223 τὸν
3677 1169 3836 1233 Ἀθα-

2171 1255 2351 1310 νάσιόν
2377 1277 2499 1311 τινα
2524 1260 2633 1311 τῶν
2668 1256 2827 1313 θείων
2865 1252 3096 1333 βιϐλίων
3150 1258 3240 1314 καὶ
3287 1256 3639 1335 διηλέγχθαι,
3681 1258 3835 1331 ὡμο-

2174 1343 2382 1420 λόγησε
2459 1351 2574 1401 κατ’
2655 1345 2828 1401 ἐκεῖνο
2896 1352 3091 1423 καιροῦ
3154 1352 3330 1403 νοσεῖν
3400 1345 3492 1402 ὅτε
3556 1345 3835 1423 Μακάριος

2173 1440 2375 1510 παρῆν,
2409 1434 2497 1490 καὶ
2544 1441 2909 1507 κατακεῖσθαι,
2962 1436 3039 1499 ὡς
3086 1436 3178 1491 καὶ
3227 1436 3287 1493 ἐκ
3328 1436 3527 1492 τούτου
3577 1435 3841 1513 συκοφάν-

2172 1544 2272 1593 την
2333 1521 2491 1578 αὐτὸν
2552 1523 2689 1579 εἶναι
2723 1567 2737 1582 .
2790 1523 3016 1599 Ἀμέλει
3067 1532 3169 1595 τῆς
3219 1525 3578 1604 συκοφαντίας
3631 1524 3836 1596 ταύτης

2181 1609 2370 1684 μισθὸν
2403 1611 2549 1685 αύτῷ
2594 1617 2674 1685 τῷ
2704 1612 2923 1690 Ἰσχύρᾳ
2953 1611 3247 1670 δεδώκασιν
3298 1614 3603 1683 ἐπισκοπῆς
3640 1609 3836 1687 ὄνομα,

2176 1701 2256 1770 τῷ
2332 1697 2471 1772 μηδέ
2544 1695 2895 1775 πρεσϐυτέρῳ
2968 1703 3295 1778 τυγχάνοντι
3340 1747 3354 1759 .
3409 1703 3839 1773 Ἀπαντήσαντες

2178 1787 2282 1861 γὰρ
2342 1784 2438 1841 δύο
2491 1782 2847 1865 πρεσϐύτεροι
2908 1789 3000 1845 σὺν
3061 1788 3309 1863 Μελιτίῳ
3355 1790 3489 1846 ποτέ
3526 1789 3840 1866 γενόμενοι,

415 1881 791 1938 advenientes
836 1881 1032 1938 testati
1079 1887 1221 1938 sunt
1267 1882 1435 1938 illum
1485 1897 1791 1955 nunquam
1852 1876 2071 1935 Meletii

2199 1876 2398 1951 ίστερον
2456 1874 2514 1932 δὲ
2562 1877 2667 1933 ὐπὸ
2709 1884 2806 1934 τοῦ
2859 1879 3158 1953 μακαρίτου
3204 1877 3559 1955 Ἀλεξάνδρου
3606 1884 3705 1935 τοῦ
3748 1900 3841 1955 γε-

413 1971 821 2043 presbyterum
851 1969 1165 2036 fuisse,nec
1185 1971 1483 2028 Meletium
1514 1972 1574 2027 in
1604 1973 1858 2026 Mareote
1887 1964 2069 2023 eccle-

416 2059 568 2117 siam
599 2059 687 2116 vel
719 2059 1060 2117 ministrum
1083 2079 1347 2134 unquam
1370 2055 2071 2119 habuisse.Nihilominus

413 2165 551 2206 eum
583 2148 683 2221 qui
718 2149 1019 2222 presbyter
1039 2167 1158 2207 non
1184 2156 1330 2218 erat,
1355 2168 1511 2207 nunc
1532 2150 1703 2223 quasi
1728 2148 2071 2221 episcopum

409 2238 832 2312 produxerunt,
865 2244 932 2295 ut
959 2239 1070 2296 hoc
1100 2241 1336 2297 nomine
1366 2241 1478 2312 usi,
1496 2257 1599 2314 per
1624 2234 2070 2313 sycophantiam

412 2327 542 2399 ejus
571 2326 868 2385 auditores
906 2328 1250 2402 percellant.

2099 1928 2149 1993 B

2180 1961 2407 2038 νομένου
2463 1966 2757 2024 ἐπισκόπου
2805 1965 3213 2045 Ἀλεξανδρείας
3263 1966 3539 2044 δεχθέντες
3584 1970 3719 2042 (74),
3749 1968 3845 2036 καὶ

2178 2059 2270 2109 νῦν
2320 2054 2411 2111 σὺν
2465 2057 2770 2131 Ἀθανασίῳ
2818 2053 2991 2130 ὄντες,
3045 2056 3424 2136 ἐμαρτύρησαν
3474 2055 3849 2132 μηδεπώποτε

2178 2148 2366 2198 τοῦτον
2449 2141 2810 2221 πρεσϐύτερον
2894 2144 3155 2202 Μελιτίου
3241 2148 3613 2223 γεγενῆσθαι,
3695 2144 3840 2221 μηδὲ

2180 2230 2328 2297 ὅλως
2361 2232 2652 2312 ἐσχηκέναι
2696 2235 2956 2294 Μελίτιον
3007 2236 3085 2299 εἰς
3134 2237 3227 2291 τὸν
3260 2237 3560 2313 Μαρεώτην
3605 2235 3843 2308 Ἐκκλη-

2181 2321 2296 2376 σίαν
2328 2323 2364 2392 ἢ
2412 2322 2754 2403 λειτουργόν*
2806 2324 2895 2381 καί
2943 2323 3100 2399 ὅμως
3143 2326 3234 2380 τὸν
3291 2322 3433 2399 μηδέ
3476 2321 3844 2403 πρεσϐύτερον

408 2416 757 2493 τυγχάνοντα
782 2420 873 2473 νῦν
910 2417 986 2481 ὡς
1035 2416 1332 2474 ἐπίσκοπον
1363 2415 1573 2494 ἤγαγον
1604 2420 1742 2493 (75),
1767 2414 1860 2471 ’ίνα
1886 2418 1966 2487 τῷ
2019 2410 2245 2486 ὀνόματι
2293 2412 2472 2487 τούτῳ
2522 2412 2718 2486 δόξωσι
2746 2420 2838 2490 ,τῇ
2889 2413 3221 2493 συκοφαντίᾳ
3266 2411 3669 2486 καταπλήττειν
3711 2413 3845 2478 τοὺς

421 2503 738 2568 ἀκούοντας.

498 2594 589 2651 47.
619 2598 833 2652 Lectus
881 2598 971 2650 est
1017 2612 1253 2669 quoque
1300 2597 1448 2654 liber
1477 2597 1865 2654 comministri
1897 2592 2083 2650 nostri

427 2682 710 2753 Marcelli,
742 2688 801 2740 et
847 2684 1213 2756 deprehensa
1244 2691 1335 2743 est
1384 2688 1849 2744 Eusebianorum
1879 2684 2083 2741 dolosa

430 2769 716 2827 vafrities.
739 2771 888 2828 Nam
919 2789 1044 2844 quas
1076 2790 1180 2847 per
1227 2775 1742 2849 interrogationem
1773 2772 2084 2831 Marcellus

434 2858 661 2916 dixerat
676 2874 745 2916 ea
774 2860 945 2932 quasi
968 2878 1037 2917 ex
1064 2863 1326 2935 professo
1352 2865 1528 2934 dicta,
1552 2869 1694 2922 sunt
1718 2860 2081 2921 calumniati.

439 2948 631 3005 Lectis
662 2948 844 3023 igitur
872 2951 1371 3024 subsequentibus
1402 2972 1468 3010 ac
1499 2956 1571 3011 iis
1607 2972 1732 3028 quae
1764 2960 1897 3012 ante
1928 2970 2084 3026 ques-

436 3038 660 3096 stiones
689 3038 824 3095 illas
872 3041 1065 3114 posita
1093 3047 1278 3115 erant,
1328 3051 1487 3101 recta
1534 3044 1640 3101 viri
1672 3046 1816 3102 ﬁdes
1854 3044 2087 3100 inventa

432 3132 542 3185 est.
575 3128 775 3201 Neque
802 3130 961 3186 enim
993 3149 1062 3188 ex
1100 3140 1304 3189 sancta
1355 3134 1556 3204 Maria,
1592 3140 1657 3191 ut
1704 3135 1789 3191 illi
1821 3135 2084 3191 afﬁrma-

2260 2595 2351 2651 47.
2383 2594 2720 2669 Ἀνεγνώσθη
2771 2589 2830 2648 δὲ
2872 2592 2961 2648 καὶ
3008 2592 3071 2648 τὸ
3118 2591 3454 2667 σύγγραμμα
3494 2596 3591 2648 τοῦ
3623 2590 3846 2648 συλλει-

2188 2687 2425 2758 τουργοῧ
2474 2680 2801 2758 Μαρκέλλου
2852 2684 2988 2756 (76),
3017 2683 3109 2737 καὶ
3156 2682 3343 2758 εὑρέθη
3375 2685 3485 2737 τῶν
3523 2680 3647 2759 περὶ
3679 2681 3847 2737 Εὐσέ-

2192 2766 2310 2827 ϐιον
2355 2775 2390 2842 ἡ
2435 2771 2780 2849 κακοτεχνία.
2830 2774 2898 2827 Ἃ
2946 2773 3050 2847 γὰρ
3098 2772 3172 2834 ὡς
3223 2776 3397 2840 ζητῶν
3450 2772 3479 2826 6
3522 2769 3849 2847 Μάρκελλος

2194 2860 2380 2940 εἶ’ρηκε
2413 2907 2427 2933 ,
2488 2867 2658 2918 ταῦτα
2714 2862 2794 2927 ὡς
2871 2861 3297 2937 ὁμολογούμενα
3373 2856 3796 2940 διαϐεϐλήκασιν
3832 2902 3847 2917 .

2192 2953 2529 3029 Ἀνεγνώσθη
2590 2956 2720 3027 γοῦν
2779 2953 2847 3006 τὰ
2905 2950 3049 3023 ἑξῆς,
3106 2950 3195 3006 καί
3248 2952 3315 3007 τὰ
3359 2953 3466 3023 πρὸ
3510 2950 3686 3007 αὐτῶν
3739 2955 3850 3007 τῶν

2196 3041 2548 3117 ζητημάτων,
2608 3041 2697 3096 καὶ
2760 3040 2893 3116 όρθή
2946 3043 2980 3111 ἡ
3033 3039 3212 3104 πίστις
3254 3045 3352 3097 τοῦ
3400 3038 3594 3115 ἀνδρὸς
3626 3039 3845 3114 εὑρέθη·

2194 3132 2317 3191 οὔτε
2368 3135 2471 3209 γάρ
2519 3131 2623 3188 διπὸ
2670 3138 2771 3201 τῆς
2823 3129 2981 3206 ἁγίας
3033 3130 3277 3204 Μαρίας,
3325 3130 3402 3193 ὡς
3460 3128 3612 3186 αὐτοὶ
3670 3125 3849 3185 διεϐε-

430 3218 596 3291 bant,
626 3217 815 3275 Verbo
837 3219 940 3276 Dei
971 3219 1208 3278 initinm
1239 3223 1574 3281 tribuebat:
1613 3242 1804 3298 neque
1832 3240 2080 3298 regnum

2199 3225 2509 3295 ἰαιώσαντο,
2564 3222 2744 3297 ἀρχὴν
2799 3216 2980 3275 ἐδίδου
3028 3223 3109 3292 τῷ
3160 3223 3295 3275 Θεοῦ
3346 3219 3514 3295 Λόγῳ
3544 3221 3679 3293 (77),
3727 3214 3863 3274 οὔτε

448 3274 457 3276 '
577 3274 596 3291 1
760 3274 765 3275 ⁷
796 3274 803 3275 ί
838 3274 865 3275 ί
897 3274 937 3276 "
974 3274 1208 3278 "_"'"—‘
1246 3274 1536 3281 "“"'""'
1561 3274 1574 3281 '
1614 3274 1801 3298 ""1"
1832 3274 2080 3298 ”“Ο“““”“““

432 3308 561 3381 ejus
592 3308 770 3364 ﬁnem
819 3308 1163 3367 habiturum
1191 3330 1204 3381 ;
1246 3314 1348 3369 sed
1379 3330 1627 3386 regnum
1674 3316 1804 3388 ejus
1836 3315 2003 3372 initio
2035 3319 2084 3372 el

2199 3274 2509 3295 "'""""'!
2570 3274 2713 3297 "vn.-
2808 3274 2815 3275 ί
2900 3274 2903 3275 ν
3081 3274 3092 3292 ι
3174 3274 3185 3275 ί
3348 3274 3351 3275 ν
3408 3274 3452 3295 νο
3485 3274 3496 3293 ι
3547 3274 3561 3293 \
3640 3274 3679 3292 11

2199 3315 2359 3378 τέλος
2393 3309 2538 3388 ἔχειν
2569 3312 2668 3381 τήν
2705 3307 2981 3385 βασιλείαν
3034 3308 3220 3379 αὐτοῦ,
3272 3306 3420 3364 ἀλλὰ
3464 3308 3554 3364 καὶ
3601 3309 3704 3378 τὴν
3762 3309 3861 3386 βα-

432 3397 550 3454 ﬁue
579 3413 777 3454 carere
800 3398 1137 3472 scripserat.
1161 3401 1440 3474 Asclepas
1463 3407 1660 3461 autem
1688 3405 2092 3462 comminister

439 3491 829 3543 monumenta
857 3488 1103 3560 protulit
1129 3490 1469 3561 Antiochiae,
1502 3494 1892 3565 praesentibus
1919 3511 2090 3551 accu-

440 3575 833 3647 satoribus,et
861 3577 1110 3635 Eusebio
1132 3579 1404 3637 Caesareas
1442 3580 1715 3655 episcopo
1736 3583 1913 3655 edita,
1945 3588 2003 3641 et
2029 3600 2099 3640 ex

435 3665 687 3720 sententi
699 3664 748 3721 is
760 3665 1169 3739 episcoporum
1189 3668 1290 3740 qui
1311 3686 1380 3725 eu
1392 3687 1444 3724 m
1456 3670 1480 3741 j
1493 3672 1827 3738 udicabant,
1850 3673 2095 3743 se,inno-

442 3758 668 3809 centem
701 3770 831 3811 esse
877 3756 1318 3814 demonstravit.
1370 3758 1496 3814 Non
1527 3760 1655 3817 sine
1685 3778 1864 3818 causa
1891 3762 2091 3836 igitur,

436 3841 808 3900 dilectissimi
840 3842 1072 3913 fratres,
1105 3846 1321 3919 saepius
1351 3848 1539 3904 vocati
1571 3867 1688 3907 non
1726 3851 2093 3924 obtempera-

432 3932 772 4001 verunt,sed
796 3932 935 4006 fuga
963 3933 1077 3990 sibi
1109 3936 1556 3994 consuluerunt.
1585 3939 1733 3996 Nam
1760 3940 2095 4013 impellente

438 4020 819 4090 conscientia,
848 4039 910 4077 se
932 4039 1129 4080 revera
1158 4024 1484 4084 calumnias
1507 4029 1793 4086 struxisse
1814 4032 1962 4087 I31
1991 4048 2095 4087 au-

441 4109 720 4181 fugiendo
752 4112 1197 4182 conﬁrmarunt,
1229 4114 1483 4190 hincque
1505 4118 1745 4193 contigit
1766 4125 1830 4176 ut
1860 4120 1935 4176 iis
1966 4137 2095 4192 quis

442 4200 516 4257 ab
548 4215 751 4256 eorum
784 4203 1225 4260 accusatoribus
1273 4207 1661 4278 praesentibus
1704 4209 2100 4281 objicerentur

441 4304 510 4347 ac
541 4288 1106 4361 demonstrarentur,
1140 4293 1287 4350 ﬁdes
1318 4295 1395 4352 sit
1423 4296 1642 4354 habita.
1677 4298 1809 4355 Jam
1838 4316 1970 4356 vero
1998 4316 2095 4355 su-

442 4394 548 4452 per
576 4376 698 4435 haac
728 4379 946 4448 omnia,
971 4397 1070 4438 eos
1100 4382 1201 4455 qui
1224 4382 1362 4441 olim
1395 4385 1468 4442 ob
1495 4386 1615 4442 Arii
1641 4386 2098 4455 haeresimydam-

362 4514 368 4519 .
442 4467 565 4524 nati
597 4471 656 4524 et
684 4468 854 4541 ejecti
884 4469 1137 4540 fuerant,
1164 4488 1279 4528 non
1303 4473 1493 4530 solum
1516 4482 1882 4548 receperunt,
1919 4477 2020 4533 sed
2043 4482 2100 4533 et

444 4556 517 4613 ad
548 4555 815 4614 altiorem
830 4560 1079 4632 gradum
1094 4568 1513 4633 promoverunt
1530 4583 1543 4633 ;
1561 4565 1837 4622 diaconos
1859 4567 2097 4638 quidem

2202 3404 2408 3461 σιλείαν
2469 3398 2705 3477 ἄναρχον
2761 3399 2852 3454 καὶ
2908 3397 3267 3470 ἀτελεύτητον
3327 3399 3463 3454 εἶναι
3509 3399 3610 3468 τήν
3666 3396 3864 3453 τούτου

2202 3494 2432 3572 ἔγραψε.
2495 3491 2595 3546 Καὶ
2653 3487 2977 3559 ’Δσκληπᾶς
3037 3485 3094 3543 δὲ
3152 3488 3180 3544 6
3240 3487 3668 3564 συλλειτουργὸς
3723 3508 3862 3565 προ-

2200 3587 2427 3659 ἤνεγκεν
2489 3580 2857 3654 ὑπομνήματα
2921 3575 3188 3653 γενόμενα
3247 3579 3358 3652 (78)
3412 3577 3465 3633 ἐν
3525 3576 3864 3654 Ἀντιοχείᾳ,

2202 3674 2482 3750 παρόντων
2536 3674 2643 3724 τῶν
2703 3667 3065 3744 κατηγόρων,
3125 3665 3214 3722 καί
3273 3662 3535 3723 Εὐσεϐίου
3599 3671 3697 3723 τοῦ
3757 3667 3865 3722 ἀπὸ

2203 3758 2543 3834 Καισαρείας·
2594 3757 2685 3812 καὶ
2736 3755 2795 3811 ἐκ
2840 3759 2948 3810 τῶν
2997 3754 3318 3833 ἀποφάσεων
3365 3760 3473 3811 τῶν
3531 3753 3865 3811 δικασάντων

2205 3849 2513 3907 ἐπισκόπων
2547 3845 2740 3917 ἔδειξεν
2794 3845 2979 3900 ἑαυτὸν
3027 3846 3199 3900 ἀθῶον
3252 3844 3405 3902 εἶναι.
3458 3844 3699 3910 Εἰκότως
3747 3843 3865 3918 οὖν,

2205 3938 2481 4015 ἀγαπητοὶ
2530 3933 2805 4014 ἀδελφοὶ,
2862 3932 3197 4007 καλούμενοι
3263 3931 3538 3998 πολλάκις
3596 3934 3707 4012 οὐχ
3762 3934 3866 3991 61t-

2204 4032 2439 4100 ήκουσαν
2483 4027 2620 4099 (79),
2672 4022 2899 4085 εἰκότως
2954 4020 3171 4100 ἔφυγον.
3224 4024 3354 4080 Ὑπὸ
3398 4026 3502 4100 γὰρ
3551 4029 3648 4081 τοῦ
3696 4045 3873 4080 συνει-

2206 4115 2362 4179 δότος
2422 4114 2816 4188 ἐλαυνόμενοι,
2885 4117 3031 4191 φυγῇ
3086 4115 3183 4177 τὰς
3242 4113 3599 4193 συκοφαντίας
3661 4116 3865 4171 ἑαυτῶν

2207 4202 2561 4273 ἐϐεϐαίωσαν,
2614 4202 2705 4258 καὶ
2753 4204 3104 4272 πιστευθῆναι
3151 4203 3268 4258 κατ’
3324 4202 3502 4258 αὐτῶν
3560 4206 3865 4275 πεποιήκα-

2206 4319 2310 4369 σιν,
2353 4295 2385 4349 ἃ
2441 4294 2703 4371 παρόντες
2753 4293 2803 4348 οἱ
2852 4296 3290 4368 κατηγοροῦντες
3350 4290 3540 4369 ἔλεγον
3597 4295 3687 4348 καὶ
3746 4291 3868 4348 ἐπε-

2207 4385 2447 4442 δείκνυον
2509 4387 2638 4459 (80).
2702 4382 2851 4438 Ἐπεὶ
2906 4379 3087 4437 τοίνυν
3142 4379 3281 4458 πρὸς
3334 4379 3553 4445 τούτοις
3600 4388 3730 4438 πᾶσι
3778 4382 3873 4443 καὶ

2204 4475 2333 4539 τοὺς
2394 4472 2565 4530 πάλαι
2612 4470 3022 4550 καθαιρεθέντας
3079 4472 3194 4545 (81)
3238 4470 3330 4525 καὶ
3381 4466 3742 4543 ἐκϐληθέντας
3784 4469 3876 4526 διὰ

2204 4568 2305 4636 τὴν
2340 4564 2555 4638 Ἀρείου
2606 4561 2807 4640 α’ίρεσιν
2855 4560 2917 4616 ού
2962 4559 3125 4635 μόνον
3174 4557 3441 4632 ἐδέξαντο,
3494 4557 3640 4615 ἀλλὰ
3670 4560 3762 4616 καὶ
3794 4561 3874 4625 εἷς

446 4646 519 4702 ad
553 4647 1044 4719 presbyteratum,
1078 4654 1134 4706 et
1179 4667 1248 4706 ex
1291 4654 1650 4726 presbyteris
1701 4656 1772 4712 ad
1805 4656 2079 4730 episcopo.

2214 4655 2435 4729 μείζονα
2485 4653 2690 4729 βαθμὸν
2750 4651 3091 4726 προήγαγον,
3152 4646 3430 4711 διακόνους
3487 4649 3581 4724 μὲν
3625 4649 3702 4713 εἷς
3732 4670 3867 4729 πρε-

444 4738 574 4791 tum
604 4734 764 4792 nulla
792 4735 908 4794 alia
937 4740 1008 4794 de
1038 4755 1237 4829 causa,
1281 4758 1462 4814 quam
1496 4747 1560 4799 ut
1586 4743 1947 4817 impietatem
1978 4747 2099 4804 dis-

663 4896 908 4977 Theodv
941 4899 1044 4977 Ιςαξ
1069 4900 1170 4975 γὰρ
1202 4897 1385 4963 αύτός.
1438 4902 1616 4960 Paulo
1645 4909 1777 4977 post
1803 4910 1910 4959 τῶν
1943 4906 2099 4961 θείων

454 4960 690 5051 βιϐλίων
720 4968 810 5022 καὶ
859 4960 1286 5051 διαψεύσασθαι,
1317 4960 1459 5051 sunt
1505 4960 1863 5051 quijmalint
1890 4960 2103 5051 legere),

572 5035 997 5123 Stelevyxesfc',
1047 5035 1579 5123 quam_'1ectionein
1602 5048 1847 5123 ﬁrmare
1877 5035 2107 5108 videtur

452 5111 733 5185 Hilarius,
761 5111 863 5185 qui
892 5111 1184 5185 habet—Lac
1210 5116 1277 5172 de
1305 5119 1407 5175 hoc
1445 5122 1744 5177 convictus.

527 5184 641 5278 (Σὲ)
670 5182 916 5278 Ξξέςιξη
949 5182 1389 5278 προσδεχθέντες.

522 5254 639 5395 ἑ75)
670 5254 916 5325 Theod.,
946 5254 1033 5313 νύν
1083 5254 1375 5314 ἐπίσκοπον
1418 5263 1755 5338 προήγαγον.
1789 5265 1922 5323 Mox
1950 5267 2105 5324 idem

458 5320 516 5379 δό
550 5344 649 5379 ωσι
682 5324 768 5381 ἐπὶ
797 5334 898 5395 τῆς
932 5329 1309 5395 συκοφαντίας.

456 5343 482 5379 0

550 5324 649 5409 ‘33}
682 5324 768 5409 ἒτῑῖ
797 5324 1309 5409 τῆςρυκοφειντίειε·

530 5399 642 5480 (76)
687 5398 1040 5480 Mapxéllou.
1077 5398 1174 5480 'pe
1221 5402 1473 5480 Marcelli
1502 5477 1510 5480 _
1537 5423 1713 5462 causa
1771 5425 2014 5480 agemus
2046 5411 2107 5466 in

453 5468 865 5548 Admonjtidne
940 5476 1001 5548 in
1064 5477 1386 5548 _Epz‘_stolam_
1441 5477 1512 5533 ad
1569 5468 1866 5537 solitarius.
1927 5481 2149 5538 Paulo

453 5540 904 5629 infra.TThePd.,
938 5546 1013 5629 ab“;
1045 5540 1313 5629 ᾠιξολογη
1328 5546 1649 5629 μένω-,ΜΨ
1678 5551 2108 5629 ἱάοωμᾴνεγνώ-

454 5609 561 5690 τθη-
590 5609 679 5664 οὖν
709 5609 993 5671 ταῦτα’καὶ
1022 5609 1267 5690 τιδι’ἐξῆς,
1299 5609 1399 5676 sed
1451 5620 1708 5679 Hilarius
1754 5609 2064 5683 nobiscum
2092 5644 2105 5685 ε

460 5681 753 5764 lectisunrgt
784 5690 933 5764 enim
961 5706 1084 5762 quae
1110 5681 1500 5764 séq'uebantur.

533 5755 645 5825 (77)
678 5756 921 5833 Theod.,
951 5755 1029 5833 ’ἑῷ
1059 5755 1390 5837 ΘεᾷίΛόγῳ.
1415 5765 1578 5838 Reg,
1610 5769 1689 5838 τῷ
1709 5770 1805 5821 τοῦ
1836 5771 1969 5822 θεοῦ
2002 5766 2106 5823 Λό-

2211 4741 2512 4821 σϐυτὲριον,
2547 4741 2653 4798 ἀπὸ
2701 4738 2758 4796 δέ
2799 4733 3176 4816 πρεσϐυτέρων
3230 4738 3306 4802 εἷς
3356 4736 3686 4804 ἐπισκόπους
3730 4742 3869 4814 (82),

2211 4906 2412 4983 γώηξῐι
2443 4905 2616 4983 editis
2636 4907 2739 4983 τοῦ
2771 4904 2954 4983 deest.

2285 4981 2400 5051 (78)
2454 4977 2698 5045 Theod.,
2786 4975 3120 5051 προήνεγκεν
3206 4971 3582 5047 ὑπομνήματα
3650 4991 3876 5048 γεγενη-

2220 5050 2397 5191 μέἷῗθ)
2427 5125 2469 5174 Τ
2476 5121 2668 5189 heod.,
2701 5116 3081 5191 ὑπακούουσιν.

2287 5181 2400 5275 (80)
2430 5181 2676 5275 Theodj,
2719 5188 2911 5275 ἔλεγον
2953 5186 3043 5243 καὶ
3069 5183 3485 5275 ἐπεδείκνυντο.
3518 5181 3866 5275 ςΈτιλτοίῖυγ,

2216 5256 2472 5322 Hilarius
2504 5256 2701 5320 autem
2760 5256 2973 5336 legisse
3029 5261 3281 5328 videtur,
3326 5258 3387 5313 Τί
3444 5256 3871 5323 τοίνυνςνοηὶι

2216 5337 2399 5412 enim,
2422 5337 2555 5412 q_uid
2583 5337 2800 5412 igitur?
2979 5404 2990 5412 .
3039 5402 3049 5412 _
3250 5406 3279 5412 _
3336 5402 3352 5412 ,
3387 5399 3469 5412 πη
3546 5399 3557 5410 ,
3745 5397 3759 5412 ,
3788 5396 3800 5408 ,

2291 5397 2678 5481 (81’)7‘Theod.,
2708 5402 3204 5480 κατηγορηθέντας.
3247 5402 3355 5457 Sed
3387 5399 3636 5457 Hilarius
3667 5397 3869 5455 nobis-

2218 5496 2351 5536 cum
2383 5480 2670 5551 depositas.

2290 5553 2403 5627 (82)
2448 5537 2709 5627 lfl‘heod.,
2792 5548 2896 5603 ἀπὸ
2956 5544 3031 5627 δὲ.
3084 5537 3462 5627 πρεσϐυτέρων
3523 5542 3602 5627 είς
3659 5540 3882 5627 ἐπι-σκο-

2220 5618 2346 5692 πήν,
2405 5623 2661 5679 Ililarius
2693 5618 2937 5688 'autem,
2997 5619 3062 5675 de
3119 5618 3331 5691 byterz'o
3356 5618 3363 5619 “
3390 5618 3452 5672 in
3480 5618 3875 5690 episcopatum.

2220 5695 2369 5751 Sunt
2399 5696 2498 5761 qui
2529 5696 2871 5751 vertendum
2904 5692 3245 5749 existiment
3294 5692 3636 5761 presbyteros
3665 5687 3876 5761 deposi-

2218 5695 2369 5751 Sunt
2399 5696 2498 5768 qui
2529 5696 2871 5751 vertendum
2904 5695 3245 5749 existiment
3292 5695 3636 5775 presbyteros
3665 5695 3876 5761 deposi-

2219 5772 2300 5825 tas
2330 5769 2392 5824 in
2421 5769 2789 5841 episcopatum
2815 5785 2828 5837 ;
2862 5765 3037 5839 quod,
3070 5767 3306 5820 tametsi
3347 5778 3550 5820 verum
3577 5777 3708 5821 esse
3735 5776 3877 5818 con-
