4152 6384
381 441 497 508 333

1509 445 1909 512 APOLOGIA
1951 445 2269 513 CONTRA
2315 449 2684 513 ARIANOS.

3690 445 3807 510 334

382 573 452 631 δι’
475 571 630 634 οὐδὲν
664 570 843 656 ἕτερον
875 576 911 648 ἢ
943 573 1030 634 i’va
1057 579 1158 650 τῆν
1191 572 1435 636 ἀσέϐειαν
1462 577 1769 654 διασπεῖραι
1791 580 2012 636 καὶπλα

2149 583 2440 640 seminare
2484 588 2540 640 et
2578 583 2756 642 latius
2786 597 3131 660 propagare,
3167 597 3234 639 ac
3263 579 3422 657 piam
3471 571 3646 638 ﬁdem
3679 597 3804 638 cor-

377 671 531 722 τῦναι
565 665 858 742 δυνηθῶσι,
891 670 982 725 καὶ
1028 670 1128 739 τὴν
1182 665 1374 740 εύσεϐῆ
1431 667 1781 749 διαφθείρωσι
1833 670 2035 728 πίστιν.

454 849 539 902 48.
572 846 689 902 Εἰσὶ
731 843 788 902 δὲ
833 846 1042 902 τούτων
1094 850 1228 921 μετὰ
1274 848 1402 912 τοὺς
1461 849 1585 926 περὶ
1634 845 1893 904 Εὐσέϐιον
1945 855 2034 905 νῦν

380 933 600 1013 ἔξαρχοι
661 935 942 1014 Θεόδωρος
1005 939 1033 993 6
1087 938 1193 993 ἀπὸ
1249 937 1590 1015 Ἡρακλείας,
1651 939 1954 1016 Νάρκισσος
2009 941 2037 994 6

380 1025 486 1080 ἀπὸ
533 1025 873 1103 Νερωνιάδος
921 1034 1022 1097 τῆς
1076 1027 1348 1096 Κιλικίας,
1385 1029 1657 1108 Στέφανος
1700 1030 1727 1083 6
1776 1029 1882 1084 ἀπὸ
1915 1030 2034 1087 Ἀν-

376 1115 644 1191 τιοχείας,
705 1118 981 1193 Γεώργιος
1039 1119 1066 1172 6
1127 1118 1231 1172 ἀπὸ
1290 1115 1633 1188 Λαοδικείας,
1693 1118 1946 1181 Ἀκάκιος
2008 1121 2036 1174 ὁ

378 1205 484 1261 ἀπὸ
543 1206 862 1282 Καισαρείας
919 1214 1020 1277 τῆς
1073 1207 1464 1280 Παλαιστίνης,
1510 1207 1868 1286 Μηνύφαντος
1928 1209 2035 1264 ἀπὸ

375 1294 602 1372 Ἐιρέσου
659 1303 760 1366 τῆς
819 1296 1026 1368 Ἄσίας,
1086 1296 1384 1373 Ούρσάκιος
1445 1297 1472 1352 ὁ
1530 1297 1635 1352 ἀπὸ
1710 1297 2034 1373 Σιγγιδόνου

375 1391 476 1454 τῆς
534 1384 760 1457 Μυσίας,
795 1385 1012 1456 Οὐάλης
1073 1386 1178 1441 ἀπὸ
1228 1391 1490 1462 Μουρσῶν
1524 1388 1637 1459 (83)
1677 1393 1778 1455 τῆς
1827 1392 2032 1442 Παννο-

375 1473 541 1536 νίας·
589 1475 677 1529 καὶ
725 1476 826 1552 γὰρ
872 1475 1023 1530 οὗτοι
1068 1475 1196 1539 τοὺς
1247 1475 1338 1530 σὺν
1389 1475 1576 1537 αὐτοῖς
1617 1475 1874 1539 ἐλθόντας
1927 1476 2033 1531 ἀπὸ

374 1569 476 1632 τῆς
537 1563 678 1637 ἑῴας
722 1564 822 1619 οὐκ
870 1565 1162 1642 ἐπέτρεπον
1212 1561 1335 1620 οὔτε
1383 1564 1458 1627 εἷς
1493 1566 1591 1634 τὴν
1626 1565 1774 1640 ἁγίαν
1807 1562 2030 1619 σύνοδον

377 1650 660 1724 εἴσελθεῖν,
697 1651 819 1709 οὔτε
876 1654 1021 1717 ὅλως
1081 1655 1158 1717 εἷς
1213 1656 1312 1723 τὴν
1366 1653 1690 1724 Ἐκκλησίαν
1743 1659 1841 1708 τοῦ
1898 1659 2032 1709 Θεοῦ

377 1737 774 1816 παραϐάλλειν.
817 1745 914 1799 Καὶ
976 1743 1268 1820 ἐρχόμενοι
1328 1742 1386 1798 δὲ
1441 1744 1518 1806 εἰς
1574 1745 1674 1812 τὴν
1727 1741 2028 1816 Σαρδικῆν,

373 1832 508 1886 κατά
558 1832 760 1896 τόπους
818 1832 1077 1896 συνόδους
1128 1833 1411 1889 ἐποιοῦντο
1463 1833 1601 1909 πρὸς
1666 1832 1910 1904 ἑαυτοὺς,
1942 1832 2030 1887 καὶ

375 1922 644 1991 συνθήκας
697 1924 834 1995 μετά
888 1923 1128 1979 ἀπειλῶν
1159 1946 1169 1957 ·
1219 1922 1357 1979 ὥστε
1388 1921 1645 1987 ἐλθόντας
1697 1922 1892 1984 αὐτοὺς
1954 1922 2029 1985 εἷς

371 2009 471 2076 τήν
506 2008 804 2086 Σαρδικῆν,
841 2008 981 2085 μηδὲ
1010 2011 1155 2075 ὅλως
1190 2011 1265 2074 εἷς
1295 2014 1393 2081 τὴν
1425 2011 1599 2087 κρίσιν
1634 2011 1832 2081 ἐλθεῖν,
1873 2009 2028 2086 μηδι’

372 2096 459 2154 ἐπὶ
508 2099 570 2154 τὸ
614 2100 746 2156 αὐτὸ
814 2101 1087 2158 συνελθεῖν
1132 2106 1200 2177 τῇ
1252 2101 1375 2179 ἁγίᾳ
1423 2098 1633 2174 συνόδῳ
1691 2104 1824 2175 (84),
1885 2100 2030 2157 ἀλλὰ

373 2188 537 2260 μόνον
571 2188 850 2264 ἐλθόντας,
883 2191 971 2246 καὶ
1006 2193 1297 2270 ἀφοσιώσει
1343 2192 1443 2260 τὴν
1494 2188 1788 2264 ἐπιδημίαν
1823 2191 2022 2245 ἑαυτῶν

370 2275 831 2353 ἐπιδειξαμένους,
884 2280 1102 2357 ταχέωξ
1161 2287 1366 2359 φυγεῖν.
1417 2284 1591 2335 Ταῦτα
1652 2282 1754 2357 γάρ
1823 2284 2025 2355 γνῶναι

369 2363 707 2441 δεδυνήμεθα
763 2369 911 2444 παρά
960 2373 1068 2424 τῶν
1126 2369 1564 2446 συλλειτουργών
1625 2372 1784 2442 ἡμῶν
1837 2375 2020 2423 Μακα-

369 2453 487 2529 ρίου
548 2455 655 2511 ἀπὸ
704 2456 1076 2530 Παλαιστίνης
1124 2459 1213 2514 καὶ
1246 2459 1522 2535 Ἀστερίου
1574 2458 1679 2513 ἀπὸ
1742 2452 2019 2535 Ἀραϐίας,

363 2547 471 2598 τῶν
558 2543 824 2601 ἐλθόντων
913 2545 1004 2601 σὺν
1088 2548 1294 2617 αὐτοῖς,
1365 2548 1455 2604 καὶ
1544 2546 2016 2624 ἀναχωρησάντων

364 2631 468 2687 ἀπὸ
500 2641 599 2704 τῆς
631 2634 881 2699 ἀπιστίας
915 2637 1112 2695 αὐτῶν.
1149 2638 1309 2693 Οὗτοι
1341 2639 1467 2714 γάρ,
1501 2637 1751 2702 ἐλθύντες
1785 2636 1861 2698 εἷς
1917 2637 2015 2705 τήν

366 2721 517 2797 ἁγίαν
578 2722 829 2792 σύνοδον,
887 2727 986 2795 τήν
1046 2727 1140 2799 μὲν
1220 2727 1337 2803 βίαν
1397 2728 1462 2797 ἣν
1521 2725 1740 2796 ἔπαθον,
1799 2723 2016 2781 ἀπωδύ-

366 2831 522 2885 ροντο
553 2815 687 2888 (85),
721 2813 873 2870 οὐδὲν
917 2813 975 2871 δὲ
1003 2818 1130 2894 παρ’
1159 2817 1346 2879 αὐτοῖς
1405 2817 1564 2894 ὀρθὸν
1617 2812 1801 2891 ἔλεγον
1848 2815 2016 2891 πράτ-

361 2903 566 2974 τεσθαι,
621 2903 996 2978 προστιθέντες
1045 2907 1134 2961 καὶ
1192 2911 1376 2976 τοῦτο,
1437 2906 1511 2968 ὡς
1587 2907 1689 2980 ἄρα
1747 2905 1845 2959 εἶεν
1909 2904 2019 2959 ἐκεῖ

364 2989 568 3047 πολλοὶ
611 3000 711 3062 τῆς
745 2994 912 3069 ὀρθῆς
947 2995 1391 3070 ἀντιποιούμενοι
1425 2993 1608 3070 δόξης,
1659 2995 1748 3050 καὶ
1806 2993 2017 3049 κωλυό-

665 3083 676 3102 ν
749 3083 762 3102 ν
811 3088 839 3098 αν
1040 3091 1062 3101 υ
1127 3085 1142 3104 θ
1247 3091 1275 3101 ιν
1407 3083 1430 3102 Ν
1467 3086 1482 3105 ‘
1559 3086 1572 3102 \
1643 3085 1656 3103 9
1827 3089 1848 3100 ν
1998 3084 2010 3098 ‘

367 3101 519 3152 μενοι
549 3103 656 3158 παρ
706 3104 878 3138 αυτων
915 3083 1088 3149 ἐλθειν
1124 3098 1369 3159 ενταυθα,
1403 3099 1492 3140 οια
1519 3107 1581 3141 το
1633 3083 1875 3140 απειλειν
1926 3105 2015 3138 και

365 3166 794 3246 ἐπαγγέλλεσθαι
826 3175 962 3228 κατά
1005 3177 1111 3228 τῶν
1166 3174 1519 3251 βουλομένων
1573 3174 1877 3250 ἀναχωρεῖν
1924 3171 2015 3226 ἀπ’

2061 1965 2109 2033 Β

2149 689 2422 745 rumpere
2449 672 2729 729 valerent.

2219 855 2304 910 48.
2343 854 2563 909 Horum
2605 858 2802 910 autem
2855 853 3148 926 principes
3199 856 3331 925 post
3378 852 3694 910 Eusebium
3743 852 3806 909 hi

2149 948 2288 999 sunt
2321 960 2333 998 :
2368 943 2706 999 Theodorus
2755 943 3065 1008 Heracleae,
3100 943 3414 1000 Narcissus
3456 941 3806 998 Neroniadis

2147 1033 2205 1087 in
2239 1031 2459 1098 Cilicia,
2493 1033 2832 1105 Stephanus
2880 1031 3220 1098 Antiochiae,
3254 1030 3541 1101 Georgius
3597 1029 3808 1086 Laodi-

2147 1139 2278 1189 ceae,
2310 1121 2556 1178 Aeacius
2586 1122 2856 1178 Caesareae
2901 1122 2960 1177 in
3006 1120 3338 1191 Palaestina,
3372 1120 3808 1192 MenOphantus

2145 1211 2358 1284 Ephesi
2392 1212 2452 1266 in
2503 1212 2655 1278 Asia,
2694 1209 2974 1267 Ursacius
3020 1210 3330 1282 Singidoni
3361 1209 3421 1264 in
3454 1210 3660 1283 Mysia,
3692 1209 3806 1265 Va-

2144 1300 2270 1356 lens
2301 1301 2530 1357 Mursiee
2564 1301 2622 1356 in
2655 1301 2976 1356 Pannonia.
3015 1300 3117 1355 Isti
3150 1299 3306 1355 enim
3342 1314 3440 1355 eos
3473 1300 3572 1371 qui
3604 1316 3807 1356 secum

2145 1390 2216 1444 ab
2249 1389 2478 1445 Oriente
2527 1393 2822 1456 venerant,
2856 1406 2972 1444 non
3024 1388 3440 1460 permittebant
3469 1389 3542 1444 ad
3577 1405 3806 1445 sacram

2144 1479 2432 1551 synodum
2478 1480 2773 1547 accedere,
2809 1495 2915 1533 nec
2965 1477 3085 1533 ullo
3136 1478 3307 1533 modo
3361 1478 3431 1532 ad
3481 1477 3799 1534 Ecclesiam

2143 1568 2242 1622 Dei
2283 1585 2345 1623 se
2395 1567 2676 1624 conferre.
2728 1569 2796 1622 Et
2843 1584 2978 1622 cum
3029 1567 3331 1622 Serdicam
3379 1565 3664 1637 venirent,
3700 1583 3804 1639 per

2143 1656 2372 1713 diversa
2401 1656 2530 1713 loca
2579 1658 2831 1729 synodos
2864 1656 3136 1728 privatim
3187 1657 3457 1728 agebant,
3487 1654 3802 1711 adhibitis-

2087 1749 2106 1760 ⁴
2143 1762 2256 1816 que
2289 1745 2466 1802 minis
2514 1746 2734 1802 foedera
2782 1745 3032 1812 inibant,
3067 1749 3132 1800 ut
3179 1761 3314 1799 cum
3364 1744 3664 1800 Serdicam
3698 1745 3797 1799 ad-

2141 1835 2456 1906 venissent,
2493 1834 2833 1891 nullatenus
2865 1850 2993 1890 sese
3029 1833 3255 1906 judicio
3289 1834 3582 1902 sisterent,
3612 1849 3802 1906 neque

2143 1941 2263 1980 una
2318 1942 2452 1980 cum
2511 1929 2715 1980 sancta
2768 1923 2988 1996 synodo
3045 1924 3468 1980 convenirent:
3516 1923 3617 1978 sed
3668 1939 3804 1995 per-

2143 2013 2428 2069 functorie
2461 2015 2743 2070 duntaxat
2773 2014 3023 2069 adventu
3068 2029 3174 2068 suo
3219 2013 3566 2085 significato,
3600 2013 3800 2068 statim

2139 2104 2504 2176 aufugerent.
2549 2104 2679 2158 Haec
2727 2103 2883 2158 enim
2943 2103 3202 2158 ediscere
3249 2101 3419 2157 licuit
3466 2120 3500 2157 a
3551 2102 3797 2157 commi-

2139 2193 2340 2249 nistris
2373 2193 2592 2249 nostris
2638 2193 2890 2249 Macario
2937 2193 2997 2247 in
3050 2191 3364 2247 Palaestina
3411 2192 3706 2265 episcopo,
3739 2194 3797 2247 et

2133 2283 2361 2339 Asterio
2403 2284 2464 2338 in
2512 2283 2746 2348 Arabia,
2787 2282 2909 2354 qui,
2942 2286 3254 2355 postquam
3287 2299 3421 2337 cum
3471 2281 3588 2337 illis
3618 2297 3794 2337 vene-

2133 2376 2286 2438 rant,
2309 2374 2380 2429 ab
2413 2389 2616 2428 eorum
2649 2371 2992 2427 inﬁdelitate
3024 2389 3332 2428 recessere.
3359 2371 3426 2426 Hi
3458 2371 3614 2426 enim
3647 2387 3784 2426 cum

2132 2463 2203 2518 ad
2237 2467 2500 2518 sanctam
2535 2462 2826 2535 synodum
2865 2461 3259 2532 advenissent,
3292 2462 3360 2517 de
3389 2460 3443 2514 vi
3478 2460 3588 2515 sibi
3621 2459 3787 2516 illata

2131 2552 2438 2623 conquesti
2473 2555 2630 2616 sunt,
2663 2551 3053 2622 dicebantque
3096 2549 3242 2606 nihil
3274 2551 3345 2605 ab
3377 2549 3496 2604 illis
3528 2553 3681 2604 recte
3713 2565 3780 2605 ac

2130 2639 2357 2695 sincere
2415 2639 2529 2713 agi.
2561 2640 2866 2696 Addebant
2915 2639 3159 2712 insuper
3207 2638 3429 2695 multos
3479 2655 3613 2694 cum
3661 2637 3781 2694 illis

2131 2745 2264 2804 esse.
2308 2734 2473 2785 rectae
2526 2729 2661 2784 fidei
2711 2729 2984 2796 cultores,
3019 2729 3119 2800 qui
3169 2729 3240 2784 ab
3292 2728 3409 2784 illis
3459 2727 3778 2800 quominus

2129 2818 2244 2874 huc
2293 2820 2631 2875 accederent
2690 2818 3155 2890 impedirentur;
3213 2835 3311 2874 eos
3360 2818 3518 2873 enim
3570 2817 3670 2890 qui
3722 2833 3785 2874 se

2128 2909 2394 2964 deserere
2421 2907 2638 2963 vellent
2676 2908 2856 2962 minis
2906 2907 3330 2963 absterrebant.
3365 2906 3645 2974 Quocirca
3676 2923 3784 2961 cu-

2127 2999 2332 3050 rarunt
2360 2999 2424 3050 ut
2454 2995 2513 3050 in
2556 3012 2675 3050 una
2723 2996 2897 3050 domo
2928 3011 3132 3050 omnes
3162 2999 3489 3064 manerent,
3524 3011 3589 3050 ac
3637 2993 3785 3050 nulli

2128 3086 2523 3142 concedebant
2549 3084 2637 3140 vel
2691 3083 3004 3140 minimum
3045 3083 3285 3157 quidem
3316 3083 3599 3156 temporis
3629 3099 3786 3139 seor-

2127 3189 2261 3230 sum
2292 3174 2520 3246 degere.

346 3257 548 3313 αὐτῶν.
582 3259 789 3315 Τούτου
836 3266 965 3338 γοῦν
1014 3259 1172 3319 ’ἑνεκα
1217 3263 1306 3318 καὶ
1358 3262 1409 3318 ἐν
1463 3264 1540 3319 ἑνὶ
1585 3259 1720 3336 οἷειῳ
1767 3261 1970 3324 πάντας
2024 3266 2202 3335 μεῖναι
2249 3259 2607 3333 ἐσπούδασαν,
2647 3258 2789 3335 μηδὲ
2835 3261 2897 3315 τὸ
2953 3259 3292 3337 βραχύτατον
3328 3257 3548 3329 ἶδιάζειν
3582 3257 3778 3322 αὐτοὺς

349 3343 753 3423 ἐπιτρέψαντες.

414 3525 502 3582 49.
539 3525 688 3582 Ἐπεὶ
740 3527 832 3583 οὖν
885 3529 984 3586 οὐκ
1031 3527 1137 3587 ἔδει
1189 3538 1636 3609 παρασιωπῆσαι,
1668 3528 1793 3587 οὐδὲ
1841 3532 1995 3586 ἀνεκ-
2028 3532 2071 3600 C

343 3610 640 3691 διηγήτους
701 3617 848 3674 ἐᾶσαι
915 3622 1009 3683 τὰς
1070 3621 1450 3700 συκοφαντίας,
1499 3624 1567 3676 τὰ
1624 3619 1814 3694 δεσμὰ,
1872 3618 1999 3682 τοὺς

343 3701 564 3782 φόνους,
595 3705 691 3769 τὰς
722 3705 962 3784 πληγὰς,
985 3710 1082 3772 τὰς
1141 3710 1266 3785 περὶ
1304 3713 1408 3764 τῶν
1469 3709 1721 3766 πλαστῶν
1783 3709 1998 3765 ἐπιστο-

341 3791 452 3850 λῶν
506 3797 792 3868 συσκευάς,
823 3799 918 3861 τὰς
971 3799 1168 3873 αἰκίας,
1202 3799 1297 3862 τάς
1345 3800 1651 3876 γυμνώσεις
1708 3805 1816 3854 τῶν
1865 3820 1999 3876 παρ-

338 3883 527 3957 θένων,
560 3885 656 3948 τὰς
711 3886 1155 3964 ἐξοριστίας,τάς
1213 3888 1535 3952 καταλύσεις
1594 3893 1700 3944 τῶν
1760 3889 1995 3958 Ἐκκλη-

339 3978 494 4046 σιῶν,
525 3974 656 4039 τοὺς
689 3976 1075 4054 ἐμπρησμοὺς,
1107 3978 1202 4042 τὰς
1253 3979 1560 4052 μεταθέσεις
1618 3978 1724 4034 ἀπὸ
1787 3982 1995 4055 μικρῶν

337 4062 558 4120 πόλεων
613 4065 688 4129 εἷς
725 4067 975 4140 μείζονας
1008 4067 1318 4146 παροικίας,
1350 4069 1440 4124 καὶ
1495 4068 1602 4146 πρό
1647 4090 1706 4145 γε
1758 4069 1996 4138 πάντων,

336 4154 435 4222 τήν
497 4156 633 4210 κατά
688 4163 788 4228 τῆς
842 4157 1009 4232 ὀρθῆς
1063 4157 1296 4222 πίστεως
1331 4160 1441 4234 (86)
1475 4158 1836 4214 ἐπαναστᾶσαν
1870 4156 1995 4214 δυσ-

339 4243 560 4317 ώνυμον
622 4245 907 4320 Ἀρειανὴν
971 4245 1174 4323 α’ίρεσιν
1236 4246 1306 4302 δι’
1362 4249 1576 4303 αὐτῶν·
1638 4248 1836 4304 τούτου
1887 4245 1997 4304 ἓνε-

337 4353 449 4404 κεν,
481 4333 610 4396 τοὺς
644 4335 738 4407 μὲν
772 4335 1089 4410 ἀγαπητοὺς
1122 4335 1392 4414 ἀδελφοὺς
1425 4340 1583 4410 ἡμῶν
1635 4338 1725 4394 καὶ
1774 4337 1994 4394 συλλει-

329 4421 600 4498 τουργοὺς
652 4423 995 4497 Ἀθανάσιον,
1058 4425 1148 4480 καὶ
1210 4425 1555 4501 Μάρκελλον,
1604 4426 1692 4481 καὶ
1758 4427 1994 4499 Ἀσκλη-

334 4516 440 4565 πᾶν
476 4514 611 4588 (87),
643 4514 734 4568 καὶ
764 4513 892 4578 τοὺς
945 4513 1036 4569 σὺν
1082 4515 1266 4578 αὐτοῖς
1319 4515 1872 4592 συλλειτουργοῦντας
1918 4523 1998 4590 τῷ

332 4600 538 4676 Κυρίῳ,
607 4601 824 4668 ἀθώους
903 4605 992 4659 καὶ
1066 4603 1335 4681 καθαροὺς
1397 4604 1528 4659 εἶναι
1587 4604 1996 4684 ἀπεφηνάμεθα,

329 4689 638 4765 γράψαντες
694 4694 783 4748 καὶ
842 4693 918 4756 εἰς
1001 4695 1102 4764 τήν
1177 4692 1403 4750 ἑκάστου
1488 4695 1796 4766 παροικίαν,
1859 4693 1996 4751 ὥστε

324 4777 618 4852 γινώσκειν
673 4782 903 4854 ἑκάστης
941 4782 1266 4856 Ἑκκλησίας
1313 4781 1442 4846 τοὺς
1490 4782 1657 4846 λαοὺς
1705 4788 1802 4838 τοῦ
1853 4781 1995 4840 ἰδίου

331 4999 452 5075 stat
488 5013 555 5055 ex
595 5000 1081 5075 praecedentibus,
1114 5003 1187 5058 ab
1238 5001 1565 5058 Athanasio
1614 5017 1990 5075 nequaquam
2024 5006 2071 5070 D

329 5069 656 5127 indicatum
690 5072 1069 5128 arbitramur.

401 5142 523 5214 (83)
549 5142 772 5214 Theod.
808 5148 1045 5214 Μυρσοῦ.
1083 5144 1262 5200 Hilar.
1293 5163 1329 5200 α
1357 5146 1556 5202 Marsa.
1602 5145 1734 5201 Mox
1769 5145 1986 5214 Theod.

327 5211 448 5290 τρῖς
481 5211 570 5270 σὺν
589 5213 791 5290 ⁸οιύτοῖς
830 5211 1097 5290 ἐλθούσιν.
1148 5217 1328 5290 Paulo
1377 5222 1509 5290 post
1556 5216 1710 5273 idem
1751 5213 1987 5290 ,σύνοδον

333 5283 529 5351 ἐλθεῖν.
587 5287 720 5344 Mox
747 5280 1084 5381 παραϐαλεῖν
1121 5280 1529 5363 συνεχώρησαν.
1565 5290 1717 5344 infra
1747 5286 1992 5342 ἐποιοῦν-

333 5377 384 5381 __
457 5379 490 5381 .__
533 5359 582 5381 Ἂν
652 5358 802 5381 (κη-μ
865 5379 876 5381 _
933 5359 1128 5381 ml.--)
1194 5366 1238 5381 ,ι
1303 5362 1422 5381 Π-..
1486 5361 1637 5381 “.1213
1701 5380 1706 5381 γ
1757 5362 1814 5381 λυ
1874 5359 1891 5381 (

330 5377 423 5449 το,
451 5359 587 5438 πρὸς
652 5358 896 5420 ἑαυτούς.
933 5359 1154 5416 Theod.
1187 5358 1442 5434 eff—Reg.
1486 5361 1639 5417 Editi
1698 5362 1814 5414 καθ’
1874 5359 1991 5414 ἑαυ-

331 5449 480 5491 τους.

409 5504 668 5578 (84)-Τῇ-
697 5503 828 5578 ἀγίᾳ
881 5502 972 5578 καὶ
1031 5502 1240 5578 μεγάλῃ
1275 5501 1532 5578 ρυνόδῳ.
1587 5504 1807 5578 Theod.
1861 5505 1993 5578 Mox

340 5571 844 5650 Beg.,§z_1to§jg)(toiv
893 5571 1331 5650 ἑαυτῶνξᾟὰιῌο
1371 5571 1524 5647 post,
1557 5575 1841 5650 Μακαρίου
1885 5574 1991 5650 ἀπὸ

343 5643 485 5720 Παλ.
519 5647 1068 5720 Sic__Theodoretus.
1097 5643 1522 5704 Hilarius—vero
1565 5653 1621 5702 et
1659 5643 1786 5720 ipse
1813 5648 1992 5720 Atha-

343 5717 548 5800 nasius
579 5718 724 5775 alias
766 5738 1016 5800 semper,
1048 5719 1285 5794 ”Αρειον,
1313 5721 1529 5793 Arium,
1563 5717 1843 5776 non'vero
1876 5719 1994 5775 Ma-

341 5797 577 5848 narium
607 5797 832 5850 vocant.

2185 3532 2272 3587 49.
2297 3532 2770 3604 Quantoquidem
2822 3529 3006 3604 igitur
3035 3547 3138 3603 par
3168 3546 3284 3585 non
3333 3531 3490 3585 esset
3536 3527 3770 3585 silentio

2113 3622 2556 3695 praetermittere
2587 3638 2790 3677 eorum
2823 3618 3526 3693 sycophantias,vincula,
3558 3618 3771 3685 caedes,

2114 3711 2337 3784 plagas,
2371 3710 2833 3784 conspirationes
2872 3707 3268 3782 supposititiis
3315 3706 3581 3781 epistolis
3612 3711 3770 3764 stru-

2110 3805 2254 3867 ctas,
2299 3800 2561 3868 vulnera,
2594 3800 2890 3872 virginum
2931 3784 3381 3868 denudatibnes,
3416 3795 3646 3867 exsilia,
3674 3813 3769 3852 ec-

2108 3891 2421 3946 clesiarum
2480 3888 2892 3954 desolationes,
2947 3888 3240 3957 incendia,
3287 3885 3704 3943 translationes
3737 3904 3771 3943 a

2109 3981 2438 4037 minoribus
2469 3979 2806 4035 civitatibus
2838 3979 2910 4034 ad
2943 3980 3197 4050 majores
3229 3976 3531 4043 dimceses,
3556 3993 3622 4032 ac
3654 3994 3772 4049 prae

2107 4071 2406 4140 omnibus,
2440 4068 2855 4125 exsecrandam
2899 4067 3170 4124 haeresim
3201 4067 3498 4135 Arianam,
3533 4083 3658 4138 qua:
3701 4065 3773 4122 iis

2109 4161 2446 4216 auctoribus
2470 4163 2674 4214 contra
2705 4161 2920 4214 rectam
2956 4158 3132 4212 ﬁdem
3164 4156 3515 4214 insurrexit:
3547 4155 3770 4211 idcirco

2108 4249 2351 4305 dilectos
2393 4247 2631 4320 quidem
2684 4248 2892 4301 fratres
2941 4251 2998 4301 et
3045 4245 3486 4301 comministros
3535 4247 3771 4300 nostros

2107 4339 2523 4404 Athanasium,
2559 4335 2900 4392 Marcellum
2940 4339 2997 4390 et
3042 4333 3369 4406 Asclepam,
3405 4339 3462 4389 et
3491 4333 3592 4405 qui
3631 4349 3769 4388 cum

2106 4427 2224 4484 illis
2256 4426 2514 4482 ministri
2542 4429 2683 4481 sunt
2704 4423 2960 4490 Domini,
2983 4423 3325 4479 innocentes
3351 4427 3410 4479 et
3439 4438 3616 4495 puros
3637 4437 3767 4477 esse

2107 4516 2563 4584 declaravimus;
2599 4514 2800 4571 missis
2831 4514 2902 4569 ad
2932 4513 3199 4586 singulas
3221 4513 3500 4568 dimceses
3532 4511 3762 4583 litteris,

2106 4611 2174 4663 ut
2203 4607 2495 4678 cujusque
2525 4603 2797 4660 Ecclesiae
2826 4602 3028 4675 populi
3058 4603 3150 4658 sui
3181 4602 3439 4675 episcopi
3478 4601 3764 4657 innocen-

2104 4697 2249 4753 tiam
2282 4698 2623 4768 agnoscant,
2649 4709 2904 4766 cumque
2949 4710 3052 4765 pro
3091 4692 3366 4765 episcopo
3413 4692 3668 4748 habeant
3697 4707 3764 4747 ac

2105 4788 2444 4858 exspectent
2467 4784 2832 4840 redeuntem.
2858 4781 2995 4838 Illos
3023 4786 3220 4837 autem
3242 4782 3365 4854 qui,
3390 4781 3580 4838 instar
3603 4779 3744 4851 lupo

2175 5001 2287 5075 (85)
2318 5001 2482 5075 Reg,,
2514 4995 2910 5075 ιῖιςπωδμύραντο.⁸
2930 4998 3102 5075 ΙΙξῘῬξξ.⁵
3125 4996 3296 5075 ‘idem
3347 4995 3424 5075 ᾡς
3451 4994 3594 5075 βίρρι.
3625 4997 3768 5075 Post

2103 5063 2222 5128 haec
2270 5063 2488 5128 ’l‘heEd'.
2534 5063 2776 5124 ἀπειλεῖν
2825 5068 2915 5122 καὶ
2971 5063 3331 5128 ἐντέλλεσθαι.
3363 5063 3634 5124 Valesius
3684 5068 3766 5126 le-

2102 5146 2360 5218 gendum
2431 5149 2599 5218 putat
2663 5137 3086 5218 ἐπαγγέλλεσθαι
3166 5136 3618 5218 καὶῌάπειλεῖν..
3652 5140 3762 5196 Sed

2102 5208 2388 5288 quorsum
2431 5208 2533 5288 illa
2575 5208 2885 5288 verborum
2935 5212 3381 5288 transmutatio,
3416 5228 3547 5288 cum
3600 5208 3763 5286 ἐπαγ-

2101 5280 2390 5362 γέλλεσθαι
2424 5285 2825 5362 ἱάἱρευωιεὶι-
2849 5285 3000 5352 quod
3036 5280 3300 5362 ἀπειλεῖν,
3337 5288 3402 5362 ut
3432 5284 3575 5362 alias
3609 5280 3762 5362 saepe

2102 5352 2647 5417 animadvertimus.
2695 5357 2867 5413 Paulo
2921 5361 3055 5426 post
3102 5355 3322 5410 Theod.
3376 5353 3427 5410 ἐν
3485 5354 3560 5408 ὲνὶ
3620 5352 3758 5426 οἴκῳ

2101 5433 2318 5501 πάντες,
2347 5433 2448 5486 sed
2503 5431 2714 5486 melius
2762 5426 2983 5492 πάντας,
3022 5431 3086 5480 ut
3135 5427 3310 5501 habet
3352 5427 3567 5501 Athan.
3604 5428 3760 5501 lnf‘ra

2102 5497 2550 5576 ἀνεκδιηγήτους.
2586 5501 3014 5576 Felclgrnannus
3043 5502 3228 5576 _put_at
3257 5497 3568 5576 legendum
3603 5497 3755 5576 ᾀνεκ-

2104 5569 2393 5644 saetosa;
2437 5580 2494 5629 et
2542 5591 2680 5630 sane
2737 5570 3008 5644 Hilarius,
3040 5569 3120 5623 ita
3165 5569 3322 5641 legit,
3375 5570 3478 5641 qui
3519 5570 3752 5644 habet:

2101 5641 2231 5719 quia
2261 5663 2386 5717 ergo
2418 5663 2528 5702 non
2577 5645 2811 5718 oportuit
2857 5643 3230 5709 contz'cescere,
3263 5657 3362 5696 nec
3408 5641 3592 5696 inulta
3624 5645 3754 5697 reti-

2099 5735 2232 5774 nere
2240 5761 2251 5772 .

2171 5791 2287 5862 (86)
2316 5788 2537 5846 Theod.
2572 5791 2722 5862 post.
2753 5780 2988 5846 πίστεως
3021 5783 3187 5839 addit
3213 5785 3328 5838 νῦν.
