4152 6370
474 399 591 467 341

1604 403 2000 469 APOLOGIA
2043 404 2361 468 CONTRA
2406 403 2775 468 ARIANOS.

3780 393 3901 461 342

477 557 536 591 τε
569 538 672 607 τῆς
729 531 915 599 Ἀσίας
970 535 1061 592 καὶ
1120 535 1385 613 Φρυγίας,
1446 536 1534 592 καὶ
1585 536 1871 612 Ἰσαυρίας,
1921 538 2009 591 καὶ
2059 540 2126 592 τὰ

2251 538 2394 605 licet,
2428 540 2671 613 Phrygia
2699 542 2757 595 et
2802 516 3048 607 Isauria,
3099 552 3353 611 quorum
3396 533 3636 594 nomina
3678 534 3738 591 in
3768 551 3912 609 pro-

482 626 720 699 ὀνόματα
751 626 925 681 αὐτῶν
975 625 1025 681 ἐν
1084 632 1203 688 ταῖς
1254 624 1415 688 ἰδίαις
1462 625 1775 690 ἐπιστολαῖς
1822 627 2132 705 ἐμφέρεται,

478 715 646 791 ἐγγὺς
678 718 770 793 ξγ“,
801 717 941 789 ὁμοῦ
970 713 1116 790 τμδ“.

549 860 638 915 51.
672 859 747 931 (8)
777 862 950 912 Ταῦτα
983 859 1162 931 μαθὼν
1198 858 1225 912 6
1258 857 1673 936 θεοφιλέστατος
1704 857 1957 934 βασιλεὺς
1984 866 2133 915 Κωνο

479 945 748 1015 στάντιος,
804 946 1182 1020 μετεπέμψατο
1234 950 1405 1021 ἡμᾶς,
1456 950 1667 1023 γράψας
1720 946 1830 1020 ἰδίᾳ
1878 950 2013 1025 πρὸς
2042 951 2133 1005 τὸν

481 1034 711 1115 ἀδελφὸν
788 1038 977 1091 ἑαυτοῦ
1050 1036 1143 1091 τὸν
1203 1036 1504 1113 μακαρίτην
1573 1039 1937 1110 Κώνσταντα,
1998 1040 2135 1113 πρὸς

481 1123 539 1181 δὲ
594 1128 743 1199 ἡμᾶς
801 1126 889 1180 καὶ
962 1127 1098 1197 ἅπαξ
1152 1128 1226 1200 (9)
1286 1127 1374 1181 καὶ
1448 1123 1693 1201 δεύτερον
1752 1127 1841 1181 καὶ
1899 1127 2081 1201 τρίτον
2118 1172 2133 1199 ,

478 1236 670 1271 ταυτα.

690 1364 1167 1415 ΚΩΝΣΤΑΝΤΙΟΣ
1200 1365 1494 1415 ΝΙΚΗῚῊΣ
1529 1364 1917 1415 ΑΥΓΟΥΣΤΟΣ

1048 1437 1403 1510 ΔΘΑΝΔΣΙῼ
1434 1434 1568 1504 (10).

552 1537 630 1591 Ἐἰ
685 1534 829 1591 πολῦ
890 1558 947 1592 σε
1001 1534 1425 1607 κλυδωνίζεσθαι
1481 1538 1570 1592 καὶ
1621 1540 1978 1613 χειμάζεσθαι
2014 1542 2132 1599 τοῖς

475 1633 578 1693 τῆς
638 1624 911 1697 θαλάττης
967 1626 1181 1702 ἀγρίοις
1238 1627 1467 1700 κύμασιν
1524 1626 1622 1682 οὐκ
1681 1627 1882 1704 ἀφῆκεν
1939 1630 1973 1696 ἡ
2032 1634 2134 1695 τῆς

478 1715 748 1789 ἡμετέρας
795 1716 1139 1793 ἡμερότητος
1201 1715 1614 1794 φιλανθρωπίαν
1675 1717 2029 1790 γυμνωθέντα
2077 1737 2134 1771 σε

476 1810 580 1873 τῆς
608 1806 862 1879 πατρῴας
910 1806 1105 1874 ἑστίας,
1152 1807 1241 1861 καὶ
1294 1807 1615 1882 στερηθέντα
1658 1810 1765 1860 τῶν
1815 1804 1990 1875 ἰδίων,
2041 1805 2131 1860 καὶ

2247 628 2389 700 priis
2421 646 2621 684 eorum
2653 629 2915 699 epistolis
2964 629 3481 696 circumferuntur,
3524 642 3702 698 prope
3734 642 3905 681 sexa-

2246 719 2409 790 ginta
2430 722 2693 784 tres,una
2716 718 3191 785 omnes,trecenti
3214 716 3610 789 quadraginta
3631 718 3904 787 quatuor.

2318 860 2405 913 31.
2455 860 2674 915 Horum
2723 861 2933 915 certior
2985 861 3173 915 factus
3214 865 3327 915 Deo
3374 856 3773 914 charissimus
3802 856 3913 911 im-

2248 953 2478 1020 perator
2507 950 2906 1005 Constantius.
2944 966 3047 1005 nos
3097 948 3426 1017 accersivit,
3458 947 3808 1018 litterasque
3837 946 3907 1001 ad

2247 1040 2483 1093 fratrem
2516 1056 2691 1094 suum
2725 1040 2907 1094 beatae
2954 1040 3250 1095 memoriae
3298 1039 3680 1094 Constantem
3731 1034 3909 1104 misit;

2246 1128 2532 1200 nobisque
2565 1128 2705 1185 item
2737 1129 3171 1197 semel,iterum
3205 1133 3383 1200 atque
3414 1127 3586 1183 tertio
3617 1124 3855 1198 scripsit
3890 1140 3903 1178 :

2245 1216 2339 1272 his
2368 1217 2583 1274 verbis.

2308 1360 2953 1419 CONSTANTIUS
2994 1360 3309 1417 VICTOR
3368 1358 3849 1418 AUGUSTUS

2798 1432 3353 1511 ATHANAszo

2315 1538 2543 1593 Diutius
2566 1542 2621 1594 te
2645 1538 3003 1594 immanibus
3024 1538 3204 1594 maris
3222 1537 3498 1593 ﬂuctibus
3522 1536 3915 1609 porcellisque

2234 1628 2446 1699 jactari
2481 1634 2697 1684 nostra;
2757 1628 3081 1684 clementia:
3101 1625 3443 1683 humanitas
3464 1643 3579 1682 non
3607 1626 3873 1699 permisit
3898 1627 3911 1675 ς

2241 1721 2297 1771 te
2330 1716 2550 1773 scilicet
2581 1718 2787 1790 patriis
2814 1717 3125 1790 penatibus
3158 1717 3469 1772 nudatum.
3502 1716 3741 1787 tuisque
3775 1732 3904 1787 spo-

2241 1804 2538 1877 liatum,id
2569 1806 2741 1863 inviis
2776 1807 3031 1862 ferarum
3063 1805 3205 1862 locis
3241 1809 3533 1861 errantem
3566 1820 3680 1859 non
3705 1802 3902 1875 negle-

477 1890 837 1967 πλανώμενον
870 1893 920 1948 ἐν
974 1892 1296 1970 θηριώδεσιν
1343 1892 1583 1957 ἀνοδίαις
1637 1894 1697 1949 οὐ
1738 1892 1987 1971 παρεῖδεν
2023 1897 2127 1969 (11]

2251 1895 2325 1950 xit
2353 1895 2649 1952 indefessa
2691 1901 2893 1952 nostra
2942 1896 3151 1968 pietas.
3200 1895 3346 1951 Nam
3398 1895 3507 1949 etsi
3553 1894 3652 1949 diu
3703 1892 3906 1949 distuli

476 1983 512 2049 ὴ
548 1982 824 2055 ἀκάματος
880 1985 1040 2055 ἡμῶν
1101 1978 1363 2043 εὐσέϐεια.
1415 1983 1514 2038 Καὶ
1565 1984 1612 2038 εἷ’
1660 1983 1749 2038 καὶ
1796 1985 1863 2038 τά
1897 1982 2132 2057 μάλιστα

478 2068 713 2125 ἐπιπολὺ
765 2072 1103 2148 ὑπερεθέμην
1153 2075 1356 2147 γράψαι
1404 2075 1502 2142 τήν
1553 2073 1807 2148 πρόθεσιν
1857 2080 1957 2141 τῆς
1990 2072 2129 2145 ἐμῆς

478 2157 766 2231 διανοίας,
827 2159 1142 2237 προσδοκῶν
1223 2162 1534 2237 αὐθαίρετόν
1610 2183 1667 2216 σε
1740 2163 2137 2238 παραγενέσθαι

475 2251 613 2325 πρὸς
671 2253 821 2324 ἡμᾶς
856 2295 869 2320 ,
929 2251 1021 2305 καὶ
1077 2256 1185 2305 τῶν
1247 2254 1505 2325 καμάτων
1566 2252 1736 2306 αἰτεῖν
1801 2250 2085 2327 θεραπείαν
2121 2269 2133 2282 ·

476 2338 650 2411 ὅμως,
686 2337 871 2409 ἐπειδὴ
905 2338 1034 2402 ἴσως
1069 2342 1096 2395 6
1129 2336 1299 2419 φόϐος
1350 2343 1449 2410 τὴν
1498 2342 1816 2414 προαίρεσιν
1865 2348 1967 2410 τῆς
1998 2361 2134 2417 προ-

474 2427 668 2490 θέσεως
702 2430 812 2502 (12)
845 2427 1137 2503 ἐνεπόδισε,
1191 2428 1279 2485 διὰ
1326 2436 1488 2485 τοῦτο
1532 2429 1737 2507 δωρεᾶς
1788 2430 2137 2505 πληρέστατα

473 2518 776 2593 γράμματα
822 2520 958 2595 πρὸς
1008 2521 1107 2589 τὴν
1156 2520 1255 2588 σὴν
1302 2520 1631 2596 περῥότητα
1682 2517 2132 2594 διεπεμψάμεθα,

468 2604 561 2660 ’ίνα
619 2602 838 2685 ἀφόϐως
896 2614 1014 2671 ταῖς
1076 2610 1368 2685 ἡμετέραις
1427 2609 1724 2684 προσόψεσι
1770 2614 1993 2685 ταχεῖαν
2031 2611 2129 2678 τήν

473 2700 670 2750 σαυτοῦ
725 2697 1020 2773 παρουσίαν
1079 2704 1377 2774 παρασχεῖν
1438 2696 1784 2773 σπουδάσῃς,
1847 2699 1977 2775 ὑπὲρ
2034 2703 2131 2753 τοῦ

470 2791 570 2854 τῆς
605 2787 717 2859 (43)
756 2791 953 2841 σαυτοῦ
1004 2786 1294 2862 ἐπιθυμίας
1340 2788 1673 2861 ἀπολαύσας,
1723 2788 1812 2843 καὶ
1857 2789 2129 2864 πειραθεὶς

472 2877 633 2947 ἡμῶν
665 2882 765 2945 τῆς
816 2874 1251 2954 φιλανθρωπίας,
1300 2884 1417 2940 τοῖς
1450 2876 1612 2940 ἰδίοις
1656 2879 2126 2952 ἀποκατασταθῇς·

472 2963 672 3018 τούτου
701 2966 801 3040 γάρ
833 2963 987 3021 ἓνεκα
1014 2967 1105 3021 καὶ
1152 2968 1241 3021 τὸν
1296 2964 1559 3038 δεσπότην
1621 2989 1723 3042 μου
1773 2969 1861 3022 καὶ
1895 2965 2125 3043 ἀδελφόν

480 3074 583 3127 μου
630 3055 949 3110 Κώνστειντα
1006 3057 1096 3110 τὸν
1158 3058 1399 3129 Νικητήν
1463 3053 1772 3132 Αὔγουστον
1841 3058 1972 3134 ὑπὲρ
2032 3062 2128 3113 σοῦ

470 3142 831 3218 παρεκάλεσα,
860 3142 953 3199 ’ίνα
984 3150 1081 3199 τοῦ
1131 3144 1305 3209 ἐλθεῖν
1341 3146 1580 3217 ἐξουσίαν
1631 3168 1715 3202 σοι
1766 3144 1863 3219 δῷ,
1908 3146 1994 3202 ἐπὶ
2024 3152 2123 3220 τῷ,

2243 1987 2459 2041 mentis
2490 2003 2632 2041 meas
2664 1985 3031 2059 propositum
3064 1984 3275 2041 litteris
3309 1984 3417 2039 tibi
3450 1982 3806 2056 significare,
3839 1998 3905 2038 eo

2242 2076 2397 2146 quod
2428 2080 2486 2131 te
2516 2075 2671 2131 ultro
2703 2092 3100 2142 accessurum,
3136 2074 3555 2146 laboribusque
3577 2073 3695 2128 tuis
3726 2088 3909 2128 reme-

2249 2164 2412 2219 dium
2436 2170 2777 2237 rogaturum
2798 2169 3199 2238 exspectarem
3228 2183 3240 2233 ;
3277 2170 3471 2219 tamen
3496 2164 3635 2235 quia
3657 2163 3905 2219 fortasse

2248 2258 2441 2309 metus
2462 2252 2883 2326 impedimento
2909 2254 3108 2309 fuitne
3138 2253 3507 2326 propositum
3530 2268 3908 2324 exsequerere

2245 2346 2436 2414 tuum,
2467 2344 2594 2399 ideo
2629 2343 2850 2400 litteras
2907 2343 3322 2399 munificentiae
3381 2347 3595 2398 nostra;
3627 2341 3907 2415 plenissi-

2246 2448 2375 2487 mas
2410 2434 2481 2489 ad
2530 2438 2693 2488 tuam
2744 2433 3137 2489 constantiam
3170 2433 3446 2488 misimus
3475 2476 3488 2500 ,
3524 2435 3589 2486 ut
3646 2432 3902 2503 abseque

2244 2527 2404 2576 metu
2440 2522 2882 2595 quamprimum
2905 2523 3241 2595 conspectui
3261 2526 3459 2579 nostro
3480 2525 3534 2577 te
3556 2525 3903 2593 praesentem

2245 2610 2450 2667 sistere
2482 2629 2670 2679 cures,
2731 2630 2846 2684 quo
2895 2612 3009 2668 voti
3068 2612 3153 2667 tui
3205 2628 3445 2682 compos
3501 2610 3761 2678 enectus,
3795 2627 3904 2665 no-

2244 2704 2545 2773 stramque
2576 2701 3009 2758 humanitatem
3071 2706 3362 2774 expertus,
3394 2700 3515 2756 tuis
3547 2699 3901 2757 restituaris.

2242 2789 2357 2846 Hac
2404 2790 2560 2845 enim
2605 2792 2676 2846 de
2719 2808 2899 2847 causa
2947 2791 3255 2846 dominum
3315 2807 3514 2846 meum
3548 2792 3605 2845 et
3660 2789 3899 2845 fratrem

2240 2880 2616 2935 Constantem
2648 2880 2941 2936 Victorem
2983 2884 3317 2953 Augustum
3352 2897 3456 2951 pro
3496 2883 3554 2935 te
3584 2879 3800 2951 rogavi,
3836 2882 3903 2933 ut

2239 2970 2345 3025 tibi
2376 2970 2643 3025 veniendi
2674 2971 2839 3025 daret
2896 2969 3252 3041 facultatem,
3288 2986 3401 3041 quo
3442 2968 3753 3041 utriusque
3787 2985 3897 3023 no-

2238 3064 2427 3115 strum
2451 3064 2595 3115 nutu
2621 3059 2820 3132 patriae
2848 3060 3432 3132 restituaris,hocque
3462 3058 3661 3131 gratiis
3684 3061 3895 3114 nostrae

2238 3148 2452 3221 pignus
2485 3166 2820 3222 assequare.

468 3230 789 3309 ἀμφοτέρων
857 3235 1016 3306 ἡμῶν
1080 3233 1430 3290 ἐπινευόντων
1497 3239 1639 3312 (14),
1706 3240 1775 3311 τῇ
1847 3235 2062 3313 πατρίδι
2132 3238 2615 3311 ἀποκατασταθῇς,
2682 3234 2825 3313 ἔχων
2886 3241 3047 3292 τοῦτο
3113 3242 3215 3305 τῆς
3291 3236 3450 3308 ἡμῶν
3521 3235 3749 3310 χάριτος
3823 3232 3876 3288 ἐν

470 3320 688 3395 ἑχυρον.

1002 3410 1299 3483 Ἐπιστολή
1346 3411 1588 3489 δευτέρα.

538 3516 603 3570 El
659 3517 749 3571 καὶ
804 3518 872 3571 τὰ
951 3516 1188 3591 μάλιστα
1264 3518 1352 3575 διὰ
1428 3522 1707 3598 προτέρων
1786 3524 2126 3599 γραμμάτων

472 3602 850 3679 ἐδηλώσαμεν,
887 3606 1037 3671 ὅπως
1072 3610 1390 3684 ἀμερίμνως
1440 3610 1515 3673 εἰς
1562 3612 1623 3665 τὸ
1666 3612 1932 3687 ἡμέτερον
1966 3634 2128 3686 κομι-

466 3700 627 3750 τᾶτον
688 3698 983 3773 παραγένῃ,
1057 3696 1146 3754 διὰ
1199 3698 1262 3755 τό
1333 3699 1569 3774 μάλιστα
1632 3700 1918 3775 βούλεσθαι
1979 3704 2129 3774 ἡμᾶς

472 3782 793 3841 ἀποστεῖλαί
823 3807 881 3841 σε
936 3787 1012 3850 εἷς
1057 3789 1125 3843 τὰ
1174 3786 1301 3845 ἴδια·
1357 3789 1511 3864 ὅμως
1556 3790 1645 3844 καὶ
1692 3795 1783 3845 νῦν
1830 3788 1921 3845 καί
1963 3795 2130 3846 ταῦτα

468 3874 537 3928 τὰ
575 3875 873 3951 γράμματα
926 3878 1063 3954 πρὸς
1111 3879 1209 3949 τήν
1259 3880 1357 3949 σὴν
1410 3879 1743 3957 στερρότητα
1796 3877 2126 3954 δεδώκαμεν,

471 3960 541 4018 δι’
570 3965 643 4019 ὧν
690 3967 1126 4042 προτρεπόμεθα,
1179 3969 1357 4044 χωρίς
1405 3991 1553 4033 τινος
1599 3968 1850 4033 ἀπιστίας
1893 3970 1983 4025 καὶ
2034 3970 2131 4049 φό-

471 4048 601 4125 ϐου,
654 4051 905 4127 ἐπιϐῆναί
957 4079 1014 4113 σε
1064 4055 1354 4131 δημοσίοις
1405 4060 1696 4135 ὀχήμασι,
1746 4059 1836 4115 καί
1888 4058 2128 4115 σπουδά-

469 4164 554 4199 σαι
597 4145 735 4221 πρὸς
792 4147 941 4220 ἡμᾶς
976 4189 990 4215 ,
1044 4146 1134 4202 ’ίνα
1188 4151 1262 4203 ὧν
1328 4148 1608 4223 ἐπιθυμεῖς
1668 4147 1973 4205 ἀπολαῦσαι
2032 4147 2125 4205 δυ-

470 4237 665 4305 νηθῇς.

1036 4325 1333 4395 Ἐπιστολὴ
1375 4328 1555 4403 τρίτη.

544 4427 733 4484 Ἡνίκα
780 4428 832 4484 ἐν
879 4434 946 4503 τῇ
999 4428 1219 4507 Έδέσοῃ
1272 4437 1384 4507 (1ῆ)
1434 4430 1795 4510 διετρίϐομεν,
1843 4435 2126 4511 παρόντων

468 4522 578 4573 τῶν
636 4523 743 4573 σῶν
801 4514 1200 4595 πρεσϐυτέρων,
1261 4520 1451 4598 ⁶ἤρεσεν
1503 4522 1674 4597 ὅπως,
1726 4524 2125 4588 ἀποσταλέντος

472 4681 707 4758 tantum
734 4683 1228 4758 supererunt,qui_
1250 4684 1583 4739 Sardicensi
1606 4686 1828 4758 synodo
1847 4686 2127 4743 interfue-

475 4750 613 4805 rint.
642 4752 752 4808 Sed
783 4750 930 4809 nihil
962 4750 1185 4810 certum
1214 4754 1275 4810 in
1306 4760 1469 4812 tanta
1498 4750 1805 4814 auctorum
1851 4758 2129 4815 varietate

2802 3418 3045 3489 Epistola
3072 3416 3332 3472 secunda.

2312 3524 2432 3580 Etsi
2466 3525 2523 3580 id
2552 3524 2610 3579 in
2642 3524 2849 3597 primis
2879 3523 3281 3596 superioribus
3308 3523 3515 3579 litteris
3545 3520 3897 3595 signiﬁcavi-

2242 3630 2397 3682 mus,
2430 3618 2496 3669 ut
2526 3614 2747 3685 absque
2800 3619 2957 3668 metu
3018 3614 3089 3669 ad
3136 3616 3403 3669 nostrum
3468 3611 3813 3668 comitatum
3838 3615 3896 3666 te

2241 3704 2543 3771 conferas;
2598 3705 2753 3775 quod
2803 3718 3181 3775 summopere
3228 3703 3537 3774 cupiamus
3568 3706 3622 3757 te
3653 3701 3726 3755 ad
3760 3717 3893 3772 pro-

2220 3792 2367 3864 -pria
2426 3792 2743 3859 remittere,
2801 3798 2998 3847 tamen
3056 3793 3397 3847 etiamnunc
3428 3791 3535 3846 bas
3566 3790 3792 3845 litteras
3821 3788 3892 3844 ad

2237 3886 2403 3937 tuam
2449 3882 2839 3939 constantiam
2875 3881 3145 3937 misimus
3190 3898 3202 3937 ε
3248 3880 3461 3954 quibus
3515 3880 3899 3935 adhortamur

2241 3975 2305 4025 ut
2364 3971 2509 4027 citra
2541 3971 2931 4027 difﬁdentiam
2973 3976 3074 4027 aut
3108 3976 3328 4027 metum
3360 3969 3595 4044 publica
3630 3968 3901 4024 vehicula

2238 4060 2571 4132 inscendas,
2604 4066 2660 4118 et
2690 4063 2760 4117 ad
2796 4079 2903 4117 nos
2956 4077 3232 4134 properes
3290 4064 3356 4116 ut
3399 4059 3615 4133 optatis
3648 4057 3763 4115 frui
3792 4075 3895 4114 va-

2239 4149 2380 4207 leas.

2835 4330 3079 4402 Ερὶδιοια
3109 4331 3298 4385 tertia.

2310 4438 2453 4494 Cum
2484 4438 2715 4494 Edessaa
2774 4438 3143 4509 degeremus,
3202 4436 3587 4509 praesentibus
3617 4434 3736 4491 tuis
3768 4452 3895 4507 pre-

2238 4527 2507 4600 sbyteris,
2563 4526 2783 4599 placuit
2831 4530 2897 4580 ut
2946 4523 3126 4579 misso
3178 4524 3249 4579 ad
3299 4523 3636 4595 presbytero
3689 4522 3761 4577 ad
3794 4538 3895 4576 no-

2235 4692 2395 4743 Socr.
2430 4685 2640 4757 ὸμοίως
2664 4683 2895 4757 κύμασιν
2929 4682 3159 4760 ἀγρίοις.

2308 4760 2421 4829 (11)
2468 4751 2632 4815 ’80οῆ
2691 4751 2749 4812 et
2802 4762 2941 4829 Reg.
2976 4751 3057 4811 ὀὐ
3105 4751 3380 4831 παρεῖδεν.
3443 4755 3595 4811 Editi
3650 4771 3781 4811 vero
3832 4753 3893 4809 οὗ

474 4822 654 4916 statui
684 4829 891 4916 potest:
911 4825 1105 4916 ferro
1128 4899 1138 4910 .
1165 4827 1215 4883 si
1248 4844 1384 4910 in111
1436 4829 1694 4916 episcopi
1726 4829 1826 4901 qui
1875 4835 2008 4886 ante
2038 4848 2128 4915 sy:
2158 4850 2206 4916 D
2240 4822 2501 4916 παρῇξενἔ

472 4894 703 4975 nodum
726 4914 831 4975 pro
859 4897 1179 4975 Athanasio
1211 4894 1519 4972 scripsere,
1570 4894 1687 4957 illis
1719 4894 1990 4957 dccxxxw
2020 4894 2125 4975 qui

469 4968 692 5047 synodo
722 4968 949 5047 subseri
958 4986 1136 5047 psere
1156 4968 1638 5047 annumerenmr,
1669 4990 1921 5029 cccxnvn
1953 4968 2125 5030 confi-

472 5043 648 5103 cient,
683 5056 816 5095 cum
866 5046 1063 5097 tamen
1112 5043 1470 5099 Athanasius
1511 5061 1705 5101 ccxuv
1753 5051 1984 5102 tantum
2016 5064 2124 5102 nu-

472 5115 699 5188 meret._
729 5113 841 5168 Sed
899 5130 1006 5169 vox
1066 5112 1225 5188 ἐγγύς
1252 5123 1259 5130 ·
1283 5121 1415 5171 ante
1447 5134 1580 5172 Lxm
1609 5117 1893 5181 adhibita,
1927 5119 2126 5175 minus

470 5186 742 5258 accurate
772 5186 1181 5258 computatum
1216 5188 1472 5243 denotat.

544 5256 621 5326 (8)
636 5258 789 5331 Quae
829 5256 925 5331 hic
955 5263 1261 5313 enarratur
1284 5259 1522 5316 duobus
1553 5263 1687 5331 post
1717 5259 2127 5317 celelebratam

469 5327 762 5409 synodum
789 5330 963 5409 annis
989 5336 1119 5409 acta
1147 5336 1494 5409 sunt,panno
1526 5327 1747 5409 scilicet
1777 5334 2127 5405 349,resque

467 5400 702 5479 into_=.rim
736 5405 934 5479 gestas
968 5404 1359 5479 przetermittit
1389 5403 1767 5479 Athanasius.

524 5471 679 5550 _Tre_s
709 5471 1311 5550 epistolas—sequentes
1352 5477 1517 5550 apud
1554 5480 1855 5550 Socratem
1884 5482 1941 5532 et
1970 5477 2126 5548 apud

468 5541 861 5621 Eicephorum
946 5541 1255 5621 habentur.
1343 5541 1610 5621 Secunda
1682 5553 1913 5621 tantum
1971 5541 2129 5621 apud

473 5610 905 5691 Theodoretum
946 5636 977 5691 εν.
1001 5635 1206 5675 omnes
1236 5618 1296 5674 in
1327 5620 1536 5675 Histor.
1568 5621 1787 5691 tripart.
1825 5619 1927 5676 lib.
1963 5610 2034 5675 ιγ’.

544 5683 911 5782 ςῖλβεεξοέειὲ
944 5688 1101 5782 ἄπετε

543 5756 658 5828 (10)
712 5756 998 5828 Socrates,
1057 5756 1357 5835 Ἂθανασίῳ
1424 5759 1703 5835 ἐπισκόπῳ
1758 5763 1940 5822 Paulo
1995 5767 2130 5837 post

2340 4904 2425 4974 12)
2449 4904 2640 4974 ,εοοτο
2693 4902 2793 4968 τῆς
2850 4902 2966 4974 σῆς,
3010 4898 3364 4974 προθέσεωςη
3394 4902 3524 4953 Mox
3553 4900 3713 4974 Socr.
3748 4899 3889 4971 Reg.

2241 4968 2417 5052 ﬂasil.
2445 4970 2673 5052 δωρεᾷς.
2726 4974 2897 5052 Editi,
2946 4968 3165 5046 διοριὰς.
3211 4970 3405 5052 Paulo
3438 4975 3581 5052 post,
3628 4970 3787 5025 Socr.
3834 4968 3891 5027 et

2237 5047 2413 5121 Basil.
2450 5040 2798 5121 στερῥοτητα.
2834 5045 2973 5117 Reg.
3008 5040 3142 5099 vero
3170 5048 3234 5121 et
3256 5044 3396 5121 editi
3430 5040 3744 5121 στ-ερότηταῖ

2278 5120 2421 5201 ~(l3)
2483 5110 2585 5174 Ita'
2622 5110 2762 5189 Reg.
2821 5110 2976 5173 Socr.
3038 5123 3095 5171 et
3170 5114 3407 5187 Niceph.
3463 5110 3609 5170 Editi
3665 5110 3753 5167 ἐπὶ
3810 5117 3890 5185 τῷ

2235 5210 2297 5243 ττ
2346 5235 2357 5245 .

2293 5211 2421 5343 ’(13)
2453 5263 2611 5345 Sper.
2646 5266 2729 5345 et‘
2759 5258 2887 5345 Nic.
2916 5258 3531 5345 Entv‘eusivrw'v.nlnltri‘0
3591 5256 3890 5345 seqpentis

2238 5325 2414 5405 epist:
2470 5334 2628 5389 Socr.
2687 5331 2731 5385 εἰ
2800 5332 2890 5385 καὶ
2949 5329 3204 5403 μάλιστα.
3267 5330 3422 5385 Infra
3470 5330 3629 5384 Socr.
3676 5325 3779 5381 ’διὰ
3832 5327 3894 5382 τὸ

2242 5402 2615 5467 βουλεύεσθαι.
2664 5404 2794 5459 Mox
2824 5405 2978 5459 idem
3009 5406 3099 5454 νῦν
3130 5405 3317 5467 ταῦτα,
3350 5402 3568 5457 omisso
3604 5398 3712 5455 καί.
3751 5402 3892 5456 Pau-

2239 5404 2615 5532 Foulaésqeat.
2664 5404 2794 5459 Mox
2824 5405 2978 5459 idem
3009 5406 3099 5454 νῦν
3130 5405 3317 5468 ταῦτα,
3350 5404 3568 5457 omisso
3604 5404 3712 5455 καί.
3751 5404 3892 5456 Pau-

2263 5495 2295 5532 o
2327 5482 2458 5548 post
2479 5478 2645 5553 ῥόον.
2680 5476 2898 5553 Theod.
2963 5475 3086 5553 Nic.
3110 5471 3502 5553 hmeééé'tfqta;
3535 5472 3684 5553 Begu
3708 5470 3893 5546 στερό-

2236 5540 2394 5621 τητα,
2427 5550 2565 5605 editi
2599 5545 2940 5621 στερεότητα.
2976 5547 3059 5600 lb.
3108 5540 3282 5601 Socr:
3320 5546 3441 5600 Nic.
3475 5540 3889 5615 δεδηλώκαμεν.

2240 5619 2424 5763 A"(25)
2454 5696 2611 5748 Socr.
2644 5684 2850 5763 Ἐδτςση
2874 5688 3031 5763 Infra
3085 5689 3263 5760 idem,
3318 5685 3452 5759 πρὸς
3503 5686 3567 5739 τὸ
3599 5686 3887 5761 ἡμέτερον.

2238 5756 2419 5821 Paulo
2450 5780 2556 5837 pos
2584 5756 2767 5831 idem,
2793 5756 3031 5815 ὁδεῦσαι.
