4152 6376
473 435 592 495 345

1609 423 2003 487 APOLOGIA
2047 423 2364 486 CONTRA
2408 428 2776 490 AltlANOS.

3784 438 3903 497 346

470 565 641 638 νασίῳ
698 562 797 619 ούκ
852 558 1073 617 ἔλαττον
1132 560 1417 635 συγχαίρω
1450 604 1463 629 ,
1525 556 1629 629 ὅτι,
1690 554 1883 632 καίπερ
1940 553 2163 627 πολλὰ,

2282 559 2415 613 ierit
2438 566 2635 615 vestrae
2650 561 2950 618 charitatis
2964 564 3258 636 vestrique
3270 566 3540 621 desiderii
3560 567 3901 625 immemor.

477 655 705 731 πάσχων
752 652 1015 729 λυπηρὰ,
1062 647 1317 723 οὐδεμίαν
1372 646 1513 723 ὥραν
1570 644 1895 719 ἐπιλήσμων
1946 646 2139 721 γέγονε

476 752 579 815 τῆς
642 743 904 819 ὑμετέρας
955 740 1171 816 ἀγάπης
1222 738 1312 793 καὶ
1359 742 1457 792 τοῦ
1519 737 1781 809 ὑμετέρου
1828 736 2021 789 πόθου.
2074 734 2138 789 Ei

476 835 583 910 γάρ
638 832 727 887 καὶ
780 836 858 904 τῷ
916 831 1129 904 σώματι
1186 828 1325 903 πρὸς
1380 827 1563 901 καιρὸν
1627 824 1800 895 ἔδοξεν
1850 825 1936 903 ἀφ’
1988 824 2136 897 ὑμῶν

483 921 905 1002 ἀφελκυσθῆναι,
956 917 1101 974 ἀλλὰ
1147 922 1225 990 τῷ
1273 915 1537 990 πνεύματι
1594 912 1883 975 διαπαντὸς
1916 914 1992 975 ὡς
2024 935 2142 967 συν-

483 1012 556 1066 ὼν
590 1010 716 1085 ὑμῖν
751 1008 939 1083 διῆγεν
976 1010 1114 1082 (23).

552 1102 640 1157 53.
704 1099 1092 1173 Ἐπανέρχεται
1144 1095 1324 1151 τοίνυν
1381 1093 1518 1171 πρὸς
1576 1093 1716 1166 ὑμὰς
1760 1090 2142 1169 λαμπρότερος

482 1194 597 1263 νῦν,
650 1189 685 1259 ἢ
738 1190 829 1244 ἀτε
876 1189 1003 1263 παρ’
1050 1186 1204 1260 ὐμῶν
1258 1182 1631 1257 ἀπεδήμησεν.
1667 1182 1729 1236 Ei
1778 1183 1881 1257 γὰρ
1928 1180 2016 1235 καὶ
2046 1182 2143 1242 τὰς

481 1278 671 1353 τιμίας
716 1276 872 1352 ὕλας,
924 1276 1125 1355 χρυσὸν
1183 1273 1249 1344 δὴ
1282 1274 1372 1330 καὶ
1422 1275 1535 1347 (24)
1566 1273 1826 1349 ἄργυρον,
1878 1271 1952 1333 εἷς
1984 1272 2144 1325 καθα-

488 1369 693 1446 ρότητα
717 1368 779 1423 τὸ
824 1371 933 1443 πῦρ
991 1363 1300 1439 δοκιμάζει,
1350 1361 1404 1418 τί
1454 1360 1513 1416 ἄν
1546 1383 1628 1424 τις
1672 1360 1815 1417 εἷ’ποι
1844 1362 1959 1416 κατ’
1989 1359 2141 1431 ἀξίαν

482 1463 583 1514 τοῖ’)
612 1456 873 1513 τοσούτου
920 1454 1133 1532 ἀνδρὸς,
1166 1456 1250 1524 ὃς,
1280 1450 1562 1514 κινδύνους
1606 1451 1878 1506 τοσούτων
1907 1448 2142 1523 θλίψεων

487 1549 739 1617 νικήσας,
770 1542 1087 1600 ἀποδίδοται
1120 1544 1246 1617 ύμῖν
1297 1543 1471 1604 ἀθῶος
1504 1540 1564 1595 οὐ
1604 1543 1731 1615 παρ’
1759 1543 1920 1613 ἡμῶν
1958 1538 2143 1613 μόνον,

493 1634 639 1691 ἀλλά
668 1636 758 1690 καὶ
789 1635 936 1711 παρὰ
964 1635 1142 1703 πάσης
1173 1640 1274 1701 τῆς
1308 1629 1530 1685 συνόδου
1562 1628 1908 1705 ἀποδειχθείς
1944 1648 1955 1697 ;
1990 1630 2146 1682 Ὑπο-

494 1722 709 1796 δέξασθε
751 1723 956 1797 τοίνυν,
1005 1722 1280 1799 ἀγαπητοὶ
1332 1718 1579 1797 ἀδελφοὶ,
1635 1720 1769 1792 μετὰ
1816 1721 1995 1788 πάσης
2046 1725 2145 1787 τῆς

490 1815 625 1869 κατὰ
656 1813 785 1869 Θεὸν
818 1811 979 1883 δόξης
1010 1811 1099 1867 καί
1128 1816 1302 1887 χαρᾶς
1328 1810 1419 1864 τὸν
1454 1808 1747 1863 ἐπίσκοπον
1795 1808 1949 1882 ὐμῶν
1983 1808 2147 1862 Ἀθα-

490 1904 667 1957 νάσιον
705 1904 839 1977 μετά
862 1902 1068 1956 τούτων
1120 1898 1315 1962 ο⁹ίτινες
1363 1898 1511 1970 αύιῷ
1543 1897 1633 1952 καὶ
1669 1902 1778 1952 τῶν
1811 1899 1923 1970 (25)
1955 1895 2148 1951 τοσού-

491 2014 598 2046 των
658 1990 915 2065 καμάτων
971 1989 1223 2045 κοινωνοὶ
1284 1988 1560 2064 γεγόνασι’
1622 1986 1712 2041 xui
1770 1986 1993 2063 χαίρετε
2048 1990 2153 2040 τῶν

495 2080 673 2156 εὐχῶν
720 2081 920 2135 ἑαυτῶν
974 2076 1367 2149 ἀπολαύοντες,
1401 2076 1454 2132 οἳ
1500 2076 1591 2131 τὸν
1626 2076 1867 2149 ποιμένα
1894 2075 1985 2129 τὸν
2020 2074 2154 2149 ὐμέ-

493 2189 671 2245 τερον,
729 2169 800 2223 ’ἐν’
860 2168 1033 2230 οὕτως
1090 2165 1248 2239 εἷ’πω,
1300 2168 1570 2220 ποθοῦντα
1629 2164 1719 2218 xui
1771 2162 2010 2238 διψῶντα
2056 2165 2155 2233 τὴν

497 2256 758 2334 ὑμετέραν
829 2252 1133 2311 θεοσέϐειαν
1172 2302 1186 2324 ,
1236 2255 1534 2330 σωτηρίοις
1612 2258 1846 2331 γραφαῖς
1906 2252 2161 2329 ἐθρέψατε

500 2346 590 2400 καὶ
622 2345 923 2401 ἐποτίσατε.
985 2345 1083 2399 Καὶ
1134 2345 1238 2420 γὰρ
1295 2350 1397 2413 τῆς
1440 2342 1527 2397 ἐπὶ
1562 2342 1713 2413 ξένης
1763 2341 1926 2397 αὐτοῦ
1958 2338 2160 2417 διατρι-

504 2430 608 2505 ϐῆς
656 2434 815 2509 ύμεῖς
862 2434 1176 2508 παραμυθία
1225 2432 1505 2508 γεγόνατε,
1556 2430 1645 2485 καὶ
1674 2429 2008 2504 διωκόμενον
2050 2433 2162 2503 (26)

506 2522 776 2598 ἐθάλψατε
823 2528 945 2587 ταῖς
996 2521 1345 2584 πιστοτάταις
1400 2522 1601 2575 ἑαυτῶν
1654 2523 1857 2595 ψυχαῖς
1909 2520 1999 2574 καὶ
2050 2516 2163 2573 δια-

501 2613 697 2675 νοίαις.
731 2613 862 2685 Ἐμὲ
912 2609 969 2667 δὲ
1016 2610 1125 2681 ἤδη
1180 2609 1453 2689 εὐφραίνει
1502 2609 1851 2683 ἐννοούμενον
1900 2609 1989 2663 καὶ
2034 2628 2166 2682 προ-

506 2707 717 2779 ορῶντα
746 2707 825 2775 τῷ
856 2700 1110 2778 λογισμῷ
1138 2701 1235 2770 τήν
1257 2700 1344 2755 ἐπὶ
1374 2704 1443 2773 τῇ
1476 2697 1723 2772 ἐπανόδῳ
1754 2698 1976 2754 ἑκάστου
2008 2698 2161 2771 ὐμῶν

505 2791 701 2867 χαρὰν,
744 2791 835 2845 καὶ
881 2794 977 2845 τοῦ
1022 2787 1270 2860 πλήθους
1316 2789 1412 2851 τὰς
1461 2783 1874 2850 θεοσεϐεστάτας
1924 2788 2165 2858 ἀπαντή-

518 2880 829 2953 σεις,καὶτό
852 2877 1061 2951 ἔνδοξον
1093 2886 1190 2949 τῆς
1222 2882 1330 2934 τῶν
1365 2877 1769 2953 συντρεχόντων
1806 2878 2001 2954 ἑορτῆς
2031 2879 2164 2951 (27).

517 2969 616 3024 Καὶ
646 2970 730 3033 τίς
780 2968 953 3039 ἐκείνη
1001 2971 1035 3039 ἡ
1082 2969 1264 3042 ἡμέρα
1310 2968 1435 3041 ύμῖν
1485 2968 1574 3022 καὶ
1622 2966 1754 3022 ποία
1798 2964 1964 3039 ἔσται,
2008 2965 2167 3021 ἐπαν-

519 3058 823 3136 ερχομένου
858 3060 992 3133 μετά
1018 3062 1116 3114 τοῦ
1170 3056 1407 3137 ἀδελφοῦ
1456 3078 1581 3131 μου,
1612 3058 1935 3130 παυομένων
1981 3054 2037 3111 δὲ
2065 3060 2171 3110 τῶν

516 3149 956 3225 προγενομένων,
1005 3149 1096 3202 καὶ
1137 3154 1238 3217 τῆς
1286 3145 1673 3221 πολυτιμήτου
1712 3148 1803 3201 καὶ
1847 3147 1964 3200 κατ’
2000 3143 2168 3220 εὐχὴν

517 3236 780 3293 ἐπανόδου
838 3236 913 3299 εἷς
970 3236 1301 3316 εὐφροσύνην
1358 3236 1480 3292 τινα
1537 3233 1918 3311 πληρεστάτης
1996 3240 2170 3311 χαρᾶς

518 3326 893 3398 συναπτούσης
921 3326 1049 3389 τοὺς
1099 3328 1301 3388 πάντας
1336 3345 1349 3396 ;
1380 3331 1440 3379 Ἡ
1487 3325 1709 3396 τοιαύτη
1762 3323 1819 3380 δὲ
1848 3325 1996 3401 χαρά
2037 3324 2172 3379 κατὰ
2202 3319 2245 3386 C

516 3417 577 3470 τὸ
612 3415 863 3492 μέγιστον
895 3416 1090 3491 μέχρις
1123 3416 1283 3488 ἡμῶν
1314 3417 1522 3493 φθάνει,
1556 3413 1601 3468 εἷ
1648 3413 1823 3478 θεόθεν
1876 3414 1965 3468 xui
2008 3418 2169 3468 τοῦτο

520 3509 919 3582 συγχωρεῖσθαι
1130 3505 1469 3577 συνέστηκεν,
1529 3502 1677 3566 ὅπως
1731 3503 1805 3566 εἷς
1846 3508 2044 3579 γνῶσιν
2075 3507 2171 3557 τοῦ

519 3592 851 3664 τηλικούτου
928 3591 1119 3670 ἀνδρὸς
1179 3591 1353 3647 ἐλθεῖν
1422 3589 1739 3667 δυνηθῶμεν
1774 3637 1787 3649 .
1850 3592 1945 3655 Εἷς
2000 3592 2169 3667 εὐχὴν

520 3680 586 3753 δὴ
623 3685 735 3759 (29)
780 3680 870 3738 οὖν
902 3684 1001 3753 τὴν
1044 3681 1339 3750 ἐπιστολὴν
1379 3681 1665 3737 τελειῶσαι
1713 3680 1900 3739 καλόν.
1934 3684 1989 3735 Ὀ
2042 3682 2171 3745 Θεὸς

521 3774 548 3827 ὁ
579 3774 991 3850 παντοκράτωρ,
1040 3783 1136 3831 xui)
1169 3773 1197 3826 ὁ
1226 3771 1423 3827 τούτου
1471 3771 1596 3835 Υἱὸς
1630 3772 1657 3825 ὁ
1689 3770 1885 3847 Κύριος
1926 3772 2015 3826 καὶ
2048 3778 2173 3826 Σω-

516 3864 622 3937 τὴρ
670 3864 829 3936 ἡμῶν
890 3864 1099 3934 Ἰησοῦς
1148 3861 1377 3938 Χριστὸς
1428 3859 1647 3932 διηνεκῆ
1697 3862 1794 3931 τὴν
1842 3862 2002 3938 χάριν
2043 3861 2170 3935 ύμῖν

519 3950 816 4027 παράσχοι,
848 3949 1030 4014 διδοὺς
1064 3949 1294 4006 ἔπαθλον
1325 3954 1393 4025 τῇ
1443 3952 1726 4025 θαυμαστῇ
1778 3950 1930 4024 ὐμῶν
1972 3950 2173 4022 πίστει,

520 4041 587 4110 ἣν
644 4042 769 4116 περὶ
818 4041 909 4096 τὸν
971 4040 1264 4096 ἐπίσκοπον
1318 4039 1473 4113 ὐμῶν
1532 4036 1730 4113 ἐνδόξῳ
1791 4040 2060 4116 μαρτυρίᾳ
2089 4038 2172 4095 ἐν-

522 4128 803 4201 εδείξασθεο
852 4127 944 4185 *ίνα
998 4130 1125 4205 ύμῖν
1184 4151 1244 4185 τε
1296 4130 1386 4184 καὶ
1434 4134 1550 4192 τοῖς
1604 4131 1717 4203 μεθ’
1763 4128 1903 4203 ὑμᾶς
1952 4129 2176 4184 ἐνταῦθα

519 4220 609 4274 καὶ
639 4218 691 4274 ἐν
718 4223 797 4293 τῷ
834 4218 1096 4294 μέλλοντι
1126 4220 1193 4275 τά
1228 4217 1480 4295 βελτίονα
1525 4219 1677 4294 νέμοι
1709 4221 1845 4294 (30),
1880 4218 1913 4273 ἃ
1964 4216 2178 4298 ὀφθαλ-

592 4416 862 4492 (23)_Post
892 4417 968 4479 ὡς
1000 4418 1169 4473 συνὼν
1223 4414 1563 4492 ὑμῖνῗδιῇγεν
1615 4421 1846 4474 exstant
1874 4418 2175 4492 permultas

521 4489 1006 4562 apudSocratem
1064 4489 1372 4545 Athanasii
1431 4489 1674 4562 laudes,
1712 4489 2025 4562 quas‘ipse
2058 4507 2173 4562 prae

522 4560 702 4616 animi
735 4563 1021 4618 modestia
1048 4564 1280 4618 videtur
1325 4562 1620 4617 omisisse.
1653 4561 1764 4616 Sed
1799 4578 1833 4617 a
1864 4560 1988 4616 loco
2019 4560 2173 4618 inte-

521 4646 625 4708 gro
658 4636 995 4708 referendo,
1018 4634 1369 4708 prolixitatis
1400 4634 1648 4708 vitandae
1679 4649 1876 4708 causa,
1899 4650 2176 4708 superse-

523 4704 750 4761 demus.
785 4704 1065 4761 Consulat
1093 4706 1393 4761 Socratem
1425 4704 1519 4759 cui
1542 4705 1733 4759 visum
1764 4704 1958 4760 fuerit.

593 4776 707 4852 (24)
737 4775 1191 4852 Βοοΐεηχρυσὸν
1253 4773 1318 4852 δη
1354 4774 1502 4852 λέγω
1550 4774 1660 4830 καί.
1689 4777 1853 4852 infra
1899 4776 2055 4852 ide‘m
2086 4774 2174 4836 ’ὀς-

520 4843 794 4902 τοσούτων
856 4843 1093 4921 θλίψέῶν
1166 4848 1337 4922 πυρὰν
1395 4843 1835 4922 καὶ-τοσούτους
1891 4843 2174 4908 κινδύνους

522 4918 772 4993 νικήσας.
834 4918 1201 4993 Epiphanius
1243 4918 1382 4977 vero
1436 4919 1874 4993 Scholasticus:
1926 4922 2023 4993 qui
2051 4935 2178 4974 eum

522 4990 705 5045 tantas
750 4990 1142 5049 tribulationes
1186 4997 1236 5049 et
1280 4993 1529 5063 pericula
1574 4992 1877 5059 devicisset,
1920 4990 2179 5046 redditur

524 5076 671 5116 nunc
700 5063 848 5118 vobis
909 5066 1315 5120 immaculatus.
1375 5064 1542 5120 Teste
1600 5063 1831 5118 Valesio
1878 5063 1938 5117 in
1983 5064 2177 5118 codice

569 5132 778 5220 uqdam
815 5133 1148 5218 Florentino
1176 5145 1233 5193 et
1348 5136 1640 5220 Siortiano
1663 5132 2173 5220 _de_est"':oa_pz§"couc.

569 5205 717 5260 odex
754 5221 889 5261 vero
952 5209 1154 5263 Leonis
1210 5208 1406 5263 Allatii
1465 5207 1550 5262 sic
1580 5206 1775 5273 habet,
1836 5204 1895 5266 ’ὸς
1947 5204 2035 5258 διὰ
2064 5225 2176 5258 κιν-

524 5271 696 5350 δύνων
754 5276 1041 5350 τοσούτων,
1085 5278 1175 5350 καὶ
1222 5278 1458 5350 θλίψεων
1516 5271 1768 5350 νικήσαςζ
1818 5278 2004 5350 Paulo,
2046 5282 2178 5349 post

521 5348 682 5423 Socr.
726 5353 783 5423 et
815 5348 967 5423 Reg.
1020 5345 1375 5423 &FOSEX0€té7
1403 5345 1745 5423 ὑποδέξασθε.
1798 5350 1958 5423 _Edtti
1990 5345 2173 5423 Paris.

521 5415 1288 5544 ἀπὲὲδὲιχὲείςξάποδέξασθε.
1340 5422 1488 5477 Edit.
1530 5415 1753 5476 Comm.
1787 5417 2175 5494 ἀποδειχθείς;

521 5510 591 5543 πο
686 5510 753 5544 ασ
791 5511 835 5544 ε.

521 5491 835 5554 ποδέξασθε.

502 5492 835 5564 ποδέξαᾱθε.
1126 5492 1129 5493 ν
1984 5492 2020 5494 η

766 5561 1271 5647 ΒεξεευλΑθανάσιυον
1336 5560 1729 5647 μετὰἴτούτων
1773 5560 1967 5647 ο’ίτινες
2005 5560 2174 5647 ’,αὐτῷ

523 5632 612 5686 xui
642 5631 771 5690 τῶν.
825 5631 978 5691 Ιῖἀῖῐὶ
1030 5631 1364 5705 ’Δθανάσιον’,
1415 5633 1505 5687 καὶ
1554 5634 1687 5705 μετὰ
1732 5633 1948 5705 τούτου,
1978 5631 2173 5705 οἵτινες

527 5702 673 5777 αύτῷ
728 5709 860 5763 τῶν.
914 5708 1041 5764 Soc.
1119 5702 1430 5763 Ἀθανάσιον
1512 5702 1646 5777 μετά
1718 5702 1939 5760 τούτων
1979 5703 2173 5768 οἵτινες

526 5772 701 5834 αὐτῶν
730 5778 979 5836 κοινωνοὶ
1008 5778 1287 5860 γεγόνασι,
1338 5772 1575 5839 omissis
1619 5777 2004 5852 interpositis.
2036 5778 2178 5853 Epi-

2246 646 2391 703 Nam
2424 650 2655 704 tametsi
2696 668 2934 722 corpore
2982 654 3054 707 ad
3088 658 3322 725 tempus
3378 655 3639 711 abstrahi
3673 675 3706 712 a
3737 659 3904 714 vobis

2246 737 2408 793 visus
2437 740 2797 811 est,spiritus
2830 748 3025 797 tamen
3058 743 3458 799 indesinenter
3479 749 3566 800 est
3594 746 3901 804 vobiscum

2248 832 2536 884 versatus.

2321 1096 2411 1148 52.
2447 1094 2617 1151 Redit
2648 1096 2827 1169 igitur
2857 1100 2927 1155 ad
2962 1117 3059 1155 vos
3084 1101 3211 1171 jam
3244 1103 3430 1158 multo
3461 1102 3693 1172 clarior,
3727 1121 3906 1178 quam

2253 1209 2389 1247 cum
2421 1210 2454 1248 a
2484 1194 2649 1249 vobis
2695 1196 3183 1267 proﬁcisceretur.
3217 1200 3276 1253 Si
3310 1200 3469 1255 enim
3501 1202 3757 1274 pretiosa
3780 1220 3907 1260 me-

2251 1281 2391 1337 talla
2412 1299 2621 1338 aurum
2644 1288 2702 1338 et
2731 1292 3036 1357 argentum
3060 1288 3129 1343 ad
3162 1289 3474 1359 puritatem
3498 1291 3650 1361 ignis
3667 1294 3905 1370 probat,

2254 1379 2395 1451 quid
2429 1379 2561 1452 quis
2609 1398 2713 1453 pro
2744 1384 2892 1438 tanti
2943 1384 3051 1439 viri
3095 1385 3375 1457 dignitate
3418 1388 3648 1458 dixerit,
3684 1390 3784 1461 qui
3820 1394 3912 1445 tot

2254 1469 2654 1525 calamitatum
2688 1472 2963 1543 periculis
2987 1476 3329 1546 perfunctus
3358 1476 3522 1533 vobis
3552 1480 3909 1547 restituitur,

2254 1584 2439 1639 purus
2469 1567 2888 1641 innocensque,
2925 1588 3039 1626 non
3072 1578 3268 1629 nostro
3308 1578 3560 1643 tantum,
3594 1578 3695 1632 sed
3729 1583 3787 1633 et
3818 1583 3908 1634 to-

2254 1657 2376 1711 tius
2407 1658 2858 1729 synodijudicio
2891 1660 3224 1717 declaratus
3247 1663 3273 1717 ?
3306 1664 3560 1735 Excipite
3592 1666 3793 1739 igitur,
3821 1668 3913 1722 di-

2257 1744 2390 1800 lecti
2423 1747 2651 1816 fratres,
2686 1764 2819 1803 cum
2864 1750 3024 1805 omni
3064 1753 3392 1807 secundum
3426 1753 3611 1809 Deum
3642 1755 3827 1824 gloria
3860 1760 3924 1811 et

2256 1835 2476 1902 laetitia,
2510 1836 2665 1891 136
2697 1837 3037 1910 epis00pum
3067 1844 3325 1895 vestrum
3356 1842 3913 1911 Athanasium,cum

2186 1946 2233 2011 Β
2264 1933 2336 1987 iis
2367 1932 2468 2003 qui
2500 1937 2586 1989 tot
2618 1935 2745 2005 ejus
2775 1935 3044 1991 laborum
3094 1938 3255 1994 fuere
3298 1947 3638 1996 consortes:
3671 1950 3727 1998 et
3757 1947 3928 1999 voto-

2266 2039 2396 2077 rum
2446 2030 2746 2094 compotes
2793 2024 3001 2097 eiI‘ecti,
3052 2028 3300 2099 gaudete
3350 2030 3451 2101 qui
3501 2036 3793 2101 pastorem
3826 2048 3925 2087 ve-

2267 2115 2454 2166 strum
2474 2117 2727 2167 vestram
2752 2113 3026 2185 pietatem
3046 2116 3136 2187 (ut
3159 2116 3238 2171 ita
3252 2118 3467 2190 dicam)
3487 2119 3921 2176 desiderantem

2268 2207 2703 2280 sitientemque,
2729 2209 3088 2268 salutaribus
3111 2214 3347 2286 scriptis
3381 2217 3709 2273 nutrivistis
3739 2223 3795 2274 et
3822 2236 3925 2291 po-

2269 2300 2459 2352 tastis.
2493 2297 2608 2353 Vos
2634 2298 2791 2354 enim
2827 2298 2904 2353 illi
2929 2300 2985 2354 in
3048 2307 3325 2358 extranea
3368 2305 3604 2377 regione
3660 2324 3926 2364 commo-

2273 2387 2445 2453 ranti,
2479 2388 2857 2443 consolationi
2879 2390 3074 2446 fuistis
3099 2407 3111 2445 :
3139 2409 3238 2447 vos
3260 2410 3394 2448 eum
3420 2394 3779 2451 ﬁdelissimis
3805 2398 3931 2452 ani-

2274 2476 2485 2531 mabus
2504 2478 2916 2549 mentibusque
2938 2482 3147 2535 vestris
3167 2480 3225 2535 in
3252 2484 3653 2552 persecutione
3680 2485 3931 2541 fovistis.

2275 2573 2417 2629 Mihi
2449 2578 2603 2629 certe
2626 2576 2750 2645 jam
2783 2574 2991 2648 volupe
3022 2582 3129 2643 est,
3161 2580 3433 2648 cogitanti
3464 2586 3520 2635 et
3549 2582 3747 2639 animo
3781 2602 3935 2655 prae-

2274 2663 2513 2728 videnti,
2547 2665 3016 2737 uniuscujusque
3044 2672 3303 2722 vestrum
3337 2670 3395 2723 in
3448 2672 3576 2740 ejus
3608 2672 3798 2727 reditu
3830 2672 3932 2729 lae-

2274 2751 2485 2819 titiam,
2520 2752 2917 2809 multitudinis
2962 2755 3298 2827 piissimum
3344 2775 3677 2831 occursum,
3712 2761 3925 2834 glorio-

2277 2858 2525 2912 samque
2582 2845 3058 2899 concurrentium
3124 2846 3515 2904 festivitatem.
3581 2852 3810 2916 Quanta
3868 2858 3929 2907 et

2280 2930 2472 3002 qualis
2505 2932 2669 2987 vobis
2698 2931 2799 2987 illa
2845 2934 3039 2989 futura
3093 2935 3217 2990 dies
3248 2940 3359 3002 est,
3392 2954 3509 3009 qua
3538 2944 3593 2993 et
3621 2940 3796 2996 frater
3826 2958 3930 2997 no-

2278 3025 2398 3076 ster
2430 3026 2768 3089 revertetur,
2819 3026 2874 3077 et
2932 3025 3322 3094 praecedentia
3374 3026 3531 3082 mala
3572 3030 3933 3099 cessabunt;

2281 3136 2533 3190 cumque
2547 3125 2837 3191 pretiosus
2860 3120 2955 3175 ille
2968 3121 3493 3196 optatissimusque
3513 3128 3714 3199 gaudii
3733 3128 3941 3183 alacri-

2280 3213 2458 3264 tatem
2480 3209 2507 3263 ‘I
2538 3209 2891 3279 Hujusmodi
2926 3227 3064 3265 sane
3085 3212 3366 3283 gaudium
3392 3216 3647 3270 maxima
3669 3233 3738 3271 ex
3769 3224 3936 3289 parte

2282 3300 2460 3354 etiam
2492 3300 2563 3353 ad
2624 3316 2729 3354 nos
2788 3316 2974 3371 usque
3020 3302 3317 3373 pertingit,
3352 3303 3567 3375 quibus
3626 3322 3661 3361 a
3709 3305 3826 3363 Deo
3872 3308 3930 3363 id

2283 3388 2547 3443 muneris
2577 3404 2921 3443 concessum
2980 3395 3089 3456 est,
3126 3394 3189 3443 ut
3241 3391 3300 3445 in
3332 3392 3477 3446 tanti
3510 3393 3614 3448 viri
3646 3396 3933 3467 cognitio-

2282 3494 2416 3533 nem
2446 3478 2797 3532 veniremus.
2858 3481 2970 3532 Par
3025 3482 3114 3533 est
3170 3478 3349 3551 igitur
3402 3482 3694 3553 precando
3737 3483 3933 3540 claudi

2282 3573 2772 3647 epistolam.Deus
2794 3576 3305 3647 omnipotentes,et
3326 3577 3622 3650 ﬁliusejus
3645 3580 3935 3637 Dominus

2282 3669 2339 3719 et
2369 3663 2633 3719 Salvator
2664 3669 2860 3719 noster
2886 3665 3062 3720 Jesus
3091 3665 3355 3722 Christus
3388 3674 3729 3739 perpetuam
3769 3671 3934 3728 vobis

2281 3754 2538 3808 conferat
2569 3754 2841 3826 gratiam,
2894 3756 3266 3825 prtemtisque
3318 3757 3491 3811 donet
3520 3758 3931 3817 admirandam

2283 3857 2537 3907 vestram
2590 3852 2787 3919 ﬁdem,
2840 3868 3019 3923 quam
3079 3870 3217 3926 erga
3273 3854 3615 3927 episcopum
3672 3861 3934 3914 vestrum

2282 3940 2559 4013 praaclaro
2575 3941 2910 3997 testimonio
2934 3942 3287 3999 exhibuistis
3315 3962 3328 4012 ;
3348 3948 3411 3998 ut
3425 3944 3589 4001 vobis
3610 3947 3937 4020 vestrisque

2282 4031 2553 4102 posteris,
2587 4030 2680 4085 hic
2705 4035 2762 4085 et
2790 4031 2849 4086 in
2879 4032 3076 4087 futuro
3107 4034 3339 4102 saeculo,
3365 4034 3587 4106 optima
3615 4035 3931 4109 impertiat,

2283 4146 2410 4200 qua
2446 4144 2548 4183 nec
2578 4127 2785 4183 oculus
2816 4129 2979 4198 vidit,
3017 4146 3118 4185 nec
3149 4129 3307 4185 auris
3339 4130 3579 4203 audivit,
3612 4150 3717 4188 nec
3744 4133 3804 4189 in
3836 4151 3935 4190 cor

2284 4217 2540 4274 hominis
2580 4218 2864 4287 ascendit,
2896 4235 3024 4291 quas
3057 4221 3401 4292 praeparavit
3449 4221 3605 4278 Deus
3634 4222 3939 4296 diligenti-

2326 4414 2541 4471 hanius
2591 4431 2723 4470 vero
2755 4415 3157 4473 Scholasticus
3188 4422 3379 4473 totum
3430 4418 3587 4473 hunc
3629 4416 3825 4475 locum
3858 4420 3944 4477 sic

2329 4434 2541 4471 namus
2591 4434 2723 4470 vero
2755 4434 3157 4473 acnomsucus
3188 4434 3379 4473 ictum
3430 4434 3587 4473 nunc
3629 4434 3825 4475 locum
3858 4437 3941 4477 διο

2284 4434 2498 4543 Εεὺοιε
2530 4486 2799 4562 suscipite
2826 4488 3098 4557 siquidem
3156 4506 3323 4560 nunc,
3368 4492 3572 4560 fratres
3597 4490 3941 4562 charissimi,

2282 4576 2406 4634 cum
2435 4561 2590 4614 omni
2617 4559 2807 4614 divina
2862 4561 3051 4634 gratia
3098 4559 3375 4632 pastorem
3422 4572 3663 4617 vestrum
3702 4579 3767 4617 ac
3792 4559 3942 4634 prae;

2283 4633 2479 4696 sulem,
2514 4634 2778 4702 tanquam
2804 4646 2928 4685 vere
2956 4632 3337 4700 Athanasium,
3370 4649 3493 4688 cum
3528 4634 3614 4689 his
3644 4636 3742 4704 qui
3772 4632 3947 4691 tantis

2204 4693 2252 4757 D
2285 4693 2567 4758 laboribus
2596 4693 2714 4773 ejus
2760 4704 3063 4774 participes
3113 4708 3241 4776 sunt
3271 4693 3470 4776 effecti.
3521 4693 3669 4768 Qua;
3689 4722 3821 4761 mox
3853 4724 3943 4763 se-

2287 4780 2553 4847 quuntur
2601 4771 3429 4847 ιὶιηοῐὶιγποθοῦνταδιψῶντα,
3480 4778 3565 4833 vel
3614 4777 3727 4833 alio
3766 4780 3941 4833 modo

2286 4846 2519 4921 legisse,
2570 4846 2657 4921 vel
2708 4846 2859 4921 male
2898 4846 3253 4921 intellexisse
3301 4849 3533 4904 videtur
3578 4850 3943 4921 Epiphanius

2286 4917 2484 4994 Schol.
2542 4919 2642 4989 qui
2702 4918 2785 4973 sic
2842 4918 3053 4973 habet:
3114 4921 3254 4991 qui.
3293 4961 3305 4974 .
3343 4962 3355 4974 .
3394 4964 3406 4975 .
3442 4962 3456 4975 .
3498 4917 3725 4976 esuritis
3780 4927 3945 4994 atque

2287 4992 2479 5045 sititis.

2358 5064 2471 5133 (26)
2530 5066 2814 5129 Socrates,
2874 5058 2963 5114 καὶ
3023 5056 3381 5133 διωκόμενον,
3439 5061 3529 5115 xui
3582 5056 3943 5117 ἐπιϐουλευό-

2334 5152 2474 5187 ενον.

2291 5153 2330 5204 μ
2358 5206 2471 5275 (27)
2530 5204 2716 5280 Socr.,
2773 5203 2863 5255 xui
2911 5203 3032 5280 ’τὴν
3094 5200 3306 5276 ἔνδοξον
3345 5208 3476 5280 ’τῶν
3504 5204 3939 5280 ,συντρεχόντων

2287 5271 2502 5349 ἑορτήν.
2540 5271 2716 5349 Paulo
2747 5281 2878 5349 post
2908 5275 3085 5349 idem,
3111 5271 3464 5349 παυσαμένων
3501 5271 3576 5331 δέ.

2357 5350 2500 5423 (28)_
2540 5345 2763 5423 So_cr.,__
2797 5348 2880 5423 οἷς
2925 5345 3136 5423 ’θεόθεν
3197 5345 3305 5423 καί
3349 5351 3509 5401 τοῦτο
3576 5355 3936 5423 συγκεχωρῆ-

2288 5420 2425 5473 σθαι.
2452 5418 2819 5490 Epiphanius
2846 5418 3041 5473 Schol.
3092 5436 3159 5474 ex
3191 5420 3425 5475 Socrate
3482 5418 3687 5475 vertit:
3739 5418 3938 5491 quibus

2285 5492 2550 5546 divinitus
2580 5492 2677 5546 hoc
2705 5493 2876 5544 etiam
2904 5494 3115 5546 constat
3142 5508 3254 5546 esse
3282 5508 3613 5547 concessum.

2358 5564 2469 5635 (29)
2484 5562 2555 5630 Δή
2568 5564 2754 5635 ,quod
2777 5562 2836 5635 in
2860 5562 3029 5635 editis
3043 5563 3335 5627 deerat,ex
3355 5563 3488 5635 Reg.
3507 5567 3811 5634 sumptum
3826 5568 3915 5635 est

2356 5630 2466 5705 (30)
2500 5630 2869 5710 Edit.__i’aris.
2901 5630 3078 5706 νέμοι.
3139 5638 3279 5691 Socr
3359 5630 3534 5710 μένοι,
3566 5630 3844 5693 mendose
3874 5634 3935 5695 in

2288 5709 2539 5780 utroque
2561 5723 2575 5763 :
2608 5706 2707 5763 alii
2737 5723 2917 5781 νεμοι.
