4152 6394
198 393 317 453 347

735 389 801 450 S.
852 387 1276 451 ATHANASII
1321 386 1495 449 OPP.
1540 387 1747 450 PARS
1792 386 1841 448 l.
1872 418 1953 435 -
1981 388 2405 454 HISTORICA
2447 392 2543 457 ET
2584 392 3069 456 DOGMATICA.

3496 399 3618 461 348

199 524 311 581 bus
340 540 535 596 se,per
559 522 762 579 Jesum
794 522 1088 579 Christum
1113 520 1427 577 Dominum
1449 525 1817 593 nostrum,pe

1966 518 2065 593 μὸς
2096 520 2196 577 οὐκ
2243 519 2370 596 εἶδε,
2420 523 2510 578 καὶ
2570 521 2663 587 οῦς
2712 523 2811 580 οὐκ
2855 523 3079 596 ἤκουσε,
3126 526 3217 582 καὶ
3264 525 3352 582 ἐπὶ
3390 525 3613 606 καρδίαν

198 630 374 686 quem
406 613 797 685 omnipotenti
850 612 965 668 Deo
995 610 1177 684 gloria
1231 611 1292 666 in
1349 610 1565 668 secula
1608 610 1849 667 seculo-

1963 609 2245 683 ἀνθρώπου
2292 610 2391 666 οὐκ
2434 607 2597 684 ἀνέϐη
2652 612 2685 667 ἃ
2734 613 3032 688 ἡτοίμασεν
3078 616 3106 670 6
3137 615 3265 678 Θεὸς
3312 622 3431 680 τοῖς
3483 618 3616 694 ἀγα-

199 720 356 760 rum.
389 709 597 761 Amen.
629 701 837 758 Valere
877 718 981 758 vos
1006 701 1065 756 in
1103 700 1351 757 Domino
1383 707 1609 773 exopto,
1642 700 1816 757 fratre

1958 703 2130 754 πῶσιν
2178 698 2337 756 αὐτόν
2388 699 2478 756 διὰ
2531 706 2628 758 τοῦ
2678 703 2878 779 Κυρίου
2925 706 3087 777 ἡμῶν
3138 706 3317 778 Ἰησοῦ
3363 712 3620 781 Χριστοῦ,

200 792 418 849 dilecti.

1960 784 2030 843 δι’
2060 787 2121 843 οῦ
2150 794 2230 863 τῷ
2259 793 2652 869 παντοκράτορι
2698 797 2815 865 Θεῷ
2857 795 2891 863 ἡ
2944 790 3071 865 δόξα
3117 793 3194 858 είς
3237 794 3367 859 τοὺς
3416 795 3616 862 αἰῶνας

196 884 305 934 τῶν
341 879 572 936 αἰώνων.
607 880 805 954 Ἀμήν.
840 877 1123 955 Εῤῥῶσθαι
1157 878 1298 952 ὑμᾶς
1332 877 1383 932 έν
1416 878 1598 953 Κυρίῳ
1630 875 1887 953 εὔχομαι,
1919 877 2192 954 ἀγαπητοὶ
2225 878 2473 959 ἀδελφοί.

270 972 360 1027 54.
394 974 537 1026 Cum
571 970 665 1026 his
712 970 1118 1027 advenientem
1174 986 1267 1025 me
1296 969 1616 1041 imperator
1635 969 1849 1042 perhu-

199 1060 450 1117 maniter
479 1060 751 1130 intuitus,
794 1060 865 1115 ad
897 1059 1148 1131 patriam
1179 1058 1618 1131 Ecclesiamque
1648 1058 1845 1127 misit;

195 1167 331 1207 cum
358 1149 455 1207 his
484 1150 556 1207 ad
586 1148 913 1223 episcopos,
962 1149 1354 1222 presbyteros,
1387 1153 1446 1204 et
1476 1147 1725 1221 populos
1755 1147 1847 1203 lit-

193 1239 357 1296 teris.

660 1415 898 1475 VICTOR
939 1414 1384 1473 CONSTANTIUS

722 1552 997 1607 Maximus
1024 1555 1310 1622 Augustus

344 1624 614 1697 episcopis
640 1630 692 1679 et
716 1623 1058 1696 presbyteris
1084 1622 1376 1680 catholica:
1404 1622 1680 1681 Ecclesiae.

249 1801 633 1874 Nequaquam
663 1800 984 1857 destitutus
1007 1800 1110 1857 Dei
1140 1801 1328 1875 gratia
1359 1806 1449 1858 est
1477 1802 1834 1859 reverendis-

2026 972 2116 1027 55.
2150 972 2297 1026 Μετᾶ
2350 970 2555 1027 τούτων
2606 970 2833 1028 ἐλθόντα
2884 995 2949 1047 με
2997 973 3239 1051 γνησίως
3294 976 3527 1053 ἑώρακεν
3585 980 3613 1035 6

1961 1056 2216 1134 βασιλεὺς
2260 1059 2353 1115 καὶ
2402 1059 2687 1117 ἀπέστειλε
2731 1062 2869 1137 πρὸς
2915 1064 3014 1133 τὴν
3083 1062 3316 1140 πατρίδα
3370 1067 3459 1122 καὶ
3507 1070 3607 1139 τήν

1958 1145 2309 1221 Ἐκκλησίαν,
2342 1152 2554 1226 γράψας
2580 1157 2699 1216 τοῖς
2748 1151 3067 1217 ἐπισκόποις
3094 1156 3185 1210 καὶ
3220 1150 3610 1234 πρεσϐυτέροις

1952 1258 2042 1292 και
2075 1236 2232 1302 λαοῖς
2260 1243 2446 1296 ταῦτα.

2362 1422 2664 1478 ΝΙΚΗΤΗΣ
2722 1427 3194 1479 ΚΩΝΣΤΑΝΤΙΟΣ

2485 1528 2765 1604 Μέγιστος
2804 1524 3067 1604 σεϐαστός

2059 1598 2411 1661 Ἐπισκόποις
2454 1599 2546 1654 καὶ
2581 1596 2979 1675 ’πρεσβυτέροις
3016 1610 3136 1673 τῆς
3191 1601 3500 1675 Καθολικῆς

2606 1621 2859 1675 [τρεσουτε
2898 1623 2957 1657 οι.

2606 1621 2957 1743 Ἐκκλησίίκς.

2017 1795 2130 1869 (31)
2161 1794 2272 1850 Οὐκ
2299 1794 2598 1876 ἀπελείφθη
2650 1805 2753 1869 τῆς
2798 1804 2897 1855 τοῦ
2945 1804 3078 1856 Θεοῦ
3125 1802 3355 1878 χάριτος
3391 1804 3420 1858 6
3451 1800 3603 1859 αἰδε-

175 1889 365 1946 simus
393 1889 752 1947 Athanasius
782 1916 798 1959 ;
830 1891 933 1947 sed
981 1891 1118 1946 licet
1149 1891 1221 1947 ad
1254 1892 1422 1947 breve
1452 1896 1689 1965 tempus
1714 1891 1818 1947 hu-

1940 1884 2249 1957 σιμώτατος
2324 1887 2645 1955 Δθανάσιος,
2691 1885 2819 1944 ἀλλ’
2869 1889 3035 1945 εἶκαὶ
3067 1890 3117 1946 έν
3174 1892 3372 1968 βραχεῖ
3409 1892 3599 1970 χρόνῳ

174 1995 361 2034 manu:
392 1979 721 2052 probationi
751 1980 1052 2050 subjectus
1102 1979 1298 2047 fuerit,
1332 1980 1598 2045 debitum
1630 1986 1818 2037 tamen

1942 1977 2011 2047 τῇ
2041 1974 2179 2028 κατά
2228 1974 2547 2052 ἀνθρώπους
2594 1974 2888 2052 δοκιμασίᾳ
2937 1973 3243 2051 ὑπεϐλήθη,
3293 1980 3448 2055 ὅμως
3497 1984 3598 2052 τὴν

172 2084 207 2122 a
238 2066 602 2140 providentia
655 2069 922 2124 omnium
981 2085 1178 2124 rerum
1230 2067 1581 2139 inspectrice
1630 2069 1818 2126 retulit

1942 2060 2307 2141 ἐρειλομένην
2337 2067 2486 2141 παρά
2532 2073 2633 2137 τῆς
2676 2068 3012 2146 παντεφόρου
3062 2068 3328 2144 Προνοίας
3359 2071 3598 2148 ἀπηνέγ-

170 2156 557 2223 calculum,ac
585 2157 687 2214 Dei
709 2157 1005 2214 voluntate
1031 2163 1349 2230 nostroque
1366 2159 1592 2230 judicio
1628 2161 1827 2232 patriae

173 2245 352 2301 simul
383 2251 441 2301 et
472 2246 762 2318 Ecclesiae,
804 2247 898 2301 cui
926 2246 1122 2301 divino
1159 2251 1305 2301 nutu
1338 2245 1707 2318 praesidebat,
1741 2252 1831 2303 est

170 2335 497 2392 restitutus.
533 2336 699 2391 Hunc
719 2337 915 2409 ipsum
941 2352 1071 2408 quae
1099 2342 1493 2392 consentanea
1522 2343 1691 2393 erant
1721 2354 1829 2409 par

166 2425 279 2480 fuit
306 2443 340 2481 a
369 2429 570 2481 nostra
597 2425 965 2481 humanitate
994 2425 1273 2497 consequi
1303 2443 1318 2494 ;
1343 2424 1425 2481 ita
1458 2430 1522 2481 ut
1555 2443 1827 2499 quaecun-

168 2530 294 2585 quae
325 2514 570 2570 antehac
602 2518 805 2571 contra
834 2514 967 2571 illos
999 2515 1102 2587 qui
1157 2531 1291 2570 cum
1324 2531 1390 2571 eo
1420 2516 1823 2572 communica-

165 2603 308 2659 bant
332 2604 565 2660 decreta
594 2607 753 2671 sunt,
778 2604 906 2675 jam
936 2604 1215 2660 oblivioni
1247 2604 1576 2677 tradantur,
1606 2606 1824 2662 omnis-

165 2708 280 2763 que
303 2693 583 2749 adversus
615 2692 746 2749 illos
775 2692 1034 2765 suspicio
1054 2693 1115 2749 in
1139 2696 1441 2766 posterum
1473 2694 1701 2750 desinat
1726 2712 1739 2752 :
1764 2699 1822 2752 et

162 2781 537 2851 immunitas,
570 2799 686 2855 qua
715 2781 907 2839 clerici
941 2782 1041 2854 qui
1072 2799 1207 2838 cum
1240 2799 1307 2838 eo
1329 2788 1470 2839 sunt
1490 2782 1628 2839 olim
1662 2784 1815 2840 frue-

165 2869 407 2940 bantur,
441 2870 559 2928 illis
605 2875 669 2927 ut
716 2872 880 2928 decet
926 2872 1321 2928 confirmetur.
1370 2873 1520 2939 Quin
1569 2878 1625 2929 et
1666 2873 1815 2930 illud

163 2961 365 3034 gratiae
397 2961 795 3033 adjiciendum
827 2960 1093 3017 arbitrati
1125 2978 1352 3029 sumus,
1385 2966 1451 3017 ut
1479 2979 1684 3019 omnes
1714 2964 1816 3036 qui

162 3053 224 3108 in
278 3068 440 3107 sacro
494 3050 752 3122 catalogo
813 3051 1087 3123 descripti
1143 3056 1284 3107 sunt
1325 3052 1601 3109 certiores
1648 3052 1811 3124 fiant,

163 3140 536 3198 securitatem
568 3156 696 3196 esse
726 3140 924 3195 datam
968 3140 1194 3196 cunctis
1225 3139 1345 3196 sive
1374 3141 1663 3215 episcOpis
1694 3141 1813 3198 sive

1937 2172 2070 2206 κατο
2097 2155 2299 2231 ψῆφον,
2333 2149 2628 2210 ἀπολαϐὼν
2684 2155 2947 2232 βουλήσει
2982 2162 3080 2213 τοῦ
3121 2157 3466 2236 κρέίττοντος
3505 2160 3596 2216 καὶ

1937 2240 2112 2318 κρίσει
2143 2242 2388 2319 ἡμετέρᾳ
2413 2245 2514 2314 τὴν
2542 2242 2779 2322 πατρίδα
2810 2248 2952 2321 ὁμοῦ
2981 2247 3071 2303 καὶ
3114 2250 3216 2318 τήν
3246 2247 3596 2321 Ἐκκλησίαν,

1938 2333 2006 2399 ἧς
2059 2330 2189 2405 θείῳ
2246 2331 2473 2406 νεύματι
2528 2335 2839 2409 προστάτης
2917 2336 3182 2414 ἐτύγχανε
3215 2384 3228 2396 .
3286 2340 3475 2414 Τούτῳ
3530 2342 3599 2397 τὰ

1936 2416 2210 2476 ἀκόλουθα
2254 2418 2361 2477 ἔδει
2412 2424 2560 2497 παρά
2604 2432 2708 2494 τῆς
2758 2426 3031 2501 ἡμετέρας
3077 2427 3303 2504 ὑπάρξαι
3353 2430 3598 2506 πρᾳότη-

1931 2528 2048 2571 τος·
2082 2508 2221 2566 ὥστε
2251 2512 2425 2567 πάντα
2452 2513 2520 2567 τά
2567 2514 2675 2590 πρὸ
2720 2513 2917 2570 τούτου
2968 2517 3105 2571 κατὰ
3150 2522 3258 2573 τῶν
3309 2518 3457 2592 αὐτῷ
3505 2541 3593 2576 κε-

1930 2599 2347 2671 κοινωνηκότων
2399 2601 2677 2677 ὡρισμένα
2726 2606 2818 2659 νῦν
2872 2605 3145 2677 ἀμνηστίᾳ
3190 2606 3592 2684 παραδοθῆναι,

1928 2688 2099 2743 πᾶσάν
2129 2710 2190 2744 τε
2236 2689 2470 2764 ὐποψίαν
2520 2692 2619 2760 τὴν
2664 2693 2781 2747 κατ’
2822 2691 2995 2748 αὐτῶν
3049 2692 3319 2770 σχολάσαι
3347 2702 3445 2753 τοῦ
3477 2696 3592 2754 λοι-

1926 2782 2055 2851 ποῦ,
2102 2780 2203 2847 τήν
2260 2777 2542 2849 ἀτέλειαν,
2589 2781 2659 2849 ἧς
2706 2776 2901 2857 ἔτυχον
2946 2779 3117 2836 πάλαι
3168 2784 3220 2837 ο⁴ι
3278 2785 3393 2858 ἅμα
3439 2786 3588 2859 αὐτῷ

1924 2864 2206 2941 κληρικοὶ,
2256 2867 2472 2930 τούτοις
2530 2863 2896 2943 βεϐαιωθῆναι
2942 2870 3355 2944 προσηκόντως.
3406 2872 3586 2929 Ἀλλὰ

1930 2957 2037 3029 μήν
2068 2956 2159 3010 καὶ
2197 2960 2358 3011 τοῦτο
2405 2959 2474 3031 τῇ
2525 2956 2600 3020 εἰς
2645 2955 2807 3013 αὐτὸν
2857 2959 3044 3034 χάριτι
3096 2963 3439 3036 προστιθέναι
3473 2960 3584 3017 ἐδι-

1922 3046 2269 3119 καιώσαμεν,
2322 3044 2459 3101 ὥστε
2505 3048 2708 3109 πάντας
2753 3046 2885 3110 τοὺς
2926 3053 3026 3104 τοῦ
3075 3050 3225 3125 ἱεροῦ
3266 3051 3584 3128 καταλόγου

1922 3135 2208 3210 γινώσκειν
2242 3132 2622 3192 ἐνδεδόσθαιτὸ
2654 3132 2858 3218 ἄφοϐον
2881 3144 3011 3193 πᾶσι
3030 3144 3149 3202 τοῖς
3180 3139 3327 3212 αὐτῷ
3357 3160 3587 3216 προστι-

165 3229 411 3301 clericis,
447 3229 547 3303 qui
581 3228 690 3302 ipsi
724 3228 1103 3285 adhaeserint.
1132 3229 1293 3285 Recti
1324 3247 1581 3303 namque
1611 3232 1811 3286 unius-

169 3320 447 3341 ---2____-_-
473 3318 751 3341 ..-Α-.--242
777 3318 1048 3341 ΖΑΔ----μ
1077 3317 1219 3341 311--.1
1250 3319 1352 3341 --Ξι
1379 3324 1782 3341 -_.____._-_.L___..

1938 3225 2196 3298 δεμένοις,
2252 3222 2359 3281 ετίτε
2406 3224 2746 3296 ἐπισκόποις,
2793 3225 2900 3282 εἷίτε
2929 3225 3242 3305 κληρικοῖς.
3289 3231 3489 3285 Ἱκανὸν
3526 3227 3585 3286 δὲ

1938 3314 2213 3341 .....⁷.---.---
2269 3320 2370 3341 _:!_
2427 3316 2647 3341 S_-!.__--_
2717 3315 2879 3341 2-D_‘9-
2940 3318 3244 3341 __---.-l__,
3298 3340 3305 3341 κ
3367 3317 3449 3341 ’1,"
3484 3340 3487 3341 ,
3554 3322 3569 3341 ι

164 3320 454 3391 cujusque
473 3318 754 3392 propositi
777 3318 1052 3375 idoneum
1077 3317 1223 3375 illud
1245 3319 1356 3375 erit
1375 3324 1813 3390 argumentum,

158 3409 212 3467 si
245 3408 557 3466 Athanasio
582 3410 827 3480 junctus
873 3408 1066 3475 fuerit,
1121 3409 1467 3482 Quicunque
1497 3409 1655 3464 enim
1687 3425 1815 3465 me-

157 3498 294 3555 liori
317 3497 543 3570 judicio
591 3501 648 3553 et
674 3501 830 3554 sorte
887 3499 1017 3568 ejus
1069 3498 1545 3555 communionem
1577 3505 1812 3572 coopta-

157 3589 295 3657 rint,
329 3588 438 3644 hos
468 3602 674 3643 omnes
705 3587 777 3643 ad
801 3586 1253 3644 similitudinem
1280 3588 1599 3661 superioris
1622 3588 1811 3662 provi—

156 3677 365 3735 dentiw
388 3677 685 3749 jussimus
718 3677 870 3733 187
907 3680 971 3731 ut
1017 3676 1202 3747 gratia
1230 3694 1264 3733 a
1295 3677 1485 3749 nobis,
1516 3678 1681 3747 juxta
1711 3678 1812 3734 Dei

152 3766 534 3834 voluntatem,
596 3766 894 3840 impertita
946 3767 1239 3823 fruantur.
1297 3767 1452 3823 Deus
1508 3784 1613 3825 vos
1670 3785 1809 3825 con-

159 3860 368 3914 servet.
660 3852 699 3881 "‘
1500 3862 1503 3865 ’

716 3945 962 4017 Epistola
987 3945 1245 4001 secunda.

227 4035 428 4093 Victor
473 4033 854 4093 Constantius
902 4033 1193 4090 Maximus
1242 4035 1543 4107 Augustus
1564 4037 1809 4093 Alexan-

158 4126 326 4182 drino
359 4125 655 4182 catholicae
685 4122 955 4180 Ecclesiae
984 4123 1219 4196 populo.

226 4217 314 4272 55.
349 4214 495 4271 Cum
517 4214 577 4270 in
602 4212 903 4287 proposito
933 4212 1104 4269 nobis
1127 4213 1204 4269 sit
1223 4217 1416 4269 vestra
1441 4212 1500 4268 in
1532 4214 1809 4272 omnibus

151 4304 579 4379 tranquillitas,
612 4308 670 4359 et
702 4302 881 4374 probe
912 4302 1171 4359 sciamus
1217 4319 1321 4359 vos
1346 4302 1445 4359 diu
1478 4301 1659 4360 fuisse
1689 4305 1809 4378 epi-

149 4394 311 4467 scopi
342 4394 518 4450 vestri
543 4392 913 4467 providentia
939 4392 1664 4461 destitutos,Athanasium
1697 4394 1813 4467 epi-

150 4500 394 4556 scopum
424 4482 618 4539 virum
663 4482 826 4556 apud
856 4496 1064 4539 omnes
1093 4481 1166 4538 ob
1197 4481 1437 4539 insitam
1470 4483 1808 4555 aequitatem

153 4587 504 4645 morumque
535 4572 885 4645 probitatem
917 4575 1143 4641 notum,
1171 4588 1408 4627 rursum
1432 4572 1502 4628 ad
1535 4589 1638 4629 vos
1669 4573 1808 4630 mit-

1926 3314 2215 3391 γνώρισμα
2268 3320 2370 3385 τῆς
2427 3316 2652 3371 ἑκάστου
2712 3315 2880 3392 ὀρθῆς
2935 3318 3308 3392 προαιρέσεως
3366 3317 3578 3390 ἔσταιή

1922 3404 2059 3480 πρὸς
2108 3409 2297 3459 τοῦτον
2346 3400 2539 3467 ἕνωσις
2573 3449 2587 3462 .
2636 3406 2795 3463 ⁸Ὀσοι
2840 3407 2945 3483 γὰρ
2995 3407 3086 3477 ἂν,
3136 3414 3240 3479 τῆς
3288 3406 3587 3472 καλλίονος

1922 3493 2063 3567 ὁμοῦ
2104 3493 2335 3571 κρίσεώς
2383 3514 2443 3548 τε
2492 3493 2584 3548 καὶ
2643 3494 2839 3572 μοίρας
2887 3496 3198 3571 γενόμενοι,
3252 3498 3353 3567 τὴν
3384 3496 3582 3553 τούτου

1920 3577 2154 3636 ἕλωνται
2185 3582 2492 3656 κοινωνίαν,
2541 3581 2768 3646 τούτους
2811 3584 3016 3647 πάντας
3066 3583 3425 3660 ἐκελεύσαμεν
3466 3587 3584 3642 καθ’
3664 3652 3667 3655 _

1923 3670 2230 3746 ὁμοιότητα
2273 3678 2375 3742 τῆς
2421 3671 2723 3750 φθανούσης
2772 3673 3034 3748 προνοίας
3078 3674 3170 3729 καὶ
3217 3679 3311 3730 νῦν
3354 3682 3457 3745 τῆς
3494 3677 3582 3754 ὑφ’

1920 3763 2081 3836 ἡμῶν
2120 3759 2382 3837 βουλήσει
2424 3765 2523 3817 τοῦ
2574 3760 2883 3837 κρείττονος
2929 3763 3364 3838 παρασχεθείσης
3414 3766 3579 3842 χάρι-

1918 3872 2012 3914 τος
2043 3849 2357 3907 ἀπολαύειν.
2391 3851 2448 3905 Ὁ
2477 3850 2606 3913 Θεὸς
2638 3850 2781 3924 ὑμᾶς
2812 3848 3169 3929 διαφυλάττοι

2466 3936 2763 4007 Ἐπιστολὴ
2792 3936 3033 4014 δευτέρα.

1992 4030 2238 4100 Νικητής
2288 4026 2657 4090 Κωνστάντιος
2709 4026 2979 4103 Μέγιστος
3013 4024 3285 4094 Σεϐαστὸς
3338 4036 3419 4105 τῷ
3462 4030 3582 4107 λαῷ

1918 4125 2021 4188 τῆς
2050 4119 2187 4173 κατὰ
2216 4113 2624 4193 Ἀλεξάνδρειαν
2651 4118 2963 4189 Καθολικῆς
2996 4117 3345 4191 Ἐκκλησίας.

1963 4210 2081 4265 ’55.
2146 4207 2362 4262 Σκοπὸν
2419 4205 2745 4280 ποιούμενοι
2800 4208 2900 4279 τήν
2964 4208 3225 4286 ὑμετέραν
3278 4210 3329 4266 έν
3383 4213 3582 4267 ἅπασιν

1922 4295 2195 4370 εὐνομίαν,
2250 4294 2453 4359 εἰδότες
2497 4318 2575 4371 τε,
2631 4297 2709 4360 ὡς
2761 4297 2849 4353 έπὶ
2896 4296 3041 4353 πολὺ
3086 4305 3190 4369 τῆς
3227 4304 3324 4355 τοῦ
3356 4301 3581 4357 ἐπισκο-

1920 4390 2153 4449 ποῦντος
2204 4385 2461 4461 προνοίας
2503 4385 2810 4464 έστέρησθε,
2863 4388 3177 4445 Ἀθανάσιον
3221 4391 3314 4445 τὸν
3353 4389 3579 4446 ἐπίσκο-

1919 4496 2044 4549 πον,
2077 4472 2241 4553 ἄνδρα
2267 4481 2386 4539 τοῖς
2413 4482 2541 4531 πᾶσι
2594 4474 2683 4532 διά
2716 4498 2777 4532 τε
2824 4478 2922 4547 τὴν
2968 4482 3274 4553 προσοῦσαν
3308 4478 3583 4556 ὀρθότητα
3678 4555 3685 4563 ⁸

1918 4564 2009 4621 καί
2066 4563 2156 4621 διὰ
2210 4566 2310 4635 τὴν
2381 4570 2489 4621 τῶν
2550 4566 2766 4622 οἷκείωο
2826 4568 2974 4637 ἠθῶν
3037 4566 3322 4644 εὐτροπίαν
3377 4570 3584 4646 γνώρι-

158 4666 281 4717 tere
311 4677 544 4733 aequum
576 4660 938 4718 censuimus.
970 4660 1137 4716 Hunc
1175 4677 1311 4717 cum
1340 4664 1530 4717 vestro
1563 4678 1724 4719 more
1754 4666 1813 4719 et

1938 4677 2024 4711 ιον
2056 4657 2188 4731 (34),
2219 4652 2384 4711 πάλιν
2412 4656 2549 4731 πρὸς
2595 4655 2738 4731 ὐμᾶς
2786 4655 3104 4712 ἀποστεῖλαι
3157 4654 3577 4734 ἐδικαιώσαμεν.

157 4755 335 4823 prout
361 4750 630 4807 convenit
657 4749 1014 4823 receperitis,
1046 4754 1491 4824 vestrarumque
1521 4752 1591 4807 ad
1623 4751 1809 4808 Deum

155 4857 400 4914 precum
432 4838 837 4897 auxiliatorem
869 4839 1312 4905 constitueritis,
1349 4841 1723 4898 concordiam
1755 4845 1814 4898 et

152 4947 359 5003 pacem
381 4932 724 5002 perpetuam
745 4928 911 4984 vobis
936 4933 1356 5000 congruentem
1379 4928 1665 5002 nobisque
1687 4948 1813 5002 gra-

151 5018 471 5087 tissimam,
498 5018 670 5089 juxta
714 5016 968 5074 ecclesia:
1015 5017 1223 5091 legem,
1266 5018 1481 5074 curetis
1531 5025 1812 5092 perpetuo

154 5107 614 5179 servare.Neque
643 5105 801 5163 enim
851 5123 956 5178 par
998 5112 1087 5164 est
1132 5107 1491 5164 discordiam
1525 5109 1680 5182 apud
1709 5126 1813 5166 vos

233 5305 345 5377 (34)
379 5304 473 5360 Hae
506 5304 653 5378 item
666 5302 1302 5378 epistolmiconstantii,
1327 5306 1480 5378 apud
1513 5307 1812 5363 Socratem

160 5374 264 5431 lib.
297 5374 339 5430 ιι
361 5379 419 5431 et
450 5377 603 5447 apud
636 5374 877 5449 Niceph.
929 5376 1241 5448 habentur,
1282 5374 1505 5434 necnon
1539 5379 1596 5434 in
1631 5380 1814 5435 Histo-

152 5449 239 5502 ria
270 5450 570 5519 tripartito.

230 5514 504 5597 (Sb-Hac
534 5519 561 5572 6
592 5515 723 5579 Θεὸς
777 5517 918 5591 ὑμᾶς
977 5514 1331 5597 διαφυλάττοι
1381 5520 1601 5577 desunt
1628 5522 1689 5577 in
1718 5526 1817 5578 So-

155 5594 338 5739 alii)
369 5659 734 5739 Epiphanius
757 5661 1122 5739 _Scholast.in
1162 5665 1407 5739 Historia
1436 5667 1572 5739 trip.
1606 5664 1813 5739 ἡμετέ-

151 5731 247 5823 ραν
275 5731 459 5809 legit;
478 5731 658 5791 habet
679 5732 837 5790 enim
863 5751 877 5793 :
910 5742 1120 5794 nostra
1164 5738 1461 5809 aequitatis.
1492 5731 1562 5796 Et
1589 5731 1676 5796 sic
1704 5736 1812 5795 ha-

1919 4749 2118 4801 Τοῦτον
2165 4746 2412 4816 συνήθως
2456 4745 2548 4801 καὶ
2594 4744 2982 4823 προσηκόντως
3034 4743 3445 4821 ὑποδεξάμενοι,
3484 4748 3576 4807 καὶ

1917 4840 2039 4898 ταῖς
2068 4835 2203 4912 πρὸς
2256 4835 2385 4891 Θεὸν
2454 4834 2643 4911 εὐχαῖς
2706 4835 2903 4910 βοηθὸν
2961 4838 3425 4910 προστησάμενοι,
3472 4838 3574 4907 τήν

1923 4925 2048 4999 ὑμῖν
2099 4946 2159 4980 τε
2202 4925 2537 5001 πρέπουσαν,
2581 4922 2671 4979 καί
2719 4926 2853 4999 ἡμῖν
2905 4924 3128 4999 ἀρίστην
3174 4924 3432 5000 ὁμόνοιαν
3481 4925 3573 4981 καὶ

1922 5013 2139 5091 εἰρήνην
2198 5015 2335 5069 κατὰ
2407 5015 2498 5070 τὸν
2555 5020 2656 5084 τῆς
2728 5011 3058 5084 Ἔκκλησίας
3123 5015 3317 5090 θεσμὸν
3375 5012 3568 5092 διαρκῆ

1922 5100 2209 5183 φυλάττειν
2258 5101 2617 5161 σπουδάσατε.
2667 5101 2804 5159 Οὐδὲ
2849 5103 2955 5181 γὰρ
3000 5101 3226 5181 εὔλογόν
3269 5104 3381 5161 ἐστι
3413 5102 3570 5181 διχό-

1923 5304 2095 5361 betur
2123 5302 2184 5358 in
2209 5302 2355 5376 edit.
2387 5304 2636 5370 Comm,,
2669 5302 2766 5376 sed
2796 5318 3001 5376 omnes
3023 5320 3190 5376 mss”
3214 5305 3354 5361 edit.
3391 5305 3571 5362 Paris.

1923 5382 1980 5432 et
2007 5373 2485 5449 Socr._6uerépuv,
2518 5377 2683 5449 etita
2710 5374 2845 5449 legit
2874 5374 3158 5449 Nannius.

1995 5447 2108 5519 (34)
2161 5446 2321 5523 Socr.
2369 5446 2457 5523 in,
2487 5446 2697 5523 ultima
2727 5446 2911 5523 _ed'it.,
2969 5447 3069 5516 τὴν
3127 5446 3328 5523 οἰκείαν
3383 5446 3571 5523 εὑτρο-

1923 5516 2049 5593 πίᾴν
2079 5516 2383 5593 γνώριμον.
2436 5519 2545 5574 Sed
2603 5518 2819 5593 rectius
2848 5516 2931 5593 in_
2954 5519 3159 5593 _veteri_
3195 5520 3296 5586 τὴν
3324 5516 3570 5593 ,θεῶνὀί-

1922 5588 2069 5644 κείαν
2094 5587 2420 5665 'mendose,
2480 5604 2612 5665 pro_
2632 5588 3052 5665 οἰκείων)-ἠθῶν
3111 5587 3398 5665 εὐτροπίαν
3429 5590 3570 5665 γνώ-

1924 5681 2106 5737 ριμον.
2139 5662 2262 5726 Quo
2288 5661 2653 5737 itemhmodo
2683 5661 2839 5737 legit
2872 5662 3079 5737 Epiph.
3108 5661 3312 5737 Schol.
3345 5661 3569 5726 tuorum

1921 5733 2027 5812 'qu'e
2051 5749 2270 5795 morum
2293 5733 2627 5811 probitatem
2654 5733 2865 5795 cunctis
2896 5733 3156 5796 ihn'otuit.
