4152 6374
341 397 458 456 349

1472 395 1866 457 APOLOGIA
1909 395 2222 456 CONTRA
2265 396 2630 460 ARIANUS.

3642 411 3766 471 350

341 525 488 581 νοιάν
521 548 642 582 τινα
671 526 705 595 ἢ
741 527 921 580 στάσιν
951 524 1002 580 ἐν
1039 525 1164 599 ὑμῖν
1199 528 1510 600 κινηθῆναι,
1537 526 1848 582 ὑπεναντίον

2135 534 2210 583 tut
2240 529 2585 586 seditionem
2617 534 2957 604 quampiam
2989 537 3230 604 moveri,
3283 539 3440 610 quod
3502 541 3760 601 alienum

339 622 440 684 τῆς
470 620 575 669 τῶν
608 613 890 688 ἡμετέρων
943 620 1146 688 καιρῶν
1200 615 1502 692 εὐμοιρίας.
1542 617 1638 672 Καὶ
1686 621 1848 672 τούτε
1901 616 1995 688 μὲν

345 705 556 759 ἀπεῖναι
608 705 696 782 ἀφ’
737 705 886 777 ὑμῶν
946 702 1228 767 παντελῶς
1288 704 1620 781 βουλόμεθα,
1652 708 1714 762 τὸ
1776 703 1832 760 δὲ
1881 709 1998 766 ταῖς

345 793 533 870 εὐχαῖς
569 794 709 868 ὑμᾶς
743 791 980 870 διαρκῶς
1032 793 1197 866 αὐτῷ,
1231 795 1306 857 ὡς
1351 794 1696 870 προείρηται,
1726 795 2002 871 προστάτῃ

343 885 434 940 καὶ
481 883 755 960 ἐπικούρῳ
807 884 1136 959 χρωμένους
1189 885 1324 960 πρὸς
1387 886 1450 940 τὸ
1518 891 1694 952 Θεῖον,
1749 884 2000 958 ἐμμένειν

347 975 594 1044 συνήθως
663 977 1073 1049 παραιυοῢμενο
1131 973 1206 1035 ὡς
1267 973 1324 1027 ἂν
1378 982 1480 1043 τῆς
1533 973 1792 1044 τοιαύτης
1851 974 2002 1046 ὑμῶν

347 1064 677 1139 προθέσεως,
727 1062 803 1125 εἷς
846 1064 942 1126 τὰς
1006 1064 1250 1117 ἁπάντων
1319 1063 1485 1139 εὐχὰς
1533 1067 1646 1136 (36)
1699 1059 2006 1118 διαϐαινού-

349 1174 472 1226 σης,
503 1152 593 1208 καὶ
622 1153 674 1207 οἱ
706 1151 764 1207 ἐκ
790 1156 898 1206 τῶν
933 1151 1094 1206 ἐθνῶν
1127 1156 1196 1226 τῇ
1244 1158 1353 1207 τῶν
1408 1150 1654 1207 εἰδώλων
1704 1151 1884 1226 πλάνῃ
1931 1151 2008 1206 ἔτι

347 1243 436 1297 καὶ
495 1247 585 1296 νῦν
645 1242 1077 1318 προσανέχοντες
1135 1240 1224 1296 ἐπὶ
1275 1243 1375 1311 τήν
1407 1249 1508 1312 τῆς
1540 1243 1690 1317 ἱερᾶς
1723 1241 2008 1318 θρησκείας

350 1331 634 1407 ἐρίγνωσιν
710 1330 1094 1406 προθυμότατα
1168 1329 1470 1403 σπεύδοιεν,
1540 1331 1840 1405 ἀγαπητοί.
1913 1329 2010 1384 Καὶ

349 1420 502 1485 αὖθις
553 1418 644 1475 οὖν
690 1425 1056 1496 παραινοῦμεν
1101 1426 1218 1483 τοῖς
1269 1421 1694 1497 προειρημένοις
1734 1420 2010 1494 ἐμμένειν,

349 1511 439 1565 τὸν
475 1507 532 1564 δὲ
564 1509 854 1566 ἐπίσκοπον
897 1512 1066 1588 ψήφῳ
1117 1515 1214 1564 τοῦ
1261 1509 1598 1584 κρείττονος,
1626 1509 1715 1564 καὶ
1767 1510 2014 1584 ἡμετέρᾳ

353 1600 550 1676 γνώμῃ
578 1597 1008 1672 ἀπεσταλμένον,
1042 1593 1222 1668 ἡδέως
1263 1599 1498 1670 δέξασθε,
1531 1599 1622 1654 καὶ
1662 1599 1807 1672 πάσῃ
1856 1601 2010 1672 ψυχῇ

357 1688 446 1742 καὶ
477 1689 671 1763 γνώμῃ
701 1688 968 1742 ἀσπαστὸν
1016 1690 1298 1763 ’ἱγήσασθε
1325 1710 1336 1722 ·
1383 1693 1544 1743 τοῦτο
1594 1689 1698 1763 γὰρ
1744 1687 1833 1742 καὶ
1886 1688 2011 1760 ὑμῖν

355 1778 571 1853 πρέπει,
620 1778 710 1832 καὶ
774 1781 842 1850 τῇ
911 1778 1153 1850 ἡμετέρᾳ
1215 1777 1484 1853 πραότητι
1553 1779 1849 1852 προσήκειν
1893 1797 2012 1830 συν-

358 1867 601 1936 έστηκεν.
634 1868 792 1943 Ὑπὲρ
823 1866 924 1942 γὰρ
955 1871 1051 1920 τοῦ
1082 1873 1252 1921 πᾶσαν
1302 1861 1571 1935 άνασοϐἧς
1623 1866 1714 1920 καὶ
1747 1869 1860 1939 (37)
1893 1867 2014 1920 στά-

364 1977 498 2018 σεως
570 1954 835 2033 πρόφασιν
885 1957 1290 2031 περιαιρεθῆναι
1339 1959 1448 2009 τῶν
1500 1952 1821 2025 ἐθελοκακίᾳ
1863 1975 2016 2031 χρω-

356 2045 546 2118 μένων,
603 2050 722 2106 τοῖς
797 2046 923 2118 παρ’
983 2045 1108 2117 ὑμῖν
1187 2042 1464 2106 δικασταῖς
1527 2041 1616 2097 διὰ
1672 2042 2016 2119 γραμμάτων

350 2134 776 2211 προσετάξαμεν,
828 2135 1064 2196 ἅπαντας
1131 2133 1224 2196 οὖς
1286 2133 1344 2188 ἂν
1407 2129 1724 2195 στασιώδεις
1775 2133 2018 2205 καταμά-

351 2225 516 2293 θοιεν,
564 2227 633 2297 τῇ
680 2227 787 2278 τῶν
833 2222 1013 2297 νόμων
1065 2215 1400 2278 ὑποϐάλλειν
1448 2221 1677 2294 ἐκδικίᾳ.
1712 2221 2022 2300 Ἀμφότεροι

359 2311 538 2368 τοίνυν
575 2317 928 2388 συνορῶντες,
961 2312 1050 2366 καὶ
1079 2315 1179 2381 τὴν
1211 2313 1476 2385 ἡμετέναν
1517 2313 1651 2384 μετὰ
1696 2316 1792 2365 τοῦ
1841 2311 2018 2384 κρείτ-

359 2417 518 2460 τονος
551 2399 804 2472 γνώμην,
835 2399 925 2452 καὶ
955 2399 1045 2453 τὸν
1080 2399 1212 2472 ὑπὲρ
1273 2399 1424 2472 ὑμῶν
1471 2399 1560 2453 καὶ
1607 2407 1708 2468 τῆς
1763 2398 2020 2472 ὁμονοίας

365 2484 556 2562 λόγον,
587 2485 677 2542 καί
707 2489 808 2556 τὴν
839 2489 976 2542 κατὰ
1003 2492 1112 2543 τῶν
1162 2489 1405 2543 ἀτάκτων
1457 2488 1751 2563 τιμωρίαν,
1784 2489 1850 2543 τὰ
1895 2489 2023 2564 πρέ-

362 2597 525 2631 τοντα
552 2577 640 2631 καὶ
674 2577 984 2653 ἁρμόζοντα
1029 2583 1108 2650 τῷ
1157 2585 1258 2648 τῆς
1305 2579 1454 2654 ἱερᾶς
1503 2577 1790 2654 θρησκείας
1841 2581 2024 2651 θεσμῷ

367 2664 819 2744 διαφυλάττοντες
868 2670 1002 2741 (38),
1054 2668 1146 2722 τὸν
1207 2669 1609 2744 προειρημένον
1680 2665 1769 2722 δια
1844 2668 2023 2737 πάσης

365 2753 552 2818 αἰδοῦς
581 2757 671 2811 καὶ
699 2759 868 2830 τιμῆς
900 2756 1145 2833 ἄγοντες,
1173 2758 1270 2820 τὰς
1321 2757 1486 2834 εὐχὰς
1537 2758 1649 2831 ἅμα
1699 2757 1844 2830 αὐτῷ
1891 2758 2022 2831 ὑπέρ

351 2868 422 2902 τε
452 2848 654 2902 ἑαυτῶν
681 2845 770 2901 καὶ
799 2854 900 2917 τῆς
932 2851 1026 2902 τοῦ
1061 2847 1183 2923 βίου
1223 2849 1424 2910 παντὸς
1476 2847 1752 2921 εὐνομίας,
1784 2851 1864 2920 τῷ
1914 2850 2021 2901 τῶν

365 2934 511 2993 ὅλων
541 2936 711 3012 Πατρὶ
742 2941 856 3008 Θεῷ
888 2937 1221 3010 ἀναπέμπειν
1253 2934 1610 2994 σπουδάσατε.

433 3029 523 3082 56.
555 3030 732 3081 Ταῦτα
768 3027 1003 3102 γράψας,
1032 3026 1280 3082 ἐκέλευσε
1326 3027 1418 3082 καὶ
1467 3028 1534 3082 τὰ
1584 3026 1847 3103 πρότερον
1899 3037 2027 3100 παρ’

364 3113 530 3171 αὑτοῦ
559 3116 832 3194 γραφέντα
860 3117 976 3170 κατ’
1009 3115 1144 3190 ἐμοῦ
1176 3117 1236 3172 ἐκ
1275 3112 1544 3187 διαϐολῆς
1592 3121 1698 3171 τῶν
1749 3116 1872 3192 περὶ
1923 3115 2024 3169 Εὐ-

365 3201 543 3260 σέϐιον
575 3205 921 3281 ἀναιρεθῆναι
955 3206 1041 3260 καὶ
1093 3207 1447 3284 ἀφανισθῆναι
1499 3205 1604 3260 ἀπὸ
1655 3210 1763 3262 τῶν
1821 3205 2022 3276 τάξεων

2047 1920 2096 1984 Β

2109 621 2199 671 est
2229 635 2262 671 a
2292 623 2623 675 nostrorum
2657 626 2988 693 temporum
3011 624 3304 682 felicitate.
3333 632 3450 684 Hoc
3473 647 3613 687 sane
3641 635 3763 688 vitii

2112 722 2146 759 a
2173 706 2336 761 vobis
2370 723 2610 776 prorsus
2633 709 2837 766 abesse
2858 713 3150 785 volumus,
3184 716 3678 792 cohortamurque
3703 728 3768 778 ut

2114 794 2214 850 illo
2248 802 2491 866 patrono
2532 798 2914 871 adjutoreque
2965 802 3024 856 in
3073 807 3369 862 consuetis
3399 809 3767 867 orationibus

2114 885 2344 955 vestris,
2380 885 2461 940 uti
2505 903 2686 958 supra
2732 889 3010 956 diximus,
3063 900 3346 965 perpetuo
3392 898 3548 968 apud
3585 903 3767 956 Deum

2117 974 2406 1041 utamini;
2448 992 2563 1047 quo
2607 977 2826 1032 scilicet
2873 980 3211 1050 hujusmodi
3250 987 3548 1058 proposito
3577 994 3770 1046 vestro

2118 1078 2187 1117 ex
2207 1063 2472 1118 omnium
2493 1065 2643 1119 votis
2666 1069 3033 1136 procedente,
3080 1073 3326 1143 gentiles
3348 1075 3430 1130 illi
3455 1078 3554 1148 qui
3584 1078 3769 1135 idolo-

2120 1169 2251 1206 rum
2275 1152 2572 1208 erroribus
2610 1155 2934 1212 etiamnum
2976 1159 3277 1229 inhaerent,
3320 1167 3392 1219 ad
3435 1183 3611 1222 sacrae
3635 1167 3769 1224 reli-

2121 1240 2312 1310 gionis
2335 1241 2751 1313 cognitionem,
2774 1245 2972 1301 dilecti
3001 1249 3135 1316 mei,
3163 1252 3414 1309 alacrius
3439 1262 3768 1327 properent.

2122 1331 2512 1394 Quamobrem
2536 1349 2636 1386 vos
2657 1331 2868 1389 iterum
2912 1352 3241 1406 monemus,
3285 1346 3350 1396 ut
3390 1342 3450 1397 in
3478 1347 3772 1415 praedictis

2123 1420 2504 1490 perseveretis
2529 1439 2543 1488 ;
2565 1422 2907 1494 episcopum
2932 1441 3064 1480 vero
3087 1429 3186 1498 qui
3227 1430 3327 1484 Dei
3351 1434 3642 1490 sententia
3666 1453 3770 1492 no-

2124 1513 2361 1580 stroque
2383 1510 2612 1566 decreto
2634 1512 2706 1566 ad
2727 1529 2827 1567 vos
2853 1513 3071 1570 missus
3103 1522 3210 1588 est,
3255 1518 3503 1576 libenter
3524 1524 3773 1596 recipia-

2124 1598 2220 1664 tis,
2244 1601 2301 1653 et
2329 1602 2450 1654 tota
2491 1600 2710 1668 anima,
2753 1606 2873 1658 tota
2918 1610 3112 1660 mente
3156 1607 3626 1680 amplectendum
3659 1616 3774 1670 exi-

2125 1688 2380 1742 stimetis
2406 1705 2418 1743 :
2451 1687 2594 1744 illud
2627 1691 2782 1745 enim
2815 1697 2871 1747 et
2900 1709 3000 1748 vos
3031 1696 3214 1762 deest,
3244 1702 3301 1752 et
3329 1698 3649 1760 clementiae
3683 1722 3782 1759 no-

2127 1781 2258 1831 stra:
2287 1779 2594 1834 convenire
2617 1785 2864 1836 constat.
2890 1783 3034 1838 Nam
3073 1790 3136 1840 ut
3167 1789 3358 1844 omnis
3391 1794 3782 1862 perturbatio-

2126 1866 2220 1922 nis
2275 1872 2333 1922 et
2393 1868 2704 1924 seditionis
2762 1873 2986 1928 occasio
3060 1875 3371 1934 malitiosis
3441 1879 3783 1939 hominibus

2127 1957 2446 2024 auferatur,
2473 1957 2778 2028 judicibus
2810 1961 2909 2032 qui
2940 1965 3094 2034 apud
3127 1982 3227 2020 vos
3259 1973 3398 2022 sunt
3428 1967 3640 2026 litteris
3674 1989 3783 2027 no-

2130 2045 2270 2101 stris
2329 2047 2737 2118 praecepimus,
2795 2055 2859 2104 ut
2929 2057 3215 2124 quotquot
3287 2057 3598 2116 seditiosos
3653 2078 3784 2118 esse

2129 2136 2538 2207 compererint,
2573 2137 2768 2208 legum
2811 2141 3128 2211 subjiciant
3177 2143 3400 2200 ultioni.
3457 2147 3784 2222 Utrumque

2131 2225 2311 2296 igitur
2341 2243 2454 2297 pro:
2487 2226 2671 2281 oculis
2719 2227 3023 2300 habentes,
3077 2249 3209 2286 cum
3269 2240 3530 2291 nostram
3566 2239 3799 2311 Deique

2133 2314 2502 2382 sententiam,
2533 2319 2655 2369 tum
2685 2332 2884 2370 curam
2908 2319 3416 2394 vestrivestrteque
3433 2328 3780 2393 concordiae,

2136 2419 2356 2456 necnon
2383 2419 2615 2473 poenam
2638 2403 2922 2474 improbis
2943 2409 3364 2480 constitutam;
3393 2413 3525 2468 date
3547 2431 3784 2487 Operam

2134 2496 2198 2546 ut
2219 2509 2347 2562 quas
2369 2497 2509 2546 sunt
2531 2509 2707 2548 sacrae
2731 2493 3026 2566 religionis
3059 2496 3286 2570 legibus
3325 2517 3583 2574 congrua
3602 2510 3659 2559 et
3688 2523 3783 2561 ae-

2133 2581 2503 2636 eommodata
2525 2583 2942 2651 custodientes,
2967 2603 3146 2658 supra
3167 2589 3389 2646 dictum
3410 2592 3598 2649 virum
3622 2595 3783 2650 omni

2135 2671 2454 2726 reverentia
2474 2677 2530 2726 et
2550 2671 2768 2728 honore
2791 2677 3251 2746 prosequamini,
3286 2686 3626 2754 vestrasque
3648 2701 3775 2755 pre-

2134 2776 2228 2815 ces
2252 2777 2369 2815 una
2391 2777 2522 2816 cum
2552 2759 2671 2828 illo,
2698 2780 2802 2834 pro
2822 2765 2986 2820 vobis
3016 2772 3073 2821 et
3115 2784 3218 2839 pro
3258 2774 3416 2825 recta
3452 2772 3634 2829 totius
3657 2774 3782 2828 vita:

2134 2849 2522 2919 institutione,
2548 2851 2956 2910 universorum
2982 2855 3134 2911 Patri
3170 2859 3279 2914 Deo
3314 2860 3521 2917 oli'erre
3543 2865 3781 2920 curetis.

2205 3032 2296 3086 56.
2330 3031 2460 3087 Haec
2492 3049 2625 3089 cum
2657 3034 3011 3106 scripsisset,
3037 3037 3225 3107 jussit
3255 3055 3617 3114 quacunque
3647 3060 3679 3098 a
3700 3061 3785 3113 se,

2136 3121 2368 3176 Eusebii
2414 3120 2727 3179 calumniis
2771 3123 3030 3190 inducto,
3081 3127 3391 3184 adversum
3443 3147 3535 3187 me
3563 3132 3787 3188 dudum

2136 3211 2353 3282 scripta
2383 3217 2598 3279 essent,
2633 3213 2899 3285 abrogari
2941 3219 2997 3270 et
3027 3231 3095 3270 ex
3148 3220 3587 3276 commentariis
3618 3221 3787 3278 ducis

362 3299 459 3349 τοῦ
488 3315 547 3348 τε
576 3291 769 3356 δουκὸς
793 3293 882 3348 καὶ
911 3299 1009 3350 τοῦ
1042 3293 1285 3372 ἐπάρχου
1315 3303 1416 3366 τῆς
1449 3293 1730 3370 Αἰγύπτου
1761 3295 1898 3367 (39),
1929 3292 2019 3348 καὶ

2136 3305 2192 3356 et
2221 3301 2476 3372 praefecti
2525 3303 2754 3375 Egypti
2804 3303 3062 3374 aboleri;
3115 3306 3454 3380 missusque
3502 3310 3788 3367 Eusebius

366 3381 691 3446 ἀποσταλεὶς
736 3379 997 3447 Εὐσέϐιος
1046 3386 1074 3439 ὁ
1126 3383 1444 3460 δεκουρίων,
1491 3379 1684 3438 ἔλαϐεν
1735 3383 1870 3438 αὐτα
1919 3382 2024 3438 ἀπὸ

360 3475 471 3527 τῶν
501 3473 725 3546 τάξεων,
757 3473 846 3528 καὶ
879 3469 988 3528 ἔστι
1019 3475 1086 3528 τὰ
1112 3475 1382 3553 γραφέντα
1411 3478 1580 3529 ταῦτα
1605 3495 1618 3508 ο

481 3626 593 3699 (40)
625 3629 922 3679 ΝΙΚΗΤΗΣ
964 3631 1439 3680 ΚΩΝΣΤΑΝΤΙΟΣ
1481 3627 1888 3681 ΑΥΓΟΥΣΤΟΣ

1012 3703 1366 3776 ΝΕΣΤΟΡΙῼ.

356 3808 448 3877 Τῷ
507 3800 563 3858 δὲ
612 3803 758 3876 αὐτῷ
807 3802 984 3877 τύπῳ,
1015 3803 1105 3859 καὶ
1152 3810 1271 3866 τοῖς
1322 3803 1374 3859 ἐν
1428 3804 1504 3859 At}
1549 3802 1882 3878 ουσταμνίγῃ
1931 3802 2021 3858 καὶ

718 3871 952 3933 Θηϐαίδι
977 3877 1068 3931 καὶ
1102 3872 1328 3933 Λιϐύαις
1361 3824 1648 3933 ἡγεμόσιν.

718 3871 1068 3947 Θηϐαίδικαὶ
1102 3872 1328 3940 Λιϐύαις
1361 3871 1648 3954 ἡγεμόσιν.

429 4015 500 4064 Ei
525 4009 579 4064 τί
606 4029 738 4065 ποτε
766 4011 874 4086 πρὸ
915 4008 1112 4066 τούτου
1166 4009 1255 4065 ἐπὶ
1319 4005 1499 4086 βλάϐῃ
1551 4009 1642 4064 καὶ
1703 4005 1855 4086 ὕϐρει
1912 4012 2020 4063 τῶν
2090 4079 2098 4084 _

347 4097 768 4156 κοινωνούντων
818 4101 1119 4173 ’Δθανασίῳ
1181 4105 1266 4172 τῷ
1338 4099 1618 4173 ἐπισκόπῳ
1687 4099 2024 4176 προσταχθὲν

347 4187 680 4264 εὑρίσκεται,
709 4193 877 4244 ταῦτα
927 4194 1017 4244 νῦν
1073 4192 1186 4262 (41)
1222 4188 1623 4268 ἀπαλειφθῆναι
1689 4188 2020 4264 βουλόμεθα.

347 4278 459 4334 Καὶ
492 4278 598 4352 γὰρ
628 4277 718 4331 καὶ
768 4279 866 4347 τὴν
921 4275 1399 4354 ἀλειτουργησίαν,
1435 4280 1500 4348 ἣν
1560 4279 1707 4354 εἶχον
1761 4280 1811 4334 οἱ
1861 4279 2024 4334 αὐτοῦ

347 4366 640 4443 κληρικοὶ,
667 4366 796 4429 τοὺς
829 4365 1024 4429 αὐτοὺς
1056 4368 1223 4422 πάλιν
1257 4371 1356 4437 τήν
1385 4368 1552 4438 αὐτὴν
1580 4366 1811 4442 θέλομεν
1855 4366 2022 4445 ἔχειν.

345 4457 566 4526 Ταύτην
602 4452 660 4510 δὲ
686 4457 786 4526 τήν
835 4457 1104 4530 ἡμετέραν
1154 4457 1446 4533 πρόσταξιν
1500 4455 1844 4536 φυλαχθῆναι
1896 4459 2024 4533 βου-

350 4546 574 4622 λόμεθα
603 4544 762 4617 ὥστε,
797 4543 1168 4608 ἀποδοθέντος
1207 4546 1526 4603 Ἀθαοασίου
1583 4552 1680 4601 τοῦ
1728 4547 2026 4602 ἐπισκόπου
2056 4566 2104 4632 D

347 4642 421 4712 τῇ
455 4633 778 4706 Ἐκκλησίᾳ,
803 4634 934 4698 τοὺς
957 4639 1351 4698 κοινωνοῦντας
1384 4635 1532 4708 αὐτῷ
1569 4632 1718 4711 ἔχειν
1751 4637 1850 4706 τὴν
1884 4633 2028 4690 ἀλει-

448 4835 547 4898 35)
578 4833 763 4900 Socr.,
798 4832 1137 4890 ὑπεναντίαν.

448 4836 547 4898 35)
578 4836 763 4900 Socr.,
798 4836 1137 4890 ὑπεναντίαν.

425 4836 547 4980 (86)
576 4904 846 4980 Yalesius
877 4905 1190 4980 legendum
1213 4906 1518 4980 existimat
1548 4901 1622 4965 εἷς
1653 4904 1749 4966 τὰς
1771 4903 2019 4980 ἀπάντων

353 4975 554 5036 ἀκοάς.
588 4975 701 5030 Sed
732 4975 1098 5034 omnes'cum
1158 4979 1322 5045 editi,
1383 4983 1509 5032 tum
1539 4993 1683 5032 mss.
1716 4979 2022 5034 Athanasii

352 5054 415 5123 et
475 5047 753 5123 Socratis,
811 5047 984 5123 aiax};
1034 5050 1270 5123 habent,
1329 5066 1460 5123 nec,
1483 5065 1744 5123 necesse
1795 5049 2025 5105 videtur

353 5118 534 5192 ἀκοάς
564 5118 798 5192 legere;
825 5118 1372 5192 Epiphaniuscerte
1429 5119 1622 5192 Schol.
1674 5121 1744 5176 ad
1772 5125 2023 5177 omnium

349 5197 484 5250 vota
522 5188 717 5264 habet,
749 5188 970 5264 Mox—11ft
1000 5197 1106 5245 τῶν
1141 5190 1400 5264 εἰδώλων
1419 5188 1618 5264 πλάνῃ·
1643 5192 1735 5247 Sic
1755 5193 2022 5249 Socrates

353 5271 420 5347 et
449 5264 596 5347 Reg.
620 5262 809 5347 delet?
831 5283 862 5316 σ
881 5262 1046 5347 prius
1067 5266 1276 5347 posito.
1305 5263 1453 5347 Editi
1484 5262 1618 5347 vero
1646 5264 1844 5347 minus
1869 5271 2024 5347 recte

349 5342 458 5406 τῆς
492 5329 603 5388 τῶν
639 5329 1151 5410 είδώλκωνίπλάνῆς.
1184 5335 1366 5410 Paulo
1398 5339 1548 5407 post,
1571 5334 1718 5404 loco,
1748 5334 2023 5410 ἀγαπητοί

351 5402 646 5484 Sbcfgteg
664 5402 1039 5481 ’Δλεξανδρεῖς
1078 5402 1556 5484 προσφιλέστατοι.

434 5479 554 5550 (37)
611 5473 817 5550 Socr,
856 5473 1026 5532 πᾶσαν
1089 5473 1359 5546 ἀνασόϐἠν
1414 5475 1526 5531 καί.
1586 5477 1718 5533 Mox
1774 5483 1930 5534 Socr.
1967 5483 2024 5534 et

358 5551 510 5640 Res
533 5551 970 5640 περιαιρεθῆναι
1004 5551 1163 5640 Edﬁti.
1206 5550 1859 5640 F‘P°°.‘f?f‘li“iz?§“l9
1893 5554 2026 5640 9.09?

359 5569 510 5640 nea.
544 5569 970 5678 neptazgeunvut.
1004 5569 1158 5607 nam
1206 5569 1643 5679 πεὲοαιρεθηναιο
1680 5569 1859 5606 t’aUlO
1893 5569 2024 5622 ροει

354 5639 473 5708 παρ
526 5617 708 5708 ὑμῖνκ
758 5623 1104 5708 ic‘Soeru'et
1124 5623 1267 5708 Epip
1319 5664 1331 5678 .
1355 5620 1572 5708 gchol”
1599 5621 1743 5708 apud
1765 5638 1875 5678 vos.
1901 5623 2024 5708 Quo

354 5692 511 5772 item
575 5692 749 5748 mbdo
804 5693 949 5768 legit
997 5692 1284 5754 Nannius.
1359 5692 1513 5751 Editi
1586 5692 1646 5750 et
1699 5693 1822 5768 Reg
1896 5692 2024 5772 παρ’

353 5766 528 5844 ἡμῖν,
560 5766 888 5838 perperam}

2136 3391 2373 3446 decurio
2399 3408 2467 3447 ea
2497 3392 2719 3448 abrasit
2739 3409 2806 3448 ex
2826 3393 3070 3449 tabulis.
3097 3395 3465 3469 Rescriptum
3490 3405 3683 3456 autem
3701 3401 3787 3458 sic

2135 3480 2351 3536 habet:

2294 3615 2448 3672 138
2493 3616 2740 3673 VICTOR
3285 3622 3626 3681 AUGUSTUS

2133 3814 2204 3868 Ac
2232 3815 2332 3869 sub
2385 3813 2572 3870 eadem
2624 3817 2827 3895 forum,
2886 3818 3361 3895 Augustamnica,
3423 3821 3709 3895 Wbaz‘dis
3739 3828 3790 3879 et

2641 3886 2949 3958 Libyarum
2971 3886 3275 3960 prgfectis.

2205 4002 2264 4057 Si
2286 4003 2426 4074 quid
2455 4001 2738 4058 hactenus
2760 4003 2830 4058 ad
2854 4003 3137 4061 damnum
3173 4007 3658 4066 contumeliamve
3687 4027 3790 4067 eo-

2136 4109 2266 4147 rum
2291 4092 2388 4163 qui
2413 4108 2546 4147 cum
2570 4092 2888 4148 Athanasio
2901 4093 3172 4167 episcopo
3186 4098 3789 4170 communicaverunt,

2136 4182 2434 4238 decretum
2467 4186 2758 4253 repertum
2793 4182 2988 4252 fuerit,
3021 4184 3080 4238 id
3103 4185 3230 4254 jam
3280 4186 3553 4244 volumus
3585 4189 3786 4245 deleri.

2137 4270 2326 4326 Placet
2346 4269 2501 4325 enim
2525 4287 2704 4342 quam
2727 4270 3162 4328 immunitatem
3181 4276 3427 4332 antehac
3441 4278 3571 4348 ejus
3589 4277 3785 4334 clerici

2136 4359 2489 4431 habuerunt,
2531 4364 2596 4414 ut
2641 4361 2843 4415 eadem
2879 4362 3091 4417 iterum
3123 4363 3413 4420 fruantur.
3442 4366 3559 4423 Hoc
3590 4373 3788 4425 autem

2137 4455 2404 4504 nostrum
2445 4450 2744 4505 decretum
2785 4451 3101 4518 observari,
3131 4454 3415 4524 jubemus
3443 4460 3507 4510 ut
3533 4456 3790 4512 Athana-

2137 4539 2222 4595 sio
2254 4537 2522 4594 Ecelesize
2553 4555 2675 4594 sum
2705 4538 3000 4606 restituto,
3028 4541 3128 4612 qui
3177 4558 3311 4598 cum
3363 4559 3428 4599 eo
3457 4546 3788 4600 communi-

2137 4633 2275 4684 cant
2292 4629 2495 4685 eadem
2517 4629 2814 4700 gaudeant
2836 4629 3208 4686 immunitate
3231 4649 3408 4705 quam
3433 4650 3666 4706 semper
3689 4633 3789 4691 ha-

2468 4827 2606 4906 Beg.
2641 4831 2697 4906 et
2717 4828 2886 4906 βοῦν.
2910 4827 3226 4906 Editivero
3258 4826 3637 4906 φυλάττοντες.

2346 4899 2439 4953 Sic
2472 4895 2614 4970 Reg.
2657 4899 2803 4953 Editi
2834 4895 2924 4974 καί
2954 4895 3584 4974 Αἰγύπτου,’1116ῐ](1086.

2203 4972 2316 5041 (40)
2377 4975 2711 5045 ῌρςηαηῐο
2767 4971 3076 5045 epistolam
3138 4972 3312 5045 habet
3367 4973 3629 5045 ἑρμηνεία
3657 4974 3784 5028 τού-

2130 5062 2260 5124 των,
2296 5041 2514 5130 quibus
2545 5041 2740 5130 innuit
2767 5041 2916 5130 hanc
2947 5043 3256 5130 epistolam
3289 5041 3505 5130 .Latin‘e’
3527 5047 3786 5130 primum

2133 5116 2412 5201 scriptam
2447 5114 2638 5201 Graece
2641 5114 2844 5201 “fuisse
2866 5116 3231 5201 translatam.
3257 5122 3383 5201 ox
3404 5114 3543 5173 editi
3565 5123 3784 5201 ethReg.

2131 5183 2603 5261 Αὔγουσταμνίκῃ.
2639 5185 2931 5261 Quoitem
2965 5188 3137 5261 modo
3188 5189 3404 5261 legitur
3429 5190 3580 5258 apud
3613 5183 3786 5261 Codi-

2133 5257 2276 5313 num
2310 5258 2380 5312 de
2413 5257 2924 5348 patriarebatibus.
2959 5258 3121 5348 Alias
3165 5257 3318 5332 apud
3351 5257 3640 5348 auctores,
3662 5259 3782 5348 ΔΑὐ-

2133 5326 2522 5404 γο,,στομνίκῃο
2571 5326 3001 5404 Αὐγουρςτογίκη,
3057 5326 3456 5404 Αὐγουστανίκη
3499 5326 3784 5404 scriptum

2133 5399 2404 5476 habetur.
2435 5399 2912 5476 Q’umnap'pellatio
2935 5407 2991 5457 et
3015 5399 3262 5474 Augusti
3286 5399 3525 5460 victoria
3547 5399 3780 5476 petitur.

2135 5475 2263 5528 Mox
2293 5464 2677 5543 ΒοοτξΛιϐύῄ.

2206 5545 2318 5615 (41)
2357 5545 2571 5618 _SOC_I‘.,__
2602 5542 2842 5618 πραχθὲν
2882 5543 3217 5618 εὑρίσκεται,
3270 5548 3430 5598 τοῦτο
3486 5549 3596 5601 νῖν.
3631 5546 3786 5618 infra

2135 5611 2374 5671 idem-oi
2413 5611 2575 5666 αὐτοῦ
2604 5611 2934 5686 ,κληρικοίλ
2959 5611 3212 5671 'rectius'
3245 5634 3423 5686 quam
3481 5617 3787 5673 Athanasii

2135 5687 2272 5761 editi
2304 5691 2362 5742 et
2390 5701 2532 5761 mss.
2565 5684 2620 5761 οἱ
2677 5683 2829 5761 αὐτοὶ
2887 5683 3168 5761 κληρικοί.
3232 5683 3453 5761 Ibidem
3502 5691 3658 5761 Socr.
3684 5688 3782 5761 τὴν

2134 5757 2302 5834 αὐτὴν
2332 5755 2501 5814 πάλιν
2525 5752 2758 5834 θέλομεν
2789 5753 2956 5835 ἔχειν,
2984 5752 3210 5821 omisso
3238 5757 3366 5827 τοὺς
3387 5758 3611 5829 αὐτούς.
