4152 6386
305 397 417 458 351

849 393 912 454 S.
962 385 1388 452 ATllANASII
1432 383 1607 446 OPP.
1650 376 1855 440 PARS
1899 372 2059 434 1.-
2091 369 2509 432 HISTORICA
2552 370 2654 431 ET
2699 367 3178 432 DOGMATICA.

3607 371 3729 433 352

309 527 508 595 buere,
546 529 604 582 et
632 542 748 597 qua
776 523 966 580 caeteri
999 523 1274 578 fruuntur
1323 517 1554 586 clerici;
1609 519 1674 571 ut
1702 511 1958 583 idipsum

2079 500 2426 577 τουργησίαν,
2459 505 2526 571 ἢν
2559 501 2638 557 ἀεὶ
2681 502 2849 578 εἶχον,
2880 502 2947 571 ἢν
2993 502 3082 557 καὶ
3132 502 3185 555 οἱ
3232 498 3421 556 λοιποὶ
3469 503 3732 579 κΛηρικοὶ

309 616 602 673 consecuti
630 615 942 688 gaudeant.

380 707 470 761 57.
503 706 596 761 Sic
618 705 797 778 igitur
819 702 1120 767 dimissus,
1153 702 1292 756 dum
1317 698 1543 772 Syriam
1569 705 1962 768 peragrarem,

312 795 619 868 episcopos
641 793 960 849 Palaestinis
987 791 1223 858 offendi,
1250 790 1350 862 qui
1389 787 1612 860 synodo
1638 778 1966 850 Hierosolyo

313 885 428 940 mis
461 888 660 940 coacta
690 900 796 938 nos
850 880 1292 955 perhumaniter
1336 877 1707 949 exceperunt,
1745 877 1804 926 et
1831 885 1966 924 cum

311 989 452 1047 pace
483 973 872 1029 dimiserunt:
906 971 1059 1028 datis
1091 972 1162 1027 ad
1207 968 1526 1025 Ecclesium
1572 970 1630 1022 et
1659 962 1966 1035 episcopos

310 1063 522 1120 litteris
561 1062 926 1134 hujusmodi.

827 1255 1090 1314 SANCTA
1130 1253 1452 1311 SYNODUS.

315 1366 714 1438 Hierosolymis
749 1371 1100 1435 congregata,
1132 1361 1384 1438 omnibus
1405 1357 1655 1438 ..Ἐρμρεί
1684 1359 1735 1437 et
1771 1352 1968 1423 Libya-

384 1455 513 1494 rum
535 1430 967 1508 comministrz's,
996 1450 1065 1508 ac
1107 1433 1462 1508 presbyteris,
1482 1502 1490 1508 _
1511 1430 1971 1508 dz'aconistpopu-

385 1511 540 1581 taque
570 1499 948 1574 Alexandria,
973 1499 1187 1581 dilectis
1239 1499 1291 1560 εἰ
1339 1499 1822 1558 desz'deratissimz's
1849 1501 1968 1566 [ra-

388 1579 569 1637 trib-u:
597 1583 652 1636 in
685 1581 915 1636 Domino
939 1579 1193 1633 salutem.

383 1759 604 1832 Dignas
635 1759 1042 1815 universorum
1076 1756 1192 1812 Deo
1239 1753 1458 1827 gratias
1504 1766 1675 1823 agere
1723 1764 1836 1803 non
1869 1764 1966 1800 va-

2077 586 2320 667 ἔχουσιν,
2346 589 2441 661 ἵν’,
2471 590 2644 654 οὕτως
2677 588 2894 667 ἔχοντες
2925 589 3015 646 xui
3047 590 3220 663 αὐτοὶ,
3252 591 3546 667 χαίρωσιν.

2145 683 2234 737 57.
2285 680 2667 759 Προπεμφθεὶς
2730 680 2872 736 οὕτω
2922 681 3010 736 xui
3062 677 3420 757 διερχόμενος
3473 683 3574 751 τήν
3627 689 3736 738 Συ-

2077 768 2217 847 ρίαν,
2252 771 2542 846 συνέτυχον
2590 775 2707 832 τοῖς
2763 771 2897 844 μετᾶ
2941 772 3041 840 τήν
3092 767 3460 839 Παλαιστίνην
3513 770 3731 827 ἐπισκό-

2074 879 2200 920 ποις
2415 858 2505 912 καὶ
2569 855 2792 914 σύνοδον
2848 861 3174 930 ποιήσαντες
3234 857 3286 913 έν
3343 857 3729 935 Ἰερουσαλήμ,

2074 945 2315 1023 γνησίως
2365 949 2516 1020 ἡμᾶς
2571 944 2914 1020 ἀπεδέξαντο,
2961 947 3051 1002 καὶ
3119 947 3271 1002 αὐτοὶ
3342 949 3456 1021 μετ’
3506 947 3732 1024 εἰρήνης

2073 1037 2449 1111 προέπεμψαν,
2506 1036 2596 1091 καὶ
2646 1034 2877 1113 ἔγραψαν
2937 1037 3074 1112 πρὸς
3130 1038 3229 1106 τὴν
3261 1034 3584 1107 Ἐκκλησίαν
3640 1039 3730 1093 καὶ

2073 1125 2203 1188 τοὺς
2234 1123 2563 1189 ἐπισκόπους
2591 1130 2778 1183 ταῦτα.

2602 1275 2646 1324 Η
2685 1273 2846 1326 ΑΓΙΑ
2889 1270 3201 1326 ΣΥΝΟΔΟΣ

2075 1359 2137 1414 Ἡ
2196 1357 2246 1435 έν
2307 1356 2713 1435 Ἱεροσολύμοις
2791 1360 3134 1435 συναχθεῖσα,
3194 1363 3310 1422 τοῖς
3357 1357 3408 1435 ἐν
3467 1359 3730 1435 Αἰγύπτῳ

2146 1431 2236 1506 κα)
2288 1425 2546 1506 ,Λιβύςζις
2591 1425 2714 1502 ’(43)
2768 1425 3248 1506 ςυλλέὶτουργοῖς,
3289 1431 3434 1506 ,καὶῃ
3477 1425 3596 1494 τοῖς
3677 1425 3728 1506 ἐν

2150 1499 2530 1578 ξΑλεξανδρείᾳ
2611 1497 3007 1578 ⁷πρεσϐυτέροις
3047 1497 3188 1578 Α’καὶ
3238 1497 3583 1578 ᾇδιακόνοις-
3640 1505 3732 1559 καὶ

2148 1570 2690 1652 }u@,_&'~(u11g10‘£};
2783 1570 2901 1628 xui'
2966 1574 3370 1636 ποθεινοτάτοις
3473 1572 3730 1652 ἀδελφοῖς

2149 1643 2201 1699 ἐν
2232 1643 2414 1720 κυρίῳ
2433 1643 2678 1721 ⁷χαίρειν.

2149 1752 2276 1806 Κατ’
2333 1751 2477 1822 ἀξίαν
2535 1757 2614 1824 τῷ
2668 1755 2777 1806 τῶν
2834 1750 2980 1807 ὅλων
3039 1756 3154 1824 Θεῷ
3210 1750 3554 1829 σύχαριστεῖν
3631 1752 3733 1809 οὐκ

303 1850 521 1917 lemus,
555 1847 774 1919 dilecti,
806 1849 878 1904 de
921 1845 1224 1902 miraculis
1253 1860 1382 1915 quae
1434 1841 1654 1912 ubique
1686 1841 1958 1946 operatus

2081 1842 2371 1917 ἀρκοῦμεν,
2430 1840 2720 1917 ἀγαπητοί,
2799 1840 2877 1920 ἐφ’
2949 1843 3028 1903 οἷς
3109 1841 3428 1914 θαυμασίοις
3506 1840 3732 1914 ἐποίησε

2134 1930 2143 1946 ν
2363 1930 2376 1946 ,
2469 1930 2479 1946 ι
2615 1928 2657 1946 ρ..
2781 1930 2794 1946 ς
2877 1935 2904 1945 ..
3102 1931 3115 1946 .
3208 1933 3235 1942 η
3323 1931 3336 1946 .
3471 1931 3479 1946 .
3607 1932 3664 1946 .-

305 1946 413 2004 est,
446 1942 502 1994 et
523 1938 651 2009 jam
701 1937 1077 2010 potissimum
1126 1950 1265 2006 erga
1311 1935 1564 1987 vestram
1618 1925 1962 1990 Ecclesiam,

305 2027 540 2101 quando
577 2030 871 2099 pastorem
905 2029 961 2079 et
992 2023 1302 2094 Dominum
1346 2023 1607 2075 vestrum
1659 2013 1964 2071 commini-

305 2123 614 2187 strumque
636 2120 903 2170 nostrum
929 2111 1316 2168 Athanasium
1331 2107 1496 2164 vobis
1523 2105 1798 2163 restituit.
1823 2101 1964 2166 Quis

304 2205 460 2262 enim
496 2204 750 2277 speravit
779 2219 1042 2274 unquam
1074 2218 1140 2256 ea
1169 2217 1232 2256 se
1280 2197 1465 2254 oculis
1511 2196 1798 2259 visurum,
1833 2208 1962 2263 qua:

297 2295 424 2366 jam
445 2311 547 2349 vos
573 2293 766 2364 reipsa
804 2289 1280 2362 consequimini?
1318 2289 1485 2343 Certe
1528 2301 1728 2359 preces
1758 2288 1962 2337 vestras

304 2384 584 2439 exauditae
616 2391 752 2438 sunt
783 2399 817 2437 a
847 2397 1040 2437 rerum
1072 2378 1338 2435 omnium
1364 2382 1496 2442 Deo,
1523 2373 1622 2448 qui
1647 2370 1962 2428 Ecclesium

304 2477 473 2529 curat
494 2489 686 2540 suam,
711 2470 811 2544 qui
852 2476 1076 2525 vestras
1116 2467 1406 2540 lacrymas
1457 2462 1693 2535 respicit
1715 2465 1965 2516 vestros-

303 2579 418 2634 que
448 2561 740 2634 gemitus;
784 2559 1033 2630 ideoque
1077 2563 1304 2613 vestras
1354 2552 1650 2610 exaudivit
1697 2552 1962 2606 obsecra-

303 2651 516 2706 tiones.
542 2649 732 2704 Eratis
755 2648 910 2704 enim
946 2647 1133 2703 instar
1170 2647 1366 2702 ovium
1408 2644 1767 2714 abjectarum
1790 2655 1959 2694 vexa-

305 2744 619 2810 tarumque
645 2755 747 2794 nec
773 2737 1112 2794 habentium
1157 2739 1447 2808 pastorem
1476 2751 1488 2788 :
1528 2731 1742 2786 idcirco
1764 2729 1834 2785 ad
1858 2745 1959 2783 vos

307 2830 379 2884 de
401 2828 543 2884 caelo
567 2828 820 2899 respexit
840 2844 1011 2882 verus
1058 2831 1274 2898 pastor,
1321 2823 1420 2895 qui
1468 2838 1709 2878 suarum
1760 2818 1956 2874 ovium

303 2916 762 2974 sollicitudinem
794 2917 963 2989 gerit,
997 2916 1306 2986 virumque
1337 2911 1500 2968 vobis
1541 2909 1798 2966 restituit
1829 2925 1958 2980 per-

303 3005 764 3080 optatissimum.
790 3006 932 3061 Ecce
958 3004 1112 3060 enim
1141 3021 1244 3058 nos
1268 3003 1368 3076 qui
1393 2999 1956 3056 nihilecclesiasticze

302 3097 466 3170 pacis
497 3113 673 3152 causa
712 3112 827 3151 non
858 3095 1114 3168 agimus,
1163 3093 1380 3164 quippe
1424 3106 1558 3146 cum
1589 3093 1784 3144 vestra
1814 3085 1955 3141 dile-

303 3186 496 3242 ctione
527 3185 956 3257 conspiramus,
984 3183 1208 3256 priores
1240 3182 1404 3237 illum
1440 3177 1690 3250 amplexi
1721 3192 1951 3242 sumus,

2075 1930 2324 1999 πάντοτε,
2359 1930 2583 2000 ἐποίησε
2611 1928 2668 1985 δὲ
2707 1930 2797 1985 καὶ
2847 1935 2936 1985 νῦν
2993 1931 3125 2002 μετὰ
3165 1933 3263 1999 τῆς
3318 1931 3578 2009 ὑμετέρας
3607 1932 3729 1988 Ἐκ-

2075 2017 2327 2091 κλησίας,
2371 2020 2462 2075 τὸν
2509 2019 2740 2092 ποιμένα
2790 2020 2941 2093 ὑμῶν
2987 2019 3076 2073 καὶ
3125 2018 3334 2094 κύριον,
3366 2021 3456 2074 καὶ
3513 2018 3732 2076 συλλει-

2073 2109 2298 2185 τσυργὸν
2353 2111 2511 2181 ἡμῶν
2573 2109 2887 2162 Ἀθανάσιον
2970 2105 3206 2170 ἀποδοὺς
3269 2109 3417 2181 ὑμῖν.
3476 2109 3566 2172 Τίς
3624 2112 3728 2186 γὰρ

2072 2196 2277 2267 ⁶ἤλπισέ
2307 2219 2440 2252 ποτε
2467 2202 2635 2252 ταῦτα
2668 2195 2978 2275 ὀφθαλμοῖς
3014 2194 3166 2267 ἰδεῖν,
3201 2196 3234 2250 ἃ
3262 2202 3352 2251 νῦν
3387 2198 3542 2272 ὑμεῖς
3582 2197 3728 2276 ἔργῳ

2074 2284 2527 2360 ἀπολαμϐάνετες
2593 2285 2846 2358 Ἀληθῶς
2895 2289 3007 2361 (44)
3065 2288 3120 2340 αἱ
3194 2287 3497 2364 προσευχαὶ
3577 2289 3725 2362 ὑμῶν

2073 2376 2497 2448 εἰσηκούσθησαν
2531 2377 2678 2452 παρά
2711 2380 2790 2448 τῷ
2817 2380 2925 2430 τῶν
2959 2373 3103 2430 ὅλων
3138 2380 3276 2448 Θεῷ,
3308 2380 3388 2449 τῷ
3434 2374 3727 2451 κηδομένῳ

2069 2469 2170 2535 τῆς
2199 2467 2390 2521 ἑαυτοῦ
2423 2465 2746 2536 Ἐκκλησίας
2779 2465 2869 2520 καὶ
2905 2463 3143 2520 ἐπιδόντι
3195 2467 3345 2538 ὑμῶν
3398 2467 3465 2520 τὰ
3523 2463 3726 2544 δάκρυα

2070 2555 2160 2608 καὶ
2190 2555 2318 2618 τοὺς
2348 2553 2644 2632 ὀδυρμοὺς,
2676 2554 2766 2609 καὶ
2799 2552 2888 2609 δια
2915 2559 3077 2609 τοῦτο
3124 2559 3232 2609 τῶν
3285 2552 3520 2626 δεήσεων
3571 2558 3722 2628 ὑμῶν

2072 2644 2447 2700 ἐπακούσαντι.
2502 2647 2632 2700 Ἦτε
2685 2645 2785 2720 γὰρ
2841 2644 2917 2706 ὡς
2973 2639 3219 2720 πρόϐατα
3271 2643 3574 2722 έῤῥιμμένα
3629 2647 3721 2703 καὶ

2072 2732 2374 2808 έσκυλμένα
2439 2735 2512 2806 μή
2570 2730 2764 2809 ἔχοντα
2810 2735 3082 2806 ποιμέναο
3135 2729 3224 2787 διὰ
3288 2738 3450 2788 τοῦτο
3504 2733 3720 2791 ἐπεσκέ-

2068 2826 2206 2897 ψατο
2243 2823 2380 2896 ὑμᾶς
2413 2825 2440 2877 ὁ
2473 2821 2732 2893 ἀληθινὸς
2761 2823 2971 2896 ποιμὴν
3009 2822 3318 2897 οὐρανόθεν,
3350 2824 3377 2878 ὁ
3402 2828 3510 2878 τῶν
3565 2823 3718 2881 ἰδίων

2067 2907 2356 2989 προϐάτων
2391 2909 2973 2985 κηδόμενος,ἀποδοὺς
3009 2913 3135 2985 ὑμῖν
3158 2914 3216 2967 ὃν
3252 2912 3561 2986 ἐπιθυμεῖτε
3584 2917 3716 2990 (45),

2067 2999 2206 3059 Ἰδοῦ
2261 3002 2362 3078 γὰρ
2412 3001 2500 3056 καὶ
2549 3003 2712 3074 ἡμεῖς
2763 3003 2934 3056 πάντα
2976 3002 3106 3078 ὑπὲρ
3134 3009 3233 3071 τῆς
3263 3000 3716 3073 ἐκκλησιαπικῆς

2067 3091 2286 3166 εἰρήνης
2345 3092 2690 3168 πράττοντες,
2750 3091 2839 3146 καὶ
2894 3095 2962 3166 τῇ
3043 3092 3273 3166 ὑμετέρᾳ
3350 3092 3716 3165 συμπνέοντες

2067 3178 2268 3254 ἀλάπῃ,
2316 3174 2686 3256 προλαϐόντες
2745 3179 2904 3234 αὐτὸν
2950 3180 3328 3254 ἠσπασάμεθα,
3378 3180 3466 3236 καὶ
3518 3202 3717 3237 κοινω-

303 3291 519 3348 perque
549 3274 718 3330 illum
748 3273 1052 3330 vobiscum
1081 3270 1607 3338 communicantes,
1631 3268 1738 3322 has
1757 3267 1828 3322 ad
1852 3283 1955 3321 vos

2079 3271 2320 3340 νήσαντες
2368 3267 2437 3323 δι’
2470 3269 2632 3323 αὐτοῦ
2679 3268 2828 3342 ὑμῖν,
2860 3267 3056 3330 ταύτας
3105 3269 3199 3330 τὰς
3247 3272 3578 3345 προσρήσεις
3612 3269 3726 3326 δια-

304 3364 600 3420 mittimus
626 3363 1033 3433 salutationes,
1058 3367 1408 3432 nostrasque
1431 3358 1754 3431 gratiarum
1779 3356 1958 3410 actio-

306 3453 398 3509 nis
427 3453 760 3519 orationes;
814 3455 878 3506 ut
925 3449 1294 3524 cognoscatis
1341 3465 1450 3504 nos
1497 3446 1799 3503 charitatis
1829 3443 1959 3499 vin-

304 3541 435 3597 culo
457 3541 543 3596 illi
564 3559 693 3598 esse
714 3542 1077 3612 conjunctos.
1099 3540 1291 3594 Vestri
1310 3543 1507 3594 autem
1531 3534 1706 3591 officii
1737 3539 1825 3589 est
1855 3549 1958 3606 pro

303 3631 517 3704 pietate
556 3629 1139 3703 religiosissimorum
1182 3629 1604 3700 imperatorum
1637 3641 1822 3692 orare,
1857 3623 1956 3694 qui

303 3725 360 3776 et
389 3719 502 3792 ipsi
525 3725 886 3792 compertum
920 3719 1206 3774 habentes
1237 3733 1370 3773 cum
1421 3720 1681 3772 vestrum
1721 3729 1858 3786 erga
1888 3711 1956 3766 il-

304 3809 428 3865 lum
463 3825 746 3882 amorem,
784 3815 906 3864 tum
937 3809 1066 3880 ejus
1115 3805 1531 3874 innocentiam,
1567 3805 1761 3876 ipsum
1791 3801 1956 3856 vobis

305 3897 465 3954 omni
499 3914 633 3953 cum
655 3897 876 3953 honore
906 3895 1136 3953 restitui
1164 3895 1489 3950 voluerunt.
1518 3892 1758 3965 Supinis
1780 3891 1960 3964 igitur

307 4002 442 4042 eum
471 3987 747 4042 manibus
778 3985 1150 4058 excipientes,
1195 3985 1515 4058 gratiarum
1548 3981 1794 4038 actionis
1827 3997 1955 4053 pre-

307 4092 404 4131 ces
437 4080 550 4130 Deo
589 4075 802 4130 horum
849 4074 1013 4130 vobis
1068 4075 1356 4130 bonorum
1412 4077 1645 4128 auctore
1671 4071 1956 4127 studeatis

306 4165 536 4234 offerre,
563 4170 628 4220 ut
658 4181 891 4237 semper
921 4181 1052 4220 cum
1085 4163 1199 4220 Deo
1241 4163 1566 4235 gaudeatis,
1599 4179 1666 4217 ac
1697 4160 1956 4216 celebre-

303 4254 383 4310 tis
412 4254 732 4310 Dominum
764 4259 1052 4323 nostrum,
1088 4253 1148 4309 in
1171 4253 1398 4308 Christo
1418 4252 1559 4308 Jesu
1583 4250 1826 4307 Domino
1850 4267 1953 4306 no-

301 4347 444 4413 stro,
480 4361 584 4417 per
615 4359 790 4416 quem
821 4342 976 4398 Patri
1007 4341 1192 4416 gloria
1222 4343 1280 4397 in
1313 4341 1542 4397 saecula.
1574 4342 1780 4396 Amen.

368 4520 522 4584 139
548 4520 758 4577 Eorum
783 4524 981 4576 autem
1007 4517 1106 4590 qui
1121 4517 1521 4589 subscripsere
1535 4515 1795 4587 nomina,
1811 4520 1954 4570 tam-

375 4717 486 4789 (42)
515 4717 731 4790 Auctor
759 4721 847 4772 est
874 4720 1160 4790 Socrates,
1192 4715 1508 4790 Maximum
1541 4713 1954 4790 Hierosolymi-

302 4787 510 4845 tanum
543 4789 831 4860 quosdam
863 4789 1168 4860 episcopos
1208 4787 1506 4860 accivisse,
1541 4787 1952 4860 quorumgsuf-

304 4860 488 4932 fragio
501 4857 858 4916 Athanasius
883 4857 953 4914 ad
969 4857 1445 4915 communionem
1470 4864 1528 4912 et
1549 4859 1620 4912 ad
1644 4857 1952 4932 pristinam

305 4930 647 5004 dignitatem
678 4933 1150 5004 restitueretur,
1202 4936 1345 5004 Ipse,
1396 4946 1536 5004 vero
1602 4930 1954 5004 Athanasius

303 5001 476 5086 [Ep—ist.
507 5003 582 5059 ad
610 5003 754 5086 salit.
788 5005 869 5058 ait
901 5019 961 5058 se
993 5001 1393 5086 afalzsstinis‘
1427 5007 1483 5086 et
1511 5001 1693 5086 §yriis
1725 5003 1954 5086 episco-

341 5072 390 5132 is
451 5079 751 5145 receptum
811 5092 960 5142 esse,
1021 5075 1254 5130 duobus
1309 5072 1398 5128 vel
1455 5073 1646 5127 tribus
1677 5072 1951 5145 exceptis.

341 5093 390 5132 IS
451 5093 751 5145 receptum
811 5093 960 5142 esse,
1021 5093 1254 5130 uuoous
1309 5093 1398 5128 νει
1456 5093 1646 5127 ιῐῚῡυε
1677 5093 1951 5145 exceptis.

299 5093 684 5204 gubindicare
713 5145 946 5202 videtur
979 5147 1252 5201 Acacium
1297 5145 1730 5209 Caesariensem,
1756 5151 1812 5200 et
1846 5151 1953 5201 Pa-

300 5218 623 5291 trophilum
645 5217 1190 5290 Scythopolitanum
1209 5216 1512 5288 episcopos
1535 5217 1767 5272 Arianis
1791 5218 1953 5273 addi-

303 5291 619 5346 ctissimos.

368 5362 488 5434 (‘43)
509 5364 736 5434 Sozam.
771 5363 926 5434 apud
967 5378 1142 5433 quem
1187 5361 1307 5416 hac
1357 5357 1604 5430 epistola
1630 5357 1844 5431 legitur
1863 5357 1952 5412 xui

304 5426 481 5496 Λιϐύη
508 5432 703 5488 habet.

401 5485 491 5569 44)
512 5485 748 5560 sane.
781 5499 906 5557 ἀλλ’
926 5501 1168 5572 ἀληθῶς.

400 5576 488 5646 45)
521 5576 746 5632 Sozom.
777 5574 834 5629 ’ὀν
869 5574 1132 5638 ἐποθεῖτε.

397 5647 486 5715 46)
515 5652 572 5702 L.
604 5647 788 5715 ἡμῶν.

813 5722 872 5778 et
899 5719 1028 5780 Soz.
1070 5722 1144 5778 At
1165 5719 1256 5778 ed.
1276 5720 1358 5793 τῷ
1379 5712 1663 5794 συνδέσμῳ
1685 5722 1788 5792 τῆς
1811 5738 1852 5776 π

1982 4632 2029 4697 Ι)

2068 3359 2396 3432 πεμπόμεθα
2447 3359 2536 3412 καὶ
2585 3359 2681 3420 τὰς
2723 3357 3176 3434 εὐχαριστηρίους
3210 3359 3360 3432 ὑμῶν
3391 3362 3502 3434 (46)
3535 3360 3723 3437 εὐχὰς,

2065 3445 2344 3517 ⁸ίνέἷδῆτε
2371 3451 2450 3519 τῷ
2481 3445 2760 3520 συνδέσμῳ
2807 3454 2908 3516 τῆς
2957 3446 3175 3522 ἀγάπης
3224 3454 3324 3518 τῆς
3376 3449 3512 3523 πρὸς
3562 3449 3721 3504 αὐτὸν

2069 3538 2157 3593 καὶ
2205 3540 2354 3612 ἡμᾶς
2403 3541 2645 3607 ἡνῶσθαι
2678 3539 2811 3610 (47).
2848 3534 3122 3614 Ὀφείλετε
3173 3534 3231 3592 δὲ
3281 3537 3368 3592 καὶ
3436 3538 3568 3614 ὑπὲρ
3621 3544 3724 3608 τῆς

2069 3622 2340 3690 εὐσεϐείας
2403 3631 2512 3682 τῶν
2573 3624 2998 3705 θεοφιλεστάτων
3051 3648 3064 3661 ο
3121 3625 3387 3703 βασιλέων
3447 3625 3719 3704 εὔχεσθαι,

2069 3715 2287 3788 οἵτινες,
2319 3717 2409 3771 καὶ
2462 3715 2613 3770 αὐτοὶ
2662 3715 2881 3790 γνόντες
2910 3716 3022 3770 ’τὸν
3076 3715 3238 3770 πόθον
3293 3716 3444 3790 ὑμῶν
3474 3717 3563 3770 τὸν
3596 3717 3719 3792 περὶ

2068 3806 2224 3862 αὐτὸν
2283 3806 2372 3860 xui
2442 3807 2541 3874 τὴν
2621 3805 2783 3860 αὐτοῦ
2852 3805 3213 3882 καθαρότητα,
3280 3806 3719 3875 ἀποκαταστῆσαι

2069 3894 2225 3950 αὐτὸν
2275 3895 2400 3968 ὑμῖν
2455 3895 2590 3968 μετὰ
2636 3896 2815 3966 πάσης
2862 3902 3031 3968 τιμῆς
3085 3896 3445 3968 κατηξίωσαν.
3479 3895 3716 3959 Ὑπτίαις

2068 3982 2158 4039 οὖν
2192 3981 2578 4058 ὑποδεξάμενοι
2632 3983 2788 4038 αὐτὸν
2850 3984 3029 4058 χερσὶ,
3061 3984 3149 4039 xui
3203 3986 3298 4046 τὰς
3355 3983 3716 4062 ὀφειλομένας

2066 4072 2190 4149 περὶ
2247 4071 2443 4127 τούτου
2502 4075 2614 4146 (48)
2675 4073 3126 4150 εὐχαριστηρίους
3182 4073 3347 4149 εὐχὰς
3406 4073 3717 4149 ἀναπέμψαι

2064 4168 2143 4234 τῷ
2193 4167 2360 4216 ταῦτα
2417 4162 2543 4235 ὑμῖν
2594 4162 2948 4238 χαρισαμένῳ
3007 4168 3122 4236 Θεῷ
3177 4161 3536 4227 σπουδάσατε.
3584 4164 3716 4242 ὑπὲρ

2063 4257 2160 4307 τοῦ
2217 4248 2504 4313 διαπαντὸς
2556 4251 2696 4324 ὑμᾶς
2761 4250 2973 4328 χαίρειν
3015 4252 3106 4307 σὺν
3162 4257 3278 4326 Θεῷ
3330 4251 3422 4308 καὶ
3474 4251 3715 4324 δοξάζειν

2063 4344 2225 4415 ἡμῶν
2252 4340 2343 4395 τὸν
2373 4339 2567 4413 Κύριον
2606 4339 2658 4395 ἐν
2687 4345 2902 4418 Χριστῷ
2934 4342 3110 4412 Ἰησοῦ
3157 4347 3236 4414 τῷ
3293 4342 3475 4420 Κυρίῳ
3533 4344 3718 4416 ἡμῶν,

2066 4428 2136 4485 δι’
2167 4430 2228 4485 οὗ
2259 4434 2339 4502 τῷ
2368 4429 2539 4506 Πατρὶ
2570 4431 2604 4499 ἡ
2640 4427 2765 4500 δόξα
2814 4430 2891 4493 εἷς
2939 4431 3066 4495 τοὺς
3117 4432 3336 4495 αἰῶνας.
3374 4433 3552 4505 Ἀμήν
3585 4434 3718 4506 (49).

2136 4522 2250 4594 (50)
2297 4523 2412 4573 Τῶν
2475 4517 2532 4574 δὲ
2592 4519 3018 4596 ὑπογραψάντων
3075 4522 3143 4576 τὰ
3203 4521 3465 4596 ὀνόματα,
3531 4521 3575 4575 εἷ
3628 4521 3720 4576 καὶ

2063 4717 2220 4773 αὐτὸν
2253 4739 2449 4772 κοινων
2460 4717 2561 4779 ίας.

2159 4791 2247 4863 48)
2275 4792 2502 4864 Sozom.
2548 4789 2678 4864 ὑπὲρ
2712 4788 2896 4864 αὐτοῦ.

2276 4868 2400 4938 §_oz.
2435 4860 2510 4923 εἷς
2534 4860 2662 4938 τοὺς
2698 4860 2893 4938 αἰῶνας
2923 4867 3030 4917 τῶν
3073 4863 3303 4920 αἰώνωνι
3338 4865 3537 4938 Ἀμήν.

2137 4936 2250 5010 (50)
2278 4934 2681 5010 llquomina
2710 4935 3296 5010 habenturisuprain
3329 4934 3723 5010 subscriptio-

2065 5005 2241 5082 pibus
2272 5006 2741 5082 Sardicensibus,
2765 5008 2864 5062 sed
2889 5005 3430 5082 quiﬂhic'eedawpioq,
3459 5005 3723 5065 illiceeo.

2067 5074 2245 5152 δόσιος
2279 5080 2473 5152 forsan
2527 5074 2924 5152 nuncupatur:
2973 5074 3324 5152 Desuntque'
3354 5081 3571 5137 ibidem
3601 5082 3719 5152 Ma:

2065 5151 2349 5234 crinus‘et
2379 5149 2696 5234 Claudius._
2716 5155 2794 5204 De
2825 5151 2981 5234 Actio
2997 5149 3233 5234 _au_ten_i
3265 5150 3724 5234 .Lyddensi,.qui

2065 5223 2362 5296 secundus
2421 5221 2521 5296 hic
2565 5220 2798 5296 legitur,
2859 5222 2940 5296 ait
2994 5220 3440 5296 Philostorgius,
3482 5220 3718 5296 Actium

2064 5294 2407 5364 episcopum
2428 5291 2746 5347 Palasstinaz
2788 5298 2887 5364 qui
2913 5291 3318 5350 fornicationis
3337 5312 3472 5351 reus
3495 5295 3726 5351 delatus

2065 5367 2274 5430 fuerat,
2296 5381 2429 5420 cum
2455 5380 2556 5436 per
2576 5366 3049 5422 communionem
3077 5384 3212 5423 cum
3237 5366 3555 5423 Athanasio
3577 5367 3725 5422 illud

2064 5437 2343 5510 probrum
2375 5435 2668 5510 oceultare
2721 5436 2912 5505 vellet,
2969 5440 3041 5494 ad
3091 5440 3219 5510 ejus
3269 5438 3620 5495 sententiam
3657 5455 3723 5494 se

2065 5508 2461 5583 transtulisse,
2495 5509 2768 5562 eumdem
2812 5508 3190 5583 tamengbrevi
3240 5528 3440 5583 poenas
3471 5511 3725 5583 dedisse,

2062 5579 2370 5656 tabefactis
2396 5596 2462 5634 ac
2485 5580 3140 5656 vermesemittentibus
3159 5579 3519 5656 genitalibus
3539 5598 3551 5637 :
3570 5587 3628 5637 et
3643 5579 3728 5638 ita

2062 5652 2299 5733 o_bi_isse.
2323 5653 2456 5733 Quae
2473 5667 2612 5733 cum
2639 5651 3088 5733 aPhilostorgio
3121 5651 3315 5714 solum
3349 5657 3722 5733 enarrantur,

2059 5723 2180 5783 sint
2206 5738 2386 5800 penes
2413 5722 2593 5783 fidem
2625 5724 2902 5784 auctoris.
