4152 6396
368 361 488 419 353
1496 360 1890 420 APOLOGIA
1935 359 2038 420 CO.

2161 360 2248 418 .{A
2291 359 2657 420 ARIANOS.
3663 363 3782 422 354

370 488 574 567 φθάσας
626 485 898 559 ἐδήλωσα,
960 487 1106 543 ἀλλὰ
1171 489 1259 542 καὶ
1312 493 1403 542 νῦν
1463 491 1705 565 ἔγραψα·
1767 489 1869 544 εἶσὶ
1924 489 2024 565 γὰρ

2161 491 2246 546 αἰεί
2305 508 2484 562 supra
2543 491 2735 562 retuli,
2793 491 2887 546 hic
2945 508 3177 564 quoque
3233 492 3538 549 scribenda
3597 494 3784 551 duxi:

371 577 639 650 Μάξιμος,
708 575 938 649 Ἀέτιος,
1018 578 1258 652 Ἀρειος,
1337 576 1639 654 Θεόδωρος,
1726 579 2023 654 Γερμανὸς,

2161 584 2274 634 ωλι
2330 580 2486 634 enim
2543 579 2850 651 Maximus,
2902 581 3124 649 Aetius,
3177 581 3373 652 Arius,
3420 581 3784 650 Theodorus,

371 666 693 737 Σπλουανὸς,
743 665 983 737 Παῦλος,
1037 665 1353 742 Πατρίκιος,
1389 665 1690 736 Ἐλπίδιος,
1725 666 2022 742 Γερμανὸς,

2161 668 2482 738 ἰενωειῐιυε,
2513 665 2806 740 Silvanus,
2861 668 3096 736 Paulus,
3147 669 3458 739 Patricius,
3499 669 3785 742 Elpidius,

367 749 651 828 Εύσέϐιος,
734 749 1022 826 Ζηνόϐιος,
1102 754 1339 825 Παῦλος,
1419 761 1714 832 Μακρῖνος,
1795 758 2022 832 Πέτρος,

2161 756 2481 824 ὶετωεηυε,
2517 756 2822 824 Eusebius,
2854 757 3163 826 Zenobius,
3192 757 3432 826 Paulus,
3465 758 3784 830 Macrinus,

368 842 660 906 Κλαύδιος.

2161 847 2363 912 ’etrus,
2393 843 2690 899 Claudius.

437 937 525 991 58.
559 937 734 988 Ταῦτα
796 932 1090 1008 βλέποντες
1149 933 1446 1009 Ούρσάκιος
1505 935 1594 988 καὶ
1636 933 1876 1006 Οὐάλης,
1927 955 2021 988 κα-

2202 933 2292 988 58.
2325 933 2454 988 Haec
2477 949 2611 989 cum
2639 932 2901 989 viderent
2932 933 3214 990 Ursacius
3243 938 3299 991 et
3325 935 3560 1006 Valens,
3584 952 3691 992 sua
3720 950 3785 993 se

367 1021 635 1098 τέγνωσαν
699 1021 892 1078 λοιπὸν
951 1022 1176 1091 ἑαυτῶν,
1233 1023 1322 1076 καὶ
1381 1021 1696 1095 ἀνελθόντες
1774 1021 1849 1084 εἷς
1922 1023 2020 1090 τὴν

2161 1023 2451 1077 lamnante
2485 1021 2862 1089 conscientia,
2894 1023 3138 1079 Romam
3181 1029 3319 1080 sunt
3348 1025 3609 1097 profecti,
3641 1041 3780 1098 peo-

369 1111 612 1184 Ῥώμην,
663 1110 1150 1186 ἐξωμολογήσαντο
1219 1111 1308 1165 καὶ
1378 1111 1531 1166 αὐτοὶ
1593 1112 2020 1186 μεταγινώσκον-

2167 1113 2448 1182 atumque
2478 1127 2653 1165 suum
2685 1110 3027 1182 pcsnitentia
3054 1113 3214 1168 ducti
3245 1115 3495 1171 confessi
3527 1118 3687 1184 sunt,
3714 1130 3782 1170 ac

369 1221 480 1270 τες,
536 1201 864 1275 συγγνώμην
941 1221 1000 1254 τε
1055 1200 1349 1274 ᾐτήσαντο,
1411 1200 1500 1254 καὶ
1578 1196 1808 1276 ἔγραψαν
1886 1200 2021 1276 πρὸς

2161 1198 2359 1254 eniam
2391 1199 2784 1270 postularunt,
2816 1199 3086 1272 Julioque
3125 1201 3320 1258 Romae
3370 1204 3577 1260 veteris
3624 1204 3780 1276 epis-

375 1289 605 1344 Ἰούλιον
643 1289 733 1343 τὸν
768 1288 1060 1344 ἐπίσκοπον
1108 1296 1215 1358 τῆς·
1256 1283 1620 1364 πρεσϐυτέρας
1654 1289 1875 1361 Ῥώμης
1934 1289 2022 1343 καὶ

2161 1304 2298 1360 opo,
2328 1287 2587 1358 itemque
2645 1288 2812 1344 nobis
2870 1289 2990 1344 haec
3049 1290 3410 1362 scripserunt
3462 1310 3477 1348 :
3527 1308 3779 1364 quorum

372 1379 509 1454 πρὸς
566 1380 718 1450 ἡμᾶς
774 1382 959 1434 ταῦτα.
1015 1378 1089 1432 Τὰ
1149 1377 1331 1450 μέντοι
1391 1378 1689 1455 ἀντίγραφα
1747 1377 2019 1447 ἀπεστάλη

2161 1375 2489 1447 αεωρΙοι-ἱει
2520 1375 2665 1430 mihi
2711 1380 2850 1432 sunt
2879 1393 2913 1432 a
2940 1375 3182 1434 Paulino
3213 1379 3582 1436 Trevirorum
3633 1381 3784 1453 epis-

378 1489 470 1542 μοι
500 1468 647 1544 παρά
676 1466 951 1522 Παυλίνου
981 1471 1078 1521 τοῦ
1111 1467 1408 1522 ἐπισκόπου
1441 1462 1737 1543 Τριϐἐρων.

2161 1481 2276 1537 opo
2307 1464 2676 1521 transmissa.

945 1593 1058 1666 (51)
1098 1597 1452 1648 EPMHNEIA

374 1681 480 1737 ἀπὸ
509 1686 605 1736 τοῦ
635 1682 943 1757 Ῥωμαϊκοῦ
971 1687 1074 1750 τῆς
1094 1682 1241 1757 -πρὸς
1266 1681 1499 1757 ,Ἰούλιον
1541 1680 1844 1757 ἐπιστολῆς
1899 1681 2022 1756 περὶ

587 1759 688 1822 τῆς
723 1751 1007 1825 μετανοίας
1041 1751 1341 1826 Ούρσακίου
1369 1754 1457 1807 καὶ
1488 1752 1810 1814 Οὐάλεντος.

2703 1589 3224 1648 ΙΝΤΕΒΡΒΕΤΑΤΙΟ

2257 1694 2325 1734 ex
2353 1679 2549 1734 Latino
2579 1687 2734 1754 testu
2761 1679 3103 1754 epistolaead
3130 1680 3342 1754 latium
3365 1698 3571 1754 papam
3598 1683 3665 1739 de

2485 1751 2814 1820 paenitentia
2842 1751 3056 1806 Ursacii
3083 1759 3133 1806 et
3169 1751 3426 1808 Valentis.

447 1858 629 1934 Κυρίῳ
676 1858 1072 1933 μακαριωτάτῳ
1119 1859 1272 1929 πάπᾳ
1317 1857 1536 1931 Ἰουλίῳ
1584 1857 1882 1934 Ούρσάκιος
1934 1857 2023 1913 καὶ

2207 1855 2453 1912 Domino
2499 1855 2841 1912 beatissimo
2874 1875 3035 1929 papae
3079 1857 3234 1914 Julio
3265 1858 3479 1916 Valens
3509 1865 3566 1916 et
3609 1860 3785 1919 Ursa-

376 1946 614 2016 Οὐάλης.

2161 1945 2283 2000 :ius.

446 2032 665 2103 Ε’πειδὴ
699 2034 1015 2103 συνέστηκεν
1065 2037 1214 2107 ἡμᾶς
1245 2036 1352 2109 πρὸ
1397 2036 1593 2090 τούτου
1624 2034 1811 2091 πολλά
1837 2055 1896 2090 τε
1935 2035 2024 2089 καὶ

2206 2034 2318 2106 (58)
2350 2032 2634 2097 Quoniam
2686 2038 2915 2090 constat
2955 2051 3062 2092 nos
3093 2035 3338 2091 antehac
3371 2037 3560 2093 multa
3585 2039 3788 2110 gravia

376 2122 523 2179 δεινά
551 2123 676 2199 περὶ
706 2123 1022 2187 ’Δθανασίου
1066 2128 1164 2178 τοῦ
1206 2123 1503 2178 ἐπισκόπου
1555 2122 1644 2178 διὰ
1686 2125 2022 2199 γραμμάτων

2161 2123 2206 2178 le
2235 2123 2474 2178 nomine
2503 2122 2808 2178 Athanasii
2839 2124 3097 2195 episcopi
3137 2122 3352 2180 litteris
3393 2126 3609 2183 nostris
3639 2126 3784 2182 insi-

378 2206 833 2282 ὑποϐεϐληκέναι,
882 2211 1165 2288 γράμμασί
1221 2233 1280 2266 τε
1334 2219 1436 2282 τῆς
1493 2220 1591 2282 σῆς
1645 2212 2024 2288 χρηστότητος

2161 2227 2372 2274 iuasse,
2424 2216 2598 2281 atque
2653 2210 2865 2266 litteris
2919 2211 3257 2268 Sanctitatis
3303 2213 3438 2267 Tua
3496 2214 3785 2285 conventi,

2136 2301 2265 2369 ejus
2293 2301 2372 2354 rei
2405 2300 2475 2354 de
2504 2315 2622 2370 qua
2650 2299 3132 2371 significavimus,
3169 2317 3282 2356 non
3323 2302 3664 2371 praestitisse
3692 2319 3786 2358 ra-

2136 2388 2391 2444 tionem:
2414 2389 2757 2460 proﬁtemur
2777 2389 2932 2460 apud
2950 2388 3324 2444 Sanctitatem
3345 2389 3788 2455 Tuam,cunctis

2138 2476 2525 2549 praesentibus
2563 2475 2919 2548 presbyteris
2970 2476 3248 2532 fratribus
3299 2479 3536 2547 nostris,
3588 2479 3791 2535 omnia

2137 2583 2265 2638 quae
2297 2565 2544 2622 antehac
2577 2566 2648 2620 ad
2689 2582 2861 2620 aures
2894 2570 3124 2621 nostras
3164 2571 3551 2638 pervenerunt
3581 2569 3652 2623 de
3683 2583 3788 2623 no-

2141 2655 2295 2710 mine
2355 2653 2636 2725 prmdicti,
2670 2653 2817 2709 falsa
2862 2653 3032 2708 nobis
3084 2671 3212 2710 esse
3263 2654 3578 2726 insinuata,
3611 2661 3791 2726 atque

2139 2742 2416 2799 omnibus
2444 2741 2670 2797 viribus
2713 2758 2908 2797 carere
2943 2757 2954 2797 :
2987 2747 3162 2813 atque
3193 2742 3322 2798 ideo
3370 2759 3478 2798 nos
3524 2742 3789 2800 libentis-

2139 2832 2288 2888 sime
2337 2829 2613 2902 amplecti
2643 2831 3119 2886 communionem
3167 2830 3426 2903 praedicti
3457 2831 3792 2901 Athanasii,

2142 2920 2398 2975 maxime
2427 2936 2563 2974 cum
2593 2919 2886 2975 Sanctitas
2921 2920 3065 2990 Tua,
3099 2936 3204 2991 pro
3242 2919 3420 2975 insita
3472 2920 3584 2975 sibi
3614 2921 3790 2977 bene-

379 2301 809 2374 μεθοδευθέντες,
840 2305 936 2358 τοῦ
967 2302 1284 2376 πράγματος
1317 2301 1478 2376 χάριν
1531 2301 1652 2374 περὶ
1697 2301 1760 2355 οὗ
1810 2297 2024 2369 ἐδηλώ-

377 2409 568 2462 σαμεν,
600 2388 700 2443 οὐκ
722 2387 1074 2460 ἠδυνήθημεν
1117 2387 1279 2464 λόγον
1330 2387 1663 2444 ἀποδοῦναι·
1717 2387 2024 2463 ὁμολογοῦ-

383 2499 476 2551 μεν
506 2477 652 2553 παρὰ
681 2481 750 2550 τῇ
783 2481 849 2550 σῇ
891 2476 1255 2553 χρηστότητι,
1287 2479 1568 2552 παρόντων
1617 2482 1725 2532 τῶν
1775 2474 2023 2555 ἀδελφῶν

377 2569 537 2639 ἡμῶν
589 2566 804 2621 πάντων
848 2571 952 2620 τῶν
1017 2560 1417 2642 πρεσϐυτέρων,
1469 2566 1550 2621 ὅτι
1600 2568 1773 2621 πάντα
1817 2567 1884 2620 τά
1921 2566 2027 2639 πρὸ

375 2654 574 2712 τούτου
624 2653 852 2718 ἐλθόντα
900 2654 975 2716 εἷς
1027 2655 1190 2716 ἀκοὰς
1238 2656 1388 2728 ὑμῶν
1434 2657 1544 2728 (52)
1596 2655 1720 2731 περὶ
1758 2659 1855 2710 τοῦ
1904 2654 2026 2709 όνό-

381 2765 550 2817 ματος
581 2748 677 2799 τοῦ
716 2745 1119 2818 προειρημένου
1151 2744 1472 2807 Ἀθανασίου
1520 2741 1689 2818 ψευδῆ
1749 2745 1837 2798 καὶ
1885 2741 2026 2798 πλα-

379 2833 476 2886 στά
507 2831 641 2902 ἐστι,
673 2832 816 2906 πάσῃ
846 2852 903 2886 τε
934 2829 1159 2904 δυνάμει
1197 2829 1466 2906 ἀλλότρια
1519 2832 1682 2888 αὑτοῦ
1730 2831 2024 2909 τυγχάνει·

379 2918 468 2975 διά
491 2942 549 2975 τε
575 2925 739 2976 τοῦτο
771 2918 950 2990 ἡδέως
981 2920 1406 2995 ἀντιποιούμεθα
1453 2929 1552 2991 τῆς
1592 2923 1880 2984 κοινωνίας
1931 2927 2028 2976 τοῦ

381 3011 786 3086 προειρημένου
837 3009 1176 3083 Ἀθανασίου,
1233 3009 1470 3083 μάλιστα
1526 3009 1609 3064 ὅτι
1667 3014 1701 3080 ἡ
1758 3005 2031 3075 θεοσέϐειά

2161 3008 2408 3073 rolentia,
2433 3008 2613 3064 errori
2665 3014 2862 3064 nostro
2891 3008 3123 3064 veniam
3155 3008 3330 3063 fuerit
3359 3009 3497 3064 dare
3527 3009 3790 3082 dignata.

378 3119 495 3169 σου,
543 3098 679 3153 κατὰ
724 3098 823 3166 τὴν
893 3096 1128 3175 ἔμφυτον
1197 3100 1389 3169 ἑαυτῆς
1439 3101 1557 3174 (53)
1606 3097 2026 3175 καλοκάγαθίαν,

2161 3097 2488 3152 >ιοοίὶῐοωυιο
2511 3097 2880 3168 etiam,quod
2908 3096 2958 3152 si
2985 3095 3299 3168 aliquando
3332 3113 3438 3152 nos
3468 3097 3794 3155 Orientales

376 3190 445 3261 τῇ
476 3184 656 3259 πλάνῃ
685 3189 843 3259 ἡμῶν
888 3186 1189 3256 κατηξίωσε
1240 3188 1571 3262 συγγνώμην
1624 3186 1827 3243 δοῦναι.
1864 3190 2028 3261 Ὁμο-

2161 3185 2554 3256 ιοιυειιὶηῐ,νε1
2586 3186 2742 3240 idem
2765 3185 3124 3240 Athanasius
3156 3184 3309 3241 malo
3333 3186 3528 3241 animo
3551 3187 3622 3241 ad
3655 3203 3794 3243 cau-

388 3231 445 3261 η,
484 3231 656 3259 un...“
691 3231 838 3259 πμ...
891 3231 1189 3256 ..α-,ηψπ
1241 3231 1568 3262 --Ηηυρημ
1626 3231 1827 3243 ww-..
1885 3231 1997 3261 ..μυ

381 3275 654 3351 λογοῦμεν
707 3272 765 3328 δὲ
815 3275 905 3329 καὶ
954 3279 1136 3348 τοῦτο,
1165 3275 1247 3330 ὅτι
1296 3277 1355 3330 ἂν
1396 3297 1530 3330 ποτε
1575 3279 1725 3349 ἡμᾶς
1774 3278 1824 3332 οἳ
1874 3279 2030 3333 Ἀνα-

2161 3231 2452 3256 ,ν...υ-...,,
2478 3231 2554 3242 η..
2587 3231 2742 3240 ων.--
2765 3231 3124 3240 ---μη--..η
3156 3231 3307 3241 ...κ-ν
3333 3231 3526 3241 ..-ω-,ν
3551 3231 3622 3241 ν...
3656 3231 3764 3243 ν..-

2161 3291 2273 3330 iam
2304 3291 2535 3341 vocare,
2566 3274 2713 3330 citra
2753 3274 3166 3330 conscientiam
3213 3279 3376 3330 tuam
3409 3291 3523 3330 non
3559 3276 3796 3332 adfutu-

378 3362 596 3419 τολικοὶ
674 3363 997 3434 θελήσωσιν,
1057 3365 1092 3433 ἢ
1155 3364 1243 3418 καὶ
1320 3365 1479 3427 αὐτὸς
1550 3367 1863 3428 Ἀθανάσιος
1924 3369 2036 3440 (54)

380 3451 737 3529 κακοτρόπως
800 3453 925 3527 περὶ
988 3451 1183 3507 τούτου
1252 3453 1330 3514 εἰς
1395 3454 1568 3525 κρίσιν
1634 3453 1876 3524 καλέσαι,
1950 3456 2025 3528 μὴ

382 3543 709 3617 ἀπέρχεσθαι
759 3541 903 3618 παρά
968 3542 1197 3616 γνώμην
1256 3549 1356 3611 τῆς
1406 3549 1504 3611 σῆς
1567 3540 1891 3606 διαθέσεως·
1937 3546 2026 3597 τὸν

382 3628 440 3686 δὲ
493 3629 760 3705 αἱρετικὸν
812 3631 1028 3705 Ἀρειον
1080 3631 1168 3684 καὶ
1217 3629 1341 3692 τοὺς
1413 3631 1868 3707 ὑπερασπίζοντας
1935 3631 2028 3686 αὐ·-

378 3723 476 3774 τοῦ
509 3721 622 3792 (55)
651 3717 778 3780 τοὺς
813 3715 1094 3794 λόγοντας,
1127 3743 1153 3769 (ι
1183 3724 1278 3773 Ἠν
1311 3739 1443 3774 ποτε
1473 3719 1561 3775 ὅτε
1606 3719 1705 3775 οὐκ
1729 3721 1794 3790 ἦν
1827 3721 1855 3774 ὁ
1886 3721 2030 3792 Υἱὸς,

381 3808 472 3864 καὶ
504 3806 586 3861 ὅτι
620 3807 680 3862 ἐκ
705 3811 802 3862 τοῦ
839 3808 914 3881 μὴ
948 3802 1102 3870 ὄντος
1136 3808 1162 3860 ὁ
1195 3807 1319 3871 Υἱός
1352 3808 1488 3879 ἐστι,
1517 3835 1542 3861 ››
1575 3810 1663 3863 καὶ
1691 3808 1818 3871 τοὺς
1844 3810 2034 3884 ἀρνου-

391 3895 586 3970 μένους
611 3897 701 3951 τὸν
736 3896 965 3972 Χριστὸν
997 3897 1124 3951 Θεὸν
1158 3896 1288 3951 εἶναι
1322 3901 1456 3952 Θεοῦ
1489 3896 1608 3952 Υἱὸν
1664 3899 1768 3970 πρὸ
1799 3897 2034 3968 αἰώνων,

385 3985 564 4048 καθὼς
613 3986 702 4040 καὶ
752 3985 804 4040 ἐν
857 3989 939 4057 τῷ
987 3986 1239 4062 προτέρῳ
1288 3979 1537 4058 λιϐἐλλῳ
1578 3988 1689 4060 (56)
1734 3987 1935 4042 ἑαυτῶν
1986 3987 2036 4042 ἐν

384 4077 454 4148 τῇ
502 4071 826 4147 Μεδιολάνῳ
877 4070 1308 4147 ἐπιδεδώκαμεν,
1357 4076 1446 4130 καὶ
1495 4079 1585 4128 νῦν
1633 4075 1723 4130 καὶ
1791 4075 1873 4130 ἀεὶ
1923 4077 2042 4130 ἀνα.

388 4162 772 4236 θεματίζομεν.
803 4167 978 4218 Ταῦτα
1010 4159 1068 4217 δὲ
1120 4167 1189 4237 τῇ
1251 4163 1397 4239 χειρὶ
1458 4164 1658 4219 ἑαυτῶν
1719 4166 2043 4241 γράψαντες,

390 4249 788 4325 ὁμολογοῦμεν
840 4252 1028 4321 πάλιν,
1065 4250 1149 4305 ὅτι
1197 4253 1294 4319 τήν
1329 4253 1610 4326 Ἀρειανὴν
1654 4251 1878 4327 α’ίρεσιν,
1909 4253 2046 4308 καθά

2147 3381 2270 3429 ros;
2305 3363 2641 3419 haereticﬂm
2672 3379 2805 3419 vero
2837 3363 3042 3417 Arium
3076 3363 3178 3418 sed
3227 3366 3284 3417 et
3335 3362 3614 3419 satellites
3643 3365 3795 3434 ejus,

2146 3453 2246 3523 qui
2279 3452 2484 3506 dicunt
2507 3468 2557 3506 :«
2585 3452 2724 3506 Erat
2753 3456 2986 3523 tempus
3020 3453 3254 3523 quando
3286 3469 3400 3507 non
3431 3457 3556 3508 erat
3598 3452 3796 3523 Filius,

2139 3547 2197 3597 et
2227 3541 2325 3613 qui
2358 3540 2561 3596 dicunt
2591 3557 2658 3595 ex
2689 3540 2871 3595 nihilo
2901 3540 3132 3606 Filium,
3159 3563 3187 3590 ››
3211 3545 3267 3596 et
3309 3541 3411 3612 qui
3443 3547 3662 3614 negant
3691 3541 3795 3598 Dei

2145 3629 2356 3686 Filium
2386 3633 2519 3684 ante
2567 3628 2779 3684 saecula
2823 3628 3001 3685 fuisse
3033 3630 3168 3701 (59),
3194 3629 3346 3684 sicut
3390 3646 3493 3702 per
3540 3631 3794 3702 priorem

2145 3718 2409 3774 libellum
2438 3722 2704 3774 nostrum
2739 3734 2908 3789 quem
2937 3720 3090 3790 apud
3117 3717 3510 3773 Mediolanum
3542 3719 3796 3791 porrexi-

2145 3824 2302 3873 mus,
2335 3813 2392 3863 et
2449 3824 2605 3863 nunc
2661 3813 2718 3862 et
2774 3823 3007 3879 semper
3062 3807 3608 3864 anathematizasse.
3660 3808 3792 3864 Haec

2148 3913 2327 3952 manu
2352 3900 2552 3952 nostra
2574 3913 2702 3967 quae
2723 3895 3072 3968 scripsimus
3109 3897 3469 3968 proﬁtemur,
3495 3903 3551 3952 et
3579 3897 3794 3953 iterum

2150 3985 2404 4040 dicimus
2428 3984 2693 4039 haeresim
2721 3985 3018 4052 Arianam,
3045 3989 3108 4041 ut
3138 3986 3408 4058 superius
3439 3985 3718 4054 diximus,
3742 3989 3803 4042 et

2150 4074 2279 4145 ejus
2318 4077 2588 4129 auctores
2640 4073 2700 4128 in
2749 4077 3095 4145 perpetuum
3139 4074 3472 4130 damnasse.
3506 4078 3572 4130 Et
3619 4091 3801 4130 manu

2153 4161 2377 4218 Ursacii
2412 4179 2423 4214 :
2459 4161 2573 4234 Ego
2601 4161 2877 4218 Ursacius
2927 4163 3239 4235 episcOpus
3286 4162 3805 4235 huicprofessioni

2155 4255 2368 4307 nostrae
2400 4250 2744 4322 subscripsi.
2778 4251 3084 4323 (Similiter
3111 4256 3168 4307 et
3195 4251 3458 4324 Valens.)

387 4338 746 4413 προείπομεν,
799 4339 888 4392 καὶ
933 4337 1059 4399 τοὺς
1105 4338 1306 4409 ταύτης
1359 4339 1610 4402 αὐθέντας
1672 4342 2060 4417 κατεκρίναμεν
2121 4338 2198 4401 εἷς
2245 4338 2336 4393 τὸν
2416 4337 2607 4395 αἰῶνα.
2663 4339 2804 4413 Ἐγὼ
2873 4338 3170 4415 Ούρσάκιος
3219 4343 3288 4413 τῇ
3363 4336 3634 4414 ὁμολογίᾳ
3699 4360 3803 4413 μου

387 4427 556 4502 ταύτῃ
587 4426 772 4504 παρὼν
811 4423 1116 4501 ὑπέγραψα·
1149 4426 1354 4500 ὁμοίως
1386 4429 1476 4482 καὶ
1507 4427 1724 4499 Οὐάλης
1757 4431 1889 4503 (57).

465 4606 580 4688 (51)
609 4608 752 4688 Qum
785 4605 911 4688 duae
932 4603 1191 4688 epistolae
1224 4611 1534 4688 sequentes
1557 4606 1760 4688 Latine
1789 4608 2045 4688 primum
2078 4611 2125 4674 D
2157 4605 2652 4688 Mediolanensem
2703 4603 2840 4688 anpi
2870 4605 2974 4658 347
3020 4605 3298 4688 adversus
3347 4602 3658 4688 Photinum
3711 4620 3808 4687 co-

395 4675 565 4732 editae
597 4677 717 4749 sint
762 4682 829 4731 ut
855 4675 1167 4749 habentur
1213 4675 1364 4749 apud
1411 4678 1724 4744 Hilarium,
1771 4675 1870 4735 eas
1914 4679 2050 4734 inde

393 4747 785 4802 transcribere
814 4746 1006 4803 visum
1042 4752 1152 4803 est.

469 4818 585 4890 (52)
616 4819 701 4874 Ita
729 4835 933 4874 omnes
965 4835 1108 4875 mss.
1143 4822 1202 4875 et
1229 4819 1391 4875 editi.

470 4906 586 4978 (53)
616 4906 707 4962 Sic
739 4907 878 4980 Reg.
914 4909 1064 4974 Soz.,
1097 4905 1469 4976 αὖτῆς.ξΕᾱὶῐὶ
1500 4925 1654 4980 vero,
1686 4906 1870 4962 αὐτοῦ.

474 4994 591 5068 (54)
621 4996 710 5050 Ita
757 4996 896 5068 Reg.
928 4997 1057 5052 Soz.
1089 5001 1146 5052 et
1181 4997 1437 5052 Hilarius
1472 5015 1484 5052 :
1518 4999 1576 5052 in
1607 4997 1780 5053 editis
1831 5003 2051 5065 autem,

404 5058 686 5136 Εὐσέϐιος,
717 5068 818 5122 sed
841 5058 1158 5135 ‘inendose,
1183 5069 1415 5136 jamdiu
1447 5069 1605 5124 enim
1656 5071 1770 5125 fato
1819 5058 2055 5125 functus

403 5141 528 5211 erat
556 5137 848 5211 Eusebius
879 5144 1149 5211 uterque.
1183 5137 1314 5195 Haec
1357 5145 1553 5195 autem
1586 5157 1652 5195 eo
1686 5141 1852 5196 aiunt
1882 5141 2055 5196 Ursa-

403 5208 530 5264 cius
561 5218 620 5264 et
647 5207 883 5284 Valens,
918 5207 1061 5284 quia
1105 5227 1239 5265 cum
1295 5211 1603 5284 Athanasii
1636 5227 1774 5284 erga
1822 5229 1883 5284 se
1931 5213 2054 5267 ani-

403 5296 568 5335 mum
600 5281 886 5353 _nondum
937 5281 1301 5353 exploratum
1352 5283 1656 5348 haberent,
1705 5281 2060 5339 verebantur

405 5367 496 5418 ne,
528 5349 618 5406 vel
651 5352 722 5406 ab
769 5349 1109 5418 Athanasio,
1131 5352 1220 5408 vel
1269 5353 1341 5408 ah
1389 5353 1520 5410 aliis
1548 5353 1942 5410 Orientalibus
1989 5355 2060 5410 de

404 5422 644 5478 structis
675 5440 710 5478 a
737 5439 800 5479 se
829 5422 1143 5479 calumniis
1173 5425 1234 5479 in
1261 5425 1552 5494 judicium
1581 5430 1949 5482 vocarentur.

477 5512 594 5582 (55)
625 5512 813 5583 Somn,
848 5510 1309 5586 ὑπερασπίζοντας
1342 5511 1511 5584 αύτῷ.

480 5599 728 5681 (ξδῌίἱο
758 5601 1103 5681 libellus‘ah
1123 5601 1454 5681 Ursacio‘et
1479 5602 1807 5681 Valentejn
1841 5602 2062 5681 synodo

407 5668 828 5729 Medoilanensi
847 5673 984 5730 anni
1001 5674 1107 5730 349
1124 5677 1214 5728 est
1233 5671 1486 5731 oblatus.
1502 5674 1664 5744 Quod
1682 5675 1753 5732 ad
1773 5668 2062 5755 synodum

729 5799 1002 5870 Panos.
1051 5801 1162 5868 Gs.
1209 5799 1397 5868 XXV.

2161 4683 2351 4734 actam
2385 4678 2597 4733 referre
2628 4676 3024 4748 nequidquam
3047 4675 3649 4748 conatisuntieruditi
3681 4677 3806 4748 qui-

2161 4750 2296 4804 dam
2326 4749 2454 4803 viri.
2490 4748 2568 4803 Eo
2599 4746 2755 4804 enim
2789 4746 2940 4804 anno
2972 4747 3195 4818 potiore
3239 4746 3366 4803 loco
3414 4746 3660 4814 Ursacii,
3689 4746 3810 4803 Va-

2159 4821 2334 4876 lentis
2382 4824 2440 4875 et
2486 4819 2838 4874 Arianorum
2871 4835 2962 4873 res
2993 4819 3170 4886 fuere,
3197 4835 3372 4890 quam
3421 4819 3608 4890 utiad
3659 4819 3812 4874 hanc

2162 4890 2724 4962 necessitatemrsint
2754 4890 2963 4962 adacti,
2984 4890 3212 4962 quippe
3243 4890 3343 4961 qui
3389 4907 3455 4945 eo
3499 4889 3627 4962 ipso
3659 4905 3812 4962 anno

2163 4963 2452 5036 synodum
2485 4961 2876 5036 Philippopoli
2914 4960 3282 5036 celebrarint,
3317 4978 3433 5033 qua
3478 4960 3673 5036 sOluta
3717 4960 3813 5014 in-

2203 5031 2393 5090 entem
2427 5033 2484 5086 in
2517 5031 2842 5088 Catholicos
2874 5031 3675 5103 persecutionem—Censtantii
3706 5047 3815 5103 ope

2190 5102 2294 5160 reti
2326 5103 2650 5160 excitarint.
2683 5104 2817 5168 Qum
2878 5121 2967 5159 res
3000 5104 3138 5175 quia
3166 5103 3224 5157 in
3259 5103 3461 5158 Hilarii
3494 5102 3817 5175 editiones

2166 5177 2384 5232 nostris
2412 5175 2694 5230 adornata
2723 5176 2850 5230 fuse
2880 5173 3230 5246 pertractata
3261 5175 3388 5242 fuit,
3419 5193 3532 5230 non
3567 5173 3818 5230 ulterius

2166 5248 2263 5303 hic
2296 5247 2692 5318 indagabitur.

2257 5318 2348 5388 57)
2378 5312 2614 5388 Ὁμοίως
2647 5315 2738 5370 καὶ
2771 5312 3009 5384 Οὐάλης.
3043 5317 3174 5373 Hac
3205 5317 3360 5388 apud
3397 5314 3683 5371 Hilarium
3717 5316 3817 5372 de-

2170 5389 2523 5445 siderantur.

2241 5461 2354 5532 (58)
2386 5463 2702 5515 Contextus
2735 5458 2968 5514 Latinus
2999 5474 3068 5514 ex
3101 5458 3300 5515 Hilarii
3340 5458 3684 5531 fragmentis
3716 5457 3820 5512 de-

2172 5538 2470 5586 sumptus.

2242 5599 2354 5673 (59)
2385 5599 2617 5673 Legisse
2667 5599 3297 5673 videturrAthanasius
3333 5619 3345 5656 :
3378 5609 3428 5656 et
3477 5602 3572 5670 qui
3621 5602 3826 5673 negant

2175 5670 2449 5731 Christum
2468 5670 2649 5730 Deum
2679 5687 2792 5731 esse
2824 5670 2922 5727 Dei
2950 5672 3160 5731 Filium
3188 5681 3316 5729 ante
3343 5674 3571 5730 δκσμια.

3306 5799 3380 5875 12
