4152 6376
313 440 431 500 35⁸7

1444 433 1836 493 APOLOGIA
1880 433 2190 494 CONTRA
2240 438 2603 497 ARlANOS.

3610 443 3730 502 358

316 576 441 638 ζειν.
508 553 671 620 Οὔπω
702 563 802 640 γὰρ
851 562 1007 619 πέντε
1056 569 1221 635 μῆνες
1272 569 1577 639 παρῆιιθον,
1636 564 1723 617 καὶ
1784 564 1811 615 r3
1873 565 1965 635 μὲν

2106 566 2165 621 ἐἰ
2198 569 2451 637 proferre
2499 585 2759 625 causam.
2800 569 3100 625 Mensibus
3151 569 3413 642 quinque
3462 572 3726 628 nondum

317 654 615 731 μακαρίτης
678 650 1037 727 Ἀλέξανδρος
1097 650 1515 721 τετελεύτηκεν·
1580 652 1629 705 οἱ
1690 648 1747 705 3‘s
1802 650 1969 705 Μελι-

310 744 506 815 τιανοὶ,
542 741 658 797 δέον
694 742 921 814 ἠρεμεῖν
974 740 1065 794 καὶ
1119 741 1280 815 χάριν
1329 736 1497 814 ἔχειν,
1551 738 1632 793 ὅτι
1688 740 1781 793 κᾶν
1826 739 1970 801 ὅλως

314 832 635 909 ἐδέχθησαν,
670 831 721 885 οἱ
753 826 829 900 δὲ,
880 829 1015 883 κατὰ
1063 828 1189 889 τοὺς
1241 828 1402 889 κύνας
1455 829 1554 882 οὐκ
1584 827 1971 899 ἐπιλαθόμενοι

316 924 387 976 ὧν
439 921 719 997 ἐξήρασαν,
770 917 932 972 πάλιν
984 916 1081 978 τὰς
1132 916 1458 985 Ἐκκλησίας
1512 914 1819 992 ἐτάραττον.
1869 915 1974 969 Εὐ-

318 1006 497 1071 σέϐιος
544 1008 749 1079 τοίνυν,
808 1011 970 1061 τοῦτο
1037 1006 1245 1078 μαθὼν,
1307 1004 1395 1058 καὶ
1448 1004 1844 1078 προϊστάμενος
1875 1006 1972 1071 τῆς

318 1101 598 1176 Ἀρειανῆς
639 1096 918 1173 αἱρέσεως,
974 1095 1176 1166 πέμπει
1234 1094 1322 1147 καὶ
1375 1094 1590 1148 ὠνεῖται
1634 1093 1760 1154 τοὺς
1812 1091 1976 1147 Μελι-

314 1188 529 1249 τιανοῦς
588 1187 673 1242 ἐπὶ
731 1185 968 1246 πολλαῖς
1032 1182 1408 1259 ἐπαγγελίαις·
1470 1182 1558 1236 καὶ
1618 1182 1817 1257 γίνεται
1880 1182 1973 1253 μὲν

317 1278 490 1332 αὐτῶν
538 1275 717 1352 κρύφα
768 1273 970 1350 φίλος,
1022 1270 1363 1326 συντάττεται
1422 1268 1480 1324 δὲ
1538 1268 1722 1331 αὐτοῖς
1783 1270 1855 1331 εἰς
1916 1270 1972 1323 ὃν

316 1362 572 1421 ἐϐούλετο
631 1363 860 1439 καιρόν.
922 1363 1029 1430 Τὴν
1086 1361 1180 1433 μὲν
1232 1360 1323 1414 οὖν
1383 1360 1564 1435 ἀρχὴν
1624 1358 1977 1429 ποοσέπεμπε

316 1454 635 1533 προτρέπων
689 1450 933 1524 δέξασθαί
981 1472 1047 1522 με
1096 1451 1221 1510 τοὺς
1274 1449 1397 1525 περὶ
1447 1450 1664 1523 ’Δρειον
1714 1451 1845 1520 (69),
1887 1446 1974 1501 καὶ

316 1542 588 1620 ἀγράφους
626 1542 720 1615 μὲν
752 1538 991 1610 ἠπείλει,
1046 1540 1268 1615 γράφων
1320 1536 1377 1592 δὲ
1424 1538 1598 1609 ἠξίου.
1652 1534 1872 1604 Ἐπειδή
1921 1534 1978 1589 δὲ

318 1631 629 1706 ἀντέλεγον,
667 1630 743 1702 μὴ
795 1630 998 1704 χρῆναι
1049 1627 1264 1704 φάσκων
1322 1624 1585 1701 δεχθῆναι
1614 1625 1740 1687 τοὺς
1774 1625 1976 1700 αἳρεσιν

321 1720 640 1799 ἐφευρόντας
672 1718 807 1773 κατὰ
857 1719 955 1785 τῆς
1008 1715 1290 1785 ἀληθείας,
1343 1715 1430 1769 καὶ
1462 1713 1977 1786 ἀναθεματισθέντας

322 1810 469 1885 παρὰ
514 1811 613 1877 τῆς
663 1807 1048 1879 οἷκουμενικῆς
1103 1802 1353 1871 συνόδου,
1403 1809 1550 1857 ποιεῖ
1605 1802 1693 1857 καὶ
1756 1801 1980 1878 βασιλέα

328 1920 420 1970 μοι
483 1896 687 1972 γράψαι
745 1896 837 1950 τὸν
901 1892 1200 1969 μακαρίτην
1262 1896 1686 1963 Κωνσταντῖνον,
1745 1890 1976 1958 ἀπειλὴν

323 1984 541 2061 ἔχοντα,
575 1984 620 2039 εί
673 1985 749 2056 μή
784 1978 1013 2055 λάϐοιμι
1062 1981 1189 2043 τοὺς
1238 1981 1361 2057 περὶ
1413 1982 1654 2057 ⁷Ἀρειον,
1706 1981 1871 2034 ταῦτά
1917 2000 1983 2052 με

321 2079 532 2144 παθεῖν,
566 2072 599 2127 ἃ
628 2071 890 2148 πρότερον
926 2071 1014 2124 καὶ
1074 2074 1165 2123 νῦν
1220 2068 1463 2132 πέπονθα
1516 2070 1648 2142 (70).
1683 2068 1754 2122 Τὸ
1802 2068 1979 2122 τοίνυν

326 2164 489 2239 μέρος
546 2164 645 2231 τῆς
725 2158 1015 2228 ἐπιστολῆς
1096 2158 1205 2213 ἐστι
1262 2163 1424 2213 τοῦτο
1461 2204 1473 2228 ,
1534 2157 1623 2211 καὶ
1685 2156 1981 2213 Παλατῖνοι

324 2251 670 2326 Συγκλήτιος
721 2248 807 2304 καὶ
859 2244 1178 2307 Γαυδέντιος
1238 2250 1371 2315 ἦσαν
1434 2247 1486 2300 οἱ
1543 2244 1865 2317 κομίσαντες
1918 2246 1985 2300 τὰ

324 2342 644 2417 γράμματα’

328 2518 438 2591 (71)
498 2516 675 2591 Μέρος
736 2511 1028 2581 ἐπιστολῆς
1079 2516 1177 2567 τοῦ
1231 2510 1496 2585 βασιλέως
1556 2518 1981 2566 Κωνσταντινου.

400 2625 586 2698 Ἕχων
636 2621 815 2676 τοίνυν
864 2623 963 2689 τῆς
1018 2619 1155 2692 ἐμῆς
1220 2618 1536 2694 βουλήσεως
1566 2620 1628 2673 τὸ
1676 2620 1982 2694 γνώρισμα,

330 2714 492 2767 ἅπασι
522 2716 640 2772 τοῖς
694 2708 1056 2786 βουλομένοις
1110 2707 1185 2769 εἰς
1238 2708 1336 2775 τήν
1372 2706 1695 2775 Ἐκκλησίαν
1726 2705 1982 2770 εἰσελθεῖν

330 2800 610 2858 ἀκώλυτον
688 2798 975 2873 παράσχου
1031 2798 1129 2865 τὴν
1200 2793 1405 2851 εἴσοδον
1442 2819 1454 2831 ο
1516 2796 1601 2851 ἐὰν
1660 2797 1763 2873 γὰρ
1822 2802 1936 2871 γνῶ
1970 2843 1983 2867 ,

330 2892 405 2953 ὡς
437 2892 548 2964 (72)
588 2886 903 2949 κεκώλυκάς
954 2908 1102 2948 τινας
1147 2885 1320 2940 αὐτῶν
1368 2886 1467 2954 τῆς
1523 2885 1843 2956 Ἐκκλησίας
1898 2906 1987 2958 με-

328 2976 785 3050 ταποιουμένους,
846 2976 881 3043 ἢ
940 2975 1192 3049 ἀπεῖρξας
1250 2977 1349 3043 τῆς
1404 2972 1639 3046 εἰσόδου,
1699 2974 1985 3030 ἀποστελῶ

331 3066 635 3144 παραυτίκα
683 3065 774 3119 τὸν
826 3063 915 3118 καὶ
967 3062 1367 3138 καθαιρήσοντά
1420 3083 1477 3117 σε
1525 3063 1575 3133 ἐξ
1627 3063 1762 3135 ἐμῆς
1807 3063 1987 3118 κιλεῦ-

329 3177 464 3218 σεως
498 3156 589 3211 καὶ
623 3159 730 3208 τῶν
762 3153 945 3209 τόπων
984 3154 1402 3225 μεταστήσοντα.

400 3249 490 3302 60.
548 3240 771 3310 Ἐπειδὴ
829 3242 1006 3296 τοίνυν
1066 3246 1155 3295 και
1218 3240 1442 3315 βασιλέα
1496 3241 1713 3320 γράφων
1770 3239 1981 3305 ἔπειθον

330 3332 603 3407 μηδεμίαν
682 3304 815 3385 εἶναι
877 3329 1164 3385 κοινωνίαν
1349 3304 1722 3406 Χριστομάχῳ
1782 3304 2056 3407 αἱρέσειῧ

329 3422 468 3498 πρὸς
514 3421 613 3487 τὴν
656 3416 955 3485 καθολικὴν
1012 3416 1359 3488 Ἐκκλησίαν,
1407 3418 1530 3473 τότε
1582 3419 1775 3473 λοιπὸν
1826 3418 1985 3473 Εὐσέ-

330 3506 473 3579 ϐιος,
505 3508 596 3562 τὸν
649 3507 836 3582 καιρὸν
888 3507 944 3560 ὃν
997 3506 1340 3583 συνεφώνησε
1390 3508 1523 3578 μετά
1568 3512 1671 3561 τῶν
1726 3507 1982 3562 Μελιτια-

329 3603 434 3652 νῶν
468 3595 779 3673 προφέρων,
828 3594 1018 3672 γράφει
1068 3594 1156 3648 καὶ
1208 3594 1377 3657 πείθει
1425 3595 1650 3657 τούτους
1683 3596 1983 3659 πλάσασθαι

328 3686 619 3763 πρόφασιν,
673 3683 766 3756 ’ίν’,
828 3682 1010 3758 ὥσπερ
1069 3684 1205 3737 κατὰ
1252 3681 1457 3759 Πέτρου
1505 3684 1593 3738 καὶ
1626 3682 1870 3758 Ἀχιλλᾶ
1895 3686 1984 3739 καὶ

333 3772 692 3849 Ἀλεξάνδρου
756 3771 1191 3845 μεμελετήκασιν
1224 3817 1237 3842 ,
1301 3772 1449 3826 οὕτω
1502 3772 1589 3826 καὶ
1649 3775 1765 3835 καθ’
1824 3776 1983 3845 ἡμῶν

334 3865 664 3934 ἐπινοήσωσι
697 3860 785 3915 καὶ
812 3858 1389 3937 θρυλλήσωσιᾘολλὰ
1418 3862 1513 3933 μὲν
1536 3861 1626 3914 οὗν
1661 3864 1986 3931 ζητήσαντες

333 3954 422 4009 καὶ
484 3953 561 4025 μή
621 3949 889 4022 εὐρόντες,
949 3948 1168 4025 ὕστερον
1230 3950 1364 4021 μετᾶ
1417 3951 1645 4025 γνώμης
1702 3955 1809 4004 τῶν
1864 3950 1986 4027 περὶ

335 4037 592 4098 Εὐσέϐιον
654 4039 991 4110 συντιθέασι,
1052 4037 1142 4092 καὶ
1200 4038 1529 4093 πλάττονται
1588 4040 1812 4115 πρώτην
1868 4061 1989 4094 κατ-

336 4130 560 4207 ηγορίαν
622 4126 711 4183 διὰ
769 4127 1009 4190 Ἰσίωνος
1061 4127 1151 4181 καὶ
1208 4124 1547 4201 Εὐδαίμονος
1600 4128 1688 4182 καὶ
1730 4126 1986 4183 Καλλινί-

337 4242 436 4276 κου
466 4221 579 4293 (73)
608 4217 732 4293 περὶ
782 4216 1081 4292 στιχαρίων
1116 4214 1304 4287 λινῶν,
1339 4216 1414 4278 ὡς
1449 4216 1584 4288 ἐμοῦ
1632 4217 1830 4271 κανόνα
1872 4224 1988 4279 τοῖς

337 4306 660 4385 Αἰγυπτίοις
712 4301 1092 4376 ἐπιϐαλόντος,
1144 4305 1231 4359 καὶ
1280 4307 1534 4380 πρώτους
1587 4305 1780 4368 αὐτοὺς
1831 4306 1989 4361 ἀπαι-

338 4400 633 4469 τήσαντος.
688 4392 865 4449 Ἀλλὰ
910 4388 1282 4469 πρεσϐυτέρων
1332 4393 1612 4470 ἡμετέρων
1670 4396 1989 4467 εὑρεθέντων

343 4486 470 4558 ἐκεῖ,
503 4484 593 4541 καὶ
630 4481 899 4559 βασιλέως
930 4480 1242 4552 ἀκούοντος,
1284 4484 1748 4558 κατεγνώσθησαν.
1783 4484 1845 4536 Οἱ
1897 4484 1991 4556 μὲν

345 4612 544 4691 missi,
572 4612 773 4691 narrat
814 4606 1062 4691 epistola
1090 4607 1331 4691 Nicmnze
1360 4608 1565 4691 synodi
1595 4610 1749 4691 apud
1790 4611 1993 4691 Soc‘ra:

346 4690 464 4739 tem
497 4670 544 4737 l'.'
569 4699 608 4749 ι,
637 4697 687 4735 c.
720 4682 802 4752 97:
838 4670 1067 4734 Meletio
1098 4679 1319 4735 scilicet
1356 4670 1611 4752 episcopi
1631 4670 1857 4735 .nomen
1890 4682 2002 4736 fuit
2035 4670 2076 4732 D

350 4769 717 4819 concessum,
750 4751 832 4805 ita
860 4756 1056 4806 tamen
1090 4757 1154 4806 ut
1184 4752 1233 4805 is
1266 4751 1831 4823 omnibus’episcopi
1864 4754 1999 4808 fun-

352 4826 646 4882 ctionibus
670 4824 747 4879 sit
770 4823 1136 4878 interdictus.
1157 4823 1264 4889 Qui
1284 4840 1418 4879 vero
1441 4840 1475 4879 a
1495 4824 1725 4879 Meletlo
1749 4824 2002 4879 ordinati

354 4898 604 4961 fuerant,
630 4896 701 4950 ad
732 4895 1203 4967 communionem
1227 4900 1284 4950 et
1306 4896 1373 4950 ad
1412 4894 1635 4967 reliqua
1658 4895 1747 4950 sui
1782 4895 2005 4951 ordinis

355 4967 688 5023 ministeria
717 4966 987 5022 obeunda
1009 4967 1221 5038 recepti
1248 4972 1405 5033 sunt,
1429 4983 1497 5021 ea
1518 4966 1663 5037 lege,
1688 4974 1751 5021 ut
1776 4969 1833 5021 in
1867 4984 2007 5022 una-

354 5055 589 5112 quaque
620 5038 887 5112 paroecia,
919 5038 1015 5112 vel_
1052 5039 1315 5112 ecclesia,
1350 5040 1605 5112 secundo
1639 5038 1762 5093 loco
1812 5044 2009 5093 essent

358 5106 433 5169 ab
467 5106 539 5164 iis
589 5106 735 5180 quos
761 5106 1088 5163 Alexander
1134 5110 1491 5176 ordinasset;
1527 5111 1670 5164 adeo
1720 5117 1913 5164 tamen
1944 5115 2009 5164 ut

354 5181 616 5265 episcopi
636 5180 961 5265 Alexandro
989 5181 1235 5265 subjecti
1266 5182 1498 5265 injussu
1532 5182 1753 5265 n‘ullam
1777 5182 2008 5263 ordina-

356 5249 602 5323 tionem,
626 5255 727 5307 aut
754 5249 911 5326 aliud
944 5249 1341 5323 quodcunque
1361 5254 1431 5309 ad
1466 5252 1719 5308 ecclesiae
1751 5254 2010 5326 regimen

353 5322 627 5399 spectans
660 5322 1136 5399 aggrederentur.

429 5398 540 5469 (69)
570 5395 659 5451 Sic
692 5390 832 5469 REg.
868 5394 1015 5448 Editi
1042 5410 1196 5469 vero,
1231 5390 1474 5469 δέξασθαί
1505 5414 1563 5448 τε
1592 5393 1958 5469 τον-Ἄρειον.

455 5463 547 5538 70')
707 5463 969 5540 πρὸτερον
1028 5465 1131 5540 καὶ-
1170 5466 1593 5540 νῦν-,πέπονθαι
1637 5467 1738 5540 His
1790 5463 2017 5523 indicat

358 5536 722 5595 Athanasius
752 5536 1009 5608 primum
1044 5536 1136 5592 sui
1175 5537 1446 5593 exsilium
1478 5538 1535 5592 in
1571 5538 1795 5604 Galliis,
1828 5557 1894 5594 ac
1925 5557 2013 5594 se-

361 5611 630 5667 cundum
663 5615 937 5681 quoipost
957 5609 1217 5681 Gregorii
1252 5610 1640 5665 intrusionem
1666 5618 1889 5681 scptem
1922 5628 2019 5665 an-

365 5698 476 5739 nos
511 5679 754 5736 extorris
782 5680 907 5754 fuit.
927 5679 1193 5754 Voceque
1214 5685 1304 5734 νῦν
1331 5682 1524 5754 innuit
1544 5698 1605 5735 se
1628 5679 1748 5737 non
1764 5683 1864 5737 diu
1888 5688 2021 5754 post

369 5768 549 5816 suum
579 5767 649 5811 ex
677 5753 933 5810 secundo
969 5752 1172 5813 exsilio
1204 5754 1460 5812 reditum
1500 5752 1651 5810 hanc
1690 5752 2020 5829 apologiam

2012 1938 2061 2002 B

2084 657 2319 723 exactis,
2350 658 2493 712 obiit
2522 660 2699 713 beatae
2732 659 3023 713 memoriae
3055 657 3413 714 Alexander:
3438 660 3730 715 Meletiani

2082 760 2214 797 vero
2244 762 2389 815 quos
2412 746 2708 816 quiescere
2730 764 2833 817 par
2862 751 3077 811 erat,et
3108 747 3306 818 gratiae
3338 746 3462 803 loco
3492 748 3728 815 habere,

2085 834 2239 904 quod
2273 833 2469 905 aliqua
2498 834 2703 890 saltem
2728 835 2950 891 ratione
2971 836 3029 889 in
3055 835 3369 891 Ecclesiam
3396 842 3594 891 essent
3626 838 3731 892 ad-

2086 922 2273 989 missi,
2307 939 2466 977 more
2497 940 2710 977 canum
2744 941 2858 978 non
2889 924 3049 979 obliti
3087 925 3370 979 vomitum
3402 940 3599 989 suum,
3633 924 3733 979 ite-

2085 1027 2213 1064 rum
2246 1012 2667 1081 perturbahant
2700 1013 3002 1067 Ecclesiae.
3033 1014 3392 1085 Quapropter
3422 1014 3729 1081 Eusebius,

2085 1116 2146 1153 re
2175 1102 2427 1173 cognita,
2453 1117 2585 1155 cum
2621 1106 2774 1155 esset
2815 1102 2941 1172 ipse
2970 1102 3189 1156 Arianae
3222 1103 3508 1157 haereseos
3538 1106 3737 1173 patro-

2088 1205 2220 1255 nus,
2256 1188 2435 1242 mittit
2467 1190 2535 1242 ad
2571 1188 2931 1257 Meletianos,
2956 1206 3104 1260 quos
3138 1190 3367 1262 magnis
3398 1190 3511 1245 sibi
3559 1188 3731 1261 polli-

2087 1276 2463 1331 citationibus
2484 1277 2766 1345 devincit;
2798 1278 3061 1348 initaque
3090 1295 3222 1333 cum
3249 1278 3367 1333 illis
3399 1278 3731 1333 clanculum

2087 1366 2364 1429 amicitia,
2402 1366 3029 1437 negotium'constituit
3075 1367 3187 1422 sibi
3231 1371 3557 1438 opportuno
3586 1370 3733 1422 tem-

2088 1471 2225 1526 pore
2278 1456 2620 1526 gerendum.
2659 1454 2946 1527 Principio
2978 1454 3238 1527 quidem,
3280 1456 3479 1511 missis
3523 1456 3594 1510 ad
3643 1470 3737 1511 me

2088 1542 2301 1598 litteris
2333 1543 2770 1615 cohortabatur,
2803 1548 2869 1597 ut
2898 1544 3214 1615 reciperem
3244 1544 3511 1610 Arianos,
3539 1543 3621 1597 ita
3647 1548 3735 1598 ta-

2090 1648 2222 1686 men
2255 1636 2321 1686 ut
2348 1632 2537 1687 verbis
2578 1650 2694 1687 non
2745 1633 2981 1704 scriptis
3030 1634 3375 1703 minaretur,
3399 1632 3616 1704 scripto
3647 1647 3739 1686 ro-

2090 1725 2269 1792 garet.
2306 1720 2395 1775 Me
2428 1726 2625 1776 autem
2674 1726 3059 1792 repugnante,
3094 1738 3159 1777 ac
3209 1722 3597 1793 respondente
3626 1718 3744 1774 mi-

2093 1808 2249 1864 nime
2281 1808 2646 1879 recipiendos
2674 1826 2803 1865 esse
2846 1814 3133 1865 haereseos
3164 1810 3519 1875 inventores,
3553 1824 3619 1863 ac
3648 1824 3743 1863 ve-

2091 1896 2247 1951 ritati
2279 1897 2542 1953 infensos
2588 1897 2882 1965 homines,
2915 1898 3403 1970 anathemateque
3433 1897 3745 1953 damnatos

2092 1986 2165 2040 ab
2195 1984 2551 2040 meumenica
2581 1986 2835 2058 synodo;
2867 1985 3207 2057 imperatori
3229 1986 3415 2042 beata:
3444 1983 3742 2041 memoria

2093 2072 2477 2128 Constantino
2504 2077 2705 2128 auctor
2738 2073 2869 2143 fuit,
2902 2078 2967 2127 ut
2996 2072 3140 2127 mihi
3176 2073 3541 2140 rescriberet,
3569 2072 3750 2127 inter-

2094 2162 2355 2217 minatus
2385 2160 2444 2215 ni
2474 2162 2719 2217 Arianos
2741 2162 3110 2217 admitterem
3144 2161 3217 2216 ad
3248 2160 3748 2227 communionem,

2095 2267 2188 2306 me
2211 2249 2281 2305 iis
2303 2250 2575 2305 affectum
2596 2250 2665 2304 iri
2690 2250 3106 2322 malis,quibus
3127 2251 3322 2321 etjam
3345 2248 3486 2305 olim
3512 2253 3569 2304 et
3587 2248 3747 2303 haud

2096 2340 2176 2394 ita
2219 2340 2447 2411 pridem
2497 2356 2628 2395 sum
2679 2340 2942 2395 affectus.
2976 2340 3121 2395 Ecce
3172 2342 3397 2411 partem
3458 2336 3743 2409 epistolas,

2095 2444 2273 2499 quam
2304 2427 2565 2483 detulere
2595 2427 2917 2500 Syncletius
2940 2432 2996 2483 et
3018 2427 3381 2483 Gaudentius
3410 2425 3654 2481 Palatini
3689 2443 3702 2480 :

2228 2537 2377 2589 141
2418 2540 2559 2590 Pars
2588 2536 2833 2606 epistolae
2861 2535 3205 2606 imperatoris
3237 2533 3608 2590 Constantini.

2166 2624 2312 2678 Cum
2361 2623 2542 2693 igitur
2579 2623 2940 2679 voluntatem
2990 2639 3183 2679 meam
3233 2625 3592 2694 compertam
3640 2619 3745 2674 ha-

2095 2713 2255 2781 beas,
2289 2712 2565 2767 omnibus
2596 2712 2695 2783 qui
2741 2712 2799 2765 in
2833 2711 3151 2767 Ecclesiam
3184 2710 3415 2767 admitti
3444 2711 3744 2781 expetunt,

2096 2803 2318 2873 absque
2357 2800 2776 2871 impedimento
2826 2800 3159 2872 ingressum
3207 2799 3479 2871 prebeto.
3504 2798 3565 2853 Si
3596 2813 3746 2869 quos

2096 2896 2291 2945 autem
2340 2888 2605 2945 Ecclesiae
2654 2889 2864 2944 sociari
2898 2890 3199 2961 cupientes
3244 2892 3301 2943 te
3349 2886 3744 2960 prohibuisse,

2096 2986 2197 3035 aut
2254 2979 2371 3033 illis
2428 2979 2654 3033 aditum
2716 2977 3117 3033 interclusisse
3173 2978 3451 3047 didicero,
3509 2976 3743 3031 mittam

2098 3068 2538 3141 quamprimum
2571 3067 2669 3137 qui
2705 3072 2761 3121 te
2793 3068 2965 3137 jussu
3002 3082 3130 3121 meo
3162 3066 3411 3131 abdicet,
3442 3069 3498 3119 et
3526 3082 3557 3119 e
3588 3063 3739 3119 sedi-

2096 3158 2207 3213 bus
2239 3156 2552 3212 transferat
2580 3155 2720 3210 tuis.

2165 3248 2254 3300 60.
2288 3246 2432 3301 Cum
2468 3250 2661 3299 tamen
2709 3244 2920 3300 litteris
2952 3244 3099 3299 meis
3131 3243 3468 3314 imperatori
3516 3241 3742 3297 suasis-

2096 3351 2242 3399 sem,
2271 3333 2492 3389 nullam
2526 3334 2735 3388 debere
2764 3332 2968 3388 haeresi
2994 3332 3220 3387 Christo
3246 3332 3575 3388 adversanti
3604 3347 3742 3386 cum

2095 3423 2381 3479 catholica
2403 3421 2659 3477 Ecclesia
2686 3437 2815 3477 esse
2837 3420 3332 3488 communionem,
3350 3424 3477 3474 tum
3502 3420 3743 3475 demum

2094 3518 2327 3584 tempus
2346 3512 2417 3565 de
2436 3528 2549 3581 quo
2568 3527 2700 3564 cum
2718 3509 3042 3565 Meletianis
3059 3515 3405 3564 convenerat
3421 3525 3482 3563 se
3504 3512 3744 3563 nactum

2096 3602 2409 3657 ostendens
2442 3600 2745 3664 Eusebius,
2780 3587 2980 3653 missis
3012 3600 3082 3653 ad
3127 3615 3225 3653 eos
3278 3598 3508 3668 litteris,
3542 3600 3747 3652 auctor

2096 3692 2227 3755 fuit,
2252 3694 2316 3744 ut
2347 3705 2492 3743 novo
2530 3692 2858 3743 commento
2884 3688 2997 3755 usi,
3025 3687 3187 3758 paria
3218 3687 3289 3742 iis
3311 3704 3437 3759 qum
3457 3687 3597 3742 olim
3623 3687 3745 3741 fue-

2096 3783 2230 3834 rant
2256 3782 2458 3833 contra
2487 3777 2743 3844 Petrum,
2777 3775 3083 3843 Achillam,
3107 3782 3164 3831 et
3190 3776 3581 3831 Alexandrum
3616 3791 3745 3830 mo-

2096 3868 2204 3935 liti,
2221 3870 2345 3939 jam
2370 3868 2679 3922 adversum
2702 3883 2808 3921 nos
2829 3866 3221 3938 excogitarent
3245 3870 3303 3921 et
3332 3865 3591 3937 undique
3616 3880 3745 3936 per-

2096 3957 2419 4030 vulgarent.
2446 3954 2644 4010 Multis
2675 3955 2853 4027 igitur
2874 3953 3244 4026 conquisitis,
3266 3971 3399 4010 cum
3427 3952 3572 4009 nihil
3594 3953 3751 4008 inve-

2100 4048 2345 4115 nissent,
2392 4043 2625 4099 Eusebii
2682 4043 2919 4099 tandem
2973 4043 3215 4099 consilio
3264 4043 3416 4099 hanc
3464 4044 3746 4115 priorem,

2100 4136 2331 4201 Isionis,
2358 4133 2727 4189 Eudaemonis
2766 4137 2822 4187 et
2868 4132 3130 4188 Callinici
3177 4149 3370 4204 opera,
3403 4133 3747 4204 confingunt

2101 4222 2599 4289 criminationem;
2633 4222 2704 4276 de
2751 4220 2922 4276 lineis
2962 4238 3172 4293 nempe
3203 4220 3520 4288 stichariis,
3572 4221 3745 4292 quasi

2102 4330 2206 4385 ego
2229 4312 2413 4384 legem
2440 4309 2719 4382 /Egyptiis
2741 4308 3054 4377 dedissem,
3076 4326 3142 4364 ac
3172 4325 3239 4365 ea
3268 4310 3495 4381 primus
3524 4310 3749 4380 exegis-

2103 4419 2226 4458 sem
2276 4403 2349 4455 ab
2398 4399 2531 4454 illis.
2567 4402 2641 4453 At
2685 4414 2817 4453 cum
2849 4415 2916 4453 ex
2965 4398 3315 4469 presbyteris
3366 4397 3583 4453 nostris
3630 4397 3752 4452 illic

2103 4496 2231 4547 tum
2291 4488 2534 4560 repertis
2574 4488 2656 4542 rei
2703 4486 3002 4542 veritatem
3053 4486 3355 4542 didicisset
3410 4487 3748 4558 imperator,

2108 4614 2447 4685 scripsisse;
2481 4617 2547 4667 ut
2576 4612 2636 4667 in
2666 4610 3077 4685 Admonitione
3106 4611 3384 4685 diximus.

2180 4682 2293 4758 (7'1)
2329 4686 2443 4740 Hoc
2475 4683 2730 4758 epistolae
2757 4683 3126 4758 Constantini
3159 4684 3553 4758 fragmentum
3586 4682 3759 4758 habe-

2112 4754 2207 4813 tur
2246 4754 2386 4811 item
2435 4754 2588 4827 apud
2638 4761 2793 4809 Socr.
2830 4756 2928 4809 lib.
2963 4772 3001 4819 ι,
3036 4771 3161 4825 cap.
3193 4754 3369 4827 27,7et
3400 4755 3559 4827 apud
3584 4754 3759 4827 sozo-

2114 4845 2373 4885 memum
2406 4825 2507 4882 lib.
2535 4844 2594 4889 ιι,
2616 4845 2662 4882 c.
2683 4830 2772 4895 22,
2797 4827 2895 4898 qui
2923 4842 2991 4880 ex
3024 4826 3342 4882 Athanasio
3374 4825 3781 4897 complurima:

2114 4919 2240 4973 qua:
2273 4900 2490 4973 ibidem
2523 4900 2774 4973 all'erunt
2802 4902 3171 4973 acceperunt.

2188 4974 2297 5044 (7'2)
2331 4971 2501 5037 Editi,
2538 4970 2611 5044 ὡς
2646 4968 2711 5034 εἰ,
2740 4970 2840 5044 sed
2880 4967 2955 5044 ei"
2988 4986 3119 5023 cum
3161 4970 3322 5044 apud
3358 4970 3516 5044 Socr.
3543 4970 3609 5044 _ct
3636 4970 3762 5022 Soz.

2118 5038 2230 5098 non
2265 5038 2510 5113 legatur,
2544 5043 2599 5095 in
2634 5048 2772 5112 Reg.
2806 5040 3093 5113 delectum
3128 5038 3224 5105 sit,
3257 5046 3311 5094 et
3342 5038 3559 5113 alioqui
3589 5054 3761 5109 supe-

2119 5116 2370 5180 rel'ilnat,
2395 5119 2752 5184 expunctum
2784 5118 2893 5167 est.
2918 5112 3095 5167 Paulo
3128 5118 3262 5183 post
3291 5113 3427 5184 Reg.
3454 5117 3511 5166 et
3534 5112 3765 5165 Sozom.

2120 5183 2567 5260 ροείιάποστελξὶ)
2602 5185 3211 5260 ῌ-ἂῦεηῒ-παραχρῆμα.
3386 5183 3425 5260 "_
3468 5252 3478 5260 _
3734 5250 3744 5260 .

2193 5259 2401 5331 (73)7ln
2426 5256 2644 5331 iMeletii
2679 5250 2965 5331 graviari'o
3000 5250 3379 5331 nominantur
3406 5252 3559 5331 l_si_on
3583 5250 3772 5331 Athri-

2123 5322 2294 5390 beos,
2318 5330 2631 5382 Eudzemon
2683 5328 2932 5393 Taneos,
2963 5332 3020 5381 et
3048 5326 3363 5383 Callinicus
3410 5322 3619 5379 Pelusii
3649 5322 3771 5393 epi-_

2125 5400 2283 5471 scopi
2316 5399 2628 5467 Meletiani,
2663 5399 2764 5471 qui
2810 5391 3081 5471 videntur
3127 5398 3309 5471 iidem
3354 5396 3467 5471 ipsi
3514 5391 3775 5471 esseitiui

2126 5465 2875 5541 hic'memorantu'rfPaulo
2908 5475 3057 5539 post,
3090 5465 3603 5541 «amicali—iamiam
3650 5470 3777 5541 Στι-

2127 5540 2314 5615 χάρια,
2346 5548 2533 5615 vestes
2582 5558 2709 5611 quae
2742 5536 3066 5615 episcopis,
3101 5536 3479 5615 presbyteris,
3514 5536 3777 5615 diaconis

2128 5608 2185 5667 et
2208 5608 2751 5668 'subdiaconis'usui
2786 5608 2972 5666 erant:
2994 5608 3201 5665 Lineas
3238 5608 3415 5665 fuisse
3447 5626 3579 5664 cum
3606 5608 3779 5663 Atha-

2130 5686 2294 5740 nasio
2346 5686 2511 5740 aiunt
2560 5686 2825 5738 Socrates
2872 5690 2927 5738 et
2968 5690 3340 5737 Sozomenus.
3385 5681 3459 5737 De
3509 5679 3601 5736 his
3651 5679 3781 5742 fuse

2130 5757 2384 5831 Cangius
2417 5757 2475 5813 in
2511 5754 2676 5813 Gloss.
2712 5756 2909 5815 mediae
2938 5759 2989 5814 et
3014 5756 3117 5831 inf.
3152 5753 3322 5814 Graec.
