4152 6432
348 439 468 500 359

894 434 959 495 s.
1005 432 1430 494 ATHANASll
1474 431 1648 492 opp.
1696 430 1899 491 PARS
1945 429 2105 491 1.-
2135 404 2563 492 HISTORICA
2607 428 2707 489 ET
2752 425 3239 489 DOGMATICA.

3638 426 3760 489 360

348 566 552 625 eorum
583 565 946 639 deprehensa
974 562 1267 619 calumnia
1309 566 1416 634 est,
1447 565 1727 633 erantque
1758 560 1992 634 presby-

2111 578 2201 612 ουν
2252 552 2604 635 πρεσϐύτεροι
2653 558 2810 630 ἦσαν,
2860 558 3022 618 ”Απις
3075 557 3190 629 (74)
3247 554 3336 611 καὶ
3394 554 3691 632 Μακάριος·
3729 556 3758 611 ὁ

349 657 463 714 teri
492 655 576 711 illi
617 655 759 727 Apis
789 658 847 710 et
883 652 1189 708 Macarius.
1213 651 1389 707 Porro
1420 650 1741 723 imperator
1768 649 1997 705 litteras

353 745 537 815 misit,
560 743 778 817 quibus
807 741 1015 798 Isionis
1045 741 1266 797 factum
1304 741 1614 807 damnans,
1647 756 1755 795 nos
1784 754 1995 811 praece-

352 834 441 907 pit
468 849 597 890 sese
626 832 807 889 adire.
841 830 940 887 Hae
969 835 1110 886 sunt
1137 833 1334 885 autem
1366 828 1477 884 illa:
1506 827 1709 883 litterae
1744 868 1757 881 .
1805 868 1819 882 .
1865 869 1878 882 .
1920 868 1932 880 .
1978 868 1993 883 .

423 920 710 979 Eusebius
740 936 801 976 re
829 922 1128 992 comperta
1164 917 1371 974 suadet
1414 916 1550 986 illis,
1582 922 1649 972 ut
1678 933 1750 972 ne
1778 913 1997 971 isthinc

352 1011 647 1068 secedant.
693 1009 957 1080 Cumque
1012 1006 1400 1077 advenissem,
1425 1005 1745 1060 Macarium
1804 1005 1996 1059 denuo

351 1101 424 1156 de
453 1099 745 1156 confracto
782 1097 962 1153 calice
988 1094 1338 1152 insimulant
1369 1119 1383 1151 :
1418 1093 1681 1165 mihique
1726 1093 1879 1149 haud
1915 1092 1996 1148 1e-

348 1205 500 1258 vem,
524 1188 642 1244 imo
673 1186 939 1244 omnium
970 1183 1399 1242 atrocissimam
1428 1182 1759 1255 imposuere
1779 1181 1993 1237 calum-

350 1278 543 1348 niam;
582 1277 739 1349 quod
788 1274 1012 1332 scilicet
1056 1273 1393 1346 imperatori
1440 1272 1800 1338 adversatus,
1851 1270 1994 1326 scri-

351 1367 518 1424 nium
547 1365 846 1422 misissem
890 1366 1016 1419 auri
1060 1360 1301 1434 plenum
1348 1360 1583 1416 cuidam
1632 1358 1994 1416 Philumeno.

349 1455 567 1512 Verum
604 1453 706 1509 ubi
754 1468 861 1508 nos
918 1451 1237 1523 imperator
1288 1449 1440 1505 hanc
1484 1465 1716 1521 quoque
1771 1448 1997 1504 calum-

348 1544 513 1600 niam
565 1542 933 1598 confutantes
988 1537 1401 1596 Psammathite
1457 1537 1739 1605 audisset,
1784 1536 1870 1591 illi
1927 1537 1999 1591 de

350 1649 514 1690 more
541 1631 675 1688 falsi
704 1628 971 1697 convicti,
1000 1626 1227 1699 expulsi
1266 1631 1427 1684 sunt.
1459 1626 1640 1682 Nobis
1673 1629 1872 1683 autem
1903 1642 1997 1681 re-

351 1721 691 1787 deuntibus,
721 1718 831 1775 has
878 1719 1194 1788 imperator
1223 1716 1294 1772 ad
1338 1713 1585 1788 populos
1628 1713 1788 1771 dedit
1832 1712 1999 1769 litte-

352 1826 496 1868 ras:

578 1928 1073 1990 CONSTANTINUS
1107 1928 1402 1987 MAXIMUS
1436 1927 1777 1986 AUGUSTUS

524 2040 727 2113 populo
772 2035 1162 2095 Alexandrino
1206 2036 1491 2093 catholicae
1539 2036 1815 2094 Ecclesiae.

419 2184 510 2239 61.
547 2181 746 2237 Dilecti
793 2180 1026 2246 fratres,
1073 2175 1264 2234 saluto
1310 2193 1433 2246 vos,
1483 2177 1669 2233 Deum
1718 2178 1996 2236 invocans

349 2271 673 2330 maximum
698 2266 1020 2327 voluntatis
1049 2282 1188 2322 mea:
1218 2269 1451 2336 testem,
1487 2270 1817 2338 nostraeque
1848 2267 1996 2341 legis

348 2359 718 2435 unigenitum
748 2354 1205 2425 creatorem,qui
1230 2353 1291 2409 in
1313 2353 1580 2410 omnium
1599 2354 1780 2411 vitam
1812 2356 1998 2412 domi-

349 2457 555 2517 natum
598 2449 840 2518 obtinet,
870 2449 929 2502 et
955 2442 1282 2502 discordias
1312 2443 1455 2499 odit.
1485 2443 1703 2500 Verum
1734 2444 1875 2517 quid
1905 2446 1993 2502 di-

349 2538 515 2597 cam?
546 2554 618 2595 an
647 2535 868 2594 scilicet
914 2551 1022 2591 nos
1050 2534 1200 2589 bene
1238 2531 1468 2590 valere?
1496 2533 1600 2589 sed
1632 2533 1818 2589 multo
1867 2535 1994 2591 feli-

347 2627 491 2685 ciori
518 2625 767 2684 sanitate
811 2623 925 2680 frui
970 2621 1191 2693 liceret,
1218 2623 1268 2678 si
1314 2639 1418 2678 vos
1461 2625 1667 2678 mutuo
1714 2623 1995 2695 depositis

349 2717 502 2774 odiis
530 2713 844 2773 amaretis:
878 2728 993 2784 quo
1023 2711 1243 2766 factum
1271 2714 1361 2767 est
1392 2717 1456 2766 ut
1495 2712 1994 2769 contentiosorum

348 2805 658 2862 hominum
674 2799 943 2875 procellis
960 2798 1289 2856 dilectionis
1305 2798 1718 2870 reliquerimus
1736 2806 1992 2872 portum.

350 2894 395 2952 Ο
425 2910 550 2951 rem
571 2890 889 2949 absurdam
909 2891 921 2946 l
951 2888 1156 2961 quanti
1180 2888 1439 2959 quotidie
1461 2904 1633 2944 casus
1654 2904 1759 2960 per
1778 2889 1993 2945 tumul-

347 2988 582 3041 tuosam
609 2979 893 3039 invidiam
923 2977 1286 3034 excitantur!
1319 2977 1412 3033 Sic
1451 2981 1541 3034 est
1569 2979 1643 3033 ad
1675 2978 1778 3034 Dei
1809 2994 1995 3051 popu-

346 3071 475 3129 lum
504 3070 749 3127 infamia
772 3066 1075 3124 translata.
1108 3067 1398 3132 Quorsum
1429 3066 1613 3139 igitur
1626 3067 1873 3139 justitiie
1905 3085 1995 3124 re.

346 3159 523 3218 cessit
550 3158 720 3225 ﬁdes,
750 3173 884 3213 cum
925 3158 1091 3212 tanta
1125 3155 1502 3211 tenebrarum
1533 3154 1782 3229 caligine
1810 3157 1994 3214 invol-

2026 1922 2079 1991 B

2104 644 2163 701 δὲ
2219 646 2471 723 βασιλεὺς
2546 646 2737 725 γράφει
2812 645 3229 721 καταγινώσκων
3307 645 3401 718 μὲν
3469 644 3709 708 Ἱσίωνος
3742 688 3758 715 ,

2102 733 2339 791 κελεύων
2392 733 2450 791 δὲ
2480 736 2577 809 ἐμὲ
2623 736 2923 805 ἀπαντῆσαι
2972 734 3108 811 πρὸς
3159 734 3340 789 αὐτόν.
3394 733 3493 792 Καὶ
3540 735 3609 790 τὰ
3661 734 3756 809 μὲν

2099 825 2370 902 γραφέντα
2416 824 2527 879 ἐστὶ
2569 830 2737 879 ταῦτα
2765 826 2903 897 (75).
2984 865 2996 878 .
3080 867 3091 880 .
3173 865 3185 878 .
3268 865 3282 880 .
3364 864 3377 877 .
3458 866 3471 880 .
3551 864 3563 877 .
3647 865 3660 878 .
3741 864 3755 878 .

2176 914 2232 967 Ὀ
2260 910 2317 968 δὲ
2370 908 2625 976 Εὐσέϐιος
2688 914 2896 987 μαθὼν,
2954 911 3126 993 πείθει
3181 912 3491 987 περιμένειν
3536 912 3754 993 αὐτούς.

2105 1000 2204 1056 Καὶ
2236 1000 2490 1066 ἐλθόντος
2526 1025 2653 1075 μου,
2691 985 3069 1078 κατηγοροῦσι
3119 985 3283 1058 πάλιν
3334 985 3616 1077 Μακαρίου
3660 1002 3756 1076 μὶν

2103 1090 2227 1166 περὶ
2286 1090 2574 1163 ποτηοίου,
2637 1089 2735 1163 ἐμὲ
2792 1088 2851 1145 δὲ
2901 1090 2962 1145 οὐ
3010 1091 3108 1158 τήν
3157 1095 3427 1166 τυχοῦσαν
3466 1086 3756 1165 διαϐολὴν,

2104 1177 2250 1234 ἀλλὰ
2292 1180 2391 1247 τὴν
2452 1178 2711 1235 ἀνωτάτω
2767 1184 2973 1250 πασῶν,
3033 1178 3117 1234 ὅτι
3167 1176 3257 1251 δή,
3307 1181 3444 1235 κατὰ
3487 1178 3757 1256 βασιλέως

2104 1268 2418 1344 γενόμενος,
2451 1264 2670 1343 ἔπεμψα
2706 1268 3101 1345 γλωσσόκομον
3150 1268 3382 1346 χρυσίου
3427 1268 3759 1344 Φιλουμένῳ

2103 1357 2229 1414 τινί.
2285 1358 2341 1411 '0
2402 1357 2496 1430 μὶν
2558 1355 2650 1412 οὖν
2715 1354 2968 1433 βασιλεὺς
3024 1357 3114 1413 καὶ
3170 1357 3294 1433 περὶ
3345 1357 3549 1430 ταύτης
3602 1358 3655 1414 ἐν
3685 1363 3756 1435 τῇ

2106 1445 2413 1519 Ψαμμαθίᾳ
2466 1448 2579 1520 (76)
2634 1443 2863 1515 ¹ἤκουσεν
2923 1448 3083 1519 ἡμῶν
3110 1489 3129 1520 ,
3180 1446 3334 1501 αὐτοὶ
3392 1444 3451 1502 δὲ
3508 1450 3756 1519 συνήθως

2105 1536 2569 1611 καταγνωσθέντες
2627 1533 2942 1613 ἐρρίφησαν·
3001 1535 3091 1590 καὶ
3148 1538 3342 1614 γράφει
3399 1543 3517 1600 τοῖς
3577 1537 3757 1610 λαοῖς,

2108 1624 2375 1700 ἐπανερχο
2385 1624 2559 1696 μένων
2587 1624 2770 1697 ἡμῶν,
2802 1628 2987 1690 ταῦτα,

2284 1928 2802 1985 ΚΩΝΣΤΑΝΤΙΝΟΣ
2841 1930 3173 1984 ΜΕΓΙΣΤΟΣ
3212 1932 3564 1985 ΣΕΒΔΣΤΟΣ

2103 2039 2183 2107 τῷ
2214 2033 2331 2108 λαῷ
2358 2038 2438 2107 τῷ
2463 2035 2600 2090 κατά
2630 2031 3031 2109 Ἀλεξάνδρειαν
3063 2033 3365 2106 καθολικῆς
3406 2036 3752 2109 Ἐκκλησίας.

2173 2180 2262 2236 61.
2300 2176 2600 2254 ’Δγαπητοὶ
2657 2174 2908 2255 ἀδελφοὶ,
2967 2178 3356 2253 προσαγορεύω
3413 2179 3577 2254 ύμᾶς,
3636 2181 3752 2237 ἐπι-

2104 2266 2443 2339 καλούμενος
2492 2267 2584 2321 τὸν
2631 2266 2759 2321 Θεὸν
2813 2266 2906 2320 τὸν
2954 2269 3053 2336 τῆς
3103 2266 3240 2339 ἐμῆς
3295 2265 3615 2343 βουλήσεως
3658 2271 3753 2344 μέ..

2102 2377 2286 2432 γιστον
2342 2355 2607 2431 μάρτυρα,
2639 2355 2729 2411 καὶ
2774 2355 2867 2409 τὸν
2918 2359 3015 2411 τοῦ
3062 2355 3335 2432 ἡμετέρου
3377 2357 3553 2431 νόμου
3582 2364 3756 2416 Μονο-

2103 2447 2236 2520 γενῆ
2267 2442 2625 2520 δημιουργὸν,
2657 2444 2718 2506 ὃς
2748 2443 2837 2499 καὶ
2884 2446 2985 2513 τῆς
3038 2446 3181 2513 ζωῆς
3212 2445 3598 2519 προκαθέζεται
3644 2455 3753 2508 τῶν

2104 2534 2351 2589 ἁπάντων
2388 2575 2403 2601 ,
2460 2532 2550 2586 καὶ
2621 2532 2718 2594 τὰς
2794 2529 3075 2607 διχονοίας
3154 2539 3320 2606 μισεῖ.
3376 2533 3530 2605 Πλήν
3582 2539 3635 2594 τί
3693 2540 3751 2595 ἂν

2104 2618 2316 2695 εἴποιμι
2342 2640 2356 2691 ;
2390 2618 2473 2676 ὅτι
2503 2618 2687 2683 καλῶς
2719 2620 3026 2697 ὑγιαίνομεν
3059 2640 3073 2691 ;
3108 2619 3258 2679 Ἀλλ’
3290 2622 3408 2695 ἐξῆν
3457 2624 3752 2691 καλλίονος

2102 2708 2406 2765 ἀπολαῦσαι
2461 2712 2560 2778 τῆς
2619 2709 2933 2786 εύρωστίας,
2984 2710 3030 2765 εἰ
3071 2711 3210 2784 ὑμᾶς
3269 2712 3465 2777 αὐτοὺς
3516 2712 3751 2789 ἀμοιϐα-

2104 2795 2187 2861 δὶς
2219 2800 2329 2873 (77)
2359 2800 2627 2873 ἠγαπᾶτε,
2677 2798 3096 2872 ἀποσεισάμενοι
3125 2801 3194 2855 τὰ
3224 2801 3381 2875 μίση,
3414 2799 3483 2857 δι’
3514 2805 3588 2859 ὧν
3633 2810 3752 2869 ταῖς

2100 2891 2206 2943 τῶν
2267 2885 2702 2964 ἐρεσχελούντων
2748 2888 3060 2965 τρικυμίαις
3107 2889 3200 2945 τὸν
3260 2889 3458 2967 λιμένα
3500 2896 3599 2963 τῆς
3629 2894 3757 2972 ἀγά-

2102 2997 2213 3047 πης
2261 2974 2709 3052 ἐγκατελίπομεν.
2763 2981 2872 3032 Φεῢ
2918 2980 3020 3047 τῆς
3069 2977 3295 3042 ἀτοπίας
3341 2981 3545 3053 ταύτης
3574 2985 3587 3039 l
3621 2989 3755 3041 Ὅσα

2101 3071 2219 3129 καθ’
2275 3064 2501 3135 ἑκάστην
2551 3065 2758 3142 ἡμέραν
2814 3067 3194 3141 συμπτώματα
3249 3070 3362 3144 (78)
3418 3075 3516 3126 τοῦ
3563 3092 3757 3148 συγκε-

2102 3153 2347 3229 χυμένου
2402 3153 2602 3232 φθόνου
2648 3159 2873 3210 κινεῖται
2904 3158 2915 3211 l
2951 3154 3105 3211 Οὕτω
3146 3157 3283 3233 πρὸς
3333 3158 3422 3213 τὸν
3474 3157 3604 3215 λαὸν
3652 3166 3752 3217 τοῦ

344 3265 581 3317 vamur;
613 3263 729 3304 non
760 3244 954 3302 solum
973 3258 1078 3316 per
1096 3242 1252 3324 varie
1279 3242 1646 3315 implicatum
1667 3245 1821 3302 142
1843 3262 1992 3303 erro-

386 3354 460 3356 _m_
522 3336 614 3356 ~__!
681 3334 845 3356 -13-..
900 3347 1004 3356 ..Α-
1048 3331 1409 3356 ε---..ι-.......
1463 3332 1658 3356 1.-..2..
1673 3350 1766 3356 η...
1828 3335 1960 3356 --ἔιξ-

2109 3248 2241 3351 εδεοῦ
2296 3243 2702 3318 μετῳκίσθησαν
2752 3244 2807 3299 αἱ
2859 3242 3208 3322 δυσφημίαι.
3262 3251 3375 3302 Ποῦ
3420 3247 3595 3305 τοίνυν
3651 3252 3754 3321 τῆς

345 3354 492 3410 rem,
517 3336 618 3393 sed
674 3334 852 3391 etiam
899 3347 1004 3404 per
1048 3331 1415 3404 ingratorum
1462 3332 1772 3389 hominum
1828 3335 1990 3406 vitia,

345 3428 490 3483 dum
510 3429 569 3483 et
593 3422 855 3481 stultitiae
883 3420 1139 3492 fautores
1160 3420 1481 3477 toleramus
1502 3425 1560 3477 et
1578 3437 1677 3478 eos
1694 3423 1794 3495 qui
1820 3425 1992 3497 aequi-

346 3506 526 3574 tatem
578 3512 1001 3583 veritatemque
1063 3509 1376 3582 proﬂigant
1440 3510 1990 3585 animadvertentes,

347 3603 706 3678 negligimus
738 3598 979 3656 tamen?
1008 3599 1284 3663 Quaenam
1324 3596 1425 3653 illa
1452 3603 1615 3655 tanta
1644 3603 1994 3671 perversitas

348 3691 587 3751 nostra?
616 3689 892 3748 Inimicos
924 3704 1041 3744 non
1066 3689 1460 3755 confutamus,
1485 3689 1587 3744 sed
1616 3687 1991 3748 latrocinium

350 3787 646 3840 sectamur
668 3798 682 3836 :
708 3796 823 3852 quo
843 3776 1344 3850 perniciosissima
1363 3776 1544 3848 fraus,
1568 3779 1800 3834 nemine
1822 3797 1992 3852 repu-

349 3876 587 3945 gnante,
615 3870 729 3927 sibi
773 3865 1047 3923 facillime
1073 3864 1229 3920 viam
1273 3865 1516 3935 paravit.
1548 3864 1834 3924 Nullusne
1867 3876 1995 3924 tan-

350 3962 483 4017 dem
506 3974 716 4016 sensus
736 3959 845 4023 est,
864 3969 936 4008 ne
955 3951 1163 4009 saltem
1185 3952 1516 4009 communis
1535 3954 1801 4011 omnium
1828 3962 1995 4013 natu-

349 4065 426 4105 ra
455 4045 728 4121 gratia,si
750 4042 987 4116 quidem
1011 4039 1162 4112 legis
1190 4043 1478 4111 praecepta
1496 4045 1997 4114 contempsimus?

349 4137 462 4194 Sed
492 4135 645 4191 dicet
662 4130 982 4206 quispiam,
1004 4128 1107 4184 illa
1136 4126 1345 4184 saltem
1373 4126 1605 4185 dilectio
1627 4146 1752 4201 quae
1784 4148 1998 4189 secun-

348 4227 492 4282 dum
523 4227 796 4280 naturam
838 4223 929 4275 est
976 4216 1289 4273 invenitur.
1313 4215 1461 4281 Quid
1492 4233 1650 4291 ergo,
1683 4236 1865 4277 nosne
1895 4222 1998 4293 qui

346 4319 406 4372 et
435 4313 535 4371 Dei
566 4311 784 4385 lege,et
811 4309 966 4365 bona
991 4305 1187 4363 indole
1216 4305 1488 4362 instructi
1521 4324 1752 4378 sumus,
1775 4311 1996 4367 tumul-

346 4408 475 4461 tum
527 4407 585 4458 et
630 4397 1134 4473 perturbationem
1166 4395 1542 4452 inimicorum
1591 4398 1994 4468 tolerabimus,

346 4493 447 4566 qui
479 4490 648 4564 quasi
681 4488 909 4544 facibus
939 4485 1137 4541 omnia
1165 4484 1531 4540 incendunt?
1562 4502 1665 4542 nec
1700 4492 1891 4544 tamen
1919 4490 1998 4544 vi-

347 4582 558 4637 demus
603 4578 737 4634 licet
766 4574 951 4632 oculis
999 4572 1250 4646 praediti,
1281 4589 1470 4645 neque
1518 4576 1833 4645 sentimus,
1860 4577 1997 4633 licet

2107 3331 2451 3403 δικαιοσύνης
2510 3335 2545 3402 ἡ
2604 3332 2782 3396 πίστις
2835 3333 3297 3411 ἀνακεχώρηκεν,
3358 3334 3496 3393 ὅπου
3553 3359 3618 3415 γε
3676 3339 3753 3403 εἷς

2098 3426 2356 3477 τοσοῦτον
2414 3424 2482 3495 τῇ
2530 3425 2628 3475 τοῦ
2685 3420 2909 3484 σκότους
2959 3421 3135 3498 ἀχλύϊ
3188 3419 3642 3501 περιϐεϐλήμεθα
3690 3428 3752 3483 οὗ

2106 3510 2268 3583 μόνον
2300 3506 2390 3564 διὰ
2416 3509 2514 3578 τὴν
2565 3508 2921 3565 πολύπλοκον
2972 3509 3207 3584 πλάνην,
3259 3510 3407 3568 ἀλλὰ
3448 3514 3538 3569 καὶ
3569 3513 3660 3570 διὰ
3684 3517 3754 3572 τὰ

2099 3604 2205 3652 τῶν
2264 3598 2573 3674 ἀχαρίστων
2631 3595 2990 3673 ἕλαττώματα
3019 3647 3036 3671 ,
3091 3604 3200 3655 τῶν
3262 3602 3356 3674 μὶν
3413 3604 3511 3672 τὴν
3567 3601 3749 3660 ἄνοῖαν

2106 3682 2478 3765 βραϐευόντων
2536 3687 2865 3762 ἀνεχόμεθα,
2915 3693 3024 3744 τῶν
3085 3687 3144 3744 δὲ
3186 3691 3286 3759 τὴν
3342 3690 3629 3749 ἐπιείκειαν
3662 3694 3753 3749 καὶ

2099 3777 2200 3845 τὴν
2261 3774 2520 3846 ἀλήθειαν
2581 3772 3018 3852 διακρουομένων
3070 3778 3449 3853 αἰσθανόμενοι
3492 3795 3755 3859 παρενθυ-

2109 3865 2357 3937 μούμεθα
2387 3884 2400 3934 ;
2431 3865 2491 3919 Τί
2539 3864 2603 3919 τὸ
2657 3862 2831 3919 δείνὸν
2876 3870 3039 3921 τοῦτο
3084 3870 3185 3935 τῆς
3216 3868 3485 3945 ἡμετέρας
3515 3871 3706 3935 κακίας
3743 3891 3759 3941 ;

2104 3953 2240 4015 Τοὺς
2272 3952 2503 4030 ἐχθροὺς
2534 3954 2635 4009 οὐκ
2666 3952 2993 4028 ἐλέγχομεν,
3024 3953 3152 4010 ἀλλ’
3179 3956 3422 4029 ἑπόμεθα
3448 3963 3529 4032 τῷ
3562 3957 3763 4035 λῃστη-

2108 4042 2234 4116 ρίῳ,
2267 4040 2337 4095 δι’
2377 4041 2439 4096 οὗ
2486 4039 2612 4096 ὁδόν
2660 4061 2782 4095 τινα
2829 4042 3013 4116 ἑαυτῇ,
3054 4040 3129 4097 τίν’
3170 4042 3343 4107 οὕτως
3392 4044 3551 4120 εἷ’πω,
3592 4051 3629 4119 ἡ
3658 4052 3760 4119 τῆς

2106 4129 2386 4192 ἀπωλείας
2457 4128 2636 4200 ἀπάτη
2669 4173 2687 4197 ,
2762 4127 2997 4202 μηδενὸς
3071 4130 3448 4206 ἀντικειμένου
3479 4179 3493 4206 ,
3557 4134 3760 4213 ῥᾳδίως

2109 4217 2411 4293 εἰργάσατο⁶
2461 4220 2604 4294 Ἀρα
2653 4214 2884 4291 οὐδεμία
2935 4218 3075 4274 ἐστὶν
3131 4217 3400 4296 αἴσθησις,
3451 4223 3578 4281 οὐδὲ
3623 4228 3764 4283 κατὰ

2106 4306 2268 4384 ’χάριν
2326 4309 2424 4376 τῆς
2478 4309 2667 4377 κοινῆς
2727 4306 2975 4364 ἁπάντων
3037 4309 3270 4387 φύσεως,
3326 4308 3382 4367 εἷ’
3415 4334 3480 4390 γε
3523 4319 3633 4370 τῶν
3661 4320 3762 4372 τοῖ’)

2104 4396 2279 4470 νόμου
2335 4395 2764 4473 προσταγμάτων
2821 4397 3181 4473 ἡμελήσαμεν
3218 4420 3232 4469 ;
3264 4400 3420 4458 Ἀλλ’
3472 4402 3584 4479 ἐρεῖ
3635 4425 3756 4476 τις,

2104 4487 2239 4540 κατὰ
2268 4485 2423 4563 φύσιν
2477 4488 2511 4555 ἡ
2565 4485 2747 4562 ἀγάπη
2796 4485 3170 4565 ἐξευρίσκεται.
3203 4489 3265 4543 Τί
3314 4487 3429 4560 οὖν,
3458 4489 3541 4546 ὅτι
3568 4494 3757 4567 ἡμεῖς,

2105 4576 2194 4630 καὶ
2248 4576 2339 4630 τὸν
2395 4580 2491 4629 τοῦ
2551 4580 2685 4630 Θεοῦ
2736 4575 2904 4649 νόμον
2956 4577 3094 4654 πρὸς
3149 4582 3219 4652 τῇ
3269 4578 3462 4658 εὐφυΐᾳ
3505 4580 3758 4656 σχόντες,

344 4671 492 4744 legis
522 4667 797 4725 sensibus
822 4642 1084 4736 undiq—ue
1106 4642 1501 4735 circumsepti.
1522 4664 1787 4728 Quantus
1815 4642 1992 4739 igitur

2109 4663 2413 4738 ἀνεχόμεθα
2479 4666 2579 4732 τῆς
2658 4642 2947 4739 ὀχλήσεως
3002 4642 3111 4720 Ικαὶ
3186 4642 3284 4720 τοῦ
3342 4642 3591 4743 ⁸θορύϐόῖδ

346 4764 555 4832 stupor
601 4756 781 4812 vitam
838 4759 1101 4811 nostram
1157 4753 1562 4825 apprehendit,
1595 4756 1828 4826 quando
1888 4772 1996 4814 nos

342 4850 505 4923 ipsos
535 4848 620 4903 ita
648 4844 1021 4918 negligimus,
1047 4841 1183 4898 licet
1210 4842 1333 4898 haec
1373 4858 1482 4898 nos
1525 4842 1681 4901 Deus
1713 4855 1949 4906 moneat
1969 4847 1998 4902 ‘?

343 4938 548 4997 Nonne
578 4934 801 4991 malum
828 4933 975 4989 illud
1015 4931 1384 4988 intolerabile
1411 4932 1536 4987 est?
1575 4950 1767 4991 nonne
1796 4937 1995 4996 hostes

343 5028 407 5086 hi
437 5031 579 5083 sunt
608 5022 1005 5087 existimandi,
1028 5021 1225 5094 potius
1268 5037 1446 5093 quam
1477 5022 1691 5079 domus
1720 5031 1775 5081 et
1812 5044 1995 5101 p0pu-

342 5115 439 5173 lus
469 5114 616 5172 Dei?
656 5115 722 5169 In
753 5129 860 5169 nos
908 5110 1346 5169 debacchantur
1402 5110 1838 5172 sceleratissimi
1887 5117 1993 5185 illi,

415 5312 527 5386 (74)
552 5310 657 5368 Hic
685 5309 851 5384 Apis,
882 5303 1146 5368 ’Δλύπιος
1178 5324 1213 5364 a
1242 5307 1478 5364 Socrate
1518 5314 1779 5380 vocatur,
1812 5312 1915 5370 lib.
1948 5332 1991 5387 1,

550 5454 683 5527 Haec
712 5450 1080 5527 Constantini
1117 5448 1367 5523 epistola
1399 5455 1853 5511 amanuensium
1885 5474 1990 5514 ne-

339 5524 621 5651 gligentia
648 5524 882 5582 excidit.
1908 5552 1915 5559 -

413 5601 428 5651 ί
471 5598 526 5651 6)
557 5597 721 5651 Rem.
753 5591 1036 5651 Ψαμαθία.
1061 5592 1463 5650 Psammathia
1479 5610 1613 5650 vero
1635 5602 1760 5651 erat
1780 5599 1915 5651 subi

413 5591 526 5669 (’76)
556 5597 721 5670 ﬂag,
753 5591 1036 5670 \ngaetg.
1061 5592 1463 5670 Psammathia
1479 5610 1613 5670 vero
1635 5602 1760 5654 erat
1780 5599 1990 5656 subur-

340 5665 517 5725 bium'
555 5665 926 5724 Nicomediae.
966 5666 1366 5722 Theodoretus
1413 5665 1533 5720 haec
1575 5666 1990 5730 Constantino-

341 5739 461 5829 poli
502 5742 670 5815 gesta
711 5741 963 5809 enarrat,
991 5737 1095 5797 lib.
1129 5754 1169 5812 ι,
1201 5752 1329 5809 cap.
1359 5736 1451 5808 26,
1480 5737 1582 5796 sed
1613 5738 1727 5802 ﬁde
1755 5742 1990 5831 dignior

2107 4752 2343 4829 ἐχθρῶν,
2402 4757 2629 4829 πυρσοῖς
2685 4773 2862 4825 τισιν,
2920 4754 2995 4816 ὡς
3047 4753 3215 4811 ἔοικεν
3256 4801 3269 4825 ,
3328 4755 3755 4831 ἐξαπτομένωνς

2105 4841 2203 4897 Καὶ
2248 4840 2355 4917 οὐχ
2404 4842 2618 4918 ὁρῶμεν
2669 4840 2986 4920 ὀφθαλμοὺς
3037 4839 3279 4918 ἔχοντες,
3334 4843 3460 4901 οὐδὲ
3506 4846 3758 4912 αἰσθανό-

2109 4943 2267 5005 μεθα,
2296 4931 2473 4986 καίτοι
2520 4936 2640 4993 ταῖς
2670 4936 2768 4986 τοῦ
2814 4930 2987 5004 νόμου
3030 4931 3334 5004 αἰσθήσεσιν
3369 4929 3519 4999 ὄντες
3551 4957 3756 5015 πεφρα-

2104 5020 2297 5097 γμένοι
2335 5066 2348 5077 .
2408 5020 2609 5090 Ὁπόση
2673 5018 2775 5095 ἄρα
2832 5021 3063 5090 πτόησις
3119 5023 3217 5091 τήν
3278 5024 3548 5102 ἡμετέραν
3610 5025 3755 5096 ζωὴν

2104 5108 2428 5188 κατείληφεν
2456 5156 2471 5183 ,
2523 5108 2661 5165 ὅπου
2700 5130 2763 5184 γε
2813 5112 2974 5183 ἡμῶν
3024 5110 3200 5167 αὐτῶν
3234 5115 3347 5188 (79)
3403 5114 3577 5181 οὕτως
3619 5115 3757 5190 ἀμε-

2099 5310 2482 5368 Athanasius.

2171 5383 2283 5455 (77)
2302 5374 2820 5458 -Βθε.,.ἆμοιϐαδίς.
2847 5382 3020 5455 Editi,
3046 5378 3181 5456 ἀμοι
3221 5377 3389 5446 αδεῖς.
3413 5383 3594 5442 Paulo
3624 5388 3760 5458 post

2101 5451 2274 5528 Reg,
2298 5451 2756 5528 ἐρισχελούντωνἶ

2171 5524 2281 5603 (78)
2315 5524 2709 5599 Συμπτώματα
2744 5527 2886 5599 Reg.
2910 5526 3064 5583 Editi
3095 5543 3249 5596 vero,
3282 5524 3757 5603 συμπτώγματος,

2098 5599 2398 5655 mendose.
3360 5599 3363 5600 ⁷

2168 5671 2281 5747 (79)
2315 5671 2403 5729 Ita
2433 5670 2574 5746 Reg.
2603 5668 2755 5728 Editi
2782 5685 2938 5744 vero,
2969 5668 3131 5744 ἡμῶν
3166 5667 3394 5730 ὲαῢτῶν.
