4152 6376
380 411 493 476 861
1499 417 1896 481 APOLOGIA
1938 418 2035 480 ΒΟ

2155 418 2255 480 ΗΑ
2298 417 2671 485 ARIANOS.
3677 415 3794 482 369

389 540 615 617 λοῦμεν,
647 539 737 599 καὶ
787 546 954 600 ταῦτα
994 543 1506 620 ὑπομιμνήσκοντος
1554 555 1651 605 τοῦ
1701 556 1870 619 Θεοῦ;
1906 550 2035 605 Εἶτα

2155 569 2372 624 nosque
2403 555 2750 611 insimulant
2778 557 2953 627 atque
2993 568 3061 610 ex
3089 550 3349 612 adversis
3378 551 3644 628 partibus
3686 569 3794 611 nos

386 632 484 688 οὐκ
532 630 672 688 ἔστιν
706 633 980 713 ἀφόρητον
1008 637 1070 690 τὸ
1098 637 1301 706 κακόν;
1335 638 1396 692 οὐ
1441 638 1745 713 πολεμίους
1787 643 2031 716 ἡγεῖσθαι

2155 643 2530 700 insectantur.

380 733 646 806 προσήκει
702 732 951 807 τούτους,
984 733 1045 788 οὐ
1103 736 1193 790 τὸν
1257 737 1403 791 οἶκον
1462 739 1551 792 καὶ
1607 740 1696 793 τὸν
1726 739 1858 794 λαὸν
1907 744 2004 794 τοῦ
2056 742 2230 808 Θεοῦ;
2277 741 2730 818 Ἐμπαροινοῦσιν
2783 745 2918 815 ἡμῖν
2967 741 3056 797 καὶ
3107 738 3395 818 ἐγκαλοῦσί
3442 761 3506 817 γε
3549 741 3602 797 οἱ
3658 761 3794 798 παν-

382 819 545 884 ώλεις
573 822 790 896 ἐκεῖνοι,
822 823 911 881 καὶ
949 823 1378 896 ἐπιπλήσσουσιν
1414 828 1473 882 ἐκ
1498 832 1606 884 τῶν
1640 828 1891 884 ἐναντίων
1924 831 2082 902 ἡμῖν.

451 967 540 1021 62.
575 972 703 1029 Μεθ’
751 965 884 1037 ὅσης
917 966 974 1022 δὲ
1006 969 1262 1031 ἀπονοίας
1292 975 1454 1025 τοῦτο
1511 973 1856 1048 πράττουσιν,
1891 973 2028 1044 ὑμᾶς

381 1053 575 1116 αὐτοὺς
626 1054 824 1110 ἐννοεῖν
859 1056 991 1126 ἀξιῶ
1022 1058 1083 1110 Οἱ
1113 1058 1213 1134 γὰρ
1251 1060 1426 1133 μωροὶ
1486 1059 1571 1114 ἐπὶ
1621 1064 1722 1129 τῆς
1777 1061 2031 1136 γλώττης

380 1142 636 1212 κειμένην
672 1142 859 1220 ἔχουσι
885 1147 984 1215 τήν
1043 1146 1252 1201 κακίαν.
1284 1148 1448 1202 Οὗτοι
1509 1153 1637 1222 γοῦν
1701 1147 2031 1222 μολυλδίνας

377 1233 529 1294 τινὰς
575 1231 738 1309 ὀργάς
789 1235 1193 1312 πέριφέρονται,
1244 1237 1317 1298 ὡς
1371 1237 1593 1299 ἑαυτοὺς
1646 1239 1738 1310 μὲν
1785 1240 1900 1293 κατ’
1947 1239 2033 1293 ἀν-

379 1318 583 1376 τίδοσιν
635 1323 920 1394 πλήττειν,
953 1327 1103 1396 ἡμᾶς
1159 1323 1216 1379 δὲ
1273 1327 1412 1401 πρὸς
1466 1324 1657 1402 κέρδος
1703 1330 1800 1396 τῆς
1832 1327 2035 1391 οἰκείας

378 1407 659 1473 κολάσεως
708 1411 932 1487 ἀπάγειν
967 1435 978 1446 ·
1021 1413 1109 1467 καὶ
1155 1415 1182 1468 ὁ
1232 1415 1325 1487 μὲν
1371 1413 1557 1477 καλῶς
1607 1413 1821 1486 διδάξας
1871 1416 2037 1473 πολέ-

386 1519 510 1572 μιος
541 1498 818 1572 κρίνεται·
867 1503 894 1556 ὁ
925 1501 982 1557 δὲ
1023 1504 1123 1571 τήν
1165 1503 1363 1581 φθόνου
1413 1504 1599 1581 κακίαν
1655 1501 2042 1579 προϐεϐλημέ-

377 1607 494 1658 νος,
529 1587 732 1651 ἐκεῖνος
762 1592 860 1658 τὴν
891 1595 988 1645 τοῦ
1022 1590 1157 1647 λαοῦ
1187 1593 1507 1668 ἡμερότητα
1554 1594 1614 1647 οὐ
1662 1592 1892 1656 δεόντως
1924 1589 2036 1666 (80)

378 1673 803 1749 καταλαμϐάνει,
887 1682 1097 1756 πορθεῖ,
1182 1679 1594 1753 καταναλίσκει,
1680 1684 1770 1736 καὶ
1855 1684 2042 1739 ἑαυτὸν

377 1764 686 1838 κακοθελεῖ,
743 1767 1004 1843 ἐγκωμίῳ
1073 1775 1270 1841 κοσμεῖ
1318 1771 1407 1824 καὶ
1458 1770 1775 1841 συντίθησι’
1824 1774 1923 1840 τήν
1984 1769 2041 1826 δὲ

377 1853 641 1926 ἀλήθειαν
704 1857 983 1931 ἀνατρέπει
1029 1859 1119 1912 καὶ
1167 1860 1267 1928 τὴν
1336 1859 1516 1914 πίστιν
1584 1860 1780 1933 ἀπατᾷ,
1839 1862 2036 1937 μέχρις

378 1943 440 1998 οὗ
489 1948 568 2015 τῷ
599 1945 788 2018 οἰκείῳ
818 1948 930 2020 (81)
963 1944 1230 2002 συνειδότι
1287 1946 1497 2025 φωλεὸν
1548 1947 1635 2003 καὶ
1693 1950 2032 2024 κρυπτηρίαν

378 2033 714 2104 ἐπιζητήσας
789 2034 935 2109 εὕρῃ.
996 2035 1144 2106 Αὕτη
1225 2041 1355 2110 γοῦν
1423 2036 1615 2099 αὐτοὺς
1676 2041 1710 2107 ἡ
1773 2039 2034 2109 σκαιότης

377 2119 601 2184 ἀθλίους
630 2128 796 2195 ποιεῖ,
831 2122 953 2178 ὅταν
986 2130 1275 2200 προπετῶς
1309 2124 1534 2188 ἑαυτοὺς
1583 2127 1832 2200 ἀναξίους
1885 2123 2041 2189 ὄντας

377 2208 782 2286 ἀποδέχωνται,
841 2211 1125 2289 λέγοντες·
1189 2218 1298 2269 Φεῦ
1362 2219 1469 2269 τῶν
1527 2218 1736 2272 κακῶνί
1798 2218 2041 2278 Ἐκεῖνος

371 2293 745 2373 πρεσϐύταρός
805 2299 936 2366 ἐστι,
994 2303 1083 2356 καὶ
1143 2301 1345 2364 ἐκεῖνος
1405 2309 1553 2374 παῖς,
1615 2304 1749 2377 ἐμοῦ
1805 2305 2026 2360 ἅπτεται

366 2387 404 2456 ἡ
454 2388 615 2458 τιμὴ,
656 2387 780 2459 ἐμοὶ
831 2387 1127 2466 ὀφείλεται,
1179 2390 1385 2445 ἐκείνου
1437 2393 1674 2469 ἀφῃρέθη
1710 2396 1824 2466 (82)
1859 2415 1870 2428 °

371 2474 552 2546 αὐτὸς,
612 2475 830 2549 ἐμαυτῷ
914 2479 1231 2555 ἀφαρπάσας
1315 2479 1578 2552 ἅπαντας,
1651 2481 1732 2535 ἐπ’
1806 2481 2046 2554 ἐξουσίας

369 2562 636 2619 ἀπολέσαι
712 2568 1062 2643 πειράσομαι.
1129 2566 1368 2644 Λαμπρά
1429 2591 1515 2632 τις
1570 2573 1605 2639 ἡ
1667 2571 1769 2639 τῆς
1851 2570 2047 2644 μανίας

371 2648 628 2724 ἐκϐόησις
661 2657 774 2728 (83)
797 2677 808 2690 ’
842 2655 1090 2732 τάγματα
1126 2659 1216 2712 καὶ
1266 2655 1600 2733 συλλόγους,
1632 2660 1691 2729 ἢ,
1743 2657 1816 2713 ’ίν’
1867 2660 2045 2723 οὕτως

371 2738 531 2814 εἷίπω,
593 2743 937 2819 ἀρχιερεσίαν
985 2749 1092 2800 τῶν
1149 2746 1363 2802 ἀτόπων
1410 2747 1617 2802 τούτων
1673 2746 2044 2822 συστημάτων

370 2828 529 2890 ἴδεῖν.
564 2833 629 2887 Ὦ
683 2840 784 2903 τῆς
846 2834 1073 2897 ἀτοπίας
1131 2834 1417 2907 ἡμῶν,’ίν’
1480 2837 1653 2900 οὕτως
1716 2834 1888 2893 simul
1929 2831 2047 2892 Ἐπῖ

371 2927 473 2990 τῆς
535 2919 864 2993 Ἐκκλησίας
939 2928 1040 2979 τοῦ
1106 2929 1240 2979 Θεοῦ
1300 2924 1481 2987 ἀνοίας
1549 2925 1688 2981 ἐστὶν
1746 2923 2050 2996 ἐπίδειξις;

373 3009 506 3064 Εἶτα
558 3010 658 3065 οὐκ
706 3009 1025 3081 αἰδοῦνται;
1082 3012 1196 3068 Οὐκ
1250 3013 1404 3068 αὐτοὶ
1455 3014 1680 3076 ἑαυτοὺς
1743 3015 2044 3090 ψέγουσιν;

373 3096 510 3153 Οὐδὲ
558 3100 655 3161 τάς
699 3101 882 3175 ψυχὰς
933 3100 1242 3172 δάκνονται,
1270 3100 1362 3156 ’ίνα
1414 3107 1504 3156 νῦν
1558 3107 1686 3178 γοῦν
1719 3103 2048 3178 καταντικρὺ

1924 2393 2041 2448 ἐπεὶ

2210 975 2300 1030 62.
2335 975 2562 1039 Quanta
2590 980 2786 1032 autem
2819 993 2953 1031 cum
3002 975 3260 1032 amentia
3304 975 3413 1032 hoc
3441 978 3660 1049 agant,
3691 989 3795 1031 vos

2141 1063 2301 1136 ipsos
2333 1065 2588 1136 cogitare
2627 1082 2787 1137 rogo.
2820 1065 2992 1121 Stulti
3025 1065 3181 1121 enim
3229 1064 3290 1120 in
3338 1064 3544 1136 lingua
3573 1081 3683 1120 sua
3714 1065 3793 1119 si-

2143 1157 2263 1210 tam
2294 1154 2514 1209 habent
2561 1153 2870 1210 malitiam.
2905 1154 2974 1210 Hi
3006 1171 3142 1227 ergo
3193 1153 3498 1225 plumbeas
3528 1154 3648 1209 iras
3678 1152 3797 1208 cir-

2147 1243 2501 1313 cumferunt,
2535 1247 2600 1298 ut
2649 1259 2710 1300 se
2747 1243 2996 1299 invicem
3045 1243 3276 1308 feriant,
3322 1258 3547 1315 nosque
3595 1258 3795 1297 secum

2148 1334 2446 1388 abducant
2501 1334 2572 1388 ad
2634 1332 2906 1404 supplicii
2976 1332 3066 1387 sui
3138 1331 3486 1388 auctarium.
3556 1331 3797 1388 Interim

2149 1422 2250 1494 qui
2311 1426 2465 1476 recta
2521 1422 2709 1492 docet,
2771 1421 2958 1477 hostis
3002 1420 3307 1491 judicatur
3363 1437 3377 1474 :
3439 1420 3539 1492 qui
3599 1424 3796 1475 autem

2150 1511 2380 1566 invidiae
2435 1510 2644 1566 vitium
2704 1527 2821 1582 prae
2873 1526 2934 1566 se
2984 1511 3114 1578 fert,
3174 1509 3224 1564 is
3290 1508 3573 1582 populum
3631 1524 3798 1564 man-

2151 1602 2385 1654 suetum
2418 1603 2620 1655 contra
2643 1600 2746 1670 jus
2789 1600 2993 1672 fasque
3031 1598 3274 1664 invadit,
3308 1598 3590 1663 devastat,
3623 1597 3799 1652 absu-
3829 1583 3835 1589 ’

2153 1685 2263 1740 mit
2293 1702 2358 1740 ac
2389 1685 2501 1741 sibi
2532 1685 2643 1757 ipsi
2683 1686 2742 1740 in
2785 1684 2958 1742 malis
2989 1683 3335 1757 complacet,
3368 1700 3496 1740 sese
3524 1683 3801 1740 laudibus

2155 1778 2325 1829 ornat
2371 1779 2430 1829 et
2490 1774 2805 1830 concinnat
2839 1791 2852 1828 :
2886 1774 3188 1830 veritatem
3246 1777 3441 1829 autem
3494 1772 3800 1843 subvertit,

2149 1864 2448 1934 ﬁdemque
2479 1862 2631 1918 fallit
2662 1864 2845 1919 donec
2891 1862 3263 1918 conscientiae
3312 1879 3431 1918 sua:
3479 1866 3717 1918 antrum
3747 1864 3805 1917 et

2147 1951 2463 2008 latibulum
2506 1952 2909 2024 conquisitum
2958 1954 3168 2007 nactus
3199 1951 3298 2006 sit.
3337 1953 3467 2023 [psa
3493 1950 3677 2023 igitur
3711 1949 3802 2004 in-

2148 2041 2306 2114 genii
2337 2041 2596 2112 pravitas
2624 2040 2754 2096 illos
2782 2041 3030 2096 miseros
3052 2039 3252 2107 efficit,
3276 2041 3419 2095 dum
3451 2037 3802 2111 petulanter,

2149 2129 2380 2201 indigni
2411 2128 2567 2198 licet,
2602 2130 2828 2200 seipsos
2867 2128 3144 2184 laudibus
3175 2128 3442 2197 efferunt,
3475 2126 3756 2199 aiuntque
3789 2142 3803 2184 :

2151 2219 2296 2290 proh
2328 2217 2592 2274 facinus!
2645 2218 2744 2273 Ille
2777 2218 2972 2274 senior
3003 2220 3114 2283 est,
3147 2221 3204 2272 et
3231 2215 3330 2272 ille
3361 2232 3535 2289 puer;
3588 2217 3657 2272 ad
3713 2231 3808 2270 me

2152 2307 2340 2362 honor
2388 2305 2623 2374 attinet,
2656 2306 2803 2360 mihi
2835 2307 3098 2375 debetur,
3133 2306 3204 2361 ab
3245 2304 3345 2360 illo
3392 2303 3624 2360 ablatus
3668 2307 3758 2359 est
3789 2319 3802 2358 :

2153 2412 2258 2469 ego
2292 2396 2530 2467 quippe,
2551 2395 2826 2474 omnibus
2850 2395 2922 2449 ad
2950 2410 3111 2450 meas
3138 2397 3332 2466 partes
3362 2393 3645 2465 abreptis,
3670 2408 3806 2447 cum

2154 2488 2442 2557 potestate
2505 2483 2841 2556 disperdere
2921 2483 3247 2556 aggrediar.
3310 2480 3592 2537 Praaclara
3667 2497 3807 2537 sane

2155 2572 2395 2628 insania:
2444 2571 2787 2628 exclamatio
2823 2590 2836 2629 :
2873 2571 3141 2627 cohortes
3193 2571 3419 2643 utique,
3462 2572 3806 2638 conventus,

2157 2665 2224 2716 ut
2252 2661 2333 2716 ita
2352 2661 2566 2726 dicam,
2591 2661 2879 2733 remigum
2912 2660 3298 2733 principatus,
3325 2660 3482 2732 apud
3511 2659 3809 2731 improbo-

2159 2766 2291 2805 rum
2322 2747 2558 2804 illorum
2590 2753 2773 2805 ccstus
2802 2749 2996 2818 videre
3027 2753 3136 2804 est.
3170 2752 3215 2804 Ο
3245 2755 3506 2803 nostram
3539 2747 3811 2804 absurdi-

2156 2842 2360 2903 tatem,
2387 2838 2435 2892 si
2467 2837 2551 2893 ita
2581 2838 2688 2893 fari
2720 2837 2922 2894 liceat!
2959 2842 3023 2892 In
3055 2835 3385 2893 Ecclesiane
3415 2837 3515 2892 Dei
3549 2835 3810 2892 stultiti

2159 2927 2411 2982 habetur
2441 2925 2886 2998 spectaculum?
2919 2942 3062 2980 num
3095 2942 3211 2980 non
3243 2925 3639 2981 erubescunt?
3668 2940 3813 2980 num

2159 3015 2337 3087 seipsi
2389 3032 2504 3070 non
2558 3015 2898 3086 objurgant,
2932 3031 3038 3071 nec
3086 3015 3434 3070 mordentur
3481 3013 3717 3080 animis,
3749 3017 3817 3069 ut

2159 3121 2316 3160 nunc
2349 3104 2558 3160 saltem
2591 3108 2795 3159 contra
2842 3104 3110 3159 fraudem
3159 3107 3216 3158 et
3263 3101 3693 3158 contentionem
3725 3102 3814 3156 di-

372 3193 472 3255 τῆς
501 3187 714 3258 ἀπάτης
745 3190 836 3243 καὶ
881 3196 984 3258 τῆς
1028 3188 1345 3265 ἐρεσχελίας
1380 3193 1493 3263 (84)
1527 3189 1673 3263 ἄξιόν
1719 3213 1771 3246 τι
1818 3197 2032 3268 φρονεῖν

2155 3209 2335 3267 gnum
2368 3193 2594 3265 aliquid
2643 3195 2860 3248 sentire
2885 3191 3233 3247 videantur?
3260 3193 3333 3247 At
3377 3190 3462 3246 illi
3510 3190 3636 3246 sola
3663 3190 3812 3246 invi-

375 3273 612 3347 δόξωσι;
664 3275 764 3332 Βία
809 3278 947 3350 μόνη
999 3277 1110 3332 ἐστὶ
1157 3283 1254 3332 τοῦ
1299 3279 1498 3357 φθόνου
1564 3285 1684 3341 τοῖς
1741 3277 1898 3342 ἰδίοις
1953 3279 2021 3335 ἐπ

375 3360 694 3438 ερειδομένη
728 3363 1059 3442 φαρμάκοις.
1093 3363 1256 3420 Οὐδὲν
1285 3364 1522 3442 ἴσχυσαν
1558 3369 1608 3420 οἱ
1639 3367 1881 3443 πονηροὶ
1911 3369 2052 3422 κατά

371 3455 469 3505 τοῦ
533 3451 841 3508 ἐπισκόπου
920 3455 1095 3526 ὑμῶν.
1159 3455 1318 3528 Ἐμοὶ
1394 3455 1736 3526 πιστεύσατε,
1797 3453 2048 3532 ἀδελφοὶ,

376 3537 539 3595 οὐδὲν
618 3537 800 3618 ἕτερον
889 3540 1302 3613 ἐσπουδάκασιν,
1362 3543 1396 3612 ἢ
1451 3541 1562 3615 ἵνα,
1622 3545 2050 3621 κατατρίψαντες

380 3628 511 3691 τοὺς
542 3631 850 3708 ἡμετέρονς
882 3631 1140 3708 χρόνους,
1178 3629 1448 3706 μηδεμίαν
1491 3634 1678 3710 χώραν
1714 3634 1764 3689 ἐν
1814 3639 1882 3708 τῇ
1937 3639 2050 3708 ζωῇ

377 3718 551 3794 ταύτῃ
639 3718 1001 3793 μεταμελείας
1075 3719 1297 3796 ἔχωσιν.
1359 3723 1797 3798 Ἐπικουρήσατε
1870 3723 2048 3798 τοίνυγ

377 3806 503 3880 ὑμῖν
539 3809 747 3881 αὑτοῖς,
787 3785 1203 3887 παρακαλῶξντὸ
1235 3809 1460 3889 φίλτρον
1517 3785 1603 3867 τὸ¹
1627 3785 1894 3888 ημέτερον
1927 3785 2043 3889 (852

378 3897 716 3972 ἀγαπήσατε,
749 3899 839 3953 καὶ
902 3900 1062 3954 παντὶ
1129 3900 1301 3955 σθένει
1360 3897 1591 3974 διώξατε
1643 3901 1771 3963 τοὺς
1819 3903 1918 3970 τήν
1949 3874 2049 3970 τῆξ

375 3986 650 4061 ἡμετέρας
708 3987 972 4059 ὁμονοίας
1030 3988 1194 4062 χάριν
1267 3987 1541 4065 ἀφανίζειν
1616 3989 2045 4062 ἐπιθυμοῦντας,

372 4073 629 4150 καὶπρὸς
659 4075 750 4130 τὸν
810 4076 942 4132 Θεὸν
997 4073 1307 4148 ἀπιδόντες,
1347 4077 1490 4150 ὑμᾶς
1539 4077 1736 4140 αὑτοὺς
1786 4078 2055 4153 ἀγαπᾶτε

371 4165 512 4238 Ἐγὼ
543 4165 648 4240 γὰρ
692 4165 783 4219 τὸν
846 4166 1108 4241 ὑμέτερον
1170 4165 1469 4221 ἐπίσκοπον
1503 4167 1816 4223 Ἀθανάσιον
1881 4167 2046 4239 ἀσμέ-

371 4274 475 4314 νως
561 4252 956 4328 προσηκάμην,
1019 4252 1193 4316 οὕτως
1264 4275 1324 4309 τε
1399 4255 1905 4333 προσεφθεγξάμην,
1969 4256 2045 4318 ὡς

373 4339 662 4416 ἄνθρωπον
725 4341 882 4396 αὑτὸν
943 4346 1078 4396 Θεοῦ
1131 4337 1261 4396 ὄντα
1313 4345 1696 4416 πεπεισμένος.
1759 4343 2040 4418 Ὑμέτερόν

369 4429 480 4484 ἐστι
553 4433 725 4484 ταῦτα
804 4428 1054 4500 συνιέναι,
1119 4431 1218 4484 οὑκ
1297 4431 1427 4503 ἐμὸν
1489 4431 1713 4505 κρίνειν.
1769 4433 1874 4500 Τὴν
1935 4434 2040 4508 γάρ

2163 3283 2270 3338 ἀίω
2300 3281 2356 3337 vi
2392 3285 2640 3337 utuntur
2687 3281 2814 3338 suis
2863 3280 3158 3336 veneﬁciis
3201 3278 3472 3334 subnixa.
3504 3278 3615 3334 Sed
3664 3277 3812 3334 nihil

2163 3371 2435 3428 scelerati
2486 3370 2572 3426 illi
2621 3372 2899 3426 adversus
2931 3369 3271 3442 episcopum
3300 3371 3561 3423 vestrum
3609 3371 3813 3440 potue-

2162 3464 2302 3515 runt
2355 3460 2652 3532 perﬁcere.
2686 3458 2827 3514 Mihi
2883 3457 3124 3524 credite,
3177 3457 3405 3524 fratres,
3449 3454 3597 3511 nihil
3653 3454 3811 3511 aliud

2163 3552 2464 3621 satagunt,
2496 3565 2675 3619 quam
2707 3551 2774 3602 ut
2802 3563 2937 3602 cum
2978 3550 3180 3602 nostra
3207 3550 3474 3617 tempora
3502 3543 3675 3599 malis
3704 3560 3813 3615 op-

2164 3637 2508 3710 presserint,
2541 3635 2771 3691 nullum
2803 3635 2915 3690 sibi
2943 3634 3004 3688 in
3035 3633 3144 3690 hao
3173 3634 3292 3688 vita
3324 3632 3663 3704 relinquant
3691 3649 3813 3705 pm-

2162 3725 2418 3781 nitentiaa
2475 3724 2690 3780 locum.
2734 3723 2912 3780 Vobis
2971 3723 3150 3795 igitur
3206 3722 3350 3794 ipsis
3407 3723 3552 3777 ferte
3607 3737 3810 3794 opem;

2162 3814 2422 3870 obtestor
2476 3830 2600 3883 vos,
2651 3827 2910 3868 amorem
2959 3816 3226 3867 nostrum
3277 3809 3522 3881 diligite,
3555 3809 3812 3882 totisque

2158 3902 2383 3958 viribus
2416 3919 2515 3958 eos
2560 3902 2775 3974 abigite
2805 3900 2916 3972 ,qui
2948 3906 3159 3956 nostrae
3190 3898 3512 3956 concordia
3558 3898 3810 3972 gratiam

2159 3993 2406 4062 cupiunt
2437 3989 2698 4056 abolere;
2751 3989 3054 4061 Deumque
3103 4004 3219 4060 prae
3269 3987 3456 4043 oculis
3501 3985 3808 4058 habentes,

2155 4095 2258 4135 vos
2287 4078 2536 4134 invicem
2567 4078 2812 4150 diligite.
2846 4079 2964 4150 Ego
2997 4077 3153 4132 enim
3180 4077 3516 4149 episcopum
3545 4080 3808 4132 vestrum

2156 4167 2550 4225 Athanasium
2608 4165 2806 4238 excepi
2883 4165 3355 4238 perhumaniter,
3415 4180 3669 4236 eumque
3724 4163 3810 4220 sic

2155 4273 2288 4313 sum
2321 4255 2636 4322 allocutus,
2658 4259 2722 4311 ut
2745 4257 2845 4326 qui
2876 4253 3044 4310 illum
3066 4254 3167 4310 Dei
3194 4254 3496 4309 hominem
3529 4268 3657 4309 esse
3687 4267 3811 4324 per-

2155 4361 2400 4400 suasum
2436 4345 2735 4400 haberem.
2757 4343 3034 4398 Vestrum
3061 4346 3151 4396 est
3180 4341 3300 4396 haec
3329 4339 3675 4412 intelligere,
3701 4355 3808 4396 nec

2155 4451 2354 4489 meum
2385 4439 2475 4490 est
2504 4451 2572 4490 ea
2605 4435 2676 4487 de
2726 4449 2785 4486 re
2834 4431 2984 4486 ferre
3022 4430 3337 4501 judicium.
3371 4429 3560 4484 Meam
3608 4432 3805 4484 autem

369 4519 499 4594 παρ’
559 4517 696 4592 ἐμοῦ
757 4517 1061 4593 πρόσρησιν
1123 4516 1281 4573 αὑτὸν
1316 4520 1626 4575 Ἀθανάσιον
1675 4522 1801 4592 ὑμῖν
1855 4517 2037 4575 διακο-

411 4611 438 4619 -
599 4608 612 4624 ι
723 4605 772 4624 ,κ
931 4608 941 4624 ι
1157 4608 1169 4624 ν
1348 4614 1370 4623 -
1493 4611 1505 4624 .
1654 4607 1661 4618 ι
1839 4609 1851 4624 ς
1963 4614 1987 4624 ..

2155 4523 2570 4578 salutationem
2613 4525 2677 4576 ut
2717 4521 2844 4593 ipse
2873 4519 3399 4574 reverendissimus
3445 4516 3806 4574 Athanasius

371 4611 529 4676 νῆσαι
559 4608 650 4662 τὸν
686 4605 1113 4680 αίδεσιμώτατον
1145 4608 1430 4683 ἀναγκαῖον
1482 4607 1800 4685 ἡγησάμην,
1835 4609 2030 4664 ἐννοῶν

371 4698 474 4765 τὴν
536 4696 852 4770 ἐπιμέλειαν
909 4700 1009 4766 τῆς
1069 4697 1355 4759 ἐπιεικείας
1416 4698 1599 4769 αὑτοῦ,
1631 4696 1753 4766 ⁸ἥτις
1789 4699 1887 4753 οὐκ
1933 4699 2025 4753 ἀν-

377 4785 543 4857 αξίως
571 4789 672 4855 τῆς
702 4785 987 4861 εἰρηνικῆς
1021 4808 1126 4860 μου
1184 4786 1436 4859 πίστεως,
1471 4787 1547 4850 εἰς
1575 4788 1638 4842 τὸ
1672 4789 1866 4862 ἀγαθὸν
1925 4795 2024 4851 τῆς

377 4872 770 4950 σωτηριώδους
820 4876 1050 4948 γνώμης
1100 4877 1385 4952 κατέχεται
1443 4873 1752 4947 διαπαντὸς,
1784 4877 1872 4930 καὶ
1923 4873 2028 4949 ἕξει

372 4963 468 5017 τὸν
497 4963 875 5041 προτρέποντα
903 4962 1194 5039 λογισμόν.
1227 4965 1283 5017 Ὁ
1314 4966 1443 5026 Θεὸς
1489 4966 1629 5038 ὑμᾶς
1688 4962 2026 5043 διαφυλάξοι,

372 5050 605 5130 ἀδελφοὶ
680 5050 970 5127 ἀγαπητοί.
1035 5053 1133 5108 Καὶ
1216 5057 1384 5108 ταῦτα
1462 5055 1556 5128 μὲν
1617 5055 1644 5107 ὁ
1703 5061 2033 5110 Κωνσταντῖ-

371 5161 468 5204 νος
501 5143 636 5215 (se).

470 5321 561 5392 80)
591 5319 759 5392 Reg.,
791 5316 860 5392 οὐΔ
885 5314 1142 5392 δεόντως,
1173 5320 1352 5388 Editi,
1386 5319 1557 5387 male,
1587 5317 1712 5375 οὐδὲ
1744 5315 1935 5383 ὅντως.

471 5388 562 5466 81)
597 5388 762 5466 ﬂag,
801 5389 998 5466 μέχρις
1032 5388 1146 5466 οὐδ’
1176 5411 1270 5466 αν,
1295 5393 1493 5466 minus
1524 5399 1700 5466 recte.

601 5462 768 5538 Begu
800 5462 1137 5538 περἶιρβθῇ.
1174 5465 1346 5538 Editi,
1380 5462 1641 5538 ἀφῃρέθη.

455 5507 569 5605 is?!)
594 5507 1646 5615 ,ῑξιοῂέξξεξςίῑξιεδζξέκξιςκεςέιιῖ
1698 5539 1827 5592 Μοι
1873 5540 2038 5609 Reg,

383 5602 724 5680 ἀρχιερέςια,
753 5602 1056 5680 ἱηῖιουῐιηο
1087 5607 1324 5680 plurali.

462 5675 780 5753 (84)_l3_eg.,_
800 5675 1134 5753 ἐρισχελίαξ.
1182 5680 1340 5753 Quae
1368 5682 1525 5753 post
1547 5695 1762 5753 pauca_
1783 5695 2040 5753 sequun-

385 5744 509 5821 tur,
542 5744 722 5802 οὐδέν’
753 5744 974 5823 ἴσχυσαν
1017 5751 1069 5805 οἱ
1115 5749 1346 5826 πονηροὶ
1368 5744 1567 5804 ’κατά’
1592 5755 1689 5804 τοῦ
1746 5744 2042 5804 ἐπισκόπου

2144 4613 2310 4668 vobis
2367 4611 2731 4667 renuntiaret
2778 4614 3242 4664 consentaneum
3291 4607 3476 4662 duxi:
3511 4605 3805 4678 aequitatis

2138 4700 2304 4757 illius
2348 4701 2718 4756 sedulitatem
2773 4698 2971 4754 animo
3029 4697 3419 4769 perpendens,
3451 4712 3579 4768 quae
3627 4695 3804 4752 modo

2138 4791 2395 4864 paciﬁca:
2426 4790 2562 4845 fidei
2598 4806 2738 4843 meae
2791 4804 2906 4842 non
2952 4786 3216 4858 indigno,
3243 4785 3304 4840 in
3353 4783 3636 4841 salutaris
3665 4785 3802 4840 doc-

2140 4881 2306 4935 trina;
2359 4879 2512 4934 bono
2546 4893 2785 4949 semper
2835 4876 3194 4943 continetur,
3269 4890 3520 4946 quisque
3581 4873 3652 4930 ad
3697 4876 3804 4930 v05

2143 4970 2213 5024 de
2245 4968 2438 5024 ofﬁcio
2490 4967 2814 5023 monendos
2866 4965 2976 5020 erit
3033 4967 3392 5034 comparata.
3443 4963 3598 5018 Deus
3645 4962 3801 5018 143

2140 5074 2247 5114 vos
2277 5060 2600 5126 conservet,
2634 5054 2831 5112 dilecti
2874 5054 3106 5110 fratres.
3136 5051 3267 5107 Hac
3297 5049 3738 5108 Constantinus.

2149 5323 2324 5396 ὑμῶν,
2377 5327 2510 5388 etc.,
2557 5320 2734 5377 etiam
2793 5320 2946 5392 apud
3001 5317 3432 5374 Theodoretum
3489 5314 3802 5387 habentur,

2362 5396 2736 5536 ilditlearis.
2761 5465 2818 5518 et
2835 5460 3144 5528 Theodor.,
3171 5457 3449 5530 ὑμέτερον.
3475 5459 3550 5513 At
3577 5461 3802 5514 Comm.

2150 5531 2286 5592 cum
2318 5531 2488 5601 inss.,
2518 5531 2810 5607 ἡμέτερον.

2223 5609 2336 5679 (86)
2369 5599 2517 5677 Haec,
2545 5599 2649 5658 Καὶ
2677 5599 2843 5657 ταῦτα
2895 5601 2988 5672 μὲν
3039 5601 3067 5654 ὁ
3115 5599 3544 5672 Κωνσταντῖνος,
3592 5599 3806 5654 desunt

2150 5679 2211 5735 in
2243 5684 2379 5751 Reg.
