4152 6404
319 385 436 453 363

860 391 927 453 8.
975 391 1405 454 ATHANASII
1450 390 1624 453 OPP.
1668 390 1870 452 PARS
1913 389 1964 451 Ῑ.
1996 422 2075 434 -
2104 386 2526 450 HISTORIGA
2573 388 2670 449 ET
2711 384 3198 450 DOGMATICA.

3625 384 3747 448 884

397 522 488 578 63.
522 520 625 577 His
656 522 740 578 ita
783 522 984 596 gestis,
1006 540 1140 579 cum
1172 522 1475 595 aliquanto
1526 528 1786 595 tempore
1807 522 1975 593 quie-

2162 522 2252 574 63.
2284 518 2499 573 Τούτων
2549 517 2723 580 οὕτως
2774 516 3151 593 πραχθέντων,
3183 512 3321 593 πρός
3374 512 3566 590 ὀλίγον
3616 518 3752 586 ἠσυ-

320 609 547 667 vissent
575 612 891 680 Meletiani,
923 614 1111 669 denuo
1145 614 1514 669 concitantur
1542 631 1553 668 :
1589 618 1985 682 curantesque

328 704 395 755 ut
422 699 497 756 iis
527 701 629 772 qui
661 717 723 756 se
750 703 1016 758 mercede
1039 703 1438 758 conduxerant
1467 709 1807 775 pergratum
1840 701 1986 756 face-

240 806 247 817 '
327 792 478 857 rent,
502 790 613 846 hoc
644 790 883 846 demum
915 791 1119 846 ineunt
1148 790 1484 847 consilium.
1510 792 1796 847 Mareotes
1826 790 1986 863 regio

331 879 601 951 quaedam
620 877 1012 935 Alexandrina
1031 884 1325 952 est,quam
1347 880 1613 937 Meletius
1640 882 1697 936 in
1721 879 1986 935 schisma

330 967 619 1024 deducere
640 967 1041 1040 nequidquam
1064 969 1328 1025 tentavit.
1344 970 1489 1029 Cum
1513 970 1695 1042 igitur
1714 967 1986 1025 Ecclesiae

330 1056 590 1113 deﬁnitis
630 1057 692 1113 in
722 1056 868 1113 locis
897 1062 1115 1126 essent,
1149 1059 1509 1132 presbyteris
1539 1059 1819 1116 omnibus
1850 1073 1987 1112 con-

328 1147 540 1202 ventus
567 1145 625 1200 in
656 1146 868 1203 iisdem
899 1146 1175 1205 Ecclesiis
1201 1148 1518 1221 agentibus
1548 1147 1897 1220 populisque
1926 1145 1988 1201 in

331 1250 472 1309 pace
493 1234 847 1308 degentibus
867 1252 880 1291 :
900 1236 1142 1308 quidam
1166 1237 1437 1310 Ischyras
1458 1238 1717 1303 nomine,
1740 1252 1854 1292 non
1880 1235 1991 1292 cle-

333 1321 513 1393 ricus,
536 1323 641 1379 sed
663 1327 720 1379 et
740 1324 1004 1381 moribus
1032 1325 1360 1398 improbus,
1386 1326 1481 1382 sui
1511 1326 1644 1398 pagi
1674 1324 1895 1382 incolas
1928 1325 1990 1379 in

333 1427 591 1468 errorem
621 1412 926 1484 impellere
957 1415 1299 1483 conabatur,
1333 1415 1476 1471 dum
1525 1430 1653 1471 sese
1691 1413 1993 1484 jactitaret

333 1516 465 1558 esse
495 1500 796 1557 clericum.
822 1503 885 1557 Id
907 1518 1043 1558 cum
1067 1504 1449 1576 comperisset
1468 1502 1729 1560 locorum
1750 1502 1990 1574 presby-

333 1591 427 1646 ter
455 1588 602 1645 mihi
622 1589 912 1647 Ecclesiae
934 1592 1315 1663 perlustranti
1346 1609 1469 1649 rem
1491 1592 1836 1649 denuntiat:
1863 1607 1991 1662 quae

336 1694 517 1734 causa
544 1677 655 1734 fuit
683 1683 750 1734 ut
778 1697 896 1736 una
923 1696 1061 1737 cum
1095 1680 1197 1738 illo
1229 1681 1552 1738 Macarium
1582 1681 1992 1754 presbyterum

336 1764 630 1823 mitterem
671 1767 744 1823 ad
796 1767 1094 1842 Ischyram
1127 1770 1549 1826 accersendum
1585 1786 1598 1825 :
1632 1786 1808 1841 quem
1857 1784 1993 1823 cum

335 1870 562 1927 aegrum
603 1854 783 1927 inque
812 1857 1082 1914 cubiculo
1131 1859 1583 1915 decumbentem
1616 1860 1992 1931 reperissent,

336 1942 485 2015 patri
520 1944 649 2015 ejus
687 1944 1018 2016 injunxere,
1049 1949 1116 2001 ut
1152 1946 1342 2003 ﬁlium
1375 1965 1410 2004 a
1439 1947 1542 2004 tali
1571 1947 1994 2018 facinoreprc-

339 2030 587 2102 biberet,
611 2033 783 2105 quale
812 2035 1260 2105 adversusﬁeum
1284 2037 1476 2093 fuerat
1495 2035 1779 2093 delatum.
1803 2037 1876 2091 At
1904 2034 2004 2091 ille

341 2120 546 2176 morbo
594 2120 819 2179 levatus
866 2140 1000 2179 cum
1050 2129 1227 2190 esset,
1261 2142 1296 2180 a
1323 2125 1449 2182 suis
1490 2130 1549 2182 et
1579 2143 1612 2181 a
1639 2129 1801 2195 patre
1848 2124 1999 2196 ipso,

336 2208 658 2281 quominus
687 2211 746 2267 id
766 2216 984 2284 ageret,
1010 2214 1345 2284 prohibitus
1368 2212 1633 2286 confugit
1653 2215 1725 2270 ad
1749 2212 2008 2269 Meletia-

334 2314 483 2355 nos:
508 2299 609 2371 qui
641 2299 790 2357 inita
819 2317 955 2357 cum
983 2302 1335 2359 Eusebianis
1368 2304 1670 2373 societate,
1701 2302 1857 2359 hanc
1887 2319 2007 2357 una

338 2403 545 2444 omnes
599 2390 931 2447 conﬁnxere
988 2392 1509 2461 criminationem;
1562 2393 1719 2465 quod
1780 2391 2008 2448 scilicet

341 2476 632 2535 Macarius
655 2478 897 2536 calicem
920 2481 1327 2555 confregisset,
1345 2484 1746 2555 Arseniusque
1777 2481 2005 2553 episco-

343 2582 458 2638 pus
475 2583 512 2623 a
532 2567 703 2624 nobis
717 2573 872 2626 esset
893 2569 1463 2642 interemptus.Quin
1488 2571 1665 2628 etiam
1688 2570 2005 2627 Arsenium

338 2656 733 2726 ,occultarunt,
766 2663 832 2714 ut
855 2658 957 2729 qui
989 2676 1287 2733 nusquam
1312 2665 1698 2732 compareret,
1733 2660 2006 2716 credere-

343 2748 447 2799 tur
472 2745 834 2803 interfectus.
862 2748 1155 2804 Truncam
1184 2750 1325 2805 item
1356 2766 1600 2805 manum
1633 2749 2007 2806 circumfere-

344 2832 511 2901 bant,
528 2833 661 2905 qusi
682 2834 734 2890 is
756 2834 967 2893 fuisset
986 2838 1362 2894 membratim
1383 2837 1677 2894 concisus.
1703 2838 2001 2910 Ischyram

345 2938 705 2995 vero,quem
754 2940 827 2981 ne
874 2926 1837 3000 norant‘quidem,presbyterum
1886 2927 2003 2983 cir-

350 3026 726 3084 cumquaque
773 3013 1089 3085 predicare
1118 3019 1443 3086 ceperunt,
1484 3020 1552 3072 ut
1595 3018 1665 3072 de
1712 3015 1889 3072 calice
1919 3014 2004 3071 lo-

348 3098 554 3170 quenti
582 3100 908 3173 decipiendi
952 3107 1108 3160 esset
1152 3103 1423 3161 facultas.
1460 3104 1729 3177 Ischyras
1758 3104 1942 3177 igitur
1970 3122 2006 3160 a

346 3187 474 3245 suis
494 3189 865 3263 objurgatus,
887 3192 960 3248 ad
984 3208 1092 3248 nos
1110 3190 1539 3265 eollacrymans
1562 3195 1829 3263 accessit,
1853 3183 2003 3249 nihil

2095 608 2357 683 χάσαντες
2435 609 2487 662 οἱ
2560 604 2897 673 Μελιτιανοὶ,
2965 604 3359 679 παροξύνονται
3416 604 3609 676 πάλιν,
3665 605 3756 662 καὶ

2093 696 2292 764 ταύτην
2339 696 2555 772 ὕστερον
2604 695 2840 750 τίθενται
2893 693 3123 769 βουλὴν,
3178 691 3573 763 σπουδάζοντες
3622 693 3754 771 ἀρέ-

2097 806 2185 839 σαι
2211 789 2328 847 τοῖς
2381 784 2813 859 μισθωσαμένοις
2862 782 3078 846 αύτούς.
3113 785 3417 858 Μαρεώτης
3448 786 3561 858 (87)
3595 784 3757 861 χώρα

2095 880 2197 942 τῆς
2245 871 2654 949 Ἀλεξανδρείας
2702 872 2873 928 ἐστίν·
2910 871 2962 927 ἐν
3012 871 3181 947 ταύτῇ
3232 872 3444 948 σχίσμα
3492 870 3755 935 Μελίτιος

2094 961 2197 1017 οὐκ
2224 960 2471 1033 ⁴ἠδυνήθη
2503 969 2750 1031 ποιῆσαι.
2778 966 2895 1017 Τῶν
2925 962 3106 1017 τοίνυν
3142 959 3483 1031 Ἐκκλησιῶν
3511 960 3564 1016 ἐν
3618 962 3759 1038 ὡρι-

2094 1051 2319 1124 σμένοις
2364 1050 2556 1113 τόποις
2596 1050 2792 1124 οὐσῶν,
2821 1051 2913 1106 καὶ
2958 1055 3066 1105 τῶν
3115 1045 3495 1125 πρεσϐυτέρων
3538 1051 3754 1106 πάντων

2092 1138 2151 1195 ἐν
2208 1138 2396 1201 αὐταῖς
2455 1140 2824 1215 συναγόντων,
2873 1144 2979 1195 τῶν
3031 1160 3093 1195 τε
3146 1137 3295 1194 λαῶν
3346 1139 3756 1216 εἷ’ρηνευόντων,

2098 1228 2349 1304 Ἰσχύρας
2377 1250 2461 1291 τις
2495 1227 2639 1283 οὕτω
2680 1226 3002 1304 λεγόμενος,
3039 1228 3101 1283 ού
3148 1225 3442 1305 κληρικὸς,
3476 1226 3623 1284 ἀλλά
3666 1228 3759 1284 καὶ

2096 1317 2186 1372 τὸν
2216 1317 2417 1390 τρόπον
2450 1317 2713 1393 πονηρὸς,
2747 1317 3017 1395 ἐπεχείρει
3047 1316 3176 1379 τοὺς
3226 1316 3277 1373 ἐν
3320 1321 3391 1392 τῇ
3442 1314 3555 1389 ἰδία
3598 1318 3763 1392 κώμῃ

2098 1405 2325 1481 πλανᾷν,
2381 1405 2559 1482 λέγων
2618 1406 2752 1462 εἷναί
2808 1428 2926 1462 τινα
2981 1407 3168 1462 ἑαυτὸν
3248 1405 3535 1484 κληρικόν.
3592 1411 3761 1463 Τοῦτο

2102 1497 2288 1569 μαθὼν
2317 1498 2348 1552 ὁ
2394 1499 2502 1551 τῶν
2546 1495 2730 1551 τόπων
2776 1491 3145 1572 πρεσϐύτερος
3194 1494 3617 1573 περιερχόμένῳ
3668 1516 3762 1569 μοι

2096 1586 2194 1647 τὰς
2228 1582 2555 1656 Ἐκκλησίας
2587 1582 2919 1661 ἀναγγέλλει
2939 1607 2953 1619 ο
2979 1585 3076 1650 ,καὶ
3107 1583 3439 1641 ἀποστέλλω
3491 1584 3582 1640 σὺν
3617 1584 3762 1659 αὐτῷ

2101 1675 2378 1751 Μακάριον
2436 1669 2798 1751 πρεσϐύτερον
2847 1672 3073 1730 καλέσαι
3126 1674 3219 1730 τὸν
3257 1673 3523 1751 Ἰσχύραν.
3558 1675 3761 1751 Εύρόν-

2098 1783 2186 1825 τες
2237 1760 2297 1817 δὲ
2338 1762 2498 1819 αὐτὸν
2526 1765 2800 1835 (νοσοῦντα
2843 1763 2934 1819 καὶ
2975 1762 3359 1838 κατακείμενον
3416 1762 3469 1819 ἐν
3526 1761 3758 1837 κελλίῳ,

2100 1851 2452 1908 ἐντέλλονται
2506 1857 2587 1925 τῷ
2642 1851 2807 1930 πατρί
2864 1852 3030 1909 αὐτοῦ
3100 1851 3468 1930 παραγγεῖλαι
3521 1857 3602 1925 τῷ
3657 1853 3762 1926 υἱῷ

2114 1938 2281 2016 μηδέν
2312 1963 2367 1996 τι
2393 1946 2639 1998 τοιοῦτον
2674 1942 2992 2019 ἐπιχειρεῖν.
3025 1943 3139 1997 οἷον
3172 1940 3385 2019 εἷ’ρηται
3422 1943 3541 1998 κατ’
3568 1942 3758 2000 αὐτοῦ.

2112 2028 2268 2087 Ἀλλ’
2304 2031 2533 2094 ἀναστὰς
2582 2030 2688 2086 ἀπὸ
2734 2038 2835 2101 τῆς
2884 2030 3068 2106 νόσου,
3113 2031 3204 2087 καὶ
3247 2030 3604 2106 κωλυόμενος
3657 2031 3763 2087 ἀπὸ

2108 2124 2214 2175 τῶν
2252 2117 2403 2175 ἰδίων
2431 2120 2523 2175 καὶ
2551 2125 2647 2175 τοῦ
2676 2122 2902 2195 πατρὸς,
2934 2120 3257 2199 καταφεύγει
3286 2121 3425 2197 πρὸς
3472 2120 3607 2184 τοὺς
3654 2126 3762 2177 Με-

2113 2207 2427 2271 λιτιανούς·
2479 2208 2720 2265 κάκεῖνοι
2762 2213 3069 2265 κοινοῦνται
3124 2215 3240 2272 τοῖς
3298 2209 3423 2285 περὶ
3478 2204 3764 2280 Εὐσέϐιον,

2111 2298 2202 2353 καὶ
2250 2296 2443 2353 λοιπὸν
2490 2298 2787 2354 συντίθεται
2833 2302 2960 2373 παρ’
3007 2299 3183 2355 αὐτῶν
3232 2301 3268 2369 ἡ
3301 2299 3649 2377 συκοφαντία,
3682 2298 3764 2355 ὅτι

2115 2385 2181 2458 δὴ
2233 2392 2497 2463 ποτήριον
2552 2388 2643 2462 μὲν
2705 2390 2983 2464 Μακάριος
3055 2387 3325 2460 κατέαξεν,
3376 2389 3651 2464 ’Δρσένιος
3712 2386 3768 2445 δέ

2110 2498 2195 2540 τις
2267 2476 2560 2540 ἐπίσκοπος
2620 2477 2874 2555 ἐφονεύθη
2933 2478 3061 2554 παρ’
3114 2480 3299 2551 ἡμῶν,
3356 2477 3460 2533 Καὶ
3515 2478 3607 2533 τὸν
3673 2478 3766 2552 μὲν

2115 2566 2388 2642 Ἀρσένιον
2465 2567 2815 2641 κρύπτουσιν,
2880 2566 3012 2643 ὑπὲρ
3086 2572 3205 2635 τοῦ,
3289 2569 3362 2640 μή
3443 2567 3769 2645 φαινόμενον

2115 2654 2296 2726 αὐτὸν,
2329 2656 2406 2718 ὡς
2455 2656 2795 2730 ἀναιρεθέντα
2839 2654 3188 2729 νομίζεσθαι·
3234 2655 3326 2711 καὶ
3366 2661 3548 2733 χεῖρα,
3578 2656 3764 2734 φησὶν,

2110 2744 2189 2806 ὡς
2243 2745 2609 2820 συγκοπέντος
2664 2745 2852 2818 αὐτοῦ,
2902 2746 3243 2823 περιέφερον.
3275 2746 3373 2800 Τὸν
3404 2744 3461 2801 δὲ
3490 2745 3764 2823 Ἰσχύραν,

2113 2834 2172 2888 ὃν
2223 2832 2323 2888 οὐκ
2369 2830 2612 2908 ᾔδεισαν,
2659 2832 2920 2911 ἄρχονται
2969 2833 3223 2910 θρυλλεῖν
3403 2835 3482 2898 ὡς
3530 2831 3769 2911 πρεσϐύ-

2110 2941 2289 2997 τερον,
2317 2921 2411 2978 ’ίνα
2438 2923 2529 2977 καὶ
2558 2923 2683 2998 περὶ
2713 2922 2983 3000 ποτηρίου
3032 2921 3211 3000 λέγων
3257 2922 3467 2997 πλάνᾷν
3514 2923 3761 2995 δύνηται.

2110 3012 2169 3065 Ὃ
2202 3010 2297 3085 μὲν
2347 3008 2440 3067 οὖν
2492 3011 2760 3087 Ἰσχύρας,
2814 3013 3179 3091 μεμφομένων
3225 3012 3383 3069 αὐτὸν
3430 3016 3537 3069 τῶν
3583 3010 3758 3087 ἰδίων,

2111 3098 2249 3170 ἦλθε
2278 3100 2414 3176 πρὸς
2444 3103 2595 3174 ἡμᾶς
2626 3098 3055 3178 ἀποδυρόμενος,
3087 3104 3178 3157 καὶ
3207 3099 3386 3178 λέγων
3447 3098 3614 3176 μηδὲν
3666 3101 3759 3175 μὲν

2111 3191 2432 3266 γεγενῆσθαι
2472 3192 2620 3265 παρά
2667 3190 2968 3267 Μακαρίου,
3002 3193 3117 3247 οἷον
3167 3190 3532 3267 ἐθρύλλήσαν,
3564 3185 3767 3247 ὑποϐε-

340 3275 461 3332 tale
488 3277 765 3351 inquiens
792 3297 828 3336 a
849 3280 1105 3337 Macario
1132 3282 1542 3352 commissum,
1564 3282 1737 3355 quale
1766 3283 1851 3339 illi
1880 3300 2002 3356 per-

2115 3274 2353 3349 ϐλῆσθαι
2404 3276 2461 3334 δὲ
2510 3279 2694 3335 ἑαυτὸν
2743 3281 2891 3356 παρά
2916 3284 3023 3335 τῶν
3065 3279 3407 3337 Μελιτιανῶν
3462 3281 3767 3336 πλάσασθαι

341 3365 676 3440 vulgarant,
711 3369 812 3425 sed
855 3386 919 3425 se
957 3369 1347 3427 subornatum
1379 3388 1414 3427 a
1440 3371 1766 3429 Meletianis
1798 3372 2004 3443 fuisse,

346 3455 421 3512 ad
449 3454 614 3514 illam
644 3457 1119 3517 criminationem
1142 3459 1724 3518 comminiscendam.
1758 3465 1879 3518 Hoc
1909 3478 2010 3518 au-

346 3547 469 3600 tem
498 3545 856 3618 rescriptum
889 3546 1055 3603 dedit
1085 3565 1098 3604 :

730 3652 961 3710 BEATO'
991 3653 1208 3712 PAP/E
1253 3655 1625 3713 ATHANASIO

704 3741 960 3815 lschyra:
1002 3745 1064 3798 in
1110 3745 1345 3801 Domino
1388 3746 1645 3802 salutem.

422 3829 514 3884 64.
571 3828 1057 3903 Quandoquidem
1116 3849 1240 3902 me,
1302 3833 1540 3890 domine
1597 3835 1887 3909 episcopo,
1946 3841 2005 3895 te

353 3918 691 3985 adeuntem,
713 3924 781 3975 ut
807 3919 869 3975 in
900 3919 1222 3977 Ecclesiam
1244 3922 1357 3978 reci
1365 3940 1550 3995 perer,
1575 3925 1900 3998 objurgasti
1930 3928 2004 3983 ob

353 4021 449 4063 res
492 4005 738 4063 antehac
768 4024 802 4063 a
832 4023 925 4064 me
954 4008 1200 4076 delatas,
1233 4010 1401 4082 quasi
1433 4012 1490 4067 id
1536 4030 1724 4069 essem
1777 4021 2008 4089 meapte

352 4093 598 4151 consilio
629 4109 976 4169 aggressus;
1010 4096 1226 4155 idcirco
1250 4100 1365 4156 mei
1386 4103 1677 4175 purgandi
1698 4120 1877 4160 causa
1896 4105 2008 4162 hoc

351 4182 462 4239 tibi
490 4183 658 4239 trado
684 4184 1069 4257 rescriptum;
1120 4191 1185 4242 ut
1223 4194 1590 4261 compertum
1620 4188 1859 4265 habeas,
1890 4193 2009 4249 vim

356 4270 503 4329 mihi
534 4271 759 4328 illatam
781 4272 1105 4347 plagasque
1126 4276 1199 4332 ab
1223 4278 1439 4347 lsaaco,
1463 4280 1786 4347 Heraclide,
1813 4283 2009 4338 Isaaco

358 4361 537 4417 Letus
587 4377 910 4435 eorumque
956 4364 1153 4436 sociis,
1185 4365 1439 4423 inflictas
1489 4384 1637 4425 esse.
1678 4374 1795 4443 Ego
1845 4386 2006 4435 sane,

356 4449 473 4506 Deo
502 4450 563 4505 in
594 4456 803 4525 testem
833 4451 1119 4524 adhibito,
1138 4454 1248 4511 hoc
1270 4457 1343 4512 ad
1375 4458 1462 4512 tui
1484 4458 1885 4515 defensionem
1908 4461 2008 4515 de-

357 4538 536 4606 claro,
557 4556 653 4596 me
682 4535 862 4613 prebe
906 4542 1054 4599 scire
1082 4548 1138 4600 te
1170 4544 1318 4600 nihil
1368 4561 1570 4601 eorum
1618 4551 2007 4619 perpetrasse,

2114 3368 2371 3438 τοιαύτην
2403 3365 2706 3444 λοιδορίαν.
2732 3367 2833 3423 Καὶ
2863 3370 3058 3447 γράφει
3085 3373 3254 3425 ταῦτα
3274 3391 3287 3403 ·

2401 3656 2709 3732 ΜΔΚΑΡΙῼ
2738 3653 2852 3728 (89)
2892 3658 3086 3725 ΠΔΠᾼ
3128 3656 3488 3732 ΔΘΔΝΑΣΙῼ

2522 3740 2775 3818 Ἰσχύρας
2814 3740 2866 3797 ἐν
2907 3741 3090 3819 Κυρίῳ
3127 3740 3364 3820 χαίρειν.

2186 3834 2277 3890 64.
2311 3828 2535 3901 Ἐπειδὴ
2591 3829 2905 3908 προσῆλθόν
2962 3853 3073 3900 σοι,
3102 3831 3257 3905 κύριε
3301 3830 3580 3903 ἐπίσκοπε,
3641 3831 3772 3907 βου-

2119 3918 2354 3994 λόμενος
2381 3927 2483 3990 τῆς
2518 3918 2846 3991 Ἐκκλησίας
2889 3919 3047 3989 εἶναι,
3076 3920 3287 3995 ᾐτιάσω
3341 3918 3399 3975 δέ
3453 3942 3538 3990 με,
3573 3920 3654 3999 ἐφ’
3685 3922 3772 3984 οἷς

2115 4009 2378 4086 πρότερον
2428 4009 2792 4088 ἐφθεγξάμην,
2826 4009 2900 4072 ὡς
2948 4009 3083 4084 ἐμοῦ
3136 4010 3241 4064 ἀπὸ
3287 4011 3655 4086 προαιρέσεως
3697 4009 3774 4073 εἷς

2114 4103 2277 4153 τοῦτο
2307 4095 2697 4172 παρελθόντος,
2730 4096 2926 4152 τούτου
2954 4094 3124 4154 ἕνεκεν
3169 4098 3370 4169 ταύτην
3416 4099 3517 4168 τὴν
3567 4098 3777 4154 ἀπολο-

2117 4186 2239 4261 γίαν
2292 4185 2581 4263 ἐγγράφως
2631 4207 2715 4241 σοι
2766 4184 3084 4261 ἐπιδίδωμι,
3109 4185 3183 4242 ’ἶν’
3215 4185 3412 4242 εἰδέναι
3458 4185 3633 4263 ἔχοις,
3667 4187 3775 4257 ὅτι,

2123 4276 2244 4350 βίας
2295 4296 2387 4347 μοι
2442 4275 2767 4349 γενομένης,
2825 4276 2917 4330 καὶ
2969 4274 3204 4352 πληγῶν
3273 4274 3612 4331 ἐπιτεθεισῶν
3667 4275 3775 4331 ἀπὸ

2119 4365 2297 4421 Ἰσαὰκ
2349 4364 2439 4418 καὶ
2487 4362 2863 4441 Ἡρακλείδου,
2895 4365 2985 4420 καὶ
3037 4366 3215 4444 Ἰσαὰκ
3259 4369 3357 4420 τοῦ
3404 4372 3506 4436 τῆς
3536 4369 3773 4439 Λητοῦς,

2119 4454 2207 4508 καὶ
2240 4453 2342 4508 ὑπὸ
2370 4458 2476 4508 τῶν
2520 4452 2611 4508 σὺν
2660 4453 2866 4518 αὐτοῖς.
2903 4456 3045 4530 Ἐγὼ
3093 4452 3173 4526 δὲ,
3206 4456 3452 4532 μάρτυρα
3504 4456 3598 4511 τὸν
3644 4455 3775 4513 Θεὸν

2120 4542 2197 4605 εἰς
2224 4547 2386 4597 τοῦτο
2420 4537 2741 4617 λαμϐάνων,
2777 4541 3188 4621 ἀπολογοῦμαι,
3220 4543 3302 4598 ὅτι
3341 4542 3495 4600 οὐδὲν
3534 4545 3610 4599 ὧν
3639 4543 3779 4599 ἐκεῖ-

358 4644 488 4700 que
518 4628 606 4684 illi
631 4646 667 4685 a
693 4634 750 4685 te
769 4631 1087 4688 commissa
1110 4633 1413 4704 jactitant.
1437 4635 1613 4691 Nulla
1632 4636 1791 4692 enim
1816 4637 2002 4694 calicis

2121 4651 2205 4685 νοι
2239 4630 2510 4707 εἰρήκασι,
2542 4629 2764 4686 σύνοιδά
2809 4652 2867 4687 σε
2912 4629 3292 4703 πεποιηκέναι.
3324 4629 3460 4688 Οἰίτε
3514 4634 3618 4710 γὰρ
3675 4652 3779 4687 πο-

361 4718 702 4789 confractic,
735 4718 901 4775 nulla
934 4721 1157 4776 exstitit
1202 4738 1381 4778 sacrae
1412 4740 1630 4780 mensae
1662 4726 1965 4781 subversio
1999 4744 2013 4782 :

361 4807 465 4863 sed
498 4823 591 4863 me
622 4807 892 4876 iidem,vi
912 4808 1096 4882 illata,
1122 4812 1194 4867 ad
1218 4811 1340 4867 haec
1362 4813 1561 4869 omnia
1588 4813 1837 4871 dicenda
1857 4832 2014 4871 com-

361 4894 582 4968 pulere.
614 4896 788 4952 Porro
821 4896 944 4953 haec
993 4898 1124 4955 ideo
1150 4900 1223 4955 ad
1257 4900 1656 4957 defensionem
1690 4904 1929 4975 protuli,
1952 4920 2017 4960 ac

356 4986 580 5057 scripto
612 4986 913 5056 mandavi;
945 4989 1102 5060 quod
1130 5005 1504 5061 summopere
1526 4997 1793 5064 expetam
1821 4998 2019 5065 postu-

358 5073 616 5148 lemque,
640 5081 706 5132 ut
735 5076 883 5132 mihi
930 5078 1320 5134 conventibus
1349 5078 1522 5135 liceat
1558 5081 1843 5139 interesse
1874 5084 2016 5157 tuis.

359 5166 439 5222 Te
467 5165 528 5221 in
550 5165 797 5222 Domino
814 5165 1006 5223 valere
1046 5172 1273 5240 exopto.
1301 5168 1421 5224 Hoc
1470 5173 1668 5225 autem
1717 5172 2017 5246 chirogra-

358 5254 545 5327 phum
568 5270 767 5310 meum
786 5254 895 5310 tibi
916 5254 1236 5312 Athanasio
1269 5256 1543 5329 episcopo
1570 5259 1787 5315 tradidi
1819 5277 2016 5319 coram

428 5429 630 5504 (87)Ita
657 5431 808 5510 Reg._
1031 5448 1189 5501 vero,
1222 5436 1527 5509 Μαρεῶτις,
1561 5435 1665 5492 sed
1711 5436 2014 5510 Μαρεώτης

350 5500 773 5577 alias’sempef
796 5503 1030 5577 legitur.

434 5573 548 5644 (88)
608 5571 772 5647 Reg.,
804 5571 1040 5651 θᾷυλεῖν,
1090 5576 1163 5631 de
1215 5592 1399 5644 more,
1457 5579 1614 5650 quod
1680 5578 1888 5636 ultimo
1936 5580 2014 5637 sit

362 5641 679 5701 monitum.

436 5715 547 5788 (89)
577 5717 669 5772 Sic
701 5717 841 5792 Reg.
876 5718 1026 5775 Editi
1075 5733 1229 5789 vero,
1259 5723 1339 5791 τῷ
1368 5718 1654 5796 Μακαρίῳ.
1688 5721 1820 5779 Mox
1867 5722 2008 5795 Reg.

2122 4719 2318 4795 τηρίου
2347 4718 2539 4782 κλάσις
2570 4719 2808 4797 γέγονεν,
2843 4717 2967 4776 οὕτε
3013 4728 3116 4791 τῆς
3165 4721 3324 4797 ἀγίας
3380 4723 3654 4799 τραπέζης
3679 4741 3781 4777 κα-

2121 4811 2396 4888 ταστροφή
2450 4810 2767 4886 γεγένηται·
2803 4808 2950 4865 ἀλλᾶ
2993 4814 3162 4866 ταῦτα
3202 4812 3377 4867 πάντα
3425 4810 3619 4867 ἐκεῖνοι
3655 4811 3776 4888 βίαν

2124 4897 2394 4961 ἐπιθέντες
2449 4920 2563 4973 μοι,
2598 4899 2673 4962 εἷς
2723 4904 2884 4955 τοῦτο
2931 4899 3310 4977 παρώρμησάν
3368 4920 3456 4973 με.
3485 4904 3663 4955 Ταῦτα
3720 4898 3782 4955 δὲ

2122 4986 2560 5063 ἀπελογησάμην
2610 5008 2716 5058 σοι,
2760 4989 2849 5044 καὶ
2899 4988 3188 5067 ἐγγράφως
3239 4987 3563 5064 ἐπιδέδωκα,
3595 4989 3783 5067 αἱρού-

2130 5098 2289 5150 μενος
2329 5078 2418 5133 καὶ
2470 5076 2915 5152 ἐπιδικαζόμενος
2960 5079 3093 5133 εἶναι
3124 5081 3237 5152 (90)
3265 5083 3373 5133 τῶν
3412 5078 3504 5134 ἐπὶ
3553 5079 3612 5134 σε
3660 5100 3784 5135 συν-

2125 5169 2420 5243 αγομένων.
2473 5168 2774 5246 Ἐῤῥῶσθαί
2822 5190 2880 5224 σε
2937 5164 3173 5245 εὔχομαι
3219 5167 3272 5224 ἐν
3322 5170 3526 5245 Κυρίῳ.
3564 5167 3781 5227 Ἐπιδέ-

2126 5254 2275 5313 δωκα
2305 5255 2362 5312 δὲ
2389 5254 2522 5329 τήδε
2556 5280 2661 5333 μου
2688 5259 2789 5327 τὴν
2821 5260 2985 5337 χεῖρά
3036 5279 3119 5313 σοι
3171 5263 3251 5331 τῷ
3301 5257 3580 5334 ἐπισκόπῳ
3627 5261 3786 5325 Ἀθα-

2121 5441 2179 5494 et
2206 5438 2406 5514 Basil._,
2430 5434 2740 5513 προσῆλθόν
2774 5459 2880 5511 σοι,
2904 5443 2962 5498 et
2981 5430 3064 5497 ita
3082 5438 3420 5514 legendum.
3443 5438 3597 5498 Editi
3618 5456 3778 5511 vero,

2119 5506 2431 5584 προσῆλθόν
2473 5506 2585 5583 μοι.

2122 5581 2304 5710 155980)
2343 5581 2490 5637 Εἶναι
2549 5583 2750 5641 deerat
2802 5583 2862 5640 in
2920 5582 3117 5641 editis.
3173 5586 3257 5644 Ex
3313 5583 3455 5658 Reg.
3510 5583 3780 5658 sumpsi-
