4152 6378
330 426 446 494 367
871 432 940 497 S.
984 433 1404 497 ATHANASII
1449 433 1623 496 OPP.
1668 430 1868 495 PARS
1912 433 1958 494 Ι.
1998 461 2075 477 —-
2104 431 2526 496 HISTORICA
2575 431 2677 495 ET
2721 430 3204 496 DOGMATIGA.

764 566 1015 625 DOMINO
1053 568 1336 625 DILECTO
1376 568 1555 624 FILIO

2570 571 2765 644 ΚΥΡΙῼ
2802 569 2931 622 ΑΓΛ
2944 570 3125 645 ΠΗΤῼ
3163 570 3274 643 Υιᾳ

441 662 494 713 οι
519 657 780 714 unanimi
805 658 1177 713 comminiuro
1208 657 1528 728 Athanasio,
1560 657 1869 713 Alexander

705 730 983 781 enisconus
1007 728 1066 781 in
1095 729 1325 781 Domino
1352 730 1606 781 salutem.

2107 653 2174 708 ιαὶ
2235 654 2509 781 epoto-mg
2579 652 2989 731 συλλειτουργῷ
3035 653 3337 728 Ἀθανασίῳ
3386 651 3745 732 Ἀλέξανδρος

2515 726 2775 781 πίσκοπος
2808 726 2859 781 ἐν
2893 725 3074 781 Κυοίω
3102 726 3337 781 γαίοειν.

705 730 983 800 episcopus
1007 728 1066 783 in
1095 729 1325 784 Domino
1352 725 1606 785 salutem.

2273 725 2277 726 ί
2362 725 2369 728 ⁷
2425 725 2775 788 ”ἒπίσκοπος
2808 725 3074 803 ἐν’Κυρίῳ
3102 725 3337 803 χαίρειν.

404 817 497 873 66.
527 816 907 889 Congratulor
934 816 1153 889 optimo
1193 817 1497 889 Sarapioni
1530 818 1630 889 qui
1661 822 1824 874 tanto
1854 821 1976 873 stu-

2156 815 2244 870 66.
2305 814 2604 891 Συγχαίρω
2660 820 2739 887 τῷ
2815 815 3081 891 βελτίστῳ
3141 815 3456 891 Σαραπίωνι
3492 862 3507 888 ,
3567 816 3744 879 οὑτως

334 904 432 962 dio
461 906 761 962 contendit
798 919 927 961 sese
973 905 1157 962 sacris
1188 922 1399 962 ornare
1446 907 1731 975 moribus,
1765 907 1980 979 quippe

2112 908 2256 978 εροῖς
2304 903 2487 959 ἑαυτὸν
2705 901 2861 974 ἤθεσι
2910 910 3131 977 κοσμεῖν
3191 905 3605 982 ἀγωνιζομένῳ,
3651 906 3743 962 καὶ

331 993 517 1068 patris
549 994 843 1051 memoria
874 992 1108 1051 laudem
1151 993 1212 1050 in
1263 994 1388 1051 dies
1418 995 1707 1051 conciliat.
1742 997 1981 1051 Mortuus

2107 992 2186 1062 τήν
2270 1011 2329 1047 τε
2400 995 2497 1047 τοῦ
2573 993 2776 1069 πατρὸς
2853 995 3078 1067 μνήμην
3160 993 3742 1072 ὲγκωμιαστικώτερον

332 1092 414 1141 est
442 1086 609 1151 enim,
642 1083 724 1141 ait
753 1085 1009 1157 quodam
1037 1082 1096 1139 in
1127 1083 1254 1141 loco
1283 1102 1450 1141 sacra
1478 1084 1795 1157 Scriptura,
1823 1088 1984 1158 pater

2107 1078 2393 1152 inadﬁovn.
2453 1080 2802 1152 Ἐτελεύτησε
2857 1083 2984 1158 γὰρ,
3044 1081 3120 1145 ὥς
3176 1104 3283 1138 που
3338 1085 3374 1153 ἡ
3435 1083 3556 1159 ἱερά
3612 1105 3747 1162 φησι

332 1172 470 1245 ejus,
497 1177 552 1229 et
587 1174 748 1245 quasi
782 1189 895 1229 non
924 1176 1009 1229 est
1035 1177 1283 1230 mortuus
1301 1174 1369 1239 ⁸²,
1398 1174 1530 1230 vitae
1577 1191 1833 1247 namque
1862 1191 1981 1230 sua

2107 1170 2302 1247 Γραφὴ,
2361 1171 2389 1225 6
2437 1172 2614 1247 πατὴρ
2670 1171 2835 1227 αὐτοῦ
2866 1218 2882 1245 ,
2928 1170 3018 1227 καὶ
3074 1172 3148 1236 ὡς
3216 1174 3294 1247 (1)
3354 1171 3453 1227 ούκ
3509 1172 3747 1238 ἀπέθανε

333 1261 765 1318 monimentum
796 1261 1052 1334 reliquit.
1086 1263 1210 1327 Quo
1241 1267 1439 1320 autem
1475 1262 1666 1319 affecti
1698 1262 1983 1319 fuerimus

2107 1257 2351 1314 ιατέλιπε
2395 1260 2496 1336 γὰρ
2539 1264 2619 1333 τῷ
2680 1260 2783 1337 βίῳ
2834 1260 3209 1334 μνημόσυνον.
3259 1263 3447 1324 Ὅπως
3500 1262 3595 1335 μὲν
3650 1260 3751 1359 οὖν(

335 1351 537 1408 animo
572 1366 712 1425 erga
756 1355 1084 1418 Sozontem,
1133 1352 1428 1408 memoria
1475 1352 1720 1424 dignum
1767 1352 1980 1420 virum,

2107 1343 2400 1421 διεκείμεθα
2454 1348 2579 1425 περὶ
2634 1348 2728 1404 τὸν
2792 1351 3020 1423 μνήμης
3089 1347 3235 1421 ἄξιον
3294 1351 3572 1424 Σώζοντα,
3635 1348 3732 1407 οὐδ

334 1456 453 1497 non
482 1440 737 1513 ignoras,
762 1440 1021 1506 domine,
1045 1442 1303 1513 quicum
1328 1458 1556 1498 sacram
1582 1442 1846 1513 ejusdem
1877 1441 1985 1496 viri

2107 1434 2257 1499 ιῦτὸς
2288 1437 2518 1513 ἀγνοεῖς,
2554 1434 2806 1511 δέσποτα,
2859 1440 2959 1509 τήν
3004 1440 3126 1516 περὶ
3169 1438 3371 1495 ἐκεῖνον
3421 1441 3569 1517 ἱερὰν
3606 1442 3750 1515 μνή-

335 1528 845 1594 memoriam,tum
875 1529 1118 1585 insitam
1142 1529 1533 1587 adolescentis
1555 1531 1753 1587 animo
1787 1531 1985 1586 mode-

2107 1546 2207 1597 μην
2261 1525 2350 1580 καὶ
2405 1528 2503 1595 τὴν
2572 1532 2874 1603 προσοῦσαν
2953 1531 3034 1601 τῷ
3108 1528 3355 1604 νεωτὲρῳ
3413 1528 3702 1586 ἐπιείκειαν
3733 1572 3748 1588 .

334 1617 514 1675 etiam
545 1619 725 1691 probe
756 1618 973 1675 noscis.
1000 1618 1185 1675 Unam
1227 1619 1379 1675 hanc
1408 1637 1443 1675 a
1478 1619 1601 1674 Tua
1649 1619 1987 1676 Reverentia

2107 1613 2235 1668 Μίαν
2273 1613 2442 1688 μόνην
2491 1616 2591 1683 τήν
2646 1613 2735 1671 διὰ
2781 1621 2879 1672 τοῦ
2927 1617 3196 1694 νεωτέρου
3237 1617 3436 1673 τούτου
3480 1615 3749 1692 ἐδεξάμην

334 1706 1070 1780 epistolam,adolescentis
1092 1708 1280 1781 ipsius
1311 1725 1490 1765 manu
1522 1710 1739 1781 accepi.
1755 1712 1874 1765 Hoc
1896 1707 1987 1780 ip-

2107 1704 2244 1780 παρά
2293 1705 2393 1773 τῆς
2435 1704 2770 1776 σεμνότητός
2817 1726 2912 1760 σου
2956 1705 3272 1778 ἐπιστολήν.
3322 1704 3610 1778 Ἐδήλωσα
3656 1706 3749 1763 οὖν

337 1813 472 1853 sum
492 1796 674 1871 igitur
693 1796 800 1854 tibi
825 1797 1206 1853 indicandum
1230 1797 1447 1870 putavi,
1464 1802 1528 1852 ut
1550 1803 1751 1854 notum
1776 1797 1880 1853 tibi
1904 1813 1987 1851 es-

2107 1813 2184 1847 σοι
2241 1792 2372 1847 αὐτὸ
2424 1797 2606 1864 τοῦτο,
2661 1792 2753 1849 ἵνα
2810 1792 3007 1850 είδέναι
3063 1792 3217 1872 ἔχοις
3268 1798 3365 1870 (2),
3409 1793 3663 1855 δέσποτα.
3694 1798 3752 1853 Ὀ

335 1886 717 1953 set,domine.
742 1885 1001 1943 Dilectus
1031 1891 1229 1942 noster
1257 1886 1771 1959 condiaconusque
1792 1887 1987 1942 Maca-

2107 1882 2382 1957 ἀγαπητὸς
2415 1885 2575 1956 ἡμῶν
2606 1887 2697 1937 καί
2729 1882 3075 1948 συνδιάκονος
3107 1886 3387 1962 Μακάριος
3425 1882 3655 1965 εὔφρανὲ
3687 1906 3755 1960 με

339 1975 467 2032 rius
510 1992 603 2032 me
647 1991 1021 2049 summopere
1051 1976 1380 2048 oblectavit,
1415 1993 1572 2046 cum,
1604 1976 1816 2033 litteris
1864 1976 1987 2032 suis

2107 1970 2210 2025 ἀπὸ
2237 1973 2337 2040 τῆς
2367 1972 2769 2028 Κωνσταντίνου
2816 1970 3033 2037 πόλεως
3082 1976 3313 2051 γράψας,
3353 1973 3505 2038 ὅπως
3534 1976 3753 2056 ’Δρχᾶφ

340 2062 488 2119 mihi
507 2063 1011 2138 Constantinopoli
1034 2064 1405 2121 transmissis
1427 2064 1795 2139 significavit,
1811 2081 1987 2137 quam

2107 2060 2131 2114 6
2163 2059 2503 2139 συκοφάντης
2541 2061 2930 2138 ἠσχημόνησε,
2971 2062 3063 2119 τὸν
3117 2067 3287 2134 ζῶντα
3315 2065 3394 2127 ὡς
3431 2063 3753 2143 φονευθέντα

344 2153 597 2226 turpiter
620 2153 854 2227 Archap
879 2154 1239 2228 sycophanta
1267 2154 1344 2209 sit
1372 2154 1806 2227 deprehensus:
1834 2155 1987 2226 quod

2107 2149 2247 2226 παρὰ
2276 2155 2405 2204 πᾶσι
2438 2149 2693 2224 κηρύξας.
2721 2154 2838 2207 Ὅτι
2868 2153 2970 2229 γὰρ
2997 2153 3097 2222 τήν
3131 2152 3219 2209 ἐπὶ
3245 2157 3365 2216 τοῖς
3391 2152 3750 2228 τολμηθεῖσιν

3625 430 3744 497 368

341 2242 534 2299 virum
563 2242 666 2315 qui
696 2242 757 2298 in
786 2243 931 2299 vivis
959 2247 1135 2316 esset,
1168 2244 1338 2316 quasi
1370 2243 1743 2301 interfectum
1778 2243 1992 2316 ubique

339 2329 766 2404 pervulgasset.
790 2330 963 2388 Illum
992 2337 1185 2389 autem
1213 2332 1506 2406 condigna
1525 2333 1651 2389 suis
1671 2332 1993 2391 sceleribus

343 2435 517 2493 pmna
548 2437 581 2477 a
601 2420 765 2492 justo
789 2421 991 2494 judice
1020 2438 1153 2478 cum
1186 2422 1343 2478 socia
1364 2422 1476 2477 sibi
1510 2422 1745 2479 cohorte
1775 2421 1991 2478 multa-

336 2513 466 2566 tum
495 2510 590 2578 iri,
614 2510 769 2568 145
793 2511 1107 2585 Scriptum
1140 2513 1463 2585 praedicant
1492 2512 1725 2568 mentiri
1757 2512 1988 2569 nesciae.

337 2597 760 2656 Universorum
791 2599 1079 2657 Dominus
1107 2604 1166 2657 te
1196 2617 1373 2674 quam
1398 2600 1729 2657 diutissime
1759 2618 1992 2660 conser-

328 2691 451 2755 vet,
488 2687 730 2745 domine
758 2703 897 2762 erga
925 2706 1130 2747 omnes
1161 2690 1659 2748 mansuetissime.

401 2776 493 2832 67.
517 2776 739 2834 Idcirco
772 2784 973 2835 autem
1024 2778 1328 2837 delituisse
1373 2779 1797 2849 Arsenium,'ut
1822 2780 1991 2838 illum

329 2868 606 2922 necatum
636 2865 1077 2936 insimularent,
1099 2872 1278 2924 testes
1303 2873 1442 2925 sunt
1466 2869 1566 2941 qui
1600 2878 1733 2925 cum
1764 2885 1831 2926 eo
1864 2876 1990 2927 tum

330 2954 739 3011 versabantur.
768 2956 1166 3029 Perquisitum
1196 2958 1352 3014 enim
1386 2956 1555 3014 illum
1578 2975 1712 3014 cum
1750 2962 1989 3015 tandem

330 3043 781 3116 reperissemus,
796 3059 866 3100 ea
887 3045 959 3101 de
980 3062 1040 3102 re
1053 3046 1267 3103 Pinnes
1285 3048 1357 3103 ad
1376 3047 1663 3103 Joannem
1687 3047 1993 3120 bujusmo-

335 3131 395 3188 di
422 3132 819 3206 sycophantiae
841 3133 1187 3191 histrionem
1221 3136 1543 3208 rescripsit,
1565 3135 1659 3192 his
1684 3137 1877 3194 verbis
1900 3153 1915 3193 :

720 3223 1031 3283 DILECTO
1070 3225 1316 3282 FRATRI
1352 3224 1601 3283 ΙΟΑΝΝΙ

445 3311 654 3369 Pinnes
677 3313 961 3387 presbyter
988 3316 1317 3371 monasterii
1354 3315 1799 3387 Plemencyrceos
1825 3317 1886 3371 in

754 3384 1092 3458 Anteopolite
1119 3402 1281 3442 nomo
1309 3387 1566 3443 salutem.

401 3471 571 3528 Scire
601 3477 657 3529 te
686 3472 816 3529 volo
863 3474 1255 3532 Athanasium
1285 3475 1345 3530 in
1395 3474 1751 3531 Thebaidem
1802 3477 1995 3534 diaco-

2101 2236 2249 2309 αύτῷ
2306 2238 2453 2309 ἀξίαν
2505 2236 2775 2316 εἴσπραξιν
2850 2246 3125 2315 κομιεῖται
3189 2242 3336 2320 παρά
3385 2246 3484 2298 τοῦ
3539 2239 3753 2300 δικαίου

2101 2331 2289 2400 κριτοῦ
2350 2328 2483 2402 μετὰ
2536 2334 2635 2383 τοῦ
2694 2329 3008 2405 ὁμοτρόπου
3062 2330 3284 2409 στίφους
3318 2374 3332 2400 ,
3393 2333 3449 2386 αἱ
3503 2329 3754 2409 ἀψευδεῖς

2102 2415 2444 2495 ἀναφωνοῦσι
2502 2418 2707 2498 Γραφαί
2742 2460 2753 2473 .
2819 2420 2876 2473 Ὀ
2949 2423 3058 2475 τῶν
3136 2418 3283 2476 ὅλων
3352 2417 3642 2498 διατηροίη
3699 2443 3758 2478 σε

2104 2503 2193 2560 ἐπὶ
2228 2508 2490 2580 μήκιστον
2542 2504 2830 2580 δεσπότης,
2874 2508 3029 2585 κύριε
3055 2507 3272 2565 πάντων
3320 2510 3482 2588 χάριν
3514 2510 3757 2589 χρηστό-

2099 2615 2244 2652 τατε.

2172 2778 2261 2833 67.
2286 2778 2405 2831 Ὀτι
2463 2774 2522 2832 δὶ
2578 2776 2870 2853 ἐκρύπτετο
2927 2778 3225 2856 ’Δρσὲνιος,
3286 2776 3377 2836 διὰ
3429 2785 3613 2856 τοῦτο,
3661 2780 3756 2838 ’ίνα

2101 2863 2323 2929 θάνατον
2365 2866 2516 2921 οὗτοι
2563 2864 2903 2937 πλάσωνται,
2943 2873 3106 2926 τοῦτο
3164 2874 3525 2948 μαρτυροῦσιν
3574 2872 3626 2926 οἱ
3658 2870 3751 2928 σὺν

2100 2952 2246 3027 αὐτῷ
2294 2952 2670 3033 διατρίψαντες
2699 2975 2713 2989 ⁸
2777 2962 3064 3028 ζητοῦντες
3119 2959 3222 3037 γὰρ
3280 2958 3457 3017 αὐτὸν.
3520 2956 3748 3037 εὕρομεν

2096 3046 2313 3109 τοῦτον,
2343 3064 2432 3099 και
2464 3040 2666 3121 ἔγραψε
2711 3046 2848 3123 πρὸς
2898 3045 3150 3117 Ἰωάννην
3182 3047 3274 3105 τὸν
3321 3046 3745 3122 ὑποκρινόμενον

2095 3132 2197 3200 τὴν
2227 3132 2485 3205 τοιαύτην
2515 3135 2894 3213 συκοφαντίαν,
2922 3140 3110 3193 ταῦτα’

2409 3228 2494 3302 τᾳ
2527 3226 2846 3304 summa
2878 3229 3153 3307 ΛΔΕΛΦῼ
3184 3232 3448 3298 manus

2020 3315 2065 3378 (ζ
2105 3308 2309 3380 Πίννης
2358 3311 2435 3386 (3)
2479 3307 2851 3403 πρεσϐύτερος
2912 3318 3103 3403 μονῆς..
3141 3318 3603 3403 Πτεμεγκύρκεως
3657 3320 3759 3390 τῆς

2479 3384 3106 3460 Ἀντεοπολίτου’νομοῦ
3136 3384 3371 3464 χαίρειν.

2176 3471 2465 3527 Γινώσαειν
2499 3492 2558 3529 σε
2604 3472 2770 3548 θὲλω,
2820 3473 2903 3531 ὅτι
2954 3474 3266 3533 ἀπέστειλεν
3312 3477 3630 3544 Ἀθανάσιος
3681 3480 3759 3544 εἷς

342 3575 488 3616 num
522 3560 755 3618 misisse
786 3579 984 3633 suum,
1008 3564 1107 3635 qui
1136 3564 1335 3621 omnia
1351 3564 1579 3620 Arsenii
1611 3565 1987 3637 conquirendi

2107 3559 2203 3629 τὴν
2253 3554 2500 3631 Θηϐαΐδα
2543 3558 2789 3618 διάκονον
2836 3563 3048 3637 ἑαυτοῦ,
3099 3563 3380 3642 ἐρευνῆσαι
3428 3566 3601 3624 πάντα
3644 3565 3758 3626 ἓνε-

334 3665 525 3705 causa
541 3655 1030 3721 perscrutaretur.
1054 3652 1097 3708 Ii
1118 3667 1253 3708 vero
1276 3669 1425 3723 quos
1445 3653 1702 3724 primum
1729 3654 1993 3724 offendit,

332 3737 613 3810 Pecysius
655 3755 869 3812 nempe
900 3741 1223 3813 presbyter,
1251 3741 1524 3797 Silvanus
1576 3741 1743 3799 Helias
1794 3744 1992 3813 frater,

332 3827 879 3898 Tapenacerameus
934 3835 989 3885 et
1040 3829 1255 3886 Paulus
1305 3830 1581 3903 Hypseles
1638 3832 1987 3902 monachus,

334 3915 497 3987 apud
530 3931 639 3971 nos
669 3917 985 3973 Arsenium
1017 3934 1147 3974 esse
1176 3919 1427 3976 confessi
1456 3924 1614 3976 sunt.
1647 3921 1765 3977 Nos
1797 3928 1992 3979 autem

335 4018 398 4059 re
418 4007 741 4075 comperta,
774 4004 940 4060 illum
966 4005 1021 4060 in
1051 4006 1380 4064 naviculam
1401 4009 1610 4080 conjici
1634 4010 1992 4084 curavimus,

340 4094 410 4147 ut
433 4091 507 4147 ad
530 4091 836 4149 inferiores
854 4098 1050 4165 partes
1078 4112 1195 4151 una
1215 4112 1346 4152 cum
1371 4096 1535 4154 Helia
1556 4100 1839 4156 monacho
1861 4117 1991 4157 ave-

336 4179 607 4236 heretur.
632 4181 770 4237 Post
796 4181 918 4238 haec
948 4183 1230 4240 diaconus
1252 4202 1386 4242 cum
1416 4186 1770 4259 quibusdam
1804 4206 1993 4247 rever-

338 4285 477 4338 sus,
508 4270 820 4343 derepente
845 4271 903 4327 in
935 4275 1357 4330 monasterium
1391 4279 1658 4332 nostrum
1694 4280 1994 4349 querendi

331 4358 561 4414 Arsenii
591 4375 771 4416 causa
796 4377 924 4418 sese
960 4362 1245 4420 immisit:
1271 4381 1447 4436 quem
1479 4367 1656 4437 quod,
1691 4367 1779 4423 uti
1810 4385 1991 4440 supra

334 4445 613 4515 diximus,
647 4447 705 4503 in
740 4449 1047 4507 inferiores
1078 4457 1275 4524 partes
1302 4454 1866 4523 transmisissemus,
1893 4474 1990 4512 ne-

334 4551 634 4607 quaquam
666 4538 959 4597 invenere.
990 4540 1081 4596 Me
1115 4545 1311 4597 autem
1345 4559 1478 4597 cum
1510 4543 1673 4599 Helia
1704 4546 1992 4602 monacho

336 4622 437 4695 qui
466 4624 636 4681 illum
664 4643 865 4683 secum
888 4636 1313 4701 assumpserat,
1338 4631 1747 4689 Alexandriam
1782 4635 1989 4706 depor-

335 4715 526 4768 tatum
558 4714 694 4770 duci
726 4716 991 4774 obtulere
1020 4735 1033 4773 :
1063 4718 1145 4775 ibi
1192 4735 1325 4774 cum
1359 4719 1520 4775 nulla
1553 4722 1806 4794 negandi
1839 4729 1995 4781 esset

337 4799 605 4872 facultas,
640 4806 943 4862 confessus
988 4824 1120 4863 sum
1170 4808 1341 4864 illum
1390 4809 1601 4877 vivere,
1635 4828 1701 4867 ac
1749 4813 1993 4870 minime

338 4889 523 4947 fuisse
543 4899 913 4967 peremptum
938 4912 952 4950 :
979 4896 1135 4968 quod
1161 4896 1305 4953 item
1329 4897 1525 4955 fassus
1549 4903 1639 4956 est
1666 4902 1993 4961 monachus

407 4998 455 5033 ⁸³
485 4996 663 5056 Eccli.
695 5017 829 5069 xxx,
860 5003 911 5057 4.

404 5103 527 5182 (99)
558 5104 727 5182 Editi,
759 5106 942 5182 αυτόν,
978 5109 1113 5182 Reg.
1145 5125 1301 5179 vero,
1331 5108 1541 5182 ἑαυτόν.

405 5177 483 5257 (ί)
514 5177 601 5257 ᾩς
630 5179 828 5257 deerat
867 5180 928 5235 in
960 5177 1166 5257 editis.
1197 5177 1307 5257 S_ed
1344 5181 1417 5257 _in
1466 5183 1607 5257 Reg.
1642 5186 1814 5244 Basil.
1843 5191 1901 5243 et
1930 5189 1987 5244 in

327 5250 487 5334 textu
517 5252 711 5334 Graeco
742 5250 924 5307 Sirac.
958 5251 1190 5334 legitur.
1213 5253 1395 5309 Paulo
1428 5250 1847 5325 ροεῐΣώζοντα
1880 5278 1985 5317 no-

330 5333 469 5396 men
501 5322 966 5396 propriumAesse
997 5322 1200 5396 liquet.

396 5392 475 5469 gs)
506 5392 591 5469 I_ta
611 5392 764 5468 Reg.
798 5393 952 5469 Ε.ᾶὶιί
978 5392 1133 5469 vero,
1164 5392 1320 5469 ἔχῃς.

398 5461 474 5535 (3)
504 5462 626 5519 Soz.
660 5461 953 5535 Πᾶτρίνης.
989 5465 1046 5522 in
1090 5461 1395 5524 cud'i'oibus
1439 5469 1663 5525 Fuketii
1698 5475 1753 5527 et
1785 5472 1985 5530 Allatii

326 5527 553 5612 ῌρίῦης.
584 5535 727 5612 ΔΜολι.
747 5527 1013 5612 Nannius
1046 5540 1220 5610 μονῆς
1253 5540 1361 5595 hoc
1391 5541 1517 5596 loco
1556 5543 1729 5598 vertit
1755 5527 1983 5601 domici;

327 5602 396 5656 lii
414 5610 600 5683 {sunt
632 5608 727 5671 qui
752 5602 1093 5683 vertendum
1128 5602 1333 5683 putent
1362 5614 1710 5675 mansionis;
1735 5617 1833 5670 sed
1868 5634 1984 5673 mo-

321 5677 563 5760 nasterii
590 5681 931 5759 rutundum
962 5697 1090 5760 esse
1120 5677 1280 5760 patet
1318 5685 1789 5760 exAverbisint‘ra
1822 5688 1977 5760 posi-

327 5746 426 5832 t‘is,
463 5745 798 5832 Ηανρνιι-ἷτιος
835 5752 1076 5832 μρναχὸς
1120 5745 1227 5821 τῆς
1274 5753 1452 5832 αὐτῆςΔ
1493 5757 1686 5827 μονῆς,
1724 5745 1984 5832 ΡαρΙιηιι-

331 5819 441 5871 tius
489 5819 787 5877 menachus
832 5819 1074 5892 ejusdem
1128 5819 1469 5884 monasterii.
1493 5819 1818 5896 'Quaa'vox'
1841 5834 1978 5905 μονή

2102 3669 2191 3703 κεν
2230 3649 2530 3726 Ἀρσενίου.
2572 3651 2671 3707 Καὶ
2729 3655 2947 3729 πρῶτον
2991 3654 3110 3728 μὲν,
3161 3655 3467 3733 εὖρεθέντες
3498 3658 3760 3721 Πεκύσιος

2102 3733 2490 3815 πρεσϐύτερος,
2549 3740 2638 3796 καὶ
2698 3737 2993 3815 Σιλϐανὸς,
3054 3743 3083 3799 6
3140 3741 3376 3821 ἀδελφὸς
3433 3746 3614 3821 Ἠλία,
3669 3747 3759 3804 καὶ

2099 3827 2601 3904 Ταπενακεραμεὺς,
2631 3830 2722 3886 καὶ
2772 3829 3010 3897 Παῦλος,
3064 3834 3309 3910 μοναχὸς
3357 3834 3464 3892 ἀπὸ
3492 3835 3759 3912 Ὑψηλῆς,

2103 3914 2508 3991 ὡμολόγησαν,
2561 3918 2646 3974 δτι
2693 3926 2821 3993 παρ’
2861 3922 2999 3994 ἡμῖν
3049 3921 3190 3978 ἐστιν
3244 3924 3544 4001 ’Δρσένιος-
3594 3928 3761 4001 ἡμεῖς

2103 4001 2182 4075 δὲ,
2245 4004 2506 4078 μαθόντες
2540 4052 2555 4079 ,
2609 4011 2988 4083 πεποιήκαμεν
3061 4010 3221 4066 αὐτὸν
3276 4007 3624 4085 ἐμϐληθῆναι
3682 4015 3761 4077 εἰς

2101 4091 2326 4162 πλοῖον,
2359 4093 2449 4149 καὶ
2506 4093 2737 4151 πλεῦσαι
2787 4097 2866 4161 εἷς
2916 4100 2985 4154 τὰ
3028 4098 3175 4155 κάνω
3224 4100 3364 4177 μέρη
3421 4102 3557 4175 μετὰ
3604 4102 3764 4161 Ἠλία

2107 4187 2375 4256 μοναχοῦ.
2408 4184 2507 4238 Καὶ
2541 4183 2838 4263 ἐξαίφηνης
2889 4188 3024 4261 μετά
3062 4194 3231 4245 ταῦτα
3258 4186 3426 4247 πάλιν
3456 4190 3701 4249 ἀνελθὼν
3731 4194 3761 4250 6

2103 4266 2353 4333 διάκονος
2394 4274 2528 4344 μετά
2556 4294 2742 4347 τινων,
2794 4274 3013 4340 ἐπιστὰς
3060 4277 3113 4333 ἐν
3144 4281 3213 4352 τῇ
3266 4283 3409 4354 μονῇ
3458 4282 3623 4355 ἡμῶν
3653 4279 3764 4340 ἓνε-

2101 4379 2189 4414 κεν
2233 4363 2331 4413 τοῦ
2360 4360 2524 4416 αὐτοῦ
2564 4363 2863 4437 Ἀρσενίου,
2913 4365 3073 4421 αὑτὸν
3105 4366 3201 4439 μὲν
3250 4367 3357 4443 οὐχ
3386 4367 3637 4445 εὸρηκαν,
3671 4368 3765 4427 διὰ

2098 4448 2162 4503 τὸ
2218 4449 2607 4506 ἀπεσταλκέναι
2662 4454 2812 4526 ἡμᾶς
2868 4453 3065 4526 αὐτόν,
3127 4456 3203 4521 ὡς
3259 4457 3599 4532 προείπομεν
3634 4503 3650 4530 ,
3707 4460 3761 4517 ἐν

2097 4542 2216 4600 τοῖς
2264 4538 2411 4594 κάτω
2460 4541 2694 4617 μὲρεσινο
2756 4542 2855 4616 ἐμὲ
2909 4545 2968 4600 0‘s
3021 4545 3157 4617 μετὰ
3209 4548 3312 4600 τοῦ
3364 4553 3615 4625 μοναχοῦ
3661 4554 3762 4607 τοῦ

2102 4626 2260 4682 αὐτὸν
2307 4626 2723 4705 παραλαϐόντος
2772 4630 2935 4688 ’Πλία
3001 4637 3080 4705 (4)
3133 4637 3468 4712 κατήνεγκαν
3523 4638 3602 4702 είς
3654 4640 3758 4709 τήν

2104 4714 2535 4794 Ἀλεξάνδρειαν,
2584 4720 2674 4775 καὶ
2723 4724 3096 4799 προσήνεγκαν
3150 4723 3246 4797 μὲν
3292 4729 3373 4797 τῷ
3421 4726 3620 4800 Δουκὶ,
3669 4730 3763 4785 καὶ

2102 4802 2227 4860 οὐδὲ
2260 4804 2456 4882 ἷ’σχυσα
2487 4808 2840 4885 ἀρνήσασθαι,
2874 4808 3003 4866 ἀλλ’
3030 4811 3404 4889 ὡμολόγησα,
3437 4814 3520 4871 δτι
3574 4820 3641 4890 ζῇ
3671 4817 3765 4874 καί

2101 4894 2203 4949 οὐκ
2257 4894 2509 4971 ἀνῃρέθη·
2569 4898 2636 4952 τὰ
2694 4898 2830 4954 αὐτὰ
2885 4896 2945 4955 δὲ
2994 4899 3085 4955 καὶ
3134 4902 3163 4956 6
3213 4898 3548 4979 παραλαϐὼν
3597 4905 3761 4963 αὑτὸν

2100 5137 2212 5176 usu
2245 5137 2398 5193 saepe
2415 5122 2585 5200 venit
2622 5139 2726 5195 pro
2772 5125 3147 5200 monasterio,
3182 5125 3534 5200 quandoque
3581 5127 3761 5200 etiam

2100 5208 2205 5264 pro
2237 5194 2542 5248 mansione
2584 5194 2686 5250 seu
2719 5196 2969 5253 statione
3015 5194 3472 5263 itinerantium}
3506 5199 3608 5256 sed
3641 5216 3761 5256 non

2099 5279 2169 5341 ea
2197 5266 2490 5341 sententia
2513 5266 2608 5321 hic
2642 5267 2814 5341 μονήν
2847 5270 3031 5339 accipi
3063 5270 3452 5341 conspicuum
3483 5275 3594 5341 est,
3626 5271 3765 5341 Mox

2100 5335 2265 5417 ροβε,
2322 5340 2445 5417 του.
2481 5335 2923 5417 ’Δντεοπολίτοω
2980 5335 3133 5410 $02.,
3187 5335 3285 5394 τόὗ
3341 5337 3757 5400 Ἀντεπολίτου.

2098 5406 2269 5473 Editi,
2301 5408 2401 5474 τῆς
2434 5407 2877 5467 Ἀντεοπολίτου.

2169 5477 2246 5549 (4)
2279 5478 2558 5536 Dubitant
2579 5482 2817 5557 quidam
2852 5500 2924 5539 an
2953 5482 3047 5557 hic
3077 5483 3276 5539 Helias
3307 5483 3356 5539 is
3387 5484 3514 5557 ipse
3544 5484 3623 5542 sit
3652 5485 3757 5557 qui

2096 5564 2277 5626 supra
2333 5567 2468 5607 cum
2528 5554 2774 5626 Arsenio
2830 5556 3133 5626 aufugisse
3191 5554 3598 5613 memoratur:
3649 5554 3755 5614 sed

2097 5621 2259 5699 quid,
2295 5638 2509 5693 quaeso,
2560 5624 2787 5699 hacude
2836 5643 2897 5683 re
2944 5621 3109 5681 dubii
3168 5627 3539 5699 relinquitur,
3570 5627 3754 5684 Pinne

2093 5692 2720 5821 ῗὲἓῗὲἰεὲῗωοηαειθιιίἱ
2740 5699 3082 5772 presbytero
3103 5692 3376 5755 eumdem
3400 5692 3596 5774 ipsum
3620 5715 3755 5758 esse

2249 5782 2283 5820 n

2121 5779 2283 5821 esmn
2292 5779 2347 5822 ιθ
