4152 6386
365 423 482 488 369

1487 424 1882 490 nomen.
1927 426 2243 490 CONTRA
2283 397 2649 490 ARIANOS.

3655 414 3775 480 370

373 555 616 633 μοναχὸς
649 552 1002 633 ὡμολόγησε.
1037 559 1134 612 Διὰ
1178 563 1338 613 τοῦτο
1385 559 1552 614 ταῦτά
1600 580 1682 612 σοι
1733 557 2007 633 γνωρίζω,

2132 561 2224 631 qui
2258 561 2564 616 Arsenium
2591 561 2953 617 avehendum
2978 561 3334 630 susceperat.
3359 554 3489 611 Haec
3509 557 3565 610 te
3592 552 3777 608 moni-

364 646 562 721 Πάτερ,
606 643 698 700 ’ίνα
761 647 834 720 μή
891 644 1016 721 δόξῃ
1075 643 1162 700 σοι
1221 651 1592 722 κατηγορῆσαι
1650 647 2008 701 Ἀθοινοισίου⁹

362 735 511 789 εἶπον
563 736 665 811 γὰρ
711 735 792 790 ὅτι
847 740 932 810 ζῇ,
986 737 1074 790 καὶ
1127 739 1254 811 παρ’
1296 740 1430 810 ἡμῖν
1473 738 1538 805 ἧν
1604 736 2012 811 κρυπτόμενος·

360 824 450 879 καὶ
509 823 810 899 ἐγνωρίσθη
866 827 1038 880 πάντα
1096 830 1262 880 ταῦτα
1295 826 1344 880 ἐν
1377 826 1653 901 Αἰγύπτῳ,
1687 827 1776 879 καὶ
1836 825 2016 880 ούκέτι

364 910 583 968 δύναται
641 909 907 989 κρυϐῆναι
974 920 1156 973 τοῦτο.
1221 915 1557 993 Παφνούτιος
1617 915 1859 991 μοναχὸς
1916 918 2016 984 τῆς

362 1002 530 1072 αὐτῆς
565 1007 737 1076 μονῆς
768 1006 796 1059 ὁ
831 1005 1040 1080 γράψας
1071 1006 1170 1074 τήν
1200 1003 1493 1073 ἐπιστολὴν
1528 1002 1714 1059 πολλά
1743 1025 1800 1058 σε
1846 1005 2016 1058 ἀσπά-

367 1097 550 1165 ζομαι,
586 1091 850 1168 ἐῤῥῶσθαί
883 1114 940 1147 σε
971 1092 1226 1170 εὔχομαι.

433 1183 500 1237 ’Ἀ
557 1178 614 1236 δὲ
662 1183 752 1236 καὶ
817 1181 1072 1257 βασιλεὺς
1152 1178 1371 1260 ἔγραψε,
1420 1185 1626 1256 μαθὼν,
1677 1183 1759 1238 ὅτι
1828 1182 2014 1259 εὑρέθη

363 1268 636 1345 Ἀρσένιος
671 1275 798 1340 ζῶν,
831 1271 942 1326 ἔστι
972 1277 1139 1326 ταῦτα
1165 1295 1176 1306 ·

755 1361 1053 1416 ΝΙΚΗΤΗΣ
1096 1363 1614 1417 ΚΩΝΣΤΑΝΤΙΝΟΣ

589 1447 850 1524 Μέγιστος
884 1445 1152 1513 Σεϐαστὸς
1180 1456 1260 1523 τῷ
1291 1447 1443 1521 πάπᾳ
1471 1449 1791 1522 Ἀθανασίῳ.

437 1539 528 1594 68.
558 1543 682 1599 Τοῖς
743 1541 889 1614 παρὰ
942 1543 1042 1608 τῆς
1091 1543 1188 1609 σῆς
1237 1539 1498 1601 συνέσεως
1550 1539 1788 1614 ἐντυχὼν
1835 1539 2012 1614 γράμ-

372 1646 525 1698 μασι,
570 1626 769 1697 ταύτης
817 1630 1047 1703 γνώμης
1095 1630 1253 1692 αὐτὸς
1304 1629 1569 1704 ἐγενόμην
1605 1630 1702 1700 (5),
1746 1627 1820 1690 ὡς
1876 1628 2017 1681 ἀντι-

364 1715 588 1790 γράφων
633 1720 702 1789 τῇ
899 1717 1235 1794 στερρότητι,
1282 1717 1682 1794 προτρέψασθαί
1734 1737 1810 1785 σε,
1864 1715 2014 1777 ὅπως

361 1801 499 1878 πρὸς
554 1804 794 1876 εὐταξίαν
835 1808 923 1861 καὶ
965 1809 1144 1864 οἶκτον
1192 1810 1283 1863 τὸν
1335 1813 1432 1864 τοῦ
1481 1813 1614 1862 Θεοῦ
1675 1805 1803 1861 λαὸν
1865 1803 2013 1881 ἄγειν

360 1889 690 1967 σπουδάσῃς.
739 1900 912 1950 Ταῦτα
963 1899 1067 1972 γὰρ
1130 1896 1363 1970 μάλιστα
1411 1895 1803 1972 προηγούμενα
1847 1895 1898 1950 ἐν

360 1978 599 2052 ἐμαυτοῦ
665 1987 817 2060 ψυχῇ
865 1986 1106 2060 κατέχω,
1151 1986 1226 2049 ὡς
1276 1985 1532 2057 ἀλήθειάν
1580 2008 1638 2041 τε
1689 1987 1888 2056 ἀσκεῖν,
1930 1985 2019 2039 καὶ

367 2068 422 2124 ἐν
460 2075 530 2144 τῇ
575 2068 786 2144 διανοίᾳ
833 2071 1176 2146 δικαιοσύνην
1210 2075 1290 2130 ἀεὶ
1335 2074 1643 2153 φυλάττειν,
1676 2075 1766 2130 καὶ
1803 2074 2020 2134 τούτοις

370 2157 605 2232 μάλιστα
636 2161 870 2237 χαίρειν,
903 2170 1020 2226 τοῖς
1053 2165 1216 2238 ὀρθὴν
1249 2163 1372 2220 ὁδὸν
1402 2169 1500 2220 τοῦ
1536 2165 1655 2240 βίου
1711 2163 2021 2237 πορευομέ-

365 2268 502 2310 νοις.
539 2253 668 2324 Περὶ
727 2249 784 2306 δὲ
845 2252 1062 2308 ἐκείνων
1122 2259 1230 2308 τῶν
1290 2255 1469 2323 πάσης
1516 2254 1648 2329 ἀρᾶς
1695 2252 1875 2324 ἀξίων,
1906 2257 2014 2307 τῶν

367 2336 703 2393 Μελιτιανῶν
737 2338 951 2411 δηλαδή
983 2347 1090 2396 τῶν
1126 2343 1454 2398 σκαιοτάτων
1486 2344 1575 2398 καὶ
1618 2342 1906 2414 ἀθεμίτων,
1941 2339 2018 2396 οτί-

363 2447 508 2487 τινες
535 2431 604 2500 τῇ
638 2427 913 2502 ἐμπληξίᾳ
968 2429 1159 2486 λοιπὸν
1194 2434 1674 2508 ἀπονεναρκήκασι,
1709 2431 1796 2486 καὶ
1850 2431 2012 2503 μόνον

367 2515 550 2593 φθόνῳ
597 2518 687 2572 καὶ
739 2519 874 2594 ζάλῃ
914 2522 1003 2574 καὶ
1055 2517 1308 2598 θορύϐοις
1339 2523 1406 2577 τά
1450 2520 1623 2577 ἄτοπα
1660 2527 1884 2592 κινοῦσι,
1913 2522 2012 2590 τήν

364 2604 621 2679 ἀθέμιτον
726 2607 899 2662 αὐτῶν
1003 2607 1244 2665 διάνοιαν
1331 2609 1763 2679 ἐπιδεικνύντες,
1849 2616 2016 2666 ταῦτα

363 2693 698 2772 φθέγξομαι·
757 2702 912 2771 Ὁρᾷς
971 2700 1074 2775 γὰρ
1133 2699 1284 2762 ὅπως
1342 2702 1393 2755 οἱ
1449 2698 1632 2777 ἄνδρες
1684 2701 1777 2763 οὓς
1818 2699 2014 2756 ἐκεῖνοι

363 2783 500 2862 ξίφει
549 2785 846 2862 ἀνῃρῆσθαι
895 2786 1145 2866 ἔφασκον,
1181 2790 1233 2844 ἐν
1292 2791 1478 2864 μέσοις
1514 2795 1605 2844 νῦν
1640 2789 1762 2860 εἰσι,
1793 2790 1884 2845 καὶ
1913 2794 2012 2859 τῆς

365 2876 509 2943 ζωῆς
534 2873 888 2930 ἀπολαύουσι.
906 2878 1048 2954 Πρὸς
1073 2875 1137 2948 δή
1161 2884 1329 2934 ταῦτα
1347 2879 1400 2932 τί
1423 2879 1481 2934 ἂν
1503 2881 1714 2956 γένοιτο
1735 2880 2016 2956 πρόκριμα

362 2969 572 3040 χεῖρον,
619 2962 761 3019 οὕτω
817 2971 1061 3043 φανερῶς
1111 2969 1200 3022 καὶ
1259 2973 1440 3046 σαφῶς
1499 2969 1885 3048 ἐπιφερόμενον
1945 2974 2013 3044 τῇ

364 3053 579 3108 ἐκείνων
608 3051 747 3128 δίκῃ,
777 3055 811 3123 ἢ
844 3055 906 3110 τὸ
935 3055 1182 3125 τούτους,
1215 3057 1308 3120 οὓς
1357 3058 1644 3134 ἀνῃρῆσθαι
1679 3055 1886 3135 ἔλεγον,
1919 3064 2012 3133 ζῇν

362 3163 420 3197 τε
440 3143 530 3198 καὶ
554 3147 652 3196 τοῦ
687 3143 809 3218 βίου
836 3143 1150 3217 ἀπολαύειν,
1187 3145 1380 3209 οἵτινες
1433 3145 1692 3217 δηλονότι
1742 3150 1830 3203 καὶ
1883 3150 2014 3225 ὑπὲρ

365 3231 567 3286 ἑαυτῶν
620 3232 935 3308 φθέγξασθαι
992 3230 1351 3304 δυνήσονται;
1414 3237 1736 3311 Προσέκειτο
1792 3235 1850 3292 δὲ
1899 3243 2015 3299 τοῖς

1944 1899 2017 2010 ἶῗέ
2049 1945 2097 2010 B

2125 655 2251 705 tum
2284 651 2457 720 volui,
2491 656 2679 722 Pater,
2713 669 2784 707 ne
2831 650 3220 706 Athanasium
3266 660 3539 702 accusare
3570 658 3772 714 aggre-

2126 739 2326 794 diaris.
2355 740 2475 794 Dixi
2499 741 2653 795 enim
2673 740 2841 794 illum
2859 740 3047 796 vivere
3065 744 3119 793 et
3137 736 3290 808 apud
3311 751 3419 790 nos
3435 732 3772 797 delituisse;

2125 845 2334 899 resque
2362 833 2483 883 tota
2515 830 2572 884 in
2605 831 2845 900 [Egypto
2898 827 3246 900 percrebuit,
3298 830 3363 880 ut
3390 840 3462 878 ne
3492 821 3647 877 ultra
3677 835 3773 875 ce-

2125 916 2232 972 lari
2263 923 2457 990 queat.
2493 919 2855 989 Paphnutius
2883 919 3160 988 .ejusdem
3195 912 3535 970 monasterii
3569 926 3773 965 mona-

2127 1006 2295 1070 chus,
2319 1007 2416 1077 qui
2441 1007 2589 1061 hanc
2611 1007 2915 1078 epistolam
2940 1007 3168 1078 scripsi,
3194 1004 3514 1077 plurimum
3537 1005 3593 1056 te
3616 998 3772 1055 salu-

2125 1100 2259 1150 tans
2288 1095 2477 1150 valere
2507 1102 2734 1167 exopto.

2202 1185 2422 1240 Littera
2474 1190 2668 1240 autem
2718 1203 2864 1257 quas
2916 1186 3233 1256 imperator
3279 1180 3533 1254 scripsit,
3564 1178 3775 1234 certior

2128 1274 2315 1330 factus
2344 1275 2654 1331 Arsenium
2688 1275 2743 1328 in
2777 1275 2919 1330 vivis
2942 1292 3090 1340 esse,
3121 1271 3461 1344 hujusmodi
3483 1273 3620 1327 sunt
3648 1286 3661 1324 :

2560 1365 2661 1421 ΗΟ
2673 1364 2804 1420 TOR
2855 1362 3344 1420 CONSTANTINUS

2376 1455 2646 1509 Maximus
2692 1454 2968 1522 Augustus
3007 1469 3170 1525 papae
3199 1453 3516 1508 Athanasio.

2195 1545 2282 1597 68.
2313 1543 2546 1598 Litteris
2564 1544 2698 1598 Tuae
2717 1543 3042 1598 Prudentia
3061 1542 3350 1614 perlectis,
3370 1541 3427 1595 id
3447 1538 3623 1595 animi
3641 1537 3768 1605 fuit,

2127 1635 2193 1686 ut
2215 1631 2476 1687 vicissim
2497 1632 2709 1688 litteris
2731 1633 2804 1687 ad
2824 1633 3008 1688 Tuam
3042 1629 3440 1686 Constantiam
3474 1626 3692 1695 missis,
3717 1631 3771 1681 te

2126 1720 2483 1788 cohortarer,
2519 1727 2583 1776 ut
2619 1721 2894 1794 populum
2947 1722 3047 1779 Dei
3095 1725 3152 1776 et
3195 1716 3682 1790 tranquillitatem
3715 1719 3772 1770 et

2128 1809 2590 1866 misericordiam
2639 1812 2942 1866 traducere
2991 1827 3181 1866 cures.
3232 1809 3362 1864 Haec
3409 1807 3566 1862 enim
3606 1821 3773 1860 cum-

2127 1898 2335 1970 primis
2367 1900 2564 1954 animo
2588 1899 2872 1955 iuberent
2905 1916 3057 1967 meo,
3110 1898 3439 1962 veritatem,
3471 1895 3678 1960 colere,
3713 1894 3771 1947 in

2133 1992 2324 2043 mente
2347 1988 2636 2060 justitiam
2686 2006 2917 2061 semper
2964 2004 3322 2053 conservare,
3371 1986 3563 2056 iisque
3594 1982 3774 2055 potis-

2131 2077 2349 2132 simum
2376 2078 2628 2150 gaudere
2660 2079 2760 2149 qui
2795 2083 2950 2135 recta
2994 2078 3122 2132 vitae
3171 2076 3522 2148 gradiuntur
3549 2073 3662 2128 via.
3695 2072 3775 2127 De

2130 2165 2246 2220 illis
2303 2173 2496 2222 autem
2553 2168 2713 2222 omni
2772 2167 3163 2222 exsecratione
3192 2166 3408 2238 dignis,
3447 2161 3773 2219 Meletianis

2130 2255 2352 2310 scilicet
2388 2255 2844 2328 improbissimis
2873 2272 2938 2311 ac
2991 2256 3227 2311 nefariis
3276 2253 3636 2317 hominibus,
3669 2250 3769 2323 qui

2128 2349 2367 2416 stupore
2398 2346 2637 2400 demum
2662 2345 2911 2418 perculsi
2933 2347 3300 2417 obtorpuere,
3325 2343 3540 2415 quique
3567 2358 3668 2413 per
3688 2340 3770 2394 in-

2124 2433 2362 2505 vidiam,
2395 2435 2892 2505 perturbationem
2924 2441 3100 2506 atque
3128 2433 3449 2489 tumultum
3483 2430 3773 2487 absurdas

2123 2537 2214 2578 res
2230 2524 2884 2595 movent,nefariamque
2897 2540 3065 2580 suam
3078 2541 3132 2578 m
3141 2527 3330 2579 entem
3347 2521 3774 2586 demonstrant,

2124 2612 2245 2668 haec
2275 2612 2551 2684 eloquar:
2582 2613 2757 2668 Vides
2788 2614 2944 2668 enim
2977 2630 3124 2685 quos
3163 2611 3247 2666 illi
3278 2611 3432 2667 viros
3463 2609 3654 2681 gladio
3679 2608 3767 2661 in-

2123 2705 2462 2773 teremptos,
2489 2702 2860 2772 jactitabant,
2894 2702 3129 2757 eosdem
3156 2701 3214 2755 in
3249 2699 3437 2755 medio
3467 2714 3621 2753 nunc
3641 2713 3770 2752 ver-

2125 2791 2240 2846 sari
2273 2808 2337 2845 ac
2366 2791 2483 2846 vita
2514 2792 2752 2862 perfrui.
2804 2793 2874 2846 Et
2918 2807 3051 2846 vero
3099 2791 3254 2862 quod
3286 2790 3364 2843 ita
3395 2786 3769 2860 perspicuum

2126 2880 2623 2952 manifestumque
2654 2882 2712 2935 in
2745 2897 2949 2936 eorum
2979 2897 3158 2936 causa
3188 2881 3463 2934 afferatur
3500 2875 3768 2948 praejudi-

2125 2969 2300 3039 cium,
2327 2985 2504 3041 quam
2527 2970 2680 3040 quod
2703 2969 2788 3024 illi
2820 2971 3014 3024 vivant
3032 2969 3266 3039 vitaque
3298 2968 3588 3032 fruantur,
3621 2982 3769 3037 quos

2125 3058 2213 3114 illi
2243 3058 2582 3114 interfectos
2613 3059 2884 3126 aiebant;
2919 3059 3134 3130 quibus
3166 3056 3386 3113 scilicet
3425 3072 3527 3128 pro
3559 3055 3770 3126 seipsis

2126 3148 2400 3219 loquendi
2433 3147 2676 3203 facultas
2698 3148 2858 3203 erit?
2890 3151 3103 3202 Praeter
3133 3147 3273 3208 haec,
3307 3162 3375 3200 ea
3397 3161 3631 3216 quoque
3662 3143 3775 3198 fuit

2127 3239 2466 3293 earumdem
2508 3237 2953 3293 Meletianorum
2985 3236 3138 3291 146
3171 3233 3486 3299 calumnia,
3521 3237 3588 3287 ut
3618 3233 3772 3287 affir-

363 3321 511 3395 παρὰ
577 3325 683 3375 τῶν
757 3320 1095 3376 Μελιτιανῶν
1173 3323 1385 3378 ἐκείνων
1445 3326 1534 3379 καὶ
1593 3330 1788 3392 τοῦτο·
1851 3322 2017 3382 διεϐε-

2132 3332 2358 3383 marent
2387 3333 2441 3382 te
2477 3326 2693 3382 nefario
2724 3327 2945 3397 impetu
2976 3325 3240 3389 irruisse,
3274 3339 3339 3378 ac
3396 3322 3668 3394 poculum
3714 3322 3773 3375 in

367 3403 620 3463 ϐαιοῦντο
664 3409 766 3484 γὰρ
809 3411 1049 3483 ἇθεμῖτῳ
1100 3413 1246 3487 ὁρμῇ
1279 3415 1354 3486 (6)
1383 3412 1763 3487 ἐπεισελθρντα
1819 3436 1876 3470 σε
1929 3417 2018 3470 καὶ

368 3496 676 3573 ἁρπάσαντα
732 3500 989 3575 ποιήριον
1049 3499 1100 3554 ἐν
1158 3505 1238 3572 τῷ
1296 3501 1584 3576 ἁγιωτάτῳ
1624 3483 2016 3577 ⁸’ἀποκείμενον

364 3585 528 3659 τόπῳ
547 3584 887 3658 κεκλακέναι,
924 3588 985 3642 οὗ
1015 3588 1337 3664 πράγματος
1371 3591 1595 3662 ἀληθῶς
1640 3591 1791 3647 οὐδὲν
1832 3598 2016 3666 μεῖζον

365 3676 432 3746 ἦν
466 3672 741 3751 ἔγκλημα,
777 3673 899 3732 οὔτε
929 3676 1256 3746 τηλικοῦτον
1309 3679 1482 3749 ἀτόπη
1499 3702 1590 3752 μα,
1629 3681 1673 3735 εί
1719 3687 1881 3736 τοῦτο
1933 3683 2022 3736 οὕ-

363 3787 474 3827 τως
530 3767 843 3841 πεπρᾶχθαί
898 3787 957 3821 τε
1008 3769 1085 3838 (7)
1125 3767 1214 3821 καὶ
1273 3771 1619 3844 ἡμαρτῆσθαι
1682 3766 2017 3826 συνέϐαινεν.

367 3853 546 3910 Ἀλλὰ
573 3856 674 3931 γάρ
713 3855 795 3918 τίς
823 3857 857 3924 ἡ
891 3856 1196 3933 κατηγορία
1243 3857 1375 3928 αὕτη
1405 3877 1417 3927 ;
1450 3858 1538 3920 Τίς
1571 3856 1628 3913 δὲ
1657 3862 1690 3928 ἡ
1731 3855 2021 3932 μετάϐασις

364 3944 454 3998 καὶ
485 3941 738 3999 ποικιλία
773 3945 864 4000 καὶ
914 3943 1147 4024 διαφορὰ
1173 3951 1270 4002 τοῦ
1318 3949 1657 4024 πράγματος,
1691 3949 1766 4011 ὡς
1815 3954 1906 4004 νῦν
1945 3951 2020 4013 εἰς

363 4031 546 4108 ἕτερον
599 4033 893 4109 πρόσωπον
948 4037 1048 4104 τὴν
1107 4036 1432 4113 κατηγορίαν
1504 4042 1602 4092 τοῦ
1673 4037 2021 4113 ἐγκλήματος

363 4123 558 4177 τούτου
589 4125 843 4198 -μετάγειν
871 4144 884 4192 ;
917 4127 1084 4201 Ὅπερ
1137 4123 1398 4196 δηλονότι
1441 4132 1669 4202 πρᾶγμα
1712 4127 1876 4183 αὐτοῦ
1924 4133 2022 4183 τοῦ

365 4212 567 4290 φωτὸς,
619 4213 694 4274 ὡς
752 4213 942 4284 εἰπεῖν,
1004 4214 1114 4269 ἐστὶ
1168 4213 1624 4290 τηλαυγέστερον,
1687 4217 1768 4272 ὅτι
1826 4221 1894 4292 τῇ

366 4301 570 4356 συνέσει
602 4295 986 4355 ἐπιϐουλεῦσαι
1019 4300 1370 4372 ἐσπούδαζον.
1405 4306 1551 4359 Μετὰ
1600 4303 1665 4374 δὴ
1725 4311 1892 4360 ταῦτα
1937 4307 2020 4368 τίς

367 4388 426 4445 ἂν
456 4389 682 4451 ἐκείνοις
713 4395 830 4451 τοῖς
883 4390 1188 4463 ἀνθρώποις
1233 4397 1350 4448 τοῖς
1394 4389 1628 4447 τοσαῦτα
1676 4394 1750 4456 εἰς
1809 4391 2021 4470 βλάϐην

365 4476 842 4551 ἀναπλασαμένοις
876 4478 1244 4547 ἀκολουθῆσαι
1271 4479 1571 4550 ἐθελήσειεν
1599 4481 1751 4550 ;ὅταν
1790 4482 2026 4556 μάλιστα

365 4568 517 4624 αὑτοὶ
553 4567 776 4630 ἑαυτοὺς
812 4567 891 4630 εἷς
940 4567 1168 4644 ὄλεθρον
1217 4567 1404 4643 ἄγουσι
1439 4573 1535 4643 (8),
1569 4571 1657 4626 καὶ
1708 4578 2022 4648 συνορῶσιν,

365 4656 448 4711 ὅτι
500 4655 902 4729 πεπλασμένων
953 4657 1041 4711 καὶ
1092 4654 1304 4731 ψευδῶν
1345 4661 1681 4734 πραγμάτων
1752 4660 1851 4714 εἰσὶ
1904 4682 2027 4716 κατ·
2058 4689 2105 4753 D

363 4747 562 4820 ήγοροι
590 4763 604 4813 ;
637 4746 726 4807 Ὡς
759 4742 892 4823 ἔφην
927 4745 1130 4813 τοίνυν,
1164 4745 1246 4807 τίς
1278 4745 1336 4801 ἂν
1390 4746 1614 4810 ἐκείνοις
1665 4747 2027 4820 ἐξακολουθή-

362 4855 491 4906 σειε,
520 4834 611 4888 καὶ
643 4833 719 4896 εἷς
747 4837 848 4904 τήν
883 4832 1009 4890 ὁδὸν
1041 4838 1140 4904 τῆς
1174 4834 1451 4898 ἀπωλείας
1482 4839 1695 4909 πρηνὴς
1750 4838 1980 4902 ἀπέλθοι
2011 4842 2023 4891 ἓ

361 4925 458 4986 Εἷς
490 4922 699 4992 ἐκείνην
734 4918 976 4995 δηϐαδὴ,
1012 4924 1088 4987 εἷς
1121 4925 1188 4994 ἣν
1227 4924 1422 4981 ἐκεῖνοι
1476 4926 1632 5000 μόνοι
1681 4928 1779 4996 τὴν
1831 4925 2026 4983 ἐλπίδα

358 5017 460 5083 τῆς
518 5010 794 5084 σωτηρίας
844 5012 934 5067 καὶ
982 5015 1084 5082 τῆς
1137 5013 1448 5090 ἐπικουρίας
1496 5010 1641 5090 ἔχειν
1692 5013 1917 5074 οἷονται.
1965 5019 2023 5073 Εἰ

355 5104 459 5181 γὰρ
522 5099 812 5178 βούλοιντο
873 5101 965 5156 ἐπὶ
1019 5103 1256 5180 καθαρὰν
1324 5102 1496 5159 ἐλθεῖν
1555 5103 1877 5177 συνείδησιν,
1934 5107 2021 5161 καὶ

360 5191 777 5265 ὑπομνησθῆναι
836 5193 939 5260 τῆς
1013 5191 1236 5265 ἀρίστης
1317 5195 1566 5268 γνώμης,
1627 5195 1715 5249 καὶ
1777 5195 1863 5249 ἐπὶ
1921 5199 2018 5265 τὴν

359 5281 699 5360 ὑγιαίνουσαν
750 5278 924 5335 ἐλθεῖν
973 5278 1255 5336 διάνοιαν·
1313 5280 1510 5360 ῥᾳδίως
1577 5285 1879 5359 γνώσονται
1927 5288 2018 5340 οὑ-

357 5371 546 5446 δεμίαν
601 5371 790 5432 αὑτοῖς
850 5369 1115 5446 ὑπάρχειν
1150 5371 1461 5447 ἐπικουρίαν
1523 5375 1667 5450 παρὰ
1719 5377 1818 5443 τῆς
1875 5381 2021 5451 Προ-

355 5462 527 5534 νοίας,
560 5456 856 5535 ἐπειδήπερ
910 5458 1175 5515 τοιούτων
1220 5461 1321 5515 εἰσὶ
1373 5461 1618 5531 ζηλωταί
1668 5463 1755 5518 καὶ
1801 5462 1888 5518 ἐπὶ
1939 5469 2018 5537 τῷ

429 5621 505 5694 (5)
536 5619 857 5697 Ερᾓκέγὼ.
877 5618 1142 5696 ἐγενόμην
1170 5640 1182 5678 :
1233 5626 1472 5696 praestat
1521 5623 1685 5697 Regii
1718 5625 1904 5681 odicis
1936 5625 2017 5682 le-

357 5689 496 5766 ctio,
529 5689 683 5766 αὑτὸς
713 5689 975 5766 ἐγένμην
987 5737 998 5750 .

427 5765 504 5837 (6)
530 5764 622 5819 Sic
653 5763 793 5836 Reg.
825 5763 979 5821 Editi
1008 5781 1162 5836 vero,
1195 5763 1465 5840 ἀθεμίτως
1496 5765 1667 5842 ὁρμῇ.

2129 3417 2501 3472 sanctissimo
2534 3416 2656 3470 loco
2689 3415 2941 3486 positum
2970 3418 3199 3484 raptum
3228 3412 3584 3483 confregisse
3612 3429 3624 3467 :
3661 3427 3775 3481 quo

2129 3505 2384 3560 facinore
2414 3505 2641 3559 nullum
2697 3521 2894 3560 revera
2923 3503 3160 3575 gravius
3211 3503 3430 3557 crimen
3465 3503 3639 3571 esset,
3671 3516 3777 3555 nec

2130 3599 2249 3649 tam
2303 3595 2510 3665 ingens
2542 3593 2828 3665 ﬂagitium
2857 3611 2869 3660 ;
2906 3593 2953 3646 si
2985 3597 3179 3646 tamen
3213 3590 3295 3645 sic
3327 3594 3521 3644 actum
3555 3593 3613 3642 et
3642 3603 3774 3658 pec-

2131 3689 2325 3738 catum
2352 3684 2576 3738 fuisset.
2600 3684 2708 3737 Sed
2735 3698 3004 3753 quaenam
3029 3680 3129 3735 illa
3149 3678 3445 3734 accusatio
3463 3678 3490 3732 ‘I
3511 3678 3644 3741 Quae
3670 3676 3776 3732 ist-

2131 3773 2254 3828 hmc
2273 3773 2541 3827 transitio
2565 3778 2622 3828 et
2645 3773 2725 3828 rei
2748 3773 3018 3838 varietas,
3055 3775 3118 3824 ut
3151 3785 3304 3824 nunc
3337 3769 3406 3823 ad
3442 3766 3617 3822 aliam
3648 3783 3775 3837 per-

2133 3879 2339 3916 sonam
2373 3861 2524 3916 hanc
2553 3861 2740 3933 ipsam
2775 3859 3204 3915 accusationem
3237 3855 3637 3912 transferant?
3667 3855 3782 3909 Res

2131 3950 2259 4022 ipsa
2278 3951 2442 4016 'luce,
2468 3956 2532 4004 ut
2554 3952 2634 4005 ita
2665 3951 2881 4016 dicam,
2917 3948 3164 4003 lucidior
3189 3951 3296 4014 est,
3319 3947 3480 4018 ipsos
3499 3944 3780 4000 nimirum

2133 4041 2455 4112 prudentiae
2478 4045 2590 4094 tuae
2611 4039 2857 4094 insidias
2883 4038 3196 4109 paravisse.
3229 4036 3369 4101 Quis
3421 4039 3621 4106 postea
3641 4033 3785 4088 istos

2131 4129 2420 4199 homines,
2456 4129 2555 4199 qui
2588 4133 2751 4184 tanta
2780 4129 2850 4182 ad
2883 4129 3166 4184 damnum
3192 4124 3785 4195 aliorumconﬁngere

2133 4235 2247 4273 non
2280 4218 2646 4288 dubitarunt,
2684 4216 3006 4271 consectari
3035 4215 3317 4280 voluerit;
3353 4230 3488 4268 cum
3530 4210 3784 4267 maxime

2134 4307 2431 4376 semetipsi
2455 4307 2512 4360 in
2537 4307 2768 4360 ruinam
2803 4306 3116 4372 deducant,
3151 4308 3206 4359 et
3236 4304 3413 4374 probe
3446 4305 3692 4358 noscant
3723 4316 3785 4354 se

2135 4398 2411 4453 confictas
2437 4396 2863 4465 mendacesque
2889 4393 3291 4448 accusationes
3313 4392 3568 4462 proferre
3588 4389 3788 4451 ?Quis-

2136 4504 2271 4542 nam
2306 4486 2439 4541 illos
2472 4489 2727 4540 sectatus
2762 4482 2957 4548 fuerit,
3016 4482 3100 4535 uti
3142 4485 3262 4552 jam
3316 4480 3536 4534 dictum
3581 4482 3690 4544 est,
3726 4478 3785 4531 in

2135 4576 2412 4646 exitiique
2445 4575 2593 4628 viam
2625 4588 2882 4644 praeceps
2903 4570 3196 4641 abierit,in
3229 4586 3406 4641 quam
3457 4566 3678 4622 scilicet
3699 4567 3785 4621 illi

2136 4665 2241 4722 soli
2265 4669 2449 4720 totam
2477 4662 2684 4718 salutis
2708 4661 3024 4731 auxiliique
3047 4676 3208 4730 spem
3224 4657 3577 4713 constituere
3589 4655 3788 4710 viden-

2142 4759 2278 4809 tur?
2308 4753 2353 4808 si
2389 4753 2546 4808 enim
2572 4751 2751 4805 velint
2782 4750 2851 4804 ad
2887 4766 3092 4821 puram
3152 4747 3573 4803 conscientiam
3620 4761 3786 4800 acce-

2137 4844 2291 4911 dere,
2326 4841 2559 4914 optimas
2592 4839 2890 4895 sententia!
2923 4837 3282 4905 meminisse,
3344 4837 3414 4890 ad
3460 4851 3788 4905 sanamque

2137 4937 2393 4987 mentem
2418 4929 2614 4986 reduci
2642 4947 2654 4996 ;
2689 4927 2856 4983 facile
2877 4926 3205 4998 intelligent
3226 4924 3449 4980 nullam
3480 4921 3590 4978 sibi
3611 4939 3783 4994 opem

2135 5038 2169 5076 a
2199 5020 2565 5076 Providentia
2596 5018 3051 5090 exspectandam
3085 5032 3234 5085 esse,
3268 5011 3556 5084 ejusmodi
3587 5028 3783 5066 rerum

2133 5109 2500 5165 aemulatores
2530 5124 2661 5162 cum
2697 5107 2835 5176 sint,
2870 5109 2926 5160 et
2946 5105 3016 5159 ad
3046 5103 3359 5177 perniciem
3385 5101 3507 5157 haec
3534 5099 3781 5154 molian-

2132 5205 2230 5255 tur
2255 5215 2444 5254 suam.
2483 5197 2600 5252 Hoc
2630 5195 2812 5266 igitur
2835 5211 2949 5248 non
2985 5193 3259 5247 duritiem
3308 5189 3646 5261 quamdam,
3680 5188 3780 5242 sed

2130 5289 2431 5344 veritatem
2455 5285 2725 5355 essejure
2747 5283 3013 5338 dixerim.
3042 5287 3340 5337 Postremo
3373 5278 3517 5333 illud
3551 5293 3783 5348 quoque

2130 5377 2547 5448 adjiciendum,
2576 5373 2722 5428 velle
2752 5389 2859 5426 nos
2893 5371 3241 5442 plerumque
3263 5384 3297 5422 a
3316 5368 3439 5422 Tua
3461 5364 3781 5420 Prudentia

2128 5467 2250 5523 haec
2273 5466 2464 5539 palam
2489 5464 2635 5535 legi;
2670 5467 2734 5517 ut
2763 5461 2898 5515 hinc
2935 5464 3138 5515 notum
3172 5457 3448 5513 omnibus
3479 5455 3556 5510 sit
3588 5470 3651 5508 ac
3683 5469 3779 5524 p0-

2197 5628 2273 5695 (7)
2306 5628 2392 5680 Ita
2422 5624 2559 5693 Reg.
2593 5622 2656 5677 In
2685 5619 2876 5695 editis,
2997 5618 3180 5672 deost.

2199 5688 2271 5769 (8)
2306 5698 2392 5753 Ita
2422 5688 2557 5764 Reg.
2592 5692 2742 5749 Editi
2773 5705 2906 5745 vero
2939 5688 3128 5763 ἄγωσι.
