4152 6408
370 413 484 480 371

907 419 973 482 S.
1018 421 1449 485 ATHANASII
1493 422 1666 485 OPP.
1714 420 1914 484 PARS
1958 421 2007 484 Ι.
2046 450 2120 466 -
2152 421 2574 485 HISTORIGA
2616 423 2722 485 ET
2762 420 3253 486 DOGMATIGA.

3671 414 3793 485 8’13

371 547 671 607 tissimum
690 550 1032 625 hujusmodi
1055 555 1378 611 facinorum
1403 560 1789 629 motuumque
1824 559 2021 611 aucto-

2141 552 2323 626 οἷ’κείῳ
2377 552 2591 630 ὀλέθρῳ
2638 553 3004 629 πειράζονται.
3049 552 3258 624 Ταύτην
3313 548 3380 623 δὴ
3432 548 3524 608 οῦν
3572 551 3637 608 οὗ
3689 572 3796 630 τρα

374 637 575 707 ribus;
611 657 737 713 quae
771 660 876 699 nos
906 645 977 700 ad
1009 645 1297 716 aequitatis
1355 663 1622 701 normam
1669 645 2021 717 eloquimur,

382 728 456 784 ab
488 729 618 802 ipsa
645 733 885 788 veritate
917 734 1218 791 declarari.
1256 736 1443 791 Tanta
1474 752 1610 807 ergo
1642 752 1777 791 cum
1810 736 1886 790 sit
1917 734 2025 790 hoc

376 816 437 872 in
462 821 695 892 negotio
722 821 1065 895 indignitas,
1085 828 1240 880 certo
1263 825 1453 880 sciant
1484 842 1576 881 me
1606 825 2021 896 itajudicasse,

375 911 433 962 et
466 907 645 979 hujus
676 926 805 965 esse
830 912 1131 968 sententia;
1154 929 1166 966 :
1188 914 1233 968 si
1254 914 1397 985 quid
1415 914 1705 985 ejusmodi
1731 912 1883 969 ultra
1901 929 2023 968 mo-

373 997 582 1065 verint,
606 1015 722 1054 non
749 1001 921 1070 juxta
952 1002 1401 1073 ecclesiasticas,
1435 1004 1536 1059 sed
1570 1003 1897 1058 secundum
1922 1018 2025 1074 pu-

372 1083 557 1141 blicas
578 1085 757 1159 leges,
782 1091 1074 1161 meipsum
1108 1096 1362 1151 meamet
1382 1108 1558 1164 opera
1586 1106 1821 1147 causam
1855 1090 2020 1145 audi-

371 1178 571 1231 turum
601 1220 614 1245 ,
646 1179 802 1248 quod
835 1179 1099 1236 futurum
1131 1185 1220 1236 est
1249 1186 1313 1237 ut
1335 1181 1766 1253 deprehendam
1785 1196 1883 1235 eos
1907 1196 2022 1235 non

372 1262 565 1319 solum
589 1267 821 1337 generis
836 1268 1107 1341 humani,
1130 1272 1233 1326 sed
1258 1271 1465 1327 divinae
1493 1286 1727 1342 quoque
1747 1269 2022 1324 doctrinae

375 1353 801 1425 depraedatores
833 1372 979 1415 esse.
1014 1359 1170 1416 Deus
1224 1365 1283 1416 te
1341 1364 1659 1427 conservet,
1720 1360 1897 1414 frater
1936 1358 2023 1412 di-

372 1440 540 1496 lecte.

397 1447 540 1498 ecte.

2135 642 2350 718 χύτητά
2394 665 2534 715 τινα,
2569 642 2716 699 ἀλλά
2756 642 3018 714 ἀλήθειαν
3066 640 3289 705 δικαίως
3343 640 3405 697 ἂν
3451 638 3687 716 εἷ’ποιμι.
3718 642 3795 698 Τὸ

2132 730 2442 789 τελευταῖον
2476 731 2533 788 δὲ
2561 734 2650 789 καὶ
2680 738 2841 788 τοῦτο
2888 733 3247 809 προστίθημι,
3282 730 3365 787 ὅτι
3412 751 3513 807 περ
3547 734 3626 805 (9)
3660 733 3794 808 βου-

2135 819 2343 894 λόμεθα
2398 820 2642 895 δημοσίᾳ
2688 824 2837 900 παρὰ
2881 830 2983 892 τῆς
3031 825 3132 891 σῆς
3197 820 3461 883 συνέσεως
3512 818 3793 885 πολλάκις

2134 910 2541 986 ἀναγνωσθῆναι
2586 917 2772 983 ταῦτα,
2823 912 2898 974 ὡς
2945 910 3004 966 ἃν
3056 912 3295 967 ἐντεῦθεν
3344 909 3420 972 εἷς
3467 911 3568 979 τήν
3622 912 3794 967 ἁπάν-

2130 1020 2239 1054 των
2282 1004 2483 1075 γνῶσιν
2535 998 2709 1073 ἔλθοι,
2742 1001 2831 1057 καὶ
2881 998 3120 1076 μάλιστα
3161 999 3239 1062 είς
3278 1001 3377 1069 τὴν
3429 997 3644 1054 ἐκείνων
3687 1000 3793 1079 ἀφ-

2138 1084 2337 1144 ικέσθαι
2398 1087 2680 1162 δυνηθείη,
2734 1088 2931 1153 οἵτινες
3002 1089 3146 1145 οὕτω
3202 1089 3551 1165 πράττουσιν,
3613 1088 3794 1152 οὕτως

2132 1177 2572 1256 ἀναστρέφουσιν,
2630 1179 2706 1241 ὡς
2772 1184 2942 1234 ταῦτα
2990 1179 3125 1255 ἅπερ
3182 1179 3310 1254 παρ’
3366 1180 3529 1252 ἡμῶν
3586 1176 3794 1240 εὑθείας

2134 1265 2344 1342 λεγεται
2421 1267 2593 1345 λόγῳ,
2653 1271 2722 1342 τῇ
2780 1270 2881 1336 τῆς
2944 1265 3205 1337 ἀληθείας
3272 1265 3522 1342 εἰρῆσθαι
3576 1266 3795 1342 πράξει.

2133 1355 2281 1410 Ἐπεὶ
2321 1355 2503 1411 τοίνυν
2538 1359 2652 1431 (10)
2685 1355 2737 1411 ἐν
2789 1355 2969 1428 τούτῳ
3015 1360 3094 1428 τῷ
3138 1356 3415 1431 πράγματι
3461 1351 3796 1425 τηλικοῦτόν

2133 1441 2273 1499 ἐστιν
2336 1446 2618 1518 ἀτόπημα,
2673 1446 3083 1521 γινωσκέτωσαν
3144 1443 3288 1499 οὕτω
3346 1463 3415 1516 με
3463 1442 3796 1517 κεκρίκέναι,

372 1531 464 1585 καὶ
520 1531 723 1602 ταύτης
782 1534 914 1589 εἶναι
972 1538 1073 1605 τῆς
1130 1535 1526 1612 προαιρέσεως·
1582 1533 1635 1591 εἷ’
1681 1558 1732 1590 τι
1789 1539 2036 1589 τοιοῦτον
2095 1540 2319 1603 κινοῖεν,
2382 1536 2578 1608 μηκέτι
2634 1534 2829 1591 λοιπὸν
2888 1536 3025 1590 κατά
3090 1533 3221 1596 τοὺς
3281 1535 3382 1602 τῆς
3440 1530 3797 1605 Ἐκκλησίας,

374 1616 520 1674 ἀλλά
575 1623 712 1676 κατά
764 1623 894 1687 τοὺς
954 1622 1253 1698 δημοσίους
1310 1626 1513 1700 νόμους
1574 1626 1733 1681 αὑτόν
1784 1646 1849 1699 με
1888 1622 1957 1679 δι’
1988 1623 2224 1696 ἐμαυτοῦ
2270 1629 2379 1679 τῶν
2428 1626 2766 1700 πραγμάτων
2813 1623 3214 1701 ἀκροασάμενον
3260 1624 3399 1697 (11),
3445 1622 3537 1676 καὶ
3596 1619 3796 1677 λοιπὸν

360 1709 675 1785 ,εὑρήσοντα
731 1713 946 1786 αὐτοὺς,
981 1714 1059 1770 ὅτι
1119 1718 1193 1789 μὴ
1246 1716 1409 1790 μόνον
1458 1718 1594 1772 κατά
1638 1720 1734 1771 τοῦ
1779 1714 2117 1789 ἀνθρωπίνου
2164 1714 2354 1789 γένους
2403 1712 2595 1789 λῃσταί
2646 1736 2790 1778 τινες
2840 1710 3015 1786 ὄντες,
3042 1711 3190 1769 ἀλλά
3215 1712 3320 1789 γὰρ
3349 1712 3439 1767 καὶ
3469 1712 3588 1767 κατ’
3623 1712 3797 1781 αὐτῆς

367 1799 467 1866 τῆς
502 1798 647 1861 θείας
681 1797 1032 1865 διδασκαλίας
1064 1804 1366 1882 φαίνονται.
1401 1807 1458 1859 '0
1489 1805 1617 1867 Θεός
1648 1826 1706 1860 σε
1737 1801 2076 1882 διαφυλάξοι,
2110 1800 2312 1881 ἀδελφέ
2342 1802 2610 1877 ἀγαπητέ.

443 1888 535 1945 69.
567 1889 690 1953 Quo
717 1896 913 1949 autem
945 1878 1230 1967 liquidius
1260 1897 1587 1952 innotescat
1635 1878 2023 1969 sycophanta-

2201 1878 2293 1948 69.
2325 1893 2482 1969 Ὑπὲρ
2515 1891 2575 1948 δὲ
2602 1894 2714 1967 (12)
2742 1896 2841 1947 τοῦ
2869 1893 2962 1947 καὶ
2991 1890 3158 1947 πλέον
3208 1888 3495 1966 δειχθῆναι
3538 1891 3640 1959 τὴν
3684 1878 3800 1944 ἶπο-

375 1993 510 2033 rum
535 1978 891 2053 malignitas,
925 1999 995 2040 eu
1028 1984 1188 2057 ipsas
1217 1986 1451 2042 Arsenii
1479 1985 1704 2042 litteras
1727 2001 1896 2057 quas,
1920 1983 2020 2039 ubi

2141 1981 2322 2058 νηρίαν
2368 1987 2476 2037 τῶν
2522 1986 2894 2061 συκοφαντῶν,
2929 1978 3047 2036 ἰδοὺ
3094 1981 3184 2035 καὶ
3239 1976 3469 2055 ἔγραψεν
3516 1977 3796 2054 Ἀρσένιος

374 2064 566 2123 latens
614 2069 1016 2141 deprehensus
1045 2079 1219 2142 esset,
1280 2074 1649 2146 conscripsit.
1708 2077 1831 2140 Quo
1863 2072 2022 2128 enim

2141 2071 2272 2144 μετά
2333 2072 2396 2126 τὸ
2472 2072 2759 2148 εὑρεθῆναι
2829 2069 3210 2147 κρυπούμενον
3280 2068 3465 2127 αὐτόν.
3524 2069 3615 2130 Ὧς
3685 2068 3794 2146 γὰρ

374 2161 545 2228 pacto
567 2175 737 2215 suam
768 2161 1036 2234 lschyras
1066 2163 1425 2219 calumniam
1456 2164 1675 2219 litteris
1717 2163 2025 2219 confessus

369 2249 478 2313 est,
513 2246 598 2303 sic
627 2249 907 2306 Arsenius
936 2251 1185 2323 epistola
1215 2270 1323 2310 sua
1352 2270 1555 2309 eorum
1583 2253 2023 2325 perversitatem

368 2335 558 2408 magis
586 2339 867 2410 coarguit.

748 2447 1126 2508 ATHANASIO
1154 2450 1376 2507 ΒΕΑΤο
1414 2451 1639 2506 ΡΑΡιιΕ.

370 2532 631 2612 Ανδ-ειηίιιδ
659 2538 939 2612 episcopus
969 2540 1211 2595 civitatis
1238 2542 1671 2612 Hypselitarum,
1707 2541 1805 2611 qui
1850 2552 2023 2608 quon-

444 2604 576 2683 dam
603 2604 705 2683 sui}
733 2604 948 2683 Melétio
1001 2612 1178 2681 fuere,
1234 2604 1351 2667 una
1406 2629 1533 2668 cum
1585 2604 1919 2683 presbyteﬁs
1975 2616 2026 2664 et

448 2676 719 2747 diaconis,
752 2680 814 2734 in
846 2676 1070 2739 Domino
1099 2684 1335 2739 salutem
1363 2676 1686 2756 plurimam.

449 2764 568 2821 Nos
600 2782 833 2839 quoque
864 2786 1066 2842 pacem
1097 2772 1514 2843 amplectentes
1571 2775 2026 2843 societatemque

373 2869 511 2910 cum
549 2855 834 2914 catholica
854 2858 1129 2930 Ecclesia,
1151 2863 1241 2916 cui
1273 2866 1360 2929 tu,
1391 2862 1485 2918 Dei
1505 2862 2027 2935 gratia,praefectus

376 2958 476 3000 es:
535 2950 995 3020 exoptantesque
1042 2950 1400 3007 ecclesiatico
1432 2951 1640 3007 canoni
1663 2952 1835 3022 juxta
1871 2955 2025 3007 vete-

375 3049 499 3089 rem
517 3033 764 3091 formam
787 3038 1021 3109 subjici,
1043 3038 1270 3096 litteras
1292 3040 1422 3107 tibi,
1444 3039 1654 3097 dilecte
1683 3058 1855 3114 papa,
1888 3039 2023 3096 mit-

374 3120 559 3178 timus
588 3122 1050 3198 pollicemurque
1078 3128 1136 3183 in
1160 3130 1396 3185 nomine
1425 3129 1680 3197 Domini,
1722 3146 1830 3185 nos
1860 3129 2023 3185 dein-

376 3226 514 3283 ceps
544 3211 786 3269 minime
841 3217 1378 3274 communicaturos
1435 3236 1569 3274 cum
1623 3218 1697 3275 iis
1752 3219 1851 3290 qui
1885 3224 2024 3274 sunt

377 3300 702 3357 etiamnum
724 3302 1560 3379 schismatici,etquinondum
1584 3325 1718 3364 cum
1741 3307 2026 3365 catholica

378 3389 638 3447 Ecclesia
667 3408 867 3464 pacem
900 3394 1142 3467 habent,
1171 3397 1293 3453 sive
1315 3398 1626 3470 episcopis,
1650 3398 1771 3454 sive
1784 3398 2028 3471 presby-

377 3479 521 3536 teris
550 3480 641 3536 vel
673 3481 974 3539 diaconis:
1024 3501 1213 3558 neque
1260 3502 1394 3542 cum
1454 3486 1571 3542 illis
1615 3503 2025 3559 consensuros,

376 3568 427 3625 si
458 3568 762 3641 quidpiam
789 3570 970 3627 velint
988 3572 1046 3629 in
1070 3575 1293 3647 synodo
1325 3579 1583 3631 statuere
1608 3592 1621 3630 :
1656 3592 1846 3648 neque
1868 3576 2029 3648 pacis

374 3656 602 3714 litteras
629 3658 717 3714 vel
750 3659 1057 3729 missuros,
1101 3663 1190 3719 vel
1249 3669 1593 3736 accepturos
1647 3667 1719 3721 ab
1752 3665 1889 3729 illis,
1924 3682 2029 3741 nec

376 3763 615 3803 rursum
646 3748 791 3803 citra
820 3753 981 3806 tuam
1015 3753 1451 3825 metropolitani
1506 3755 1762 3827 episcopi
1802 3758 2032 3811 senten-

376 3836 545 3907 tiam,
580 3836 878 3894 decretum
909 3838 1095 3895 ullum
1128 3840 1388 3897 edituros
1417 3841 1504 3898 vel
1536 3843 1842 3915 episcopos
1899 3860 2029 3916 spe-

383 3929 553 3981 ctans
585 3924 673 3981 vel
703 3927 917 3999 dogma
946 3929 1267 4001 quodpiam
1324 3947 1636 3988 commune
1674 3932 2032 3989 ecclesiasti-

381 4030 520 4071 cum
542 4032 554 4083 ;
579 4015 679 4070 sed
704 4032 975 4073 cessuros
996 4018 1273 4075 omnibus
1290 4024 1424 4076 ante
1437 4022 1671 4076 statutis
1685 4021 2030 4092 canonibus,

386 4104 652 4160 adinstar
681 4106 832 4161 147
867 4105 1245 4178 epicoporum
1301 4110 1695 4179 Ammoniani,
1751 4112 2030 4182 Tyranni,

385 4192 673 4261 Plusiani,
695 4192 1195 4268 reliquorumque.
1215 4201 1498 4256 Praeterea
1519 4200 2032 4269 Mansuetudinem

384 4284 571 4340 Tuam
594 4284 1516 4359 obsecramus,utquamprimum
1539 4289 1709 4344 nobis
1723 4289 2031 4356 rescribas,

383 4372 719 4446 pariterque
750 4374 1188 4431 comministros
1217 4380 1449 4433 nostros
1507 4376 1722 4434 litteris
1770 4394 2033 4447 moneas,

384 4479 494 4519 nos
523 4479 703 4536 supra
732 4464 904 4519 dictis
928 4466 1053 4536 jam
1087 4468 1247 4523 stare
1285 4467 1552 4538 decretis,
1586 4484 1789 4540 pacem
1821 4467 2034 4523 habere

383 4569 521 4608 cum
552 4553 838 4610 catholica
867 4554 1141 4625 Ecclesia,
1166 4556 1524 4629 junctosque
1553 4573 1681 4613 esse
1719 4556 2033 4613 commini-

2134 2159 2383 2236 Ἰσχύρας
2434 2159 2667 2238 ἔγραψεν
2717 2158 3016 2236 ὁμολογῶν
3062 2160 3163 2229 τήν
3207 2157 3582 2237 συκοφαντίαν,
3616 2156 3794 2220 οὕτως

2131 2249 2407 2325 Ἀρσένιος
2476 2252 2698 2329 γράφων
2753 2249 2975 2326 ἐλέγχει
3032 2247 3201 2304 πλέον
3262 2247 3481 2304 ἐκείνων
3536 2249 3637 2317 τὴν
3684 2266 3794 2303 κα-

2132 2342 2411 2410 κοήθειαν.

2489 2450 2835 2505 ΑΘΑΝΑΣΙΩ
2870 2450 3184 2505 ΜΑΚΑΡΙΩ
3222 2448 3413 2517 ΠΑΠᾼ

2132 2534 2408 2610 ’Δρσένιος
2507 2537 2831 2610 ἐπίσκοποςᾼᾷ
2908 2542 3016 2592 τῶν
3070 2555 3243 2610 ,ποτε
3343 2534 3448 2610 ὑπὸ
3488 2607 3496 2610 _
3534 2532 3794 2610 Μελίτιον

2203 2601 2306 2684 τῆς
2349 2607 2670 2684 ,Υψηλιτῶν
2721 2608 2962 2684 ’πόλεως
3042 2608 3170 2684 ἅμα-
3236 2601 3625 2684 πρεσϐυτέροις
3705 2605 3796 2662 καὶ

2207 2676 2563 2742 διακόνοιςήέν
2596 2680 2779 2757 Κυρίῳ
2812 2680 3043 2736 πλεῖστα
3071 2676 3308 2755 χαίρειν.

2206 2767 2304 2822 Καὶ
2353 2772 2518 2843 ἡμεῖς
2574 2770 2943 2843 ἀσπαζόμενοι
3007 2769 3106 2839 τήν
3175 2767 3399 2845 εἰρήνην
3457 2767 3550 2822 καὶ
3605 2764 3798 2824 ἕνωσιν

2134 2858 2271 2935 πρὸς
2317 2859 2418 2928 τήν
2484 2857 2783 2929 καθολικὴν
2843 2855 3193 2929 Ἐκκλησίαν,
3224 2860 3293 2927 ἧς
3334 2854 3398 2911 σὺ
3442 2857 3581 2912 κατά
3627 2855 3793 2933 χάριν

2136 2952 2269 3003 Θεοῦ
2316 2945 2661 3022 ποοίστασαι,
2708 2948 3087 3024 προῃρημένοι
3127 2967 3188 3003 τε
3233 2950 3314 3019 τῷ
3357 2943 3793 3018 ἐκκλησιαστικῷ

2135 3035 2318 3092 κανόνι
2374 3037 2512 3093 κατά
2570 3037 2662 3093 τὸν
2721 3035 2954 3092 παλαιὸν
3012 3035 3179 3092 τύπον
3212 3036 3326 3110 (13)
3374 3030 3786 3102 ὑποτάσσεσθαι,

2131 3126 2409 3204 γράφομεν
2453 3147 2558 3200 σοι,
2612 3127 2859 3204 ἀγαπητὲ
2904 3125 3080 3200 πάπα,
3129 3121 3532 3199 ὁμολογοῦντες
3566 3121 3618 3177 έν
3663 3120 3786 3177 ὀνό-

2140 3236 2265 3289 ματι
2324 3215 2525 3293 Κυρίου
2580 3221 2678 3271 τοῦ
2745 3215 2945 3272 λοιποῦ
3008 3216 3084 3289 μὴ
3142 3214 3497 3284 κοινωνήσειν
3556 3215 3674 3273 τοῖς
3716 3206 3798 3266 ἔτι

2138 3305 2410 3381 σχίζουσι,
2440 3305 2531 3360 καὶ
2584 3303 2816 3379 μηδέπω
2865 3304 3197 3382 εἰρηνεύουσι
3246 3302 3382 3379 πρὸς
3430 3302 3531 3371 τὴν
3579 3298 3803 3357 καθολι-

2135 3396 2238 3464 κήν
2283 3394 2611 3464 Ἐκκλησίαν
2662 3394 2981 3457 ἐπισκόποις
3023 3415 3083 3449 τε
3128 3394 3218 3449 καὶ
3265 3386 3657 3469 πρεσϐυτέροις
3707 3390 3801 3446 καὶ

2138 3480 2431 3556 διακόνοις,
2468 3480 2609 3559 μήτε
2637 3485 2920 3540 συνθέσθαι
2959 3483 3145 3546 αὐτοῖς
3195 3480 3561 3559 βουλομένοις
3601 3502 3655 3536 τι
3684 3481 3805 3554 (14)

2137 3573 2190 3628 έν
2254 3570 2481 3647 συνόδῳ,
2543 3576 2684 3646 μήτε
2736 3572 3035 3649 γράμματα
3091 3570 3341 3648 εἰρηνικά
3413 3567 3798 3641 ἀποστέλλειν,

2143 3663 2283 3735 μήτε
2313 3659 2559 3733 δέξασθαι
2591 3669 2715 3739 παρ’
2748 3661 2945 3734 αὐτῶν,
2981 3658 3112 3736 μηδ’
3141 3658 3207 3717 αὖ
3254 3658 3386 3735 δίχα
3429 3659 3659 3736 γνώμης
3701 3678 3799 3713 σου

2137 3755 2236 3806 τοῦ
2281 3758 2381 3820 τῆς
2422 3751 2822 3828 μητροπόλεως
2871 3750 3170 3807 ἐπισκόπου
3219 3749 3346 3827 ὅρον
3391 3749 3510 3804 τινὰ
3556 3747 3799 3825 ἐκφέρειν

2139 3841 2263 3917 περὶ
2312 3841 2642 3897 ἐπισκόπων.
2676 3841 2712 3911 ἢ
2755 3841 2879 3917 περὶ
2933 3837 3206 3917 δόγματος
3249 3838 3435 3914 ἑτέρου
3483 3840 3672 3893 κοινοῦ
3716 3835 3806 3891 έκά

2140 3929 2562 4000 κλησιαστικοῦο
2595 3928 2723 3985 ἀλλ’
2754 3925 2914 3984 εἴκειν
2952 3934 3081 3985 πᾶσι
3124 3933 3242 3990 τοῖς
3288 3924 3803 4004 προτετυπωμένοις

2141 4018 2326 4074 κανόσι
2374 4020 2492 4074 καθ’
2524 4018 2831 4091 ὁμοιότητα
2874 4024 2982 4075 τῶν
3032 4016 3344 4074 ἐπισκόπων
3388 4017 3799 4090 Ἀμμωνιανοῦ,

2142 4108 2231 4163 καὶ
2279 4107 2570 4182 Τυράννου,
2602 4107 2690 4163 καὶ
2723 4107 3088 4180 Πλουσιανοῦ,
3121 4107 3212 4163 καὶ
3258 4110 3367 4162 τῶν
3418 4104 3629 4161 λοιπῶν
3676 4103 3803 4159 ἐπι-

2144 4197 2383 4255 σκόπων.
2415 4197 2558 4271 Πρὸς
2602 4200 2770 4252 τοῦτα
2815 4195 2906 4252 οῦν
2956 4197 3212 4270 ἀξιοῦμεν
3260 4198 3362 4266 τήν
3408 4196 3507 4266 σὴν
3552 4193 3800 4272 χρηστό-

2142 4306 2282 4357 τητα
2324 4284 2643 4361 ἀντιγράψαι
2689 4287 2783 4359 μὲν
2834 4290 2971 4361 ἡμῖν
3022 4284 3113 4342 διὰ
3154 4285 3380 4362 τάχους,
3430 4283 3689 4346 ὡσαύτως
3742 4305 3807 4340 τε

2142 4376 2231 4431 καὶ
2262 4380 2376 4437 τοῖς
2409 4374 2853 4453 συλλειτουργοῖς
2881 4376 3004 4452 περὶ
3038 4376 3211 4449 ὑμῶν,
3235 4374 3318 4431 ὅτι
3350 4370 3538 4449 εἷἠμεν
3570 4370 3680 4445 ἤδη
3713 4372 3806 4429 ἐπὶ

2141 4469 2257 4527 τοῖς
2314 4465 2737 4541 προειρημένοις
2794 4463 2966 4542 ὅροις,
3028 4463 3433 4541 εἰρηνεύσαντες
3501 4462 3638 4540 πρὸς
3698 4464 3802 4531 τήν

2142 4553 2441 4625 καθολικὴν
2498 4554 2844 4626 Ἐκκλησίαν,
2896 4554 2987 4610 καὶ
3059 4553 3338 4617 ὲνωθέντες
3406 4558 3523 4615 τοῖς
3579 4550 3806 4608 συλλει-

382 4642 524 4698 stris
555 4644 936 4700 nostratibus.
969 4644 1274 4701 Credimus
1305 4655 1476 4717 porro
1504 4652 1638 4702 tuas
1686 4663 1905 4718 preces,
1940 4652 2026 4702 ut-

2141 4649 2393 4721 τουργοῖς
2443 4644 2529 4698 ἐπὶ
2586 4649 2693 4698 τῶν
2743 4643 2927 4700 τόπων
2955 4666 2967 4679 ⁸
3017 4643 3343 4717 πιστεύομεν
3392 4639 3471 4715 δὲ,
3521 4642 3596 4704 ὡς
3642 4640 3806 4716 εὐχαί

382 4738 516 4805 pote
534 4734 809 4804 probatas
831 4735 1662 4807 acceptasque,impetraturas
1686 4740 1749 4791 ut
1777 4753 1889 4808 pax
1920 4736 2029 4793 hu-

373 4822 641 4895 jusmodi
664 4823 836 4878 ﬁrma
853 4826 908 4878 et
926 4822 1353 4880 indissolubilis
1377 4830 1657 4897 perpetuo
1681 4831 2030 4898 perseveret,

381 4912 707 4969 secundum
737 4911 1099 4968 voluntatem
1130 4912 1232 4969 Dei
1258 4912 1524 4968 omnium
1557 4914 1789 4970 Domini
1812 4931 1916 4988 per
1932 4916 2030 4972 Je-

379 5017 513 5057 sum
546 5000 847 5057 Christum
877 5000 1195 5056 Dominum
1249 5006 1535 5057 nostrum.
1568 5002 1782 5059 Totum
1814 5009 2029 5063 ccetum

379 5106 682 5147 sacrorum
714 5090 825 5146 sub
858 5094 914 5144 te
942 5088 1352 5145 ministrorum
1383 5107 1490 5146 nos
1511 5097 1570 5147 et
1598 5092 1698 5164 qui
1720 5093 2029 5151 nobiscum

378 5183 520 5236 sunt
541 5178 890 5235 salutamus.
924 5178 1110 5251 Brevi,
1135 5179 1180 5234 si
1207 5183 1359 5235 Deus
1376 5180 1731 5251 permiserit,
1750 5182 1823 5239 ad
1844 5184 2029 5240 Tuam

469 5341 524 5414 9)
546 5341 731 5414 Regi
754 5337 835 5395 ὅτι
869 5358 990 5414 περ.
1014 5338 1197 5414 _Editi,
1231 5336 1385 5414 ὅπερ.

473 5358 524 5411 υ)
557 5358 720 5413 neg.,
754 5358 835 5395 οτι
869 5359 936 5393 πε
978 5383 990 5396 .
1030 5358 1197 5407 nam,
1231 5358 1385 5414 οπερ.

473 5412 559 5483 10)
594 5414 675 5467 Ita
708 5413 845 5483 Reg.
882 5358 1029 5483 [ﬂgiti
1057 5427 1221 5483 vero,
1253 5405 1474 5477 Ἐπειδὴ
1499 5409 1702 5467 τοίνυν.

448 5480 757 5608 (11ὲῌοὲυ
791 5480 1217 5557 ἀκροασάμενον,
1252 5484 1450 5538 minus
1484 5489 1657 5540 recte.
1695 5484 1852 5543 Infra
1871 5487 2028 5544 idem

382 5548 544 5622 διαφυ
586 5552 716 5622 αξει.

419 5572 716 5606 ιαφυΛαιεει.

891 5625 1161 5704 ρίοᾼῖῳο
1212 5642 1416 5704 usque
1430 5627 1505 5704 ad
1516 5633 1877 5704 sequentem
1907 5632 2028 5704 epi-

383 5698 596 5770 stolam
626 5697 687 5751 in
717 5697 891 5754 editis
923 5697 1141 5753 Latinis
1192 5697 1635 5770 antiquioribus
1671 5697 2028 5760 deerantfln

380 5768 595 5839 Graecis
626 5770 823 5825 autem
856 5770 1135 5827 omnibus
1167 5785 1303 5826 cum
1333 5768 1507 5829 editis
1537 5775 1665 5831 tum
1724 5791 1868 5832 mss.
1921 5774 2026 5832 ha-

447 5342 464 5553 ἓ

2141 4754 2238 4789 σου
2314 4732 2691 4812 ἐνεργήσουσιν
2765 4730 3147 4809 εύπρόσδεκτοι
3224 4729 3400 4806 οὖσαι,
3479 4729 3619 4787 ὥστε
3697 4731 3802 4800 τήν

2136 4822 2393 4894 τοιαύτην
2421 4823 2643 4900 εἰρήνην
2682 4818 2901 4899 βεϐαίαν
2953 4824 3045 4879 καὶ
3093 4819 3387 4879 ἀδιάλυτον
3440 4820 3574 4877 εἶναι
3632 4820 3805 4897 μέχρι

2136 4911 2353 4981 τέλους,
2381 4914 2519 4967 κατά
2544 4912 2608 4967 τὸ
2642 4911 2907 4988 βούλημα
2933 4916 3031 4968 τοῦ
3074 4910 3338 4969 δεσπότου
3385 4914 3494 4967 τῶν
3548 4907 3802 4966 ἁπάντων

2139 5006 2294 5076 Θεοῦ,
2347 4999 2436 5057 διὰ
2466 5003 2646 5073 Ἰησοῦ
2676 5006 2913 5079 Χριστοῦ
2964 5007 3065 5059 τοῦ
3109 5000 3311 5078 Κυρίου
3353 5002 3540 5075 ἡμῶν.
3570 4999 3643 5056 Τὸ
3693 4999 3802 5056 ὑπὸ

2140 5092 2198 5147 σε
2227 5092 2488 5169 ἱερατεῖον
2518 5093 2681 5163 ἡμεῖς
2711 5092 2802 5147 καὶ
2852 5092 2905 5145 οἱ
2952 5092 3046 5148 σὺν
3103 5093 3240 5165 ἡμῖν
3299 5087 3801 5167 προσαγορεύομεν.

2137 5184 2297 5236 Ὅσον
2341 5179 2400 5237 δέ
2450 5178 2669 5236 οὐδέπω
2697 5182 2832 5256 (15),
2865 5182 3003 5238 Θεοῦ
3051 5179 3455 5259 ἐπιτρέποντος,
3486 5180 3803 5253 ἀπαντήσο-

2138 5343 2543 5488 ὸθᾶἓῗᾟθεη
2618 5410 2851 5469 παλαιὸν
2920 5412 3108 5474 τόπον.
3186 5413 3361 5486 Editi,
3419 5410 3652 5470 παλαιὸν
3707 5410 3801 5469 νό-

2142 5505 2261 5558 μον.

2208 5558 2320 5631 (14)
2351 5558 2515 5631 Reg.,
2553 5554 2913 5634 βουλομένοις
2939 5578 3015 5615 τι.
3058 5558 3209 5615 Editi
3238 5573 3397 5628 vero,
3434 5555 3800 5632 βουλομένοις

2171 5649 2324 5776 Ιε’(15)
2357 5701 2519 5775 Beg.,
2551 5697 2787 5760 οὐδέπω.
2818 5701 3001 5774 Editi,
3032 5696 3206 5758 οὔπω.

2135 5649 2164 5682 τ
