4152 6382
355 416 477 477 3³13

1479 413 1874 478 APOLOGIA
1918 413 2233 476 CONTRA
2277 411 2646 474 ARIANOS.

3659 413 3778 478 874

360 551 454 623 μὲν
511 548 648 624 πρὸς
705 549 803 617 τὴν
866 549 963 617 σήν
1006 548 1375 624 χρηστότητα.
1414 548 1685 624 Ἀρσένιος
1739 545 2004 623 ἐρξὧσθαί

2122 546 2629 602 Mansuetudinem
2654 548 3020 603 accedemus.
3043 546 3324 602 Arsenius
3345 551 3400 602 te
3432 547 3636 603 multis
3669 565 3771 604 an-

356 661 413 695 σε
444 635 681 714 εὔχομαι
727 638 777 693 ἐν
821 639 1003 715 Κυρίῳ
1051 637 1286 700 πολλοῖς
1337 639 1586 714 χρόνοις,
1641 637 2016 713 μακαριώτατε

357 729 530 783 πάπα.

429 821 516 873 70.
550 815 761 886 Μείζων
817 814 873 871 δὲ
921 817 1009 871 καὶ
1065 819 1436 894 φανερώτερος
1499 815 1728 892 ἔλεγχος
1766 823 1866 884 τῆς
1899 816 2017 869 καθ’

358 909 517 979 ἡμῶν
567 906 923 983 συκοφαντίας
969 909 1002 975 ἡ
1065 907 1321 979 μετάνοια
1369 906 1642 960 Ἰωάννου·
1691 905 1780 960 καὶ
1820 904 2015 958 τούτου

363 997 566 1071 μάρτυς
599 997 626 1049 ὁ
671 993 1084 1074 θεοφιλέστατος
1131 997 1219 1050 καὶ
1278 995 1543 1070 μακαρίας
1601 998 1825 1068 μνήμης
1870 996 2017 1070 βασι-

359 1083 488 1146 λεὺς
545 1090 968 1147 Κωνσταντῖνος·
1027 1083 1186 1147 εὶδὼς
1235 1085 1338 1161 γάρ
1402 1086 1536 1161 ἅπερ
1595 1085 1850 1154 Ἰωάννης
1901 1085 2016 1138 κατ’

357 1173 523 1229 αὐτοῦ
575 1174 943 1250 κατηγόρησε,
1003 1174 1094 1228 καὶ
1153 1172 1438 1246 διξάμενος
1495 1173 1791 1248 γράμματα
1853 1193 2014 1246 μετα-

355 1265 724 1339 γινώσκοντος
756 1265 946 1330 αὑτοῦ,
979 1262 1181 1339 ἔγραψε
1211 1269 1398 1318 ταῦτα’

529 1355 1056 1410 ΚΩΝΣΤΑΝΤΙΝΟΣ
1099 1356 1438 1410 ΜΕΓΙΣΤΟΣ
1485 1355 1835 1409 ΣΕΒΑΣΤΟΣ

1065 1442 1306 1515 Ἰωάννῃ.

428 1532 573 1587 Πάνυ
637 1553 728 1605 μοι
799 1531 1108 1605 καταθύμια
1174 1531 1366 1606 γέγονε
1423 1532 1490 1586 τὰ
1546 1531 1690 1603 παρὰ
1756 1537 1855 1599 τῆς
1915 1538 2012 1600 σῆς

356 1623 673 1697 φρονήσεως
732 1623 1068 1696 γράμματα·
1130 1618 1298 1695 ἔγνων
1356 1621 1456 1694 γάρ
1513 1621 1564 1690 ἐξ
1609 1621 1782 1674 αὑτῶν
1842 1619 1874 1672 ἃ
1909 1618 2011 1691 μά-

358 1709 516 1765 λιστα
544 1715 748 1786 γνῶναι
797 1709 1047 1781 ἐπόθουν,
1097 1711 1265 1765 πάσαν
1323 1711 1415 1783 μὲν
1471 1708 1839 1784 μικροψυχίαν
1885 1710 2014 1762 ἀπο-

355 1799 621 1854 τεθεῖσθαί
679 1821 754 1871 σε,
815 1804 882 1873 τῇ
943 1798 999 1854 δὲ
1058 1798 1395 1871 Ἐκκλησία,
1455 1799 1531 1861 ὡς
1585 1805 1859 1874 προσῆκον
1920 1801 2009 1869 ἦν,

2127 637 2218 692 nis
2253 637 2437 692 valere
2468 637 2526 691 in
2564 639 2801 692 Domino
2833 643 3062 710 exopto,
3089 636 3429 693 beatissime
3460 655 3630 709 papa.

2196 818 2284 870 70.
2319 821 2492 870 Porro
2525 815 2829 871 calumniae
2885 817 2943 870 in
2978 833 3082 870 nos
3133 819 3369 870 structa
3402 817 3599 887 majus
3629 818 3686 870 et
3712 813 3783 870 li-

2127 905 2366 977 quidius
2394 912 2804 973 argumentum
2829 911 2918 960 est
2945 906 3190 960 Joannis
3218 907 3580 976 pmnitentia,
3611 905 3782 976 cujus

2128 996 2207 1050 rei
2238 995 2406 1049 testis
2437 995 2548 1048 fuit
2594 995 2706 1048 Deo
2754 995 3140 1050 charissimus
3187 999 3243 1049 et
3273 995 3450 1049 beata:
3484 993 3777 1049 memoriae

2127 1085 2444 1156 imperator
2461 1083 3000 1155 Constantinus,qui
3023 1101 3156 1138 cum
3181 1084 3354 1139 sciret
3374 1101 3500 1155 quae
3518 1083 3774 1139 Joannes

2127 1179 2329 1229 contra
2359 1189 2420 1228 se
2449 1172 2574 1244 ipse
2606 1173 2932 1238 detulisset,
2959 1172 3235 1244 illiusque
3258 1173 3595 1245 paenitentis
3626 1171 3776 1227 litte-

2127 1281 2220 1319 ras
2252 1263 2591 1334 accepisset,
2627 1263 2743 1317 haec
2783 1263 3058 1334 scripsit:

2372 1351 2816 1409 CONSTANTIUS
2854 1353 3150 1409 MAXIMUS
3186 1352 3528 1410 AUGUSTUS

2839 1444 3062 1498 Joamzi.

2195 1532 2527 1585 Admodum
2558 1534 2732 1601 grata;
2765 1531 2909 1586 mihi
2940 1532 3102 1586 fuere
3166 1531 3486 1602 prudentiae
3517 1531 3652 1585 Ture
3679 1530 3770 1586 lit-

2124 1625 2278 1686 teraa,
2311 1637 2379 1675 ex
2429 1621 2646 1690 quibus
2695 1638 2820 1692 quae
2871 1621 3248 1692 peroptabam
3297 1621 3443 1675 scire
3487 1620 3684 1687 didici,
3717 1625 3772 1675 te

2125 1709 2348 1764 scilicet
2379 1708 2537 1763 omni
2565 1709 2837 1781 deposita
2867 1709 3192 1779 simultate,
3231 1725 3364 1764 cum
3394 1708 3669 1776 Ecclesia,
3704 1713 3772 1763 ut

2123 1817 2228 1872 par
2256 1799 2956 1865 erat,communicasse,et
2987 1815 3120 1854 cum
3150 1798 3466 1853 Athanasio
3497 1797 3768 1870 episcopo

355 1889 807 1959 κεκοινωνηκέναι
843 1933 859 1956 ,
916 1890 1004 1943 καὶ
1079 1891 1379 1962 Ἀθανασιῳ
1451 1893 1531 1960 τῷ
1595 1885 2007 1960 αἰδεσιμωτάτῳ

2122 1887 2606 1944 reverendissimo
2628 1887 2687 1942 in
2712 1887 2943 1960 plenam
2968 1889 3338 1944 concordiam
3358 1888 3770 1943 venisse.Scito

356 1977 639 2051 ἐπισκόπῳ
672 1978 725 2040 ἐς
771 1979 839 2032 τὰ
890 1979 1125 2052 μάλιστα
1157 1977 1232 2040 εἷς
1265 1977 1523 2051 ὁμόνοιαν
1568 1975 1764 2033 ἐλθεῖν.
1798 1978 1868 2031 Εὖ
1903 1975 2008 2031 ἴσθι

352 2066 556 2137 τοίνυν»
591 2066 666 2129 ὠς
694 2063 852 2122 ἕνεκά
895 2088 956 2142 γε
1001 2065 1207 2122 τούτων
1256 2069 1394 2122 πάνυ
1446 2089 1503 2122 σε
1551 2067 1832 2128 ἐπαινέσας
1869 2063 2007 2141 ἔχω,

354 2155 436 2211 ὅτι
469 2162 638 2211 πᾶσαν
673 2155 827 2234 ἀφεὶς
865 2156 1198 2232 ἁψιμαχίαν,
1243 2157 1272 2211 ὃ
1315 2161 1393 2228 τῷ
1436 2161 1551 2228 Θεῷ
1597 2155 1756 2233 φίλον
1804 2158 1868 2224 ἦν
1919 2176 2010 2209 πε-

352 2244 612 2313 ποίηκας,
652 2251 754 2312 τῆς
814 2244 952 2319 πρὸς
999 2245 1099 2312 τήν
1172 2244 1495 2314 Ἐκκλησίαν
1557 2246 1800 2304 ένώσεως
1861 2243 2005 2297 ἀντι-

353 2327 790 2405 λαμϐανόμενος.
828 2335 940 2386 Ἵνα
985 2332 1166 2387 τοίνυν
1222 2334 1309 2387 καὶ
1343 2335 1415 2386 ὧν
1466 2332 1744 2405 ἐπιθυμεῖς
1772 2352 2008 2406 τετυχη-

351 2421 498 2475 κέναι
549 2418 792 2491 δοκοίης,
835 2420 1115 2497 ἐπιτρέψαι
1167 2443 1250 2476 σοι
1313 2419 1420 2476 δεῖν
1483 2423 1672 2494 ᾠήθην
1721 2422 2007 2496 ὀχήματος

351 2505 604 2580 ἐπιϐῆναι
651 2508 945 2583 δημοσίου.
993 2512 1082 2566 καὶ
1134 2511 1208 2573 είς
1256 2513 1319 2566 τὸ
1350 2509 1710 2588 στρατόπεδον
1736 2519 1834 2580 τῆς
1871 2511 2008 2583 ἐμῆς

350 2600 693 2675 ἡμερότητος
725 2598 1042 2656 σπουδάσαι.
1097 2601 1199 2654 Σὸν
1249 2601 1441 2656 λοιπὸν
1490 2601 1626 2657 ἔστω
1662 2598 1830 2674 μηδὲν
1880 2600 2009 2673 μελ-

352 2688 516 2758 λῆσαι
549 2691 682 2762 (16),
717 2689 862 2744 ἀλλὰ
889 2697 988 2758 τῆς
1021 2688 1315 2759 ἐπιστολῆς
1343 2712 1427 2745 σοι
1473 2691 1673 2760 ταύτης
1721 2691 2006 2765 ὀχήματος

353 2775 626 2850 δημοσίου
678 2777 916 2849 ἐξουσίαν
969 2778 1359 2855 χορηγούσης,
1411 2779 1606 2842 εὐθέως
1667 2781 1802 2856 πρὸς
1859 2783 2006 2852 ἡμᾶς

352 2867 685 2944 ἀφικέσθαι,
732 2866 825 2922 ’ίνα
883 2869 971 2922 καὶ
1046 2869 1146 2937 τὴν
1207 2867 1495 2940 ἐπιθυμίαν
1565 2868 1854 2943 ἐμπλήσῃς
1909 2871 2008 2937 τὴν

355 2961 552 3012 σαυτοῦ
588 3003 600 3027 ,
659 2957 747 3011 καὶ
817 2957 1140 3032 θεασάμενος
1196 2961 1344 3032 ἡμᾶς
1375 3005 1388 3030 ,
1446 2967 1545 3028 τῆς
1620 2956 2006 3034 προσηκούσης

355 3041 555 3123 ἀδελφὲ
587 3045 847 3122 ἀγαπητέ.

596 3135 622 3154 er
785 3135 801 3154 κ
926 3135 953 3154 γ
1075 3136 1086 3156 ν
1240 3135 1261 3154 ἰ
1738 3138 1750 3156 ε
1888 3138 1901 3154 ‘

423 3137 516 3190 71.
550 3140 704 3190 Ουτω
747 3155 840 3208 μεν
893 3156 984 3189 ουν
1035 3135 1194 3198 τελος
1238 3156 1393 3212 εσχεν
1443 3139 1478 3205 ἡ
1530 3157 1783 3208 συσκευη,
1816 3158 1904 3191 και
1954 3138 2006 3191 οἱ
2038 3141 2081 3208 C

358 3221 674 3278 Μελιτιανοὶ
748 3225 1224 3298 καταισχυνθέντες
1302 3226 1712 3304 ἀπεστράφησαν
1748 3245 1760 3258 ·
1823 3228 1874 3280 οἱ
1952 3224 2010 3281 δὲ

463 3311 475 3328 ς
564 3310 577 3329 ν
853 3309 926 3331 η.
1009 3312 1035 3331 ρ.
1551 3312 1574 3332 ,ι
1818 3316 1830 3330 ι
1963 3315 1976 3333 ,

354 3333 478 3388 περι
511 3307 768 3366 Ευσέὅιον
811 3331 906 3366 ουο
975 3335 1145 3375 ουτως
1191 3315 1495 3389 ἠρέμησαν·
1549 3314 1745 3387 εμεκλε
1773 3335 1873 3390 γαρ
1919 3337 2008 3369 αυ-

349 3405 467 3461 τοῖς
499 3399 560 3454 ού
590 3404 697 3455 τῶν
749 3400 1106 3475 Μελιτιανῶν,
1157 3401 1302 3458 ἀλλὰ
1345 3408 1452 3458 τῶν
1485 3404 1607 3478 περὶ
1647 3407 1886 3478 Ἄρειον,
1915 3404 2002 3459 καὶ

351 3481 648 3564 ἐφοϐοῦντο
713 3489 828 3560 μὴ,
885 3488 1240 3562 παυσαμένων
1298 3489 1514 3545 ἐκείνων
1549 3537 1562 3562 ,
1629 3490 1821 3564 μηκέτι
1878 3491 2005 3554 τοὺς

353 3575 811 3652 ὑποκρινομένους
869 3577 1086 3652 εὕρωσι,
1148 3576 1216 3633 δι’
1248 3581 1321 3633 ὧν
1378 3584 1540 3634 τοῦτο
1581 3580 1876 3656 εἰσαγαγεῖν
1913 3580 2005 3636 δύ-

347 3685 566 3720 νωνται.
608 3663 978 3740 Παροδύνουσι
1018 3666 1198 3722 τοίνυν
1255 3667 1417 3723 πάλιν
1467 3668 1593 3731 τοὺς
1626 3669 2000 3742 Μελιτιανους,

347 3753 436 3808 καὶ
492 3752 739 3809 πείθουσι
803 3755 895 3810 τὸν
959 3755 1186 3832 βασιλέα
1241 3755 1462 3811 σύνοδον
1521 3756 1674 3820 αὖθις
1739 3757 1788 3812 ἐν
1846 3759 2004 3834 Τύρῳ

346 3841 596 3898 κελεῦσαι
644 3843 908 3920 γενέσθαι.
952 3846 1050 3899 Καὶ
1108 3845 1288 3918 κόμης
1339 3847 1619 3909 Διονύσιος
1670 3846 2001 3903 ἀποστέλλε-

345 3927 474 4005 ται,⁹
515 3934 604 3988 καὶ
665 3939 989 4009 στρατιῶται
1043 3931 1336 4014 δορυφόροι
1398 3933 1638 3990 δίδονται
1707 3941 1822 3998 τοῖς
1880 3937 2002 4012 περὶ

349 4016 625 4077 Εὐσέϐιον.
679 4023 841 4077 Καὶὸ
877 4024 972 4095 μὲν
1005 4023 1281 4100 Μακάριος
1333 4022 1554 4097 δέσμιος
1609 4023 1698 4079 διά
1745 4046 2006 4101 στρατιω-

347 4115 454 4166 τῶν
509 4111 779 4185 πέμπεται
839 4112 913 4175 είς
969 4115 1160 4189 Τύρον⁶
1204 4113 1327 4186 ἐμοὶ
1385 4112 1442 4170 δὲ
1487 4115 1677 4194 γράφει
1710 4116 1798 4170 καὶ
1848 4115 2004 4192 ἀνάγ-

347 4222 448 4270 κην
504 4199 806 4272 ἐπιτίθησιν
843 4221 855 4234 ·
907 4201 1045 4258 ὥστε
1110 4204 1199 4258 καὶ
1262 4205 1488 4266 ἄκοντας
1545 4207 1692 4278 ἡμᾶς
1741 4206 2003 4262 ἀποστέλ-

348 4289 534 4345 λεσθαι
585 4291 718 4364 (18).
772 4292 878 4359 Τήν
943 4293 1036 4362 μὲν
1099 4291 1190 4346 οὖν
1265 4300 1436 4348 πᾶσαν
1495 4296 1756 4362 συσκευὴν
1805 4300 1999 4370 γνῶναι

349 4377 586 4448 δυνατὸν,
637 4378 688 4450 ἐξ
738 4381 811 4433 ὧν
862 4375 1092 4456 ἔγραψαν
1148 4382 1199 4435 οἱ
1232 4381 1515 4437 ἐπίσκοποι
1572 4391 1670 4452 τῆς
1701 4385 1997 4460 Αίγόπτου.

2062 2957 2373 3032 ἀπολαύσῃς
2431 2956 2762 3035 εὐφροσύνης
2789 3002 2800 3014 .

2118 1978 2295 2052 igitur
2323 1982 2380 2033 te
2427 1993 2492 2032 eo
2526 1978 2762 2032 nomine
2814 1995 2846 2033 a
2897 1978 3064 2032 nobis
3106 1993 3478 2049 summopere
3517 1976 3767 2048 laudari,

2119 2068 2274 2139 quod
2307 2066 2506 2122 relicto
2537 2067 2930 2139 omnijurgio,
2956 2083 3078 2121 rem
3102 2066 3217 2121 Deo
3239 2071 3466 2138 gratam
3518 2065 3767 2136 perfece-

2119 2157 2220 2223 ris,
2256 2156 2711 2227 societatemque
2759 2155 3097 2227 requisieris
3147 2171 3281 2210 cum
3332 2153 3612 2210 Ecclesia.
3648 2156 3771 2218 Quo

2118 2245 2300 2317 igitur
2330 2249 2528 2315 optata
2559 2261 2893 2316 assequare,
2926 2244 3032 2299 tibi
3059 2243 3514 2316 permittendum
3546 2244 3768 2315 putavi,

2119 2338 2183 2388 ut
2215 2334 2485 2388 inscenso
2532 2333 2762 2404 publico
2819 2331 3102 2399 vehiculo,
3155 2333 3226 2389 ad
3275 2332 3592 2388 exercitum
3625 2349 3767 2388 meae

2118 2422 2437 2478 clementiae
2474 2439 2764 2495 properes.
2790 2424 2981 2477 Tuum
3015 2422 3288 2494 deinceps
3310 2422 3417 2477 erit
3446 2421 3589 2476 nihil
3623 2438 3765 2478 cun-

2119 2512 2282 2567 ctari.
2320 2513 2430 2567 Sed
2465 2529 2596 2567 cum
2627 2513 2745 2567 haec
2768 2513 2872 2567 tibi
2895 2511 3141 2584 epistola
3161 2510 3376 2582 publici
3401 2511 3646 2566 vehiculi
3672 2527 3766 2567 co-

2120 2602 2275 2674 piam
2311 2602 2503 2670 faciat,
2555 2602 2624 2656 ad
2677 2619 2782 2657 nos
2832 2601 3269 2673 quamprimum
3320 2601 3582 2670 accedas,
3617 2605 3680 2655 ut
3710 2606 3769 2656 et

2115 2692 2230 2746 voti
2263 2708 2503 2763 compos
2551 2691 2828 2756 afficiare,
2882 2695 2937 2745 et
2987 2695 3298 2762 postquam
3341 2706 3444 2745 nas
3474 2690 3767 2761 inviseris,

2118 2797 2377 2852 congrua
2407 2779 2620 2834 fruaris
2672 2779 2892 2835 laetitia.
2948 2781 3098 2835 Deus
3129 2783 3184 2834 te
3241 2783 3562 2847 conservet,
3597 2779 3772 2836 frater

2123 2870 2352 2925 dilecte.

2861 2959 2916 3009 Ὁ
2983 2957 3110 3018 Θεός
3170 2978 3227 3012 σε
3283 2954 3598 3035 διαφυλάξοι
3655 2958 3774 3032 (17)

2188 3140 2276 3192 71.
2314 3137 2536 3194 Hicille
2567 3138 2675 3193 fuit
2720 3137 3168 3208 conspirationis
3218 3137 3431 3204 exitus,
3485 3152 3600 3208 quo
3634 3152 3761 3208 per-

2121 3232 2268 3295 acto,
2305 3228 2594 3283 Meletiani
2645 3245 2678 3282 a
2726 3227 3020 3299 proposito
3051 3230 3190 3281 sunt
3237 3226 3420 3282 aversi
3449 3243 3461 3281 :
3496 3230 3556 3280 at
3584 3226 3763 3281 Euse-

2116 3317 2275 3372 biani
2305 3335 2376 3372 ne
2422 3317 2502 3372 ita
2551 3317 2786 3388 quidem
2837 3333 3168 3383 cessavere;
3230 3315 3347 3370 illis
3378 3314 3615 3386 quidem
3648 3331 3764 3370 non

2117 3405 2430 3477 Meletiani,
2463 3407 2562 3461 sed
2594 3405 2793 3460 Ariani
2824 3423 2975 3460 curm
3006 3410 3188 3474 erant,
3222 3404 3386 3458 veriti
3421 3403 3643 3459 scilicet
3671 3420 3766 3474 ne,

2115 3512 2348 3551 morum
2381 3495 2681 3551 deﬁciente
2704 3511 2899 3567 Opera,
2924 3494 3257 3563 histriones,
3281 3493 3363 3548 rei
3391 3509 3569 3564 quam
3591 3493 3765 3548 indu-

2115 3600 2244 3640 cere
2271 3570 2543 3640 volebant
2573 3585 2845 3653 artiﬁces,
2870 3599 2986 3638 non
3008 3587 3405 3654 suppeterent.
3430 3583 3616 3646 Quare
3647 3581 3767 3637 Me-

2113 3672 2345 3729 letianis
2378 3674 2588 3728 iterum
2616 3672 3209 3740 concitatis,auctores
3239 3678 3380 3727 sunt
3400 3671 3762 3743 imperatori,

2115 3767 2181 3818 ut
2212 3764 2499 3835 synodum
2531 3763 2722 3818 denuo
2743 3763 2872 3834 Tyri
2891 3763 3098 3832 jubeat
3117 3761 3633 3834 congregari.Tum
3667 3778 3761 3816 co-

2115 3869 2241 3908 mes
2276 3851 2585 3922 Dionysius
2615 3852 2888 3921 mittitur,
2924 3850 3262 3906 satellitium
3298 3851 3550 3906 militare
3580 3851 3760 3908 Euse-

2114 3941 2306 3996 bianis
2337 3942 2528 4011 datur,
2563 3941 2847 3996 Macarius
2885 3941 3116 3996 vinctus
3146 3941 3254 3996 sub
3288 3939 3543 3996 militum
3576 3945 3766 3996 custo-

2115 4031 2210 4086 dia
2261 4032 2477 4100 Tyrum
2536 4030 2872 4096 adducitur,
2933 4047 3143 4102 meque
3200 4030 3517 4102 imperator
3555 4029 3766 4086 litteris

2113 4118 2401 4191 compulit
2429 4119 2572 4187 suis,
2610 4124 2675 4174 ut
2705 4119 2791 4174 vel
2824 4120 3040 4174 invitus
3068 4119 3262 4175 isthuc
3294 4136 3387 4174 me
3418 4119 3762 4174 conferrem.

2113 4209 2224 4265 Sed
2252 4213 2435 4264 totam
2459 4209 2909 4281 conspirationis
2931 4210 3140 4264 seriem
3167 4225 3516 4280 cognoscere
3535 4207 3761 4264 licitum

2112 4303 2200 4353 est
2229 4315 2298 4354 ex
2327 4298 2732 4369 episcoporum
2766 4298 3161 4369 Egyptiorum
3198 4297 3619 4368 lilteris.Hujus
3651 4315 3764 4352 au-

2109 4392 2228 4443 tem
2269 4388 2562 4442 ordiendze
2617 4386 2928 4442 consilium
2977 4402 3248 4442 enarrare
3290 4403 3474 4458 operae
3504 4387 3758 4457 pretium

346 4474 470 4530 Πῶς
504 4466 561 4524 δὲ
590 4470 716 4545 παρ’
760 4468 934 4523 αὐτῶν
984 4468 1036 4539 ἐξ
1082 4469 1260 4545 ἀρχῆς
1309 4471 1582 4543 συνετέθη,
1624 4472 1908 4548 ἀναγκαῖον
1945 4473 2002 4528 ἂν

375 4555 402 4579 ,Ι
493 4558 514 4579 λ
537 4559 548 4579 Ι
678 4577 685 4579 ,
817 4559 830 4578 ς
945 4559 959 4576 \
1065 4557 1078 4579 ,
1178 4561 1239 4579 ⁸³Ιὶ
1363 4562 1388 4579 n
1535 4566 1555 4576 υ
1690 4562 1701 4576 ι
1954 4565 1965 4579 ι

2122 4477 2310 4542 fuerit,
2345 4481 2408 4532 ut
2437 4477 2572 4531 hinc
2603 4493 2804 4531 eorum
2836 4477 3142 4531 adversum
3190 4492 3294 4530 nos
3329 4475 3756 4546 malignitatem

347 4555 431 4630 εἷή
493 4558 688 4636 λέγειν’
746 4559 833 4614 καὶ
900 4559 1002 4634 γὰρ
1060 4557 1299 4613 ἐντεῦθεν
1362 4562 1581 4636 θεωρεῖν
1643 4562 1740 4628 τήν
1797 4565 2000 4632 κακοή-

347 4650 490 4704 θειαν
521 4649 608 4703 καὶ
639 4649 739 4717 τήν
791 4648 1120 4724 πανουργίαν
1169 4649 1269 4716 τήν
1315 4651 1436 4703 καθ’
1483 4653 1643 4722 ἡμῶν
1698 4651 2000 4726 γενομένην

351 4733 571 4807 ἔξεστιν.
630 4735 953 4793 Ἐπίσκοποί
1013 4737 1143 4793 εἰσιν
1198 4737 1248 4792 ἐν
1308 4737 1597 4814 Αἰγύπτῳ,
1657 4740 1745 4794 καὶ
1805 4737 1998 4815 Λιϐύῃ,

351 4825 547 4882 λ¹Π
718 4826 784 4883 όλ
895 4826 1001 4881 ἐ¹
1108 4827 1316 4883 ἓτό·
1421 4826 1522 4862 ”“”“
1681 4828 1694 4848 ’
1944 4838 2001 4866 π

387 4847 443 4880 αι
553 4847 716 4882 ενναπ
791 4849 834 4882 ει
919 4849 1048 4904 γγυς
1109 4849 1228 4883 νκα.
1267 4850 1293 4882 ν
1378 4847 1554 4890 ουοεις
1600 4850 1808 4884 τουτων
1854 4833 1999 4904 ἡμας

349 4915 563 4988 ᾐτιᾶτο.
595 4914 658 4969 οὐ
705 4909 1066 4991 πρεσϐύτερος
1121 4915 1414 4995 ἐμέμφετο,
1465 4916 1528 4971 ού
1575 4923 1681 4972 τῶν
1734 4917 1879 4973 λαῶν
1920 4941 2002 4982 τις

273 5055 276 5058 .
347 5003 656 5059 κατελάλει’
700 5003 826 5060 ἀλλ’
858 5007 908 5060 οἱ
950 5005 1265 5061 Μελιτιανοὶ
1320 5008 1370 5062 οἱ
1402 5007 1508 5062 ἀπὸ
1541 5007 1743 5083 Πέτρου
1797 5004 1999 5080 ἐκϐλη-

347 5094 522 5159 θέντες
567 5093 657 5149 καὶ
704 5095 755 5148 οἱ
809 5095 1078 5170 Ἀρειανοὶ
1128 5099 1261 5165 ἦσαν
1313 5098 1363 5150 οἱ
1411 5098 1509 5165 τὴν
1555 5093 1852 5165 ἐπιϐουλὴν
1904 5120 1996 5170 με-

345 5184 648 5261 ρισάμενοι·
682 5183 770 5238 καὶ
804 5185 855 5238 οὶ
910 5185 1002 5256 μὲν
1051 5185 1114 5240 τὸ
1160 5193 1504 5262 κατηγορεῖν,
1558 5188 1609 5240 οἱ
1657 5184 1714 5241 δὲ
1760 5188 1822 5241 τὸ
1855 5185 2000 5242 δικά-

345 5279 450 5344 ζειν
497 5275 708 5336 ἑαυτοῖς
757 5269 1047 5344 ἐξεδίκουν.
1097 5275 1285 5348 Ἡμεῖς
1335 5277 1427 5348 μὲν
1481 5274 1571 5331 οὖν
1612 5276 1998 5353 παρῃτούμεθα

341 5363 466 5426 τοὺς
523 5363 648 5442 περὶ
705 5358 964 5418 Εὐσέϐιον
1040 5364 1113 5426 ὡς
1179 5363 1409 5442 ἐχθροὺς
1485 5363 1574 5420 διὰ
1635 5368 1733 5436 τὴν
1794 5364 1994 5443 α’ίρεσιν

342 5449 519 5517 ὄντας·
579 5451 763 5510 ἔπειτα
819 5453 910 5509 τὸν
989 5451 1284 5532 λεγόμενον
1343 5457 1644 5532 κατήγορον
1716 5459 1794 5530 μὴ
1864 5457 1994 5512 εἶναι

420 5685 532 5830 ἑ
563 5686 1182 5830 ἓὲεῗθξι.αξέἐὲἰξζριιο,
1219 5686 1476 5762 μελῆσαι,
1508 5691 1679 5748 male.

418 5757 531 5830 (17)
563 5757 726 5831 Reg.,
759 5757 1092 5838 διαφυλάξει.

2111 4565 2522 4637 vafritiemque
2580 4564 3039 4619 animadvertere
3113 4564 3365 4636 quisque
3428 4562 3635 4632 valeat,
3697 4567 3757 4621 in

2113 4655 2378 4727 Egypto,
2438 4654 2615 4725 Libya
2663 4660 2720 4708 et
2765 4651 3065 4725 Pentapoli
3115 4653 3372 4724 episcopi
3415 4657 3553 4708 sunt
3582 4670 3761 4726 prope

2117 4750 2386 4812 centum;
2420 4760 2671 4815 quorum
2702 4742 2902 4798 nullus
2936 4760 3040 4797 nos
3072 4742 3389 4809 accusavit,
3422 4741 3622 4798 nullus
3653 4761 3761 4800 nos

2113 4834 2416 4905 presbyter
2431 4832 2776 4888 criminatus
2793 4837 2902 4900 est,
2919 4831 3116 4887 nullus
3136 4848 3166 4885 θ
3186 4829 3399 4902 populo
3414 4830 3756 4889 oblocutus:

2111 4923 2210 4977 sed
2245 4921 2537 4977 Meletiani
2582 4923 2707 4992 jam
2755 4920 2896 4976 olim
2945 4938 2977 4976 a
3010 4921 3173 4975 Petro
3227 4920 3413 4990 ejecti,
3443 4921 3758 4992 Arianique

2110 5011 2358 5066 insidias
2388 5011 2541 5066 inter
2571 5028 2632 5066 se
2663 4999 2982 5066 diriserant
3005 5035 3019 5071 ς
3043 5009 3124 5064 ita
3151 5014 3215 5063 ut
3245 5008 3324 5062 illi
3360 5009 3672 5064 accusandi
3695 5011 3754 5065 in

2102 5099 2408 5170 judicandi
2441 5099 2552 5154 sibi
2583 5105 2774 5170 partes
2805 5099 3182 5154 vindicarent.
3206 5097 3422 5153 Verum
3447 5115 3551 5154 nos
3575 5099 3752 5154 Euse-

2109 5188 2274 5244 bium
2289 5189 2596 5260 sociosque
2609 5189 3072 5256 recusavimus,l
3086 5188 3186 5242 48
3201 5187 3356 5258 quod
3370 5192 3568 5242 essent
3585 5188 3752 5244 nobis

2112 5277 2395 5334 haereseos
2421 5295 2596 5334 causa
2622 5277 2883 5333 inimici:
2918 5277 3128 5333 dehinc
3151 5293 3282 5332 eum
3315 5277 3415 5348 qui
3447 5282 3758 5333 accusator

2107 5367 2421 5434 ferebatur,
2458 5383 2831 5439 nequaquam
2865 5367 3265 5438 presbyterum
3311 5381 3440 5420 esse
3473 5365 3755 5437 planissi-

2109 5474 2271 5513 mum
2305 5457 2550 5513 fecimus
2583 5457 2690 5512 hoc
2721 5460 3086 5528 argumento.
3107 5454 3346 5522 Quando
3379 5455 3452 5510 ad
3484 5455 3755 5512 Ecclesia

2178 5691 2288 5818 (itS)
2315 5690 2398 5746 Ita
2437 5689 2577 5760 Reg.
2629 5689 2779 5746 Editi
2823 5691 3041 5756 autem,
3093 5683 3526 5756 ἐπιστέλλεσθαι,
3555 5687 3749 5746 minus

2178 5779 2202 5818 c
2232 5778 2280 5818 e.

2107 5778 2259 5819 recte
2268 5803 2280 5815 .
