  <div class='ocr_page' id='page_1' title='image "/cluster/home/n/w/nwhite01/storage/ocr_20150623/25:no.1/coo.31924054873066/482.png"; bbox 0 0 4152 6390; ppageno 0'>
   <div class='ocr_carea' id='block_1_1' title="bbox 384 387 499 446">
    <p class='ocr_par' dir='ltr' id='par_1_1' title="bbox 384 387 499 446">
     <span class='ocr_line' id='line_1_1' title="bbox 384 387 499 446; baseline -0.009 0"><span class='ocrx_word' id='word_1_1' title='bbox 384 387 499 446; x_wconf 83' lang='grc'><strong>377</strong></span> 
     </span>
    </p>
   </div>
   <div class='ocr_carea' id='block_1_2' title="bbox 1503 382 2676 445">
    <p class='ocr_par' dir='ltr' id='par_1_2' title="bbox 1503 382 2676 445">
     <span class='ocr_line' id='line_1_2' title="bbox 1503 382 2676 445; baseline 0 -3"><span class='ocrx_word' id='word_1_2' title='bbox 1503 382 1900 443; x_wconf 83' lang='lat' dir='ltr'>APOLOGIA</span> <span class='ocrx_word' id='word_1_3' title='bbox 1943 382 2253 441; x_wconf 75' lang='lat' dir='ltr'>CONTRA</span> <span class='ocrx_word' id='word_1_4' title='bbox 2305 388 2344 442; x_wconf 83' lang='lat' dir='ltr'><strong>A</strong></span> <span class='ocrx_word' id='word_1_5' title='bbox 2365 386 2648 445; x_wconf 83' lang='lat' dir='ltr'>ltlANUS</span> <span class='ocrx_word' id='word_1_6' title='bbox 2663 430 2676 442; x_wconf 92' lang='lat'>.</span> 
     </span>
    </p>
   </div>
   <div class='ocr_carea' id='block_1_3' title="bbox 3683 392 3800 452">
    <p class='ocr_par' dir='ltr' id='par_1_3' title="bbox 3683 392 3800 452">
     <span class='ocr_line' id='line_1_3' title="bbox 3683 392 3800 452; baseline 0.009 -1"><span class='ocrx_word' id='word_1_7' title='bbox 3683 392 3800 452; x_wconf 81' lang='lat'>3&#39;18</span> 
     </span>
    </p>
   </div>
   <div class='ocr_carea' id='block_1_4' title="bbox 385 506 2039 590">
    <p class='ocr_par' dir='ltr' id='par_1_4' title="bbox 385 509 2029 590">
     <span class='ocr_line' id='line_1_4' title="bbox 385 509 2029 590; baseline -0.003 -20"><span class='ocrx_word' id='word_1_8' title='bbox 385 538 494 578; x_wconf 84' lang='grc' dir='ltr'>νιος</span> <span class='ocrx_word' id='word_1_9' title='bbox 560 516 610 570; x_wconf 84' lang='grc' dir='ltr'>ἐν</span> <span class='ocrx_word' id='word_1_10' title='bbox 690 514 922 586; x_wconf 80' lang='grc' dir='ltr'>Μετῆλι,</span> <span class='ocrx_word' id='word_1_11' title='bbox 982 514 1349 590; x_wconf 82' lang='grc' dir='ltr'>Ἀγαθάμμων</span> <span class='ocrx_word' id='word_1_12' title='bbox 1410 513 1460 567; x_wconf 82' lang='grc' dir='ltr'>ἐν</span> <span class='ocrx_word' id='word_1_13' title='bbox 1514 517 1583 587; x_wconf 77' lang='grc' dir='ltr'>τῇ</span> <span class='ocrx_word' id='word_1_14' title='bbox 1639 509 2029 587; x_wconf 68' lang='grc' dir='ltr'>Ἀλεξανδρέων</span> 
     </span>
    </p>
   </div>
   <div class='ocr_carea' id='block_1_5' title="bbox 2158 506 3795 590">
    <p class='ocr_par' dir='ltr' id='par_1_5' title="bbox 2158 506 3795 588">
     <span class='ocr_line' id='line_1_5' title="bbox 2158 506 3795 588; baseline 0.007 -20"><span class='ocrx_word' id='word_1_15' title='bbox 2158 514 2361 585; x_wconf 75' lang='lat' dir='ltr'>Meteli,</span> <span class='ocrx_word' id='word_1_16' title='bbox 2393 506 2824 588; x_wconf 82' lang='lat' dir='ltr'>Agathammon</span> <span class='ocrx_word' id='word_1_17' title='bbox 2884 519 2941 573; x_wconf 90' lang='lat' dir='ltr'>iu</span> <span class='ocrx_word' id='word_1_18' title='bbox 2997 519 3526 579; x_wconf 83' lang='lat' dir='ltr'>Alexandrinorum</span> <span class='ocrx_word' id='word_1_19' title='bbox 3558 525 3795 580; x_wconf 89' lang='lat' dir='ltr'>territo-</span> 
     </span>
    </p>
   </div>
   <div class='ocr_carea' id='block_1_6' title="bbox 386 607 564 680">
    <p class='ocr_par' dir='ltr' id='par_1_6' title="bbox 386 607 564 680">
     <span class='ocr_line' id='line_1_6' title="bbox 386 607 564 680; baseline -0.022 1"><span class='ocrx_word' id='word_1_20' title='bbox 386 607 564 680; x_wconf 73' lang='grc' dir='ltr'>χώρᾳο</span> 
     </span>
    </p>
   </div>
   <div class='ocr_carea' id='block_1_7' title="bbox 458 691 2037 769">
    <p class='ocr_par' dir='ltr' id='par_1_7' title="bbox 458 691 2037 769">
     <span class='ocr_line' id='line_1_7' title="bbox 458 691 2037 769; baseline -0.003 -21"><span class='ocrx_word' id='word_1_21' title='bbox 458 695 543 748; x_wconf 76' lang='grc' dir='ltr'>Ἐν</span> <span class='ocrx_word' id='word_1_22' title='bbox 576 693 762 769; x_wconf 79' lang='grc' dir='ltr'>Μέμφι</span> <span class='ocrx_word' id='word_1_23' title='bbox 823 693 1073 763; x_wconf 80' lang='grc' dir='ltr'>Ἰωάννης</span> <span class='ocrx_word' id='word_1_24' title='bbox 1152 691 1458 752; x_wconf 77' lang='grc' dir='ltr'>κελευσθεὶς</span> <span class='ocrx_word' id='word_1_25' title='bbox 1537 691 1680 767; x_wconf 72' lang='grc' dir='ltr'>παρὰ</span> <span class='ocrx_word' id='word_1_26' title='bbox 1734 695 1829 745; x_wconf 65' lang='grc' dir='ltr'>τοῦ</span> <span class='ocrx_word' id='word_1_27' title='bbox 1881 691 2037 764; x_wconf 89' lang='grc' dir='ltr'>βασι-</span> 
     </span>
    </p>
   </div>
   <div class='ocr_carea' id='block_1_8' title="bbox 387 779 2034 857">
    <p class='ocr_par' dir='ltr' id='par_1_8' title="bbox 387 779 2034 857">
     <span class='ocr_line' id='line_1_8' title="bbox 387 779 2034 857; baseline -0.004 -19"><span class='ocrx_word' id='word_1_28' title='bbox 387 783 524 845; x_wconf 89' lang='grc' dir='ltr'>λέως</span> <span class='ocrx_word' id='word_1_29' title='bbox 552 783 684 838; x_wconf 81' lang='grc' dir='ltr'>εἶναι</span> <span class='ocrx_word' id='word_1_30' title='bbox 718 785 852 856; x_wconf 85' lang='grc' dir='ltr'>μετά</span> <span class='ocrx_word' id='word_1_31' title='bbox 902 787 995 837; x_wconf 71' lang='grc' dir='ltr'>τοῦ</span> <span class='ocrx_word' id='word_1_32' title='bbox 1046 781 1502 857; x_wconf 82' lang='grc' dir='ltr'>ἀρχιεπισκόπου.</span> <span class='ocrx_word' id='word_1_33' title='bbox 1537 782 1599 834; x_wconf 73' lang='lat' dir='ltr'>Oi</span> <span class='ocrx_word' id='word_1_34' title='bbox 1629 780 1721 852; x_wconf 70' lang='grc' dir='ltr'>μὲν</span> <span class='ocrx_word' id='word_1_35' title='bbox 1770 780 1819 834; x_wconf 84' lang='grc' dir='ltr'>ἐν</span> <span class='ocrx_word' id='word_1_36' title='bbox 1869 779 2034 853; x_wconf 84' lang='grc' dir='ltr'>Αἰγύ-</span> 
     </span>
    </p>
   </div>
   <div class='ocr_carea' id='block_1_9' title="bbox 386 893 710 944">
    <p class='ocr_par' dir='ltr' id='par_1_9' title="bbox 386 893 710 944">
     <span class='ocr_line' id='line_1_9' title="bbox 386 893 710 944; baseline 0 -17"><span class='ocrx_word' id='word_1_37' title='bbox 386 893 505 944; x_wconf 87' lang='grc' dir='ltr'>πτῳ</span> <span class='ocrx_word' id='word_1_38' title='bbox 537 893 710 927; x_wconf 89' lang='grc' dir='ltr'>ουτοι.</span> 
     </span>
    </p>
   </div>
   <div class='ocr_carea' id='block_1_10' title="bbox 455 957 2037 1036">
    <p class='ocr_par' dir='ltr' id='par_1_10' title="bbox 455 957 2037 1036">
     <span class='ocr_line' id='line_1_10' title="bbox 455 957 2037 1036; baseline -0.003 -21"><span class='ocrx_word' id='word_1_39' title='bbox 455 966 570 1016; x_wconf 84' lang='grc' dir='ltr'>Τῶν</span> <span class='ocrx_word' id='word_1_40' title='bbox 620 959 677 1016; x_wconf 75' lang='grc' dir='ltr'>δὲ</span> <span class='ocrx_word' id='word_1_41' title='bbox 724 961 774 1015; x_wconf 82' lang='grc' dir='ltr'>ἐν</span> <span class='ocrx_word' id='word_1_42' title='bbox 827 957 1208 1036; x_wconf 71' lang='grc' dir='ltr'>Ἀλεξανδρείᾳ</span> <span class='ocrx_word' id='word_1_43' title='bbox 1256 959 1372 1034; x_wconf 73' lang='grc' dir='ltr'>εἶχε</span> <span class='ocrx_word' id='word_1_44' title='bbox 1420 958 1700 1035; x_wconf 79' lang='grc' dir='ltr'>κληρικῶν</span> <span class='ocrx_word' id='word_1_45' title='bbox 1745 957 2037 1013; x_wconf 84' lang='grc' dir='ltr'>Ἀπολλώ-</span> 
     </span>
    </p>
   </div>
   <div class='ocr_carea' id='block_1_11' title="bbox 383 1042 2038 1126">
    <p class='ocr_par' dir='ltr' id='par_1_11' title="bbox 383 1042 2038 1126">
     <span class='ocr_line' id='line_1_11' title="bbox 383 1042 2038 1126; baseline -0.003 -22"><span class='ocrx_word' id='word_1_46' title='bbox 383 1071 496 1112; x_wconf 93' lang='grc' dir='ltr'>νιος</span> <span class='ocrx_word' id='word_1_47' title='bbox 545 1044 926 1126; x_wconf 73' lang='grc' dir='ltr'>πρεσϐύτερος,</span> <span class='ocrx_word' id='word_1_48' title='bbox 973 1048 1279 1123; x_wconf 85' lang='grc' dir='ltr'>Ἐἰρηναῖος</span> <span class='ocrx_word' id='word_1_49' title='bbox 1331 1042 1700 1124; x_wconf 72' lang='grc' dir='ltr'>ύρεσϐύτερος,</span> <span class='ocrx_word' id='word_1_50' title='bbox 1747 1046 2038 1122; x_wconf 86' lang='grc' dir='ltr'>Διόσκορος</span> 
     </span>
    </p>
   </div>
   <div class='ocr_carea' id='block_1_12' title="bbox 386 1133 1472 1216">
    <p class='ocr_par' dir='ltr' id='par_1_12' title="bbox 386 1133 1472 1216">
     <span class='ocr_line' id='line_1_12' title="bbox 386 1133 1472 1216; baseline -0.002 -23"><span class='ocrx_word' id='word_1_51' title='bbox 386 1135 766 1216; x_wconf 78' lang='grc' dir='ltr'>πρεσϐύτερος,</span> <span class='ocrx_word' id='word_1_52' title='bbox 800 1139 1064 1214; x_wconf 80' lang='grc' dir='ltr'>Τύραννος</span> <span class='ocrx_word' id='word_1_53' title='bbox 1091 1133 1472 1214; x_wconf 76' lang='grc' dir='ltr'>πρεσϐύτερος.</span> 
     </span>
    </p>
   </div>
   <div class='ocr_carea' id='block_1_13' title="bbox 457 1223 2041 1300">
    <p class='ocr_par' dir='ltr' id='par_1_13' title="bbox 457 1223 2041 1300">
     <span class='ocr_line' id='line_1_13' title="bbox 457 1223 2041 1300; baseline -0.003 -17"><span class='ocrx_word' id='word_1_54' title='bbox 457 1227 725 1300; x_wconf 84' lang='grc' dir='ltr'>Διάκονοι,</span> <span class='ocrx_word' id='word_1_55' title='bbox 791 1227 1054 1300; x_wconf 86' lang='grc' dir='ltr'>Τιμόθεος</span> <span class='ocrx_word' id='word_1_56' title='bbox 1118 1225 1384 1297; x_wconf 85' lang='grc' dir='ltr'>διάκονος,</span> <span class='ocrx_word' id='word_1_57' title='bbox 1437 1225 1709 1287; x_wconf 87' lang='grc' dir='ltr'>Ἀντίνοος</span> <span class='ocrx_word' id='word_1_58' title='bbox 1758 1228 1869 1298; x_wconf 80' lang='lat'>(‘25)</span> <span class='ocrx_word' id='word_1_59' title='bbox 1924 1223 2041 1279; x_wconf 78' lang='grc' dir='ltr'>διά-</span> 
     </span>
    </p>
   </div>
   <div class='ocr_carea' id='block_1_14' title="bbox 384 1309 2039 1395">
    <p class='ocr_par' dir='ltr' id='par_1_14' title="bbox 384 1309 2039 1395">
     <span class='ocr_line' id='line_1_14' title="bbox 384 1309 2039 1395; baseline -0.002 -23"><span class='ocrx_word' id='word_1_60' title='bbox 384 1338 557 1389; x_wconf 85' lang='grc' dir='ltr'>κονος,</span> <span class='ocrx_word' id='word_1_61' title='bbox 600 1316 923 1395; x_wconf 79' lang='grc' dir='ltr'>Ἡφαιστίων</span> <span class='ocrx_word' id='word_1_62' title='bbox 969 1314 1235 1387; x_wconf 79' lang='grc' dir='ltr'>διάκονος,</span> <span class='ocrx_word' id='word_1_63' title='bbox 1283 1316 1370 1370; x_wconf 80' lang='grc' dir='ltr'>καὶ</span> <span class='ocrx_word' id='word_1_64' title='bbox 1422 1315 1696 1391; x_wconf 74' lang='grc' dir='ltr'>Μακάριος</span> <span class='ocrx_word' id='word_1_65' title='bbox 1745 1309 2039 1390; x_wconf 72' lang='grc' dir='ltr'>πρεσϐύτε-</span> 
     </span>
    </p>
   </div>
   <div class='ocr_carea' id='block_1_15' title="bbox 386 1401 1024 1482">
    <p class='ocr_par' dir='ltr' id='par_1_15' title="bbox 386 1401 1024 1482">
     <span class='ocr_line' id='line_1_15' title="bbox 386 1401 1024 1482; baseline 0 -21"><span class='ocrx_word' id='word_1_66' title='bbox 386 1427 477 1480; x_wconf 89' lang='grc' dir='ltr'>ρος</span> <span class='ocrx_word' id='word_1_67' title='bbox 503 1414 603 1476; x_wconf 83' lang='grc' dir='ltr'>τῆς</span> <span class='ocrx_word' id='word_1_68' title='bbox 633 1401 1024 1482; x_wconf 79' lang='grc' dir='ltr'>Παρεμϐολῆς.</span> 
     </span>
    </p>
   </div>
   <div class='ocr_carea' id='block_1_16' title="bbox 453 1493 1646 1570">
    <p class='ocr_par' dir='ltr' id='par_1_16' title="bbox 453 1493 1646 1570">
     <span class='ocr_line' id='line_1_16' title="bbox 453 1493 1646 1570; baseline -0.002 -20"><span class='ocrx_word' id='word_1_69' title='bbox 453 1499 544 1552; x_wconf 86' lang='grc'>72.</span> <span class='ocrx_word' id='word_1_70' title='bbox 576 1494 808 1556; x_wconf 89' lang='grc' dir='ltr'>Τούτους</span> <span class='ocrx_word' id='word_1_71' title='bbox 885 1494 1139 1555; x_wconf 88' lang='grc' dir='ltr'>Μελίτιος</span> <span class='ocrx_word' id='word_1_72' title='bbox 1214 1494 1303 1548; x_wconf 85' lang='grc' dir='ltr'>καὶ</span> <span class='ocrx_word' id='word_1_73' title='bbox 1376 1493 1646 1570; x_wconf 84' lang='grc' dir='ltr'>παρόντας</span> 
     </span>
    </p>
   </div>
   <div class='ocr_carea' id='block_1_17' title="bbox 384 1581 2041 1660">
    <p class='ocr_par' dir='ltr' id='par_1_17' title="bbox 384 1581 2041 1660">
     <span class='ocr_line' id='line_1_17' title="bbox 384 1581 2041 1660; baseline -0.003 -20"><span class='ocrx_word' id='word_1_74' title='bbox 384 1581 724 1660; x_wconf 82' lang='grc' dir='ltr'>Ἀλεξάνδρῳ</span> <span class='ocrx_word' id='word_1_75' title='bbox 753 1588 832 1655; x_wconf 82' lang='grc' dir='ltr'>τῷ</span> <span class='ocrx_word' id='word_1_76' title='bbox 875 1583 1175 1655; x_wconf 80' lang='grc' dir='ltr'>ἐπισκόπῳ.</span> <span class='ocrx_word' id='word_1_77' title='bbox 1209 1587 1314 1637; x_wconf 80' lang='grc' dir='ltr'>Τοῦ</span> <span class='ocrx_word' id='word_1_78' title='bbox 1363 1581 1419 1638; x_wconf 73' lang='grc' dir='ltr'>δέ</span> <span class='ocrx_word' id='word_1_79' title='bbox 1465 1581 1763 1659; x_wconf 70' lang='grc' dir='ltr'>λεγομένου</span> <span class='ocrx_word' id='word_1_80' title='bbox 1820 1583 2041 1658; x_wconf 78' lang='grc' dir='ltr'>’ἰσχύρα</span> 
     </span>
    </p>
   </div>
   <div class='ocr_carea' id='block_1_18' title="bbox 385 1669 2041 1746">
    <p class='ocr_par' dir='ltr' id='par_1_18' title="bbox 385 1669 2041 1746">
     <span class='ocr_line' id='line_1_18' title="bbox 385 1669 2041 1746; baseline -0.001 -20"><span class='ocrx_word' id='word_1_81' title='bbox 385 1670 498 1727; x_wconf 69' lang='grc' dir='ltr'>οὔτ’</span> <span class='ocrx_word' id='word_1_82' title='bbox 528 1672 950 1746; x_wconf 77' lang='grc' dir='ltr'>ἐμνημόνευσεν,</span> <span class='ocrx_word' id='word_1_83' title='bbox 986 1669 1110 1727; x_wconf 65' lang='grc' dir='ltr'>οὔτε</span> <span class='ocrx_word' id='word_1_84' title='bbox 1140 1671 1285 1733; x_wconf 74' lang='grc' dir='ltr'>ὅλως</span> <span class='ocrx_word' id='word_1_85' title='bbox 1336 1672 1386 1726; x_wconf 84' lang='grc' dir='ltr'>ἐν</span> <span class='ocrx_word' id='word_1_86' title='bbox 1436 1677 1516 1743; x_wconf 76' lang='grc' dir='ltr'>τῷ</span> <span class='ocrx_word' id='word_1_87' title='bbox 1563 1672 1827 1746; x_wconf 81' lang='grc' dir='ltr'>Μαρεώτῃ</span> <span class='ocrx_word' id='word_1_88' title='bbox 1876 1670 2041 1745; x_wconf 80' lang='grc' dir='ltr'>ἐσχη-</span> 
     </span>
    </p>
   </div>
   <div class='ocr_carea' id='block_1_19' title="bbox 384 1759 2038 1837">
    <p class='ocr_par' dir='ltr' id='par_1_19' title="bbox 384 1759 2038 1837">
     <span class='ocr_line' id='line_1_19' title="bbox 384 1759 2038 1837; baseline -0.002 -21"><span class='ocrx_word' id='word_1_89' title='bbox 384 1760 532 1816; x_wconf 88' lang='grc' dir='ltr'>κέναι</span> <span class='ocrx_word' id='word_1_90' title='bbox 580 1763 803 1816; x_wconf 85' lang='grc' dir='ltr'>πώποτε</span> <span class='ocrx_word' id='word_1_91' title='bbox 847 1760 1216 1837; x_wconf 87' lang='grc' dir='ltr'>ὡμολόγησε·</span> <span class='ocrx_word' id='word_1_92' title='bbox 1265 1761 1354 1814; x_wconf 85' lang='grc' dir='ltr'>καὶ</span> <span class='ocrx_word' id='word_1_93' title='bbox 1406 1759 1558 1832; x_wconf 82' lang='grc' dir='ltr'>ὅμως</span> <span class='ocrx_word' id='word_1_94' title='bbox 1605 1760 1692 1814; x_wconf 81' lang='grc' dir='ltr'>καὶ</span> <span class='ocrx_word' id='word_1_95' title='bbox 1743 1761 1795 1813; x_wconf 77' lang='grc' dir='ltr'>οἱ</span> <span class='ocrx_word' id='word_1_96' title='bbox 1850 1759 2038 1834; x_wconf 78' lang='grc' dir='ltr'>ἐχθροὶ</span> 
     </span>
    </p>
   </div>
   <div class='ocr_carea' id='block_1_20' title="bbox 1733 1491 2040 1568">
    <p class='ocr_par' dir='ltr' id='par_1_20' title="bbox 1733 1491 2040 1568">
     <span class='ocr_line' id='line_1_20' title="bbox 1733 1491 2040 1568; baseline 0 -21"><span class='ocrx_word' id='word_1_97' title='bbox 1733 1491 2040 1568; x_wconf 87' lang='grc' dir='ltr'>παρέδωκεν</span> 
     </span>
    </p>
   </div>
   <div class='ocr_carea' id='block_1_21' title="bbox 385 1843 2118 1951">
    <p class='ocr_par' dir='ltr' id='par_1_21' title="bbox 385 1843 2118 1951">
     <span class='ocr_line' id='line_1_21' title="bbox 385 1843 2118 1951; baseline -0.002 -46"><span class='ocrx_word' id='word_1_98' title='bbox 385 1849 485 1904; x_wconf 75' lang='grc' dir='ltr'>οὐκ</span> <span class='ocrx_word' id='word_1_99' title='bbox 532 1851 841 1928; x_wconf 80' lang='grc' dir='ltr'>ἀφίσταντο,</span> <span class='ocrx_word' id='word_1_100' title='bbox 892 1851 981 1904; x_wconf 82' lang='grc' dir='ltr'>καὶ</span> <span class='ocrx_word' id='word_1_101' title='bbox 1037 1851 1065 1903; x_wconf 85' lang='grc' dir='ltr'>ὁ</span> <span class='ocrx_word' id='word_1_102' title='bbox 1119 1851 1194 1922; x_wconf 77' lang='grc' dir='ltr'>μὴ</span> <span class='ocrx_word' id='word_1_103' title='bbox 1251 1844 1610 1924; x_wconf 75' lang='grc' dir='ltr'>πρεσϐύτερος</span> <span class='ocrx_word' id='word_1_104' title='bbox 1669 1848 1742 1910; x_wconf 85' lang='grc' dir='ltr'>ὡς</span> <span class='ocrx_word' id='word_1_105' title='bbox 1807 1843 2118 1951; x_wconf 73' lang='grc' dir='ltr'>πρεσϐύ-Β</span> 
     </span>
    </p>
   </div>
   <div class='ocr_carea' id='block_1_22' title="bbox 381 1936 2034 2014">
    <p class='ocr_par' dir='ltr' id='par_1_22' title="bbox 381 1936 2034 2014">
     <span class='ocr_line' id='line_1_22' title="bbox 381 1936 2034 2014; baseline -0.002 -20"><span class='ocrx_word' id='word_1_106' title='bbox 381 1959 536 2014; x_wconf 86' lang='grc' dir='ltr'>τερος</span> <span class='ocrx_word' id='word_1_107' title='bbox 583 1938 876 1994; x_wconf 78' lang='grc' dir='ltr'>ἐπλάττετο</span> <span class='ocrx_word' id='word_1_108' title='bbox 909 1961 919 1972; x_wconf 91' lang='grc'>·</span> <span class='ocrx_word' id='word_1_109' title='bbox 971 1937 1150 2011; x_wconf 85' lang='grc' dir='ltr'>κόμης</span> <span class='ocrx_word' id='word_1_110' title='bbox 1195 1939 1296 2012; x_wconf 78' lang='grc' dir='ltr'>γὰρ</span> <span class='ocrx_word' id='word_1_111' title='bbox 1345 1938 1410 2005; x_wconf 84' lang='grc' dir='ltr'>ἧν</span> <span class='ocrx_word' id='word_1_112' title='bbox 1469 1938 1496 1990; x_wconf 86' lang='grc' dir='ltr'>ὁ</span> <span class='ocrx_word' id='word_1_113' title='bbox 1544 1938 1655 2010; x_wconf 84' lang='lat'>(&#39;26)</span> <span class='ocrx_word' id='word_1_114' title='bbox 1703 1936 2034 2012; x_wconf 79' lang='grc' dir='ltr'>ἀναγκάζων,</span> 
     </span>
    </p>
   </div>
   <div class='ocr_carea' id='block_1_23' title="bbox 382 2025 2039 2103">
    <p class='ocr_par' dir='ltr' id='par_1_23' title="bbox 382 2025 2039 2103">
     <span class='ocr_line' id='line_1_23' title="bbox 382 2025 2039 2103; baseline -0.002 -21"><span class='ocrx_word' id='word_1_115' title='bbox 382 2028 471 2083; x_wconf 82' lang='grc' dir='ltr'>καὶ</span> <span class='ocrx_word' id='word_1_116' title='bbox 522 2031 847 2103; x_wconf 89' lang='grc' dir='ltr'>στρατιῶται</span> <span class='ocrx_word' id='word_1_117' title='bbox 897 2025 1076 2081; x_wconf 76' lang='grc' dir='ltr'>εἷλκον</span> <span class='ocrx_word' id='word_1_118' title='bbox 1127 2029 1294 2098; x_wconf 78' lang='grc' dir='ltr'>ἡμᾶς.</span> <span class='ocrx_word' id='word_1_119' title='bbox 1325 2025 1500 2082; x_wconf 75' lang='grc' dir='ltr'>Ἀλλὰ</span> <span class='ocrx_word' id='word_1_120' title='bbox 1546 2027 1633 2080; x_wconf 78' lang='grc' dir='ltr'>καὶ</span> <span class='ocrx_word' id='word_1_121' title='bbox 1676 2025 1846 2086; x_wconf 70' lang='grc' dir='ltr'>οὕτως</span> <span class='ocrx_word' id='word_1_122' title='bbox 1877 2029 1912 2094; x_wconf 80' lang='grc' dir='ltr'><strong>ἡ</strong></span> <span class='ocrx_word' id='word_1_123' title='bbox 1941 2025 2039 2100; x_wconf 70' lang='grc' dir='ltr'>χά-</span> 
     </span>
    </p>
   </div>
   <div class='ocr_carea' id='block_1_24' title="bbox 384 2111 2037 2193">
    <p class='ocr_par' dir='ltr' id='par_1_24' title="bbox 384 2111 2037 2193">
     <span class='ocr_line' id='line_1_24' title="bbox 384 2111 2037 2193; baseline -0.001 -23"><span class='ocrx_word' id='word_1_124' title='bbox 384 2137 465 2193; x_wconf 89' lang='grc' dir='ltr'>ρις</span> <span class='ocrx_word' id='word_1_125' title='bbox 492 2121 588 2171; x_wconf 78' lang='grc' dir='ltr'>τοῦ</span> <span class='ocrx_word' id='word_1_126' title='bbox 620 2119 753 2171; x_wconf 71' lang='grc' dir='ltr'>Θεοῦ</span> <span class='ocrx_word' id='word_1_127' title='bbox 783 2115 1054 2186; x_wconf 81' lang='grc' dir='ltr'>νενίκηκεν</span> <span class='ocrx_word' id='word_1_128' title='bbox 1084 2137 1096 2149; x_wconf 75' lang='grc' dir='ltr'><strong>ο</strong></span> <span class='ocrx_word' id='word_1_129' title='bbox 1156 2111 1279 2169; x_wconf 69' lang='grc' dir='ltr'>οὔτε</span> <span class='ocrx_word' id='word_1_130' title='bbox 1333 2116 1434 2190; x_wconf 76' lang='grc' dir='ltr'>γὰρ</span> <span class='ocrx_word' id='word_1_131' title='bbox 1484 2114 1757 2190; x_wconf 76' lang='grc' dir='ltr'>Μακάριόν</span> <span class='ocrx_word' id='word_1_132' title='bbox 1803 2112 2037 2187; x_wconf 68' lang='grc' dir='ltr'>’ἤλεγξαν</span> 
     </span>
    </p>
   </div>
   <div class='ocr_carea' id='block_1_25' title="bbox 381 2201 2038 2280">
    <p class='ocr_par' dir='ltr' id='par_1_25' title="bbox 381 2201 2038 2280">
     <span class='ocr_line' id='line_1_25' title="bbox 381 2201 2038 2280; baseline -0.001 -22"><span class='ocrx_word' id='word_1_133' title='bbox 381 2204 505 2280; x_wconf 81' lang='grc' dir='ltr'>περὶ</span> <span class='ocrx_word' id='word_1_134' title='bbox 533 2208 629 2259; x_wconf 73' lang='grc' dir='ltr'>τοῦ</span> <span class='ocrx_word' id='word_1_135' title='bbox 660 2203 927 2280; x_wconf 81' lang='grc' dir='ltr'>ποτηρίου</span> <span class='ocrx_word' id='word_1_136' title='bbox 956 2225 967 2237; x_wconf 93' lang='grc'><strong>·</strong></span> <span class='ocrx_word' id='word_1_137' title='bbox 1003 2202 1149 2258; x_wconf 81' lang='grc' dir='ltr'>ἀλλὰ</span> <span class='ocrx_word' id='word_1_138' title='bbox 1191 2203 1281 2256; x_wconf 84' lang='grc' dir='ltr'>καὶ</span> <span class='ocrx_word' id='word_1_139' title='bbox 1331 2202 1625 2278; x_wconf 87' lang='grc' dir='ltr'>Ἀρσένιος,</span> <span class='ocrx_word' id='word_1_140' title='bbox 1654 2203 1711 2256; x_wconf 74' lang='grc' dir='ltr'>ὃν</span> <span class='ocrx_word' id='word_1_141' title='bbox 1766 2201 2038 2277; x_wconf 85' lang='grc' dir='ltr'>ἐθρύλλη-</span> 
     </span>
    </p>
   </div>
   <div class='ocr_carea' id='block_1_26' title="bbox 385 2289 2036 2368">
    <p class='ocr_par' dir='ltr' id='par_1_26' title="bbox 385 2289 2036 2368">
     <span class='ocr_line' id='line_1_26' title="bbox 385 2289 2036 2368; baseline -0.001 -22"><span class='ocrx_word' id='word_1_142' title='bbox 385 2314 476 2347; x_wconf 90' lang='grc' dir='ltr'>σαν</span> <span class='ocrx_word' id='word_1_143' title='bbox 514 2294 809 2368; x_wconf 75' lang='grc' dir='ltr'>ἀνῃρῆσθαι</span> <span class='ocrx_word' id='word_1_144' title='bbox 843 2293 968 2368; x_wconf 86' lang='grc' dir='ltr'>παρ’</span> <span class='ocrx_word' id='word_1_145' title='bbox 996 2295 1178 2365; x_wconf 83' lang='grc' dir='ltr'>ἡμῶν,</span> <span class='ocrx_word' id='word_1_146' title='bbox 1208 2291 1445 2361; x_wconf 79' lang='grc' dir='ltr'>εἱστήκει</span> <span class='ocrx_word' id='word_1_147' title='bbox 1497 2296 1599 2360; x_wconf 87' lang='grc' dir='ltr'>ζῶν</span> <span class='ocrx_word' id='word_1_148' title='bbox 1641 2291 1729 2345; x_wconf 84' lang='grc' dir='ltr'>καὶ</span> <span class='ocrx_word' id='word_1_149' title='bbox 1781 2289 2036 2346; x_wconf 79' lang='grc' dir='ltr'>δεικνύων</span> 
     </span>
    </p>
   </div>
   <div class='ocr_carea' id='block_1_27' title="bbox 380 2380 1374 2458">
    <p class='ocr_par' dir='ltr' id='par_1_27' title="bbox 380 2380 1374 2458">
     <span class='ocr_line' id='line_1_27' title="bbox 380 2380 1374 2458; baseline 0 -24"><span class='ocrx_word' id='word_1_150' title='bbox 380 2383 480 2450; x_wconf 79' lang='grc' dir='ltr'>τὴν</span> <span class='ocrx_word' id='word_1_151' title='bbox 556 2380 770 2435; x_wconf 83' lang='grc' dir='ltr'>ἐκείνων</span> <span class='ocrx_word' id='word_1_152' title='bbox 854 2380 1230 2458; x_wconf 78' lang='grc' dir='ltr'>συκοφαντίαν.</span> <span class='ocrx_word' id='word_1_153' title='bbox 1285 2381 1374 2448; x_wconf 76' lang='grc' dir='ltr'>Μὴ</span> 
     </span>
    </p>
   </div>
   <div class='ocr_carea' id='block_1_28' title="bbox 383 2462 2037 2545">
    <p class='ocr_par' dir='ltr' id='par_1_28' title="bbox 383 2462 2037 2545">
     <span class='ocr_line' id='line_1_28' title="bbox 383 2462 2037 2545; baseline -0.004 -21"><span class='ocrx_word' id='word_1_154' title='bbox 383 2469 600 2525; x_wconf 80' lang='grc' dir='ltr'>ἐκείνων</span> <span class='ocrx_word' id='word_1_155' title='bbox 635 2467 843 2545; x_wconf 79' lang='grc' dir='ltr'>ἐλέγξαι</span> <span class='ocrx_word' id='word_1_156' title='bbox 873 2469 962 2523; x_wconf 89' lang='grc' dir='ltr'>τὸν</span> <span class='ocrx_word' id='word_1_157' title='bbox 996 2468 1294 2544; x_wconf 79' lang='grc' dir='ltr'>Μακάριον,</span> <span class='ocrx_word' id='word_1_158' title='bbox 1328 2469 1380 2521; x_wconf 75' lang='grc' dir='ltr'>οἱ</span> <span class='ocrx_word' id='word_1_159' title='bbox 1425 2469 1548 2543; x_wconf 82' lang='grc' dir='ltr'>περὶ</span> <span class='ocrx_word' id='word_1_160' title='bbox 1599 2462 1855 2521; x_wconf 77' lang='grc' dir='ltr'>Εὐσέϐιον</span> <span class='ocrx_word' id='word_1_161' title='bbox 1909 2467 2037 2542; x_wconf 84' lang='grc' dir='ltr'>ἐχα-</span> 
     </span>
    </p>
   </div>
   <div class='ocr_carea' id='block_1_29' title="bbox 386 2555 2040 2631">
    <p class='ocr_par' dir='ltr' id='par_1_29' title="bbox 386 2555 2040 2631">
     <span class='ocr_line' id='line_1_29' title="bbox 386 2555 2040 2631; baseline -0.002 -18"><span class='ocrx_word' id='word_1_162' title='bbox 386 2556 662 2628; x_wconf 87' lang='grc' dir='ltr'>λέπαινον,</span> <span class='ocrx_word' id='word_1_163' title='bbox 705 2557 778 2618; x_wconf 84' lang='grc' dir='ltr'>ὡς</span> <span class='ocrx_word' id='word_1_164' title='bbox 833 2555 1192 2618; x_wconf 84' lang='grc' dir='ltr'>ἀπολέσαντες</span> <span class='ocrx_word' id='word_1_165' title='bbox 1260 2556 1391 2630; x_wconf 82' lang='grc' dir='ltr'>ὅπερ</span> <span class='ocrx_word' id='word_1_166' title='bbox 1461 2555 1736 2631; x_wconf 73' lang='grc' dir='ltr'>ἐθήρευον,</span> <span class='ocrx_word' id='word_1_167' title='bbox 1786 2557 1874 2610; x_wconf 79' lang='grc' dir='ltr'>καὶ</span> <span class='ocrx_word' id='word_1_168' title='bbox 1928 2555 2040 2610; x_wconf 89' lang='grc' dir='ltr'>πεί-</span> 
     </span>
    </p>
   </div>
   <div class='ocr_carea' id='block_1_30' title="bbox 383 2643 2039 2718">
    <p class='ocr_par' dir='ltr' id='par_1_30' title="bbox 383 2643 2039 2718">
     <span class='ocr_line' id='line_1_30' title="bbox 383 2643 2039 2718; baseline -0.002 -18"><span class='ocrx_word' id='word_1_169' title='bbox 383 2649 534 2700; x_wconf 87' lang='grc' dir='ltr'>θουσι</span> <span class='ocrx_word' id='word_1_170' title='bbox 586 2647 678 2700; x_wconf 87' lang='grc' dir='ltr'>τὸν</span> <span class='ocrx_word' id='word_1_171' title='bbox 726 2644 946 2718; x_wconf 87' lang='grc' dir='ltr'>κόμητα</span> <span class='ocrx_word' id='word_1_172' title='bbox 997 2645 1088 2698; x_wconf 88' lang='grc' dir='ltr'>τὸν</span> <span class='ocrx_word' id='word_1_173' title='bbox 1139 2645 1230 2698; x_wconf 81' lang='grc' dir='ltr'>σὺν</span> <span class='ocrx_word' id='word_1_174' title='bbox 1289 2643 1470 2706; x_wconf 71' lang='grc' dir='ltr'>αὐτοῖς</span> <span class='ocrx_word' id='word_1_175' title='bbox 1523 2643 1822 2715; x_wconf 84' lang='grc' dir='ltr'>Διονύσιον,</span> <span class='ocrx_word' id='word_1_176' title='bbox 1848 2643 1920 2697; x_wconf 65' lang='grc' dir='ltr'>ἵν’</span> <span class='ocrx_word' id='word_1_177' title='bbox 1966 2645 2039 2705; x_wconf 85' lang='grc' dir='ltr'>εἰς</span> 
     </span>
    </p>
   </div>
   <div class='ocr_carea' id='block_1_31' title="bbox 1465 2377 2035 2450">
    <p class='ocr_par' dir='ltr' id='par_1_31' title="bbox 1465 2377 2035 2450">
     <span class='ocr_line' id='line_1_31' title="bbox 1465 2377 2035 2450; baseline 0.002 -17"><span class='ocrx_word' id='word_1_178' title='bbox 1465 2377 1792 2450; x_wconf 75' lang='grc' dir='ltr'>δυνηθέντων</span> <span class='ocrx_word' id='word_1_179' title='bbox 1859 2379 2035 2434; x_wconf 87' lang='grc' dir='ltr'>τοίνυν</span> 
     </span>
    </p>
   </div>
   <div class='ocr_carea' id='block_1_32' title="bbox 377 2731 2042 2810">
    <p class='ocr_par' dir='ltr' id='par_1_32' title="bbox 377 2731 2042 2810">
     <span class='ocr_line' id='line_1_32' title="bbox 377 2731 2042 2810; baseline -0.001 -22"><span class='ocrx_word' id='word_1_180' title='bbox 377 2734 469 2788; x_wconf 88' lang='grc' dir='ltr'>τὸν</span> <span class='ocrx_word' id='word_1_181' title='bbox 513 2734 812 2810; x_wconf 85' lang='grc' dir='ltr'>Μαρεώτην</span> <span class='ocrx_word' id='word_1_182' title='bbox 863 2733 1178 2807; x_wconf 78' lang='grc' dir='ltr'>ἀποστείλῃ,</span> <span class='ocrx_word' id='word_1_183' title='bbox 1217 2735 1292 2806; x_wconf 76' lang='grc' dir='ltr'>μὴ</span> <span class='ocrx_word' id='word_1_184' title='bbox 1349 2731 1450 2808; x_wconf 80' lang='grc' dir='ltr'>ἄρα</span> <span class='ocrx_word' id='word_1_185' title='bbox 1497 2756 1547 2788; x_wconf 91' lang='grc' dir='ltr'>τι</span> <span class='ocrx_word' id='word_1_186' title='bbox 1604 2732 1907 2803; x_wconf 79' lang='grc' dir='ltr'>δυνηθῶσιν</span> <span class='ocrx_word' id='word_1_187' title='bbox 1960 2733 2042 2787; x_wconf 77' lang='grc' dir='ltr'>εύ-</span> 
     </span>
    </p>
   </div>
   <div class='ocr_carea' id='block_1_33' title="bbox 381 2815 2037 2898">
    <p class='ocr_par' dir='ltr' id='par_1_33' title="bbox 381 2815 2037 2898">
     <span class='ocr_line' id='line_1_33' title="bbox 381 2815 2037 2898; baseline -0.001 -22"><span class='ocrx_word' id='word_1_188' title='bbox 381 2828 491 2898; x_wconf 82' lang='grc' dir='ltr'>ρεῖν</span> <span class='ocrx_word' id='word_1_189' title='bbox 523 2821 633 2876; x_wconf 83' lang='grc' dir='ltr'>ἐκεῖ</span> <span class='ocrx_word' id='word_1_190' title='bbox 661 2822 799 2877; x_wconf 84' lang='grc' dir='ltr'>κατὰ</span> <span class='ocrx_word' id='word_1_191' title='bbox 827 2825 924 2876; x_wconf 80' lang='grc' dir='ltr'>τοῦ</span> <span class='ocrx_word' id='word_1_192' title='bbox 953 2815 1323 2898; x_wconf 80' lang='grc' dir='ltr'>πρεσϐυτέρου</span> <span class='ocrx_word' id='word_1_193' title='bbox 1351 2842 1362 2855; x_wconf 78' lang='grc' dir='ltr'><strong>ο</strong></span> <span class='ocrx_word' id='word_1_194' title='bbox 1401 2820 1611 2894; x_wconf 78' lang='grc' dir='ltr'>μᾶλλον</span> <span class='ocrx_word' id='word_1_195' title='bbox 1648 2818 1706 2875; x_wconf 76' lang='grc' dir='ltr'>δὲ</span> <span class='ocrx_word' id='word_1_196' title='bbox 1730 2819 1822 2875; x_wconf 73' lang='grc' dir='ltr'>’ίνα</span> <span class='ocrx_word' id='word_1_197' title='bbox 1871 2820 2037 2875; x_wconf 86' lang='grc' dir='ltr'>ἀπελ-</span> 
     </span>
    </p>
   </div>
   <div class='ocr_carea' id='block_1_34' title="bbox 381 2908 2037 2985">
    <p class='ocr_par' dir='ltr' id='par_1_34' title="bbox 381 2908 2037 2985">
     <span class='ocr_line' id='line_1_34' title="bbox 381 2908 2037 2985; baseline -0.002 -20"><span class='ocrx_word' id='word_1_198' title='bbox 381 2910 558 2973; x_wconf 86' lang='grc' dir='ltr'>θόντες</span> <span class='ocrx_word' id='word_1_199' title='bbox 615 2910 969 2982; x_wconf 86' lang='grc' dir='ltr'>καττύσωσιν,</span> <span class='ocrx_word' id='word_1_200' title='bbox 1023 2909 1269 2965; x_wconf 84' lang='grc' dir='ltr'>ἀπόντων</span> <span class='ocrx_word' id='word_1_201' title='bbox 1331 2913 1513 2982; x_wconf 79' lang='grc' dir='ltr'>ἡμῶν,</span> <span class='ocrx_word' id='word_1_202' title='bbox 1570 2911 1643 2971; x_wconf 85' lang='grc' dir='ltr'>ὡς</span> <span class='ocrx_word' id='word_1_203' title='bbox 1705 2908 2037 2985; x_wconf 86' lang='grc' dir='ltr'>βούλονται·</span> 
     </span>
    </p>
   </div>
   <div class='ocr_carea' id='block_1_35' title="bbox 375 2996 2038 3075">
    <p class='ocr_par' dir='ltr' id='par_1_35' title="bbox 375 2996 2038 3075">
     <span class='ocr_line' id='line_1_35' title="bbox 375 2996 2038 3075; baseline -0.001 -21"><span class='ocrx_word' id='word_1_204' title='bbox 375 3004 540 3055; x_wconf 74' lang='grc' dir='ltr'>τοῦτο</span> <span class='ocrx_word' id='word_1_205' title='bbox 570 3001 671 3075; x_wconf 75' lang='grc' dir='ltr'>γὰρ</span> <span class='ocrx_word' id='word_1_206' title='bbox 721 3000 786 3069; x_wconf 74' lang='grc' dir='ltr'>ἦν</span> <span class='ocrx_word' id='word_1_207' title='bbox 836 3000 899 3053; x_wconf 90' lang='grc' dir='ltr'>τὸ</span> <span class='ocrx_word' id='word_1_208' title='bbox 949 2996 1386 3071; x_wconf 87' lang='grc' dir='ltr'>σπουδαζόμενον</span> <span class='ocrx_word' id='word_1_209' title='bbox 1439 2998 1642 3060; x_wconf 74' lang='grc' dir='ltr'>αὐτοῖς.</span> <span class='ocrx_word' id='word_1_210' title='bbox 1679 2998 1899 3070; x_wconf 82' lang='grc' dir='ltr'>Ἀμέλει</span> <span class='ocrx_word' id='word_1_211' title='bbox 1948 2997 2038 3052; x_wconf 91' lang='grc' dir='ltr'>λε-</span> 
     </span>
    </p>
   </div>
   <div class='ocr_carea' id='block_1_36' title="bbox 378 3087 2039 3164">
    <p class='ocr_par' dir='ltr' id='par_1_36' title="bbox 378 3087 2039 3164">
     <span class='ocr_line' id='line_1_36' title="bbox 378 3087 2039 3164; baseline -0.002 -20"><span class='ocrx_word' id='word_1_212' title='bbox 378 3087 584 3164; x_wconf 85' lang='grc' dir='ltr'>γόντων</span> <span class='ocrx_word' id='word_1_213' title='bbox 614 3090 776 3160; x_wconf 77' lang='grc' dir='ltr'>ἡμῶν</span> <span class='ocrx_word' id='word_1_214' title='bbox 807 3089 1065 3163; x_wconf 76' lang='grc' dir='ltr'>περιττὴν</span> <span class='ocrx_word' id='word_1_215' title='bbox 1104 3089 1197 3159; x_wconf 75' lang='grc' dir='ltr'>μὲν</span> <span class='ocrx_word' id='word_1_216' title='bbox 1232 3087 1365 3141; x_wconf 78' lang='grc' dir='ltr'>εἶναι</span> <span class='ocrx_word' id='word_1_217' title='bbox 1396 3088 1495 3156; x_wconf 78' lang='grc' dir='ltr'>τήν</span> <span class='ocrx_word' id='word_1_218' title='bbox 1553 3088 1626 3148; x_wconf 87' lang='grc' dir='ltr'>εἰς</span> <span class='ocrx_word' id='word_1_219' title='bbox 1671 3087 1760 3141; x_wconf 87' lang='grc' dir='ltr'>τὸν</span> <span class='ocrx_word' id='word_1_220' title='bbox 1811 3087 2039 3162; x_wconf 82' lang='grc' dir='ltr'>Μαρεώ-</span> 
     </span>
    </p>
   </div>
   <div class='ocr_carea' id='block_1_37' title="bbox 377 3174 2037 3252">
    <p class='ocr_par' dir='ltr' id='par_1_37' title="bbox 377 3174 2037 3252">
     <span class='ocr_line' id='line_1_37' title="bbox 377 3174 2037 3252; baseline -0.001 -21"><span class='ocrx_word' id='word_1_221' title='bbox 377 3199 476 3248; x_wconf 90' lang='grc' dir='ltr'>την</span> <span class='ocrx_word' id='word_1_222' title='bbox 512 3174 824 3248; x_wconf 82' lang='grc' dir='ltr'>ἀποδημίαν</span> <span class='ocrx_word' id='word_1_223' title='bbox 851 3198 863 3210; x_wconf 72' lang='grc' dir='ltr'><strong>ο</strong></span> <span class='ocrx_word' id='word_1_224' title='bbox 898 3175 931 3229; x_wconf 77' lang='grc' dir='ltr'>ἃ</span> <span class='ocrx_word' id='word_1_225' title='bbox 959 3177 1060 3252; x_wconf 75' lang='grc' dir='ltr'>γὰρ</span> <span class='ocrx_word' id='word_1_226' title='bbox 1106 3176 1164 3230; x_wconf 88' lang='grc' dir='ltr'>ἐκ</span> <span class='ocrx_word' id='word_1_227' title='bbox 1211 3174 1428 3231; x_wconf 75' lang='grc' dir='ltr'>πολλοῦ</span> <span class='ocrx_word' id='word_1_228' title='bbox 1478 3175 1683 3252; x_wconf 88' lang='grc' dir='ltr'>χρόνου</span> <span class='ocrx_word' id='word_1_229' title='bbox 1734 3175 2037 3248; x_wconf 78' lang='grc' dir='ltr'>μεμελετή-</span> 
     </span>
    </p>
   </div>
   <div class='ocr_carea' id='block_1_38' title="bbox 2148 620 2255 658">
    <p class='ocr_par' dir='ltr' id='par_1_38' title="bbox 2148 620 2255 658">
     <span class='ocr_line' id='line_1_38' title="bbox 2148 620 2255 658; baseline 0.019 -2"><span class='ocrx_word' id='word_1_230' title='bbox 2148 620 2255 658; x_wconf 87' lang='grc' dir='ltr'>ΓΙΟ.</span> 
     </span>
    </p>
   </div>
   <div class='ocr_carea' id='block_1_39' title="bbox 2219 693 3792 770">
    <p class='ocr_par' dir='ltr' id='par_1_39' title="bbox 2219 693 3792 770">
     <span class='ocr_line' id='line_1_39' title="bbox 2219 693 3792 770; baseline 0.006 -23"><span class='ocrx_word' id='word_1_231' title='bbox 2219 693 2474 765; x_wconf 85' lang='lat' dir='ltr'>Memphi</span> <span class='ocrx_word' id='word_1_232' title='bbox 2506 699 2760 751; x_wconf 81' lang='lat' dir='ltr'>Joannes</span> <span class='ocrx_word' id='word_1_233' title='bbox 2785 699 2994 768; x_wconf 85' lang='lat' dir='ltr'>jussus</span> <span class='ocrx_word' id='word_1_234' title='bbox 3025 699 3096 754; x_wconf 91' lang='lat' dir='ltr'>ab</span> <span class='ocrx_word' id='word_1_235' title='bbox 3129 700 3480 770; x_wconf 79' lang='lat' dir='ltr'>imperatore</span> <span class='ocrx_word' id='word_1_236' title='bbox 3505 705 3570 756; x_wconf 91' lang='lat' dir='ltr'>ut</span> <span class='ocrx_word' id='word_1_237' title='bbox 3601 702 3792 757; x_wconf 88' lang='lat' dir='ltr'>archi-</span> 
     </span>
    </p>
   </div>
   <div class='ocr_carea' id='block_1_40' title="bbox 2148 781 3548 861">
    <p class='ocr_par' dir='ltr' id='par_1_40' title="bbox 2148 781 3548 861">
     <span class='ocr_line' id='line_1_40' title="bbox 2148 781 3548 861; baseline 0.006 -26"><span class='ocrx_word' id='word_1_238' title='bbox 2148 781 2411 853; x_wconf 81' lang='lat' dir='ltr'>episcopo</span> <span class='ocrx_word' id='word_1_239' title='bbox 2444 785 2711 839; x_wconf 79' lang='lat' dir='ltr'>adesset:</span> <span class='ocrx_word' id='word_1_240' title='bbox 2747 792 2803 839; x_wconf 87' lang='lat' dir='ltr'>et</span> <span class='ocrx_word' id='word_1_241' title='bbox 2834 786 2894 840; x_wconf 87' lang='lat' dir='ltr'>hi</span> <span class='ocrx_word' id='word_1_242' title='bbox 2925 787 3161 857; x_wconf 87' lang='lat' dir='ltr'>quidem</span> <span class='ocrx_word' id='word_1_243' title='bbox 3196 788 3252 841; x_wconf 92' lang='lat' dir='ltr'>in</span> <span class='ocrx_word' id='word_1_244' title='bbox 3285 789 3548 861; x_wconf 59' lang='lat' dir='ltr'>;Egypto.</span> 
     </span>
    </p>
   </div>
   <div class='ocr_carea' id='block_1_41' title="bbox 2219 959 3802 1038">
    <p class='ocr_par' dir='ltr' id='par_1_41' title="bbox 2219 959 3802 1038">
     <span class='ocr_line' id='line_1_41' title="bbox 2219 959 3802 1038; baseline 0.006 -25"><span class='ocrx_word' id='word_1_245' title='bbox 2219 959 2423 1014; x_wconf 82' lang='lat' dir='ltr'>Clerici</span> <span class='ocrx_word' id='word_1_246' title='bbox 2450 967 2643 1016; x_wconf 87' lang='lat' dir='ltr'>autem</span> <span class='ocrx_word' id='word_1_247' title='bbox 2677 979 2824 1033; x_wconf 93' lang='lat' dir='ltr'>quos</span> <span class='ocrx_word' id='word_1_248' title='bbox 2858 963 3210 1020; x_wconf 68' lang='lat' dir='ltr'>Alexandria</span> <span class='ocrx_word' id='word_1_249' title='bbox 3273 966 3514 1022; x_wconf 83' lang='lat' dir='ltr'>habuit:</span> <span class='ocrx_word' id='word_1_250' title='bbox 3567 967 3802 1038; x_wconf 82' lang='lat' dir='ltr'>Apollo-</span> 
     </span>
    </p>
   </div>
   <div class='ocr_carea' id='block_1_42' title="bbox 2149 1049 3802 1129">
    <p class='ocr_par' dir='ltr' id='par_1_42' title="bbox 2149 1049 3802 1129">
     <span class='ocr_line' id='line_1_42' title="bbox 2149 1049 3802 1129; baseline 0.006 -27"><span class='ocrx_word' id='word_1_251' title='bbox 2149 1049 2284 1103; x_wconf 87' lang='lat' dir='ltr'>nius</span> <span class='ocrx_word' id='word_1_252' title='bbox 2315 1050 2632 1121; x_wconf 75' lang='lat' dir='ltr'>presbyter,</span> <span class='ocrx_word' id='word_1_253' title='bbox 2659 1052 2907 1107; x_wconf 68' lang='lat' dir='ltr'>Irentnus</span> <span class='ocrx_word' id='word_1_254' title='bbox 2933 1055 3254 1127; x_wconf 81' lang='lat' dir='ltr'>presbyter,</span> <span class='ocrx_word' id='word_1_255' title='bbox 3321 1056 3632 1112; x_wconf 89' lang='lat' dir='ltr'>Dioscorus</span> <span class='ocrx_word' id='word_1_256' title='bbox 3667 1073 3802 1129; x_wconf 91' lang='lat' dir='ltr'>pre-</span> 
     </span>
    </p>
   </div>
   <div class='ocr_carea' id='block_1_43' title="bbox 2149 1139 3050 1212">
    <p class='ocr_par' dir='ltr' id='par_1_43' title="bbox 2149 1139 3050 1212">
     <span class='ocr_line' id='line_1_43' title="bbox 2149 1139 3050 1212; baseline 0.002 -18"><span class='ocrx_word' id='word_1_257' title='bbox 2149 1140 2362 1210; x_wconf 85' lang='lat' dir='ltr'>sbyter,</span> <span class='ocrx_word' id='word_1_258' title='bbox 2395 1139 2700 1210; x_wconf 80' lang='lat' dir='ltr'>Tyrannus</span> <span class='ocrx_word' id='word_1_259' title='bbox 2733 1142 3050 1212; x_wconf 75' lang='lat' dir='ltr'>presbyter.</span> 
     </span>
    </p>
   </div>
   <div class='ocr_carea' id='block_1_44' title="bbox 2221 1227 3796 1302">
    <p class='ocr_par' dir='ltr' id='par_1_44' title="bbox 2221 1227 3796 1302">
     <span class='ocr_line' id='line_1_44' title="bbox 2221 1227 3796 1302; baseline 0.006 -21"><span class='ocrx_word' id='word_1_260' title='bbox 2221 1227 2457 1282; x_wconf 80' lang='lat' dir='ltr'>Diaconi</span> <span class='ocrx_word' id='word_1_261' title='bbox 2485 1245 2496 1281; x_wconf 92' lang='lat'>:</span> <span class='ocrx_word' id='word_1_262' title='bbox 2524 1228 3796 1302; x_wconf 82' lang='lat' dir='ltr'>Timotheusdiaconus,Antinousdiaconus,</span> 
     </span>
    </p>
   </div>
   <div class='ocr_carea' id='block_1_45' title="bbox 2150 1315 3800 1394">
    <p class='ocr_par' dir='ltr' id='par_1_45' title="bbox 2150 1315 3800 1394">
     <span class='ocr_line' id='line_1_45' title="bbox 2150 1315 3800 1394; baseline 0.005 -24"><span class='ocrx_word' id='word_1_263' title='bbox 2150 1315 2517 1387; x_wconf 74' lang='lat' dir='ltr'>Hephaestion</span> <span class='ocrx_word' id='word_1_264' title='bbox 2551 1316 2853 1384; x_wconf 86' lang='lat' dir='ltr'>diaconus,</span> <span class='ocrx_word' id='word_1_265' title='bbox 2887 1322 2942 1372; x_wconf 89' lang='lat' dir='ltr'>et</span> <span class='ocrx_word' id='word_1_266' title='bbox 2969 1321 3254 1375; x_wconf 84' lang='lat' dir='ltr'>Macarius</span> <span class='ocrx_word' id='word_1_267' title='bbox 3299 1323 3631 1378; x_wconf 85' lang='lat' dir='ltr'>Castrorum</span> <span class='ocrx_word' id='word_1_268' title='bbox 3666 1340 3800 1394; x_wconf 88' lang='lat' dir='ltr'>pre-</span> 
     </span>
    </p>
   </div>
   <div class='ocr_carea' id='block_1_46' title="bbox 2151 1404 2369 1474">
    <p class='ocr_par' dir='ltr' id='par_1_46' title="bbox 2151 1404 2369 1474">
     <span class='ocr_line' id='line_1_46' title="bbox 2151 1404 2369 1474; baseline -0.005 -16"><span class='ocrx_word' id='word_1_269' title='bbox 2151 1404 2369 1474; x_wconf 90' lang='lat' dir='ltr'>sbyter.</span> 
     </span>
    </p>
   </div>
   <div class='ocr_carea' id='block_1_47' title="bbox 2217 1492 3798 1555">
    <p class='ocr_par' dir='ltr' id='par_1_47' title="bbox 2217 1492 3798 1555">
     <span class='ocr_line' id='line_1_47' title="bbox 2217 1492 3798 1555; baseline 0.006 -9"><span class='ocrx_word' id='word_1_270' title='bbox 2217 1495 2306 1546; x_wconf 82' lang='lat'>72.</span> <span class='ocrx_word' id='word_1_271' title='bbox 2342 1492 2457 1548; x_wconf 90' lang='lat' dir='ltr'>Hos</span> <span class='ocrx_word' id='word_1_272' title='bbox 2475 1493 2744 1550; x_wconf 90' lang='lat' dir='ltr'>Meletius</span> <span class='ocrx_word' id='word_1_273' title='bbox 2771 1512 2964 1550; x_wconf 91' lang='lat' dir='ltr'>coram</span> <span class='ocrx_word' id='word_1_274' title='bbox 2989 1496 3273 1552; x_wconf 88' lang='lat' dir='ltr'>adductos</span> <span class='ocrx_word' id='word_1_275' title='bbox 3298 1498 3660 1554; x_wconf 77' lang='lat' dir='ltr'>Alexandros</span> <span class='ocrx_word' id='word_1_276' title='bbox 3685 1506 3798 1555; x_wconf 88' lang='lat' dir='ltr'>tra-</span> 
     </span>
    </p>
   </div>
   <div class='ocr_carea' id='block_1_48' title="bbox 2150 1582 3793 1659">
    <p class='ocr_par' dir='ltr' id='par_1_48' title="bbox 2150 1582 3793 1659">
     <span class='ocr_line' id='line_1_48' title="bbox 2150 1582 3793 1659; baseline 0.005 -24"><span class='ocrx_word' id='word_1_277' title='bbox 2150 1582 2299 1636; x_wconf 87' lang='lat' dir='ltr'>didit</span> <span class='ocrx_word' id='word_1_278' title='bbox 2328 1582 2597 1654; x_wconf 91' lang='lat' dir='ltr'>episcopo</span> <span class='ocrx_word' id='word_1_279' title='bbox 2627 1601 2638 1638; x_wconf 95' lang='lat'>:</span> <span class='ocrx_word' id='word_1_280' title='bbox 2675 1585 2804 1653; x_wconf 81' lang='lat' dir='ltr'>ejus</span> <span class='ocrx_word' id='word_1_281' title='bbox 2835 1588 3031 1639; x_wconf 86' lang='lat' dir='ltr'>autem</span> <span class='ocrx_word' id='word_1_282' title='bbox 3067 1601 3240 1654; x_wconf 88' lang='lat' dir='ltr'>quem</span> <span class='ocrx_word' id='word_1_283' title='bbox 3273 1591 3481 1641; x_wconf 88' lang='lat' dir='ltr'>vocant</span> <span class='ocrx_word' id='word_1_284' title='bbox 3499 1587 3793 1659; x_wconf 85' lang='lat' dir='ltr'>Ischyram</span> 
     </span>
    </p>
   </div>
   <div class='ocr_carea' id='block_1_49' title="bbox 2151 1671 3794 1747">
    <p class='ocr_par' dir='ltr' id='par_1_49' title="bbox 2151 1671 3794 1747">
     <span class='ocr_line' id='line_1_49' title="bbox 2151 1671 3794 1747; baseline 0.004 -23"><span class='ocrx_word' id='word_1_285' title='bbox 2151 1687 2221 1724; x_wconf 91' lang='lat' dir='ltr'>ne</span> <span class='ocrx_word' id='word_1_286' title='bbox 2249 1671 2604 1726; x_wconf 77' lang='lat' dir='ltr'>mentionem</span> <span class='ocrx_word' id='word_1_287' title='bbox 2627 1672 2867 1743; x_wconf 87' lang='lat' dir='ltr'>quidem</span> <span class='ocrx_word' id='word_1_288' title='bbox 2897 1673 3054 1738; x_wconf 81' lang='lat' dir='ltr'>fecit,</span> <span class='ocrx_word' id='word_1_289' title='bbox 3089 1690 3192 1728; x_wconf 92' lang='lat' dir='ltr'>nec</span> <span class='ocrx_word' id='word_1_290' title='bbox 3214 1674 3512 1745; x_wconf 87' lang='lat' dir='ltr'>professus</span> <span class='ocrx_word' id='word_1_291' title='bbox 3535 1693 3794 1747; x_wconf 87' lang='lat' dir='ltr'>unquam</span> 
     </span>
    </p>
   </div>
   <div class='ocr_carea' id='block_1_50' title="bbox 2150 1760 3798 1832">
    <p class='ocr_par' dir='ltr' id='par_1_50' title="bbox 2150 1760 3798 1832">
     <span class='ocr_line' id='line_1_50' title="bbox 2150 1760 3798 1832; baseline 0.004 -18"><span class='ocrx_word' id='word_1_292' title='bbox 2150 1763 2237 1814; x_wconf 90' lang='lat' dir='ltr'>est</span> <span class='ocrx_word' id='word_1_293' title='bbox 2250 1777 2311 1815; x_wconf 91' lang='lat' dir='ltr'>se</span> <span class='ocrx_word' id='word_1_294' title='bbox 2324 1760 2662 1832; x_wconf 81' lang='lat' dir='ltr'>quempiam.</span> <span class='ocrx_word' id='word_1_295' title='bbox 2686 1761 2743 1814; x_wconf 92' lang='lat' dir='ltr'>in</span> <span class='ocrx_word' id='word_1_296' title='bbox 2769 1762 3023 1816; x_wconf 87' lang='lat' dir='ltr'>Mareote</span> <span class='ocrx_word' id='word_1_297' title='bbox 3047 1762 3324 1818; x_wconf 84' lang='lat' dir='ltr'>habuisse</span> <span class='ocrx_word' id='word_1_298' title='bbox 3340 1763 3612 1819; x_wconf 84' lang='lat' dir='ltr'>clericum</span> <span class='ocrx_word' id='word_1_299' title='bbox 3625 1765 3798 1820; x_wconf 89' lang='lat' dir='ltr'>.Nihil</span> 
     </span>
    </p>
   </div>
   <div class='ocr_carea' id='block_1_51' title="bbox 2149 1850 3798 1918">
    <p class='ocr_par' dir='ltr' id='par_1_51' title="bbox 2149 1850 3798 1918">
     <span class='ocr_line' id='line_1_51' title="bbox 2149 1850 3798 1918; baseline 0.005 -16"><span class='ocrx_word' id='word_1_300' title='bbox 2149 1851 2345 1903; x_wconf 88' lang='lat' dir='ltr'>tamen</span> <span class='ocrx_word' id='word_1_301' title='bbox 2377 1850 2650 1904; x_wconf 86' lang='lat' dir='ltr'>destitere</span> <span class='ocrx_word' id='word_1_302' title='bbox 2682 1851 2998 1905; x_wconf 77' lang='lat' dir='ltr'>adversarii</span> <span class='ocrx_word' id='word_1_303' title='bbox 3032 1851 3236 1918; x_wconf 86' lang='lat' dir='ltr'>nostri,</span> <span class='ocrx_word' id='word_1_304' title='bbox 3268 1851 3350 1906; x_wconf 86' lang='lat' dir='ltr'>ita</span> <span class='ocrx_word' id='word_1_305' title='bbox 3383 1857 3444 1907; x_wconf 89' lang='lat' dir='ltr'>ut</span> <span class='ocrx_word' id='word_1_306' title='bbox 3477 1855 3628 1908; x_wconf 72' lang='grc'>149</span> <span class='ocrx_word' id='word_1_307' title='bbox 3663 1870 3798 1910; x_wconf 86' lang='lat' dir='ltr'>eum</span> 
     </span>
    </p>
   </div>
   <div class='ocr_carea' id='block_1_52' title="bbox 2151 1936 3794 2011">
    <p class='ocr_par' dir='ltr' id='par_1_52' title="bbox 2151 1936 3794 2011">
     <span class='ocr_line' id='line_1_52' title="bbox 2151 1936 3794 2011; baseline 0.005 -21"><span class='ocrx_word' id='word_1_308' title='bbox 2151 1936 2250 2008; x_wconf 89' lang='lat' dir='ltr'>qui</span> <span class='ocrx_word' id='word_1_309' title='bbox 2283 1938 2584 2008; x_wconf 89' lang='lat' dir='ltr'>presbyter</span> <span class='ocrx_word' id='word_1_310' title='bbox 2613 1955 2729 1992; x_wconf 91' lang='lat' dir='ltr'>non</span> <span class='ocrx_word' id='word_1_311' title='bbox 2762 1942 2935 2003; x_wconf 88' lang='lat' dir='ltr'>esset,</span> <span class='ocrx_word' id='word_1_312' title='bbox 2971 1940 3373 2011; x_wconf 86' lang='lat' dir='ltr'>presbyterum</span> <span class='ocrx_word' id='word_1_313' title='bbox 3403 1941 3754 1998; x_wconf 83' lang='lat' dir='ltr'>simularent</span> <span class='ocrx_word' id='word_1_314' title='bbox 3781 1960 3794 1998; x_wconf 76' lang='grc' dir='ltr'>ε</span> 
     </span>
    </p>
   </div>
   <div class='ocr_carea' id='block_1_53' title="bbox 2148 2027 3797 2104">
    <p class='ocr_par' dir='ltr' id='par_1_53' title="bbox 2148 2027 3797 2104">
     <span class='ocr_line' id='line_1_53' title="bbox 2148 2027 3797 2104; baseline 0.004 -25"><span class='ocrx_word' id='word_1_315' title='bbox 2148 2041 2342 2080; x_wconf 89' lang='lat' dir='ltr'>comes</span> <span class='ocrx_word' id='word_1_316' title='bbox 2374 2029 2528 2080; x_wconf 89' lang='lat' dir='ltr'>enim</span> <span class='ocrx_word' id='word_1_317' title='bbox 2564 2027 2766 2082; x_wconf 87' lang='lat' dir='ltr'>aderat</span> <span class='ocrx_word' id='word_1_318' title='bbox 2794 2028 2892 2098; x_wconf 92' lang='lat' dir='ltr'>qui</span> <span class='ocrx_word' id='word_1_319' title='bbox 2928 2045 3033 2082; x_wconf 92' lang='lat' dir='ltr'>nos</span> <span class='ocrx_word' id='word_1_320' title='bbox 3058 2033 3307 2100; x_wconf 84' lang='lat' dir='ltr'>cogeret,</span> <span class='ocrx_word' id='word_1_321' title='bbox 3333 2029 3669 2103; x_wconf 85' lang='lat' dir='ltr'>militesque</span> <span class='ocrx_word' id='word_1_322' title='bbox 3695 2033 3797 2104; x_wconf 87' lang='lat' dir='ltr'>qui</span> 
     </span>
    </p>
   </div>
   <div class='ocr_carea' id='block_1_54' title="bbox 2149 2116 3796 2192">
    <p class='ocr_par' dir='ltr' id='par_1_54' title="bbox 2149 2116 3796 2192">
     <span class='ocr_line' id='line_1_54' title="bbox 2149 2116 3796 2192; baseline 0.005 -25"><span class='ocrx_word' id='word_1_323' title='bbox 2149 2130 2255 2168; x_wconf 90' lang='lat' dir='ltr'>nos</span> <span class='ocrx_word' id='word_1_324' title='bbox 2287 2119 2544 2186; x_wconf 90' lang='lat' dir='ltr'>raptatos</span> <span class='ocrx_word' id='word_1_325' title='bbox 2575 2116 2997 2186; x_wconf 80' lang='lat' dir='ltr'>pertraherent.</span> <span class='ocrx_word' id='word_1_326' title='bbox 3030 2117 3184 2171; x_wconf 85' lang='lat' dir='ltr'>Vicit</span> <span class='ocrx_word' id='word_1_327' title='bbox 3215 2122 3409 2173; x_wconf 88' lang='lat' dir='ltr'>tamen</span> <span class='ocrx_word' id='word_1_328' title='bbox 3455 2119 3554 2173; x_wconf 90' lang='lat' dir='ltr'>Dei</span> <span class='ocrx_word' id='word_1_329' title='bbox 3587 2121 3796 2192; x_wconf 86' lang='lat' dir='ltr'>gratia,</span> 
     </span>
    </p>
   </div>
   <div class='ocr_carea' id='block_1_55' title="bbox 2150 2201 3797 2275">
    <p class='ocr_par' dir='ltr' id='par_1_55' title="bbox 2150 2201 3797 2275">
     <span class='ocr_line' id='line_1_55' title="bbox 2150 2201 3797 2275; baseline 0.005 -19"><span class='ocrx_word' id='word_1_330' title='bbox 2150 2201 2466 2256; x_wconf 86' lang='lat' dir='ltr'>Macarium</span> <span class='ocrx_word' id='word_1_331' title='bbox 2485 2203 2778 2275; x_wconf 86' lang='lat' dir='ltr'>siquidem</span> <span class='ocrx_word' id='word_1_332' title='bbox 2804 2205 3082 2260; x_wconf 79' lang='lat' dir='ltr'>confracti</span> <span class='ocrx_word' id='word_1_333' title='bbox 3102 2205 3296 2261; x_wconf 88' lang='lat' dir='ltr'>calicis</span> <span class='ocrx_word' id='word_1_334' title='bbox 3321 2207 3659 2263; x_wconf 87' lang='lat' dir='ltr'>convincere</span> <span class='ocrx_word' id='word_1_335' title='bbox 3680 2226 3797 2264; x_wconf 90' lang='lat' dir='ltr'>non</span> 
     </span>
    </p>
   </div>
   <div class='ocr_carea' id='block_1_56' title="bbox 2150 2292 3802 2366">
    <p class='ocr_par' dir='ltr' id='par_1_56' title="bbox 2150 2292 3802 2366">
     <span class='ocr_line' id='line_1_56' title="bbox 2150 2292 3802 2366; baseline 0.005 -22"><span class='ocrx_word' id='word_1_336' title='bbox 2150 2295 2483 2362; x_wconf 87' lang='lat' dir='ltr'>potuerunt.</span> <span class='ocrx_word' id='word_1_337' title='bbox 2520 2292 2667 2357; x_wconf 88' lang='lat' dir='ltr'>Quin</span> <span class='ocrx_word' id='word_1_338' title='bbox 2701 2294 2825 2364; x_wconf 91' lang='lat' dir='ltr'>ipse</span> <span class='ocrx_word' id='word_1_339' title='bbox 2857 2295 3155 2364; x_wconf 82' lang='lat' dir='ltr'>Arsenius,</span> <span class='ocrx_word' id='word_1_340' title='bbox 3180 2311 3353 2366; x_wconf 87' lang='lat' dir='ltr'>quem</span> <span class='ocrx_word' id='word_1_341' title='bbox 3379 2313 3411 2350; x_wconf 90' lang='lat' dir='ltr'>a</span> <span class='ocrx_word' id='word_1_342' title='bbox 3433 2297 3600 2352; x_wconf 87' lang='lat' dir='ltr'>nobis</span> <span class='ocrx_word' id='word_1_343' title='bbox 3625 2297 3802 2353; x_wconf 84' lang='lat' dir='ltr'>inter-</span> 
     </span>
    </p>
   </div>
   <div class='ocr_carea' id='block_1_57' title="bbox 2152 2381 3794 2456">
    <p class='ocr_par' dir='ltr' id='par_1_57' title="bbox 2152 2381 3794 2456">
     <span class='ocr_line' id='line_1_57' title="bbox 2152 2381 3794 2456; baseline 0.004 -22"><span class='ocrx_word' id='word_1_344' title='bbox 2152 2385 2414 2450; x_wconf 88' lang='lat' dir='ltr'>emptum</span> <span class='ocrx_word' id='word_1_345' title='bbox 2475 2381 2906 2453; x_wconf 83' lang='lat' dir='ltr'>pervulgarant,</span> <span class='ocrx_word' id='word_1_346' title='bbox 2942 2383 3253 2439; x_wconf 89' lang='lat' dir='ltr'>incolumis</span> <span class='ocrx_word' id='word_1_347' title='bbox 3295 2401 3606 2456; x_wconf 88' lang='lat' dir='ltr'>coramque</span> <span class='ocrx_word' id='word_1_348' title='bbox 3659 2403 3794 2440; x_wconf 93' lang='lat' dir='ltr'>con-</span> 
     </span>
    </p>
   </div>
   <div class='ocr_carea' id='block_1_58' title="bbox 2150 2470 3795 2542">
    <p class='ocr_par' dir='ltr' id='par_1_58' title="bbox 2150 2470 3795 2542">
     <span class='ocr_line' id='line_1_58' title="bbox 2150 2470 3795 2542; baseline 0.002 -17"><span class='ocrx_word' id='word_1_349' title='bbox 2150 2470 2364 2525; x_wconf 88' lang='lat' dir='ltr'>sistens</span> <span class='ocrx_word' id='word_1_350' title='bbox 2395 2487 2594 2524; x_wconf 91' lang='lat' dir='ltr'>eorum</span> <span class='ocrx_word' id='word_1_351' title='bbox 2628 2471 2821 2542; x_wconf 83' lang='lat' dir='ltr'>palam</span> <span class='ocrx_word' id='word_1_352' title='bbox 2849 2472 3094 2527; x_wconf 81' lang='lat' dir='ltr'>faciebat</span> <span class='ocrx_word' id='word_1_353' title='bbox 3111 2472 3490 2529; x_wconf 86' lang='lat' dir='ltr'>calumniam.</span> <span class='ocrx_word' id='word_1_354' title='bbox 3521 2475 3666 2529; x_wconf 88' lang='lat' dir='ltr'>Cum</span> <span class='ocrx_word' id='word_1_355' title='bbox 3691 2475 3795 2529; x_wconf 87' lang='lat' dir='ltr'>ita-</span> 
     </span>
    </p>
   </div>
   <div class='ocr_carea' id='block_1_59' title="bbox 2152 2559 3794 2635">
    <p class='ocr_par' dir='ltr' id='par_1_59' title="bbox 2152 2559 3794 2635">
     <span class='ocr_line' id='line_1_59' title="bbox 2152 2559 3794 2635; baseline 0.003 -22"><span class='ocrx_word' id='word_1_356' title='bbox 2152 2575 2262 2630; x_wconf 88' lang='lat' dir='ltr'>que</span> <span class='ocrx_word' id='word_1_357' title='bbox 2293 2559 2610 2614; x_wconf 82' lang='lat' dir='ltr'>Macarium</span> <span class='ocrx_word' id='word_1_358' title='bbox 2653 2560 2992 2616; x_wconf 89' lang='lat' dir='ltr'>convincere</span> <span class='ocrx_word' id='word_1_359' title='bbox 3023 2577 3135 2616; x_wconf 91' lang='lat' dir='ltr'>non</span> <span class='ocrx_word' id='word_1_360' title='bbox 3168 2560 3428 2617; x_wconf 89' lang='lat' dir='ltr'>valerent</span> <span class='ocrx_word' id='word_1_361' title='bbox 3458 2563 3794 2635; x_wconf 87' lang='lat' dir='ltr'>Eusebiani,</span> 
     </span>
    </p>
   </div>
   <div class='ocr_carea' id='block_1_60' title="bbox 2151 2648 3798 2722">
    <p class='ocr_par' dir='ltr' id='par_1_60' title="bbox 2151 2648 3798 2722">
     <span class='ocr_line' id='line_1_60' title="bbox 2151 2648 3798 2722; baseline 0.004 -22"><span class='ocrx_word' id='word_1_362' title='bbox 2151 2663 2271 2701; x_wconf 90' lang='lat' dir='ltr'>rem</span> <span class='ocrx_word' id='word_1_363' title='bbox 2301 2664 2448 2719; x_wconf 68' lang='lat' dir='ltr'>aegre</span> <span class='ocrx_word' id='word_1_364' title='bbox 2482 2648 2753 2719; x_wconf 87' lang='lat' dir='ltr'>ferentes,</span> <span class='ocrx_word' id='word_1_365' title='bbox 2783 2654 2981 2720; x_wconf 92' lang='lat' dir='ltr'>utpote</span> <span class='ocrx_word' id='word_1_366' title='bbox 3015 2650 3211 2720; x_wconf 73' lang='lat' dir='ltr'>praeda</span> <span class='ocrx_word' id='word_1_367' title='bbox 3258 2667 3366 2704; x_wconf 89' lang='lat' dir='ltr'>sua</span> <span class='ocrx_word' id='word_1_368' title='bbox 3411 2668 3585 2722; x_wconf 88' lang='lat' dir='ltr'>quam</span> <span class='ocrx_word' id='word_1_369' title='bbox 3616 2669 3798 2707; x_wconf 85' lang='lat' dir='ltr'>vena-</span> 
     </span>
    </p>
   </div>
   <div class='ocr_carea' id='block_1_61' title="bbox 2150 2736 3798 2810">
    <p class='ocr_par' dir='ltr' id='par_1_61' title="bbox 2150 2736 3798 2810">
     <span class='ocr_line' id='line_1_61' title="bbox 2150 2736 3798 2810; baseline 0.003 -20"><span class='ocrx_word' id='word_1_370' title='bbox 2150 2737 2364 2790; x_wconf 89' lang='lat' dir='ltr'>bantur</span> <span class='ocrx_word' id='word_1_371' title='bbox 2419 2736 2658 2802; x_wconf 89' lang='lat' dir='ltr'>amissa,</span> <span class='ocrx_word' id='word_1_372' title='bbox 2690 2743 2958 2792; x_wconf 75' lang='lat' dir='ltr'>auctores</span> <span class='ocrx_word' id='word_1_373' title='bbox 2990 2743 3128 2792; x_wconf 91' lang='lat' dir='ltr'>sunt</span> <span class='ocrx_word' id='word_1_374' title='bbox 3172 2738 3448 2810; x_wconf 89' lang='lat' dir='ltr'>Dionysio</span> <span class='ocrx_word' id='word_1_375' title='bbox 3497 2741 3693 2794; x_wconf 88' lang='lat' dir='ltr'>comiti</span> <span class='ocrx_word' id='word_1_376' title='bbox 3731 2758 3798 2796; x_wconf 78' lang='lat' dir='ltr'>ex</span> 
     </span>
    </p>
   </div>
   <div class='ocr_carea' id='block_1_62' title="bbox 2150 2825 3797 2898">
    <p class='ocr_par' dir='ltr' id='par_1_62' title="bbox 2150 2825 3797 2898">
     <span class='ocr_line' id='line_1_62' title="bbox 2150 2825 3797 2898; baseline 0.003 -18"><span class='ocrx_word' id='word_1_377' title='bbox 2150 2842 2349 2880; x_wconf 90' lang='lat' dir='ltr'>eorum</span> <span class='ocrx_word' id='word_1_378' title='bbox 2385 2825 2648 2896; x_wconf 87' lang='lat' dir='ltr'>partibus</span> <span class='ocrx_word' id='word_1_379' title='bbox 2682 2827 2884 2893; x_wconf 87' lang='lat' dir='ltr'>stanti,</span> <span class='ocrx_word' id='word_1_380' title='bbox 2928 2829 2990 2880; x_wconf 90' lang='lat' dir='ltr'>ut</span> <span class='ocrx_word' id='word_1_381' title='bbox 3037 2828 3324 2898; x_wconf 88' lang='lat' dir='ltr'>quosdam</span> <span class='ocrx_word' id='word_1_382' title='bbox 3385 2826 3445 2881; x_wconf 92' lang='lat' dir='ltr'>in</span> <span class='ocrx_word' id='word_1_383' title='bbox 3478 2831 3797 2884; x_wconf 87' lang='lat' dir='ltr'>Mareotem</span> 
     </span>
    </p>
   </div>
   <div class='ocr_carea' id='block_1_63' title="bbox 2149 2913 3795 2989">
    <p class='ocr_par' dir='ltr' id='par_1_63' title="bbox 2149 2913 3795 2989">
     <span class='ocr_line' id='line_1_63' title="bbox 2149 2913 3795 2989; baseline 0.003 -22"><span class='ocrx_word' id='word_1_384' title='bbox 2149 2913 2424 2979; x_wconf 88' lang='lat' dir='ltr'>mitteret,</span> <span class='ocrx_word' id='word_1_385' title='bbox 2461 2918 2823 2969; x_wconf 85' lang='lat' dir='ltr'>scrutaturos</span> <span class='ocrx_word' id='word_1_386' title='bbox 2852 2931 2993 2968; x_wconf 90' lang='lat' dir='ltr'>num</span> <span class='ocrx_word' id='word_1_387' title='bbox 3027 2914 3329 2986; x_wconf 90' lang='lat' dir='ltr'>quidpiam</span> <span class='ocrx_word' id='word_1_388' title='bbox 3365 2915 3631 2972; x_wconf 91' lang='lat' dir='ltr'>criminis</span> <span class='ocrx_word' id='word_1_389' title='bbox 3657 2934 3795 2989; x_wconf 89' lang='lat' dir='ltr'>pos-</span> 
     </span>
    </p>
   </div>
   <div class='ocr_carea' id='block_1_64' title="bbox 2147 3001 3798 3074">
    <p class='ocr_par' dir='ltr' id='par_1_64' title="bbox 2147 3001 3798 3074">
     <span class='ocr_line' id='line_1_64' title="bbox 2147 3001 3798 3074; baseline 0.003 -18"><span class='ocrx_word' id='word_1_390' title='bbox 2147 3001 2412 3056; x_wconf 89' lang='lat' dir='ltr'>sentillic</span> <span class='ocrx_word' id='word_1_391' title='bbox 2443 3003 2725 3056; x_wconf 87' lang='lat' dir='ltr'>adversus</span> <span class='ocrx_word' id='word_1_392' title='bbox 2754 3003 3156 3074; x_wconf 85' lang='lat' dir='ltr'>presbyterum</span> <span class='ocrx_word' id='word_1_393' title='bbox 3191 3004 3798 3074; x_wconf 89' lang='lat' dir='ltr'>deprehendere.lmo,</span> 
     </span>
    </p>
   </div>
   <div class='ocr_carea' id='block_1_65' title="bbox 2147 3090 3798 3165">
    <p class='ocr_par' dir='ltr' id='par_1_65' title="bbox 2147 3090 3798 3165">
     <span class='ocr_line' id='line_1_65' title="bbox 2147 3090 3798 3165; baseline 0.003 -21"><span class='ocrx_word' id='word_1_394' title='bbox 2147 3090 2194 3144; x_wconf 88' lang='lat' dir='ltr'>si</span> <span class='ocrx_word' id='word_1_395' title='bbox 2229 3107 2360 3145; x_wconf 89' lang='lat' dir='ltr'>vere</span> <span class='ocrx_word' id='word_1_396' title='bbox 2391 3091 2638 3157; x_wconf 87' lang='lat' dir='ltr'>dicatur,</span> <span class='ocrx_word' id='word_1_397' title='bbox 2673 3095 2736 3145; x_wconf 88' lang='lat' dir='ltr'>ut</span> <span class='ocrx_word' id='word_1_398' title='bbox 2767 3091 3024 3162; x_wconf 88' lang='lat' dir='ltr'>profecti,</span> <span class='ocrx_word' id='word_1_399' title='bbox 3060 3090 3226 3146; x_wconf 88' lang='lat' dir='ltr'>nobis</span> <span class='ocrx_word' id='word_1_400' title='bbox 3269 3093 3637 3163; x_wconf 89' lang='lat' dir='ltr'>absentibus,</span> <span class='ocrx_word' id='word_1_401' title='bbox 3693 3111 3798 3165; x_wconf 89' lang='lat' dir='ltr'>pro</span> 
     </span>
    </p>
   </div>
   <div class='ocr_carea' id='block_1_66' title="bbox 2144 3178 3797 3250">
    <p class='ocr_par' dir='ltr' id='par_1_66' title="bbox 2144 3178 3797 3250">
     <span class='ocr_line' id='line_1_66' title="bbox 2144 3178 3797 3250; baseline 0.004 -18"><span class='ocrx_word' id='word_1_402' title='bbox 2144 3178 2388 3234; x_wconf 92' lang='lat' dir='ltr'>libidine</span> <span class='ocrx_word' id='word_1_403' title='bbox 2415 3178 2472 3232; x_wconf 92' lang='lat' dir='ltr'>in</span> <span class='ocrx_word' id='word_1_404' title='bbox 2506 3196 2610 3234; x_wconf 90' lang='lat' dir='ltr'>nos</span> <span class='ocrx_word' id='word_1_405' title='bbox 2642 3181 3081 3250; x_wconf 88' lang='lat' dir='ltr'>conspirarent:</span> <span class='ocrx_word' id='word_1_406' title='bbox 3116 3180 3223 3234; x_wconf 93' lang='lat' dir='ltr'>hoc</span> <span class='ocrx_word' id='word_1_407' title='bbox 3252 3180 3408 3235; x_wconf 90' lang='lat' dir='ltr'>enim</span> <span class='ocrx_word' id='word_1_408' title='bbox 3442 3181 3558 3236; x_wconf 87' lang='lat' dir='ltr'>illis</span> <span class='ocrx_word' id='word_1_409' title='bbox 3600 3183 3797 3240; x_wconf 87' lang='lat' dir='ltr'>studio</span> 
     </span>
    </p>
   </div>
   <div class='ocr_carea' id='block_1_67' title="bbox 380 3259 2039 3356">
    <p class='ocr_par' dir='ltr' id='par_1_67' title="bbox 380 3262 2039 3356">
     <span class='ocr_line' id='line_1_67' title="bbox 380 3262 2039 3356; baseline -0.001 -36"><span class='ocrx_word' id='word_1_410' title='bbox 380 3287 524 3336; x_wconf 88' lang='grc' dir='ltr'>κασι,</span> <span class='ocrx_word' id='word_1_411' title='bbox 582 3267 656 3337; x_wconf 80' lang='grc' dir='ltr'>μή</span> <span class='ocrx_word' id='word_1_412' title='bbox 723 3264 1238 3340; x_wconf 78' lang='grc' dir='ltr'>προφασιζέσθωσαν</span> <span class='ocrx_word' id='word_1_413' title='bbox 1298 3262 1489 3326; x_wconf 79' lang='grc' dir='ltr'>ἐνδεῶς</span> <span class='ocrx_word' id='word_1_414' title='bbox 1549 3264 1840 3341; x_wconf 87' lang='grc' dir='ltr'>εἰρηκέναι,</span> <span class='ocrx_word' id='word_1_415' title='bbox 1896 3263 2039 3356; x_wconf 63' lang='grc' dir='ltr'>μηδξ</span> 
     </span>
    </p>
   </div>
   <div class='ocr_carea' id='block_1_68' title="bbox 2158 3259 3798 3356">
    <p class='ocr_par' dir='ltr' id='par_1_68' title="bbox 2158 3269 3798 3340">
     <span class='ocr_line' id='line_1_68' title="bbox 2158 3269 3798 3340; baseline 0.002 -17"><span class='ocrx_word' id='word_1_416' title='bbox 2158 3273 2286 3323; x_wconf 67' lang='lat' dir='ltr'>erat.</span> <span class='ocrx_word' id='word_1_417' title='bbox 2322 3269 2392 3322; x_wconf 83' lang='lat' dir='ltr'>At</span> <span class='ocrx_word' id='word_1_418' title='bbox 2425 3284 2529 3323; x_wconf 91' lang='lat' dir='ltr'>nos</span> <span class='ocrx_word' id='word_1_419' title='bbox 2559 3285 2588 3322; x_wconf 91' lang='lat' dir='ltr'>e</span> <span class='ocrx_word' id='word_1_420' title='bbox 2631 3284 2907 3323; x_wconf 89' lang='lat' dir='ltr'>converso</span> <span class='ocrx_word' id='word_1_421' title='bbox 2956 3269 3401 3324; x_wconf 82' lang='lat' dir='ltr'>afﬁrmabamus</span> <span class='ocrx_word' id='word_1_422' title='bbox 3450 3287 3798 3340; x_wconf 87' lang='lat' dir='ltr'>supervaca-</span> 
     </span>
    </p>
   </div>
   <div class='ocr_carea' id='block_1_69' title="bbox 383 3349 2042 3430">
    <p class='ocr_par' dir='ltr' id='par_1_69' title="bbox 383 3349 2042 3430">
     <span class='ocr_line' id='line_1_69' title="bbox 383 3349 2042 3430; baseline 0 -22"><span class='ocrx_word' id='word_1_423' title='bbox 383 3353 849 3429; x_wconf 81' lang='grc' dir='ltr'>ὑπερτιθέσθωσαν</span> <span class='ocrx_word' id='word_1_424' title='bbox 878 3376 889 3388; x_wconf 89' lang='grc'><strong>·</strong></span> <span class='ocrx_word' id='word_1_425' title='bbox 924 3353 958 3406; x_wconf 72' lang='grc' dir='ltr'>ἃ</span> <span class='ocrx_word' id='word_1_426' title='bbox 1004 3355 1105 3430; x_wconf 77' lang='grc' dir='ltr'>γὰρ</span> <span class='ocrx_word' id='word_1_427' title='bbox 1150 3353 1400 3426; x_wconf 84' lang='grc' dir='ltr'>ἐνόμιζον</span> <span class='ocrx_word' id='word_1_428' title='bbox 1447 3349 1592 3429; x_wconf 78' lang='grc' dir='ltr'>ἔχειν</span> <span class='ocrx_word' id='word_1_429' title='bbox 1646 3355 1913 3429; x_wconf 66' lang='grc' dir='ltr'>εἰρήκασι,</span> <span class='ocrx_word' id='word_1_430' title='bbox 1952 3349 2042 3408; x_wconf 73' lang='grc' dir='ltr'>καἰ</span> 
     </span>
    </p>
   </div>
   <div class='ocr_carea' id='block_1_70' title="bbox 385 3441 2043 3520">
    <p class='ocr_par' dir='ltr' id='par_1_70' title="bbox 385 3441 2043 3520">
     <span class='ocr_line' id='line_1_70' title="bbox 385 3441 2043 3520; baseline 0 -23"><span class='ocrx_word' id='word_1_431' title='bbox 385 3441 579 3497; x_wconf 85' lang='grc' dir='ltr'>λοιπὸν</span> <span class='ocrx_word' id='word_1_432' title='bbox 611 3441 940 3518; x_wconf 73' lang='grc' dir='ltr'>ἀποροῦντες</span> <span class='ocrx_word' id='word_1_433' title='bbox 969 3442 1392 3520; x_wconf 68' lang='grc' dir='ltr'>προφασίζονται</span> <span class='ocrx_word' id='word_1_434' title='bbox 1421 3465 1432 3477; x_wconf 71' lang='grc' dir='ltr'>ι</span> <span class='ocrx_word' id='word_1_435' title='bbox 1463 3444 1498 3512; x_wconf 69' lang='grc' dir='ltr'>ἢ</span> <span class='ocrx_word' id='word_1_436' title='bbox 1533 3443 1578 3497; x_wconf 86' lang='grc' dir='ltr'>εἰ</span> <span class='ocrx_word' id='word_1_437' title='bbox 1609 3443 1768 3519; x_wconf 78' lang='grc' dir='ltr'>χρεία</span> <span class='ocrx_word' id='word_1_438' title='bbox 1811 3445 1900 3498; x_wconf 81' lang='grc' dir='ltr'>καὶ</span> <span class='ocrx_word' id='word_1_439' title='bbox 1946 3448 2043 3498; x_wconf 79' lang='grc' dir='ltr'>τοῦ</span> 
     </span>
    </p>
   </div>
   <div class='ocr_carea' id='block_1_71' title="bbox 383 3530 2042 3607">
    <p class='ocr_par' dir='ltr' id='par_1_71' title="bbox 383 3530 2042 3607">
     <span class='ocr_line' id='line_1_71' title="bbox 383 3530 2042 3607; baseline -0.001 -20"><span class='ocrx_word' id='word_1_440' title='bbox 383 3532 704 3607; x_wconf 78' lang='grc' dir='ltr'>Μαρεώτου,</span> <span class='ocrx_word' id='word_1_441' title='bbox 753 3530 880 3593; x_wconf 81' lang='grc' dir='ltr'>τοὺς</span> <span class='ocrx_word' id='word_1_442' title='bbox 935 3535 1062 3607; x_wconf 70' lang='grc' dir='ltr'>γοῦν</span> <span class='ocrx_word' id='word_1_443' title='bbox 1125 3530 1398 3592; x_wconf 82' lang='grc' dir='ltr'>ὑπόπτους</span> <span class='ocrx_word' id='word_1_444' title='bbox 1457 3534 1532 3604; x_wconf 72' lang='grc' dir='ltr'>μή</span> <span class='ocrx_word' id='word_1_445' title='bbox 1589 3532 1922 3604; x_wconf 86' lang='grc' dir='ltr'>πέμπεσθαι,</span> <span class='ocrx_word' id='word_1_446' title='bbox 1986 3535 2042 3585; x_wconf 73' lang='grc' dir='ltr'><strong>Ὀ</strong></span> 
     </span>
    </p>
   </div>
   <div class='ocr_carea' id='block_1_72' title="bbox 389 3620 2040 3696">
    <p class='ocr_par' dir='ltr' id='par_1_72' title="bbox 389 3620 2040 3696">
     <span class='ocr_line' id='line_1_72' title="bbox 389 3620 2040 3696; baseline 0.001 -22"><span class='ocrx_word' id='word_1_447' title='bbox 389 3621 482 3692; x_wconf 78' lang='grc' dir='ltr'>μὲν</span> <span class='ocrx_word' id='word_1_448' title='bbox 533 3620 714 3692; x_wconf 85' lang='grc' dir='ltr'>κόμης</span> <span class='ocrx_word' id='word_1_449' title='bbox 742 3622 858 3694; x_wconf 80' lang='grc'>(2⁸7)</span> <span class='ocrx_word' id='word_1_450' title='bbox 904 3620 1026 3696; x_wconf 84' lang='grc' dir='ltr'>περί</span> <span class='ocrx_word' id='word_1_451' title='bbox 1075 3625 1183 3675; x_wconf 86' lang='grc' dir='ltr'>τῶν</span> <span class='ocrx_word' id='word_1_452' title='bbox 1243 3620 1496 3674; x_wconf 75' lang='grc' dir='ltr'>ὑπόπτων</span> <span class='ocrx_word' id='word_1_453' title='bbox 1545 3620 1804 3692; x_wconf 79' lang='grc' dir='ltr'>ἐπείθετο,</span> <span class='ocrx_word' id='word_1_454' title='bbox 1852 3621 2040 3676; x_wconf 82' lang='grc' dir='ltr'>ἐκεῖνοι</span> 
     </span>
    </p>
   </div>
   <div class='ocr_carea' id='block_1_73' title="bbox 385 3706 2042 3787">
    <p class='ocr_par' dir='ltr' id='par_1_73' title="bbox 385 3706 2042 3787">
     <span class='ocr_line' id='line_1_73' title="bbox 385 3706 2042 3787; baseline 0.002 -25"><span class='ocrx_word' id='word_1_455' title='bbox 385 3706 443 3762; x_wconf 77' lang='grc' dir='ltr'>δὲ</span> <span class='ocrx_word' id='word_1_456' title='bbox 519 3707 689 3763; x_wconf 77' lang='grc' dir='ltr'>πάντα</span> <span class='ocrx_word' id='word_1_457' title='bbox 768 3708 980 3781; x_wconf 78' lang='grc' dir='ltr'>μᾶλλον</span> <span class='ocrx_word' id='word_1_458' title='bbox 1031 3710 1066 3778; x_wconf 71' lang='grc' dir='ltr'>ἢ</span> <span class='ocrx_word' id='word_1_459' title='bbox 1118 3713 1280 3763; x_wconf 76' lang='grc' dir='ltr'>τοῦτο</span> <span class='ocrx_word' id='word_1_460' title='bbox 1338 3712 1736 3780; x_wconf 73' lang='grc' dir='ltr'>πεποιήκασιν·</span> <span class='ocrx_word' id='word_1_461' title='bbox 1799 3710 1888 3772; x_wconf 74' lang='grc' dir='ltr'>οὓς</span> <span class='ocrx_word' id='word_1_462' title='bbox 1942 3713 2042 3787; x_wconf 76' lang='grc' dir='ltr'>γὰρ</span> 
     </span>
    </p>
   </div>
   <div class='ocr_carea' id='block_1_74' title="bbox 385 3794 2042 3876">
    <p class='ocr_par' dir='ltr' id='par_1_74' title="bbox 385 3794 2042 3876">
     <span class='ocr_line' id='line_1_74' title="bbox 385 3794 2042 3876; baseline 0.001 -24"><span class='ocrx_word' id='word_1_463' title='bbox 385 3797 776 3874; x_wconf 74' lang='grc' dir='ltr'>παρῃτούμεθα</span> <span class='ocrx_word' id='word_1_464' title='bbox 809 3794 901 3852; x_wconf 74' lang='grc' dir='ltr'>διὰ</span> <span class='ocrx_word' id='word_1_465' title='bbox 946 3799 1046 3867; x_wconf 73' lang='grc' dir='ltr'>τὴν</span> <span class='ocrx_word' id='word_1_466' title='bbox 1096 3798 1370 3874; x_wconf 73' lang='grc' dir='ltr'>Ἀρειανὴν</span> <span class='ocrx_word' id='word_1_467' title='bbox 1422 3797 1642 3876; x_wconf 70' lang='grc' dir='ltr'>α’ίρεσιν,</span> <span class='ocrx_word' id='word_1_468' title='bbox 1677 3799 1824 3854; x_wconf 75' lang='grc' dir='ltr'>οὗτοι</span> <span class='ocrx_word' id='word_1_469' title='bbox 1876 3821 2042 3854; x_wconf 90' lang='grc' dir='ltr'>σπου-</span> 
     </span>
    </p>
   </div>
   <div class='ocr_carea' id='block_1_75' title="bbox 386 3884 2044 3964">
    <p class='ocr_par' dir='ltr' id='par_1_75' title="bbox 386 3884 2044 3964">
     <span class='ocr_line' id='line_1_75' title="bbox 386 3884 2044 3964; baseline 0.001 -23"><span class='ocrx_word' id='word_1_470' title='bbox 386 3884 551 3948; x_wconf 85' lang='grc' dir='ltr'>δαίως</span> <span class='ocrx_word' id='word_1_471' title='bbox 608 3885 875 3958; x_wconf 80' lang='grc' dir='ltr'>ἀπῆλθον,</span> <span class='ocrx_word' id='word_1_472' title='bbox 944 3887 1205 3963; x_wconf 85' lang='grc' dir='ltr'>Διόγνιος,</span> <span class='ocrx_word' id='word_1_473' title='bbox 1268 3886 1461 3964; x_wconf 85' lang='grc' dir='ltr'>Μάρις,</span> <span class='ocrx_word' id='word_1_474' title='bbox 1518 3886 1815 3964; x_wconf 84' lang='grc' dir='ltr'>Θεόδωρος,</span> <span class='ocrx_word' id='word_1_475' title='bbox 1867 3894 2044 3944; x_wconf 85' lang='grc' dir='ltr'>Μακε-</span> 
     </span>
    </p>
   </div>
   <div class='ocr_carea' id='block_1_76' title="bbox 384 3972 2046 4054">
    <p class='ocr_par' dir='ltr' id='par_1_76' title="bbox 384 3972 2046 4054">
     <span class='ocr_line' id='line_1_76' title="bbox 384 3972 2046 4054; baseline 0.001 -25"><span class='ocrx_word' id='word_1_476' title='bbox 384 3972 581 4047; x_wconf 86' lang='grc' dir='ltr'>δόνιος,</span> <span class='ocrx_word' id='word_1_477' title='bbox 628 3974 924 4052; x_wconf 83' lang='grc' dir='ltr'>Ούρσάκιος</span> <span class='ocrx_word' id='word_1_478' title='bbox 980 3975 1069 4031; x_wconf 81' lang='grc' dir='ltr'>καὶ</span> <span class='ocrx_word' id='word_1_479' title='bbox 1124 3974 1362 4047; x_wconf 79' lang='grc' dir='ltr'>Οὐάλης.</span> <span class='ocrx_word' id='word_1_480' title='bbox 1414 3976 1585 4032; x_wconf 78' lang='grc' dir='ltr'>Πάλιν</span> <span class='ocrx_word' id='word_1_481' title='bbox 1639 3999 1697 4032; x_wconf 89' lang='grc' dir='ltr'>τε</span> <span class='ocrx_word' id='word_1_482' title='bbox 1752 3977 2046 4054; x_wconf 77' lang='grc' dir='ltr'>γράμματα</span> 
     </span>
    </p>
   </div>
   <div class='ocr_carea' id='block_1_77' title="bbox 382 4062 2041 4144">
    <p class='ocr_par' dir='ltr' id='par_1_77' title="bbox 382 4062 2041 4144">
     <span class='ocr_line' id='line_1_77' title="bbox 382 4062 2041 4144; baseline 0.001 -25"><span class='ocrx_word' id='word_1_483' title='bbox 382 4065 520 4142; x_wconf 89' lang='grc' dir='ltr'>πρὸς</span> <span class='ocrx_word' id='word_1_484' title='bbox 593 4066 686 4120; x_wconf 88' lang='grc' dir='ltr'>τὸν</span> <span class='ocrx_word' id='word_1_485' title='bbox 740 4062 980 4142; x_wconf 76' lang='grc' dir='ltr'>ἔπαρχον</span> <span class='ocrx_word' id='word_1_486' title='bbox 1029 4074 1129 4136; x_wconf 76' lang='grc' dir='ltr'>τῆς</span> <span class='ocrx_word' id='word_1_487' title='bbox 1181 4065 1480 4142; x_wconf 88' lang='grc' dir='ltr'>Αἰγύπτου,</span> <span class='ocrx_word' id='word_1_488' title='bbox 1529 4066 1617 4121; x_wconf 77' lang='grc' dir='ltr'>καὶ</span> <span class='ocrx_word' id='word_1_489' title='bbox 1681 4069 2041 4144; x_wconf 83' lang='grc' dir='ltr'>στρατιωτικὴ</span> 
     </span>
    </p>
   </div>
   <div class='ocr_carea' id='block_1_78' title="bbox 382 4143 2042 4234">
    <p class='ocr_par' dir='ltr' id='par_1_78' title="bbox 382 4143 2042 4232">
     <span class='ocr_line' id='line_1_78' title="bbox 382 4143 2042 4232; baseline 0.003 -27"><span class='ocrx_word' id='word_1_490' title='bbox 382 4149 705 4229; x_wconf 74' lang='grc' dir='ltr'>δορυφορία,</span> <span class='ocrx_word' id='word_1_491' title='bbox 753 4143 842 4208; x_wconf 63' lang='grc' dir='ltr'>καί</span> <span class='ocrx_word' id='word_1_492' title='bbox 899 4153 961 4208; x_wconf 89' lang='grc' dir='ltr'>τό</span> <span class='ocrx_word' id='word_1_493' title='bbox 1018 4175 1079 4229; x_wconf 93' lang='grc' dir='ltr'>γε</span> <span class='ocrx_word' id='word_1_494' title='bbox 1136 4156 1442 4228; x_wconf 87' lang='grc' dir='ltr'>θαυμαστὸν</span> <span class='ocrx_word' id='word_1_495' title='bbox 1496 4156 1584 4210; x_wconf 73' lang='grc' dir='ltr'>καὶ</span> <span class='ocrx_word' id='word_1_496' title='bbox 1644 4155 1820 4226; x_wconf 80' lang='grc' dir='ltr'>πάσης</span> <span class='ocrx_word' id='word_1_497' title='bbox 1881 4157 2042 4232; x_wconf 82' lang='grc' dir='ltr'>ὑπερ-</span> 
     </span>
    </p>
   </div>
   <div class='ocr_carea' id='block_1_79' title="bbox 384 4239 2047 4321">
    <p class='ocr_par' dir='ltr' id='par_1_79' title="bbox 384 4239 2047 4321">
     <span class='ocr_line' id='line_1_79' title="bbox 384 4239 2047 4321; baseline 0.003 -27"><span class='ocrx_word' id='word_1_498' title='bbox 384 4241 540 4314; x_wconf 76' lang='grc' dir='ltr'>οψίας</span> <span class='ocrx_word' id='word_1_499' title='bbox 570 4239 756 4316; x_wconf 87' lang='grc' dir='ltr'>γέμον,</span> <span class='ocrx_word' id='word_1_500' title='bbox 791 4241 1072 4317; x_wconf 76' lang='grc' dir='ltr'>Μακάριόν</span> <span class='ocrx_word' id='word_1_501' title='bbox 1135 4244 1229 4315; x_wconf 71' lang='grc' dir='ltr'>μὲν</span> <span class='ocrx_word' id='word_1_502' title='bbox 1281 4245 1370 4298; x_wconf 85' lang='grc' dir='ltr'>τὸν</span> <span class='ocrx_word' id='word_1_503' title='bbox 1426 4245 1898 4321; x_wconf 82' lang='grc' dir='ltr'>κατηγορούμενον</span> <span class='ocrx_word' id='word_1_504' title='bbox 1956 4267 2047 4300; x_wconf 87' lang='grc' dir='ltr'>πε-</span> 
     </span>
    </p>
   </div>
   <div class='ocr_carea' id='block_1_80' title="bbox 384 4327 2042 4410">
    <p class='ocr_par' dir='ltr' id='par_1_80' title="bbox 384 4327 2042 4410">
     <span class='ocr_line' id='line_1_80' title="bbox 384 4327 2042 4410; baseline 0.003 -26"><span class='ocrx_word' id='word_1_505' title='bbox 384 4332 647 4400; x_wconf 81' lang='grc' dir='ltr'>ποιήκασι</span> <span class='ocrx_word' id='word_1_506' title='bbox 697 4327 786 4383; x_wconf 77' lang='grc' dir='ltr'>διὰ</span> <span class='ocrx_word' id='word_1_507' title='bbox 834 4336 1177 4405; x_wconf 80' lang='grc' dir='ltr'>στρατιωτῶν</span> <span class='ocrx_word' id='word_1_508' title='bbox 1225 4332 1536 4405; x_wconf 82' lang='grc' dir='ltr'>ἀπομεῖναι,</span> <span class='ocrx_word' id='word_1_509' title='bbox 1565 4334 1655 4387; x_wconf 88' lang='grc' dir='ltr'>τὸν</span> <span class='ocrx_word' id='word_1_510' title='bbox 1706 4331 1762 4388; x_wconf 73' lang='grc' dir='ltr'>δὲ</span> <span class='ocrx_word' id='word_1_511' title='bbox 1808 4338 2042 4410; x_wconf 68' lang='grc' dir='ltr'>κατηγο-</span> 
     </span>
    </p>
   </div>
   <div class='ocr_carea' id='block_1_81' title="bbox 389 4419 2047 4495">
    <p class='ocr_par' dir='ltr' id='par_1_81' title="bbox 389 4419 2047 4495">
     <span class='ocr_line' id='line_1_81' title="bbox 389 4419 2047 4495; baseline 0.004 -23"><span class='ocrx_word' id='word_1_512' title='bbox 389 4439 480 4495; x_wconf 91' lang='grc' dir='ltr'>ρον</span> <span class='ocrx_word' id='word_1_513' title='bbox 524 4420 642 4492; x_wconf 86' lang='grc' dir='ltr'>μεθ’</span> <span class='ocrx_word' id='word_1_514' title='bbox 692 4421 896 4474; x_wconf 71' lang='grc' dir='ltr'>ἑαυτῶν</span> <span class='ocrx_word' id='word_1_515' title='bbox 946 4419 1244 4495; x_wconf 76' lang='grc' dir='ltr'>ἀπήγαγον.</span> <span class='ocrx_word' id='word_1_516' title='bbox 1276 4422 1364 4482; x_wconf 87' lang='grc' dir='ltr'>Τίς</span> <span class='ocrx_word' id='word_1_517' title='bbox 1413 4420 1504 4475; x_wconf 71' lang='grc' dir='ltr'>οὖν</span> <span class='ocrx_word' id='word_1_518' title='bbox 1561 4422 1754 4476; x_wconf 86' lang='grc' dir='ltr'>λοιπὸν</span> <span class='ocrx_word' id='word_1_519' title='bbox 1813 4422 1871 4477; x_wconf 81' lang='grc' dir='ltr'>ἐκ</span> <span class='ocrx_word' id='word_1_520' title='bbox 1924 4424 2047 4478; x_wconf 83' lang='grc' dir='ltr'>τού-</span> 
     </span>
    </p>
   </div>
   <div class='ocr_carea' id='block_1_82' title="bbox 383 4507 2045 4587">
    <p class='ocr_par' dir='ltr' id='par_1_82' title="bbox 383 4507 2045 4587">
     <span class='ocr_line' id='line_1_82' title="bbox 383 4507 2045 4587; baseline 0.003 -26"><span class='ocrx_word' id='word_1_521' title='bbox 383 4529 492 4562; x_wconf 89' lang='grc' dir='ltr'>των</span> <span class='ocrx_word' id='word_1_522' title='bbox 524 4507 586 4562; x_wconf 81' lang='grc' dir='ltr'>ού</span> <span class='ocrx_word' id='word_1_523' title='bbox 616 4510 810 4585; x_wconf 85' lang='grc' dir='ltr'>θεωρεῖ</span> <span class='ocrx_word' id='word_1_524' title='bbox 838 4509 939 4578; x_wconf 78' lang='grc' dir='ltr'>τήν</span> <span class='ocrx_word' id='word_1_525' title='bbox 992 4512 1255 4580; x_wconf 71' lang='grc' dir='ltr'>συσκευήν</span> <span class='ocrx_word' id='word_1_526' title='bbox 1282 4530 1294 4580; x_wconf 88' lang='grc'>;</span> <span class='ocrx_word' id='word_1_527' title='bbox 1325 4510 1412 4572; x_wconf 89' lang='grc' dir='ltr'>Τίς</span> <span class='ocrx_word' id='word_1_528' title='bbox 1465 4510 1526 4565; x_wconf 81' lang='grc' dir='ltr'>ού</span> <span class='ocrx_word' id='word_1_529' title='bbox 1587 4517 1782 4587; x_wconf 81' lang='grc' dir='ltr'>συνορᾷ</span> <span class='ocrx_word' id='word_1_530' title='bbox 1839 4512 2045 4574; x_wconf 87' lang='grc' dir='ltr'>λευκῶς</span> 
     </span>
    </p>
   </div>
   <div class='ocr_carea' id='block_1_83' title="bbox 2154 3357 3796 3428">
    <p class='ocr_par' dir='ltr' id='par_1_83' title="bbox 2154 3357 3796 3428">
     <span class='ocr_line' id='line_1_83' title="bbox 2154 3357 3796 3428; baseline 0.001 -16"><span class='ocrx_word' id='word_1_531' title='bbox 2154 3374 2329 3412; x_wconf 89' lang='lat' dir='ltr'>neum</span> <span class='ocrx_word' id='word_1_532' title='bbox 2361 3374 2487 3412; x_wconf 88' lang='lat' dir='ltr'>esse</span> <span class='ocrx_word' id='word_1_533' title='bbox 2519 3358 2574 3410; x_wconf 90' lang='lat' dir='ltr'>in</span> <span class='ocrx_word' id='word_1_534' title='bbox 2605 3357 2919 3411; x_wconf 88' lang='lat' dir='ltr'>Mareotem</span> <span class='ocrx_word' id='word_1_535' title='bbox 2952 3357 3235 3428; x_wconf 80' lang='lat' dir='ltr'>proﬁcisci</span> <span class='ocrx_word' id='word_1_536' title='bbox 3265 3376 3276 3412; x_wconf 78' lang='grc' dir='ltr'><strong>ε</strong></span> <span class='ocrx_word' id='word_1_537' title='bbox 3316 3373 3421 3412; x_wconf 86' lang='lat' dir='ltr'>nec</span> <span class='ocrx_word' id='word_1_538' title='bbox 3463 3359 3573 3413; x_wconf 92' lang='lat' dir='ltr'>sibi</span> <span class='ocrx_word' id='word_1_539' title='bbox 3606 3359 3796 3414; x_wconf 85' lang='lat' dir='ltr'>simu-</span> 
     </span>
    </p>
   </div>
   <div class='ocr_carea' id='block_1_84' title="bbox 2152 3445 3801 3518">
    <p class='ocr_par' dir='ltr' id='par_1_84' title="bbox 2152 3445 3801 3518">
     <span class='ocr_line' id='line_1_84' title="bbox 2152 3445 3801 3518; baseline 0.002 -18"><span class='ocrx_word' id='word_1_540' title='bbox 2152 3445 2394 3501; x_wconf 88' lang='lat' dir='ltr'>landum</span> <span class='ocrx_word' id='word_1_541' title='bbox 2425 3462 2572 3514; x_wconf 91' lang='lat' dir='ltr'>esse,</span> <span class='ocrx_word' id='word_1_542' title='bbox 2608 3446 2775 3518; x_wconf 90' lang='lat' dir='ltr'>quasi</span> <span class='ocrx_word' id='word_1_543' title='bbox 2809 3464 2936 3517; x_wconf 71' lang='lat' dir='ltr'>quae</span> <span class='ocrx_word' id='word_1_544' title='bbox 2974 3447 3196 3517; x_wconf 84' lang='lat' dir='ltr'>jamdiu</span> <span class='ocrx_word' id='word_1_545' title='bbox 3247 3446 3510 3501; x_wconf 89' lang='lat' dir='ltr'>meditati</span> <span class='ocrx_word' id='word_1_546' title='bbox 3569 3448 3801 3503; x_wconf 86' lang='lat' dir='ltr'>fuerant</span> 
     </span>
    </p>
   </div>
   <div class='ocr_carea' id='block_1_85' title="bbox 2154 3535 3772 3606">
    <p class='ocr_par' dir='ltr' id='par_1_85' title="bbox 2154 3535 3772 3606">
     <span class='ocr_line' id='line_1_85' title="bbox 2154 3535 3772 3606; baseline 0.002 -18"><span class='ocrx_word' id='word_1_547' title='bbox 2154 3535 2415 3590; x_wconf 89' lang='lat' dir='ltr'>nondum</span> <span class='ocrx_word' id='word_1_548' title='bbox 2447 3536 2591 3590; x_wconf 88' lang='lat' dir='ltr'>satis</span> <span class='ocrx_word' id='word_1_549' title='bbox 2622 3535 3034 3599; x_wconf 86' lang='lat' dir='ltr'>declarassent,</span> <span class='ocrx_word' id='word_1_550' title='bbox 3062 3550 3249 3605; x_wconf 90' lang='lat' dir='ltr'>neque</span> <span class='ocrx_word' id='word_1_551' title='bbox 3281 3535 3772 3606; x_wconf 86' lang='lat' dir='ltr'>comperendinan</span> 
     </span>
    </p>
   </div>
   <div class='ocr_carea' id='block_1_86' title="bbox 2153 3622 3794 3696">
    <p class='ocr_par' dir='ltr' id='par_1_86' title="bbox 2153 3622 3794 3696">
     <span class='ocr_line' id='line_1_86' title="bbox 2153 3622 3794 3696; baseline 0.001 -18"><span class='ocrx_word' id='word_1_552' title='bbox 2153 3625 2334 3691; x_wconf 90' lang='lat' dir='ltr'>dum;</span> <span class='ocrx_word' id='word_1_553' title='bbox 2370 3623 2583 3694; x_wconf 90' lang='lat' dir='ltr'>quippe</span> <span class='ocrx_word' id='word_1_554' title='bbox 2611 3624 2707 3694; x_wconf 91' lang='lat' dir='ltr'>qui</span> <span class='ocrx_word' id='word_1_555' title='bbox 2743 3639 2876 3678; x_wconf 89' lang='lat' dir='ltr'>cum</span> <span class='ocrx_word' id='word_1_556' title='bbox 2909 3622 3106 3678; x_wconf 90' lang='lat' dir='ltr'>omnia</span> <span class='ocrx_word' id='word_1_557' title='bbox 3136 3623 3194 3677; x_wconf 93' lang='lat' dir='ltr'>in</span> <span class='ocrx_word' id='word_1_558' title='bbox 3229 3623 3490 3678; x_wconf 89' lang='lat' dir='ltr'>medium</span> <span class='ocrx_word' id='word_1_559' title='bbox 3517 3625 3794 3696; x_wconf 87' lang='lat' dir='ltr'>protulis-</span> 
     </span>
    </p>
   </div>
   <div class='ocr_carea' id='block_1_87' title="bbox 2154 3713 3799 3785">
    <p class='ocr_par' dir='ltr' id='par_1_87' title="bbox 2154 3713 3799 3785">
     <span class='ocr_line' id='line_1_87' title="bbox 2154 3713 3799 3785; baseline 0.001 -17"><span class='ocrx_word' id='word_1_560' title='bbox 2154 3720 2280 3768; x_wconf 89' lang='lat' dir='ltr'>sent</span> <span class='ocrx_word' id='word_1_561' title='bbox 2313 3730 2441 3785; x_wconf 85' lang='lat' dir='ltr'>quae</span> <span class='ocrx_word' id='word_1_562' title='bbox 2472 3713 2583 3767; x_wconf 92' lang='lat' dir='ltr'>sibi</span> <span class='ocrx_word' id='word_1_563' title='bbox 2618 3713 2866 3767; x_wconf 87' lang='lat' dir='ltr'>dicenda</span> <span class='ocrx_word' id='word_1_564' title='bbox 2896 3715 3288 3784; x_wconf 85' lang='lat' dir='ltr'>suppeterent,</span> <span class='ocrx_word' id='word_1_565' title='bbox 3343 3713 3468 3782; x_wconf 85' lang='lat' dir='ltr'>jam</span> <span class='ocrx_word' id='word_1_566' title='bbox 3511 3713 3799 3770; x_wconf 68' lang='lat' dir='ltr'>haerentes</span> 
     </span>
    </p>
   </div>
   <div class='ocr_carea' id='block_1_88' title="bbox 2151 3801 3796 3874">
    <p class='ocr_par' dir='ltr' id='par_1_88' title="bbox 2151 3801 3796 3874">
     <span class='ocr_line' id='line_1_88' title="bbox 2151 3801 3796 3874; baseline 0.001 -18"><span class='ocrx_word' id='word_1_567' title='bbox 2151 3805 2710 3874; x_wconf 73' lang='lat' dir='ltr'>tergiversarentﬂr;</span> <span class='ocrx_word' id='word_1_568' title='bbox 2746 3802 2900 3872; x_wconf 85' lang='lat' dir='ltr'>quod</span> <span class='ocrx_word' id='word_1_569' title='bbox 2933 3802 2981 3856; x_wconf 91' lang='lat' dir='ltr'>si</span> <span class='ocrx_word' id='word_1_570' title='bbox 3014 3801 3251 3856; x_wconf 91' lang='lat' dir='ltr'>omnino</span> <span class='ocrx_word' id='word_1_571' title='bbox 3275 3801 3566 3871; x_wconf 80' lang='lat' dir='ltr'>legatione</span> <span class='ocrx_word' id='word_1_572' title='bbox 3587 3803 3644 3856; x_wconf 91' lang='lat' dir='ltr'>in</span> <span class='ocrx_word' id='word_1_573' title='bbox 3670 3803 3796 3858; x_wconf 87' lang='lat' dir='ltr'>Ma-</span> 
     </span>
    </p>
   </div>
   <div class='ocr_carea' id='block_1_89' title="bbox 2155 3890 3798 3962">
    <p class='ocr_par' dir='ltr' id='par_1_89' title="bbox 2155 3890 3798 3962">
     <span class='ocr_line' id='line_1_89' title="bbox 2155 3890 3798 3962; baseline 0.001 -16"><span class='ocrx_word' id='word_1_574' title='bbox 2155 3897 2368 3948; x_wconf 88' lang='lat' dir='ltr'>reotem</span> <span class='ocrx_word' id='word_1_575' title='bbox 2402 3908 2548 3962; x_wconf 90' lang='lat' dir='ltr'>opus</span> <span class='ocrx_word' id='word_1_576' title='bbox 2581 3895 2752 3960; x_wconf 89' lang='lat' dir='ltr'>esset,</span> <span class='ocrx_word' id='word_1_577' title='bbox 2787 3907 2857 3945; x_wconf 92' lang='lat' dir='ltr'>ne</span> <span class='ocrx_word' id='word_1_578' title='bbox 2889 3891 3097 3945; x_wconf 89' lang='lat' dir='ltr'>saltem</span> <span class='ocrx_word' id='word_1_579' title='bbox 3131 3893 3382 3962; x_wconf 89' lang='lat' dir='ltr'>suspecti</span> <span class='ocrx_word' id='word_1_580' title='bbox 3414 3890 3522 3945; x_wconf 89' lang='lat' dir='ltr'>viri</span> <span class='ocrx_word' id='word_1_581' title='bbox 3564 3909 3628 3946; x_wconf 89' lang='lat' dir='ltr'>eo</span> <span class='ocrx_word' id='word_1_582' title='bbox 3661 3891 3798 3947; x_wconf 89' lang='lat' dir='ltr'>mit-</span> 
     </span>
    </p>
   </div>
   <div class='ocr_carea' id='block_1_90' title="bbox 2153 3981 3800 4053">
    <p class='ocr_par' dir='ltr' id='par_1_90' title="bbox 2153 3981 3800 4053">
     <span class='ocr_line' id='line_1_90' title="bbox 2153 3981 3800 4053; baseline -0.001 -16"><span class='ocrx_word' id='word_1_583' title='bbox 2153 3985 2431 4037; x_wconf 86' lang='lat' dir='ltr'>terentur.</span> <span class='ocrx_word' id='word_1_584' title='bbox 2458 3981 2524 4035; x_wconf 71' lang='lat' dir='ltr'>E&#39;t</span> <span class='ocrx_word' id='word_1_585' title='bbox 2556 3996 2697 4035; x_wconf 89' lang='lat' dir='ltr'>sane</span> <span class='ocrx_word' id='word_1_586' title='bbox 2726 3998 2921 4036; x_wconf 89' lang='lat' dir='ltr'>comes</span> <span class='ocrx_word' id='word_1_587' title='bbox 2953 3985 3238 4053; x_wconf 90' lang='lat' dir='ltr'>quantum</span> <span class='ocrx_word' id='word_1_588' title='bbox 3270 3981 3340 4036; x_wconf 85' lang='lat' dir='ltr'>ad</span> <span class='ocrx_word' id='word_1_589' title='bbox 3374 3985 3678 4053; x_wconf 89' lang='lat' dir='ltr'>suspectos</span> <span class='ocrx_word' id='word_1_590' title='bbox 3709 3986 3800 4037; x_wconf 89' lang='lat' dir='ltr'>at-</span> 
     </span>
    </p>
   </div>
   <div class='ocr_carea' id='block_1_91' title="bbox 2152 4068 3801 4126">
    <p class='ocr_par' dir='ltr' id='par_1_91' title="bbox 2152 4068 3801 4126">
     <span class='ocr_line' id='line_1_91' title="bbox 2152 4068 3801 4126; baseline 0.001 -2"><span class='ocrx_word' id='word_1_591' title='bbox 2152 4069 2300 4125; x_wconf 88' lang='lat' dir='ltr'>tinet</span> <span class='ocrx_word' id='word_1_592' title='bbox 2333 4069 2499 4124; x_wconf 90' lang='lat' dir='ltr'>nobis</span> <span class='ocrx_word' id='word_1_593' title='bbox 2531 4069 2824 4123; x_wconf 88' lang='lat' dir='ltr'>annuebat</span> <span class='ocrx_word' id='word_1_594' title='bbox 2847 4090 2865 4123; x_wconf 83' lang='lat'>.-</span> <span class='ocrx_word' id='word_1_595' title='bbox 2899 4068 2982 4122; x_wconf 90' lang='lat' dir='ltr'>illi</span> <span class='ocrx_word' id='word_1_596' title='bbox 3022 4087 3155 4123; x_wconf 88' lang='lat' dir='ltr'>vero</span> <span class='ocrx_word' id='word_1_597' title='bbox 3195 4086 3224 4124; x_wconf 91' lang='lat' dir='ltr'>e</span> <span class='ocrx_word' id='word_1_598' title='bbox 3279 4070 3570 4125; x_wconf 89' lang='lat' dir='ltr'>contrario</span> <span class='ocrx_word' id='word_1_599' title='bbox 3603 4069 3801 4126; x_wconf 86' lang='lat' dir='ltr'>omnia</span> 
     </span>
    </p>
   </div>
   <div class='ocr_carea' id='block_1_92' title="bbox 2153 4149 3802 4230">
    <p class='ocr_par' dir='ltr' id='par_1_92' title="bbox 2153 4149 3802 4230">
     <span class='ocr_line' id='line_1_92' title="bbox 2153 4149 3802 4230; baseline 0.001 -18"><span class='ocrx_word' id='word_1_600' title='bbox 2153 4173 2358 4230; x_wconf 85' lang='lat' dir='ltr'>egere;</span> <span class='ocrx_word' id='word_1_601' title='bbox 2393 4174 2527 4212; x_wconf 89' lang='lat' dir='ltr'>nam</span> <span class='ocrx_word' id='word_1_602' title='bbox 2563 4149 2721 4229; x_wconf 88' lang='lat' dir='ltr'>quos</span> <span class='ocrx_word' id='word_1_603' title='bbox 2741 4156 2959 4212; x_wconf 74' lang='lat' dir='ltr'>Arianae</span> <span class='ocrx_word' id='word_1_604' title='bbox 2982 4157 3264 4213; x_wconf 68' lang='lat' dir='ltr'>haereseos</span> <span class='ocrx_word' id='word_1_605' title='bbox 3287 4175 3464 4213; x_wconf 86' lang='lat' dir='ltr'>causa</span> <span class='ocrx_word' id='word_1_606' title='bbox 3485 4159 3802 4214; x_wconf 88' lang='lat' dir='ltr'>recusaba-</span> 
     </span>
    </p>
   </div>
   <div class='ocr_carea' id='block_1_93' title="bbox 2155 4245 3800 4319">
    <p class='ocr_par' dir='ltr' id='par_1_93' title="bbox 2155 4245 3800 4319">
     <span class='ocr_line' id='line_1_93' title="bbox 2155 4245 3800 4319; baseline 0.001 -18"><span class='ocrx_word' id='word_1_607' title='bbox 2155 4263 2309 4314; x_wconf 89' lang='lat' dir='ltr'>mus,</span> <span class='ocrx_word' id='word_1_608' title='bbox 2342 4245 2426 4299; x_wconf 91' lang='lat' dir='ltr'>illi</span> <span class='ocrx_word' id='word_1_609' title='bbox 2457 4246 2566 4317; x_wconf 90' lang='lat' dir='ltr'>ipsi</span> <span class='ocrx_word' id='word_1_610' title='bbox 2594 4263 2768 4315; x_wconf 88' lang='lat' dir='ltr'>quam</span> <span class='ocrx_word' id='word_1_611' title='bbox 2796 4247 3050 4316; x_wconf 90' lang='lat' dir='ltr'>primum</span> <span class='ocrx_word' id='word_1_612' title='bbox 3074 4251 3213 4300; x_wconf 91' lang='lat' dir='ltr'>sunt</span> <span class='ocrx_word' id='word_1_613' title='bbox 3233 4247 3494 4317; x_wconf 79' lang='lat' dir='ltr'>profecti,</span> <span class='ocrx_word' id='word_1_614' title='bbox 3523 4247 3800 4319; x_wconf 86' lang='lat' dir='ltr'>Diognius</span> 
     </span>
    </p>
   </div>
   <div class='ocr_carea' id='block_1_94' title="bbox 2155 4334 3802 4404">
    <p class='ocr_par' dir='ltr' id='par_1_94' title="bbox 2155 4334 3802 4404">
     <span class='ocr_line' id='line_1_94' title="bbox 2155 4334 3802 4404; baseline 0 -14"><span class='ocrx_word' id='word_1_615' title='bbox 2155 4335 2392 4404; x_wconf 87' lang='lat' dir='ltr'>scilicet,</span> <span class='ocrx_word' id='word_1_616' title='bbox 2416 4338 2505 4388; x_wconf 87' lang='lat' dir='ltr'>Ma</span> <span class='ocrx_word' id='word_1_617' title='bbox 2520 4334 2622 4398; x_wconf 91' lang='lat' dir='ltr'>ris,</span> <span class='ocrx_word' id='word_1_618' title='bbox 2645 4335 3004 4400; x_wconf 88' lang='lat' dir='ltr'>Theodorus,</span> <span class='ocrx_word' id='word_1_619' title='bbox 3029 4334 3718 4404; x_wconf 87' lang='lat' dir='ltr'>Macedonius,Ursacius</span> <span class='ocrx_word' id='word_1_620' title='bbox 3743 4340 3802 4390; x_wconf 90' lang='lat' dir='ltr'>et</span> 
     </span>
    </p>
   </div>
   <div class='ocr_carea' id='block_1_95' title="bbox 2153 4422 3799 4494">
    <p class='ocr_par' dir='ltr' id='par_1_95' title="bbox 2153 4422 3799 4494">
     <span class='ocr_line' id='line_1_95' title="bbox 2153 4422 3799 4494; baseline 0.002 -19"><span class='ocrx_word' id='word_1_621' title='bbox 2153 4423 2368 4478; x_wconf 82' lang='lat' dir='ltr'>Valens</span> <span class='ocrx_word' id='word_1_622' title='bbox 2436 4422 2582 4477; x_wconf 87' lang='lat' dir='ltr'>Ilinc</span> <span class='ocrx_word' id='word_1_623' title='bbox 2610 4423 2809 4478; x_wconf 72' lang='lat' dir='ltr'>litterze</span> <span class='ocrx_word' id='word_1_624' title='bbox 2866 4424 2937 4476; x_wconf 87' lang='lat' dir='ltr'>ad</span> <span class='ocrx_word' id='word_1_625' title='bbox 2993 4423 3330 4493; x_wconf 74' lang='lat' dir='ltr'>praefectum</span> <span class='ocrx_word' id='word_1_626' title='bbox 3361 4422 3626 4494; x_wconf 69' lang='lat' dir='ltr'>ZEgypti:</span> <span class='ocrx_word' id='word_1_627' title='bbox 3662 4423 3799 4478; x_wconf 90' lang='lat' dir='ltr'>hinc</span> 
     </span>
    </p>
   </div>
   <div class='ocr_carea' id='block_1_96' title="bbox 2155 4511 3798 4581">
    <p class='ocr_par' dir='ltr' id='par_1_96' title="bbox 2155 4511 3798 4581">
     <span class='ocr_line' id='line_1_96' title="bbox 2155 4511 3798 4581; baseline -0.001 -13"><span class='ocrx_word' id='word_1_628' title='bbox 2155 4512 2405 4568; x_wconf 86' lang='lat' dir='ltr'>militare</span> <span class='ocrx_word' id='word_1_629' title='bbox 2427 4511 2744 4567; x_wconf 90' lang='lat' dir='ltr'>satellitum</span> <span class='ocrx_word' id='word_1_630' title='bbox 2771 4511 3052 4566; x_wconf 87' lang='lat' dir='ltr'>missum:</span> <span class='ocrx_word' id='word_1_631' title='bbox 3078 4512 3351 4581; x_wconf 88' lang='lat' dir='ltr'>quodque</span> <span class='ocrx_word' id='word_1_632' title='bbox 3383 4511 3798 4567; x_wconf 88' lang='lat' dir='ltr'>admirandum</span> 
     </span>
    </p>
   </div>
   <div class='ocr_carea' id='block_1_97' title="bbox 381 4592 2039 4685">
    <p class='ocr_par' dir='ltr' id='par_1_97' title="bbox 381 4592 2039 4676">
     <span class='ocr_line' id='line_1_97' title="bbox 381 4592 2039 4676; baseline 0.002 -25"><span class='ocrx_word' id='word_1_633' title='bbox 381 4602 490 4652; x_wconf 88' lang='grc' dir='ltr'>τῶν</span> <span class='ocrx_word' id='word_1_634' title='bbox 543 4600 668 4673; x_wconf 73' lang='grc' dir='ltr'>περῗ</span> <span class='ocrx_word' id='word_1_635' title='bbox 726 4592 984 4652; x_wconf 73' lang='grc' dir='ltr'>Εύσέϐιον</span> <span class='ocrx_word' id='word_1_636' title='bbox 1041 4600 1142 4667; x_wconf 80' lang='grc' dir='ltr'>τήν</span> <span class='ocrx_word' id='word_1_637' title='bbox 1193 4600 1489 4674; x_wconf 83' lang='grc' dir='ltr'>πονηρίαν;</span> <span class='ocrx_word' id='word_1_638' title='bbox 1541 4600 1604 4654; x_wconf 86' lang='grc' dir='ltr'>Εἰ</span> <span class='ocrx_word' id='word_1_639' title='bbox 1661 4602 1761 4675; x_wconf 74' lang='grc' dir='ltr'>γαρ</span> <span class='ocrx_word' id='word_1_640' title='bbox 1817 4601 2039 4676; x_wconf 84' lang='grc' dir='ltr'>κρίσεως</span> 
     </span>
    </p>
   </div>
   <div class='ocr_carea' id='block_1_98' title="bbox 2158 4592 3802 4685">
    <p class='ocr_par' dir='ltr' id='par_1_98' title="bbox 2158 4599 3802 4671">
     <span class='ocr_line' id='line_1_98' title="bbox 2158 4599 3802 4671; baseline -0.001 -15"><span class='ocrx_word' id='word_1_641' title='bbox 2158 4606 2242 4656; x_wconf 88' lang='lat' dir='ltr'>est</span> <span class='ocrx_word' id='word_1_642' title='bbox 2271 4618 2336 4656; x_wconf 88' lang='lat' dir='ltr'>ac</span> <span class='ocrx_word' id='word_1_643' title='bbox 2385 4600 2920 4671; x_wconf 81' lang='lat' dir='ltr'>suspiciossimum,</span> <span class='ocrx_word' id='word_1_644' title='bbox 2968 4599 3217 4654; x_wconf 86' lang='lat' dir='ltr'>Macario</span> <span class='ocrx_word' id='word_1_645' title='bbox 3267 4599 3364 4669; x_wconf 92' lang='lat' dir='ltr'>qui</span> <span class='ocrx_word' id='word_1_646' title='bbox 3413 4601 3802 4655; x_wconf 89' lang='lat' dir='ltr'>accusabatur</span> 
     </span>
    </p>
   </div>
   <div class='ocr_carea' id='block_1_99' title="bbox 387 4685 2041 4766">
    <p class='ocr_par' dir='ltr' id='par_1_99' title="bbox 387 4685 2041 4766">
     <span class='ocr_line' id='line_1_99' title="bbox 387 4685 2041 4766; baseline 0.004 -29"><span class='ocrx_word' id='word_1_647' title='bbox 387 4686 454 4754; x_wconf 75' lang='grc' dir='ltr'>ἦν</span> <span class='ocrx_word' id='word_1_648' title='bbox 492 4685 544 4739; x_wconf 83' lang='grc' dir='ltr'>ἐν</span> <span class='ocrx_word' id='word_1_649' title='bbox 588 4691 667 4758; x_wconf 81' lang='grc' dir='ltr'>τῷ</span> <span class='ocrx_word' id='word_1_650' title='bbox 712 4688 980 4763; x_wconf 79' lang='grc' dir='ltr'>Μαρεώτῃ</span> <span class='ocrx_word' id='word_1_651' title='bbox 1036 4687 1214 4764; x_wconf 79' lang='grc' dir='ltr'>χρεία,</span> <span class='ocrx_word' id='word_1_652' title='bbox 1249 4685 1357 4742; x_wconf 79' lang='grc' dir='ltr'>ἔδει</span> <span class='ocrx_word' id='word_1_653' title='bbox 1413 4689 1500 4743; x_wconf 75' lang='grc' dir='ltr'>καὶ</span> <span class='ocrx_word' id='word_1_654' title='bbox 1557 4687 1650 4744; x_wconf 76' lang='grc' dir='ltr'>τὸν</span> <span class='ocrx_word' id='word_1_655' title='bbox 1705 4689 2041 4766; x_wconf 85' lang='grc' dir='ltr'>κατηγορού-</span> 
     </span>
    </p>
   </div>
   <div class='ocr_carea' id='block_1_100' title="bbox 391 4774 2041 4854">
    <p class='ocr_par' dir='ltr' id='par_1_100' title="bbox 391 4774 2041 4854">
     <span class='ocr_line' id='line_1_100' title="bbox 391 4774 2041 4854; baseline 0.003 -26"><span class='ocrx_word' id='word_1_656' title='bbox 391 4795 545 4846; x_wconf 81' lang='grc' dir='ltr'>μενον</span> <span class='ocrx_word' id='word_1_657' title='bbox 576 4774 1005 4831; x_wconf 85' lang='grc' dir='ltr'>ἀποστέλλεσθαι</span> <span class='ocrx_word' id='word_1_658' title='bbox 1037 4799 1049 4810; x_wconf 86' lang='grc'><strong>·</strong></span> <span class='ocrx_word' id='word_1_659' title='bbox 1086 4777 1130 4831; x_wconf 90' lang='grc' dir='ltr'>εἰ</span> <span class='ocrx_word' id='word_1_660' title='bbox 1164 4775 1221 4831; x_wconf 77' lang='grc' dir='ltr'>δὲ</span> <span class='ocrx_word' id='word_1_661' title='bbox 1252 4780 1326 4849; x_wconf 73' lang='grc' dir='ltr'>μὴ</span> <span class='ocrx_word' id='word_1_662' title='bbox 1361 4778 1588 4854; x_wconf 87' lang='grc' dir='ltr'>κρίσεως</span> <span class='ocrx_word' id='word_1_663' title='bbox 1636 4775 1809 4833; x_wconf 75' lang='grc' dir='ltr'>ἕνεκεν</span> <span class='ocrx_word' id='word_1_664' title='bbox 1865 4779 2041 4853; x_wconf 69' lang='grc' dir='ltr'>ἀπήρ-</span> 
     </span>
    </p>
   </div>
   <div class='ocr_carea' id='block_1_101' title="bbox 387 4861 2041 4944">
    <p class='ocr_par' dir='ltr' id='par_1_101' title="bbox 387 4861 2041 4944">
     <span class='ocr_line' id='line_1_101' title="bbox 387 4861 2041 4944; baseline 0.004 -29"><span class='ocrx_word' id='word_1_665' title='bbox 387 4881 573 4936; x_wconf 91' lang='grc' dir='ltr'>χοντο,</span> <span class='ocrx_word' id='word_1_666' title='bbox 604 4861 694 4918; x_wconf 75' lang='grc' dir='ltr'>διὰ</span> <span class='ocrx_word' id='word_1_667' title='bbox 741 4864 794 4918; x_wconf 88' lang='grc' dir='ltr'>τί</span> <span class='ocrx_word' id='word_1_668' title='bbox 840 4865 932 4920; x_wconf 86' lang='grc' dir='ltr'>τὸν</span> <span class='ocrx_word' id='word_1_669' title='bbox 978 4869 1283 4942; x_wconf 70' lang='grc' dir='ltr'>κατήγορον</span> <span class='ocrx_word' id='word_1_670' title='bbox 1331 4866 1634 4943; x_wconf 75' lang='grc' dir='ltr'>ἐπήγοντο;</span> <span class='ocrx_word' id='word_1_671' title='bbox 1669 4867 1765 4921; x_wconf 82' lang='grc' dir='ltr'>Καὶ</span> <span class='ocrx_word' id='word_1_672' title='bbox 1807 4869 1906 4944; x_wconf 72' lang='grc' dir='ltr'>γὰρ</span> <span class='ocrx_word' id='word_1_673' title='bbox 1937 4865 2041 4944; x_wconf 77' lang='grc' dir='ltr'>ἤρ-</span> 
     </span>
    </p>
   </div>
   <div class='ocr_carea' id='block_1_102' title="bbox 383 4950 2038 5029">
    <p class='ocr_par' dir='ltr' id='par_1_102' title="bbox 383 4950 2038 5029">
     <span class='ocr_line' id='line_1_102' title="bbox 383 4950 2038 5029; baseline 0.003 -25"><span class='ocrx_word' id='word_1_674' title='bbox 383 4972 487 5023; x_wconf 88' lang='grc' dir='ltr'>κει,</span> <span class='ocrx_word' id='word_1_675' title='bbox 522 4950 604 5006; x_wconf 78' lang='grc' dir='ltr'>ὅτι</span> <span class='ocrx_word' id='word_1_676' title='bbox 663 4954 737 5025; x_wconf 74' lang='grc' dir='ltr'>μὴ</span> <span class='ocrx_word' id='word_1_677' title='bbox 771 4951 1057 5026; x_wconf 79' lang='grc' dir='ltr'>ἀπέδειξεν.</span> <span class='ocrx_word' id='word_1_678' title='bbox 1095 4955 1267 5011; x_wconf 79' lang='grc' dir='ltr'>Ἀλλὰ</span> <span class='ocrx_word' id='word_1_679' title='bbox 1321 4960 1482 5010; x_wconf 72' lang='grc' dir='ltr'>τούτο</span> <span class='ocrx_word' id='word_1_680' title='bbox 1532 4959 1910 5029; x_wconf 71' lang='grc' dir='ltr'>πεποιήκασιν,</span> <span class='ocrx_word' id='word_1_681' title='bbox 1951 4955 2038 5028; x_wconf 70' lang='grc' dir='ltr'>’ίν’,</span> 
     </span>
    </p>
   </div>
   <div class='ocr_carea' id='block_1_103' title="bbox 385 5038 2040 5122">
    <p class='ocr_par' dir='ltr' id='par_1_103' title="bbox 385 5038 2040 5122">
     <span class='ocr_line' id='line_1_103' title="bbox 385 5038 2040 5122; baseline 0.004 -27"><span class='ocrx_word' id='word_1_682' title='bbox 385 5038 571 5110; x_wconf 80' lang='grc' dir='ltr'>ἐπειδὴ</span> <span class='ocrx_word' id='word_1_683' title='bbox 627 5042 866 5118; x_wconf 89' lang='grc' dir='ltr'>παρόντα</span> <span class='ocrx_word' id='word_1_684' title='bbox 920 5044 1012 5098; x_wconf 88' lang='grc' dir='ltr'>τὸν</span> <span class='ocrx_word' id='word_1_685' title='bbox 1054 5040 1416 5121; x_wconf 74' lang='grc' dir='ltr'>πρεσϐύτερον</span> <span class='ocrx_word' id='word_1_686' title='bbox 1469 5045 1567 5101; x_wconf 84' lang='grc' dir='ltr'>ούκ</span> <span class='ocrx_word' id='word_1_687' title='bbox 1615 5044 1864 5122; x_wconf 65' lang='grc' dir='ltr'>ἤλεγξαν,</span> <span class='ocrx_word' id='word_1_688' title='bbox 1914 5052 2040 5101; x_wconf 82' lang='grc' dir='ltr'>τοῦ-</span> 
     </span>
    </p>
   </div>
   <div class='ocr_carea' id='block_1_104' title="bbox 381 5130 2041 5213">
    <p class='ocr_par' dir='ltr' id='par_1_104' title="bbox 381 5130 2041 5213">
     <span class='ocr_line' id='line_1_104' title="bbox 381 5130 2041 5213; baseline 0.006 -29"><span class='ocrx_word' id='word_1_689' title='bbox 381 5151 476 5185; x_wconf 90' lang='grc' dir='ltr'>τον</span> <span class='ocrx_word' id='word_1_690' title='bbox 556 5130 759 5186; x_wconf 83' lang='grc' dir='ltr'>ἀπόντα</span> <span class='ocrx_word' id='word_1_691' title='bbox 843 5133 1290 5207; x_wconf 83' lang='grc' dir='ltr'>συσκευάσωνται,</span> <span class='ocrx_word' id='word_1_692' title='bbox 1372 5136 1461 5191; x_wconf 77' lang='grc' dir='ltr'>καὶ</span> <span class='ocrx_word' id='word_1_693' title='bbox 1545 5137 1874 5213; x_wconf 87' lang='grc' dir='ltr'>τυρεύσωσιν</span> 
     </span>
    </p>
   </div>
   <div class='ocr_carea' id='block_1_105' title="bbox 477 5345 1090 5421">
    <p class='ocr_par' dir='ltr' id='par_1_105' title="bbox 477 5345 1090 5421">
     <span class='ocr_line' id='line_1_105' title="bbox 477 5345 1090 5421; baseline -0.005 -17"><span class='ocrx_word' id='word_1_694' title='bbox 477 5349 568 5421; x_wconf 82' lang='grc'>25)</span> <span class='ocrx_word' id='word_1_695' title='bbox 601 5349 765 5421; x_wconf 61' lang='lat' dir='ltr'>Ptng</span> <span class='ocrx_word' id='word_1_696' title='bbox 799 5345 1090 5421; x_wconf 85' lang='grc' dir='ltr'>Ἀντίνους.</span> 
     </span>
    </p>
   </div>
   <div class='ocr_carea' id='block_1_106' title="bbox 475 5417 2031 5494">
    <p class='ocr_par' dir='ltr' id='par_1_106' title="bbox 475 5417 2031 5494">
     <span class='ocr_line' id='line_1_106' title="bbox 475 5417 2031 5494; baseline 0.003 -19"><span class='ocrx_word' id='word_1_697' title='bbox 475 5417 565 5492; x_wconf 85' lang='lat'>26)</span> <span class='ocrx_word' id='word_1_698' title='bbox 597 5417 768 5492; x_wconf 63' lang='grc' dir='ltr'>Κόμις</span> <span class='ocrx_word' id='word_1_699' title='bbox 798 5420 902 5494; x_wconf 74' lang='grc' dir='ltr'>γᾷρ</span> <span class='ocrx_word' id='word_1_700' title='bbox 931 5420 1076 5494; x_wconf 46' lang='lat' dir='ltr'>sva,</span> <span class='ocrx_word' id='word_1_701' title='bbox 1108 5421 1246 5493; x_wconf 84' lang='lat' dir='ltr'>Reg.</span> <span class='ocrx_word' id='word_1_702' title='bbox 1275 5423 1541 5494; x_wconf 9' lang='lat' dir='ltr'>Inpeditis</span> <span class='ocrx_word' id='word_1_703' title='bbox 1571 5422 1638 5491; x_wconf 72' lang='grc' dir='ltr'>ἦν</span> <span class='ocrx_word' id='word_1_704' title='bbox 1667 5424 1885 5478; x_wconf 86' lang='lat' dir='ltr'>deerat.</span> <span class='ocrx_word' id='word_1_705' title='bbox 1925 5424 2031 5479; x_wconf 82' lang='lat' dir='ltr'>Re-</span> 
     </span>
    </p>
   </div>
   <div class='ocr_carea' id='block_1_107' title="bbox 384 5490 2032 5565">
    <p class='ocr_par' dir='ltr' id='par_1_107' title="bbox 384 5490 2032 5565">
     <span class='ocr_line' id='line_1_107' title="bbox 384 5490 2032 5565; baseline 0.004 -21"><span class='ocrx_word' id='word_1_706' title='bbox 384 5490 516 5565; x_wconf 78' lang='lat' dir='ltr'>gius</span> <span class='ocrx_word' id='word_1_707' title='bbox 538 5490 735 5565; x_wconf 79' lang='lat' dir='ltr'>tamen</span> <span class='ocrx_word' id='word_1_708' title='bbox 758 5490 937 5548; x_wconf 87' lang='lat' dir='ltr'>codex</span> <span class='ocrx_word' id='word_1_709' title='bbox 962 5490 1273 5565; x_wconf 70' lang='lat' dir='ltr'>aliquando</span> <span class='ocrx_word' id='word_1_710' title='bbox 1290 5493 1469 5565; x_wconf 83' lang='grc' dir='ltr'>κόμης</span> <span class='ocrx_word' id='word_1_711' title='bbox 1489 5490 1664 5551; x_wconf 88' lang='lat' dir='ltr'>habet</span> <span class='ocrx_word' id='word_1_712' title='bbox 1684 5497 1742 5550; x_wconf 91' lang='lat' dir='ltr'>in</span> <span class='ocrx_word' id='word_1_713' title='bbox 1763 5495 2032 5554; x_wconf 90' lang='lat' dir='ltr'>nomina-</span> 
     </span>
    </p>
   </div>
   <div class='ocr_carea' id='block_1_108' title="bbox 381 5561 2033 5638">
    <p class='ocr_par' dir='ltr' id='par_1_108' title="bbox 381 5561 2033 5638">
     <span class='ocr_line' id='line_1_108' title="bbox 381 5561 2033 5638; baseline 0.002 -22"><span class='ocrx_word' id='word_1_714' title='bbox 381 5561 498 5617; x_wconf 83' lang='lat' dir='ltr'>tivo</span> <span class='ocrx_word' id='word_1_715' title='bbox 526 5563 622 5630; x_wconf 90' lang='lat' dir='ltr'>;in</span> <span class='ocrx_word' id='word_1_716' title='bbox 645 5565 880 5621; x_wconf 88' lang='lat' dir='ltr'>casibus</span> <span class='ocrx_word' id='word_1_717' title='bbox 902 5561 1096 5621; x_wconf 83' lang='lat' dir='ltr'>autem</span> <span class='ocrx_word' id='word_1_718' title='bbox 1129 5561 1387 5637; x_wconf 81' lang='lat' dir='ltr'>obliquis</span> <span class='ocrx_word' id='word_1_719' title='bbox 1417 5561 1664 5638; x_wconf 81' lang='grc' dir='ltr'>κόμιτος,</span> <span class='ocrx_word' id='word_1_720' title='bbox 1697 5565 1905 5637; x_wconf 85' lang='grc' dir='ltr'>κόμιτι,</span> <span class='ocrx_word' id='word_1_721' title='bbox 1939 5565 2033 5619; x_wconf 80' lang='grc' dir='ltr'>κό-</span> 
     </span>
    </p>
   </div>
   <div class='ocr_carea' id='block_1_109' title="bbox 388 5649 800 5710">
    <p class='ocr_par' dir='ltr' id='par_1_109' title="bbox 388 5649 800 5710">
     <span class='ocr_line' id='line_1_109' title="bbox 388 5649 800 5710; baseline -0.005 0"><span class='ocrx_word' id='word_1_722' title='bbox 388 5649 800 5710; x_wconf 39' lang='lat' dir='ltr'>assumer-</span> 
     </span>
    </p>
   </div>
   <div class='ocr_carea' id='block_1_110' title="bbox 455 5703 2036 5785">
    <p class='ocr_par' dir='ltr' id='par_1_110' title="bbox 455 5703 2036 5785">
     <span class='ocr_line' id='line_1_110' title="bbox 455 5703 2036 5785; baseline 0.006 -24"><span class='ocrx_word' id='word_1_723' title='bbox 455 5703 570 5783; x_wconf 84' lang='lat'>(27)</span> <span class='ocrx_word' id='word_1_724' title='bbox 601 5703 766 5782; x_wconf 68' lang='lat' dir='ltr'>Re&#39;g.,</span> <span class='ocrx_word' id='word_1_725' title='bbox 785 5703 848 5763; x_wconf 83' lang='grc' dir='ltr'>κό</span> <span class='ocrx_word' id='word_1_726' title='bbox 859 5724 968 5782; x_wconf 82' lang='grc' dir='ltr'>μις.</span> <span class='ocrx_word' id='word_1_727' title='bbox 996 5711 1130 5782; x_wconf 63' lang='lat' dir='ltr'>Qua</span> <span class='ocrx_word' id='word_1_728' title='bbox 1146 5723 1280 5768; x_wconf 84' lang='lat' dir='ltr'>vero</span> <span class='ocrx_word' id='word_1_729' title='bbox 1299 5709 1369 5768; x_wconf 89' lang='lat' dir='ltr'>de</span> <span class='ocrx_word' id='word_1_730' title='bbox 1400 5709 1716 5772; x_wconf 83' lang='lat' dir='ltr'>Mareotica</span> <span class='ocrx_word' id='word_1_731' title='bbox 1741 5708 2036 5785; x_wconf 81' lang='lat' dir='ltr'>legatione</span> 
     </span>
    </p>
   </div>
   <div class='ocr_carea' id='block_1_111' title="bbox 2154 4687 3797 4752">
    <p class='ocr_par' dir='ltr' id='par_1_111' title="bbox 2154 4687 3797 4752">
     <span class='ocr_line' id='line_1_111' title="bbox 2154 4687 3797 4752; baseline -0.001 -7"><span class='ocrx_word' id='word_1_732' title='bbox 2154 4690 2262 4745; x_wconf 90' lang='lat' dir='ltr'>sub</span> <span class='ocrx_word' id='word_1_733' title='bbox 2278 4689 2552 4744; x_wconf 89' lang='lat' dir='ltr'>millitum</span> <span class='ocrx_word' id='word_1_734' title='bbox 2575 4689 2840 4743; x_wconf 88' lang='lat' dir='ltr'>custodia</span> <span class='ocrx_word' id='word_1_735' title='bbox 2854 4687 3148 4752; x_wconf 89' lang='lat' dir='ltr'>derelicto,</span> <span class='ocrx_word' id='word_1_736' title='bbox 3178 4692 3576 4743; x_wconf 80' lang='lat' dir='ltr'>accusatorem</span> <span class='ocrx_word' id='word_1_737' title='bbox 3597 4704 3797 4744; x_wconf 89' lang='lat' dir='ltr'>secum</span> 
     </span>
    </p>
   </div>
   <div class='ocr_carea' id='block_1_112' title="bbox 2153 4775 3796 4848">
    <p class='ocr_par' dir='ltr' id='par_1_112' title="bbox 2153 4775 3796 4848">
     <span class='ocr_line' id='line_1_112' title="bbox 2153 4775 3796 4848; baseline -0.001 -14"><span class='ocrx_word' id='word_1_738' title='bbox 2153 4780 2464 4834; x_wconf 82' lang='lat' dir='ltr'>abduxere.</span> <span class='ocrx_word' id='word_1_739' title='bbox 2499 4778 2779 4848; x_wconf 87' lang='lat' dir='ltr'>Quisjam</span> <span class='ocrx_word' id='word_1_740' title='bbox 2798 4778 2932 4832; x_wconf 91' lang='lat' dir='ltr'>inde</span> <span class='ocrx_word' id='word_1_741' title='bbox 2951 4775 3439 4848; x_wconf 87' lang='lat' dir='ltr'>conspirationem</span> <span class='ocrx_word' id='word_1_742' title='bbox 3467 4794 3582 4832; x_wconf 89' lang='lat' dir='ltr'>non</span> <span class='ocrx_word' id='word_1_743' title='bbox 3607 4779 3796 4833; x_wconf 90' lang='lat' dir='ltr'>anim-</span> 
     </span>
    </p>
   </div>
   <div class='ocr_carea' id='block_1_113' title="bbox 2152 4865 3800 4937">
    <p class='ocr_par' dir='ltr' id='par_1_113' title="bbox 2152 4865 3800 4937">
     <span class='ocr_line' id='line_1_113' title="bbox 2152 4865 3800 4937; baseline -0.001 -13"><span class='ocrx_word' id='word_1_744' title='bbox 2152 4867 2448 4924; x_wconf 84' lang='lat' dir='ltr'>advertit?</span> <span class='ocrx_word' id='word_1_745' title='bbox 2507 4867 2648 4930; x_wconf 91' lang='lat' dir='ltr'>Quis</span> <span class='ocrx_word' id='word_1_746' title='bbox 2707 4865 2993 4922; x_wconf 88' lang='lat' dir='ltr'>malitiam</span> <span class='ocrx_word' id='word_1_747' title='bbox 3053 4883 3166 4920; x_wconf 91' lang='lat' dir='ltr'>non</span> <span class='ocrx_word' id='word_1_748' title='bbox 3231 4865 3454 4937; x_wconf 92' lang='lat' dir='ltr'>liquido</span> <span class='ocrx_word' id='word_1_749' title='bbox 3513 4866 3800 4937; x_wconf 87' lang='lat' dir='ltr'>conspicit</span> 
     </span>
    </p>
   </div>
   <div class='ocr_carea' id='block_1_114' title="bbox 2152 4954 3797 5026">
    <p class='ocr_par' dir='ltr' id='par_1_114' title="bbox 2152 4954 3797 5026">
     <span class='ocr_line' id='line_1_114' title="bbox 2152 4954 3797 5026; baseline -0.002 -13"><span class='ocrx_word' id='word_1_750' title='bbox 2152 4956 2661 5013; x_wconf 80' lang='lat' dir='ltr'>Eusebianorum?</span> <span class='ocrx_word' id='word_1_751' title='bbox 2692 4955 2747 5010; x_wconf 91' lang='lat' dir='ltr'>Si</span> <span class='ocrx_word' id='word_1_752' title='bbox 2780 4955 2934 5010; x_wconf 89' lang='lat' dir='ltr'>enim</span> <span class='ocrx_word' id='word_1_753' title='bbox 2960 4954 3183 5026; x_wconf 84' lang='lat' dir='ltr'>judicio</span> <span class='ocrx_word' id='word_1_754' title='bbox 3241 4955 3298 5008; x_wconf 93' lang='lat' dir='ltr'>in</span> <span class='ocrx_word' id='word_1_755' title='bbox 3360 4958 3607 5010; x_wconf 82' lang='lat' dir='ltr'>Mareote</span> <span class='ocrx_word' id='word_1_756' title='bbox 3648 4971 3797 5025; x_wconf 88' lang='lat' dir='ltr'>opus</span> 
     </span>
    </p>
   </div>
   <div class='ocr_carea' id='block_1_115' title="bbox 2152 5043 3796 5116">
    <p class='ocr_par' dir='ltr' id='par_1_115' title="bbox 2152 5043 3796 5116">
     <span class='ocr_line' id='line_1_115' title="bbox 2152 5043 3796 5116; baseline -0.001 -16"><span class='ocrx_word' id='word_1_757' title='bbox 2152 5051 2296 5112; x_wconf 89' lang='lat' dir='ltr'>erat,</span> <span class='ocrx_word' id='word_1_758' title='bbox 2330 5049 2670 5100; x_wconf 89' lang='lat' dir='ltr'>accusatum</span> <span class='ocrx_word' id='word_1_759' title='bbox 2704 5062 2936 5116; x_wconf 91' lang='lat' dir='ltr'>quoque</span> <span class='ocrx_word' id='word_1_760' title='bbox 2959 5061 3024 5099; x_wconf 93' lang='lat' dir='ltr'>eo</span> <span class='ocrx_word' id='word_1_761' title='bbox 3049 5047 3296 5098; x_wconf 90' lang='lat' dir='ltr'>missum</span> <span class='ocrx_word' id='word_1_762' title='bbox 3323 5043 3598 5115; x_wconf 89' lang='lat' dir='ltr'>oportuit.</span> <span class='ocrx_word' id='word_1_763' title='bbox 3633 5043 3796 5108; x_wconf 87' lang='lat' dir='ltr'>Quod</span> 
     </span>
    </p>
   </div>
   <div class='ocr_carea' id='block_1_116' title="bbox 2151 5133 3798 5206">
    <p class='ocr_par' dir='ltr' id='par_1_116' title="bbox 2151 5133 3798 5206">
     <span class='ocr_line' id='line_1_116' title="bbox 2151 5133 3798 5206; baseline -0.001 -15"><span class='ocrx_word' id='word_1_764' title='bbox 2151 5136 2199 5191; x_wconf 89' lang='lat' dir='ltr'>si</span> <span class='ocrx_word' id='word_1_765' title='bbox 2232 5134 2569 5206; x_wconf 88' lang='lat' dir='ltr'>nonjudicii</span> <span class='ocrx_word' id='word_1_766' title='bbox 2593 5151 2771 5190; x_wconf 87' lang='lat' dir='ltr'>causa</span> <span class='ocrx_word' id='word_1_767' title='bbox 2793 5134 2902 5189; x_wconf 88' lang='lat' dir='ltr'>iter</span> <span class='ocrx_word' id='word_1_768' title='bbox 2923 5133 3328 5201; x_wconf 88' lang='lat' dir='ltr'>instituerunt,</span> <span class='ocrx_word' id='word_1_769' title='bbox 3361 5149 3466 5187; x_wconf 87' lang='lat' dir='ltr'>cur</span> <span class='ocrx_word' id='word_1_770' title='bbox 3495 5136 3798 5189; x_wconf 88' lang='lat' dir='ltr'>accusato-</span> 
     </span>
    </p>
   </div>
   <div class='ocr_carea' id='block_1_117' title="bbox 2148 5347 3798 5419">
    <p class='ocr_par' dir='ltr' id='par_1_117' title="bbox 2148 5347 3798 5419">
     <span class='ocr_line' id='line_1_117' title="bbox 2148 5347 3798 5419; baseline -0.002 -14"><span class='ocrx_word' id='word_1_771' title='bbox 2148 5350 2243 5405; x_wconf 91' lang='lat' dir='ltr'>hic</span> <span class='ocrx_word' id='word_1_772' title='bbox 2264 5349 2576 5412; x_wconf 89' lang='lat' dir='ltr'>habentur,</span> <span class='ocrx_word' id='word_1_773' title='bbox 2599 5347 2820 5419; x_wconf 90' lang='lat' dir='ltr'>pluries</span> <span class='ocrx_word' id='word_1_774' title='bbox 2844 5364 3024 5419; x_wconf 85' lang='lat' dir='ltr'>supra</span> <span class='ocrx_word' id='word_1_775' title='bbox 3045 5349 3368 5401; x_wconf 89' lang='lat' dir='ltr'>memorata</span> <span class='ocrx_word' id='word_1_776' title='bbox 3386 5348 3608 5413; x_wconf 89' lang='lat' dir='ltr'>sunt,et</span> <span class='ocrx_word' id='word_1_777' title='bbox 3637 5361 3798 5418; x_wconf 83' lang='lat' dir='ltr'>repe-</span> 
     </span>
    </p>
   </div>
   <div class='ocr_carea' id='block_1_118' title="bbox 2146 5418 2920 5489">
    <p class='ocr_par' dir='ltr' id='par_1_118' title="bbox 2146 5418 2920 5489">
     <span class='ocr_line' id='line_1_118' title="bbox 2146 5418 2920 5489; baseline -0.005 -13"><span class='ocrx_word' id='word_1_778' title='bbox 2146 5426 2352 5478; x_wconf 89' lang='lat' dir='ltr'>tuntur</span> <span class='ocrx_word' id='word_1_779' title='bbox 2379 5419 2439 5473; x_wconf 91' lang='lat' dir='ltr'>in</span> <span class='ocrx_word' id='word_1_780' title='bbox 2470 5418 2640 5489; x_wconf 77' lang='lat' dir='ltr'>Epist.</span> <span class='ocrx_word' id='word_1_781' title='bbox 2674 5419 2742 5473; x_wconf 86' lang='lat' dir='ltr'>ad</span> <span class='ocrx_word' id='word_1_782' title='bbox 2770 5418 2920 5473; x_wconf 76' lang='lat' dir='ltr'>salit.</span> 
     </span>
    </p>
   </div>
   <div class='ocr_carea' id='block_1_119' title="bbox 2219 5483 3796 5564">
    <p class='ocr_par' dir='ltr' id='par_1_119' title="bbox 2219 5483 3796 5564">
     <span class='ocr_line' id='line_1_119' title="bbox 2219 5483 3796 5564; baseline -0.003 -18"><span class='ocrx_word' id='word_1_783' title='bbox 2219 5495 2330 5564; x_wconf 76' lang='lat'>(2-8)</span> <span class='ocrx_word' id='word_1_784' title='bbox 2364 5492 2454 5564; x_wconf 76' lang='lat' dir='ltr'>Sic</span> <span class='ocrx_word' id='word_1_785' title='bbox 2475 5483 2612 5564; x_wconf 61' lang='lat' dir='ltr'>Reg.</span> <span class='ocrx_word' id='word_1_786' title='bbox 2629 5495 2690 5564; x_wconf 79' lang='lat' dir='ltr'>et</span> <span class='ocrx_word' id='word_1_787' title='bbox 2715 5490 2909 5564; x_wconf 56' lang='lat' dir='ltr'>Colon,</span> <span class='ocrx_word' id='word_1_788' title='bbox 2931 5487 3078 5564; x_wconf 74' lang='lat' dir='ltr'>Editi</span> <span class='ocrx_word' id='word_1_789' title='bbox 3100 5487 3220 5551; x_wconf 85' lang='lat' dir='ltr'>alii,</span> <span class='ocrx_word' id='word_1_790' title='bbox 3253 5483 3607 5564; x_wconf 78' lang='grc' dir='ltr'>πυρεύσωσιν,</span> <span class='ocrx_word' id='word_1_791' title='bbox 3633 5503 3796 5564; x_wconf 69' lang='lat' dir='ltr'>men-</span> 
     </span>
    </p>
   </div>
   <div class='ocr_carea' id='block_1_120' title="bbox 2147 5556 3793 5637">
    <p class='ocr_par' dir='ltr' id='par_1_120' title="bbox 2147 5556 3793 5637">
     <span class='ocr_line' id='line_1_120' title="bbox 2147 5556 3793 5637; baseline -0.007 -17"><span class='ocrx_word' id='word_1_792' title='bbox 2147 5556 2323 5620; x_wconf 50' lang='lat' dir='ltr'>dosef</span> <span class='ocrx_word' id='word_1_793' title='bbox 2343 5556 2605 5617; x_wconf 44' lang='lat' dir='ltr'>Nanniuvs</span> <span class='ocrx_word' id='word_1_794' title='bbox 2627 5561 2838 5635; x_wconf 79' lang='lat' dir='ltr'>legisse</span> <span class='ocrx_word' id='word_1_795' title='bbox 2859 5562 3082 5616; x_wconf 89' lang='lat' dir='ltr'>videtur</span> <span class='ocrx_word' id='word_1_796' title='bbox 3113 5556 3464 5637; x_wconf 78' lang='grc' dir='ltr'>θηρεύσωσιν,</span> <span class='ocrx_word' id='word_1_797' title='bbox 3491 5556 3602 5632; x_wconf 67' lang='lat' dir='ltr'>qui</span> <span class='ocrx_word' id='word_1_798' title='bbox 3623 5558 3793 5617; x_wconf 79' lang='lat' dir='ltr'>vertit</span> 
     </span>
    </p>
   </div>
   <div class='ocr_carea' id='block_1_121' title="bbox 2145 5643 2503 5708">
    <p class='ocr_par' dir='ltr' id='par_1_121' title="bbox 2145 5643 2503 5708">
     <span class='ocr_line' id='line_1_121' title="bbox 2145 5643 2503 5708; baseline -0.011 -14"><span class='ocrx_word' id='word_1_799' title='bbox 2145 5643 2503 5708; x_wconf 81' lang='lat' dir='ltr'>aucupentur.</span> 
     </span>
    </p>
   </div>
  </div>
