4152 6388
338 368 456 433 379

874 363 940 422 S.
985 358 1415 421 ATHANASII
1459 357 1634 419 OPP.
1679 357 1882 418 PARS
1928 356 1974 416 Ι.
2012 387 2088 399 -—
2119 354 2537 418 HISTORIGA
2581 356 2681 417 ET
2725 355 3204 420 DOGMATICA.

3634 361 3755 427 380

339 514 463 556 rem
505 494 846 552 adduxere?
871 497 965 550 sat
982 492 1209 567 quippe
1238 494 1364 548 erat
1383 492 1541 563 quod
1566 490 1663 546 ille
1688 506 1812 547 rem
1836 505 1972 545 comi

2103 485 2238 563 ἅπερ
2268 486 2451 549 αὐτοῖς
2482 483 2675 542 ἐδόκει.
2711 487 2807 542 Καὶ
2864 489 2965 564 γὰρ
3015 487 3143 551 τοὺς
3199 483 3597 567 πρεσϐυτέρους
3654 498 3756 561 τῆς

340 587 587 660 probare
619 601 735 640 non
767 582 1071 656 potuisset.
1104 582 1317 637 Verum
1353 581 1411 635 id
1447 597 1512 636 eo
1545 585 1741 635 actum
1796 583 1904 649 est,
1938 582 2004 633 ut

340 673 818 747 quandoquidem
849 673 1253 745 presbyterum
1280 687 1471 726 coram
1507 668 1851 724 convincere
1882 684 1997 722 non

342 764 635 834 valebant,
667 763 726 817 in
757 761 926 816 illum
958 762 1259 815 absentem
1291 758 1718 830 conspirarent,
1750 760 1807 812 et
1839 756 1996 828 quod

342 853 453 908 sibi
484 852 678 907 visum
712 853 856 905 l'oret
884 850 1168 905 adversus
1201 864 1336 903 eum
1372 850 1688 902 struerent.
1752 845 1998 913 Etenim,

337 939 745 998 Alexandrinis
776 939 1072 1009 totiusque
1104 936 1382 993 territorii
1444 934 1804 1008 presbyteris
1834 935 1996 1006 ipsos

339 1030 741 1103 arguentibus,
774 1028 929 1099 quod
961 1026 1070 1082 soli
1094 1027 1502 1096 accessissent,
1520 1023 1993 1097 postulantibus-

334 1136 449 1192 que
478 1122 542 1174 ut
571 1118 684 1173 sibi
717 1116 926 1173 saltem
958 1131 1159 1171 eorum
1191 1115 1336 1171 actis
1367 1116 1650 1170 interesse
1680 1112 1885 1168 liceret
1907 1114 1994 1183 (se

338 1209 551 1281 quippe
581 1213 639 1263 et
665 1205 848 1262 totius
879 1204 1096 1278 negotii
1126 1208 1183 1260 et
1239 1220 1443 1260 eorum
1500 1220 1628 1275 qua:
1689 1200 1989 1274 Ischyram

336 1299 686 1371 spectarent,
719 1294 986 1350 conscios
1017 1293 1381 1363 asserebant)
1412 1292 1523 1347 hoc
1553 1290 1700 1363 ipsis
1749 1289 1992 1346 minime

339 1402 684 1443 concessum
745 1388 853 1440 est.
914 1383 1025 1439 Sed
1085 1383 1355 1453 praefecto
1410 1380 1638 1453 [Egypti
1696 1378 1991 1451 Philagrio

2111 573 2509 653 Ἀλεξανδρείας
2562 577 2649 632 καὶ
2706 584 2804 646 τῆς
2859 580 3046 654 χώρας
3097 577 3273 650 πάσης
3350 578 3755 656 μεμψαμένους,

2109 662 2193 719 ὅτι
2255 665 2407 738 μόνοι
2484 665 2854 743 παρεγένοντο,
2913 668 3001 722 καὶ
3061 666 3334 739 ἀξιοῦντας
3389 668 3485 724 κᾶν
3563 668 3759 733 αὐτοὺς

2107 759 2351 829 παρεῖναι
2411 757 2490 817 οἷς
2560 754 2820 831 ἔπραττον
2874 754 3090 829 (εἰδέναι
3147 758 3249 833 γὰρ
3304 755 3494 833 ἔλεγον
3546 759 3636 814 καὶ
3692 760 3756 815 τὸ

2106 849 2335 918 πρᾶγμα
2379 845 2467 898 καὶ
2515 845 2582 898 τὰ
2623 846 2757 899 κατά
2815 846 2906 899 τὸν
2971 843 3263 920 λεγόμενον
3314 845 3601 922 Ἰσχύραν),
3657 845 3757 902 οὐκ

2105 930 2416 1007 ἐπέτρεψαν,
2475 932 2619 989 ἀλλὰ
2687 933 2779 988 τὸν
2862 934 2957 1006 μὲν
3030 932 3270 1009 ἔπαρχον
3334 942 3433 1003 τῆς
3474 935 3755 1012 Αἰγύπτου

2106 1018 2405 1097 Φιλάγριον
2460 1016 2794 1096 παραϐάτην,
2848 1022 2937 1077 καὶ
2992 1023 3323 1098 στρατιώτας
3383 1023 3622 1087 ἐθνικοὺς
3680 1024 3756 1080 εἶ-

2104 1128 2204 1185 χον
2243 1116 2358 1182 μεθ’
2405 1110 2605 1165 ἑαυτῶν
2662 1110 2994 1183 ἐξετάζοντας
3026 1110 3061 1165 ἃ
3112 1108 3254 1183 μηδὲ
3308 1112 3756 1188 κατηχουμένους

2103 1196 2302 1275 ἔπρεπε
2331 1201 2549 1276 θεωρεῖν
2574 1222 2585 1234 ·
2611 1200 2738 1262 τοὺς
2784 1197 2844 1255 δὲ
2881 1199 3180 1276 κληρικοὺς
3234 1199 3297 1256 ού
3345 1202 3753 1279 συνεχώρησαν,

2097 1285 2187 1342 ἵνα
2231 1290 2307 1360 μὴ
2356 1289 2530 1360 κάκεῖ,
2564 1288 2745 1365 ὥσπερ
2794 1288 2845 1344 ἐν
2879 1293 2948 1364 τῇ
2980 1289 3167 1367 Τύρῳ,
3200 1288 3327 1352 τοὺς
3376 1287 3758 1369 διελέγχοντας

2102 1376 2293 1439 αὐτοὺς
2324 1373 2541 1454 ἔχωσιν.

330 1478 618 1547 apostata,
679 1472 1048 1542 ethnicisque
1101 1469 1389 1525 militibus
1447 1467 1746 1535 admissis,
1795 1468 1866 1521 ad
1920 1483 1989 1522 ea
2026 1465 2427 1540 disquirenda,
2471 1486 2601 1541 quas
2642 1486 2716 1527 ne
2753 1469 3204 1527 catechumenos
3243 1470 3482 1542 quidem
3524 1470 3759 1544 conspi-

323 1580 455 1620 cere
486 1561 718 1630 decuit;
776 1559 1016 1616 clericos
1046 1564 1245 1615 tamen
1292 1557 1430 1614 huic
1459 1557 1744 1612 interesse
1789 1555 1869 1612 rei
1920 1572 2037 1612 non
2075 1557 2473 1629 permiserunt
2508 1573 2522 1613 :
2559 1562 2625 1615 ut
2673 1575 2766 1630 ne,
2809 1559 3312 1638 quemadmodum
3341 1559 3475 1633 Tyri
3505 1560 3761 1633 contigit,~

324 1652 562 1725 rat,illic
590 1650 860 1707 homines
887 1648 1213 1720 reperirent
1251 1648 1353 1720 qui
1378 1664 1441 1704 se
1489 1645 1621 1702 falsi
1659 1645 2089 1702 convincerent.

392 1742 485 1797 73.
514 1740 626 1796 Sed
658 1755 731 1795 ne
763 1739 844 1794 ita
876 1737 1118 1809 quidem
1149 1736 1328 1793 latere
1359 1740 1717 1809 potuerunt:
1744 1736 1972 1807 presby-

2161 1736 2252 1790 73.
2300 1731 2459 1789 Ἀλλ’
2515 1731 2643 1789 οὐδὲ
2698 1733 2871 1798 οὕτως
2929 1734 3113 1792 λαθεῖν
3168 1732 3555 1807 ἠδυνήθησαν
3605 1752 3759 1792 συνο-

325 1830 439 1887 teri
469 1828 623 1886 enim
660 1827 827 1883 urbis
852 1831 911 1882 et
956 1829 1245 1893 Mareotis,
1304 1824 1714 1881 animadversa
1744 1822 1972 1879 illorum

2094 1826 2289 1899 ρῶντες
2318 1822 2419 1898 γάρ
2451 1823 2504 1877 oi
2533 1817 2890 1900 πρεσϐύτεροι
2917 1831 3016 1894 τῆς
3062 1823 3281 1912 πύλεως
3326 1824 3417 1879 καὶ
3472 1828 3572 1912 τού
3628 1825 3753 1883 Ματ-

323 1918 711 1992 malignitate,
746 1916 818 1973 ad
847 1915 1006 1971 hunc
1037 1917 1278 1971 modum
1338 1914 1723 1985 scripserunt,
1755 1916 1813 1968 et
1862 1912 1972 1969 hist

2096 1912 2303 1987 ρεώτου
2348 1912 2442 1975 τὰς
2488 1912 2818 1988 κακουργίας
2861 1912 3056 1984 αὐτῶν,
3092 1908 3326 1989 ἔγραψαν
3382 1913 3471 1971 καὶ
3529 1910 3761 1990 διεμαρ-

328 2006 641 2066 contestati
673 2009 815 2061 sunt
835 2021 848 2058 :

2091 1999 2317 2074 τύραντο
2341 2005 2510 2056 ταῦτα
2527 2023 2539 2035 ·

603 2109 955 2179 THEOGNIO,
997 2110 1164 2166 MAR!
1198 2110 1283 2165 ET
1304 2106 1710 2177 MACEDONIO,

2340 2113 2647 2185 ΘΕΟΓΝΙῼ,
2690 2111 2861 2167 MAPI
2902 2114 3020 2165 ΚΑΙ
3059 2111 3476 2185 ΜΑΚΕΔΟΝΙῼ,

333 2201 624 2272 Theodoro,
688 2201 905 2273 Ursacio
938 2209 1012 2273 ret
1082 2200 1295 2273 Valenti
1337 2199 1625 2273 episcopis
1692 2197 1788 2273 qz_t_z'
1838 2197 1972 2273 .Tyra

2091 2193 2376 2273 θεοᾷώρῳ,
2414 2198 2553 2273 ,παῖ
2605 2196 2907 2273 Ούρσακίῳ,
2936 2198 3051 2273 ’καὶ
3130 2197 3409 2273 Οὐάλεντι,
3468 2204 3593 2261 τοῖς
3642 2198 3759 2255 ἀπὸ

392 2268 619 2339 venere,
638 2272 945 2343 presbyteri
1018 2278 1070 2325 et
1124 2270 1345 2343 diaconi
1390 2268 1677 2343 catholicae
1728 2268 1980 2343 Ecclesiae

390 2342 813 2401 Alexandrinae
842 2344 944 2399 sub
1002 2342 1458 2398 reverendz'ssimo
1526 2342 1768 2413 episcopo
1808 2342 1976 2395 Atha-

397 2432 572 2472 ηαδιο.

388 2576 739 2631 Accedentes
771 2573 886 2630 huc
913 2589 1038 2641 vos,
1105 2582 1627 2642 accusatoremque
1673 2570 1975 2627 vobiscum

320 2664 702 2730 adducentes,
732 2666 1194 2718 consentaneum
1225 2665 1381 2717 esset
1429 2666 1485 2716 et
1523 2660 1837 2716 Macarium
1871 2660 1974 2715 ad-

320 2752 560 2809 duxisse
582 2751 986 2823 presbyterum
1014 2767 1027 2805 :
1045 2750 1272 2822 judicia
1320 2749 1535 2822 quippe
1563 2766 1632 2804 ex
1660 2749 1973 2820 Scripturis

322 2839 507 2897 sacris
529 2839 613 2894 sic
641 2838 1074 2903 constituenda,
1111 2842 1177 2892 ut
1224 2843 1532 2894 accusator
1574 2853 1769 2892 coram
1801 2850 1970 2892 accu-

322 2933 451 2984 sato
481 2928 745 2984 sistatur.
779 2928 851 2981 At
897 2942 1031 2981 vero
1063 2942 1195 2981 cum
1229 2943 1334 2981 nec
1366 2925 1683 2981 Macarium
1713 2927 1970 2981 adduxe-

320 3016 471 3081 ritis,
500 3032 604 3073 nec
626 3015 927 3072 vobiscum
953 3014 1068 3070 huc
1117 3014 1469 3070 concesserit
1518 3016 1674 3072 I50
1703 3031 1968 3071 reveren-

316 3106 599 3162 dissimus
621 3105 929 3177 episcopus
954 3110 1153 3160 noster
1165 3103 1883 3176 Athanasius,rogavimus
1906 3109 1971 3161 ut

2159 2267 2337 2346 Τύρου
2410 2267 2698 2346 ἐλθοῦσινξ
2760 2267 3113 2346 ἐπισκόποις,
3194 2271 3339 2346 παρλὰ
3398 2267 3532 2346 ’τῶν
3614 2290 3746 2346 πρε-

2161 2334 2450 2415 σϐυτέρῳν-
2504 2339 2593 2415 καὶ
2633 2410 2643 2415 _
2674 2336 2967 2415 διακόνων
3159 2334 3469 2415 καθολικῆς-
3518 2334 3749 2414 Ἐκκλη-

2162 2382 2320 2394 un...
2360 2382 2429 2394 νυ,
2506 2382 2593 2394 η...
2675 2382 2932 2395 “me...”
3019 2382 3059 2396 ..
3083 2382 3106 2403 ..
3161 2382 3410 2397 ωννιηη.
3533 2382 3749 2401 κωπη-

2159 2410 2273 2536 ρίοὸς
2304 2382 2725 2503 ’ᾎλεξανδρείας,
2744 2410 2846 2467 ὑπὸ
2874 2412 2968 2468 τὸν
2998 2382 3757 2487 αἰέεσιμώτατούῆἐπισκνποδν.

2174 2491 2221 2538 Α
2257 2502 2489 2537 ανασιον.

2157 2576 2426 2647 Ἔπρεπεν
2502 2571 2660 2644 ὑμᾶς,
2731 2571 3062 2649 ἐρχομένους
3136 2573 3227 2629 καὶ
3308 2570 3535 2650 ἄγοντας
3622 2576 3742 2648 μεθ’

2084 2658 2286 2713 ἑαυτῶν
2345 2659 2439 2714 τὸν
2512 2659 2836 2736 κατήγόρον,
2898 2660 3112 2737 ἀγαγεῖν
3183 2661 3273 2716 καὶ
3331 2661 3613 2739 Μακάριον
3647 2663 3741 2718 τὸν

2081 2742 2443 2822 πρεσϐύτερον
2469 2770 2480 2782 ·
2531 2749 2585 2803 αἱ
2628 2750 2731 2825 γὰρ
2776 2748 2981 2825 κρίσεις
3024 2749 3167 2805 οὕτω
3214 2750 3544 2807 συνίστανται
3600 2752 3738 2807 κατὰ

2078 2837 2172 2898 τὰς
2198 2836 2350 2912 ἀρίας
2382 2838 2617 2915 Γηαφᾶς,
2652 2837 2791 2893 ὥστε
2818 2839 2911 2893 τὸν
2938 2841 3242 2915 κατήγορον
3284 2840 3418 2912 μετὰ
3467 2845 3565 2895 τοῦ
3603 2861 3735 2895 κατ-

2081 2925 2455 3001 ηγορουμένου
2525 2926 2757 2981 ἑστάναι.
2818 2924 3040 2997 Ἐπειδὴ
3128 2924 3186 2982 δὲ
3259 2924 3383 2984 οὔτε
3449 2929 3730 3004 Μακάριον

2078 3014 2329 3091 ἠγάγετε,
2405 3012 2527 3070 οὔτε
2597 3017 2625 3070 ὁ
2686 3013 3114 3089 αἰδεσιμώτατος
3198 3019 3358 3090 ἡμῶν
3440 3017 3731 3085 ἐπίσκοπος

2077 3103 2395 3166 Ἀθανάσιος
2487 3106 2604 3178 μεθ’
2674 3106 2825 3178 ὑμῶν
2910 3104 3178 3178 εἰσῆλθεν,
3257 3105 3563 3179 ἠξιώσαμεν
3634 3104 3732 3161 κᾶν

314 3194 483 3251 nobis
503 3194 710 3251 saltem
725 3194 950 3267 judicio
972 3195 1264 3250 interesse
1294 3197 1486 3249 vestro
1517 3192 1743 3249 licitum
1772 3199 1927 3250 esset
1951 3213 1963 3250 :

2091 3192 2233 3247 αὐτοὶ
2291 3198 2536 3269 παρεῖναι
2591 3192 2642 3247 ἐν
2700 3198 2768 3268 τῇ
2826 3194 3020 3270 κρίσει,
3075 3192 3166 3249 ἵνα
3219 3194 3501 3271 παρόντων
3572 3197 3734 3268 ἡμῶν

317 3301 431 3357 quo
458 3284 841 3356 praesentibus
874 3284 1042 3339 nobis
1094 3288 1222 3338 tuta
1276 3285 1421 3339 foret
1448 3283 1815 3355 perquisitio,
1865 3301 1967 3339 no-

315 3373 524 3444 bisque
571 3373 652 3428 rei
712 3372 924 3429 veritas
984 3374 1389 3429 innotescerct.
1453 3376 1668 3427 Verum
1716 3372 1875 3444 quia,
1909 3389 1970 3428 re

316 3462 485 3518 nobis
518 3464 826 3534 denegata,
860 3461 965 3517 soli
1001 3479 1135 3517 cum
1169 3462 1437 3533 praelecto
1468 3461 1698 3534 [Egypti
1728 3464 1786 3516 et
1833 3455 1966 3516 cum

318 3555 654 3606 accusatore
684 3551 969 3606 arbitratu
1002 3555 1191 3606 vestro
1248 3567 1371 3606 rem
1426 3551 1730 3623 gessistis;
1793 3549 1966 3621 profi-

314 3644 508 3695 temur
537 3656 643 3695 nos
674 3645 890 3696 certam
941 3640 1049 3695 hoc
1081 3641 1139 3695 in
1170 3640 1399 3711 negotio
1446 3639 1597 3695 male
1627 3639 1966 3710 suspicandi

315 3744 555 3784 causam
586 3744 844 3795 cernere,
886 3728 1465 3799 animadvertereque
1497 3728 1829 3800 ingressum
1871 3745 1966 3784 ve-

315 3821 506 3873 strum
538 3817 1029 3890 conspirationem
1093 3822 1150 3872 et
1204 3816 1451 3872 insidias
1501 3818 1788 3873 duntaxat
1815 3833 1964 3873 esse.

317 3907 681 3978 Quapropter
708 3905 860 3961 hanc
890 3905 1058 3960 vobis
1089 3904 1381 3960 tradimus
1406 3903 1801 3975 epistolam,in
1834 3922 1968 3960 vera

321 3996 543 4067 synodo
599 3993 934 4049 testimonio
994 3993 1273 4063 futuram,
1343 3997 1409 4048 ut
1465 3999 1831 4066 compertum
1892 3996 1968 4050 sit

318 4082 598 4138 omnibus
625 4099 729 4137 vos
759 4081 943 4137 altera
969 4082 1215 4136 absente
1244 4085 1407 4153 parte
1437 4098 1540 4153 pro
1569 4081 1812 4138 libidine
1841 4099 1965 4139 rem

315 4170 594 4242 gessisse,
627 4187 933 4243 unumque
962 4170 1127 4226 vobis
1157 4170 1475 4226 conﬂandae
1505 4170 1564 4225 in
1596 4188 1701 4227 nos
1732 4171 1964 4244 conspi-

315 4258 560 4315 rationis
591 4258 771 4315 fuisse
822 4258 1206 4331 propositum.
1258 4258 1479 4315 Horum
1543 4264 1736 4315 autem
1778 4277 1966 4317 exem-

313 4347 519 4420 plaria,
544 4365 616 4403 ne
642 4348 999 4404 abderentur
1029 4365 1062 4403 a
1084 4348 1269 4415 vobis,
1302 4347 1559 4404 Palladio
1582 4364 1815 4421 quoque
1847 4356 1964 4405 Au-

311 4436 468 4510 gusti
499 4437 731 4494 curioso
761 4437 1141 4494 tradidimus.
1175 4441 1283 4493 Res
1314 4437 1468 4493 enim
1504 4454 1538 4493 a
1592 4437 1758 4494 vobis
1787 4441 1962 4509 gestae

315 4527 654 4599 suspicandi
686 4527 857 4584 nobis
914 4526 1169 4599 taliaque
1225 4527 1519 4601 cogitandi
1578 4528 1771 4583 locum
1817 4518 1967 4599 prae:

314 4592 473 4673 bent.
1072 4592 1093 4599 -
1296 4592 1329 4601 ν
1817 4592 1836 4599 “
1990 4592 2039 4657 D

387 4704 701 4777 Dionysius
734 4706 1035 4779 presbyter
1065 4704 1187 4761 haec
1217 4706 1455 4773 tradidi,
1479 4705 1805 4761 Alexander
1834 4723 1964 4778 pre-

316 4794 535 4865 sbyter,
558 4793 788 4850 Nilaras
837 4796 1155 4867 presbyter,
1190 4796 1424 4868 Longus
1455 4795 1774 4867 presbyter,
1804 4795 1961 4867 Aph-

310 4881 552 4939 thonius
579 4885 904 4957 presbyter,
929 4886 1287 4941 Athanasius
1311 4885 1627 4956 presbyter,
1651 4886 1962 4957 Amyntius

313 4972 634 5044 presbyter,
659 4972 856 5029 Pistus
875 4974 1193 5047 presbyter,
1217 4972 1452 5028 Plution
1471 4973 1795 5046 presbyter,
1831 4974 1961 5031 Dio-

380 5186 494 5259 (29)
527 5186 692 5260 Reg.,
727 5185 886 5260 ἅπερ.
1006 5259 1023 5260 7
1043 5213 1047 5217 ·

383 5206 494 5259 (κρυ)
527 5206 692 5260 neg.,
727 5206 830 5241 απε
875 5230 886 5242 .
1043 5213 1047 5217 ·

528 5259 615 5314 Ita
641 5263 781 5331 Reg.
817 5206 965 5314 ἕᾱὶι.
1002 5258 1204 5332 Paris.,
1255 5258 1557 5329 mendose,
1611 5255 1956 5332 ἐπιδίδωμεν,

310 5328 490 5413 Ραυὶο
522 5328 849 5413 ρυδῑλῐὶέεη
886 5329 1241 5413 μρῄνρμερίαν.

271 5461 275 5467 ε
320 5469 350 5475 Α
385 5401 494 5475 (3t)
522 5397 623 5475 Sic
653 5397 895 5473 Regius.
928 5397 1081 5458 Edl'ti
1103 5397 1266 5469 'vero,
1294 5397 1599 5475 κουριώδῳ,
1655 5405 1956 5460 mendose.

312 5469 927 5553 curiosiautem'erant
941 5475 1155 5553 quibus
1169 5469 1962 5553 curaineumbehatcrimina

313 5546 382 5623 et_
398 5543 654 5623 quilibet
678 5543 1006 5623 perpetrata
1038 5547 1307 5623 facinora
1328 5546 1665 5623 indagandi,
1714 5563 1961 5623 reosque

313 5613 386 5688 ad
419 5613 826 5688 imperatOrem
858 5618 1148 5673 deferendi
1181 5635 1248 5673 ac
1276 5613 1664 5673 denuntiandi
1690 5632 1703 5673 :
1730 5618 1807 5688 de
1835 5613 1957 5688 q’ui-

311 5684 428 5743 bne
458 5684 588 5743 fuse
617 5686 871 5761 Cangius
891 5689 952 5747 in
982 5694 1230 5765 utroque
1257 5688 1575 5760 Glossario,
1609 5692 1667 5746 et
1711 5684 1958 5747 Gottho-

2083 3281 2350 3360 ἀσφαλής,
2411 3285 2446 3352 ἡ
2498 3282 2731 3354 ἐξέτασις
2798 3283 3038 3360 γένηται,
3098 3284 3188 3339 καὶ
3264 3285 3573 3357 πεισθῶμεν
3644 3283 3734 3340 καὶ

2077 3374 2260 3445 ἡμεῖς.
2296 3368 2519 3440 Ἐπειδῆ
2554 3368 2612 3425 δὲ
2661 3371 2723 3426 οὐ
2752 3376 2913 3427 τοῦτο
2966 3375 3402 3449 συνεχωρήσατε,
3435 3371 3583 3429 ἀλλὰ
3633 3371 3734 3446 μόέ

2077 3482 2155 3515 νοι
2193 3461 2328 3532 μετὰ
2354 3465 2451 3516 τοῦ
2482 3459 2728 3537 ἐπάρχου
2759 3469 2860 3531 τῆς
2888 3461 3168 3536 Αἰγύπτου
3217 3461 3307 3517 καὶ
3354 3466 3451 3517 τοῦ
3497 3461 3734 3539 κατηγό-

2080 3570 2176 3625 ρου
2214 3548 2520 3621 ἠθελήσατε
2548 3550 2799 3625 πράττειν
2828 3550 2872 3623 ,ἃ
3085 3550 3374 3626 βούλεσθεο
3429 3549 3735 3627 ὁμολογοῦ-

2080 3659 2194 3711 μεν,
2228 3637 2310 3693 ὅτι
2365 3639 2593 3713 ὑποψίαν
2643 3636 2859 3713 εἷῗομεν
2914 3638 2965 3693 ἐν
3010 3643 3089 3711 τῷ
3135 3638 3411 3717 πράγματι
3468 3641 3728 3716 πονηρὰν,

2076 3728 2164 3783 καὶ
2224 3728 2575 3804 ἐθωρήσαμεν
2632 3727 2715 3783 ὅτι
2776 3730 3006 3799 συσκευή
3065 3729 3157 3783 καὶ
3231 3724 3501 3799 ἐπιϐουλὴ
3571 3729 3733 3802 μόνον

2076 3816 2216 3872 ἐστὶν
2245 3820 2279 3887 ἠ
2314 3814 2522 3880 εἷ’σοδος
2566 3818 2735 3890 ὑμῶν.
2789 3818 2886 3871 Διὰ
2939 3821 3102 3873 τοῦτο
3130 3818 3331 3889 ταύτην
3381 3819 3506 3892 ὑμῖν
3563 3815 3732 3874 ἐπιδί-

2076 3904 2240 3979 δομεν
2287 3908 2401 3980 (30)
2447 3907 2547 3974 τήν
2602 3905 2920 3976 ἐπιστολὴν,
2985 3906 3280 3981 μαρτύριον
3337 3905 3598 3980 ἐσομένην
3655 3905 3730 3969 εἴς

2074 3993 2341 4064 ἀληθινὴν
2371 3991 2611 4063 σύνοδον,
2642 3991 2731 4047 ’ἕνα
2759 3992 2980 4068 γνωσθῇ
3029 3998 3210 4064 πᾶσιν,
3246 3992 3327 4048 ὅτι
3386 3996 3522 4050 κατὰ
3573 4016 3727 4069 μονο-

2078 4082 2295 4160 μὲρειαν
2342 4082 2476 4155 ἅπερ
2523 4079 2830 4150 ἠθελήσατε
2888 4079 3165 4155 ἐπράξατε,
3199 4080 3291 4135 καὶ
3341 4080 3494 4137 οὐδὲν
3548 4081 3730 4162 ἕτερον

2072 4172 2108 4241 ἢ
2143 4171 2406 4238 συσκευήν
2452 4168 2766 4239 ἠθελήσατε
2824 4170 3083 4224 συνθεῖναι
3142 4170 3259 4223 καθ’
3306 4170 3484 4242 ἡμῶν.
3514 4173 3729 4229 Τούτων

2075 4259 2133 4316 δὲ
2161 4260 2229 4314 τὰ
2280 4258 2364 4313 ἷίσα
2396 4255 2801 4331 ἐπιδεδώκαμεν
2849 4258 2937 4313 καὶ
2978 4256 3275 4332 Παλλαδίῳ
3320 4262 3400 4331 τῷ
3440 4262 3731 4335 κουριώσῳ

2070 4353 2170 4405 τοῦ
2222 4346 2536 4425 Αὐγούστου
2566 4350 2698 4422 (31),
2745 4345 2837 4402 τίνα
2899 4349 2973 4422 μή
3027 4343 3205 4425 κρυϐᾔ
3260 4349 3386 4425 παρ’
3438 4349 3609 4421 ὑμῶν.
3660 4351 3732 4405 “Α

2070 4439 2172 4514 γὰρ
2234 4436 2509 4514 ἐπράξατε,
2559 4441 2781 4492 τοιαῦτα
2837 4435 3030 4494 λοιπὸν
3091 4439 3238 4511 ἡμᾶς
3293 4436 3612 4493 ὑποπτεύειν
3639 4438 3747 4494 καὶ.

2074 4525 2381 4604 λογίζεσθαι
2412 4533 2560 4583 ποιεῖ
2590 4527 2712 4604 περὶ
2748 4527 2918 4600 ὑμῶν.

2145 4705 2418 4767 Διονύσιος
2514 4699 2877 4781 πρεσϐύτερος
2958 4702 3297 4778 ἐπιδέδωκα,
3381 4702 3730 4783 Ἀλέξανδρος

2070 4790 2455 4872 περσϐύτερος,
2527 4793 2795 4871 Νειλαρᾶς
2858 4796 2973 4869 (32)
3046 4790 3431 4872 πρεσϐύτερος,
3512 4795 3729 4872 Λόγγος

2070 4880 2475 4961 πρεσϐύτερος,
2559 4883 2843 4961 Ἀφθόνιος
2930 4879 3328 4961 πρεσϐύτερος,
3413 4885 3729 4947 Ἀθανάσιος

2071 4969 2434 5051 πρεσϐύτερος
2466 5018 2479 5045 ,
2539 4972 2809 5045 Αμύντιος
2875 4974 2988 5047 (33)
3053 4968 3417 5051 πρεσϐύτερος
3447 5020 3461 5047 ,
3531 4974 3728 5036 Πιστὸς

2071 5189 2346 5245 fredusin
2366 5188 2522 5244 notis
2554 5189 2626 5243 ad
2656 5188 2795 5244 Cod.
2831 5189 3118 5247 Theodos.
3151 5190 3255 5247 lib.
3286 5208 3370 5256 v1,
3401 5191 3494 5246 tit.
3526 5191 3620 5258 29,
3650 5190 3728 5246 De

2070 5261 2341 5335 curiosis,
2370 5266 2528 5335 tom.‘
2552 5260 2620 5330 Il,
2654 5276 2785 5335 pag.
2817 5260 2888 5315 93
2917 5263 3225 5335 et191l,qui
3256 5263 3522 5319 curiosos
3546 5279 3583 5335 a
3605 5263 3727 5335 fru-

2072 5331 3286 5407 mentariisdistinguicontendit..loannes
3308 5340 3509 5407 tamen
3534 5334 3728 5407 Lydus

2070 5422 2104 5459 a
2131 5403 2350 5476 Cangio
2381 5404 2442 5458 in
2463 5402 2653 5459 Gloss.
2679 5403 2778 5460 Gr.
2813 5404 3051 5476 citatus.
3087 5406 3507 5462 frumentarios
3537 5402 3605 5476 ac
3628 5420 3729 5461 cu-

2069 5474 2513 5553 riosos'eosdem
2536 5490 2665 5531 esse
2695 5475 2798 5545 ait,
2819 5474 2870 5529 οἱ
2902 5476 3326 5553 φρουμεντάριοι
3355 5476 3447 5530 καὶ
3477 5474 3728 5549 κορίοσοι

2068 5544 2559 5622 προσηγορεύοντο.

2136 5614 2447 5691 (32)Ῥίθε.,
2478 5614 2765 5691 Νειλριράς.
2800 5619 2975 5691 Editi,
3004 5617 3224 5682 Νειλᾶς.

2140 5682 2252 5767 (33)
2480 5682 2827 5766 ,Αμϐύτιοςοτ
