4152 6406
306 379 417 442 381

1439 365 1833 428 APOLOGIA
1879 361 2191 424 CONTRA
2233 361 2595 421 ARIANOS.

3605 371 3729 431 389

307 503 671 586 πρεσϐύτερος
721 549 735 576 ,
798 501 1081 561 Ηλουτίων
1164 493 1527 575 πρεσϐύτερος
1573 543 1586 568 ,
1677 493 1966 570 Διόσκορος

2113 509 2283 548 corus
2315 494 2634 565 presbyter,
2685 495 3024 566 Apollonius
3073 500 3392 570 presbyter,
3444 502 3728 574 Sarapion

308 583 716 674 πρεσϐύτερος,
778 591 1156 650 Ἀπολλώνιος
1212 583 1608 664 πρεσϐύτερος,
1673 583 1960 659 Σαραπίων

308 673 714 763 πρεσϐύτερος,
778 682 1093 755 Ἀμμώνιος
1158 673 1559 754 πρεςϐύτερος,
1620 677 1775 735 Γαῖος
1832 693 1959 747 πρε-

311 760 587 850 σϐύτερος,
619 776 786 834 Ῥῖνος
816 766 1199 848 πρεσϐύτερος,
1230 765 1472 834 Αἰθαλής
1503 760 1882 840 πρεσϐύτερος.

384 864 633 920 Διάκονοι
693 863 826 936 (34),
887 857 1299 935 Μαρκελλῖνος,
1348 853 1610 923 διάκονος,
1672 851 1962 910 Ἀππιανὸς

312 951 575 1023 διάκονος,
610 951 753 1008 Θέων
804 948 1066 1019 διάκονος,
1116 946 1378 1020 Τιμόθεος
1427 943 1689 1012 διάκονος,
1744 942 1830 995 καὶ
1870 946 1959 993 Τι-

316 1042 508 1117 μόθεος
539 1038 709 1103 ἄλλος
736 1038 998 1100 διάκονος.

382 1135 471 1188 74.
504 1131 578 1184 Τὰ
612 1131 706 1203 μὲν
749 1134 856 1184 τῶν
909 1127 1015 1182 ἀπὸ
1062 1133 1161 1195 τῆς
1207 1123 1422 1184 πόλεως
1475 1122 1756 1198 κληρικῶν
1793 1120 1965 1196 γράμ-

319 1219 459 1294 ματά
504 1240 562 1274 τε
614 1217 704 1272 καὶ
768 1216 1006 1289 ὀνόματα
1059 1219 1245 1269 ταῦτα·
1307 1212 1340 1266 ἃ
1389 1209 1446 1266 δὲ
1493 1211 1582 1265 καὶ
1632 1211 1683 1264 οἱ
1731 1210 1837 1263 ἀπὸ
1868 1213 1963 1262 τοῦ

317 1309 618 1385 Μαρεώτου
674 1305 934 1381 κληρικοὶ
1011 1300 1242 1380 ἔγραψαν
1299 1301 1648 1376 γινώσκοντες
1702 1299 1793 1354 τὸν
1843 1297 1966 1372 τρό-

315 1419 416 1454 πον
471 1401 570 1452 τοῦ
623 1394 956 1470 κατηγόρου,
1011 1391 1100 1447 καὶ
1160 1391 1211 1447 ἐν
1264 1390 1333 1464 τῇ
1382 1386 1659 1466 περιοδείᾳ
1700 1387 1792 1444 σὺν
1840 1387 1964 1460 ἐμοὶ

316 1483 481 1559 ὄντες,
505 1483 615 1568 ἔστι
644 1489 830 1540 ταῦτα’

840 1595 927 1658 ra
970 1593 1134 1658 ΑΓΙᾼ
1188 1591 1450 1664 ΣΥΝΟΔῼ

317 1687 437 1762 τῶν.
455 1679 729 1762 μακαρίων
752 1677 1059 1762 ἐπισκόπων
1208 1673 1620 1762 τῆςοκαθολικῆς
1649 1672 1972 1762 ’βκκλησίας

392 1741 1132 1828 οῖ’κατδίΜαρεώτηνπάντες
1153 1741 1508 1822 πρεσϐύτεροι
1532 1741 1620 1799 καὶ
1655 1741 1890 1798 διάκονοι
1921 1743 1972 1799 ἐν

390 1825 571 1900 Κσρίῳ
604 1823 834 1900 χαίρειν.
897 1874 902 1879 .

390 1929 608 1992 Εἷδότες
661 1929 726 1984 τὸ
771 1925 1160 2004 γεγραμμένον,
1193 1923 1277 1979 ὅτι
1335 1920 1553 1979 ⁸Ἀεἶδον
1585 1924 1635 1977 οἱ
1687 1920 1968 2000 ὀφθαλμοί

321 2041 418 2074 σου
477 2018 645 2096 λέγε,
702 2017 793 2072 καὶ
850 2015 931 2070 ὅτι
985 2015 1202 2088 Μάρτυς
1257 2009 1458 2086 ψευδὴς
1525 2010 1624 2066 οὐκ
1681 2011 1966 2086 ἀτιμώρη-

318 2130 410 2171 τος
461 2105 628 2178 ἕσται,
662 2104 696 2160 ’ἃ
727 2103 940 2178 εἴδομεν
992 2105 1105 2176 (36)
1158 2105 1557 2177 μαρτυροῦμεν,
1597 2099 1852 2173 μάλιστα,
1887 2099 1968 2153 ὅτι

323 2197 606 2273 ἀναγκαίαν
661 2197 821 2267 ἡμῶν
903 2191 1156 2262 ἐποίησεν
1232 2191 1360 2244 εἶναι
1417 2190 1517 2257 τὴν
1580 2189 1873 2265 μαρτυρίαν
1934 2191 1969 2257 ἡ

322 2285 610 2363 γενομένην
643 2284 870 2353 συσκευή
912 2279 1048 2336 κατᾶ
1090 2284 1188 2334 τοῦ
1233 2278 1526 2334 ἐπισκόπου
1558 2281 1716 2351 ἡμῶν
1752 2280 1976 2333 Ἀθανα-

328 2375 466 2432 σίου.
517 2371 872 2445 Θαυμάζομεν
932 2369 1033 2445 γὰρ
1089 2372 1209 2429 πῶς
1263 2367 1408 2430 ὅλως
1467 2367 1714 2443 Ἰσχύρας
1761 2366 1856 2422 κᾶν
1904 2367 1978 2428 εἷς

335 2462 527 2537 μέτρον
556 2467 655 2530 τῆς
704 2457 1032 2528 Ἐκκλησίας
1082 2458 1357 2533 ἐμετρήθη
1411 2459 1542 2531 (37),
1588 2457 1710 2532 περὶ
1745 2458 1805 2511 οὔ
1836 2462 1982 2532 πρῶ-

329 2573 420 2606 τον
481 2547 840 2626 διηγήσασθαι
882 2548 1162 2623 ἀναγκαῖον
1222 2545 1538 2621 ἡγούμεθα.
1594 2545 1839 2622 Ἰσχύρας
1899 2545 1986 2600 οὐ-

333 2638 524 2695 δέποτε
600 2636 914 2712 λειτουργὸς
984 2643 1084 2706 τῆς
1144 2635 1465 2705 Ἐκκλησίας
1531 2633 1748 2710 γέγονεν
1786 2658 1798 2668 ·
1860 2634 1984 2690 ἀλλ’

334 2729 521 2784 ἑαυτὸν
580 2728 675 2800 μὲν
726 2728 832 2804 πρὸ
870 2724 1068 2780 τούτου
1114 2723 1350 2802 ἐφήμισε
1381 2722 1699 2787 Κολλούθου
1752 2719 1987 2799 πρεσϐύ-

333 2838 506 2891 τερον,
556 2837 654 2871 ουκ
682 2812 810 2891 ἔσχε
849 2812 925 2869 δὲ·
948 2814 1039 2868 τὸν
1073 2812 1396 2886 πειθόμενον
1432 2811 1595 2885 αὐτῷ,
1632 2813 1677 2866 εἷ’
1711 2814 1786 2885 μή
1825 2811 1987 2886 μόνον

332 2906 458 2969 τοὺς
536 2909 805 2982 συγγενεῖς
862 2904 1053 2958 ἑαυτοῦ
1087 2922 1099 2934 ·
1162 2899 1286 2956 οὕτε
1354 2901 1455 2978 γὰρ
1515 2901 1806 2972 ἐκκλησίαν
1865 2898 1993 2977 ἔσχε

334 2997 483 3068 ποτε,
519 2992 642 3051 οῦτε
671 2993 816 3056 ὅλως
860 2992 1126 3068 κληρικὸς
1176 2991 1436 3065 ἐνομίσθη
1479 2991 1626 3068 παρὰ
1656 2997 1773 3053 τοῖς
1809 2990 1995 3067 ὀλίγον

334 3083 610 3141 διεστῶσιν
664 3083 768 3138 ἀπὸ
821 3090 920 3152 τῆς
973 3082 1171 3153 κώμης
1225 3080 1409 3151 αὐτοῦ,
1471 3079 1618 3149 πλὴν
1674 3080 1883 3154 μόνοις.
1920 3081 1995 3142 ὡς

331 3173 684 3251 προείπομεν,
733 3176 851 3233 τοῖς
900 3175 1231 3247 συγγενεῦσιν
1291 3171 1407 3243 (38)
1467 3169 1675 3224 ἑαυτοῦ·
1728 3169 1988 3225 ἀλλὰκαὶ

2071 581 2389 652 presbyter,
2425 583 2772 638 Ammonius
2805 586 3122 657 presbyter,
3167 587 3347 643 Gaius
3405 591 3728 662 presbyter,

2072 669 2300 725 Rhinus
2333 671 2652 741 presbyter,
2684 673 2938 728 [Ethales
2970 677 3294 747 presbyter.

2149 849 2421 904 Diaconi:
2458 849 2830 906 Marcellinus
2878 853 3179 922 diaconus,
3235 857 3538 928 Appianus
3599 858 3725 914 dia-

2075 954 2279 1004 conus,
2313 938 2510 992 Theon
2533 939 2832 1005 diaconus,
2858 943 3198 999 Timotheus
3228 946 3508 1004 diaconus
3539 954 3596 1004 et
3633 950 3724 1004 Ti-

2073 1027 2344 1081 motheus
2374 1026 2519 1082 alter
2547 1027 2848 1086 diaconus.

2142 1118 2232 1172 74.
2266 1117 2477 1171 Eorum
2510 1117 2707 1188 itaque
2758 1121 2858 1190 qui
2891 1121 2950 1175 in
2975 1123 3117 1178 urbe
3151 1131 3317 1180 erant
3374 1128 3717 1186 clericorurn

2075 1205 2162 1260 hee
2195 1207 2354 1260 fuere
2385 1205 2608 1266 litterae.
2641 1213 2699 1261 et
2716 1207 2834 1263 haec
2867 1226 3068 1266 eorum
3103 1216 3364 1269 nomina.
3426 1218 3725 1276 Mareotici

2076 1299 2271 1350 autem
2303 1293 2515 1361 clerici,
2550 1297 2763 1366 quibus
2824 1299 3101 1370 explorati
3159 1309 3324 1358 erant
3371 1311 3726 1366 accusatoris

2080 1399 2291 1451 mores,
2343 1384 2560 1454 quique
2585 1385 2725 1438 mihi
2752 1385 2882 1442 loca
2911 1388 3289 1457 perlustranti
3331 1396 3534 1453 adesse
3579 1399 3727 1456 sole-

2079 1473 2240 1540 bant,
2263 1473 2371 1528 has
2401 1477 2459 1528 et
2489 1473 2600 1544 ipsi
2633 1475 2842 1530 dedere
2860 1475 3085 1534 litteras
3110 1495 3123 1533 :

2615 1580 2892 1637 SANCTA?
2936 1585 3199 1641 SYNODO

2084 1668 2798 1752 beatorumuepiseoporum
2855 1673 3141 1752 catholica
3197 1677 3471 1752 Ecclesiae,
3546 1699 3730 1741 omnes

2155 1741 2248 1821 qu'i
2272 1743 2334 1794 in
2362 1741 2592 1821 Mureote
2618 1748 2746 1796 sunt
2787 1747 3098 1816 presbyteri
3126 1753 3179 1799 et
3235 1741 3472 1821 dz'aconz,
3506 1756 3563 1808 in
3625 1762 3733 1811 Do—

2155 1813 2302 1866 mino
2331 1814 2585 1867 salutem.

2151 1919 2326 1973 Gnari
2356 1920 2482 1989 ejus
2512 1919 2820 1990 Scripturae
2851 1939 2977 1994 quae
3000 1926 3099 1993 ait,
3137 1927 3264 1994 Qum
3293 1930 3547 1986 viderunt
3593 1935 3740 1989 oculi

2078 2010 2163 2063 tui
2193 2009 2410 2079 loquere
2439 2008 2588 2074 δίκαι,
2623 2011 2784 2065 Testis
2811 2013 2987 2082 [alsus
3015 2030 3125 2070 non
3158 2019 3268 2072 erit
3320 2021 3623 2091 impunitus
3651 2024 3697 2058 ⁸⁸
3722 2043 3736 2093 ;

2081 2114 2210 2169 qua:
2233 2097 2497 2152 videmus
2519 2102 2809 2154 testamur
2833 2119 2845 2156 :
2867 2105 3101 2173 quando
3126 2106 3497 2176 potissimum
3518 2117 3742 2170 structa

2081 2176 2143 2242 in
2201 2187 2540 2259 episcopum
2594 2193 2860 2244 nostrum
2916 2192 3302 2252 Athanasium
3381 2203 3740 2273 conspiratio

2086 2277 2263 2346 hujus
2298 2276 2515 2331 ferendi
2565 2278 2884 2333 testimonii
2938 2285 3343 2341 necessitatem
3406 2290 3576 2345 nobis
3631 2292 3744 2347 im-

2090 2365 2272 2437 ponit.
2309 2365 2589 2420 Miramur
2620 2367 2772 2421 enim
2810 2385 2924 2439 qua
2951 2373 3186 2427 tandem
3213 2376 3436 2431 ratione
3469 2379 3742 2452 Ischyras

2093 2454 2162 2509 ad
2197 2471 2534 2510 mensuram
2565 2456 2834 2512 Ecclesiae
2865 2475 3104 2515 mensus
3138 2462 3329 2531 fuerit,
3354 2466 3424 2521 de
3454 2484 3568 2538 quo
3625 2470 3749 2540 pri-

2095 2561 2258 2628 mum
2293 2545 2558 2615 quaedam
2589 2548 2915 2601 enarranda
2943 2550 3319 2607 arbitramur.
3346 2556 3611 2628 Ischyras
3635 2558 3751 2614 mi-

2098 2633 2280 2687 nister
2302 2631 2565 2687 Ecclesiae
2617 2651 2921 2705 nunquam
2971 2639 3233 2708 exstitit;
3285 2644 3384 2697 sed
3418 2661 3552 2700 cum
3626 2663 3755 2704 sese

2091 2721 2217 2791 jam
2242 2721 2466 2791 pridem
2499 2721 2795 2792 jactitaret
2836 2724 3086 2781 Colluthi
3143 2744 3270 2784 esse
3322 2735 3755 2807 presbyterum,

2102 2811 2365 2881 cognatis
2395 2813 2668 2882 exceptis,
2703 2813 2830 2882 ejus
2880 2831 3050 2870 nemo
3107 2818 3296 2873 verbis
3351 2821 3526 2878 ﬁdem
3592 2826 3757 2880 adhi-

2103 2899 2272 2954 buit:
2307 2899 2524 2971 quippe
2554 2900 2649 2971 qui
2713 2918 2900 2974 neque
2959 2904 3263 2962 ecclesiam
3326 2909 3603 2968 habuerit
3655 2932 3762 2970 un-

2106 3005 2500 3060 quam,neque
2529 2989 2765 3045 omnino
2799 2992 3042 3048 clericus
3078 2995 3251 3050 fuerit
3279 3014 3313 3052 a
3357 3001 3446 3054 sui
3501 3003 3634 3076 pagi
3686 3004 3756 3058 fl-

2106 3077 2332 3132 nitimis
2364 3077 2765 3146 existimatus;
2797 3083 3059 3152 cognatis
3086 3084 3482 3155 duntaxat,uti
3506 3093 3760 3162 jamjam

2109 3165 2385 3235 diximus,
2418 3167 2812 3238 exceptis.Sed
2846 3174 3038 3225 tamen
3073 3188 3205 3226 cum
3239 3174 3418 3230 talem
3463 3179 3573 3234 sibi
3627 3182 3764 3236 titu-

376 3229 392 3251 ,ν
570 3229 580 3247 .
672 3229 684 3244 ι
839 3229 848 3233 -
978 3229 1022 3247 ..
1296 3229 1307 3243 ι
1391 3229 1402 3242 ,

334 3263 488 3336 ὅμως
525 3261 782 3331 τοιαύτην
846 3260 1021 3331 ἐαυτῷ
1076 3259 1444 3334 προσηγορίαν
1500 3257 1852 3334 ἐπιφημίσας,
1903 3258 1987 3314 ἐπὶ

2109 3243 2228 3312 lum
2259 3229 2633 3324 vindicasset,
2664 3256 2721 3310 in
2754 3259 2972 3329 synodo
2994 3229 3348 3318 Alexandrize
3404 3229 3762 3340 congregata

334 3358 434 3422 τῆς
491 3347 717 3405 συνόδου
765 3356 866 3418 τῆς
946 3346 1401 3424 συγκροτηθείσης
1457 3347 1508 3401 ἐν
1579 3346 1949 3424 Ἀλεξανδρείᾳ
1983 3395 1997 3420 ,

342 3440 430 3496 ἐπὶ
479 3441 550 3510 τῇ
595 3437 864 3514 παρουσίᾳ
905 3441 1003 3492 τοῦ
1044 3436 1252 3510 Πατρὸς
1282 3439 1442 3509 ἡμῶν
1472 3436 1649 3491 Ὁσίου
1705 3437 1998 3514 καθῃρέθη,

344 3529 434 3583 καὶ
465 3526 655 3590 λαϊκὸς
687 3527 960 3602 συνήχθη,
993 3525 1083 3580 καὶ
1118 3523 1291 3586 οὕτως
1332 3521 1512 3597 ἔμεινε
1551 3526 1643 3579 τὸν
1692 3525 1812 3596 ἑξῆς
1873 3526 2004 3601 χρό-

345 3637 454 3689 νον,
508 3615 746 3671 ἐκπεσὼν
800 3614 890 3670 καὶ
935 3622 1033 3684 τῆς
1080 3611 1308 3687 ψευδοῦς
1360 3613 1610 3675 ὑπονοίας
1638 3619 1735 3668 τοῦ
1776 3611 2006 3691 πρεσϐυ-

345 3706 550 3783 τερίου.
583 3705 714 3782 Περὶ
744 3703 844 3780 γὰρ
872 3708 980 3759 τῶν
1009 3705 1158 3773 ἠθῶν
1210 3702 1373 3758 αὐτοῦ
1422 3703 1671 3778 περιττὸν
1720 3703 2007 3778 ἡγούμεθα

352 3793 564 3870 λέγειν,
654 3791 956 3869 δυναρένων
1037 3791 1247 3847 πάντων
1335 3787 1527 3846 εἰδέναι
1613 3790 1680 3846 τὰ
1761 3797 2004 3850 τοιαῦτα.

352 3881 576 3952 Ἐπειδή
637 3880 694 3937 δὲ
751 3881 876 3958 περὶ
933 3881 1178 3942 κλάσεως
1255 3879 1524 3955 ποτηρίου
1599 3880 1686 3935 καὶ
1741 3880 2010 3955 τραπέζης

350 3971 775 4050 ἐσυκοφάντησεν
833 3973 994 4042 ἡμῶν
1040 3972 1132 4025 τὸν
1188 3968 1480 4024 ἐπίσκοπον
1535 3969 1865 4040 Ἀθανάσιον,
1914 3971 2008 4025 καὶ

349 4061 472 4137 περὶ
519 4060 716 4116 τούτου
763 4057 1126 4135 διηγήσασθαι
1181 4059 1460 4132 ὑμῖν
1521 4059 1806 4135 ἀναγκαῖον
1853 4059 2008 4128 ἠπεί-

350 4151 589 4226 χθημεν.
669 4147 975 4210 Φθάσαντες
1028 4148 1130 4224 γὰρ
1191 4145 1416 4221 εἷ’πομεν
1490 4146 1778 4219 ἐκκλησίαν
1852 4147 2009 4204 αὐτὸν

353 4237 627 4312 μηδέποτε
656 4237 948 4314 ἐσγηκέναι
996 4236 1046 4292 ἐν
1097 4241 1176 4308 τῷ
1223 4237 1512 4313 Μαρεώτῃ·
1547 4238 1620 4300 ὡς
1671 4235 1728 4292 δὲ
1760 4238 1846 4293 ἐπὶ
1878 4244 2011 4294 Θεοῦ

354 4327 624 4404 μάρτυρος
657 4374 670 4398 ,
733 4323 858 4381 οὐδὲ
913 4328 1181 4401 ποτήριον
1241 4325 1554 4396 κέκλασται,
1597 4326 1722 4382 οὐδὲ
1775 4327 2014 4403 τράπεζα

350 4415 622 4492 ἀνετράπη
655 4415 800 4490 παρὰ
828 4419 926 4470 τοῦ
971 4412 1267 4469 ἐπισκόπου
1298 4417 1481 4488 ἡμῶν,
1527 4412 1651 4470 οὐδὲ
1680 4418 1805 4491 παρ’
1836 4415 2010 4472 ἄλλου

349 4505 494 4568 τινὸς
521 4510 630 4560 τῶν
661 4503 924 4559 συνόντων
971 4502 1136 4575 αύτῷ-
1189 4501 1336 4557 ἀλλᾶ
1385 4502 1558 4558 πάντα
1608 4503 1719 4558 ἐστί
1768 4506 1835 4559 τὰ
1864 4505 2014 4580 λεγό-

2109 3350 2388 3419 praesente
2426 3345 2591 3400 Patre
2638 3350 2835 3400 nostro
2867 3347 3039 3402 Hosio
3090 3351 3412 3425 depositus,
3456 3357 3524 3410 ad
3583 3357 3763 3414 laico-

2111 3453 2242 3490 rum
2274 3435 2747 3490 communionem
2801 3437 3072 3493 redactus
3118 3444 3250 3496 est:
3304 3459 3418 3514 quo
3475 3445 3651 3502 etiam
3703 3447 3764 3503 in

2108 3525 2232 3580 loco
2263 3524 2647 3595 subsequenti
2681 3529 2938 3595 tempore
2969 3530 3312 3600 permansit,
3347 3550 3378 3585 a
3414 3532 3561 3589 falsa
3609 3553 3754 3607 quo-

2114 3630 2238 3684 que.
2255 3614 2691 3684 presbyteratus
2710 3615 3098 3686 suscipicione
3119 3619 3429 3690 lapsus.De
3451 3625 3622 3694 cujus
3643 3642 3762 3683 mo-

2116 3701 2300 3767 ribus,
2335 3702 2489 3773 quod
2525 3702 2691 3757 facile
2741 3704 2813 3758 ab
2861 3705 3137 3762 omnibus
3195 3708 3461 3780 dignosci
3519 3720 3766 3784 queant,

2117 3789 2260 3845 nihil
2293 3795 2379 3845 est
2399 3789 2552 3861 quod
2584 3789 2914 3861 loquamur.
2959 3792 3242 3850 Caeterum
3274 3797 3413 3868 quia
3457 3800 3529 3856 de
3584 3803 3762 3858 calice

2115 3880 2296 3935 fracto
2328 3880 2514 3950 deque
2545 3896 2747 3935 mensa
2778 3882 3057 3937 subversa
3097 3885 3437 3958 episcopum
3499 3895 3766 3946 nostrum

2116 3969 2502 4024 Athanasium
2535 3986 2716 4024 ausus
2746 3975 2835 4025 est
2873 3971 3237 4043 insimulare,
3297 3978 3444 4033 151
3505 3995 3596 4035 res
3647 3980 3774 4036 haec

2118 4059 2287 4114 nobis
2316 4057 2605 4113 incumbit
2633 4060 2960 4116 necessario
2991 4066 3494 4132 pertractanda.Et
3524 4069 3772 4140 quidem

2113 4149 2237 4219 jam
2262 4165 2442 4220 supra
2461 4148 2686 4202 dictum
2717 4153 2807 4203 est
2837 4167 3141 4221 nunquam
3180 4152 3342 4210 illam
3370 4156 3674 4223 ecclesiam
3707 4158 3770 4214 in

2121 4238 2374 4293 Mareote
2395 4236 2692 4292 habuisse.
2728 4238 2842 4292 Hoc
2865 4238 3005 4293 item
3036 4240 3162 4311 ipso
3212 4248 3357 4298 teste
3422 4247 3532 4302 Deo
3574 4246 3770 4303 decla-

2119 4345 2344 4394 ramus,
2395 4343 2501 4382 nec
2530 4325 2770 4382 calicem
2803 4328 3162 4384 confractum
3194 4349 3342 4403 esse,
3367 4351 3470 4389 nec
3506 4351 3772 4392 mensam

2121 4418 2465 4474 subversam
2495 4414 2584 4470 vel
2607 4415 2677 4470 ab
2708 4415 2979 4487 episcopo
3012 4421 3321 4491 nostro,vel
3353 4423 3424 4477 ab
3458 4422 3569 4479 alio
3628 4440 3772 4495 quo-

2123 4507 2281 4578 piam
2310 4505 2506 4577 ipsum
2539 4505 2880 4571 comitante;
2908 4507 3009 4560 sed
3033 4524 3398 4580 quaecunque
3423 4510 3616 4566 delata
3641 4515 3782 4567 sunt

357 4616 488 4668 μενα
519 4592 864 4672 συκοφαντία·
924 4592 1015 4647 καὶ
1062 4596 1231 4647 ταῦτα
1266 4590 1516 4669 λέγομεν,
1564 4592 1626 4648 οὗ
1679 4595 1884 4671 μακρὰν
1914 4600 1987 4649 τοῑ

2121 4610 2340 4651 meram
2371 4609 2499 4649 esse
2531 4592 2908 4648 calumniam.
2944 4595 3061 4651 Nos
3091 4597 3313 4654 scilicet
3342 4599 3450 4655 hoc
3481 4603 3694 4657 testam
3710 4618 3784 4656 ur

354 4683 652 4740 ἐπισκόπου
728 4683 953 4744 ἀπόντες
1028 4684 1140 4758 (40)
1176 4701 1188 4713 ⁸
1246 4680 1439 4743 πάντες
1515 4682 1616 4758 γὰρ
1693 4682 1784 4737 σὺν
1866 4683 2010 4756 αὖτῷ

356 4772 536 4846 ἐσμεν,
598 4772 722 4828 ὅταν
771 4769 1060 4848 περιοδεύῃ
1109 4773 1200 4826 τὸν
1254 4772 1580 4845 Μαρεώτην·
1614 4773 1702 4826 καὶ
1751 4771 2009 4828 οὐδέποτε

361 4860 522 4933 μόνος
572 4861 939 4937 περιέρχεται,
1003 4860 1147 4917 ἀλλᾶ
1215 4860 1350 4933 μετά
1410 4859 1624 4914 πάντων
1683 4863 1841 4933 ἡμῶν
1899 4867 2006 4917 τῶν

355 4943 755 5026 πρεσϐυτέρων,
814 4949 904 5004 καὶ
961 4955 1068 5005 τῶν
1122 4947 1404 5021 διακόνων,
1456 4950 1545 5003 καὶ
1587 4949 1733 5005 λαῶν
1785 4952 2005 5010 ἱκανῶν.

355 5039 448 5094 Διὸ
476 5037 566 5092 καὶ
613 5039 687 5100 ὡς
736 5039 1106 5115 συμπαρόντες
1160 5039 1306 5110 αὐτῷ
1349 5037 1400 5092 ἐν
1452 5037 1594 5112 πάσῃ
1643 5038 1939 5114 περιοδείᾳ,

352 5128 647 5198 πεποίηται
681 5128 816 5204 πρὸς
865 5131 1030 5201 ἡμᾶς,
1075 5133 1242 5182 ταῦτα
1289 5126 1518 5203 λέγομεν
1570 5129 1659 5182 καὶ
1709 5137 2008 5206 μαρτυροῦ-

1502 5215 1525 5234 Ἰ

357 5238 474 5291 μεν,
508 5215 589 5272 ὅτι
624 5212 747 5272 οὔτε
805 5218 1068 5292 ποτήριον
1127 5216 1406 5291 κατέαγεν,
1465 5215 1589 5271 οὔτε
1641 5218 1878 5294 τράπεζα
1924 5221 2010 5274 ἀν-

425 5327 471 5362 83
503 5327 664 5382 Prov.
699 5343 829 5398 xxv,
860 5326 915 5381 8.
992 5327 1037 5360 ⁸⁸
1067 5325 1210 5380 ibid.
1240 5342 1360 5394 xxx,
1391 5326 1446 5381 5.

427 5425 543 5497 (34)
571 5421 817 5478 Διάκονοι
849 5424 1014 5479 deest
1051 5424 1109 5478 in
1139 5423 1323 5479 Editis
1368 5423 1428 5478 in
1460 5423 1599 5550 Ηρὲ.
1631 5423 1865 5497 legitur.

427 5497 643 5550 {35Hta
663 5497 797 5550 Rea.
832 5495 1008 5550 Basil.
1059 5500 1119 5550 et
1169 5495 1255 5550 sic
1311 5494 1452 5550 legit
1561 5497 1794 5550 annius.
1855 5499 1865 5550 1

423 5494 535 5568 (35)
563 5499 643 5551 lta
663 5497 797 5568 Reg.
832 5495 1008 5568 B_asil.
1045 5500 1119 5568 et
1169 5495 1255 5550 sic
1311 5494 1452 5566 legit
1508 5494 1794 5553 Nannius.
1855 5499 2008 5555 Editi

358 5565 648 5641 νθὶδρελτῷν
681 5565 854 5641 ἁγίων
870 5565 1195 5620 ἐπισκόπων.
1374 5565 1392 5566 ί
1735 5594 1745 5604 ο

432 5639 525 5706 (36
577 5633 743 5707 Κορῇ,
776 5633 1019 5710 οἴδαμεν.

432 5638 545 5784 (37)
578 5707 744 5782 Reg.,
772 5706 1069 5784 ἐμετρήθη.
1104 5708 1252 5768 Editi

431 5704 545 5789 (37)
578 5704 744 5782 £168.,
772 5704 1069 5789 ἐμετρήθη.
1104 5708 1256 5791 Editi
1284 5721 1419 5766 vero
1450 5704 1751 5784 ἐπεκλήθη.

2118 4685 2217 4756 qui
2251 4701 2362 4739 non
2387 4681 2587 4753 procul
2609 4683 2878 4753 episcopo
2911 4699 3141 4753 sumus,
3164 4687 3266 4742 sed
3288 4688 3602 4744 Mareotem
3636 4707 3776 4762 per-

2116 4773 2465 4829 ]ustrantem
2499 4787 2703 4826 omnes
2733 4773 3121 4828 comitamur:
3173 4792 3364 4847 neque
3403 4779 3560 4833 enim
3612 4781 3775 4834 solus

2118 4879 2378 4934 unquam
2412 4867 2518 4926 est,
2572 4861 2672 4916 sed
2729 4877 2834 4915 nos
2893 4879 3095 4918 omnes
3145 4866 3488 4936 presbyteri,
3543 4867 3773 4923 diaconi

2119 4951 2490 5024 populusque
2524 4951 2798 5020 frequens
2828 4949 2953 5006 loca
2984 4952 3248 5007 visitanti
3280 4958 3584 5010 adsumus.
3611 4959 3770 5021 Quo-

2118 5043 2272 5097 circa
2302 5057 2428 5100 nos.
2462 5043 2661 5110 utpote
2687 5038 2941 5111 episc0pi
2966 5040 3348 5097 circumcirca
3388 5042 3450 5097 in
3504 5043 3614 5098 hac
3672 5060 3774 5100 re-

2117 5129 2288 5202 gione
2317 5128 2682 5200 peragrantis
2713 5127 2978 5193 comites,
3021 5129 3142 5186 haec
3192 5131 3468 5203 dicimus,
3523 5132 3645 5188 haec
3687 5136 3774 5189 te-

2119 5223 2369 5288 stamur,
2401 5233 2504 5271 nec
2536 5218 2785 5271 fractum
2808 5217 3104 5288 poculum,
3127 5236 3316 5292 neque
3348 5236 3614 5276 mensam
3645 5236 3777 5277 esse

2187 5428 2298 5497 (38)
2328 5425 2674 5498 Euyya‘ieiafv
2713 5421 2850 5498 Heg“.
2885 5422 3239 5498 Editi‘vero,
3263 5422 3554 5498 συγγενέσι.

2191 5494 2303 5570 (39)
2329 5494 2474 5570 Εόίι.
2510 5494 2715 5562 Paris.,
2743 5494 2899 5562 ἡμῖν,
2937 5495 3106 5549 male.
3141 5497 3288 5550 Edit.
3321 5494 3453 5550 vero
3487 5495 3770 5556 Commel.

2125 5574 2182 5626 et
2213 5587 2358 5624 mss.
2393 5570 2540 5637 ὑμῖν.

2195 5642 2309 5717 (40)
2341 5632 2506 5711 λιες,
2536 5632 2778 5696 ἀπόντες.
2813 5635 2964 5692 Editi
2985 5650 3138 5706 vero,
3161 5635 3410 5699 ἀπόντος.
