4152 6390
368 363 485 424 383

890 356 954 416 S.
1000 349 1428 413 ATHANASII
1473 350 1646 410 OPP.
1695 348 1895 409 PARS
1941 348 2101 408 1.-
2128 348 2539 410 HISTORICA
2588 348 2688 408 ET
2732 346 3213 410 DOGMATICA.

3661 348 3781 410 384

366 493 735 557 subversam,
768 488 871 544 sed
903 486 1026 541 haec
1065 484 1262 540 omnia
1312 481 1627 537 mentitum
1696 480 2010 553 Ischyram,

2130 476 2357 553 ετράπη,
2390 477 2536 533 ἀλλὰ
2581 476 2751 532 πάντα
2806 474 3075 551 ψεύδεται,
3127 477 3201 539 ὡς
3238 477 3327 532 καὶ
3375 476 3534 540 αὐτὸς
3564 475 3655 533 διὰ
3681 486 3783 551 τῆς

368 582 523 654 quod
547 585 605 636 et
633 579 760 650 ipse
792 574 1076 646 rescripto
1106 571 1341 644 propria
1362 587 1540 625 manu
1577 569 1711 625 dato
1743 572 2010 625 testatur.

364 674 504 729 Post
573 682 871 725 secessum
952 678 1208 733 namque
1271 676 1446 715 suum
1511 660 1583 714 ad
1652 657 2014 725 Meletianos,

364 761 440 818 iis
468 762 588 831 jam
620 754 933 813 calumniis
955 753 1013 807 in
1044 751 1386 822 episcopum
1434 758 1703 804 nostrum
1757 748 2012 803 Athana-

364 849 520 906 sium
551 844 872 918 evulgatis;
897 857 1030 897 cum
1061 837 1471 895 ecclesiasticis
1502 836 1881 892 conventibus
1910 837 2012 892 ad-

363 937 518 994 mitti
551 936 901 1007 peroptaret,
945 930 1003 984 id
1034 927 1147 1001 ipsi
1194 927 1440 982 minime
1497 942 1841 981 concessum
1902 931 2009 991 est,

361 1024 600 1082 tametsi
629 1021 727 1077 ille
756 1019 1040 1090 rescripto
1063 1033 1169 1071 suo
1228 1014 1578 1087 propriaque
1636 1031 1813 1069 manu
1872 1022 2009 1070 con-

360 1116 551 1171 fessus
580 1114 755 1177 esset,
788 1107 937 1163 nihil
966 1122 1165 1162 eorum
1191 1121 1388 1160 revera
1413 1109 1643 1176 gestum
1677 1104 1878 1168 fuisse,
1910 1102 2012 1159 sed

362 1222 424 1262 se
445 1222 479 1259 a
508 1199 862 1274 quibusdam
894 1196 965 1251 ad
998 1211 1065 1250 ea
1095 1194 1343 1249 dicenda
1389 1194 1795 1248 subornatum.

429 1290 822 1357 Quamobrem
887 1287 957 1341 ad
1017 1284 1330 1339 Mareotem
1399 1299 1533 1337 cum
1614 1282 2014 1355 pervenissent

360 1376 1090 1454 Theognius,Theodorus,
1147 1372 1346 1440 Maris,
1406 1372 1795 1443 Macedonius,
1844 1372 2014 1428 Ursa-

363 1474 491 1528 cius
512 1474 568 1527 et
595 1466 829 1536 Valens,
860 1461 1128 1533 nihilque
1180 1459 1472 1531 ejusmodi
1524 1476 1722 1516 revera
1779 1468 2012 1533 gestum

360 1557 826 1631 comperissent;
859 1568 991 1607 cum
1016 1566 1152 1605 mox
1194 1549 1457 1605 futurum
1502 1554 1656 1606 esset
1704 1555 1768 1604 ut
1823 1555 2013 1607 totum

362 1644 707 1716 structtejn
752 1639 1139 1697 Athanasium
1196 1638 1534 1710 episcopum
1594 1645 1860 1695 nostrum
1918 1657 2012 1695 ca-

362 1734 604 1792 lumniae
626 1730 938 1789 artiﬁcium
970 1728 1652 1800 deprehenderetur,tum
1677 1728 2014 1801 Theognius

362 1830 422 1882 et
452 1817 1034 1890 asseclae,Athanasio
1065 1833 1268 1873 omnes
1312 1816 1719 1887 infensissimi,
1767 1818 2013 1891 lschyrze

361 1916 643 1986 cognatos
676 1907 1192 1978 Ariomanitasque
1224 1904 1539 1961 nonnullos
1561 1906 1919 1962 induxerunt
1939 1908 2013 1963 ad

359 2020 431 2059 ea
459 2001 705 2058 dicenda
734 2015 861 2070 quas
886 1997 996 2052 sibi
1021 1995 1274 2051 maxime
1319 1994 1613 2066 placerent
1637 2013 1650 2051 :
1713 1996 2013 2068 popularis

360 2090 519 2146 enim
551 2088 753 2144 nullus
793 2085 1096 2158 quidpiam
1149 2083 1390 2155 protulit
1438 2084 1494 2138 in
1541 2086 1903 2156 episcopum.
1941 2088 2014 2141 At

358 2178 444 2237 illi
476 2186 695 2235 terrore
727 2174 996 2247 Philagrii
1026 2174 1251 2246 IEgypti
1283 2174 1559 2245 praefecti,
1603 2174 1899 2245 minisque
1946 2192 2012 2230 ac

359 2267 683 2341 patrocinio
714 2264 1213 2320 Ariomanitarum
1237 2263 1387 2332 freti,
1420 2263 1703 2319 arbitratu
1752 2281 1858 2319 suo
1890 2281 2010 2320 rem

360 2372 610 2430 gessere.
634 2354 813 2410 Nobis
845 2352 1060 2425 quippe
1089 2352 1161 2405 ad
1222 2368 1351 2406 eam
1410 2351 1787 2423 detegendam
1848 2370 2010 2425 syco-

360 2445 663 2519 phantiam
695 2440 1108 2499 accedentibus
1138 2456 1509 2512 nequaquam
1564 2440 1862 2508 admissis,
1894 2440 2013 2497 imo

360 2533 765 2607 expulsis,quo
797 2530 972 2586 libuit
1028 2531 1101 2585 ad
1141 2528 1501 2585 calumniam
1561 2529 1726 2601 prius
1773 2530 2015 2586 adorna-

360 2629 473 2691 tos,
507 2621 784 2693 Philagrii
811 2618 1067 2691 praefecti
1100 2617 1671 2683 formidine,consilii
1732 2618 1823 2673 sui
1881 2635 2012 2691 par-3

359 2710 569 2784 ticipes
602 2710 861 2766 effecere.
893 2708 1074 2778 Cujus
1103 2707 1244 2763 item
1276 2707 1526 2778 praefecti
1547 2722 1741 2778 opera,
1767 2708 2011 2780 permis-

364 2818 497 2857 sum
530 2800 702 2856 nobis
730 2815 846 2853 non
877 2802 966 2853 est
987 2797 1123 2852 huic
1152 2796 1435 2851 interesse
1461 2796 1711 2868 negotio,
1744 2813 1860 2868 quo
1891 2797 2014 2852 sal-

363 2895 483 2946 tem
514 2906 549 2944 a
578 2905 640 2943 se
669 2886 1017 2943 subornatos
1047 2889 1224 2941 testes
1253 2884 1647 2939 internoscere
1705 2902 2013 2955 possemus

365 2995 435 3033 ex
488 2976 819 3033 Ecclesiane
878 2978 1096 3039 essent,
1154 2991 1225 3029 an
1296 2991 1363 3028 ex
1430 2973 1826 3029 Ariomanitis.
1887 2975 2012 3031 Non

363 3066 555 3140 ignari
576 3069 774 3122 autem
807 3063 969 3132 estis,
1026 3063 1222 3118 dilecti
1267 3062 1484 3128 Patres,
1543 3063 1621 3117 rei
1664 3080 1841 3134 quam
1898 3064 2011 3135 ipsi

362 3173 471 3213 nos
500 3155 775 3222 edocetis,
810 3152 1033 3209 nullam
1062 3151 1283 3208 scilicet
1313 3151 1427 3206 vim
1488 3151 1698 3207 habere
1745 3152 2011 3209 inimico-

2124 568 2317 621 εαυτοῦ
2370 567 2557 643 χειρὸς
2619 571 2898 643 μαρτυρεῖ.
2959 565 3272 637 Θελήσαντα
3324 565 3427 643 γὰρ
3476 566 3636 623 αὐτὸν
3666 589 3783 623 συν-

2123 658 2357 731 αχθῆναι
2413 656 2547 728 μετά
2598 656 2662 710 τὸ
2719 654 2972 710 ἀπελθεῖν
3011 654 3169 710 αὐτὸν
3229 654 3365 727 μετά
3418 655 3775 731 Μελιτιανῶν,

2122 744 2211 800 καί
2238 749 2463 801 τοιαῦτα
2493 743 2729 823 φημίσαι
2769 744 2903 800 κατά
2947 749 3045 799 τοῦ
3097 744 3395 799 ἐπισκόπου
3432 748 3595 818 ἡμῶν
3626 746 3781 811 Ἀθα-

2120 834 2324 906 νασίου,
2386 834 2486 889 οὐκ
2560 831 2800 905 ἐδέξαντο
2859 833 3035 905 αὐτὸν,
3095 834 3270 889 καίτοι
3336 833 3630 911 γράψαντα,
3686 836 3778 891 καὶ

2122 920 2235 993 ἰδίᾳ
2282 924 2429 998 χειρὶ
2480 922 2898 999 ὁμολογήσαντα
2950 919 3119 995 μηδὶν
3175 923 3382 978 τούτων
3437 926 3774 1001 γεγενῆσθαι,

2120 1011 2246 1068 ἀλλ’
2281 1007 2685 1082 ὑποϐεϐλῆσθαι
2722 1012 2822 1068 ὑπό
2852 1033 3012 1067 τινων
3038 1016 3206 1068 ταῦτα
3235 1011 3422 1068 εἰπεῖν.

2194 1281 2287 1335 Διὸ
2316 1279 2403 1335 καὶ
2459 1279 2703 1341 ἐλθόντες
2765 1280 2817 1334 οἱ
2873 1281 2995 1355 περῖ
3055 1280 3303 1356 Θεόγνιον
3352 1281 3441 1335 καὶ
3474 1279 3777 1358 Θεόδωρον,

2119 1371 2209 1425 καὶ
2241 1369 2433 1446 Μάριν,
2484 1368 2573 1423 καὶ
2602 1366 2953 1441 Μακεδόνιον,
2994 1370 3082 1424 καὶ
3130 1368 3446 1447 Ούρσάκιον,
3497 1370 3586 1425 καὶ
3638 1371 3776 1427 Οὐά-

2123 1458 2300 1530 λεντα,
2361 1458 2434 1520 εἷς
2488 1458 2580 1513 τὸν
2636 1459 2953 1533 Μαρεώιην,
3014 1456 3168 1513 οὐδὲν
3224 1457 3465 1535 εὑρόντες
3522 1458 3725 1531 ἀληθὲς
3758 1507 3775 1535 ,

2122 1546 2268 1604 ἀλλὰ
2321 1546 2617 1619 μέλλοντος
2653 1552 2750 1602 τοῦ
2808 1547 3124 1624 πράγματος
3181 1546 3521 1624 ἐλέγχεσθαι,
3554 1548 3640 1605 ὅτι
3688 1571 3780 1605 συ-

2121 1637 2407 1715 κοφαντίαν
2455 1635 2763 1711 εῗργάσαντο
2789 1637 2925 1691 κατά
2967 1637 3065 1691 τοῦ
3098 1634 3396 1691 ἐπισκόπου
3426 1640 3588 1710 ἡμῶν
3618 1639 3780 1695 Ἀθα-

2120 1726 2324 1798 νάσῖου,
2373 1724 2525 1781 αὐτοὶ
2571 1726 2623 1779 οἱ
2669 1726 2791 1801 περὶ
2841 1725 3124 1801 Θεόγνιον,
3166 1725 3357 1802 ἐχθροὶ
3399 1726 3776 1803 τυγχάνοντες,

2121 1815 2248 1877 τοὺς
2295 1820 2561 1891 συγγενεῖς
2632 1813 2796 1869 αὐτοῦ
2852 1813 2944 1869 καί
3008 1835 3152 1877 τινας
3211 1815 3619 1891 Ἀρειομανίτας
3675 1838 3774 1874 πε-

2121 1908 2412 1976 ποιήκασιν
2442 1904 2610 1959 εἰπεῖν
2656 1904 2790 1980 ἅπερ
2837 1901 3059 1973 ἤθελον.
3112 1904 3186 1958 Οὑ
3233 1903 3334 1980 γάρ
3383 1926 3466 1968 τις
3506 1910 3605 1961 τοῦ
3639 1905 3778 1962 λαοῦ

2122 1994 2257 2049 κατὰ
2282 1997 2380 2048 τοῦ
2412 1991 2709 2047 ἐπισκόπου
2754 1988 2984 2068 εἷ’ρηκεν,
3033 1991 3159 2049 ἀλλ’
3189 1990 3341 2048 αὐτοὶ
3370 1997 3450 2066 τῷ
3491 1990 3649 2073 φόϐῳ
3677 2000 3778 2051 τοῦ

2125 2082 2367 2159 ἐπάρχου
2397 2088 2496 2151 τῆς
2542 2081 2819 2156 Αἰγύπτου
2871 2080 3194 2156 Φιλαγρίου,
3243 2082 3333 2137 καὶ
3362 2088 3481 2144 ταῖς
3523 2083 3780 2147 ἀπειλαῖς

2121 2172 2209 2226 καὶ
2258 2175 2326 2245 τῇ
2381 2170 2680 2246 προστασίᾳ
2734 2175 2841 2225 τῶν
2897 2171 3334 2246 Ἀρειομανιτῶν,
3385 2172 3520 2248 ἅπερ
3567 2172 3779 2243 ἠθέλη-

2123 2282 2216 2315 σαν
2257 2262 2610 2329 πεποιήκασι.
2647 2260 2742 2313 Καὶ
2791 2261 2892 2335 γὰρ
2942 2258 3191 2321 ἐλθόντας
3243 2261 3389 2333 ἡμᾶς
3436 2260 3647 2338 ἐλέγξαι
3675 2264 3779 2332 τήν

2124 2350 2472 2427 συκοφαντίαν
2530 2348 2627 2403 οὐκ
2698 2347 2990 2425 ἐπέτρεψαν
3021 2394 3035 2420 ,
3097 2347 3223 2404 ἀλλ’
3290 2348 3622 2426 ἀπέῤῥιπτον
3681 2352 3779 2424 μὲν

2122 2442 2289 2512 ἡμᾶς,
2333 2438 2423 2498 οὓς
2474 2435 2531 2492 δὲ
2587 2435 2786 2506 ¹ἤθελον
2828 2437 3299 2511 συσκευαζόμενοι,
3351 2436 3775 2516 προσεδέχοντο,

2121 2528 2210 2583 καὶ
2265 2528 2591 2583 συνετίθεντο
2650 2526 2833 2587 αὐτοῖς
2886 2524 2975 2581 διὰ
3028 2526 3119 2581 τὸν
3181 2522 3351 2605 φόϐον
3390 2533 3489 2583 τοῦ
3528 2528 3777 2606 ἐπάρχου

2123 2616 2445 2693 Φιλαγρίου·
2500 2614 2569 2670 δι’
2599 2617 2658 2671 ’ὀν
2695 2612 2819 2670 οὔτε
2864 2621 3108 2692 παρεῖναι
3158 2619 3305 2690 ἡμᾶς
3338 2616 3650 2695 ἐπέτρεψαν,
3686 2617 3778 2675 ἵνα

2120 2707 2217 2762 κᾶν
2288 2705 2414 2767 τοὺς
2492 2700 2971 2777 ὑποϐαλλομένους
3043 2705 3130 2760 ὑπ’
3206 2704 3380 2761 αὐτῶν
3457 2704 3780 2782 δυνηθῶμεν

2122 2795 2331 2870 ἐλέγξαι
2365 2794 2409 2849 εἰ
2433 2800 2533 2863 τῆς
2565 2792 2888 2864 Ἐκκλησίας
2936 2793 3090 2866 εἰσὶν,
3134 2795 3170 2863 ἢ
3222 2795 3654 2870 Ἀρειομανῖται.
3688 2795 3778 2851 Οἵ-

2123 2882 2247 2939 ὃατε
2278 2882 2334 2939 δὲ
2362 2885 2494 2957 (41),
2545 2882 2814 2958 ἀγαπητοὶ
2866 2882 3117 2958 Πατέρες,
3167 2883 3257 2938 καὶ
3292 2884 3464 2957 ὑμεῖς,
3515 2886 3589 2948 ὡς
3620 2882 3772 2941 διδά-

2123 2994 2274 3029 σκετε
2322 2975 2488 3045 ἡμᾶς,
2540 2970 2621 3025 ὅτι
2672 2970 2883 3047 ἐχθρῶν
2939 2970 3038 3025 ούκ
3097 2971 3275 3049 ἰσχύει
3331 2974 3616 3049 μαρτυρία.
3667 2976 3771 3029 Καὶ

2122 3053 2205 3118 ὅτι
2240 3063 2334 3135 μὲν
2365 3060 2725 3132 ἀληθεύομεν,
2778 3066 3038 3136 μαρτυρεῖ
3087 3062 3181 3133 μὲν
3233 3059 3323 3116 καί
3352 3064 3386 3130 ἡ
3419 3061 3543 3137 χεὶρ
3595 3061 3773 3139 Ἰσχό-

2126 3173 2209 3229 ρα,
2275 3154 2535 3227 μαρτυρεῖ
2591 3146 2649 3204 δὲ
2679 3149 2768 3204 καὶ
2830 3151 2943 3222 (42)
2995 3150 3062 3205 τὰ
3117 3149 3408 3226 πράγματα
3463 3149 3616 3222 αὐτὰ,
3662 3150 3771 3224 ὅτι,

361 3262 492 3302 rum
516 3244 871 3302 testimonia.
897 3243 1178 3299 Caeterum
1225 3242 1347 3296 haec
1398 3258 1432 3296 a
1481 3241 1650 3297 nobis
1707 3258 1839 3297 vere
1897 3242 2010 3298 dici

2125 3218 2285 3313 Σἡμῶν
2320 3236 2488 3313 μηδὲν
2518 3235 2837 3293 συνειδότων
2880 3238 3128 3293 τοιοῦτόν
3173 3259 3227 3293 τι
3262 3239 3598 3316 γεγενῆσθαι,
3632 3239 3776 3295 Φιλο

358 3334 528 3390 testis
557 3334 686 3405 ipsa
716 3331 961 3405 Ischyras
992 3334 1409 3395 manus,testes
1453 3330 1591 3401 ipsa:
1647 3347 1739 3385 res
1789 3336 1966 3402 gestas
1993 3350 2007 3400 ;

358 3422 528 3478 nobis
578 3422 857 3476 nimirum
910 3418 1054 3474 nihil
1105 3418 1358 3473 consciis
1414 3418 1523 3473 hac
1559 3419 1781 3474 ratione
1813 3425 2008 3475 actum

358 3511 576 3567 fuisse:
614 3509 974 3581 Philagrium
1027 3524 1227 3563 secum
1285 3523 1679 3578 assumpsere,
1712 3512 1777 3561 ut
1832 3508 2007 3580 gladii

357 3598 669 3655 formidine
696 3597 990 3669 minisque
1010 3596 1313 3664 adhibitis,
1337 3612 1439 3668 pro
1469 3595 1711 3651 libidine
1742 3596 1801 3651 in
1832 3596 2011 3652 Atha-

355 3688 591 3743 nasium
623 3685 1183 3758 conspirarentﬂzec
1216 3684 1385 3757 quasi
1439 3689 1717 3757 praesente
1775 3685 1892 3741 Deo
1925 3691 2009 3742 te-

355 3775 682 3831 stiﬁcamur
714 3792 727 3831 :
759 3775 881 3831 haec
913 3774 1233 3846 loquimur,
1257 3778 1325 3828 ut
1356 3773 1454 3844 qui
1479 3777 1633 3829 certo
1689 3774 1945 3830 sciamus
1976 3793 2011 3832 a

353 3869 469 3921 Deo
501 3864 766 3920 futurum
788 3880 916 3921 esse
937 3862 1230 3934 judicium
1257 3879 1270 3916 :
1293 3862 1489 3934 cupidi
1521 3861 1755 3933 quidem
1788 3867 1853 3917 ut
1882 3880 2007 3919 om-

2118 3330 2304 3406 άγριον
2360 3323 2668 3405 παρέλαϐον
2728 3329 2846 3401 μεθ’
2904 3329 3133 3399 ἑαυτῶν,
3188 3326 3278 3383 ’ίνα
3331 3333 3410 3401 τῷ
3466 3324 3624 3408 φόϐῳ
3675 3334 3775 3385 τοῦ

2121 3420 2301 3498 ξίφους
2379 3418 2469 3472 καὶ
2543 3423 2660 3479 ταῖς
2734 3416 2984 3479 ἀπειλαῖς
3040 3416 3073 3471 ἃ
3135 3416 3421 3493 βούλονται
3490 3418 3718 3474 συσκευά
3752 3453 3775 3463 -

2120 3528 2335 3562 σωνται.
2368 3510 2543 3561 Ταῦτα
2592 3506 2665 3567 ὡς
2716 3505 2802 3561 ἐπὶ
2852 3509 2986 3560 Θεοῦ
3037 3511 3434 3581 μαρτυροῦμεν,
3485 3510 3653 3562 ταῦτα
3700 3507 3777 3570 ὡς

2120 3594 2319 3657 εἰδότες
2376 3595 2464 3650 καὶ
2516 3593 2776 3667 ἐσομένην
2821 3594 2996 3669 κρίσιν
3040 3595 3186 3671 παρὰ
3234 3599 3367 3650 Θεοῦ
3411 3594 3660 3672 λέγομεν,
3694 3596 3780 3651 θέ-

2120 3684 2302 3746 λοντες
2364 3684 2458 3757 μὶν
2513 3683 2687 3740 ἐλθεῖν
2751 3683 2941 3745 πάντες
2999 3685 3133 3760 πρὸς
3194 3685 3331 3756 ὑμᾶς
3364 3730 3378 3755 ,
3439 3684 3779 3760 ἀρκεσθέντες

2120 3770 2177 3828 δὲ
2205 3778 2322 3835 τοῖς
2352 3771 2404 3843 ἐξ
2434 3776 2469 3843 ἡ
2481 3777 2616 3846 μῶν,
2644 3771 2733 3827 ’ίνα
2760 3773 2827 3827 τά
2854 3772 3150 3849 γράμματα
3197 3773 3297 3842 τὴν
3343 3777 3451 3828 τῶν
3485 3774 3561 3847 μὴ
3606 3794 3778 3849 παρα-

2114 3862 2417 3938 γενομένων
2445 3861 2740 3936 παρουσίαν
2771 3859 3170 3936 ἀποπληρώσῃ.

356 3952 533 4008 nibus
563 3952 733 4008 nobis
763 3953 835 4006 ad
873 3967 976 4006 vos
1007 3950 1317 4005 accedendi
1366 3949 1614 4005 facultas
1670 3955 1862 4019 esset;
1924 3957 2017 4008 sat
2044 3970 2173 4010 esse
2204 3953 2315 4008 rati
2346 3957 2563 4021 tamen,
2595 3953 2646 4009 si
2690 3969 2759 4009 ex
2789 3951 2959 4009 nobis
2988 3951 3228 4024 quidam
3274 3952 3469 4009 isthuc
3517 3951 3772 4009 mittan-

354 4043 547 4110 tur,ut
572 4039 776 4096 litterae
807 4056 922 4095 non
953 4037 1354 4095 accedentium
1384 4054 1535 4094 v1ces
1566 4040 1897 4111 suppleant.

427 4144 706 4218 Ingenius
737 4144 1040 4217 presbyter
1064 4160 1165 4199 vos
1194 4143 1383 4199 valere
1405 4143 1463 4199 in
1483 4144 1732 4200 Domino
1777 4151 2004 4219 exopto,

354 4232 552 4289 dilecti
600 4234 846 4289 Patres:
882 4233 1082 4289 Theon
1143 4234 1464 4305 presbyter,
1499 4236 1818 4291 Ammonas
1875 4252 2005 4308 pre-

353 4321 881 4394 sbyter,Heraclius
904 4322 1222 4395 presbyter,
1256 4322 1438 4378 Bocco
1494 4324 1816 4396 presbyter,
1873 4326 2007 4398 Try-

352 4411 469 4484 pho
521 4412 842 4484 presbyter,
875 4412 1082 4467 Petrus
1130 4413 1453 4485 presbyter,
1502 4413 1709 4469 Hicrax
1766 4416 2003 4488 presby-

350 4505 460 4567 ter,
486 4501 770 4573 Sarapion
828 4501 1150 4574 presbyter,
1205 4501 1435 4557 Marcus
1493 4503 1815 4575 presbyter,
1868 4497 2022 4559 Pol?

352 4589 534 4645 larien
566 4592 888 4662 presbyter,
920 4591 1093 4647 Caius
1152 4592 1474 4665 presbyter,
1530 4592 1840 4649 Dioscorus
1879 4609 2007 4663 pre-

353 4678 571 4751 sbytcr,
630 4679 959 4734 Demetrius
1034 4680 1358 4752 presbyter,
1424 4679 1685 4751 Thyrsus
1772 4681 2008 4754 presby-

349 4770 459 4822 ter.

427 4889 698 4947 Diaconi:
733 4891 928 4947 Pistus
960 4892 1511 4965 diaconus,Apollos
1543 4894 1847 4949 diaconus.
1882 4894 2009 4949 Ser-

353 4996 454 5035 ras
483 4979 992 5045 diaconus,Pistus
1021 4981 1327 5052 diaconus,
1363 4981 1668 5054 Polynicus
1700 4984 2005 5054 diaconus,

352 5069 508 5125 152
540 5070 888 5125 Ammonius
919 5070 1219 5138 diaconus,
1245 5071 1486 5126 Maurus
1535 5072 1837 5140 diaconus,
1892 5072 2006 5127 He-

349 5156 615 5229 phaestus
637 5159 1189 5232 diaccnus,Apollos
1213 5161 1518 5230 diaconus,
1566 5164 1822 5234 Metopes
1878 5162 2006 5217 dia-

352 5261 555 5319 conus,
580 5248 830 5320 Serapas
858 5248 1162 5319 diaconus,
1192 5250 1669 5324 Meliphthongus
1699 5252 2003 5319 diaconus,

353 5336 567 5393 Lucius
599 5337 1197 5410 diaconus,Gregoras
1220 5339 1523 5409 diaconus,

409 5530 541 5616 ν(41)
575 5531 739 5603 Reg,
772 5531 1195 5606 Ἀρειομανίται.
1233 5531 1424 5588 Οἴδατε
1451 5531 1527 5590 δέ.
1589 5535 1761 5603 Editi,
1816 5531 2008 5589 Οἴδατε

356 5618 481 5675 γαρ,

430 5618 543 5755 (22)
561 5668 659 5726 Καί
715 5672 776 5730 in
818 5674 959 5749 Reg.
1009 5674 1281 5750 habetur,
1328 5679 1430 5737 sed
1485 5679 1649 5739 deest
1704 5679 1764 5738 in
1811 5678 2004 5739 editis.

2189 4144 2433 4222 Ἰγγένιος
2490 4138 2848 4220 πρεςϐύτερος
2904 4144 3173 4222 ἐρρῶσθαι
3228 4145 3365 4218 ὑμᾶς
3424 4142 3658 4220 εὔχομαι
3720 4144 3776 4201 ἐν

2116 4234 2317 4311 Κυρίῳ,
2378 4234 2647 4310 ἀγαπητοί
2706 4233 2957 4310 Πατέρες,
3018 4233 3161 4289 Θέων
3210 4227 3592 4310 πρεσϐύτερος,
3636 4234 3774 4306 Ἀμ-

2121 4329 2303 4396 μωνᾶς
2359 4317 2740 4400 πρεσϐύτερος,
2799 4320 3114 4398 Ἡράκλειος
3190 4316 3572 4398 πρεσϐύτερος,
3635 4321 3773 4376 Βόκ-

2115 4434 2224 4468 κων
2291 4407 2651 4487 πρεσϐύτερος
2686 4458 2699 4483 ,
2778 4411 3002 4490 Τρύφων
3076 4406 3438 4487 πρεσϐύτερος
3480 4457 3494 4483 ,
3568 4410 3777 4485 Πέτρος

2114 4496 2515 4578 πρεσϐύτερος,
2585 4500 2749 4577 Ἰέραξ
2822 4495 3203 4577 πρεσϐύτερος,
3284 4499 3572 4577 Σαραπίων
3644 4519 3779 4576 πρε-

2117 4586 2372 4667 σϐύτερος
2405 4638 2418 4661 ,
2480 4589 2700 4666 Μάρκος
2773 4584 3134 4665 πρεσϐύτερος
3166 4636 3179 4661 ,
3239 4587 3599 4665 Πτολλαρίων
3657 4590 3781 4663 (43)

2114 4676 2497 4757 πρεσϐύτερος,
2540 4680 2698 4742 Γάϊος
2745 4674 3126 4755 πρεσϐύτερος,
3163 4679 3453 4755 Διόσκορος
3482 4672 3780 4755 πρεσϐύτε-

2117 4790 2227 4845 ρος,
2284 4772 2599 4847 Δημήτριος
2654 4764 3016 4846 πρεσϐύτερος
3051 4763 3077 4842 ,’
3121 4769 3324 4846 Θύρσος
3376 4764 3777 4845 πρεσϐύτερος.

2188 4893 2460 4948 Διάκονοιο
2517 4895 2717 4957 Πιστὸς
2790 4891 3056 4964 διάκονος,
3137 4892 3428 4955 Ἀπολλὼς
3504 4890 3778 4963 διάκονος,

2118 4983 2321 5058 Σερρἆ
2378 4985 2491 5057 (44)
2549 4980 2813 5054 διάκονος,
2877 4984 3071 5044 Πιστὸς
3130 4981 3413 5053 διάκονος,
3474 4980 3784 5045 Πολύνικος

2118 5069 2403 5144 διάκονος,
2459 5073 2774 5145 Ἀμμώνιος
2833 5069 3121 5143 διάκονος,
3182 5074 3404 5148 Μαῦρος
3475 5068 3723 5132 διάκονος
3761 5117 3780 5144 ,

2120 5163 2410 5241 Ἥφαιστος
2468 5159 2714 5224 διάκονος
2748 5209 2761 5233 ,
2825 5160 3116 5223 Ἀπολλὼς
3176 5158 3441 5232 διάκονος,
3507 5165 3787 5224 Μετωπᾶς

2118 5248 2383 5323 ὃιάκσνος,
2436 5256 2683 5325 Σεραπᾶς
2741 5249 3011 5322 διάκονος,
3067 5249 3449 5329 Μελίφθογγος
3507 5246 3782 5323 διάκονος,

2116 5339 2349 5402 Λούκιος
2381 5337 2646 5411 διάκονος,
2682 5346 2961 5417 Γρηγορᾶς
2993 5337 3261 5401 διάκονος.

2130 5542 2267 5612 Mox,
2288 5539 2448 5612 editi,
2479 5536 2931 5612 ἡμῶνᾲμέν,λδθᾶ
2969 5537 3063 5612 μέν
3097 5539 3269 5612 deest
3287 5537 3348 5593 in
3371 5537 3523 5612 _Reg.

2188 5610 2304 5756 (1:3)
2336 5611 2501 5683 Reg,
2527 5607 2893 5689 ’Πτολλαρίων
2926 5607 3101 5682 Editi,
3131 5607 3480 5686 Πολλαρίων.

2210 5682 2298 5756 44)
2329 5681 2493 5756 Reg,
2522 5680 2711 5756 Σέρας.

2210 5682 2298 5759 44)
2329 5680 2494 5762 Reg,
2522 5680 2711 5770 Σέρας.
