4152 6374
316 436 437 495 385

993 559 1058 612 ΟΙ
1103 558 1296 611 ΑΥΤΟΙ

317 651 458 729 Πρὸς
506 651 596 706 τὸν
648 651 956 729 Κουριῶσον
1010 645 1098 699 καὶ
1151 642 1452 729 Φιλάγριον
1491 687 1503 710 ,
1556 641 1677 695 τότε
1738 638 1970 714 λεγόμε-

800 741 888 773 νον
925 715 1162 792 ἔπαρχον
1189 715 1491 788 Αἰγύπτου.

385 825 619 902 Φλαϐίῳ
652 825 967 902 Φιλαγρίῳ,
1000 825 1090 878 καὶ
1123 817 1356 894 ψλαϐίῳ
1391 818 1689 890 Παλλαδίῳ
1723 815 1971 871 δουκινα-

315 921 418 997 ρίῳ
448 915 1067 991 11αλατίνῳ,Κουριώσῳ
1101 915 1240 985 (46),
1271 911 1360 964 καὶ
1388 904 1621 980 Φλαϐίῳ
1664 905 1970 977 Ἀντωνίνῳ

317 996 428 1083 (47)
467 1009 684 1083 βιάρχῳ
717 1003 1052 1078 κεντηναρίῳ
1081 1006 1186 1055 τῶν
1214 999 1415 1076 κυρίων
1453 1020 1554 1067 μου
1584 1002 1690 1052 τῶν
1725 996 1972 1069 λαμπρο-

311 1099 486 1152 τάτων
548 1097 803 1170 ἐπάρχων
856 1098 952 1148 τοῦ
1013 1093 1162 1166 ἱεροῦ
1211 1088 1594 1165 πραιτωρίου,
1657 1087 1803 1162 παρά
1863 1090 1968 1138 τῶν

315 1182 694 1262 πρεσϐυτέρων
723 1183 812 1238 καὶ
845 1181 1102 1236 διακόνων
1149 1184 1246 1233 τοῦ
1293 1178 1614 1253 Μαρεώτου,
1668 1179 1838 1246 νομοῦ
1867 1181 1968 1242 τῆς

312 1273 612 1344 καθολικῆς
643 1270 970 1343 Ἐκκλησίας
998 1277 1097 1339 τῆς
1134 1268 1235 1323 ὑπὸ
1265 1268 1355 1321 τὸν
1391 1263 1816 1338 αἰδεσιμῶτατον
1851 1263 1967 1316 ἐπί-

315 1387 513 1419 σκοπον
576 1364 886 1417 ’Δθανάσιον
925 1403 938 1428 ,
1001 1357 1088 1413 διὰ
1143 1361 1249 1411 τῶν
1311 1357 1434 1426 ἑξῆς
1498 1352 1922 1430 ὑπογραφόντων
1955 1397 1968 1421 ,

313 1451 440 1508 τάδε
475 1450 908 1529 μαρτυρούμενοι
941 1451 1051 1521 (48)
1086 1443 1452 1517 ἐπιδιδόαμεν·

384 1633 472 1686 75.
507 1627 730 1698 Ἐπειδή
767 1627 1042 1702 Θεόγνιος,
1092 1624 1181 1678 καὶ
1232 1625 1429 1700 Μάρις,
1481 1621 1569 1675 καὶ
1619 1616 1967 1687 Μακεδόνιος,

316 1719 406 1773 καὶ
440 1716 740 1794 Θεόδωρος,
799 1716 888 1771 καὶ
940 1715 1256 1789 Οὖρσάκιος,
1300 1713 1390 1767 καὶ
1439 1709 1680 1779 Οὐάλης,
1732 1708 1805 1770 ὡς
1840 1709 1970 1762 ἀπο-

318 1807 600 1868 σταλέντες
635 1807 736 1860 ὑπὸ
767 1806 979 1859 πάντων
1021 1808 1124 1857 τῶν
1174 1800 1480 1855 ἐπισκόπων
1528 1803 1636 1853 τῶν
1689 1795 1967 1851 συνελθόν-

313 1916 422 1949 των
457 1894 506 1949 ἐν
551 1899 620 1968 τῇ
671 1893 847 1968 Τύρῳ,
906 1894 1219 1962 ἀπήντησαν
1275 1889 1325 1944 ἐν
1375 1893 1444 1962 τῇ
1495 1888 1737 1963 ἡμετέρᾳ
1773 1907 1965 1961 παροι-
2002 1924 2050 1987 Β

315 1983 426 2055 κίᾳ,
471 1986 762 2062 φάσκοντες
817 1979 1038 2042 ἐντολάς
1090 1978 1391 2056 εἰληφέναι,
1437 1977 1513 2038 ὡς
1567 1982 1796 2045 ζητῆσαι
1851 1996 1972 2029 τινα

317 2071 739 2142 ἐκκλησιαστικά
785 2071 1126 2144 πράγματα,
1189 2069 1239 2122 ἐν
1306 2068 1387 2128 οἷς
1449 2063 1640 2141 ἔλεγον
1700 2065 1790 2118 καὶ
1847 2065 1969 2139 περὶ

311 2161 581 2234 ποτηρίου
638 2163 900 2233 κυριακοῦ
952 2157 1358 2229 κεκλασμένου,
1416 2151 1821 2225 ὑποϐληθέντος
1881 2153 1971 2207 αύ-

316 2257 434 2312 τοῑς
469 2251 568 2304 ὑπὸ
601 2249 845 2324 Ἰσχύρα,
893 2248 951 2301 δν
1004 2244 1214 2320 ἤγαγον
1268 2246 1382 2318 μεθ’
1437 2246 1661 2314 ἑαυτῶν,
1712 2241 1971 2317 λέγοντος

320 2340 506 2394 ἑαυτὸν
560 2339 692 2392 εἶναι
729 2331 1116 2412 πρεσϐύτερον,
1168 2335 1227 2396 ὃς
1283 2333 1381 2388 ούκ
1427 2331 1536 2386 ἔστι
1583 2327 1967 2407 πρεσϐύτερος.

315 2429 446 2482 Ὑπὸ
505 2428 608 2502 γὰρ
670 2423 985 2479 Κολλούθου
1045 2425 1154 2498 (49)
1211 2428 1307 2476 τοῦ
1365 2417 1730 2495 πρεσϐυτέρου
1780 2441 1972 2498 ιραντα-

317 2517 533 2577 σθέντος
574 2515 896 2582 ἐπισκοπὴν,
946 2513 1034 2566 καὶ
1087 2512 1303 2585 ὕστερον
1359 2512 1460 2564 ὑπὸ
1507 2517 1695 2579 κοινῆς
1746 2507 1970 2563 συνόδου

316 2607 496 2659 Ὁσίου
554 2605 643 2659 καὶ
698 2609 806 2658 τῶν
860 2601 950 2656 σὺν
1027 2601 1172 2672 αύτῷ
1232 2600 1538 2655 ἐπισκόπων
1593 2597 1971 2660 κελευσθέντος

317 2691 684 2769 πρεσϐυτέρου
717 2693 870 2761 εἶναι,
923 2690 1052 2744 καθό
1103 2692 1191 2744 καὶ
1240 2689 1500 2764 πρότερον
1532 2691 1619 2756 ἦν,
1650 2691 1967 2756 κατεσταθη“

314 2785 404 2838 καὶ
453 2784 588 2837 κατά
634 2779 958 2836 ἀκολουθίαν
1010 2780 1202 2840 πάντες
1258 2779 1310 2831 οἱ
1364 2776 1465 2831 ὑπὸ
1519 2775 1832 2831 Κολλούθου
1881 2797 1971 2830 κα-

313 2873 654 2933 τασταθέντες
709 2867 1011 2945 ἀνέδραμον
1068 2869 1143 2929 εἷς
1194 2865 1285 2921 τὸν
1336 2867 1494 2921 αὐτὸν
1548 2866 1733 2936 τόπον,
1787 2866 1860 2927 εἰς
1911 2867 1969 2920 ὃν

314 2962 403 3017 καὶ
461 2961 724 3035 πρότερον
770 2961 927 3028 ἦσαν,
980 2959 1054 3020 ὡς
1103 2957 1192 3011 καὶ
1253 2955 1411 3018 αὐτὸς
1473 2955 1718 3031 ’ἰσχύρας
1781 2954 1968 3017 λαϊκὸς

317 3047 492 3127 ὤφθη.
537 3053 634 3104 "HV
684 3070 744 3103 τε
794 3046 943 3122 λέγει
994 3042 1138 3122 ἔχειν
1195 3044 1507 3116 ἐκκλησίαν,
1563 3043 1701 3117 μηδὲ
1749 3045 1971 3098 πώποτε

320 3137 611 3208 ἐκκλησίαν
645 3139 985 3212 γεγενῆσθαι,
1025 3134 1148 3189 ἀλλ’
1183 3135 1484 3204 οἰκητικὸνι
1518 3133 1638 3203 οἰκη
1654 3135 1841 3206 μάτιον
1880 3156 1968 3206 μι-

313 3229 440 3304 κρὸν
496 3227 728 3304 ὀρφανοῦ
792 3223 1011 3279 παιδίου
1063 3223 1300 3284 ’1σίωνος
1351 3226 1461 3293 (50)
1521 3220 1807 3294 τοῦνομα.
1873 3223 1968 3275 Καὶ

1439 421 1832 482 APOLOGIA
1877 421 2191 480 CONTRA
2233 421 2600 484 ARIANUS.

1999 555 2054 619 A

3615 430 3736 492 386

2777 558 3042 612 [IDEM

2084 642 2172 696 Ad
2204 641 2515 712 Curiosum,
2545 649 2597 699 et
2626 645 2698 700 ad
2726 647 3105 788 Pl;il(tzgriu)m,
3156 649 3285 701 tunc
3340 650 3566 719 zEgyptz‘
3591 665 3734 720 prae-

2811 735 2867 772 ec
2897 736 3007 772 um.

2157 820 2349 876 Flavio
2408 822 2723 894 Philagrio,
2775 830 2830 878 et
2879 825 3066 880 Flavio
3115 825 3373 881 Palladio
3418 827 3736 882 ducenario

2085 908 2364 978 Palatino,
2400 910 2725 975 Curioso,et
2751 911 2937 967 Flavio
2971 915 3264 969 Antonino
3296 921 3733 970 commeatuum

2081 999 2349 1067 prmfecto
2381 1000 2710 1054 centenario
2743 1001 3114 1056 dominorum
3157 1020 3420 1058 meorum
3453 1004 3730 1060 illustris-

2082 1088 2368 1142 simorum
2403 1090 2806 1158 praefectorum
2839 1090 2984 1145 sacri
3011 1093 3262 1162 praetorii
3291 1110 3302 1147 :
3330 1095 3652 1166 presbyteri
3676 1099 3734 1150 et

2081 1176 2310 1231 diaconi
2361 1178 2648 1244 Mareotaa,
2683 1180 2919 1234 nomine
2950 1180 3245 1235 catholicae
3280 1182 3569 1250 Ecclesiae,
3603 1201 3730 1255 quae

2081 1266 2284 1320 subest
2315 1267 2796 1322 reverendissimo
2828 1270 3098 1340 episcopo
3131 1271 3472 1340 Athanasio,
3508 1289 3608 1343 per
3633 1289 3732 1328 eos

2081 1354 2181 1425 qui
2229 1360 2358 1426 post
2405 1357 2525 1411 haec
2574 1358 2974 1424 subscribunt,
3037 1359 3146 1414 hoc
3195 1361 3406 1415 damus
3460 1362 3731 1417 testimo-

2081 1461 2247 1498 mum
2282 1461 2294 1496 ἒ

2151 1622 2241 1675 75.
2277 1624 2765 1695 Quandoquidem
2824 1625 3184 1698 Theognius,
3243 1628 3435 1696 Maris,
3471 1629 3734 1684 Macedo-

2082 1710 2237 1779 nius,
2273 1711 2636 1782 Theodorus,
2671 1713 2948 1770 Ursacius
2977 1721 3034 1770 et
3063 1716 3475 1788 Valens,quasi
3508 1719 3578 1774 ab
3611 1735 3736 1774 om-

2082 1799 2257 1854 nibus
2289 1801 2422 1872 Tyrl
2457 1803 2672 1858 coactis
2705 1804 2996 1874 episcopis
3026 1804 3224 1876 legati,
3257 1807 3328 1861 ad
3362 1812 3624 1862 nostram
3675 1823 3738 1863 se

2081 1888 2377 1944 contulere
2407 1891 2740 1962 paraeciam,
2775 1893 2886 1947 sibi
2911 1895 3150 1963 jussum
3183 1895 3425 1963 aientes,
3461 1901 3526 1950 ut
3554 1897 3734 1952 eccle-

2080 1977 2315 2033 siastica
2345 1980 2611 2049 quaedam
2644 1981 3040 2052 disquirerent
3072 1984 3596 2057 negotia,interque
3621 1985 3737 2041 alia

2081 2067 2151 2122 de
2183 2068 2474 2123 confracto
2510 2069 2805 2125 Dominico
2838 2071 3020 2126 calice
3066 2089 3078 2126 :
3137 2074 3292 2144 quod
3326 2074 3520 2129 scelus
3551 2076 3732 2130 conﬁ-

2081 2159 2236 2210 ctum
2270 2155 2646 2229 delatumque
2677 2158 2867 2214 fuerat
2915 2177 2947 2214 a
2996 2161 3276 2231 quodam,
3325 2179 3499 2233 quem
3532 2181 3732 2219 secum

2081 2244 2471 2311 adducebant,
2511 2246 2761 2318 lschyra,
2797 2248 2897 2318 qui
2932 2265 2994 2302 se
3051 2251 3472 2322 presbyterum
3497 2252 3734 2322 jactita-

2083 2333 2200 2399 bat,
2235 2335 2467 2389 tametsi
2500 2352 2616 2389 non
2649 2337 2970 2409 presbyter.
3029 2337 3346 2394 Ordinatus
3376 2341 3592 2412 quippe
3625 2342 3736 2396 fuit

2083 2422 2410 2478 aCollutho
2461 2425 2796 2496 presbytero
2841 2427 2937 2496 qui
2990 2427 3135 2483 falso
3178 2429 3436 2500 episcopi
3499 2431 3736 2485 nomine

2082 2509 2464 2580 gloriabatur,
2525 2514 2878 2585 demumque
2936 2516 2993 2569 in
3036 2517 3335 2571 communi
3395 2521 3613 2590 synodo
3661 2521 3734 2574 ab

2081 2600 2256 2654 Hosio
2287 2606 2343 2655 et
2376 2602 2549 2657 sociis
2585 2604 2711 2673 ejus
2745 2605 3034 2675 episcOpis
3061 2605 3349 2661 celebrata
3380 2609 3450 2662 ad
3483 2609 3736 2679 priorem

2081 2690 2403 2762 presbyteri
2450 2692 2714 2747 ordinem
2763 2695 3033 2749 redactus
3064 2700 3169 2750 est.
3207 2699 3279 2750 Ac
3311 2703 3738 2768 consequenter

2082 2784 2370 2850 quotquot
2416 2798 2448 2834 a
2495 2781 2762 2837 Collutho
2808 2783 3040 2839 fuerant
3088 2785 3363 2853 ordinati,
3410 2786 3450 2840 ii
3494 2792 3632 2842 sunt
3661 2789 3734 2842 ad

2082 2868 2334 2938 priorem
2385 2872 2599 2926 reversi
2653 2871 3087 2940 conditionem;
3123 2874 3201 2928 ita
3237 2879 3300 2928 ut
3333 2875 3457 2946 ipse
3499 2893 3734 2948 quoque

2081 2957 2349 3028 Ischyras
2377 2959 2528 3013 inter
2556 2959 2736 3015 laicos
2764 2961 2925 3016 visus
2958 2961 3150 3016 fuerit.
3187 2964 3264 3017 Ea
3321 2971 3521 3019 autem
3555 2982 3730 3034 quam

2082 3062 2144 3100 se
2174 3045 2388 3101 habere
2410 3048 2642 3117 jactitat
2687 3049 2950 3117 ecclesia,
3006 3069 3310 3120 nunquam
3361 3053 3606 3109 ecclesia
3639 3072 3728 3110 re-

2079 3151 2212 3190 vera
2241 3137 2480 3200 exstitit,
2515 3139 2614 3192 sed
2649 3155 2823 3208 parva
2849 3140 3062 3195 domus
3095 3141 3259 3212 pueri
3293 3143 3602 3213 cujusdam
3637 3161 3729 3198 0r-

2081 3224 2259 3295 pbani
2296 3226 2500 3280 Isionis
2534 3228 3158 3303 nomine.Quapropter
3189 3230 3298 3286 hoc
3331 3233 3732 3287 testimonium

319 3302 407 3369 διά
437 3302 709 3368 1021-0510
739 3311 869 3388 τῇδε
914 3317 981 3386 τῇ
1033 3311 1392 3385 διαμαρτυρίᾳ
1443 3314 1552 3384 (51)
1596 3311 1965 3386 ἐχρησάμεθα,

2090 3314 2535 3386 proferimus:te
2559 3317 2898 3386 adjurantes
2924 3336 3024 3389 per
3043 3302 3502 3391 Omnipotentem
3526 3327 3733 3391 Deum,

321 3404 700 3478 ἐπορκίζοντές
753 3424 810 3456 σε
865 3403 1000 3456 κατά
1046 3407 1141 3455 τοῦ
1190 3403 1626 3476 παντοκράτορος
1675 3407 1829 3469 Θεοῦ,
1879 3401 1966 3454 καὶ

317 3495 453 3548 κατά
480 3498 584 3546 τῶν
637 3490 908 3546 δεσποτῶν
958 3494 1120 3563 ἡμῶν
1173 3491 1566 3544 Κωνσταντίνου
1612 3491 1709 3543 τοῦ
1756 3489 1966 3563 Αὐγού-

321 3603 446 3637 στου
482 3625 495 3649 ,
554 3582 643 3635 καὶ
716 3586 821 3635 τῶν
902 3579 1331 3657 ἐπιφανεστάτων
1411 3579 1688 3654 Καισάρων
1760 3576 1966 3632 παίδων

318 3672 504 3739 αὐτοῦ,
557 3676 724 3725 ταῦτα
771 3671 905 3724 αύτά
964 3670 1040 3730 εἷς
1099 3673 1298 3743 γνῶσιν
1357 3669 1654 3741 ἀνενεγκεῖν
1704 3675 1770 3735 τῆ
1825 3667 1967 3720 εύσε-

319 3755 438 3832 θείᾳ
468 3759 664 3815 αὐτῶν.
700 3756 834 3812 Οὔτε
882 3759 984 3834 γάρ
1036 3752 1396 3831 πρεσϐύτερός
1447 3755 1558 3809 ἐστι
1604 3762 1704 3824 τῆς
1745 3754 1966 3809 καθολι-

316 3857 415 3918 κῆς
448 3847 796 3919 Ἐκκλησίας,
849 3846 972 3902 οὔτε
1021 3843 1311 3915 ἐκκλησίαν
1367 3844 1506 3919 ἔχει,
1543 3842 1665 3899 οὔτε
1695 3845 1826 3898 ποτὲ
1873 3865 1968 3898 πο-

315 3941 504 4013 τήριον
558 3936 817 4006 ἐκλάσθη,
870 3934 1015 3990 ἀλλά
1063 3937 1237 3989 πάντα
1283 3932 1552 4006 ψεύδεται,
1603 3933 1693 3987 καὶ
1746 3931 1974 3988 πλάττε-

315 4049 441 4083 ται.
497 4027 749 4097 Ὑπατείᾳ
962 4023 1197 4079 Ἰουλίου
1251 4023 1623 4078 Κωνσταντίου
1673 4028 1768 4076 τοῦ
1825 4021 1967 4096 λαμ-

317 4117 587 4193 προτάτου
637 4115 960 4186 πατρικίου,
1010 4112 1249 4191 ἀδελροῦ
1289 4118 1384 4167 τοῦ
1436 4108 1816 4166 εὐσεϐεστάτου
1876 4115 1969 4186 βα-

319 4203 516 4266 σιλέως
563 4203 966 4259 Κωνσταντίνου
1005 4208 1100 4258 τοῦ
1152 4201 1488 4278 Αὐγούστου,
1541 4201 1628 4255 καὶ
1687 4202 1970 4278 Ῥουφίνου

319 4289 601 4361 ’Δλϐίνου,
650 4297 758 4346 τῶν
805 4291 1248 4367 λαμπροτάτων,
1300 4293 1418 4346 Θὼθ
1481 4288 1706 4364 δεκάτῃ.
1748 4292 1810 4344 Οἱ
1875 4292 1968 4362 μὲν

320 4382 410 4438 οὖν
444 4377 797 4459 πρεσϐύτεροι
829 4386 1015 4436 ταῦτα.

391 4530 478 4582 77.
513 4529 582 4583 "A
613 4524 670 4580 δὲ
698 4525 786 4579 καὶ
820 4526 872 4579 οἱ
902 4523 1209 4596 ἐπίσκοποι,
1256 4525 1306 4578 οἱ
1360 4526 1472 4597 μεθ’
1517 4527 1674 4597 ἡμῶν
1727 4524 1971 4586 ἐλθόντες

322 4615 398 4678 εἷς
456 4618 554 4684 την
601 4615 768 4691 Τύρον
798 4660 811 4684 ,
873 4618 1202 4691 συνορῶντες
1258 4615 1354 4682 την
1413 4615 1670 4682 συσκευην
1727 4613 1815 4668 καί
1873 4617 1971 4683 την

2080 3419 2299 3474 perque
2331 3405 2600 3460 dominos
2635 3412 2864 3460 nostros
2888 3407 3339 3463 Constantinum
3374 3415 3728 3482 Augustum,

2081 3509 2146 3546 ac
2178 3491 2614 3550 illustrissimos
2634 3495 2886 3550 Caesares
2917 3497 3044 3566 ejus
3081 3496 3253 3564 filios,
3282 3515 3483 3553 eorum
3517 3505 3582 3553 ut
3611 3500 3730 3572 pie-

2078 3581 2184 3636 tati
2219 3583 2461 3651 hujusce
2486 3584 2564 3637 rei
2600 3584 2867 3638 notitiam
2901 3587 3178 3655 praebeas.
3213 3586 3312 3641 Ille
3337 3604 3592 3659 namque
3627 3606 3732 3645 nec

2080 3671 2375 3725 catholicae
2409 3673 2674 3727 Ecclesiae
2721 3673 3019 3744 presbyter
3061 3680 3167 3739 est,
3203 3692 3306 3730 nec
3339 3676 3515 3732 habet
3544 3678 3734 3734 eccle-

2081 3759 2251 3825 siam,
2288 3777 2390 3815 nec
2417 3763 2776 3816 confractum
2805 3762 2914 3816 fuit
2938 3763 3243 3834 poculum:
3267 3765 3365 3819 sed
3394 3765 3514 3821 haec
3535 3767 3734 3824 omnia

2081 3849 2380 3919 mentitur,
2415 3850 2612 3905 omnia
2642 3851 3128 3908 comminiscitur.
3191 3854 3543 3910 Consulibus
3572 3857 3730 3912 Julio

2079 3938 2437 4005 Constantio,
2473 3938 2798 3994 clarissimo
2833 3941 3094 4011 patricio,
3126 3943 3303 3997 fratre
3332 3943 3585 4014 piissimi
3616 3945 3729 4000 im-

2081 4027 2367 4096 peratoris
2387 4028 2753 4083 Constantini
2779 4031 3115 4101 Augusti,et
3146 4031 3354 4087 Ruﬁno
3382 4033 3736 4102 Albino,cla-

2081 4114 2334 4170 rissimis
2384 4117 2546 4183 viris,
2605 4119 2834 4174 decima
2891 4121 3112 4176 mensis
3161 4121 3348 4177 Thotb
3409 4125 3539 4192 (53).
3607 4126 3733 4180 llaec

2081 4205 2424 4276 presbyteri.

2154 4528 2244 4580 77.
2279 4525 2548 4597 Episcopi
2582 4543 2712 4582 vero
2746 4528 2841 4596 qui
2885 4527 3189 4583 nobiscum
3222 4530 3439 4600 Tyrum
3489 4546 3729 4585 conces-

2086 4620 2303 4685 serant,
2337 4631 2538 4669 eorum
2592 4615 3024 4686 conspiratione
3073 4616 3421 4688 insidiisque
3474 4618 3733 4673 animad-

324 4700 646 4777 ἐπιϐουλὴν,
698 4703 932 4781 ἔγραψαν
984 4704 1073 4758 καὶ
1120 4701 1566 4778 διεμαρτύραντο,
1618 4701 1727 4757 ἔστι
1786 4709 1970 4758 ταῦτα·

2090 4705 2290 4769 versis,
2323 4703 2530 4759 litteris
2561 4705 2686 4759 suis
2718 4705 2835 4758 haec
2867 4707 3173 4760 contestati
3202 4711 3380 4762 sunt:

658 4853 808 4901 ΤΟΙΣ
842 4849 930 4904 ΕΝ
963 4854 1130 4901 ΤΥΡΩ.
1163 4848 1635 4902 ΣΥΝΕΛΘΟΥΣΙΝ

928 4925 1366 4989 ΕΠΙΣΚΟΠΟΙΣ,

327 5007 547 5083 Κυρίοις
603 5009 958 5081 τιμιωτάτοις
993 5053 1007 5080 ,
1061 5009 1114 5062 οὶ
1172 5007 1262 5062 ἀπ’
1336 5007 1616 5082 Αἰγύπτου
1675 5007 1764 5062 σὺν
1828 5010 1979 5063 Ἀθα-

397 5189 511 5261 (46)
544 5189 686 5261 Reg,
717 5184 947 5261 Φλαυίῳ
976 5194 1103 5243 Mox
1130 5188 1220 5261 καὶ
1243 5182 1493 5259 Φλαϐίῳ.
1514 5184 1814 5260 Παλλαδίῳ
1845 5197 1976 5242 Δου-

397 5189 511 5314 (46)
544 5189 681 5261 Reg.
717 5189 947 5260 Φλαυίῳ
976 5194 1103 5243 Mox
1130 5189 1220 5242 καὶ
1243 5189 1493 5259 Φλαόίῳ.
1514 5189 1814 5271 Παλλαδίῳ
1845 5197 1976 5242 Δου-

324 5280 481 5346 κιναρ
511 5281 556 5332 ῳ
591 5257 904 5346 ηαλατίνῳ,
939 5260 1260 5346 Κουριοξσῳο,
1292 5261 1414 5346 haec
1446 5263 1660 5342 desunt
1689 5279 1746 5316 1n
1773 5263 1977 5317 eodem

326 5311 1000 5407 T(zu—dicmlsri'pse
1031 5311 1630 5407 f’alladiusCuriosus
1659 5350 1839 5405 supra
1859 5351 1978 5389 me-

328 5403 591 5461 mo'ratur
619 5407 679 5460 in
706 5403 953 5476 epistola
983 5405 1052 5459 ad
1078 5403 1300 5476 legatos
1330 5404 1693 5459 Mareoticus.

401 5477 712 5550 Ila/actui).
740 5475 1360 5550 Palatinigeneratim
1379 5481 1546 5550 erant
1573 5475 1849 5550 officiales
1882 5494 1977 5547 pa-

329 5547 456 5603 latii
487 5547 738 5619 quorum
765 5549 928 5606 varia
960 5547 1150 5604 officia
1180 5548 1398 5603 videsis
1416 5548 1475 5602 in
1498 5548 1703 5604 Codice
1723 5549 1982 5604 Theodo-

332 5637 520 5675 818110.

404 5692 515 5762 (47)
548 5689 685 5762 Reg.
708 5688 950 5764 ﬁlau'itp
973 5688 1371 5764 ἈντωνίνῳᾸΠ
1403 5689 1540 5746 edit.
1574 5691 1982 5748 Patris.’Avuu—
2057 5711 2069 5732 ο

328 5759 518 5834 νίστῳ,
551 5759 848 5821 mendose.

657 5892 920 5955 PATROL.
968 5894 1080 5956 Gn.
1125 5893 1316 5956 XXV.

2266 4846 2701 4902 EPISCOI’IS
2751 4848 2932 4904 TYRI
2985 4848 3557 4904 CONGREGATIS

2084 5010 2532 5063 Honoratissimis
2561 5009 2921 5080 domz'm's,qui
2948 5026 3016 5065 ea:
3036 5011 3262 5081 /Egypt0
3286 5026 3408 5065 cum
3436 5012 3736 5069 Athanasio

2161 5189 2272 5263 (48)
2301 5192 2440 5263 Res:
2468 5184 2879 5263 9019109513991

2159 5259 2267 5331 (40)
2302 5259 2566 5315 Ita'edit.
2588 5259 2866 5331 Co'mmel.
2899 5264 2956 5314 et
2995 5277 3140 5316 mss.
3173 5259 3267 5314 hic
3297 5264 3354 5315 et
3379 5261 3549 5316 infra.
3583 5263 3733 5318 Edit.

2086 5329 2219 5387 vero
2251 5329 2435 5387 Paris.
2479 5329 2792 5399 καθολικοῦ,
2825 5347 3152 5403 perperam.
3189 5337 3264 5387 De
3295 5333 3560 5389 Collutho
3591 5334 3736 5390 alias

2261 5421 2348 5457 118.

2198 5420 2348 5458 mus.

2087 5420 2275 5544 8‘g(250)
2304 5475 2394 5529 Sic
2425 5475 2561 5561 Reg.
2597 5472 2747 5528 Editi
2779 5476 3239 5561 veronmendose,
3265 5471 3510 5561 ’lqiavos.

2163 5543 2442 5627 (51)‘__Reg.
2503 5543 2884 5627 διαμαρτυρίᾳ.
2919 5545 3067 5627 Ed'iuti
3105 5543 3391 5620 μαρτυρίᾳ.
3434 5552 3562 5604 Mox
3593 5550 3731 5621 Reg.

2091 5614 2487 5691 ἐπορκίζοντες,
2514 5614 2796 5691 ubiAediti:
2813 5614 3208 5691 ὲφορκίζοντες.

2161 5687 2274 5760 (5:2)
2298 5691 2387 5744 Sic
2422 5690 2559 5762 Reg.
2595 5688 2744 5742 Editi
2777 5687 2991 5762 ῥπᾲτίᾳ.
3020 5687 3022 5689 ’
3062 5760 3069 5762 _
3190 5740 3226 5762 Α

2164 5759 2278 5832 (53)
2322 5763 2382 5818 Id
2417 5759 2896 5831 est‘Septembris
2927 5759 3196 5829 septima;

3391 5891 3469 5952 13
