4152 6420
400 421 520 481 387

943 422 1007 483 S.
1054 422 1478 483 ATHANASII
1522 422 1696 483 OPP.
1740 422 1944 484 PARS
1990 424 2039 483 Ι.
2072 456 2150 469 -
2181 424 2600 488 HISTORICA
2642 428 2745 489 ET
2789 428 3273 492 DOGMATIGA.

3703 431 3825 492 388

474 552 580 632 huc
608 567 894 632 accessere,
927 554 1209 611 catholicae
1256 554 1514 611 Ecclesiae
1541 554 1801 627 episwpi,
1834 556 1891 609 in
1943 557 2037 611 Do-

2174 614 2181 622 .
2239 555 2407 632 νασίφ
2465 557 2706 632 έλθόνεες
2778 566 2880 629 τῆς
2955 558 3257 630 καθολικῆς
3329 557 3661 631 Ἐκκλησίας
3697 607 3712 632 ,
3768 561 3820 617 ἐν

474 626 627 679 mino
654 624 911 682 salutem.

476 748 845 803 Arbitramur
872 747 986 803 non
1020 748 1266 805 ulterius
1298 750 1584 805 occultam
1615 766 1745 806 esse
1779 751 1851 806 ab
1883 752 2057 807 Euse-

404 836 520 904 bio,
555 837 870 909 Thcognio,
904 838 1067 907 Mari,
1100 838 1394 907 Narcisso,
1433 839 1736 894 Theodoro
1769 844 1827 894 et
1858 844 2055 896 Patro-

405 924 564 997 philo
620 927 679 979 in
737 943 842 982 nos
895 927 1206 983 conﬂatam
1240 928 1757 999 conspirationem.
1793 929 1859 984 Et
1891 929 2053 1001 prin-

402 1014 555 1085 cipio
588 1014 825 1085 quidem
875 1032 1099 1086 omnes,
1160 1032 1264 1087 per
1310 1016 1698 1071 Athanasium
1745 1017 2055 1071 commini-

403 1107 591 1159 strum
624 1108 914 1171 nostrum,
967 1105 1369 1160 recusavimus
1418 1105 1738 1177 quominus
1785 1105 1859 1161 iis
1900 1108 2052 1164 158

400 1192 788 1265 prasentibus
836 1194 1215 1266 interrogatio
1264 1195 1624 1261 haberetur;
1672 1196 1826 1266 quod
1878 1198 2056 1267 probe

400 1281 687 1338 sciremus
707 1283 794 1337 vel
827 1283 1004 1338 unius
1026 1283 1245 1337 inimici
1268 1283 1885 1354 praesentiammedum
1919 1284 2053 1356 plu-

398 1371 706 1441 rimorum,
727 1371 1241 1444 interrogationem
1264 1373 1500 1427 turbare
1530 1389 1597 1427 ac
1619 1372 1825 1428 laadere
1856 1390 2049 1445 posse.

396 1460 524 1515 Non
555 1460 745 1531 ignari
776 1460 993 1531 quippe
1023 1461 1164 1515 estis
1194 1466 1414 1531 quanto
1456 1478 1570 1516 non
1605 1478 1709 1516 nos
1742 1462 2048 1526 duntaxat,

400 1550 501 1603 sed
531 1553 588 1604 et
617 1566 822 1604 omnes
852 1549 1205 1604 orthodoxos
1236 1550 1366 1604 odio
1400 1549 1657 1604 habeant
1690 1567 1701 1603 :
1737 1550 1859 1604 Arii
1894 1568 2054 1606 nam-

399 1655 514 1709 que
540 1639 754 1694 l'uroris
775 1639 1083 1711 impiaeque
1102 1640 1228 1709 ejus
1249 1639 1527 1694 doctrinas
1559 1640 1819 1707 causa,in
1847 1657 2053 1696 omnes

398 1727 807 1813 ipsurguntﬁn
839 1745 1043 1784 omnes
1064 1727 1675 1800 conspirant.Quando
1698 1733 1896 1784 autem
1921 1746 2049 1796 nos,

400 1817 629 1871 veritati
642 1834 746 1872 con
756 1817 1311 1882 fidentes,structam
1327 1834 1360 1872 a
1372 1816 1702 1872 Meletianis
1724 1817 2052 1889 sycophan-

400 1905 546 1960 tiam
579 1907 857 1961 adversus
888 1906 1204 1961 Ecolesiam
1236 1907 1617 1977 comprobare
1644 1906 1905 1979 aggressi
1950 1924 2050 1961 su-

399 1995 905 2067 mus,ignoramus
934 2012 1049 2067 quo
1076 1995 1321 2050 consilio
1356 1995 1665 2050 Eusebiani
1698 1996 1857 2051 dicta
1877 1996 2049 2051 inter-

398 2083 615 2154 pellare
645 2090 845 2140 nostra
874 2084 1087 2153 conati,
1135 2084 1473 2140 testimonia
1515 2084 1689 2140 etiam
1740 2084 2048 2155 repudiare

396 2174 532 2229 totis
553 2173 772 2229 viribus
796 2174 907 2229 nisi
931 2178 1107 2242 sunt;
1141 2175 1282 2229 dum
1306 2174 1812 2243 sincerosjudices
1845 2174 2047 2239 minis,

392 2263 539 2319 alios
570 2263 943 2320 contumeliis
973 2264 1328 2320 lacesserent
1360 2281 1373 2319 :
1407 2280 1472 2319 eo
1503 2262 1694 2319 solum
1731 2268 1795 2317 nt
1827 2263 1918 2318 sui
1950 2265 2048 2318 ad-

390 2369 625 2408 versum
658 2371 764 2409 nos
785 2354 1134 2425 assequendi
1159 2352 1442 2425 prapositi
1464 2354 1634 2425 copia
1660 2353 1910 2408 esset.Et
1940 2353 2047 2407 for-

389 2446 548 2498 tasse
578 2442 775 2499 divina
803 2447 996 2499 vestra
1027 2442 1228 2514 pietas,
1290 2442 1516 2497 domini
1578 2442 2045 2514 honoratissimi,

397 2546 601 2586 eorum
632 2531 937 2603 ignorabat
977 2531 1471 2603 conspirationem
1507 2548 1519 2585 :
1554 2532 1657 2585 sed
1689 2531 2049 2586 arbitramur

393 2637 521 2674 eam
548 2637 706 2675 nunc
733 2637 861 2675 esse
893 2621 1292 2692 conspicuam.
1326 2620 1423 2674 Na}
1455 2620 1540 2675 illi
1572 2636 1739 2674 suam
1775 2620 1885 2691 ipsi
1919 2636 2047 2691 pro-

395 2708 595 2764 didere
625 2710 1087 2779 conjurationem
1122 2726 1135 2763 :
1160 2726 1229 2764 ex
1260 2710 1433 2764 sociis
1456 2726 1712 2780 namque
1743 2708 1867 2765 suis
1891 2709 2044 2764 viros

396 2798 567 2852 nobis
594 2802 899 2869 suspectos
927 2797 1121 2870 legare
1152 2799 1531 2853 decreverunt
1564 2798 1620 2852 in
1676 2798 1991 2853 Mareotem
2029 2814 2042 2865 ;

399 2891 463 2940 ut
494 2886 662 2941 nobis
695 2887 1035 2942 absenlibus
1065 2891 1121 2942 et
1150 2887 1246 2942 hic
1298 2888 1757 2957 remanentibus,
1797 2886 2044 2959 populos

391 2976 649 3046 turbare,
700 2979 756 3031 et
806 2976 1089 3031 arbitratu
1142 2994 1247 3032 suo
1298 2992 1468 3047 agere
1504 2975 1753 3031 valeant.
1818 2965 2046 3030 Norant

391 3064 546 3119 enim
581 3064 996 3133 Aciomanitas,
1051 3065 1450 3121 Colluthianos
1480 3069 1537 3119 et
1570 3065 1908 3120 Meletianos
1939 3066 2042 3119 Ec-

389 3153 579 3209 clesiae
610 3154 809 3210 hostes
834 3172 965 3210 esse
998 3172 1010 3209 :
1044 3156 1427 3226 quamobrem
1462 3154 1569 3209 hos
1601 3154 1760 3225 ipsos
1807 3171 1873 3209 eo
1907 3154 2042 3209 mit-

387 3243 600 3298 tendos
628 3248 928 3311 curarunt,
965 3247 1027 3298 ut
1070 3243 1130 3297 in
1165 3243 1474 3315 prasentia
1501 3243 1877 3297 inimicorum
1912 3259 2038 3314 quas

385 3330 678 3388 voluerint
705 3331 765 3387 in
799 3349 906 3388 nos
939 3332 1366 3387 machinentur.
1404 3331 1630 3388 Etenim
1658 3331 1756 3403 qui
1793 3331 1885 3386 hic
1918 3348 2040 3387 ver-

391 3425 599 3476 santur
618 3420 908 3477 Meletiani
927 3422 1051 3493 jam
1076 3438 1144 3477 ex
1171 3422 1294 3478 suis
1318 3422 1607 3493 quosdam
1630 3421 1783 3476 istuc
1809 3422 2042 3476 misere:

391 3509 513 3564 imo
546 3514 799 3580 quatuor
828 3516 962 3565 ante
995 3511 1224 3579 diebus,
1257 3509 1423 3582 gnari
1455 3509 1677 3565 scilicet
1706 3509 1858 3565 hanc
1890 3509 2047 3565 futu-

393 3614 520 3653 ram
554 3613 683 3654 esse
712 3598 1568 3670 perquisitionem,veredarios
1599 3598 1709 3653 sub
1742 3614 2045 3670 vesperam

391 3686 497 3741 viae
529 3688 898 3758 commisere,
932 3688 1031 3759 qui
1062 3687 1397 3742 Meletianos
1440 3702 1508 3742 ex
1560 3688 1805 3759 Egypto
1835 3686 1893 3741 in
1926 3690 2043 3743 Ma-

392 3779 635 3841 reotem,
668 3776 767 3831 ubi
800 3794 871 3832 ne
904 3794 1057 3832 unus
1086 3776 1323 3848 quidem
1348 3793 1570 3843 eorum,
1619 3776 1839 3846 aderat,
1871 3792 2043 3847 coge-

389 3870 553 3933 rent;
588 3882 655 3920 ex
686 3864 937 3938 aliisque
967 3866 1109 3921 locis
1148 3864 1507 3921 Collutianos
1538 3870 1597 3920 et
1625 3865 2039 3936 Ariomanitas,

387 3969 536 4025 quos
558 3955 628 4008 de
649 3954 959 4009 calumniis
986 3954 1047 4009 in
1070 3971 1176 4010 nos
1204 3954 1529 4010 deferendis
1554 3960 1687 4009 ante
1714 3959 2037 4010 monerent.

383 4042 568 4098 Probe
599 4060 856 4114 namque
887 4042 1247 4099 meministis
1270 4043 1464 4115 ipsum
1488 4058 1686 4099 coram
1718 4043 1882 4099 vobis
1905 4060 2039 4099 con-

381 4131 607 4187 fessum
640 4132 960 4204 Ischyram,
993 4150 1107 4188 non
1139 4131 1273 4205 plus
1305 4137 1529 4204 septem
1578 4149 1710 4188 esse
1760 4131 1860 4204 qui
1892 4149 2037 4188 con-

374 4220 649 4277 ventibus
682 4220 959 4277 intersint
984 4222 1626 4293 suis.Quandoquidem
1659 4220 2032 4294 igitur,post-

370 4326 551 4381 quam
583 4310 868 4366 arbitratu
900 4329 1005 4368 suo
1040 4311 1161 4367 haac
1188 4316 1331 4367 sunt
1364 4310 2031 4382 machinati,postquam

367 4405 674 4471 suspectos
700 4399 895 4456 isthuc
927 4401 1138 4457 misere
1160 4400 1333 4471 viros,
1350 4399 1750 4472 comperimus
1782 4415 1883 4455 eos
1909 4399 2029 4454 sin-

364 4487 639 4560 gulorum
671 4493 933 4545 vestrum
990 4489 1372 4546 circumcirca
1402 4488 1865 4561 subscriptiones
1924 4504 2027 4560 po-

363 4576 602 4645 stulare,
636 4582 702 4633 ut
731 4579 998 4635 omnium
1054 4583 1317 4635 vestrum
1379 4595 1674 4634 consensu
1734 4593 1827 4633 res
1858 4584 2025 4650 gesta

2238 627 2422 704 Κυρίφ
2454 629 2691 707 χαίρειν.

2237 735 2427 789 Οὐκέτι
2457 737 2755 812 νομίζομεν
2802 740 2903 808 τήν
2947 741 3206 809 συωιευήν
3257 736 3463 809 ἄδηλον
3516 739 3671 810 εἶναι,
3718 742 3820 811 τήν

2163 825 2309 898 παρά
2353 829 2463 879 τῶν
2510 826 2633 902 περὶ
2685 823 2964 899 Εὑσέϐιον,
3015 828 3105 883 καὶ
3154 828 3431 905 Θεόγνιον,
3485 829 3576 884 καὶ
3621 832 3820 905 Μάριν,

2163 914 2254 967 καὶ
2301 910 2639 987 Νάρκισσον,
2682 916 2772 970 καὶ
2819 915 3098 993 Θεόδωρον
3145 921 3281 990 (54),
3330 918 3421 973 καὶ
3472 918 3820 997 Πατρόφιλον

2163 1004 2299 1075 ἡμῖν
2351 1004 2667 1078 γινομένην.
2715 1005 2814 1060 Καὶ
2862 1008 2977 1061 κατ’
3027 1008 3205 1084 ἀρχὴν
3262 1007 3357 1081 μὲν
3407 1008 3824 1085 γὰρπαρῃτού-

2169 1094 2303 1164 μεθα
2330 1094 2519 1155 πάντες
2554 1091 2642 1147 διὰ
2691 1099 2784 1148 τοῦ
2815 1093 3245 1171 συλλειτουργοῦ
3275 1099 3436 1170 ἡμῶν
3476 1097 3816 1169 Ἀθανασίου,

2164 1180 2447 1256 παρόντων
2507 1181 2683 1237 αὐτῶν
2741 1185 2842 1254 τήν
2903 1184 3157 1257 ἀκρόασιν
3217 1186 3505 1261 γενέσθαιο
3564 1184 3768 1249 εἰδότες
3803 1232 3818 1258 ,

2165 1268 2247 1323 ὅτι
2277 1270 2368 1324 καὶ
2402 1270 2518 1333 ἑνὸς
2555 1271 2722 1344 μόνου
2774 1272 2972 1349 ἐχθροῦ
3010 1274 3297 1350 παρουσία,
3335 1277 3537 1349 μήτιγε
3563 1273 3819 1345 πολλῶν,

2162 1360 2439 1431 ταράττειν
2488 1361 2578 1415 καὶ
2632 1359 2890 1435 βλάπτειν
2926 1360 3142 1418 δύναται
3193 1365 3293 1433 τὴν
3346 1364 3624 1441 ἀκρόασιν.
3657 1362 3820 1420 Οἴδα-

2164 1469 2222 1501 τε
2260 1450 2363 1523 γὰρ
2422 1450 2512 1504 καὶ
2574 1451 2729 1524 ὑμεῖς
2783 1451 2936 1507 αὐτοὶ
2991 1454 3092 1523 τήν
3153 1451 3350 1530 ἔχθραν
3403 1454 3580 1509 αὑτῶν
3639 1455 3707 1523 ἢν
3758 1455 3820 1511 ού

2164 1536 2301 1612 πρὸς
2334 1540 2482 1606 ἡμᾶς
2520 1539 2676 1612 μόνον
2726 1540 3044 1616 ἐσχήκασιν,
3096 1540 3244 1597 ἀλλᾶ
3292 1543 3385 1598 καὶ
3434 1544 3572 1620 πρὸς
3618 1545 3821 1608 πάντας

2162 1627 2290 1689 τοὺς
2327 1626 2666 1701 όρθοδόξους,
2700 1629 2784 1684 ὅτι
2814 1628 2904 1686 διὰ
2953 1634 3052 1701 τὴν
3088 1632 3297 1709 Ἀρείου
3350 1632 3557 1705 μανίαν,
3599 1634 3689 1689 καὶ
3718 1636 3819 1704 τήν

2165 1711 2330 1785 ἀσεϐῆ
2366 1712 2713 1773 διδασκαΛίαν
2766 1718 2968 1775 ἐκείνου
3014 1721 3153 1775 κατὰ
3204 1723 3420 1777 πάντων
3477 1721 3820 1800 ἐπιφύονται,

2161 1804 2252 1859 καὶ
2323 1811 2454 1860 πᾶσι
2527 1809 2936 1877 συσκευάζονται
2993 1854 3004 1866 .
3063 1807 3283 1880 Ἐπειδή
3365 1808 3423 1865 δὲ
3496 1810 3820 1887 θαρῥοῦντες

2161 1894 2326 1965 ἡμεῖς
2492 1893 2740 1968 ἀληθείᾳ,
2794 1895 2959 1968 δεῖξαι
3006 1900 3106 1967 τὴν
3158 1899 3515 1978 συκοφαντίαν
3551 1901 3653 1970 τήν
3684 1902 3821 1957 κατά

2157 1990 2256 2051 τῆς
2290 1982 2616 2053 Ἐκκλησίας
2649 1987 2752 2041 ὑπὸ
2800 1992 2907 2042 τῶν
2958 1986 3294 2044 Μελιτιανῶν
3348 1986 3645 2063 γινομένην
3689 1992 3815 2061 ἠθε-

2159 2069 2427 2146 λήσαμεν,
2462 2073 2560 2128 οὐκ
2586 2072 2807 2149 οἴδαμεν
2859 2081 2977 2139 πῶς
3030 2079 3083 2131 οἱ
3130 2077 3257 2151 περὶ
3306 2073 3565 2133 Εὐσέϐιον
3617 2081 3815 2156 ταράτ-

2154 2182 2262 2215 τειν
2321 2163 2389 2216 τὰ
2441 2165 2568 2236 παρ’
2627 2167 2786 2238 ἡμῶν
2848 2163 3122 2241 λεγόμενα
3185 2166 3513 2243 ἐπειρῶντο,
3574 2168 3666 2224 καὶ
3727 2169 3814 2225 ἐπὶ

2155 2247 2299 2304 πολὺ
2353 2249 2681 2333 ἐσπούδαζον
2734 2254 2802 2308 τά
2852 2257 2980 2330 παρ’
3027 2258 3189 2329 ἡμῶν
3225 2254 3499 2331 λεγόμενα
3547 2254 3814 2315 ἐκϐάλλε-

2156 2341 2315 2408 σθαι,
2371 2346 2489 2404 τοῖς
2553 2344 2645 2416 μὲν
2708 2344 2975 2417 ἀκεραίως
3035 2342 3347 2415 δικάζουσιν
3409 2346 3761 2413 ἀπειλοῦντες
3797 2395 3812 2421 ,

2153 2428 2279 2491 τοὺς
2341 2428 2397 2485 δὲ
2452 2431 2542 2486 καὶ
2604 2427 2930 2507 ὑϐρίζοντες,
2996 2434 3158 2507 μόνον
3213 2434 3308 2491 ⁴ἶνα
3359 2438 3422 2491 τὸ
3479 2440 3598 2493 καθ’
3654 2441 3812 2512 ἡμῶν

2154 2517 2590 2593 σπουδαζόμενον
2654 2521 2838 2585 αὐτοῖς
2899 2524 3138 2597 γένηται.
3202 2526 3299 2580 Καὶ
3358 2523 3491 2589 ἴσως
3548 2530 3584 2598 ἠ
3638 2527 3814 2591 ἔνθεος

2158 2608 2308 2681 ὑμῶν
2342 2606 2616 2683 εὐλάϐεια,
2666 2611 2844 2687 κύριοι
2891 2614 3240 2687 τιμιώτατοι,
3284 2615 3474 2690 ἠγνόει
3522 2618 3621 2686 τὴν
3655 2640 3813 2694 γενο-

2159 2697 2325 2769 μένην
2378 2706 2501 2772 παρ’
2547 2700 2721 2755 αὐτῶν
2773 2705 3033 2772 συσκευήν
3084 2724 3094 2735 ·
3153 2702 3301 2759 ἀλλὰ
3364 2710 3453 2759 νῦν
3512 2706 3810 2781 νομίζομεν

2155 2788 2382 2863 φανερὰν
2424 2791 2747 2864 γεγενῆσθαι
2798 2791 2987 2860 αὐτήν.
3036 2790 3176 2848 Ἰδοὺ
3226 2794 3331 2870 γὰρ
3382 2800 3628 2872 φανερῶς
3657 2797 3812 2852 αὐτοὶ

2150 2876 2250 2945 τήν
2309 2880 2568 2946 συπευήν
2619 2877 2943 2950 ἐνεδείξαντο
2975 2900 2987 2913 ⁸
3038 2882 3168 2944 τοὺς
3213 2884 3317 2957 γὰρ
3372 2882 3425 2954 ἐξ
3473 2884 3644 2940 αὐτῶν
3679 2887 3810 2941 ὑπο-

2152 2968 2516 3039 πτευομένους
2567 2968 2881 3024 ἀποστεῖλαι
2931 2969 3204 3042 ἠθέλησαν
3249 2972 3327 3035 εἰς
3356 2973 3448 3027 τὸν
3481 2975 3807 3049 Μαρεώτην,

2146 3051 2257 3125 ἵνα,
2319 3055 2563 3111 ἀπόντων
2623 3060 2783 3131 ’ὑμῶν
2844 3058 2935 3113 καὶ
2997 3058 3223 3114 ἐνταῦθα
3305 3059 3569 3134 μενόντων
3602 3108 3615 3128 ,
3672 3062 3806 3125 τοὺς

2152 3140 2317 3205 λαους
2349 3147 2460 3217 (55)
2492 3145 2811 3223 ταράξωσιν,
2847 3147 2880 3201 ἃ
2928 3145 2986 3203 δὲ
3039 3147 3332 3223 βούλονται
3381 3147 3799 3224 διαπράξωνται.

2152 3229 2311 3286 Εἶδον
2344 3235 2468 3309 γὰρ,
2525 3234 2606 3289 ὅτι
2660 3236 2713 3289 οἱ
2773 3237 3203 3312 ἰκρειομανῖται,
3263 3238 3353 3292 καὶ
3410 3236 3809 3293 Κολλουθιανοὶ

2072 3310 2115 3379 C
2152 3320 2241 3374 καὶ
2300 3324 2613 3378 Μελιτιανοὶ
2650 3366 2663 3392 ,
2715 3310 2903 3400 ἐχθροῖ
2956 3332 3057 3395 τῆς
3116 3325 3422 3397 καθολτκῆς
3481 3326 3808 3399 Ἐκκλησίας

2158 3409 2282 3464 εἰσί·
2317 3408 2407 3465 διὰ
2451 3418 2612 3468 τοῦτο
2661 3412 2991 3469 ἐσπούδασαν
3041 3414 3363 3471 ἀποστεῖλαι
3402 3415 3654 3484 τούτους,
3695 3416 3808 3489 ἵνα,

2155 3500 2437 3575 παρόντων
2496 3502 2734 3579 ἐχθρῶν,
2782 3504 3086 3559 καττύσωσι
3115 3506 3233 3560 καθ’
3278 3508 3444 3579 ἡμῶν
3490 3506 3523 3561 ἃ
3586 3504 3815 3582 βούλον-

2152 3610 2261 3647 ται.
2296 3591 2393 3648 Καὶ
2426 3593 2528 3667 γὰρ
2568 3593 2621 3646 oi.
2669 3590 2893 3647 ἐνταῦθα
2938 3598 3046 3648 τῶν
3098 3592 3438 3651 Μελιτιανῶν
3492 3594 3809 3652 ἀπέστειλαν

2155 3678 2206 3750 ἐξ
2256 3680 2457 3736 ἑαυτῶν
2668 3703 2850 3754 τινας,
2895 3682 2985 3737 καὶ
3032 3684 3140 3758 πρὸ
3187 3686 3460 3759 τεσσάρων
3516 3687 3610 3760 μὲν
3666 3689 3807 3760 ἡμε-

2154 3774 2306 3846 ρῶν,
2366 3769 2546 3846 ὥσπερ
2602 3768 2805 3834 εἰδότες
2859 3777 3021 3828 τοῦτο
3077 3774 3140 3828 τὸ
3197 3775 3416 3849 σκέμμα
3479 3776 3804 3851 γιγνόμενον

2152 3857 2379 3932 ἔσεσθαι,
2434 3861 2524 3915 καὶ
2574 3861 2797 3936 ἑσπέραν
2841 3858 2900 3916 δὲ
2960 3860 3317 3939 βηριδαρίους
3377 3868 3491 3940 (57)
3550 3866 3686 3941 πρὸς
3739 3869 3805 3922 τὸ

2147 3948 2238 4003 καὶ
2295 3948 2400 4003 ἀπὸ
2448 3956 2547 4019 τῆς
2598 3949 2880 4025 Αἰγύπτου
2929 3949 3295 4015 Μελιτιανοὺς
3351 3961 3672 4030 συναγαγεῖν
3724 3955 3803 4019 εἰς

2145 4038 2236 4092 τὸν
2268 4038 2589 4110 Μαρεώτην.
2623 4035 2712 4093 διὰ
2742 4040 2803 4094 τὸ
2838 4041 2912 4114 μὴ
2950 4040 3084 4095 εἷναι
3127 4040 3240 4097 ἐκεῖ
3284 4040 3493 4117 μηδένα
3538 4042 3799 4116 καθόλου,

2143 4126 2234 4181 καὶ
2266 4124 2697 4191 Κολλουθιανοὺς
2726 4129 2817 4183 καὶ
2851 4130 3264 4206 Ἀρειομανίτας
3312 4132 3420 4188 ἀπὸ
3468 4130 3658 4189 ἄλλων
3706 4134 3800 4190 τό·

2142 4230 2283 4286 πων,
2313 4215 2404 4271 καὶ
2438 4221 2692 4272 καττῦσαι
2737 4220 2854 4273 καθ’
2896 4222 3055 4294 ἡμῶν
3106 4220 3302 4284 αὐτοὺς
3349 4219 3554 4298 λέγειν.
3606 4220 3803 4279 Οἴδατε

2140 4305 2245 4381 γὰρ
2293 4305 2381 4360 καὶ
2429 4306 2605 4380 ὑμεῖς,
2658 4306 2740 4362 ὅτι
2789 4307 2951 4372 αὐτὸς
3006 4310 3258 4388 Ἰσχύρας
3308 4309 3672 4388 ὡμολόγησεν
3713 4312 3802 4390 ἐφ’

2141 4393 2291 4467 ὑμῶν
2325 4394 2387 4450 οὐ
2436 4396 2605 4450 πλέον
2660 4395 2793 4451 έπτά
2843 4398 3225 4473 συναγομένων
3272 4394 3444 4477 ἔχειν.
3494 4399 3644 4456 Ἐπεὶ
3702 4398 3799 4456 οὗν

2140 4485 2275 4558 μετὰ
2324 4485 2386 4540 τὸ
2436 4484 2632 4548 αὐτοὺς
2679 4487 3069 4542 κατασκευάσαι
3119 4486 3251 4566 ὅπερ
3307 4486 3649 4565 βούλονται,
3702 4489 3799 4546 καὶ

2135 4572 2453 4629 ἀποστεῖλαι
2501 4574 2628 4637 τοὺς
2679 4574 2975 4650 ὑπόπτους,
3023 4575 3358 4650 ἠκούσαμεν,
3393 4576 3477 4633 ὅτι
3524 4580 3639 4634 καθ’
3662 4576 3797 4635 ’ἐκα-

358 4666 628 4722 videatur
662 4685 676 4722 :
709 4684 776 4723 ea
806 4685 946 4724 sane
976 4668 1145 4724 nobis
1200 4685 1380 4724 causa
1427 4668 1538 4723 luit
1584 4667 1813 4723 litteras
1855 4666 2020 4722 vobis

2150 4683 2252 4719 πον
2324 4664 2475 4739 ὑμῶν
2533 4664 2959 4741 περιερχόμενοι
3029 4665 3348 4723 ἀπαιτοῦσιν
3412 4667 3738 4747 ὑπογραφὴν
3774 4720 3791 4746 ,

361 4756 804 4828 quamprimum
826 4758 1052 4830 hocque
1080 4757 1485 4814 testimonium
1514 4756 2020 4814 tradendi.Coute-

359 4849 588 4901 stamur
618 4846 777 4901 enim
807 4863 915 4903 nos
944 4846 1477 4919 conspirationibus
1506 4845 1861 4918 insidiisque
1894 4845 2014 4903 illo-

358 4952 491 4990 rum
522 4935 1080 5008 opera,illorumque
1113 4953 1291 4991 causa
1311 4935 1505 5007 appeti
1538 4952 1550 4989 ε
1587 4952 2007 5007 rogamusque,

354 5027 422 5079 ut
455 5024 550 5080 Dei
569 5025 782 5081 timore
806 5026 867 5081 in
900 5029 1097 5081 mente
1120 5025 1828 5097 suscepto,improbantes
1852 5025 2007 5096 quod

351 5114 503 5171 clam
527 5115 699 5172 nobis
722 5131 869 5188 quos
891 5115 1129 5173 libuerit
1153 5114 1564 5187 miserint,non
1593 5114 2002 5185 subscribatis;

416 5420 531 5503 (5/1)
587 5423 743 5479 Editi
789 5406 1105 5503 mendose,
1164 5422 1469 5503 Qedgzlov.
1529 5424 1641 5503 ξςὲά
1702 5425 1852 5503 Reg._
1904 5420 1999 5503 llic

342 5496 405 5573 et
448 5493 837 5573 in‘sequente
888 5493 1135 5573 epistola
1183 5493 1488 5573 Θεόδωρον,
1538 5497 1667 5573 Mox
1726 5493 2001 5573 nar-.(ap-

337 5563 447 5649 χην
488 5560 580 5649 μὲν
611 5560 888 5649 γάρ-βρε.
923 5560 980 5624 et
1000 5569 1089 5649 ita
1120 5560 1491 5649 in_sequenti
1524 5570 1694 5649 e;-_is_t.
1732 5570 1791 5649 in
1824 5560 1997 5649 editis

338 5636 464 5724 γάρ
494 5636 695 5694 ἀθεεῑῌ
725 5636 949 5724 {bidem
1000 5640 1139 5724 ﬂag.
1178 5640 1249 5724 'in
1299 5636 1407 5696 hac
1463 5641 1709 5724 epistola
1758 5637 1867 5724 διὰ.
1898 5644 1996 5724 τοῦ

336 5704 933 5783 συλλειτουργοῦ,ουω
954 5704 1147 5767 editis.
1175 5714 1236 5766 In
1270 5704 1537 5784 sequenti
1567 5730 1700 5770 vero
1724 5713 1992 5786 epistola,

340 5773 473 5858 δίχα
499 5783 598 5836 τοῦ
629 5776 1079 5859 συλλειτουργοῦ,
1111 5783 1411 5841 mendose.
1613 5813 1619 5819 ’

888 5802 1079 5856 υργου,
1111 5802 1411 5841 mendose.
1613 5813 1619 5819 -

2125 4753 2261 4826 πρὸς
2291 4754 2352 4808 τὸ
2401 4753 2578 4809 δοκεῖν
2623 4758 2691 4829 τῇ
2739 4755 2954 4810 πάντων
3005 4755 3157 4829 ὑμῶν
3207 4758 3389 4832 σκέψει
3436 4759 3789 4835 γεγενῆσθαι⁹

2121 4842 2317 4898 τούτου
2364 4842 2534 4899 ἕνεκεν
2586 4845 2791 4921 γράψαι
2843 4845 2970 4919 ὑμῖν
3024 4843 3401 4922 ἠπείχθημεν,
3444 4848 3535 4903 καὶ
3565 4845 3788 4903 ἐπιδοῦ-

2121 4953 2208 4987 ναι
2253 4930 2380 4988 τόδε
2426 4934 2487 4988 τὸ
2541 4933 2856 5010 μαρτύριον·
2913 4934 3315 5012 μαρτυρόμενοι
3367 4937 3496 5011 μὲν,
3549 4936 3635 4993 ὅτι
3693 4959 3789 4992 συ-

2120 5023 2485 5096 σκευαζόμεθα
2524 5022 2615 5078 καὶ
2661 5024 2949 5099 πάσχομεν
3012 5024 3101 5078 ὑπ’
3150 5024 3327 5080 αὐτῶν
3375 5026 3469 5083 καὶ
3501 5023 3569 5082 δι’
3597 5025 3784 5082 αὐτῶν

2118 5107 2420 5181 ἐπιϐουλὴν
2451 5158 2468 5185 ,
2521 5112 2793 5183 ἀξιοῦντες
2845 5109 2903 5169 δὲ
2950 5111 3103 5176 ὅπως
3140 5111 3192 5169 έν
3240 5119 3319 5188 νῷ
3376 5111 3637 5181 λαϐόντες
3687 5116 3788 5175 τὸν

2183 5426 2296 5572 (55;
2330 5424 2393 5484 In
2425 5422 2692 5551 sequenti
2722 5427 2976 5500 epistola
2994 5423 3129 5490 τοὺς
3160 5418 3258 5512 μὶν
3292 5418 3482 5492 λαούς.
3726 5491 3731 5497 ,

2183 5501 2274 5567 (56
2325 5504 2462 5572 Reg.
2524 5498 2548 5567 ξ
2580 5496 2775 5555 αὐτῶν.
2812 5503 2872 5557 In
2905 5504 3174 5572 sequenti
3205 5518 3343 5559 vero
3394 5503 3551 5560 idem
3591 5499 3643 5572 ἐξ
3672 5500 3731 5558 cui

2145 5496 2295 5583 ~(56)
2325 5504 2462 5573 Reg.
2498 5496 2548 5567 ἐξ
2580 5496 2775 5555 αὐτῶνῖ
2812 5503 2872 5557 In
2905 5496 3175 5572 sequenti
3205 5518 3343 5559 vero
3394 5503 3551 5560 idem
3591 5499 3643 5573 ἐξ
3672 5500 3788 5558 αό-

2096 5590 2290 5721 ing”
2325 5642 2464 5721 Reg.
2498 5642 2558 5721 i_n
2604 5647 2853 5715 sequent
2899 5643 3070 5716 epist.
3129 5640 3192 5721 δέ
3233 5641 3343 5721 δύο-
3382 5641 3779 5721 ρηρῃιδαρίους.

2108 5713 2240 5860 MP?
2299 5714 2438 5770 edit.
2490 5713 2715 5772 Commi
2778 5721 2838 5774 et
2901 5713 3046 5778 mss.
3093 5715 3237 5791 πρὸς
3280 5716 3347 5772 τό
3382 5713 3545 5776 'Edit.
3588 5713 3784 5779 'Paris

2104 5804 2146 5839 π
2215 5804 2241 5847 ς
2270 5804 2348 5841 τε.
