4152 6404
389 375 509 440 389

1510 378 1903 440 APOLOGIA
1950 380 2268 440 CONTRA
2313 379 2682 442 ARIANOS.

3691 382 3811 445 390

387 510 485 560 τοῦ
532 509 667 561 Θεοῦ
715 501 908 584 φοϐον,
957 505 1046 560 καὶ
1094 505 1474 581 καταγνόντες,
1529 506 1612 564 ὅτι
1661 509 1837 583 χωρὶς
1886 510 2043 582 ἡμῶν

2159 513 2223 566 ut
2254 527 2325 566 ne
2356 528 2480 583 quae
2504 511 2586 566 illi
2608 513 2759 568 inter
2780 529 2842 568 se
2867 511 3429 579 machinantur,haec
3450 515 3619 585 quasi
3654 531 3688 570 a
3711 532 3810 571 vo-

392 593 708 651 ἀπέστειλαν
743 594 896 664 οὓςή
949 592 1205 667 θέλησαν,
1264 597 1338 669 μὴ
1395 597 1772 673 ὑπογράψητε,
1818 595 1911 650 ’ἱνα
1945 598 2044 671 μή,

391 686 523 761 ἅπερ
572 683 725 740 αὐτοὶ
771 685 887 740 καθ’
936 683 1158 746 ἑαυτοὺς
1205 684 1526 755 καττύουσι,
1576 691 1744 742 ταῦτα
1795 685 1869 748 ὡς
1921 687 2047 761 παρ’

393 773 545 847 ὑμῶν
601 773 902 850 γιγνόμενα
950 772 1193 850 λέγωσι,
1245 775 1344 829 Καὶ
1402 776 1505 850 γὰρ
1562 775 1757 846 πρέπει
1811 774 1938 837 τοὺς
1993 774 2044 830 ἐν

388 867 604 938 Χριστῷ
637 863 956 940 ἀνθρώπους
1000 865 1074 937 μὴ
1121 863 1197 926 εἷς
1249 865 1557 940 ἀνθρώπινα
1607 862 1850 940 βλέπειν,
1902 862 2048 918 ἀλλά

389 954 488 1024 τήν
543 951 800 1023 ἀλήθειαν
870 954 1080 1009 πάντων
1137 952 1446 1030 προκρίνειν
1506 954 1620 1027 (58)
1655 994 1667 1008 .
1730 954 1828 1009 Καὶ
1911 954 2048 1025 μήτε

392 1041 622 1114 ἀπειλὴν
774 1047 1015 1119 χρῶνται
1075 1043 1211 1117 πρὸς
1270 1041 1471 1106 πάντας
1505 1087 1521 1114 ,
1586 1045 1725 1115 μήτε
1784 1043 2043 1112 συπευὴν

391 1126 690 1208 φοϐηθῆτε,
725 1129 873 1187 ἀλλὰ
908 1130 1121 1205 μᾶλλον
1175 1133 1267 1188 τὸν
1320 1131 1470 1189 Θεόν.
1522 1129 1670 1186 Ἔδει
1719 1132 1844 1207 γὰρ,
1897 1129 2045 1207 εἷ’περ

389 1221 455 1290 ἦν
490 1219 637 1283 ὅλως
670 1219 969 1277 ἀκόλάυθον
1023 1221 1099 1283 εἰς
1148 1222 1240 1278 τὸν
1290 1221 1590 1298 Μαρεώτην
1646 1218 2043 1290 ἀποσταλῆναι,

388 1307 475 1364 καί
507 1312 656 1384 ἡμᾶς
688 1314 1071 1384 συμπαρεῖναι,
1098 1307 1191 1364 τίνα
1218 1309 1346 1372 τοὺς
1383 1310 1476 1383 μὲν
1511 1309 1740 1386 ἐχθρούς
1788 1315 1889 1378 τῆς
1933 1309 2050 1363 Ἐκ-

386 1397 622 1470 κλησίας
653 1397 982 1475 έλέγξωμεν,
1032 1398 1160 1461 τοὺς
1210 1397 1269 1454 δὲ
1299 1399 1480 1469 ξένους
1531 1397 1923 1471 ἀποδείξωμεν,
1955 1398 2045 1452 καὶ

385 1490 591 1565 καθαρὰ
619 1493 714 1543 τοῦ
759 1490 1083 1564 πράγματος
1115 1490 1147 1557 ἡ
1185 1487 1370 1564 ἔρευνα
1399 1489 1645 1562 γένηται.
1681 1485 1873 1544 Οἴδατε
1916 1487 2040 1562 γὰρ,

389 1576 470 1632 ὅτι
521 1578 572 1632 οἱ
613 1577 734 1651 περὶ
781 1572 1038 1633 Εὐσέϐιον
1089 1576 1375 1633 ἐκάττυσαν
1438 1578 1730 1647 ἐπιστολὴν
1785 1574 2042 1644 ἐπιδοθῆ-

387 1689 494 1737 ναι,
553 1667 630 1728 ὡς
687 1666 792 1723 ἀπὸ
853 1665 1306 1740 Κολλουθιανῶν,
1363 1667 1452 1722 καὶ
1506 1665 1845 1724 Μελιτιανῶν
1883 1709 1896 1736 ,
1954 1663 2043 1720 καί

388 1757 705 1831 ’Δρειανῶν,
761 1762 1054 1834 γραφεῖσαν
1113 1759 1229 1811 καθ’
1286 1759 1468 1830 ἡμῶνο
1522 1755 1613 1811 καὶ
1675 1753 1844 1824 δῆλον
1878 1798 1896 1822 ,
1959 1754 2041 1809 ὅτι

389 1845 542 1901 αὐτοὶ
593 1847 644 1900 οἱ
695 1845 882 1923 ἐχθροὶ
915 1848 1025 1920 (59)
1053 1854 1154 1915 τῆς
1183 1844 1480 1915 καθολικῆς
1521 1843 1847 1914 Ἐκκλησίας
1888 1842 2040 1901 οὐδὲν

389 1932 588 2004 ἀληθὲς
618 1935 742 2009 περὶ
774 1937 958 2008 ἡμῶν,
1010 1933 1155 1989 ἀλλὰ
1201 1936 1374 1992 πάντα
1406 1936 1522 1990 καθ’
1571 1938 1731 2009 ἡμῶν
1765 1933 2035 2009 λέγουσιν.

385 2023 441 2076 Ὁ
474 2022 530 2078 δὲ
559 2023 729 2097 νόμος
757 2028 854 2080 τοῦ
887 2028 1020 2079 Θεοῦ
1052 2021 1178 2078 οὕτε
1208 2022 1402 2100 ἐχθρὸν
1449 2025 1713 2101 μάρτυρα.
1749 2021 1872 2080 οὔτε
1918 2043 2037 2098 κρι-

382 2113 481 2181 τὴν
538 2111 667 2171 εἶναι
731 2111 1006 2188 βούλεται.
1068 2114 1269 2168 Λοιπὸν
1331 2113 1407 2177 ὡς
1465 2113 1516 2168 ἐν
1577 2115 1762 2189 ἡμέρᾳ
1807 2113 2037 2188 κρίσεως

385 2199 551 2278 λόγον
605 2199 903 2276 μέλλοντες
963 2199 1218 2275 διδόναι,
1281 2197 1543 2265 λαϐόντες
1617 2203 1680 2256 τὸ
1743 2201 2035 2278 μαρτύριον

382 2296 567 2358 τοῦτο,
598 2289 688 2346 καὶ
721 2290 940 2366 γνόντες
991 2293 1252 2361 συωιευὴν
1300 2293 1399 2361 τήν
1451 2293 1566 2346 καθ’
1615 2293 1775 2364 ἡμῶν
1808 2292 2036 2366 γενομέ-

383 2402 506 2453 νην,
557 2377 995 2452 παρακληθέντες
1048 2379 1350 2458 φυλάξασθε
1398 2378 1564 2453 μηδὲν
1614 2402 1664 2435 τι
1713 2382 1830 2435 καθ’
1877 2381 2038 2453 ἡμῶν

383 2469 602 2546 πρᾶξαι,
641 2466 780 2542 μηδὲ
828 2470 1149 2542 συνάρασθαι
1191 2474 1258 2544 τῇ
1308 2474 1417 2524 τῶν
1462 2469 1584 2544 περὶ
1634 2464 1891 2526 Εὐσέϐιον
1925 2463 2040 2524 σκέ-

386 2561 494 2632 ψει.
528 2557 626 2614 Καὶ
686 2559 790 2633 γὰρ
842 2556 1006 2614 πάλιν
1061 2555 1261 2629 οἴδατε,
1312 2559 1388 2621 ὡς
1439 2558 1794 2633 προείπομεν,
1847 2559 1921 2620 ὡς
1951 2557 2040 2634 έχ-

2069 1891 2118 1957 Β

2158 599 2249 655 bis
2279 605 2443 672 gesta
2478 601 2809 673 praedicent.
2843 601 3073 656 Etenim
3107 601 3272 656 decet
3300 601 3663 658 Christianos
3702 603 3808 658 ho-

2159 688 2348 744 mines
2371 706 2487 743 non
2518 689 2777 745 humana
2806 690 3112 762 respicere,
3150 691 3250 746 sed
3281 690 3588 746 veritatem
3621 693 3807 746 omni-

2158 777 2269 832 bus
2301 778 2604 833 anteferre.
2631 779 2711 834 Ne
2743 779 2983 835 metuite
3005 796 3154 851 quas
3186 779 3272 834 illi
3304 780 3497 837 minas
3529 781 3808 837 omnibus

2157 865 2472 932 intentant,
2507 883 2648 922 neve
2679 883 2881 922 eorum
2928 868 3443 940 conspirationem,
3478 869 3579 924 sed
3613 869 3809 943 potius

2158 955 2340 1010 Deum
2374 955 2593 1009 timete.
2648 955 2756 1011 Par
2803 960 2928 1011 erat
2975 957 3152 1024 enim,
3187 956 3235 1011 si
3287 956 3528 1028 quidem
3568 957 3809 1014 omnino

2157 1043 2315 1099 fuere
2345 1042 2520 1114 legati
2550 1043 2609 1098 in
2636 1044 2951 1100 Mareotem
2985 1045 3281 1114 mittendi,
3313 1063 3420 1101 nos
3453 1046 3630 1102 etiam
3662 1046 3802 1102 huic

2156 1132 2440 1188 interesse
2470 1133 2741 1204 negotio;
2775 1138 2840 1188 ut
2868 1133 3139 1190 inimicos
3181 1133 3450 1191 Ecclesiae
3481 1136 3809 1205 confutare,

2155 1233 2577 1292 extraneosque
2606 1221 2866 1277 indicare
2893 1240 3204 1295 possemus
3240 1241 3252 1279 :
3287 1241 3353 1280 ac
3385 1239 3451 1280 eo
3481 1226 3655 1282 modo
3685 1226 3807 1281 sin-

2156 1327 2284 1366 cere
2314 1327 2506 1366 causae
2527 1310 2862 1382 disquisitio
2895 1311 3409 1369 haberetur.Scitis
3439 1315 3594 1370 enim
3627 1315 3808 1371 Euse-

2156 1399 2360 1454 bianos
2388 1399 2520 1454 dolo
2553 1415 2690 1455 usos
2724 1399 3033 1471 epistolam
3065 1402 3581 1474 tradidisse,quasi
3613 1421 3648 1458 a
3679 1403 3808 1460 Col-

2154 1487 2458 1551 luthianis,
2488 1487 2812 1544 Meletianis
2843 1493 2900 1543 et
2923 1489 3154 1545 Arianis
3187 1491 3493 1546 adversum
3527 1510 3635 1548 nos
3668 1493 3810 1548 scri-

2155 1576 2667 1649 ptam.Palamque
2696 1582 2785 1632 est
2812 1577 2964 1642 illos,
2992 1584 3194 1650 utpote
3215 1579 3484 1635 Ecclesia:
3514 1581 3807 1636 catholicae

2154 1666 2374 1736 hostes,
2409 1666 2553 1721 nihil
2584 1684 2714 1722 vere
2746 1668 2816 1722 de
2847 1667 3037 1733 nobis,
3071 1668 3171 1724 sed
3205 1669 3407 1724 omnia
3437 1669 3679 1725 adversa
3707 1672 3806 1726 de-

2155 1756 2323 1811 ferre.
2389 1760 2498 1810 Lex
2555 1760 2750 1812 autem
2804 1757 2905 1812 Dei
2957 1756 3265 1812 inimicum
3295 1763 3448 1812 vetat
3478 1757 3566 1813 vel
3598 1763 3808 1814 testem

2155 1861 2282 1900 esse
2310 1844 2401 1900 vel
2422 1845 2706 1916 judicem.
2743 1845 3056 1917 Reliquum
3079 1851 3189 1914 est,
3225 1851 3289 1900 ut
3310 1851 3592 1919 tanquam
3626 1847 3686 1902 in
3719 1848 3814 1904 die

2139 1933 2350 2007 judicii
2376 1933 2660 1990 rationem
2693 1935 3001 2002 reddituri,
3034 1935 3144 1991 hoc
3175 1941 3411 2008 accepto
3434 1937 3805 2006 testimonio,

2151 2023 2467 2096 agnitaque
2485 2023 2916 2095 conspiratione
2937 2025 2996 2080 in
3023 2041 3130 2081 nos
3148 2026 3808 2096 conﬂata,quantumvis

2150 2113 2356 2185 rogati,
2391 2113 2621 2185 quidvis
2653 2118 2854 2170 contra
2885 2131 2991 2170 nos
3023 2130 3194 2186 agere
3224 2115 3475 2170 caveatis
3510 2133 3522 2172 :
3559 2115 3663 2170 nec
3691 2116 3810 2170 Eu-

2151 2203 2526 2258 sebianorum
2572 2203 2814 2258 consilio
2847 2203 3172 2259 sociemini.
3209 2204 3334 2259 Non
3365 2203 3556 2277 ignari
3590 2205 3809 2277 quippe

2152 2292 2315 2358 estis,
2350 2292 2433 2346 uti
2468 2309 2647 2363 supra
2677 2293 2954 2357 diximus,
2975 2292 3236 2348 infensos
3269 2293 3436 2349 nobis
3467 2293 3600 2348 illos
3630 2309 3762 2349 esse
3789 2310 3803 2348 :

2152 2398 2256 2436 nec
2288 2398 2389 2437 vos
2438 2381 2579 2436 latet
2610 2398 2712 2436 cur
2743 2383 3028 2438 Eusebius
3059 2383 3328 2438 Caesareae
3375 2384 3446 2438 ab
3479 2400 3630 2439 anno
3661 2400 3806 2455 prae-

2150 2469 2321 2525 terito
2353 2470 2630 2526 inimicus
2655 2471 2821 2527 nobis
2845 2473 3033 2527 factus
3056 2471 3363 2527 sit.Valere
3385 2489 3485 2528 vos
3508 2477 3808 2544 optamus,

2153 2558 2374 2613 domini
2410 2559 2920 2616 desideratissimi.

385 2646 506 2723 θροί
537 2646 670 2701 εἰσιν
700 2647 886 2721 ἡμῶν,
918 2647 1008 2704 καὶ
1042 2645 1131 2702 διὰ
1159 2647 1211 2702 τί
1241 2643 1504 2710 Εὐσέϐιος
1537 2648 1564 2704 ὁ
1593 2655 1696 2718 τῆς
1729 2647 2049 2723 Καισαρείας
2082 2642 2278 2721 ἐχθρὸς
2311 2646 2529 2720 γέγονεν
2561 2645 2666 2700 ἀπὸ
2708 2649 2948 2724 πέρυσιν.
2984 2647 3277 2724 Ἐῤῥῶσθαι
3329 2649 3468 2722 ὑμᾶς
3516 2647 3808 2727 εὐχόμεθα,

383 2733 562 2811 κύριοι
593 2735 989 2793 ποθεινότατοι.

829 2828 942 2900 (60)
979 2829 1237 2884 ΦΛΑΒΙΩ
1276 2829 1598 2885 ΔΙοΝΥΣΙο

384 2917 462 3006 rip
519 2911 894 2990 λαμπροτάτῳ
949 2915 1153 2988 κόμητι
1211 2916 1356 2990 παρά
1412 2920 1521 2971 τῶν
1573 2914 1903 2977 ἐπισκόπων,
1938 2921 2040 2983 τῆς

402 2990 416 3006 Δ
507 2984 520 3004 Ῑ
821 2988 846 3006 n
886 2985 905 3006 Ἴ
987 2994 1012 3004 ιι-
1133 2989 1185 3006 ,Π
1262 2985 1281 3006 Ἴ
1380 2987 1391 3006 Ι
1618 2991 1644 3002 ~
1773 2985 1892 3006 9\nr

385 2984 690 3062 Αἰγύπτου
749 2984 1048 3058 καθολικῆς
1083 2984 1459 3111 ’ἱἚκκλξησίας
1493 3033 1507 3058 ,
1579 2991 1684 3040 τῶν
1769 2985 2036 3041 ἐλθόντων

1067 3078 1091 3112 ε
1121 3080 1144 3120 ς
1174 3058 1364 3134 Τύρον.

453 3146 564 3201 Οὐκ
595 3143 670 3201 ἔτι
723 3146 1014 3219 νομίζομεν
1064 3149 1164 3215 τήν
1216 3149 1477 3216 συσκευήν
1527 3145 1730 3219 ἄδηλον
1765 3147 2030 3214 εἶναιτὴν

2548 2828 2874 2884 FLAVIO
2931 2829 3374 2886 DIONYSIO

2225 2923 2556 3001 Clarissima;
2600 2928 2808 3001 comiti,
2840 2929 3080 3001 episcopi
3131 2930 3380 3001 Egyptii
3433 2927 3734 2986 catholicae

2533 2999 2806 3067 Ecclesiae,
2840 3000 2934 3070 qui
2968 3001 3172 3072 Tyrum
3201 2999 3415 3056 uenere.

2217 3155 2381 3209 1&4
2418 3151 2788 3207 Arbitramur
2813 3168 2928 3206 non
2962 3151 3206 3208 ulterius
3245 3151 3534 3208 occultam
3566 3169 3696 3210 esse
3726 3153 3800 3210 ab

382 3237 527 3290 παοὰ
575 3239 684 3289 τῶν
734 3236 861 3313 περὶ
909 3231 1190 3307 Εὗσέϐιον,
1239 3238 1329 3291 καὶ
1381 3237 1655 3312 Θεόγνιον,
1689 3237 1780 3291 καὶ
1834 3237 2030 3310 Μάριν,

2157 3245 2417 3313 Eusebio,
2440 3241 2932 3314 Theognio,Mari,
2964 3241 3254 3306 Narcisso,
3288 3242 3588 3297 Theodoro
3619 3247 3676 3298 et
3695 3243 3796 3299 Pa-

378 3325 469 3379 καὶ
500 3324 824 3399 Νάρκισσον,
867 3324 956 3378 καὶ
1008 3322 1309 3404 Θεόδωρον,
1361 3327 1451 3378 καὶ
1506 3323 1848 3403 Πατρόφιλον
1895 3325 2030 3397 ἡμῖν

382 3415 736 3488 γιγνομένην.
788 3420 911 3468 Κατ’
959 3415 1137 3490 ἀρχὴν
1183 3415 1276 3487 μὲν
1322 3416 1425 3490 γὰρ
1473 3413 1856 3489 παρῃτοόμεθα
1901 3415 2032 3468 πάν-

379 3524 469 3564 τες
503 3499 592 3556 διὰ
619 3507 715 3556 τοῦ
763 3500 1190 3580 συλλειτουργοῦ
1239 3505 1399 3577 ἡμῶν
1451 3503 1788 3574 Ἀθανασίου,
1837 3503 2034 3580 παρόν-

381 3612 488 3665 των
537 3591 734 3662 acra»,
781 3594 880 3661 τὴν
928 3591 1180 3669 ἀκρόασιν
1233 3594 1496 3669 γενέσθαι·
1549 3591 1771 3663 εἰδότες,
1816 3588 1900 3647 ὅτι
1945 3593 2035 3646 καὶ

385 3682 498 3742 ἐνὸς
537 3680 702 3754 μόνου
730 3680 929 3757 ἐχθροῦ
973 3681 1262 3758 παρουσία,
1322 3685 1520 3757 μήτιγε
1564 3681 1815 3752 πολλῶν,
1846 3683 2037 3758 ταράτ-
2077 3697 2080 3700 ‘

382 3791 492 3824 τειν
514 3771 604 3824 καὶ
641 3768 896 3844 βλάπτειν
949 3769 1168 3826 δύναται
1198 3773 1296 3840 τήν
1346 3772 1614 3848 ἀκρόασιν.
1671 3773 1884 3846 Φανερά
1933 3770 2036 3849 γάρ

388 3859 525 3914 ἐστιν
560 3861 593 3930 ἠ
630 3854 798 3936 ἔχθρα
826 3859 1020 3930 αὐτῶν,
1073 3861 1138 3930 ἢν
1173 3861 1234 3915 οὐ
1287 3862 1423 3938 πρὸς
1476 3863 1625 3935 ἡμᾶς
1676 3862 1838 3935 μόνον
1873 3861 2040 3938 ἐσχή-

386 3970 562 4020 κασιν,
616 3947 762 4004 ἀλλὰ
810 3948 901 4004 καῖ
954 3951 1093 4028 πρὸς
1143 3952 1344 4014 πάντας
1401 3950 1531 4014 τοὺς
1581 3949 1923 4027 ὀρθοδόξους’
1958 3951 2041 4005 ὅτι

387 4039 523 4092 κατά
579 4040 781 4101 πάντας
843 4038 1201 4115 ἐπιφύονται,
1258 4041 1349 4094 καὶ
1407 4047 1536 4094 πᾶσι
1593 4039 2036 4110 σοσκευάζονται’

390 4125 576 4197 ἐπειδή
629 4126 687 4182 δὲ
734 4128 1056 4205 θαρροῦντες
1106 4131 1270 4204 ἡμεῖς
1319 4135 1388 4205 τῇ
1442 4129 1690 4201 ἀληθείᾳ,
1735 4127 1899 4202 δεῖξαι
1942 4132 2040 4200 τήν

389 4217 746 4292 συκοφαντίαν
777 4219 876 4286 τὴν
926 4220 1064 4273 κατά
1107 4226 1210 4288 τῆς
1253 4218 1579 4290 Ἐκκλησίας
1631 4219 1733 4275 ὑπὸ
1778 4225 1882 4276 τῶν
1934 4227 2043 4275 Με-

389 4303 645 4362 λιτιανῶν
705 4307 1002 4380 γενομένην
1048 4306 1394 4382 ἠθελήσαμεν
1430 4353 1444 4378 ,
1496 4309 1596 4365 οὐκ
1651 4306 1873 4383 οἷ’δαμεν
1923 4314 2042 4372 πῶς

393 4395 546 4451 αὐτοὶ
579 4394 791 4472 οἱπερὶ
841 4391 1096 4452 Εὐσέϐιον
1146 4399 1425 4469 ταράττειν
1473 4399 1540 4454 τά
1585 4401 1710 4474 παρ’
1762 4400 1917 4472 ἡμῶν
1951 4397 2043 4454 λε-

391 4483 601 4559 γόμενα
632 4483 943 4560 ἐπειρῶντο·
989 4485 1079 4540 καὶ
1128 4483 1214 4541 ἐπὶ
1266 4485 1411 4540 πολὺ
1463 4485 1789 4558 ἐσπούδαζον
1823 4490 1890 4543 τὰ
1919 4489 2045 4564 παρ’

393 4573 552 4646 ἡμῶν
606 4571 880 4648 λεγόμενα
933 4568 1313 4648 ἐκϐάλλεσθαι,
1364 4580 1480 4640 τοῖς
1534 4576 1628 4650 μὲν
1671 4576 1935 4650 ἀκεραίως
1971 4575 2048 4631 δι-

392 4663 644 4732 κάζουσιν
679 4661 1050 4732 ἀπειλοῦντες,
1081 4662 1209 4726 τοὺς
1261 4661 1318 4720 δὲ
1364 4665 1454 4720 καὶ
1505 4660 1835 4741 ὑϐρίζοντες,
1889 4665 2047 4739 μόνον

389 4748 483 4805 ’ίνα
511 4751 573 4807 τὸ
603 4753 719 4807 καθ’
748 4753 907 4824 ἡμῶν
960 4750 1395 4827 σπουδαζόμενον
1451 4754 1633 4818 αὐτοῖς
1666 4755 1910 4830 γένηται.
1951 4751 2051 4810 Καὶ

396 4834 527 4903 ἴσως
559 4841 593 4909 ἠ
648 4841 963 4915 χρηστότης
1018 4843 1169 4916 ὑμῶν
1223 4845 1335 4918 (61)
1366 4843 1554 4919 ἠγνόει
1592 4845 1690 4914 τήν
1722 4845 1837 4900 καθ’
1891 4845 2049 4918 ἡμῶν

397 4929 690 5004 γινομένην
721 4933 846 5007 παρ’
878 4931 1053 4988 αὐτῶν
1087 4936 1370 5005 συσκευήν·
1421 4932 1569 4989 ἀλλά
1615 4938 1703 4988 νῦν
1751 4934 2052 5008 νομίζομεν

398 5020 627 5097 φανερὰν
665 5019 830 5090 αὐτὴν
890 5025 1259 5097 γεγενῆσθαι.
1322 5021 1459 5082 Ἰδοὺ
1503 5024 1606 5100 γὰρ
1659 5028 1901 5102 φανερῶς
1960 5022 2051 5078 αὐ-

395 5108 483 5165 τοὶ
513 5110 612 5178 τήν
676 5111 936 5180 συπευην
992 5108 1338 5183 ἐνεδείξαντον
1397 5111 1524 5176 τοὺς
1581 5114 1684 5189 γὰρ
1740 5113 1791 5184 ἐξ
1853 5113 2051 5168 ἑαυτῶν

401 5197 719 5253 ἀποστεῖλαι
752 5198 1024 5270 ἠθέλησαν
1079 5201 1154 5263 εἰς
1193 5199 1284 5256 τὸν
1333 5203 1653 5276 Μαρεώτην·
1701 5200 1834 5274 τίνα,
1892 5201 2055 5257 ἀπόν-

397 5308 506 5342 των
539 5289 722 5362 ἡμῶν,
781 5289 871 5343 καὶ
932 5288 1155 5344 ἐνταῦθα
1215 5290 1507 5364 μενόντων,
1567 5291 1693 5356 τοὺς
1748 5291 1842 5367 μὲν
1889 5291 2056 5352 λαοὺς

477 5434 588 5505 (58)
609 5435 703 5509 _Ita
732 5434 872 5509 Reg.
905 5434 1002 5490 hic
1031 5439 1086 5491 et
1116 5435 1174 5491 in
1207 5436 1474 5508 sequenti
1504 5437 1673 5509 epist.
1706 5436 1857 5493 Editi
1895 5453 2058 5492 men-

405 5505 580 5579 dose,
602 5505 930 5579 ortoxptvsw.

475 5577 588 5646 (59)
657 5577 795 5650 Reg.
867 5577 1019 5632 αὐτοὶ

407 5647 592 5701 deest.

479 5718 593 5793 (60)
614 5719 744 5778 Haec
773 5721 1210 5795 epistola,quod
1242 5726 1478 5796 excepto
1508 5722 1680 5782 titulo
1709 5723 2061 5798 praeedenti

1104 5579 1156 5631 οἳ
1227 5575 1437 5652 ἐχθροὶ.
1508 5581 1571 5636 In
1642 5581 1836 5650 editis,
1905 5577 2058 5635 αὐτοί

2147 3334 2403 3406 trophilo
2422 3333 2482 3387 in
2505 3350 2610 3387 nos
2637 3330 2950 3386 conﬂatam
2980 3331 3795 3403 conspirationem.Principio

2144 3425 2301 3480 enim
2315 3439 2520 3478 omnes
2535 3420 3020 3493 perAthanasium
3035 3437 3162 3476 com
3173 3421 3508 3475 ministrum
3524 3424 3794 3477 nostrum

2146 3510 2895 3582 recusavimus,quominus
2913 3509 2987 3564 iis
3005 3509 3388 3580 praesentibus
3419 3509 3798 3581 interrogatio

2148 3603 2497 3658 haberetur:
2526 3600 2680 3672 quod
2714 3601 2891 3671 probe
2925 3599 3208 3655 sciremus
3239 3598 3326 3654 vel
3368 3599 3544 3654 unius
3577 3599 3801 3654 inimici

2149 3691 2541 3763 praesentiam,
2580 3689 2792 3744 nedum
2831 3687 3241 3759 plurimorum,
3278 3686 3801 3759 interrogationem

2149 3781 2389 3836 turbare
2423 3795 2488 3833 ac
2516 3778 2722 3833 laedere
2753 3794 2941 3849 posse.
2978 3776 3178 3831 Palam
3209 3775 3364 3831 enim
3398 3781 3488 3832 est
3536 3794 3655 3843 eos,
3688 3795 3805 3833 non

2152 3886 2260 3924 nos
2290 3867 2702 3935 duntaxat,sed
2726 3869 2783 3921 et
2813 3881 3018 3920 omnes
3036 3865 3388 3921 orthodoxos
3411 3865 3542 3921 odio
3565 3865 3803 3921 habere:

2150 3958 2212 4013 in
2244 3974 2448 4012 omnes
2481 3955 2700 4028 quippe
2731 3954 3069 4027 insurgunt,
3104 3955 3162 4009 in
3195 3971 3399 4010 omnes
3443 3955 3804 4026 conspirant.

2152 4047 2395 4111 Quando
2427 4050 2623 4100 autem
2656 4061 2761 4099 nos
2792 4044 3019 4099 veritati
3051 4043 3430 4112 conﬁdentes,
3467 4048 3751 4099 structam
3775 4060 3809 4098 a

2153 4135 2479 4192 Meletianis
2509 4133 2953 4206 sycophantiam
2985 4135 3265 4189 adversus
3297 4133 3613 4188 Ecclesiam
3646 4151 3805 4189 com-

2154 4226 2402 4299 probare
2435 4223 2697 4295 aggressi
2747 4239 2978 4290 sumus,
3019 4222 3361 4295 ignoramus
3409 4240 3524 4294 quo
3564 4223 3807 4278 consilio

2154 4314 2334 4370 iidem
2365 4311 2678 4368 Eusebiani
2713 4312 2870 4367 dicta
2906 4310 3278 4385 interpellare
3333 4315 3534 4367 nostra
3592 4311 3805 4380 conati,

2154 4402 2496 4460 testimonia
2516 4402 2691 4456 etiam
2716 4404 2918 4455 nostra
2948 4399 3254 4472 repudiare
3281 4400 3416 4456 totis
3438 4399 3660 4455 viribus
3692 4399 3808 4455 nisi

2157 4496 2316 4557 sunt,
2352 4492 2492 4547 dum
2525 4490 2784 4546 sinceros
2807 4489 3041 4562 judices
3073 4489 3272 4556 minis,
3306 4487 3451 4543 alios
3505 4492 3809 4544 contume-

2159 4581 2254 4637 liis
2286 4582 2674 4646 lacesserent;
2710 4578 2903 4635 solum
2939 4583 3003 4634 ut
3059 4578 3150 4635 sui
3213 4578 3520 4633 adversum
3580 4595 3687 4634 nos
3718 4595 3811 4634 as-

2162 4669 2448 4744 sequendi
2484 4668 2764 4742 propositi
2797 4667 2962 4740 copia
2990 4667 3240 4724 esset.Et
3269 4668 3517 4723 fortasse
3546 4667 3816 4723 humani-

2160 4763 2250 4816 tas
2280 4765 2383 4814 tua
2426 4775 2628 4814 eorum
2689 4758 2996 4832 ignorabat
3042 4758 3536 4830 conspirationem
3597 4759 3656 4815 in
3707 4775 3815 4815 nos

2163 4853 2446 4904 structam
2481 4866 2492 4904 :
2531 4849 2630 4904 sed
2666 4847 3025 4904 arbitramur
3055 4863 3184 4903 eam
3215 4864 3372 4902 nunc
3427 4865 3555 4904 esse
3584 4848 3816 4920 conspi-

2164 4955 2357 4994 cuam.
2390 4937 2484 4992 Nae
2518 4936 2600 4991 illi
2659 4936 2772 5010 ipsi
2830 4953 2957 4993 eam
2991 4936 3184 5009 palam
3245 4939 3430 4991 fecere
3481 4953 3493 4992 :
3547 4954 3616 4992 ex
3644 4936 3820 4993 sociis

2165 5043 2420 5098 namque
2453 5026 2577 5082 suis
2607 5027 2761 5082 viros
2794 5027 2960 5082 nobis
2991 5029 3299 5096 suspectos
3330 5025 3522 5097 legare
3553 5027 3821 5082 decreve-

2167 5120 2306 5172 runt
2336 5116 2394 5171 in
2426 5118 2760 5182 Mareotem,
2824 5120 2888 5172 ut
2945 5115 3114 5172 nobis
3143 5114 3485 5170 absentibus
3520 5119 3695 5186 atque
3726 5113 3820 5169 hic

2169 5205 2631 5272 remanentibus,
2665 5210 2722 5259 et
2753 5206 3000 5277 populos
3031 5205 3289 5270 turbare,
3321 5208 3379 5258 et
3399 5203 3684 5258 arbitratu
3714 5220 3819 5259 suo

2168 5311 2338 5366 agere
2366 5293 2768 5350 valeant.Cum
2803 5294 3068 5349 noverint
3097 5292 3253 5347 enim
3282 5291 3823 5358 Ariomanitas,Col-

2170 5437 2288 5492 fere
2320 5435 2535 5508 similis
2567 5441 2740 5508 esset,
2774 5438 2832 5492 in
2865 5435 3036 5491 editis
3068 5434 3288 5491 omissa
3343 5437 3452 5508 est.
3487 5435 3596 5490 Sed
3627 5434 3820 5508 visum

2168 5513 2258 5564 est
2289 5525 2416 5562 eam
2449 5505 2758 5579 integram,
2792 5513 2964 5581 prout
2992 5507 3052 5581 in
3086 5505 3487 5581 manuscripto
3533 5506 3708 5578 Regio
3742 5505 3822 5560 le-

2210 5581 2348 5645 itur,
2384 5581 2495 5634 huc
2529 5575 2861 5642 transferre,
2898 5580 3052 5648 quod
3105 5578 3172 5650 in
3211 5575 3516 5650 nonnullis
3550 5596 3583 5634 a
3613 5575 3825 5650 praece-

2210 5596 2348 5645 itur,
2385 5596 2495 5634 nuc
2529 5596 2861 5642 transterre,
2898 5596 3052 5648 quon
3115 5596 3172 5630 In
3217 5596 3516 5631 DODHUIIIS

2170 5596 2658 5735 ﬁenti‘d'iscrepet
2681 5657 2743 5735 _et
2775 5652 2944 5735 longe
2975 5651 3051 5705 sit
3083 5649 3180 5704 illa
3209 5646 3460 5703 brevior.
3543 5683 3546 5685 λ

2243 5722 2357 5795 (61)
2385 5722 2449 5780 L.
2482 5722 2602 5798 σοῦ,
2636 5727 2695 5780 ut
2725 5724 2896 5798 znfra.
