4152 6404
352 498 469 558 393

1475 491 1870 552 APOLOGIA
1916 491 2224 552 CONTRA
2277 495 2458 554 ARIA
2471 497 2645 557 NOS.

3653 496 3773 557 394

349 629 442 682 τὸν
493 626 618 681 Θεὸν
667 625 758 679 τὸν
808 626 1242 700 παντοκράτορα,
1292 625 1383 678 τὸν
1432 625 1532 692 τήν
1589 620 1866 697 βασιλείαν
1912 628 1988 676 τοῑ

2123 625 2222 696 qui
2257 626 2571 698 imperium
2595 631 2823 684 tutatur
2843 629 3094 701 piissimi
3120 632 3175 684 et
3194 626 3627 700 religiosissimi
3649 628 3768 682 Con

353 711 740 770 οὐσεϐεστάτου
787 715 878 768 καὶ
929 713 1345 791 θεοφιλεστάτου
1400 710 1668 786 βασιλέως
1719 714 1830 784 (67)
1863 719 2004 765 Κων-

353 804 630 859 σταντίνου
664 801 1115 880 διαφυλάττοντα,
1164 809 1401 874 τηρῆσαι
1448 802 1549 870 τήν
1607 800 1856 875 ἀκρόασιν
1898 805 2005 854 τῶν

348 898 462 949 καθ’
509 897 658 968 ἡμᾶς
710 894 1047 968 πραγμάτιον
1111 891 1256 964 αὐτῷ
1307 896 1386 963 τῷ
1439 885 1803 962 εὐσεϐεστάτῳ
1855 892 2005 964 βασι-

352 983 457 1042 λεῖ.
513 985 610 1038 Καὶ
660 985 764 1060 γὰρ
815 979 1042 1057 εὔλογον
1095 979 1465 1036 ἀποσταλέντα
1512 1002 1568 1035 σε
1597 981 1744 1056 παρά
1777 987 1878 1049 τῆς
1913 981 2006 1054 βα-

350 1073 554 1135 σιλείας
606 1073 801 1145 αὐτοϋ,
847 1074 939 1127 καὶ
987 1075 1146 1145 ἡμῶν
1198 1069 1667 1143 ἐπικαλεσαμένων
1716 1071 1814 1138 τὴν
1868 1065 2008 1124 εὐσέ-

351 1159 497 1218 ϐειαν
549 1163 714 1218 αὐτοῦ
746 1165 858 1237 (68)
890 1162 1038 1234 αὐτῷ
1094 1168 1332 1235 τηρῆσαι
1378 1161 1440 1214 τὸ
1487 1165 1716 1234 πρᾶγμα
1752 1200 1762 1212 .
1816 1158 2006 1213 Οὐκέτι

349 1255 452 1327 γὰρ
506 1253 740 1330 φέρομεν
822 1251 1275 1324 συσκευαζόμενοι
1349 1250 1437 1305 καὲ
1518 1244 2005 1321 ἐπιϐουλευόμενοι

351 1340 440 1396 διὰ
484 1346 590 1396 τῶν
642 1342 766 1417 περὶ
818 1335 1076 1395 Εὐσέϐιον
1126 1345 1234 1394 τῶν
1283 1334 1724 1413 προειρημένων
1777 1338 1866 1391 καὶ
1917 1334 2005 1391 διὰ

347 1435 509 1486 τοῦτο
538 1435 616 1502 τῷ
664 1425 1028 1502 εὐσεϐεστάτῳ
1083 1428 1172 1483 καὶ
1203 1426 1603 1506 θεοφιλεστάτῳ
1642 1429 1755 1500 (69)
1793 1423 2006 1501 βασιλεῖ

345 1522 652 1595 τηρηθῆναι
703 1521 767 1574 τὸ
824 1526 1054 1596 πρᾶγμα
1131 1518 1382 1591 ἀξιοῦμεν
1437 1519 1562 1592 παρ’
1633 1516 1678 1588 ᾧ
1740 1513 2004 1588 δυνάμεθα

345 1610 435 1664 καὶ
493 1611 558 1662 τὰ
617 1606 796 1662 δίκαια
849 1615 951 1678 τῆς
1008 1605 1332 1677 Ἐκκλησίας
1377 1607 1465 1661 καὶ
1518 1606 1716 1660 ἑαυτῶν
1771 1605 2000 1679 παραθέ-

348 1701 487 1756 σθαι.
537 1697 869 1770 Πιστεύομεν
919 1699 1046 1772 γὰρ,
1099 1696 1182 1751 ὅτι
1229 1699 1263 1765 ἡ
1319 1690 1560 1750 εὐσέϐεια
1607 1693 1792 1763 αὐτοῦ,
1846 1693 2004 1748 ἀκού-

346 1807 498 1856 σασα,
533 1786 593 1841 οὐ
642 1787 1042 1861 καταγνώσεται
1091 1788 1274 1859 ἡμῶν.
1308 1785 1406 1839 Καὶ
1446 1783 1611 1839 πάλιν
1644 1782 1734 1837 οὖν
1785 1783 2000 1857 ὁρκίζο-

350 1875 442 1949 μέν
477 1897 533 1930 σε
562 1877 652 1929 τὸν
698 1876 1111 1950 παντοκράτορο.
1160 1876 1305 1945 Θεὸν,
1361 1873 1502 1928 οὕτω
1553 1874 1644 1928 τὸν
1691 1868 2002 1928 εὐσεϐέστα-

342 1986 432 2020 τον
472 1963 698 2039 βασιλέα
729 1965 808 2018 ἀεί
862 1965 938 2026 εἰς
987 1962 1202 2026 πολλὰς
1260 1963 1392 2018 ἐτῶν
1441 1960 1731 2039 περιόδους
1771 1967 2002 2017 νικῶντα

341 2056 432 2109 καὶ
467 2052 797 2128 ὑγιαίνοντα.
851 2055 984 2126 μετὰ
1032 2058 1138 2108 τῶν
1186 2051 1393 2108 παίδων
1445 2059 1544 2122 τῆς
1595 2047 1868 2114 εὐσεϐείας
1913 2051 2001 2120 αὐ-

339 2149 458 2213 τοῦ,
517 2141 684 2218 μηδὲν
735 2141 901 2198 πλέον
954 2144 1171 2219 πρᾶξαι,
1231 2140 1370 2217 μηδὲ
1401 2137 1682 2218 ἐπιτρέψαι
1711 2162 1765 2196 τι
1796 2146 2002 2213 σεαυτῷ

342 2231 394 2287 ἐν
420 2236 488 2306 τῇ
520 2229 732 2305 συνόδῳ
781 2239 997 2301 κινῆσαι
1047 2232 1174 2307 περὶ
1221 2237 1328 2286 τῶν
1376 2233 1492 2285 καθ’
1540 2234 1689 2304 ἡμᾶς
1739 2229 2003 2307 πραγμά-

2123 715 2386 784 stantini,
2421 717 2610 771 eidem
2648 718 2982 789 imperatori
3017 717 3253 789 piisimo
3285 733 3482 772 rerum
3538 721 3769 771 nostra-

2118 821 2248 858 rum
2281 805 2671 877 cognitionem
2704 824 2979 862 reserves.
3008 809 3260 877 }Equum
3296 805 3452 860 enim
3485 808 3574 860 est
3602 809 3659 859 te
3696 805 3768 860 ab

2118 892 2497 964 imperatoria
2527 897 2830 965 majestate
2861 896 3311 963 missum,nobis
3342 896 3471 966 ejus
3493 894 3768 965 pietatem

2117 983 2573 1055 appellantibus,
2608 989 2796 1039 totum
2827 986 2938 1057 ipsi
2973 1000 3265 1040 reservare
3288 984 3609 1056 negotium.
3640 983 3767 1039 Non

2114 1073 2270 1127 enim
2305 1071 2460 1126 ultra
2490 1072 2737 1128 tolerare
2769 1090 3087 1145 possumus
3141 1073 3573 1144 conjurationes
3616 1072 3767 1128 insi-

2115 1162 2380 1233 diasque,
2415 1161 2634 1232 quibus
2660 1179 2766 1217 nos
2789 1162 3047 1233 praedicti
3080 1162 3394 1218 Eusebiani
3417 1162 3768 1217 adoriuntur

2113 1249 2358 1322 ideoque
2387 1267 2509 1305 rem
2543 1250 2808 1321 piissimo
2841 1268 2906 1305 ac
2938 1251 3381 1322 religiosissimo
3422 1251 3764 1323 imperatori

2114 1340 2395 1394 reservari
2431 1339 2824 1410 postulamus,
2858 1341 3011 1411 apud
3047 1356 3222 1411 quem
3271 1339 3467 1394 licebit
3494 1339 3763 1395 Ecclesiae

2103 1430 2243 1499 jura
2265 1433 2584 1500 nostraque
2607 1429 3282 1500 exponere.Conﬁdimus
3309 1428 3464 1483 enim
3483 1428 3763 1500 pietatem

2115 1519 2264 1588 ejus,
2301 1518 2400 1572 ubi
2434 1535 2555 1573 rem
2589 1518 2861 1583 audierit,
2898 1535 3003 1572 nos
3037 1534 3152 1572 non
3181 1519 3615 1572 damnaturam.
3654 1518 3769 1571 Ita-

2114 1623 2226 1678 que
2257 1611 2315 1662 te
2344 1607 2556 1662 iterum
2593 1607 2938 1676 adjuramus
2971 1623 3074 1678 per
3094 1606 3555 1676 omnipotentem
3580 1607 3764 1661 Deum

2114 1712 2332 1768 perque
2351 1696 2686 1768 piissimum
2712 1697 3124 1768 imperatorem
3145 1697 3242 1766 qui
3262 1694 3460 1749 multis
3474 1712 3764 1751 annorum

2113 1784 2348 1840 circulis
2380 1786 2562 1840 victor
2592 1802 2825 1857 semper
2855 1785 3283 1854 incolumisque
3315 1801 3448 1839 cum
3478 1783 3614 1839 filiis
3646 1784 3766 1856 pie—

2111 1874 2250 1930 tatis
2281 1892 2397 1931 suae
2433 1878 2852 1947 perseverat,ut
2883 1874 3028 1930 nihil
3059 1874 3569 1947 aggrediare,neve
3591 1874 3762 1944 quid-

2112 1963 2270 2034 piam
2301 1963 2361 2019 in
2395 1963 2616 2036 synodo
2648 1962 2804 2018 circa
2835 1964 3068 2035 negotia
3097 1957 3298 2018 nostra
3341 1978 3577 2018 moveas
3612 1980 3624 2017 :
3658 1964 3758 2018 sed

2111 2052 2195 2108 rei
2224 2052 2616 2124 cognitionem
2658 2053 2787 2123 ejus
2846 2051 3050 2124 pietati
3107 2068 3386 2107 reserves.
3443 2051 3574 2110 Hac
3631 2051 3762 2123 ipsa

2111 2141 2574 2214 signiﬁcavimus
2625 2140 2880 2196 dominis
2940 2141 3156 2197 nostris
3213 2140 3506 2213 episcopis
3559 2141 3759 2196 ortho-

2111 2232 2296 2287 doxis.

337 2343 470 2391 των,
503 2318 650 2375 ἀλλά
678 2327 913 2393 τηρῆσαι
953 2325 1022 2393 τῇ
1068 2315 1310 2390 εὐσεϐέίᾳ
1359 2319 1522 2374 αὐτοῦ
1567 2321 1666 2389 τήν
1722 2319 1998 2396 ἀκρόασιν.
2059 2319 2190 2396 Περὶ
2239 2317 2297 2373 δὲ
2339 2323 2446 2373 τῶν
2501 2317 2676 2373 αὐτῶν
2725 2319 2816 2372 καὶ
2863 2323 2979 2380 τοῖς
3021 2316 3233 2392 κυρίοις
3289 2339 3391 2392 μου
3441 2317 3760 2379 ἐπισκόποις

339 2415 456 2471 τοῖς
490 2407 802 2486 ὀρθοδόξοις
837 2406 1216 2482 ἐδηλώσαμεν.

409 2500 500 2554 80.
531 2502 706 2552 Ταῦτα
781 2495 1066 2571 δεξάμενος
1158 2495 1516 2572 Ἀλέξανδρος
1599 2500 1626 2553 ὁ
1703 2497 1996 2560 ἐπίσκοπος

336 2594 438 2656 τῆς
523 2585 923 2658 Θεσσαλονίκης
1011 2583 1212 2662 ἔγραψε
1296 2588 1560 2661 Διονυσίῳ
1639 2593 1718 2659 τῷ
1792 2588 1996 2661 κόμητι

335 2681 521 2734 ταῦτα.

672 2771 755 2820 ΤΩ
795 2770 1107 2834 ΔΕΣΠΟΤῌ
1147 2767 1290 2822 MOI‘
1329 2770 1646 2823 ΔΙΟΝΥΣΙΩ

814 2853 1173 2930 Ἀλέξανδρος
1205 2854 1520 2918 ἐπίσκοπος.

409 2945 647 3019 Φανεράν
702 2946 814 3020 ὁρῶ
870 2946 1008 2999 κατᾶ
1066 2944 1384 3001 Ἀθανασίου
1442 2946 1704 3014 συσκευὴν
1762 2945 1990 3020 γενομέ-

336 3053 455 3104 νηνο
511 3035 713 3095 πάντας
761 3035 864 3110 γὰρ
912 3034 1004 3096 οὒς
1053 3036 1432 3110 παρῇτήσατο,
1480 3033 1706 3096 τούτους
1740 3036 1852 3107 (70)
1894 3033 1991 3088 οὐκ

339 3119 457 3176 οἶδα
483 3121 536 3176 τί
567 3123 891 3183 πεπονθότες
926 3123 1242 3176 ἀποστεῖλαι
1292 3124 1589 3192 ἠθέλησαν,
1645 3120 1784 3194 μηδέ
1813 3124 1990 3195 σημά-

335 3231 519 3272 ναντες
551 3213 708 3284 ἡμῖν.
741 3213 839 3265 Ἦν
872 3211 975 3286 γὰρ
1008 3208 1161 3280 δόξαν
1210 3212 1347 3264 κατὰ
1393 3212 1455 3264 τὸ
1505 3205 1632 3265 αότὸ
1673 3212 1986 3284 σκέψασθαι,

328 3299 479 3362 τίνας
509 3296 686 3369 δεήσει
721 3297 1116 3368 ἀποσταλῆναι.
1172 3294 1590 3372 Συμϐούλευσον
1625 3302 1734 3373 (71)
1769 3297 1858 3353 οὖν
1911 3303 1984 3372 μή

326 3409 378 3442 τι
430 3388 696 3459 προπετὲς
747 3380 985 3462 γενέσθαι
1031 3386 1354 3461 (ἐληλύθασι
1392 3390 1496 3465 γὰρ
1551 3389 1686 3465 πρὸς
1740 3390 1806 3462 μὲ
1838 3391 1987 3443 τεθο-

329 3471 650 3551 ρυϐημένοι,
710 3473 964 3550 λέγνντες
1023 3475 1130 3546 ἤδη
1191 3479 1258 3532 τὰ
1315 3477 1479 3554 θηρία
1538 3477 1848 3556 ἐσφρῖχθαι,
1895 3480 1984 3533 καὶ

330 3561 554 3637 μέλλειν
587 3563 838 3640 ἐξορμᾷν·
886 3568 1304 3642 περιηχήθησαν
1356 3567 1460 3643 γὰρ
1515 3567 1590 3628 ὡς
1625 3566 1875 3623 Ἰωάννου
1905 3589 1984 3622 τι-

322 3653 418 3714 νας
485 3652 980 3728 ἀποστείλαντος),
1046 3657 1120 3728 μὴ
1199 3649 1568 3732 προλαϐόντες
1648 3655 1981 3711 καττύσωσιν

323 3744 438 3816 (72)
468 3742 544 3805 ὡς
577 3743 635 3797 ἂν
670 3742 924 3800 ἐθέλοιεν.
957 3741 1118 3806 Οἶδας
1149 3745 1275 3820 γὰρ,
1309 3744 1392 3799 ὅτι
1443 3743 1534 3799 καῖ
1588 3743 1982 3800 Κολλουθιανοὶ

319 3838 421 3902 τῆς
451 3832 777 3904 ἘκκΛησίας
827 3831 1016 3909 ἐχθροὶ
1067 3829 1236 3903 ὄντες,
1289 3834 1378 3888 καὶ
1412 3833 1699 3910 Ἀρειανοέ,
1750 3835 1840 3888 καὶ
1872 3842 1977 3889 Με-

323 3919 579 3992 λιτιανοὶ,
621 3922 772 3977 οὗτοι
819 3925 1040 3992 πάντες,
1097 3921 1374 3994 ἀλλήλοις
1429 3922 1716 4002 σύμψηφοι
1763 3925 1981 3999 γενόμε-

323 4032 426 4082 νοι,
482 4009 731 4066 δύνανται
788 4010 1002 4088 μεγάλα
1047 4014 1186 4068 κακὰ
1229 4012 1551 4089 ἐργάσασθαι
1585 4058 1596 4069 .
1654 4015 1857 4087 Σκέψαι
1890 4012 1980 4068 οὖν

325 4101 387 4155 τὸ
419 4102 692 4180 συμφέρον
722 4105 856 4176 (73),
886 4100 978 4157 ἵνα
1013 4105 1085 4176 μή
1122 4101 1365 4177 ἀνακύψῃ
1410 4125 1463 4157 τι
1509 4102 1848 4180 σκυθρωπὸν,
1888 4104 1977 4158 καί

321 4188 467 4261 αἰτίᾳ
494 4186 916 4265 ὑποϐληθῶμεν,
952 4192 1026 4253 ὡς
1060 4192 1120 4246 οὐ
1150 4193 1286 4247 κατά
1313 4191 1376 4246 τὸ
1428 4190 1633 4246 δίκαιον
1675 4192 1974 4269 κρίναντες.

321 4280 570 4334 Κάκεῖνοι
607 4278 843 4352 μάλιστα
893 4281 1219 4358 ὑφορῶνται,
1257 4283 1331 4354 μὴ
1366 4279 1694 4344 διοδεύοντες
1728 4284 1824 4344 τὰς
1855 4285 1974 4336 Ἐκ-

317 4367 575 4438 κλησίας,
626 4369 698 4421 ὧν
744 4368 796 4422 ο⁶ι
847 4368 1134 4423 ἐπίσκοποί
1180 4370 1311 4424 εἶσιν
1359 4370 1615 4442 ἐνταῦθα,
1668 4366 1833 4449 φόϐον
1886 4370 1980 4444 ἐμ-

316 4460 664 4528 ποιήσαντες,
697 4458 967 4534 ταράξωσι
1018 4464 1189 4512 πᾶσαν
1240 4460 1337 4527 τὴν
1387 4457 1688 4533 Αἴγυπτον,
1735 4461 1810 4522 ὡς
1859 4466 1975 4522 τοῖς

319 4546 666 4608 Μελιτιανοῖς
717 4543 1134 4623 παραδοθέντες.
1189 4548 1278 4600 ’Δκ
1306 4552 1401 4601 τοῦ
1442 4546 1836 4628 πλείστου
1870 4551 1974 4625 γὰρ

315 4640 476 4690 τοῦτο
507 4640 774 4710 συνορῶσι
806 4634 1116 4710 γινόμενον.

319 4813 462 4887 Πρὸς
521 4816 689 4868 ταῦτα
746 4812 1111 4890 ΔιονύσιοςΛὸ
1167 4812 1348 4886 κόμης
1409 4811 1610 4890 ἔγραψε
1678 4820 1794 4876 τοῖς
1850 4815 1972 4890 περὶ

905 4879 1162 4939 Εὐσέϐιον
1193 4879 1380 4940 ταῦτα·

394 4978 569 5027 Γαῦτα
598 4974 665 5042 ἦν
698 4972 731 5027 ἃ
773 4977 862 5027 νῦν
908 4971 1237 5048 διελεγόμην
1296 4980 1415 5038 τοῖς
1463 4975 1674 5050 κυρίοις
1709 4997 1812 5049 μου
1854 4981 1971 5038 τοῖς

313 5064 439 5138 περί
494 5060 836 5136 Φλάκιλλον,
889 5062 974 5118 ὅτι
1029 5065 1345 5127 ’Δθανάσιος
1407 5064 1627 5127 ἐπιστὰς
1675 5065 1967 5140 ᾐτιάσατο,

313 5153 408 5215 οὓς
445 5153 868 5227 παρῃτησάμην,
905 5153 1081 5228 Λέγων
1125 5152 1350 5216 τούτους
1401 5153 1848 5225 ἀποστέλλεσθαι,
1880 5155 1969 5209 καὶ

319 5244 457 5318 βοῶν
492 5244 565 5304 ὠς
599 5240 956 5316 ἀδικούμενος
1009 5243 1098 5296 καὶ
1148 5244 1619 5322 περιγραφόμενος
1642 5264 1653 5275 ⁸
1684 5249 1852 5298 ταῦτα
1881 5244 1969 5298 καὶ

311 5333 341 5386 ὁ
369 5330 558 5407 κύριός
593 5353 697 5406 μου
727 5339 827 5402 τῆς
874 5334 1059 5408 ψυχῆς
1101 5329 1454 5410 Ἀλέξανδρος
1505 5331 1807 5389 ἀπέστειλε.
1873 5333 1970 5387 Καὶ

387 5459 498 5531 (67)
531 5456 1005 5531 Βασιλέως-ἀθθεΐ
1036 5458 1096 5512 in
1128 5459 1263 5531 Beg.

387 5530 495 5600 (68)
540 5531 689 5602 Haec,
751 5527 840 5584 καὶ
901 5532 1058 5600 ἡμῶν
1125 5526 1601 5601 ἐπικαλεσαμένων
1661 5530 1760 5598 τὴν
1822 5527 1969 5582 εὐσέ-

324 5599 686 5676 βειαναύτοῦέ
720 5599 962 5658 deerant
992 5602 1050 5656 in
1105 5603 1298 5658 editis.
1346 5599 1436 5657 Ex'
1483 5602 1659 5674 Regio
1718 5602 1971 5656 mutuati

323 5689 554 5729 sumus.

394 5744 506 5815 (69)
539 5744 686 5817 ῌΘεἐ
711 5739 1129 5817 θεοσεϐεστάτῳ.

394 5814 506 5887 (70)
539 5814 640 5888 Ita
656 5815 794 5888 Beg.
832 5818 891 5871 In
921 5814 1094 5872 editis
1123 5835 1278 5882 vero,
1312 5814 1538 5875 τούτους
1573 5816 1754 5888 deest:

393 5882 505 5960 (71)
533 5887 628 5943 Sic
661 5882 798 5959 Reg.
832 5893 890 5944 et
920 5888 1094 5946 Basil.
1129 5890 1283 5946 Editi
1314 5888 1485 5960 male,
1520 5882 1918 5960 συμϐούλευον.

2178 2495 2267 2555 80.
2303 2499 2523 2555 Horum
2557 2499 2768 2554 certior
2816 2499 3008 2554 factus
3063 2498 3391 2554 Alexander
3447 2499 3759 2571 episcopus

2107 2589 2649 2644 Thessalonicensis
2680 2589 2952 2660 Dionysio
2983 2588 3180 2644 comiti
3214 2588 3335 2643 haec
3367 2587 3604 2661 scripsit
3634 2605 3647 2642 :

2524 2767 2803 2825 DOMINO
2833 2767 2974 2824 MEO
3025 2766 3340 2824 DIONYSIO

2616 2857 2927 2912 Alexander
2953 2859 3253 2928 episcopus.

2171 2947 2381 3017 Aperte
2407 2945 2571 3002 video
2605 2953 2807 3001 contra
2839 2945 3226 3001 Athanasium
3272 2945 3584 3001 conﬂatam
3617 2963 3756 3002 con-

2102 3035 2480 3107 spirationem
2516 3052 2528 3090 :
2566 3052 2714 3107 quos
2741 3035 2898 3090 enim
2931 3034 3027 3089 ille
3060 3033 3495 3104 recusavit,hos
3527 3051 3752 3102 omnes,

2103 3125 2297 3179 nescio
2330 3141 2446 3196 quo
2479 3122 2745 3187 consilio,
2779 3123 2860 3177 illi
2895 3141 2954 3179 re
2976 3123 3146 3179 nobis
3167 3140 3282 3178 non
3306 3122 3749 3197 indicata,lega-

2101 3218 2256 3267 runt:
2283 3211 2523 3268 tametsi
2553 3213 2854 3268 decretum
2888 3217 3105 3278 erat,ut
3132 3212 3189 3266 in
3222 3229 3409 3266 unum
3442 3213 3627 3268 coacti
3651 3213 3747 3268 de-

2098 3301 2504 3368 liberaremus,
2540 3301 2781 3372 quinam
2809 3305 3007 3356 essent
3038 3317 3103 3356 eo
3165 3300 3454 3355 mittendi.
3501 3300 3753 3357 Consule

2073 3390 2280 3462 igitur
2309 3397 2365 3445 et
2413 3407 2551 3445 cave
2599 3407 2669 3444 ne
2728 3391 2868 3460 quid
2930 3394 3149 3446 temere
3206 3389 3308 3444 ﬁat
3366 3390 3751 3462 (consternati

2095 3480 2310 3551 quippe
2344 3478 2612 3534 nonnulli
2647 3496 2736 3534 me
2767 3495 3104 3549 convenere,
3149 3479 3370 3534 aientes
3420 3479 3546 3549 jam
3580 3496 3747 3534 exor-

2093 3569 2282 3624 ruisse
2311 3569 2560 3636 belluas,
2594 3574 2650 3623 et
2690 3569 2939 3638 jamjum
2994 3568 3283 3640 impetum
3337 3570 3597 3624 facturas
3631 3586 3642 3624 :
3676 3586 3745 3624 ex

2094 3658 2316 3729 sparsis
2349 3661 2566 3730 quippe
2581 3659 2918 3712 rumoribus
2939 3663 3348 3729 compererant
3367 3657 3656 3714 Joannem
3680 3675 3746 3714 eo

2093 3748 2327 3803 misisse
2355 3748 2687 3820 quosdam),
2721 3763 2864 3802 neve
2894 3751 3318 3802 antevertentes
3350 3763 3480 3818 quae
3507 3747 3747 3803 libuerit

2092 3837 2688 3893 machinentur.Nosti
2721 3839 2875 3892 enim
2910 3835 3316 3892 Colluthianos
3348 3837 3614 3892 Ecclesiae
3637 3837 3740 3893 ho-

2091 3933 2230 3982 stes.
2265 3927 2513 3981 Arianos
2544 3927 2684 3980 item
2717 3925 3193 3997 Meletianosque,
3258 3925 3360 3997 qui
3423 3942 3629 3981 omnes
3679 3927 3738 3981 in

2088 4017 2351 4071 eamdem
2387 4031 2703 4071 convenere
2732 4015 3076 4070 sententiam
3104 4014 3368 4086 ingentia
3387 4031 3558 4087 posse
3587 4016 3743 4071 mala

2089 4110 2447 4178 perpetrare.
2485 4104 2816 4176 Perpendas
2847 4104 3018 4159 velim
3072 4104 3355 4175 quidnam
3389 4121 3419 4159 e
3451 4121 3512 4160 re
3544 4106 3739 4170 fuerit,

2091 4200 2156 4250 ut
2185 4212 2256 4250 ne
2287 4195 2424 4266 quid
2459 4193 2792 4249 detrimenti
2829 4197 3274 4265 emergat,neve
3308 4193 3478 4248 nobis
3505 4194 3739 4248 crimini

2087 4283 2494 4356 deturutquid
2544 4283 2865 4338 secundum
2908 4283 3199 4353 justitiam
3229 4300 3344 4339 non
3385 4282 3739 4354 judicaveri-

2089 4378 2317 4427 mus.Et
2331 4389 2469 4426 sane
2485 4373 2736 4426 maxime
2751 4371 3131 4442 suspicantur
3149 4371 3428 4434 iidem,ne
3448 4371 3526 4425 illi
3551 4371 3740 4426 Eccle-

2088 4465 2227 4528 sias,
2251 4479 2499 4534 quarum
2521 4462 2615 4516 hie
2637 4462 2853 4515 adsunt
2884 4459 3636 4532 episcopi,paragrantes.et
3667 4477 3738 4515 ne

2089 4557 2308 4607 metum
2334 4551 2567 4622 populis
2591 4550 2967 4614 incutientes,
3003 4553 3182 4603 totam
3209 4551 3363 4606 I56
3394 4549 3739 4621 perturbent

2085 4645 2420 4712 Egyptum,
2457 4644 2654 4710 utpote
2686 4638 2787 4710 qui
2838 4637 3162 4694 Meletianis
3214 4638 3334 4694 sint
3383 4637 3622 4693 addicti.
3658 4639 3737 4693 Ex

2003 4729 2047 4793 D
2080 4730 2335 4785 maxima
2365 4730 2522 4784 enim
2557 4733 2717 4801 parte
2750 4728 2860 4784 hoc
2886 4729 3012 4797 jam
3048 4728 3169 4782 ﬁeri
3205 4735 3472 4783 cernunt.

2193 4820 2274 4875 Ad
2302 4820 2421 4876 lare
2461 4820 2768 4944 Dionysiae;
2786 4817 3311 4945 eomesbflusebianis
3343 4819 3632 4889 rescripsit

2780 4907 2824 4944 ts
2853 4907 2950 4945 ver
2989 4907 3036 4943 is
3069 4909 3081 4944 :

2780 4907 2824 4944 ιδ
2853 4907 3036 4945 verms
3069 4909 3081 4944 Ζ

2153 4979 2283 5035 Haec
2311 4980 2439 5052 ipsa
2469 4985 2636 5035 erant
2681 4997 2808 5050 quae
2871 4997 3055 5050 nuper
3104 4980 3449 5034 enarrabam
3497 4978 3736 5033 domino

2082 5085 2210 5124 meo
2243 5067 2896 5135 Flacillo,insurrexisse
2928 5067 3152 5122 scilicet
3181 5067 3735 5138 Athanasium,con-

2081 5165 2356 5230 questum
2394 5159 2594 5223 fuisse,
2629 5159 2782 5229 quod
2809 5159 2846 5211 ii
2881 5157 2992 5228 ipsi
3028 5157 3204 5229 legati
3237 5158 3626 5226 fuerint,quos
3647 5173 3734 5212 re-

2081 5253 2347 5303 cusasset
2376 5248 2501 5320 ipse
2536 5266 2548 5302 :
2584 5246 3061 5318 exclamasseque
3104 5263 3166 5302 se
3217 5247 3435 5317 injuria
3481 5245 3636 5300 afﬁci
3668 5260 3735 5299 ac

2082 5338 2508 5392 circumveniri.
2542 5337 2670 5391 Haec
2721 5336 2925 5390 eadem
2985 5335 3263 5391 dominus
3321 5335 3528 5390 animae
3591 5351 3732 5390 mete

2154 5463 2266 5533 (72)
2301 5462 2476 5527 Editi,
2509 5459 2848 5533 καττύουσινῗ
2885 5459 3047 5530 ch.,
3075 5458 3432 5533 καττύσωσιν,
3467 5465 3637 5533 necte.

2156 5525 2267 5623 (73")
2301 5535 2439 5603 Reg.
2465 5525 2649 5604 quem
2687 5525 3011 5603 sequimur,
3040 5529 3103 5582 τὸ
3146 5525 3442 5608 συμφέρον.
3477 5530 3654 5597 Editi,
3681 5525 3734 5581 τί

2085 5625 2193 5658 συ).
2239 5623 2380 5659 εοον.

2156 5626 2275 5748 (ἦ)
2298 5681 2392 5728 Ἐκ
2421 5677 2518 5726 τοῦ
2574 5670 2876 5748 πλείστουη
2916 5672 3331 5748 alias_jam_d_iu
3388 5673 3532 5748 verti
3593 5688 3733 5744 pos-

2085 5743 2192 5832 set,
2229 5743 2328 5802 aut
2358 5747 2505 5801 forte
2534 5763 2603 5800 ea:
2630 5746 2802 5799 multo
2856 5743 3172 5801 intervallo.
3224 5745 3353 5800 Mox
3413 5743 3554 5816 Reg.
3598 5743 3733 5794 συν-

2085 5838 2247 5892 ορων.
