4152 6420
354 490 476 558 395

897 495 965 556 S.
1007 492 1440 555 ATHANASII
1483 488 1654 555 OPP.
1701 488 1906 555 PARS
1948 491 1999 553 l.
2030 515 2109 537 -ι
2142 487 2567 555 HISTORIGA
2609 486 2711 553 ET
2753 488 3237 554 DOGMATIGA.

3665 489 3790 554 396

358 629 684 688 Alexander
714 642 818 703 per
845 626 1154 701 epistolam
1186 625 1333 682 mihi
1384 642 1556 683 suam
1612 625 1913 682 indicavit.
1946 624 2021 682 Ut

2136 620 2223 679 ἵνα
2251 628 2445 700 γνῶτε,
2480 622 2565 679 ὅτι
2592 623 2729 678 κατά
2760 618 2927 698 λόγον
2960 618 3078 698 ἔχει
3107 624 3174 677 τὰ
3222 623 3494 702 γραφέντα
3549 642 3644 697 μοι
3691 613 3795 680 πα-

373 735 489 792 que
520 723 724 775 notum
754 717 918 774 vobis
948 717 1024 773 sit
1049 732 1118 771 ex
1137 732 1300 788 aequo
1314 718 1371 771 et
1393 716 1702 783 bono,esse
1724 732 1849 787 quae
1873 714 2019 770 mihi

372 808 447 866 ab
480 810 609 881 ejus
641 805 1096 863 mansuetudine
1128 804 1347 877 scripta
1378 808 1612 876 sunt,ea
1642 805 1774 876 ipsa
1803 803 2019 860 avobis

369 898 619 971 legenda
648 892 1310 966 subjunxi.Meministis
1339 895 1541 949 autem
1572 893 1833 965 priorum
1863 892 2018 949 litte-

370 1002 571 1042 rarum
595 982 1108 1055 meawm,quibus
1129 981 1576 1038 mansuetudini
1604 985 1807 1038 vestrae
1835 982 2017 1055 signi-

368 1074 561 1141 ﬂcavi,
592 1072 819 1147 legatos
879 1072 1182 1128 communi
1237 1070 1462 1128 calculo
1504 1088 1570 1127 ac
1627 1072 1859 1128 decreto
1889 1088 2019 1128 esse

368 1161 921 1220 mittendos.Cavete
949 1161 1133 1235 igitur
1162 1176 1234 1218 ne
1264 1176 1391 1233 quae
1424 1164 1590 1234 gesta
1619 1166 1760 1217 sunt
1789 1177 2021 1217 accusas

366 1250 511 1309 tioni
541 1250 659 1309 sint
688 1250 958 1322 obnoxia,
990 1266 1130 1306 neve
1168 1251 1343 1323 justaz
1406 1250 1655 1322 querelae
1685 1266 1890 1307 ansam
1921 1253 2021 1306 de-

370 1359 507 1398 mus
536 1340 610 1398 iis
640 1340 739 1415 qui
772 1358 879 1397 no
910 1354 1186 1396 accusare
1234 1339 1630 1395 voluerint.Ut
1662 1341 1818 1395 enim
1851 1356 2022 1396 accu-

366 1429 629 1487 santium
662 1436 889 1501 partem
923 1429 1150 1502 gravari
1180 1442 1297 1484 non
1330 1429 1518 1499 decet,
1552 1430 1637 1485 sic
1669 1444 1775 1485 nec
1788 1446 2027 1485 accusa-

370 1525 595 1577 torum.
627 1518 909 1575 Existimo
941 1521 1139 1574 autem
1170 1517 1328 1574 haud
1360 1518 1543 1574 levem
1604 1519 1725 1575 fore
1770 1535 1878 1575 nos
1907 1519 2026 1575 cul-

382 1609 564 1682 pandi
594 1606 1039 1678 occasionem,si
1071 1606 1345 1662 dominus
1377 1622 1546 1663 meus
1577 1607 1905 1664 Alexander
1934 1624 2023 1664 re-

376 1700 490 1755 bus
518 1698 704 1773 gestis
734 1712 852 1753 non
884 1695 1212 1753 consentire
1241 1697 1531 1753 videatur.

449 1787 541 1844 82.
564 1786 695 1844 Haec
725 1787 868 1843 dum
897 1787 979 1843 ita
1022 1790 1385 1858 gererentur,
1435 1787 1509 1843 ab
1566 1785 1686 1843 illis
1741 1790 2025 1861 tanquam

375 1875 581 1950 synodo
604 1876 1105 1949 pravariwtoram
1134 1874 1180 1910 ⁸⁵
1199 1873 1575 1932 secessimus:
1611 1892 1680 1931 ea
1700 1876 1917 1949 quippe
1940 1894 2029 1934 so-

2132 715 2199 791 ρᾶ
2228 720 2330 783 τῆς
2363 712 2746 790 χρηστότητος
2787 712 2972 782 αὐτοῦ,
3009 712 3237 783 ὑπέταξα
3269 713 3403 768 αὐτὰ
3447 714 3794 788 ἀναγνωσθη-

2131 802 2334 876 σόμενα
2362 801 2513 876 ύμῖν.
2546 802 2836 875 Μέμνησθε
2868 798 2926 856 δέ
2953 802 3044 856 καὶ
3083 806 3192 857 τῶν
3236 798 3436 857 ἄνωθεν
3486 808 3613 879 παρ’
3655 803 3794 876 ἐμοῦ

2131 890 2467 969 γραφέντωψ
2503 887 2785 946 ἐπέστειλα
2815 891 2921 967 γὰρ
2961 890 3116 963 ὑμῶν
3164 894 3234 965 τῇ
3282 890 3644 966 χρηστότητι,
3692 890 3791 946 κύ·-

2132 1000 2264 1056 ριοι,
2296 976 2379 1035 ὅτι
2410 982 2523 1056 χρὴ
2573 979 2701 1042 τοὺς
2754 977 3269 1051 ἀποστελλομένους
3298 984 3456 1055 κοινῇ
3497 980 3672 1056 κρίσει
3698 980 3791 1037 καὶ

2132 1066 2367 1144 δόγματι
2414 1067 2824 1138 ἀποσταλῆναι.
2870 1070 3058 1144 Ὁρᾶτε
3105 1068 3283 1124 τοίνυν
3349 1070 3425 1143 μή
3480 1069 3795 1146 ἐγκλήματι

2134 1159 2377 1233 ὑποπέσῃ
2404 1160 2472 1213 τὰ
2516 1158 2798 1233 γινόμενα,
2852 1155 2994 1233 μηδέ
3047 1156 3259 1221 δικαίας
3315 1159 3577 1234 μέμψεως
3625 1160 3793 1237 ἀφορ-

2137 1249 2244 1322 μήν
2274 1252 2392 1310 τοῖς
2428 1245 2788 1322 βουλομένοις
2819 1251 2968 1321 ἡμᾶς
3019 1247 3359 1303 αἰτιάσασθαι
3409 1245 3613 1322 δῶμεν.
3660 1252 3792 1303 "Qa-

2131 1356 2233 1410 περ
2262 1337 2367 1412 γὰρ
2401 1338 2676 1412 βαρεῖσθαι
2704 1335 2767 1392 τό
2803 1338 2968 1410 μέρος
3014 1342 3123 1393 τῶν
3172 1337 3497 1414 κατηγόρων
3531 1338 3593 1393 οὐ
3626 1359 3795 1415 προσ·

2131 1426 2276 1497 ήκει,
2308 1424 2482 1488 οὕτως
2512 1423 2639 1481 οὐδὲ
2685 1426 2746 1481 τὸ
2794 1430 2903 1481 τῶν
2954 1427 3286 1505 φευγόντων.
3340 1426 3569 1500 Νομίζω
3619 1425 3678 1483 δὲ
3724 1427 3788 1482 ού

2139 1516 2333 1591 μικρὰν
2389 1515 2522 1569 εἶναι
2575 1516 2828 1594 ἀφορμὴν
2877 1516 2994 1570 καθ’
3063 1517 3228 1589 ’ἱμῶν
3294 1516 3557 1590 μέμψεως
3590 1560 3606 1587 ,
3664 1516 3790 1572 ὅταν

2134 1600 2385 1680 φαίνηται
2418 1603 2447 1657 6
2476 1601 2665 1678 κύριός
2700 1624 2803 1677 μου
2837 1600 3191 1680 Ἀλέξανδρος
3246 1605 3323 1678 μὴ
3375 1608 3636 1661 ωναινῶν
3673 1610 3794 1669 τοῖς

2133 1691 2551 1766 πραττομένοις.

2204 1782 2295 1839 82.
2325 1783 2439 1855 (75)
2470 1780 2684 1836 Τούτων
2714 1780 2858 1837 οὕτω
2896 1783 3311 1859 πραττομένων,
3361 1784 3791 1861 ἀνεχωρήσαμεν

2137 1870 2228 1925 ἀπ’
2281 1867 2456 1925 αὐτῶν
2523 1870 2598 1933 ὡς
2672 1871 2777 1926 ἀπὸ
2854 1869 3077 1927 συνόδου
3151 1877 3258 1928 τῶν
3320 1873 3651 1930 ἀθετούντων
3688 1897 3700 1910 ·
3762 1874 3801 1930 ἃ

375 1966 502 2022 lum
534 1965 806 2038 agebant,
840 1981 966 2037 qua
999 1964 1111 2020 sibi
1145 1963 1461 2037 placerent.
1521 1965 1766 2038 Negotia
1823 1970 2023 2023 autem

2136 1960 2240 2036 γὰρ
2273 1954 2588 2033 ἐϐούλοντο,
2619 1964 2788 2016 ταῦτα
2815 1961 2904 2016 καὶ
2952 1956 3232 2038 ἔπραττον.
3277 1966 3397 2018 ’Ότι
3448 1964 3549 2039 μὶν
3595 1962 3686 2019 οὖν
3729 1965 3801 2021 τὰ

377 2070 506 2128 quae
533 2055 715 2112 altera
727 2055 967 2111 absente
980 2059 1145 2126 parte
1167 2059 1556 2126 geruntur,ne
1573 2055 1880 2112 minimam
1898 2057 2029 2129 qui-

376 2145 510 2200 dem
540 2143 658 2200 vim
690 2142 1131 2212 habere,nullus
1152 2142 1854 2217 hominumignorat.Hoc
1875 2146 2030 2202 enim

379 2237 437 2290 et
466 2233 662 2289 divina
688 2232 816 2306 lege
846 2233 1183 2306 praecipitur
1214 2250 1227 2288 :
1261 2233 1372 2289 hoc
1403 2237 1461 2290 et
1489 2234 1699 2289 beatus
1716 2235 2031 2308 Apostolus

378 2322 521 2393 dum
553 2321 849 2379 similibus
868 2326 1240 2395 appeteretur
1261 2321 1818 2396 insidiis,siaretque
1834 2341 2031 2383 coram

371 2412 595 2485 judice,
628 2411 970 2485 postulabat
998 2410 1092 2467 his
1130 2412 1326 2469 verbis
1359 2428 1373 2481 ;
1407 2412 1700 2484 Oportebat
1716 2413 1935 2471 Iudaeos
1963 2432 2033 2471 ea:

375 2501 512 2558 Asia
564 2501 713 2574 apud
760 2508 810 2558 te
859 2504 1062 2573 praesto
1092 2517 1207 2557 esse
1234 2505 1287 2557 et
1338 2518 1602 2558 accusare
1630 2503 1679 2558 si
1707 2501 1840 2575 quid
1869 2503 2033 2559 habe-

376 2596 501 2647 rent
529 2590 574 2627 ⁸⁸
603 2589 726 2655 Quo
754 2590 1020 2664 tempore
1040 2593 1099 2647 et
1123 2590 1580 2658 Festus,Judaeis
1604 2590 1752 2648 tales
1782 2592 2031 2649 insidias

374 2678 874 2749 machinantibus,
907 2678 1110 2753 quales
1133 2681 1260 2752 jam
1291 2681 1352 2735 in
1382 2697 1490 2736 nos
1520 2680 1618 2737 isti
1672 2685 2030 2754 struxerunt,

384 2768 624 2825 aiebat:
660 2771 780 2825 Non
830 2774 907 2824 est
962 2768 1225 2825 Romanis
1278 2769 1606 2826 consuetudo
1662 2771 1907 2842 aliquem
1935 2765 2032 2828 ho-

374 2859 582 2914 minem
607 2874 708 2930 per
734 2858 979 2928 gratiam
1007 2858 1243 2927 tradere,
1272 2860 1602 2931 priusquam
1649 2861 1699 2914 is
1748 2862 1848 2932 qui
1873 2877 2032 2916 accu-

374 2950 536 3005 satur
558 2949 856 3020 przsentes
886 2947 1084 3004 habeat
1111 2953 1459 3004 accusatores
1520 2949 1803 3021 locumque
1846 2950 2034 3020 ἀσίδη-

371 3036 542 3094 dandi
566 3038 805 3109 accipiat
854 3036 925 3093 ad
960 3036 1238 3093 abluenda
1295 3038 1533 3093 crimina
1585 3038 1649 3092 ⁸⁷.
1685 3038 1796 3094 Sed
1853 3037 2030 3095 Euse-

369 3126 531 3183 biani
562 3130 619 3183 et
648 3125 834 3199 legem
868 3126 1198 3183 adulterare
1247 3126 1399 3193 ausi,
1433 3131 1490 3184 et
1520 3128 1741 3200 iniquis
1772 3126 1893 3183 illis
1918 3128 2028 3183 ini-

356 3214 614 3290 ‘quiores
641 3217 780 3273 sunt
808 3215 994 3272 eﬂecti
1030 3234 1043 3271 :
1080 3232 1195 3272 non
1226 3216 1382 3271 enim
1416 3217 1489 3272 ab
1546 3216 1676 3289 ipso
1735 3217 1819 3273 rei
1858 3217 2027 3274 initio

376 3316 647 3360 seorsum
678 3319 852 3377 agere
880 3304 1144 3377 aggressi
1175 3305 1451 3373 sunt;sed
1475 3321 1612 3361 cum
1635 3306 2026 3377 praesentibus

373 3392 543 3450 nobis
574 3409 638 3450 se
668 3391 842 3466 longe
873 3393 1176 3450 inferiores
1206 3410 1335 3450 esse
1375 3399 1709 3461 senserunt,
1755 3400 1880 3450 tum
1918 3397 2022 3473 de-

369 3499 534 3539 mum
567 3481 1318 3556 egressi,quemadmodum
1337 3483 1548 3551 Judaei,
1571 3482 1883 3539 consilium
1915 3483 2024 3540 soli

370 3570 573 3639 iniere,
607 3571 900 3643 quomodo
930 3570 1100 3626 nobis
1131 3571 1202 3627 de
1234 3571 1425 3628 medio
1448 3571 1811 3640 sublatis,ita
1841 3573 2021 3628 haere-

374 3658 489 3714 sim
523 3659 966 3715 introducerent
999 3663 1061 3715 ut
1092 3659 1233 3717 olim
1264 3659 1349 3716 illi
1404 3660 1727 3718 Barabbam
1760 3661 2025 3733 postula-

370 3750 509 3804 rant
542 3746 691 3804 :hac
721 3748 880 3804 enim
914 3748 984 3804 de
1023 3765 1204 3805 causa
1266 3765 1328 3806 se
1385 3750 1508 3806 haec
1562 3750 1763 3806 omnia
1818 3751 2026 3808 fecisse

370 3836 525 3893 uitro
555 3837 669 3909 ipsi
699 3837 953 3893 confessi
987 3842 1145 3893 sunt.

443 3926 534 3980 83.
569 3925 700 3981 Haec
721 3941 1081 3998 quamquam
1102 3927 1247 3983 satis
1262 3931 1401 3983 sunt
1420 3929 1491 3985 ad
1517 3930 1806 4003 integram
1831 3930 2026 3986 defen-

373 4015 624 4083 sionem,
656 4019 915 4071 attamen
947 4018 1013 4070 ut
1040 4019 1098 4071 et
1125 4032 1327 4078 eorum
1359 4018 1697 4091 malignitas
1727 4024 1783 4075 et
1811 4020 2025 4076 verita-

370 4104 448 4159 tis
480 4103 720 4160 libertas
752 4104 942 4177 magis
973 4105 1278 4177 magisque
1298 4106 1812 4177 innotescat,nihil
1841 4108 2023 4166 mole-

372 4195 529 4249 stum
562 4192 673 4248 erit
701 4208 771 4249 ea
800 4193 992 4259 denuo
1010 4196 1676 4269 memorare,palamque
1699 4199 1884 4255 facere
1908 4215 2022 4270 qua

370 4281 595 4338 ratione
624 4281 752 4339 suis
780 4282 894 4355 ipsi
922 4283 1099 4339 rebus
1130 4284 1505 4342 adversantia
1525 4286 1833 4359 egerint,et
1852 4288 2022 4361 quasi

369 4370 432 4426 in
489 4370 748 4427 tenebris
800 4371 1043 4427 consilia
1100 4372 1440 4445 agitassent,
1472 4375 1532 4430 in
1569 4377 1805 4449 propria
1858 4382 2025 4450 gesta

369 4460 743 4533 impegerint,
777 4477 843 4517 ac
881 4462 1024 4517 dum
1082 4479 1190 4517 nos
1241 4462 1568 4521 interficere
1625 4471 2022 4539 peroptarent,

373 4548 600 4621 seipsos
631 4548 801 4621 quasi
834 4549 1094 4606 furentes
1153 4551 1540 4608 confoderint.
1604 4554 1685 4610 De
1725 4556 2022 4627 mysteriis

370 4651 628 4710 namque
657 4638 1085 4711 perquirentes,
1118 4655 1253 4695 cum
1305 4641 1541 4697 Judaaos
1574 4642 2019 4718 interrogarent,

370 4724 944 4798 catechumenosque
975 4728 1398 4785 examinarent:
1436 4752 1465 4781 (ι
1499 4730 2020 4803 Ubinam,aientes,

2136 4729 2221 4783 καὶ
2253 4728 2504 4807 ἀνέτρεψε
2549 4733 2647 4801 τὴν
2672 4732 2937 4808 τράπεζαν
2976 4750 2989 4800 ;
3024 4756 3052 4784 ››

369 4815 544 4871 eratis
559 4816 794 4887 quando
804 4817 1090 4873 Macarius
1103 4819 1386 4875 accedens
1399 4836 1666 4876 mensam
1674 4839 1743 4877 su
1752 4822 2022 4879 bvertit?»

370 4903 745 4976 Respondere
773 4903 861 4960 illi
894 4922 910 4962 ι
942 4928 971 4956 ‹‹
1006 4907 1171 4962 Intus
1200 4923 1459 4964 eramus.
1493 4931 1522 4957 »
1556 4909 1680 4965 Non
1707 4927 1846 4984 ergo
1898 4913 2022 4968 fieri

369 4998 498 5050 tum
529 4992 758 5067 poterat
785 4993 1025 5067 oblatio,
1057 4994 1108 5051 si
1139 4996 1379 5067 quidem
1424 4997 1829 5055 catechumeni
1857 4999 2022 5059 intus

439 5100 486 5134 ³⁵
513 5096 729 5156 Jerem.
758 5117 840 5172 Ix,
868 5102 921 5155 2.
952 5101 998 5137 ⁸⁸
1025 5103 1151 5157 Act.
1184 5119 1339 5171 xxxv,
1382 5104 1469 5158 19.
1502 5104 1547 5139 ⁸⁷
1567 5110 1830 5161 Act.xxv.
1867 5108 1955 5163 16.

441 5206 555 5330 (752
585 5206 737 5296 Editi
766 5207 1149 5294 sequentibus
1179 5209 1302 5265 haec
1316 5212 1716 5297 praemittunt:
1751 5215 2017 5288 Διήγησις

441 5298 487 5330 ›ς
553 5298 624 5330 πο
653 5282 827 5330 Τυοου
859 5276 1099 5330 απ-ηλθεν
1132 5278 1211 5330 είς
1252 5279 1526 5330 Αἴγυπτον
1552 5283 1580 5330 ὁ
1618 5282 1798 5330 πάππ
1856 5287 2014 5330 Ἀθη-

368 5272 487 5355 πῶς
519 5272 827 5355 ἆπᾷῖύεου
846 5272 1211 5355 ’ἀπῆλθεν-εἶς
1252 5272 1526 5355 ΑἰῙῨυπτον
1552 5283 1580 5337 6
1618 5282 1798 5346 πάπας
1836 5272 2014 5341 ’Ἇθαᾷ

367 5347 556 5429 ςέ-άσιος
605 5345 978 5429 Ἀ-λεξανρείας
1030 5345 1346 5429 ἐπίσκοποςί
1421 5354 1682 5429 Narratio
1755 5345 2019 5429 quomodo

370 5421 595 5496 Tyroin
627 5421 929 5496 Egyptum
955 5427 1281 5496 concesserit
1310 5442 1454 5496 papa
1489 5421 1822 5485 Athanasius
1852 5431 2018 5486 Alem-

366 5493 623 5568 xgndriaa
659 5493 1105 5568 episcopus.p8ed
1168 5493 1473 5568 perperam
1512 5516 1524 5566 ;
1559 5516 1669 5554 non
1730 5499 1887 5555 enim
1958 5503 2016 5557 in

368 5561 769 5641 {Egyptum'se
799 5561 1432 5641 contulitAtlianasius
1451 5561 1599 5641 Tyro
1612 5573 2018 5628 secedens.sed

368 5634 930 5717 gonstantinOpolim
952 5639 1137 5710 petiit,
1173 5647 1240 5695 ut
1268 5634 1648 5717 gonstantino
1671 5660 1731 5717 se
1760 5644 2015 5717 sisteret,

368 5703 712 5762 Basiliensis
726 5703 904 5764 codex
917 5703 1039 5765 loco
1069 5703 1364 5770 prisceden
1375 5712 1522 5767 tium
1542 5713 1663 5768 haec
1677 5715 1870 5770 habet:
1882 5713 2015 5770 Ἀπὸ

366 5774 541 5850 Τύρου
571 5770 783 5853 είς-τὸν-
806 5776 1032 5853 βασιλέα
1067 5770 1106 5833 ⁸ὁ
1163 5782 1347 5843 πάπας
1405 5782 1734 5853 Ἀθανάσιος,
1800 5788 2015 5845 rectius

367 5846 548 5914 quam
574 5846 735 5902 editi.
762 5846 828 5904 In
858 5850 1038 5922 Regio
1064 5868 1240 5923 quem
1288 5855 1593 5926 sequimur
1626 5846 1829 5914 eorum
1861 5859 2008 5916 nihil

2139 2048 2480 2127 πραττόμενα
2534 2050 2671 2105 κατά
2746 2051 3103 2125 μονομέρειαν
3183 2053 3293 2125 (76)
3361 2049 3617 2127 οὐδεμίαν
3678 2050 3801 2131 ἔχει

2141 2134 2388 2213 δύναμιν,
2423 2136 2602 2202 οὐδείς
2634 2138 2773 2195 ἐστιν
2822 2140 2881 2202 ὃς
2936 2140 3120 2215 ἀγνοεῖ
3164 2145 3272 2196 τῶν
3319 2142 3537 2196 πάντων
3585 2141 3796 2217 ἀνθρώ·-

2139 2246 2280 2287 πων.
2310 2232 2480 2284 Τοῦτο
2508 2230 2612 2304 γὰρ
2642 2230 2733 2283 καὶ
2765 2230 2793 2284 ὁ
2824 2232 2967 2292 θεῖος
2999 2229 3166 2303 νόμος
3214 2227 3447 2285 κελεύεν
3495 2235 3658 2285 τοῦτο
3705 2228 3821 2287 καῖ

2142 2319 2171 2374 ὁ
2209 2317 2470 2394 μακάριος
2519 2316 2857 2381 ’Δπόστολος
2905 2320 3135 2395 πάσχων
3180 2318 3439 2391 τοιαύτην
3493 2313 3799 2392 ἐπιϐουλὴν

2140 2408 2231 2463 καὶ
2285 2408 2602 2484 κρινόμενος
2661 2408 2839 2481 ἠξίου,
2892 2406 3092 2485 λέγων’
3152 2406 3301 2464 Ἔδει
3359 2408 3487 2472 τοὺς
3545 2410 3651 2465 ἀπὸ
3694 2418 3802 2482 τῆς

2144 2496 2326 2560 Ἀσίας
2388 2495 2681 2560 Ἰουδαίους
2740 2495 2829 2553 ἐπὶ
2912 2502 3006 2552 σοῦ
3063 2503 3363 2573 παρεῖναι,
3422 2500 3513 2554 καὶ
3563 2518 3801 2577 κατηγο-

2142 2591 2253 2662 ρεῖν
2283 2583 2337 2641 εἷ’
2358 2607 2410 2641 τι
2471 2585 2669 2663 ἔχοιεν·
2731 2586 2821 2642 ὅτε
2870 2587 2961 2642 καὶ
3012 2588 3041 2642 ὁ
3090 2594 3330 2658 Φῆστος,
3375 2586 3643 2645 θελόντων
3687 2592 3798 2646 τῶν

2141 2672 2415 2731 Ἰουδαίων
2463 2674 2720 2746 τοιαύτην
2769 2671 3075 2747 ἐπιϐουλὴν
3128 2676 3494 2753 ἐργάσασθαι,
3540 2676 3658 2734 οἵαν
3704 2683 3797 2736 νῦν

2140 2766 2255 2820 καθ’
2312 2767 2472 2839 ἡμῶν
2526 2767 2919 2838 πεποιήκασιν,
2978 2760 3163 2841 ἔλεγεν
3199 2781 3212 2798 ⁸
3273 2765 3388 2824 Ούκ
3463 2763 3605 2822 ἔστιν
3678 2767 3799 2832 ἔθος

2141 2854 2436 2929 Ῥωμαίοις
2511 2855 2828 2931 χαρίζεσθαί
2900 2876 3018 2911 τινα
3096 2854 3401 2933 ἄνθρωπον,
3476 2857 3603 2932 πρὶν
3670 2858 3707 2927 ἢ
3768 2859 3798 2914 ὁ

2140 2943 2621 3021 κατηγορούμενος
2690 2945 2827 3000 κατᾶ
2899 2942 3193 3022 πρόσωπον
3251 2942 3377 3022 ἔχοι
3451 2946 3584 3009 τοὺς
3639 2966 3740 3009 κατ
3772 2982 3798 2993 -

2140 3033 2403 3107 ηγόρους,
2460 3033 2628 3089 τόπον
2685 3055 2744 3089 τε
2806 3032 3112 3110 ἀπολογίας
3167 3029 3332 3090 λάϐοι
3384 3034 3508 3109 περὶ
3563 3040 3659 3090 τοῦ
3704 3035 3799 3112 ἐγε

2138 3119 2448 3195 κλήματος.
2504 3121 2662 3178 Ἀλλ’
2721 3125 2774 3178 οἱ
2830 3123 2954 3199 περὶ
3012 3118 3273 3179 Εὐσέϐιον
3331 3122 3419 3178 καὶ
3474 3123 3564 3177 τὸν
3617 3122 3794 3198 νόμον

2137 3217 2458 3288 παραποιεῖν
2519 3211 2873 3287 ἐτόλμησαν,
2922 3214 3013 3268 καὶ
3072 3209 3241 3268 πλέον
3298 3214 3406 3268 τῶν
3466 3210 3796 3269 ἀδικούντων

2080 3316 2100 3380 ι
2140 3298 2462 3377 ἀδικώτεροι
2509 3302 2815 3379 γεγόνασιν,
2873 3303 2946 3357 Οὐ
2996 3303 3101 3378 γὰρ
3161 3301 3211 3373 ἐξ
3261 3302 3440 3380 ἀρχῆς
3486 3302 3798 3377 καταμόνας

2140 3388 2391 3465 ἔπραξαν,
2445 3389 2571 3445 ἀλλ’
2624 3390 2714 3447 ὅτε
2759 3391 3042 3467 παρόντων
3092 3393 3254 3466 ἡμῶν
3310 3393 3634 3465 ἠσθένησαν,
3674 3392 3801 3448 τότε

2135 3476 2330 3533 λοιπόν
2366 3475 2693 3550 ἐξελθόντες,
2745 3481 2820 3542 ὡς
2872 3477 3150 3548 Ἰουδαῖοι,
3204 3473 3543 3553 συμϐούλιον
3595 3475 3793 3537 ἔλαϐον

2133 3567 2466 3641 καταμόνας,
2499 3567 2649 3631 ὅπως
2683 3572 2833 3643 ἡμᾶς
2884 3570 2979 3643 μὲν
3030 3566 3363 3641 ἀπολέσωσι,
3407 3571 3508 3641 τὴν
3560 3567 3618 3625 δὲ
3645 3567 3798 3648 α’ίρε-

2134 3678 2218 3712 σιν
2254 3657 2633 3733 εἰσαγάγωσιν,
2667 3659 2742 3721 ὡς
2796 3657 2988 3713 ἐκεῖνοι
3037 3658 3127 3713 τὸν
3161 3653 3449 3735 Βαραϐϐᾶν
3496 3659 3793 3734 ᾐτήσαντο·

2131 3745 2326 3802 τούτου
2356 3748 2518 3823 χάριν
2554 3746 2708 3802 αὐτοὶ
2735 3752 2906 3803 ταῦτα
2951 3749 3125 3803 πάντα
3171 3748 3529 3818 πεποιηκέναι
3574 3747 3641 3804 δι’
3674 3750 3798 3805 ἐαυ-

2130 3840 2239 3891 τῶν
2272 3834 2669 3911 ὡμολόγησαν.

2204 3928 2293 3982 83.
2348 3926 2446 3979 Καὶ
2500 3925 2546 3979 εἰ
2602 3926 2755 4000 ἀρκεῖ
2804 3930 2974 3981 ταῦτα
3023 3927 3162 4004 πρὸς
3210 3932 3381 3982 πᾶσαν
3441 3925 3745 4004 ἀπολογίαν
3779 3973 3795 3999 ,

2134 4012 2288 4087 ὅμως
2319 4014 2453 4092 ύπέρ
2483 4019 2579 4069 τοῦ
2611 4015 2701 4069 καὶ
2750 4013 2917 4070 πλέον
2965 4016 3173 4072 τούτων
3228 4017 3321 4090 μέν
3369 4018 3470 4087 τὴν
3523 4017 3793 4093 πονηρίαν

2135 4101 2440 4179 δειχθῆναι,
2469 4109 2572 4173 τῆς
2603 4101 2661 4158 δέ
2690 4102 2951 4175 ἀληθείας
2982 4106 3082 4175 τὴν
3116 4103 3447 4180 ἐλευθερίαν,
3482 4104 3636 4162 οὐδὲν
3672 4104 3800 4162 ἐλύ-

2131 4213 2221 4247 πει
2250 4192 2341 4247 καὶ
2371 4190 2536 4247 πάλιν
2590 4194 2918 4267 ὑπομνῆσαι,
2966 4195 3056 4249 καὶ
3108 4192 3295 4267 δεῖξαι,
3348 4194 3426 4259 ὡς
3475 4195 3629 4252 αὐτοὶ
3679 4197 3803 4252 ἐαυ-

2130 4287 2249 4345 τοῖς
2280 4281 2493 4337 ἐναντία
2536 4279 2787 4359 ἔπραξαν,
2836 4285 2927 4339 καὶ
2976 4284 3074 4355 ὡς,
3126 4283 3178 4340 ἐν
3228 4284 3407 4359 σκότῳ
3457 4285 3797 4362 βουλευόμε-

2131 4393 2237 4441 νοι,
2267 4377 2385 4434 τοῖς
2417 4373 2617 4427 ἑαυτῶν
2650 4374 3043 4448 προσέκοπτον,
3093 4374 3183 4429 καὶ
3233 4372 3486 4439 θέλοντες
3515 4379 3665 4450 ἡμᾶς
3698 4378 3797 4432 ἀν-

2133 4459 2298 4528 ελεῖν,
2328 4461 2549 4524 ἑαυτοὺς
2603 4460 2839 4539 ἔτρωσαν
2873 4464 2949 4526 ὡς
3003 4464 3345 4539 μαινόμενοι.
3402 4465 3534 4542 Περὶ
3587 4485 3799 4539 μυστη-

2132 4551 2263 4628 ρίων
2297 4552 2401 4627 γὰρ
2444 4551 2785 4627 ἐρευνῶντες,
2838 4551 3134 4616 Ἰουδαίους
3183 4554 3480 4630 ἀνέκρινον,
3530 4555 3619 4609 καὶ
3668 4576 3800 4611 κατ-

2130 4641 2480 4715 ηχουμένους
2514 4640 2789 4712 ἐξήταζον
2828 4667 2855 4693 ‹‹
2891 4647 3005 4697 Ποῦ
3049 4643 3166 4715 ἦτε,
3201 4640 3291 4697 ὅτε
3321 4644 3600 4718 Μακάριος
3628 4641 3794 4719 ἦλθε,

3106 4733 3355 4787 Κάκεῖνοι
3408 4733 3793 4807 ἀπεκρίναντο,

2134 4817 2219 4874 ὅτι
2252 4844 2278 4871 ‹‹
2312 4817 2502 4875 Ἔνδον
2535 4814 2680 4884 ὄντες
2714 4819 3142 4897 ἐτυγχάνομεν.»
3172 4820 3377 4877 Οὐκοῦν
3405 4820 3505 4877 οὐκ
3531 4822 3598 4892 ἦν
3623 4842 3797 4898 προσ-

2133 4910 2275 4986 φορὰ
2315 4909 2360 4963 εἱ
2408 4908 2817 4986 κατηχούμενοι
2868 4906 3015 4964 ἔνδον
3066 4911 3223 4979 ἦσαν.
3276 4912 3501 4966 Ἔπειτα
3545 4912 3796 4987 γράψανη

2131 5016 2219 5059 τες
2250 5002 2549 5074 πανταχοῦ,
2583 4998 2681 5070 ὡς,
2715 5000 2948 5062 ἑστῶτος
2978 5003 3074 5054 τοῦ
3117 4994 3486 5077 πρεσϐυτέρου
3539 5000 3629 5056 καὶ
3675 4999 3798 5055 ἐπι-

2131 5211 2399 5290 habetur.
2434 5213 2613 5270 Porro
2633 5215 2705 5271 de
2734 5214 3220 5290 Athanasiig'i‘yro
3251 5216 3538 5290 discessu,
3574 5217 3645 5290 de
3670 5233 3797 5290 quo

2130 5284 2396 5366 ingentes
2419 5286 2850 5354 controversiae,
2883 5288 2943 5343 in
2974 5284 3285 5344 Athanasii
3344 5290 3480 5345 Vita
3526 5284 3800 5361 disputa-

2132 5372 2345 5412 Vinius.

2184 5428 2422 5504 _lbidcm
2483 5428 2646 5504 Reg,
2696 5428 3067 5504 πραχθέντων.
3128 5430 3297 5504 Εάίῐὶλ
3338 5448 3495 5500 vero,
3528 5449 3798 5504 ,πραττο-

2135 5498 2329 5575 μένων,
2362 5516 2478 5575 quo
2512 5498 2651 5556 item
2692 5498 2866 5557 modo
2915 5501 3055 5575 legit
3111 5501 3377 5559 Nannius
3437 5498 3537 5575 qui
3591 5498 3794 5572 vertit,
3840 5522 3853 5527 ’

2130 5572 2267 5647 Cum
2297 5587 2382 5625 res
2415 5573 2497 5647 ita
2516 5582 2792 5647 ageretur,
2820 5591 2947 5647 qum
2975 5572 3275 5646 portrema
3306 5572 3476 5631 lectio
3507 5581 3799 5647 praestare

2129 5644 2379 5725 videtur.
2416 5643 2767 5725 Athanasius
2798 5643 3016 5719 quippe
3066 5647 3243 5702 rebus
3272 5643 3799 5704 nondumconfec-

2129 5716 2206 5770 tis
2238 5716 2482 5787 aufugit.
2816 5716 2829 5718 '
2905 5716 2922 5719 '
2945 5716 2963 5718 “

2342 5786 2505 5879 θεῷ,
2540 5784 2898 5879 μονομερίαν.
2960 5788 3093 5845 Mox
3151 5788 3327 5860 idem,
3388 5786 3539 5852 ὅστις
3571 5786 3805 5865 ἀγνοεῖ,

2127 5855 2304 5930 Editi,
2338 5855 2397 5919 ὃς
2429 5855 2632 5931 ἀγνοεῖ.
