4152 6382
369 412 493 472 397

1495 408 1888 470 APOLOGIA
1931 408 2246 470 CONTRA
2292 411 2666 473 ARIANOS.

3679 409 3796 470 398
3843 497 3850 501 _

367 539 681 609 τελοῦντος,
732 536 986 594 εἰσελθὼν
1035 539 1309 614 Μακάριος
1365 537 1619 614 ἀνέτρεψε
1669 541 1840 593 πάντα
1878 585 1890 606 ,
1941 541 2019 592 ἀν-

2145 546 2326 596 erant.
2371 543 2514 597 Hinc
2545 560 2676 597 cum
2709 542 2918 597 litteris
2939 541 3062 598 suis
3086 541 3346 612 undique
3369 541 3794 613 pervulgarint,

366 632 575 705 έκρινον
613 628 708 691 οὓς
741 625 1072 698 ἠϐούλοντο,
1104 633 1208 683 ποῦ
1240 630 1306 698 ἦν
1343 628 1589 704 Ἰσχύρας
1623 629 1711 683 ὅτε
1751 632 2027 704 Μακάριος

370 719 588 789 ἐπέστη.
645 720 887 772 Κάκεῖνοι
935 718 1100 773 πάλιν
1153 718 1536 791 ἀπεκρίναντο,
1586 717 1666 771 ὅτι
1723 717 1773 771 ἐν
1822 715 2030 791 κελλίῳ

367 815 537 864 νοσῶν
570 808 958 882 κατακείμενος
990 812 1078 876 ἦν.
1131 808 1332 862 Οὐκοῦν
1388 807 1485 861 οὐκ
1535 809 1770 878 εἱστήκει
1805 809 1832 861 6
1869 829 2028 862 κατα-

361 899 634 972 κείμενος,
671 896 795 952 οὐδὲ
828 898 1154 975 προσέφερεν
1189 899 1216 952 6
1252 897 1302 951 ἐν
1336 895 1549 969 κελλίῳ
1581 901 1753 951 νοσῶν
1803 897 1890 951 καὶ
1931 918 2028 951 κα-

359 989 699 1061 τακείμενος.
736 986 878 1059 Πρὸς
928 987 1164 1058 τούτοις,
1219 986 1482 1061 λέγοντος
1531 992 1626 1040 τοῦ
1674 985 1892 1062 Ἰσχύρα
1939 1007 2025 1040 κε-

359 1080 586 1131 καῦσθαι
647 1071 837 1151 βιϐλία
908 1078 1052 1152 παρά
1126 1076 1454 1151 Μακαρίου,
1516 1077 1566 1128 οἱ
1625 1069 2027 1143 ὑποϐληθέντες

365 1168 634 1242 μαρτυρες
668 1164 856 1240 ἔλεγον
916 1163 1083 1238 μηδέν
1117 1187 1168 1218 τι
1215 1170 1466 1220 τοιοῦτον
1509 1167 1848 1239 γεγενῆσθαι,
1881 1162 2025 1218 ἀλλά

355 1254 644 1330 ψεύδεσθαι
692 1254 784 1310 τὸν
833 1255 1106 1331 Ἰσχύραν.
1164 1256 1260 1308 Καὶ
1309 1255 1370 1307 τὸ
1403 1255 1742 1327 θαυμαστὸν,
1779 1255 2019 1329 γράψαν-

355 1367 444 1407 τες
472 1343 582 1399 παλ
599 1367 639 1399 ιν
674 1350 956 1420 πανταχοῦ
990 1343 1281 1422 ἠφανίσθαι
1335 1346 1461 1419 παρ’
1513 1347 1672 1416 ἡμῶν
1703 1342 1828 1404 τοὺς
1865 1340 2022 1396 δυνα-

365 1436 562 1508 μένους
629 1440 936 1510 μαρτυρεῖν,
991 1434 1216 1494 τούτους
1276 1435 1638 1510 φαινομένους
1698 1433 1970 1507 ἀνέκρινον
2007 1476 2020 1502 ,

358 1525 446 1578 καὶ
508 1524 606 1578 οὐκ
667 1524 974 1598 ᾐσχύνοντο
1041 1521 1332 1598 βλέποντες
1408 1520 1629 1583 ἑαυτοὺς
1690 1522 2023 1598 συκοφάντας

360 1613 698 1688 πανταχόθεν
782 1611 1162 1685 δεικνυμένους
1217 1657 1230 1681 ,
1311 1611 1400 1666 καὶ
1474 1616 1641 1665 ταῦτα
1716 1609 2022 1682 καταμόνας

360 1704 695 1776 πράττοντας
751 1703 826 1764 ὡς
881 1698 1191 1770 ἠϐούλοντο
1228 1745 1239 1756 .
1300 1702 1516 1754 ’Ένέυον
1576 1700 1668 1772 μὲν
1744 1700 1846 1773 γὰρ
1905 1703 2022 1760 τοῖς

367 1789 616 1866 μάρτυσι,
649 1792 740 1846 καὶ
791 1793 818 1845 6
874 1787 1115 1866 ἔπαρχος
1165 1788 1404 1861 ἠπείλει,
1455 1789 1545 1843 καὶ
1596 1790 1648 1842 οἱ
1695 1792 2020 1860 στρατιῶται

363 1879 597 1935 ἔνυττον·
633 1882 660 1934 6
714 1877 769 1934 δὲ
817 1881 1011 1956 Κύριος
1061 1883 1159 1948 τήν
1216 1877 1470 1949 ἀλήθειαν
1533 1876 1875 1948 ἐξεκάλυπτε,
1930 1877 2018 1931 καὶ
2052 1918 2101 1984 Β

553 1969 562 1984 .
774 1969 786 1984 .
867 1971 880 1984 ε
983 1967 1085 1984 η.
1302 1970 1377 1984 ,ς
1498 1973 1525 1980 ι.
1720 1967 1731 1982 ε
1827 1968 1837 1981 ς
1901 1967 1912 1984 ν

359 1969 695 2047 συκοφάντας
731 1969 928 2031 αὐτοὺς
980 1967 1234 2024 ἐδείκνυε.
1289 1970 1387 2022 Διά
1433 1973 1594 2021 τοῦτο
1646 1967 1735 2021 καὶ
1782 1968 1848 2020 τά
1891 1967 2022 2020 ὐπο-

363 2062 623 2134 μνήματα
655 2057 906 2134 ἔκρυψαν,
936 2059 1025 2113 καὶ
1061 2058 1213 2113 αὐτοὶ
1268 2059 1360 2132 μὲν
1397 2054 1557 2133 ἔσχον
1609 2057 1761 2127 αὐτὰ,
1805 2059 2021 2132 παρήγ-

359 2147 548 2226 γειλαν
581 2146 636 2203 δὲ
663 2154 783 2210 τοῖς
832 2148 1099 2222 γράψασιν
1154 2148 1408 2225 ἀφανίσαι
1438 2146 1526 2200 καὶ
1563 2145 1755 2219 μηδενὶ
1803 2147 1865 2200 τὸ
1897 2144 2020 2199 σύν-

360 2237 490 2293 ολον
525 2235 791 2292 ἐκδοῦναι.
824 2235 980 2291 ’Δλλ’
1035 2235 1342 2315 ἐσφάλησαν
1393 2237 1482 2290 καὶ
1538 2236 1588 2290 ἐν
1616 2235 1814 2307 τούτῳ·
1861 2236 1889 2288 6
1926 2235 2019 2308 μὲν

360 2329 465 2402 γὰρ
498 2329 711 2402 γράψας
743 2326 877 2381 αὐτὰ
926 2326 1154 2404 Ῥοῦφός
1211 2325 1372 2398 ἐστιν,
1406 2327 1434 2380 ὃ
1465 2330 1553 2379 νῦν
1608 2325 1658 2380 ἐν
1705 2329 1773 2399 τῇ
1814 2323 2022 2400 Αὐγου-

365 2415 630 2490 σταλιανῇ
681 2418 793 2489 (77)
855 2415 1266 2489 σπεκουλατωρ,
1321 2415 1410 2469 καὶ
1463 2412 1677 2469 δύναται
1744 2421 2020 2488 μαρτυρῆ-

369 2524 476 2558 σαι⁹
523 2506 574 2558 οἱ
624 2502 679 2558 δῖε
727 2505 851 2580 περὶ
903 2500 1154 2558 Εὖσέϐιον
1205 2505 1279 2566 εἷς
1330 2505 1547 2577 Ῥώμην
1596 2503 1726 2558 αύτὰ
1777 2501 1865 2557 διὰ
1910 2508 2017 2557 τῶν

369 2592 520 2648 ἰδίων
552 2592 894 2666 ἀπέστειλαν,
947 2595 1036 2648 καὶ
1090 2593 1320 2655 Ἰούλιος
1367 2596 1394 2648 6
1427 2593 1719 2654 ἐπίσκοπος
1766 2593 1898 2646 αύτά
1927 2614 2019 2666 μοι

367 2681 723 2757 διεπέμψατο.
778 2681 875 2737 Καί
930 2683 1210 2756 μαίνονται
1260 2689 1374 2751 νῦν,
1425 2683 1508 2738 ὅτι
1559 2683 1591 2736 ἃ
1642 2682 1835 2737 ἐκεῖνοι
1885 2682 2017 2736 ἀπο-

362 2771 620 2848 κρύπτειν
682 2768 978 2827 ἐϐούλοντο
1015 2817 1028 2843 ,
1079 2775 1243 2845 ἡμεῖς
1303 2769 1535 2848 ἔσχομεν
1574 2817 1586 2841 ,
1645 2772 1733 2826 καὶ
1785 2769 2018 2844 ἀνέγνω-

370 2881 460 2934 μεν
489 2864 623 2935 (78).

430 3133 520 3188 84.
553 3132 665 3204 (79)
715 3134 889 3184 Ταῦτα
943 3129 1033 3184 καὶ
1088 3127 1155 3183 τὰ
1210 3135 1433 3184 τοιαῦτα
1492 3131 1801 3200 συνθέντες,
1864 3129 2017 3193 εὐθὺς

361 3219 450 3274 καὶ
506 3221 604 3287 τήν
664 3217 834 3273 αἰτίαν
897 3215 966 3272 δι’

365 3307 767 3382 Ἀπερχόμενοι
826 3308 929 3382 γὰρ
964 3355 978 3379 ,
1041 3308 1331 3382 ἀπήγαγον

367 3396 674 3471 ’Δρειανοὺς
736 3395 813 3457 εἷς
865 3397 964 3464 τήν
1012 3398 1397 3471 Ἰερουσαλὴμ,
1457 3397 1612 3451 κάκεῖ
1657 3398 1884 3460 τούτους
1943 3399 2018 3462 εἰς

363 3483 646 3537 κοινωνίαν
708 3481 986 3554 ἐδέξαντο,
1035 3486 1335 3560 γράψαντες
1389 3485 1683 3556 ἐπιστολὴν
1743 3489 1868 3563 περὶ
1926 3488 2019 3543 αὐ-

364 3575 496 3645 τῶν,
528 3575 595 3641 ἧς
632 3573 776 3649 ἀρχὴ
808 3573 896 3628 καὶ
925 3575 988 3629 τὸ
1019 3575 1180 3650 μέρος
1215 3575 1324 3629 ἐστὶ
1355 3581 1538 3630 τοῦτο’

515 3727 518 3731 λ
830 3663 944 3735 (80)
969 3669 1013 3718 Η
1054 3669 1210 3717 ΑΗΔ
1258 3670 1560 3718 ΣΥΝοΔοΣ

365 3753 426 3805 Ἦ
490 3750 540 3804 ἐν
618 3753 685 3804 Ἱε
726 3749 1027 3825 οσολύμοις
1094 3758 1227 3807 Θεοῦ
1293 3755 1482 3829 γάριτι
1548 3759 1869 3831 συναχθεῖσα
1950 3762 2019 3822 τῆ

439 3770 737 3876 Ἐκκλησίῦα
791 3828 886 3876 τοῦ
961 3828 1094 3876 Θεοῦ
1152 3827 1218 3876 cf.
1294 3817 1404 3876 (illi
1477 3825 1526 3876 ἐν
1597 3813 2013 3876 Ἀλεξανδρεία)

439 3820 737 3902 Ἐκκλησία
791 3820 911 3902 τοῦ
961 3828 1094 3902 Θεοῦ
1152 3827 1220 3899 τῇ
1263 3820 1526 3902 Δ(81)·ἐν
1597 3820 2018 3902 Ἀλεξανδρείᾳ

433 3894 696 3971 καξλτοῖς
754 3895 889 3971 κατά
947 3901 1136 3971 Απᾶσαν
1197 3894 1315 3965 ’τὴν
1388 3894 1689 3971 Αἴγυπτον,
1737 3894 1863 3954 ’καί
1914 3894 2021 3970 Θήλ

435 3959 597 4040 ϐαίδα
631 4011 642 4022 .
695 3967 788 4040 καὶ
866 3962 1074 4040 Λιϐύην
1109 4011 1121 4035 ,
1169 3959 1284 4040 καὶξ
1331 3959 1716 4040 Πεντάπο).ιν’,
1762 3971 1852 4025 καί
1903 3959 2020 4034 τοῖς

435 4038 582 4117 κατὰ.
646 4039 746 4106 τήν
849 4038 1184 4117 οἰκουμένην
1271 4038 1586 4103 ἐπισκόποις
1670 4038 1759 4096 καὶ
1845 4063 1947 4117 πρε
1997 4077 2019 4085 -

432 4103 713 4184 σϐυτέροις
742 4110 831 4164 καὶ
864 4103 1152 4174 διακόνοις
1168 4110 1218 4166 ἐν
1255 4112 1437 4188 Κυρίῳ
1468 4114 1705 4190 χαίρειν.

433 4203 570 4252 Πᾶσι
630 4199 723 4271 μὲν
783 4202 918 4272 ἡμῖν
971 4206 1089 4262 τοῖς
1147 4200 1232 4256 ἐπὶ
1276 4202 1338 4256 τὸ
1387 4202 1517 4258 αὐτὸ
1566 4206 1908 4259 συνελθοῦσιν
1971 4204 2022 4275 ἐξ

365 4285 643 4362 ἐπαρχιῶν
693 4285 964 4364 διαφόρων
1020 4291 1156 4364 πρὸς
1207 4295 1275 4364 τῇ
1331 4290 1543 4366 μεγάλῃ
1595 4294 1919 4369 πανηγύρει,
1953 4294 2018 4363 ἦν

366 4373 452 4429 ἐπί
486 4375 777 4452 ἀφιερώσει
824 4381 921 4430 τοῦ
971 4377 1262 4453 Σωτηρίου
1317 4381 1627 4453 Μαρτυρίου
1675 4381 1884 4456 σπουδῇ
1927 4388 2022 4437 τοῦ

1020 3217 1086 3286 ἣν
1141 3222 1307 3272 ταῦτα
1367 3217 1593 3292 ἔπραξαν
1654 3219 2011 3296 ἐφανέρωσαν.

1417 3309 1531 3380 μεθ’

366 4462 784 4541 θεοφιλεστάτου
868 4464 1138 4541 βασιλέως
1211 4470 1614 4526 Κωνσταντίνου
1671 4477 1749 4542 τῷ
1807 4473 2019 4526 πάντων

370 4552 584 4627 βασιλεῖ
632 4558 748 4625 Θεῷ
795 4553 886 4608 καί
933 4559 1013 4626 τῷ
1058 4561 1275 4631 Χριστῷ
1306 4556 1468 4611 αὐτοῦ
1509 4562 2022 4624 κατασκευασθέντος

367 4641 773 4715 ἐπετελέσαμεν,
819 4641 1051 4698 πλείονα
1109 4642 1375 4717 θυμηδίαν
1436 4649 1470 4715 ἡ
1529 4653 1624 4701 τοῦ
1686 4654 1819 4703 Θεοῦ
1860 4651 2023 4726 χάρις

369 4729 696 4800 ἐνεποίησεν·
759 4730 921 4793 αὐτός
976 4753 1036 4787 τε
1085 4734 1113 4787 ὁ
1163 4732 1578 4811 θεοφιλέστατος
1633 4736 1885 4812 βασιλεὺς
1931 4737 2020 4794 διὰ

366 4821 706 4893 γραμμάτων
761 4820 998 4891 οἰκείων,
1047 4825 1194 4877 τοῦθ’
1245 4823 1376 4897 ὅπερ
1429 4824 1597 4900 ἐχρῆν
1632 4832 2016 4904 παρορμήσας,

365 4905 540 4961 πάντα
596 4908 688 4981 μὲν
742 4907 983 4983 ἐξορίσας
1031 4914 1146 4985 (82)
1191 4918 1293 4982 τῆς
1352 4913 1674 4985 Ἐκκλησίας
1729 4921 1826 4970 τοῦ
1884 4923 2016 4973 Θεοῦ

365 4994 580 5074 φθόνον,
628 4995 716 5052 καί
765 5003 933 5054 πᾶσαν
990 5000 1195 5076 μακρὰν
1245 5000 1516 5066 ἀπελάσας
1571 5005 1894 5080 βασκανίαν,
1947 5005 2016 5061 δι’

435 5126 550 5202 (π)
576 5122 1053 5202 ιρὖγονσταλιανῇ.
1090 5130 1150 5183 In
1207 5129 1394 5202 edicto
1435 5147 1552 5202 7x111
1613 5132 2011 5202 Justinianin},

364 5192 704 5278 ἀρχῂλὶςεςερ
756 5192 1053 5278 ’ἐφέστῃκέν
1112 5202 1228 5278 τοῖς
1311 5199 1594 5275 Αἰγύπτου
1675 5192 2010 5278 πράγμασίν,

364 5266 536 5346 φαμὲν
576 5266 815 5346 ’δὲ’τῆν
882 5267 1327 5346 Αὔγουσταλίων,
1399 5266 1749 5346 'prx’feclurlz
1801 5266 2013 5332 “reruni.

360 5341 817 5414 (Egyptiacqrum
868 5341 991 5414 quae
1027 5341 1480 5412 Augustalior-zlm
1527 5341 1796 5404 'vocalur.
1867 5349 2013 5406 Hinc

361 5411 1058 5491 factum_i_16'youa'£a)\tawj
1096 5431 1222 5491 qua:
1257 5431 1358 5491 pro
1394 5433 1462 5491 ea
1500 5418 1638 5491 ipsa
1670 5421 2013 5491 praefectura

367 5485 519 5537 sumi
553 5486 798 5608 \éidetur.
835 5486 913 5541 De
945 5485 1328 5558 speculatoris
1359 5485 1550 5546 ofﬁcio
1605 5485 1800 5547 actum
1834 5511 2014 5565 supra

368 5571 530 5608 num.
603 5599 614 5608 .

368 5571 530 5608 num.
561 5571 614 5610 ὅ.

585 5627 747 5701 Begu
785 5623 1052 5701 ἔσχομεον
1092 5628 1181 5701 κᾳῖ
1215 5625 1473 5701 ἔγνωμεν.

412 5665 710 5778 ,ξ7“9)-Ηδεῗδ
735 5665 934 5778 ξορίοιδ
963 5717 1097 5755 cum
1123 5700 1205 5778 iis
1223 5665 1444 5778 qiuaa‘in
1476 5704 1716 5776 Epistola
1738 5705 1807 5761 ad
1827 5708 2013 5762 solita-

366 5766 775 5825 rz'usbabentur
805 5772 955 5828 infra
985 5788 1150 5827 num.
1188 5766 1257 5828 1.’
1274 5773 1449 5829 Porro
1482 5766 1607 5848 qua
1639 5778 1709 5833 de
1751 5779 1886 5834 Ario
1916 5778 2012 5833 hic

2142 636 2333 685 stante
2367 625 2702 703 presbytero
2734 639 2789 686 et.
2820 650 2984 687 sacra
3038 632 3182 687 I57
3248 630 3515 699 laciente,
3569 631 3794 701 ingres-

2139 738 2269 776 sum
2305 722 2622 776 Macarium
2650 722 2847 775 omnia
2896 721 3196 790 evertisse,
3245 737 3311 774 ea
3370 737 3601 791 quoque
3634 722 3703 774 de
3737 738 3794 776 re

2141 809 3647 881 quoslibuitinterrogarunt,ubinamessetlschyras
3675 827 3791 880 quo

2137 903 2398 969 tempore
2444 899 2732 953 Macarius
2784 899 3014 969 irrupit.
3080 898 3525 970 Responderunt
3581 899 3792 954 iterum

2139 986 2220 1041 illi
2249 987 2306 1040 in
2342 986 2553 1041 cellula
2584 1005 2800 1058 aegrum
2835 987 3350 1042 decubuisse.Non
3386 986 3579 1042 stabat
3615 987 3793 1059 igitur

2138 1077 2237 1148 qui
2270 1077 2664 1146 decumberet,
2715 1094 2905 1147 neque
2965 1076 3239 1130 olferebat
3300 1076 3396 1148 qui
3460 1078 3518 1130 in
3579 1076 3793 1131 cellula

2138 1172 2389 1237 a‘grotus
2412 1167 2650 1235 jaceret.
2688 1167 2771 1218 Ad
2805 1165 2925 1220 haec
2957 1171 3207 1220 testante
3263 1165 3496 1237 lsehyra
3528 1165 3710 1221 libros
3760 1184 3789 1220 a

2137 1255 2382 1311 Macario
2418 1255 2595 1310 fuisse
2627 1255 2992 1318 combustos,
3027 1256 3136 1326 ipsi
3170 1255 3342 1308 etiam
3373 1256 3675 1310 subornati
3713 1261 3794 1311 te-

2137 1349 2255 1400 stes
2289 1345 2427 1398 fassi
2461 1350 2621 1410 sunt,
2659 1343 2803 1398 nihil
2836 1344 3126 1412 ejusmodi
3187 1349 3416 1415 gestum
3451 1345 3651 1414 fuisse,
3685 1345 3787 1400 sed

2134 1434 2368 1490 mentiri
2403 1435 2731 1504 Iscbyram.
2766 1434 3047 1503 Quodque
3102 1433 3423 1503 permirum
3482 1433 3785 1504 habeatur,

2135 1541 2267 1578 cum
2305 1524 2518 1594 ubique
2555 1522 2763 1576 litteris
2793 1523 3206 1591 signiticarint,
3259 1538 3356 1575 eos
3390 1522 3485 1592 qui
3521 1524 3784 1578 testimo-

2135 1614 2298 1666 nium
2333 1614 2480 1667 ferre
2513 1617 2753 1682 possent
2785 1612 3017 1666 abditos
3049 1628 3081 1665 a
3112 1611 3278 1666 nobis
3314 1611 3516 1681 fuisse,
3545 1613 3782 1667 eosdem

2133 1719 2327 1757 coram
2360 1702 2812 1772 interrogarunt.
2850 1701 2964 1756 Nec
2996 1701 3218 1772 pudore
3251 1700 3439 1755 affecti
3473 1705 3614 1755 sunt
3671 1701 3782 1757 etsi

2131 1792 2497 1847 adverterent
2529 1808 2589 1846 se
2621 1791 2882 1860 undique
2914 1790 3304 1862 sycophantas
3334 1790 3650 1855 ostendi,et
3680 1807 3780 1861 pa-

2134 1881 2250 1936 lam
2276 1899 2404 1936 esse
2422 1898 2519 1936 eos
2544 1880 2826 1935 arbitratu
2863 1897 2968 1935 suo
2999 1880 3146 1934 clam
3173 1879 3290 1934 haec
3322 1880 3522 1934 omnia
3568 1880 3779 1951 egisse.

2131 1971 2354 2026 Etenim
2381 1975 2557 2026 testes
2589 1970 2832 2025 nutibus
2850 1970 3502 2024 monebant.Pr:el'ectus
3519 1969 3782 2024 minaba-

2131 2059 2471 2129 tur,milites
2503 2061 2804 2114 caedebant
2835 2075 2846 2112 :
2880 2059 2982 2113 sed
3013 2059 3296 2113 Dominus
3327 2059 3629 2113 veritatem
3660 2076 3767 2130 pa-

2130 2149 2568 2220 tefecit,eosque
2583 2148 2972 2220 sycophantas
3013 2147 3458 2202 demonstravit.
3485 2148 3777 2211 Quamob-

2131 2256 2253 2294 rem
2279 2245 2662 2294 monumenta
2683 2237 2906 2293 occulta
2926 2238 3081 2308 apud
3114 2253 3174 2291 se
3200 2238 3777 2308 servarunt,scripto-

2133 2329 2295 2384 ribus
2320 2329 2593 2398 jubentes
2627 2332 2690 2382 ut
2718 2327 2818 2382 illa
2848 2327 3210 2382 occultarent
3260 2343 3326 2380 ac
3359 2326 3579 2380 nemini
3610 2344 3778 2396 pror-

2133 2436 2235 2473 sus
2267 2419 2581 2472 traderent.
2617 2418 2724 2471 Sed
2761 2418 2935 2472 cessit
2967 2433 3056 2471 res
3089 2421 3290 2470 contra
3323 2433 3389 2471 ac
3421 2416 3528 2470 rati
3560 2420 3726 2470 erant
3761 2433 3774 2471 :

2131 2525 2267 2572 nam
2289 2508 2386 2578 qui
2404 2507 2502 2562 illa
2515 2508 2867 2577 conscripsit
2890 2507 3260 2568 Rut'us,nunc
3279 2505 3334 2558 in
3356 2505 3780 2577 Augustaliana

2131 2597 2462 2669 speculator
2493 2597 2738 2667 hujusce
2771 2597 2850 2650 rei
2884 2595 3286 2649 testimonium
3342 2595 3488 2648 ferre
3538 2598 3726 2665 potest
3761 2613 3774 2649 :

2130 2686 2438 2742 Eusebiani
2473 2702 2707 2757 quoque
2739 2702 2806 2739 ea
2839 2703 2940 2756 per
2969 2684 3189 2754 legatos
3219 2700 3359 2738 suos
3410 2685 3650 2738 Romam
3675 2683 3777 2738 mi-

2129 2780 2352 2841 serunt,
2387 2775 2651 2846 mihique
2702 2780 2842 2828 sunt
2897 2791 2963 2828 ea
3017 2779 3144 2844 ipsa
3203 2791 3235 2828 a
3289 2773 3444 2827 Julio
3502 2772 3778 2844 episcopo

2128 2865 2499 2920 transmissa.
2536 2865 2603 2918 Et
2634 2880 2789 2918 nunc
2823 2864 3129 2918 insaniunt
3161 2863 3313 2932 quod
3345 2861 3618 2918 videlicet
3649 2878 3777 2932 quze

2128 2955 2212 3010 illi
2245 2954 2537 3010 occultare
2570 2954 2954 3025 peroptabant
2984 2969 3051 3008 ea
3080 2969 3187 3008 nos
3217 2952 3560 3019 habuimus,
3593 2969 3659 3007 ea
3689 2951 3777 3006 1e-

2128 3045 2346 3117 gimus.

2198 3136 2282 3189 8/1.
2318 3133 2671 3203 Hujusmodi
2713 3150 2803 3188 res
2854 3132 3171 3187 machinati
3200 3131 3340 3187 talia
3393 3131 3603 3206 agendi
3634 3148 3776 3186 cau-

2131 3242 2252 3280 sam
2307 3241 2441 3278 mox
2489 3222 2680 3295 palam
2741 3224 2924 3277 fecere
2959 3241 2971 3275 :
3004 3221 3139 3276 inde
3198 3238 3454 3293 namque
3511 3221 3775 3292 profecti,

1609 3309 1810 3362 ἑαυτῶν
1890 3309 2014 3372 τοὺς
2049 3291 2092 3357 C
2129 3313 2374 3368 Arianos
2405 3329 2604 3368 secum
2641 3311 3095 3382 Hierosolymam
3128 3311 3635 3381 adduxere,iisque
3658 3308 3778 3364 illic

2133 3403 2201 3457 ad
2232 3400 2706 3456 communionem
2739 3399 3037 3468 admissis,
3097 3397 3404 3470 epistolam
3464 3399 3778 3470 scripsere,

2131 3492 2302 3561 cujus
2326 3491 2446 3545 haec
2478 3495 2567 3545 est
2599 3507 2731 3561 pars
2758 3490 2829 3543 ab
2860 3489 3026 3544 initio
3063 3505 3074 3543 :

2657 3668 2736 3724 SA
2746 3666 2909 3722 NCTA
2942 3667 2977 3721 S
2987 3669 3069 3724 YN
3077 3668 3250 3723 ODUS

2131 3761 2238 3816 Dei
2283 3761 2465 3829 gratia
2523 3759 2907 3828 Hierosolymis
2959 3760 3304 3828 congregata,
3365 3758 3622 3812 Ecclesia?
3676 3757 3787 3811 Dei

2207 3847 2331 3902 qua?
2361 3836 2440 3885 est
2473 3829 2843 3897 .‘tlexandrize,
2903 3832 3258 3902 omnibusque
3333 3845 3430 3899 per
3484 3832 3782 3899 zEgyptum

2207 3901 2506 3956 Thebaidcn-
2537 3903 2771 3972 Libyam
2803 3911 2854 3955 ct
2912 3901 3281 3971 Pentapolim,
3330 3910 3380 3955 et
3454 3902 3653 3971 ubique
3674 3904 3784 3954 ter-

2204 3991 2400 4028 rarum
2429 3975 2716 4044 episcopis,
2773 3973 3106 4044 presbyteris
3160 3979 3211 4026 et
3259 3972 3524 4041 diaconis,
3561 3975 3619 4026 in
3669 3977 3779 4028 Do-

2203 4049 2354 4101 mino
2385 4047 2637 4100 salutem.

2207 4208 2386 4265 Nobis
2413 4207 2688 4261 omnibus
2709 4207 2982 4261 eumdem
3007 4207 3065 4260 in
3090 4205 3283 4260 locum
3307 4222 3374 4261 ex
3395 4205 3642 4261 diversis
3657 4221 3783 4276 pro-

2131 4299 2340 4354 vinciis
2370 4297 2439 4352 ad
2458 4313 2732 4367 magnam
2749 4295 3178 4351 solemnitatem
3204 4295 3779 4366 congregatis,quam

2133 4387 2556 4444 celebravimus
2587 4386 2641 4438 in
2679 4385 3044 4439 dedicatione
3090 4384 3345 4456 Martyrii
3379 4383 3716 4447 Salvatoris,
3752 4400 3784 4438 a

2134 4476 2577 4549 religiosissime
2609 4475 2958 4546 imperatore
2989 4473 3367 4528 Constantino
3410 4473 3467 4526 in
3499 4472 3781 4526 honorem

2135 4567 2400 4622 omnium
2434 4564 2809 4635 Imperatoris
2841 4563 2940 4616 Dei
2975 4569 3031 4617 et
3069 4562 3279 4617 Christi
3339 4561 3467 4631 ejus
3526 4561 3778 4627 excitati,

2057 4666 2102 4730 D
2129 4656 2427 4727 ingentem
2460 4653 2720 4708 laetitiam
2756 4652 2857 4706 Dei
2888 4651 3075 4723 gratia
3107 4650 3321 4705 attulit.
3380 4652 3505 4721 Ipse
3547 4666 3780 4720 quoque

2130 4743 2610 4816 religiosissimus
2636 4742 2955 4796 imderator
2986 4740 3109 4795 suis
3142 4757 3248 4794 nos
3305 4738 3514 4794 litteris
3547 4739 3617 4794 ad
3650 4740 3779 4794 ofﬁ-

2127 4833 2282 4887 cium
2334 4832 2603 4887 hortatus
2635 4836 2720 4886 est
2751 4832 2959 4901 (ejecto
3019 4831 3089 4884 ab
3139 4827 3396 4883 Ecclesia
3447 4827 3579 4882 odio
3637 4844 3780 4898 quo-

2126 4939 2378 4993 cunque,
2415 4922 2695 4992 omnique
2730 4919 2949 4974 invidia
2991 4936 3091 4991 per
3122 4934 3298 4989 quam
3357 4915 3457 4972 Dei
3511 4916 3778 4971 membra

2126 5011 2372 5066 antehac
2395 5009 2762 5065 dissidebant
2793 5007 2998 5080 procul
3033 5008 3280 5077 abacta),
3316 5011 3380 5061 ut
3423 5004 3677 5076 simplici
3711 5021 3777 5059 ac

2125 5140 2492 5202 enarrantur,
2531 5150 2641 5188 non
2677 5134 2746 5188 ad
2791 5132 3259 5195 haeresiarcham,
3295 5131 3396 5186 sed
3459 5131 3540 5202 ad
3590 5129 3774 5184 haere-

2123 5208 2365 5262 siarchas
2400 5207 2808 5277 cognominem
2825 5209 3070 5276 ejusque
3089 5203 3346 5277 sodalem
3368 5201 3628 5277 nequid_q
3641 5217 3774 5277 uam

2123 5281 2338 5332 ret'erre
2370 5271 2614 5333 convatur
2645 5271 2991 5348 postremus
3012 5276 3268 5348 Socratis
3315 5271 3522 5348 editor.
3578 5271 3778 5348 Enim-

2122 5367 2255 5405 vero
2289 5352 2357 5405 de
2391 5351 2515 5420 ipso
2548 5345 2935 5420 hzeresiarcha
2966 5347 3058 5420 hic
3089 5347 3181 5418 agi
3225 5345 3619 5402 certissimum
3654 5347 3762 5410 est,

2126 5428 2187 5476 ut
2220 5422 2277 5475 in
2311 5419 2483 5492 Ερὶῖςί.
2513 5421 2582 5475 ad
2611 5421 2757 5488 solii,
2779 5419 3154 5492 probabitur.

2196 5494 2307 5562 (80)
2344 5485 2467 5546 llaec
2499 5485 2751 5561 epistola
2776 5485 3026 5544 habetur
3054 5489 3208 5544 infra
3237 5490 3308 5543 de
3342 5485 3582 5559 synodis
3631 5485 3764 5540 Ari-

2123 5564 2265 5618 mini
2303 5571 2357 5618 et
2383 5563 2677 5618 Selencize.

2195 5637 2306 5705 (81)
2342 5636 2424 5690 Ita
2489 5634 2628 5705 Reg.
2700 5631 2847 5688 Editi
2915 5646 3070 5694 vero,

2119 5708 2210 5778 τῇ,
2245 5713 2352 5761 etc.

2197 5765 2307 5849 (82)
2341 5778 2502 5847 Reg,,
2539 5769 2800 5847 ἐξορίσας.
2833 5771 2983 5829 Editi
3017 5771 3187 5838 male,
3222 5765 3449 5846 έξορίας.

3150 5626 3348 5697 Ἐκκλη
3360 5628 3445 5699 σία
3512 5631 3644 5681 Θεοῦ
3711 5624 3761 5679 ἐν
