4152 6390
344 439 462 501 399

884 435 951 495 S.
994 430 1421 492 ATHANASII
1464 431 1637 492 OPP.
1684 429 1887 491 PARS
1933 427 1981 487 Ι.
2016 457 2094 468 -
2125 420 2546 486 HISTORICA
2590 420 2692 480 ET
2735 414 3222 480 DOGMATICA.

3640 417 3763 477 400

350 574 560 644 pacato
593 569 809 639 animo,
834 567 1079 622 Arianos
1110 566 1181 621 ad
1214 564 1686 621 communionem
1721 562 1992 618 admitte-

2120 560 2167 624 ες
2197 557 2263 609 τὰ
2290 558 2385 607 τοῦ
2416 556 2549 608 Θεοῦ
2584 550 2723 625 μέλη
2781 549 3042 625 πρότερον
3094 545 3409 617 διειστήκει,
3451 545 3763 622 ἡπλωμένῃ

352 677 574 727 remus,
607 676 755 731 quos
784 659 856 713 ad
887 657 1183 728 quoddam
1214 655 1493 726 temporis
1526 654 1783 726 spatium
1833 649 1990 705 omni

350 750 560 805 infesta
588 749 741 803 bono
772 745 991 802 invidia
1021 745 1159 800 foris
1202 744 1512 799 Ecclesiam
1566 741 1837 797 detinuit.
1873 739 1994 794 Imo

351 838 478 912 ipse
507 836 987 909 religiosissimus
1010 835 1329 905 imperator
1358 849 1459 904 per
1487 830 1794 903 epistolam
1827 846 1996 885 suam

353 927 697 999 hujusmodi
726 925 982 980 virorum
1002 928 1221 978 rectam
1244 939 1371 978 esse
1395 922 1570 976 ﬁdem
1592 923 1843 975 testatus
1864 922 1953 974 est
1978 935 1991 972 :

353 1033 530 1089 quam
565 1016 708 1087 ipse,
742 1013 860 1068 illis
890 1012 1285 1083 interrogatis,
1316 1012 1445 1065 viva
1498 1026 1635 1065 voce
1691 1008 1996 1080 loquentes

352 1122 487 1161 cum
518 1104 820 1172 audiisset,
854 1119 888 1157 a
927 1118 990 1158 se
1027 1102 1410 1173 approbatam
1472 1099 1640 1154 nobis
1699 1097 1996 1169 indicavit,

351 1194 680 1266 litterisque
712 1191 837 1248 suis
869 1207 1075 1247 sanam
1107 1206 1308 1246 eorum
1343 1187 1473 1243 ﬁdei
1511 1185 1822 1243 formulam
1857 1187 1996 1242 sub-

346 1283 564 1355 junxit.

425 1443 662 1510 85.Quis
690 1441 1033 1514 hujusmodi
1058 1438 1276 1495 auditis
1296 1438 1487 1495 verbis
1510 1438 2001 1510 conspirationem

355 1551 471 1590 non
504 1531 980 1589 animadverterit
1007 1530 1035 1584 ‘2
1064 1533 1229 1602 gesta
1261 1544 1515 1599 namque
1546 1545 1654 1583 sua
1683 1545 1799 1583 non
1833 1528 2004 1584 dissi-

357 1621 707 1678 mularunt:
747 1624 849 1675 aut
874 1620 1119 1675 fortasse
1149 1618 1236 1673 vel
1283 1617 1446 1672 inviti
1503 1617 1807 1672 veritatem
1864 1622 2004 1673 sunt

358 1710 629 1767 confessi.
662 1710 811 1765 Nam
844 1708 892 1764 si
924 1724 1029 1780 ego
1061 1707 1111 1762 is
1141 1723 1301 1761 eram
1333 1705 1436 1778 qui
1471 1705 1714 1762 Arianos
1739 1705 2001 1761 Ecclesiae

357 1800 629 1873 ingressu
658 1814 916 1854 arcerem
950 1813 965 1852 :
1013 1796 1229 1853 l58et
1268 1794 1352 1850 illi
1409 1800 1543 1868 post
1598 1796 1910 1851 conflatam
1941 1797 2001 1852 in

360 1906 457 1945 me
479 1887 974 1960 conspirationem
997 1886 1070 1941 ad
1092 1884 1562 1941 communionem
1578 1890 1718 1941 sunt
1735 1885 2003 1942 admissi:

362 1978 503 2049 quid
537 1976 695 2032 aliud
727 1976 1062 2043 dicendum,
1090 1990 1269 2046 quam
1300 1978 1359 2029 et
1386 1973 1509 2029 haec
1538 1978 1595 2029 et
1623 1974 1895 2031 universa
1925 1991 2015 2031 eo-

365 2084 497 2123 rum
527 2067 586 2121 in
619 2083 728 2122 nos
758 2065 1037 2133 facinora,
1069 2066 1423 2120 Arianorum
1455 2063 1642 2135 gratia
1683 2068 2013 2136 perpetrata

365 2172 532 2214 esse:
567 2160 624 2212 et
648 2172 715 2211 eo
747 2154 938 2210 solum
998 2152 1197 2208 calicis
1256 2153 1603 2209 fractionem
1660 2154 2011 2225 Arseniique

363 2246 577 2301 caedem
606 2239 734 2300 esse
765 2243 1094 2311 conﬁctam,
1115 2247 1181 2296 ut
1208 2242 1570 2313 impietatem
1600 2241 1661 2296 in
1693 2241 2010 2299 Ecclesiam

360 2335 818 2399 introducerent,
860 2337 919 2388 et
971 2331 1085 2404 ipsi
1144 2331 1389 2387 minime
1437 2330 2013 2403 deprehenderentur

359 2423 610 2480 haeretici
641 2423 669 2477 ?
699 2423 830 2478 ideo
859 2422 1016 2478 enim
1047 2420 1193 2476 mihi
1224 2425 1397 2475 antea
1440 2419 1761 2492 imperator
1797 2419 2010 2476 litteris

362 2515 487 2569 suis
516 2512 932 2568 interminatus
961 2515 1074 2567 est.
1110 2510 1224 2565 Nec
1255 2510 1426 2581 punit
1468 2526 1567 2565 eos
1597 2508 1739 2564 talia
1795 2509 2008 2582 dicere,

360 2604 773 2673 afﬁrmareque
803 2604 956 2656 recte
987 2600 1204 2655 sentire
1232 2600 1386 2654 viros
1419 2617 1453 2654 a
1498 2603 1622 2654 tota
1651 2600 2014 2655 cecumenica

361 2691 585 2764 synodo
616 2690 989 2745 anathemate
1020 2689 1329 2744 damnatos
1361 2705 1375 2747 :
1410 2704 1599 2759 neque
1647 2694 1789 2742 sunt
1844 2688 2011 2744 veriti

360 2784 588 2836 tantam
613 2779 904 2852 synodum
944 2781 1230 2850 quantum
1279 2776 1445 2832 licuit
1499 2776 1651 2831 clam
1708 2782 2008 2833 evertere:

362 2868 633 2925 homines
663 2883 806 2923 sane
836 2867 1008 2922 dictis
1037 2866 1338 2939 gestisque
1359 2866 1484 2922 suis
1512 2867 2013 2922 temerarii.Porro

368 2974 596 3014 merces
627 2955 1019 3028 sycophantiae
1065 2971 1344 3011 concessa
1373 2954 1558 3011 multo
1590 2955 1776 3029 magis
1809 2972 2011 3011 eorum

365 3045 797 3119 malignitatem
829 3044 1195 3117 impiumque
1227 3044 1595 3115 propositum
1610 3045 2013 3116 coarguit.Ma-

366 3139 573 3205 reotes,
605 3134 689 3190 uti
721 3150 900 3206 supra
931 3133 1154 3189 dictum
1187 3131 1461 3205 est,regio
1485 3137 1574 3189 est
1594 3133 2009 3202 Alexandrina,

362 3225 425 3280 in
458 3241 576 3297 qua
605 3240 909 3296 nunquam
942 3222 1253 3294 episcopus
1284 3222 1522 3293 fuit,aut
1554 3222 2011 3295 chorepiscopus

2040 1937 2089 2002 B

2107 641 2130 661 Ν

2103 641 2160 699 δὲ
2189 644 2278 698 καὶ
2311 641 2555 717 εἰρηναίᾳ
2584 644 2737 715 ψυχῇ
2786 637 3028 709 δέξασθαι
3059 636 3187 699 τούς
3219 635 3343 711 περὶ
3386 638 3629 705 ’¹Αρειον,
3665 636 3763 699 οὖς

2102 732 2238 809 πρός
2260 753 2379 786 τινα
2399 732 2583 803 καιρὸν
2619 732 2646 784 ὁ
2684 726 2983 803 μισόκαλος
3012 727 3207 806 φθόνος
3239 722 3341 796 ἔξω
3371 726 3615 801 γενέσθαι
3656 733 3764 795 τῆς

2103 819 2429 891 Ἐκκλησίας
2462 820 2768 893 εἰργάσατο.
2971 816 3261 891 ἐμαρτύρει
3294 812 3352 869 δὲ
3396 820 3514 877 τοῖς
3563 812 3764 892 ἀνδρά-

2106 933 2186 966 σιν
2219 912 2246 965 ὁ
2277 908 2693 987 θεοφιλέστατος
2746 905 3002 984 βασιλεὺς
3049 903 3137 960 διὰ
3177 912 3279 974 τῆς
3322 902 3616 973 ἐπιπολῆς
3671 904 3768 958 πί-

2106 1022 2271 1062 στεως
2305 999 2651 1075 ὁρθοτομίαν,
2677 999 2743 1067 ἢν
2796 997 2923 1073 παρ’
2948 995 3118 1049 αὐτῶν
3161 994 3463 1068 πυθόμενος
3497 993 3658 1055 αὐτός
3708 1014 3771 1048 τε

2108 1088 2175 1144 δι’
2228 1091 2417 1144 ἑαυτοῦ
2461 1090 2607 1163 παρὰ
2664 1089 2842 1157 ζώσης
2888 1092 3076 1165 φωνῆς
3128 1084 3301 1139 αὐτῶν
3362 1084 3473 1157 (84)
3533 1081 3769 1146 ἀκούσας

2108 1175 2419 1248 ἀπεδέξατο,
2468 1179 2602 1250 ἡμῖν
2646 1197 2705 1231 τε
2752 1176 2981 1253 φανερὰν
3034 1175 3404 1242 κατεστήσατο
3432 1217 3446 1242 ,
3502 1171 3771 1242 ὑποτάξας

2106 1274 2225 1329 τοῖς
2282 1268 2473 1321 ἑαυτοῦ
2530 1267 2849 1342 γράμμασιν
2908 1262 3181 1342 ἔγγραφον
3239 1263 3339 1331 τὴν
3394 1266 3502 1316 τῶν
3557 1258 3768 1338 ἀνδρῶν

2112 1354 2442 1433 ὀρθοδοξίαν.

2179 1450 2270 1503 85.
2302 1444 2395 1507 Τίς
2423 1443 2631 1499 τούτων
2689 1441 2899 1498 ἀκούων
2953 1441 3015 1496 ού
3066 1446 3267 1515 συνορᾷ
3314 1441 3412 1511 τὴν
3458 1438 3768 1510 συσκευήνς

2110 1534 2182 1589 Ού
2215 1536 2318 1610 γὰρ
2370 1532 2605 1609 ἔκρυψαν
2658 1532 2691 1586 ἃ
2740 1527 2970 1608 ἔπραξαν
2999 1532 3035 1600 ἢ
3067 1532 3213 1607 τάχα
3241 1528 3333 1585 καί
3381 1532 3456 1603 μή
3494 1527 3771 1605 βουλόμε-

2108 1625 2314 1693 νοιτὴν
2349 1621 2604 1693 ἀλήθειαν
2658 1620 3053 1696 ὡμολόγησαν.
3107 1620 3171 1674 Εἰ
3216 1620 3319 1695 γὰρ
3372 1618 3481 1695 ἐγὼ
3534 1615 3687 1691 ἤμην
3743 1618 3775 1672 ὁ

2109 1712 2340 1768 κωλύων
2373 1710 2501 1773 τοὺς
2531 1710 2655 1786 περὶ
2689 1712 2904 1786 ’Δρειον
2949 1707 3229 1781 εἰσελθεῖν,
3274 1709 3456 1783 κάμοῦ
3508 1710 3772 1778 ωσκευήν

2109 1800 2396 1873 παθόντος,
2450 1797 2768 1876 ἐδέχθησαν
2820 1798 2871 1853 τί
2922 1795 3104 1875 ἕτερόν
3160 1797 3342 1868 ἐστιν,
3393 1798 3429 1867 ἢ
3483 1796 3568 1853 ὅτι
3604 1802 3778 1853 ταῦτα

2119 1889 2188 1945 δι’
2233 1890 2465 1951 ἐκείνους
2515 1890 2735 1964 γέγονε,
2785 1888 2875 1943 καὶ
2923 1889 3096 1942 πάντα
3140 1887 3257 1941 καθ’
3304 1889 3465 1960 ἡμῶν
3519 1880 3778 1963 ἔπραξαν»

2118 1979 2209 2035 καὶ
2256 1977 2559 2034 πέπλασται
2609 1976 2878 2051 ποτηρίου
2925 1975 3149 2048 κλάσις,
3206 1976 3297 2030 καὶ
3346 1974 3626 2050 Ἀρσενίου
3677 1975 3778 2054 φό-

2120 2091 2232 2140 νος,
2259 2066 2353 2122 ’ἕνα
2387 2067 2547 2142 μόνον
2579 2068 2679 2135 τήν
2731 2062 2975 2121 ἀσέϐειαν
3030 2065 3107 2127 εἷς
3156 2066 3255 2134 τὴν
3309 2062 3635 2135 Ἐκκλησίαν
3671 2065 3782 2118 εἰσ-

2120 2160 2386 2232 αγάγωσι,
2440 2154 2529 2211 καί
2583 2157 2657 2228 μή
2713 2155 2788 2217 ὡς
2832 2154 3093 2229 αἱρετικοὶ
3138 2155 3581 2228 καταγνωσθῶσιο
3612 2151 3778 2209 τούτο

2120 2248 2223 2323 γὰρ
2254 2247 2321 2315 ἧν
2353 2246 2382 2300 ’ὀ
2414 2246 2503 2300 καὶ
2531 2246 2638 2321 πρὸ
2666 2244 2863 2299 τούτου
2894 2246 3118 2322 γράφων
3150 2243 3274 2317 ἐμοὶ
3322 2242 3577 2318 βασιλεὺς
3623 2243 3783 2314 ἠπεί-

2124 2335 2278 2404 λησε.
2311 2335 2411 2390 Καὶ
2443 2334 2542 2389 οὐκ
2589 2332 2893 2408 ᾐδέσθησαν
2937 2337 3161 2388 τοιαῦτα
3210 2334 3510 2411 γράφοντες
3547 2333 3639 2388 καὶ
3684 2331 3779 2388 λέ-

2121 2446 2303 2500 γοντες
2334 2424 2559 2486 τούτους
2596 2424 2770 2497 ὀρθῶς
2819 2428 3057 2501 φρονεῖν,
3110 2426 3204 2483 οὓς
3250 2428 3393 2475 πᾶσα
3521 2422 3780 2495 οἰκουμε-

2120 2515 2241 2582 νική
2289 2510 2512 2573 σύνοδος
2568 2513 2931 2567 ἀνεθε·λ.άτισε’
2977 2509 3067 2565 καί
3128 2510 3227 2565 οὐκ
3283 2504 3628 2588 ἐφοϐήθησαν
3676 2512 3780 2581 τὴν

2117 2600 2456 2671 τηλικαύτην
2486 2598 2712 2655 σύνοδον
2743 2599 2794 2654 ἐν
2844 2600 3018 2675 γωνίᾳ
3050 2598 3271 2662 λύοντες
3319 2600 3383 2653 τὸ
3413 2599 3535 2654 ὅσον
3569 2599 3652 2655 ἐπ’
3684 2600 3782 2656 αὐ-

2118 2695 2258 2760 τοῖς,
2316 2691 2367 2743 οἱ
2424 2691 2597 2743 πάντα
2652 2688 2905 2764 λέγοντες
2961 2687 3051 2743 καί
3104 2689 3434 2764 πράττοντες
3495 2689 3779 2767 εὐχερῶς.

2122 2778 2220 2833 Καὶ
2269 2780 2297 2833 ὁ
2351 2779 2539 2851 μισθὸς
2598 2776 2656 2832 δὲ
2695 2784 2799 2847 τῆς
2845 2777 3199 2856 συκοφαντίας
3252 2772 3331 2831 ἔτι
3377 2776 3546 2833 πλέον
3602 2778 3779 2834 αὐτῶν

2119 2869 2219 2937 τὴν
2269 2867 2534 2942 πονηρίαν
2583 2868 2673 2921 καὶ
2729 2868 2829 2936 τὴν
2882 2862 3047 2935 ἀσεϐῆ
3100 2865 3353 2943 πρόθεσιν
3408 2865 3671 2922 δείκνυσιν
3722 2871 3781 2922 Ὁ

2120 2958 2419 3034 Μαρεώτης
2447 3001 2460 3025 ,
2507 2957 2644 3010 καθὰ
2692 2961 2975 3032 προεῖπον,
3030 2956 3189 3031 χώρα
3234 2962 3338 3025 τῆς
3370 2953 3778 3031 Ἀλεξανδρείας

2122 3046 2253 3115 ἐστὶ,
2284 3046 2374 3101 καὶ
2401 3043 2662 3100 οὐδέποτε
2694 3044 2747 3099 ἐν
2777 3048 2845 3119 τῇ
2875 3045 3035 3120 χώρᾳ
3064 3045 3280 3119 γέγονεν
3326 3044 3615 3106 ἐπίσκοπος
3646 3042 3777 3099 οὐδὲ

2120 3134 2560 3212 χωρεπίσκοπος“
2597 3132 2742 3188 ἀλλὰ
2769 3138 2848 3206 τῷ
2898 3140 2999 3202 τῆς
3044 3130 3451 3209 Ἀλεξανδρείας
3495 3132 3775 3207 ἐπισκόπῳ

2126 3227 2182 3280 αἱ
2213 3223 2535 3294 Ἐκκλησίαι
2560 3225 2739 3294 πάσης
2768 3230 2869 3293 τῆς
2899 3224 3091 3299 χώρας
3136 3222 3469 3279 ὑπόκεινται.
3515 3224 3778 3287 Ἕκαστος

363 3314 463 3371 sed
497 3313 779 3369 universae
804 3311 965 3368 illius
996 3311 1252 3384 regionis
1298 3310 1563 3368 Ecclesiae
1622 3297 2007 3369 Alexandrino

2127 3312 2184 3369 δὲ
2213 3319 2320 3368 τῶν
2352 3308 2731 3389 πρεσϐυτέρων
2765 3309 2880 3388 ἔχει
2904 3297 3025 3374 γτὰ-ς
3072 3309 3212 3375 ἰδίας
3260 3313 3454 3386 κώμας
3501 3312 3777 3388 μεγίστας,

362 3408 569 3476 parent
596 3403 887 3476 episcopo.
923 3401 1250 3475 Presbyteri
1284 3405 1479 3457 autem
1506 3402 1725 3475 singuli
1759 3420 1897 3458 suos
1929 3404 2011 3457 vi-

362 3510 460 3549 cos
484 3493 705 3548 habent
737 3492 1046 3559 maximos,
1081 3490 1182 3562 qui
1212 3491 1413 3545 decem
1444 3490 1675 3546 circiter
1702 3496 1859 3563 sunt,
1895 3492 2011 3548 imo

362 3583 565 3656 plures
594 3598 860 3636 numero.
890 3580 1067 3635 Vicus
1097 3584 1294 3635 autem
1329 3580 1429 3636 ubi
1462 3579 1692 3635 habitat
1746 3580 2012 3653 Ischyras

364 3670 633 3726 omnium
660 3674 750 3725 est
773 3668 1144 3733 minimus,et
1173 3684 1497 3739 paucorum
1527 3668 2010 3736 hominum,adeo

363 3766 430 3816 ut
460 3776 574 3815 non
606 3757 801 3829 isthic,
833 3758 935 3813 sed
967 3758 1026 3813 in
1058 3757 1322 3830 proximo
1356 3773 1504 3829 pago
1535 3763 1725 3813 exstet
1745 3758 2010 3815 ecclesia.

364 3852 634 3913 Attamen
665 3849 857 3903 virum
890 3847 985 3916 qui
1018 3848 1321 3918 presbyter
1351 3863 1465 3901 non
1502 3852 1677 3914 esset,
1710 3848 1769 3902 in
1801 3848 2009 3919 hujus-

368 3938 528 3994 modi
548 3938 674 3992 vico
706 3936 1047 4008 episcopum
1070 3939 1273 3991 contra
1304 3936 1606 4007 antiquam
1629 3938 2010 3994 traditionem

366 4032 623 4084 statuere
653 4026 1036 4081 decreverunt
1068 4041 1081 4079 :
1106 4025 1270 4097 gnari
1302 4041 1441 4080 sane
1471 4042 1649 4096 quam
1698 4027 2011 4100 indignum

366 4114 514 4171 illud
545 4117 719 4185 esset,
744 4114 845 4169 sed
878 4115 1061 4169 coacti
1094 4115 1164 4168 ob
1198 4118 1426 4185 pactam
1459 4114 1767 4170 calumniae
1801 4133 2013 4173 merce-

365 4206 499 4261 dem
531 4220 597 4259 eo
628 4203 866 4258 adducti
897 4206 1055 4269 sunt,
1088 4219 1159 4258 ne
1189 4202 1238 4258 si
1270 4203 1496 4274 ingrate
1526 4221 1659 4259 cum
1693 4205 2014 4262 sceleratis-

364 4294 516 4349 simo
543 4291 642 4348 illo
675 4295 966 4365 ageretur,
1002 4291 1300 4347 veritatem
1331 4291 1444 4364 ipsi
1474 4295 2013 4364 enuntiaret,Euse-

365 4369 795 4452 bianorumque
827 4380 1019 4453 palam
1052 4380 1264 4438 faceret
1294 4380 2017 4453 malignitatem.Certissi-

365 4488 531 4527 mum
569 4474 767 4527 tamen
796 4474 885 4525 est
932 4486 1068 4525 eum
1112 4487 1228 4525 non
1284 4468 1616 4541 ecclesiam,
1671 4488 1787 4527 non
1840 4472 2011 4527 obse-

440 4725 553 4798 (83)
586 4726 647 4798 I_n
679 4722 851 4798 editis
881 4726 1013 4798 post
1042 4720 1351 4798 εἰργάσατο,
1382 4722 1504 4778 haec
1550 4722 1864 4792 habentur,
1921 4723 2012 4798 καὶ

366 4792 544 4850 ταῧτα
566 4794 660 4869 μὲν
691 4797 725 4862 ἡ
759 4792 899 4869 ᾀγίά
917 4792 1161 4869 σύνοδος.
1196 4796 1266 4849 Et
1295 4794 1389 4849 hic
1448 4810 1750 4869 perperam
1793 4797 2009 4869 termi-

367 4873 543 4925 natur
568 4864 946 4939 ‘epistolapad
999 4883 1179 4939 quam
1235 4864 1570 4937 sequen’tia‘
1603 4864 1892 4939 ἐμαρτύρει
1952 4864 2010 4921 δὲ

367 4883 543 4925 natur
575 4883 822 4939 epistma
877 4883 945 4921 ao
999 4883 1179 4992 quam
1235 4883 1543 4937 sequentia
1603 4883 1892 4939 εμαρτυρει
1952 4883 2010 4921 οε

365 4945 506 5006 τοῖς,
538 4945 674 5012 etc.,
708 4937 997 5012 pertinere
1047 4938 1228 5012 iquet,
1261 4942 1387 4992 tum
1438 4954 1506 4991 ex
1558 4944 1852 5004 contextu,
1881 4944 2010 5012 tum

367 5029 437 5068 ex
464 5012 614 5068 libro
643 5009 725 5067 De‘
762 5011 985 5082 synod.,
1050 5010 1149 5064 ubi
1207 5009 1328 5065 haec
1385 5015 1810 5080 consequenter
1863 5011 2011 5082 adji-

364 5086 621 5141 ciuntur.

436 5156 550 5226 (84)
580 5155 745 5226 Reg.,
779 5150 976 5226 αὒτων.
999 5150 1278 5226 Ὀιιιελνοκ
1308 5151 1583 5226 deeratin
1614 5152 1806 5226 editis.

436 5157 525 5226 (84
580 5156 745 5226 Reg.,
779 5156 976 5206 αὑτων.
1006 5156 1139 5214 Qum
1170 5167 1278 5205 vox
1308 5156 1503 5206 deerat
1523 5156 1583 5206 in
1614 5156 1806 5209 editis.

435 5156 748 5299 (85;_Reg.,
779 5222 868 5299 καὶ
896 5223 1115 5299 ᾁριθῃμῷ
1145 5217 1273 5275 δέκα
1302 5242 1407 5299 που
1435 5221 1534 5299 καὶ.
1582 5221 1787 5299 πλέων.
1841 5228 2010 5299 Hunc

362 5294 538 5371 porro
565 5294 760 5354 locum
788 5297 872 5351 ita
895 5294 1255 5371 intellectum
1283 5294 1701 5371 vultValesius
1734 5296 1792 5350 in
1822 5297 2005 5371 _notis_

363 5365 435 5427 ad
468 5374 787 5435 Socratem,
822 5384 878 5439 p.
915 5367 1001 5434 18,
1038 5371 1103 5439 ut
1121 5365 1336 5438 singuli
1370 5367 1665 5439 Mareotici
1685 5368 2009 5439 presbyteri

364 5442 563 5497 decem
594 5446 696 5496 aut
727 5438 924 5512 plures
956 5438 1240 5512 maximos
1283 5454 1461 5509 pagos
1509 5438 2008 5512 administrandos

366 5508 790 5568 haberent.Séd
811 5511 904 5565 vix
933 5508 1165 5564 suaderi
1199 5508 1383 5581 queat
1405 5514 1491 5564 tot
1518 5513 1833 5581 tantosque
1850 5510 2009 5581 vicos

367 5583 687 5655 unicuique
715 5584 1053 5655 presbytero
1081 5580 1451 5655 commissos
1467 5581 1667 5655 fuisse.
1692 5580 1761 5636 Et
1789 5580 2008 5655 alioqui

348 5652 1011 5725 ‘huicinterpretationi
1048 5668 1308 5724 pugnare
1364 5652 1593 5725 videtur
1642 5652 1768 5725 ipse
1822 5652 2006 5725 Atha—

368 5726 583 5796 nasius,
602 5722 744 5779 dum
775 5724 873 5795 ait,
906 5722 1155 5796 Ischyrae
1186 5739 1402 5796 pagum
1434 5722 1796 5796 itaqparvum
1826 5724 2008 5779 fuisse

369 5803 436 5854 ut
463 5795 626 5853 nulla
651 5796 712 5851 in
742 5811 808 5852 eo
834 5793 1010 5851 fuerit
1039 5793 1288 5850 ecclesia
1316 5811 1329 5849 :
1364 5811 1481 5867 quo
1529 5793 1721 5851 innuit
1767 5796 1828 5851 in
1880 5812 2005 5851 am-

2120 3403 2209 3458 καὶ
2243 3404 2457 3477 ἀριθμῷ
2488 3400 2615 3457 δέκα
2663 3423 2768 3456 που
2806 3399 2895 3457 καί
2943 3400 3180 3463 πλέονας
3230 3403 3364 3475 (85).
3398 3402 3462 3455 Ἡ
3507 3399 3565 3456 δὲ
3589 3402 3778 3475 κώμη,

2122 3490 2240 3547 ἔνθα
2272 3493 2411 3547 οἰκεῖ
2442 3493 2469 3546 ὁ
2498 3489 2769 3567 ’[σχύρας,
2821 3490 3134 3566 βραχυτάτη
3187 3490 3277 3544 καὶ
3334 3487 3541 3565 ὀλίγων
3577 3492 3781 3566 ἀνθρώ-

2120 3603 2236 3636 πων
2272 3581 2434 3649 ἐστὶν,
2469 3580 2641 3641 οὕτως
2693 3580 2767 3642 ὡς
2824 3577 2965 3652 μηδὲ
3009 3580 3108 3649 την
3161 3576 3451 3650 ἐκκλησίαν
3485 3579 3597 3634 ἐκεῖ
3626 3601 3779 3655 γεγε-

2120 3673 2330 3742 νῆσθαι,
2364 3669 2489 3725 ἀλλ’
2522 3669 2572 3725 ἐν
2602 3673 2669 3742 τῇ
2702 3667 2938 3739 πλησίον
2970 3668 3286 3742 κώμῃζΚαὶ
3318 3667 3473 3742 ὅμως
3510 3670 3599 3723 τὸν
3638 3666 3780 3742 μηδὲ

2121 3754 2482 3836 πρεσϐύτερον
2519 3758 2568 3813 ἐν
2602 3762 2670 3832 τῇ
2697 3756 2945 3832 ,τοιαύτῃ
2991 3758 3154 3831 κώμῃ
3202 3757 3349 3831 παρὰ
3397 3758 3498 3827 τήν
3542 3756 3775 3813 παλαιὰν

2120 3846 2415 3925 παράδοσιν
2452 3846 2633 3918 ἔδοξαν
2668 3845 2823 3916 δῆθεν
2878 3846 3166 3919 ὀνομάζειν
3216 3845 3531 3920 ἐπίσκοπον,
3576 3844 3779 3909 εἰδότες

2128 3939 2219 4012 μὲν
2251 3937 2341 3992 καὶ
2373 3937 2526 3992 αὐτοὶ
2557 3935 2619 3991 τὰ
2653 3934 2875 4004 ἄτοπον,
2929 3935 3360 4011 ἀναγκαζόμενοι
3416 3934 3473 3991 δὲ
3505 3936 3658 4011 ὅμως
3691 3933 3780 3991 διὰ

2121 4029 2221 4096 τήν
2252 4034 2353 4096 τῆς
2406 4026 2765 4104 συκοφαντίας
2818 4024 3134 4101 ὑπόσχεσιν,
3187 4026 3476 4099 ὑπέμειναν
3523 4027 3611 4081 καὶ
3660 4030 3782 4081 τοῦ-

2121 4138 2205 4179 το,
2232 4115 2323 4169 ’ἱνα
2359 4117 2433 4188 μὴ
2465 4113 2930 4189 ἀγνωμονηθεῖςιὸ
2980 4113 3347 4191 παμπόνηρος
3398 4114 3604 4177 ἐκεῖνος
3654 4114 3783 4185 ἐξεί-

2122 4227 2190 4278 κῃ
2220 4205 2317 4273 τὴν
2354 4201 2632 4277 ἀλήθειαν,
2686 4203 2775 4257 καὶ
2828 4200 2973 4277 δείξῃ
3028 4200 3127 4272 τὴν
3178 4203 3441 4278 πονηρίαν
3492 4209 3600 4258 τῶν
3654 4204 3779 4279 περὶ

2124 4288 2403 4349 Εύσέϐιον,
2440 4290 2664 4365 Ἀμέλει
2711 4287 2834 4345 οὔτε
2883 4290 3201 4361 ἐκκλησίαν,
3234 4288 3357 4346 οὕτε
3388 4290 3554 4355 λαοὺς
3599 4295 3780 4347 πειθο-

2129 4382 2318 4456 μένους
2368 4381 2504 4458 ἔχει,
2558 4379 2704 4435 ἀλλὰ
2752 4381 2843 4435 καὶ
2889 4381 3036 4455 παρά
3081 4383 3292 4436 πάντων
3326 4384 3461 4454 (86),
3516 4383 3592 4445 ὡς
3634 4381 3779 4436 κύων

2125 4470 2398 4526 διώκεται·
2447 4470 2537 4525 καὶ
2586 4470 2737 4543 ὅμως
2794 4472 3131 4540 πεποιήκασι
3179 4470 3270 4525 καὶ
3307 4469 3533 4545 βασιλέα
3571 4472 3778 4548 γράψαι

2123 4722 2410 4795 plioribus
2439 4722 2773 4795 quibusque
2802 4720 3143 4795 ecclesiam,
3160 4726 3335 4793 atque
3364 4723 3509 4778 adeo
3540 4723 3777 4795 presby-

2120 4794 2314 4850 terum
2346 4795 2643 4849 exstitisse
2677 4811 2689 4860 ;
2724 4794 2853 4848 vide
2888 4810 3052 4848 num.
3084 4794 3175 4848 63.
3211 4796 3399 4860 Quare
3427 4795 3629 4849 decem
3656 4800 3775 4849 tan-

2122 4872 2252 4938 tum
2285 4865 2464 4933 vicos,
2505 4871 2606 4919 aut
2655 4864 2851 4938 plures
2897 4865 2958 4919 in
3000 4869 3128 4938 tota
3174 4866 3411 4938 regione
3471 4881 3773 4938 recensere

2121 4936 2509 5011 Athanasium
2537 4935 2960 5011 existimamus.
2998 4936 3066 4991 Et
3094 4935 3374 5011 sane'vox
3404 4935 3774 5011 xu’ipa,quam

2121 5014 2366 5081 usurpat
2396 5008 2756 5081 Athanasius
2783 5009 2857 5081 de
2892 5008 3146 5081 Mareote
3174 5007 3445 5081 loquens;
3462 5007 3627 5081 nom—
3649 5026 3773 5063 am-

2122 5079 2282 5153 plam
2312 5082 2611 5161 regionem
2644 5079 2973 5161 signiﬁcare
3000 5080 3231 5161 videtur
3255 5079 3278 5143 ζ·
3311 5081 3414 5161 sed
3460 5080 3614 5135 haud
3649 5097 3774 5161 ma-

2119 5151 2302 5278 gnum
2347 5151 2511 5207 terra:
2561 5151 2820 5223 spatium
2864 5167 2876 5204 :
2914 5151 3069 5206 haud
3120 5151 3327 5278 cxiﬁua
3371 5156 3570 5207 tamen
3614 5152 3775 5225 regio

2147 5225 2330 5278 uisset
2360 5223 2665 5278 Mareotes.
2714 5222 2763 5277 si
2815 5223 3135 5278 nresbvteri
3262 5223 3501 5278 areotici
3535 5225 3635 5278 qui
3670 5241 3773 5278 no-

2147 5225 2330 5279 nisset
2360 5222 2665 5293 Mareotes,
2714 5222 2763 5277 si
2815 5223 3135 5296 presbyteri
3166 5295 3171 5296 γ
3200 5222 3501 5296 Mareotici
3535 5225 3635 5296 qui
3670 5222 3773 5296 rio-

2117 5295 2440 5367 vemdecim
2464 5294 2929 5367 numeranturgin
2946 5294 3488 5367 subscriptionibus
3510 5294 3772 5367 epistola:

2116 5366 2448 5439 Alexandri,
2483 5365 3002 5439 decem_masimos
3032 5367 3385 5439 pagos,iimo
3418 5365 3616 5437 plures
3647 5368 3767 5421 sin-

2119 5438 2242 5511 guli
2281 5437 2781 5493 administrandos
2828 5437 3193 5493 habuissent.
3248 5438 3595 5495 Ptolemaeus
3639 5445 3770 5494 octo

2120 5511 2293 5565 urbes
2324 5515 2427 5580 aut
2458 5525 2636 5580 pagos
2671 5513 2948 5563 recenset.

2190 5582 2301 5651 (86)
2332 5579 2420 5634 Sic
2452 5579 2589 5651 Reg.
2652 5580 2826 5651 Editi,
2893 5579 3039 5651 παρὰ
3102 5581 3209 5631 τῶν
3278 5579 3517 5635 πάντων.
3586 5580 3767 5636 Paulo

2115 5649 2250 5724 post
2274 5649 2746 5724 θάίιίλιίοὶζλούθῳ
2779 5649 3058 5724 mendose
3116 5651 3356 5724 habent,
3409 5653 3507 5707 ubi
3561 5669 3769 5708 omnes

2116 5719 2587 5850 Essmaiiokmp.
2648 5719 2727 5778 De
2778 5722 3049 5779 catholici
3106 5722 3299 5779 ofﬁcio
3343 5719 3558 5797 supra.
3620 5741 3765 5780 num
