4152 6410
439 443 548 504 401

440 579 519 645 τῷ
586 568 862 640 καθολικῷ
919 569 1111 642 (πάντα
1165 568 1266 642 γὰρ
1328 564 1508 627 αὐτοῖς

439 662 552 716 σίαν
608 660 751 732 αὐτῷ
795 658 1077 734 γενέσθαι,
1127 654 1254 726 ἵνα,
1304 654 1502 723 ταύτην
1556 651 1730 730 ἔχων,
1783 652 2089 722 ἀξιόπιστος

439 752 693 829 φαίνηται
744 749 866 824 περὶ
916 745 1183 819 ποτηρίου
1234 745 1324 799 καὶ
1369 745 1641 820 τραπέζης
1703 741 1880 818 λέγων
1917 787 1928 799 .
1993 749 2092 807 Καὶ

439 842 540 917 γὰρ
583 840 735 902 εὐθὺς
788 840 1147 908 πεποιήκασιν
1205 835 1361 889 αὐτὸν
1414 834 1782 906 ὀνομασθῆναι
1828 832 1918 886 καὶ
1973 831 2090 885 ἐπί-

440 951 664 997 σκοπον,
700 925 911 995 ἐπειδὴ,
951 927 1023 998 μὴ
1060 919 1201 1000 ἔχων
1259 921 1574 993 ἐκκλησίαν,
1614 918 1752 994 μηδὲ
1796 915 2091 996 πρεσϐύτε-

442 1039 534 1095 ρος
567 1016 714 1078 ὅλως
746 1014 841 1084 ὢν,
875 1013 1144 1070 ἐδείκνυτο
1177 1011 1537 1089 συκοφάντης,
1568 1011 1657 1064 καὶ
1697 1011 1870 1064 πάντα
1917 1007 2090 1063 πλατ-

437 1108 690 1180 τόμενος,
721 1104 944 1178 ’Δμέλει
984 1106 1057 1178 μὴ
1111 1102 1255 1179 ἔχων
1307 1099 1496 1171 λαοὺς,
1554 1097 1695 1174 μηδὲ
1741 1099 1871 1161 τούς
1921 1096 2092 1160 ἰδίους

440 1197 796 1270 πειθομένους
837 1194 1006 1266 αύτῷ,
1056 1192 1236 1268 ὥσπερ
1282 1191 1432 1246 κενὸν
1484 1191 1596 1264 (87)
1643 1190 1705 1244 τὸ
1753 1184 1948 1262 ὄνομα,
2001 1188 2091 1243 οὕ-

440 1309 549 1348 τως
599 1287 687 1340 καὶ
734 1287 832 1354 τὴν
888 1282 1182 1351 ἐπιστολὴν
1232 1279 1498 1359 ἄφρακτον
1550 1280 1804 1355 κατέχει,
1859 1276 2090 1353 ἔλεγχον

440 1384 542 1445 τῆς
599 1375 968 1447 παμπονήρου
1019 1371 1387 1448 προαιρέσεως
1450 1369 1612 1424 αὐτοῦ
1658 1369 1749 1422 καὶ
1805 1372 1912 1422 τῶν
1969 1367 2093 1441 περί

444 1460 698 1520 Εύσέϐιον
734 1460 1170 1535 ἐπιδεικνύμενος
1200 1459 1420 1530 ταύτην.

1554 433 1947 494 APOLOGIA
1991 433 2298 495 CONTRA
2355 435 2720 497 ARIANOS.

1587 563 1826 637 ἔξεστιν),
1888 563 2053 635 ἐκκλη
2067 599 2087 606 -

2215 573 2478 638 quentem
2511 568 2792 640 populum
2851 569 3086 634 habere,
3137 567 3254 622 imo
3303 565 3469 638 quasi
3525 581 3723 619 canem
3774 565 3844 618 ab

3727 430 3845 490 402

2203 658 2476 712 omnibus
2508 657 2753 729 expelli:
2787 657 2968 712 nihilo
3016 661 3212 711 tamen
3263 657 3460 710 minus
3506 652 3847 724 imperatori

2202 752 2465 801 auctores
2487 747 2664 814 fuere,
2691 751 2754 801 ut
2783 746 2989 801 litteris
3020 747 3089 800 ad
3112 744 3461 800 catholicum
3486 741 3684 797 missis
3708 740 3848 809 (illis

2203 836 2418 907 quippe
2466 836 2664 890 omnia
2711 836 2930 907 licent),
2981 836 3208 904 juberet
3256 832 3560 889 ecclesiam
3601 831 3846 901 lschyrze

2201 924 2474 979 azdiﬁcari
2503 942 2514 979 :
2550 929 2612 978 ut
2642 941 2709 979 ea
2739 925 2977 995 potitus,
3004 924 3115 978 ﬁde
3139 923 3352 994 dignus
3374 921 3688 976 haberetur
3710 936 3846 974 cum

2203 1014 2272 1069 de
2306 1014 2483 1068 calice
2509 1018 2563 1068 et
2584 1014 2654 1068 de
2674 1030 2876 1069 mensa
2898 1015 3070 1068 ferret
3090 1012 3514 1068 testimonium.
3541 1009 3846 1081 Siquidem

2203 1103 2332 1157 ideo
2364 1101 2661 1158 hominem
2697 1103 3136 1174 quamprimum
3169 1101 3508 1173 episcopum
3555 1099 3846 1154 nominari

2203 1196 2504 1256 curarunt,
2538 1192 2714 1263 quod,
2748 1193 2885 1262 quia
2939 1191 3242 1246 ecclesiam
3305 1207 3419 1244 non
3478 1190 3709 1259 habeat,
3743 1206 3848 1244 nec

2206 1281 2508 1353 presbyter
2538 1285 2679 1351 erat,
2744 1281 2873 1335 ideo
2927 1279 3285 1350 sycophanta
3335 1295 3484 1349 esse,
3545 1295 3608 1333 ac
3650 1277 3850 1333 omnia

2205 1369 2554 1424 conﬁnxisse
2604 1369 3157 1440 deprehenderetur.
3210 1368 3360 1422 Sane
3408 1383 3543 1421 cum
3592 1366 3844 1437 populus

2206 1457 2426 1525 nullus,
2464 1475 2528 1512 ac
2559 1475 2631 1513 ne
2666 1457 2903 1528 quidem
2938 1455 3248 1527 propinqui
3278 1456 3404 1524 ejus
3436 1456 3546 1526 ipsi
3575 1459 3843 1526 pareant;

445 1563 511 1612 ut
539 1571 788 1610 vacuum
825 1569 1059 1620 nomen,
1094 1553 1174 1606 ita
1205 1550 1562 1608 inefﬁcacem
1594 1549 1730 1620 (87')
1763 1551 1952 1603 servat
1981 1546 2287 1619 epistolam
2316 1565 2326 1602 :
2385 1565 2562 1619 quam
2622 1547 2678 1601 in
2743 1550 3153 1618 argumentum
3213 1545 3496 1600 teterrimi
3547 1544 3637 1598 sui
3680 1544 3850 1599 Euse-

445 1645 873 1715 bianorumque
905 1642 1187 1714 propositi
1212 1641 1466 1706 exhibet,
1500 1639 1592 1693 his
1623 1637 1975 1710 descriptam
2006 1636 2227 1692 verbis:

793 1734 908 1786 ΕΠΙ
919 1735 1136 1784 ΣΤΟΛΙΙ
1176 1734 1299 1782 ΤΟΥ
1337 1735 1421 1782 ΚΑ
1433 1729 1742 1784 ΘΟΛΙΚΟΥ.

636 1817 878 1881 Φλαυϊος
919 1819 1175 1894 Ἡμέριος
1208 1813 1450 1894 ἐξάκτορι
1482 1817 1590 1890 (88)
1623 1815 1917 1889 Μαρεώτου

1155 1889 1386 1964 χαίρειν.

514 1999 734 2074 Ἰσχύρα
771 2002 872 2051 τοῦ
919 1991 1284 2072 πρεσϐυτέρου
1334 1992 1617 2063 δεηθέντος
1674 2001 1776 2063 τῆς
1826 1988 2095 2054 εὐσεϐείας

444 2093 550 2142 τῶν
585 2086 858 2142 δεσποτῶν
913 2089 1072 2158 ἡμῶν
1125 2079 1393 2139 σεϐαστῶν
1441 2084 1529 2138 καὶ
1583 2085 1860 2157 Καισάρων
1915 2083 1965 2136 ἐν
2009 2082 2099 2136 τό·

445 2199 534 2250 πῳ
567 2177 811 2253 Εἰρήνης
859 2175 1295 2249 Σεκονταρούρου
1349 2170 1848 2246 ἀνοικοδομηθῆναι
1895 2170 2099 2241 ἐκκλη-

449 2265 605 2334 σίαν,
654 2265 972 2341 προσέταξεν
1025 2267 1060 2333 ἡ
1111 2263 1326 2332 θειότης
1387 2262 1560 2316 αὐτῶν
1618 2261 1654 2336 ᾖ
1709 2263 1879 2336 τάχος
1937 2265 2098 2316 τοῦτο

447 2357 780 2431 πραχθῆναι.
817 2354 1114 2428 Φρόντισον
1143 2350 1323 2406 τοίνυν
1357 2371 1682 2427 προστυχών
1715 2351 1803 2404 καὶ
1834 2355 1913 2422 τῷ
1953 2351 2101 2404 ἀντι-

450 2444 606 2516 τύπῳ
663 2449 759 2497 τοῦ
815 2443 959 2496 θείου
1016 2444 1386 2517 γράμματος,
1449 2440 1478 2495 ὃ
1539 2442 1672 2513 μετά
1742 2445 1839 2494 τοῦ
1898 2439 2102 2493 οἰκείου

454 2529 790 2606 σεϐάσματος
840 2533 1243 2606 προτέτακται,
1300 2529 1387 2584 καί
1454 2535 1569 2592 τοῖς
1646 2531 1962 2605 πραχθεῖσιν
2015 2528 2103 2582 ἐπὶ

450 2630 550 2691 τῆς
584 2623 724 2694 ἐμῆς
769 2621 1146 2681 καθοσιώσεως
1206 2620 1618 2692 ὑπομνήμασιν,
1681 2618 1730 2672 ἐν
1785 2620 1942 2694 τάχει
2001 2620 2101 2687 τήν

456 2711 676 2784 σύνοψιν
707 2710 1100 2781 ποιησάμενος,
1152 2709 1226 2770 εἷς
1275 2711 1373 2777 τὴν
1430 2705 1573 2778 τάξιν
1633 2708 1931 2782 ἀνενεγκεῖν
1967 2709 2101 2781 (89),

448 2797 540 2854 ’ίνα
568 2800 636 2854 τὰ
665 2796 906 2861 θειωδῶς
946 2797 1353 2874 προσταχθέντα
1404 2795 1490 2851 ἐπὶ
1535 2798 1700 2872 πέρας
1752 2796 1985 2872 ἀχθῆναι
2019 2794 2105 2851 δυ-

451 2891 612 2963 νηθῇ.

522 2981 610 3034 86.
646 2979 870 3032 Ἐκεῖνοι
909 2978 1002 3049 μὲν
1049 2974 1139 3030 οὖν
1192 2975 1366 3038 οὕτως
1418 2976 1661 3051 ἐτύρευον
1713 2979 1849 3050 (90),
1889 2976 2101 3039 καὶτὰς

453 3068 711 3128 συσκευάς
771 3064 1075 3120 ἔπλαττον·
1127 3067 1291 3138 ἡμεῖς
1342 3063 1399 3118 δέ
1457 3063 1769 3126 ἀνελθόντες
1829 3062 2101 3136 ἐδείξαμεν

457 3154 669 3230 βασιλεῖ
692 3156 788 3216 τὰς
820 3152 1030 3215 ἀδικίας
1075 3158 1180 3206 τῶν
1229 3154 1354 3226 περὶ
1403 3148 1679 3222 Εὐσέϐιον,
1731 3152 1845 3208 ἐπεὶ
1883 3154 1972 3208 καὶ
2006 3154 2103 3208 αὐ-

449 3243 543 3305 τός
589 3244 655 3312 ἦν
698 3245 726 3297 ὁ
756 3244 856 3311 τήν
892 3239 1108 3295 σύνοδον
1161 3242 1401 3316 γενέσθαι
1454 3239 1735 3309 κελεύσας,
1784 3242 1872 3296 καὶ
1921 3241 2101 3314 κόμης

2128 1938 2177 2003 Β

2646 1725 2921 1781 EPISTOL
2937 1731 2982 1780 Α
3015 1725 3409 1781 CATHOLICI.

2332 1833 2558 1891 Flavius
2591 1837 2873 1890 Hemerius
2901 1835 3158 1890 exactori
3183 1834 3437 1888 Mareotae
3463 1831 3716 1886 salutem.

2281 1998 2514 2070 lschyra
2546 1999 2882 2070 presbytero
2915 1997 3190 2068 pietatem
3225 1996 3600 2051 dominorum
3633 1997 3856 2050 nostro-

2208 2104 2340 2141 rum
2371 2088 2769 2159 Augustorum
2802 2103 2867 2141 ac
2897 2086 3188 2141 Caesarum
3223 2089 3484 2156 rogante,
3509 2083 3621 2138 sibi
3645 2083 3703 2137 in
3726 2082 3854 2137 loco

2211 2176 2376 2231 Pacis
2398 2176 2766 2231 Secontaruri
2798 2173 3058 2231 construi
3089 2173 3414 2243 ecclesiam,
3441 2173 3624 2244 jussit
3652 2188 3855 2227 eorum

2212 2265 2488 2320 divinitas
2506 2265 2638 2319 utid
2659 2264 3099 2336 quamprimum
3113 2263 3422 2319 efﬁciatur.
3446 2262 3658 2318 Curato
3677 2261 3857 2334 igitur

2212 2360 2278 2409 ut
2302 2353 2598 2425 exemplar
2625 2358 2831 2409 nactus
2880 2353 3060 2408 divini
3111 2351 3470 2426 diplomatis,
3522 2351 3676 2422 quod
3720 2366 3855 2404 curn

2213 2443 2411 2498 debita
2439 2443 2807 2498 veneratione
2831 2442 3021 2513 priore
3045 2442 3168 2497 loco
3200 2442 3456 2513 positum
3487 2445 3594 2507 est,
3630 2455 3855 2494 necnon

2209 2537 2598 2588 monumenta
2618 2548 2814 2587 coram
2835 2548 2966 2587 mea
2985 2531 3290 2586 sanctitate
3316 2531 3490 2596 edita,
3510 2545 3580 2584 ea
3600 2529 3711 2584 cito
3742 2528 3855 2598 (94)

2213 2622 2272 2676 in
2305 2621 2721 2693 compendium
2754 2619 2935 2676 relata
2967 2620 3025 2674 in
3058 2618 3545 2674 commentarium
3575 2633 3851 2684 reponas;

2214 2716 2279 2766 ut
2309 2728 2434 2782 quae
2468 2709 2754 2764 divinitus
2805 2711 2977 2780 jussa
3033 2713 3191 2776 sunt,
3252 2709 3322 2763 ad
3383 2707 3599 2762 exitum
3647 2705 3860 2762 deduci

2213 2806 2452 2873 queant.

2286 2980 2438 3034 159
2470 2979 2560 3034 86.
2592 2979 2722 3034 Haec
2770 2978 2952 3050 igitur
2980 2977 3062 3032 illi
3122 2975 3632 3045 machinabantur,
3689 2974 3863 3031 tales-

2215 3087 2329 3142 que
2387 3070 2720 3125 conﬂabant
2777 3067 3260 3140 conspirationes.
3321 3066 3436 3121 Nos
3494 3069 3687 3120 autem
3749 3065 3861 3118 im-

2216 3164 2542 3233 peratorem
2603 3160 2905 3227 adeuntes,
2966 3157 3216 3227 injurias
3271 3156 3344 3211 ab
3399 3154 3746 3210 Eusebianis
3789 3153 3861 3208 il-

2213 3248 2365 3304 latas
2423 3248 2533 3320 ipsi
2602 3246 3090 3302 rcnuntiavimus
3131 3249 3329 3317 utpote
3403 3243 3501 3315 qui
3569 3243 3859 3315 synodum

451 3331 614 3386 αύτοῦ
646 3332 938 3405 καθηγεῖτο
967 3329 1190 3398 ταύτης.
1224 3331 1458 3391 Ἐκεῖνος
1497 3329 1681 3384 τοίνυν
1733 3331 1964 3392 ἀκούσας
2011 3331 2094 3385 καὶ

2215 3337 2338 3410 cogi
2365 3337 2634 3408 jusisset,
2669 3337 2760 3391 cui
2794 3334 3143 3408 praesidebat
3170 3335 3299 3405 ejus
3357 3349 3574 3387 comes.
3636 3331 3712 3386 lis
3755 3349 3860 3385 au-

452 3420 711 3492 κινηθεὶς,
745 3415 945 3494 ἔγραψε
973 3423 1156 3472 ταῦτα·

769 3510 882 3581 (91)
923 3510 1218 3563 ΝΙΚΗΤΗΣ
1259 3513 1781 3563 ΚΩΝΣΥΔΝΤΙΝΟΣ

523 3598 789 3673 Μέγιστος
851 3592 1128 3673 Σεϐαστὸς.
1173 3602 1296 3673 τοῖς.
1351 3595 1402 3650 ἐν
1462 3597 1618 3671 Τύρῳ
1686 3595 2027 3652 συνελθοῦσιν

1111 3667 1449 3729 ἐπισκόποις.

523 3776 667 3850 Ἐγὼ
720 3776 813 3848 μὲν
865 3775 1047 3850 ἀγνοῶ
1093 3775 1215 3830 τίνα
1262 3773 1370 3829 ἐστί
1419 3775 1488 3829 τὰ
1533 3775 1634 3829 ὑπὸ
1679 3782 1781 3844 τῆς
1838 3776 2098 3851 ὑμετέρας

452 3861 676 3919 συνόδου
711 3865 844 3937 μετά
891 3860 1123 3940 θορύϐου
1171 3865 1261 3918 καὶ
1311 3868 1589 3938 χειμῶνος
1632 3865 1898 3938 κριθέντα·
1955 3863 2102 3920 δοκεῖ

451 3949 507 4007 δέ
536 3974 654 4015 πως
687 3952 788 4007 ὑπό
835 3975 979 4015 τινος
1024 3952 1240 4023 ἀταξίας
1278 3949 1636 4027 ταραχώδους
1680 3955 1714 4022 ἡ
1750 3951 1979 4024 ἀλήθεια
2022 3953 2100 4008 δι-

449 4043 757 4120 εστράφθαι,
794 4043 944 4116 ὑμῶν
983 4039 1196 4113 δηλαδὴ
1251 4039 1339 4096 διὰ
1366 4043 1466 4110 τὴν
1517 4043 1652 4118 πρὸς
1683 4041 1809 4100 τοὺς
1858 4041 2094 4112 πλησίον

449 4129 786 4207 ἐρεσχελίαν,
817 4132 883 4200 ἢν
918 4131 1187 4202 ἀήττητον
1243 4131 1374 4185 εἶναι
1434 4128 1713 4205 βούλεσθε,
1744 4133 1812 4186 τὰ
1848 4136 1926 4204 τῷ
1983 4138 2098 4204 Θεῷ

446 4220 740 4293 ἀρέσκοντα
768 4222 842 4293 μὴ
873 4222 1245 4295 συνορώντων.
1282 4218 1440 4274 Ἀλλ’
1469 4217 1613 4275 ἔσται
1645 4227 1746 4289 τῆς
1791 4221 1936 4283 θείας
1965 4242 2095 4297 προ-

445 4309 594 4370 νοίας
628 4307 784 4383 ἔργον
816 4309 906 4362 καὶ
934 4310 1001 4362 τὰ
1027 4316 1129 4378 τῆς
1180 4307 1516 4386 φιλονεικίας
1565 4309 1765 4379 ταύτης
1814 4313 1950 4365 κακά
1999 4332 2095 4388 (ρα-

443 4402 614 4471 νερᾶις
651 4395 851 4452 ἁλόντα
895 4395 1256 4466 διασκεδάσαι,
1306 4398 1396 4452 καὶ
1443 4401 1577 4470 ἡμῖν
1635 4397 1933 4476 διαρρήδην
1985 4400 2098 4455 ἐπι-

446 4484 662 4556 δεῖξαι,
722 4483 774 4540 εἴ
822 4507 941 4540 τινα
1007 4493 1106 4555 τῆς
1185 4484 1444 4557 ἀληθείας
1503 4487 1684 4542 αὐτόθι
1752 4486 2094 4552 συνελθόντες

447 4574 770 4645 ἐποιήσασθε
800 4572 1077 4648 φροντίδα,
1109 4575 1199 4628 καὶ
1231 4574 1276 4628 εἰ
1304 4575 1372 4628 τὰ
1399 4576 1692 4648 κεκριμένα
1731 4577 1908 4652 χωρίς
1949 4599 2093 4640 τινος

2213 3425 2353 3480 ditis
2384 3425 2501 3496 ille,
2521 3425 2774 3497 graviter
2811 3428 3160 3488 commotus,
3189 3422 3294 3477 has
3334 3420 3569 3491 scripsit
3592 3419 3855 3473 litteras:

2646 3515 2875 3571 VICTOR
2925 3511 3433 3569 CONSTANTINUS

2417 3605 2702 3661 Maximus
2733 3605 3002 3672 Augustus
3031 3601 3300 3672 episcopis
3330 3601 3426 3670 qui
3457 3600 3655 3670 Tyrum

2865 3690 2962 3729 con
2971 3689 3180 3728 υθηενθ.

2282 3783 2564 3853 Equidem
2599 3781 2803 3854 ignoro
2847 3797 3113 3852 quaenam
3175 3779 3295 3835 sint
3325 3796 3359 3834 a
3413 3781 3605 3833 vestra
3636 3776 3856 3849 synodo

2210 3871 2576 3926 turbulenter
2597 3888 2660 3926 ac
2683 3870 3046 3925 tumultuose
3069 3869 3370 3940 judicata:
3397 3868 3607 3922 veritas
3639 3866 3855 3937 quippe

2208 3960 2466 4014 tumultu
2502 3977 2568 4014 ac
2607 3959 2950 4015 confusione
2981 3960 3234 4030 quadam
3287 3973 3567 4030 oppressa
3604 3955 3851 4025 videtur,

2210 4051 2371 4104 vobis
2394 4048 2617 4104 scilicet
2647 4050 2720 4104 ob
2748 4054 3015 4104 mutuam
3048 4047 3505 4112 contentionem,
3555 4034 3732 4117 quam
3764 4045 3853 4098 in-

2207 4137 2415 4192 victam
2451 4138 2651 4207 vultis,
2685 4154 2813 4208 quae
2846 4138 2960 4192 Deo
2993 4137 3223 4208 placent
3251 4136 3494 4191 minime
3539 4134 3852 4206 spectanti-

2209 4226 2339 4281 bus.
2370 4227 2482 4281 Sed
2506 4226 2778 4281 eritillud
2803 4226 3012 4281 divinae
3044 4225 3417 4297 providentiae
3450 4241 3616 4296 opus,
3651 4223 3851 4277 istius-

2209 4317 2367 4370 modi
2398 4315 2701 4370 discordize
2734 4315 2891 4369 mala
2915 4315 3224 4370 manifesto
3277 4313 3641 4385 deprehensa
3682 4311 3852 4366 dissi-

2207 4391 2366 4476 pare,
2415 4405 2702 4476 nobisque
2756 4403 2951 4474 palam
3002 4403 3186 4458 facere
3227 4403 3274 4457 si
3325 4419 3440 4472 qua
3478 4400 3641 4456 vobis
3677 4399 3852 4453 fuerit

2206 4493 2324 4548 illic
2347 4493 2714 4565 congregatis
2750 4492 3010 4548 veritatis
3052 4509 3213 4558 cura,
3245 4495 3302 4545 et
3335 4493 3380 4545 si
3406 4488 3630 4559 judicia
3661 4493 3852 4542 vestra

2206 4583 2352 4637 citra
2372 4581 2622 4654 gratiam
2647 4581 2829 4636 ullam
2850 4579 2935 4636 vel
2961 4580 3160 4635 odium
3183 4580 3301 4634 lata
3317 4578 3551 4633 fuerint.
3571 4576 3852 4641 Quocirca

445 4666 672 4740 χάριτος
703 4665 792 4718 καὶ
826 4664 1116 4740 ἀπεχθείας
1141 4661 1400 4738 ἐκρίνατε.
1426 4670 1719 4740 Τοιγαροῷν
1744 4668 2094 4741 ἡπειγμένως

2215 4688 2306 4728 vos
2336 4688 2542 4726 omnes
2573 4669 3016 4742 quamprimum
3050 4669 3324 4741 pietatem
3355 4671 3618 4722 nostram
3650 4681 3850 4721 conve-

443 4754 648 4814 πάντας
681 4754 819 4825 ὑμᾶς
845 4751 982 4827 πρός
1012 4754 1110 4822 τὴν
1159 4751 1297 4826 ἐμήν
1349 4750 1618 4807 συνελθεῖν
1653 4757 1766 4828 (92)
1821 4751 2088 4811 εὐσέϐειαν

451 4839 864 4914 βούλομαι,“ίνα
907 4843 1007 4912 τήν
1059 4846 1166 4896 τῶν
1215 4843 1607 4916 πεπραγμένων
1652 4844 1777 4916 ὑμῖν
1813 4841 2088 4920 ἀκρίϐειαν

445 4928 514 4984 δι’
563 4932 711 5004 ὑμῶν
764 4931 936 4985 αὐτῶν
984 4933 1096 5005 (93)
1153 4933 1553 5006 παραστήσητε.
1613 4931 1768 4994 Τίνος
1828 4931 1884 4987 δὲ
1913 4930 2086 4988 ἕνεκεν

439 5025 606 5074 ταῦτα
653 5021 857 5096 γράψαι
905 5020 1042 5094 πρὸς
1089 5021 1229 5092 ὑμᾶς
1280 5018 1592 5089 ἐδικαίωσα,
1637 5022 1726 5076 καὶ
1778 5022 1919 5095 ὑμᾶς
1950 5025 2084 5098 πρὸς

510 5186 620 5256 (87)
653 5183 819 5254 Reg.,
849 5180 1058 5256 καινόν.

507 5250 645 5329 (87⁵⁷)
679 5250 909 5380 [ιε’ῗρῐιίῐ
937 5255 1248 5326 interpres,
1283 5250 1581 5328 ἄπρακτον.
1627 5255 1786 5311 EDI'r.
1837 5261 2084 5312 PATROL.

507 5329 617 5380 (88)
653 5333 735 5380 lta
815 5342 903 5380 e2.
939 5325 1113 5380 Basil.
1146 5342 1279 5380 vero
1299 5324 1546 5380 Φλαύῖος
1570 5327 1800 5380 Ἱμέριος
1825 5327 2084 5380 ἐξάκτωσ.

507 5329 617 5400 (88)
653 5333 735 5382 lta
766 5329 886 5397 Reg

435 5394 723 5474 male'Sed
749 5394 916 5474 pejus
938 5394 1344 5474 editi_¢).w3?oq
1367 5399 1579 5474 ἰμέριος
1605 5394 1834 5474 ἔξαρχος
1857 5394 2084 5474 Μαρεῴς

432 5491 550 5540 του,
566 5467 785 5526 omisso
804 5467 1035 5543 χαίρειν.
1065 5469 1147 5543 Ex
1167 5467 1530 5543 supradictis
1545 5467 2088 5543 enimconstat'epi-

435 5547 648 5598 stolam
677 5541 945 5596 non’ess’e
965 5541 1195 5595 exarchi
1218 5542 1339 5595 sive
1363 5544 1635 5611 praefecti,
1661 5544 1762 5597 sed
1788 5541 2080 5598 catholici.

508 5615 618 5684 (89)
653 5614 748 5668 Sic
780 5611 1112 5684 Reg.‘Editi,
1147 5611 1410 5684 ἀνεγκεῖν,
1447 5616 1746 5668 mendose.

507 5680 619 5755 (90)
644 5685 816 5765 geg,
835 5680 1120 5765 gates-.03,
1149 5680 1404 5765 optime,
1433 5685 1584 5741 Edit.
1618 5683 1926 5755 Commel.,
1961 5680 2078 5735 ἐθύ-

440 5753 609 5830 ρευονέ
643 5753 791 5811 Εάὶῖ.
829 5753 1034 5826 Paris.,
1067 5753 1344 5829 ἐθήρευον.

892 5367 903 5379 .
939 5324 1286 5418 Βξιὲξὶὶῐξτθῐδρτ
1299 5324 1546 5418 Φλοιύῖος
1570 5327 1800 5418 Ἱμέριος
1825 5327 2084 5418 ἐξάκτωρ,
2136 5352 2139 5355 ·

2203 4761 2326 4817 nire
2357 4760 2506 4831 volo,
2542 4776 2740 4815 rerum
2769 4777 2802 4814 a
2833 4759 2997 4813 vobis
3029 4763 3327 4830 gestarum
3378 4761 3644 4812 accurate
3673 4756 3849 4810 ratio-

2202 4866 2335 4904 nem
2369 4865 2564 4904 coram
2589 4849 2944 4903 reddituros.
2976 4847 3149 4901 Porro
3196 4863 3322 4916 qua
3345 4862 3523 4901 causa
3554 4844 3696 4899 mihi
3729 4845 3850 4898 l'ue-

2201 4939 2276 4992 rit
2308 4938 2426 4992 haec
2459 4938 2528 4993 ad
2559 4954 2660 4992 vos
2687 4935 2999 5003 scribendi,
3028 4951 3247 5005 vosque
3282 4951 3384 5006 per
3431 4934 3654 4988 litteras
3686 4950 3847 4988 meas

2201 5028 2560 5097 accersendi,
2589 5042 2658 5081 ex
2681 5025 3063 5097 sequentibus
3080 5023 3464 5096 cognoscetis.
3492 5022 3844 5094 Ingredienti

2271 5187 2384 5259 (91)
2416 5191 2578 5241 Hanc
2607 5184 2915 5259 epistolam
2948 5185 3240 5259 integram
3295 5183 3468 5259 r_e_t'ert
3500 5184 3680 5259 _So_c_r.
3743 5185 3841 5238 lib.

2195 5277 2237 5326 Ι,
2262 5254 2387 5330 cap.
2414 5261 2513 5313 3/1:
2539 5254 2766 5312 Sozom.
2795 5256 2894 5311 lib.
2927 5273 2989 5321 ιι,
3021 5254 3148 5330 cap.
3179 5257 3248 5307 28
3275 5280 3288 5322 ;
3320 5254 3553 5330 Niceph.
3589 5254 3690 5309 lib.
3722 5271 3841 5321 vm,

2197 5327 2466 5398 cap—50;
2503 5330 2739 5384 Historia
2770 5331 3016 5398 tripart.,
3052 5327 3152 5380 lib.
3188 5344 3274 5398 ιιι,
3308 5342 3430 5398 cap.
3464 5328 3522 5398 7_.

2314 5374 2324 5384 .
2359 5344 2466 5394 ους
2503 5344 2739 5384 uas-torta
2770 5344 3016 5398 zrzpart.,
3052 5344 3152 5380 no.
3188 5344 3274 5389 ιιι,
3308 5344 3373 5379 ca
3420 5369 3430 5378 .
3477 5344 3522 5379 ι.

2269 5348 2382 5472 (192)
2412 5398 2878 5472 Ξοονηάνειιθεῖνο
2915 5399 3043 5454 Soz.
3095 5401 3151 5450 et
3198 5344 3438 5466 Nicepii.
3489 5393 3683 5472 ἐλθεῖν.
3721 5396 3850 5472 Epi-

2195 5468 2450 5543 phanius
2482 5470 2903 5536 Scholasticus,
2951 5484 3295 5532 concurrere,
3348 5483 3484 5522 cum
3527 5468 3844 5522 Athanasio

2196 5561 2427 5599 11611108.

2271 5606 2384 5686 (93)
2414 5611 2764 5686 Sozomrxal
2799 5609 2877 5686 ἐφ’
2906 5609 3063 5682 ’ᾑμῶν
3096 5606 3291 5660 αὐτῶνη

2269 5683 2382 5757 (94)
2412 5683 2513 5738 Vel
2537 5683 2902 5756 perlustratu.
