4152 6416
286 391 404 452 403

821 390 888 452 S.
935 391 1363 454 ATHANASII
1407 390 1582 454 OPP.
1626 389 1833 453 PARS
1879 389 1929 451 ῐ.
1962 421 2038 435 --
2067 384 2494 451 HISTORIGA
2534 385 2632 449 ET
2671 381 3155 447 DOGMATICA.

3584 380 3703 441 404

284 524 432 581 mihi
462 524 871 597 cognominem
902 541 968 580 ac
1000 523 1398 581 felicissimam
1447 524 1695 597 patriam
1737 540 1922 579 meam

2054 519 2284 593 ἐμαυτὸν
2319 516 2407 574 διὰ
2433 521 2528 573 τοῦ
2556 514 2882 592 γράμματος
2931 512 3105 584 καλῶ,
3156 511 3217 568 ἐκ
3260 516 3368 568 τῶν
3421 512 3699 586 ἑπομένων

282 613 871 686 Constantinopolim,
898 617 954 669 et
973 630 1122 686 equo
1147 618 1271 670 tum
1296 614 1595 685 insidenti,
1620 614 1935 685 derepente

283 703 647 760 Athanasius
673 703 984 774 episcopus
1016 703 1208 758 media
1237 702 1297 758 in
1328 703 1422 759 via
1452 719 1586 758 cum
1631 702 1935 759 nonnullis

284 792 416 849 aliis
448 808 508 848 se
539 791 957 847 comitantibus
989 791 1069 847 ita
1099 791 1531 863 inexspectatus
1561 792 1834 859 occurrit,
1870 796 1935 847 ut

283 887 585 954 stuporem
618 880 762 936 mihi
788 879 1072 936 attulerit.
1104 881 1292 936 Testis
1343 880 1487 936 mihi
1548 885 1636 936 est
1664 880 1932 936 omnium

281 975 577 1044 spectator
606 975 776 1035 Deus,
835 986 929 1026 me
960 969 1150 1042 primo
1205 974 1445 1043 aspectu
1480 987 1594 1026 non
1625 970 1931 1042 agnovisse

280 1061 578 1116 hominem
606 1078 619 1114 :
653 1060 754 1114 sed
786 1076 816 1114 e
839 1059 1056 1115 nostris
1089 1058 1327 1130 quidam
1361 1064 1419 1114 et
1446 1060 1637 1114 virum
1671 1059 1803 1131 quis
1837 1075 1930 1115 es-

279 1153 386 1221 set,
420 1154 476 1205 et
505 1149 722 1221 quibus
753 1149 997 1205 affectus
1028 1154 1184 1204 esset
1212 1149 1469 1219 injuriis,
1522 1149 1691 1203 nobis
1730 1147 1930 1204 scisci-

277 1238 563 1308 tantibus,
597 1242 662 1292 ut
693 1237 816 1293 fieri
850 1237 1017 1308 solet,
1050 1238 1407 1293 indicarunt.
1452 1238 1617 1293 Tunc
1648 1239 1930 1310 temporis

276 1327 459 1400 igitur
488 1326 788 1382 hominem
823 1343 940 1381 non
971 1343 1104 1382 sum
1137 1325 1446 1395 allocutus,
1481 1342 1588 1382 nec
1618 1326 1705 1382 vel
1753 1328 1927 1382 mini-

281 1433 444 1472 mum
471 1432 607 1472 cum
637 1432 703 1472 eo
736 1431 1067 1472 sermonem
1100 1416 1229 1471 feci.
1282 1416 1541 1488 Rogante
1591 1420 1786 1472 autem
1831 1416 1929 1472 illo

277 1511 343 1561 ut
374 1505 483 1561 sibi
517 1521 719 1561 aurem
754 1511 1094 1576 praeberem,
1131 1521 1340 1577 meque
1369 1520 1398 1559 e
1430 1521 1707 1560 converso
1739 1506 1795 1559 id
1828 1506 1929 1560 ab-

278 1598 495 1651 nuente
525 1610 590 1649 ac
646 1594 1071 1665 pr0pemodum
1121 1594 1368 1665 jubente
1425 1594 1679 1649 amoveri
1715 1595 1928 1661 virum,

273 1685 498 1756 majore
528 1700 663 1739 cum
726 1682 943 1739 ﬁducia
974 1682 1072 1739 ille
1126 1682 1274 1738 nihil
1304 1699 1366 1739 se
1421 1682 1719 1757 postulare
1762 1682 1926 1755 dixit,

281 1790 461 1847 quam
498 1777 560 1829 ut
587 1790 690 1829 vos
723 1773 837 1829 huc
868 1773 1492 1844 concederejuberem,
1528 1790 1642 1845 quo
1671 1789 1926 1846 praesen-

2045 611 2357 684 γνώσεσθε.
2424 601 2789 662 Ἐπιϐαίνοντί
2852 626 2943 679 μοι
3002 601 3194 658 λοιπὸν
3248 609 3350 672 τῆς
3409 599 3700 674 ἐπωνύμου

2042 703 2204 768 ἡμῶν
2236 699 2326 753 καὶ
2356 693 2790 769 πανευδαίμονος
2837 690 3097 765 πατρίδος
3126 698 3229 762 τῆς
3268 698 3702 747 Κωνσταντινου-

2041 787 2258 849 πόλεως
2292 781 2591 857 (συνέϐαινε
2624 788 2735 858 (95)
2786 781 2844 838 δὲ
2884 787 3177 853 τηνικαῦτα
3225 780 3305 860 ἐφ’
3330 778 3506 836 ’ίππου
3553 780 3702 858 ὀχεῖ-

2044 879 2206 951 σθαι),
2259 876 2513 953 ἐξαίφνης
2560 876 2875 936 Ἀθανάσιος
2927 874 2955 928 6
3004 871 3298 933 ἐπίσκοπος
3347 870 3399 925 ἐν
3450 871 3584 945 μέσῃ
3628 874 3698 946 τῇ

2044 965 2313 1044 λεωφόρῳ
2348 967 2481 1038 μετὰ
2520 964 2715 1038 ἑτέρων
2764 966 2950 1035 τινῶν,
3001 961 3094 1024 οὓς
3142 960 3267 1037 περὶ
3317 960 3476 1016 αὑτὸν
3528 959 3697 1036 εἶχεν,

2044 1053 2453 1132 ἀπροσδόκητος
2512 1054 2687 1115 οὕτως
2733 1050 3040 1128 προσῆλθεν
3073 1099 3087 1123 ,
3147 1051 3223 1112 ὡς
3275 1049 3365 1105 καὶ
3437 1052 3697 1125 παρέχειν

2044 1144 2361 1215 ἐκπλήξεως
2411 1145 2699 1221 ἀφορμήν.
2758 1144 3039 1218 Μαρτυρεῖ
3094 1160 3184 1213 μοι
3238 1139 3342 1215 γὰρ
3396 1140 3425 1194 6
3481 1140 3696 1193 πάντων

2041 1233 2238 1313 ἔφορος
2268 1234 2505 1305 Θεὸς,ὡς
2547 1230 2673 1287 οὐδὲ
2711 1230 3007 1306 ἐπιγνῶναι
3046 1229 3228 1296 αὐτὸν,
3256 1229 3402 1291 ὅστις
3431 1230 3523 1297 ἦν,
3553 1229 3700 1304 παρὰ

2037 1325 2137 1392 τήν
2167 1323 2393 1399 πρώτην
2423 1317 2545 1396 ὄψιν
2574 1318 2877 1391 ἠδυνήθην,
2911 1320 2958 1374 εἷ’
2994 1319 3067 1392 μὴ
3092 1323 3198 1371 τῶν
3222 1317 3506 1392 ἡμετέρων
3528 1318 3695 1388 τινες,

2038 1415 2128 1468 καὶ
2163 1413 2310 1475 ὅστις
2342 1413 2407 1481 ἦν
2436 1412 2526 1466 καὶ
2556 1413 2623 1480 τὴ
2658 1408 2865 1464 ἀδικίαν
2906 1410 2972 1478 ἢν
3022 1408 3278 1475 πέπονθε,
3332 1404 3697 1481 διηγήσασθαι

2038 1501 2481 1574 πυνθανομένοις,
2519 1499 2698 1574 ὥσπερ
2748 1498 2912 1565 εἰκὸς,
2968 1496 3312 1572 ἀπήγγειλαν
3343 1499 3502 1569 ἡμῖν.
3551 1496 3695 1570 Ἐγὼ

2044 1593 2138 1665 μὲν
2173 1590 2263 1647 οὖν
2298 1587 2421 1646 οὔτε
2468 1588 2772 1665 διηλέχθην
2798 1588 2951 1659 αὐτῷ
2980 1588 3095 1641 κατ’
3129 1585 3301 1641 ἐκεῖνο
3325 1590 3538 1661 καιροῦ,
3570 1582 3696 1640 οὔτε

2039 1680 2263 1755 ὁμιλίας
2315 1680 2674 1750 ἐκοινώνησα.
2723 1679 2809 1740 Ὦς
2863 1675 2920 1732 δὲ
2968 1675 3167 1738 ἐκεῖνος
3222 1676 3316 1749 μὲν
3367 1674 3694 1745 ἀκούσθῆναι

2037 1771 2215 1843 ἠξίου,
2240 1769 2348 1845 ἐγὼ
2382 1767 2441 1825 δὲ
2468 1766 2848 1842 παρῃτούμην,
2880 1765 2969 1820 καὶ
3025 1769 3220 1841 μικροῦ
3262 1762 3369 1819 δεῖν
3404 1762 3696 1819 ἀπελαύνε-

272 1864 434 1918 tibus
463 1862 627 1918 vobis
658 1862 729 1917 de
758 1861 939 1916 illatis
992 1861 1104 1916 sibi
1136 1862 1369 1932 injuriis
1401 1866 1599 1933 posset
1625 1863 1922 1934 conqueri.

2036 1863 2153 1915 σθαι
2184 1860 2341 1914 αὐτὸν
2376 1856 2647 1930 ἐκέλευον,
2691 1858 2825 1930 μετά
2871 1853 3126 1917 πλείονος
3179 1852 3485 1930 παρρησίας
3541 1850 3694 1908 οὐδὲν

2036 1946 2055 1961 νο
2266 1949 2278 1961 ο
2400 1953 2426 1961 Α..
2602 1949 2616 1961 1
2703 1950 2714 1961 ι
2785 1951 2812 1961 ~
2922 1946 2947 1961 εὶ
3052 1946 3066 1961 \
3194 1944 3208 1961 ε
3335 1944 3344 1961 Ι
3520 1940 3543 1957 ν
3614 1942 3635 1961 ὖ

1877 1953 1887 1964 ο
1954 1946 2055 1967 νυ

276 1953 438 2018 Quod
471 1969 605 2008 cum
640 1950 783 2006 mihi
816 1968 1049 2023 aequum
1083 1951 1450 2023 temporique
1481 1968 1805 2023 congruum
1835 1953 1921 2008 vi-

274 2059 408 2098 sum
438 2042 535 2112 sit,
568 2041 688 2097 haec
719 2039 924 2096 libenti
952 2041 1148 2096 animo
1181 2041 1251 2096 ad
1269 2057 1370 2096 vos
1394 2040 1703 2096 scribenda
1722 2042 1879 2113 jussi
1905 2060 1919 2110 ;

188 2194 191 2205 λ
273 2134 339 2187 ut
359 2135 652 2203 quotquot
672 2130 803 2203 Tyri
834 2133 1246 2202 congregatam
1266 2131 1552 2203 synodum
1585 2133 1920 2204 composui-

270 2219 401 2283 stis.
436 2236 614 2291 quam
646 2219 990 2275 maturrime
1018 2220 1088 2275 ad
1119 2220 1434 2276 exercitum
1483 2236 1625 2275 meas
1667 2220 1921 2277 clemen-

268 2308 360 2364 tia:
384 2309 728 2381 properetis,
755 2309 1155 2364 sinceritatem
1179 2308 1696 2382 integritatemque
1716 2310 1921 2382 iudicii

264 2398 441 2455 vestri
474 2414 545 2453 ex
574 2398 855 2469 operibus
886 2398 1034 2469 ipsis
1083 2399 1544 2470 comprobaturi,
1600 2415 1794 2455 coram
1828 2416 1922 2455 me

271 2486 495 2543 scilicet
522 2503 698 2558 quem
733 2486 1027 2542 sincerum
1060 2487 1159 2543 Dei
1190 2504 1320 2543 esse
1370 2487 1656 2543 famulum
1709 2504 1782 2543 ne
1819 2505 1921 2543 vos

264 2575 510 2647 quidem
532 2575 645 2646 ipsi
675 2574 903 2631 inﬁcias
934 2576 1017 2631 ire
1047 2576 1315 2647 potestis.
1348 2576 1417 2631 Et
1448 2593 1588 2631 sane
1627 2593 1758 2632 mea
1783 2594 1922 2650 erga

271 2669 455 2719 Deum
487 2663 688 2736 religio
720 2681 898 2719 causa
929 2668 1018 2719 est
1068 2680 1173 2719 cur
1220 2664 1437 2735 ubique
1488 2669 1778 2720 terrarum
1810 2683 1924 2738 pax

270 2751 578 2818 habeatur,
603 2750 748 2822 ipsis
777 2751 957 2806 etiam
989 2752 1255 2807 barbaris
1285 2754 1385 2825 qui
1408 2753 1694 2810 hactenus
1718 2755 1923 2811 verita-

270 2840 351 2896 tis
382 2840 572 2910 ignari
602 2844 769 2895 erant
799 2856 1032 2896 nomem
1077 2841 1175 2896 Dei
1225 2842 1450 2897 sincere
1498 2842 1917 2899 laudantibus:

274 2928 520 3002 planum
551 2933 640 2984 est
669 2933 864 2985 autem
893 2929 1154 2986 veritatis
1203 2931 1477 3003 ignarum
1527 2932 1703 2987 etiam
1739 2938 1917 2988 Deum

274 3018 571 3091 ignorare,
590 3022 882 3087 Attamen,
909 3020 993 3074 uti
1015 3035 1195 3092 supra
1219 3020 1360 3087 dixi,
1377 3021 1490 3093 ipsi
1511 3021 1763 3091 barbari,
1790 3039 1922 3079 mea

275 3106 485 3163 sinceri
510 3107 610 3163 Dei
634 3107 839 3163 famuli
869 3125 1064 3181 opera,
1099 3114 1281 3165 Deum
1331 3116 1694 3183 agnoverunt
1732 3128 1797 3168 ac
1826 3130 1920 3168 co-

273 3196 392 3252 lere
422 3196 790 3254 didicerunt:
814 3215 989 3270 quem
1012 3197 1159 3253 mihi
1184 3199 1401 3271 ubique
1431 3207 1921 3273 propugnatorem

2031 1946 2213 2026 ἓτερον
2265 1949 2440 2020 ἑαυτῷ
2488 1949 2616 2023 παρ’
2693 1950 2853 2020 ἡμῶν
2912 1946 2947 2015 ἢ
3006 1946 3107 2014 τὴν
3188 1944 3448 2018 ὑμετέραν
3514 1940 3689 2020 ἄφιξιν

2030 2039 2259 2110 ἠξίωσεν
2322 2036 2573 2113 ὑπάρξαι,
2620 2034 2732 2109 ἵνα,
2788 2037 2938 2109 ὑμῶν
2984 2033 3294 2111 παρόντων,
3350 2032 3383 2087 ἃ
3428 2032 3691 2088 πέπονθεν

2034 2127 2363 2203 ἀναγκαίως,
2416 2123 2781 2202 ἀποδύρασθαι
2833 2122 3058 2198 δυνηθῇ.
3109 2127 3276 2198 Ὅπερ
3334 2124 3450 2196 (96)
3499 2119 3689 2193 ἐπειδὴ

2033 2213 2261 2291 εὔλογον
2294 2216 2423 2271 εἶναι
2461 2237 2554 2289 μοι
2583 2216 2673 2270 καὶ
2720 2220 2838 2277 τοῖς
2868 2219 3079 2288 καιροῖς
3130 2213 3336 2289 πρέπον
3371 2210 3688 2288 κατεφαίνε-

2029 2327 2113 2379 το,
2169 2307 2415 2379 ἀσμένως
2460 2310 2629 2360 ταῦτα
2677 2312 2950 2383 γραφῆναι
3003 2304 3137 2379 πρὸς
3188 2302 3330 2375 ὑμᾶς
3380 2299 3556 2371 ἔταξα,
3598 2299 3690 2356 ’ίνα

2030 2397 2220 2457 πάντες
2251 2395 2370 2449 ὅσοι
2396 2396 2496 2463 τὴν
2531 2392 2747 2449 σύνοδον
2779 2396 2879 2463 τήν
2935 2392 2986 2447 ἐν
3035 2392 3192 2467 Τύρῳ
3239 2392 3540 2467 γενομένην
3591 2391 3682 2444 ἀν·-

2032 2483 2388 2556 επληρώσατε
2416 2484 2925 2559 (97),άνυπερθέτως
2961 2483 3037 2545 εἰς
3074 2482 3137 2537 τὸ
3187 2477 3549 2555 στρατόπεδον
3581 2486 3685 2549 τῆς

2032 2574 2171 2647 ἐμῆς
2246 2574 2592 2649 ἡμερότητος
2664 2574 2955 2649 ἐπειχθῆτε
2987 2617 3002 2643 ,
3058 2576 3175 2633 τοῖς
3252 2568 3434 2645 ἔργοις
3495 2569 3679 2632 αὐτοῖς

2032 2661 2386 2733 ἐπιδείξοντες
2415 2663 2478 2717 τὸ
2506 2669 2607 2731 τῆς
2639 2663 2901 2738 ὑμετέρας
2947 2661 3177 2736 κρίσεως
3223 2659 3453 2733 καθαρόν
3501 2679 3561 2715 τε
3590 2659 3680 2713 καί

2032 2751 2406 2830 ἀδιάστροφον·
2438 2752 2520 2806 ἐπ’
2551 2750 2687 2825 ἐμοῦ
2718 2748 2956 2821 δηλαδὴ,
2990 2751 3048 2805 ’ὀν
3077 2754 3175 2805 τοῦ
3206 2753 3340 2803 Θεοῦ
3373 2748 3505 2802 εἶναι
3547 2750 3679 2823 γνή-

2031 2863 2144 2896 σιον
2184 2842 2482 2915 θεράποντα
2531 2838 2644 2896 οὐδ’
2685 2840 2745 2895 ἃν
2798 2841 2955 2913 ὑμεῖς
3006 2838 3348 2914 ἀρνηθείητε.
3381 2841 3678 2914 Τοιγαροῦν

2031 2928 2120 2985 διά
2147 2938 2250 3000 τῆς
2281 2930 2421 3004 ἐμῆς
2450 2930 2586 3004 πρὸς
2636 2930 2763 2984 Θεὸν
2818 2927 3071 3001 λατρείας
3116 2929 3183 2983 τὰ
3207 2931 3485 3004 πανταχοῦ
3533 2926 3680 3001 εἰρη-

2029 3020 2257 3090 νεύεται,
2310 3020 2400 3074 καὶ
2446 3024 2553 3076 τῶν
2613 3014 2899 3095 βαρϐάρων
2949 3018 3124 3073 αὐτῶν
3174 3019 3283 3092 (98)
3312 3017 3375 3072 τὸ
3419 3020 3515 3071 τοῦ
3546 3017 3679 3070 Θεοῦ

2031 3104 2203 3183 ὄνομα
2242 3108 2485 3184 γνησίως
2519 3105 2949 3183 εὐλογοὺμενον,
2980 3106 3033 3161 οἳ
3068 3107 3231 3183 μέχρι
3279 3110 3368 3161 νῦν
3398 3105 3493 3174 τὴν
3546 3100 3679 3173 ἀλή-

2030 3201 2172 3254 θειαν
2207 3197 2459 3273 ἠγνόουν
2495 3196 2665 3267 δῆλον
2701 3195 2781 3267 δῖε,
2829 3195 2913 3252 ὅτι
2961 3197 2988 3251 6
3033 3197 3131 3266 τήν
3178 3193 3436 3266 ἀλήθειαν
3467 3193 3677 3270 ἀγνοῶν

276 3302 426 3356 esse,
449 3287 712 3358 meisque
735 3287 909 3343 rebus
941 3288 1246 3359 providere
1267 3271 1471 3362 reapse
1498 3271 1638 3346 sunt
1666 3291 1915 3363 experti:

2036 3286 2159 3343 οὐδὲ
2186 3271 2276 3342 τὸν
2318 3288 2445 3343 Θεὸν
2497 3286 2866 3362 ἐπιγινώσκει.
2898 3283 3054 3356 Πλὴν
3101 3284 3276 3358 ὅμως,
3318 3284 3457 3339 καθά
3493 3281 3682 3358 προεί-

274 3375 430 3432 unde
460 3376 532 3432 ad
566 3375 664 3431 Dei
693 3376 959 3432 notitiam
991 3377 1310 3433 devenere:
1340 3394 1515 3450 quem
1557 3378 1639 3433 illi
1680 3380 1919 3451 quidem

275 3467 433 3519 metu
465 3464 648 3521 nostri
677 3469 1050 3534 venerantur,
1084 3482 1191 3521 nos
1224 3471 1423 3523 autem
1455 3468 1555 3539 qui
1582 3473 1785 3523 sancta
1802 3485 1922 3541 my-

273 3552 451 3609 steria
471 3553 791 3609 clementia;
814 3556 943 3626 ejus
970 3555 1129 3610 160
1179 3572 1295 3627 pres
1346 3556 1516 3612 nobis
1564 3557 1712 3612 ferre
1756 3558 1921 3613 vide-

274 3658 428 3708 mur,
460 3659 834 3715 nequaquam
865 3643 1021 3699 enim
1053 3643 1300 3699 dixerim
1330 3644 1644 3716 custodire,
1677 3663 1806 3714 nos,
1837 3646 1924 3701 in-

275 3747 453 3802 quam
476 3731 869 3805 nihilagimus
882 3749 1060 3804 quam
1078 3750 1206 3805 quas
1223 3734 1581 3790 discordiam
1602 3735 1922 3807 odiumque

276 3825 562 3891 spectant,
589 3820 732 3887 imo,
761 3825 829 3876 ut
858 3822 1119 3893 apertius
1151 3822 1380 3894 loquar,
1412 3840 1540 3895 quas
1572 3825 1642 3879 ad
1677 3823 1921 3880 humani

275 3910 506 3983 generis
529 3910 845 3982 perniciem
872 3916 1138 3983 vergunt.
1163 3915 1404 3976 Verum,
1432 3913 1515 3968 uti
1536 3914 1664 3983 jam
1697 3914 1918 3970 dictum

274 4004 386 4067 est,
418 4003 710 4054 maturate
730 4003 787 4054 et
805 4000 877 4055 ad
903 4016 1008 4055 nos
1031 4017 1210 4073 quam
1241 4000 1542 4058 celerrime
1573 4008 1917 4074 properate:

273 4090 618 4158 certumque
646 4087 917 4143 habetote
948 4105 1043 4144 me
1073 4093 1194 4145 toto
1245 4088 1461 4145 virium
1511 4096 1723 4146 conatu
1754 4093 1919 4147 ni'su-

272 4193 429 4247 rum,
465 4181 531 4230 ut
559 4175 663 4230 illa
693 4177 1070 4248 potissimum
1101 4178 1161 4232 in
1194 4178 1293 4234 Dei
1324 4177 1450 4250 lege
1494 4180 1667 4235 ﬁrma
1714 4184 1773 4235 et
1802 4181 1919 4236 im-

271 4269 432 4320 mota
456 4273 778 4333 serventur,
802 4266 1019 4338 quibus
1036 4283 1140 4323 nec
1164 4267 1521 4340 vituperium
1548 4285 1655 4324 nec
1677 4269 1924 4325 infamia

273 4353 565 4426 quaepiam
601 4355 1085 4429 possitinhaarere
1109 4374 1122 4413 :
1148 4357 1452 4429 dissipatis
1480 4357 1723 4427 scilicet,
1759 4359 1921 4430 peni-

270 4450 367 4499 tus
393 4444 712 4516 oppressis,
736 4461 803 4500 ac
825 4444 1090 4502 funditus
1111 4446 1320 4503 deletis
1341 4446 1487 4519 legis
1510 4447 1789 4515 inimicis,
1819 4449 1920 4518 qui

272 4532 463 4603 specie
492 4534 680 4589 sancti
713 4534 1368 4608 nominis,multiplices
1399 4552 1466 4591 ac
1490 4535 1753 4592 diversas
1787 4553 1920 4608 pro-

271 4622 468 4677 ferunt
498 4622 916 4695 blasphemias.

338 4800 454 4891 (£25)
476 4794 1119 4891 ΞΟΖοτξῐὶηῖσυνὲϐαινὶβέ
1148 4821 1234 4873 με.
1262 4801 1484 4891 Socrat.
1502 4819 1658 4869 vero,
1682 4802 1767 4874 ’με
1789 4808 1923 4887 post

270 4872 350 4947 εφ’
380 4872 576 4954 ἳππου.
614 4872 794 4928 Paulo
828 4879 976 4955 .post
1011 4872 1205 4955 'Socr.,
1259 4872 1392 4944 μετὰ
1421 4873 1578 4947 ἱερων
1609 4872 1809 4943 τινων,“
1825 4877 1919 4931 cui

268 4943 503 5028 lectioni
535 4944 1100 5028 favet.P}pipbanius
1149 4943 1585 5028 Scholasticus:
1637 4962 1763 5028 cum
1800 4949 1923 5017 qui-

269 5014 500 5089 busdam
527 5014 921 5089 sacerdotibus.
956 5016 1184 5087 Sozom,
1216 5031 1349 5071 vero
1398 5023 1455 5071 et
1500 5017 1738 5089 Niceph.
1782 5014 1916 5074 cum

264 5086 609 5160 Athanasio,
644 5086 778 5160 μετά
807 5086 1001 5160 ἑτέρων
1031 5086 1211 5157 τινῶν,

338 5160 449 5229 (96)
481 5157 670 5225 Somn,
702 5157 842 5215 ὅθεν.

340 5225 451 5301 (97)
483 5235 628 5302 Reg,
654 5235 711 5286 et
755 5234 938 5302 80cm,
990 5225 1437 5302 avswlnputcate,
1496 5229 1646 5285 Editi
1692 5248 1831 5287 vero
1861 5237 1919 5288 et

265 5298 518 5376 ξηρῷ,
547 5298 925 5376 ἐπληρώσατε.
954 5302 1107 5376 Infra
1128 5298 1463 5376 Rég._B_as_il.
1480 5303 1641 5376 Socr.
1662 5306 1913 5376 Sozo_m.,

263 5368 645 5495 ἐπ’ἒδείξοντες,
677 5368 736 5429 et
774 5374 855 5429 ita
884 5368 1407 5446 legendumTEditi
1459 5374 1758 5442 mendose,
1802 5368 1917 5428 ἐπιὲ

296 5462 341 5495 ει
380 5461 554 5495 αντες.

296 5461 554 5500 ειξαντες.

334 5465 341 5495 ι
380 5461 503 5495 αντε
542 5486 554 5500 .

334 5442 447 5584 (€98)
498 5463 681 5591 ἐσθεῖ,
740 5514 831 5591 καὶ
892 5515 997 5591 ὑπὸ
1041 5518 1148 5569 τῶν
1185 5510 1501 5591 Δβαρϐάρων
1547 5514 1913 5591 αὐτῶνηθῒσ.

265 5581 495 5663 ξιοὶρέῐξι.
530 5592 587 5641 et
615 5588 881 5663 Niceph.,
912 5586 1003 5640 καὶ
1022 5591 1141 5663 ,τῶν
1180 5581 1479 5663 βαρϐαρων
1517 5585 1690 5640 αὐτῶν
1734 5581 1796 5663 τὸ
1820 5592 1917 5663 τοῦ

266 5658 421 5732 Θεοῦ-
454 5651 631 5732 ὄνομα
681 5651 926 5732 γνησίως
987 5651 1381 5732 εὑλογόύντωνό
1434 5659 1691 5732 Utraque
1747 5660 1917 5732 lectio

267 5726 566 5798 quadrat,
602 5726 1004 5785 Athanasiana
1057 5726 1190 5786 vero
1245 5731 1448 5787 vitiata
1501 5726 1751 5803 videtur,
1782 5731 1919 5788 licet

2032 3398 2215 3451 ρηται,
2249 3376 2339 3431 καὶ
2388 3377 2440 3429 οἱ
2494 3371 2760 3451 βάρϐαροι
2788 3379 2905 3446 νῦν,
2955 3372 3024 3429 δι’
3069 3372 3167 3447 ἐμὶ
3211 3374 3303 3428 τὸν
3354 3377 3488 3429 Θεοῦ
3526 3372 3679 3449 θερά-

2000 3488 2205 3525 νποντα
2235 3468 2483 3541 γνήσιον,
2536 3464 2842 3539 ἐπέγνωσαν
2890 3464 2981 3518 τὸν
3010 3463 3161 3534 Θεὸν,
3207 3462 3300 3517 καὶ
3339 3456 3685 3517 εὐλαϐεῖσθαι

2035 3556 2354 3629 μεμάθηκαν
2387 3600 2402 3627 ,
2458 3553 2514 3607 ὃν
2596 3552 2974 3629 ὑπερασπίζειν
3052 3573 3156 3625 μου
3216 3552 3328 3623 (99)
3401 3553 3683 3625 πανταχοῦ

2028 3643 2118 3699 καί
2148 3645 2494 3719 προνοεῖσθαι
2522 3648 2641 3704 τοῖς
2672 3640 2855 3719 ἔργοις
2903 3640 3086 3703 αὐτοῖς
3136 3639 3387 3715 ᾔσθοντοο
3430 3637 3547 3694 ὅθεν
3584 3639 3685 3712 μά-

2033 3734 2191 3788 λιστα
2214 3732 2304 3788 καὶ
2340 3730 2482 3787 ἴσασι
2510 3733 2601 3787 τὸν
2634 3730 2785 3787 Θεόν·
2821 3731 2878 3786 ὃν
2914 3730 3107 3786 ἐκεῖνοι
3146 3731 3238 3804 μὲν
3291 3727 3379 3784 διὰ
3423 3728 3515 3783 τὸν
3544 3727 3682 3803 πρὸς

2030 3825 2179 3895 ἡμᾶς
2233 3817 2399 3900 φόϐον
2454 3815 2829 3894 εὐλαϐοῦνται,
2884 3822 3049 3893 ἡμεῖς
3100 3822 3180 3889 (1)
3225 3816 3282 3873 δὲ
3333 3818 3385 3872 οἱ
3434 3819 3504 3871 τὰ
3555 3817 3685 3891 ἅγια

2036 3913 2307 3984 μυστήρια
2352 3918 2453 3980 τῆς
2495 3908 2771 3982 εὐμενείας
2821 3908 2985 3964 αὐτοῦ
3035 3905 3320 3969 δοκοῦντες
3367 3901 3681 3983 προϐάλλε-

2032 4003 2147 4055 σθαι
2184 4000 2266 4074 (οὐ
2298 4000 2401 4073 γάρ
2435 3998 2494 4054 ἂν
2529 3998 2742 4071 εἴποιμι
2773 3996 3107 4075 φυλάττειν),
3140 4000 3328 4071 ἡμεῖς,
3354 3992 3681 4075 φημί,οῦδὲν

2030 4090 2339 4165 πράττομεν
2372 4090 2407 4157 ἢ
2441 4089 2509 4141 τὰ
2536 4089 2672 4161 πρὸς
2705 4084 2983 4163 διχόνοιαν
3031 4086 3123 4142 καὶ
3176 4092 3335 4161 μῖσος
3366 4089 3443 4160 (2)
3476 4083 3683 4140 συντεί-

2029 4198 2209 4248 νοντα,
2241 4178 2332 4232 καὶ
2366 4175 2557 4239 ἁπλῶς
2588 4175 2774 4246 εἰπεῖν,
2805 4178 2872 4231 τά
2901 4177 3034 4253 πρὸς
3070 4172 3294 4253 ὄλεθρον
3342 4180 3439 4230 τοῦ
3479 4176 3684 4250 ἀνθρω-

2030 4267 2185 4321 πίνου
2217 4267 2406 4341 γένους
2441 4264 2644 4341 ἔχοντα
2687 4266 2785 4334 τὴν
2840 4262 3130 4344 ἀναφοράν.
3162 4262 3319 4320 Ἀλλ’
3367 4263 3682 4340 ἐπείχθητε,

2029 4357 2166 4410 καθά
2220 4353 2574 4429 προείρηται,
2624 4355 2760 4428 πρὸς
2809 4356 2956 4428 ἡμᾶς
3007 4351 3343 4410 σπουδάσατε
3396 4353 3588 4414 πάντες
3645 4353 3684 4424 ᾗ

2027 4446 2197 4521 τάχος
2234 4488 2248 4515 ,
2306 4445 2705 4517 πεπεισμένοι,
2763 4444 2839 4506 ὡς
2896 4443 3055 4498 παντὶ
3105 4444 3276 4498 σθένει
3343 4444 3680 4515 κατορθῶσαι

2028 4535 2378 4609 πειράσομαι,
2411 4534 2559 4603 ὅπως
2612 4532 2661 4587 ἐν
2693 4537 2772 4606 τῷ
2802 4533 2955 4606 νόμῳ
3003 4537 3136 4588 Θεοῦ
3176 4537 3345 4588 ταῦτα
3393 4531 3679 4607 ἐξαιρέτως

1948 4648 1998 4714 D
2031 4621 2344 4680 ἀδιάπτωτα
2376 4620 2733 4702 φυλάττηται,
2767 4624 2848 4685 οἷς
2880 4618 3004 4677 οὔτε
3026 4620 3220 4697 ψόγος,
3240 4618 3363 4678 οὕτε
3390 4618 3682 4692 κακοδοξία

2029 4805 2233 4887 eadem
2268 4804 2326 4887 in
2358 4804 2635 4887 omnibus
2652 4803 2826 4887 editis
2842 4808 2898 4860 et
2921 4820 3063 4886 mss.
3084 4808 3290 4887 exstet.
3315 4803 3679 4887 Epiphanius

2029 4875 2319 4933 Scholast.
2355 4880 2544 4931 totum
2576 4876 2733 4931 hunc
2769 4877 2958 4931 locum
2989 4879 3072 4932 sic
3098 4876 3311 4931 habet:
3349 4875 3527 4946 Igitur
3554 4877 3679 4931 ubi-

2025 4965 2132 5021 pue
2156 4949 2483 5019 paciﬁcatur
2514 4949 2611 5003 Dei
2640 4964 2857 5013 nomen,
2888 4958 2939 5003 et
2970 4949 3177 5021 integre
3204 4948 3550 5021 benedieitur
3585 4965 3682 5019 per

2029 5019 2206 5075 incum
2235 5022 2295 5075 in
2327 5021 2431 5075 Deo
2464 5023 2749 5076 culturam
2795 5022 2969 5092 etiam,
3019 5019 3165 5092 apud
3215 5020 3363 5091 ipsos
3391 5019 3676 5088 barbaros,

2027 5094 2126 5164 qui
2154 5092 2443 5146 veritatem
2468 5094 2726 5147 hactenus
2757 5091 3105 5161 ignorabant.

2100 5164 2210 5233 (99)
2239 5164 2331 5219 Sic
2362 5163 2501 5235 Reg.
2537 5164 2697 5218 Socr.
2749 5169 2805 5235 et
2850 5164 2976 5235 Sos.
3028 5162 3227 5235 Editi,
3256 5182 3341 5234 με,
3376 5164 3676 5219 mendose.

2102 5232 2575 5306 (1)'Epiphanius
2606 5234 2896 5290 Scholast.
2929 5232 3088 5306 ὑμεῖς
3121 5232 3491 5306 Ιθ-εἱῐγὴεὼοι
3519 5236 3679 5292 enim

2025 5321 2135 5378 vos.
2162 5302 2301 5378 Mox
2321 5302 2515 5378 _Socr.,
2569 5307 2841 5378 μυστήρια
2868 5302 2989 5378 ,τῆς
3040 5302 3391 5377 Ἐκκλησίας,
3446 5307 3545 5363 sed
3576 5313 3677 5375 τῆς

2027 5375 2304 5448 εὐμενείας
2334 5375 2577 5449 Ιθεὶῐυο
2608 5377 2665 5432 in
2720 5375 2997 5433 omnibus
3051 5375 3584 5434 Athanasii'editis
3622 5384 3681 5435 et

2026 5465 2196 5532 mss,
2229 5450 2481 5532 ut'apud
2510 5454 2636 5532 8.0;.
2670 5453 2734 5532 et_
2783 5449 3024 5532 Niceph.
3088 5449 3449 5522 Epiphanius
3497 5451 3676 5507 etiam

2026 5518 2427 5575 Scholasticus
2458 5520 2654 5587 habet,
2684 5518 2991 5576 clementia.

2099 5592 2173 5663 (2)
2191 5590 2365 5664 Editi,
2387 5594 2574 5664 μῦσος.
2607 5593 2772 5663 Reg,
2795 5593 3053 5647 secunda
3076 5608 3278 5661 manu,
3309 5595 3489 5664 μῖσος,
3509 5597 3564 5650 et
3591 5594 3677 5650 sic

2024 5666 2181 5719 Socr.
2215 5669 2273 5719 et
2300 5662 2539 5735 NiCeph.
2574 5662 2781 5736 Epiph.
2806 5664 3001 5721 Schol.
3034 5664 3183 5720 odia.
