4152 6376
481 430 600 492 405

1603 424 1994 486 APOLOGIA
2037 423 2348 485 CONTRA
2396 425 2764 488 ARIANOS.

3769 428 3890 491 406

475 584 558 623 τις
588 559 872 631 δυνήσεται
904 557 1346 636 προσίιτλαιιιῆναι⁸
1398 555 1874 613 διασκεδασθέντων
1931 554 2142 626 δηλαδὴ
2192 557 2280 610 καὶ
2333 554 2720 629 συντριϐέντων
2786 556 2976 634 ἄρδην,
3020 558 3112 613 καὶ
3166 555 3443 620 παντελῶς
3497 561 3887 634 ἀφανισθέντων

476 655 583 705 τῶν
636 649 844 725 ἐχθρῶν
895 654 992 704 τοῦ
1037 649 1236 723 νόμου,
1287 647 1488 714 οἵτινες
1535 647 1621 704 ἐπὶ
1666 649 2026 724 προσχήματι
2072 651 2168 701 τοῦ
2220 645 2375 722 ἁγίου
2424 645 2691 722 ὀνόματος
2742 647 2995 712 ποικίλας
3045 648 3135 704 καὶ
3187 645 3478 728 διαφόρους
3533 647 3889 728 βλασφημίας

477 742 831 816 παρέχουσιν.

549 834 637 886 87.
670 835 845 885 Ταῦτα
879 832 1136 904 μαθόντες
1187 833 1239 885 οἱ
1287 831 1409 904 περὶ
1457 826 1736 901 Εὐσέϐιον,
1791 826 1880 882 καί
1929 825 2112 882 εἰδότεέ

2315 832 2404 885 87.
2438 831 2541 886 His
2573 833 2824 904 acceptis
2855 833 3168 888 Eusebiani
3201 832 3419 888 conscii
3470 848 3716 887 suorum
3749 831 3889 886 faci-

479 920 511 974 ἂ
537 923 887 991 πεποιήκασι,
919 920 1048 982 τοὺς
1081 923 1174 993 μὲν
1216 919 1422 980 άλλους
1476 918 1802 980 ἐπισκόπους
1853 915 2130 972 ἐκώλυσαν

478 1008 736 1082 ἀνελθεῖν,
772 1009 922 1064 αὐτοὶ
957 1007 1012 1063 δὲ
1049 1010 1229 1082 μόνοι,
1279 1003 1560 1080 Εὐσέϐιος,
1612 1007 1886 1081 Θεόγνιος,
1921 1006 2127 1077 Πατρό-

476 1096 681 1176 φιλος,
739 1096 922 1174 ἕτερος
981 1101 1056 1171 (3)
1124 1093 1381 1160 Εὐσέϐιος
1419 1145 1432 1166 ,
1485 1097 1574 1151 καὶ
1634 1095 1931 1170 Οὖρσάκιος
1966 1142 1978 1166 ,
2040 1096 2129 1149 καὶ

475 1185 693 1257 Οὐάλης
726 1187 1060 1256 ἀνελθόντες,
1111 1186 1288 1241 οὐκέτι
1340 1186 1461 1262 περῖ
1510 1186 1778 1259 ποτηρίου
1821 1185 1910 1239 καὶ
1945 1186 2128 1259 Ἀρσε-

475 1276 592 1331 νίου
652 1274 862 1352 ἔλεγον·
924 1277 1230 1353 παρρησίαν
1289 1277 1392 1352 γὰρ
1446 1275 1547 1330 οὐκ
1599 1276 1771 1350 εἶχον·
1834 1272 2010 1344 ἄλλην
2072 1271 2130 1328 δὲ

475 1365 774 1430 πλάσαντες
805 1367 1135 1444 κατηγορίαν
1167 1369 1266 1435 τὴν
1317 1367 1393 1428 εἰς
1444 1365 1668 1440 βασιλέα
1710 1365 2024 1442 φθάνουσαν,
2057 1363 2129 1416 εἰ-

477 1459 701 1533 ρήκασιν
735 1457 882 1529 αὐτῷ
927 1463 1006 1528 τῷ
1053 1456 1288 1533 βασιλεῖ,
1341 1455 1423 1510 ὅτι
1473 1453 1776 1525 ἠπείλησεν
1815 1453 2126 1513 Ἀθανάσιος

473 1545 742 1601 κωλύσειν
772 1547 864 1600 τὸν
897 1551 1041 1600 σῖτον
1074 1547 1163 1600 τὸν
1198 1546 1274 1608 εἷς
1305 1547 1403 1614 τήν
1436 1541 1670 1618 πατρίδα
1701 1564 1794 1596 σου
1838 1540 2125 1614 πεμπόμε-

473 1657 564 1690 νον
627 1636 732 1689 ἀπὸ
787 1633 1192 1712 ’Δλεξανδρείας
1229 1676 1239 1688 .
1304 1635 1399 1689 Καὶ
1452 1638 1613 1689 τοῦτο
1689 1631 1950 1700 παρόντες
2030 1630 2123 1702 μὲν

474 1724 863 1797 Ἀδαμάντιος,
906 1725 995 1779 καὶ
1045 1719 1342 1778 Ἀνουϐίων
1493 1767 1506 1791 ,
1558 1722 1968 1796 Ἀγαθάμμων,
1999 1725 2124 1794 Ἀρ-

475 1809 691 1887 ϐεθίων,
724 1815 953 1888 Πέτρος,
985 1815 1037 1867 οἱ
1087 1813 1394 1880 ἐπίσκοποι,
1440 1809 1697 1880 ⁹ἤκουσαν·
1743 1807 1905 1879 ἔδειξε
1949 1806 2006 1862 δὲ
2033 1808 2122 1862 καὶ

473 1905 502 1958 ὁ
534 1905 704 1975 θυμὸς
751 1909 849 1958 τοῦ
904 1901 1194 1979 βασιλέως.
1244 1908 1298 1956 Ὀ
1346 1903 1448 1976 γὰρ
1495 1905 1720 1955 τοιαῦτα
1766 1899 2001 1972 γράψας,
2033 1897 2121 1951 καὶ

470 1993 889 2067 καταγινώσκων
938 2000 1038 2062 τῆς
1097 1990 1310 2054 ἀδικίας
1370 1990 1578 2058 αὐτῶν,
1638 1990 1714 2050 ὡς
1771 1988 1972 2056 ⁶ἤκουσε
2021 1989 2119 2056 τὴν

469 2081 726 2152 τοιαύτην
791 2077 1078 2154 διαϐολὴν,
1142 2081 1294 2143 εὐθὺς
1355 2080 1648 2154 ἐπυρώθη,
1706 2079 1795 2131 καὶ
1857 2076 1968 2130 ἀντὶ
2020 2083 2121 2144 τῆς

471 2170 779 2245 ἀκροάσεως
833 2169 907 2231 εἷς
946 2170 1042 2230 τὰς
1089 2167 1328 2230 Γαλλίας
1374 2171 1522 2240 ἡμᾶς
1574 2163 1904 2221 ἀπέστειλεν.
1949 2162 2122 2221 Ἀλλά

468 2257 558 2312 καὶ
600 2263 762 2312 τοῦτο
816 2257 1027 2331 μᾶλλον
1077 2257 1250 2312 αὐτῶν
1303 2255 1534 2312 δείκνυσι
1581 2258 1681 2324 τήν
1734 2254 2038 2328 πονηρίανο
2091 2255 2120 2308 6

469 2348 572 2422 γαρ
655 2347 956 2423 μακαρίτης
1039 2352 1436 2407 Κωνσταντῖνος
1515 2347 1543 2400 ὁ
1613 2347 1875 2420 νεώτερος
1911 2388 1923 2412 ,
1986 2343 2121 2398 ἀπο-

469 2433 684 2490 στέλλω
739 2439 889 2509 ἡμᾶς
949 2436 1025 2498 εἷς
1081 2437 1181 2505 τὴν
1240 2432 1510 2510 πατρίδα,
1570 2434 1659 2488 καὶ
1723 2433 2071 2507 μεμνημένος
2107 2475 2120 2500 ,

470 2525 540 2578 ὧν
602 2523 830 2601 ἔγραψεν
892 2525 920 2579 ὁ
987 2527 1167 2602 πατὴρ
1242 2524 1405 2579 αὐτοῦ
1441 2568 1454 2594 ,
1535 2523 1735 2599 ἔγραψε
1803 2523 1894 2577 καὶ
1962 2522 2120 2582 αυτὸς

465 2618 649 2668 ταῦτα·

824 2707 900 2777 (5)
947 2708 1466 2758 ΚΩΝΣΤΔΝΤΙΝΟΣ
1507 2704 1764 2757 ΚΑΙΣΑΡ

464 2795 552 2864 Τῷ
601 2789 720 2864 λαῷ
780 2798 882 2862 τῆς
929 2791 1257 2864 καθολικῆςᾼ
1289 2789 1618 2861 Ἐκκλησίας
1683 2789 1901 2853 πόλεως
1959 2789 2121 2849 Ἀλε-

1144 2861 1441 2937 ξανδρείας.

534 2969 669 3026 Οὐδὲ
697 2973 796 3041 τήν
826 2978 928 3040 τῆς
955 2974 1032 3045 (6)
1065 2971 1329 3045 ὑμετέρας
1380 2971 1527 3047 ἱερᾶς
1576 2969 1777 3032 ἐννοίας
1821 2971 2123 3048 ἀποπεφευ-

461 3061 613 3135 γέναι
661 3065 858 3135 γνῶσιν
906 3060 1059 3132 οἶμαι
1088 3105 1100 3129 ,
1156 3057 1246 3114 διὰ
1294 3064 1455 3115 τοῦτο
1511 3061 1822 3114 Ἀθανάσιον
1872 3060 1963 3113 τὸν
2022 3064 2119 3113 τοῦ

461 3153 843 3225 προσκυνητοῦ
900 3148 1071 3221 νόμου
1126 3150 1412 3226 ὑποφήτην
1467 3149 1604 3225 πρὸς
1661 3149 1846 3224 καιρὸν
1900 3148 1974 3210 εἰς
2023 3148 2120 3211 τάς

467 3235 705 3298 Γαλλίας
739 3234 1090 3303 ἀπεστάλθαι,
1140 3235 1234 3305 ἵν’,
1288 3235 1474 3307 ἐπειδή
1508 3241 1542 3306 ἡ
1578 3237 1842 3313 ἀγριότης
1889 3241 1995 3291 τῶν
2033 3238 2116 3290 αἱ-

468 3321 720 3401 μοϐὀρων
777 3325 941 3380 αὐτοῦ
985 3325 1074 3380 καὶ
1124 3323 1410 3399 πολεμίων
1464 3325 1673 3402 ἐχθρῶν
1738 3326 1812 3387 εἷς
1871 3323 2114 3380 κίνδυνον

464 3420 564 3482 τῆς
627 3414 771 3487 ἱερᾶς
849 3414 1011 3468 αὐτοῦ
1067 3413 1311 3493 κεφαλῆς
1372 3414 1625 3488 ἐπέμεινε
1660 3460 1673 3484 ,
1737 3417 1811 3487 μὴ
1873 3411 1974 3486 ἄρα
2033 3412 2120 3468 διὰ

465 3510 565 3572 τῆς
637 3508 745 3558 τῶν
815 3501 1036 3581 φαύλων
1117 3502 1448 3582 διαστροφῆς
1525 3505 1791 3574 ἀνήκεστα
1855 3503 2062 3577 ὐποστῇ
2101 3548 2113 3561 .

466 3593 607 3668 Πρὸς
659 3590 722 3647 τδ
788 3590 1059 3663 διαπαῖξαι
1113 3593 1294 3648 τοίνυν
1341 3594 1544 3664 ταύτην
1582 3638 1595 3663 ,

461 3703 754 3759 φαρυγγων
803 3687 911 3736 τῶν
963 3681 1318 3756 ἐπικειμένων
1360 3682 1505 3755 αὐτῴ
1561 3679 1790 3752 ἀνδρῶν,
1843 3682 1931 3736 ὑπ’
1990 3677 2113 3754 ἐμοὶ

461 3769 665 3847 διάγειν
697 3770 1040 3827 κεκέλευσται
1075 3775 1173 3846 (7),
1208 3772 1379 3834 οὕτως
1412 3772 1486 3834 ὡς
1539 3771 1589 3827 έν
1618 3774 1784 3845 ταύτῃ
1829 3775 1896 3845 τῇ
1930 3770 2110 3841 πόλει,

461 3860 512 3916 ἐν
640 3859 896 3938 διέτριϐε,
956 3863 1083 3916 πάσι
1141 3851 1258 3924 τοῖς
1312 3862 1625 3936 ἀναγκαίοις
1680 3860 2064 3934 έμπλεονάζειν
2099 3881 2114 3898 ο

458 3950 504 4004 εἰ
561 3951 649 4006 καὶ
705 3953 772 4006 τά
829 3949 1065 4025 μάλιστα
1122 3952 1286 4006 αὐτοῦ
1345 3954 1378 4021 ἡ
1435 3949 1689 4025 ἀοίδιμος
1740 3952 1936 4028 ἀρετὴ,
1993 3957 2112 4014 ταῖς

455 4038 620 4103 θείαις
671 4044 960 4097 πεποιθυῖα
1005 4041 1282 4116 βοηθείαις
1322 4084 1335 4109 ,
1369 4040 1457 4095 καὶ
1506 4041 1572 4094 τὰ
1618 4047 1720 4109 τῆς
1774 4040 2109 4116 τραχυτέρας

450 4129 630 4206 τύχης
662 4128 804 4206 ἄχθη
841 4131 1123 4202 έξουθενεῐ.
1176 4136 1475 4206 Τοιγαροῦν
1533 4131 1578 4184 εἰ
1622 4130 1710 4184 καὶ
1757 4131 1826 4184 τὰ
1876 4128 2112 4203 μάλιστα

452 4219 589 4294 πρὸς
615 4220 713 4287 τὴν
763 4217 1236 4296 προσφιλεστάτην
1291 4221 1441 4293 ὑμῶν
1494 4214 1793 4273 θεοσέϐειαν
1847 4221 1875 4273 ὁ
1926 4217 2112 4273 δεσπό-

449 4329 549 4377 της
608 4309 769 4381 ἡμῶν
820 4314 1222 4370 Κωνσταντῖνος
1282 4311 1360 4381 (8)
1416 4311 1443 4362 ὁ
1507 4304 1817 4381 Σεϐαστός,
1879 4309 1905 4362 6
1977 4309 2108 4381 ἐμὸς

450 4398 652 4472 πατὴρ,
685 4396 774 4451 τὸν
807 4396 963 4451 αὐτὸν
998 4397 1288 4452 ἐπίσκοπον
1326 4403 1402 4468 τῷ
1437 4395 1562 4470 ἰδίῳ
1611 4397 1764 4470 τόπῳ
1806 4403 2104 4474 παρασχεῖν

448 4489 757 4562 προήρητο,
811 4485 994 4558 ὅμως,
1058 4484 1294 4555 ἐπειδὴ,
1348 4487 1666 4560 ἀνθρωπίνῳ
1719 4485 1916 4562 κλήρῳ
1975 4507 2108 4560 προ-

451 4573 700 4648 ληφθεὶς,
743 4573 848 4650 πρὸ
895 4581 992 4630 τοῦ
1037 4578 1137 4645 τὴν
1190 4575 1357 4652 εὐχὴν
1405 4573 1697 4650 πληρῶσαι
1748 4575 2102 4646 ἀνεπαύσατο,

451 4663 745 4720 ἀκόλουθον
795 4667 1094 4739 ἡγησάμην
1150 4667 1248 4734 τήν
1299 4665 1610 4740 προαίρεσιν
1667 4670 1764 4719 τοῦ
1807 4671 1909 4734 τῆς
1958 4666 2102 4728 θείας

453 4755 680 4826 μνήμης
733 4753 1001 4829 βασιλέως
1071 4752 1450 4828 διαδεξάμενος
1525 4753 1857 4829 πληρῶσαι.
1919 4757 2102 4817 Ὅστις

449 4840 660 4897 ἐπειδὰν
715 4850 817 4912 τῆς
879 4845 1140 4920 ὑμετέρας
1199 4844 1363 4920 τύχοι
1421 4844 1780 4918 προσόψεως,
1842 4842 1974 4915 ὅσης
2026 4845 2104 4898 αἰ-

538 5060 592 5136 3)
622 5060 886 5136 $ic_Reg.
918 5066 986 5136 et
1007 5061 1182 5136 Basil.
1221 5061 1368 5117 Editi
1399 5079 1554 5136 vero,
1587 5061 1676 5136 καὶ
1708 5057 1913 5136 ἕτερος.

539 5128 592 5209 4)
627 5133 703 5209 ln_
723 5128 863 5204 Reg:
895 5131 986 5185 καί
1016 5135 1179 5209 deest
1217 5139 1367 5209 ante
1399 5128 1772 5209 ’Δρνουῧέωνη
1799 5128 1941 5190 ’Μοχ
1974 5134 2098 5209 Ἀρτ

442 5196 636 5289 ϐεθίων
671 5196 859 5289 supra
900 5223 1082 5289 num.'
1114 5196 1474 5289 78,.“legi‘tuor'
1525 5200 1872 5289 :Apéatﬂiip‘v,
1935 5196 2093 5289 etﬁad

439 5277 656 5331 calcem
703 5272 965 5351 Epistolaz
1012 5277 1082 5351 ad
1128 5279 1276 5332 salit.
1318 5272 1742 5351 ῪΑρϐαιΟἴωνος.
1795 5272 1962 5333 Errat
2000 5279 2097 5351 So-

439 5354 627 5403 crates
661 5350 760 5420 qui
795 5349 901 5403 hos
933 5349 1237 5419 episcopos
1263 5349 1410 5419 quos
1441 5356 1694 5420 quatuor
1735 5355 1963 5404 tantum
1996 5350 2095 5405 ille

440 5420 725 5494 nominat,
759 5421 1062 5494 Athanasii
1094 5426 1462 5494 accusatores
1490 5422 1644 5492 apud
1679 5421 2091 5494 imperatorem

438 5490 618 5562 fuisse
651 5495 826 5546 refert
857 5491 893 5544 l.
933 5511 970 5555 ι,
1004 5509 1051 5546 c.
1085 5492 1173 5555 35.
1211 5494 1380 5562 cujus
1425 5490 1680 5547 errorem
1734 5490 1973 5548 secutus
2004 5498 2094 5548 est

440 5560 743 5635 Beronius.
778 5565 1084 5618 Enimvero
1115 5560 1344 5618 constat
1375 5580 1474 5619 eos
1495 5563 1796 5619 Athanasii
1828 5565 2092 5635 partibus

438 5633 700 5707 addictos
747 5635 949 5707 fuisse.
1008 5635 1149 5690 Vide
1208 5652 1388 5706 supra
1446 5636 1504 5690 in
1556 5633 2092 5707 subscriptionibus

436 5704 691 5788 epistolae
750 5708 820 5761 ad
853 5706 1207 5808 Dion‘ysiurpI
1231 5704 1504 5808 comitem
1525 5782 1540 5808 ι
1569 5707 1668 5808 υὲἰ
1701 5704 1808 5808 illli'
1829 5707 2090 5808 qpinqqe

436 5791 687 5808 Ωιιιοηηννι
724 5793 994 5808 nnnnnnnn
1033 5796 1101 5808 :1“
1213 5795 1280 5808 Λν
1366 5793 1434 5808 nn
1488 5795 1516 5808 Λ
1641 5795 1721 5808 [ιι-ιιι
1840 5789 2000 5808 μὰρ-..ρ
2033 5787 2056 5808 λ

436 5777 691 5849 episcopi
722 5777 1120 5834 recensentur.
1154 5779 1284 5834 Mox
1313 5783 1453 5850 Reg.
1487 5782 1544 5834 et
1591 5778 1794 5846 Basil.,
1840 5777 2004 5848 ἔδειξε
2033 5777 2092 5831 δὲ

2125 4960 2173 5022 D

2243 935 2473 988 norum,
2519 922 2742 977 caeteris
2783 923 3073 994 episc0pis
3106 923 3424 993 quominus
3475 921 3889 992 imperatorem

2242 1008 2468 1064 adirent
2491 1010 2819 1080 prohibitis,
2844 1011 2953 1082 ipsi
2978 1011 3107 1074 soli,
3132 1011 3418 1065 Eusebius
3441 1009 3682 1076 scilicet,
3709 1009 3892 1065 Theo-

2239 1099 2435 1168 gnius,
2471 1099 2864 1170 Patrophilus,
2901 1100 3046 1154 alter
3067 1101 3376 1165 Eusebius,
3405 1099 3677 1155 Ursacius
3699 1105 3756 1154 et
3775 1099 3886 1154 Va-

2238 1186 2366 1242 lens
2396 1205 2528 1242 cum
2563 1189 2956 1254 advenissent,
3021 1188 3242 1244 nullam
3297 1188 3552 1260 amplius
3603 1189 3787 1244 fecere
3817 1189 3889 1243 de

2240 1276 2412 1331 calice
2433 1277 2519 1332 vel
2552 1278 2621 1333 de
2648 1279 2892 1333 Arsenio
2917 1278 3271 1332 mentionem
3306 1278 3465 1333 :hzec
3490 1279 3706 1349 quippe
3731 1278 3889 1333 ultra

2240 1376 2471 1421 movere
2527 1368 2652 1422 ausi
2688 1384 2801 1421 non
2849 1372 3026 1434 sunt;
3080 1367 3178 1421 sed
3229 1367 3386 1420 aliud
3437 1367 3655 1421 crimen
3689 1367 3882 1438 ipsum

2238 1459 2510 1525 spectans
2533 1456 2944 1528 imperatorem
2969 1455 3309 1519 commenti,
3332 1455 3564 1510 aiebant
3589 1473 3601 1510 :
3626 1455 3882 1511 Minatus

2237 1548 2324 1597 est
2354 1544 2710 1600 Athanasius
2743 1561 2803 1600 se
2834 1543 3254 1616 impediturum
3289 1545 3607 1615 quominus
3642 1544 3880 1600 solitum

2237 1634 2597 1688 frumentum
2622 1633 2971 1688 Alexandria
2995 1633 3054 1686 in
3084 1633 3334 1704 patriam
3357 1638 3517 1687 tuam
3542 1633 3880 1689 transveha-

2235 1728 2348 1778 tur.
2385 1723 2501 1778 Hoc
2531 1723 2704 1777 etiam
2741 1723 2980 1779 audiere
3012 1722 3112 1792 qui
3137 1727 3260 1776 tum
3295 1723 3539 1778 aderant
3588 1723 3880 1778 Adaman-

2235 1813 2371 1879 tius,
2402 1813 2670 1868 Anubion
2713 1813 3166 1884 Agathammon,
3223 1811 3560 1879 Arbethion,
3593 1816 3650 1866 et
3683 1813 3883 1868 Petrus

2233 1901 2492 1973 episcopi
2517 1921 2530 1969 ;
2557 1902 2709 1974 quod
2735 1903 2874 1957 item
2898 1903 3026 1973 ipsa
3051 1901 3319 1973 probavit
3351 1901 3723 1973 imperatoris
3755 1901 3878 1969 ira;

2234 2009 2368 2047 nam
2393 1992 2492 2062 qui
2515 1992 2807 2062 ejusmodi
2840 1991 3063 2046 litteras
3086 1995 3217 2044 ante
3250 1990 3584 2062 scripserat,
3617 1990 3881 2046 illorum-

2234 2098 2346 2152 que
2364 2081 2735 2152 iniquitatem
2759 2082 3086 2146 damnarat,
3106 2080 3214 2135 hac
3232 2081 3430 2135 audita
3452 2080 3747 2135 calumnia
3768 2086 3884 2136 sta-

2232 2170 2338 2225 tim
2361 2170 2691 2237 excanduit,
2717 2187 2782 2225 ac
2804 2174 3004 2224 nostra
3026 2185 3140 2223 non
3172 2173 3501 2240 exspectata
3522 2169 3877 2237 defensione,

2234 2276 2340 2316 nos
2363 2259 2641 2330 relegavit
2664 2259 2720 2313 in
2746 2258 2982 2314 Gallias.
3008 2262 3280 2313 Attamen
3300 2257 3653 2329 illudipsum
3673 2275 3878 2314 eorum

2233 2349 2664 2420 malignitatem
2696 2348 2885 2420 magis
2918 2348 3556 2418 coarguitznambeatzs
3579 2349 3875 2403 memoria;

2232 2437 2866 2508 Constantinusjunior
2887 2453 3020 2492 cum
3045 2454 3150 2491 nos
3174 2437 3231 2490 in
3255 2436 3507 2508 patriam
3531 2436 3878 2502 remitteret,

2233 2543 2459 2582 memor
2487 2543 2689 2582 eorum
2723 2543 2848 2598 qua)
2880 2530 3043 2598 pater
3095 2543 3240 2580 suus
3291 2526 3642 2596 scripsisset,
3687 2525 3796 2580 bas
3829 2530 3888 2580 et

2233 2615 2357 2687 ipse
2389 2615 2551 2670 misit
2582 2614 2806 2670 litteras
2830 2632 2843 2669 :

2660 2758 3178 2814 CONSTANTINUS
3212 2757 3401 2813 CxESA
3415 2759 3454 2813 Β

2335 2867 2547 2938 Papulo
2595 2865 2882 2922 catholicae
2911 2866 3163 2920 Ecclesia
3210 2865 3363 2920 urbis
3392 2865 3774 2922 Alexandriae.

2301 2974 2414 3029 Nec
2444 2991 2620 3028 sacrm
2652 2973 2868 3028 mentis
2896 2977 3098 3028 vestrae
3132 2972 3398 3028 notitiam
3432 2973 3758 3045 praeterisse
3789 2992 3881 3029 ar-

2231 3064 2432 3129 bitror,
2467 3063 2598 3117 ideo
2629 3061 3014 3118 Athanasium
3049 3062 3355 3116 adorandae
3405 3061 3553 3134 legis
3595 3062 3880 3133 interpre-

2229 3159 2345 3210 tem
2378 3154 2434 3207 in
2471 3151 2686 3207 Gallias
2718 3153 2788 3206 ad
2812 3152 3106 3223 quoddam
3132 3157 3367 3221 tempus
3395 3153 3647 3206 missum
3671 3151 3875 3223 fuisse,

2230 3248 2294 3298 ut
2315 3261 2386 3298 ne
2408 3243 2756 3297 immanium
2779 3242 2906 3312 ejus
2935 3241 3193 3295 hostium
3225 3241 3443 3306 feritas,
3475 3257 3600 3312 quas
3633 3239 3690 3294 in
3724 3241 3876 3312 peri-

2229 3333 2426 3390 culum
2453 3333 2599 3386 sacri
2623 3330 2779 3385 illius
2801 3331 3010 3401 capitis
3033 3329 3395 3398 imminebat,
3414 3329 3876 3401 eorumdemque

2230 3421 2630 3492 improborum
2658 3420 3002 3492 perversitas
3034 3419 3104 3472 ad
3138 3419 3359 3472 nefaria
3379 3418 3724 3472 sustinenda
3741 3436 3875 3473 eum

2229 3516 2476 3583 cogeret.
2510 3511 2594 3564 Ad
2629 3525 2756 3564 eam
2791 3508 2968 3579 igitur
3000 3507 3372 3575 eludendam,
3397 3506 3712 3562 efaucibus
3737 3508 3875 3562 ado-

1649 3591 1952 3670 ἀφαιρεθείς
2008 3598 2112 3647 τῶν

2231 3580 2507 3655 rientium
2533 3616 2592 3653 se
2620 3599 2880 3652 virorum
2904 3601 3160 3669 ereptus,
3185 3613 3250 3651 ac
3279 3598 3388 3651 sub
3419 3611 3512 3650 me
3531 3596 3876 3668 degerejus-

2225 3707 2346 3757 sus,
2382 3690 2439 3744 in
2470 3689 2578 3743 hac
2610 3688 2751 3743 Urbe
2775 3681 2882 3742 ubi
2908 3690 3304 3742 commoratus
3336 3690 3446 3748 est,
3470 3685 3749 3739 omnibus
3780 3701 3876 3739 ne-

2225 3779 2495 3835 cessariis
2527 3778 2880 3834 abundavit:
2915 3776 3151 3830 tametsi
3183 3775 3312 3845 ejus
3342 3774 3619 3846 praeclara
3664 3774 3870 3842 virtus,

2224 3869 2438 3924 divinis
2472 3871 2616 3922 freta
2647 3866 2902 3932 auxiliis,
2959 3864 3212 3920 durioris
3265 3863 3507 3919 fortunas
3567 3862 3876 3934 vilipendit

2223 3975 2535 4013 aerumnas.
2561 3957 2812 4011 Proinde
2833 3955 2939 4010 etsi
2955 3955 3230 4010 dominus
3245 3953 3874 4009 nosterConetantinus

2223 4053 2546 4120 Augustus,
2580 4052 2745 4120 pater
2775 4062 2962 4113 meus,
3003 4049 3204 4099 vestra:
3249 4042 3643 4098 dilectissimae
3676 4043 3871 4114 pietati

2223 4139 2494 4195 eumdem
2547 4136 2889 4207 episcopum
2936 4134 3262 4197 restituere,
3314 4149 3378 4186 ac
3429 4132 3746 4204 pristinum
3780 4149 3872 4187 re-

2221 4229 2433 4282 ducere
2455 4225 2646 4281 locum
2673 4225 3033 4290 decreverat;
3059 4222 3197 4293 quia
3218 4225 3415 4276 tamen
3441 4220 3702 4276 humana
3720 4225 3873 4276 sorte

2221 4321 2678 4389 przeoccupatus,
2713 4319 3029 4384 antequam
3051 4316 3252 4365 votum
3272 4309 3576 4380 implesset
3594 4327 3767 4364 suum
3803 4327 3872 4365 ex

2220 4406 2328 4461 hac
2357 4405 2475 4458 vita
2507 4401 2797 4474 migravit,
2849 4405 3307 4454 consentaneum
3367 4397 3510 4451 mihi
3540 4397 3865 4452 existimavi

2218 4496 2360 4551 diva:
2386 4493 2679 4549 memoria:
2718 4488 3093 4562 imperatoris
3127 4487 3493 4560 propositum
3527 4485 3866 4542 haereditate

2217 4589 2521 4656 acceptum
2554 4579 2812 4650 exsequi.
2840 4579 3014 4633 Porro
3049 4576 3405 4632 Athanasius
3437 4580 3668 4646 quanta:
3699 4576 3868 4631 nobis

2225 4672 2570 4730 venerationi
2631 4670 2826 4734 luerit,
2875 4684 3008 4722 cum
3065 4667 3134 4720 ad
3195 4669 3574 4736 conspectum
3605 4669 3865 4720 vestrum

2215 4763 2454 4828 venerit,
2490 4758 2842 4833 agnoscetis.
2875 4757 2990 4811 Nec
3049 4755 3265 4809 mirum
3321 4758 3410 4809 est
3462 4753 3507 4808 si
3563 4753 3703 4825 quid
3736 4755 3863 4825 ejus

2215 4852 2404 4927 gratia
2473 4849 2705 4905 fecerim
2741 4864 2752 4903 :
2801 4847 2871 4902 ad
2929 4846 3037 4901 hoc
3086 4843 3243 4899 enim
3285 4849 3341 4899 et
3381 4843 3655 4898 desiderii
3687 4843 3864 4898 vestri

2209 5069 2318 5124 καί.
2345 5069 2407 5123 In
2440 5065 2611 5121 editis
2639 5059 2695 5116 ’δέ
2718 5063 2900 5118 deest.

2280 5144 2354 5214 (5)
2375 5135 2830 5214 llabeturapud
2863 5129 3243 5214 socratemml.
3273 5148 3342 5214 ii,
3377 5146 3426 5184 c.
3521 5147 3534 5194 ;
3588 5129 3864 5214 Sozome-

2209 5199 2349 5268 num
2375 5211 2412 5265 l.
2439 5227 2522 5273 III,
2557 5225 2606 5262 c.
2636 5211 2668 5260 2
2695 5199 2934 5273 ;"I‘heod
2972 5221 3102 5276 pag.
3136 5203 3208 5255 69
3238 5201 3668 5272 ;Nicephorum
3699 5203 3755 5254 et
3804 5199 3862 5253 in

2207 5285 2444 5360 Historia
2473 5283 2692 5360 triparl‘.
2801 5294 2875 5342 IV,
2911 5293 2959 5360 ι)ζ
3135 5344 3146 5358 ε
3259 5348 3285 5358 ﬂ

2278 5358 2352 5426 (6)
2383 5346 2604 5426 Theod.
2635 5354 2688 5426 et
2722 5346 3058 5426 S_oz.,.o'3-8?-:v
3079 5346 3188 5426 .1:pr
3219 5348 3339 5426 τῆς.

2277 5411 2352 5498 (7)
2383 5419 2695 5498 Κελευσθείς
2729 5411 3249 5498 ΞΟΟίΙῌῘΓὲ--ίάειξὶ
3287 5411 3676 5498 ἐκπλεοονάζειν.

2277 5485 2352 5569 {8)
2386 5497 2605 5569 Socrat.
2642 5493 2868 5547 Sozom.
2900 5495 2959 5569 et
3013 5488 3445 5569 Theod‘ore‘tus“
3471 5485 3531 5569 6"
3548 5490 3654 5569 τῇς
3688 5503 3858 5566 μακα-

2207 5556 2579 5634 ρίάςίινήμης
2615 5563 3035 5634 Κωνσταντῖνος,
3101 5564 3154 5634 et
3184 5559 3272 5634 ita1
3302 5557 3455 5634 legit
3493 5556 3858 5634 Epiphanius

2205 5615 2689 5695 ἓέιῖοἰξιιῗρεᾇυιο
2711 5615 3074 5708 postumae;
3109 5615 3477 5708 enatam-3m
3518 5615 3666 5708 {legi
3695 5627 3852 5708 Socr.

2201 5713 2326 5766 Soz.
2357 5709 2603 5775 Theod.,
2627 5695 2819 5762 sed.in
2849 5695 3022 5756 editis
3053 5695 3360 5754 AthanaSii
3394 5695 3578 5766 ἐπειδή
3608 5695 3852 5767 'deerat,
