4152 6428
256 458 375 520 4³07

793 462 860 523 8.
905 461 1329 524 ATHANASII
1373 459 1549 526 OPP.
1594 460 1800 523 PARS
1842 458 1890 518 Ῑ.
1928 492 2005 501 -—
2036 456 2458 520 HISTORICA
2501 456 2603 519 ET
2646 456 3133 520 DOGMATICA.

3552 460 3675 520 408

257 596 472 667 imago,
503 598 560 650 et
588 595 738 649 tanti
769 595 874 649 viri
908 595 1132 666 species
1181 612 1287 650 nos
1339 596 1520 651 movit
1567 597 1741 665 atque
1772 608 1905 647 con-

2024 586 2149 651 δοῦς
2193 591 2271 663 (9)
2320 588 2606 665 τετύχηκε,
2658 590 2945 664 γνώσεσθε.
2991 588 3063 642 Οὐ
3117 589 3220 663 γὰρ
3269 590 3574 662 θαυμαστὸν
3626 588 3680 645 εἷ’

258 684 476 739 citavit.
513 683 719 739 Divina
748 686 899 739 161
937 684 1299 756 providentia
1330 702 1433 740 vos
1465 687 1674 749 servet,
1709 680 1903 737 dilecti

258 772 487 829 fratres:
515 777 720 828 Datum
745 773 1019 841 Treviris,
1041 773 1266 829 decimo
1280 774 1488 848 quinto
1511 771 1786 828 calendas
1805 769 1906 825 Ju-

258 861 388 916 lias.

2014 698 2066 731 τι
2120 675 2165 732 δ’
2219 678 2278 732 ἂν
2334 679 2465 752 ὑπὲρ
2514 678 2677 733 αὐτοῦ
2725 677 3001 749 πεποίηκα
3032 698 3045 709 ·
3096 677 3187 733 καὶ
3235 680 3338 753 γὰρ
3386 680 3487 748 τὴν
3531 678 3671 753 ἐμὴν

2015 768 2198 843 ψυχὴν
2334 788 2393 822 τε
2434 772 2530 821 τοῦ
2581 768 2843 844 ὑμετέρου
2891 767 3061 822 πόθου
3122 766 3278 821 εἰκὼν
3335 767 3424 823 καὶ
3468 770 3531 823 τὸ
3573 775 3670 824 τοῦ

2014 854 2346 925 τηλικούτου
2395 855 2595 931 ἀνδρὸς·
2634 864 2829 933 σχῆμα
2874 856 2951 920 είς
2998 861 3160 911 τοῦτο
3208 855 3367 912 ἐκίνει
3416 859 3507 913 καὶ
3536 879 3671 936 προ-

258 949 496 1022 ἔτρεπεν.
528 952 589 1004 Ἥ
627 950 740 1005 θεία
769 950 999 1025 πρόνοια
1026 950 1167 1023 ὑμᾶς
1198 948 1520 1027 διαφυλάξαι
1548 950 1684 1023 (10),
1718 943 1990 1022 ἀγαπητοὶ
2021 942 2266 1025 ἀδελφοί.
2298 943 2488 1016 Ἐδόθη
2523 944 2630 1019 πρὸ
2663 942 2945 1001 δεκαπέντε
2981 942 3262 1000 καλανδῶν
3322 943 3564 1002 Ἰουλίων
3616 947 3668 1002 ἐν

256 1033 535 1112 Τριϐἐροις
569 1041 700 1113 (11).

326 1130 414 1184 88.
449 1130 595 1186 Cum
625 1130 809 1203 igitur
857 1130 969 1186 hac
1018 1131 1087 1187 de
1137 1148 1317 1187 causa
1373 1131 1433 1185 in
1467 1128 1687 1186 Gallias
1718 1126 1906 1182 simus

256 1219 514 1292 relegati,
549 1220 823 1291 quisnam
856 1219 1227 1292 imperatoris
1251 1218 1638 1291 propositum,
1663 1216 1903 1288 sangui-

256 1308 605 1380 nariumque
637 1309 1103 1365 Eusebianorum
1154 1309 1416 1364 animum
1469 1308 1604 1363 hinc
1636 1323 1749 1362 non
1781 1304 1904 1361 ani-

256 1396 625 1452 madvertat?
658 1398 793 1469 quis
825 1415 940 1453 non
971 1398 1167 1454 videat
1207 1399 1617 1469 imperatorem
1662 1395 1808 1450 illud
1839 1410 1906 1449 eo

255 1485 467 1556 egisse,
501 1491 565 1540 ut
597 1503 668 1541 ne
700 1487 986 1557 majorem
1016 1486 1101 1541 illi
1130 1486 1190 1540 in
1232 1503 1338 1541 nos
1387 1485 1707 1541 conﬂarent
1737 1501 1905 1540 cons-

256 1573 609 1647 pirationem
630 1574 658 1628 ?
682 1574 829 1629 Nam
861 1574 1112 1647 simplici
1147 1576 1342 1630 animo
1374 1591 1572 1630 aurem
1606 1574 1724 1630 illis
1770 1590 1909 1645 prae-

253 1663 403 1718 buit.
438 1667 557 1719 Hoc
588 1662 699 1719 fuit
729 1663 1191 1719 Eusebianorum
1226 1681 1412 1736 opus:
1448 1664 1569 1719 haec
1628 1664 1758 1736 ipsa
1789 1680 1905 1718 suae

255 1753 317 1807 in
349 1768 457 1808 nos
488 1752 939 1824 conspirationis
974 1753 1299 1808 molimina.
1349 1752 1492 1817 Quis
1541 1752 1661 1808 haec
1700 1752 1905 1807 adver-

255 1845 388 1898 tens
419 1858 535 1897 non
554 1842 805 1897 fateatur
827 1841 1047 1899 nullam
1072 1841 1499 1915 indulgentiam
1524 1846 1625 1897 aut
1653 1840 1906 1913 gratiam

257 1931 317 1987 in
351 1947 529 1987 causa
559 1936 761 1987 nostra
781 1930 977 1987 locum
1008 1931 1309 2000 habuisse,
1343 1932 1444 1988 sed
1471 1933 1604 2002 jure
1624 1934 1682 1987 et
1702 1930 1908 1986 merito

258 2024 485 2076 tantam
513 2021 920 2094 episcoporum
952 2022 1185 2076 turbam
1216 2026 1274 2077 et
1318 2021 1589 2094 privatim
1621 2019 1904 2093 singulos,

259 2116 315 2167 et
345 2115 731 2182 congregatos
760 2110 905 2166 talia
934 2110 993 2166 in
1023 2114 1285 2166 nostram
1337 2110 1737 2167 defensionem
1770 2126 1905 2165 con-

256 2200 585 2272 scripsisse,
652 2199 1145 2272 inimicorumque
1223 2198 1665 2272 sycophantiam
1738 2199 1904 2255 dam-

256 2289 477 2346 nasse?
507 2289 647 2356 Quis
691 2289 1021 2361 conspectis
1070 2289 1419 2361 hujusmodi
1467 2289 1646 2345 rebus
1676 2305 1791 2344 non
1824 2288 1905 2343 fa-

254 2382 450 2434 teatur
477 2377 785 2433 Valentem
811 2382 870 2433 et
899 2378 1207 2434 Ursacium
1230 2380 1367 2449 jure
1399 2393 1526 2434 sese
1560 2392 1690 2433 reos
1721 2376 1908 2433 decla-

256 2483 445 2539 rasse,
472 2482 538 2522 ac
558 2465 1310 2538 resipiscientes,ejusmodi
1342 2466 1567 2522 litteras
1598 2467 1905 2522 adversum

259 2570 319 2609 se
351 2554 795 2627 conscripsisse,
820 2555 975 2626 quod
999 2555 1220 2611 malent
1242 2554 1669 2628 aliquantisper
1689 2556 1908 2627 pudore

236 2640 519 2721 \suﬂ‘undi
536 2657 714 2712 quam
734 2646 1017 2697 aeternum
1033 2643 1529 2715 sycophantarum
1549 2642 1905 2716 supplicium

257 2730 419 2786 luere
431 2730 459 2784 ?

330 2818 421 2874 89.
458 2818 675 2874 Idcirco
733 2822 887 2875 recte
943 2825 1001 2875 et
1049 2822 1220 2892 juxta
1274 2820 1704 2878 ecclesiasticas
1749 2821 1905 2894 leges

257 2907 413 2964 beati
445 2907 836 2963 comministri
867 2909 1075 2977 nostri,
1101 2926 1234 2965 cum
1254 2909 1521 2965 nonnulli
1542 2909 1754 2965 dubias
1779 2927 1907 2966 esse

261 3013 354 3052 res
386 3000 620 3052 nostras
651 2997 1037 3067 afﬁrmarent,
1072 2998 1513 3070 niterenturque
1550 2999 1777 3069 judicia
1801 3016 1905 3071 pro

260 3086 430 3142 nobis
460 3085 577 3141 lata
604 3086 904 3157 abrogare,
935 3104 1224 3144 aerumnas
1256 3087 1550 3160 quaslibet
1592 3088 1901 3157 sustinere,

254 3176 315 3230 in
346 3175 739 3248 exsiliumque
778 3175 911 3248 pelli
964 3175 1322 3249 maluerunt,
1373 3193 1550 3248 quam
1595 3181 1681 3232 tot
1711 3180 1904 3235 tanto-

328 3319 404 3403 (9)
436 3319 597 3418 8301:.
631 3319 761 3374 Soz.
795 3318 1040 3388 Theod.,
1062 3315 1207 3393 τύχῃ
1237 3317 1579 3393 προσόψεως,
1612 3316 1747 3387 ὅσης
1778 3318 1905 3393 παρ’
1934 3352 1977 3418 C
2014 3322 2165 3418 cisse

260 3386 403 3462 ἂν.λοῦ
433 3386 640 3451 αἰδοῦς.

332 3464 450 3586 ἐμὲ(
480 3467 619 3534 Reg.
657 3457 993 3535 διαφυλάξει.
1027 3461 1186 3518 Socr.
1237 3467 1460 3518 Sozom.
1514 3462 1760 3529 Theod.,
1792 3458 1906 3516 δια-

372 3553 405 3585 α
437 3552 508 3586 οι.

299 3552 508 3588 υΛαζοι.

259 3531 694 3677 φυόᾖξῖιζῐίδόθη
748 3604 855 3672 πρὸ
905 3601 1192 3657 δεκαπέντε
1238 3599 1520 3657 καλανδῶν
1570 3600 1816 3658 Ἰουλίων
1854 3601 1906 3658 ἐν

268 3670 573 3751 Τριϐξροις·
623 3670 831 3751 patum
890 3678 1129 3732 Treviris
1178 3694 1251 3751 xv
1308 3677 1567 3732 calendas
1622 3678 1818 3751 Iulias,
1850 3676 1907 3731 id

261 3753 379 3814 est,
409 3748 475 3803 17
505 3748 680 3803 Junii.
708 3753 782 3820 De
795 3764 956 3820 anno
979 3754 1173 3803 autem
1197 3748 1503 3820 disputant
1535 3748 1907 3820 recentiores.

256 3819 527 3892 Valesius
556 3820 683 3883 337,
709 3818 807 3873 alii
839 3835 973 3892 vero
1006 3818 1346 3892 sequentem
1382 3821 1722 3892 assignant:
1748 3819 1909 3875 litem

256 3891 555 3946 resolvunt
581 3890 943 3963 Athanasius
972 3897 1028 3945 et
1056 3891 1470 3963 Theodoretus.
1511 3890 1633 3947 'llle
1689 3891 1749 3945 in
1781 3892 1909 3963 Epi-

253 3963 396 4035 stola
424 3962 495 4035 ad
522 3962 667 4016 solit.
702 3962 876 4035 paulo
910 3967 1042 4035 post
1073 3962 1337 4016 initium:
1362 3965 1536 4017 Ταῦτα
1555 3966 1907 4035 συνορῶντες,

257 4034 357 4105 ait,
418 4032 485 4105 o't_
527 4035 671 4105 τρεῖς
704 4028 972 4105 ’ἀδελιρόὴ
1016 4037 1416 4105 Κιυνσταντῖνος
1441 4077 1465 4105 ,γ
1514 4028 1908 4097 Κωνστάντιος,

257 4052 357 4099 ait,
418 4052 471 4085 οι
527 4052 671 4105 τρεις
722 4052 851 4085 αοεΛ
899 4052 972 4100 οι,
1019 4052 1453 4095 ιςωνσταντινος,
1516 4052 1908 4097 Ἀωνσταντιος,

254 4103 345 4156 καὶ
404 4102 711 4176 Κώνστας-,Ϋ
765 4052 1026 4176 ἐποῖησαν
1074 4103 1291 4176 πάντας-
1349 4104 1481 4176 μετᾷ
1534 4105 1751 4158 θάνατον
1806 4108 1910 4176 -τοῦ

254 4174 460 4248 πατρὸς
495 4170 803 4248 ἐπανελθεῖν
836 4170 922 4248 εἷςξ
956 4174 1055 4248 τὴν
1102 4170 1468 4248 πατρίδιαξκαὶ
1515 4177 1612 4248 τῂν
1672 4174 1907 4248 Ἐκκλη-

256 4244 758 4332 όιανοῃγροξὼαντες
808 4245 1078 4332 περὶωμέν
1116 4244 1229 4332 τῶν
1277 4244 1460 4332 ᾅλλων
1515 4244 1625 4319 ἰδίᾳ
1670 4251 1738 4320 τῇ
1786 4247 1908 4300 ἑκά-

256 4337 385 4371 στου
419 4313 736 4387 Ἐκκλησίᾳ-
770 4313 892 4390 περῖ
944 4313 1001 4370 δὲ
1050 4315 1367 4373 Ἀθανασίου
1414 4313 1760 4377 ταῦταίΗᾶἓσ
1787 4337 1910 4374 cum

254 4390 763 4445 animadverterent
788 4396 900 4445 tres
943 4393 1143 4461 fratres
1192 4391 1581 4447 Constantinus
1642 4391 1908 4447 Constan-

256 4463 367 4516 tius
399 4466 450 4516 et
482 4462 769 4527 Constans,
799 4466 915 4532 post
970 4466 1144 4533 patris
1173 4463 1402 4529 obitum,
1462 4480 1647 4519 omnes
1703 4466 1761 4518 in
1807 4480 1908 4534 pa-

255 4535 420 4587 triam
451 4538 504 4588 et
546 4534 841 4589 Ecclesium
887 4550 1055 4589 suam
1102 4537 1302 4590 reverti
1321 4537 1642 4605 jusserunt:
1671 4534 1911 4590 scriben-

255 4609 341 4677 tes;
387 4605 606 4675 quidem
654 4606 718 4661 de
765 4606 1005 4677 singulis
1060 4606 1130 4659 ad
1183 4608 1437 4677 proprias
1492 4607 1782 4669 Ecclesias,
1811 4676 1819 4677 ί
1844 4605 1911 4661 de

254 4674 553 4732 Athanasio
583 4685 763 4733 autem
794 4674 871 4731 ad
895 4676 1040 4731 hunc
1067 4674 1308 4733 moduni.
1345 4678 1481 4732 Post
1518 4678 1637 4733 haec
1669 4676 1907 4747 subjici-

253 4751 351 4820 tur
375 4747 611 4802 initium
628 4748 905 4820 epistolae
926 4749 1580 4819 Constantinijunioris.
1601 4749 1747 4804 Hinc
1770 4766 1909 4805 sane

253 4818 438 4890 liquet
468 4835 537 4874 ex
566 4818 742 4874 triu‘m
792 4820 1039 4875 fratrum
1091 4818 1377 4875 consenSu
1427 4820 1658 4875 exsules
1704 4837 1909 4876 omnes

252 4891 548 4945 revocalos
583 4890 800 4958 fuisse;
836 4896 1013 4962 atque
1043 4892 1187 4946 adeo
1213 4907 1329 4946 non
1361 4909 1513 4946 anno
1544 4893 1647 4946 337
1681 4893 1781 4946 sed
1814 4908 1901 4947 se-

298 4967 489 5025 uente,
524 4963 589 5016 17
616 4962 776 5017 Junii
811 4963 1087 5034 scriptam
1150 4962 1333 5018 fuisse
1391 4963 1541 5018 hanc
1572 4962 1901 5034 epistolam,

298 4979 489 5025 uence,
524 4979 584 5016 ιι
616 4979 776 5017 dumi
811 4979 1087 5033 scriptam
1150 4979 1333 5018 ruisse
1391 4979 1541 5018 nano
1572 4979 1901 5034 epistolam,

250 4979 761 5105 gthanasiumque
792 5051 861 5088 ex
887 5033 1091 5089 Galliis
1125 5034 1539 5089 rediisse.Cum
1574 5036 1730 5090 enim
1750 5052 1903 5091 anno

248 5106 353 5159 337
383 5105 516 5160 Maii
570 5105 846 5161 vicesima
896 5105 1154 5161 secunda
1217 5105 1640 5161 Constantinus
1671 5106 1901 5175 obierit,

248 5177 342 5231 vix
374 5177 439 5230 17
467 5176 628 5232 Junii
660 5178 925 5247 ejusdem
949 5177 1085 5232 anni
1110 5178 1383 5231 nuntium
1407 5178 1905 5234 obitusConstan-

252 5247 493 5319 tinopoli
527 5249 795 5304 Treviros
828 5247 1160 5320 pervenisse
1182 5249 1471 5304 credatur.
1496 5249 1612 5304 Nec
1634 5254 1752 5305 tam
1779 5267 1900 5306 mo-

248 5318 393 5374 dico
419 5321 702 5391 temporis
750 5318 1076 5385 intervallo,
1143 5320 1351 5375 fratres
1419 5321 1670 5376 Caesares
1739 5326 1902 5376 tanto

247 5391 454 5463 itinere
512 5392 814 5462 disjuncti,
875 5408 941 5445 ac
993 5395 1112 5445 tam
1154 5391 1431 5463 gravibus
1470 5392 1613 5446 alias
1654 5393 1903 5463 negotiis

250 5460 556 5532 implicati,
602 5460 901 5517 communi
942 5460 1235 5518 consensu
1277 5462 1508 5518 exsules
1539 5460 1806 5518 revoca—re
1836 5480 1902 5519 ac

248 5532 477 5604 litteras
508 5532 812 5589 exsulibus
844 5534 1076 5588 tradere
1099 5538 1432 5604 potuerunt.
1459 5535 1593 5598 Quae
1616 5536 1903 5591 sententia

251 5602 907 5677 validissimeﬁrmatur
935 5602 1280 5677 Theodoreti
1302 5605 1640 5661 testimonio
1660 5606 1759 5677 qui
1792 5605 1901 5674 1.1:,

250 5691 298 5729 c.
342 5674 500 5748 l,ait
542 5675 931 5730 Athanasium
982 5675 1216 5731 biennio
1266 5681 1322 5730 et
1371 5682 1623 5748 quatuor
1670 5674 1904 5733 menses

249 5745 502 5800 Treviris
533 5752 982 5801 commoratum.
1006 5751 1149 5801 Cum
1172 5748 1326 5802 enim
1352 5745 1711 5803 Athanasius
1737 5749 1905 5805 initio

253 5816 528 5891 θοοὶ-336
558 5816 827 5872 Treviros
859 5818 1174 5886 advenerit,
1206 5834 1322 5874 non
1369 5820 1559 5891 potuit
1609 5820 1721 5876 nisi
1752 5837 1904 5877 anno

251 5887 359 5940 338
386 5886 537 5942 duos
567 5901 756 5941 annos
785 5891 841 5943 et
882 5892 1135 5957 quatuor
1177 5886 1411 5945 menses
1458 5890 1678 5946 ibidem
1709 5892 1905 5947 confe-

1936 4722 1985 4787 D

2086 1127 2174 1182 88.
2205 1123 2414 1195 Ταύτης
2462 1131 2565 1195 τῆς
2612 1124 2787 1187 αἰτίας
2838 1119 3028 1195 οὔσης,
3079 1121 3147 1178 δι’
3175 1124 3241 1195 ἢν
3284 1123 3668 1200 ἀπεστάλημεν

2017 1212 2093 1275 εἷς
2122 1214 2219 1275 τὰς
2274 1211 2539 1284 Γαλλίας,
2592 1213 2678 1276 τίς
2733 1211 2898 1268 πάλιν
2945 1214 3006 1268 οὑ
3050 1219 3248 1289 συνορᾷ
3292 1216 3393 1284 τὴν
3448 1215 3543 1289 μὲν
3572 1218 3670 1270 τοῦ

2021 1301 2291 1375 βασιλέως
2319 1302 2652 1379 προαίρεσιν,
2681 1304 2781 1373 τὴν
2829 1300 2887 1357 δὲ
2931 1307 3038 1357 τῶν
3088 1303 3213 1379 περί
3264 1298 3525 1361 Εὐσέϐιον
3572 1326 3669 1382 φο-

2015 1392 2171 1459 νικὴν
2202 1392 2409 1466 ψυχὴν,
2445 1392 2536 1446 καὶ
2587 1390 2669 1446 ὅτι
2715 1396 2876 1447 τοῦτο
2928 1391 3199 1462 πεποίηκε
3258 1390 3536 1467 βασιλεύς,
3578 1391 3672 1448 ’ίνα

2021 1482 2095 1553 μὴ
2126 1501 2248 1534 τινα
2280 1480 2497 1553 μείζονα
2527 1482 2721 1549 σκευὴν
2758 1478 3198 1555 βουλεύσωνται;
3233 1482 3536 1553 Ἐπτςκουσε
3565 1484 3669 1559 γὰρ

2018 1566 2230 1632 ἁπλῶς-
2293 1569 2440 1641 Αὕτη
2502 1574 2611 1625 τῶν
2669 1570 2793 1647 περὶ
2852 1565 3110 1625 Εὐσέϐιον
3165 1573 3201 1639 ἡ
3260 1571 3476 1646 πρᾶξις,
3531 1571 3667 1642 αὕτη

2014 1665 2115 1727 τῆς
2147 1660 2262 1713 καθ’
2291 1661 2452 1733 ἡμῶν
2504 1667 2767 1729 συσκευῆς
2815 1661 2850 1729 ἡ
2906 1661 3151 1735 μηχανή.
3203 1658 3295 1722 Τίς
3340 1666 3508 1715 ταῦτα
3553 1682 3672 1716 συν-

2017 1754 2155 1825 ορῶν
2216 1748 2315 1803 οὐκ
2371 1747 2430 1803 ἂν
2488 1746 2629 1804 εἷίποι
2694 1745 2861 1822 μηδὲν
2915 1749 3053 1803 κατὰ
3109 1750 3269 1826 χάριν
3325 1749 3457 1827 ὑπὲρ
3506 1753 3667 1825 ἡμῶν

2016 1840 2384 1914 γεγενῆσθαι,
2448 1836 2571 1892 ἀλλ’
2644 1837 2728 1893 ὅτι
2792 1836 3017 1900 δικαίως
3090 1838 3178 1893 καὶ
3239 1837 3556 1903 ἀκολούθως
3605 1842 3669 1896 τὸ

2013 1932 2269 1982 τοσοῦτον
2310 1924 2522 1996 πλῆθος
2573 1930 2680 1981 τῶν
2729 1926 3035 1982 ἐπισκόπων
3088 1927 3180 1982 καὶ
3231 1925 3343 2000 ἰδίᾳ
3370 1928 3460 1982 καὶ
3508 1934 3668 2005 κοινῇ

2013 2021 2237 2072 τοιαῦτα
2270 2017 2362 2091 μὲν
2412 2017 2544 2092 ὑπὲρ
2575 2019 2733 2089 ἡμῶν
2784 2010 3006 2093 ἔγραψε,
3053 2023 3153 2087 τῆς
3205 2014 3263 2072 δὲ
3310 2017 3670 2097 συκοφαντίας

2014 2110 2121 2160 τῶν
2156 2105 2365 2181 ἐχθρῶν
2412 2105 2753 2179 κατέγνωσαν
2785 2124 2798 2174 ;
2830 2105 2923 2167 Τίς
2967 2106 3035 2160 τὰ
3076 2110 3301 2161 τοιαῦτα
3346 2105 3437 2161 καὶ
3474 2112 3670 2162 τοσαῦ-

2014 2217 2081 2251 τα
2111 2198 2222 2269 (12)
2253 2196 2531 2271 θεωρήσας
2577 2194 2676 2249 οὐκ
2722 2194 2781 2249 ἂν
2831 2192 2997 2264 ε’ίποι,
3046 2193 3131 2250 ὅτι
3176 2195 3266 2250 καὶ
3314 2195 3536 2268 Οὐάλης
3577 2197 3668 2251 καὶ

2017 2284 2314 2359 Οὖρσάκιος
2373 2283 2598 2345 εἰκότως
2654 2284 2993 2359 κατέγνωσαν
3061 2284 3262 2340 ἑαυτῶν
3297 2329 3311 2355 ,
3359 2286 3451 2340 καὶ
3513 2306 3671 2359 μετα-

2016 2374 2367 2449 γινώσκοντες
2421 2377 2646 2427 τοιαῦτα
2692 2374 2807 2428 καθ’
2856 2373 3057 2428 ἑαυτῶν
3118 2369 3386 2449 ἔγραψαν,
3452 2372 3666 2449 μᾶλλον

2018 2461 2269 2536 ἑλόμενοι
2323 2461 2460 2536 πρὸς
2524 2460 2713 2536 ὀλίγον
2763 2461 3135 2538 αἰσχυνθῆναι,
3192 2463 3229 2531 ἢ
3276 2462 3514 2526 αἷωνίως
3566 2466 3667 2533 τὴν

2014 2556 2122 2607 τῶν
2156 2554 2500 2629 συκοφαντῶν
2536 2550 2822 2624 ὑπομεῖναι
2848 2549 3118 2626 τιμωρίαν
3149 2552 3299 2626 (13);

2086 2821 2175 2875 89.
2209 2819 2307 2888 Διὰ
2370 2838 2532 2872 τουτο
2590 2819 2694 2893 γὰρ
2749 2816 2977 2881 δικαίως
3052 2818 3143 2873 καὶ
3201 2816 3666 2891 ἐκκλησιαστικῶς

2013 2912 2298 2969 ποιοῦντες
2326 2907 2417 2962 καὶ
2448 2908 2501 2962 οἳ
2535 2908 2791 2982 μακάριοι
2824 2904 3241 2983 συλλειτουργοὶ
3261 2910 3296 2977 ἡ
3308 2913 3444 2981 μῶν,
3476 2907 3661 2980 ἐπειδή

2011 3016 2156 3059 τινες
2204 2990 2491 3074 ἀμφίϐολα
2539 2996 2605 3050 τὰ
2650 2997 2766 3051 καθ’
2813 2998 2961 3069 ἡμᾶς
3013 2989 3238 3071 ἔλεγον,
3289 2998 3379 3051 καὶ
3431 2996 3659 3070 ἀκυροῦν

2015 3080 2291 3154 ἐϐιάζοντο
2349 3086 2417 3139 τὰ
2474 3085 2604 3162 ὑπὲρ
2662 3087 2823 3158 ἡμῶν
2879 3085 3128 3160 κριθέντα
3158 3132 3173 3159 ,
3234 3087 3407 3141 πάντα
3475 3087 3655 3141 παθεῖν

2016 3175 2304 3249 ὑπέμειναν
2363 3178 2479 3248 νῦν,
2522 3172 2614 3229 καῖ
2653 3173 2992 3251 ἐξορισθῆναι
3042 3172 3275 3247 εἵλοντο,
3328 3176 3363 3244 ἢ
3397 3173 3661 3251 λυομένας

2090 3390 2331 3474 (12λΚαὶ
2360 3393 2595 3474 τοσαῦτα
2653 3391 2817 3447 deest
2855 3390 2925 3474 ‘in
2955 3390 3163 3474 “edit.”
3182 3391 3388 3474 Pa_ris.,
3449 3392 3549 3474 sed
3604 3391 3664 3447 in

2017 3461 2159 3521 edit.
2182 3461 2465 3536 Commel.
2487 3468 2547 3519 et
2576 3463 2813 3536 inmissi.
2855 3461 3089 3536 legitur.
3125 3462 3302 3536 Paulo
3335 3469 3468 3534 post
3500 3463 3664 3536 Reg,

2016 3553 2352 3607 κατιγνωσαν
2387 3534 2614 3607 ἑαυτῶνἸ
2646 3534 2824 3607 Editi,
2853 3532 3195 3607 κατέγνωσαν
3225 3532 3421 3588 αὐτῶν.

2090 3554 2141 3587 τι
2182 3553 2352 3587 νωσαν
2387 3553 2610 3587 εαυτων.
2647 3553 2824 3599 nam,
2853 3553 3195 3607 κατεγνωσαν
3225 3553 3421 3588 αυτων.

2090 3553 2202 3678 (13)
2233 3606 2357 3673 His,
2387 3603 2424 3674 ἤ
2457 3604 2693 3683 αἰωνίως
2723 3606 2822 3683 τὴν
2880 3608 2987 3659 τῶν
3048 3609 3398 3683 συκοφαντῶν
3440 3604 3668 3683 ὑπομεῖ-

2016 3677 2420 3751 ναιτεμωριαν,
2465 3678 2820 3751 terminatur
2874 3677 3133 3751 secunda
3189 3677 3324 3751 pars
3364 3678 3662 3751 Apologiee.

2018 3749 2319 3821 Siquidem
2353 3753 2672 3821 antequam
2703 3749 2867 3805 illam
2899 3750 3180 3821 ordiatur,
3200 3750 3281 3804 ait
3304 3749 3666 3821 Athanasius

2019 3820 2183 3876 num.
2215 3822 2283 3875 58
2314 3837 2376 3877 se
2406 3820 2567 3876 illam
2600 3822 2729 3876 ideo
2775 3820 3218 3892 conscripsisse,
3251 3827 3316 3876 ut
3358 3820 3551 3892 palam
3584 3822 3666 3877 l'a-

2019 3898 2172 3965 ceret
2200 3894 2505 3965 episcopos
2536 3910 2651 3948 non
2673 3893 2862 3965 gratia
2886 3893 3163 3965 quadam,
3187 3894 3287 3947 sed
3308 3893 3444 3965 jure
3466 3901 3523 3947 et
3545 3909 3665 3949 me-

2020 3965 2132 4020 rito
2163 3964 2767 4020 litterasinnocenties
2817 3964 2935 4019 suae
2988 3969 3170 4019 testes
3218 3964 3563 4035 scripsisse:
3600 3970 3664 4019 ut

2019 4037 2160 4091 item
2204 4035 2534 4090 ostenderet
2576 4034 2879 4090 Ursacium
2926 4039 2984 4091 et
3032 4034 3666 4092 Valentem’veritatem

2018 4125 2148 4163 esse
2169 4124 2273 4163 con
2285 4108 2487 4162 fessos.
2521 4107 2911 4180 Quamobrem
2933 4108 3257 4180 Apologiam
3278 4108 3567 4180 claudens
3584 4108 3665 4163 ait

2021 4196 2082 4235 se
2112 4184 2433 4251 utrumque
2462 4176 2829 4249 exploratum
2862 4176 3428 4251 fecisse,'episcopos
3446 4179 3668 4235 scilicet

2015 4254 2236 4323 jureget
2268 4248 2491 4323 merito,
2525 4254 2582 4323 et
2613 4250 2950 4323 non_gratia
2976 4248 3232 4321 quadam
3286 4248 3387 4323 pro
3419 4267 3529 4323 sua
3559 4253 3664 4305 de-

2023 4321 2284 4377 fensione
2333 4320 2675 4392 scripsisse:
2729 4320 3034 4377 Ursacium
3095 4339 3228 4378 vero
3277 4320 3334 4377 et
3362 4322 3669 4377 Valentem

2012 4395 2149 4467 jure
2179 4409 2239 4447 se
2272 4408 2400 4467 reos
2431 4392 2785 4467 declarasse,
2817 4392 3213 4465 maluisseque
3245 4393 3670 4467 aliquantisper

2021 4465 2243 4539 pudore
2257 4464 2551 4539 suffundi,
2573 4481 2750 4539 quam
2774 4466 2832 4519 in
2861 4464 3143 4521 aeternum
3168 4464 3664 4539 syeOphantarum

2021 4535 2375 4609 supplicium
2406 4536 2585 4609 luere.
2620 4536 2721 4609 His
2751 4541 2951 4609 autem
2982 4535 3327 4609 postremis'
3349 4538 3542 4593 verbis
3574 4539 3663 4592 in-

2019 4607 2223 4663 nuitur
2250 4607 2555 4663 Ursacium
2583 4611 2641 4662 et
2672 4607 2967 4664 Valentem
2985 4607 3259 4663 nondum
3292 4609 3349 4663 in
3394 4610 3661 4665 Arianam

2020 4680 2381 4752 impietatem
2413 4678 2710 4747 recidisse,
2734 4681 2971 4750 quando
2995 4680 3353 4736 Athanasius
3377 4680 3528 4736 hanc
3548 4682 3669 4736 edi-

2018 4752 2106 4806 dit
2136 4752 2492 4822 Apologiam:
2533 4756 2707 4822 atque
2754 4752 2897 4807 adeo
2942 4768 3072 4807 eam
3122 4762 3255 4807 ante
3304 4768 3528 4807 annum
3561 4753 3666 4807 352

2020 4822 2297 4893 scriptam
2332 4822 2533 4888 fuisse,
2571 4830 2636 4878 ut
2689 4822 2856 4879 initio
2903 4823 3266 4879 monuimus.
3327 4824 3398 4879 Et
3448 4840 3582 4880 vero
3615 4824 3664 4880 si

2019 4894 2292 4950 Ursacius
2342 4900 2399 4950 et
2446 4893 2662 4950 Valens
2707 4894 3012 4951 Athanasii
3061 4896 3502 4951 accusatoribus
3531 4911 3661 4951 sese

2008 4968 2133 5037 jam
2165 4966 2356 5021 denuo
2377 4965 2724 5033 sociassent,
2759 4966 2847 5037 uti
2878 4966 3064 5021 fecere
3103 4967 3258 5021 circa
3305 4984 3526 5023 annum
3559 4968 3659 5022 351

2013 5037 2101 5092 vel
2132 5038 2258 5101 352,
2291 5054 2365 5092 an
2398 5036 2673 5110 credibile
2698 5042 2786 5093 est
2816 5036 2959 5092 illud
2993 5038 3065 5093 ab
3096 5037 3417 5093 Athanasio
3435 5045 3667 5110 praeter-

2015 5110 2367 5164 mittendum
2401 5108 2630 5180 fuisse?
2679 5126 2753 5163 an
2803 5126 3003 5165 eorum
3058 5108 3523 5180 resipiscentiam
3563 5128 3667 5166 ex-

2016 5186 2175 5262 metu
2190 5180 2403 5262 aeterni
2423 5179 2707 5262 supplicii
2740 5180 3075 5262 provenisse
3105 5179 3461 5262 Athanasius
3485 5182 3663 5262 dixisf

2014 5256 2123 5317 set,
2155 5251 2203 5325 si
2240 5251 2525 5325 Ursacius
2547 5251 2670 5325 ipse
2693 5251 2826 5307 cum
2847 5251 3090 5325 Valente
3108 5254 3233 5325 jam
3267 5252 3667 5309 declarassent

2014 5340 2076 5395 se
2105 5323 2228 5379 solo
2260 5322 2600 5395 Constantis
2652 5323 3021 5395 imperatoris
3073 5322 3231 5380 metu
3281 5340 3348 5380 eo
3378 5326 3667 5381 adductos

2012 5394 2217 5460 fuisse,
2253 5399 2316 5449 ut
2348 5394 2750 5449 accusationes
2782 5412 2920 5451 suas
2952 5394 3131 5451 falsas
3164 5412 3293 5451 esse
3345 5396 3667 5453 faterentur

2014 5483 2143 5550 quae
2174 5470 2369 5548 tamen
2400 5465 2858 5550 veraeblfuissentg
2884 5467 3036 5550 quod
3069 5467 3203 5550 illos
3228 5473 3439 5550 postea
3460 5469 3666 5550 [egisse

2013 5536 2371 5593 Athanasius
2401 5541 2654 5593 testatur
2693 5537 2753 5592 in
2801 5536 2986 5609 Epist.
3037 5539 3109 5593 ad
3155 5536 3487 5595 solitarios?
3517 5541 3664 5609 Hinc

2015 5625 2157 5684 sane
2188 5608 2372 5679 liquet
2398 5625 2466 5663 ea
2494 5624 2622 5679 quae
2653 5607 3117 5684 subsequuntur,
3154 5610 3251 5663 Διά
3276 5612 3439 5663 τοῦτο
3459 5610 3563 5684 γὰρ
3588 5607 3664 5665 δι-

2012 5677 2205 5746 καίως,
2246 5677 2601 5752 etc.,usque
2658 5681 2732 5735 ad
2789 5677 2987 5752 finem,
3047 5682 3147 5745 diu
3206 5687 3339 5752 post
3381 5677 3663 5751 scriptam

2014 5750 2708 5824 Apologiamhicaddita
2741 5751 2942 5819 fuisse,
2994 5757 3125 5824 post
3163 5750 3396 5824 lapsum
3442 5750 3666 5811 scilicet

2016 5820 2230 5879 Liberii
2261 5828 2320 5880 et
2350 5820 2531 5890 Hosii,
2564 5823 2665 5894 qui
2696 5823 2756 5879 in
2786 5820 3011 5880 annum
3038 5824 3196 5880 cadit
3222 5820 3347 5881 357.
