4152 6376
381 355 499 414 409

1511 343 1906 404 APOLOGIA
1950 340 2264 402 CONTRA
2307 341 2672 401 ARIANOS.

3684 344 3801 403 410

383 481 514 539 ἰδεῖν
563 482 660 543 τας
708 477 981 534 τοσούτων
1035 480 1148 551 (14)
1192 474 1497 531 ἐπισκόπων
1548 474 1769 550 κρίσεις.
1821 472 1886 526 Ei
1941 471 2032 543 μὲν

2162 488 2398 542 rumque
2427 472 2835 551 episcoporum
2857 473 3086 544 judicia
3117 475 3397 548 abrogata
3430 492 3686 530 cernere.
3741 477 3799 530 Si

383 570 473 627 οὖν
501 571 637 647 πρὸς
684 571 812 631 τοὺς
869 565 1338 644 βουλευσαμένους
1387 565 1501 620 καθ’
1551 565 1734 636 ἡμῶν,
1787 561 1877 614 καὶ
1928 559 2035 613 ἐθε-

383 660 654 731 λήσαντας
711 657 1001 732 ἀνατρέψαι
1057 657 1124 710 τὰ
1181 655 1312 730 ὑπὲρ
1371 656 1532 726 ἡμῶν
1569 699 1582 724 ,
1645 649 1774 725 ἄχρι
1852 647 2034 723 λόγων

381 752 516 820 ἦσαν
549 748 825 808 ἐνστάντες
855 747 908 800 o't
941 746 1162 816 ἀληθῶς
1214 742 1521 814 ἐπίσκοποι,
1553 741 1587 809 ἢ
1620 739 1878 814 τυχόντες
1925 739 2039 811 (15)

382 841 519 908 ἦσαν
582 835 790 912 ἄνδρες,
844 833 990 889 ἀλλὰ
1043 835 1116 908 μὴ
1171 833 1454 904 ἐπισήμων
1512 828 1750 898 πόλεων,
1809 828 1897 881 καὶ
1946 847 2032 880 κε-

383 927 552 1005 φαλαὶ
599 925 872 981 τοσούτων
923 921 1258 992 Ἐκκλησιῶν
1295 942 1306 953 ·
1352 922 1418 990 ἦν
1473 921 1530 974 ἂν
1585 916 1902 973 ὑποπτεύειν
1958 917 2032 988 μη

386 1017 486 1093 ἄρα
517 1035 888 1091 κεχαρισμένα
938 1011 1102 1067 πάλιν
1152 1015 1430 1072 ποιοῦντες
1485 1007 1894 1085 ἐφιλονείκησαν
1949 1005 2037 1059 καὶ

383 1112 473 1161 νῦν
537 1105 710 1160 αὐτοί⁸
770 1103 859 1158 ὅτε
919 1101 976 1158 δὲ
1031 1102 1121 1156 καὶ
1187 1099 1481 1175 λογισμοῖς
1540 1097 1748 1152 ἔπειθον
1807 1096 1895 1150 καὶ
1959 1094 2037 1164 ἐξ·

383 1196 609 1272 ορισμὸν
659 1194 979 1266 ὑπέμειναν,
1029 1191 1120 1245 καὶ
1161 1185 1420 1264 Λιϐέριός
1474 1188 1612 1242 ἐστιν
1669 1188 1696 1240 ὁ
1753 1193 1855 1254 τῆς
1909 1185 2038 1238 Ῥώ-

389 1307 498 1359 μης
545 1283 860 1344 ἐπίσκοποςο
917 1281 961 1336 εἰ
1011 1282 1114 1356 γὰρ
1159 1281 1248 1333 καὶ
1299 1278 1375 1340 εἰς
1423 1275 1584 1339 τέλος
1635 1276 1741 1351 οὐχ
1791 1275 2040 1346 ὑπέμεινε

382 1379 479 1428 τοῦ
530 1373 822 1448 ἐξορισμοῦ
870 1372 968 1439 τήν
1019 1367 1227 1442 θλίψιν,
1280 1367 1433 1440 ὅμως
1486 1364 1682 1420 διετίαν
1734 1363 1940 1437 ἔμεινεν
1988 1362 2038 1416 ἐν

383 1469 452 1537 τῇ
490 1461 755 1536 μετοικίᾳ,
788 1460 1069 1534 γινώσκων
1115 1459 1215 1526 τὴν
1247 1459 1361 1511 καθ’
1407 1459 1567 1529 ἡμῶν
1621 1456 1902 1522 συσδιιευήν⁹
1952 1450 2039 1505 καὶ

389 1549 574 1619 ἐπειδὴ
607 1551 698 1604 καὶ
727 1552 909 1609 ’Ὀσιος
941 1549 968 1602 ὁ
1008 1543 1174 1622 μέγας
1227 1546 1361 1614 ἐστὶ,
1411 1545 1501 1622 καὶ
1547 1546 1598 1599 οἱ
1643 1550 1744 1612 τῆς
1788 1539 2039 1610 Ἰταλίας,

387 1641 477 1695 καὶ
533 1641 584 1693 οἱ
631 1643 737 1692 τῶν
791 1635 1060 1706 Γαλλιῶν,
1105 1635 1194 1689 καὶ
1250 1633 1414 1689 ἄλλοι
1461 1633 1565 1687 ἀπὸ
1627 1635 1898 1700 Σπανιῶν,
1952 1628 2043 1683 καί

392 1730 484 1784 ἀπ’
515 1727 814 1803 Αἰγύπτου,
858 1726 946 1780 καὶ
979 1721 1206 1794 Λιϐύης,
1258 1725 1348 1778 καὶ
1399 1724 1451 1776 οἱ
1500 1730 1601 1790 τῆς
1651 1717 2042 1780 Ιῐενταπόλεως

389 1817 607 1879 πάντεςο
656 1817 701 1870 εἰ
750 1817 853 1890 γὰρ
907 1815 1158 1888 καὶ,πρὸς
1214 1811 1404 1887 ὀλίγον
1455 1806 1714 1888 φοϐηθεὶς
1763 1811 1857 1870 τὰς
1892 1809 2042 1862 ἀπει-
2082 1849 2122 1912 Β

391 1907 490 1970 λας
551 1904 967 1975 Κωνσταντίου,
1028 1901 1200 1973 ἔδοξεν
1262 1901 1485 1962 ἐκείνοις
1551 1902 1624 1972 μὴ
1689 1898 1987 1973 ἀντιλέγειν
2032 1942 2045 1965 ,

392 1995 517 2051 ἀλλ’
618 1992 803 2062 πολλή
842 1993 932 2068 βία
962 1992 1050 2046 καὶ
1081 1993 1371 2066 τυραννικὴ
1409 1988 1619 2060 ἐξουσία
1650 1986 2040 2054 Κωνσταντίου,

388 2083 479 2140 καῖ
527 2085 582 2139 αἱ
634 2082 884 2138 πλεῖσται
943 2077 1125 2157 ὕϐρεις
1183 2081 1272 2135 καὶ
1329 2078 1545 2154 πληγαὶ
1599 2081 1710 2150 (16)
1761 2074 2043 2143 δεικνῦσιν,

389 2172 471 2226 ὅτι
508 2172 582 2243 μὴ
615 2168 914 2243 καταγνοὺς
947 2171 1130 2240 ήμῶν,
1169 2164 1315 2220 ἀλλὰ
1357 2163 1445 2220 διὰ
1491 2167 1590 2234 την
1639 2164 1908 2218 ἀσθένειαν
1948 2168 2045 2217 τοῦ

389 2264 576 2336 γήρως
607 2259 668 2312 ού
710 2258 885 2336 φέρων
920 2259 1014 2318 τὰς
1046 2255 1292 2331 πληγὰς,
1341 2256 1476 2330 πρὸς
1527 2252 1714 2330 καιρὸν
1766 2253 1896 2323 εἶξεν
1951 2252 2044 2306 αύ-

387 2354 524 2410 τοῖς’
561 2345 767 2402 δίκαιόν
821 2345 931 2399 ἐστι
981 2343 1146 2399 πλέον
1198 2344 1418 2414 πάντας,
1480 2344 1554 2404 ὡς
1595 2340 2047 2420 πληροφορηθέν-

386 2459 506 2506 τας,
541 2439 714 2508 μισεῖν
763 2434 853 2488 καὶ
903 2433 1327 2511 ἀποστρέφεσθαι
1373 2433 1473 2500 την
1529 2429 1760 2500 ἀδικίαν,
1813 2430 1901 2485 καὶ
1950 2433 2049 2499 τήν

397 2523 516 2598 βίαν
545 2525 644 2592 τήν
694 2525 810 2577 καθ’
849 2525 1009 2594 ἡμῶν
1062 2523 1383 2598 γενομένην·
1438 2519 1527 2575 διὰ
1572 2522 1633 2575 τὸ
1688 2519 1925 2594 μάλιστα
1979 2519 2046 2575 δι’

393 2611 545 2666 οὐδὲν
594 2608 776 2686 ἕτερον
810 2611 844 2680 ἢ
881 2608 969 2664 διὰ
1014 2612 1112 2679 τὴν
1162 2611 1446 2684 Ἀριιανην
1498 2605 1739 2664 ἀσέϐειαν
1791 2611 2048 2680 συνέστη-

390 2722 479 2756 κεν
511 2703 661 2773 ἡμᾶς
688 2705 855 2755 ταῦτα
885 2700 1228 2756 πεπονθέναι.

2147 561 2342 631 itaque
2372 562 2489 616 veri
2522 562 2778 634 episc0pi
2813 562 3030 618 nostris
3072 563 3540 629 insidiatoribus,
3593 565 3690 635 qui
3737 582 3804 620 ea

2148 666 2275 720 qua
2309 667 2412 721 pro
2443 651 2610 705 nobis
2629 657 2795 723 gesta
2815 657 3013 707 essent
3036 653 3371 710 subvertere
3411 653 3798 720 conabantur,

2148 739 2456 793 verborum
2485 744 2713 794 tantum
2746 745 2917 795 tenus
2949 741 3349 798 obstitissent:
3387 747 3488 797 aut
3519 742 3566 797 si
3597 741 3800 814 vulga-

2151 845 2240 882 res
2272 829 2519 884 fuissent
2549 828 2836 894 homines,
2891 836 2950 884 et
2989 848 3104 885 non
3166 833 3514 887 eximiarum
3567 831 3801 886 urbium

2150 917 2406 988 episcopi
2440 922 2496 971 et
2543 917 2736 988 capita
2782 924 3083 974 tantarum
3142 920 3555 988 ecclesiarum;
3607 919 3802 991 suspi-

2151 1007 2403 1061 candum
2433 1022 2574 1061 sane
2607 1007 2771 1072 foret,
2807 1024 2876 1062 ne
2926 1010 3114 1080 gratia
3144 1011 3399 1080 quadam
3458 1015 3558 1064 aut
3610 1011 3803 1065 favore

2155 1096 2335 1161 ducti,
2371 1096 2553 1150 nostri
2588 1112 2766 1150 causa
2788 1096 2912 1166 jam
2946 1100 3384 1154 contenderent.
3420 1101 3562 1154 Cum
3605 1102 3800 1154 autem

2154 1202 2268 1240 non
2315 1184 2505 1240 solum
2563 1185 2754 1239 verbis
2813 1185 2956 1240 mihi
3005 1188 3352 1257 patrocinati
3404 1189 3641 1254 fuerint,
3701 1188 3802 1242 sed

2154 1274 2328 1328 etiam
2361 1273 2633 1328 exsilium
2668 1274 3075 1344 sustinuerint,
3109 1291 3176 1330 ex
3206 1293 3525 1348 eorumque
3557 1293 3802 1332 numero

2154 1363 2228 1417 sit
2275 1363 2538 1418 Liberius
2598 1363 2793 1417 Romae
2853 1364 3207 1435 episcopus;
3265 1383 3396 1420 nam
3447 1368 3552 1421 etsi
3611 1366 3800 1421 exsilii

2155 1467 2448 1505 mrumnas
2481 1451 2552 1504 ad
2587 1451 2763 1505 finem
2790 1468 2975 1522 usque
3007 1469 3121 1506 non
3163 1452 3511 1523 toleraverit,
3545 1459 3803 1510 attamen

2154 1539 2309 1610 quod
2341 1539 2654 1594 conﬂatam
2688 1540 2745 1593 in
2778 1557 2884 1594 nos
2916 1541 3409 1610 conspirationem
3441 1543 3616 1614 probe
3666 1561 3802 1598 nos-

2155 1633 2261 1697 set,
2297 1627 2530 1683 biennio
2561 1627 2620 1681 in
2654 1627 2842 1684 exsilii
2885 1627 3009 1684 loco
3050 1634 3140 1685 est
3183 1637 3618 1686 commoratus:
3671 1648 3805 1688 cum

2154 1718 2327 1773 etiam
2362 1734 2430 1772 ex
2460 1734 2662 1773 eorum
2695 1734 2938 1773 numero
2971 1719 3048 1774 sit
3097 1735 3347 1792 magnus
3423 1719 3518 1775 ille
3570 1721 3808 1791 Hosius,

2156 1823 2290 1862 cum
2321 1806 2612 1878 episcopis
2643 1807 2840 1875 Italiae,
2874 1806 3220 1876 Galliarum,
3255 1814 3311 1864 et
3341 1809 3472 1864 aliis
3504 1827 3571 1865 ex
3600 1810 3809 1882 Hispa-

2157 1896 2292 1963 niis,
2325 1913 2394 1951 ex
2423 1898 2687 1969 Egypto,
2721 1902 2776 1952 et
2806 1914 2875 1952 ex
2924 1897 3100 1970 Libya
3151 1898 3545 1972 omnibusque
3602 1900 3808 1956 Penta-

2157 1985 2355 2057 poleos
2386 1987 2710 2058 episcopis:
2747 2004 2883 2042 nam
2933 1987 3068 2042 licet
3093 1987 3190 2043 ille
3242 1988 3313 2044 ad
3359 1991 3530 2046 breve
3574 1994 3809 2062 tempus

2158 2075 2478 2130 Constantii
2513 2076 2688 2131 minis
2736 2077 3100 2148 perterritus,
3147 2078 3219 2133 iis
3252 2096 3366 2133 non
3421 2079 3703 2136 obsistere
3731 2079 3812 2135 vi-

2157 2165 2409 2232 deretur,
2443 2170 2700 2221 attamen
2733 2165 2940 2237 ingens
2972 2165 3072 2220 illa
3102 2167 3209 2234 vis,
3272 2173 3449 2240 atque
3498 2169 3804 2241 tyrannica

2156 2252 2480 2308 Constantii
2512 2259 2792 2325 potestas,
2828 2271 3050 2309 necnon
3107 2254 3370 2326 plurima}
3430 2257 3540 2312 illae
3599 2263 3806 2314 contu-

2159 2341 2343 2398 melia:
2374 2347 2430 2398 et
2457 2342 2636 2415 plaga:
2671 2343 2862 2414 palam
2896 2343 3118 2398 faciunt
3147 2361 3303 2411 eum,
3331 2363 3443 2401 non
3477 2347 3633 2418 quod
3678 2365 3809 2403 reos

2160 2448 2265 2486 nos
2298 2431 2680 2501 existimaret,
2717 2433 2815 2486 sed
2850 2433 3002 2501 quod
3038 2441 3274 2504 propter
3303 2437 3620 2491 senectutis
3649 2437 3811 2491 inﬁr-

2164 2522 2422 2575 mitatem
2478 2521 2680 2592 plagas
2713 2538 2827 2576 non
2881 2523 3033 2578 182
3088 2524 3280 2588 ferret,
3314 2524 3383 2578 ad
3427 2531 3660 2596 tempus
3691 2525 3810 2580 illis

2166 2611 2454 2677 cessisse;
2508 2627 2741 2681 azquum
2800 2628 2940 2666 sane
2999 2612 3171 2666 fuerit
3217 2630 3441 2683 omnes,
3476 2619 3674 2686 utpote
3728 2616 3812 2671 rei

2162 2698 2436 2754 certiores
2469 2699 2671 2769 factos,
2724 2699 3075 2770 injustitiam
3138 2700 3320 2756 illam:
3374 2707 3431 2756 et
3477 2702 3592 2756 vim
3640 2704 3813 2759 nobis

389 2791 617 2848 illatam
670 2792 859 2864 magis
891 2808 957 2847 ac
987 2791 1176 2864 magis
1205 2791 1398 2847 odisse
1428 2807 1494 2846 ac
1524 2790 2001 2863 perhorrescere:
2043 2791 2170 2846 ideo
2226 2788 2477 2843 maxime
2536 2789 2692 2859 quod
2744 2787 3156 2860 planissimum
3211 2791 3288 2846 sit
3334 2809 3441 2846 nos
3485 2791 3649 2848 nulla
3700 2793 3816 2848 alia

392 2883 464 2938 de
494 2899 673 2938 causa
703 2898 881 2954 quam
913 2887 1150 2955 propter
1179 2882 1457 2938 Arianam
1491 2882 1874 2954 impietatem,
1907 2879 2250 2951 hujusmodi
2285 2877 2438 2932 mala
2469 2893 2598 2932 esse
2619 2893 2948 2949 perpessos.

468 2973 559 3026 90.
593 2967 662 3023 Ei’
704 2991 789 3030 τις
835 2967 1012 3024 τοίνυν
1068 2967 1320 3044 βούλεται
1366 2970 1433 3024 τά
1479 2990 1537 3024 τε
1594 2971 1708 3022 καθ’
1755 2972 1904 3040 ἡμᾶς
1959 2989 2048 3041 μα-

2236 2967 2324 3022 90.
2358 2966 2412 3020 Si
2448 2966 2580 3038 quis
2635 2966 2812 3038 igitur
2839 2985 2964 3038 qua
3024 2985 3130 3024 nos
3176 2975 3461 3042 spectant,
3515 2971 3814 3044 simulque

406 3060 514 3113 θεῖν
568 3055 658 3110 καί
715 3059 815 3126 τήν
859 3056 979 3132 περί
1027 3053 1283 3112 Εὐσέϐιον
1336 3056 1689 3135 συκοφαντίαν
1727 3102 1740 3128 ,
1793 3057 2055 3132 ἐντυγχα-

401 3147 536 3201 νέτω
592 3152 709 3208 τοῖς
787 3152 1068 3224 γραφεῖσιν
1148 3147 1279 3219 ὑπὲρ
1351 3149 1512 3218 ἡμῶν
1545 3193 1558 3216 ,
1603 3147 1693 3200 καὶ
1782 3147 2052 3221 μάρτυρας

401 3234 597 3310 ἐχέτω,
633 3235 739 3309 οὐχ
766 3231 880 3302 ἕνα,
913 3237 947 3303 ἢ
983 3232 1104 3303 δύο,
1134 3237 1168 3303 ἦ
1201 3241 1369 3310 τρεῖς,
1397 3233 1542 3289 ἀλλὰ
1562 3241 1816 3290 τοσοῦτον
1841 3234 2053 3304 πλῆθος

402 3323 735 3378 ἐπισκόπωνο
787 3325 876 3377 καὶ
927 3324 1133 3378 τούτων
1190 3322 1461 3398 μάρτυρας
1513 3323 1677 3379 πάλιν
1729 3320 2054 3397 λαμϐανέτω

400 3411 529 3472 τοὺς
559 3411 682 3482 περὶ
717 3406 965 3484 Λιϐέριον
1018 3411 1104 3466 καί
1150 3415 1356 3483 Ὅσιον,
1407 3413 1496 3467 καὶ
1542 3412 1669 3475 τοὺς
1717 3413 1807 3467 σὺν
1848 3413 2053 3483 αὐτοῖς,

405 3497 598 3562 θ’ίτινες
637 3546 650 3567 ,
709 3501 939 3573 ὁρῶντες
998 3503 1064 3555 τὰ
1115 3503 1230 3556 καθ’
1294 3505 1454 3574 ἡμῶν
1515 3502 1782 3576 γενόμενα
1815 3551 1829 3575 ,
1884 3504 2056 3558 πάντα

403 3591 585 3643 παθεῖν
622 3590 936 3662 ὑπέμειναν,
1037 3589 1328 3664 προδοῦναι
1378 3593 1477 3660 την
1528 3592 1784 3662 ἀλήθειαν
1835 3592 1924 3646 καὶ
1954 3594 2054 3661 την

406 3679 537 3754 ὑπὲρ
588 3682 747 3751 ἡμῶν
799 3679 996 3753 κρίσιν·
1050 3686 1212 3735 τοῦτο
1263 3678 1320 3735 δέ
1367 3679 1552 3743 καλῶς
1593 3684 1706 3754 (17)
1753 3682 1842 3735 καὶ
1893 3681 2056 3744 ὁσίως

409 3766 800 3842 βουλευόμενοι
856 3771 1215 3840 πεποιήκασιν
1275 3769 1307 3822 ἃ
1365 3770 1466 3845 γὰρ
1526 3770 1676 3824 οὗτοι
1732 3771 2055 3842 πεπόνθασι,

404 3853 641 3912 δείκνυσι
676 3858 769 3929 μὲν
796 3859 896 3926 τήν
932 3859 1190 3934 ἀνάγκην,
1235 3859 1302 3928 ἣν
1351 3859 1441 3913 καὶ
1474 3860 1529 3912 οἱ
1562 3857 1727 3915 ἄλλοι
1770 3859 2054 3915 ἐπίσκοποι

402 3946 749 4003 πεπόνθασιν.
783 3949 932 4002 Ἔστι
969 3945 1026 4002 δὲ
1058 3949 1427 4022 ὑπομνήματα
1479 3949 1572 4021 μὲν
1621 3950 1710 4003 καὶ
1751 3948 2058 4026 στηλογρα-

406 4034 502 4113 φία
528 4037 666 4091 κατὰ
717 4043 820 4105 τῆς
875 4037 1153 4113 Ἀρειανῆς
1205 4039 1466 4114 αἱρέσεως
1508 4039 1597 4092 καὶ
1639 4045 1742 4108 τῆς
1789 4039 2058 4111 πονηρίας

406 4129 514 4178 τῶν
548 4130 912 4202 συκοφαντῶν,
941 4127 1304 4202 ὑπογραμμὸς
1337 4124 1393 4181 δὲ
1421 4127 1510 4182 καὶ
1540 4126 1708 4190 τύπος
1757 4133 1878 4191 τοῖς
1929 4130 2061 4202 μετὰ

402 4219 574 4268 ταῦτα
621 4215 994 4288 γιγνομένοις,
1032 4216 1387 4291 ἀγωνίζεσθαι
1443 4217 1536 4290 μὲν
1593 4218 1724 4293 ὑπὲρ
1771 4225 1872 4286 τῆς
1922 4216 2058 4289 ἀλη-

403 4301 547 4364 θείας
585 4303 749 4378 μέχρι
779 4305 1026 4374 θανάτου,
1078 4305 1498 4384 ἀποστρέφεσθαι
1551 4304 1607 4360 δὲ
1645 4309 1743 4376 τὴν
1780 4309 2057 4382 Ἀρειανην

404 4388 606 4466 α’ίρεσιν
642 4435 655 4460 ,
709 4393 1094 4468 Χριστομάχον
1155 4393 1332 4466 οὖσαν,
1385 4394 1475 4448 καὶ
1529 4400 1626 4449 τοῦ
1682 4397 2059 4472 Ἀντιχρίστου

403 4477 740 4556 πρόδρομον,
781 4483 854 4553 μὴ
890 4482 1156 4536 πιστεύειν
1213 4480 1270 4536 δὲ
1311 4490 1426 4545 τοῖς
1475 4486 1590 4538 καθ’
1633 4489 1794 4558 ἡμῶν
1847 4486 2056 4561 ἐπιχει-

407 4573 560 4642 ροῦσι
614 4567 816 4644 λέγειν.
871 4569 1205 4639 Ἀξιόπιστος
1264 4573 1365 4647 γὰρ
1422 4573 1510 4626 καὶ
1571 4575 1727 4644 ἱκανὴ
1793 4575 2062 4650 μαρτυρία

405 4662 513 4712 τῶν
540 4657 800 4713 τοιούτων
835 4659 924 4713 καὶ
971 4658 1243 4714 τοσούτων
1296 4660 1600 4717 ἐπισκόπων
1652 4665 1686 4732 ἡ
1724 4663 1854 4738 ὑπὲρ
1895 4667 2057 4738 ἡμῶν

411 4743 684 4821 ἀπολογία
712 4748 801 4801 καὶ
833 4750 1042 4825 ψῆφος.

482 4911 596 4982 (14)
630 4910 801 4983 Reg”
830 4914 936 4983 τῶν
967 4911 1264 4970 τοσούτων.

481 4981 595 5052 (15)
628 4981 936 5063 Reg—"iet
961 4982 1251 5063 τυχὸντες.-
1271 4985 1452 5042 Paulo
1482 4993 1617 5059 post
1668 4989 1839 5063 _Reg._,
1890 4991 1954 5063 ᾕν
2000 4989 2057 5046 ἄν

411 5051 755 5142 ὕποπτεύειιῖ·
789 5054 940 5110 Editi
982 5051 1118 5112 véi‘o
1175 5059 1374 5113 minus
1427 5051 1600 5129 recte,
1659 5060 1724 5128 ἦν
1760 5051 1869 5115 ἶύεθ
1901 5051 2060 5118 ’τύπο-

410 5144 646 5180 πτευειν.

2165 3055 2626 3111 Eusebianorum
2687 3057 3130 3128 sycophantiam
3183 3058 3439 3114 ediscere
3496 3061 3714 3132 cupiat,
3767 3062 3815 3116 is

2165 3162 2292 3216 qua:
2319 3144 2502 3199 nostri
2534 3143 2722 3216 gratia
2754 3146 2969 3216 scripta
2999 3150 3137 3200 sunt
3166 3146 3340 3218 legat,
3389 3152 3684 3220 testesque
3716 3167 3813 3204 ac-

2165 3234 2364 3305 cipiat,
2399 3250 2511 3288 non
2543 3250 2725 3287 unum
2760 3239 2861 3288 aut
2891 3235 3060 3304 duos,
3121 3234 3203 3289 vel
3249 3242 3385 3305 tres,
3437 3238 3538 3292 sed
3588 3243 3814 3293 tantam

2164 3323 2571 3395 episcoporum
2607 3322 3081 3390 multitudinem;
3117 3329 3294 3379 testes
3326 3325 3535 3380 iterum
3591 3333 3808 3393 sumat,

2165 3412 2466 3466 Liberium.
2509 3417 2564 3466 et
2595 3412 2857 3477 Hosium,
2891 3429 3213 3484 eorumque
3262 3415 3469 3481 socios,
3524 3415 3624 3486 qui
3673 3432 3809 3472 cum

2167 3501 2474 3555 adversum
2540 3517 2646 3555 nos
2701 3506 2864 3571 gesta
2915 3501 3168 3556 facinora
3227 3503 3648 3574 conspicerent,
3714 3521 3810 3560 ex-

2167 3596 2352 3644 trema
2383 3590 2497 3660 pati
2528 3589 3073 3662 maluerunt,quam
3105 3596 3206 3647 aut
3234 3591 3557 3662 veritatem,
3593 3595 3812 3665 autju-

2165 3679 2385 3734 (licium
2431 3681 2614 3734 nostri
2669 3681 2856 3750 gratia
2915 3681 3117 3735 datum
3177 3683 3454 3753 prodere:
3513 3683 3691 3755 idque
3748 3701 3818 3739 ex

2168 3770 2314 3823 bono
2346 3774 2403 3822 et
2435 3773 2636 3824 sancto
2669 3768 2910 3824 consilio
2941 3775 3187 3841 egerunt
3216 3797 3228 3838 ;
3283 3770 3437 3826 mala
3477 3772 3632 3827 enim
3688 3791 3814 3844 quae

2168 3857 2266 3912 isti
2301 3857 2557 3928 perpessi
2589 3862 2748 3922 sunt,
2781 3875 2954 3926 quam
2986 3859 3100 3914 vim
3135 3858 3231 3914 alii
3269 3877 3503 3932 quoque
3556 3863 3815 3934 episcopi

2171 3945 2533 4017 pertulerint,
2567 3946 2850 4001 indicant.
2885 3948 3036 4002 Sunt
3065 3953 3258 4005 autem
3320 3967 3386 4005 ea
3443 3951 3572 4022 ipsa
3617 3969 3820 4007 monu-

2172 4039 2365 4090 menta
2395 4041 2451 4089 et
2480 4034 2631 4106 cippi
2664 4040 2866 4090 contra
2896 4037 3172 4092 Arianam
3206 4038 3494 4106 haeresim,
3535 4046 3592 4096 et
3621 4048 3822 4097 contra

2169 4124 2663 4196 symphantarum
2699 4124 2982 4181 malitiam
3016 4132 3203 4182 erecta
3229 4146 3240 4182 :
3269 4133 3406 4183 sunt
3434 4129 3608 4184 etiam
3634 4130 3823 4186 forma

2169 4221 2225 4268 et
2253 4212 2552 4284 exemplar
2584 4213 2830 4285 posteris
2865 4215 3101 4281 nostris,
3137 4221 3333 4316 utpro
3367 4219 3606 4273 veritate
3630 4236 3819 4290 usque

2172 4303 2238 4356 ad
2275 4307 2522 4358 mortem
2555 4303 2870 4369 decertent,
2906 4303 3300 4376 Arianamq'ue
3331 4306 3623 4372 haeresim,
3666 4307 3825 4362 Chri-

2172 4397 2260 4446 sto
2293 4391 2612 4457 inimicam,
2646 4397 2704 4446 et
2735 4392 3076 4447 Antichristi
3130 4395 3511 4466 prodromum
3567 4397 3808 4465 perhor-

2173 4486 2426 4547 rescant,
2461 4497 2646 4551 neque
2680 4480 2796 4535 illis
2829 4482 3138 4537 adversum
3173 4500 3278 4538 nos
3324 4483 3701 4554 loquentibus
3756 4486 3823 4540 ﬁ-

2173 4569 2300 4623 dem
2333 4568 2603 4623 habeant.
2637 4569 2917 4641 Apologia
2947 4571 3104 4625 enim
3136 4571 3602 4643 suffragiumque
3634 4577 3717 4627 tot
3757 4590 3822 4628 ac

2173 4656 2378 4712 tolium
2408 4657 2815 4729 episcoporum
2851 4677 2954 4730 pro
2987 4660 3098 4714 ﬁde
3157 4660 3332 4732 digno
3383 4660 3816 4733 sufficientique

2172 4747 2515 4802 innocentiae
2543 4751 2754 4802 nostrae
2788 4748 3123 4804 testimonio
3155 4749 3426 4805 habenda
3445 4755 3600 4805 sunt.

2242 4907 2353 5034 (16)
2387 4909 2553 4989 Reg"
2588 4905 2805 4992 πληγαί
2839 4910 2988 4964 Editi
3021 4927 3175 4978 vero,
3211 4906 3452 4980 απειλαῗ,
3511 4927 3688 4982 quam
3747 4911 3826 4966 sit

2242 4997 2303 5034 ra
2357 4986 2524 5034 ectio.
2557 4980 2824 5034 dubium.

2169 4997 2303 5034 vera
2336 4980 2524 5048 lectio,
2557 4980 2824 5034 dubium.

2243 5052 2355 5120 (17)
2415 5047 2579 5122 Reg,
2637 5055 2800 5104 τοῦτο
2864 5047 2921 5105 δέ
2975 5050 3184 5113 καλῶς.
3259 5052 3430 5123 Editi,

2170 5136 2374 5199 καλῶς’

3508 5056 3668 5106 τοῦτο
3735 5051 3826 5106 καί
