4152 6382
416 409 535 467 413
1242 405 1344 467 DE
1388 406 1769 468 DECRETIS
1814 406 2150 467 NICIENzE
2195 407 2510 467 SYNODl.
2546 440 2621 452 -—
2650 405 3048 469 MONITUM.
3711 414 3832 472 414

417 544 476 610 9,
509 537 854 624 hzsv‘erbis:
884 547 997 620 Χρή
1023 547 1125 624 γὰρ
1147 543 1486 624 ἐἰδέναιηὸτι
1518 546 1579 600 τὸ
1610 546 1893 624 ἀγένητον⁷
1927 544 2013 624 ξδιί
2033 545 2206 624 ἐνὸς-ν
2236 546 2606 624 γραφόμενον,
2656 547 2718 601 τὸ
2745 544 3000 624 ἄκτισςιτον-
3024 543 3150 624 ἤτοι
3189 548 3266 624 μὴ
3297 546 3585 621 γενόμενον
3619 551 3822 622 σημαί-

416 639 509 673 νει.
546 615 616 670 Τὸ
650 614 706 671 δὲ
737 614 1046 692 ἀγεννηὲτονξ
1081 614 1167 672 διὰ
1195 624 1302 672 τῶν
1338 617 1431 672 δύο
1462 640 1518 672 νν
1553 614 1892 694 γραφόμενον
1923 615 2089 686 δηλοῖ
2118 617 2179 670 τὸ
2326 614 2742 692 γέννηθὲν.......
2777 620 2920 672 Κατὰ
2951 619 3044 690 μὲν
3078 614 3279 672 οὖν’τὸ
3311 614 3524 694 inparem;
3561 614 3824 693 mpawb-

420 719 577 770 μενον
606 703 948 752 κοινωνοῦσιν
978 698 1034 751 αἱ
1057 703 1201 771 τρεῖς
1233 705 1331 766 τῆς
1366 697 1522 772 ἁγίας
1551 697 1819 766 Θεὸτητος
1855 699 2100 773 ὑπὲρθεοι
2131 697 2453 760 ὑποστάσεις
2487 697 2772 770 ὁμοούσιοι
2805 699 2908 774 γὰρ
2958 697 3048 752 καὶ
3081 697 3322 752 ἅκτιστοι
3358 698 3665 775 ὑπάρχουσι
3693 703 3830 754 κατὰ

417 774 473 832 δὲ
501 778 561 832 τὸ
595 776 837 852 δεύτερον
874 777 1270 850 σημαινόμενον
1307 775 1580 850 οὐδαμῶς·
1622 777 1787 850 μόνος
1820 779 1922 852 γὰρ
1956 778 1982 832 ὁ
2011 778 2198 852 Πατὴρ
2242 778 2555 852 ἀγέννητος·
2592 777 2652 830 οὐ
2685 779 2787 852 γὰρ
2831 777 2880 847 ἐξ
2913 778 3095 851 ἑτέρας
3130 777 3270 832 ἐστὶν
3306 778 3452 850 αὐτῷ
3485 774 3829 842 ὑποστάσεως

414 866 476 920 τὸ
507 867 662 920 εἶναι.
697 859 773 919 1d
799 868 908 918 est:
959 860 1293 920 Sciendum
1318 865 1410 920 est
1441 879 1652 920 vocem
1684 867 1998 940 ἀγέννητον,
2037 879 2054 938 ι

2196 880 2394 922 unum
2420 881 2444 913 ν
2476 860 2798 938 scriptam,
2861 861 3216 937 signiﬁcare
3249 862 3419 939 quod
3472 863 3824 923 increatum

418 946 529 1010 est,
566 941 692 1000 sive
718 941 887 1018 quod
919 961 1045 1000 non
1077 949 1170 1001 est
1199 943 1457 1001 factum.
1495 945 1572 1001 At
1601 961 1721 1001 vox
1758 949 2070 1022 ἀγέννητον,
2107 949 2215 1020 per
2246 943 2371 1000 duo
2402 970 2457 1001 νν
2495 941 2748 1022 scripta,
2787 941 3098 1022 significat
3127 943 3297 1018 quod
3329 961 3454 1002 non
3509 949 3602 1002 est
3646 943 3823 1020 geni-

416 1026 680 1102 tum.....
718 1023 808 1080 Ea
831 1039 958 1102 rvox
991 1023 1335 1082 secundum
1367 1022 1637 1100 primam
1670 1021 2195 1100 signiﬁcationem
2228 1021 2582 1082 communis
2611 1027 2704 1102 est
2734 1021 2933 1102 tribus
2964 1027 3199 1082 sanctae
3230 1022 3575 1083 divinitatis
3619 1023 3824 1102 hypo-

419 1101 688 1161 stasibus
717 1101 1116 1161 divinissimis
1141 1121 1154 1174 ;
1190 1121 1334 1162 nam
1370 1103 1936 1163 consubstantiales
1966 1110 2112 1164 sunt
2143 1110 2204 1164 et
2226 1104 2522 1163 increatae
2552 1120 2564 1159 :
2592 1101 2700 1160 sed
2725 1101 2910 1178 juxta
2930 1104 3270 1162 secundam
3299 1101 3825 1180 signiﬁcatiOnem

417 1201 542 1241 non
573 1187 666 1242 est
696 1183 1066 1262 communis,
1103 1184 1412 1261 siquidem
1445 1184 1612 1242 solus
1643 1185 1829 1243 Pater
1859 1189 1954 1244 est
1984 1189 2305 1262 ἀγέννητος,
2342 1203 2459 1242 ηοη
2486 1183 2740 1260 genitus,
2775 1182 3010 1259 quippe
3042 1184 3149 1260 qui
3182 1201 3307 1242 non
3341 1185 3420 1243 sit
3449 1203 3524 1243 ex
3559 1184 3683 1244 alia
3713 1184 3824 1262 hy-

416 1263 673 1343 postasi.
708 1261 948 1343 Eadem,
971 1263 1206 1323 totidem
1237 1263 1428 1324 verbis
1457 1272 1692 1323 exstant
1719 1265 1779 1323 in
1811 1263 1962 1323 libro
1997 1268 2082 1323 De
2116 1266 2224 1327 SS.
2261 1264 2593 1336 Trinitate,
2627 1282 2757 1342 cap.
2803 1266 2864 1334 8,
2902 1262 2965 1320 in
2993 1262 3113 1341 fine
3175 1265 3320 1322 tomi
3357 1264 3435 1324 V1
3465 1263 3718 1343 Operum
3748 1261 3822 1325 S.

422 1341 651 1422 Cyrilli
679 1342 1094 1404 Alexandrini.

496 1424 652 1505 Ylll.
693 1422 934 1483 Videtur
964 1433 1155 1483 tamen
1185 1425 1443 1504 antiquis
1499 1424 1884 1504 scriptoribus
1917 1426 2118 1505 ignota
2140 1426 2322 1505 fuisse
2351 1420 2700 1505 hujusmodi
2726 1420 3046 1505 distinctio.
3079 1420 3351 1505 Namque
3411 1421 3645 1505 icero,
3678 1427 3825 1505 T_us-

415 1504 622 1583 culan.
656 1521 697 1576 Ι,
732 1507 793 1562 τὸ
823 1507 1080 1583 ἀγένητον
1129 1502 1334 1576 vertit,
1357 1505 1418 1564 id
1453 1502 1630 1583 cujus
1663 1506 1836 1564 nulla
1866 1513 1959 1564 est
1989 1502 2188 1581 origo,
2223 1514 2300 1576 et,
2335 1504 2504 1581 quod
2538 1521 2662 1562 non
2697 1502 2898 1583 oritur
2928 1503 3026 1561 vel
3058 1503 3367 1562 nascitur:
3404 1504 3488 1562 sic
3521 1506 3674 1563 enim
3707 1503 3825 1564 haec

414 1582 684 1643 Platonis
719 1585 777 1641 in
807 1582 1075 1644 Phaedro
1105 1584 1284 1645 verba
1309 1582 1691 1664 νεάίὶἰίςάρκὴ
1728 1588 1784 1644 δὲ
1817 1592 2054 1665 ἀγένητα

2183 1585 2414 1662 ’ἰηοίρίἰ
2462 1590 2671 1642 autem
2708 1582 2880 1640 nulla
2911 1590 3004 1642 est
3037 1583 3213 1658 origo
3241 1600 3252 1640 :
3310 1588 3526 1659 Ἐπειδή
3555 1587 3610 1643 δὲ
3632 1589 3823 1664 ἀγένη-

413 1669 503 1723 τόν
535 1669 668 1739 ἐστι,
701 1665 870 1741 quod
898 1665 948 1724 si
979 1684 1288 1743 nusquam
1322 1665 1544 1746 oritur,
1580 1672 1629 1740 ἐξ
1662 1671 1900 1746 ἀνάγκης
1934 1674 2053 1746 ἀγέν

2185 1695 2194 1724 ν
2227 1692 2291 1746 τεΔ
2316 1671 2404 1724 καὶ
2439 1671 2694 1746 ἀθάνατον
2729 1669 2880 1742 ψυχὴ
2920 1666 2977 1746 ἄν
3015 1665 3121 1738 εἷή,
3151 1669 3376 1722 natura
3399 1665 3590 1723 animi
3623 1683 3825 1746 neque

417 1751 566 1804 nata
597 1750 762 1804 certe
792 1751 907 1816 est,
943 1751 1004 1804 et
1035 1753 1270 1804 aeterna
1296 1753 1409 1805 est.
1462 1745 1666 1804 Verum
1697 1743 1797 1803 nec
1831 1745 1926 1805 illi
1950 1743 2130 1809 etiam
2189 1743 2468 1806 videntur
2492 1745 2750 1824 posuisse
2779 1744 3097 1802 discrimen
3133 1752 3312 1824 imter
3341 1763 3456 1802 non
3511 1745 3682 1804 nasci
3711 1743 3828 1804 Sive

417 1842 541 1885 non
573 1824 769 1902 gigni,
802 1835 856 1884 et
886 1844 1012 1885 non
1045 1826 1200 1885 ﬁeri.
1251 1825 1321 1885 S.
1356 1825 1636 1885 Hilarius
1671 1824 1820 1885 libro
1854 1827 2085 1890 Contra
2140 1823 2600 1896 Constantium,
2637 1844 2798 1882 num.
2839 1826 2934 1890 l6,
2971 1823 3226 1882 eamdem
3260 1843 3449 1884 vocem
3507 1824 3706 1884 reddit
3731 1825 3827 1884 in-

417 1905 810 1986 nascibilem,
840 1908 959 1965 nisi
982 1906 1140 1984 forte
1171 1906 1379 1984 legerit
1409 1911 1702 1986 ἀγέννητον
1740 1908 2057 1969 Novitates
2092 1925 2336 1981 vocum,
2376 1906 2575 1985 inquit
2622 1904 2727 1986 ille
2755 1902 2835 1965 ad
2869 1903 3308 1986 Constantium,
3364 1905 3472 1965 sed
3530 1907 3829 1984 profanas

416 1985 680 2045 devitari
704 1985 887 2063 jubet
916 1987 1275 2065 Apostolus.
1307 1990 1397 2046 Tu
1430 1984 1542 2046 cur
1571 1987 1706 2064 pias
1738 1989 2038 2063 excludis,
2077 2007 2219 2050 cnm
2255 1984 2601 2065 praesertim
2634 1985 2713 2044 ab
2745 2003 2817 2044 eo
2849 1984 3086 2044 dictum
3125 1985 3240 2044 sit:
3305 2007 3333 2038 α
3368 1987 3584 2047 Omnis
3613 1987 3828 2064 Scrip-

413 2072 558 2126 tura
589 2067 886 2126 divinitus
915 2068 1218 2146 inspirata
1249 2067 1419 2126 utilis
1450 2074 1544 2126 est
1570 2066 2031 2130 ‘tlimascibilem
2063 2069 2366 2146 scriptum
2401 2083 2713 2146 nusquam
2748 2065 2923 2146 legis,
2980 2066 3265 2142 nunquid
3297 2071 3359 2124 et
3407 2066 3529 2126 hoc
3579 2085 3820 2144 negan-

415 2147 565 2206 dum
596 2147 735 2220 erit,
770 2148 919 2225 quia
946 2144 1178 2208 novum
1211 2153 1303 2208 est
1332 2149 1360 2205 ?
1395 2146 1675 2207 Notanda
1727 2167 1957 2228 quoque
2022 2144 2376 2211 Tertulliani
2404 2145 2606 2228 verba,
2640 2146 2749 2225 qui
2775 2144 2927 2228 libro
2953 2149 3071 2228 _De
3103 2145 3337 2217 anima,
3372 2165 3502 2226 cap.
3537 2151 3597 2218 4,
3631 2166 3829 2207 vocem

414 2234 676 2308 ἀγένητον
715 2224 806 2287 exi
827 2228 1096 2288 Platonis
1127 2228 1250 2288 loco
1274 2228 1458 2306 paulo
1485 2236 1623 2288 ante
1651 2224 1830 2287 citato
1857 2224 2040 2290 simul
2071 2233 2356 2289 innatum
2389 2234 2451 2286 et
2481 2224 2781 2286 infectum
2815 2224 3030 2308 reddit.
3063 2224 3464 2308 Consequens
3504 2229 3669 2287 enim
3707 2233 3823 2300 est,

414 2306 632 2387 inquit,
670 2314 737 2368 ut
766 2328 842 2368 ex
875 2311 982 2368 Dei
1014 2309 1165 2368 ﬂatu
1199 2309 1475 2368 animam
1510 2309 2057 2386 professi,initium
2091 2311 2148 2370 ei
2177 2311 2571 2386 deputemus.
2607 2308 2734 2366 Hoc
2766 2306 2945 2365 Plato
2978 2307 3272 2378 excludit,
3298 2324 3355 2366 IN
3381 2324 3594 2368 NATAM
3621 2326 3690 2367 ET
3722 2325 3821 2368 IN-

411 2405 650 2449 FECTAM
683 2389 959 2448 animam
991 2390 1206 2450 volens
1234 2407 1246 2448 :
1283 2396 1344 2448 et
1374 2395 1585 2449 natam
1618 2395 1826 2449 autem
1862 2392 2159 2452 docemus
2181 2396 2242 2449 et
2271 2391 2524 2461 factam,
2561 2405 2638 2446 ex
2694 2387 2858 2446 initii
2889 2388 3357 2446 constitutione.
3423 2391 3547 2448 Nec
3604 2389 3816 2447 statim

412 2470 759 2529 erravimus
791 2477 1127 2544 utrumque
1159 2470 1459 2541 dicentes,
1492 2471 1642 2547 quia
1677 2470 1913 2532 scilicet
1945 2471 2114 2532 aliud
2145 2471 2223 2530 sit
2255 2475 2494 2538 natum,
2531 2468 2702 2527 aliud
2754 2468 3010 2540 factum,
3075 2473 3292 2545 utpote
3325 2468 3480 2527 illud
3518 2469 3820 2528 animali-

414 2551 528 2609 bus
559 2555 939 2628 competens.
974 2550 1350 2610 Differentiae
1381 2555 1612 2621 autem,
1650 2569 1763 2610 sua
1792 2550 2085 2612 habendo
2119 2553 2257 2612 loca
2289 2555 2350 2609 et
2373 2556 2678 2627 tempora,
2717 2547 2951 2607 habent
2986 2548 3326 2626 aliquando
3381 2555 3442 2607 et
3489 2549 3817 2626 passivita-

413 2631 490 2689 tis
523 2631 921 2690 commercia.
958 2631 1139 2710 Capit
1169 2631 1382 2710 itaque
1414 2637 1476 2690 et
1504 2631 1812 2690 facturam
1849 2652 1961 2711 pro
1995 2633 2165 2692 nasci
2200 2631 2368 2709 poni,
2405 2630 2717 2711 siquidem
2746 2631 3160 2711 omne,_quod
3194 2647 3452 2711 quoquo
3487 2629 3672 2711 modo
3707 2648 3816 2690 ac-

413 2711 564 2789 cipit
593 2730 744 2782 esse,
781 2708 1134 2788 generatur.
1173 2708 1328 2770 Nam
1349 2719 1421 2791 et
1453 2712 1652 2771 factor
1681 2712 1813 2789 ipse
1845 2708 2072 2791 parens
2105 2708 2251 2772 facti
2281 2710 2674 2791 potestdici:
2710 2709 2798 2768 sic
2829 2716 2889 2767 et
2925 2709 3098 2768 Plato
3133 2710 3348 2791 utitur.
3385 2708 3529 2769 ch
3559 2709 3677 2791 ille.

493 2793 596 2851 IX.
625 2792 710 2850 De
741 2801 996 2871 tempore
1025 2812 1137 2872 quo
1169 2791 1288 2850 haec
1317 2790 1461 2851 data
1480 2793 1601 2869 fuit
1628 2789 1872 2871 epistola
1903 2792 2212 2854 dicendum
2245 2789 2445 2850 rC-stat.
2477 2789 2722 2850 Constat
2750 2791 3129 2872 compositam
3157 2789 3343 2867 fuisse
3395 2799 3526 2869 post
3565 2789 3819 2872 Eusebii

417 2870 794 2932 Caesariensis
826 2869 1066 2931 mortem
1095 2893 1108 2931 :
1142 2892 1278 2932 nam
1307 2872 1526 2932 Acacio
1556 2869 1681 2951 ejus
1709 2876 2028 2933 successori
2050 2874 2276 2952 scripta
2305 2882 2409 2940 est,
2444 2879 2514 2929 ut
2525 2879 2687 2950 patet
2711 2888 2872 2928 num.
2908 2871 2943 2928 3
3004 2869 3242 2930 Certum
3272 2889 3504 2952 quoque
3532 2879 3614 2930 est
3637 2871 3822 2950 scrip-

417 2960 535 3011 tam
554 2953 737 3032 fuisse
769 2963 995 3034 mortuo
1025 2952 1286 3034 Eusebio
1319 2952 1771 3023 Nicomediensi,
1806 2953 2278 3034 quandoquidem
2309 2952 2486 3034 de__eo,
2525 2960 2809 3034 tanquam
2839 2952 2944 3028 qui
2966 2970 3082 3034 non
3125 2952 3378 3030 amplius
3404 2960 3544 3010 esset
3592 2971 3822 3034 supers-

418 3042 514 3114 tes,
546 3029 766 3112 passim
799 3033 1062 3113 loquitur
1089 3033 1472 3114 Athanasius.
1512 3035 1776 3113 Denique
1801 3029 1965 3114 pacis
1997 3029 2252 3113 tempore
2280 3031 2565 3114 nullaque
2583 3029 3072 3114 iniAthanasium
3101 3029 3822 3114 graSsantepersecu'tibnc

415 3110 634 3174 editam
664 3133 778 3172 esse
811 3110 1059 3172 in—nuunt
1089 3113 1210 3172 haec
1239 3114 1417 3172 verba
1448 3133 1579 3192 qux
1608 3110 1770 3172 num.
1801 3110 1841 3174 2
1873 3110 2166 3175 habentur
2187 3133 2207 3172 :
2241 3116 2328 3173 Ne
2361 3111 2624 3183 mireris,
2658 3110 2709 3169 si
2739 3128 2906 3169 nunc
2938 3111 3027 3170 ita
3060 3130 3123 3170 se
3154 3118 3378 3188 gerant
3408 3112 3688 3190 (Ariani),
3725 3113 3811 3171 si-

415 3195 671 3271 quidem
705 3193 875 3252 haud
908 3195 1103 3252 multo
1137 3199 1278 3270 post
1306 3195 1585 3252 futurum
1618 3200 1730 3266 est,
1767 3201 1835 3254 ut
1859 3196 2045 3255 iidem
2077 3194 2158 3254 ad
2188 3193 2448 3271 injurias
2479 3211 2610 3251 sese
2641 3196 3055 3265 convertant;
3083 3192 3432 3269 deindeque
3487 3193 3817 3253 cohortem

415 3281 475 3333 et
507 3274 829 3333 tribunum
863 3273 1042 3333 nobis
1074 3273 1535 3333 minitabuntur
1563 3292 1576 3332 :
1613 3274 1710 3332 his
1740 3275 1903 3334 enim
1957 3283 2090 3336 tota
2123 3274 2414 3334 innititur
2471 3290 2766 3352 perversa
2797 3271 3048 3353 illorum
3101 3272 3410 3353 doctrina.
3442 3272 3550 3332 Ex
3604 3273 3818 3353 quibus

409 3355 787 3433 perspicuum
815 3353 999 3432 fuerit
1016 3354 1138 3413 haec
1187 3363 1322 3413 tunc
1349 3355 1647 3433 scripsisse
1679 3354 1747 3415 S.
1783 3356 2202 3425 Athanasium,
2236 3373 2368 3414 cum
2399 3355 2758 3433 quiescerent
2789 3352 3029 3433 Ariani,
3066 3352 3332 3433 nihilque
3369 3362 3575 3433 contra
3617 3352 3822 3433 ipsum

405 3431 609 3515 palam
643 3431 1009 3492 molirentur.
1040 3434 1326 3507 Quocirca
1355 3431 1727 3515 statuendum
1756 3435 1991 3496 videtur
2033 3437 2318 3515 scriptam
2347 3431 2464 3515 esse
2496 3432 2646 3494 hanc
2691 3431 2998 3515 epistolam
3047 3432 3121 3492 ab
3150 3431 3308 3515 anno
3338 3434 3457 3494 350
3485 3431 3567 3494 ad
3593 3431 3816 3494 annum

408 3513 545 3583 354,
581 3533 782 3594 nempe
824 3523 961 3594 post
985 3515 1238 3574 reditum
1294 3514 1622 3575 Athanasii
1644 3516 2075 3578 Alexandriam
2107 3511 2292 3576 occiso
2326 3514 2613 3593 Gregorio
2646 3511 3034 3574 Alexandria,
3087 3512 3598 3594 pseudo‘episcopo,
3648 3524 3816 3575 ante-

404 3613 582 3673 quam
614 3615 744 3654 eum
775 3595 988 3655 iterum
1021 3614 1239 3656 vexare
1267 3596 1507 3673 coeperit
1543 3596 1944 3659 Constantius.

479 3676 552 3734 X.
589 3675 660 3734 In
689 3676 807 3755 ﬁne
835 3674 1190 3756 subiecimus
1212 3672 1519 3756 epistolam
1553 3677 1797 3737 Eusebii
1817 3676 2194 3739 Caesariensis
2222 3675 2303 3737 ad
2326 3695 2443 3735 suae
2458 3674 2740 3756 par-acia:
2770 3673 3050 3756 homines,
3086 3672 3642 3756 quemadmodumse
3671 3673 3811 3734 sub-

386 3754 600 3846 iecisse
630 3753 1220 3846 ait_S_thanasius
1240 3753 1410 3846 Vnum.
1447 3759 1506 3829 3,
1533 3766 1601 3846 _ut
1631 3768 1689 3817 et
1715 3767 1907 3818 exstat
1928 3760 1991 3818 in
2019 3757 2420 3846 manuscripto
2438 3753 2622 3846 Regio
2654 3772 2724 3846 ac
2756 3754 2818 3812 in
2853 3753 3174 3846 Basiliensi
3192 3753 3606 3846 Felchmanni,
3629 3773 3813 3846 eaque

398 3835 462 3893 in
496 3844 646 3896 tomo
676 3836 744 3895 Il
771 3835 1040 3896 editionis
1076 3837 1486 3898 Commelianae
1520 3838 1741 3897 inserta
1771 3847 1872 3911 est,
1907 3859 2038 3898 cum
2067 3857 2196 3897 sero
2217 3833 2391 3896 nimis
2423 3833 2836 3916 animaduersa
2865 3854 2969 3916 suo
3001 3833 3121 3894 loco
3166 3834 3420 3915 amplius
3449 3836 3664 3916 reponi
3674 3833 3809 3916 jam

398 3935 516 3975 non
542 3926 754 3996 posset,
789 3925 857 3977 ut
885 3917 1097 3978 ibidem
1129 3917 1372 3978 dicitur.
1405 3918 1476 3978 In
1505 3919 1646 3979 aliis
1675 3928 1871 3981 autem
1901 3917 2256 3980 editionibus
2274 3917 2520 3998 penitus
2563 3915 2778 3976 omissa
2806 3915 2948 3996 fuit.
