4152 6392
319 404 441 462 415

863 401 930 461 S.
974 399 1406 460 ATHANASII
1450 399 1624 459 OPP.
1671 397 1874 459 PARS
1917 398 1966 457 Ι.
1997 428 2071 442 -
2105 396 2528 457 HISTORICA
2572 394 2671 454 ET
2714 391 3197 455 DOGMATIGA.

3619 391 3740 451 416

1502 666 1631 720 ΤΟΥ
1667 670 1749 719 EN
1777 668 1990 719 mox}:
2036 669 2287 719 ΠΑΤΡΟΣ
2320 666 2507 717 ΗΗΩΠ

1616 816 2409 927 ΑΘΑΝΑΣΙΟΥ

1133 1021 2014 1095 ΑΡΧῙΕΠΙΣΚΟΠΟΥ
2082 1014 2897 1086 ΑΛΕΞΑΝΔΡΕΙΑΣ

1458 1172 2583 1337 ΕΠΙΣΤοΑ.Ηί²”

403 1473 554 1542 Ὅτι
580 1465 711 1542 ἠὲν
741 1463 991 1546 Νικαίᾳ
1029 1452 1278 1533 σύνοδος
1315 1462 1628 1547 ἑωρακυῖα
1661 1453 1777 1528 τὴν
1816 1460 2187 1543 πανουργίαν
2218 1462 2344 1515 τῶν
2374 1455 2504 1539 περὶ
2542 1440 2862 1526 Εὑσέϐιον,
2901 1438 3135 1523 ἐξέθετο
3162 1442 3519 1535 πρεπόντως
3547 1444 3653 1510 καὶ

1079 1550 1341 1630 εὐσεϐῶς
1393 1544 1562 1619 κατὰ
1611 1560 1725 1628 τῆς
1791 1552 2102 1640 Ἀρειανῆς
2156 1552 2440 1638 αἱρέσεως
2491 1545 2577 1611 τὰ
2628 1544 2965 1634 ὁρισθέντα.

1822 1754 2246 1764 —-_———

978 1988 981 1989 ε
1121 1902 1721 2059 S.P.N.
1863 1899 2949 2058 ATHANASII

964 2196 2042 2285 ARCHIEPISCOPI
2161 2195 3091 2282 ALEXANDRINI

493 2628 664 2705 Quod
690 2628 945 2691 Nicena
971 2625 1251 2709 synodus,
1280 2635 1581 2709 perspecta
1615 2624 2095 2709 Eusebianorqm
2122 2622 2493 2709 callz'dz'tate,_
2509 2633 2900 2709 congruenter
2926 2633 2984 2685 et
3001 2626 3107 2705 pz'e
3134 2644 3266 2705 quas
3297 2623 3581 2687 adversus

1367 2701 1666 2768 A'rz'anam
1696 2705 1965 2767 haresim
1994 2704 2230 2765 decreta
2257 2711 2395 2763 sunt
2417 2701 2694 2765 ediderit.

404 2994 559 3050 164
589 2995 641 3048 1.
672 2994 844 3049 Recte
868 2993 1106 3065 quidem
1138 2996 1197 3048 tu
1236 2991 1442 3058 fecisti,
1486 2990 1588 3062 qui
1620 2996 1783 3046 tuam
1843 3006 1978 3046 cum
2010 2992 2064 3057 Α

2164 2989 2276 3061 (18)
2326 2984 2522 3050 Καλῶς
2571 2986 2854 3058 ἐποίησας,
2905 2984 3161 3057 δηλώσας
3223 3010 3317 3062 μοι
3363 2991 3464 3060 τήν
3512 2992 3742 3065 γενομέ-

325 3084 551 3139 Arianae
565 3083 800 3139 haaresis
814 3082 1347 3156 propugnatoribus
1359 3080 1814 3153 disputationem
1831 3079 1975 3134 mihi

2094 3099 2183 3146 νην
2214 3078 2360 3154 παρά
2390 3082 2485 3131 σοῦ
2520 3080 2741 3149 ζήτησιν
2791 3077 2929 3153 πρὸς
2970 3077 3097 3140 τοὺς
3125 3080 3193 3133 τὰ
3235 3079 3448 3153 Ἀρεέου
3478 3075 3744 3156 πρεσϐεύ-

325 3172 771 3245 signiﬁcaveris,
807 3172 1189 3243 adfuisseque
1220 3172 1371 3226 inter
1397 3187 1518 3242 eos,
1553 3168 1869 3225 nonnullos
1907 3185 1976 3223 ex

2086 3186 2265 3236 οντας,
2301 3165 2353 3220 ἐν
2388 3167 2469 3228 οἷς
2517 3166 2652 3235 ἦσαν
2702 3165 2791 3221 καὶ
2839 3171 2948 3221 τῶν
2994 3161 3258 3222 Εὐσεϐίου
3302 3168 3446 3230 τινὲς
3488 3167 3738 3243 ἑταίρων,

320 3261 554 3318 Eusebii
575 3260 1313 3332 sodalibus,plurimosque
1336 3275 1364 3315 e
1379 3259 1658 3331 fratribus
1676 3258 1775 3331 qui
1794 3258 1971 3313 fidem

2094 3256 2171 3309 καὶ
2212 3253 2458 3310 πλεῖστοι
2511 3252 2569 3310 δὲ
2613 3259 2718 3309 τῶν
2763 3256 2831 3310 τὰ
2875 3263 2977 3325 τῆς
3024 3255 3349 3327 Ἐκκλησίας
3398 3256 3741 3335 φρονούντων

321 3350 591 3406 Ecclesiae
624 3356 974 3422 sequuntur.
1009 3350 1135 3405 Tua
1165 3349 1364 3421 igitur,
1398 3366 1526 3420 qua:
1575 3364 1710 3404 vero
1761 3347 1975 3402 Christi

320 3456 519 3496 amore
552 3440 736 3506 ardet,
770 3439 1072 3512 vigilantia
1102 3438 1247 3493 mihi
1280 3438 1445 3495 valde
1503 3437 1741 3510 placuit,
1791 3454 1975 3509 eaque

323 3529 570 3600 impiam
606 3528 877 3584 haeresim
909 3528 1138 3600 egregie
1195 3526 1534 3583 confutavit.
1587 3526 1978 3583 Vehementer

328 3623 525 3674 autem
556 3617 794 3673 illorum
817 3617 1244 3688 impudentiam
1270 3633 1402 3671 sum
1435 3616 1776 3683 admiratus,
1820 3615 1976 3686 quod

325 3706 560 3762 tametsi
596 3706 749 3763 clare
796 3711 1099 3763 ostensum
1161 3705 1271 3761 fuit
1318 3705 1671 3761 Arianorum
1721 3705 1977 3760 rationes

327 3795 529 3850 futiles
565 3796 885 3852 admodum
918 3799 974 3850 et
1003 3796 1208 3850 inanes
1230 3810 1382 3862 esse,
1407 3793 1636 3865 ipsique
1665 3793 1737 3849 ab
1786 3792 1977 3849 omni-

331 3887 445 3945 bus
496 3886 688 3941 omnis
723 3884 994 3957 nequitiae
1037 3882 1409 3939 condemnati
1469 3884 1726 3951 fuerunt,
1779 3887 1977 3938 tamen

335 3976 729 4032 nihilominus
751 3989 911 4028 more
925 3971 1262 4028 Judmorum
1278 3976 1653 4027 murmurent
1681 3988 1748 4027 ac
1771 3972 1980 4027 identi-

333 4067 467 4122 dem
495 4066 728 4121 dicant:
765 4064 952 4128 Quare
982 4061 1082 4133 qui
1115 4061 1317 4118 Nicaaae
1348 4065 1761 4127 convenerunt,
1814 4076 1977 4116 voca-

333 4154 476 4211 bula
506 4170 622 4209 non
655 4151 892 4222 scripta,
938 4165 1147 4221 nempe
1195 4165 1265 4205 ea:
1293 4149 1598 4205 substantia
1653 4154 1710 4205 et
1750 4148 1976 4206 consub-

331 4243 594 4301 stantiale
615 4240 900 4313 scripsere
925 4240 951 4294 ‘?
976 4240 1064 4294 Tu
1086 4238 1344 4310 quidem,
1372 4243 1438 4294 ut
1457 4239 1546 4293 vir
1565 4237 1983 4306 disertus,illos

2086 3342 2352 3423 ἀδελφῶν.
2384 3346 2491 3413 Τὴν
2528 3344 2623 3418 μὲν
2657 3342 2748 3399 οὖν
2791 3347 2888 3415 σ-ὴν
2932 3343 3288 3424 φιλόχριστον
3330 3349 3495 3421 νῆψιν
3542 3344 3736 3406 ἀπεδε-

2086 3432 2285 3507 ξάμην,
2338 3432 2521 3497 καλῶς
2570 3431 2915 3509 διελέγξασαν
2972 3436 3072 3504 τὴν
3138 3442 3240 3504 τῆς
3300 3434 3555 3509 αἱρέσεως
3613 3437 3734 3493 ἀσέ-

2086 3517 2255 3578 ϐειαν
2305 3525 2404 3593 τήν
2457 3521 2502 3578 δ’
2552 3522 2769 3578 ἐκείνων
2818 3523 3200 3600 ἀναισχυντίαν
3246 3524 3575 3599 τεθαύμακα,
3618 3525 3733 3597 ὅτι,

2085 3612 2263 3668 καίτοι
2313 3613 2405 3667 καὶ
2471 3617 2761 3688 Ἀρειανῶν
2808 3611 3092 3688 λογισμῶν
3150 3610 3468 3689 δειχθέντων
3533 3617 3735 3691 σαθρῶν

2085 3722 2144 3755 τε
2174 3702 2264 3755 καὶ
2300 3703 2563 3775 ματαίων,
2601 3699 2746 3756 ἀλλά
2793 3702 2883 3756 καὶ
2933 3704 3079 3778 παρά
3125 3703 3340 3757 πάντων
3391 3703 3542 3758 αὐτοὶ
3580 3724 3737 3758 κατα·-

2088 3792 2413 3864 γνωσθέντες
2460 3790 2547 3846 ἐπὶ
2599 3791 2745 3866 πάσῃ
2793 3791 3204 3870 κακοφροσύνῃ,
3262 3790 3417 3866 ὅμως
3464 3792 3551 3848 καί
3610 3794 3744 3867 μετά

2085 3884 2254 3935 nam
2302 3877 2654 3957 διεγόγγυζον
2709 3882 2845 3936 κατὰ
2899 3881 3028 3943 τοὺς
3090 3879 3413 3951 Ἰουδαίους,
3465 3881 3741 3958 λέγοντες·

2089 3971 2189 4024 Διὰ
2232 3968 2286 4024 τί
2336 3970 2390 4024 οἱ
2442 3969 2494 4025 ἐν
2534 3974 2603 4044 τῇ
2654 3970 2849 4041 Νικαίᾳ
2897 3969 3241 4033 συνελθόντες
3287 3967 3526 4047 ἔγραψαν
3575 3973 3744 4048 ἀγρά-

2090 4078 2225 4134 φους
2294 4055 2513 4130 λέξεις,
2569 4058 2631 4121 τὸ
2705 4058 2765 4113 ἐκ
2831 4066 2932 4128 τῆς
3003 4059 3187 4122 οὐσίας
3254 4061 3344 4115 καὶ
3411 4059 3473 4116 τὸ
3541 4061 3747 4135 ὁμοού-

2090 4167 2204 4201 σιον
2237 4165 2250 4214 ;
2287 4146 2362 4201 Σὺ
2414 4147 2509 4220 μὲν
2561 4144 2652 4201 οὖν
2685 4149 2818 4222 (19),
2869 4148 2945 4210 ὡς
2995 4146 3186 4224 λόγιος
3219 4149 3372 4226 ἀνὴρ,
3423 4151 3514 4205 καὶ
3569 4150 3745 4213 οὕτως

2092 4234 2286 4297 αὐτοὺς
2320 4236 2837 4311 σχηματιζομὲνους
2886 4234 3037 4292 οὐδὲν
3086 4241 3249 4308 ἧττον
3282 4235 3563 4310 ἀπέδειξας
3593 4261 3744 4295 κενο-

331 4334 417 4388 ita
455 4332 632 4388 etiam
662 4329 1110 4403 tergiversantes
1142 4328 1287 4384 nihil
1318 4328 1431 4383 nisi
1462 4328 1612 4384 falsa
1631 4327 1857 4383 effutire
1887 4328 1983 4382 de-

2094 4320 2414 4398 λογοῦντας·
2448 4325 2642 4380 ἐκεῖνοι
2696 4322 2754 4380 δὲ
2801 4322 2952 4381 οὐδὲν
3004 4329 3150 4398 ξένον
3199 4334 3298 4398 τῆς
3349 4328 3548 4383 ἑαυτῶν
3587 4350 3747 4384 κακο-

2168 4412 2180 4428 ,
2386 4415 2396 4428 .
2695 4411 2714 4428 ς
2847 4414 2858 4428 ,
3239 4414 3248 4428 ,
3464 4417 3526 4428 ...
3572 4415 3583 4428 .
3690 4418 3703 4428 .

334 4420 716 4478 monstrasti:
753 4422 812 4474 at
863 4417 949 4473 illi
1003 4417 1149 4472 nihil
1182 4416 1439 4473 alienum
1473 4433 1506 4472 a
1545 4416 1825 4489 pravitate
1866 4433 1985 4471 suae

336 4513 552 4568 mentis
573 4509 1118 4579 committunt,cum
1137 4508 1326 4564 varias
1339 4505 1986 4563 comminiscunturdif-

333 4601 648 4657 ﬁcultates.
675 4600 819 4655 Tam
844 4602 984 4654 sunt
1007 4597 1161 4654 enim
1184 4598 1584 4652 inconstantes
1608 4596 1667 4650 in
1693 4595 1986 4651 variandis

337 4689 667 4758 sententiis,
699 4704 878 4759 quam
911 4685 1365 4742 chamaeleontes
1388 4684 1448 4739 in
1467 4684 1750 4739 mutando
1774 4683 1983 4741 colore.

337 4779 487 4835 Hinc
520 4794 654 4834 cum
689 4776 1144 4841 convincuntur,
1171 4774 1566 4830 erubescunt:
1616 4772 1837 4829 haarent
1883 4789 1984 4828 au-

338 4872 456 4924 tem
487 4884 622 4923 cum
644 4867 1071 4932 examinantur,
1107 4880 1173 4920 ac
1186 4864 1423 4920 tandem
1448 4878 1598 4918 vana
1616 4863 1989 4935 impudenter

340 4960 685 5028 prastexunt,
717 4972 844 5027 qua:
874 4954 922 5009 si
955 4953 1089 5026 quis
1121 4951 1413 5019 refellerit,
1448 4968 1563 5007 non
1594 4952 1990 5025 defatigantur

339 5046 524 5102 donec
553 5062 621 5101 ea
645 5061 772 5117 qua:
806 5041 970 5099 nulla
999 5046 1140 5099 sunt
1163 5040 1633 5113 excogitaverint,
1679 5045 1738 5097 et
1767 5040 1986 5108 inania,

341 5141 409 5192 ut
436 5135 723 5207 scriptum
764 5138 853 5190 est
879 5133 944 5202 ⁸⁸,
973 5131 1191 5188 iuerint
1219 5129 1503 5201 meditati,
1537 5146 1643 5185 nec
1689 5130 1865 5187 aliam
1915 5132 1988 5185 ob

339 5240 582 5280 causam
615 5222 732 5279 nisi
763 5225 828 5277 ut
857 5221 1027 5294 impii
1056 5222 1463 5292 permaneant.
1497 5219 1560 5274 Id
1592 5222 1790 5275 autem
1840 5218 1988 5273 nihil

340 5311 498 5369 aliud
531 5328 674 5369 sane
701 5315 810 5381 est,
844 5325 1024 5382 quam
1057 5306 1304 5381 propria
1334 5305 1596 5379 ipsorum
1637 5306 1988 5380 insipientia

412 5454 456 5490 ⁸⁸
488 5453 644 5511 Psal.
669 5472 731 5526 II,
761 5455 813 5509 1.

415 5597 529 5669 (18)
555 5596 783 5669 Scripta
813 5596 898 5669 ab
918 5612 1069 5652 anno
1102 5596 1207 5669 350
1237 5595 1583 5669 ad__ann_um
1622 5593 1756 5669 _35{1.
1783 5626 1851 5634 —-
1881 5594 1989 5651 Re-

385 5661 478 5724 ius
512 5661 807 5735 inssqzcoi}
839 5666 1024 5739 αύτοῢ,
1056 5685 1142 5739 οτι
1172 5668 1205 5736 ή
1241 5666 1293 5719 ἐν
1318 5662 1521 5739 Νικαίᾳ
1574 5661 1827 5739 σύνοδος,
1881 5671 1989 5722 etc.

385 5686 478 5724 ius
512 5686 681 5735 mss.,
709 5687 807 5721 του
839 5686 1024 5739 αύτου,
1056 5686 1142 5720 οτι
1172 5686 1205 5736 η
1241 5686 1293 5719 εν
1322 5686 1363 5721 1V
1377 5686 1521 5735 ικαιᾳ
1574 5686 1821 5734 συνοοος,
1881 5686 1989 5722 etc.

346 5686 414 5800 ῗῐι
444 5738 620 5798 editis
648 5744 786 5813 post
809 5738 877 5793 τά
906 5736 1207 5816 ὁρισθέντα,
1264 5737 1520 5811 additur,
1568 5734 1828 5809 ἐπιστολή
1890 5738 1991 5796 sed

2096 4412 2244 4475 νοίας
2291 4415 2607 4490 πράττουσι,
2651 4411 3021 4489 πλαττόμενοι
3068 4414 3363 4495 προφάσεις
3396 4462 3409 4473 .
3464 4415 3585 4471 Εἰσὲ
3643 4418 3747 4493 γὰρ

2095 4500 2342 4558 ποικίλοι
2371 4503 2461 4558 καὶ
2492 4498 2840 4578 παλίμϐολοι
2884 4506 2980 4567 τὰς
3029 4506 3274 4580 γνώμας,
3328 4506 3405 4569 ὡς
3456 4507 3508 4561 οἱ
3537 4526 3747 4583 χαμαι-

2097 4590 2314 4655 λέοντες
2346 4591 2397 4649 ἐν
2437 4598 2555 4656 τοῖς
2604 4594 2885 4669 χρώμασι,
2929 4594 3020 4649 καὶ
3070 4594 3431 4671 ἐλεγχόμενοι
3486 4597 3580 4670 μὲν
3629 4596 3749 4671 ἐρυ-

2095 4682 2338 4757 θριῶσιν,
2370 4682 2786 4760 ἀνακρινόμενοι
2817 4681 2876 4738 δὲ
2905 4684 3189 4759 ἀποροῦσι,
3233 4684 3322 4739 καὶ
3373 4683 3565 4740 λοιπὸν
3600 4686 3743 4740 ἀναι-

2097 4768 2379 4844 δευόμενοι
2426 4772 2884 4851 προφασίζονται.
2931 4779 3026 4830 Ἂν
3080 4771 3136 4828 δὲ
3185 4795 3267 4836 τις
3313 4773 3507 4837 αὐτοὺς
3556 4776 3647 4830 καὶ
3695 4774 3747 4830 ἐν

2094 4859 2310 4922 τούτοις
2370 4857 2638 4937 διελέγξῃ,
2691 4860 2987 4937 κάμνουσιν
3039 4859 3145 4927 ἕως
3204 4864 3261 4918 ἂν
3314 4863 3648 4935 ἐπινοήσωσι
3683 4865 3752 4919 τὰ

2101 4951 2175 5022 μή
2210 4944 2358 5022 ὅντα,
2391 4949 2482 5005 καὶ
2534 4952 2669 5005 κατὰ
2719 4951 2781 5007 τὸ
2834 4953 3214 5028 γεγραμμένον
3271 4951 3602 5028 λογίζωνται
3646 4950 3746 5026 μά-

2268 5039 2282 5059 τ
2603 5037 2626 5056 Ν
2991 5041 3005 5061 9
3144 5046 3170 5056 ω
3698 5045 3726 5057 ,υ

2095 5059 2241 5109 ταια,
2279 5037 2361 5093 ἱνα
2393 5038 2555 5113 μόνον
2599 5041 2945 5114 οιαμείνωσιν
2980 5035 3315 5104 ασεϐουντες.
3357 5042 3427 5097 Τὸ
3473 5040 3531 5098 δὲ
3576 5063 3754 5097 τοιου-

2095 5149 2186 5183 τον
2222 5126 2564 5206 ἐπιχείρημα
2617 5126 2770 5186 οὐδὲν
2818 5126 3000 5207 ἕτερόν
3053 5128 3193 5186 ἐστιν
3244 5132 3279 5200 ἢ
3329 5132 3617 5207 γνώρισμα
3658 5132 3754 5205 μὲν

2099 5215 2346 5293 ἄντικρυς
2394 5223 2495 5287 τῆς
2532 5216 2763 5293 ἀλογίας
2810 5217 3011 5290 αὐτῶν,
3068 5219 3302 5294 μίμησις
3347 5216 3425 5292 δὲ,
3456 5221 3592 5276 καθὰ
3621 5241 3757 5296 1:90.-

2103 5311 2277 5378 εἷπον,
2307 5313 2409 5377 τῆς
2442 5303 2744 5377 Ἰουδαϊκῆς
2786 5308 3129 5380 κακοηθείας.
3165 5310 3264 5364 Καὶ
3302 5311 3407 5385 γὰρ
3453 5308 3756 5386 ἐλεγχόμε-

2101 5595 2300 5669 aptius
2332 5594 2651 5669 collocatur
2680 5599 2813 5669 ante
2841 5593 2926 5669 ὅτι
2956 5596 2989 5666 ή
3025 5595 3076 5651 ἐν
3111 5596 3325 5662 Nimia,
3356 5603 3465 5655 etc.

2175 5668 2292 5742 (19)
2323 5667 2419 5727 Sic
2447 5668 2590 5743 Reg.
2622 5672 2702 5729 At
2728 5668 2791 5728 in
2819 5667 2953 5727 aliis
2982 5673 3039 5726 et
3065 5670 3240 5728 editis
3271 5669 3361 5725 οὖν
3390 5671 3579 5728 deest.
