4152 6378
415 419 534 480 419

948 415 1014 475 S.
1058 411 1486 475 ATHANASII
1532 409 1705 476 OPP.
1754 409 1957 470 PARS
2002 406 2053 469 Ι.
2085 439 2164 451 -
2193 405 2619 479 HISTORICA
2660 407 2761 469 ET
2805 404 3291 470 DOGMATICA.

3714 408 3837 471 420

418 549 513 606 his
542 548 700 605 enim
744 549 867 603 tota
917 544 1190 602 innititur
1220 559 1491 616 perversa
1520 540 1765 598 illorum
1810 540 2074 597 doctrina

2187 541 2283 592 τοῦ
2315 541 2448 592 Θεοῦ
2480 536 2657 613 Λόγον
2706 536 3058 611 ἀρνούμενοι,
3090 535 3315 599 εἰκότως
3362 537 3452 592 καὶ
3501 534 3672 614 λόγου
3713 560 3845 594 παν-

419 638 642 711 Nempe
670 639 983 709 postquam
1006 634 1108 690 Dei
1129 633 1383 689 Verbum
1410 632 1530 688 sive
1550 632 1839 687 rationem
1862 631 2071 702 rejece-

423 733 584 795 runt,
614 723 991 781 meritissimo
1022 720 1183 777 omni
1237 737 1479 792 prorsus
1528 720 1751 776 ratione
1783 723 1923 775 sunt
1952 718 2069 790 pri-

422 815 561 873 vati.
593 814 725 879 Qua
757 812 996 885 quidem
1019 826 1154 867 cum
1187 809 1332 865 mihi
1363 809 1598 882 penitus
1618 813 1814 865 essent
1844 823 2074 880 perspe-

425 908 539 973 cta,
573 901 718 958 nihil
748 899 1007 973 profecto
1036 898 1157 955 illis
1194 898 1651 970 respondissem.
1685 896 1902 952 Verum
1932 895 2073 967 quia

423 995 529 1049 tua
563 990 828 1046 Charitas
857 1005 925 1045 ea
955 1004 1086 1060 quae
1115 986 1176 1042 in
1208 987 1428 1059 synodo
1460 992 1589 1042 acta
1638 988 1779 1040 sunt
1825 984 1974 1040 scire
2004 1000 2072 1039 ex

426 1096 519 1136 me
540 1077 743 1147 voluit,
768 1094 892 1133 rem
917 1076 1141 1132 diutius
1167 1074 1329 1130 nolui
1361 1075 1612 1144 differre,
1638 1074 1737 1130 sed
1765 1072 2071 1129 confestim

423 1185 556 1241 quae
581 1172 723 1223 tunc
753 1171 918 1239 gesta
966 1169 1107 1221 sunt
1154 1168 1292 1220 nota
1321 1163 1450 1231 feci,
1484 1162 1803 1236 paucisque
1834 1162 2072 1217 demon-

421 1256 600 1314 stravi
634 1271 814 1329 quam
844 1271 879 1311 a
909 1256 1067 1310 recta
1096 1252 1210 1309 ﬁde
1240 1251 1441 1324 procul
1473 1252 1549 1307 sit
1576 1251 1794 1307 Ariana
1814 1249 2070 1317 haeresis,

422 1345 691 1417 nihilque
711 1343 871 1399 aliud
894 1341 1026 1398 illos
1048 1341 1162 1397 nisi
1181 1357 1331 1396 vana
1351 1340 1566 1413 eifugia
1582 1339 1968 1397 comminisci.
1986 1340 2073 1394 Tu

421 1450 617 1507 porro,
646 1431 1014 1499 charissima,
1046 1429 1177 1486 vide
1217 1445 1411 1484 annon
1464 1429 1547 1483 ita
1588 1445 1650 1484 se
1698 1445 1789 1483 res
1837 1428 2071 1483 habeat.

422 1523 572 1579 Nam
595 1520 641 1578 si
667 1521 762 1577 his
782 1519 897 1593 ipsi
917 1518 1222 1575 confidunt
1238 1534 1367 1589 quae
1389 1522 1625 1573 auctore
1647 1521 1704 1573 et
1724 1516 2075 1574 seminatore

423 1611 656 1668 diabolo
687 1623 958 1683 perverse
987 1606 1406 1679 excogitavere,
1438 1609 1689 1679 purgent
1718 1623 1781 1662 se
1811 1607 1975 1678 prius
2005 1606 2076 1662 de

424 1700 544 1758 illis
574 1698 871 1756 erroribus
901 1699 1140 1769 propter
1159 1712 1306 1768 quos
1332 1695 1585 1751 haeretici
1608 1700 1749 1751 sunt
1777 1694 2073 1763 declarati,

426 1806 496 1847 ac
523 1788 734 1845 deinde
764 1803 893 1859 quae
941 1790 1146 1842 contra
1192 1801 1278 1843 se,
1304 1784 1725 1855 decretazsunt,
1758 1784 1808 1840 si
1848 1784 2077 1857 possint

427 1876 835 1936 criminentur.
868 1874 1052 1931 Nemo
1100 1873 1256 1929 enim
1305 1872 1607 1928 homicidii
1660 1877 1762 1928 aut
1807 1871 2075 1928 adulterii

426 1965 727 2024 convictus
748 1964 851 2037 jus
880 1962 1075 2032 habet,
1098 1965 1231 2034 post
1251 1961 1565 2033 judicium,
1600 1961 1951 2018 sententiam
1975 1962 2073 2032 ju-

426 2054 576 2114 dicis
602 2051 974 2121 criminandi,
1007 2068 1112 2106 cur
1139 2066 1349 2122 nempe
1395 2067 1511 2106 non
1559 2050 1643 2106 sic
1675 2052 1775 2108 sed
1807 2050 1891 2107 sic
1920 2050 2077 2107 locu-

423 2149 522 2202 tus
550 2143 745 2201 fuerit.
777 2141 1040 2212 Namque
1086 2139 1145 2195 id
1192 2155 1349 2205 eum,
1383 2139 1481 2211 qui
1514 2139 1689 2195 fuerit
1719 2141 2070 2197 condemna-

421 2237 541 2304 tus,
574 2231 817 2289 minime
844 2228 1196 2297 liberaverit,
1218 2228 1318 2284 sed
1349 2226 1544 2300 potius
1593 2228 1720 2298 ejus
1759 2227 1933 2301 culpa
1960 2228 2070 2284 hu-

413 2320 681 2396 jusmodi
707 2318 1037 2377 temeritate
1066 2321 1124 2373 et
1153 2317 1401 2373 audacia
1425 2319 1692 2389 augetur.
1716 2316 1803 2373 Illi
1834 2334 1971 2391 ergo
2002 2318 2074 2374 si-

419 2410 638 2471 militer
663 2409 755 2466 vel
778 2408 1093 2466 ostendant
1116 2422 1178 2463 se
1198 2406 1292 2479 pie
1317 2407 1559 2473 sentire;
1595 2406 1886 2478 siquidem
1907 2424 2075 2464 accu-

419 2500 553 2574 sati,
582 2497 827 2557 convicti
857 2499 1020 2568 sunt,
1051 2512 1187 2553 cum
1220 2494 1368 2551 nihil
1401 2500 1571 2552 antea
1600 2501 1797 2552 essent
1826 2513 2076 2569 conque-

420 2590 498 2649 sti
528 2608 545 2644 :
576 2603 812 2660 aequum
843 2590 1040 2643 autem
1088 2589 1178 2641 est
1219 2601 1318 2641 eos
1367 2587 1466 2657 qui
1519 2590 1893 2657 accusantur,
1926 2586 2072 2642 nihil

421 2678 584 2736 aliud
614 2692 786 2751 agere
814 2692 992 2748 quam
1023 2677 1087 2731 ut
1116 2691 1177 2731 se
1206 2670 1538 2730 defendant.
1562 2673 1666 2730 Vel
1698 2674 1747 2730 si
1776 2674 2077 2732 sordidata

423 2766 671 2824 convicti
701 2764 1075 2831 conscientia,
1107 2780 1278 2819 suam
1328 2762 1691 2836 impietatem
1722 2769 2074 2837 agnoscunt,

426 2873 501 2913 ne
530 2856 711 2929 igitur
750 2854 987 2927 culpent
1016 2869 1143 2925 quae
1174 2852 1470 2924 ignorant,
1504 2868 1576 2907 ne
1624 2853 1773 2908 forte
1824 2854 1937 2926 ipsi
1968 2855 2077 2910 du—

427 2945 561 3021 plex
589 2945 725 3002 inde
756 2942 975 3000 malum
1007 2958 1208 2999 secum
1257 2940 1529 3013 referant,
1552 2941 1871 3015 impietatis
1901 2942 2079 3000 simul

433 3040 493 3094 et
519 3032 859 3109 ignorantiae
890 3031 1099 3088 merito
1131 3030 1523 3087 condemnati.
1557 3030 1700 3086 Rem
1727 3032 1922 3104 potius
1953 3038 2077 3089 stu-

430 3125 595 3183 diose
644 3122 994 3195 expendant,
1028 3124 1095 3176 ut
1154 3119 1270 3186 his,
1311 3136 1439 3191 quae
1496 3120 1661 3193 prius
1719 3121 2078 3191 nesciebant,

2175 626 2270 688 τός
2316 626 2453 680 ἐἷ’σιν
2517 624 2739 702 ἔρημοι.
2773 630 2949 682 Ταῦτα
3008 629 3137 701 γοῦν
3201 622 3384 694 εἰδὼς,
3417 622 3571 683 οὐδὲν
3620 624 3679 681 ἂν
3725 628 3841 702 (26)

2177 714 2551 791 ἀπεκρινάμην
2632 716 2906 787 ἐρωτῶσιν
2983 714 3246 777 ἐκείνοις*
3308 711 3495 784 ἐπειδή
3563 711 3623 771 δέ
3676 716 3715 785 ἡ
3771 718 3839 788 σὴ

2180 803 2421 868 Διάθεσις
2460 802 2709 878 ἅπῄτησε
2739 809 2941 879 γνῶναι
2972 804 3039 858 τὰ
3070 803 3121 858 ἐν
3152 807 3223 878 τῇ
3265 800 3477 876 συνόδῳ
3506 803 3843 881 πραχθέντα,

2181 892 2288 968 οὐχ
2337 893 2697 969 ὑπερεθέμην,
2750 891 2876 947 ἀλλ’
2920 892 3095 961 εὐθὺς,
3128 893 3202 956 ὡς
3253 892 3377 949 τότε
3422 893 3633 968 γέγονε,
3677 891 3842 967 δεδή-

2182 982 2355 1052 λωκα,
2388 980 2559 1053 δείξας
2608 980 2677 1037 δι’
2728 980 2934 1057 ὀλίγων
2987 982 3109 1037 ὅσον
3160 976 3415 1044 εὐσεϐοῦς
3456 984 3772 1059 φρονήσεως
3804 985 3839 1053 ἡ

2182 1073 2434 1144 ’Δρειανή
2503 1069 2707 1147 α’ίρεσις
2781 1070 3083 1145 ἐπέρηται,
3139 1070 3230 1126 καὶ
3309 1070 3471 1144 μόνον
3542 1071 3839 1150 προφάσεις

2181 1159 2533 1216 πλάττονται.
2569 1162 2769 1215 Σκόπει
2804 1158 2861 1215 δὲ
2889 1160 2979 1215 καὶ
3022 1158 3105 1229 σὺ,
3139 1159 3403 1235 ἀγαπητὲ,
3436 1158 3482 1214 εί
3537 1161 3614 1233 μή
3666 1160 3838 1225 οὕτως

2184 1248 2322 1324 ἔχει.
2372 1249 2436 1304 Εἰ
2485 1249 2771 1325 θαρῥοῦσιν
2830 1250 2913 1311 οἷς
2972 1249 3195 1325 ἐφεῦρον
3252 1248 3407 1305 αὐτοὶ
3463 1253 3677 1320 κακοῖς,
3723 1249 3834 1306 έπι-

2182 1337 2498 1413 σπείραντος
2539 1338 2724 1400 αὐτοῖς
2780 1342 2876 1392 τοῦ
2934 1332 3197 1393 διαϐόλου
3251 1339 3351 1406 τὴν
3402 1338 3837 1416 κακοφροσύνην,

2185 1426 2662 1502 ἀπολογείσθωσαν
2734 1426 2857 1499 περὶ
2914 1428 2989 1481 ὧν
3043 1424 3394 1502 ἐγκληθέντες
3444 1424 3840 1503 ἀπεδείχθησαν

2184 1518 2467 1592 αἱρετικοὶ,
2501 1517 2590 1571 καὶ
2633 1516 2757 1572 τότε
2804 1513 2997 1571 λοιπὸν
3048 1515 3433 1587 αἰτιάσθωσαν,
3467 1516 3514 1571 εἷ
3566 1514 3836 1591 δύνανται,

2183 1607 2249 1660 τὰ
2295 1606 2411 1661 κατ’
2454 1604 2628 1660 αὐτῶν
2674 1603 2984 1678 ὁρισθέντω
3019 1601 3218 1667 ,οὐδεὶς
3267 1604 3368 1682 γὰρ
3417 1604 3702 1683 ἐλεγχθεὶς
3753 1599 3845 1662 ἐπὶ

2186 1694 2335 1772 φόνῳ
2382 1693 2472 1749 καὶ
2526 1693 2753 1769 μοιχείᾳ
2805 1692 2939 1767 μετὰ
2982 1693 3082 1762 τήν
3134 1689 3289 1764 δίκην
3342 1694 3529 1771 χώραν
3582 1692 3701 1771 ἔχει
3740 1695 3844 1765 τὴν

2188 1782 2453 1860 ἀπόφασιν
2486 1787 2585 1838 τοῦ
2630 1782 2911 1858 κρίναντος
2956 1782 3249 1854 αἰτιᾶσθαι,
3284 1780 3373 1838 διὰ
3414 1782 3468 1838 τί
3513 1785 3591 1856 μὴ
3642 1782 3845 1857 οὕτως,

2187 1867 2314 1925 ἀλλ’
2345 1868 2564 1931 ἐκείνως
2619 1866 2875 1939 ἐλάλησε.
2901 1874 3070 1925 Τοῦτο
3118 1871 3222 1946 γὰρ
3273 1869 3372 1925 οὐκ
3420 1868 3698 1948 ἐλευθεροῖ
3747 1873 3843 1929 τὸν

2186 1958 2452 2036 κριθέντα,
2486 1957 2633 2015 ἀλλά
2664 1959 2752 2014 καὶ
2788 1956 3000 2032 μᾶλλον
3050 1958 3215 2013 αὐτοῦ
3243 1959 3306 2015 τὸ
3333 1957 3591 2036 ἔγκλημα
3620 1957 3709 2015 διὰ
3737 1963 3841 2032 τὴν

2185 2049 2506 2124 προπέτειαν
2565 2048 2655 2103 καὶ
2711 2049 2810 2117 τὴν
2863 2045 3075 2122 τόλμαν
3135 2047 3430 2121 ἐπαυξάνει.
3481 2049 3687 2106 Οὐκοῦν
3748 2050 3841 2106 καὶ

2186 2138 2334 2192 οὗτοι
2387 2139 2421 2206 ἢ
2482 2134 2838 2192 δεικνύτωσαν
2896 2137 2960 2191 τὸ
3010 2136 3268 2215 φρόνημα
3324 2139 3525 2194 ἑαυτῶν
3579 2133 3794 2202 εὐσεϐές
3826 2161 3839 2174 ·

2177 2228 2649 2303 κατηγορηθέντες
2721 2227 2822 2302 γὰρ
2900 2224 3280 2302 ἠλέγχθησαν,
3344 2227 3407 2282 οὐ
3488 2228 3842 2303 μεμψάμενοι

2180 2315 2441 2391 πρότερον
2470 2336 2481 2348 ·
2540 2313 2631 2369 καὶ
2682 2311 2886 2369 δίκαιόν
2939 2313 3050 2369 ἐστι
3097 2314 3225 2378 τοὺς
3279 2315 3615 2380 αἰτιαθέντας
3667 2315 3839 2391 μηδὲν

2179 2401 2359 2480 ἕτερον
2391 2408 2565 2459 ποιεῖν
2599 2406 2633 2473 ἢ
2667 2402 3085 2480 ἀπολογεῖσθαι·
3119 2405 3155 2474 ἢ
3190 2404 3235 2459 εἰ
3264 2405 3329 2462 τὸ
3378 2404 3620 2469 συνειδὸς
3651 2404 3842 2483 ἔχουσι

2186 2493 2444 2571 ῥυπαρὸν,
2474 2492 2564 2548 καὶ
2618 2495 2914 2569 συνορῶσιν
2956 2492 3179 2556 ἑαυτοὺς
3228 2488 3575 2567 ἀσεϐοῦντας,
3632 2497 3707 2570 μὴ
3762 2496 3846 2553 αἷ-

2183 2584 2484 2639 τιάσθωσαν
2545 2582 2578 2637 ἃ
2635 2583 2939 2658 ἀγνοοῦσιν,
2987 2580 3088 2637 ’ίνα
3148 2584 3224 2656 μὴ
3286 2585 3375 2639 καὶ
3434 2581 3665 2641 διπλοῦν
3744 2606 3844 2641 κα-

2185 2675 2279 2729 κὸν
2314 2676 2448 2747 (27),
2500 2666 2746 2734 ἀσεϐείας
2786 2669 3038 2747 ἔγκλημα
3084 2674 3174 2728 καὶ
3224 2670 3574 2737 ἀπαιδευσίας
3622 2674 3847 2752 ἀπενέγ-

2186 2784 2387 2819 κωνται
2422 2762 2650 2836 μέμψιν.
2685 2761 3102 2831 Ἐξεταζέτωσαν
3142 2758 3200 2817 δέ
3233 2760 3447 2835 μᾶλλον
3489 2761 3843 2842 φιλομαθῶς,

2182 2851 2270 2925 ’ίν’,
2305 2851 2615 2927 ἐπιγνόντες
2647 2849 2680 2904 ἃ
2709 2849 2969 2925 πρότερον
3017 2849 3275 2926 ἠγνόουν,
3324 2850 3694 2927 ἀπονίψωνται
3744 2854 3843 2917 τὰς

2188 2943 2389 2998 ἑαυτῶν
2424 2936 2632 3003 ἀσεϐεῖς
2683 2939 2849 3002 ἀκοὰς
2898 2944 2979 3012 τῷ
3026 2947 3129 3010 τῆς
3180 2938 3441 3010 ἀληθείας
3494 2942 3692 3017 νάματι
3749 2943 3843 2998 καὶ

2185 3037 2301 3093 τοῖς
2354 3037 2453 3099 τῆς
2515 3023 2786 3091 εὐσεϐείας
2839 3026 3128 3104 δόγμασιν.
3181 3029 3336 3085 Οὕτω
3384 3028 3488 3106 γὰρ
3536 3031 3628 3087 καὶ
3679 3030 3731 3087 ἐν
3771 3036 3845 3107 τῇ

2186 3122 2321 3178 κατὰ
2349 3121 2574 3177 Νίκαιαν
2604 3116 2814 3192 συνόδῳ
2841 3120 3031 3195 γέγονε
3059 3124 3177 3182 τοῖς
3208 3119 3333 3197 περὶ
3364 3113 3648 3178 Εὐσέϐιον.

428 3212 701 3287 cognitis,
733 3210 944 3283 impias
989 3226 1131 3266 suas
1180 3225 1351 3266 aures
1378 3209 1642 3267 veritatis
1689 3213 1849 3269 unda
1895 3218 1952 3270 et
2001 3216 2233 3289 pietatis
2262 3212 2555 3287 dogmatis
2603 3210 2832 3284 possint
2861 3210 3117 3268 abluere.
3147 3211 3239 3268 Sic
3269 3211 3451 3285 igitur
3497 3210 3559 3268 in
3608 3212 3846 3271 Nicena

427 3303 652 3378 synodo
682 3317 822 3374 erga
859 3298 1219 3357 Eusebianos
1248 3301 1444 3355 actum
1474 3304 1584 3355 est.

495 3394 551 3449 3.
581 3391 658 3449 Ut
685 3393 855 3448 erant
883 3388 945 3445 in
988 3405 1098 3445 sua
1141 3387 1443 3460 impietate
1485 3390 1831 3464 pertinaces,
1864 3394 2073 3452 molie-

2256 3396 2309 3450 3.
2370 3392 2458 3457 ξΩς
2528 3385 2900 3465 ἐφιλονείκουν
2977 3382 3311 3459 ἀσεϐοῦντες,
3378 3388 3469 3443 καὶ
3545 3389 3844 3465 θεομαχεῖν

426 3483 758 3552 banturque
785 3494 921 3535 cum
967 3479 1095 3551 ipso
1143 3478 1260 3534 Deo
1288 3494 1570 3551 pugnare,
1602 3479 1685 3535 ita
1727 3499 1853 3553 quae
1887 3484 1960 3540 ab
1993 3484 2078 3541 eis

427 3571 776 3629 dicebantur
806 3568 978 3641 plena
1007 3571 1175 3624 erant
1200 3566 1541 3640 impietatis.
1565 3569 1834 3644 Episcopi
1857 3578 2077 3642 autem,

431 3660 535 3733 qui
561 3657 803 3716 trecenti
834 3656 967 3729 plus
1010 3657 1210 3713 minus
1239 3662 1649 3725 convenerant,
1678 3666 1983 3718 mansuete
2013 3679 2079 3719 ac

430 3746 873 3823 perhumaniter
900 3746 972 3801 ab
1020 3744 1138 3800 illis
1170 3744 1563 3818 postularunt,
1597 3751 1663 3802 ut
1708 3749 1780 3805 de
1827 3749 1920 3806 his
1951 3767 2080 3823 qua

431 3838 702 3895 dicebant
728 3835 1015 3892 rationem
1045 3834 1374 3905 redderent,
1404 3834 1649 3907 piasque
1672 3836 1947 3895 afferrent
1976 3841 2078 3895 de-

433 3923 1025 3990 monstraticnes.Qui
1041 3927 1105 3977 ut
1125 3923 1220 3977 vix
1237 3922 1395 3994 loqui
1418 3927 2081 3999 coeperunt,dignissimi

431 4015 544 4072 visi
560 4018 700 4071 sunt
715 4013 788 4070 ab
804 4012 1081 4068 omnibus
1099 4011 1199 4083 qui
1215 4012 1769 4083 condemnarentur;
1791 4016 1904 4087 ipsi
1922 4016 2081 4073 enim

430 4104 585 4161 inter
611 4119 676 4160 se
712 4100 1168 4168 altercabantur,
1190 4101 1504 4174 agnitaque
1532 4118 1649 4157 suae
1676 4102 1911 4161 haeresis
1944 4106 2084 4162 futi-

431 4193 596 4251 litate
624 4191 775 4271 muti
817 4190 1258 4262 permanebant,
1292 4193 1349 4244 et
1378 4207 1484 4246 suo
1533 4190 1769 4247 silentio
1799 4210 2082 4265 perverse

432 4280 736 4341 sententiae
754 4278 1182 4352 turpitudinem
1204 4279 1557 4335 fatebantur.
1576 4280 1778 4353 Itaque
1798 4282 2081 4355 episcopi,

429 4369 731 4429 vocabulis
753 4385 879 4442 quae
910 4367 995 4423 illi
1017 4368 1335 4424 commenti
1364 4372 1533 4424 erant
1560 4369 1850 4439 rescissis,
1875 4388 2083 4427 sanam

431 4466 492 4519 et
517 4458 972 4518 ecclesiasticam
1011 4457 1188 4513 fidem
1237 4458 1517 4515 adversus
1561 4457 1694 4514 illos
1742 4476 2081 4533 exposuere,

431 4550 528 4607 cui
558 4566 694 4606 cum
728 4545 1476 4619 omnes-subscripsissent,
1508 4546 1821 4604 Eusebiani
1850 4565 2086 4621 quoque

431 4640 527 4695 his
555 4638 702 4711 ipsis
719 4636 1026 4694 vocabulis
1045 4652 1172 4710 quae
1198 4652 1357 4691 nunc
1378 4635 1812 4707 reprehendunt
1833 4638 2087 4694 subscri-

431 4744 623 4801 psere,
641 4743 851 4799 nempe
873 4726 1029 4798 quod
1060 4723 1162 4781 Dei
1195 4723 1377 4780 Filius
1406 4741 1476 4780 ex
1513 4725 1844 4783 substantia
1870 4728 1947 4783 sit
1978 4732 2083 4784 Pa—

429 4815 564 4883 tris,
594 4814 766 4887 eique
813 4811 1354 4885 consubstantialis,
1388 4817 1447 4869 et
1488 4814 1639 4870 166
1685 4817 1841 4886 quod
1897 4833 2085 4889 neque

433 4920 527 4962 res
557 4908 768 4973 creata,
792 4919 898 4960 nec
929 4903 1081 4959 facta
1107 4900 1195 4958 vel
1226 4901 1464 4958 condita
1500 4902 1597 4973 sit,
1622 4904 1724 4960 sed
1757 4906 1914 4976 quod
1946 4905 2086 4963 Ver-

436 4998 577 5055 bum
598 5011 668 5051 ex
690 4993 877 5050 Patris
898 4991 1231 5049 substantia
1252 4992 1331 5047 sit
1350 4991 1637 5064 genitum.
1663 4992 1783 5049 Imo
1807 4995 1961 5065 quod
1984 4996 2089 5051 mi-

430 5101 565 5142 rum
592 5087 702 5150 est,
744 5082 870 5155 ipse
907 5080 1194 5137 Eusebius
1221 5081 1490 5137 Cmsareas
1538 5079 1596 5134 in
1630 5079 1936 5137 Palaestina
1964 5085 2089 5155 epi-

433 5190 669 5247 scopus,
703 5172 802 5245 qui
864 5171 1052 5244 pridie
1107 5169 1418 5236 restiterat,
1454 5174 1655 5241 postea
1714 5172 2086 5244 subscripsit,

433 5264 702 5334 hancque
718 5259 985 5317 Ecclesiae
1006 5259 1182 5315 ﬁdem
1203 5259 1511 5315 etPatrum
1533 5258 1909 5315 traditionem
1937 5277 2086 5328 esse,

505 5386 618 5458 (26)
646 5386 726 5440 Ex
747 5401 860 5458 ms.
888 5383 1026 5458 Reg.
1053 5382 1401 5456 particulam
1432 5380 1492 5436 ἄν
1521 5382 1881 5453 addidimus,
1906 5401 2086 5457 quam

435 5456 535 5513 alii
566 5456 623 5512 et
651 5457 791 5512 editi
823 5456 1122 5511 omittunt.

505 5528 618 5599 (27)
650 5525 822 5599 Κσκόν
850 5529 1016 5599 abest
1044 5544 1080 5599 ο.
1107 5527 1246 5599 Reg.
1281 5541 1393 5599 me.

647 5598 918 5672 393.5%
951 5595 1461 5672 aipéaswc'actibvr

527 5604 596 5653 28
648 5604 788 5671 Reg.
819 5604 918 5666 τῆς
951 5604 1207 5672 αἱρέσεως
1240 5604 1461 5652 αὐτῶν..

504 5604 743 5743 i29iSic
795 5670 961 5743 Reg,
993 5669 1307 5743 atqueMita
1360 5669 1560 5743 etiam_
1596 5666 1759 5743 legit
1791 5666 2079 5743 Nannius.

504 5682 743 5743 (149)510
795 5682 961 5742 Heg,
993 5682 1167 5741 atque
1220 5682 1307 5725 ita
1360 5682 1539 5727 etiam
1596 5682 1650 5723 te
1694 5682 1738 5723 it
1791 5682 2079 5728 mannius.

432 5739 638 5808 Ceteri
677 5743 737 5807 et
783 5740 945 5817 editi,
976 5735 1298 5825 κενοδοξίας
1331 5744 1397 5800 ut
1442 5744 1501 5799 et
1544 5682 1691 5815 legi?
1731 5739 2080 5804 Ambrosius

598 5529 618 5742 Ξ

2189 3480 2528 3558 ἐπεχείρουν,
2557 3478 2626 3534 τὰ
2659 3478 2752 3551 μὲν
2786 3476 3054 3553 λεγόμενα
3091 3480 3216 3553 παρ’
3250 3476 3424 3534 αὐτῶν
3482 3473 3731 3557 ἀςεϐείας
3777 3479 3846 3549 ἧν

2192 3557 2358 3645 μεστά
2384 3593 2396 3605 ο
2439 3570 2491 3625 oi
2536 3566 2594 3623 δὲ
2637 3557 2986 3631 συνελθόντες
3032 3566 3316 3623 ἐπίσκοποι
3367 3568 3522 3641 (ἦσαν
3569 3565 3627 3623 δὲ
3676 3566 3847 3625 πλέον

2188 3662 2223 3731 ἢ
2258 3659 2480 3716 ἔλασσον
2507 3657 2833 3735 τριακόσιοι)
2867 3657 3057 3734 πράως
3106 3657 3196 3712 καὶ
3247 3654 3650 3735 φιλανθρώπως
3701 3657 3848 3732 ἀπῄ-

2187 3771 2312 3805 τουν
2370 3747 2566 3810 αὐτοὺς
2623 3746 2748 3822 περὶ
2778 3748 2854 3801 ὧν
2887 3743 3076 3822 ἔλεγον
3110 3743 3316 3803 διδόναι
3349 3744 3518 3823 λόγον
3567 3745 3657 3803 καί
3704 3747 3851 3805 duc.—

2191 3837 2379 3912 δείξεις
2414 3832 2673 3899 εὐσεϐεῖς.
2705 3842 2793 3898 Ὠς
2840 3833 2897 3891 δὲ
2944 3836 3035 3892 καὶ
3088 3835 3249 3909 μόνον
3302 3835 3673 3914 φθεγγόμενοι
3718 3857 3853 3893 κατ-

2191 3929 2573 4002 εγινώσκοντο,
2619 3927 2711 3981 καὶ
2758 3926 2896 4001 πρὸς
2945 3923 3168 3988 ἑαυτοὺς
3214 3923 3569 4001 διεμάχοντο,
3625 3924 3845 3996 πολλὴν

2192 4018 2423 4092 ὁρῶντες
2487 4021 2589 4084 τῆς
2649 4016 2848 4069 ἑαυτῶν
2926 4015 3183 4091 αἱρέσεως
3247 4017 3360 4089 (28)
3416 4017 3518 4085 τήν
3593 4015 3850 4091 ἀπορίαν,

2194 4106 2409 4182 ἀχανεῖς
2445 4104 2539 4177 μὲν
2575 4102 2972 4177 ἔμενον,οὗτοι,
3004 4103 3093 4159 καὶ
3126 4101 3216 4159 διὰ
3241 4110 3342 4174 τῆς
3374 4111 3588 4174 σιωπῆς
3618 4102 3846 4177 ὡμολό-

2190 4209 2322 4269 γουν
2371 4194 2470 4261 τήν
2509 4193 2596 4248 ἐπὶ
2653 4196 2722 4266 τῇ
2772 4189 3063 4266 κακοδοξίᾳ
3090 4195 3205 4267 (29)
3248 4193 3423 4249 αὐτῶν
3465 4191 3750 4271 αἰσχύνην.
3780 4193 3848 4248 Οἱ

2191 4282 2371 4338 τοίνυν
2432 4280 2739 4354 ἐπίσκοποι,
2791 4279 2985 4337 λοιπὸν
3046 4281 3329 4345 ἀνελόντες
3384 4283 3453 4338 τὰ
3498 4283 3623 4357 παρ’
3671 4282 3847 4339 αὐτῶν

2195 4369 2542 4441 ἐπινοηθέντα
2579 4369 2817 4446 ῥήματα,
2852 4369 3026 4434 οὕτως
3076 4370 3313 4443 ἐξέθεντο
3362 4378 3478 4428 κατ’
3526 4371 3702 4428 αὐτῶν
3749 4373 3851 4443 τὴν

2197 4458 2532 4536 ὑγιαίνουσαν
2583 4458 2675 4512 καὶ
2740 4455 3195 4529 ἐκκλησιαπικὴν
3254 4459 3466 4515 πίστιν·
3520 4458 3739 4516 πάντων
3796 4481 3858 4517 τε

2196 4547 2647 4625 ὑπογραψάντων,
2720 4547 3030 4623 ὑπέγραψαν
3104 4548 3196 4603 καὶ
3269 4550 3323 4604 οἱ
3388 4549 3514 4627 περὶ
3590 4543 3856 4606 Εὑσέϐιον

2191 4637 2408 4700 τούτοις
2429 4642 2547 4699 τοῖς
2581 4635 2840 4714 μασιν,
2896 4638 2977 4700 οἷς
3009 4636 3290 4693 αἰτιῶνται
3336 4643 3427 4693 νῦν
3470 4639 3627 4695 οὗτοι
3659 4661 3672 4674 ·
3704 4636 3857 4715 λέγω

2196 4722 2261 4795 δὴ
2292 4730 2372 4798 τῷ
2402 4725 2461 4780 ἐκ
2487 4732 2586 4795 τῆς
2620 4724 2801 4788 οὐσίας
2832 4726 2925 4780 καὶ
2971 4730 3051 4798 τῷ
3098 4726 3402 4800 ὁμοουσίῳ,
3434 4726 3524 4783 καὶ
3576 4726 3663 4783 ὅτι
3716 4730 3859 4803 μήτε

2192 4813 2414 4888 κτίσμά,
2472 4814 2506 4882 ἢ
2562 4812 2802 4887 ποίημα,
2865 4815 3005 4887 μήτε
3053 4819 3159 4870 τῶν
3212 4819 3457 4891 γενητῶν
3487 4814 3629 4872 ἐστιν
3681 4816 3710 4871 ὁ
3754 4819 3856 4872 τοῦ

2199 4908 2332 4959 Θεοῦ
2363 4902 2508 4975 Υἱὸς,
2541 4902 2687 4958 ἀλλά
2732 4901 2979 4977 γέννημα
3025 4903 3084 4959 ἐκ
3120 4910 3220 4974 τῆς
3252 4904 3437 4968 οὐσίας
3610 4910 3708 4961 τοῦ
3740 4911 3855 4963 Πα-

2196 4992 2322 5067 τρός
2359 4992 2496 5047 ἐστιν
2531 4993 2558 5047 ὁ
2583 4991 2784 5065 Λόγος.
2816 4992 2914 5046 Καὶ
2952 4992 3015 5047 τό
3058 5015 3120 5068 γε
3167 4991 3495 5068 παράδοξον,
3529 4990 3791 5058 Εὐσέϐιος
3826 4996 3857 5050 ὁ

2200 5083 2304 5136 ἀπὸ
2361 5080 2677 5155 Καισαρείας
2736 5086 2836 5150 τῆς
2896 5079 3285 5155 Παλαιστίνης,
3318 5082 3407 5137 καί
3453 5104 3505 5138 τι
3554 5084 3661 5159 πρὸ
3722 5089 3856 5158 μιᾶς

2199 5169 2551 5247 ἀρνούμενος,
2584 5168 2738 5241 ὅμως
2796 5168 3013 5245 ὕστερον
3074 5172 3413 5245 ὑπογράψας,
3447 5168 3724 5228 ἐπέστειλε
3781 5175 3855 5247 τῇ

2198 5257 2496 5330 Ἐκκλησία
2526 5259 2735 5329 ἐαυτςῦ,
2787 5255 2964 5333 λέγων
3012 5259 3211 5330 ταύτην
3245 5262 3357 5336 (31)
3405 5260 3539 5317 εἶναι
3582 5269 3686 5332 τῆς
3736 5263 3861 5317 Ἐκ-

2195 5383 2683 5461 Camaldulensis,
2718 5383 2827 5461 qui
2865 5400 3073 5461 nempe
3121 5388 3314 5453 vertit,
3362 5391 3586 5461 ipsoque
3629 5390 3859 5447 silentio

2193 5458 2595 5542 conﬁtebantur
2660 5457 3063 5528 turpitudinem
3128 5457 3391 5517 inaniter
3449 5457 3680 5534 captane
3736 5463 3860 5534 glo-

2408 5600 2502 5677 Sit}
2528 5599 2667 5677 Beg.
2699 5599 2773 5654 At
2797 5598 2895 5655 alii
2923 5602 2980 5656 et
3008 5601 3170 5669 editi,
3197 5600 3442 5677 γέννημα
3477 5600 3569 5659 καὶ
3606 5608 3709 5675 τῆς
3750 5606 3858 5661 τοῦ

2192 5668 2405 5743 Πατρὸς
2436 5668 2641 5743 οὐ-σίαςῖ

2261 5739 2376 5820 (31)
2404 5739 2613 5815 Ταύτην
2646 5741 3020 5804 restituimus
3049 5761 3120 5805 ex
3149 5761 3262 5809 ms.
3292 5749 3435 5829 Reg.
