4152 6414
311 493 422 552 421

1384 489 1486 549 DE
1531 487 1913 548 DECRETIS
1959 489 2293 549 ΝΙΟιΕΝιΕ
2339 491 2650 552 SYNODI.

3605 499 3720 558 422

313 621 542 692 κλησίας
572 622 671 690 την
705 619 881 676 πίστιν
915 619 1003 676 καὶ
1035 625 1143 675 τῶν
1196 621 1447 696 Πατέρων
1493 621 1590 688 τὴν
1643 617 1960 694 παράδοσιν·
1995 680 2000 688 ι

2110 621 2280 676 nissis
2339 623 2408 676 ad
2469 641 2636 678 suam
2697 623 3011 681 Ecclesiam
3073 625 3304 694 litteris,
3356 626 3730 698 signiﬁcavit,

310 711 441 765 πᾶσί
487 731 548 765 τε
598 717 841 788 φανερῶς
897 708 1113 782 ἔδειξεν,
1161 708 1241 764 ὅτι
1291 709 1553 786 πρότερον
1610 707 1969 786 ἐσφάλλοντο,

309 799 398 854 xui
449 798 622 872 μάτην
676 799 1042 877 ἐφιλονείκουν
1094 799 1231 874 πρὸς
1278 799 1376 867 τὴν
1427 797 1706 868 ἀλήθειαν.
1757 797 1819 851 Ei
1869 798 1969 872 γὰρ

307 887 396 943 καὶ
445 889 696 964 ᾐσχύνθη
739 888 862 943 τότε
909 888 1128 950 ταύταις
1186 893 1304 949 ταῖς
1367 886 1540 957 λέξεσι
1597 886 1821 963 γράψαι,
1881 889 1971 941 καὶ

310 979 386 1040 ὡς
415 972 682 1048 ἠθέλησεν
731 978 891 1040 αὐτὸς
940 977 1325 1052 ἀπελογήσατο
1356 981 1422 1050 τῇ
1458 975 1776 1047 Ἐκκλησία,
1829 974 1974 1030 ἀλλά

311 1087 374 1142 γε
407 1065 496 1122 διὰ
542 1074 642 1136 τῆς
705 1065 1001 1136 ἐπιστολῆς
1057 1066 1120 1120 τὸ
1174 1066 1466 1138 ὁμοούσιον
1517 1066 1606 1119 καὶ
1652 1066 1714 1119 τὸ
1764 1065 1822 1120 ἐκ
1872 1070 1972 1132 τῆς

313 1156 498 1218 οὐσίας
562 1157 636 1228 μὴ
711 1156 1134 1232 ἀρνησάμενος,
1198 1159 1436 1232 φανερῶς
1494 1159 1655 1209 τοῦτο
1736 1160 1975 1226 σημᾶναι

317 1243 598 1321 βούλεται.
647 1245 747 1299 Καὶ
798 1245 1034 1309 πέπονθέ
1083 1267 1134 1299 τι
1173 1241 1366 1299 δεινόν·
1424 1246 1533 1318 (32)
1570 1245 1644 1305 ὡς
1697 1243 1798 1319 γάρ
1846 1244 1976 1296 ἀπο-

316 1334 677 1410 λογούμενος,
710 1333 1059 1409 κατηγόρησε
1107 1330 1302 1388 λοιπὸν
1352 1337 1459 1387 τῶν
1512 1333 1825 1408 Ἀρειανῶν,
1869 1329 1972 1402 ὅτι,

314 1426 638 1500 γράψαντες,
673 1421 782 1478 Οὐκ
811 1422 876 1490 ἦν
912 1422 940 1475 ὁ
973 1420 1097 1484 Υὶδς
1153 1421 1279 1498 πρὶν
1328 1433 1676 1497 γεννηθηναι,
1709 1421 1806 1475 οὐκ
1853 1419 1977 1488 ἤθε-

317 1510 414 1566 λον
468 1510 627 1565 αὐτὸν
681 1511 813 1565 εἶναι
865 1507 990 1565 οὐδέ
1036 1511 1142 1586 πρὸ
1188 1517 1288 1580 τῆς
1320 1511 1456 1564 κατὰ
1495 1509 1662 1586 σάρκα
1692 1508 1973 1585 γενέσεως.

318 1601 416 1656 Καὶ
445 1605 606 1655 τοῦτο
637 1598 751 1655 οἶδε
797 1599 886 1654 xui
938 1601 1213 1667 Ἀκάκιος,
1263 1599 1323 1652 ἂν
1360 1601 1434 1671 μὴ
1488 1599 1578 1653 καὶ
1610 1599 1768 1660 αὐτὸς
1801 1594 1976 1674 φοϐη-

317 1690 427 1752 θεὶς
459 1693 550 1744 νῦν
602 1686 690 1744 διὰ
735 1689 826 1743 τὸν
877 1689 1062 1765 καιρὸν
1118 1688 1495 1763 ὑποκρίνηται,
1556 1687 1645 1742 καὶ
1678 1689 1981 1760 ἀρνήσηται

315 1781 415 1848 τὴν
469 1776 752 1849 ἀλήθειαν.
809 1777 1064 1848 Ὑπέταξα
1114 1780 1226 1851 (33)
1276 1782 1404 1852 γοῦν
1458 1776 1508 1831 ἐν
1562 1781 1642 1848 τῷ
1686 1775 1832 1831 τέλει
1879 1777 1976 1844 τὴν

320 1867 617 1937 ἐπιστολὴν
650 1863 934 1939 Εὐσεϐίου,
961 1867 1052 1923 ’ίνα
1100 1868 1161 1922 ἐκ
1206 1867 1406 1937 ταύτης
1453 1872 1599 1942 γνῷς
1629 1870 1735 1920 τῶν
1766 1887 1823 1920 τε
1853 1886 1978 1941 χρι-

321 1957 615 2033 στομάχων
649 1958 739 2012 xui
786 1957 921 2012 κατὰ
970 1957 1218 2033 περιττὸν
1258 1957 1357 2024 τήν
1393 1956 1646 2011 Ἀκακίου
1683 1955 1820 2029 πρὸς
1850 1954 1977 2016 τοὺς
2009 1993 2057 2057 Β

320 2049 523 2102 ἑαυτῶν
558 2044 920 2109 διδασκάλους
951 2044 1370 2122 ἀγνωμοσύνην.

397 2227 447 2280 li.
483 2228 606 2286 Πῶς
651 2222 832 2278 τοίνυν
868 2221 966 2276 οὐκ
1013 2219 1288 2275 ἀδικοῦσιν
1340 2220 1524 2290 οὗτοι,
1578 2219 1672 2274 κᾶν
1725 2219 1983 2293 ἐνθυμού-

331 2333 480 2385 μενοι
519 2311 682 2385 μόνον
717 2313 831 2383 (34)
864 2308 1166 2384 ἀντιλέγειν
1209 2311 1278 2382 τῇ
1325 2307 1560 2381 τοσαύτῃ
1609 2307 1698 2362 καὶ
1731 2308 1985 2381 οἷκουμε-

325 2405 450 2475 νικῇ
487 2397 698 2472 συνόδῳ
734 2419 748 2469 ;
783 2403 906 2461 Πῶς
939 2397 1001 2453 ού
1044 2401 1421 2474 παρανομΟὖσι
1473 2396 1792 2468 τολμῶντες
1841 2397 1986 2451 ἀντι-

327 2486 548 2545 ϐλέπειν
606 2493 723 2551 τοῖς
782 2488 966 2550 καλῶς
1028 2488 1286 2563 ὁρισθεῖσι
1357 2487 1493 2541 κατά
1547 2493 1649 2555 τῆς
1705 2492 1988 2562 Ἀρειανῆς

329 2578 608 2652 αἱρέσεως,
658 2577 748 2632 καὶ
784 2577 1250 2653 μαρτυρουμένοις
1301 2575 1403 2630 ὑπὸ
1450 2578 1559 2629 τῶν
1610 2573 1802 2636 αὐτοὺς
1852 2574 1987 2650 πρό-

325 2687 480 2744 τερον
538 2662 746 2722 ἀσεϐεῖν
809 2663 1134 2738 διδαξάντων
1171 2684 1184 2733 ;
1219 2664 1283 2718 Ei
1344 2663 1400 2718 δὲ
1447 2664 1536 2718 καὶ
1593 2665 1725 2737 μετά
1761 2664 1823 2718 τὸ
1846 2664 1987 2718 ’ὑπο-

329 2758 533 2832 γράψαι
595 2749 959 2827 μετεϐάλοντο
1014 2755 1066 2808 οἱ
1109 2751 1230 2828 περί
1279 2747 1562 2824 Εὐσέϐιον,
1608 2753 1696 2807 καὶ
1731 2753 1805 2807 ὡς
1833 2752 1988 2814 κύνες

331 2845 408 2908 εἷς
437 2846 498 2899 τὸ
555 2841 690 2900 ί²διον
743 2843 975 2919 ἐξέραμα
1015 2845 1115 2912 τῆς
1167 2837 1411 2905 ἀσεϐείας
1459 2841 1824 2916 ἐπέστρεψαν·
1873 2845 1990 2904 πῶς

332 2934 459 3010 οὐχὶ
492 2932 591 2988 καῖ’
619 2931 830 3006 μὀὶλλον
874 2933 1011 3003 ἄξιοι
1041 2930 1231 3006 μίσους
1255 2932 1307 2985 οἱ
1339 2936 1429 2985 νῦν
1465 2930 1736 3005 ἀντιλέγοι
1751 2951 1860 3001 τες,
1885 2928 1990 3001 ὅτι,

331 3025 430 3092 τὴν
461 3022 764 3098 ἐλευθερίαν
802 3029 905 3090 τῆς
955 3023 1156 3076 έαυτῶν
1210 3024 1394 3096 ψυχῆς
1455 3018 1650 3081 ἄλλοις
1699 3019 1991 3096 προπίνον-

331 3133 464 3184 τες,
514 3111 741 3172 τούτους
795 3109 883 3164 καί
936 3108 1316 3184 καθηγεμόνας
1375 3115 1476 3178 τῆς
1529 3109 1786 3184 αἱρέσεως
1844 3106 1990 3182 ἔχειν

336 3197 608 3258 ἐθέλουσιν
831 3198 1177 3273 ἀνθρώπους,
1208 3197 1283 3259 ὠς
1340 3197 1484 3251 εἶπεν
1537 3199 1564 3250 ὁ
1597 3192 1876 3266 Ἰάκωϐος,
1912 3193 1991 3250 δι-

335 3289 549 3365 ψύχους
580 3287 669 3342 καὶ
704 3285 1102 3346 ἀκαταστάτους
1145 3281 1301 3346 ὄντας
1353 3284 1404 3338 ἐν
1457 3286 1654 3346 πάσαις
1681 3289 1799 3346 ταῖς
1843 3281 1991 3346 ὁδοῖς

2082 711 2474 782 omnibusque
2515 718 2711 784 aperte
2753 713 3067 770 declaravit
3114 713 3246 770 illos
3294 715 3459 787 prius
3508 732 3735 773 errasse

2083 800 2417 870 frustraque
2466 802 2747 856 adversus
2799 803 3102 858 veritatem
3153 803 3542 861 contendisse.
3576 805 3737 862 Licet

2082 888 2236 944 enim
2269 893 2410 943 tunc
2440 890 2704 968 eum_his
2751 891 2834 944 uti
2869 891 3110 946 vocibus
3142 892 3435 963 puduerit,
3467 898 3642 966 atque
3673 897 3740 950 ut

2082 976 2285 1042 voluit,
2320 977 2446 1047 ipse
2477 993 2538 1032 se
2569 978 2838 1033 Ecclesiae
2869 981 3252 1049 excusaverit,
3281 985 3477 1038 tamen
3509 999 3643 1038 cum
3676 983 3737 1039 in

2084 1064 2330 1137 epistola
2359 1081 2526 1120 voces
2561 1067 3058 1124 consubstantialis
3095 1073 3152 1124 et
3191 1085 3259 1126 ex
3287 1071 3591 1127 substantia
3620 1089 3738 1128 non

2085 1155 2497 1226 repudiaverit,
2534 1154 2679 1210 illud
2714 1163 2867 1212 certe
2915 1159 3066 1229 quod
3123 1158 3379 1215 diximus
3411 1160 3606 1232 palam
3636 1178 3735 1217 vo-

2082 1243 2192 1298 luit
2222 1244 2499 1299 indicare.
2525 1244 2604 1299 Ea
2633 1249 2830 1301 autem
2860 1245 2919 1300 in
2953 1264 3013 1301 re
3045 1263 3218 1319 grave
3249 1249 3531 1320 quiddam
3565 1250 3616 1306 ei
3647 1267 3741 1307 ac-

2086 1332 2256 1388 cedit.
2280 1331 2450 1401 Nam,
2470 1350 2601 1388 cum
2627 1351 2688 1388 se
2709 1333 2890 1388 veluti
2912 1340 3208 1406 purgaret,
3232 1336 3476 1393 Arianos
3496 1337 3736 1395 demum

2086 1421 2379 1478 accusavit
2428 1423 2606 1493 quod,
2637 1438 2771 1477 cum
2814 1423 3139 1478 scriberent
3167 1423 3378 1480 Filium
3413 1443 3527 1482 non
3559 1427 3740 1484 fuisse

2088 1514 2400 1582 antequam
2448 1511 2684 1583 genitus
2730 1516 2905 1578 esset,
2940 1511 3107 1566 illum
3162 1529 3267 1569 nec
3315 1517 3627 1587 antequam
3679 1516 3741 1571 in

2089 1615 2262 1655 carne
2315 1605 2655 1656 nasceretur
2708 1600 3004 1656 exstitisse
3050 1601 3360 1658 voluerint.
3392 1603 3556 1668 Quod
3604 1621 3746 1663 sane

2090 1706 2206 1744 non
2235 1692 2428 1760 potest
2458 1689 2729 1760 ignorare
2753 1690 3023 1758 Aeacius,
3049 1689 3161 1746 nisi
3184 1693 3240 1746 et
3268 1692 3392 1763 ipse
3412 1708 3568 1748 nunc
3598 1710 3745 1766 prai-

2092 1777 2275 1834 sentis
2305 1778 2587 1847 temporis
2619 1795 2818 1846 causa,
2855 1778 3074 1834 factum
3116 1796 3232 1851 pra
3276 1783 3436 1836 metu
3469 1781 3747 1838 dissimu-

2091 1867 2188 1936 let,
2241 1868 2661 1939 veritatemque
2719 1871 2909 1938 neget.
2973 1869 3177 1940 Itaque
3236 1869 3294 1923 in
3355 1869 3749 1942 fine,subjeci

2091 1955 2329 2011 Eusebii
2361 1954 2693 2027 epistolam,
2726 1959 2792 2011 ut
2820 1955 3034 2012 Christi
3067 1957 3328 2013 hostium
3360 1975 3425 2014 ac
3454 1958 3749 2032 insignem

2095 2045 2386 2118 praecipue
2417 2045 2613 2100 Acacii
2643 2044 2704 2100 in
2733 2061 2872 2101 suos
2905 2045 3219 2118 magistros
3248 2047 3555 2117 perﬁdiam
3585 2063 3653 2104 ex
3683 2063 3754 2105 ea

2095 2132 2316 2205 liquido
2346 2149 2682 2205 cognoscas.

2172 2224 2221 2278 4.
2244 2224 2448 2276 Annon
2474 2222 2655 2294 igitur
2675 2221 2757 2275 illi
2782 2222 3154 2290 iniquissime
3175 2224 3431 2296 agunt,si
3452 2224 3538 2280 vel
3557 2225 3750 2282 solum

2098 2313 2156 2367 in
2190 2311 2454 2366 animum
2487 2311 2770 2366 inducant
2799 2314 2961 2366 tanto
2993 2315 3050 2367 et
3081 2312 3336 2384 generali
3381 2313 3626 2387 concilio
3661 2331 3752 2370 re-

2099 2400 2353 2457 clamare
2375 2399 2402 2453 ?
2431 2403 2641 2453 Annon
2673 2398 2935 2455 scelerati
2966 2399 3216 2456 habendi
3252 2405 3392 2457 sunt
3419 2402 3519 2474 qui
3551 2403 3752 2459 adver-

2100 2490 2181 2546 sis
2206 2487 2391 2544 oculis
2414 2487 2676 2543 contueri
2699 2489 2918 2544 audent
2937 2504 3004 2544 ea
3031 2505 3157 2560 quae
3182 2493 3336 2545 recte
3360 2494 3562 2546 contra
3581 2491 3758 2548 Aria-

2101 2595 2237 2634 nam
2265 2575 2535 2632 hieresim
2562 2576 2795 2632 decreta
2826 2577 3004 2646 fuere,
3030 2583 3085 2633 et
3108 2577 3318 2636 abillis
3341 2578 3488 2651 ipsis
3511 2581 3760 2651 probata

2102 2670 2259 2733 sunt,
2292 2682 2440 2737 quos
2489 2665 2652 2736 prius
2706 2665 2966 2722 habuere
3021 2665 3340 2738 impietatis
3391 2667 3761 2741 magistros?

2103 2756 2265 2820 Quod
2319 2754 2367 2810 si
2419 2753 2750 2822 Eusebiani,
2794 2759 3110 2826 postquam
3156 2756 3654 2828 subscripserunt,
3685 2758 3759 2814 ad

2101 2843 2404 2916 proprium
2456 2842 2777 2915 impietatis
2807 2843 3096 2898 vomitum
3135 2844 3295 2900 velut
3345 2862 3519 2901 canes
3569 2863 3757 2903 rever-

2099 2939 2242 3000 tere,
2275 2948 2468 2987 nonne
2498 2947 2563 2986 eo
2609 2932 2798 3003 magis
2831 2932 2962 2988 odio
2995 2933 3159 3006 digni
3207 2938 3348 2989 sunt
3377 2934 3438 2990 hi
3470 2934 3570 3008 qui
3603 2951 3759 2992 nunc

2104 3021 2534 3088 contradicunt,
2569 3021 2722 3092 quod
2775 3038 3018 3076 suarum
3066 3023 3397 3078 animarum
3430 3023 3758 3081 libertatem

2105 3111 2234 3167 aliis
2287 3109 2682 3182 propinantes,
2717 3108 2847 3164 illos
2904 3110 3062 3180 ipsos
3111 3111 3289 3166 duces
3347 3111 3587 3168 haeresis
3645 3112 3751 3168 ha-

2103 3201 2238 3255 bere
2267 3197 2486 3254 velint?
2523 3197 2812 3265 homines,
2846 3201 2911 3252 ut
2957 3198 3039 3252 ait
3083 3198 3338 3254 Jacobus
3361 3200 3454 3270 '9',
3485 3199 3752 3272 duplices

2105 3289 2302 3345 animo
2361 3290 2418 3341 et
2466 3287 2866 3341 inconstantes
2898 3286 2954 3340 in
2989 3287 3263 3343 omnibus
3311 3288 3418 3344 viis
3466 3289 3612 3355 suis,
3645 3305 3753 3346 nec

334 3378 535 3450 αὐτῶν,
565 3376 656 3430 καὶ
696 3377 769 3448 μὴ
809 3374 930 3447 μίαν
969 3375 1062 3447 μὲν
1118 3373 1345 3449 ἔχοντας
1395 3375 1648 3449 γνώμην,
1701 3373 1900 3428 ἄλλοτε
1940 3370 1998 3427 δὲ

2111 3375 2168 3431 in
2229 3392 2346 3430 una
2402 3379 2812 3446 permanentes
2841 3375 3148 3443 sententia,
3182 3377 3284 3431 sed
3341 3377 3513 3433 modo
3575 3393 3755 3434 unam

340 3465 528 3526 ἄλλως
566 3458 1106 3537 μεταϐαλλομένους,
1166 3463 1254 3516 καὶ
1299 3467 1390 3516 νῦν
1445 3463 1537 3535 μὲν
1588 3461 1938 3524 ἐπαινοῦντας
1971 3462 2001 3515 '0

337 3555 574 3630 λέγουσι,
614 3558 726 3625 μετ’
760 3551 948 3628 ὀλίγον
1002 3549 1058 3606 δὲ
1105 3551 1372 3626 ψέγοντας
1425 3550 1556 3626 ὅπερ
1609 3550 1881 3627 εἰρήκασι,
1913 3564 2003 3618 καὶ

337 3643 502 3698 πάλιν
538 3641 889 3702 ἐπαινοῦντας
924 3639 1055 3716 ὅπερ
1107 3641 1212 3716 πρὸ
1249 3645 1446 3715 μικροῦ
1487 3634 1804 3698 διέϐαλλον.
1836 3644 2004 3694 Τοῦτο

339 3731 418 3802 δὲ,
457 3732 532 3794 ὡς
564 3731 592 3785 ὀ
626 3733 844 3804 Ποιμήν
895 3727 1106 3805 εἷ’ρηκεν
1141 3732 1274 3803 (36),
1303 3725 1523 3804 ἔκγονόν
1577 3728 1688 3784 ἐστι
1724 3723 2005 3800 διαϐόλου,

348 3821 439 3876 καὶ
496 3821 763 3891 καπήλων
799 3817 856 3874 δὲ
892 3818 1105 3893 μᾶλλον
1132 3818 1222 3872 καὶ
1255 3818 1315 3873 ού
1349 3816 1690 3873 διδασκάλων
1721 3818 1832 3874 ἐστὶ
1865 3818 2008 3892 γνώ-

354 3931 542 3986 ρισμα.
587 3911 738 3964 Ἔστι
775 3911 900 3984 γὰρ,
950 3908 1028 3970 ὠς
1060 3909 1111 3962 οἱ
1143 3909 1376 3982 Πατέρες
1425 3905 1886 3982 παραδεδώκασιν,
1921 3903 2009 3960 ὅν-

354 4021 467 4061 τως
497 3996 841 4067 διδασκαλία,
889 3997 978 4051 καὶ
1029 3994 1369 4051 διδασκάλων
1423 3996 1644 4066 ἀληθῶς
1692 4001 1852 4051 τοῦτο
1891 4017 2010 4050 τεκ-

369 4090 590 4164 μήριον,
623 4088 684 4142 τὸ
713 4087 781 4140 τὰ
809 4084 944 4140 αὐτὰ
974 4083 1249 4155 ἀλλήλοις
1298 4084 1612 4161 ὁμολογεῖν,
1658 4086 1746 4140 καὶ
1801 4087 1874 4158 μή
1907 4085 2013 4158 ἀμ-

365 4171 646 4254 φισϐητεῖν
685 4176 823 4247 μήτε
851 4175 988 4251 πρὸς
1021 4173 1263 4243 ἑαυτοὺς,
1301 4175 1439 4246 μήτε
1469 4175 1604 4250 πρὸς
1634 4175 1766 4238 τοὺς
1812 4175 2013 4229 ἑαυτῶν

361 4267 617 4342 πατέρας.
671 4265 734 4317 Οἱ
780 4265 880 4339 γάρ
932 4265 1006 4337 μὴ
1059 4268 1249 4318 τοῦτον
1303 4261 1633 4336 διακείμενοι
1681 4265 1772 4318 τὸν
1813 4263 2012 4338 τρόπον

367 4354 644 4430 μοχθηροὶ
680 4351 891 4426 μᾶλλον
923 4351 1012 4407 xui
1043 4353 1142 4407 οὐκ
1162 4351 1387 4421 ἀληθεῖς
1420 4353 1477 4407 ἂν
1511 4355 1622 4426 (38)
1651 4351 1909 4407 καλοῖντο
1940 4351 2018 4406 δι-

365 4441 650 4500 δάσκαλοι.
679 4439 948 4512 Ἓλληνες
997 4446 1145 4518 γοῦν,
1179 4442 1288 4517 οὐχ
1336 4439 1738 4516 ὁμολογοῦντες
1768 4443 1834 4496 τά
1863 4441 2014 4513 αὐτὰ,

361 4533 510 4589 ἀλλά
541 4533 630 4586 καὶ
660 4532 796 4608 πρὸς
846 4530 1133 4602 ἀλλήλους
1181 4525 1670 4608 ἀμφισϐητοῦντες,
1711 4529 1809 4584 οὐκ
1837 4528 2015 4600 ἀληθῆ

360 4625 459 4692 τὴν
495 4619 844 4676 διδασκαλίαν
877 4617 1118 4698 ἔχουσιν·
1154 4621 1205 4674 οἱ
1257 4617 1314 4674 δὲ
1363 4621 1506 4694 ἅγιοι
1545 4619 1635 4673 καὶ
1665 4623 1744 4690 τῷ
1774 4614 1889 4672 ὄντι
1917 4625 2018 4688 τῆς

2115 3465 2287 3520 modo
2345 3462 2523 3518 aliam
2584 3461 3031 3533 amplectentes,
3091 3465 3264 3519 modo
3325 3481 3451 3536 quas
3509 3466 3763 3522 dixerint

2116 3554 2448 3621 laudantes,
2504 3551 2676 3607 modo
2723 3550 3122 3623 vituperantes
3167 3553 3391 3622 eadem,
3439 3571 3764 3626 rursusque

2115 3643 2269 3697 idem
2304 3641 2458 3712 quod
2511 3639 2687 3712 paulo
2721 3644 2853 3695 ante
2883 3640 3401 3711 reprehendebant,
3436 3643 3766 3715 approban-

2117 3737 2206 3786 tes
2237 3731 2372 3801 (38).
2409 3729 2469 3784 Id
2515 3745 2668 3795 vero,
2703 3733 2768 3783 ut
2815 3728 2894 3783 ait
2938 3733 3154 3798 Pastor,
3207 3729 3442 3785 nonnisi
3475 3747 3509 3786 a
3538 3731 3766 3788 diabolo

2121 3824 2315 3875 ortum
2359 3818 2553 3888 habet,
2604 3833 3054 3889 cauponumque
3098 3817 3291 3889 potius
3322 3836 3499 3891 quam
3550 3819 3768 3893 magis-

2121 3914 2346 3964 trorum
2401 3911 2490 3962 est
2545 3906 2794 3978 insigne.
2827 3905 3129 3977 Siquidem
3160 3923 3296 3962 vera
3347 3907 3451 3963 illa
3504 3908 3772 3965 doctrina

2125 4002 2233 4062 est,
2269 3997 2349 4050 uti
2399 3999 2600 4050 Patres
2649 3995 2961 4060 tradidere,
2994 4011 3314 4067 verumque
3344 3996 3646 4053 doctorum
3678 3997 3770 4054 in-

2125 4086 2366 4151 dicium,
2391 4100 2522 4139 cum
2569 4099 2772 4138 omnes
2824 4083 2975 4139 inter
3005 4100 3067 4139 se
3098 4086 3492 4157 consentiunt,
3523 4104 3637 4143 non
3670 4103 3774 4143 au-

2125 4180 2242 4231 tem
2294 4172 2382 4229 vel
2441 4188 2640 4227 secum
2698 4171 2786 4226 vel
2825 4188 2958 4227 cum
3020 4173 3145 4228 suis
3203 4174 3469 4245 patribus
3521 4174 3775 4249 litigant.

2125 4265 2271 4321 Nam
2305 4261 2403 4334 qui
2439 4279 2551 4316 non
2602 4261 2683 4314 ita
2732 4265 2872 4316 sunt
2929 4261 3143 4328 affecti,
3178 4261 3450 4334 improbi,
3484 4280 3601 4320 non
3657 4263 3779 4319 veri

2130 4355 2396 4410 doctores
2438 4353 2578 4406 sunt
2625 4349 2978 4420 appellandi.
3013 4349 3157 4404 Hinc
3187 4351 3435 4424 gentiles
3482 4353 3583 4424 qui
3627 4352 3782 4408 inter

2130 4459 2192 4498 se
2223 4457 2338 4496 non
2371 4438 2770 4507 consentiunt,
2804 4438 2903 4493 sed
2956 4438 3264 4505 dissident,
3295 4455 3430 4495 vera
3477 4441 3782 4512 privantur

2132 4530 2416 4586 doctrina.
2447 4527 2643 4587 Sancti
2675 4530 2870 4583 autem
2903 4531 2960 4582 et
2990 4527 3088 4598 qui
3120 4528 3381 4583 veritatis
3411 4544 3612 4584 revera
3640 4532 3782 4584 sunt

2130 4615 2447 4693 priecones,
2492 4617 2645 4671 inter
2697 4633 2758 4671 se
2813 4617 3190 4687 concordant,
3243 4634 3358 4672 non
3417 4617 3777 4674 discordant.

365 4709 626 4782 ἀληθείας
685 4711 919 4785 κήρυκες
964 4708 1242 4780 ἀλλήλοις
1290 4729 1349 4763 τε
1392 4712 1768 4786 συμφωνοῦσι,
1818 4706 1906 4762 xui
1957 4707 2000 4761 οί

2132 4709 2280 4764 Nam
2310 4707 2446 4763 licet
2475 4705 2724 4761 diversis
2755 4704 2838 4759 illi
2876 4705 3178 4761 ﬂoruerint
3206 4706 3589 4779 temporibus,
3621 4706 3778 4762 idem

364 4798 708 4878 διαφέρονται
738 4799 876 4875 πρὸς
907 4797 1150 4860 ἑαυτούς.
1184 4799 1247 4852 Εἰ
1285 4799 1384 4874 γὰρ
1411 4798 1500 4852 καὶ
1553 4795 1832 4874 διαφόροις
1882 4795 2020 4872 χρό-

363 4911 478 4951 νοις
525 4889 850 4965 γεγόνασιν,
898 4886 1024 4942 ἀλλ’
1074 4887 1149 4949 εἷς
1197 4887 1389 4942 ταύτὸν
1449 4883 1723 4957 ἀλλήλοις
1755 4887 2018 4962 ὁρμῶσιν,

370 4979 486 5041 ἐνὸς
519 4974 670 5040 ὅντες
718 4981 816 5032 τοῦ
865 4981 999 5032 Θεοῦ
1029 4980 1328 5054 προφῆται,
1359 4976 1448 5030 καὶ
1484 4975 1576 5029 τὸν
1609 4975 1767 5030 αὐτὸν
1799 4975 2022 5052 συμφώ-

368 5088 476 5129 νως
509 5064 996 5142 εὐαγγελιζόμενοι
1030 5065 1229 5140 Λόγον.

444 5176 512 5211 θ’*
545 5179 662 5230 Jac.
697 5192 738 5241 Ι,
768 5175 822 5228 8.

445 5281 557 5354 (32)
589 5281 900 5363 Iisecﬂsunt‘
922 5279 1052 5363 ipsa
1072 5279 1304 5361 Eusebii
1333 5281 1597 5363 verbane};
1627 5280 1755 5350 ejus
1785 5277 2031 5363 epistola

372 5351 550 5420 quam
602 5353 661 5408 in
714 5353 829 5408 tine
888 5351 1068 5423 hujus
1126 5351 1318 5423 operis
1371 5352 1591 5423 subjici
1651 5351 2032 5423 curavimus:

372 5419 491 5478 Ἔτι
524 5423 587 5496 τὸ
618 5419 1094 5496 ἀνάθεμα-δίζεσθαι
1146 5419 1227 5490 τὸ,
1280 5421 1393 5496 Πρὸ
1442 5419 1539 5476 τοῦ
1578 5428 1899 5496 ,γεννηθῆναι
1941 5419 2040 5496 οὐκ

372 5497 458 5581 ἦν,
495 5493 597 5580 οὐκ
616 5491 816 5581 ἄτοπον
841 5491 1097 5564 ἐνομίσθη
1121 5497 1199 5581 τῶ
1220 5491 1366 5567 παρᾶ
1385 5499 1543 5581 πᾶσιν
1569 5491 1954 5581 ῥ’μολογεῖσθαι
1977 5492 2039 5545 τὸ

376 5563 515 5620 εἶναι
545 5565 636 5620 τὸν
672 5566 796 5620 Υἱὸν
821 5563 1075 5639 τοῦίΘεοῦ
1095 5563 1199 5639 πρξ)
1230 5563 1329 5633 τῆς
1362 5563 1496 5618 κατά
1523 5563 1691 5639 σάρκα
1721 5563 2042 5639 γεννήσεως.

377 5639 439 5694 Id
472 5642 607 5694 est:
641 5640 751 5695 Nec
797 5641 929 5694 item
978 5635 1280 5693 absurdum
1327 5640 1505 5692 visum
1548 5635 1625 5691 est
1665 5635 1753 5691 his
1802 5638 2038 5702 vocibus,

375 5709 502 5766 Non
540 5715 666 5764 erat
697 5715 1012 5781 antequam
1068 5710 1299 5781 genitus
1349 5713 1457 5781 est,
1491 5708 1795 5781 anathema
1842 5708 2041 5773 dicere,

374 5796 722 5854 cum‘om-nes
749 5779 1036 5854 fateantur
1065 5779 1178 5835 ésse
1209 5781 1306 5836 Dei
1341 5782 1385 5836 F
1385 5780 1569 5848 ilium,
1600 5779 1927 5852 priusquam
1954 5794 2044 5833 se-

374 5851 623 5912 cundum
653 5851 886 5908 carnem
914 5853 1258 5922 gigneretur.
1473 5883 1476 5887 ~

453 5923 570 6008 (33)
600 5923 696 5983 Sic
728 5923 869 5998 Reg.
904 5915 1110 5982 At'alii
1155 5927 1212 5982 et
1252 5921 1430 5982 editio
1459 5919 1768 5992 Gommel,,
1802 5915 2043 5992 ὑπέταξε,

2131 4802 2328 4853 tamen
2360 4796 2635 4851 omnibus
2677 4811 2891 4868 sc0pus
2929 4795 3059 4863 fuit,
3092 4794 3310 4867 quippe
3340 4796 3440 4867 qui
3473 4796 3650 4852 unius
3683 4795 3784 4852 Del

2133 4889 2332 4942 essent
2361 4884 2654 4956 prophetae
2686 4889 2742 4939 et
2772 4884 2927 4939 idem
2963 4899 3194 4940 summo
3225 4900 3514 4942 consensu
3545 4884 3781 4942 nuntia-

2133 4980 2264 5030 rent
2295 4973 2574 5028 Verbum.

2141 5276 2239 5336 sed
2276 5275 2576 5344 mendose,
2606 5282 2669 5333 ut
2699 5278 2917 5350 optime
2945 5278 3213 5350 observat
3244 5276 3692 5336 Felckmannus.

2240 5351 2330 5421 34)
2362 5350 2456 5405 Sic
2489 5347 2768 5421 RegLAli’i
2799 5355 2856 5405 et
2887 5351 3028 5406 editi
3065 5347 3228 5420 μόνον
3260 5352 3560 5407 omittunt.

2241 5415 2505 5494 35)AReg.
2564 5415 2832 5491 θέλουσιν,
2867 5423 2966 5494 qui
3023 5415 3176 5477 idem
3237 5439 3392 5490 mox,
3433 5422 3460 5475 ὁ
3511 5415 3788 5484 Ἰάκωϐος.

2147 5493 2298 5548 Editi
2317 5490 2360 5543 ⁷ὁ
2393 5490 2690 5546 omittunt.

2220 5564 2330 5634 (36)
2360 5563 2551 5634 Verba
2582 5564 2826 5634 Pastoris
2873 5580 2941 5619 ex
2985 5563 3228 5620 homilia
3255 5565 3326 5618 85
3353 5564 3631 5634 Antiochi
3675 5565 3796 5622 haec

2151 5630 2336 5708 sunt}
2369 5633 2428 5686 Ἣ
2480 5635 2582 5708 γάρ
2634 5630 2861 5708 διψυχία
2909 5634 3149 5708 θυγάτηρ
3204 5634 3312 5688 ἐστὶ
3360 5639 3458 5708 τοῦ
3510 5630 3794 5692 διαϐόλου.

2153 5706 2388 5830 Vergini)
2403 5705 2644 5830 alntiqua
2695 5705 2898 5760 Latina
2931 5723 2942 5760 :
2977 5705 3189 5762 Etenim
3218 5708 3336 5764 haec
3363 5707 3633 5765 dubitatio
3678 5708 3798 5781 ﬁlia

2153 5793 2206 5830 es
2299 5793 2355 5830 τα
2392 5793 2421 5830 o
2448 5793 2486 5830 ι.

2150 5781 2230 5831 est
2261 5777 2486 5832 diaboli.

2246 5848 2336 5917 37)
2368 5847 2462 5902 Sic
2492 5849 2631 5917 Reg.
2663 5846 2739 5900 At
2767 5846 2910 5902 editi
2942 5852 3000 5907 et
3028 5847 3128 5905 alii
3158 5845 3217 5904 ἄν
3251 5848 3546 5910 omittunt.

2247 5917 2338 5986 38)
2369 5917 2494 5976 Lib.
2529 5933 2592 5986 II,
2624 5917 2824 5975 mand.
2856 5918 2909 5979 9.
