4152 6416
418 463 538 523 423

960 460 1027 520 S.
1072 455 1492 518 ATHANASII
1537 457 1712 516 OPP.
1763 455 1962 515 PARS
2009 453 2054 513 1.
2089 487 2166 496 —
2198 454 2618 516 HISTORICA
2665 454 2767 514 ET
2809 453 3290 515 DOGMATICA.

3711 456 3834 516 424

489 597 545 652 5.
573 594 720 650 Hinc
765 607 900 665 ergo
931 607 1056 663 quas
1087 591 1312 662 Moyses
1341 588 1560 656 docuit,
1589 588 1709 644 hac
1755 586 2066 644 custodivit

2251 588 2303 641 5.
2336 589 2404 641 ’Ἃ
2457 591 2584 662 γοῦν
2635 591 2835 655 Μωσῆς
2888 581 3154 655 ἐδίδασκε,
3197 585 3348 640 ταῦθ’
3404 580 3660 659 Ἀϐραὰμ
3708 585 3838 664 ἐφύ-

419 683 754 741 Abraham:
779 697 906 753 quas
934 695 1067 735 vero
1097 678 1406 735 custodivit
1447 677 1765 743 Abraham,
1799 677 1920 731 haec
1948 675 2068 730 Noe

421 778 481 830 et
506 770 700 828 Enoch
733 772 1040 843 perspecta
1084 767 1435 835 habuerunt,
1468 765 1568 838 qui
1617 765 1840 821 munda
1871 768 1927 820 et
1955 765 2068 818 im-

424 860 650 918 munda
704 860 983 914 noverant
1038 855 1389 917 discernere,
1442 871 1508 909 ac
1553 854 1671 909 Deo
1730 853 1878 925 grati
1936 850 2071 906 facti

427 954 586 1007 sunt.
610 947 828 1004 Eadem
850 961 1082 1018 quoque
1109 944 1436 999 instructus
1465 942 1725 998 doctrina
1753 941 1896 997 Abel
1927 957 2073 996 mar-

425 1037 647 1110 tyrium
676 1039 767 1090 est
795 1049 1044 1106 passus:
1074 1033 1176 1104 qui
1215 1032 1453 1104 quidem
1488 1032 1612 1104 ipse
1639 1047 1706 1086 ea
1753 1031 1825 1085 ab
1855 1029 2075 1085 Adamo

429 1125 741 1192 didicerat;
765 1123 1028 1178 Adamus
1049 1127 1246 1178 autem
1273 1121 1344 1176 ab
1376 1120 1504 1192 ipso
1536 1118 1802 1186 Domino,
1820 1118 1919 1190 qui
1943 1133 2078 1172 cum

431 1214 493 1270 in
514 1214 630 1268 fine
649 1211 996 1268 saeculorum
1020 1209 1090 1266 ad
1115 1209 1535 1266 destruendum
1555 1211 1860 1281 peccatum
1880 1206 2077 1262 venis-

431 1306 540 1370 set,
573 1302 656 1358 ait
691 1301 810 1343 "-13
843 1317 856 1356 :
888 1301 1006 1356 Non
1051 1299 1373 1354 mandatum
1419 1314 1622 1354 novum
1667 1297 1731 1352 do
1782 1296 1948 1363 vobis,
1981 1293 2081 1350 sed

429 1391 756 1447 mandatum
800 1397 971 1458 vetus,
995 1387 1136 1460 quod
1165 1388 1232 1442 ab
1273 1388 1421 1442 167
1470 1387 1634 1442 initio
1663 1385 1894 1440 audistis
1916 1385 2078 1456 (110*).

433 1479 654 1536 Idcirco
676 1479 878 1536 eadem
903 1477 974 1534 ab
997 1493 1063 1534 eo
1095 1477 1335 1533 edoctus
1366 1477 1578 1531 beatus
1608 1474 1908 1547 apostolus
1933 1478 2080 1528 Pau-

435 1569 551 1638 lus,
585 1585 722 1624 cum
761 1566 965 1622 munia
1009 1564 1404 1623 ecclesiastica
1447 1564 1864 1635 praescriberet,
1898 1561 2086 1617 noluit

436 1657 715 1714 diaconos
728 1655 1028 1728 multoque
1043 1654 1238 1710 minus
1249 1653 1553 1726 episGOpos
1569 1651 1865 1724 bilingues
1876 1667 2004 1706 esse
2017 1651 2084 1705 1°.

438 1747 585 1803 Cum
609 1749 805 1802 autem
827 1745 981 1800 idem
995 1742 1230 1800 Galatas
1249 1743 1602 1813 objurgaret,
1618 1739 1941 1812 generatim
1963 1755 2086 1793 rem

439 1835 554 1892 hoc
601 1835 776 1890 modo
818 1832 1123 1889 deﬁnivit:
1155 1832 1218 1888 Si
1263 1831 1382 1902 quis
1431 1832 1580 1885 votis
1629 1829 2091 1899 evangelizaverit

441 1931 650 1996 praeter
687 1922 746 1978 id
792 1921 934 1994 quod
978 1921 1282 1992 accepistis,
1313 1920 1612 1975 anathema
1659 1920 1747 1986 sit,
1779 1919 1917 1973 sicut
1945 1933 2086 1988 prx-

445 2012 571 2069 dixi
611 2020 664 2069 et
705 2013 908 2068 iterum
960 2009 1098 2066 dico.
1131 2009 1236 2064 Sed
1287 2009 1416 2062 licet
1468 2023 1584 2071 nos.
1617 2011 1714 2062 aut
1769 2007 2000 2076 angelus
2025 2005 2091 2061 de

445 2103 580 2161 caelo
609 2100 940 2172 evangelizet
967 2099 1113 2154 vobis
1139 2105 1346 2170 praeter
1373 2097 1429 2151 id
1458 2096 1599 2168 quod
1625 2097 1927 2168 accepistis,
1959 2111 2094 2150 ana-

445 2192 626 2248 thema
651 2191 726 2246 sit
743 2189 808 2244 9°.
841 2188 976 2252 Quae
1007 2201 1144 2242 cum
1192 2185 1275 2241 ita
1319 2185 1621 2241 denuntiet
1649 2184 1971 2253 apostolus,
2001 2182 2091 2238 vel

441 2278 532 2335 illi
561 2279 744 2352 igitur
784 2276 1146 2334 Eusebianos
1193 2274 1316 2346 qui,
1359 2277 1586 2329 mutata
1633 2273 1944 2337 sententia,
1976 2271 2093 2327 alia

345 2396 357 2409 ι
440 2384 599 2424 nunc
615 2367 828 2423 docent
843 2381 1019 2438 quam
1043 2363 1262 2436 quibus
1283 2362 1704 2434 subscripsere,
1721 2361 2090 2417 anathemate

441 2455 774 2529 percutiant
806 2471 819 2510 :
854 2458 956 2510 aut
1003 2452 1054 2508 si
1084 2454 1406 2525 agnoscant
1443 2453 1599 2505 recte
1649 2448 1780 2504 illos
1825 2447 2090 2503 subscri-

441 2543 654 2618 psisse,
679 2545 959 2600 adversus
989 2545 1216 2597 tantam
1237 2537 1528 2612 synodum
1550 2537 1824 2593 desinant
1851 2537 2090 2592 tandem

441 2633 786 2707 obgannire.
817 2630 983 2697 Quod
1015 2629 1066 2686 si
1110 2632 1386 2685 neutrum
1413 2625 1596 2682 velint
1641 2641 1832 2698 agere,
1865 2631 2091 2681 certum

443 2721 554 2779 erit
581 2723 996 2794 argumentum
1036 2717 1170 2774 illos
1215 2717 1376 2774 omni
1422 2720 1592 2772 vento
1641 2721 1700 2771 et
1749 2715 1928 2771 ﬂuctu
1979 2714 2091 2770 cir-

445 2809 742 2880 cumferri,
774 2821 963 2880 neque
1010 2806 1265 2879 propriis
1302 2807 1405 2862 sed
1437 2805 1644 2861 alienis
1675 2805 1808 2860 duci
1857 2807 2092 2860 senten-

444 2899 545 2956 tiis
571 2917 585 2956 :
611 2898 712 2971 qui
733 2897 783 2953 si
811 2896 956 2953 tales
977 2895 1214 2961 fuerint,
1239 2911 1430 2967 neque
1448 2895 1624 2950 etiam
1653 2910 1809 2948 nunc
1834 2909 1967 2948 cum
1991 2893 2094 2948 hu-

445 2986 707 3061 iusmodi
727 2988 1033 3059 opponunt
1061 2983 1318 3039 rationes
1344 2982 1464 3038 ulla
1492 2983 1606 3038 ﬁde
1625 2981 1789 3054 digni
1821 2987 1960 3037 sunt
1987 2982 2092 3036 ba-

444 3077 642 3133 bendi.
664 3075 816 3142 Quin
836 3090 972 3147 ergo
993 3071 1190 3146 potius
1210 3089 1278 3128 ea
1297 3089 1428 3144 qua:
1447 3071 1719 3144 ignorant
1737 3075 1967 3126 cessent
1986 3070 2094 3125 cri-

444 3165 662 3223 minari
686 3181 700 3220 :
726 3164 873 3220 forte
893 3161 1051 3219 enim
1075 3159 1214 3234 quid
1234 3177 1435 3216 verum
1460 3161 1558 3226 sit,
1581 3159 1852 3214 nesciunt
1872 3159 2090 3214 discer-

444 3269 604 3324 nere,
642 3253 746 3310 sed
805 3253 1029 3308 malum
1086 3249 1357 3322 imperite
1407 3265 1473 3304 ac
1519 3252 1736 3304 temere
1793 3247 2092 3320 appellant

441 3343 686 3410 bonum,
710 3345 768 3398 et
795 3341 1018 3396 bonum
1051 3337 1311 3395 malum:
1337 3353 1604 3393 amarum
1633 3335 1962 3406 dulcevesse
1995 3354 2087 3392 ar-
2119 3327 2162 3395 C

441 3433 758 3501 bitrantur,
797 3433 856 3486 et
892 3428 1062 3484 dulce
1099 3443 1366 3484 amarum
1388 3429 1456 3482 ²¹.
1480 3426 1629 3482 Hinc
1666 3430 1820 3482 certe
1868 3443 1994 3498 quae
2026 3429 2092 3482 ut

443 3521 602 3578 mala
621 3519 888 3592 judicata
907 3522 1048 3574 sunt
1075 3521 1132 3574 et
1161 3517 1490 3589 reprobate,
1512 3531 1580 3572 ea
1607 3514 1693 3570 illi
1723 3515 1840 3570 vim
1876 3517 2090 3571 habere

437 3609 646 3668 volunt
675 3626 689 3664 :
726 3624 855 3680 quas
885 3611 1080 3662 autem
1113 3609 1268 3661 recte
1314 3609 1455 3660 sunt
1501 3605 1752 3674 decreta,
1777 3605 2088 3676 reprehen-

441 3701 579 3756 dere
625 3698 916 3754 nituntur.
941 3696 1095 3752 Sane
1140 3709 1246 3750 nec
1293 3693 1517 3764 aliquid
1567 3693 1822 3766 amplius
1853 3711 1887 3748 a
1919 3693 2089 3748 nobis

441 3791 596 3845 esset
615 3783 1078 3854 addendum,vel
1101 3785 1172 3839 ad
1197 3781 1302 3838 illa
1321 3782 1706 3854 defendenda,
1719 3781 1807 3838 vel
1833 3783 1902 3837 ad
1923 3781 2090 3838 vanis

440 3893 644 3934 eorum
675 3874 1004 3932 rationibus
1051 3871 1558 3944 respondendum;
1593 3886 1696 3926 nec
1741 3870 1826 3926 illi
1858 3887 2092 3943 quoque

439 3967 632 4023 adhuc
662 3965 942 4020 deberent
988 3959 1362 4029 contendere,
1390 3960 1492 4015 sed
1543 3959 1734 4029 potius
1765 3959 1856 4014 his
1886 3976 2092 4016 assen-

437 4053 536 4110 tiri
565 4052 781 4126 quibus
816 4067 935 4107 suae
965 4047 1206 4104 haeresis
1236 4047 1414 4103 duces
1447 4047 1867 4120 subscripsere,
1893 4054 2092 4121 utpote

439 4141 542 4216 qui
562 4157 678 4198 non
699 4139 990 4214 ignorent,
1004 4152 1134 4193 eam
1155 4153 1282 4208 quas
1303 4139 1504 4192 secuta
1523 4140 1612 4192 est
1627 4137 2090 4193 Eusebianorum

441 4231 850 4297 mutationem,
870 4229 1208 4300 suspectam
1227 4242 1292 4281 ac
1314 4224 1746 4281 fraudulentam
1769 4227 2089 4290 esse.Quod

437 4320 598 4378 enim
645 4316 1106 4390 subscripserint
1151 4319 1463 4388 postquam
1509 4314 1716 4371 saltem
1749 4331 1810 4371 se
1843 4317 2093 4372 breviter

439 4412 760 4484 potuerunt
819 4407 1148 4472 defendere,
1200 4404 1310 4460 hoc
1360 4405 1556 4476 ipsum
1611 4403 1783 4476 plane
1841 4409 2092 4462 testatur

441 4515 620 4572 quam
651 4498 834 4570 impia
864 4495 942 4552 sit
969 4494 1183 4551 Ariana
1211 4493 1470 4548 haeresis.
1503 4493 1618 4548 Nec
1650 4493 1805 4549 enim
1839 4495 2091 4550 subscri-

439 4589 718 4662 psissent,
747 4583 862 4642 nisi
885 4585 1048 4657 prius
1078 4583 1240 4638 illam
1271 4582 1542 4637 hierosim
1575 4583 2088 4655 condemnassent,

2179 673 2406 728 λαττενο
2467 674 2500 728 ἃ
2557 673 2615 729 δὲ
2667 669 2921 750 Ἀϐραάμ
2978 672 3282 751 ἐφύλαττε,
3343 678 3513 729 ταῦτα
3572 679 3694 730 Νῶε
3749 675 3842 730 καὶ

2181 763 2362 838 Ἑνὼχ
2391 763 2702 838 ἐγίνωσκον,
2755 760 3120 839 διακρίνοντες
3323 764 3532 839 καθαρά
3579 763 3670 818 καὶ
3706 763 3842 819 ἀκά-

2183 863 2370 925 θαρτα,
2428 853 2516 906 καὶ
2575 852 2852 925 εὐάρεστοι
2907 851 3188 927 γινόμενοι
3245 856 3325 924 τῷ
3382 857 3525 924 Θεῷ.
3579 851 3679 907 Καί
3736 853 3842 928 γὰρ

2183 941 2271 994 καὶ
2324 935 2495 995 ’Ἅϐελ
2547 940 2720 1002 οὕτως
2777 939 3171 1016 ἐμαρτύρησεν,
3233 936 3593 1014 ἐπιστάμενος
3649 945 3842 1015 ταῦτα⁹

2187 1031 2318 1102 ἅπερ
2351 1032 2416 1097 ἦν
2454 1030 2636 1101 μαθὼν
2669 1029 2814 1105 παρᾶ
2844 1031 2956 1102 (40)
3002 1033 3100 1082 τοῦ
3148 1025 3346 1102 Ἀδὰμ,
3397 1033 3496 1083 τοῦ
3538 1029 3630 1084 καὶ
3675 1029 3842 1085 αὐτοῦ

2192 1117 2453 1190 μαθόντος
2512 1119 2658 1193 παρά
2714 1117 2935 1194 Κυρίου,
2992 1119 3053 1179 ὃς
3112 1117 3223 1191 καὶ,
3273 1117 3362 1172 ἐπὶ
3411 1118 3693 1190 συντελείᾳ
3729 1123 3838 1174 τῶν

2188 1207 2399 1261 αἰώνων
2453 1207 2625 1271 ἐλθὼν
2677 1207 2753 1269 εἰς
2804 1207 3052 1276 ἀθέτησιν
3102 1213 3204 1276 τῆς
3257 1203 3836 1283 ὁμαρτίας,,ἔλεγενο

2189 1295 2298 1350 Οὐκ
2356 1293 2581 1365 ἐντολὴν
2658 1297 2848 1366 καινὴν
2910 1293 3112 1368 δίδωμι
3189 1296 3316 1369 ὑμῖν
3351 1343 3364 1368 ,
3426 1294 3552 1352 ἀλλ’
3611 1295 3835 1368 ἐντολὴν

2189 1383 2446 1456 παλαιὰν,
2473 1385 2540 1454 ἣν
2567 1384 2835 1454 ἠκούσατε
2863 1385 2954 1439 ἀπ’
3004 1385 3184 1461 ἀρχῆς
3232 1387 3364 1458 (40).
3399 1386 3497 1440 Διά
3541 1387 3703 1442 τοῦτο
3749 1388 3839 1442 καὶ

2192 1475 2220 1527 ὁ
2251 1475 2375 1547 παρ’
2426 1473 2588 1528 αὐτοῦ
2647 1474 2827 1546 μαθὼν
2881 1473 2909 1527 ὁ
2959 1473 3221 1549 μακάριος
3266 1471 3570 1536 ἀπόστολος
3603 1474 3842 1546 Παῦλος,

2190 1563 2258 1616 τὰ
2291 1563 2384 1634 μὲν
2420 1559 2844 1631 ἐκκλησιαστικᾶ
2886 1559 3182 1631 διατυπῶν,
3231 1559 3356 1616 οὐδὲ
3405 1559 3687 1626 διακόνους
3719 1565 3844 1634 ἠθέ-

2195 1649 2356 1721 λησεν
2409 1651 2541 1706 εἶναι
2593 1648 2874 1726 διλόγους,
2927 1653 3129 1724 μήτιγε
3177 1652 3289 1723 (41)
3331 1649 3680 1714 ἐπισκόπους·
3728 1657 3848 1714 τοῖς

2197 1737 2254 1794 δὲ
2291 1739 2550 1802 Γαλάταις
2585 1737 2959 1812 ἐπιπλήττων,
3015 1739 3318 1815 ἀπεφύνατο
3365 1738 3602 1796 καθόλου
3643 1739 3846 1816 λέγων’

2195 1824 2270 1882 Ei’
2324 1849 2408 1890 τις
2472 1829 2611 1900 ὑμᾶς
2695 1825 3098 1904 εὐαγγελίζεται
3179 1829 3307 1902 παρ’
3373 1828 3402 1882 ὃ
3467 1824 3852 1904 παρελάϐετε,

2199 1918 2436 1989 ἀνάθεμα
2499 1914 2658 1986 ἔστω,
2715 1918 2894 1980 καθὼς
2945 1917 3268 1992 προείρηκα,
3317 1916 3408 1972 καὶ
3462 1916 3628 1973 πάλιν
3683 1918 3850 1995 λέγω.

2201 2003 2375 2062 Ἀλλά
2431 2006 2518 2060 καὶ
2571 2006 2656 2061 ἐάν
2717 2009 2882 2080 ἡμεῖς
2939 2008 2976 2076 ἢ
3037 2005 3268 2082 ἅγγελος
3318 2005 3369 2078 ἐξ
3419 2006 3652 2084 οὐρανοῦ
3701 2009 3854 2085 εὐαγ-

2198 2095 2479 2170 γελίσηται
2532 2095 2673 2167 ὑμᾶς
2722 2097 2849 2171 παρ’
2898 2096 2926 2150 ’ὀ
2975 2091 3350 2171 παρελάϐετε,
3397 2096 3641 2170 ἀνάθεμα
3691 2093 3850 2154 ἔστω.

2200 2189 2303 2238 Τοῦ
2331 2185 2507 2239 τοίνυν
2562 2182 2904 2239 ’Δποστόλου
2947 2189 3114 2239 ταῦτα
3163 2182 3446 2261 λὲγοντος,
3497 2187 3533 2256 ἢ
3564 2186 3655 2241 καὶ
3701 2184 3854 2242 οὗτοι

2197 2271 2325 2334 τοὺς
2383 2273 2506 2346 περὶ
2581 2267 2840 2327 Εὐσέϐιον
2920 2267 3443 2346 μεταϐαλλομόνους
3513 2273 3604 2329 καὶ
3662 2273 3852 2352 λὲγον-

2197 2382 2294 2424 τας
2338 2359 2496 2436 ἓτερα
2543 2362 2689 2434 παρὰ
2731 2362 2798 2415 τά
2845 2361 3176 2437 ὑπέγραψαν,
3227 2361 3465 2436 ἀνάθεμα
3502 2363 3852 2419 ποιείτωσαν

2205 2451 2240 2518 ἢ
2275 2449 2320 2504 εἰ
2376 2450 2732 2524 γινώσκουσιν
2788 2448 2983 2512 αὐτοὺς
3037 2449 3222 2512 καλῶς
3283 2451 3718 2528 ὑπογράψαντας,
3775 2454 3853 2526 μὴ

2198 2540 2610 2614 γογγυζέτωσαν
2659 2540 2798 2593 κατά
2843 2546 2944 2608 τῆς
2996 2537 3336 2610 τηλικαύτης
3387 2538 3635 2598 συνόδου.
3685 2541 3750 2596 Ei
3801 2539 3859 2598 δὲ

2204 2629 2342 2700 μήτε
2369 2632 2530 2682 τοῦτο
2567 2629 2702 2700 μήτε
2744 2627 2914 2682 ἐκεῖνο
2961 2633 3200 2701 ποιοῦσι,
3236 2627 3400 2698 δῆλοί
3451 2629 3552 2686 εἰσι
3582 2630 3673 2686 καὶ
3703 2630 3857 2686 αὐτοὶ

2200 2715 2358 2770 παντὶ
2392 2715 2578 2789 ἀνέμῳ
2605 2714 2696 2770 καί
2741 2714 2983 2772 κλύδωνι
3033 2717 3476 2796 περιφερόμενοι,
3507 2717 3599 2774 καί
3633 2720 3710 2793 μὴ
3739 2725 3860 2783 ταῖς

2204 2802 2388 2876 ἰδίαις,
2423 2803 2568 2859 ἀλλά
2612 2802 2932 2878 ἀλλοτρίαις
2983 2805 3273 2878 ἑλκόμενοι
3312 2807 3585 2882 γνώμαιςο
3617 2813 3861 2864 τοιοῦτοι

2202 2893 2260 2948 δὲ
2286 2889 2459 2966 ὄντες,
2509 2891 2634 2948 οὐδὲ
2676 2898 2786 2964 νῦν,
2837 2893 3090 2956 τοιαύτας
3145 2890 3596 2971 προϐαλλόμενοι
3639 2899 3859 2976 προφά-

2201 3005 2332 3056 σεις,
2365 2981 2666 3056 ἀξιόπιστοί
2715 2982 2867 3039 εἰσιν.
2918 2981 3089 3040 ’Λλλά
3131 2985 3220 3038 καὶ
3269 2985 3616 3049 παυέσθωσαν
3663 2985 3855 3039 αἰτιώ-

2205 3073 2359 3146 μενοί
2389 3071 2420 3127 ἃ
2453 3075 2528 3141 μὴ
2563 3072 2911 3146 γινώσκουσι·
2943 3072 3089 3148 τάχα
3128 3070 3186 3128 δὲ
3237 3071 3363 3128 οὐδὲ
3395 3071 3683 3150 διακρίνειν
3719 3071 3859 3129 εἶδό-

2197 3184 2256 3217 τε
2285 3160 2477 3224 ἀπλῶς
2507 3162 2570 3216 τὸ
2605 3162 2698 3234 μὲν
2729 3163 2968 3237 πονηρὸν
3003 3161 3217 3238 λέγνυσι
3269 3163 3459 3234 καλὸν,
3488 3164 3551 3218 τὸ
3595 3161 3654 3219 δὲ
3681 3163 3852 3220 καλὸν

2199 3250 2458 3327 πονηρόν·
2505 3251 2596 3305 καὶ
2643 3250 2925 3324 νομίζουσι
2979 3251 3044 3306 τὸ
3105 3253 3200 3325 μὲν
3241 3253 3432 3329 πικρὸν
3487 3253 3620 3308 εἶναι
3652 3251 3849 3328 γλυκὺ,

2199 3341 2259 3396 τὸ
2301 3337 2357 3396 δὲ
2399 3339 2573 3415 γλυκὺ
2620 3343 2836 3414 πικρόν.
2887 3339 3111 3412 ’Δμέλει
3157 3343 3224 3396 τὰ
3275 3342 3369 3416 μὲν
3418 3343 3669 3417 κριθέντα
3713 3343 3852 3397 κακά

2197 3428 2286 3484 καὶ
2337 3427 2842 3502 ἀποδοκιμασθέντα
2887 3435 3099 3505 κρατεῖν
3151 3429 3418 3500 ἐθέλουσι,
3467 3431 3535 3486 τὰ
3584 3428 3642 3486 δὲ
3665 3429 3854 3494 καλῶς

2199 3519 2478 3594 ὁρισθέντα
2525 3519 2802 3593 βιάζονται
2852 3513 3190 3576 διαϐάλλειν.
3244 3517 3390 3574 Ἔδει
3446 3519 3540 3593 μὲν
3758 3519 3853 3574 οὗν

2204 3608 2333 3680 μήθ’
2365 3609 2514 3679 ἡμὰς
2562 3604 2639 3662 ἔτι
2685 3607 2807 3662 τινὰ
2852 3605 3058 3662 τούτων
3109 3607 3390 3683 ἀπόλογον
3439 3609 3731 3676 ποιεῖσθαι,
3761 3607 3854 3662 καὶ

2199 3695 2337 3771 πρὸς
2391 3696 2486 3758 τὰς
2545 3696 2770 3770 ματαίας
2843 3695 3016 3751 αὐτῶν
3072 3696 3371 3776 προφάσεις
3432 3696 3809 3773 ἀποκρίνεσθαι
3839 3741 3856 3768 ,

2203 3786 2330 3857 μήτ’
2385 3783 2621 3848 ἐκείνους
2665 3781 2740 3840 ἔτι
2800 3784 3152 3863 φιλονεικεῖν,
3201 3783 3348 3841 ἀλλὰ
3395 3785 3730 3848 συντίθεσθαι
3772 3787 3860 3848 οἷς

2201 3875 2506 3950 ὑπέγραψαν
2542 3877 2594 3928 οἱ
2641 3875 2912 3950 ἡγεμόνες
2954 3878 3054 3944 τῆς
3084 3873 3340 3952 αἱρέσεως
3389 3875 3586 3947 αὐτῶν,
3621 3872 3858 3947 εἰδότας,

2200 3964 2277 4026 ὡς
2323 3966 2358 4032 ἡ
2413 3965 2508 4036 μὲν
2545 3964 2677 4037 μετά
2721 3968 2890 4018 ταῦτα
2938 3959 3216 4037 μεταϐολὴ
3262 3969 3371 4019 τῶν
3422 3965 3547 4042 περὶ
3594 3959 3860 4020 Εύσέϐιον

2201 4051 2442 4114 ὕποπτός
2492 4051 2603 4106 ἐστι
2652 4052 2741 4106 καὶ
2783 4055 3084 4124 κακοήθης
3131 4054 3194 4108 τὸ
3243 4051 3300 4108 δὲ
3349 4052 3658 4130 ὑπογράψαι
3721 4053 3860 4126 μετά

2199 4141 2261 4194 τὸ
2319 4138 2616 4210 δυνηθῆναῖ
2673 4139 2769 4194 κᾶν
2826 4141 2888 4195 τὸ
2940 4141 3278 4218 βραχύτατον
3351 4140 3802 4213 ἀπολολήσασθαι
3843 4144 3859 4172 ‘

2198 4233 2360 4282 τοῦτο
2393 4227 2655 4284 δείκνυσιν
2691 4227 2910 4300 ἀληθῶς
2958 4225 3122 4300 ἀσεϐῆ
3172 4231 3272 4299 τήν
3309 4231 3593 4306 Ἀρειανην
3629 4229 3859 4308 α’ίρεσιν.

2201 4318 2300 4372 Καὶ
2341 4319 2443 4394 γὰρ
2499 4317 2560 4372 ού
2611 4320 2721 4392 (43)
2771 4317 3033 4396 πρότερον
3087 4321 3422 4396 ὑπέγραψαν,
3474 4319 3519 4375 εἷ
3574 4322 3649 4393 μὴ
3701 4319 3864 4376 κατὲ-

2197 4429 2406 4484 γνωσαν
2467 4407 2654 4477 αὐτῆς
2721 4408 2810 4462 καὶ
2868 4408 2928 4462 ού
2973 4409 3234 4486 πρότερον
3283 4407 3654 4485 κατέγνωσαν,
3696 4409 3860 4484 εἰμὴ

2199 4497 2532 4573 πανταχόθεν
2590 4497 2960 4573 ἀπορήσαντες
3014 4499 3364 4574 ᾐσχύνθησαν
3395 4545 3408 4557 .
3467 4507 3602 4554 Ωστε
3646 4499 3710 4553 τὸ
3767 4519 3866 4572 με-

2195 4581 2560 4642 ταϐάλλεσθαι
2625 4593 2724 4655 τῆς
2777 4587 2852 4649 εἷς
2922 4584 3165 4644 ἀσέϐειαν
3226 4587 3563 4665 φιλονεικίας
3623 4585 3857 4664 ἔλεγχός

453 4693 560 4733 nec
585 4676 1099 4738 condemnassent,
1131 4671 1249 4727 nisi
1296 4687 1396 4727 eos
1444 4670 1706 4742 undique
1752 4671 2086 4731 haesitantes

2199 4675 2328 4731 ἐστι.
2389 4675 2482 4730 Διὸ
2541 4673 2646 4730 ἔδει
2712 4677 2831 4748 μὲν,
2891 4678 3132 4754 καθάπερ
3191 4675 3428 4754 εἴρηται,
3486 4677 3578 4732 καὶ
3625 4675 3862 4741 τούτους

440 4766 632 4840 pudor
660 4765 733 4820 ad
769 4763 830 4819 id
876 4762 1168 4836 agendum
1199 4760 1508 4832 coegisset.
1541 4759 1823 4824 Quocirca
1850 4761 2086 4820 illorum

439 4851 840 4923 commutatio,
873 4851 1112 4908 evidens
1152 4853 1244 4905 est
1285 4848 1567 4904 indicium
1600 4865 1719 4904 suae
1766 4851 1824 4905 in
1879 4851 2086 4924 impie-

436 4947 556 5001 tate
583 4941 949 5000 defendenda
993 4938 1347 5012 pertinaciae.
1382 4935 1520 4992 Illos
1559 4937 1762 5010 igitur,
1797 4939 1968 4996 sicuti
2000 4943 2088 4999 di-

435 5037 598 5090 ctum
626 5035 737 5099 est,
767 5033 1070 5104 praestaret
1103 5027 1403 5099 quiescam
1435 5041 1448 5080 :
1481 5042 1685 5082 verum
1718 5031 2087 5104 quandoqui-

505 5185 623 5226 θ³-¹⁸
653 5183 676 5239 Ι
704 5182 874 5239 Joan.
908 5197 971 5250 Π,
996 5181 1054 5236 7.
1131 5179 1177 5214 ¹⁹
1204 5181 1230 5232 Ι
1257 5175 1405 5234 Tim-
1439 5194 1526 5248 III,
1555 5176 1611 5233 8ο

529 5363 620 5434 39)
651 5367 815 5434 Reg.,
849 5355 1215 5434 διακρίναντες
1227 5399 1238 5412 .

527 5425 851 5507 40)_I_ta‘hic
879 5437 938 5507 e_t
967 5425 1101 5486 mox
1129 5433 1293 5507 Reg_.,
1313 5425 1426 5507 gub_i
1469 5426 1568 5507 alii
1597 5431 1656 5482 et
1686 5429 1847 5507 editi,
1883 5429 2009 5507 ἀπό.

525 5498 643 5577 40³)
671 5505 802 5577 Haec
833 5521 868 5559 a
889 5498 1366 5577 §_oanne_scrip_ta
1388 5503 1443 5552 Β.
1471 5498 1826 5577 Atbanasius
1855 5503 2082 5561 Christo

432 5569 859 5633 accommodat.
889 5574 1080 5630 Verba
1107 5569 1352 5628 Joannis
1383 5579 1524 5624 sunt
1555 5570 1657 5634 Ep.
1691 5572 1734 5634 Ι,
1759 5589 1886 5634 cap.
1913 5592 1976 5634 ιι.
2006 5577 2078 5632 7:

432 5587 859 5633 accommodat.
898 5587 1080 5630 Verba
1107 5587 1352 5628 Joannis
1383 5587 1524 5624 sunt
1555 5587 1657 5695 ωε).
1692 5587 1734 5634 1,
1759 5589 1826 5626 08.
1873 5617 1886 5628 .
1913 5592 1976 5646 II,
2006 5587 2036 5628 7
2065 5594 2078 5632 ζ

429 5645 541 5718 ούκ
569 5644 790 5718 ἐντολὴν
848 5644 1037 5718 καινήν
1090 5641 1279 5718 γράφω
1316 5640 1492 5718 ύμῖν,
1530 5638 1600 5718 ἀλ
1647 5642 1658 5660 ’
1703 5589 1936 5718 *ἐντολῂν
1978 5666 2081 5700 πα-

427 5717 548 5808 utam
579 5717 646 5808 ᾖν
677 5708 830 5808 ἔχετε
859 5715 949 5770 ἀπ’
1313 5708 1504 5808 ἐκἜολῆ
1554 5713 1590 5780 ἡ
1622 5710 1831 5808 παλαιά
1879 5708 2020 5772 ἔστιν
2051 5719 2080 5772 ὁ

428 5787 560 5878 όγος
587 5784 645 5846 ὃν
678 5784 945 5866 ἠκούσατε
973 5784 1306 5866 ait-"ama
1351 5784 1476 5843 Non
1511 5784 1834 5846 mandatum
1880 5805 2084 5852 novum

1689 5178 1737 5213 πο
1766 5179 1892 5236 Gal.
1925 5199 1964 5250 ι,
1997 5185 2051 5254 9,
2083 5185 2138 5240 8.

2195 4766 2437 4841 ἠρεμεῖν·
2472 4763 2660 4834 ἐπειδὴ
2691 4763 2748 4820 δὲ
2781 4762 2948 4821 δεινοὶ
2991 4767 3127 4842 πρὸς
3182 4766 3566 4843 ἀναισχυντίαν
3610 4765 3734 4838 εἰσὶ,
3766 4765 3864 4821 καὶ

2195 4853 2510 4927 νομίζουσιν
2540 4852 2671 4917 ἴσως
2705 4854 2858 4910 αὐτοὶ
2891 4856 3104 4928 μᾶλλον
3140 4855 3358 4911 ἐκείνων
3410 4853 3665 4920 δύνασθαι
3711 4875 3858 4931 προ-

2196 4951 2384 5014 στῆναι
2431 4951 2532 5014 τῆς
2565 4939 2891 5014 διαϐολικῆς
2937 4943 3141 5016 ταύτης
3189 4939 3458 5008 ἀσεϐείας’
3513 4945 3559 5000 εἷ
3601 4943 3693 4999 καὶ
3725 4944 3862 5022 φθά-

2199 5054 2290 5096 σας
2325 5031 2414 5088 διά
2467 5040 2568 5102 τῆς
2625 5032 2891 5109 προτέρας
2937 5033 3235 5104 ἐπιπολῆς
3294 5036 3406 5109 (44)
3458 5039 3560 5103 τῆς
3609 5032 3746 5108 πρὸς
3801 5033 3866 5089 σὲ

2216 5187 2263 5223 ²ι
2297 5187 2408 5243 Isa.
2439 5202 2496 5252 v,
2525 5188 2616 5242 20.

2192 5365 2368 5449 scribo
2397 5365 2567 5430 vobis,
2598 5365 2694 5449 sed
2735 5365 3064 5449 mandatam
3111 5375 3260 5449 vetus
3289 5365 3432 5441 quod
3465 5365 3754 5449 _haba_ist_is
3779 5369 3862 5424 ab

2193 5438 2368 5512 initio
2392 5437 2947 5512 :_ma1_2datur_n_eetus
2970 5448 3050 5495 est
3075 5437 3309 5512 verbum'
3333 5439 3476 5512 quod
3500 5437 3754 5495 audistis.

2531 5509 2671 5589 Beg.
2708 5509 2860 5589 Editi
2889 5527 3022 5589 vero
3053 5516 3110 5589 et
3141 5510 3260 5589 a_l_ii_,
3299 5508 3552 5589 μῇτοιγε,

2263 5581 2376 5652 (42)
2409 5579 2498 5634 Sic
2531 5579 2777 5652 Reg._At
2806 5585 2996 5638 caeteri
3030 5587 3086 5638 et
3113 5583 3252 5638 editi
3288 5579 3381 5652 μιν
3411 5579 3716 5638 omittunt.

2263 5603 2376 5650 (αι)
2409 5603 2498 5634 διυ
2533 5603 2670 5652 ηδε.
2703 5603 2777 5635 AL
2806 5603 2996 5638 ῧίΒῐϐῐΊ
3030 5603 3086 5638 8B
3113 5603 3252 5638 θαιιι
3331 5603 3381 5637 εν
3411 5603 3716 5638 οωιιῐιωῐ.

2263 5651 2374 5776 (43)
2410 5651 2579 5732 Deest
2635 5649 2697 5704 ού
2753 5651 2813 5706 in
2870 5653 3010 5734 edit.
3045 5603 3328 5710 Commsr:
3357 5658 3416 5710 et
3471 5654 3533 5710 in
3589 5651 3856 5726 septimo

2192 5722 2276 5798 Fel
2293 5723 2575 5798 climanni
2603 5730 3004 5798 manuscripto
3033 5726 3281 5798 codice._

3145 5743 3253 5783 106.

2259 5793 2372 5873 (44)
2401 5792 2528 5852 Non
2549 5793 2678 5870 jam
2709 5792 3050 5859 exstat'haso
3079 5795 3345 5874 epistola.
