4152 6370
289 397 408 460 425

1358 405 1458 466 DE
1504 405 1888 466 DECRETlS
1935 404 2273 467 ΝΙΟΑΞΝᾹΞ
2316 403 2629 468 SYNODl.

3581 405 3701 468 426

291 529 587 609 γραφείσης
645 529 966 610 πλατυτέρῳ
1014 541 1092 609 τῷ
1151 539 1266 592 κατ’
1326 537 1497 592 αὐτῶν
1560 541 1667 611 (45)
1718 536 1937 612 ἐλέγχῳ

2056 539 2185 593 dem
2218 538 2434 609 insigni
2467 544 2603 594 sunt
2624 538 3021 610 imprudentia
3042 538 3290 611 praediti,
3314 535 3700 595 arbitrantur-

290 621 656 697 κεχρημένος·
693 622 842 697 ὅμως
877 625 1000 702 φέρε
1049 627 1136 681 καὶ
1170 632 1255 680 νῦν
1311 629 1558 694 τούτους,
1595 629 1771 700 ὥσπερ
1809 627 1925 681 ἐκεί-

292 733 438 776 νους,
472 714 584 765 καθ’
621 711 840 767 ἕκαστον
888 720 991 768 τῶν
1048 717 1134 770 ὑπ’
1185 717 1354 770 αὐτῶν
1406 715 1713 792 λεγομὲνων
1766 717 1941 786 ἐξετά-

294 821 457 872 σομεν
493 805 842 876 ΔειχΟ-νςσεται
875 805 976 879 γὰρ
1000 803 1151 858 οὐδὲν
1185 810 1344 874 ἦττον
1377 807 1465 859 καὶ
1497 812 1585 859 νῦν
1620 807 1725 880 οὐχ
1761 807 1941 878 ὑγιὴς,

294 888 439 944 ἀλλά
467 912 546 952 τις
582 889 952 963 δαιμονιώδης
985 894 1157 948 αὐτῶν
1194 898 1226 963 ἡ
1265 894 1484 969 α’ίρεσις.

2056 644 2167 699 que
2198 646 2257 681 se
2290 645 2458 698 posse
2509 629 2735 684 felicius
2790 646 2966 700 quam
3017 628 3148 684 illos
3179 627 3520 684 diabolicam
3547 627 3700 682 hanc

2054 717 2415 788 impietatem
2450 735 2813 790 propugnare
2841 735 2852 774 :
2888 719 3118 774 etiamsi
3142 718 3201 772 in
3234 718 3426 790 priore
3451 716 3702 788 epistola

2054 823 2230 878 quam
2265 807 2333 860 ad
2366 812 2419 861 te
2445 807 2792 874 misi,fusius
2815 814 3018 864 contra
3037 825 3136 864 eos
3163 806 3536 879 disputarim,
3563 806 3704 860 isto-

2052 912 2182 949 rum
2216 900 2506 962 tamen,ut
2534 902 2704 951 antea
2733 897 2990 966 illorum,
3029 897 3187 953 dicta
3215 895 3448 969 singula
3477 894 3698 952 exami-

291 997 432 1035 nare
463 998 577 1036 non
629 984 932 1054 gravabor.
957 989 1131 1056 Spero
1180 987 1336 1041 enim
1387 1004 1502 1040 non
1554 986 1749 1040 minus
1800 1002 1955 1040 nunc
1997 984 2115 1039 fore
2148 985 2548 1055 perspicuum,
2582 1001 2782 1040 eorum
2830 986 3096 1042 haeresim
3146 986 3301 1041 haud
3335 1000 3562 1051 sanam,
3596 981 3698 1039 sed

291 1073 477 1124 totam
510 1071 892 1127 daemonicam
927 1090 1073 1129 esse.

362 1159 415 1213 6.
451 1158 588 1212 Φασὶ
638 1159 841 1230 τοίνυν,
892 1159 1072 1237 ὥσπερ
1130 1163 1398 1224 κάκείνοις
1458 1160 1650 1232 ἐδόκει,
1711 1163 1800 1216 καὶ
1856 1183 1940 1215 τε-

288 1243 594 1316 τολλήκασι
648 1247 842 1322 λέγειν’
900 1274 926 1299 ‹‹
972 1250 1082 1304 Οὐκ
1127 1250 1207 1303 ἀεὶ
1260 1253 1466 1326 Ιῖατὴρ,
1519 1252 1616 1305 οὐκ
1664 1251 1743 1305 ἀεὶ
1795 1251 1939 1311 Υἱός·

293 1334 391 1388 οὐκ
421 1336 486 1404 ἦν
521 1338 623 1411 γάρ
662 1338 835 1400 ὃΥἱὸς
880 1339 1004 1414 πρὶν
1054 1344 1311 1413 γεννηθῇ,
1362 1339 1488 1394 ἀλλ’
1533 1341 1582 1410 ἐξ
1631 1341 1728 1394 οὐκ
1775 1335 1940 1393 ὄντων

292 1425 484 1498 γέγονε
511 1425 600 1479 καὶ
632 1425 812 1487 αὐτός·
867 1425 952 1480 διὸ
1001 1429 1090 1482 καὶ
1141 1429 1238 1482 οὐκ
1289 1428 1369 1482 άεῖ
1415 1432 1598 1500 Πατὴρ
1627 1431 1654 1483 6
1689 1431 1816 1491 Θεὸς
1852 1431 1940 1503 γέ-

291 1535 413 1588 γονε
459 1519 555 1567 τοῦ
615 1517 741 1568 Υιοῦ
792 1519 924 1588 (46)
977 1515 1100 1571 ἀλλ’
1153 1514 1240 1572 ὅτε
1285 1519 1474 1593 γέγονε
1520 1520 1606 1572 καὶ
1667 1519 1880 1586 ἐκτίσθη
1916 1520 1942 1572 ὁ

293 1603 440 1672 Υἱὸς,
490 1603 613 1657 τότε
655 1604 743 1658 καὶ
803 1606 830 1658 6
891 1607 1020 1667 Θεὸς
1080 1605 1286 1676 ἐκλήθη
1352 1609 1536 1682 Πατὴρ
1599 1608 1780 1661 αὐτοῦ·
1836 1608 1944 1660 κτί-

295 1712 403 1763 σμα
451 1693 549 1766 γάρ
602 1692 709 1746 ἐστι
757 1694 845 1747 καὶ
904 1694 1120 1767 ποίημα
1178 1697 1205 1749 6
1265 1697 1464 1771 Λόγος,
1521 1697 1609 1750 καὶ
1663 1696 1804 1765 ξένος
1855 1696 1942 1750 καὶ

295 1780 554 1853 ἀνόμοιος
598 1784 714 1835 κατ’
762 1782 939 1836 οὐσίαν
989 1789 1086 1838 τοῦ
1135 1786 1342 1858 Πατρός
1394 1785 1552 1839 ἐστιν’
1609 1782 1730 1838 οὔτε
1763 1783 1818 1838 δέ
1850 1785 1942 1862 φῦ-

2123 1163 2176 1216 6.
2211 1160 2390 1216 Aiunt
2421 1162 2634 1233 itaque,
2671 1164 3167 1233 qnemadmodum
3191 1163 3350 1219 etilli
3371 1163 3564 1218 dicere
3594 1179 3697 1220 au-

2053 1251 2305 1306 debant:
2345 1273 2373 1301 α
2404 1251 2527 1308 Non
2563 1269 2793 1324 semper
2828 1253 3015 1319 Pater,
3068 1270 3181 1308 non
3214 1269 3444 1325 semper
3472 1251 3693 1308 Filius:

2052 1341 2199 1396 Nam
2230 1358 2342 1394 non
2377 1345 2496 1394 erat
2529 1340 2709 1396 Filius
2740 1346 3052 1413 antequam
3103 1347 3259 1398 esset
3288 1343 3518 1414 genitus
3545 1360 3557 1398 :
3593 1342 3695 1398 sed

2051 1429 2176 1500 ipse
2209 1446 2441 1500 quoque
2466 1447 2532 1484 ex
2564 1429 2747 1484 nihilo
2779 1431 2888 1484 fuit
2919 1431 3124 1486 factus.
3153 1431 3296 1486 Hinc
3321 1449 3434 1486 non
3467 1447 3699 1503 semper

2054 1519 2206 1572 Deus
2242 1519 2349 1572 fuit
2373 1518 2500 1572 Filii
2525 1518 2725 1585 Pater;
2752 1519 2853 1573 sed
2876 1536 3009 1573 cum
3034 1520 3223 1575 factus
3243 1523 3331 1575 est
3362 1525 3591 1576 creatus
3613 1524 3703 1575 est

2055 1607 2259 1676 Filius,
2295 1611 2434 1662 tunc
2464 1608 2640 1663 etiam
2672 1607 2847 1675 Deus,
2880 1609 3008 1678 ejus
3038 1609 3211 1664 Pater
3230 1613 3319 1663 est
3349 1608 3697 1681 appellatus.

2052 1695 2317 1766 Namque
2348 1714 2440 1751 res
2469 1701 2662 1752 creata
2705 1702 2762 1752 et
2821 1698 2971 1752 facta
3003 1702 3091 1753 est
3143 1697 3421 1764 Verbum,
3457 1697 3611 1770 quod
3640 1701 3701 1753 et

2054 1785 2383 1839 substantia
2414 1785 2567 1840 Patri
2621 1785 2909 1841 dissimile
2965 1790 3054 1842 est
3083 1804 3148 1842 ac
3205 1790 3544 1843 externum:
3578 1803 3694 1842 non

293 1891 369 1923 σει
430 1869 516 1922 καὶ
579 1870 834 1938 ἀληθινὸς
897 1873 1074 1946 Λόγος
1125 1879 1219 1926 τοῦ
1281 1874 1490 1948 Πατρός
1536 1874 1672 1928 ἐστιν
1723 1874 1750 1926 6
1795 1874 1941 1941 Υἱὸς,

2056 1878 2245 1927 autem
2270 1879 2406 1928 natu
2419 1892 2479 1929 ra
2505 1880 2605 1929 aut
2629 1892 2796 1931 verus
2818 1880 2908 1931 est
2934 1877 3122 1932 Patris
3142 1875 3342 1944 Filius,
3363 1891 3551 1947 neque
3572 1875 3699 1932 sola

295 1955 416 2012 οὔτε
445 1961 479 2026 ἡ
527 1958 664 2030 μόνη
724 1961 811 2012 καὶ
872 1960 1104 2030 ἀληθινή
1166 1969 1338 2040 Σοφία
1381 1963 1543 2016 αὐτοῦ
1595 1962 1757 2033 ἐστιν,
1800 1961 1943 2017 ἀλλᾶ

292 2046 491 2119 κτίσμα
538 2047 625 2101 καὶ
674 2050 749 2110 εἷς
809 2053 916 2102 τῶν
979 2051 1301 2122 ποιημάτιον
1355 2049 1448 2120 ὢν,
1491 2057 1943 2126 καταχρηστικῶς

295 2133 511 2209 λέγεται
543 2136 720 2210 Λόγος
752 2138 841 2191 καὶ
893 2139 1083 2214 Σοφία.
1137 2139 1298 2214 Λόγῳ
1329 2143 1440 2212 (47)
1489 2142 1591 2215 γάρ
1631 2146 1710 2211 τῷ
1743 2136 1854 2193 ὄντι
1892 2139 1942 2194 ἐν

292 2228 372 2295 τῷ
403 2229 516 2294 Θεῷ
545 2223 736 2299 γέγονε
783 2226 871 2279 καὶ
917 2226 1098 2294 αὐτὸς,
1154 2227 1332 2300 ὥσπερ
1382 2227 1471 2282 καί
1518 2230 1583 2282 τά
1625 2231 1814 2284 πάντα.
1853 2231 1944 2283 Διὸ

296 2309 421 2365 οἵ.δέ
452 2311 710 2382 ἀληθινὸς
745 2313 872 2374 θεός
905 2318 1016 2388 (48)
1047 2315 1184 2370 ἐστιν
1221 2319 1248 2370 6
1281 2317 1422 2378 Υἱός.
1463 2343 1489 2367 ››
1524 2319 1664 2391 Ἐγὼ
1698 2317 1752 2372 δὲ
1783 2323 1943 2372 τοῦτο

295 2405 510 2473 πρῶτον
588 2401 677 2454 καὶ
751 2401 976 2465 τούτους
1036 2404 1301 2478 ἐρωτῆσαι
1367 2405 1640 2481 βούλομαι
1693 2407 1744 2460 τί
1805 2406 1942 2460 ἐστιν

296 2488 444 2550 ὅλως
479 2491 621 2561 Υἱὸς,
665 2492 754 2545 καὶ
802 2491 945 2553 τίνος
998 2492 1107 2547 ἐστί
1149 2495 1212 2548 τὸ
1252 2491 1422 2565 ὄνομα
1472 2501 1631 2549 τοῦτο
1681 2517 1943 2568 σημαντι-

297 2580 411 2645 κὸν,
469 2577 541 2632 ἵν’
601 2579 770 2641 οὕτως
832 2581 984 2635 αὐτοὶ
1032 2603 1098 2636 τα
1148 2581 1419 2656 λεγόμενα
1467 2587 1590 2659 παρ’
1642 2585 1814 2639 αὐτῶν
1848 2586 1943 2638 κᾶν

1875 2672 1897 2689 ,ς

298 2669 441 2722 οὕτω
471 2676 657 2737 νοῆσαι
709 2667 1029 2739 δυνηθῶσιν.
1088 2673 1150 2725 Ἡ
1207 2673 1298 2744 μὲν
1349 2674 1447 2748 γάρ
1479 2675 1591 2728 Οεία
1639 2676 1822 2751 Γραφή
1871 2672 1947 2727 δι-

297 2757 443 2827 πλῆν
474 2759 571 2825 τὴν
608 2757 666 2812 ἐκ
711 2765 806 2813 τοῦ
863 2759 1129 2832 ὀνόματος
1170 2761 1364 2816 τούτου
1397 2760 1632 2817 διάνοιαν
1675 2766 1809 2835 ἡμῖν
1846 2785 1943 2833 ση-

301 2847 496 2919 μαίνει,
553 2847 672 2919 μίαν
724 2849 817 2919 μὲν
867 2850 989 2923 περὶ
1038 2852 1112 2903 ὧν
1165 2854 1398 2919 Μωυσῆς
1450 2851 1498 2905 ἐν
1544 2858 1621 2924 τῷ
1650 2853 1804 2925 νόμῳ
1844 2875 1945 2929 φη-

296 2936 396 2990 σίν·
431 2937 554 2991 Ἐάν
609 2937 957 3009 εἶσακούσητε
1012 2947 1114 3008 τῆς
1173 2948 1360 3017 φωνῆς
1423 2941 1620 3016 Κυρίου
1669 2947 1764 2995 τοῦ
1813 2948 1944 2996 Θεοῦ

295 3025 491 3097 ὑμῶν,
548 3024 836 3102 φυλάσσειν
898 3026 1070 3088 πάσας
1126 3029 1223 3089 τάς
1300 3027 1522 3090 ἐντολάς
1575 3029 1738 3083 αὐτοῦ
1774 3075 1786 3098 ,
1849 3030 1945 3084 ὅσα

294 3112 402 3188 ἐγὼ
437 3113 762 3186 ἐντέλλομαί
812 3135 897 3168 σοι
943 3117 1206 3190 σήμερον,
1261 3123 1434 3170 ποιεῖν
1467 3118 1528 3170 τὸ
1559 3116 1724 3172 καλὸν
1764 3119 1852 3172 καὶ
1882 3120 1943 3171 τὸ

2054 1966 2110 2016 et
2139 1977 2274 2016 vera
2303 1963 2430 2031 ejus
2462 1968 2549 2018 est
2577 1965 2890 2034 Sapientia,
2925 1965 3022 2020 sed
3064 1969 3324 2021 creatum
3359 1969 3448 2020 est
3493 1968 3549 2020 et
3581 1981 3701 2021 una

2054 2066 2122 2104 ex
2152 2051 2324 2106 rebus
2356 2054 2584 2107 creatis.
2616 2053 2992 2124 Verbumque
3024 2059 3082 2109 et
3117 2053 3405 2125 sapientia
3434 2070 3549 2110 non
3583 2053 3698 2110 nisi

2055 2139 2335 2194 abusione
2379 2141 2612 2196 dicitur.
2664 2146 2773 2197 Per
2819 2144 3076 2198 Verbum
3121 2143 3278 2199 enim
3329 2144 3485 2215 quod
3517 2147 3607 2199 est
3635 2143 3698 2198 in

2056 2227 2220 2282 Patre
2249 2234 2308 2284 et
2356 2229 2551 2300 ipsum
2611 2247 2843 2302 quoque
2901 2233 3118 2286 factum
3167 2237 3257 2287 est
3288 2239 3353 2286 ut
3409 2236 3466 2287 et
3495 2236 3701 2288 caetera

2055 2317 2252 2371 omnia
2279 2335 2289 2372 :
2325 2335 2390 2373 ac
2423 2319 2666 2390 proinde
2697 2337 2803 2375 nec
2832 2320 2988 2376 ﬁlius
3017 2338 3189 2376 verus
3211 2327 3300 2376 est
3330 2326 3552 2377 Deus.»
3577 2322 3695 2393 Ego

2053 2422 2185 2460 vero
2221 2407 2328 2461 hoc
2364 2407 2618 2478 primum
2643 2409 2715 2464 ab
2742 2409 2860 2464 illis
2883 2410 3054 2465 velim
3084 2410 3391 2477 sciscitari,
3416 2411 3699 2481 quidnam

2055 2512 2298 2567 prorsus
2331 2496 2406 2551 sit
2439 2497 2640 2562 Filius,
2675 2499 2826 2553 1.68
2859 2500 3071 2570 quidve
3110 2517 3174 2555 eo
3207 2500 3443 2554 nomine
3474 2499 3698 2570 signiﬁ-

2056 2588 2236 2653 cetur,
2269 2590 2334 2639 ut
2363 2585 2470 2639 hoc
2505 2591 2668 2657 pacto
2697 2587 2806 2658 ipsi
2840 2588 2979 2659 quid
3003 2588 3199 2642 dicant
3225 2588 3454 2659 possint
3482 2587 3700 2643 intelli-

2056 2687 2209 2742 gere.
2247 2675 2526 2744 Equidcm
2560 2692 2626 2729 ex
2647 2675 2842 2730 divina
2861 2677 3159 2748 Scriptura
3189 2676 3473 2732 discimus
3503 2676 3699 2748 dupli-

2055 2775 2181 2816 cem
2215 2762 2390 2832 hujus
2451 2765 2706 2819 nominis
2768 2781 2896 2820 esse
2952 2765 3460 2836 signiﬁcationem,
3493 2782 3702 2836 unam,

2057 2852 2226 2920 cujus
2259 2852 2482 2923 Moyses
2538 2852 2593 2906 in
2637 2853 2761 2925 lege
2817 2854 3118 2908 meminit:
3149 2853 3210 2908 Si
3263 2855 3578 2923 audieritis,
3610 2854 3702 2910 in-

2057 2941 2204 3011 quit,
2237 2956 2419 2996 vocem
2448 2943 2668 2996 Domini
2695 2944 2794 2997 Dei
2838 2945 3024 3012 vestri,
3058 2950 3119 2998 ut
3166 2943 3487 2999 custodiatis
3515 2946 3704 3000 omnia

2053 3028 2323 3084 mandata
2353 3031 2468 3099 ejus
2498 3046 2626 3101 quae
2653 3046 2748 3099 ego
2776 3033 3042 3102 préecipio
3090 3032 3193 3086 tibi
3229 3032 3406 3099 hodie,
3438 3035 3500 3086 ut
3525 3034 3703 3102 facias

2056 3118 2254 3171 bonum
2284 3126 2334 3172 et
2388 3119 2526 3188 quod
2580 3128 2861 3190 acceptum
2917 3123 2995 3175 est
3023 3121 3250 3175 Domino
3295 3121 3401 3176 Deo
3431 3128 3564 3182 tuo;
3592 3121 3704 3190 ﬁlii

293 3204 510 3279 ἀρεστὸν
573 3202 802 3256 ἐναντίον
863 3203 1058 3277 Κυρίου
1113 3209 1211 3258 τοῦ
1268 3211 1406 3259 Θεοῦ
1463 3225 1594 3260 σου·
1657 3208 1765 3260 υἱοί
1828 3207 1941 3261 ἐστε

2056 3208 2182 3260 estis
2212 3208 2431 3261 Domini
2459 3209 2556 3263 Dei
2585 3209 2761 3263 nostri
2815 3208 2860 3242 ²²
2889 3210 3008 3275 Quo
3029 3208 3206 3263 etiam
3239 3223 3416 3264 sensu
3446 3210 3699 3264 Joannes

293 3291 493 3365 Κυρίου
523 3295 619 3344 τοῦ
650 3296 782 3344 Θεοῦ
815 3292 974 3363 ἡμῶν
1025 3294 1158 3364 (49)·
1211 3295 1387 3356 καθὼς
1432 3295 1519 3348 καὶ
1556 3294 1604 3348 ἐν
1651 3301 1730 3366 τῷ
1764 3293 1937 3369 [£617-

293 3380 468 3454 γελίῳ
529 3378 690 3456 φησὶν
748 3380 775 3431 6
831 3380 1104 3450 Ἰωάννης·
1167 3385 1317 3435 Ὅσοι
1375 3381 1430 3436 δὲ
1491 3379 1684 3437 ἔλαϐον
1745 3384 1940 3452 αὐτὸν,

297 3466 491 3522 ἔδωκεν
554 3467 735 3529 αὐτοῖς
797 3466 1032 3538 ἐξουσίαν
1088 3471 1246 3524 τέκνα
1303 3477 1435 3525 Θεοῦ
1489 3473 1768 3546 γενέσθαν
1831 3473 1941 3526 ἐτέ-

297 3576 390 3630 ραν
453 3553 510 3610 δὲ
566 3554 826 3625 διάνοιαν,
886 3559 1003 3619 καθ’
1061 3560 1120 3626 ἣν
1167 3561 1343 3613 Ἰσαάκ
1389 3564 1483 3613 τοῦ
1515 3556 1764 3636 ’Δϐραάμ
1803 3561 1940 3615 ἐστιν

297 3645 434 3714 υἱὸς,
466 3644 554 3698 καὶ
589 3647 616 3699 ὁ
651 3643 842 3700 Ἰακὼϐ
871 3651 968 3700 τοῦ
1014 3649 1208 3719 Ἰσαὰκ,
1260 3648 1347 3702 καὶ
1381 3650 1432 3702 οἱ
1479 3652 1810 3725 πατριάρχαι
1848 3671 1943 3703 του

298 3728 511 3788 Ἰακώϐ.
548 3734 712 3789 Αὐτοὶ
764 3733 821 3789 δὲ
867 3735 1000 3790 κατὰ
1050 3735 1208 3790 ποίαν
1243 3738 1342 3811 ἄρα
1389 3737 1594 3792 τούτων
1628 3739 1943 3811 νομίσαντες

299 3821 429 3876 εἶναι
460 3822 549 3876 τὸν
581 3827 679 3876 τοῦ
709 3827 841 3876 Θεοῦ
875 3823 1018 3893 Υἱὸν,
1050 3829 1272 3878 τοιαῦτα
1320 3826 1440 3901 περὶ

295 3915 481 3985 γοῦσιν
519 3929 532 3979 ;
565 3911 661 3973 Εἷς
690 3911 789 3987 γάρ
819 3913 917 3980 τήν
951 3912 1114 3980 αῦτήν
1168 3908 1411 3968 ἀσέϐειαν
1464 3913 1517 3968 εὖ
1559 3913 1659 3969 οἶδ’
1705 3914 1785 3968 ὅτι
1821 3937 1941 3969 συν-

295 3996 628 4074 δραμοῦνται
657 4006 775 4062 τοῖς
818 4000 939 4073 περὶ
990 3997 1268 4058 Εὖσέϐιον.
1302 4003 1364 4056 Εἰ
1420 4004 1512 4076 μὲν
1547 4001 1637 4057 οὖν
1682 4004 1815 4058 κατά
1842 4006 1940 4072 τὴν

292 4089 542 4163 πρώτην,
573 4089 681 4143 οἶοί
716 4089 816 4143 εἰσι
847 4089 935 4142 καὶ
1140 4091 1190 4143 o't
1238 4091 1294 4144 ἐκ
1347 4091 1688 4166 βελτιώσεως
1724 4093 1940 4167 τρόπων

294 4175 658 4248 ἐπικτώμενοι
690 4178 788 4245 τὴν
819 4181 915 4231 τοῦ
951 4176 1220 4250 ὀνόματος
1267 4182 1452 4254 χάριν,
1497 4181 1585 4234 καὶ
1637 4177 1942 4252 λαμϐάνον-

1491 3825 1653 3880 αὐτοῦ
1706 3825 1940 3898 μυθολο-

290 4287 378 4327 τες
413 4265 672 4335 ἐξουσίαν,
696 4263 789 4318 ’ίνα
838 4266 946 4320 υἱοὶ
996 4271 1128 4320 Θεοῦ
1178 4268 1459 4341 γένωνται·
1492 4274 1652 4323 τοῦτο
1695 4271 1794 4345 γάρ
1825 4269 1940 4325 ἔλε-

293 4375 388 4428 γον
447 4353 684 4408 κάκεῖνοι
718 4373 728 4384 ·

299 4444 596 4518 μονογενὴς
650 4442 708 4496 ἂν
739 4441 844 4513 εἷή,
882 4443 931 4513 ἐξ
983 4444 1176 4517 ἀρετῆς
1223 4443 1312 4496 καὶ
1367 4443 1523 4505 αὐτὸς
1565 4443 1818 4519 ἐσχηκὼς
1847 4447 1944 4514 τήν

292 4536 390 4585 τοῦ
449 4532 572 4592 Υἱὸς
631 4531 1014 4607 προσηγορίαν.
1077 4531 1180 4585 Κᾶν
1229 4533 1350 4606 γάρ,
1405 4532 1478 4593 ὥς
1525 4554 1649 4610 φασι
1689 4555 1940 4608 προγνω-

296 4620 442 4685 σθεὶς
499 4617 706 4675 ἔσεσθαι
754 4626 1046 4692 τοιοῦτος,
1097 4617 1460 4695 προλαμϐάνῃ
1494 4669 1506 4693 ,
1555 4623 1641 4676 καὶ
1701 4625 1812 4694 ἅμα
1863 4628 1941 4693 τῷ

368 4730 416 4764 ²²
448 4733 678 4796 neuter,
708 4745 833 4800 xm,
867 4731 969 4797 18;
1002 4745 1116 4799 XIV,
1151 4747 1188 4784 Ι.
1222 4729 1266 4763 2⁸
1296 4730 1466 4799 Joan,
1501 4732 1586 4785 12.

632 4851 1016 4940 βεεὶυξ.μᾼ1ἱὶ
1060 4856 1116 4906 et
1145 4853 1606 4940 editi‘mendose
1635 4853 1750 4940 κατ’
1773 4851 1936 4940 ain}.

366 4862 481 4992 (45)
512 4862 603 4934 sic
635 4862 868 4923 Regius.
893 4862 1016 4934 ,ᾼιιι
1060 4862 1116 4906 et
1145 4862 1283 4907 edltl
1326 4862 1606 4934 mendose
1635 4862 1749 4906 κατ’
1773 4862 1936 4940 αὐτῷ.

366 4923 600 4998 (46⁷⁷510
632 4924 769 4995 Reg.
820 4922 928 4978 A111
974 4939 1106 4980 vero
1163 4929 1220 4978 et
1248 4925 1406 4994 editi,
1466 4922 1684 4998 γέγονεν
1719 4925 1746 4976 6
1809 4931 1939 4983 Θεος

295 4999 374 5048 τῶ
403 4994 534 5048 Υἱῶ.

347 5015 604 5138 Ἶζιξῖῗρέίο
634 5065 775 5138 Ιὶεδεἶ
804 5064 1093 5138 Ceteriet
1122 5061 1479 5138 editi,_).éj{co,
1523 5067 1819 5138 mendose.
1854 5067 1938 5120 Ad

291 5135 466 5192 hunc
505 5135 956 5191 autem’locum
1017 5136 1075 5190 in
1123 5152 1232 5190 ms.
1291 5135 1544 5190 Felckm.
1587 5137 1709 5191 haec
1743 5141 1938 5192 notat:

295 5207 672 5281 AoEanatpvﬁc.
700 5211 802 5272 Ση.
823 5275 833 5281 _
855 5206 1007 5281 πρὸς.
1036 5203 1284 5281 τοὺσκαὶ
1315 5209 1404 5281 νῦν
1439 5203 1533 5258 δύο
1566 5206 1762 5281 ’σοφίας
1797 5205 1938 5281 ἔχειν

337 5271 608 5362 ἀέκοντας
624 5277 713 5330 τὸν
748 5271 874 5330 Θεὸν
900 5271 1012 5329 ’καὶ
1058 5275 1288 5362 Πατέρα·
1347 5276 1467 5347 μίαν
1521 5277 1629 5362 μὲν⁹
1653 5271 1758 5330 ⁸τὸν
1796 5271 1942 5346 ὶίῗὸν,

337 5300 595 5338 ασκοντας
624 5300 713 5330 τον
748 5300 874 5330 δεον
925 5300 1012 5329 και
1059 5300 1288 5348 ιιατῐρπ“
1347 5300 1467 5347 μίαν
1521 5300 1618 5362 μεν
1668 5300 1758 5330 τον
1803 5300 1940 5346 ιεον,

296 5300 479 5421 ξτὲραν
540 5346 597 5402 δὲ
657 5347 708 5401 ἐν
761 5350 829 5418 τῇ
891 5347 1081 5426 ἑαυτοῦ
1131 5345 1301 5416 οὐσίᾳ,
1332 5349 1469 5426 .καθ’
1499 5349 1563 5415 ἣν
1613 5346 1721 5401 ἐστι
1755 5349 1940 5426 σοφός.

302 5423 365 5478 Id
387 5417 504 5486 est,
538 5425 682 5478 Nota
710 5417 828 5475 hach
877 5419 947 5490 ad
999 5419 1124 5473 illos
1152 5435 1266 5474 esse
1311 5417 1456 5474 dicta
1483 5421 1580 5490 qui
1609 5423 1772 5475 etiam
1801 5417 1948 5475 n'unc

302 5495 478 5550 Deum
505 5500 557 5547 et
606 5493 826 5546 Patrem
857 5489 1006 5562 duas
1039 5491 1342 5558 sapientius
1371 5489 1569 5545 habere
1596 5493 1946 5562 contendunt,

303 5580 478 5641 unam
506 5563 806 5641 quaeﬁlius
835 5562 927 5626 sit,
953 5561 1192 5641 alteram.
1213 5576 1332 5630 qua
1367 5563 1439 5615 sit
1469 5563 1530 5615 in
1557 5578 1660 5617 sua
1688 5561 1945 5620 substané

305 5637 414 5701 εἰσ,
443 5634 744 5690 secundum
773 5640 1044 5704 quamest
1072 5634 1309 5704 sapiens.

380 5700 493 5777 (1:8)
523 5705 618 5761 Sic
645 5700 795 5776 Reg:
815 5705 887 5760 At
910 5702 1010 5760 alii
1039 5706 1097 5760 et
1119 5700 1260 5760 editi
1289 5700 1420 5762 Θεός
1450 5701 1748 5759 omittunt.

791 4352 943 4408 οὐδὲν
1003 4352 1270 4430 διαφέρειν
1321 4358 1481 4426 ἡμῶν
1541 4355 1758 4428 δόξειεν,
1820 4356 1945 4411 οὐδὲ

2053 3293 2112 3347 in
2146 3295 2452 3366 Evangelio
2486 3297 2600 3350 ait:
2661 3299 2926 3368 Quotquot
2982 3305 3166 3352 autem
3207 3300 3523 3368 receperunt
3551 3313 3699 3365 eum,

2052 3381 2200 3436 dedit
2225 3385 2303 3438 eis
2331 3389 2646 3454 potestatem
2675 3387 2818 3455 ﬁlios
2842 3385 2941 3441 Dei
2967 3387 3092 3455 ﬁeri
3122 3386 3186 3440 ³³.
3221 3384 3348 3440 Alia
3378 3401 3511 3440 vero
3540 3386 3698 3456 ejus-

2053 3471 2185 3525 dem
2218 3472 2374 3528 vocis
2407 3474 2756 3544 significatio
2787 3477 2894 3539 est,
2929 3491 3044 3545 qua
3093 3474 3250 3529 Isaac
3280 3473 3522 3529 Abrahae
3552 3473 3697 3529 dici-

2052 3564 2151 3614 tur
2182 3560 2336 3615 ﬁlius
2364 3579 2378 3626 ;
2413 3567 2468 3615 et
2497 3562 2698 3630 Jacob,
2757 3562 2916 3617 Isaac
2943 3587 2956 3627 ;
3016 3566 3074 3617 et
3102 3561 3466 3634 patriarcha,
3495 3561 3696 3618 Jacob.

2055 3649 2465 3720 Respondeant
2495 3651 2693 3721 igitur,
2729 3667 2842 3721 quo
2876 3667 3053 3706 sensu
3079 3651 3172 3705 Dei
3207 3650 3416 3705 Filium
3451 3667 3579 3706 esse
3606 3650 3698 3706 in-

2053 3737 2406 3808 telligentes,
2440 3738 2551 3792 ista
2575 3739 2644 3792 de
2667 3737 2765 3792 illo
2787 3739 3003 3793 audent
3017 3738 3242 3793 effutire
3263 3739 3290 3793 ?
3309 3737 3518 3794 Nullus
3539 3739 3695 3794 enim

2055 3825 2258 3880 dubito
2283 3827 2424 3896 quin
2449 3827 2519 3881 ad
2543 3827 2808 3882 eamdem
2834 3827 3212 3882 devolvantur
3233 3827 3592 3899 impietatem
3616 3831 3699 3884 at-

2055 3930 2168 3984 que
2189 3914 2523 3968 Eusebiani.
2557 3915 2716 3976 Quod
2743 3916 2793 3970 si
2825 3931 3023 3970 vocem
3048 3915 3174 3970 Filii
3199 3916 3525 3971 secundum
3549 3917 3699 3987 prio-

2055 4019 2177 4057 rem
2210 4002 2699 4073 signiﬁcationem
2729 4004 2918 4059 Verbo
2966 4003 3306 4074 attribuant,
3339 4020 3455 4076 quo
3487 4019 3698 4076 nempe

2054 4108 2228 4147 sensu
2262 4091 2353 4146 his
2383 4094 2557 4146 etiam
2591 4093 2861 4147 convenit
2897 4093 2998 4164 qui
3046 4093 3118 4147 ob
3167 4108 3359 4148 mores
3391 4093 3451 4147 in
3484 4092 3696 4149 melius

2054 4184 2308 4234 mutatos
2341 4180 2449 4234 hoc
2471 4181 2706 4235 nomine
2729 4181 3070 4252 dignantur,
3094 4185 3152 4236 et
3171 4185 3516 4250 potestatem
3540 4181 3695 4236 ﬁlios

2053 4268 2153 4322 Dei
2176 4268 2298 4322 ﬁeri
2315 4269 2607 4337 accipiunt
2629 4285 2775 4338 ;quae
2797 4269 2971 4323 etiam
2998 4268 3230 4324 illorum
3245 4271 3368 4324 erat
3389 4269 3653 4324 doctrina
3679 4285 3690 4324 :

2055 4356 2128 4422 si,
2157 4356 2416 4426 inquam,
2453 4356 2531 4410 ita
2556 4355 2759 4411 volunt
2787 4373 2934 4423 esse,
2960 4355 3104 4410 nihil
3127 4374 3269 4412 sane
3298 4373 3332 4411 a
3361 4356 3531 4412 nobis
3559 4355 3696 4411 Ver-

2053 4444 2193 4498 bum
2240 4444 2468 4499 diﬁ‘erre
2513 4444 2824 4512 videbitur,
2877 4459 2982 4498 nec
3031 4444 3380 4517 Unigenitus
3409 4443 3693 4499 dicendus

2053 4532 2180 4598 erit,
2216 4533 2430 4604 quippe
2462 4534 2557 4604 qui
2591 4536 2647 4587 et
2679 4532 2802 4604 ipse
2844 4538 3078 4604 propter
3105 4533 3402 4598 virtutem,
3435 4531 3560 4587 Filii
3589 4549 3692 4588 no-

2052 4636 2185 4674 men
2220 4620 2296 4676 sit
2325 4624 2694 4676 consecutus.
2736 4621 3000 4692 Namque
3027 4620 3277 4692 etiamsi,
3311 4620 3693 4692 quemadmo-

2120 4851 2233 4920 (19)
2264 4851 2357 4905 Sic
2391 4850 2528 4922 Reg.
2563 4854 2627 4922 ut
2656 4853 2712 4905 et
2741 4850 2926 4922 versio
2961 4850 3114 4922 LXX.
3147 4850 3346 4922 Ceteri
3375 4849 3598 4922 etiediti
3628 4848 3692 4905 τό

2051 4919 2336 5002 ρῐϊὶὶιῐυηί.
2361 4927 2417 5002 et
2449 4919 2552 5002 pro
2585 4919 2843 5002 ἐναντίον,
2867 4921 3082 5002 habent
3102 4919 3355 4974 ἐνώπιον.
3387 4921 3696 5002 Hic_porro

2049 4992 2213 5047 locus
2245 4995 2340 5061 qui
2373 4992 2507 5046 ﬁnis
2538 4997 2627 5047 est
2683 5009 2732 5057 c,
2765 5010 2889 5056 xm,
2946 4993 3179 5047 initium
3237 5009 3287 5057 c,
3334 5009 3452 5057 xw,
3486 4997 3697 5061 Deute-

2052 5081 2177 5118 ron.
2213 5059 2297 5117 sic
2329 5068 2515 5138 exstat
2548 5080 2558 5115 :
2593 5062 3320 5138 'Edvdxo-Scnqaﬁcqmvis
3371 5059 3570 5138 Κυρίου
3599 5065 3698 5138 τοῦ

2053 5081 2177 5118 ron.
2213 5080 2297 5117 810
2329 5080 2515 5117 eXSIat
2548 5080 2558 5115 :
2613 5080 2712 5114 mw
2746 5083 2975 5134 ακουσῃς
3006 5082 3104 5130 της
3135 5082 3320 5138 φωνης
3373 5080 3570 5189 λυριου
3599 5082 3697 5116 του

2053 5137 2186 5208 Θεοῦ
2219 5153 2335 5208 σου,
2369 5130 2655 5208 φυλάσσειν
2687 5134 2781 5193 τάς
2814 5131 3035 5208 ἐντολάς
3068 5131 3252 5208 αὐτοῦ,
3286 5131 3434 5208 ὅσας-
3471 5133 3580 5208 γὼν
3615 5131 3697 5208 ἐν·

2050 5202 2319 5278 τέλλομαί
2353 5202 2728 5278 σοιμσήμερον,
2761 5209 2932 5257 ποιεῖν
2966 5203 3028 5257 τὸ
3060 5202 3356 5278 καλόνκαὶ
3383 5205 3446 5258 τὸ
3477 5202 3696 5278 ᾆρεστὸν

2055 5273 2290 5329 ἐναντίον
2327 5273 2520 5343 Κυρίου
2549 5273 2664 5329 τοῦ
2714 5279 2848 5328 Θεοῦ
2897 5295 3012 5328 σου·
3047 5273 3155 5326 υἱοί
3207 5273 3323 5348 ἐστε
3372 5273 3571 5348 Κυρίου
3599 5277 3699 5327 τοῦ

2055 5350 2188 5398 Θεοῦ
2222 5347 2372 5416 ὑμῶν
2407 5347 2468 5400 Si
2497 5346 2744 5401 audieris
2773 5362 2953 5401 vocem
3007 5347 3232 5401 Domini
3255 5348 3356 5400 Dei
3381 5346 3486 5410 tui,
3519 5352 3583 5400 ut
3609 5361 3701 5416 cu-

2053 5415 2266 5473 stodias
2293 5419 2484 5472 omnia
2514 5417 2777 5471 mandata
2831 5420 2948 5486 ejus
3007 5431 3131 5487 quae
3160 5432 3254 5484 ego
3304 5418 3568 5487 praecipio
3598 5415 3703 5470 tibi

2056 5488 2234 5552 hodie,
2265 5493 2326 5542 ut
2352 5489 2526 5557 facias
2557 5489 2776 5554 bonum,
2835 5491 2884 5541 et
2911 5487 3050 5558 quod
3077 5488 3343 5556 placitum
3366 5492 3446 5542 est
3477 5489 3540 5541 in
3569 5502 3700 5542 con-

2055 5565 2236 5629 spectu
2266 5560 2486 5629 Domini
2515 5559 2613 5629 Dei
2670 5560 2777 5623 tui,
2807 5559 2916 5628 ﬁlii
2969 5559 3102 5613 estis
3131 5558 3351 5612 Domini
3379 5559 3480 5614 Dei
3502 5558 3698 5613 vestri.

2128 5631 2239 5700 (50)
2269 5627 2366 5682 Καί
2397 5629 2558 5685 deest
2584 5628 2643 5681 in
2675 5629 2812 5700 Reg.
