  <div class='ocr_page' id='page_1' title='image "/cluster/home/n/w/nwhite01/storage/ocr_20150623/25:no.1/coo.31924054873066/507.png"; bbox 0 0 4152 6372; ppageno 0'>
   <div class='ocr_carea' id='block_1_1' title="bbox 408 360 524 425">
    <p class='ocr_par' dir='ltr' id='par_1_1' title="bbox 408 360 524 425">
     <span class='ocr_line' id='line_1_1' title="bbox 408 360 524 425; baseline 0.017 -2"><span class='ocrx_word' id='word_1_1' title='bbox 408 360 524 425; x_wconf 69' lang='grc'><strong>427</strong></span> 
     </span>
    </p>
   </div>
   <div class='ocr_carea' id='block_1_2' title="bbox 954 323 3293 427">
    <p class='ocr_par' dir='ltr' id='par_1_2' title="bbox 954 323 3293 427">
     <span class='ocr_line' id='line_1_2' title="bbox 954 323 3293 427; baseline -0.002 -1"><span class='ocrx_word' id='word_1_2' title='bbox 954 323 1020 426; x_wconf 70' lang='grc' dir='ltr'>εξ</span> <span class='ocrx_word' id='word_1_3' title='bbox 1063 360 1489 426; x_wconf 82' lang='lat' dir='ltr'>ATHANASII</span> <span class='ocrx_word' id='word_1_4' title='bbox 1533 364 1707 427; x_wconf 77' lang='lat' dir='ltr'>opp.</span> <span class='ocrx_word' id='word_1_5' title='bbox 1754 364 1958 426; x_wconf 83' lang='lat' dir='ltr'>PARS</span> <span class='ocrx_word' id='word_1_6' title='bbox 2003 361 2052 424; x_wconf 88' lang='lat'>1.</span> <span class='ocrx_word' id='word_1_7' title='bbox 2087 393 2166 406; x_wconf 94' lang='grc'><strong><em>-</em></strong></span> <span class='ocrx_word' id='word_1_8' title='bbox 2195 359 2616 425; x_wconf 80' lang='lat' dir='ltr'>HISTORICA</span> <span class='ocrx_word' id='word_1_9' title='bbox 2661 359 2764 423; x_wconf 82' lang='lat' dir='ltr'><strong>ET</strong></span> <span class='ocrx_word' id='word_1_10' title='bbox 2807 359 3293 424; x_wconf 80' lang='lat' dir='ltr'>DOGMATICA.</span> 
     </span>
    </p>
   </div>
   <div class='ocr_carea' id='block_1_3' title="bbox 3711 357 3835 422">
    <p class='ocr_par' dir='ltr' id='par_1_3' title="bbox 3711 357 3835 422">
     <span class='ocr_line' id='line_1_3' title="bbox 3711 357 3835 422; baseline 0 0"><span class='ocrx_word' id='word_1_11' title='bbox 3711 357 3835 422; x_wconf 66' lang='lat'><strong>428</strong></span> 
     </span>
    </p>
   </div>
   <div class='ocr_carea' id='block_1_4' title="bbox 414 487 2087 571">
    <p class='ocr_par' dir='ltr' id='par_1_4' title="bbox 414 494 2062 571">
     <span class='ocr_line' id='line_1_4' title="bbox 414 494 2062 571; baseline -0.001 -19"><span class='ocrx_word' id='word_1_12' title='bbox 414 496 555 552; x_wconf 89' lang='lat' dir='ltr'>dum</span> <span class='ocrx_word' id='word_1_13' title='bbox 574 494 1007 565; x_wconf 86' lang='lat' dir='ltr'>dictitant,talis</span> <span class='ocrx_word' id='word_1_14' title='bbox 1031 496 1149 554; x_wconf 87' lang='lat' dir='ltr'>fore</span> <span class='ocrx_word' id='word_1_15' title='bbox 1171 497 1768 571; x_wconf 73' lang='lat' dir='ltr'>praecognitus,simul</span> <span class='ocrx_word' id='word_1_16' title='bbox 1796 501 1861 553; x_wconf 90' lang='lat' dir='ltr'>ut</span> <span class='ocrx_word' id='word_1_17' title='bbox 1887 501 2062 553; x_wconf 87' lang='lat' dir='ltr'>natus</span> 
     </span>
    </p>
   </div>
   <div class='ocr_carea' id='block_1_5' title="bbox 2197 487 3833 571">
    <p class='ocr_par' dir='ltr' id='par_1_5' title="bbox 2197 487 3833 569">
     <span class='ocr_line' id='line_1_5' title="bbox 2197 487 3833 569; baseline 0.001 -21"><span class='ocrx_word' id='word_1_18' title='bbox 2197 492 2419 567; x_wconf 52' lang='grc' dir='ltr'>γενέσθαι</span> <span class='ocrx_word' id='word_1_19' title='bbox 2453 491 2679 569; x_wconf 83' lang='grc' dir='ltr'>δέχηται</span> <span class='ocrx_word' id='word_1_20' title='bbox 2709 492 2772 547; x_wconf 82' lang='grc' dir='ltr'>τό</span> <span class='ocrx_word' id='word_1_21' title='bbox 2818 514 2877 548; x_wconf 90' lang='grc' dir='ltr'>τε</span> <span class='ocrx_word' id='word_1_22' title='bbox 2928 487 3106 565; x_wconf 76' lang='grc' dir='ltr'>ὄνομα</span> <span class='ocrx_word' id='word_1_23' title='bbox 3149 491 3240 547; x_wconf 87' lang='grc' dir='ltr'>καὶ</span> <span class='ocrx_word' id='word_1_24' title='bbox 3267 491 3367 561; x_wconf 83' lang='grc' dir='ltr'>τήν</span> <span class='ocrx_word' id='word_1_25' title='bbox 3416 494 3515 547; x_wconf 90' lang='grc' dir='ltr'>τοῦ</span> <span class='ocrx_word' id='word_1_26' title='bbox 3562 488 3833 565; x_wconf 82' lang='grc' dir='ltr'>ὀνόματος</span> 
     </span>
    </p>
   </div>
   <div class='ocr_carea' id='block_1_6' title="bbox 412 582 2054 656">
    <p class='ocr_par' dir='ltr' id='par_1_6' title="bbox 412 582 2054 656">
     <span class='ocr_line' id='line_1_6' title="bbox 412 582 2054 656; baseline -0.001 -16"><span class='ocrx_word' id='word_1_27' title='bbox 412 589 524 650; x_wconf 89' lang='lat' dir='ltr'>est,</span> <span class='ocrx_word' id='word_1_28' title='bbox 557 582 686 640; x_wconf 88' lang='lat' dir='ltr'>Filii</span> <span class='ocrx_word' id='word_1_29' title='bbox 718 600 930 640; x_wconf 82' lang='lat' dir='ltr'>nomen</span> <span class='ocrx_word' id='word_1_30' title='bbox 960 586 1205 656; x_wconf 77' lang='lat' dir='ltr'>eiusque</span> <span class='ocrx_word' id='word_1_31' title='bbox 1235 586 1493 642; x_wconf 84' lang='lat' dir='ltr'>nominis</span> <span class='ocrx_word' id='word_1_32' title='bbox 1517 588 1695 642; x_wconf 86' lang='lat' dir='ltr'>decus</span> <span class='ocrx_word' id='word_1_33' title='bbox 1726 585 2054 656; x_wconf 87' lang='lat' dir='ltr'>acceperit:</span> 
     </span>
    </p>
   </div>
   <div class='ocr_carea' id='block_1_7' title="bbox 2172 578 3836 657">
    <p class='ocr_par' dir='ltr' id='par_1_7' title="bbox 2172 578 3836 657">
     <span class='ocr_line' id='line_1_7' title="bbox 2172 578 3836 657; baseline 0.001 -22"><span class='ocrx_word' id='word_1_34' title='bbox 2172 579 2349 651; x_wconf 71' lang='grc' dir='ltr'>δόξαν⁸</span> <span class='ocrx_word' id='word_1_35' title='bbox 2384 580 2509 637; x_wconf 84' lang='grc' dir='ltr'>ἀλλ’</span> <span class='ocrx_word' id='word_1_36' title='bbox 2540 579 2693 637; x_wconf 69' lang='grc' dir='ltr'>οὐδὲν</span> <span class='ocrx_word' id='word_1_37' title='bbox 2725 580 2916 637; x_wconf 86' lang='grc' dir='ltr'>διοίσει</span> <span class='ocrx_word' id='word_1_38' title='bbox 2964 586 3071 636; x_wconf 79' lang='grc' dir='ltr'>τῶν</span> <span class='ocrx_word' id='word_1_39' title='bbox 3127 582 3262 654; x_wconf 77' lang='grc' dir='ltr'>μετὰ</span> <span class='ocrx_word' id='word_1_40' title='bbox 3309 581 3404 643; x_wconf 81' lang='grc' dir='ltr'>τὰς</span> <span class='ocrx_word' id='word_1_41' title='bbox 3442 583 3661 657; x_wconf 81' lang='grc' dir='ltr'>πράξεις</span> <span class='ocrx_word' id='word_1_42' title='bbox 3693 578 3836 656; x_wconf 83' lang='grc' dir='ltr'>λαμ-</span> 
     </span>
    </p>
   </div>
   <div class='ocr_carea' id='block_1_8' title="bbox 413 666 2087 746">
    <p class='ocr_par' dir='ltr' id='par_1_8' title="bbox 413 671 2064 746">
     <span class='ocr_line' id='line_1_8' title="bbox 413 671 2064 746; baseline -0.001 -17"><span class='ocrx_word' id='word_1_43' title='bbox 413 677 611 729; x_wconf 85' lang='lat' dir='ltr'>tamen</span> <span class='ocrx_word' id='word_1_44' title='bbox 643 671 790 728; x_wconf 89' lang='lat' dir='ltr'>nihil</span> <span class='ocrx_word' id='word_1_45' title='bbox 821 673 971 729; x_wconf 89' lang='lat' dir='ltr'>inter</span> <span class='ocrx_word' id='word_1_46' title='bbox 1025 690 1160 730; x_wconf 92' lang='lat' dir='ltr'>eum</span> <span class='ocrx_word' id='word_1_47' title='bbox 1191 678 1249 730; x_wconf 88' lang='lat' dir='ltr'>et</span> <span class='ocrx_word' id='word_1_48' title='bbox 1304 674 1437 732; x_wconf 91' lang='lat' dir='ltr'>illos</span> <span class='ocrx_word' id='word_1_49' title='bbox 1489 674 1754 731; x_wconf 79' lang='lat' dir='ltr'>intererit</span> <span class='ocrx_word' id='word_1_50' title='bbox 1799 674 1901 746; x_wconf 86' lang='lat' dir='ltr'>qui</span> <span class='ocrx_word' id='word_1_51' title='bbox 1933 678 2064 745; x_wconf 89' lang='lat' dir='ltr'>post</span> 
     </span>
    </p>
   </div>
   <div class='ocr_carea' id='block_1_9' title="bbox 2197 666 3833 746">
    <p class='ocr_par' dir='ltr' id='par_1_9' title="bbox 2197 667 3833 744">
     <span class='ocr_line' id='line_1_9' title="bbox 2197 667 3833 744; baseline 0.003 -23"><span class='ocrx_word' id='word_1_52' title='bbox 2197 667 2444 725; x_wconf 76' lang='grc' dir='ltr'>ἷανόντων</span> <span class='ocrx_word' id='word_1_53' title='bbox 2498 672 2560 726; x_wconf 82' lang='grc' dir='ltr'>τὸ</span> <span class='ocrx_word' id='word_1_54' title='bbox 2608 667 2805 744; x_wconf 78' lang='grc' dir='ltr'>ὄνομα,</span> <span class='ocrx_word' id='word_1_55' title='bbox 2853 668 2957 733; x_wconf 70' lang='grc' dir='ltr'>ἕως</span> <span class='ocrx_word' id='word_1_56' title='bbox 3002 670 3145 726; x_wconf 81' lang='grc' dir='ltr'>οὕτω</span> <span class='ocrx_word' id='word_1_57' title='bbox 3193 670 3284 725; x_wconf 86' lang='grc' dir='ltr'>καὶ</span> <span class='ocrx_word' id='word_1_58' title='bbox 3335 669 3494 732; x_wconf 77' lang='grc' dir='ltr'>αὐτὸς</span> <span class='ocrx_word' id='word_1_59' title='bbox 3542 670 3657 732; x_wconf 76' lang='grc' dir='ltr'>υἱὸς</span> <span class='ocrx_word' id='word_1_60' title='bbox 3698 670 3833 726; x_wconf 80' lang='grc' dir='ltr'>εἶναι</span> 
     </span>
    </p>
   </div>
   <div class='ocr_carea' id='block_1_10' title="bbox 413 762 2065 837">
    <p class='ocr_par' dir='ltr' id='par_1_10' title="bbox 413 762 2065 837">
     <span class='ocr_line' id='line_1_10' title="bbox 413 762 2065 837; baseline -0.001 -19"><span class='ocrx_word' id='word_1_61' title='bbox 413 762 544 835; x_wconf 90' lang='lat' dir='ltr'>ipsa</span> <span class='ocrx_word' id='word_1_62' title='bbox 571 777 746 834; x_wconf 89' lang='lat' dir='ltr'>opera</span> <span class='ocrx_word' id='word_1_63' title='bbox 765 763 969 818; x_wconf 89' lang='lat' dir='ltr'>eodem</span> <span class='ocrx_word' id='word_1_64' title='bbox 992 763 1228 819; x_wconf 85' lang='lat' dir='ltr'>nomine</span> <span class='ocrx_word' id='word_1_65' title='bbox 1248 770 1388 820; x_wconf 92' lang='lat' dir='ltr'>sunt</span> <span class='ocrx_word' id='word_1_66' title='bbox 1411 764 1929 837; x_wconf 89' lang='lat' dir='ltr'>dignati,quandiu</span> <span class='ocrx_word' id='word_1_67' title='bbox 1958 762 2065 819; x_wconf 88' lang='lat' dir='ltr'>sci-</span> 
     </span>
    </p>
   </div>
   <div class='ocr_carea' id='block_1_11' title="bbox 415 848 2061 922">
    <p class='ocr_par' dir='ltr' id='par_1_11' title="bbox 415 848 2061 922">
     <span class='ocr_line' id='line_1_11' title="bbox 415 848 2061 922; baseline 0.001 -17"><span class='ocrx_word' id='word_1_68' title='bbox 415 848 552 907; x_wconf 82' lang='lat' dir='ltr'>licet</span> <span class='ocrx_word' id='word_1_69' title='bbox 582 850 704 922; x_wconf 89' lang='lat' dir='ltr'>ipse</span> <span class='ocrx_word' id='word_1_70' title='bbox 736 867 864 906; x_wconf 88' lang='lat' dir='ltr'>eam</span> <span class='ocrx_word' id='word_1_71' title='bbox 896 852 1174 908; x_wconf 88' lang='lat' dir='ltr'>dantaxat</span> <span class='ocrx_word' id='word_1_72' title='bbox 1202 853 1276 908; x_wconf 94' lang='lat' dir='ltr'>ob</span> <span class='ocrx_word' id='word_1_73' title='bbox 1324 870 1566 910; x_wconf 86' lang='lat' dir='ltr'>causam</span> <span class='ocrx_word' id='word_1_74' title='bbox 1598 852 1755 909; x_wconf 95' lang='lat' dir='ltr'>ﬁlius</span> <span class='ocrx_word' id='word_1_75' title='bbox 1787 870 1915 908; x_wconf 88' lang='lat' dir='ltr'>esse</span> <span class='ocrx_word' id='word_1_76' title='bbox 1944 852 2061 908; x_wconf 81' lang='lat' dir='ltr'>exi-</span> 
     </span>
    </p>
   </div>
   <div class='ocr_carea' id='block_1_12' title="bbox 419 938 2065 1013">
    <p class='ocr_par' dir='ltr' id='par_1_12' title="bbox 419 938 2065 1013">
     <span class='ocr_line' id='line_1_12' title="bbox 419 938 2065 1013; baseline 0 -18"><span class='ocrx_word' id='word_1_77' title='bbox 419 938 776 995; x_wconf 86' lang='lat' dir='ltr'>stimabitur.</span> <span class='ocrx_word' id='word_1_78' title='bbox 821 938 1048 995; x_wconf 84' lang='lat' dir='ltr'>Etenim</span> <span class='ocrx_word' id='word_1_79' title='bbox 1079 942 1396 1013; x_wconf 88' lang='lat' dir='ltr'>Adam,qui</span> <span class='ocrx_word' id='word_1_80' title='bbox 1429 941 1679 1013; x_wconf 79' lang='lat' dir='ltr'>gratiam</span> <span class='ocrx_word' id='word_1_81' title='bbox 1704 941 1869 996; x_wconf 87' lang='lat' dir='ltr'>initio</span> <span class='ocrx_word' id='word_1_82' title='bbox 1900 956 2065 996; x_wconf 85' lang='lat' dir='ltr'>acce-</span> 
     </span>
    </p>
   </div>
   <div class='ocr_carea' id='block_1_13' title="bbox 416 1026 2069 1102">
    <p class='ocr_par' dir='ltr' id='par_1_13' title="bbox 416 1026 2069 1102">
     <span class='ocr_line' id='line_1_13' title="bbox 416 1026 2069 1102; baseline 0 -19"><span class='ocrx_word' id='word_1_83' title='bbox 416 1030 598 1100; x_wconf 82' lang='lat' dir='ltr'>perat,</span> <span class='ocrx_word' id='word_1_84' title='bbox 631 1026 926 1101; x_wconf 89' lang='lat' dir='ltr'>simulque</span> <span class='ocrx_word' id='word_1_85' title='bbox 957 1046 1023 1084; x_wconf 91' lang='lat' dir='ltr'>ac</span> <span class='ocrx_word' id='word_1_86' title='bbox 1051 1034 1223 1085; x_wconf 88' lang='lat' dir='ltr'>natus</span> <span class='ocrx_word' id='word_1_87' title='bbox 1254 1036 1342 1087; x_wconf 89' lang='lat' dir='ltr'>est</span> <span class='ocrx_word' id='word_1_88' title='bbox 1365 1031 1424 1086; x_wconf 91' lang='lat' dir='ltr'>in</span> <span class='ocrx_word' id='word_1_89' title='bbox 1448 1030 1719 1102; x_wconf 80' lang='lat' dir='ltr'>paradiso</span> <span class='ocrx_word' id='word_1_90' title='bbox 1753 1030 1863 1085; x_wconf 89' lang='lat' dir='ltr'>fuit</span> <span class='ocrx_word' id='word_1_91' title='bbox 1895 1028 2069 1084; x_wconf 90' lang='lat' dir='ltr'>collo-</span> 
     </span>
    </p>
   </div>
   <div class='ocr_carea' id='block_1_14' title="bbox 416 1115 2068 1191">
    <p class='ocr_par' dir='ltr' id='par_1_14' title="bbox 416 1115 2068 1191">
     <span class='ocr_line' id='line_1_14' title="bbox 416 1115 2068 1191; baseline 0 -19"><span class='ocrx_word' id='word_1_92' title='bbox 416 1119 605 1182; x_wconf 88' lang='lat' dir='ltr'>catus,</span> <span class='ocrx_word' id='word_1_93' title='bbox 638 1115 783 1172; x_wconf 89' lang='lat' dir='ltr'>nihil</span> <span class='ocrx_word' id='word_1_94' title='bbox 812 1117 1118 1174; x_wconf 70' lang='lat' dir='ltr'>differebat</span> <span class='ocrx_word' id='word_1_95' title='bbox 1140 1119 1213 1174; x_wconf 91' lang='lat' dir='ltr'>ab</span> <span class='ocrx_word' id='word_1_96' title='bbox 1236 1119 1452 1185; x_wconf 89' lang='lat' dir='ltr'>Enoch,</span> <span class='ocrx_word' id='word_1_97' title='bbox 1487 1120 1589 1191; x_wconf 91' lang='lat' dir='ltr'>qui</span> <span class='ocrx_word' id='word_1_98' title='bbox 1612 1120 1845 1175; x_wconf 85' lang='lat' dir='ltr'>nonnisi</span> <span class='ocrx_word' id='word_1_99' title='bbox 1871 1117 2068 1189; x_wconf 87' lang='lat' dir='ltr'>aliquo</span> 
     </span>
    </p>
   </div>
   <div class='ocr_carea' id='block_1_15' title="bbox 418 1206 2068 1281">
    <p class='ocr_par' dir='ltr' id='par_1_15' title="bbox 418 1206 2068 1281">
     <span class='ocr_line' id='line_1_15' title="bbox 418 1206 2068 1281; baseline 0.001 -21"><span class='ocrx_word' id='word_1_100' title='bbox 418 1210 730 1278; x_wconf 86' lang='lat' dir='ltr'>postquam</span> <span class='ocrx_word' id='word_1_101' title='bbox 762 1210 936 1264; x_wconf 88' lang='lat' dir='ltr'>natus</span> <span class='ocrx_word' id='word_1_102' title='bbox 966 1212 1057 1264; x_wconf 90' lang='lat' dir='ltr'>est</span> <span class='ocrx_word' id='word_1_103' title='bbox 1097 1212 1381 1281; x_wconf 88' lang='lat' dir='ltr'>tempore,</span> <span class='ocrx_word' id='word_1_104' title='bbox 1414 1225 1549 1265; x_wconf 90' lang='lat' dir='ltr'>cum</span> <span class='ocrx_word' id='word_1_105' title='bbox 1580 1209 1696 1264; x_wconf 92' lang='lat' dir='ltr'>Deo</span> <span class='ocrx_word' id='word_1_106' title='bbox 1725 1206 2068 1278; x_wconf 85' lang='lat' dir='ltr'>placuisset,</span> 
     </span>
    </p>
   </div>
   <div class='ocr_carea' id='block_1_16' title="bbox 417 1292 2073 1370">
    <p class='ocr_par' dir='ltr' id='par_1_16' title="bbox 417 1292 2073 1370">
     <span class='ocr_line' id='line_1_16' title="bbox 417 1292 2073 1370; baseline 0.001 -22"><span class='ocrx_word' id='word_1_107' title='bbox 417 1292 743 1351; x_wconf 90' lang='lat' dir='ltr'>translatus</span> <span class='ocrx_word' id='word_1_108' title='bbox 771 1295 903 1362; x_wconf 84' lang='lat' dir='ltr'>fuit,</span> <span class='ocrx_word' id='word_1_109' title='bbox 924 1312 1112 1368; x_wconf 89' lang='lat' dir='ltr'>neque</span> <span class='ocrx_word' id='word_1_110' title='bbox 1140 1296 1284 1352; x_wconf 85' lang='lat' dir='ltr'>item</span> <span class='ocrx_word' id='word_1_111' title='bbox 1315 1297 1388 1353; x_wconf 92' lang='lat' dir='ltr'>ab</span> <span class='ocrx_word' id='word_1_112' title='bbox 1420 1296 1697 1370; x_wconf 81' lang='lat' dir='ltr'>Apostolo</span> <span class='ocrx_word' id='word_1_113' title='bbox 1728 1296 1828 1368; x_wconf 92' lang='lat' dir='ltr'>qui</span> <span class='ocrx_word' id='word_1_114' title='bbox 1859 1299 1916 1351; x_wconf 87' lang='lat' dir='ltr'>et</span> <span class='ocrx_word' id='word_1_115' title='bbox 1948 1296 2073 1368; x_wconf 90' lang='lat' dir='ltr'>ipse</span> 
     </span>
    </p>
   </div>
   <div class='ocr_carea' id='block_1_17' title="bbox 419 1384 2074 1458">
    <p class='ocr_par' dir='ltr' id='par_1_17' title="bbox 419 1384 2074 1458">
     <span class='ocr_line' id='line_1_17' title="bbox 419 1384 2074 1458; baseline 0.002 -20"><span class='ocrx_word' id='word_1_116' title='bbox 419 1386 554 1454; x_wconf 90' lang='lat' dir='ltr'>post</span> <span class='ocrx_word' id='word_1_117' title='bbox 583 1387 736 1439; x_wconf 87' lang='lat' dir='ltr'>recte</span> <span class='ocrx_word' id='word_1_118' title='bbox 763 1384 916 1441; x_wconf 90' lang='lat' dir='ltr'>facta</span> <span class='ocrx_word' id='word_1_119' title='bbox 946 1385 1006 1440; x_wconf 93' lang='lat' dir='ltr'>in</span> <span class='ocrx_word' id='word_1_120' title='bbox 1037 1385 1379 1456; x_wconf 84' lang='lat' dir='ltr'>paradisum</span> <span class='ocrx_word' id='word_1_121' title='bbox 1419 1390 1509 1442; x_wconf 89' lang='lat' dir='ltr'>est</span> <span class='ocrx_word' id='word_1_122' title='bbox 1541 1390 1746 1458; x_wconf 89' lang='lat' dir='ltr'>raptus</span> <span class='ocrx_word' id='word_1_123' title='bbox 1772 1403 1786 1453; x_wconf 88' lang='lat'><strong>;</strong></span> <span class='ocrx_word' id='word_1_124' title='bbox 1819 1385 1937 1441; x_wconf 93' lang='lat' dir='ltr'>imo</span> <span class='ocrx_word' id='word_1_125' title='bbox 1969 1400 2074 1441; x_wconf 89' lang='lat' dir='ltr'>nec</span> 
     </span>
    </p>
   </div>
   <div class='ocr_carea' id='block_1_18' title="bbox 2177 753 3833 836">
    <p class='ocr_par' dir='ltr' id='par_1_18' title="bbox 2177 753 3833 836">
     <span class='ocr_line' id='line_1_18' title="bbox 2177 753 3833 836; baseline 0 -22"><span class='ocrx_word' id='word_1_126' title='bbox 2177 760 2629 836; x_wconf 73' lang='grc' dir='ltr'>μεμαρτύρηται.</span> <span class='ocrx_word' id='word_1_127' title='bbox 2691 761 2789 815; x_wconf 84' lang='grc' dir='ltr'>Καὶ</span> <span class='ocrx_word' id='word_1_128' title='bbox 2849 760 2953 835; x_wconf 76' lang='grc' dir='ltr'>γάρ</span> <span class='ocrx_word' id='word_1_129' title='bbox 3012 756 3207 833; x_wconf 78' lang='grc' dir='ltr'>Ἀδὰμ,</span> <span class='ocrx_word' id='word_1_130' title='bbox 3270 753 3678 835; x_wconf 77' lang='grc' dir='ltr'>προλαμϐάνων</span> <span class='ocrx_word' id='word_1_131' title='bbox 3730 761 3833 829; x_wconf 78' lang='grc' dir='ltr'>τήν</span> 
     </span>
    </p>
   </div>
   <div class='ocr_carea' id='block_1_19' title="bbox 2175 846 3840 925">
    <p class='ocr_par' dir='ltr' id='par_1_19' title="bbox 2175 846 3840 925">
     <span class='ocr_line' id='line_1_19' title="bbox 2175 846 3840 925; baseline 0.001 -23"><span class='ocrx_word' id='word_1_132' title='bbox 2175 846 2361 923; x_wconf 84' lang='grc' dir='ltr'>χάριν,</span> <span class='ocrx_word' id='word_1_133' title='bbox 2419 847 2508 903; x_wconf 87' lang='grc' dir='ltr'>καὶ</span> <span class='ocrx_word' id='word_1_134' title='bbox 2566 849 2679 923; x_wconf 75' lang='grc' dir='ltr'>ἅμα</span> <span class='ocrx_word' id='word_1_135' title='bbox 2736 853 2813 921; x_wconf 81' lang='grc' dir='ltr'>τῷ</span> <span class='ocrx_word' id='word_1_136' title='bbox 2870 848 3115 925; x_wconf 83' lang='grc' dir='ltr'>γενέσθαι</span> <span class='ocrx_word' id='word_1_137' title='bbox 3173 847 3343 910; x_wconf 82' lang='grc' dir='ltr'>τεθεὶς</span> <span class='ocrx_word' id='word_1_138' title='bbox 3403 847 3455 903; x_wconf 83' lang='grc' dir='ltr'>έν</span> <span class='ocrx_word' id='word_1_139' title='bbox 3525 852 3607 920; x_wconf 82' lang='grc' dir='ltr'>τῷ</span> <span class='ocrx_word' id='word_1_140' title='bbox 3662 868 3840 921; x_wconf 83' lang='grc' dir='ltr'>παρα-</span> 
     </span>
    </p>
   </div>
   <div class='ocr_carea' id='block_1_20' title="bbox 2177 935 3843 1014">
    <p class='ocr_par' dir='ltr' id='par_1_20' title="bbox 2177 935 3843 1014">
     <span class='ocr_line' id='line_1_20' title="bbox 2177 935 3843 1014; baseline 0.001 -22"><span class='ocrx_word' id='word_1_141' title='bbox 2177 935 2360 1010; x_wconf 85' lang='grc' dir='ltr'>δείσῳ,</span> <span class='ocrx_word' id='word_1_142' title='bbox 2420 935 2572 992; x_wconf 74' lang='grc' dir='ltr'>οὐδὲν</span> <span class='ocrx_word' id='word_1_143' title='bbox 2635 935 2911 1014; x_wconf 73' lang='grc' dir='ltr'>διήνεγκεν</span> <span class='ocrx_word' id='word_1_144' title='bbox 2970 937 3093 994; x_wconf 77' lang='grc' dir='ltr'>οὕτε</span> <span class='ocrx_word' id='word_1_145' title='bbox 3145 942 3245 993; x_wconf 89' lang='grc' dir='ltr'>τοῦ</span> <span class='ocrx_word' id='word_1_146' title='bbox 3306 938 3522 1013; x_wconf 83' lang='grc' dir='ltr'>Ἑνὼχ,</span> <span class='ocrx_word' id='word_1_147' title='bbox 3584 938 3643 999; x_wconf 78' lang='grc' dir='ltr'>’ὸς</span> <span class='ocrx_word' id='word_1_148' title='bbox 3706 939 3843 1012; x_wconf 84' lang='grc' dir='ltr'>μετὰ</span> 
     </span>
    </p>
   </div>
   <div class='ocr_carea' id='block_1_21' title="bbox 2176 1023 3840 1103">
    <p class='ocr_par' dir='ltr' id='par_1_21' title="bbox 2176 1023 3840 1103">
     <span class='ocr_line' id='line_1_21' title="bbox 2176 1023 3840 1103; baseline 0.001 -22"><span class='ocrx_word' id='word_1_149' title='bbox 2176 1026 2377 1103; x_wconf 86' lang='grc' dir='ltr'>χρόνον</span> <span class='ocrx_word' id='word_1_150' title='bbox 2435 1034 2534 1096; x_wconf 82' lang='grc' dir='ltr'>τῆς</span> <span class='ocrx_word' id='word_1_151' title='bbox 2576 1026 2835 1102; x_wconf 84' lang='grc' dir='ltr'>γενέσεως</span> <span class='ocrx_word' id='word_1_152' title='bbox 2884 1027 3241 1102; x_wconf 78' lang='grc' dir='ltr'>εὐαρεστήσας</span> <span class='ocrx_word' id='word_1_153' title='bbox 3298 1026 3522 1099; x_wconf 80' lang='grc' dir='ltr'>μετέϐη,</span> <span class='ocrx_word' id='word_1_154' title='bbox 3573 1023 3699 1084; x_wconf 68' lang='grc' dir='ltr'>οὔτε</span> <span class='ocrx_word' id='word_1_155' title='bbox 3740 1031 3840 1082; x_wconf 87' lang='grc' dir='ltr'>τοῦ</span> 
     </span>
    </p>
   </div>
   <div class='ocr_carea' id='block_1_22' title="bbox 2178 1114 3841 1191">
    <p class='ocr_par' dir='ltr' id='par_1_22' title="bbox 2178 1114 3841 1191">
     <span class='ocr_line' id='line_1_22' title="bbox 2178 1114 3841 1191; baseline 0.001 -21"><span class='ocrx_word' id='word_1_156' title='bbox 2178 1114 2522 1171; x_wconf 84' lang='grc' dir='ltr'>Ἀποστόλου</span> <span class='ocrx_word' id='word_1_157' title='bbox 2569 1115 2658 1170; x_wconf 85' lang='grc' dir='ltr'>καὶ</span> <span class='ocrx_word' id='word_1_158' title='bbox 2705 1114 2868 1170; x_wconf 79' lang='grc' dir='ltr'>αὐτοῦ</span> <span class='ocrx_word' id='word_1_159' title='bbox 2921 1118 3056 1189; x_wconf 75' lang='grc' dir='ltr'>μετὰ</span> <span class='ocrx_word' id='word_1_160' title='bbox 3103 1115 3197 1177; x_wconf 79' lang='grc' dir='ltr'>τὰς</span> <span class='ocrx_word' id='word_1_161' title='bbox 3248 1114 3471 1191; x_wconf 83' lang='grc' dir='ltr'>πράξεις</span> <span class='ocrx_word' id='word_1_162' title='bbox 3502 1114 3841 1191; x_wconf 82' lang='grc' dir='ltr'>άρπαγέντος</span> 
     </span>
    </p>
   </div>
   <div class='ocr_carea' id='block_1_23' title="bbox 2181 1201 3841 1279">
    <p class='ocr_par' dir='ltr' id='par_1_23' title="bbox 2181 1201 3841 1279">
     <span class='ocr_line' id='line_1_23' title="bbox 2181 1201 3841 1279; baseline 0.001 -20"><span class='ocrx_word' id='word_1_163' title='bbox 2181 1203 2257 1266; x_wconf 66' lang='grc' dir='ltr'>εἷς</span> <span class='ocrx_word' id='word_1_164' title='bbox 2287 1204 2378 1259; x_wconf 89' lang='grc' dir='ltr'>τὸν</span> <span class='ocrx_word' id='word_1_165' title='bbox 2411 1201 2755 1278; x_wconf 79' lang='grc' dir='ltr'>παράδεισον,</span> <span class='ocrx_word' id='word_1_166' title='bbox 2788 1204 2915 1260; x_wconf 84' lang='grc' dir='ltr'>ἀλλ’</span> <span class='ocrx_word' id='word_1_167' title='bbox 2948 1202 3072 1260; x_wconf 75' lang='grc' dir='ltr'>οὐδὲ</span> <span class='ocrx_word' id='word_1_168' title='bbox 3099 1209 3198 1261; x_wconf 87' lang='grc' dir='ltr'>τοῦ</span> <span class='ocrx_word' id='word_1_169' title='bbox 3228 1226 3361 1260; x_wconf 89' lang='grc' dir='ltr'>ποτε</span> <span class='ocrx_word' id='word_1_170' title='bbox 3406 1202 3631 1279; x_wconf 77' lang='grc' dir='ltr'>λῃστοῦ,</span> <span class='ocrx_word' id='word_1_171' title='bbox 3666 1206 3723 1267; x_wconf 80' lang='grc' dir='ltr'>’ὸς</span> <span class='ocrx_word' id='word_1_172' title='bbox 3752 1202 3841 1262; x_wconf 79' lang='grc' dir='ltr'>διὰ</span> 
     </span>
    </p>
   </div>
   <div class='ocr_carea' id='block_1_24' title="bbox 2178 1288 3840 1370">
    <p class='ocr_par' dir='ltr' id='par_1_24' title="bbox 2178 1288 3840 1370">
     <span class='ocr_line' id='line_1_24' title="bbox 2178 1288 3840 1370; baseline 0.002 -24"><span class='ocrx_word' id='word_1_173' title='bbox 2178 1294 2278 1362; x_wconf 75' lang='grc' dir='ltr'>τὴν</span> <span class='ocrx_word' id='word_1_174' title='bbox 2312 1291 2612 1369; x_wconf 85' lang='grc' dir='ltr'>ὁμολογίαν</span> <span class='ocrx_word' id='word_1_175' title='bbox 2661 1291 2984 1370; x_wconf 81' lang='grc' dir='ltr'>ἐπαγγελίαν</span> <span class='ocrx_word' id='word_1_176' title='bbox 3036 1288 3227 1350; x_wconf 78' lang='grc' dir='ltr'>ἔλαϐεν</span> <span class='ocrx_word' id='word_1_177' title='bbox 3279 1292 3435 1356; x_wconf 78' lang='grc' dir='ltr'>εὐθὺς</span> <span class='ocrx_word' id='word_1_178' title='bbox 3484 1294 3560 1356; x_wconf 82' lang='grc' dir='ltr'>εἱς</span> <span class='ocrx_word' id='word_1_179' title='bbox 3606 1294 3700 1349; x_wconf 87' lang='grc' dir='ltr'>τὸν</span> <span class='ocrx_word' id='word_1_180' title='bbox 3739 1313 3840 1350; x_wconf 85' lang='grc' dir='ltr'>πα-</span> 
     </span>
    </p>
   </div>
   <div class='ocr_carea' id='block_1_25' title="bbox 2184 1378 2698 1457">
    <p class='ocr_par' dir='ltr' id='par_1_25' title="bbox 2184 1378 2698 1457">
     <span class='ocr_line' id='line_1_25' title="bbox 2184 1378 2698 1457; baseline 0.002 -21"><span class='ocrx_word' id='word_1_181' title='bbox 2184 1380 2429 1457; x_wconf 86' lang='grc' dir='ltr'>ράδεισον</span> <span class='ocrx_word' id='word_1_182' title='bbox 2465 1378 2698 1438; x_wconf 82' lang='grc' dir='ltr'>ἔσεσθαι.</span> 
     </span>
    </p>
   </div>
   <div class='ocr_carea' id='block_1_26' title="bbox 421 1470 3552 1545">
    <p class='ocr_par' dir='ltr' id='par_1_26' title="bbox 421 1470 3552 1545">
     <span class='ocr_line' id='line_1_26' title="bbox 421 1470 3552 1545; baseline 0 -19"><span class='ocrx_word' id='word_1_183' title='bbox 421 1470 598 1527; x_wconf 88' lang='lat' dir='ltr'>etiam</span> <span class='ocrx_word' id='word_1_184' title='bbox 630 1472 703 1528; x_wconf 91' lang='lat' dir='ltr'>ab</span> <span class='ocrx_word' id='word_1_185' title='bbox 733 1471 833 1528; x_wconf 88' lang='lat' dir='ltr'>illo</span> <span class='ocrx_word' id='word_1_186' title='bbox 864 1472 1110 1539; x_wconf 85' lang='lat' dir='ltr'>latrone,</span> <span class='ocrx_word' id='word_1_187' title='bbox 1141 1473 1235 1529; x_wconf 90' lang='lat' dir='ltr'>cui</span> <span class='ocrx_word' id='word_1_188' title='bbox 1263 1474 1336 1539; x_wconf 92' lang='lat' dir='ltr'>ob</span> <span class='ocrx_word' id='word_1_189' title='bbox 1367 1474 1792 1530; x_wconf 83' lang='lat' dir='ltr'>confessionem</span> <span class='ocrx_word' id='word_1_190' title='bbox 1823 1472 2177 1545; x_wconf 87' lang='lat' dir='ltr'>promissum</span> <span class='ocrx_word' id='word_1_191' title='bbox 2208 1475 2299 1527; x_wconf 92' lang='lat' dir='ltr'>est</span> <span class='ocrx_word' id='word_1_192' title='bbox 2327 1472 2525 1543; x_wconf 89' lang='lat' dir='ltr'>ipsum</span> <span class='ocrx_word' id='word_1_193' title='bbox 2554 1471 2835 1529; x_wconf 87' lang='lat' dir='ltr'>continuo</span> <span class='ocrx_word' id='word_1_194' title='bbox 2865 1472 2926 1528; x_wconf 92' lang='lat' dir='ltr'>in</span> <span class='ocrx_word' id='word_1_195' title='bbox 2958 1471 3231 1544; x_wconf 87' lang='lat' dir='ltr'>paradiso</span> <span class='ocrx_word' id='word_1_196' title='bbox 3261 1472 3552 1529; x_wconf 88' lang='lat' dir='ltr'>futurum.</span> 
     </span>
    </p>
   </div>
   <div class='ocr_carea' id='block_1_27' title="bbox 495 1556 2087 1635">
    <p class='ocr_par' dir='ltr' id='par_1_27' title="bbox 495 1559 2077 1635">
     <span class='ocr_line' id='line_1_27' title="bbox 495 1559 2077 1635; baseline 0.003 -21"><span class='ocrx_word' id='word_1_197' title='bbox 495 1562 551 1615; x_wconf 91' lang='lat'>7.</span> <span class='ocrx_word' id='word_1_198' title='bbox 583 1560 803 1616; x_wconf 91' lang='lat' dir='ltr'>Verum</span> <span class='ocrx_word' id='word_1_199' title='bbox 832 1560 927 1617; x_wconf 91' lang='lat' dir='ltr'>his</span> <span class='ocrx_word' id='word_1_200' title='bbox 956 1559 1044 1616; x_wconf 89' lang='lat' dir='ltr'>illi</span> <span class='ocrx_word' id='word_1_201' title='bbox 1080 1561 1454 1618; x_wconf 86' lang='lat' dir='ltr'>vehementer</span> <span class='ocrx_word' id='word_1_202' title='bbox 1502 1562 1709 1635; x_wconf 84' lang='lat' dir='ltr'>pressi,</span> <span class='ocrx_word' id='word_1_203' title='bbox 1742 1562 1899 1617; x_wconf 93' lang='lat' dir='ltr'>idem</span> <span class='ocrx_word' id='word_1_204' title='bbox 1929 1561 2077 1618; x_wconf 88' lang='lat' dir='ltr'>forte</span> 
     </span>
    </p>
   </div>
   <div class='ocr_carea' id='block_1_28' title="bbox 2197 1556 3851 1635">
    <p class='ocr_par' dir='ltr' id='par_1_28' title="bbox 2256 1556 3851 1631">
     <span class='ocr_line' id='line_1_28' title="bbox 2256 1556 3851 1631; baseline 0.001 -19"><span class='ocrx_word' id='word_1_205' title='bbox 2256 1561 2309 1613; x_wconf 90' lang='grc'>7.</span> <span class='ocrx_word' id='word_1_206' title='bbox 2346 1558 2504 1614; x_wconf 84' lang='grc' dir='ltr'>Ἀλλ’</span> <span class='ocrx_word' id='word_1_207' title='bbox 2563 1558 2614 1613; x_wconf 82' lang='grc' dir='ltr'>ἐν</span> <span class='ocrx_word' id='word_1_208' title='bbox 2672 1559 2889 1621; x_wconf 71' lang='grc' dir='ltr'>τούτοις</span> <span class='ocrx_word' id='word_1_209' title='bbox 2946 1556 3275 1631; x_wconf 80' lang='grc' dir='ltr'>διωκόμενοι</span> <span class='ocrx_word' id='word_1_210' title='bbox 3336 1556 3582 1630; x_wconf 73' lang='grc' dir='ltr'>λέξουσιν</span> <span class='ocrx_word' id='word_1_211' title='bbox 3644 1556 3773 1621; x_wconf 68' lang='grc' dir='ltr'>ἴσως</span> <span class='ocrx_word' id='word_1_212' title='bbox 3820 1560 3851 1614; x_wconf 78' lang='grc' dir='ltr'><strong><em>ὃ</em></strong></span> 
     </span>
    </p>
   </div>
   <div class='ocr_carea' id='block_1_29' title="bbox 424 1648 2080 1722">
    <p class='ocr_par' dir='ltr' id='par_1_29' title="bbox 424 1648 2080 1722">
     <span class='ocr_line' id='line_1_29' title="bbox 424 1648 2080 1722; baseline 0 -16"><span class='ocrx_word' id='word_1_213' title='bbox 424 1648 766 1720; x_wconf 82' lang='lat' dir='ltr'>responsuri</span> <span class='ocrx_word' id='word_1_214' title='bbox 794 1652 955 1720; x_wconf 88' lang='lat' dir='ltr'>sunt,</span> <span class='ocrx_word' id='word_1_215' title='bbox 1010 1650 1164 1721; x_wconf 87' lang='lat' dir='ltr'>quod</span> <span class='ocrx_word' id='word_1_216' title='bbox 1196 1666 1350 1722; x_wconf 62' lang='lat' dir='ltr'>saepe</span> <span class='ocrx_word' id='word_1_217' title='bbox 1405 1651 1816 1708; x_wconf 90' lang='lat' dir='ltr'>erubescentes</span> <span class='ocrx_word' id='word_1_218' title='bbox 1847 1651 2080 1706; x_wconf 89' lang='lat' dir='ltr'>dictita-</span> 
     </span>
    </p>
   </div>
   <div class='ocr_carea' id='block_1_30' title="bbox 424 1737 2081 1810">
    <p class='ocr_par' dir='ltr' id='par_1_30' title="bbox 424 1737 2081 1810">
     <span class='ocr_line' id='line_1_30' title="bbox 424 1737 2081 1810; baseline 0.001 -17"><span class='ocrx_word' id='word_1_219' title='bbox 424 1739 602 1793; x_wconf 85' lang='lat' dir='ltr'>runt:</span> <span class='ocrx_word' id='word_1_220' title='bbox 637 1759 667 1788; x_wconf 87' lang='lat'>«</span> <span class='ocrx_word' id='word_1_221' title='bbox 698 1738 785 1794; x_wconf 92' lang='lat' dir='ltr'>Ita</span> <span class='ocrx_word' id='word_1_222' title='bbox 813 1737 1201 1810; x_wconf 87' lang='lat' dir='ltr'>intelligimus</span> <span class='ocrx_word' id='word_1_223' title='bbox 1222 1739 1435 1795; x_wconf 91' lang='lat' dir='ltr'>Filium</span> <span class='ocrx_word' id='word_1_224' title='bbox 1467 1740 1642 1795; x_wconf 91' lang='lat' dir='ltr'>rebus</span> <span class='ocrx_word' id='word_1_225' title='bbox 1664 1738 1889 1795; x_wconf 72' lang='lat' dir='ltr'>caeteris</span> <span class='ocrx_word' id='word_1_226' title='bbox 1921 1742 2081 1795; x_wconf 88' lang='lat' dir='ltr'>ante-</span> 
     </span>
    </p>
   </div>
   <div class='ocr_carea' id='block_1_31' title="bbox 426 1824 2085 1900">
    <p class='ocr_par' dir='ltr' id='par_1_31' title="bbox 426 1824 2085 1900">
     <span class='ocr_line' id='line_1_31' title="bbox 426 1824 2085 1900; baseline 0 -18"><span class='ocrx_word' id='word_1_227' title='bbox 426 1824 653 1894; x_wconf 87' lang='lat' dir='ltr'>cellere,</span> <span class='ocrx_word' id='word_1_228' title='bbox 688 1830 745 1883; x_wconf 89' lang='lat' dir='ltr'>et</span> <span class='ocrx_word' id='word_1_229' title='bbox 772 1825 902 1882; x_wconf 90' lang='lat' dir='ltr'>ideo</span> <span class='ocrx_word' id='word_1_230' title='bbox 934 1826 1307 1898; x_wconf 80' lang='lat' dir='ltr'>Unigenitum</span> <span class='ocrx_word' id='word_1_231' title='bbox 1339 1828 1481 1897; x_wconf 88' lang='lat' dir='ltr'>dici,</span> <span class='ocrx_word' id='word_1_232' title='bbox 1511 1829 1667 1899; x_wconf 91' lang='lat' dir='ltr'>quod</span> <span class='ocrx_word' id='word_1_233' title='bbox 1700 1828 1825 1900; x_wconf 90' lang='lat' dir='ltr'>ipse</span> <span class='ocrx_word' id='word_1_234' title='bbox 1856 1828 2018 1883; x_wconf 87' lang='lat' dir='ltr'>solus</span> <span class='ocrx_word' id='word_1_235' title='bbox 2050 1844 2085 1882; x_wconf 91' lang='lat' dir='ltr'>a</span> 
     </span>
    </p>
   </div>
   <div class='ocr_carea' id='block_1_32' title="bbox 428 1913 2087 1986">
    <p class='ocr_par' dir='ltr' id='par_1_32' title="bbox 428 1913 2087 1986">
     <span class='ocr_line' id='line_1_32' title="bbox 428 1913 2087 1986; baseline -0.001 -15"><span class='ocrx_word' id='word_1_236' title='bbox 428 1913 554 1971; x_wconf 90' lang='lat' dir='ltr'>solo</span> <span class='ocrx_word' id='word_1_237' title='bbox 583 1915 700 1971; x_wconf 92' lang='lat' dir='ltr'>Deo</span> <span class='ocrx_word' id='word_1_238' title='bbox 732 1916 923 1971; x_wconf 88' lang='lat' dir='ltr'>factus</span> <span class='ocrx_word' id='word_1_239' title='bbox 963 1915 1060 1985; x_wconf 91' lang='lat' dir='ltr'>sit,</span> <span class='ocrx_word' id='word_1_240' title='bbox 1094 1921 1304 1973; x_wconf 73' lang='lat' dir='ltr'>castora</span> <span class='ocrx_word' id='word_1_241' title='bbox 1363 1933 1495 1973; x_wconf 89' lang='lat' dir='ltr'>vero</span> <span class='ocrx_word' id='word_1_242' title='bbox 1527 1918 1728 1973; x_wconf 86' lang='lat' dir='ltr'>omnia</span> <span class='ocrx_word' id='word_1_243' title='bbox 1776 1934 1811 1973; x_wconf 91' lang='lat' dir='ltr'>a</span> <span class='ocrx_word' id='word_1_244' title='bbox 1839 1917 1954 1973; x_wconf 91' lang='lat' dir='ltr'>Deo</span> <span class='ocrx_word' id='word_1_245' title='bbox 1984 1932 2087 1986; x_wconf 91' lang='lat' dir='ltr'>per</span> 
     </span>
    </p>
   </div>
   <div class='ocr_carea' id='block_1_33' title="bbox 427 2002 2088 2078">
    <p class='ocr_par' dir='ltr' id='par_1_33' title="bbox 427 2002 2088 2078">
     <span class='ocr_line' id='line_1_33' title="bbox 427 2002 2088 2078; baseline 0.001 -20"><span class='ocrx_word' id='word_1_246' title='bbox 427 2002 642 2059; x_wconf 90' lang='lat' dir='ltr'>Filium</span> <span class='ocrx_word' id='word_1_247' title='bbox 671 2002 789 2060; x_wconf 91' lang='lat' dir='ltr'>sint</span> <span class='ocrx_word' id='word_1_248' title='bbox 815 2009 1029 2061; x_wconf 88' lang='lat' dir='ltr'>creata.</span> <span class='ocrx_word' id='word_1_249' title='bbox 1066 2026 1095 2054; x_wconf 85' lang='lat'><strong>»</strong></span> <span class='ocrx_word' id='word_1_250' title='bbox 1127 2004 1288 2074; x_wconf 88' lang='lat' dir='ltr'>Quis,</span> <span class='ocrx_word' id='word_1_251' title='bbox 1321 2021 1541 2078; x_wconf 67' lang='lat' dir='ltr'>quaeso,</span> <span class='ocrx_word' id='word_1_252' title='bbox 1574 2006 1816 2063; x_wconf 85' lang='lat' dir='ltr'>stultam</span> <span class='ocrx_word' id='word_1_253' title='bbox 1851 2006 2001 2061; x_wconf 90' lang='lat' dir='ltr'>hanc</span> <span class='ocrx_word' id='word_1_254' title='bbox 2028 2007 2088 2060; x_wconf 89' lang='lat' dir='ltr'>et</span> 
     </span>
    </p>
   </div>
   <div class='ocr_carea' id='block_1_34' title="bbox 426 2092 2085 2168">
    <p class='ocr_par' dir='ltr' id='par_1_34' title="bbox 426 2092 2085 2168">
     <span class='ocr_line' id='line_1_34' title="bbox 426 2092 2085 2168; baseline 0.001 -20"><span class='ocrx_word' id='word_1_255' title='bbox 426 2107 640 2148; x_wconf 89' lang='lat' dir='ltr'>novam</span> <span class='ocrx_word' id='word_1_256' title='bbox 672 2092 1087 2165; x_wconf 79' lang='lat' dir='ltr'>cogitationem</span> <span class='ocrx_word' id='word_1_257' title='bbox 1117 2094 1283 2151; x_wconf 88' lang='lat' dir='ltr'>vobis</span> <span class='ocrx_word' id='word_1_258' title='bbox 1326 2094 1643 2168; x_wconf 79' lang='lat' dir='ltr'>suggessit,</span> <span class='ocrx_word' id='word_1_259' title='bbox 1679 2099 1744 2151; x_wconf 91' lang='lat' dir='ltr'>ut</span> <span class='ocrx_word' id='word_1_260' title='bbox 1776 2093 2085 2150; x_wconf 86' lang='lat' dir='ltr'>afﬁrmetis</span> 
     </span>
    </p>
   </div>
   <div class='ocr_carea' id='block_1_35' title="bbox 426 2178 2086 2253">
    <p class='ocr_par' dir='ltr' id='par_1_35' title="bbox 426 2178 2086 2253">
     <span class='ocr_line' id='line_1_35' title="bbox 426 2178 2086 2253; baseline -0.001 -14"><span class='ocrx_word' id='word_1_261' title='bbox 426 2178 621 2239; x_wconf 88' lang='lat' dir='ltr'>solum</span> <span class='ocrx_word' id='word_1_262' title='bbox 653 2180 842 2236; x_wconf 89' lang='lat' dir='ltr'>ﬁlium</span> <span class='ocrx_word' id='word_1_263' title='bbox 874 2183 946 2237; x_wconf 92' lang='lat' dir='ltr'>ab</span> <span class='ocrx_word' id='word_1_264' title='bbox 977 2181 1105 2253; x_wconf 90' lang='lat' dir='ltr'>ipso</span> <span class='ocrx_word' id='word_1_265' title='bbox 1138 2182 1260 2238; x_wconf 90' lang='lat' dir='ltr'>solo</span> <span class='ocrx_word' id='word_1_266' title='bbox 1293 2183 1461 2239; x_wconf 87' lang='lat' dir='ltr'>Patre</span> <span class='ocrx_word' id='word_1_267' title='bbox 1491 2184 1712 2239; x_wconf 88' lang='lat' dir='ltr'>factum</span> <span class='ocrx_word' id='word_1_268' title='bbox 1739 2183 1942 2251; x_wconf 89' lang='lat' dir='ltr'>fuisse,</span> <span class='ocrx_word' id='word_1_269' title='bbox 1975 2199 2086 2237; x_wconf 80' lang='lat' dir='ltr'>cas-</span> 
     </span>
    </p>
   </div>
   <div class='ocr_carea' id='block_1_36' title="bbox 427 2269 2087 2343">
    <p class='ocr_par' dir='ltr' id='par_1_36' title="bbox 427 2269 2087 2343">
     <span class='ocr_line' id='line_1_36' title="bbox 427 2269 2087 2343; baseline -0.001 -18"><span class='ocrx_word' id='word_1_270' title='bbox 427 2272 556 2325; x_wconf 84' lang='lat' dir='ltr'>tera</span> <span class='ocrx_word' id='word_1_271' title='bbox 582 2284 714 2325; x_wconf 88' lang='lat' dir='ltr'>vero</span> <span class='ocrx_word' id='word_1_272' title='bbox 745 2269 945 2325; x_wconf 89' lang='lat' dir='ltr'>omnia</span> <span class='ocrx_word' id='word_1_273' title='bbox 974 2286 1079 2343; x_wconf 90' lang='lat' dir='ltr'>per</span> <span class='ocrx_word' id='word_1_274' title='bbox 1126 2270 1337 2326; x_wconf 88' lang='lat' dir='ltr'>Filium</span> <span class='ocrx_word' id='word_1_275' title='bbox 1388 2276 1671 2343; x_wconf 85' lang='lat' dir='ltr'>tanquam</span> <span class='ocrx_word' id='word_1_276' title='bbox 1704 2288 1806 2343; x_wconf 90' lang='lat' dir='ltr'>per</span> <span class='ocrx_word' id='word_1_277' title='bbox 1836 2269 2087 2326; x_wconf 90' lang='lat' dir='ltr'>admini-</span> 
     </span>
    </p>
   </div>
   <div class='ocr_carea' id='block_1_37' title="bbox 433 2357 2089 2432">
    <p class='ocr_par' dir='ltr' id='par_1_37' title="bbox 433 2357 2089 2432">
     <span class='ocr_line' id='line_1_37' title="bbox 433 2357 2089 2432; baseline 0 -17"><span class='ocrx_word' id='word_1_278' title='bbox 433 2361 619 2415; x_wconf 90' lang='lat' dir='ltr'>strum</span> <span class='ocrx_word' id='word_1_279' title='bbox 652 2357 835 2414; x_wconf 87' lang='lat' dir='ltr'>fuisse</span> <span class='ocrx_word' id='word_1_280' title='bbox 852 2359 1183 2431; x_wconf 84' lang='lat' dir='ltr'>producta?</span> <span class='ocrx_word' id='word_1_281' title='bbox 1203 2360 1263 2415; x_wconf 90' lang='lat' dir='ltr'>Si</span> <span class='ocrx_word' id='word_1_282' title='bbox 1294 2360 1451 2415; x_wconf 87' lang='lat' dir='ltr'>enim</span> <span class='ocrx_word' id='word_1_283' title='bbox 1478 2377 1591 2432; x_wconf 72' lang='lat' dir='ltr'>prae</span> <span class='ocrx_word' id='word_1_284' title='bbox 1613 2359 1962 2416; x_wconf 87' lang='lat' dir='ltr'>lassitudine</span> <span class='ocrx_word' id='word_1_285' title='bbox 1994 2376 2089 2415; x_wconf 91' lang='lat' dir='ltr'>so-</span> 
     </span>
    </p>
   </div>
   <div class='ocr_carea' id='block_1_38' title="bbox 431 2446 2092 2521">
    <p class='ocr_par' dir='ltr' id='par_1_38' title="bbox 431 2446 2092 2521">
     <span class='ocr_line' id='line_1_38' title="bbox 431 2446 2092 2521; baseline 0.001 -18"><span class='ocrx_word' id='word_1_286' title='bbox 431 2446 558 2503; x_wconf 89' lang='lat' dir='ltr'>lum</span> <span class='ocrx_word' id='word_1_287' title='bbox 589 2446 803 2503; x_wconf 90' lang='lat' dir='ltr'>Filium</span> <span class='ocrx_word' id='word_1_288' title='bbox 832 2447 1096 2521; x_wconf 90' lang='lat' dir='ltr'>potuisse</span> <span class='ocrx_word' id='word_1_289' title='bbox 1127 2466 1160 2503; x_wconf 91' lang='lat' dir='ltr'>a</span> <span class='ocrx_word' id='word_1_290' title='bbox 1189 2449 1305 2505; x_wconf 92' lang='lat' dir='ltr'>Deo</span> <span class='ocrx_word' id='word_1_291' title='bbox 1338 2449 1581 2521; x_wconf 89' lang='lat' dir='ltr'>produci</span> <span class='ocrx_word' id='word_1_292' title='bbox 1614 2449 1840 2506; x_wconf 87' lang='lat' dir='ltr'>velitis:</span> <span class='ocrx_word' id='word_1_293' title='bbox 1866 2449 1990 2506; x_wconf 69' lang='lat' dir='ltr'>haec</span> <span class='ocrx_word' id='word_1_294' title='bbox 2020 2449 2092 2505; x_wconf 88' lang='lat' dir='ltr'>de</span> 
     </span>
    </p>
   </div>
   <div class='ocr_carea' id='block_1_39' title="bbox 444 2534 2092 2609">
    <p class='ocr_par' dir='ltr' id='par_1_39' title="bbox 444 2534 2092 2609">
     <span class='ocr_line' id='line_1_39' title="bbox 444 2534 2092 2609; baseline 0.001 -17"><span class='ocrx_word' id='word_1_295' title='bbox 444 2534 563 2592; x_wconf 89' lang='lat' dir='ltr'>Deo</span> <span class='ocrx_word' id='word_1_296' title='bbox 593 2536 850 2608; x_wconf 87' lang='lat' dir='ltr'>cogitare</span> <span class='ocrx_word' id='word_1_297' title='bbox 906 2537 1158 2609; x_wconf 91' lang='lat' dir='ltr'>impium</span> <span class='ocrx_word' id='word_1_298' title='bbox 1215 2554 1357 2594; x_wconf 87' lang='lat' dir='ltr'>sane</span> <span class='ocrx_word' id='word_1_299' title='bbox 1415 2538 1609 2604; x_wconf 88' lang='lat' dir='ltr'>fuerit,</span> <span class='ocrx_word' id='word_1_300' title='bbox 1661 2537 1912 2593; x_wconf 79' lang='lat' dir='ltr'>maxime</span> <span class='ocrx_word' id='word_1_301' title='bbox 1957 2553 2092 2593; x_wconf 91' lang='lat' dir='ltr'>cum</span> 
     </span>
    </p>
   </div>
   <div class='ocr_carea' id='block_1_40' title="bbox 444 2624 2094 2699">
    <p class='ocr_par' dir='ltr' id='par_1_40' title="bbox 444 2624 2094 2699">
     <span class='ocr_line' id='line_1_40' title="bbox 444 2624 2094 2699; baseline 0.001 -20"><span class='ocrx_word' id='word_1_302' title='bbox 444 2624 658 2681; x_wconf 87' lang='lat' dir='ltr'>Isaiam</span> <span class='ocrx_word' id='word_1_303' title='bbox 679 2625 970 2680; x_wconf 85' lang='lat' dir='ltr'>dicentem</span> <span class='ocrx_word' id='word_1_304' title='bbox 993 2626 1385 2683; x_wconf 87' lang='lat' dir='ltr'>audierimus:</span> <span class='ocrx_word' id='word_1_305' title='bbox 1409 2628 1549 2683; x_wconf 83' lang='lat' dir='ltr'>Deus</span> <span class='ocrx_word' id='word_1_306' title='bbox 1567 2628 2094 2699; x_wconf 76' lang='lat' dir='ltr'>sempiternus,Deus</span> 
     </span>
    </p>
   </div>
   <div class='ocr_carea' id='block_1_41' title="bbox 447 2713 2098 2787">
    <p class='ocr_par' dir='ltr' id='par_1_41' title="bbox 447 2713 2098 2787">
     <span class='ocr_line' id='line_1_41' title="bbox 447 2713 2098 2787; baseline 0.002 -20"><span class='ocrx_word' id='word_1_307' title='bbox 447 2713 547 2783; x_wconf 84' lang='lat' dir='ltr'>qui</span> <span class='ocrx_word' id='word_1_308' title='bbox 573 2714 879 2768; x_wconf 71' lang='lat' dir='ltr'>construxit</span> <span class='ocrx_word' id='word_1_309' title='bbox 926 2715 1193 2770; x_wconf 82' lang='lat' dir='ltr'>terminos</span> <span class='ocrx_word' id='word_1_310' title='bbox 1219 2719 1399 2784; x_wconf 71' lang='lat' dir='ltr'>terrae,</span> <span class='ocrx_word' id='word_1_311' title='bbox 1441 2730 1553 2771; x_wconf 86' lang='lat' dir='ltr'>non</span> <span class='ocrx_word' id='word_1_312' title='bbox 1581 2718 1787 2771; x_wconf 73' lang='lat' dir='ltr'>esuriat</span> <span class='ocrx_word' id='word_1_313' title='bbox 1813 2730 1990 2787; x_wconf 83' lang='lat' dir='ltr'>neque</span> <span class='ocrx_word' id='word_1_314' title='bbox 2021 2715 2098 2770; x_wconf 88' lang='lat' dir='ltr'>la-</span> 
     </span>
    </p>
   </div>
   <div class='ocr_carea' id='block_1_42' title="bbox 445 2800 2094 2877">
    <p class='ocr_par' dir='ltr' id='par_1_42' title="bbox 445 2800 2094 2877">
     <span class='ocr_line' id='line_1_42' title="bbox 445 2800 2094 2877; baseline 0.002 -22"><span class='ocrx_word' id='word_1_315' title='bbox 445 2800 682 2874; x_wconf 85' lang='lat' dir='ltr'>borabit,</span> <span class='ocrx_word' id='word_1_316' title='bbox 711 2817 815 2858; x_wconf 81' lang='lat' dir='ltr'>nec</span> <span class='ocrx_word' id='word_1_317' title='bbox 843 2806 922 2857; x_wconf 87' lang='lat' dir='ltr'>est</span> <span class='ocrx_word' id='word_1_318' title='bbox 951 2804 1298 2875; x_wconf 73' lang='lat' dir='ltr'>investigatio</span> <span class='ocrx_word' id='word_1_319' title='bbox 1331 2806 1621 2875; x_wconf 58' lang='lat' dir='ltr'>sapientia</span> <span class='ocrx_word' id='word_1_320' title='bbox 1647 2806 1765 2875; x_wconf 82' lang='lat' dir='ltr'>ejus</span> <span class='ocrx_word' id='word_1_321' title='bbox 1797 2805 1866 2861; x_wconf 78' lang='lat'><strong>&quot;.</strong></span> <span class='ocrx_word' id='word_1_322' title='bbox 1898 2804 2094 2877; x_wconf 90' lang='lat' dir='ltr'>Siqui-</span> 
     </span>
    </p>
   </div>
   <div class='ocr_carea' id='block_1_43' title="bbox 443 2887 2096 2965">
    <p class='ocr_par' dir='ltr' id='par_1_43' title="bbox 443 2887 2096 2965">
     <span class='ocr_line' id='line_1_43' title="bbox 443 2887 2096 2965; baseline 0.003 -21"><span class='ocrx_word' id='word_1_323' title='bbox 443 2887 579 2945; x_wconf 89' lang='lat' dir='ltr'>dem</span> <span class='ocrx_word' id='word_1_324' title='bbox 610 2889 735 2965; x_wconf 87' lang='lat' dir='ltr'>ipse</span> <span class='ocrx_word' id='word_1_325' title='bbox 760 2888 955 2962; x_wconf 89' lang='lat' dir='ltr'>potius</span> <span class='ocrx_word' id='word_1_326' title='bbox 975 2890 1156 2947; x_wconf 91' lang='lat' dir='ltr'>robur</span> <span class='ocrx_word' id='word_1_327' title='bbox 1177 2891 1438 2964; x_wconf 87' lang='lat' dir='ltr'>impertit</span> <span class='ocrx_word' id='word_1_328' title='bbox 1457 2892 1873 2960; x_wconf 88' lang='lat' dir='ltr'>esurientibus,</span> <span class='ocrx_word' id='word_1_329' title='bbox 1906 2896 1963 2949; x_wconf 90' lang='lat' dir='ltr'>et</span> <span class='ocrx_word' id='word_1_330' title='bbox 1991 2909 2096 2964; x_wconf 88' lang='lat' dir='ltr'>per</span> 
     </span>
    </p>
   </div>
   <div class='ocr_carea' id='block_1_44' title="bbox 441 2976 2091 3038">
    <p class='ocr_par' dir='ltr' id='par_1_44' title="bbox 441 2976 2091 3038">
     <span class='ocr_line' id='line_1_44' title="bbox 441 2976 2091 3038; baseline 0.002 -5"><span class='ocrx_word' id='word_1_331' title='bbox 441 2993 618 3034; x_wconf 90' lang='lat' dir='ltr'>suum</span> <span class='ocrx_word' id='word_1_332' title='bbox 647 2976 904 3034; x_wconf 88' lang='lat' dir='ltr'>Verbum</span> <span class='ocrx_word' id='word_1_333' title='bbox 955 2978 1290 3037; x_wconf 89' lang='lat' dir='ltr'>laborantes</span> <span class='ocrx_word' id='word_1_334' title='bbox 1350 2986 1589 3038; x_wconf 88' lang='lat' dir='ltr'>recreat.</span> <span class='ocrx_word' id='word_1_335' title='bbox 1642 2982 1744 3037; x_wconf 92' lang='lat' dir='ltr'>Sin</span> <span class='ocrx_word' id='word_1_336' title='bbox 1774 2998 1906 3038; x_wconf 92' lang='lat' dir='ltr'>vero</span> <span class='ocrx_word' id='word_1_337' title='bbox 1939 2980 2091 3037; x_wconf 90' lang='lat' dir='ltr'>indi-</span> 
     </span>
    </p>
   </div>
   <div class='ocr_carea' id='block_1_45' title="bbox 439 3064 2096 3143">
    <p class='ocr_par' dir='ltr' id='par_1_45' title="bbox 439 3064 2096 3143">
     <span class='ocr_line' id='line_1_45' title="bbox 439 3064 2096 3143; baseline 0.002 -20"><span class='ocrx_word' id='word_1_338' title='bbox 439 3080 624 3138; x_wconf 86' lang='lat' dir='ltr'>gnum</span> <span class='ocrx_word' id='word_1_339' title='bbox 656 3064 851 3138; x_wconf 90' lang='lat' dir='ltr'>seipso</span> <span class='ocrx_word' id='word_1_340' title='bbox 899 3082 1029 3123; x_wconf 87' lang='lat' dir='ltr'>esse</span> <span class='ocrx_word' id='word_1_341' title='bbox 1058 3069 1306 3141; x_wconf 88' lang='lat' dir='ltr'>putavit,</span> <span class='ocrx_word' id='word_1_342' title='bbox 1339 3085 1407 3125; x_wconf 89' lang='lat' dir='ltr'>ea</span> <span class='ocrx_word' id='word_1_343' title='bbox 1455 3086 1517 3126; x_wconf 90' lang='lat' dir='ltr'>se</span> <span class='ocrx_word' id='word_1_344' title='bbox 1547 3070 1775 3127; x_wconf 87' lang='lat' dir='ltr'>efﬁcere</span> <span class='ocrx_word' id='word_1_345' title='bbox 1804 3087 1930 3143; x_wconf 72' lang='lat' dir='ltr'>quas</span> <span class='ocrx_word' id='word_1_346' title='bbox 1961 3074 2096 3143; x_wconf 88' lang='lat' dir='ltr'>post</span> 
     </span>
    </p>
   </div>
   <div class='ocr_carea' id='block_1_46' title="bbox 438 3153 2096 3234">
    <p class='ocr_par' dir='ltr' id='par_1_46' title="bbox 438 3153 2096 3234">
     <span class='ocr_line' id='line_1_46' title="bbox 438 3153 2096 3234; baseline 0.004 -24"><span class='ocrx_word' id='word_1_347' title='bbox 438 3153 651 3211; x_wconf 91' lang='lat' dir='ltr'>Filium</span> <span class='ocrx_word' id='word_1_348' title='bbox 684 3158 824 3212; x_wconf 91' lang='lat' dir='ltr'>sunt</span> <span class='ocrx_word' id='word_1_349' title='bbox 850 3158 1157 3227; x_wconf 90' lang='lat' dir='ltr'>producta,</span> <span class='ocrx_word' id='word_1_350' title='bbox 1215 3157 1273 3215; x_wconf 91' lang='lat' dir='ltr'>id</span> <span class='ocrx_word' id='word_1_351' title='bbox 1307 3159 1485 3214; x_wconf 89' lang='lat' dir='ltr'>etiam</span> <span class='ocrx_word' id='word_1_352' title='bbox 1531 3160 1753 3232; x_wconf 89' lang='lat' dir='ltr'>absque</span> <span class='ocrx_word' id='word_1_353' title='bbox 1793 3160 2096 3234; x_wconf 86' lang='lat' dir='ltr'>impietate</span> 
     </span>
    </p>
   </div>
   <div class='ocr_carea' id='block_1_47' title="bbox 440 3242 2095 3322">
    <p class='ocr_par' dir='ltr' id='par_1_47' title="bbox 440 3242 2095 3322">
     <span class='ocr_line' id='line_1_47' title="bbox 440 3242 2095 3322; baseline 0.003 -22"><span class='ocrx_word' id='word_1_354' title='bbox 440 3242 554 3300; x_wconf 89' lang='lat' dir='ltr'>dici</span> <span class='ocrx_word' id='word_1_355' title='bbox 580 3260 696 3300; x_wconf 92' lang='lat' dir='ltr'>non</span> <span class='ocrx_word' id='word_1_356' title='bbox 725 3246 936 3315; x_wconf 88' lang='lat' dir='ltr'>potest.</span> <span class='ocrx_word' id='word_1_357' title='bbox 970 3245 1087 3302; x_wconf 91' lang='lat' dir='ltr'>Nec</span> <span class='ocrx_word' id='word_1_358' title='bbox 1118 3245 1273 3302; x_wconf 89' lang='lat' dir='ltr'>enim</span> <span class='ocrx_word' id='word_1_359' title='bbox 1306 3251 1396 3304; x_wconf 88' lang='lat' dir='ltr'>est</span> <span class='ocrx_word' id='word_1_360' title='bbox 1427 3248 1486 3303; x_wconf 92' lang='lat' dir='ltr'>in</span> <span class='ocrx_word' id='word_1_361' title='bbox 1511 3248 1627 3305; x_wconf 89' lang='lat' dir='ltr'>Deo</span> <span class='ocrx_word' id='word_1_362' title='bbox 1660 3249 1959 3322; x_wconf 88' lang='lat' dir='ltr'>superbia,</span> <span class='ocrx_word' id='word_1_363' title='bbox 1990 3250 2095 3322; x_wconf 88' lang='lat' dir='ltr'>qui</span> 
     </span>
    </p>
   </div>
   <div class='ocr_carea' id='block_1_48' title="bbox 441 3332 2098 3410">
    <p class='ocr_par' dir='ltr' id='par_1_48' title="bbox 441 3332 2098 3410">
     <span class='ocr_line' id='line_1_48' title="bbox 441 3332 2098 3410; baseline 0.004 -21"><span class='ocrx_word' id='word_1_364' title='bbox 441 3336 500 3389; x_wconf 89' lang='lat' dir='ltr'>et</span> <span class='ocrx_word' id='word_1_365' title='bbox 527 3332 653 3406; x_wconf 90' lang='lat' dir='ltr'>ipse</span> <span class='ocrx_word' id='word_1_366' title='bbox 683 3349 817 3389; x_wconf 91' lang='lat' dir='ltr'>cum</span> <span class='ocrx_word' id='word_1_367' title='bbox 846 3333 1027 3393; x_wconf 85' lang='lat' dir='ltr'>Jacob</span> <span class='ocrx_word' id='word_1_368' title='bbox 1084 3334 1146 3390; x_wconf 91' lang='lat' dir='ltr'>in</span> <span class='ocrx_word' id='word_1_369' title='bbox 1198 3339 1513 3409; x_wconf 66' lang='lat' dir='ltr'>Egyptum</span> <span class='ocrx_word' id='word_1_370' title='bbox 1571 3338 1867 3410; x_wconf 87' lang='lat' dir='ltr'>profectus</span> <span class='ocrx_word' id='word_1_371' title='bbox 1899 3342 2007 3407; x_wconf 88' lang='lat' dir='ltr'>est,</span> <span class='ocrx_word' id='word_1_372' title='bbox 2039 3342 2098 3395; x_wconf 90' lang='lat' dir='ltr'>et</span> 
     </span>
    </p>
   </div>
   <div class='ocr_carea' id='block_1_49' title="bbox 439 3421 2091 3500">
    <p class='ocr_par' dir='ltr' id='par_1_49' title="bbox 439 3421 2091 3500">
     <span class='ocr_line' id='line_1_49' title="bbox 439 3421 2091 3500; baseline 0.004 -24"><span class='ocrx_word' id='word_1_373' title='bbox 439 3424 677 3494; x_wconf 87' lang='lat' dir='ltr'>propter</span> <span class='ocrx_word' id='word_1_374' title='bbox 696 3421 992 3478; x_wconf 84' lang='lat' dir='ltr'>Abraham</span> <span class='ocrx_word' id='word_1_375' title='bbox 1014 3423 1168 3479; x_wconf 80' lang='lat' dir='ltr'>Saraa</span> <span class='ocrx_word' id='word_1_376' title='bbox 1195 3441 1375 3482; x_wconf 89' lang='lat' dir='ltr'>causa</span> <span class='ocrx_word' id='word_1_377' title='bbox 1394 3425 1728 3483; x_wconf 88' lang='lat' dir='ltr'>Abimelech</span> <span class='ocrx_word' id='word_1_378' title='bbox 1764 3428 2091 3500; x_wconf 84' lang='lat' dir='ltr'>castigavit.</span> 
     </span>
    </p>
   </div>
   <div class='ocr_carea' id='block_1_50' title="bbox 442 3508 2098 3585">
    <p class='ocr_par' dir='ltr' id='par_1_50' title="bbox 442 3508 2098 3585">
     <span class='ocr_line' id='line_1_50' title="bbox 442 3508 2098 3585; baseline 0.005 -20"><span class='ocrx_word' id='word_1_379' title='bbox 442 3509 544 3581; x_wconf 89' lang='lat' dir='ltr'>qui</span> <span class='ocrx_word' id='word_1_380' title='bbox 573 3508 730 3566; x_wconf 91' lang='lat' dir='ltr'>idem</span> <span class='ocrx_word' id='word_1_381' title='bbox 763 3527 898 3566; x_wconf 89' lang='lat' dir='ltr'>cum</span> <span class='ocrx_word' id='word_1_382' title='bbox 927 3510 1143 3584; x_wconf 84' lang='lat' dir='ltr'>Moyse,</span> <span class='ocrx_word' id='word_1_383' title='bbox 1176 3513 1411 3571; x_wconf 86' lang='lat' dir='ltr'>tametsi</span> <span class='ocrx_word' id='word_1_384' title='bbox 1433 3514 1692 3585; x_wconf 89' lang='lat' dir='ltr'>homine,</span> <span class='ocrx_word' id='word_1_385' title='bbox 1726 3532 1793 3572; x_wconf 91' lang='lat' dir='ltr'>os</span> <span class='ocrx_word' id='word_1_386' title='bbox 1815 3517 1887 3572; x_wconf 90' lang='lat' dir='ltr'>ad</span> <span class='ocrx_word' id='word_1_387' title='bbox 1920 3533 1986 3574; x_wconf 88' lang='lat' dir='ltr'>os</span> <span class='ocrx_word' id='word_1_388' title='bbox 2016 3515 2098 3573; x_wconf 89' lang='lat' dir='ltr'>lo-</span> 
     </span>
    </p>
   </div>
   <div class='ocr_carea' id='block_1_51' title="bbox 444 3598 2095 3677">
    <p class='ocr_par' dir='ltr' id='par_1_51' title="bbox 444 3598 2095 3677">
     <span class='ocr_line' id='line_1_51' title="bbox 444 3598 2095 3677; baseline 0.004 -23"><span class='ocrx_word' id='word_1_389' title='bbox 444 3598 753 3670; x_wconf 86' lang='lat' dir='ltr'>quebatur,</span> <span class='ocrx_word' id='word_1_390' title='bbox 785 3603 844 3655; x_wconf 90' lang='lat' dir='ltr'>et</span> <span class='ocrx_word' id='word_1_391' title='bbox 866 3599 926 3655; x_wconf 89' lang='lat' dir='ltr'>in</span> <span class='ocrx_word' id='word_1_392' title='bbox 946 3604 1205 3657; x_wconf 90' lang='lat' dir='ltr'>montem</span> <span class='ocrx_word' id='word_1_393' title='bbox 1225 3602 1363 3658; x_wconf 91' lang='lat' dir='ltr'>Sina</span> <span class='ocrx_word' id='word_1_394' title='bbox 1383 3602 1684 3659; x_wconf 89' lang='lat' dir='ltr'>descendit</span> <span class='ocrx_word' id='word_1_395' title='bbox 1706 3619 1719 3660; x_wconf 89' lang='lat'>:</span> <span class='ocrx_word' id='word_1_396' title='bbox 1744 3621 1811 3661; x_wconf 90' lang='lat' dir='ltr'>ac</span> <span class='ocrx_word' id='word_1_397' title='bbox 1842 3604 2095 3677; x_wconf 90' lang='lat' dir='ltr'>denique</span> 
     </span>
    </p>
   </div>
   <div class='ocr_carea' id='block_1_52' title="bbox 442 3685 2092 3765">
    <p class='ocr_par' dir='ltr' id='par_1_52' title="bbox 442 3685 2092 3765">
     <span class='ocr_line' id='line_1_52' title="bbox 442 3685 2092 3765; baseline 0.004 -22"><span class='ocrx_word' id='word_1_398' title='bbox 442 3685 671 3743; x_wconf 90' lang='lat' dir='ltr'>occulta</span> <span class='ocrx_word' id='word_1_399' title='bbox 700 3687 889 3759; x_wconf 89' lang='lat' dir='ltr'>gratia</span> <span class='ocrx_word' id='word_1_400' title='bbox 916 3703 1034 3759; x_wconf 91' lang='lat' dir='ltr'>qua</span> <span class='ocrx_word' id='word_1_401' title='bbox 1074 3689 1357 3765; x_wconf 79' lang='lat' dir='ltr'>populum</span> <span class='ocrx_word' id='word_1_402' title='bbox 1405 3691 1651 3763; x_wconf 80' lang='lat' dir='ltr'>adjuvit,</span> <span class='ocrx_word' id='word_1_403' title='bbox 1684 3692 1894 3749; x_wconf 89' lang='lat' dir='ltr'>devicit</span> <span class='ocrx_word' id='word_1_404' title='bbox 1918 3695 2092 3749; x_wconf 83' lang='lat' dir='ltr'>Ama-</span> 
     </span>
    </p>
   </div>
   <div class='ocr_carea' id='block_1_53' title="bbox 439 3772 2097 3855">
    <p class='ocr_par' dir='ltr' id='par_1_53' title="bbox 439 3772 2097 3855">
     <span class='ocr_line' id='line_1_53' title="bbox 439 3772 2097 3855; baseline 0.004 -26"><span class='ocrx_word' id='word_1_405' title='bbox 439 3772 548 3831; x_wconf 89' lang='lat' dir='ltr'>lec.</span> <span class='ocrx_word' id='word_1_406' title='bbox 578 3774 799 3830; x_wconf 85' lang='lat' dir='ltr'>Verum</span> <span class='ocrx_word' id='word_1_407' title='bbox 829 3776 979 3831; x_wconf 89' lang='lat' dir='ltr'>faisa</span> <span class='ocrx_word' id='word_1_408' title='bbox 999 3776 1120 3832; x_wconf 70' lang='lat' dir='ltr'>haec</span> <span class='ocrx_word' id='word_1_409' title='bbox 1143 3784 1285 3834; x_wconf 91' lang='lat' dir='ltr'>sunt</span> <span class='ocrx_word' id='word_1_410' title='bbox 1309 3796 1436 3850; x_wconf 68' lang='lat' dir='ltr'>quae</span> <span class='ocrx_word' id='word_1_411' title='bbox 1459 3781 1848 3853; x_wconf 89' lang='lat' dir='ltr'>propugnatis</span> <span class='ocrx_word' id='word_1_412' title='bbox 1873 3799 1886 3837; x_wconf 88' lang='lat'><strong>:</strong></span> <span class='ocrx_word' id='word_1_413' title='bbox 1915 3782 2097 3855; x_wconf 90' lang='lat' dir='ltr'>siqui-</span> 
     </span>
    </p>
   </div>
   <div class='ocr_carea' id='block_1_54' title="bbox 444 3861 2095 3943">
    <p class='ocr_par' dir='ltr' id='par_1_54' title="bbox 444 3861 2095 3943">
     <span class='ocr_line' id='line_1_54' title="bbox 444 3861 2095 3943; baseline 0.006 -26"><span class='ocrx_word' id='word_1_414' title='bbox 444 3861 577 3917; x_wconf 90' lang='lat' dir='ltr'>dem</span> <span class='ocrx_word' id='word_1_415' title='bbox 599 3864 715 3934; x_wconf 85' lang='lat' dir='ltr'>ipse</span> <span class='ocrx_word' id='word_1_416' title='bbox 730 3863 861 3934; x_wconf 83' lang='lat' dir='ltr'>fecit</span> <span class='ocrx_word' id='word_1_417' title='bbox 903 3879 1001 3919; x_wconf 82' lang='lat' dir='ltr'>nos</span> <span class='ocrx_word' id='word_1_418' title='bbox 1021 3873 1074 3920; x_wconf 85' lang='lat' dir='ltr'>et</span> <span class='ocrx_word' id='word_1_419' title='bbox 1112 3881 1225 3921; x_wconf 82' lang='lat' dir='ltr'>non</span> <span class='ocrx_word' id='word_1_420' title='bbox 1248 3868 1360 3938; x_wconf 85' lang='lat' dir='ltr'>ipsi</span> <span class='ocrx_word' id='word_1_421' title='bbox 1376 3884 1474 3923; x_wconf 90' lang='lat' dir='ltr'>nos</span> <span class='ocrx_word' id='word_1_422' title='bbox 1498 3868 1562 3923; x_wconf 65' lang='lat'>’5.</span> <span class='ocrx_word' id='word_1_423' title='bbox 1588 3870 1716 3940; x_wconf 89' lang='lat' dir='ltr'>Ipse</span> <span class='ocrx_word' id='word_1_424' title='bbox 1755 3873 1843 3926; x_wconf 87' lang='lat' dir='ltr'>est</span> <span class='ocrx_word' id='word_1_425' title='bbox 1862 3870 1962 3943; x_wconf 90' lang='lat' dir='ltr'>qui</span> <span class='ocrx_word' id='word_1_426' title='bbox 1990 3888 2095 3942; x_wconf 92' lang='lat' dir='ltr'>per</span> 
     </span>
    </p>
   </div>
   <div class='ocr_carea' id='block_1_55' title="bbox 445 3948 2096 4029">
    <p class='ocr_par' dir='ltr' id='par_1_55' title="bbox 445 3948 2096 4029">
     <span class='ocr_line' id='line_1_55' title="bbox 445 3948 2096 4029; baseline 0.006 -24"><span class='ocrx_word' id='word_1_427' title='bbox 445 3964 622 4005; x_wconf 90' lang='lat' dir='ltr'>suum</span> <span class='ocrx_word' id='word_1_428' title='bbox 650 3948 909 4005; x_wconf 85' lang='lat' dir='ltr'>Verbum</span> <span class='ocrx_word' id='word_1_429' title='bbox 942 3952 1143 4007; x_wconf 87' lang='lat' dir='ltr'>omnia</span> <span class='ocrx_word' id='word_1_430' title='bbox 1173 3957 1230 4008; x_wconf 91' lang='lat' dir='ltr'>et</span> <span class='ocrx_word' id='word_1_431' title='bbox 1255 3971 1434 4025; x_wconf 91' lang='lat' dir='ltr'>parva</span> <span class='ocrx_word' id='word_1_432' title='bbox 1453 3959 1509 4011; x_wconf 91' lang='lat' dir='ltr'>et</span> <span class='ocrx_word' id='word_1_433' title='bbox 1538 3973 1752 4029; x_wconf 90' lang='lat' dir='ltr'>magna</span> <span class='ocrx_word' id='word_1_434' title='bbox 1783 3958 1916 4015; x_wconf 90' lang='lat' dir='ltr'>fecit</span> <span class='ocrx_word' id='word_1_435' title='bbox 1942 3975 1955 4014; x_wconf 92' lang='lat'><strong>:</strong></span> <span class='ocrx_word' id='word_1_436' title='bbox 1988 3976 2096 4017; x_wconf 88' lang='lat' dir='ltr'>nec</span> 
     </span>
    </p>
   </div>
   <div class='ocr_carea' id='block_1_56' title="bbox 444 4038 2091 4117">
    <p class='ocr_par' dir='ltr' id='par_1_56' title="bbox 444 4038 2091 4117">
     <span class='ocr_line' id='line_1_56' title="bbox 444 4038 2091 4117; baseline 0.008 -25"><span class='ocrx_word' id='word_1_437' title='bbox 444 4052 538 4092; x_wconf 90' lang='lat' dir='ltr'>res</span> <span class='ocrx_word' id='word_1_438' title='bbox 568 4041 795 4093; x_wconf 88' lang='lat' dir='ltr'>creatas</span> <span class='ocrx_word' id='word_1_439' title='bbox 828 4038 917 4095; x_wconf 89' lang='lat' dir='ltr'>fas</span> <span class='ocrx_word' id='word_1_440' title='bbox 941 4043 1031 4095; x_wconf 89' lang='lat' dir='ltr'>est</span> <span class='ocrx_word' id='word_1_441' title='bbox 1073 4039 1331 4098; x_wconf 90' lang='lat' dir='ltr'>dividere</span> <span class='ocrx_word' id='word_1_442' title='bbox 1361 4042 1442 4099; x_wconf 88' lang='lat' dir='ltr'>ita</span> <span class='ocrx_word' id='word_1_443' title='bbox 1472 4048 1536 4100; x_wconf 91' lang='lat' dir='ltr'>ut</span> <span class='ocrx_word' id='word_1_444' title='bbox 1564 4046 1814 4117; x_wconf 89' lang='lat' dir='ltr'>dicatur,</span> <span class='ocrx_word' id='word_1_445' title='bbox 1846 4047 1955 4104; x_wconf 90' lang='lat' dir='ltr'>hoc</span> <span class='ocrx_word' id='word_1_446' title='bbox 1985 4049 2091 4104; x_wconf 87' lang='lat' dir='ltr'>Pa-</span> 
     </span>
    </p>
   </div>
   <div class='ocr_carea' id='block_1_57' title="bbox 443 4124 2090 4195">
    <p class='ocr_par' dir='ltr' id='par_1_57' title="bbox 443 4124 2090 4195">
     <span class='ocr_line' id='line_1_57' title="bbox 443 4124 2090 4195; baseline 0.008 -14"><span class='ocrx_word' id='word_1_447' title='bbox 443 4124 753 4195; x_wconf 84' lang='lat' dir='ltr'>tris,&#39;illud</span> <span class='ocrx_word' id='word_1_448' title='bbox 776 4126 903 4182; x_wconf 89' lang='lat' dir='ltr'>Filii</span> <span class='ocrx_word' id='word_1_449' title='bbox 933 4144 1098 4185; x_wconf 89' lang='lat' dir='ltr'>esse:</span> <span class='ocrx_word' id='word_1_450' title='bbox 1124 4144 1324 4186; x_wconf 90' lang='lat' dir='ltr'>verum</span> <span class='ocrx_word' id='word_1_451' title='bbox 1352 4132 1552 4189; x_wconf 90' lang='lat' dir='ltr'>omnia</span> <span class='ocrx_word' id='word_1_452' title='bbox 1580 4139 1721 4191; x_wconf 91' lang='lat' dir='ltr'>sunt</span> <span class='ocrx_word' id='word_1_453' title='bbox 1741 4135 1917 4192; x_wconf 91' lang='lat' dir='ltr'>unius</span> <span class='ocrx_word' id='word_1_454' title='bbox 1943 4138 2090 4194; x_wconf 77' lang='lat'>169</span> 
     </span>
    </p>
   </div>
   <div class='ocr_carea' id='block_1_58' title="bbox 444 4211 2094 4296">
    <p class='ocr_par' dir='ltr' id='par_1_58' title="bbox 444 4211 2094 4296">
     <span class='ocr_line' id='line_1_58' title="bbox 444 4211 2094 4296; baseline 0.009 -30"><span class='ocrx_word' id='word_1_455' title='bbox 444 4211 677 4285; x_wconf 86' lang='lat' dir='ltr'>Dei,qui</span> <span class='ocrx_word' id='word_1_456' title='bbox 707 4214 942 4286; x_wconf 86' lang='lat' dir='ltr'>proprio</span> <span class='ocrx_word' id='word_1_457' title='bbox 986 4215 1173 4272; x_wconf 90' lang='lat' dir='ltr'>Verbo</span> <span class='ocrx_word' id='word_1_458' title='bbox 1223 4221 1506 4291; x_wconf 87' lang='lat' dir='ltr'>tanquam</span> <span class='ocrx_word' id='word_1_459' title='bbox 1558 4237 1737 4279; x_wconf 88' lang='lat' dir='ltr'>manu</span> <span class='ocrx_word' id='word_1_460' title='bbox 1768 4224 1973 4296; x_wconf 86' lang='lat' dir='ltr'>utitur,</span> <span class='ocrx_word' id='word_1_461' title='bbox 2005 4228 2094 4280; x_wconf 91' lang='lat' dir='ltr'>at-</span> 
     </span>
    </p>
   </div>
   <div class='ocr_carea' id='block_1_59' title="bbox 2187 1644 3853 1723">
    <p class='ocr_par' dir='ltr' id='par_1_59' title="bbox 2187 1644 3853 1723">
     <span class='ocr_line' id='line_1_59' title="bbox 2187 1644 3853 1723; baseline 0.003 -23"><span class='ocrx_word' id='word_1_462' title='bbox 2187 1644 2461 1709; x_wconf 84' lang='grc' dir='ltr'>πολλάκις</span> <span class='ocrx_word' id='word_1_463' title='bbox 2521 1646 2768 1723; x_wconf 81' lang='grc' dir='ltr'>λέγοντες</span> <span class='ocrx_word' id='word_1_464' title='bbox 2824 1646 3199 1723; x_wconf 71' lang='grc' dir='ltr'>ἠσχόνθησανο</span> <span class='ocrx_word' id='word_1_465' title='bbox 3260 1671 3288 1699; x_wconf 89' lang='grc'>‹‹</span> <span class='ocrx_word' id='word_1_466' title='bbox 3346 1647 3502 1703; x_wconf 76' lang='grc' dir='ltr'>Οὕτω</span> <span class='ocrx_word' id='word_1_467' title='bbox 3549 1648 3853 1722; x_wconf 85' lang='grc' dir='ltr'>νομίζομεν</span> 
     </span>
    </p>
   </div>
   <div class='ocr_carea' id='block_1_60' title="bbox 2189 1733 3859 1812">
    <p class='ocr_par' dir='ltr' id='par_1_60' title="bbox 2189 1733 3859 1812">
     <span class='ocr_line' id='line_1_60' title="bbox 2189 1733 3859 1812; baseline 0.002 -23"><span class='ocrx_word' id='word_1_468' title='bbox 2189 1735 2280 1789; x_wconf 87' lang='grc' dir='ltr'>τὸν</span> <span class='ocrx_word' id='word_1_469' title='bbox 2331 1735 2453 1791; x_wconf 73' lang='grc' dir='ltr'>Υἱὸν</span> <span class='ocrx_word' id='word_1_470' title='bbox 2502 1734 2668 1790; x_wconf 87' lang='grc' dir='ltr'>πλέον</span> <span class='ocrx_word' id='word_1_471' title='bbox 2722 1734 2867 1812; x_wconf 83' lang='grc' dir='ltr'>ἔχειν</span> <span class='ocrx_word' id='word_1_472' title='bbox 2915 1737 3064 1812; x_wconf 86' lang='grc' dir='ltr'>παρά</span> <span class='ocrx_word' id='word_1_473' title='bbox 3112 1736 3178 1791; x_wconf 82' lang='grc' dir='ltr'>τὰ</span> <span class='ocrx_word' id='word_1_474' title='bbox 3225 1733 3395 1806; x_wconf 77' lang='grc' dir='ltr'>ἄλλα,</span> <span class='ocrx_word' id='word_1_475' title='bbox 3437 1736 3528 1792; x_wconf 85' lang='grc' dir='ltr'>καὶ</span> <span class='ocrx_word' id='word_1_476' title='bbox 3575 1734 3665 1792; x_wconf 77' lang='grc' dir='ltr'>διὰ</span> <span class='ocrx_word' id='word_1_477' title='bbox 3691 1741 3859 1792; x_wconf 87' lang='grc' dir='ltr'>τοῦτο</span> 
     </span>
    </p>
   </div>
   <div class='ocr_carea' id='block_1_61' title="bbox 2193 1822 3862 1899">
    <p class='ocr_par' dir='ltr' id='par_1_61' title="bbox 2193 1822 3862 1899">
     <span class='ocr_line' id='line_1_61' title="bbox 2193 1822 3862 1899; baseline 0 -19"><span class='ocrx_word' id='word_1_478' title='bbox 2193 1824 2477 1899; x_wconf 85' lang='grc' dir='ltr'>Μονογενῆ</span> <span class='ocrx_word' id='word_1_479' title='bbox 2521 1822 2794 1899; x_wconf 85' lang='grc' dir='ltr'>λέγεσθαι,</span> <span class='ocrx_word' id='word_1_480' title='bbox 2849 1824 2934 1879; x_wconf 81' lang='grc' dir='ltr'>ὅτι</span> <span class='ocrx_word' id='word_1_481' title='bbox 2989 1824 3152 1897; x_wconf 82' lang='grc' dir='ltr'>μόνος</span> <span class='ocrx_word' id='word_1_482' title='bbox 3204 1825 3297 1898; x_wconf 75' lang='grc' dir='ltr'>μὲν</span> <span class='ocrx_word' id='word_1_483' title='bbox 3329 1824 3489 1888; x_wconf 76' lang='grc' dir='ltr'>αὐτὸς</span> <span class='ocrx_word' id='word_1_484' title='bbox 3534 1825 3638 1882; x_wconf 78' lang='grc' dir='ltr'>ὑπὸ</span> <span class='ocrx_word' id='word_1_485' title='bbox 3691 1825 3862 1899; x_wconf 81' lang='grc' dir='ltr'>μόνου</span> 
     </span>
    </p>
   </div>
   <div class='ocr_carea' id='block_1_62' title="bbox 2192 1911 3861 1991">
    <p class='ocr_par' dir='ltr' id='par_1_62' title="bbox 2192 1911 3861 1991">
     <span class='ocr_line' id='line_1_62' title="bbox 2192 1911 3861 1991; baseline 0.003 -25"><span class='ocrx_word' id='word_1_486' title='bbox 2192 1918 2288 1966; x_wconf 89' lang='grc' dir='ltr'>τοῦ</span> <span class='ocrx_word' id='word_1_487' title='bbox 2338 1917 2471 1967; x_wconf 85' lang='grc' dir='ltr'>Θεοῦ</span> <span class='ocrx_word' id='word_1_488' title='bbox 2520 1912 2728 1988; x_wconf 83' lang='grc' dir='ltr'>γέγονε,</span> <span class='ocrx_word' id='word_1_489' title='bbox 2778 1914 2845 1968; x_wconf 75' lang='grc' dir='ltr'>τά</span> <span class='ocrx_word' id='word_1_490' title='bbox 2876 1911 2922 1969; x_wconf 86' lang='grc' dir='ltr'>δ’</span> <span class='ocrx_word' id='word_1_491' title='bbox 2966 1912 3114 1969; x_wconf 77' lang='grc' dir='ltr'>ἀλλα</span> <span class='ocrx_word' id='word_1_492' title='bbox 3159 1915 3336 1969; x_wconf 87' lang='grc' dir='ltr'>πάντα</span> <span class='ocrx_word' id='word_1_493' title='bbox 3384 1914 3531 1991; x_wconf 87' lang='grc' dir='ltr'>παρὰ</span> <span class='ocrx_word' id='word_1_494' title='bbox 3572 1919 3672 1970; x_wconf 87' lang='grc' dir='ltr'>τοῦ</span> <span class='ocrx_word' id='word_1_495' title='bbox 3720 1919 3861 1971; x_wconf 78' lang='grc' dir='ltr'>Θεοῦ</span> 
     </span>
    </p>
   </div>
   <div class='ocr_carea' id='block_1_63' title="bbox 2195 1998 3856 2079">
    <p class='ocr_par' dir='ltr' id='par_1_63' title="bbox 2195 1998 3856 2079">
     <span class='ocr_line' id='line_1_63' title="bbox 2195 1998 3856 2079; baseline 0.002 -24"><span class='ocrx_word' id='word_1_496' title='bbox 2195 1998 2284 2055; x_wconf 77' lang='grc' dir='ltr'>διὰ</span> <span class='ocrx_word' id='word_1_497' title='bbox 2336 2005 2435 2056; x_wconf 88' lang='grc' dir='ltr'>τοῦ</span> <span class='ocrx_word' id='word_1_498' title='bbox 2491 2002 2619 2056; x_wconf 78' lang='grc' dir='ltr'>Υῖοῦ</span> <span class='ocrx_word' id='word_1_499' title='bbox 2678 2002 2917 2073; x_wconf 77' lang='grc' dir='ltr'>ἐκτίσθη.</span> <span class='ocrx_word' id='word_1_500' title='bbox 2955 2028 2982 2056; x_wconf 92' lang='grc'><strong>››</strong></span> <span class='ocrx_word' id='word_1_501' title='bbox 3013 2002 3101 2065; x_wconf 86' lang='grc' dir='ltr'>Τίς</span> <span class='ocrx_word' id='word_1_502' title='bbox 3160 2002 3262 2079; x_wconf 78' lang='grc' dir='ltr'>ἄρα</span> <span class='ocrx_word' id='word_1_503' title='bbox 3316 2003 3520 2075; x_wconf 76' lang='grc' dir='ltr'>ταύτην</span> <span class='ocrx_word' id='word_1_504' title='bbox 3571 2004 3699 2077; x_wconf 80' lang='grc' dir='ltr'>ὑμῖν</span> <span class='ocrx_word' id='word_1_505' title='bbox 3751 2005 3856 2074; x_wconf 73' lang='grc' dir='ltr'>τὴν</span> 
     </span>
    </p>
   </div>
   <div class='ocr_carea' id='block_1_64' title="bbox 2199 2087 3856 2166">
    <p class='ocr_par' dir='ltr' id='par_1_64' title="bbox 2199 2087 3856 2166">
     <span class='ocr_line' id='line_1_64' title="bbox 2199 2087 3856 2166; baseline 0.003 -22"><span class='ocrx_word' id='word_1_506' title='bbox 2199 2090 2384 2165; x_wconf 82' lang='grc' dir='ltr'>μωρὰν</span> <span class='ocrx_word' id='word_1_507' title='bbox 2443 2090 2532 2145; x_wconf 89' lang='grc' dir='ltr'>καὶ</span> <span class='ocrx_word' id='word_1_508' title='bbox 2581 2092 2771 2160; x_wconf 75' lang='grc' dir='ltr'>καινὴν</span> <span class='ocrx_word' id='word_1_509' title='bbox 2823 2091 3062 2147; x_wconf 82' lang='grc' dir='ltr'>ἐπίνοιαν</span> <span class='ocrx_word' id='word_1_510' title='bbox 3123 2087 3414 2166; x_wconf 75' lang='grc' dir='ltr'>ὑπέϐαλεν,</span> <span class='ocrx_word' id='word_1_511' title='bbox 3466 2089 3562 2148; x_wconf 71' lang='grc' dir='ltr'>’ίνα</span> <span class='ocrx_word' id='word_1_512' title='bbox 3611 2092 3804 2165; x_wconf 72' lang='grc' dir='ltr'>ε’ίπητε</span> <span class='ocrx_word' id='word_1_513' title='bbox 3840 2111 3856 2125; x_wconf 91' lang='grc'><strong>·</strong></span> 
     </span>
    </p>
   </div>
   <div class='ocr_carea' id='block_1_65' title="bbox 2194 2179 3864 2258">
    <p class='ocr_par' dir='ltr' id='par_1_65' title="bbox 2194 2179 3864 2258">
     <span class='ocr_line' id='line_1_65' title="bbox 2194 2179 3864 2258; baseline 0.003 -25"><span class='ocrx_word' id='word_1_514' title='bbox 2194 2179 2296 2233; x_wconf 88' lang='grc' dir='ltr'>Τὸν</span> <span class='ocrx_word' id='word_1_515' title='bbox 2332 2180 2427 2251; x_wconf 77' lang='grc' dir='ltr'>μὲν</span> <span class='ocrx_word' id='word_1_516' title='bbox 2478 2180 2600 2233; x_wconf 76' lang='grc' dir='ltr'>Υῖὸν</span> <span class='ocrx_word' id='word_1_517' title='bbox 2651 2180 2815 2252; x_wconf 87' lang='grc' dir='ltr'>μόνον</span> <span class='ocrx_word' id='word_1_518' title='bbox 2870 2180 3034 2254; x_wconf 82' lang='grc' dir='ltr'>μόνος</span> <span class='ocrx_word' id='word_1_519' title='bbox 3088 2182 3117 2236; x_wconf 85' lang='grc' dir='ltr'>ὁ</span> <span class='ocrx_word' id='word_1_520' title='bbox 3167 2182 3354 2257; x_wconf 74' lang='grc' dir='ltr'>Πατήρ</span> <span class='ocrx_word' id='word_1_521' title='bbox 3399 2180 3759 2258; x_wconf 81' lang='grc' dir='ltr'>αὐτούργησε,</span> <span class='ocrx_word' id='word_1_522' title='bbox 3790 2182 3864 2238; x_wconf 80' lang='grc' dir='ltr'>τὰ</span> 
     </span>
    </p>
   </div>
   <div class='ocr_carea' id='block_1_66' title="bbox 2200 2264 3863 2347">
    <p class='ocr_par' dir='ltr' id='par_1_66' title="bbox 2200 2264 3863 2347">
     <span class='ocr_line' id='line_1_66' title="bbox 2200 2264 3863 2347; baseline 0.004 -26"><span class='ocrx_word' id='word_1_523' title='bbox 2200 2264 2245 2322; x_wconf 76' lang='grc' dir='ltr'>δ’</span> <span class='ocrx_word' id='word_1_524' title='bbox 2278 2266 2423 2322; x_wconf 78' lang='grc' dir='ltr'>ἄλλα</span> <span class='ocrx_word' id='word_1_525' title='bbox 2451 2269 2628 2323; x_wconf 87' lang='grc' dir='ltr'>πάντα</span> <span class='ocrx_word' id='word_1_526' title='bbox 2656 2265 2745 2323; x_wconf 79' lang='grc' dir='ltr'>διὰ</span> <span class='ocrx_word' id='word_1_527' title='bbox 2772 2273 2871 2323; x_wconf 89' lang='grc' dir='ltr'>τοῦ</span> <span class='ocrx_word' id='word_1_528' title='bbox 2904 2270 3032 2324; x_wconf 74' lang='grc' dir='ltr'>Υἱοῦ</span> <span class='ocrx_word' id='word_1_529' title='bbox 3062 2269 3276 2345; x_wconf 86' lang='grc' dir='ltr'>γέγονεν</span> <span class='ocrx_word' id='word_1_530' title='bbox 3311 2269 3384 2332; x_wconf 86' lang='grc' dir='ltr'>ὡς</span> <span class='ocrx_word' id='word_1_531' title='bbox 3416 2267 3485 2326; x_wconf 86' lang='grc' dir='ltr'>δι’</span> <span class='ocrx_word' id='word_1_532' title='bbox 3528 2270 3809 2347; x_wconf 84' lang='grc' dir='ltr'>ὑπουργοῦ</span> <span class='ocrx_word' id='word_1_533' title='bbox 3846 2290 3863 2340; x_wconf 89' lang='grc'>;</span> 
     </span>
    </p>
   </div>
   <div class='ocr_carea' id='block_1_67' title="bbox 2198 2355 3865 2437">
    <p class='ocr_par' dir='ltr' id='par_1_67' title="bbox 2198 2355 3865 2437">
     <span class='ocr_line' id='line_1_67' title="bbox 2198 2355 3865 2437; baseline 0.004 -27"><span class='ocrx_word' id='word_1_534' title='bbox 2198 2355 2262 2410; x_wconf 85' lang='grc' dir='ltr'><strong>Εἰ</strong></span> <span class='ocrx_word' id='word_1_535' title='bbox 2298 2357 2391 2429; x_wconf 74' lang='grc' dir='ltr'>μὲν</span> <span class='ocrx_word' id='word_1_536' title='bbox 2440 2357 2541 2431; x_wconf 76' lang='grc' dir='ltr'>γάρ</span> <span class='ocrx_word' id='word_1_537' title='bbox 2589 2355 2677 2412; x_wconf 80' lang='grc' dir='ltr'>διὰ</span> <span class='ocrx_word' id='word_1_538' title='bbox 2717 2357 2781 2412; x_wconf 92' lang='grc' dir='ltr'>τὸ</span> <span class='ocrx_word' id='word_1_539' title='bbox 2827 2356 3050 2430; x_wconf 77' lang='grc' dir='ltr'>κάμνειν</span> <span class='ocrx_word' id='word_1_540' title='bbox 3109 2358 3348 2434; x_wconf 75' lang='grc' dir='ltr'>ἠρκέσθη</span> <span class='ocrx_word' id='word_1_541' title='bbox 3411 2358 3576 2432; x_wconf 90' lang='grc' dir='ltr'>μόνον</span> <span class='ocrx_word' id='word_1_542' title='bbox 3629 2359 3865 2437; x_wconf 78' lang='grc' dir='ltr'>αὐτουρ-</span> 
     </span>
    </p>
   </div>
   <div class='ocr_carea' id='block_1_68' title="bbox 2198 2443 3867 2520">
    <p class='ocr_par' dir='ltr' id='par_1_68' title="bbox 2198 2443 3867 2520">
     <span class='ocr_line' id='line_1_68' title="bbox 2198 2443 3867 2520; baseline 0.005 -23"><span class='ocrx_word' id='word_1_543' title='bbox 2198 2451 2369 2520; x_wconf 22' lang='grc' dir='ltr'>γῆσαι,</span> <span class='ocrx_word' id='word_1_544' title='bbox 2418 2445 2507 2499; x_wconf 87' lang='grc' dir='ltr'>τὸν</span> <span class='ocrx_word' id='word_1_545' title='bbox 2566 2446 2687 2500; x_wconf 82' lang='grc' dir='ltr'>Υἱὸν</span> <span class='ocrx_word' id='word_1_546' title='bbox 2750 2446 2778 2499; x_wconf 86' lang='grc' dir='ltr'>ὁ</span> <span class='ocrx_word' id='word_1_547' title='bbox 2836 2446 2985 2518; x_wconf 84' lang='grc' dir='ltr'>Θεὸς,</span> <span class='ocrx_word' id='word_1_548' title='bbox 3041 2448 3111 2502; x_wconf 80' lang='grc' dir='ltr'>τὰ</span> <span class='ocrx_word' id='word_1_549' title='bbox 3158 2444 3205 2502; x_wconf 86' lang='grc' dir='ltr'>δ’</span> <span class='ocrx_word' id='word_1_550' title='bbox 3250 2443 3394 2503; x_wconf 76' lang='grc' dir='ltr'>ἄλλα</span> <span class='ocrx_word' id='word_1_551' title='bbox 3440 2447 3642 2503; x_wconf 64' lang='grc' dir='ltr'>οὐκέτιο</span> <span class='ocrx_word' id='word_1_552' title='bbox 3675 2443 3867 2512; x_wconf 69' lang='grc' dir='ltr'>ἆσεϐὶς</span> 
     </span>
    </p>
   </div>
   <div class='ocr_carea' id='block_1_69' title="bbox 2198 2534 3868 2612">
    <p class='ocr_par' dir='ltr' id='par_1_69' title="bbox 2198 2534 3868 2612">
     <span class='ocr_line' id='line_1_69' title="bbox 2198 2534 3868 2612; baseline 0.003 -25"><span class='ocrx_word' id='word_1_553' title='bbox 2198 2538 2422 2588; x_wconf 88' lang='grc' dir='ltr'>τοιαῦτα</span> <span class='ocrx_word' id='word_1_554' title='bbox 2480 2534 2604 2605; x_wconf 86' lang='grc' dir='ltr'>περὶ</span> <span class='ocrx_word' id='word_1_555' title='bbox 2676 2539 2772 2589; x_wconf 88' lang='grc' dir='ltr'>τοῦ</span> <span class='ocrx_word' id='word_1_556' title='bbox 2829 2539 2963 2591; x_wconf 89' lang='grc' dir='ltr'>Θεοῦ</span> <span class='ocrx_word' id='word_1_557' title='bbox 3035 2534 3367 2612; x_wconf 82' lang='grc' dir='ltr'>λογίζεσθαι,</span> <span class='ocrx_word' id='word_1_558' title='bbox 3441 2534 3680 2609; x_wconf 85' lang='grc' dir='ltr'>μάλιστα</span> <span class='ocrx_word' id='word_1_559' title='bbox 3734 2536 3868 2601; x_wconf 75' lang='grc' dir='ltr'>τοὺς</span> 
     </span>
    </p>
   </div>
   <div class='ocr_carea' id='block_1_70' title="bbox 2201 2620 3867 2699">
    <p class='ocr_par' dir='ltr' id='par_1_70' title="bbox 2201 2620 3867 2699">
     <span class='ocr_line' id='line_1_70' title="bbox 2201 2620 3867 2699; baseline 0.004 -23"><span class='ocrx_word' id='word_1_560' title='bbox 2201 2620 2529 2684; x_wconf 78' lang='grc' dir='ltr'>ἀκούσαντας</span> <span class='ocrx_word' id='word_1_561' title='bbox 2576 2623 2796 2679; x_wconf 79' lang='grc' dir='ltr'>Ἡσαΐου</span> <span class='ocrx_word' id='word_1_562' title='bbox 2846 2622 3126 2699; x_wconf 81' lang='grc' dir='ltr'>λέγοντος·</span> <span class='ocrx_word' id='word_1_563' title='bbox 3180 2622 3310 2687; x_wconf 82' lang='grc' dir='ltr'>Θεδς</span> <span class='ocrx_word' id='word_1_564' title='bbox 3361 2624 3601 2698; x_wconf 74' lang='grc' dir='ltr'>αἰώνιος,</span> <span class='ocrx_word' id='word_1_565' title='bbox 3652 2627 3783 2689; x_wconf 88' lang='grc' dir='ltr'>Θεὸς</span> <span class='ocrx_word' id='word_1_566' title='bbox 3833 2628 3867 2682; x_wconf 87' lang='grc' dir='ltr'><strong>ὁ</strong></span> 
     </span>
    </p>
   </div>
   <div class='ocr_carea' id='block_1_71' title="bbox 2202 2710 3869 2790">
    <p class='ocr_par' dir='ltr' id='par_1_71' title="bbox 2202 2710 3869 2790">
     <span class='ocr_line' id='line_1_71' title="bbox 2202 2710 3869 2790; baseline 0.004 -25"><span class='ocrx_word' id='word_1_567' title='bbox 2202 2711 2594 2775; x_wconf 85' lang='grc' dir='ltr'>κατασκευάσας</span> <span class='ocrx_word' id='word_1_568' title='bbox 2649 2713 2716 2767; x_wconf 76' lang='grc' dir='ltr'>τὰ</span> <span class='ocrx_word' id='word_1_569' title='bbox 2765 2710 2902 2788; x_wconf 77' lang='grc' dir='ltr'>ἄκρα</span> <span class='ocrx_word' id='word_1_570' title='bbox 2937 2720 3037 2784; x_wconf 82' lang='grc' dir='ltr'>τῆς</span> <span class='ocrx_word' id='word_1_571' title='bbox 3091 2720 3216 2790; x_wconf 78' lang='grc' dir='ltr'>γῆς,</span> <span class='ocrx_word' id='word_1_572' title='bbox 3275 2713 3337 2769; x_wconf 78' lang='grc' dir='ltr'>οὐ</span> <span class='ocrx_word' id='word_1_573' title='bbox 3394 2712 3674 2788; x_wconf 83' lang='grc' dir='ltr'>πεινάσει,</span> <span class='ocrx_word' id='word_1_574' title='bbox 3735 2713 3869 2772; x_wconf 63' lang='grc' dir='ltr'>οὐδὲ</span> 
     </span>
    </p>
   </div>
   <div class='ocr_carea' id='block_1_72' title="bbox 2203 2799 3866 2883">
    <p class='ocr_par' dir='ltr' id='par_1_72' title="bbox 2203 2799 3866 2883">
     <span class='ocr_line' id='line_1_72' title="bbox 2203 2799 3866 2883; baseline 0.004 -29"><span class='ocrx_word' id='word_1_575' title='bbox 2203 2800 2452 2855; x_wconf 85' lang='grc' dir='ltr'>κοπιάσει</span> <span class='ocrx_word' id='word_1_576' title='bbox 2509 2803 2641 2875; x_wconf 86' lang='grc'>(51),</span> <span class='ocrx_word' id='word_1_577' title='bbox 2702 2799 2826 2857; x_wconf 79' lang='grc' dir='ltr'>οὐδέ</span> <span class='ocrx_word' id='word_1_578' title='bbox 2874 2801 3015 2857; x_wconf 86' lang='grc' dir='ltr'>ἐστιν</span> <span class='ocrx_word' id='word_1_579' title='bbox 3069 2801 3330 2879; x_wconf 76' lang='grc' dir='ltr'>ἐξεύρεσις</span> <span class='ocrx_word' id='word_1_580' title='bbox 3383 2811 3485 2873; x_wconf 85' lang='grc' dir='ltr'>τῆς</span> <span class='ocrx_word' id='word_1_581' title='bbox 3545 2807 3866 2883; x_wconf 78' lang='grc' dir='ltr'>φρονήσεως</span> 
     </span>
    </p>
   </div>
   <div class='ocr_carea' id='block_1_73' title="bbox 2206 2887 3862 2966">
    <p class='ocr_par' dir='ltr' id='par_1_73' title="bbox 2206 2887 3862 2966">
     <span class='ocr_line' id='line_1_73' title="bbox 2206 2887 3862 2966; baseline 0.005 -23"><span class='ocrx_word' id='word_1_582' title='bbox 2206 2887 2388 2946; x_wconf 81' lang='grc' dir='ltr'>αὐτοῦ.</span> <span class='ocrx_word' id='word_1_583' title='bbox 2442 2889 2540 2944; x_wconf 84' lang='grc' dir='ltr'>Καὶ</span> <span class='ocrx_word' id='word_1_584' title='bbox 2586 2891 2687 2966; x_wconf 83' lang='grc' dir='ltr'>γὰρ</span> <span class='ocrx_word' id='word_1_585' title='bbox 2744 2889 2956 2964; x_wconf 75' lang='grc' dir='ltr'>μᾶλλον</span> <span class='ocrx_word' id='word_1_586' title='bbox 3009 2889 3169 2953; x_wconf 80' lang='grc' dir='ltr'>αὐτὸς</span> <span class='ocrx_word' id='word_1_587' title='bbox 3223 2897 3338 2956; x_wconf 86' lang='grc' dir='ltr'>τοῖς</span> <span class='ocrx_word' id='word_1_588' title='bbox 3369 2896 3596 2949; x_wconf 80' lang='grc' dir='ltr'>πεινῶσι</span> <span class='ocrx_word' id='word_1_589' title='bbox 3636 2891 3862 2952; x_wconf 83' lang='grc' dir='ltr'>δίδωσιν</span> 
     </span>
    </p>
   </div>
   <div class='ocr_carea' id='block_1_74' title="bbox 2207 2977 3864 3057">
    <p class='ocr_par' dir='ltr' id='par_1_74' title="bbox 2207 2977 3864 3057">
     <span class='ocr_line' id='line_1_74' title="bbox 2207 2977 3864 3057; baseline 0.005 -25"><span class='ocrx_word' id='word_1_590' title='bbox 2207 2978 2388 3056; x_wconf 76' lang='grc' dir='ltr'>ἰσχὺν,</span> <span class='ocrx_word' id='word_1_591' title='bbox 2418 2978 2506 3033; x_wconf 84' lang='grc' dir='ltr'>καὶ</span> <span class='ocrx_word' id='word_1_592' title='bbox 2560 2977 2649 3034; x_wconf 79' lang='grc' dir='ltr'>διὰ</span> <span class='ocrx_word' id='word_1_593' title='bbox 2689 2984 2788 3035; x_wconf 88' lang='grc' dir='ltr'>τοῦ</span> <span class='ocrx_word' id='word_1_594' title='bbox 2819 2980 2997 3057; x_wconf 89' lang='grc' dir='ltr'>Λόγου</span> <span class='ocrx_word' id='word_1_595' title='bbox 3028 2979 3193 3037; x_wconf 80' lang='grc' dir='ltr'>αὐτοῦ</span> <span class='ocrx_word' id='word_1_596' title='bbox 3239 2983 3354 3056; x_wconf 78' lang='grc'>(52)</span> <span class='ocrx_word' id='word_1_597' title='bbox 3380 2981 3507 3045; x_wconf 77' lang='grc' dir='ltr'>τοὺς</span> <span class='ocrx_word' id='word_1_598' title='bbox 3552 2982 3864 3057; x_wconf 82' lang='grc' dir='ltr'>κάμνοντας</span> 
     </span>
    </p>
   </div>
   <div class='ocr_carea' id='block_1_75' title="bbox 2202 3066 3865 3143">
    <p class='ocr_par' dir='ltr' id='par_1_75' title="bbox 2202 3066 3865 3143">
     <span class='ocr_line' id='line_1_75' title="bbox 2202 3066 3865 3143; baseline 0.005 -21"><span class='ocrx_word' id='word_1_599' title='bbox 2202 3066 2483 3125; x_wconf 79' lang='grc' dir='ltr'>ἀναπαύει.</span> <span class='ocrx_word' id='word_1_600' title='bbox 2543 3068 2607 3124; x_wconf 80' lang='grc' dir='ltr'>Εἰ</span> <span class='ocrx_word' id='word_1_601' title='bbox 2669 3067 2726 3125; x_wconf 79' lang='grc' dir='ltr'>δὲ</span> <span class='ocrx_word' id='word_1_602' title='bbox 2782 3070 2856 3132; x_wconf 84' lang='grc' dir='ltr'>ὡς</span> <span class='ocrx_word' id='word_1_603' title='bbox 2908 3072 3156 3128; x_wconf 87' lang='grc' dir='ltr'>ταπεινὸν</span> <span class='ocrx_word' id='word_1_604' title='bbox 3212 3070 3513 3143; x_wconf 80' lang='grc' dir='ltr'>ἀπηξίωσεν</span> <span class='ocrx_word' id='word_1_605' title='bbox 3574 3072 3738 3136; x_wconf 78' lang='grc' dir='ltr'>αὖσὸς</span> <span class='ocrx_word' id='word_1_606' title='bbox 3792 3074 3865 3130; x_wconf 75' lang='grc' dir='ltr'>τὰ</span> 
     </span>
    </p>
   </div>
   <div class='ocr_carea' id='block_1_76' title="bbox 2208 3156 3865 3236">
    <p class='ocr_par' dir='ltr' id='par_1_76' title="bbox 2208 3156 3865 3236">
     <span class='ocr_line' id='line_1_76' title="bbox 2208 3156 3865 3236; baseline 0.005 -25"><span class='ocrx_word' id='word_1_607' title='bbox 2208 3157 2341 3230; x_wconf 76' lang='grc' dir='ltr'>μετὰ</span> <span class='ocrx_word' id='word_1_608' title='bbox 2391 3158 2482 3213; x_wconf 90' lang='grc' dir='ltr'>τὸν</span> <span class='ocrx_word' id='word_1_609' title='bbox 2543 3158 2667 3213; x_wconf 76' lang='grc' dir='ltr'>Υἱὸν</span> <span class='ocrx_word' id='word_1_610' title='bbox 2730 3158 3117 3236; x_wconf 79' lang='grc' dir='ltr'>αὐτουργῆσαι,</span> <span class='ocrx_word' id='word_1_611' title='bbox 3168 3160 3259 3217; x_wconf 86' lang='grc' dir='ltr'>καὶ</span> <span class='ocrx_word' id='word_1_612' title='bbox 3288 3165 3450 3217; x_wconf 86' lang='grc' dir='ltr'>τοῦτο</span> <span class='ocrx_word' id='word_1_613' title='bbox 3507 3161 3602 3235; x_wconf 67' lang='grc' dir='ltr'>μὲν</span> <span class='ocrx_word' id='word_1_614' title='bbox 3651 3156 3865 3226; x_wconf 74' lang='grc' dir='ltr'>ἀσεϐές.</span> 
     </span>
    </p>
   </div>
   <div class='ocr_carea' id='block_1_77' title="bbox 2203 3242 3866 3326">
    <p class='ocr_par' dir='ltr' id='par_1_77' title="bbox 2203 3242 3866 3326">
     <span class='ocr_line' id='line_1_77' title="bbox 2203 3242 3866 3326; baseline 0.005 -27"><span class='ocrx_word' id='word_1_615' title='bbox 2203 3243 2312 3299; x_wconf 82' lang='grc' dir='ltr'>Οὐκ</span> <span class='ocrx_word' id='word_1_616' title='bbox 2344 3242 2587 3321; x_wconf 75' lang='grc' dir='ltr'>ἔστιγὰρ</span> <span class='ocrx_word' id='word_1_617' title='bbox 2639 3246 2807 3326; x_wconf 75' lang='grc' dir='ltr'>τύφος</span> <span class='ocrx_word' id='word_1_618' title='bbox 2854 3247 2905 3303; x_wconf 82' lang='grc' dir='ltr'>ἐν</span> <span class='ocrx_word' id='word_1_619' title='bbox 2952 3253 3034 3321; x_wconf 75' lang='grc' dir='ltr'>τῷ</span> <span class='ocrx_word' id='word_1_620' title='bbox 3062 3253 3199 3321; x_wconf 78' lang='grc' dir='ltr'>Θεῷ,</span> <span class='ocrx_word' id='word_1_621' title='bbox 3251 3247 3309 3313; x_wconf 81' lang='grc' dir='ltr'>ὅς</span> <span class='ocrx_word' id='word_1_622' title='bbox 3342 3270 3405 3326; x_wconf 85' lang='grc' dir='ltr'>γε</span> <span class='ocrx_word' id='word_1_623' title='bbox 3447 3249 3583 3323; x_wconf 74' lang='grc' dir='ltr'>μετᾶ</span> <span class='ocrx_word' id='word_1_624' title='bbox 3627 3255 3728 3307; x_wconf 83' lang='grc' dir='ltr'>τοῦ</span> <span class='ocrx_word' id='word_1_625' title='bbox 3760 3251 3866 3307; x_wconf 89' lang='grc' dir='ltr'>Ἰα-</span> 
     </span>
    </p>
   </div>
   <div class='ocr_carea' id='block_1_78' title="bbox 2202 3329 3873 3417">
    <p class='ocr_par' dir='ltr' id='par_1_78' title="bbox 2202 3329 3873 3417">
     <span class='ocr_line' id='line_1_78' title="bbox 2202 3329 3873 3417; baseline 0.004 -29"><span class='ocrx_word' id='word_1_626' title='bbox 2202 3329 2319 3388; x_wconf 69' lang='grc' dir='ltr'>κὼέ</span> <span class='ocrx_word' id='word_1_627' title='bbox 2352 3333 2426 3397; x_wconf 86' lang='grc' dir='ltr'>εἷς</span> <span class='ocrx_word' id='word_1_628' title='bbox 2457 3333 2731 3410; x_wconf 60' lang='grc' dir='ltr'>Αἷίγυπτον</span> <span class='ocrx_word' id='word_1_629' title='bbox 2764 3335 3085 3413; x_wconf 75' lang='grc' dir='ltr'>κατέρχεται</span> <span class='ocrx_word' id='word_1_630' title='bbox 3114 3337 3205 3394; x_wconf 87' lang='grc' dir='ltr'>καὶ</span> <span class='ocrx_word' id='word_1_631' title='bbox 3238 3335 3329 3394; x_wconf 77' lang='grc' dir='ltr'>διὰ</span> <span class='ocrx_word' id='word_1_632' title='bbox 3359 3339 3453 3412; x_wconf 74' lang='grc' dir='ltr'>μὶν</span> <span class='ocrx_word' id='word_1_633' title='bbox 3485 3338 3577 3396; x_wconf 86' lang='grc' dir='ltr'>τὸν</span> <span class='ocrx_word' id='word_1_634' title='bbox 3611 3334 3873 3417; x_wconf 68' lang='grc' dir='ltr'>Ἀϐραὰμ.</span> 
     </span>
    </p>
   </div>
   <div class='ocr_carea' id='block_1_79' title="bbox 2204 3419 3870 3503">
    <p class='ocr_par' dir='ltr' id='par_1_79' title="bbox 2204 3419 3870 3503">
     <span class='ocr_line' id='line_1_79' title="bbox 2204 3419 3870 3503; baseline 0.005 -27"><span class='ocrx_word' id='word_1_635' title='bbox 2204 3419 2517 3498; x_wconf 84' lang='grc' dir='ltr'>διορθοῦται</span> <span class='ocrx_word' id='word_1_636' title='bbox 2566 3424 2657 3479; x_wconf 86' lang='grc' dir='ltr'>τὸν</span> <span class='ocrx_word' id='word_1_637' title='bbox 2710 3419 3017 3502; x_wconf 78' lang='grc' dir='ltr'>Ἀϐιμέλεχ</span> <span class='ocrx_word' id='word_1_638' title='bbox 3062 3426 3225 3502; x_wconf 85' lang='grc' dir='ltr'>χάριν</span> <span class='ocrx_word' id='word_1_639' title='bbox 3271 3434 3369 3496; x_wconf 82' lang='grc' dir='ltr'>τῆς</span> <span class='ocrx_word' id='word_1_640' title='bbox 3417 3425 3652 3503; x_wconf 78' lang='grc' dir='ltr'>Σάρῥας,</span> <span class='ocrx_word' id='word_1_641' title='bbox 3695 3432 3780 3501; x_wconf 79' lang='grc' dir='ltr'>τῷ</span> <span class='ocrx_word' id='word_1_642' title='bbox 3807 3427 3870 3485; x_wconf 73' lang='grc' dir='ltr'>δὲ</span> 
     </span>
    </p>
   </div>
   <div class='ocr_carea' id='block_1_80' title="bbox 2202 3508 3866 3589">
    <p class='ocr_par' dir='ltr' id='par_1_80' title="bbox 2202 3508 3866 3589">
     <span class='ocr_line' id='line_1_80' title="bbox 2202 3508 3866 3589; baseline 0.004 -22"><span class='ocrx_word' id='word_1_643' title='bbox 2202 3514 2408 3585; x_wconf 75' lang='grc' dir='ltr'>Μωϋσῇ</span> <span class='ocrx_word' id='word_1_644' title='bbox 2457 3511 2726 3589; x_wconf 84' lang='grc' dir='ltr'>ἀνθρώπῳ</span> <span class='ocrx_word' id='word_1_645' title='bbox 2775 3508 2888 3568; x_wconf 70' lang='grc' dir='ltr'>ὄντι</span> <span class='ocrx_word' id='word_1_646' title='bbox 2920 3515 3098 3587; x_wconf 87' lang='grc' dir='ltr'>στόμα</span> <span class='ocrx_word' id='word_1_647' title='bbox 3142 3514 3279 3570; x_wconf 74' lang='grc' dir='ltr'>κατὰ</span> <span class='ocrx_word' id='word_1_648' title='bbox 3328 3514 3506 3589; x_wconf 88' lang='grc' dir='ltr'>στόμα</span> <span class='ocrx_word' id='word_1_649' title='bbox 3553 3514 3733 3589; x_wconf 81' lang='grc' dir='ltr'>λαλεῖ,</span> <span class='ocrx_word' id='word_1_650' title='bbox 3773 3519 3866 3573; x_wconf 80' lang='grc' dir='ltr'>καὶ</span> 
     </span>
    </p>
   </div>
   <div class='ocr_carea' id='block_1_81' title="bbox 2203 3596 3859 3679">
    <p class='ocr_par' dir='ltr' id='par_1_81' title="bbox 2203 3596 3859 3679">
     <span class='ocr_line' id='line_1_81' title="bbox 2203 3596 3859 3679; baseline 0.004 -26"><span class='ocrx_word' id='word_1_651' title='bbox 2203 3599 2278 3662; x_wconf 81' lang='grc' dir='ltr'>εἰς</span> <span class='ocrx_word' id='word_1_652' title='bbox 2311 3600 2406 3673; x_wconf 71' lang='grc' dir='ltr'>μὲν</span> <span class='ocrx_word' id='word_1_653' title='bbox 2438 3601 2501 3655; x_wconf 87' lang='grc' dir='ltr'>τὸ</span> <span class='ocrx_word' id='word_1_654' title='bbox 2534 3601 2669 3656; x_wconf 82' lang='grc' dir='ltr'>Σινὰ</span> <span class='ocrx_word' id='word_1_655' title='bbox 2700 3596 2829 3678; x_wconf 78' lang='grc' dir='ltr'>ὅρος</span> <span class='ocrx_word' id='word_1_656' title='bbox 2859 3600 3200 3679; x_wconf 81' lang='grc' dir='ltr'>κατέρχεται,</span> <span class='ocrx_word' id='word_1_657' title='bbox 3221 3607 3302 3676; x_wconf 83' lang='grc' dir='ltr'>τῷ</span> <span class='ocrx_word' id='word_1_658' title='bbox 3331 3601 3389 3659; x_wconf 77' lang='grc' dir='ltr'>δὲ</span> <span class='ocrx_word' id='word_1_659' title='bbox 3420 3602 3540 3676; x_wconf 75' lang='grc' dir='ltr'>λαῷ</span> <span class='ocrx_word' id='word_1_660' title='bbox 3567 3602 3859 3661; x_wconf 73' lang='grc' dir='ltr'>συνεπολέο</span> 
     </span>
    </p>
   </div>
   <div class='ocr_carea' id='block_1_82' title="bbox 2207 3688 3867 3768">
    <p class='ocr_par' dir='ltr' id='par_1_82' title="bbox 2207 3688 3867 3768">
     <span class='ocr_line' id='line_1_82' title="bbox 2207 3688 3867 3768; baseline 0.003 -24"><span class='ocrx_word' id='word_1_661' title='bbox 2207 3709 2295 3761; x_wconf 90' lang='grc' dir='ltr'>μει</span> <span class='ocrx_word' id='word_1_662' title='bbox 2332 3688 2567 3768; x_wconf 71' lang='grc' dir='ltr'>κρυφαία</span> <span class='ocrx_word' id='word_1_663' title='bbox 2608 3692 2793 3767; x_wconf 85' lang='grc' dir='ltr'>χάριτι</span> <span class='ocrx_word' id='word_1_664' title='bbox 2837 3691 2929 3746; x_wconf 89' lang='grc' dir='ltr'>τὸν</span> <span class='ocrx_word' id='word_1_665' title='bbox 2985 3688 3265 3765; x_wconf 80' lang='grc' dir='ltr'>’Δμαλήκ.</span> <span class='ocrx_word' id='word_1_666' title='bbox 3297 3690 3573 3749; x_wconf 80' lang='grc' dir='ltr'>Ψεύδεσθε</span> <span class='ocrx_word' id='word_1_667' title='bbox 3602 3689 3663 3748; x_wconf 78' lang='grc' dir='ltr'>δὲ</span> <span class='ocrx_word' id='word_1_668' title='bbox 3694 3691 3867 3767; x_wconf 58' lang='grc' dir='ltr'>,ὅμως</span> 
     </span>
    </p>
   </div>
   <div class='ocr_carea' id='block_1_83' title="bbox 2200 3776 3866 3857">
    <p class='ocr_par' dir='ltr' id='par_1_83' title="bbox 2200 3776 3866 3857">
     <span class='ocr_line' id='line_1_83' title="bbox 2200 3776 3866 3857; baseline 0.004 -26"><span class='ocrx_word' id='word_1_669' title='bbox 2200 3776 2289 3831; x_wconf 84' lang='grc' dir='ltr'>καὶ</span> <span class='ocrx_word' id='word_1_670' title='bbox 2336 3783 2497 3834; x_wconf 89' lang='grc' dir='ltr'>τοῦτο</span> <span class='ocrx_word' id='word_1_671' title='bbox 2553 3777 2821 3856; x_wconf 83' lang='grc' dir='ltr'>λέγοντες·</span> <span class='ocrx_word' id='word_1_672' title='bbox 2870 3779 3045 3843; x_wconf 76' lang='grc' dir='ltr'>Αὐτὸς</span> <span class='ocrx_word' id='word_1_673' title='bbox 3088 3781 3192 3857; x_wconf 83' lang='grc' dir='ltr'>γὰρ</span> <span class='ocrx_word' id='word_1_674' title='bbox 3243 3780 3495 3852; x_wconf 78' lang='grc' dir='ltr'>ἐποίησεν</span> <span class='ocrx_word' id='word_1_675' title='bbox 3550 3784 3719 3855; x_wconf 78' lang='grc' dir='ltr'>ἡμᾶς,</span> <span class='ocrx_word' id='word_1_676' title='bbox 3771 3784 3866 3838; x_wconf 79' lang='grc' dir='ltr'>καὶ</span> 
     </span>
    </p>
   </div>
   <div class='ocr_carea' id='block_1_84' title="bbox 2202 3864 3867 3947">
    <p class='ocr_par' dir='ltr' id='par_1_84' title="bbox 2202 3864 3867 3947">
     <span class='ocr_line' id='line_1_84' title="bbox 2202 3864 3867 3947; baseline 0.005 -29"><span class='ocrx_word' id='word_1_677' title='bbox 2202 3864 2312 3941; x_wconf 79' lang='grc' dir='ltr'>οὐχ</span> <span class='ocrx_word' id='word_1_678' title='bbox 2359 3868 2541 3938; x_wconf 75' lang='grc' dir='ltr'>ἡμεῖς·</span> <span class='ocrx_word' id='word_1_679' title='bbox 2593 3866 2755 3931; x_wconf 79' lang='grc' dir='ltr'>αὐτὸς</span> <span class='ocrx_word' id='word_1_680' title='bbox 2799 3866 2859 3923; x_wconf 88' lang='grc' dir='ltr'>τέ</span> <span class='ocrx_word' id='word_1_681' title='bbox 2917 3868 3058 3924; x_wconf 82' lang='grc' dir='ltr'>ἐστιν</span> <span class='ocrx_word' id='word_1_682' title='bbox 3106 3870 3135 3923; x_wconf 87' lang='grc' dir='ltr'>ὁ</span> <span class='ocrx_word' id='word_1_683' title='bbox 3166 3866 3256 3924; x_wconf 76' lang='grc' dir='ltr'>διὰ</span> <span class='ocrx_word' id='word_1_684' title='bbox 3308 3874 3408 3925; x_wconf 90' lang='grc' dir='ltr'>τοῦ</span> <span class='ocrx_word' id='word_1_685' title='bbox 3454 3869 3647 3947; x_wconf 82' lang='grc' dir='ltr'>Λόγου</span> <span class='ocrx_word' id='word_1_686' title='bbox 3699 3868 3867 3927; x_wconf 74' lang='grc' dir='ltr'>αὐτοῦ</span> 
     </span>
    </p>
   </div>
   <div class='ocr_carea' id='block_1_85' title="bbox 2200 3954 3864 4034">
    <p class='ocr_par' dir='ltr' id='par_1_85' title="bbox 2200 3954 3864 4034">
     <span class='ocr_line' id='line_1_85' title="bbox 2200 3954 3864 4034; baseline 0.004 -27"><span class='ocrx_word' id='word_1_687' title='bbox 2200 3954 2267 4007; x_wconf 71' lang='grc' dir='ltr'>τὰ</span> <span class='ocrx_word' id='word_1_688' title='bbox 2295 3954 2468 4009; x_wconf 85' lang='grc' dir='ltr'>πάντα</span> <span class='ocrx_word' id='word_1_689' title='bbox 2515 3956 2582 4009; x_wconf 90' lang='grc' dir='ltr'>τά</span> <span class='ocrx_word' id='word_1_690' title='bbox 2626 3975 2685 4010; x_wconf 89' lang='grc' dir='ltr'>τε</span> <span class='ocrx_word' id='word_1_691' title='bbox 2735 3955 2903 4031; x_wconf 81' lang='grc' dir='ltr'>μικρὰ</span> <span class='ocrx_word' id='word_1_692' title='bbox 2951 3957 3040 4012; x_wconf 83' lang='grc' dir='ltr'>καὶ</span> <span class='ocrx_word' id='word_1_693' title='bbox 3087 3957 3155 4012; x_wconf 80' lang='grc' dir='ltr'>τὰ</span> <span class='ocrx_word' id='word_1_694' title='bbox 3209 3954 3421 4034; x_wconf 83' lang='grc' dir='ltr'>μεγάλα</span> <span class='ocrx_word' id='word_1_695' title='bbox 3464 3960 3723 4030; x_wconf 75' lang='grc' dir='ltr'>ποιήσας·</span> <span class='ocrx_word' id='word_1_696' title='bbox 3772 3959 3864 4016; x_wconf 83' lang='grc' dir='ltr'>καὶ</span> 
     </span>
    </p>
   </div>
   <div class='ocr_carea' id='block_1_86' title="bbox 2203 4038 3862 4121">
    <p class='ocr_par' dir='ltr' id='par_1_86' title="bbox 2203 4038 3862 4121">
     <span class='ocr_line' id='line_1_86' title="bbox 2203 4038 3862 4121; baseline 0.005 -26"><span class='ocrx_word' id='word_1_697' title='bbox 2203 4040 2302 4096; x_wconf 76' lang='grc' dir='ltr'>οὐκ</span> <span class='ocrx_word' id='word_1_698' title='bbox 2356 4038 2467 4097; x_wconf 80' lang='grc' dir='ltr'>ἔστι</span> <span class='ocrx_word' id='word_1_699' title='bbox 2519 4039 2718 4097; x_wconf 81' lang='grc' dir='ltr'>διελεῖν</span> <span class='ocrx_word' id='word_1_700' title='bbox 2771 4045 2870 4112; x_wconf 74' lang='grc' dir='ltr'>τὴν</span> <span class='ocrx_word' id='word_1_701' title='bbox 2918 4043 3116 4117; x_wconf 86' lang='grc' dir='ltr'>κτίσιν,</span> <span class='ocrx_word' id='word_1_702' title='bbox 3169 4044 3309 4103; x_wconf 81' lang='grc' dir='ltr'>ὥστε</span> <span class='ocrx_word' id='word_1_703' title='bbox 3352 4046 3523 4103; x_wconf 81' lang='grc' dir='ltr'>εἰπεῖν</span> <span class='ocrx_word' id='word_1_704' title='bbox 3570 4051 3735 4104; x_wconf 86' lang='grc' dir='ltr'>τοῦτο</span> <span class='ocrx_word' id='word_1_705' title='bbox 3766 4048 3862 4121; x_wconf 78' lang='grc' dir='ltr'>μὶν</span> 
     </span>
    </p>
   </div>
   <div class='ocr_carea' id='block_1_87' title="bbox 2200 4128 3866 4206">
    <p class='ocr_par' dir='ltr' id='par_1_87' title="bbox 2200 4128 3866 4206">
     <span class='ocr_line' id='line_1_87' title="bbox 2200 4128 3866 4206; baseline 0.005 -23"><span class='ocrx_word' id='word_1_706' title='bbox 2200 4131 2297 4183; x_wconf 87' lang='grc' dir='ltr'>τοῦ</span> <span class='ocrx_word' id='word_1_707' title='bbox 2327 4130 2560 4206; x_wconf 81' lang='grc' dir='ltr'>Πατρὸς,</span> <span class='ocrx_word' id='word_1_708' title='bbox 2611 4135 2771 4185; x_wconf 86' lang='grc' dir='ltr'>τοῦτο</span> <span class='ocrx_word' id='word_1_709' title='bbox 2825 4128 2882 4187; x_wconf 78' lang='grc' dir='ltr'>δὲ</span> <span class='ocrx_word' id='word_1_710' title='bbox 2926 4136 3025 4187; x_wconf 90' lang='grc' dir='ltr'>τοῦ</span> <span class='ocrx_word' id='word_1_711' title='bbox 3067 4134 3216 4189; x_wconf 71' lang='grc' dir='ltr'>Υἱοῦ’</span> <span class='ocrx_word' id='word_1_712' title='bbox 3248 4132 3377 4191; x_wconf 82' lang='grc' dir='ltr'>ἀλλ’</span> <span class='ocrx_word' id='word_1_713' title='bbox 3425 4135 3544 4199; x_wconf 72' lang='grc' dir='ltr'>ἑνός</span> <span class='ocrx_word' id='word_1_714' title='bbox 3585 4134 3697 4193; x_wconf 76' lang='grc' dir='ltr'>ἐστι</span> <span class='ocrx_word' id='word_1_715' title='bbox 3730 4140 3866 4193; x_wconf 76' lang='grc' dir='ltr'>Θεοῦ</span> 
     </span>
    </p>
   </div>
   <div class='ocr_carea' id='block_1_88' title="bbox 2202 4217 3866 4299">
    <p class='ocr_par' dir='ltr' id='par_1_88' title="bbox 2202 4217 3866 4299">
     <span class='ocr_line' id='line_1_88' title="bbox 2202 4217 3866 4299; baseline 0.005 -27"><span class='ocrx_word' id='word_1_716' title='bbox 2202 4218 2274 4281; x_wconf 85' lang='grc' dir='ltr'>ὡς</span> <span class='ocrx_word' id='word_1_717' title='bbox 2335 4217 2482 4294; x_wconf 87' lang='grc' dir='ltr'>χειρὶ</span> <span class='ocrx_word' id='word_1_718' title='bbox 2537 4218 2830 4295; x_wconf 85' lang='grc' dir='ltr'>χρωμένου</span> <span class='ocrx_word' id='word_1_719' title='bbox 2885 4225 2964 4293; x_wconf 83' lang='grc' dir='ltr'>τῷ</span> <span class='ocrx_word' id='word_1_720' title='bbox 3014 4219 3139 4294; x_wconf 74' lang='grc' dir='ltr'>ῗδίῳ</span> <span class='ocrx_word' id='word_1_721' title='bbox 3197 4222 3358 4299; x_wconf 86' lang='grc' dir='ltr'>Λόγῳ</span> <span class='ocrx_word' id='word_1_722' title='bbox 3393 4267 3409 4294; x_wconf 88' lang='grc'>,</span> <span class='ocrx_word' id='word_1_723' title='bbox 3464 4223 3559 4279; x_wconf 80' lang='grc' dir='ltr'>καὶ</span> <span class='ocrx_word' id='word_1_724' title='bbox 3608 4223 3660 4281; x_wconf 75' lang='grc' dir='ltr'>ἐν</span> <span class='ocrx_word' id='word_1_725' title='bbox 3716 4224 3866 4297; x_wconf 80' lang='grc' dir='ltr'>αὐτῷ</span> 
     </span>
    </p>
   </div>
   <div class='ocr_carea' id='block_1_89' title="bbox 445 4297 2087 4385">
    <p class='ocr_par' dir='ltr' id='par_1_89' title="bbox 445 4302 2087 4381">
     <span class='ocr_line' id='line_1_89' title="bbox 445 4302 2087 4381; baseline 0.008 -25"><span class='ocrx_word' id='word_1_726' title='bbox 445 4318 559 4374; x_wconf 89' lang='lat' dir='ltr'>que</span> <span class='ocrx_word' id='word_1_727' title='bbox 587 4303 786 4359; x_wconf 89' lang='lat' dir='ltr'>omnia</span> <span class='ocrx_word' id='word_1_728' title='bbox 815 4302 875 4360; x_wconf 89' lang='lat' dir='ltr'>in</span> <span class='ocrx_word' id='word_1_729' title='bbox 905 4322 970 4361; x_wconf 93' lang='lat' dir='ltr'>eo</span> <span class='ocrx_word' id='word_1_730' title='bbox 1020 4305 1178 4378; x_wconf 87' lang='lat' dir='ltr'>facit,</span> <span class='ocrx_word' id='word_1_731' title='bbox 1213 4310 1277 4362; x_wconf 90' lang='lat' dir='ltr'>ut</span> <span class='ocrx_word' id='word_1_732' title='bbox 1305 4308 1430 4381; x_wconf 89' lang='lat' dir='ltr'>ipse</span> <span class='ocrx_word' id='word_1_733' title='bbox 1460 4309 1614 4369; x_wconf 89' lang='lat' dir='ltr'>Deus</span> <span class='ocrx_word' id='word_1_734' title='bbox 1645 4311 1737 4369; x_wconf 91' lang='lat' dir='ltr'>his</span> <span class='ocrx_word' id='word_1_735' title='bbox 1766 4313 1961 4370; x_wconf 88' lang='lat' dir='ltr'>verbis</span> <span class='ocrx_word' id='word_1_736' title='bbox 1992 4314 2087 4369; x_wconf 92' lang='lat' dir='ltr'>do-</span> 
     </span>
    </p>
   </div>
   <div class='ocr_carea' id='block_1_90' title="bbox 2197 4297 3861 4385">
    <p class='ocr_par' dir='ltr' id='par_1_90' title="bbox 2204 4308 3861 4385">
     <span class='ocr_line' id='line_1_90' title="bbox 2204 4308 3861 4385; baseline 0.006 -24"><span class='ocrx_word' id='word_1_737' title='bbox 2204 4311 2494 4370; x_wconf 84' lang='grc' dir='ltr'>ποιοῦντος</span> <span class='ocrx_word' id='word_1_738' title='bbox 2562 4308 2628 4362; x_wconf 76' lang='grc' dir='ltr'>τὰ</span> <span class='ocrx_word' id='word_1_739' title='bbox 2684 4309 2857 4364; x_wconf 88' lang='grc' dir='ltr'>πάντα</span> <span class='ocrx_word' id='word_1_740' title='bbox 2890 4350 2903 4363; x_wconf 94' lang='grc'><strong>.</strong></span> <span class='ocrx_word' id='word_1_741' title='bbox 2958 4309 3056 4366; x_wconf 82' lang='grc' dir='ltr'>Καὶ</span> <span class='ocrx_word' id='word_1_742' title='bbox 3113 4312 3261 4366; x_wconf 89' lang='grc' dir='ltr'>τοῦτ’</span> <span class='ocrx_word' id='word_1_743' title='bbox 3303 4310 3463 4374; x_wconf 81' lang='grc' dir='ltr'>αὐτὸς</span> <span class='ocrx_word' id='word_1_744' title='bbox 3514 4313 3611 4385; x_wconf 74' lang='grc' dir='ltr'>μὶν</span> <span class='ocrx_word' id='word_1_745' title='bbox 3662 4314 3690 4368; x_wconf 82' lang='grc' dir='ltr'>ὁ</span> <span class='ocrx_word' id='word_1_746' title='bbox 3730 4320 3861 4377; x_wconf 64' lang='lat' dir='ltr'>Geo:</span> 
     </span>
    </p>
   </div>
   <div class='ocr_carea' id='block_1_91' title="bbox 444 4391 2092 4467">
    <p class='ocr_par' dir='ltr' id='par_1_91' title="bbox 444 4391 2092 4467">
     <span class='ocr_line' id='line_1_91' title="bbox 444 4391 2092 4467; baseline 0.007 -22"><span class='ocrx_word' id='word_1_747' title='bbox 444 4401 572 4447; x_wconf 86' lang='lat' dir='ltr'>cet:</span> <span class='ocrx_word' id='word_1_748' title='bbox 605 4391 796 4448; x_wconf 82' lang='lat' dir='ltr'>Manus</span> <span class='ocrx_word' id='word_1_749' title='bbox 847 4409 973 4450; x_wconf 83' lang='lat' dir='ltr'>mea</span> <span class='ocrx_word' id='word_1_750' title='bbox 1025 4396 1156 4467; x_wconf 78' lang='lat' dir='ltr'>fecit</span> <span class='ocrx_word' id='word_1_751' title='bbox 1216 4395 1329 4451; x_wconf 56' lang='lat' dir='ltr'>hac</span> <span class='ocrx_word' id='word_1_752' title='bbox 1382 4400 1573 4455; x_wconf 83' lang='lat' dir='ltr'>omnia</span> <span class='ocrx_word' id='word_1_753' title='bbox 1626 4399 1691 4455; x_wconf 62' lang='grc' dir='ltr'>θ’.</span> <span class='ocrx_word' id='word_1_754' title='bbox 1726 4399 1885 4457; x_wconf 81' lang='lat' dir='ltr'>Idem</span> <span class='ocrx_word' id='word_1_755' title='bbox 1915 4402 2092 4457; x_wconf 90' lang='lat' dir='ltr'>etiam</span> 
     </span>
    </p>
   </div>
   <div class='ocr_carea' id='block_1_92' title="bbox 445 4478 2092 4564">
    <p class='ocr_par' dir='ltr' id='par_1_92' title="bbox 445 4478 2092 4564">
     <span class='ocr_line' id='line_1_92' title="bbox 445 4478 2092 4564; baseline 0.009 -31"><span class='ocrx_word' id='word_1_756' title='bbox 445 4478 649 4536; x_wconf 88' lang='lat' dir='ltr'>didicit</span> <span class='ocrx_word' id='word_1_757' title='bbox 676 4485 733 4538; x_wconf 87' lang='lat' dir='ltr'>et</span> <span class='ocrx_word' id='word_1_758' title='bbox 760 4482 957 4539; x_wconf 90' lang='lat' dir='ltr'>docuit</span> <span class='ocrx_word' id='word_1_759' title='bbox 986 4483 1200 4541; x_wconf 90' lang='lat' dir='ltr'>Paulus</span> <span class='ocrx_word' id='word_1_760' title='bbox 1225 4501 1237 4539; x_wconf 90' lang='lat'>:</span> <span class='ocrx_word' id='word_1_761' title='bbox 1276 4488 1439 4555; x_wconf 85' lang='lat' dir='ltr'>Unus,</span> <span class='ocrx_word' id='word_1_762' title='bbox 1480 4488 1693 4560; x_wconf 89' lang='lat' dir='ltr'>inquit,</span> <span class='ocrx_word' id='word_1_763' title='bbox 1726 4490 1864 4546; x_wconf 82' lang='lat' dir='ltr'>Deus</span> <span class='ocrx_word' id='word_1_764' title='bbox 1893 4507 1962 4547; x_wconf 73' lang='lat' dir='ltr'>ex</span> <span class='ocrx_word' id='word_1_765' title='bbox 1988 4506 2092 4564; x_wconf 85' lang='lat' dir='ltr'>quo</span> 
     </span>
    </p>
   </div>
   <div class='ocr_carea' id='block_1_93' title="bbox 447 4569 2094 4650">
    <p class='ocr_par' dir='ltr' id='par_1_93' title="bbox 447 4569 2094 4650">
     <span class='ocr_line' id='line_1_93' title="bbox 447 4569 2094 4650; baseline 0.008 -28"><span class='ocrx_word' id='word_1_766' title='bbox 447 4569 655 4641; x_wconf 86' lang='lat' dir='ltr'>omnia,</span> <span class='ocrx_word' id='word_1_767' title='bbox 681 4573 735 4625; x_wconf 84' lang='lat' dir='ltr'>et</span> <span class='ocrx_word' id='word_1_768' title='bbox 789 4585 933 4626; x_wconf 83' lang='lat' dir='ltr'>unus</span> <span class='ocrx_word' id='word_1_769' title='bbox 988 4573 1251 4629; x_wconf 87' lang='lat' dir='ltr'>Dominus</span> <span class='ocrx_word' id='word_1_770' title='bbox 1305 4576 1456 4632; x_wconf 77' lang='lat' dir='ltr'>Iesus</span> <span class='ocrx_word' id='word_1_771' title='bbox 1511 4575 1759 4634; x_wconf 83' lang='lat' dir='ltr'>Christus</span> <span class='ocrx_word' id='word_1_772' title='bbox 1802 4594 1906 4649; x_wconf 87' lang='lat' dir='ltr'>per</span> <span class='ocrx_word' id='word_1_773' title='bbox 1934 4595 2094 4650; x_wconf 85' lang='lat' dir='ltr'>quem</span> 
     </span>
    </p>
   </div>
   <div class='ocr_carea' id='block_1_94' title="bbox 446 4658 2091 4738">
    <p class='ocr_par' dir='ltr' id='par_1_94' title="bbox 446 4658 2091 4738">
     <span class='ocr_line' id='line_1_94' title="bbox 446 4658 2091 4738; baseline 0.006 -26"><span class='ocrx_word' id='word_1_774' title='bbox 446 4658 634 4712; x_wconf 87' lang='lat' dir='ltr'>omnia</span> <span class='ocrx_word' id='word_1_775' title='bbox 656 4658 721 4711; x_wconf 72' lang='grc'>’⁷.</span> <span class='ocrx_word' id='word_1_776' title='bbox 754 4658 885 4730; x_wconf 89' lang='lat' dir='ltr'>Ipse</span> <span class='ocrx_word' id='word_1_777' title='bbox 905 4659 1085 4731; x_wconf 84' lang='lat' dir='ltr'>igitur</span> <span class='ocrx_word' id='word_1_778' title='bbox 1106 4666 1163 4716; x_wconf 89' lang='lat' dir='ltr'>et</span> <span class='ocrx_word' id='word_1_779' title='bbox 1183 4677 1415 4733; x_wconf 88' lang='lat' dir='ltr'>semper</span> <span class='ocrx_word' id='word_1_780' title='bbox 1438 4668 1495 4721; x_wconf 91' lang='lat' dir='ltr'>et</span> <span class='ocrx_word' id='word_1_781' title='bbox 1514 4680 1669 4720; x_wconf 90' lang='lat' dir='ltr'>nunc</span> <span class='ocrx_word' id='word_1_782' title='bbox 1688 4666 1940 4738; x_wconf 90' lang='lat' dir='ltr'>imperat</span> <span class='ocrx_word' id='word_1_783' title='bbox 1961 4667 2091 4738; x_wconf 90' lang='lat' dir='ltr'>soli,</span> 
     </span>
    </p>
   </div>
   <div class='ocr_carea' id='block_1_95' title="bbox 445 4743 2093 4821">
    <p class='ocr_par' dir='ltr' id='par_1_95' title="bbox 445 4743 2093 4821">
     <span class='ocr_line' id='line_1_95' title="bbox 445 4743 2093 4821; baseline 0.008 -24"><span class='ocrx_word' id='word_1_784' title='bbox 445 4747 504 4798; x_wconf 91' lang='lat' dir='ltr'>et</span> <span class='ocrx_word' id='word_1_785' title='bbox 530 4743 820 4801; x_wconf 85' lang='lat' dir='ltr'>exoritur:</span> <span class='ocrx_word' id='word_1_786' title='bbox 855 4746 1113 4804; x_wconf 91' lang='lat' dir='ltr'>nubibus</span> <span class='ocrx_word' id='word_1_787' title='bbox 1167 4750 1453 4821; x_wconf 85' lang='lat' dir='ltr'>praecipit,</span> <span class='ocrx_word' id='word_1_788' title='bbox 1503 4754 1561 4807; x_wconf 90' lang='lat' dir='ltr'>et</span> <span class='ocrx_word' id='word_1_789' title='bbox 1601 4752 1663 4809; x_wconf 92' lang='lat' dir='ltr'>in</span> <span class='ocrx_word' id='word_1_790' title='bbox 1716 4770 1896 4811; x_wconf 91' lang='lat' dir='ltr'>unam</span> <span class='ocrx_word' id='word_1_791' title='bbox 1928 4759 2093 4811; x_wconf 76' lang='lat' dir='ltr'>terrea</span> 
     </span>
    </p>
   </div>
   <div class='ocr_carea' id='block_1_96' title="bbox 444 4833 2095 4915">
    <p class='ocr_par' dir='ltr' id='par_1_96' title="bbox 444 4833 2095 4915">
     <span class='ocr_line' id='line_1_96' title="bbox 444 4833 2095 4915; baseline 0.008 -28"><span class='ocrx_word' id='word_1_792' title='bbox 444 4833 673 4902; x_wconf 69' lang='lat' dir='ltr'>partem</span> <span class='ocrx_word' id='word_1_793' title='bbox 698 4833 1081 4892; x_wconf 75' lang='lat' dir='ltr'>effunduntur</span> <span class='ocrx_word' id='word_1_794' title='bbox 1104 4853 1117 4893; x_wconf 87' lang='lat'><strong>:</strong></span> <span class='ocrx_word' id='word_1_795' title='bbox 1142 4853 1273 4909; x_wconf 73' lang='lat' dir='ltr'>quis</span> <span class='ocrx_word' id='word_1_796' title='bbox 1292 4842 1488 4895; x_wconf 86' lang='lat' dir='ltr'>autem</span> <span class='ocrx_word' id='word_1_797' title='bbox 1511 4856 1627 4896; x_wconf 91' lang='lat' dir='ltr'>non</span> <span class='ocrx_word' id='word_1_798' title='bbox 1648 4841 1951 4915; x_wconf 88' lang='lat' dir='ltr'>irrigatur,</span> <span class='ocrx_word' id='word_1_799' title='bbox 1985 4845 2095 4900; x_wconf 89' lang='lat' dir='ltr'>sic-</span> 
     </span>
    </p>
   </div>
   <div class='ocr_carea' id='block_1_97' title="bbox 444 4920 2096 5003">
    <p class='ocr_par' dir='ltr' id='par_1_97' title="bbox 444 4920 2096 5003">
     <span class='ocr_line' id='line_1_97' title="bbox 444 4920 2096 5003; baseline 0.01 -30"><span class='ocrx_word' id='word_1_800' title='bbox 444 4921 630 4974; x_wconf 81' lang='lat' dir='ltr'>catur.</span> <span class='ocrx_word' id='word_1_801' title='bbox 687 4920 866 4977; x_wconf 80' lang='lat' dir='ltr'>anet</span> <span class='ocrx_word' id='word_1_802' title='bbox 928 4923 1204 4980; x_wconf 88' lang='lat' dir='ltr'>similiter</span> <span class='ocrx_word' id='word_1_803' title='bbox 1256 4930 1475 4983; x_wconf 89' lang='lat' dir='ltr'>terram</span> <span class='ocrx_word' id='word_1_804' title='bbox 1532 4928 1759 4985; x_wconf 87' lang='lat' dir='ltr'>fructus</span> <span class='ocrx_word' id='word_1_805' title='bbox 1813 4932 2005 5003; x_wconf 90' lang='lat' dir='ltr'>edere,</span> <span class='ocrx_word' id='word_1_806' title='bbox 2038 4936 2096 4989; x_wconf 91' lang='lat' dir='ltr'>et</span> 
     </span>
    </p>
   </div>
   <div class='ocr_carea' id='block_1_98' title="bbox 441 5003 2094 5093">
    <p class='ocr_par' dir='ltr' id='par_1_98' title="bbox 441 5003 2094 5093">
     <span class='ocr_line' id='line_1_98' title="bbox 441 5003 2094 5093; baseline 0.01 -32"><span class='ocrx_word' id='word_1_807' title='bbox 441 5003 759 5063; x_wconf 80' lang='lat' dir='ltr'>Jeremiam</span> <span class='ocrx_word' id='word_1_808' title='bbox 789 5007 850 5064; x_wconf 91' lang='lat' dir='ltr'>in</span> <span class='ocrx_word' id='word_1_809' title='bbox 877 5013 1043 5067; x_wconf 89' lang='lat' dir='ltr'>utero</span> <span class='ocrx_word' id='word_1_810' title='bbox 1077 5011 1311 5069; x_wconf 83' lang='lat' dir='ltr'>format.</span> <span class='ocrx_word' id='word_1_811' title='bbox 1336 5014 1396 5069; x_wconf 92' lang='lat' dir='ltr'>Si</span> <span class='ocrx_word' id='word_1_812' title='bbox 1425 5031 1597 5087; x_wconf 91' lang='lat' dir='ltr'>porro</span> <span class='ocrx_word' id='word_1_813' title='bbox 1628 5017 1748 5074; x_wconf 68' lang='lat' dir='ltr'>hzec</span> <span class='ocrx_word' id='word_1_814' title='bbox 1779 5036 1937 5075; x_wconf 90' lang='lat' dir='ltr'>nunc</span> <span class='ocrx_word' id='word_1_815' title='bbox 1967 5022 2094 5093; x_wconf 91' lang='lat' dir='ltr'>ipse</span> 
     </span>
    </p>
   </div>
   <div class='ocr_carea' id='block_1_99' title="bbox 443 5093 2095 5178">
    <p class='ocr_par' dir='ltr' id='par_1_99' title="bbox 443 5093 2095 5178">
     <span class='ocr_line' id='line_1_99' title="bbox 443 5093 2095 5178; baseline 0.009 -29"><span class='ocrx_word' id='word_1_816' title='bbox 443 5093 897 5163; x_wconf 83' lang='lat' dir='ltr'>efﬁcit,dubium</span> <span class='ocrx_word' id='word_1_817' title='bbox 930 5102 1083 5156; x_wconf 86' lang='lat' dir='ltr'>certe</span> <span class='ocrx_word' id='word_1_818' title='bbox 1099 5117 1219 5156; x_wconf 91' lang='lat' dir='ltr'>non</span> <span class='ocrx_word' id='word_1_819' title='bbox 1248 5107 1337 5158; x_wconf 90' lang='lat' dir='ltr'>est</span> <span class='ocrx_word' id='word_1_820' title='bbox 1357 5104 1499 5175; x_wconf 91' lang='lat' dir='ltr'>quin</span> <span class='ocrx_word' id='word_1_821' title='bbox 1530 5104 1656 5178; x_wconf 90' lang='lat' dir='ltr'>ipse</span> <span class='ocrx_word' id='word_1_822' title='bbox 1676 5106 1853 5162; x_wconf 89' lang='lat' dir='ltr'>etiam</span> <span class='ocrx_word' id='word_1_823' title='bbox 1884 5108 1957 5164; x_wconf 93' lang='lat' dir='ltr'>ab</span> <span class='ocrx_word' id='word_1_824' title='bbox 1988 5108 2095 5164; x_wconf 83' lang='lat' dir='ltr'>ini-</span> 
     </span>
    </p>
   </div>
   <div class='ocr_carea' id='block_1_100' title="bbox 440 5181 2091 5267">
    <p class='ocr_par' dir='ltr' id='par_1_100' title="bbox 440 5181 2091 5267">
     <span class='ocr_line' id='line_1_100' title="bbox 440 5181 2091 5267; baseline 0.01 -28"><span class='ocrx_word' id='word_1_825' title='bbox 440 5181 523 5241; x_wconf 87' lang='lat' dir='ltr'>tio</span> <span class='ocrx_word' id='word_1_826' title='bbox 549 5182 861 5258; x_wconf 80' lang='lat' dir='ltr'>indignum</span> <span class='ocrx_word' id='word_1_827' title='bbox 890 5204 954 5245; x_wconf 89' lang='lat' dir='ltr'>se</span> <span class='ocrx_word' id='word_1_828' title='bbox 980 5204 1100 5246; x_wconf 91' lang='lat' dir='ltr'>non</span> <span class='ocrx_word' id='word_1_829' title='bbox 1131 5193 1420 5262; x_wconf 88' lang='lat' dir='ltr'>putaverit</span> <span class='ocrx_word' id='word_1_830' title='bbox 1474 5196 1675 5252; x_wconf 89' lang='lat' dir='ltr'>omnia</span> <span class='ocrx_word' id='word_1_831' title='bbox 1700 5212 1804 5267; x_wconf 87' lang='lat' dir='ltr'>per</span> <span class='ocrx_word' id='word_1_832' title='bbox 1830 5196 2091 5255; x_wconf 87' lang='lat' dir='ltr'>Verbum</span> 
     </span>
    </p>
   </div>
   <div class='ocr_carea' id='block_1_101' title="bbox 2205 4394 3859 4476">
    <p class='ocr_par' dir='ltr' id='par_1_101' title="bbox 2205 4394 3859 4476">
     <span class='ocr_line' id='line_1_101' title="bbox 2205 4394 3859 4476; baseline 0.005 -26"><span class='ocrx_word' id='word_1_833' title='bbox 2205 4394 2412 4457; x_wconf 81' lang='grc' dir='ltr'>δεικνὺς</span> <span class='ocrx_word' id='word_1_834' title='bbox 2462 4394 2668 4471; x_wconf 59' lang='grc' dir='ltr'>ἔλεγεν</span> <span class='ocrx_word' id='word_1_835' title='bbox 2718 4397 2781 4454; x_wconf 85' lang='grc' dir='ltr'>Ἡ</span> <span class='ocrx_word' id='word_1_836' title='bbox 2839 4396 2962 4476; x_wconf 84' lang='grc' dir='ltr'>χείρ</span> <span class='ocrx_word' id='word_1_837' title='bbox 3010 4419 3116 4471; x_wconf 86' lang='grc' dir='ltr'>μου</span> <span class='ocrx_word' id='word_1_838' title='bbox 3165 4398 3386 4469; x_wconf 78' lang='grc' dir='ltr'>ἐποίησε</span> <span class='ocrx_word' id='word_1_839' title='bbox 3439 4404 3606 4457; x_wconf 87' lang='grc' dir='ltr'>ταῦτα</span> <span class='ocrx_word' id='word_1_840' title='bbox 3651 4400 3859 4458; x_wconf 61' lang='lat' dir='ltr'>mina“</span> 
     </span>
    </p>
   </div>
   <div class='ocr_carea' id='block_1_102' title="bbox 2201 4482 3859 4563">
    <p class='ocr_par' dir='ltr' id='par_1_102' title="bbox 2201 4482 3859 4563">
     <span class='ocr_line' id='line_1_102' title="bbox 2201 4482 3859 4563; baseline 0.005 -24"><span class='ocrx_word' id='word_1_841' title='bbox 2201 4506 2229 4539; x_wconf 95' lang='grc' dir='ltr'>ο</span> <span class='ocrx_word' id='word_1_842' title='bbox 2264 4482 2321 4539; x_wconf 75' lang='grc' dir='ltr'>δὲ</span> <span class='ocrx_word' id='word_1_843' title='bbox 2377 4484 2593 4548; x_wconf 85' lang='grc' dir='ltr'>Παῦλος</span> <span class='ocrx_word' id='word_1_844' title='bbox 2648 4490 2810 4541; x_wconf 88' lang='grc' dir='ltr'>τοῦτο</span> <span class='ocrx_word' id='word_1_845' title='bbox 2873 4486 3057 4561; x_wconf 84' lang='grc' dir='ltr'>μαθὼν</span> <span class='ocrx_word' id='word_1_846' title='bbox 3119 4484 3415 4545; x_wconf 75' lang='grc' dir='ltr'>ἰδιδασκεν·</span> <span class='ocrx_word' id='word_1_847' title='bbox 3468 4490 3559 4552; x_wconf 80' lang='grc' dir='ltr'>Εἷς</span> <span class='ocrx_word' id='word_1_848' title='bbox 3598 4490 3752 4563; x_wconf 78' lang='grc' dir='ltr'>Θεὸς,</span> <span class='ocrx_word' id='word_1_849' title='bbox 3786 4489 3859 4562; x_wconf 70' lang='grc' dir='ltr'>ἐξ*</span> 
     </span>
    </p>
   </div>
   <div class='ocr_carea' id='block_1_103' title="bbox 2202 4564 3864 4653">
    <p class='ocr_par' dir='ltr' id='par_1_103' title="bbox 2202 4564 3864 4653">
     <span class='ocr_line' id='line_1_103' title="bbox 2202 4564 3864 4653; baseline 0.003 -24"><span class='ocrx_word' id='word_1_850' title='bbox 2202 4574 2263 4629; x_wconf 82' lang='grc' dir='ltr'>οὗ</span> <span class='ocrx_word' id='word_1_851' title='bbox 2317 4574 2384 4628; x_wconf 72' lang='grc' dir='ltr'>τὰ</span> <span class='ocrx_word' id='word_1_852' title='bbox 2440 4575 2633 4647; x_wconf 79' lang='grc' dir='ltr'>πάντα,</span> <span class='ocrx_word' id='word_1_853' title='bbox 2690 4575 2778 4629; x_wconf 79' lang='grc' dir='ltr'>καὶ</span> <span class='ocrx_word' id='word_1_854' title='bbox 2828 4575 2902 4637; x_wconf 81' lang='grc' dir='ltr'>εἶς</span> <span class='ocrx_word' id='word_1_855' title='bbox 2960 4575 3163 4652; x_wconf 77' lang='grc' dir='ltr'>Κύριος</span> <span class='ocrx_word' id='word_1_856' title='bbox 3217 4574 3429 4647; x_wconf 86' lang='grc' dir='ltr'>Ἰησοῦς</span> <span class='ocrx_word' id='word_1_857' title='bbox 3471 4578 3724 4653; x_wconf 80' lang='grc' dir='ltr'>Χριστὸς,</span> <span class='ocrx_word' id='word_1_858' title='bbox 3787 4564 3864 4634; x_wconf 76' lang='grc' dir='ltr'>δι’</span> 
     </span>
    </p>
   </div>
   <div class='ocr_carea' id='block_1_104' title="bbox 2201 4662 3858 4743">
    <p class='ocr_par' dir='ltr' id='par_1_104' title="bbox 2201 4662 3858 4743">
     <span class='ocr_line' id='line_1_104' title="bbox 2201 4662 3858 4743; baseline 0.004 -27"><span class='ocrx_word' id='word_1_859' title='bbox 2201 4663 2264 4716; x_wconf 82' lang='grc' dir='ltr'>οὗ</span> <span class='ocrx_word' id='word_1_860' title='bbox 2292 4662 2359 4717; x_wconf 79' lang='grc' dir='ltr'>τὰ</span> <span class='ocrx_word' id='word_1_861' title='bbox 2404 4662 2596 4719; x_wconf 90' lang='grc' dir='ltr'>πάντα.</span> <span class='ocrx_word' id='word_1_862' title='bbox 2644 4662 2817 4725; x_wconf 70' lang='grc' dir='ltr'>Αὐτὸς</span> <span class='ocrx_word' id='word_1_863' title='bbox 2864 4664 3107 4739; x_wconf 83' lang='grc' dir='ltr'>γοῦνεᾶεὶ</span> <span class='ocrx_word' id='word_1_864' title='bbox 3158 4666 3248 4721; x_wconf 83' lang='grc' dir='ltr'>καὶ</span> <span class='ocrx_word' id='word_1_865' title='bbox 3294 4670 3386 4721; x_wconf 88' lang='grc' dir='ltr'>νῦν</span> <span class='ocrx_word' id='word_1_866' title='bbox 3433 4664 3583 4743; x_wconf 87' lang='grc' dir='ltr'>λέγει</span> <span class='ocrx_word' id='word_1_867' title='bbox 3630 4672 3712 4740; x_wconf 80' lang='grc' dir='ltr'>τῷ</span> <span class='ocrx_word' id='word_1_868' title='bbox 3758 4668 3858 4741; x_wconf 78' lang='grc' dir='ltr'>μὶν</span> 
     </span>
    </p>
   </div>
   <div class='ocr_carea' id='block_1_105' title="bbox 2201 4748 3858 4833">
    <p class='ocr_par' dir='ltr' id='par_1_105' title="bbox 2201 4748 3858 4833">
     <span class='ocr_line' id='line_1_105' title="bbox 2201 4748 3858 4833; baseline 0.004 -29"><span class='ocrx_word' id='word_1_869' title='bbox 2201 4750 2369 4823; x_wconf 84' lang='grc' dir='ltr'>ἡλίῳ,</span> <span class='ocrx_word' id='word_1_870' title='bbox 2401 4750 2490 4805; x_wconf 80' lang='grc' dir='ltr'>καὶ</span> <span class='ocrx_word' id='word_1_871' title='bbox 2521 4748 2827 4821; x_wconf 84' lang='grc' dir='ltr'>ἀνατέλλει,</span> <span class='ocrx_word' id='word_1_872' title='bbox 2858 4757 2976 4815; x_wconf 88' lang='grc' dir='ltr'>ταῖς</span> <span class='ocrx_word' id='word_1_873' title='bbox 3024 4751 3082 4808; x_wconf 77' lang='grc' dir='ltr'>δὲ</span> <span class='ocrx_word' id='word_1_874' title='bbox 3111 4752 3361 4833; x_wconf 81' lang='grc' dir='ltr'>νεφέλαις</span> <span class='ocrx_word' id='word_1_875' title='bbox 3409 4752 3738 4827; x_wconf 77' lang='grc' dir='ltr'>ἐντέλλεται,</span> <span class='ocrx_word' id='word_1_876' title='bbox 3765 4755 3858 4812; x_wconf 87' lang='grc' dir='ltr'>καὶ</span> 
     </span>
    </p>
   </div>
   <div class='ocr_carea' id='block_1_106' title="bbox 2206 4839 3857 4919">
    <p class='ocr_par' dir='ltr' id='par_1_106' title="bbox 2206 4839 3857 4919">
     <span class='ocr_line' id='line_1_106' title="bbox 2206 4839 3857 4919; baseline 0.002 -25"><span class='ocrx_word' id='word_1_877' title='bbox 2206 4840 2392 4915; x_wconf 85' lang='grc' dir='ltr'>βρέχει</span> <span class='ocrx_word' id='word_1_878' title='bbox 2437 4839 2525 4895; x_wconf 80' lang='grc' dir='ltr'>ἐπὶ</span> <span class='ocrx_word' id='word_1_879' title='bbox 2576 4839 2703 4912; x_wconf 86' lang='grc' dir='ltr'>μίαν</span> <span class='ocrx_word' id='word_1_880' title='bbox 2754 4839 2976 4914; x_wconf 78' lang='grc' dir='ltr'>μερίδα⁵</span> <span class='ocrx_word' id='word_1_881' title='bbox 3027 4840 3107 4918; x_wconf 77' lang='grc' dir='ltr'>ἐφ’</span> <span class='ocrx_word' id='word_1_882' title='bbox 3160 4843 3228 4912; x_wconf 76' lang='grc' dir='ltr'>ἣν</span> <span class='ocrx_word' id='word_1_883' title='bbox 3279 4839 3338 4897; x_wconf 73' lang='grc' dir='ltr'>δὲ</span> <span class='ocrx_word' id='word_1_884' title='bbox 3380 4842 3444 4898; x_wconf 75' lang='grc' dir='ltr'>οὐ</span> <span class='ocrx_word' id='word_1_885' title='bbox 3499 4842 3707 4919; x_wconf 74' lang='grc' dir='ltr'>βρέχει,</span> <span class='ocrx_word' id='word_1_886' title='bbox 3760 4844 3857 4915; x_wconf 74' lang='grc' dir='ltr'>ξη-</span> 
     </span>
    </p>
   </div>
   <div class='ocr_carea' id='block_1_107' title="bbox 2202 4928 3861 5008">
    <p class='ocr_par' dir='ltr' id='par_1_107' title="bbox 2202 4928 3861 5008">
     <span class='ocr_line' id='line_1_107' title="bbox 2202 4928 3861 5008; baseline 0.003 -25"><span class='ocrx_word' id='word_1_887' title='bbox 2202 4928 2435 5004; x_wconf 87' lang='grc' dir='ltr'>ραίνεται</span> <span class='ocrx_word' id='word_1_888' title='bbox 2470 4970 2482 4983; x_wconf 92' lang='grc'><em>.</em></span> <span class='ocrx_word' id='word_1_889' title='bbox 2542 4929 2641 4983; x_wconf 83' lang='grc' dir='ltr'>Καὶ</span> <span class='ocrx_word' id='word_1_890' title='bbox 2698 4930 2796 4997; x_wconf 76' lang='grc' dir='ltr'>τὴν</span> <span class='ocrx_word' id='word_1_891' title='bbox 2859 4930 2954 5001; x_wconf 75' lang='grc' dir='ltr'>μὲν</span> <span class='ocrx_word' id='word_1_892' title='bbox 3008 4936 3112 5004; x_wconf 83' lang='grc' dir='ltr'>γῆν</span> <span class='ocrx_word' id='word_1_893' title='bbox 3172 4929 3381 4987; x_wconf 76' lang='grc' dir='ltr'>κελεύει</span> <span class='ocrx_word' id='word_1_894' title='bbox 3433 4930 3562 4994; x_wconf 76' lang='grc' dir='ltr'>τοὺς</span> <span class='ocrx_word' id='word_1_895' title='bbox 3617 4931 3861 5008; x_wconf 77' lang='grc' dir='ltr'>καρποὺς</span> 
     </span>
    </p>
   </div>
   <div class='ocr_carea' id='block_1_108' title="bbox 2201 5013 3857 5094">
    <p class='ocr_par' dir='ltr' id='par_1_108' title="bbox 2201 5013 3857 5094">
     <span class='ocr_line' id='line_1_108' title="bbox 2201 5013 3857 5094; baseline 0.004 -22"><span class='ocrx_word' id='word_1_896' title='bbox 2201 5014 2544 5086; x_wconf 85' lang='grc' dir='ltr'>ἀποδιδόναι,</span> <span class='ocrx_word' id='word_1_897' title='bbox 2589 5017 2681 5072; x_wconf 86' lang='grc' dir='ltr'>τὸν</span> <span class='ocrx_word' id='word_1_898' title='bbox 2741 5013 2799 5072; x_wconf 72' lang='grc' dir='ltr'>δὲ</span> <span class='ocrx_word' id='word_1_899' title='bbox 2854 5018 3112 5094; x_wconf 83' lang='grc' dir='ltr'>Ἰερεμίαν</span> <span class='ocrx_word' id='word_1_900' title='bbox 3163 5018 3215 5075; x_wconf 75' lang='grc' dir='ltr'>ἐν</span> <span class='ocrx_word' id='word_1_901' title='bbox 3262 5023 3332 5094; x_wconf 75' lang='grc' dir='ltr'>τῇ</span> <span class='ocrx_word' id='word_1_902' title='bbox 3381 5017 3570 5093; x_wconf 82' lang='grc' dir='ltr'>κοιλίᾳ</span> <span class='ocrx_word' id='word_1_903' title='bbox 3607 5018 3857 5079; x_wconf 79' lang='grc' dir='ltr'>πλάττει.</span> 
     </span>
    </p>
   </div>
   <div class='ocr_carea' id='block_1_109' title="bbox 2201 5103 3859 5187">
    <p class='ocr_par' dir='ltr' id='par_1_109' title="bbox 2201 5103 3859 5187">
     <span class='ocr_line' id='line_1_109' title="bbox 2201 5103 3859 5187; baseline 0.002 -26"><span class='ocrx_word' id='word_1_904' title='bbox 2201 5105 2264 5161; x_wconf 84' lang='grc' dir='ltr'>Εἰ</span> <span class='ocrx_word' id='word_1_905' title='bbox 2313 5103 2371 5161; x_wconf 81' lang='grc' dir='ltr'>δὲ</span> <span class='ocrx_word' id='word_1_906' title='bbox 2419 5110 2586 5161; x_wconf 84' lang='grc' dir='ltr'>ταῦτα</span> <span class='ocrx_word' id='word_1_907' title='bbox 2628 5110 2719 5161; x_wconf 89' lang='grc' dir='ltr'>νῦν</span> <span class='ocrx_word' id='word_1_908' title='bbox 2770 5104 2930 5168; x_wconf 83' lang='grc' dir='ltr'>αὐτὸς</span> <span class='ocrx_word' id='word_1_909' title='bbox 2971 5112 3141 5180; x_wconf 87' lang='grc' dir='ltr'>ποιεῖ,</span> <span class='ocrx_word' id='word_1_910' title='bbox 3175 5107 3275 5164; x_wconf 78' lang='grc' dir='ltr'>οὐκ</span> <span class='ocrx_word' id='word_1_911' title='bbox 3327 5106 3468 5166; x_wconf 76' lang='grc' dir='ltr'>ἔστιν</span> <span class='ocrx_word' id='word_1_912' title='bbox 3519 5105 3859 5187; x_wconf 76' lang='grc' dir='ltr'>ἀμφίϐολον,</span> 
     </span>
    </p>
   </div>
   <div class='ocr_carea' id='block_1_110' title="bbox 2201 5193 3865 5271">
    <p class='ocr_par' dir='ltr' id='par_1_110' title="bbox 2201 5193 3865 5271">
     <span class='ocr_line' id='line_1_110' title="bbox 2201 5193 3865 5271; baseline 0.003 -20"><span class='ocrx_word' id='word_1_913' title='bbox 2201 5195 2285 5251; x_wconf 78' lang='grc' dir='ltr'>δτι</span> <span class='ocrx_word' id='word_1_914' title='bbox 2335 5194 2428 5250; x_wconf 85' lang='grc' dir='ltr'>καὶ</span> <span class='ocrx_word' id='word_1_915' title='bbox 2473 5194 2614 5266; x_wconf 33' lang='grc' dir='ltr'>κατὰ,</span> <span class='ocrx_word' id='word_1_916' title='bbox 2646 5194 2748 5264; x_wconf 81' lang='grc' dir='ltr'>τὴν</span> <span class='ocrx_word' id='word_1_917' title='bbox 2806 5193 2984 5271; x_wconf 75' lang='grc' dir='ltr'>ἀρχὴν</span> <span class='ocrx_word' id='word_1_918' title='bbox 3054 5193 3156 5251; x_wconf 76' lang='grc' dir='ltr'>οὐκ</span> <span class='ocrx_word' id='word_1_919' title='bbox 3208 5195 3519 5270; x_wconf 73' lang='grc' dir='ltr'>ἀπηξίωσεν</span> <span class='ocrx_word' id='word_1_920' title='bbox 3567 5197 3729 5262; x_wconf 66' lang='grc' dir='ltr'>αὐτὸς</span> <span class='ocrx_word' id='word_1_921' title='bbox 3791 5197 3865 5256; x_wconf 78' lang='grc' dir='ltr'>τὰ</span> 
     </span>
    </p>
   </div>
   <div class='ocr_carea' id='block_1_111' title="bbox 516 5378 2087 5464">
    <p class='ocr_par' dir='ltr' id='par_1_111' title="bbox 516 5378 2073 5461">
     <span class='ocr_line' id='line_1_111' title="bbox 516 5378 2073 5461; baseline 0.009 -24"><span class='ocrx_word' id='word_1_922' title='bbox 516 5378 563 5422; x_wconf 74' lang='grc'>²⁴</span> <span class='ocrx_word' id='word_1_923' title='bbox 592 5381 706 5439; x_wconf 87' lang='lat' dir='ltr'>Isa.</span> <span class='ocrx_word' id='word_1_924' title='bbox 729 5398 820 5455; x_wconf 72' lang='lat' dir='ltr'>XL,</span> <span class='ocrx_word' id='word_1_925' title='bbox 846 5382 940 5440; x_wconf 87' lang='lat'>23.</span> <span class='ocrx_word' id='word_1_926' title='bbox 971 5383 1017 5420; x_wconf 71' lang='grc'>³⁸</span> <span class='ocrx_word' id='word_1_927' title='bbox 1045 5383 1197 5443; x_wconf 87' lang='lat' dir='ltr'>Psal.</span> <span class='ocrx_word' id='word_1_928' title='bbox 1230 5402 1380 5456; x_wconf 77' lang='lat' dir='ltr'><strong>XCIX,</strong></span> <span class='ocrx_word' id='word_1_929' title='bbox 1410 5388 1465 5445; x_wconf 91' lang='lat'>3.</span> <span class='ocrx_word' id='word_1_930' title='bbox 1498 5389 1543 5427; x_wconf 83' lang='grc'>²⁶</span> <span class='ocrx_word' id='word_1_931' title='bbox 1572 5391 1683 5449; x_wconf 89' lang='lat' dir='ltr'>Isa.</span> <span class='ocrx_word' id='word_1_932' title='bbox 1716 5408 1863 5461; x_wconf 79' lang='lat' dir='ltr'>um,</span> <span class='ocrx_word' id='word_1_933' title='bbox 1892 5395 1951 5450; x_wconf 85' lang='lat'>2.</span> <span class='ocrx_word' id='word_1_934' title='bbox 2029 5394 2073 5429; x_wconf 77' lang='grc'>³⁷</span> 
     </span>
    </p>
   </div>
   <div class='ocr_carea' id='block_1_112' title="bbox 2197 5378 2529 5464">
    <p class='ocr_par' dir='ltr' id='par_1_112' title="bbox 2197 5393 2529 5464">
     <span class='ocr_line' id='line_1_112' title="bbox 2197 5393 2529 5464; baseline 0 -14"><span class='ocrx_word' id='word_1_935' title='bbox 2197 5396 2288 5451; x_wconf 68' lang='lat' dir='ltr'>Lor.</span> <span class='ocrx_word' id='word_1_936' title='bbox 2318 5409 2443 5464; x_wconf 85' lang='lat' dir='ltr'>vm,</span> <span class='ocrx_word' id='word_1_937' title='bbox 2472 5393 2529 5450; x_wconf 87' lang='lat'>6.</span> 
     </span>
    </p>
   </div>
   <div class='ocr_carea' id='block_1_113' title="bbox 496 5581 2084 5669">
    <p class='ocr_par' dir='ltr' id='par_1_113' title="bbox 496 5581 2084 5669">
     <span class='ocr_line' id='line_1_113' title="bbox 496 5581 2084 5669; baseline 0.009 -30"><span class='ocrx_word' id='word_1_938' title='bbox 664 5581 800 5640; x_wconf 75' lang='grc' dir='ltr'>Οὖδὶ</span> <span class='ocrx_word' id='word_1_939' title='bbox 829 5586 1086 5669; x_wconf 48' lang='grc' dir='ltr'>κοπιάσει.</span> <span class='ocrx_word' id='word_1_940' title='bbox 1124 5589 1288 5669; x_wconf 73' lang='lat' dir='ltr'>abest</span> <span class='ocrx_word' id='word_1_941' title='bbox 1315 5607 1350 5669; x_wconf 57' lang='grc' dir='ltr'>ξ</span> <span class='ocrx_word' id='word_1_942' title='bbox 1402 5592 1657 5669; x_wconf 72' lang='lat' dir='ltr'>Felclim.</span> <span class='ocrx_word' id='word_1_943' title='bbox 1706 5596 1957 5669; x_wconf 86' lang='lat' dir='ltr'>septimo</span> <span class='ocrx_word' id='word_1_944' title='bbox 1988 5612 2084 5653; x_wconf 84' lang='lat'>00-</span> 
     </span>
    </p>
   </div>
   <div class='ocr_carea' id='block_1_114' title="bbox 452 5650 1584 5727">
    <p class='ocr_par' dir='ltr' id='par_1_114' title="bbox 452 5650 1584 5727">
     <span class='ocr_line' id='line_1_114' title="bbox 452 5650 1584 5727; baseline 0.012 -21"><span class='ocrx_word' id='word_1_945' title='bbox 452 5650 579 5708; x_wconf 87' lang='lat' dir='ltr'>dice</span> <span class='ocrx_word' id='word_1_946' title='bbox 609 5650 921 5727; x_wconf 83' lang='lat' dir='ltr'>anonymo,</span> <span class='ocrx_word' id='word_1_947' title='bbox 950 5663 1008 5716; x_wconf 86' lang='lat' dir='ltr'>et</span> <span class='ocrx_word' id='word_1_948' title='bbox 1035 5660 1108 5717; x_wconf 91' lang='lat' dir='ltr'>ab</span> <span class='ocrx_word' id='word_1_949' title='bbox 1138 5662 1273 5719; x_wconf 90' lang='lat' dir='ltr'>edit.</span> <span class='ocrx_word' id='word_1_950' title='bbox 1307 5650 1584 5721; x_wconf 53' lang='lat' dir='ltr'>Commel,</span> 
     </span>
    </p>
   </div>
   <div class='ocr_carea' id='block_1_115' title="bbox 2265 5592 3850 5670">
    <p class='ocr_par' dir='ltr' id='par_1_115' title="bbox 2265 5592 3850 5670">
     <span class='ocr_line' id='line_1_115' title="bbox 2265 5592 3850 5670; baseline 0.006 -20"><span class='ocrx_word' id='word_1_951' title='bbox 2265 5595 2376 5670; x_wconf 66' lang='lat'>(52)</span> <span class='ocrx_word' id='word_1_952' title='bbox 2405 5595 2546 5670; x_wconf 62' lang='lat' dir='ltr'>Reg,</span> <span class='ocrx_word' id='word_1_953' title='bbox 2580 5592 2669 5649; x_wconf 79' lang='grc' dir='ltr'>διὰ</span> <span class='ocrx_word' id='word_1_954' title='bbox 2694 5597 2792 5650; x_wconf 88' lang='grc' dir='ltr'>τοῦ</span> <span class='ocrx_word' id='word_1_955' title='bbox 2816 5592 3021 5670; x_wconf 39' lang='grc' dir='ltr'>,Λόγου</span> <span class='ocrx_word' id='word_1_956' title='bbox 3060 5594 3273 5666; x_wconf 71' lang='grc' dir='ltr'>ἑαυτοῦ,</span> <span class='ocrx_word' id='word_1_957' title='bbox 3326 5601 3395 5656; x_wconf 78' lang='lat' dir='ltr'>ut</span> <span class='ocrx_word' id='word_1_958' title='bbox 3439 5601 3501 5657; x_wconf 84' lang='lat' dir='ltr'>et</span> <span class='ocrx_word' id='word_1_959' title='bbox 3526 5595 3685 5657; x_wconf 81' lang='lat' dir='ltr'>infra</span> <span class='ocrx_word' id='word_1_960' title='bbox 3706 5598 3850 5663; x_wconf 77' lang='lat' dir='ltr'>ante</span> 
     </span>
    </p>
   </div>
   <div class='ocr_carea' id='block_1_116' title="bbox 2190 5662 2993 5744">
    <p class='ocr_par' dir='ltr' id='par_1_116' title="bbox 2190 5662 2993 5744">
     <span class='ocr_line' id='line_1_116' title="bbox 2190 5662 2993 5744; baseline 0.006 -24"><span class='ocrx_word' id='word_1_961' title='bbox 2190 5662 2258 5721; x_wconf 85' lang='grc' dir='ltr'>τὰ</span> <span class='ocrx_word' id='word_1_962' title='bbox 2273 5662 2459 5722; x_wconf 75' lang='grc' dir='ltr'>πάντα</span> <span class='ocrx_word' id='word_1_963' title='bbox 2483 5662 2551 5723; x_wconf 64' lang='grc' dir='ltr'>τά</span> <span class='ocrx_word' id='word_1_964' title='bbox 2576 5687 2636 5722; x_wconf 81' lang='grc' dir='ltr'>τε</span> <span class='ocrx_word' id='word_1_965' title='bbox 2658 5664 2855 5744; x_wconf 79' lang='grc' dir='ltr'>μικρά,</span> <span class='ocrx_word' id='word_1_966' title='bbox 2883 5662 2993 5725; x_wconf 75' lang='lat' dir='ltr'>etc.</span> 
     </span>
    </p>
   </div>
  </div>
