4152 6376
331 388 451 454 429

1401 389 1504 453 DE
1548 388 1935 452 DECRETIS
1980 387 2321 451 NICJENE
2364 389 2676 454 SYNODI.

3625 385 3746 452 430

327 521 497 578 πάντα
554 515 644 578 διὰ
687 525 784 578 τοῦ
841 520 1019 601 Λόγου
1071 529 1317 594 ποιῆσαι·
1358 522 1494 600 μέρη
1545 524 1645 600 γὰρ
1693 527 1797 577 τῶν
1831 520 1973 576 ὅλων

2118 529 2279 578 acere
2311 542 2323 579 :
2357 525 2573 596 quippe
2603 539 2738 580 cum
2789 522 2904 580 ista
2945 538 3142 580 rerum
3187 518 3595 580 universarum
3627 519 3746 578 sint

331 612 443 668 ἐστὶ
471 616 657 667 ταῦτα.

396 704 429 758 8
482 701 548 758 El
599 699 652 756 6?
702 699 732 756 ὅ
880 703 906 731 -“
977 700 1058 736 ’Ὗ
1289 705 1301 720 “
1503 703 1516 721 ‘
1647 700 1658 722 '
1776 723 1804 738 ε’
1927 707 1953 716 ”

436 743 447 754 .
633 745 656 756 ν
732 722 782 756 τι
840 723 914 773 μη
973 717 1194 757 εοδνατο
1244 725 1311 758 τα
1357 701 1525 758 λοιπα
1573 722 1842 774 κτισμα.α
1888 721 1990 769 της

327 791 559 865 ἀκρατου
590 791 781 867 χειρὸς
811 795 908 845 τοῦ
949 791 1239 866 ἀγεννήτου
1283 795 1403 866 ’(53)
1439 793 1535 860 τὴν
1588 791 1834 868 ἐργασίαν
1869 792 1992 866 βασ’

325 879 496 953 τάξαι,
545 880 711 953 μόνος
742 881 769 934 ὁ
802 881 926 942 Υἱὸς
975 881 1078 935 ὑπὸ
1140 881 1307 955 μόνου
1345 886 1440 936 τοῦ
1490 886 1622 937 Θεοῦ
1669 882 1875 957 γέγονε,
1925 880 1991 934 τὰ

325 967 371 1024 δ’
402 967 547 1024 ἄλλα
578 971 651 1031 ὡς
688 967 758 1023 δι’
791 970 1064 1045 ὑπουργοῦ
1113 971 1201 1024 καὶ
1260 972 1466 1046 βοηθοῦ
1497 975 1592 1024 τοῦ
1621 971 1747 1024 Υἱοῦ
1777 970 1985 1045 γέγονεο

324 1058 413 1113 καὶ
443 1062 602 1112 τοῦτο
634 1059 734 1134 γὰρ
767 1060 1040 1135 Ἀστέριος
1073 1061 1100 1113 6
1135 1059 1294 1122 θύσας
1331 1058 1577 1136 ἔγραψενο
1612 1061 1638 1113 6
1672 1057 1730 1114 δὲ
1769 1063 1987 1135 ’Ἄρειος

333 1149 674 1224 μεταγράψας
719 1145 922 1202 δέδωκε
970 1151 1080 1222 (54)
1131 1155 1249 1211 τοῖς
1295 1147 1472 1212 ἰδίοις’
1525 1150 1613 1206 καὶ
1669 1147 1862 1203 λοιπὸν
1913 1148 1989 1208 ὡς

335 1235 572 1309 καλάμῳ
617 1236 996 1312 τεθραυσμένῳ
1051 1242 1294 1314 χρῶνται
1341 1243 1420 1311 τῷ
1471 1238 1724 1316 ῥηματίῳ
1770 1238 1988 1314 τούτῳ,

337 1325 656 1401 ἀγνοοῦντες
709 1327 771 1380 τὸ
831 1326 882 1381 ἐν
943 1326 1088 1398 αὐτῷ
1146 1327 1344 1403 σαθρὸν
1405 1329 1457 1381 ο¹ι
1504 1331 1863 1406 παραφρονες.
1926 1325 1990 1380 Εἰ

329 1414 433 1490 γὰρ
484 1411 742 1469 ἀδύνατον
791 1418 856 1484 ἦν
902 1416 968 1469 τὰ
1014 1412 1218 1491 γενητᾶ
1269 1418 1520 1492 βαστάξαι
1568 1419 1665 1484 τὴν
1700 1421 1862 1491 χεῖρα
1893 1419 1989 1469 τοῦ

325 1507 478 1558 Θεοῦ·
536 1499 644 1558 ἔστι
707 1501 763 1558 δὲ
819 1506 938 1568 καθ’
999 1506 1138 1578 ὑμᾶς
1197 1506 1224 1560 6
1277 1507 1398 1567 Υἱὸς
1460 1508 1537 1568 εἷς
1566 1510 1673 1560 τῶν
1723 1508 1987 1580 γενητῶν·

329 1597 448 1654 πῶς
473 1591 636 1654 αὐτὸς
667 1590 916 1664 ἠδυνήθη
960 1594 1202 1670 γενέσθαι
1252 1595 1396 1669 παρᾶ
1449 1595 1616 1667 μόνου
1663 1599 1761 1647 τοῦ
1801 1596 1936 1648 Θεοῦ
1975 1609 1988 1660 ;

329 1681 428 1736 Καὶ
462 1681 508 1736 εἰ
535 1680 627 1736 τίνα
654 1682 721 1736 τὰ
757 1684 957 1758 γενητὰ
1007 1684 1253 1758 γένηται,
1309 1683 1529 1756 μεσίτου
1571 1683 1758 1759 γέγονε
1806 1680 1988 1756 χρεία,

328 1770 554 1845 γενητὸς
588 1767 646 1825 66
671 1773 790 1836 καθ’
843 1773 981 1845 ὑμᾶς
1033 1772 1170 1827 ἐστιν
1225 1774 1253 1827 6
1303 1772 1449 1834 Υἱός⁸
1484 1769 1588 1826 ἔδει
1642 1771 1732 1825 καὶ
1761 1770 1865 1846 πρὸ
1897 1769 1990 1823 αῦ-

329 1863 426 1914 τοῦ
460 1859 620 1933 μέσον
641 1862 763 1915 τινὰ
812 1861 965 1933 εἶναι,
997 1860 1087 1916 ’ίνα
1131 1866 1343 1934 κτισθῇ·
1377 1866 1474 1916 τοῦ
1527 1859 1583 1915 δὲ
1636 1859 1853 1933 μεσίτου
1886 1859 1987 1912 πά·
2021 1897 2069 1963 Β

334 1945 354 1963 \
551 1947 565 1963 \
668 1949 681 1963 9
759 1955 785 1963 au
911 1950 922 1963 1
1355 1951 1365 1963 1
1649 1951 1671 1963 υ
1912 1946 1937 1963 ΙΙ

334 1945 419 2002 λιν
479 1947 566 2002 καὶ
624 1949 789 2004 αὐτοῦ
836 1950 1130 2024 κτίσματος
1189 1951 1582 2026 τυγχάνοντος,
1644 1951 1860 2025 ἄραρεν,
1907 1946 1990 2002 ὅτι

337 2036 583 2099 κάκεῖνος
617 2035 792 2094 ἐδέετο
828 2040 1047 2113 μεσίτου
1097 2040 1283 2115 ἑτέρου
1331 2039 1466 2115 πρὸς
1497 2041 1594 2108 τήν
1627 2037 1762 2094 ἰδίαν
1800 2039 1990 2092 σύστα-

345 2146 446 2180 σιν.
482 2124 586 2182 Κᾶν
613 2149 697 2189 τις
746 2126 918 2183 ἄλλον
969 2129 1250 2203 ἐπινοήσῃ,
1295 2131 1680 2204 προεπινοήσει
1727 2129 1817 2182 τὸν
1862 2126 1994 2181 ἐκεί-

337 2235 433 2268 νου
467 2215 714 2288 μεσίτην,
746 2216 884 2272 ὥστε
917 2218 1004 2272 καὶ
1055 2218 1130 2280 εἰς
1181 2219 1402 2292 ἄπειρον
1459 2216 1718 2273 ἐκπεσεῖν.
1754 2216 1906 2270 Οὕτω
1939 2213 1996 2270 δὲ

339 2302 420 2357 ἀεὶ
449 2308 546 2358 τοῦ
580 2304 801 2377 μεσίτου
849 2309 1204 2380 ζητουμένου,
1258 2305 1384 2362 οὐδὲ
1430 2309 1464 2376 ἡ
1517 2307 1689 2369 κτίσις
1742 2311 1996 2375 συστῆναι

341 2388 623 2462 δυνήσεται
677 2391 764 2448 διὰ
809 2394 870 2448 τὸ
926 2395 1001 2467 μὴ
1057 2392 1350 2464 δύνασθαι,
1399 2395 1473 2458 ὡς
1531 2393 1738 2470 λέγετε,
1795 2391 2000 2466 μηδένα

339 2483 445 2533 τῶν
472 2485 711 2556 γενητῶν
749 2481 1002 2557 βαστάξαι
1051 2483 1149 2551 τὴν
1202 2483 1443 2559 ἄκρατον
1491 2489 1652 2558 χεῖρα
1681 2487 1776 2537 τοῦ
1809 2483 2002 2556 ἀγενή-

339 2588 436 2623 του
466 2570 598 2643 (55).
646 2571 710 2624 Εἰ
769 2569 846 2644 δὲ,
903 2571 966 2626 τὸ
1023 2569 1224 2627 ἄτοπον
1277 2577 1439 2627 τοῦτο
1498 2576 1850 2648 συνορῶντες,
1908 2569 2001 2647 ἄρα·

342 2669 506 2733 χεσθε
535 2657 734 2734 λέγειν,
782 2660 864 2714 ὅτι
896 2661 923 2714 ὁ
971 2661 1117 2731 Υἱὸς,
1153 2660 1354 2735 κτίσμα
1404 2658 1499 2732 ὢν,
1555 2661 1733 2724 ἱκανὸς
1782 2661 2000 2735 γέγονεν

344 2745 483 2802 ὥστε
530 2748 632 2803 ὑπὸ
685 2753 782 2804 τοῦ
842 2750 1109 2824 ἀγενήτου
1165 2752 1279 2824 (56)
1336 2751 1602 2825 γενέσθαι·
1663 2750 1714 2820 ἐξ
1769 2749 2003 2825 ἀνάγκης

344 2834 434 2890 καὶ
489 2836 557 2890 τὰ
612 2834 758 2893 ἄλλα
812 2837 1003 2910 πάντα,
1059 2838 1262 2913 γενητὰ
1305 2833 1454 2912 ὄντα,
1508 2837 1706 2893 δυνατὰ
1754 2841 1818 2908 ἦν
1862 2839 2009 2914 παρὰ

346 2929 443 2980 τοῦ
488 2925 751 3002 ἀγενήτου
803 2927 1241 3004 αὖτουργηθῆναι
1302 2930 1436 3001 (57)·
1501 2928 1704 3002 κτίσμα
1750 2929 1851 3004 γὰρ
1896 2929 2010 2982 καθ’

347 3014 488 3087 ὑμᾶς
541 3015 812 3084 κάκεῖνος,
871 3014 1054 3094 ὥσπερ
1117 3015 1207 3071 οῦν
1260 3017 1350 3071 καὶ
1407 3021 1575 3072 ταῦτα
1627 3018 1820 3088 πάντα,
1874 3015 2009 3071 ἔστι·

345 3103 434 3158 καὶ
485 3106 709 3178 περιττή
765 3103 963 3160 λοιπὸν
1009 3110 1107 3161 τοῦ
1156 3105 1336 3181 Λόγου
1384 3109 1419 3175 ἡ
1463 3106 1673 3181 γένεσις
1728 3107 1864 3160 κατὰ
1911 3107 2010 3174 τήν

346 3187 516 3261 ἀσεϐῆ
572 3195 662 3248 καὶ
723 3195 910 3270 μωρὰν
979 3195 1132 3267 ὑμῶν
1191 3193 1452 3264 ἐπίνοιαν,
1506 3194 1806 3271 αὐτάρκους
1856 3191 2014 3256 ὄντος

2099 617 2313 684 partes.

2170 703 2222 756 8.
2256 701 2357 756 Sin
2389 707 2584 759 autem
2617 703 2754 774 quia
2798 719 2891 759 res
2938 702 3064 757 aliae
3097 705 3300 758 creata)
3331 699 3618 757 actionem
3648 698 3745 755 in-

2098 791 2264 845 victas
2297 807 2411 846 non
2445 790 2577 846 facti
2611 808 2820 847 manus
2853 792 2999 847 ferre
3031 808 3146 847 non
3168 790 3448 857 valerent,
3469 788 3631 845 solus
3662 787 3749 844 Fi-

2100 878 2216 935 lius
2250 897 2281 935 a
2307 879 2428 934 solo
2461 880 2576 936 Deo
2609 885 2698 936 est
2729 881 2938 949 factus,
2964 897 3056 936 res
3080 897 3215 936 vero
3246 879 3370 935 alia;
3401 895 3504 951 per
3532 877 3746 934 Filium

2101 972 2383 1039 tanquam
2435 970 2773 1024 ministrum
2806 974 2864 1024 et
2901 970 3226 1040 adjutorem
3260 969 3420 1024 factae
3470 971 3628 1038 sunt,
3682 970 3748 1023 ut

2101 1058 2335 1129 scripsit
2365 1057 2628 1112 Asterius
2661 1059 2758 1129 qui
2801 1058 2973 1114 idolis
3023 1056 3372 1128 immolavit,
3407 1056 3559 1129 quod
3591 1057 3748 1112 idem

2100 1147 2521 1218 transcriptum
2554 1148 2727 1202 Arius
2761 1148 2884 1202 suis
2913 1147 3173 1215 tradidit,
3205 1163 3322 1218 quo
3353 1146 3557 1217 utique
3585 1161 3752 1201 voca-

2102 1235 2238 1292 bulo
2269 1241 2550 1309 tanquam
2584 1235 2808 1291 calamo
2840 1239 3115 1308 quassato
3154 1240 3425 1305 utuntur,
3449 1251 3553 1290 nec
3584 1233 3750 1290 stulti

2100 1327 2228 1396 ejus
2259 1330 2584 1398 agnoscunt
2615 1324 2973 1380 futilitatem.
3009 1325 3068 1380 Si
3118 1325 3273 1380 enim
3304 1341 3397 1380 res
3430 1325 3590 1379 factae
3624 1340 3748 1379 ma-

2102 1431 2245 1470 num
2280 1415 2376 1469 Dei
2409 1415 2556 1470 ferre
2583 1429 2697 1469 non
2733 1417 3021 1485 poterant,
3044 1413 3169 1485 ipse
3203 1416 3396 1468 autem
3419 1413 3598 1468 Filius
3629 1429 3751 1468 una

2102 1508 2210 1571 est,
2245 1507 2310 1557 ut
2343 1502 2592 1573 sentitis,
2627 1519 2696 1557 ex
2743 1504 2916 1557 rebus
2968 1503 3172 1569 factis;
3224 1501 3515 1572 quomodo
3562 1501 3687 1571 ipse
3717 1517 3752 1557 a

2102 1592 2224 1648 solo
2256 1592 2372 1647 Deo
2402 1591 2527 1647 ﬁeri
2560 1590 2795 1662 potuit?
2843 1591 2898 1645 Si
2944 1591 3085 1646 item
3116 1594 3180 1646 ut
3209 1607 3301 1646 res
3332 1590 3493 1646 facta:
3523 1590 3749 1660 ﬁerent,

2102 1681 2451 1736 intermedio
2483 1681 2550 1736 ad
2553 1681 2752 1752 jutore
2782 1697 2930 1752 opus
2956 1679 3083 1747 fuit,
3107 1684 3166 1735 ot
3186 1678 3388 1749 Filius,
3413 1682 3479 1733 ut
3507 1677 3749 1750 putatis,

2103 1769 2291 1825 factus
2315 1785 2549 1840 quoque
2580 1770 2705 1840 ipse
2735 1773 2822 1824 est
2847 1786 2859 1824 :
2886 1769 3140 1841 profecto
3169 1783 3406 1824 necesse
3435 1765 3612 1822 etiam
3641 1765 3755 1821 fuit

2104 1858 2521 1914 intermedium
2545 1857 2800 1930 aliquem
2827 1863 2961 1914 ante
2981 1874 3115 1914 eum
3138 1857 3342 1921 fuisse,
3357 1859 3423 1912 ut
3436 1857 3752 1924 crearetur,

2102 1948 2202 2021 qui
2234 1948 2359 2020 ipse
2389 1947 2796 2013 intermedius,
2821 1965 2956 2002 cum
2980 1963 3074 2003 res
3101 1950 3292 2002 creata
3313 1961 3547 2017 quoque
3577 1949 3749 2012 esset,

2103 2037 2214 2094 alio
2245 2037 2384 2091 item
2409 2037 2754 2092 intermedio
2778 2037 2849 2092 ad
2873 2036 2963 2092 sui
2988 2035 3451 2108 procreationem
3475 2049 3622 2105 opus
3646 2032 3756 2088 ha-

2104 2126 2301 2182 buisse
2326 2142 2441 2180 non
2472 2124 2768 2180 immerito
2792 2125 3103 2180 videbitur.
3119 2124 3179 2180 Si
3199 2123 3333 2195 quis
3356 2127 3551 2178 autem
3573 2120 3756 2176 alium

2107 2213 2516 2286 excogitaverit
2530 2213 3129 2285 intermedium,alius
3146 2229 3353 2268 rursus
3370 2210 3756 2267 intermedius

2107 2308 2343 2376 propter
2371 2302 2540 2358 illum
2575 2302 2758 2357 alium
2781 2302 2890 2358 erit
2911 2302 3239 2375 fingendus,
3265 2305 3440 2373 atque
3469 2298 3553 2354 ita
3581 2299 3641 2354 in
3670 2297 3757 2352 in-

2109 2392 2340 2448 finitum
2398 2391 2758 2447 delabemur.
2811 2392 3009 2463 Porro,
3050 2392 3190 2446 dum
3238 2390 3322 2445 ita
3369 2386 3756 2444 intermedius

2111 2481 2324 2553 aliquis
2348 2497 2579 2554 semper
2601 2481 2950 2553 requiretur,
2967 2485 3119 2537 certe
3135 2498 3226 2536 res
3244 2483 3448 2536 creatae
3477 2475 3756 2533 constitui

2112 2587 2228 2627 non
2275 2575 2567 2643 poterunt,
2591 2571 3091 2643 quandoquidem,
3124 2573 3188 2625 ut
3225 2568 3437 2636 dicitis,
3471 2565 3632 2623 nulla
3661 2581 3757 2622 res

2112 2661 2268 2716 facta
2296 2661 2443 2716 ferre
2471 2659 2626 2715 valet
2666 2660 2940 2715 invictam
2971 2676 3088 2716 non
3119 2658 3256 2714 facti
3305 2673 3570 2713 manum.
3595 2655 3760 2720 Quod

2116 2750 2165 2806 si
2220 2749 2278 2804 id
2339 2749 2661 2805 absurdum
2719 2764 2846 2804 esse
2901 2747 3315 2819 intelligentes,
3356 2743 3762 2817 respondeatis

2117 2838 2331 2895 Filium
2390 2837 2525 2895 licet
2585 2842 2845 2893 creatum
2875 2837 3344 2909 potuisseanon
3405 2835 3557 2891 facto
3614 2832 3762 2900 fieri,

2120 2943 2355 2984 necesse
2384 2931 2472 2983 est
2501 2927 2677 2982 etiam
2722 2924 3052 2982 concedatis
3099 2925 3245 2982 alias
3283 2939 3376 2980 res
3406 2937 3610 2979 omnes
3640 2937 3764 2992 quae

2119 3017 2282 3072 factae
2315 3020 2472 3086 sunt,
2508 3017 2768 3088 potuisse
2797 3032 2830 3071 a
2861 3032 2975 3071 non
3008 3015 3156 3071 facto
3203 3013 3517 3086 procreari,
3548 3011 3767 3084 quippe

2123 3122 2258 3162 cum
2281 3107 2405 3177 ipse
2417 3104 2596 3160 Filius
2619 3105 2948 3161 secundum
2968 3119 3070 3159 vos
3088 3103 3165 3159 sit
3184 3117 3419 3174 quoque
3434 3116 3527 3158 res
3548 3103 3765 3168 creata,

2125 3199 2192 3249 ut
2221 3199 2278 3248 et
2309 3210 2402 3250 res
2432 3210 2636 3249 omnes
2665 3198 2904 3249 cetera.
2928 3195 3211 3248 Praeterea
3225 3187 3299 3247 'ex
3325 3190 3508 3262 impio
3533 3192 3590 3245 et
3619 3187 3768 3244 stul-

345 3285 442 3334 τοῦ
489 3286 624 3337 Θεοῦ
653 3284 721 3336 τὰ
779 3283 952 3338 πάντα
1005 3283 1342 3358 αὐτουργεῖν,
1394 3282 1609 3337 πάντων
1657 3304 1716 3338 τε
1764 3287 1870 3337 τῶν
1919 3304 2005 3360 γε-

2118 3285 2177 3338 to
2208 3282 2550 3352 hujusmodi
2580 3286 2770 3338 vestro
2819 3284 3147 3337 commento
3187 3279 3454 3351 sequitur
3493 3276 3767 3333 inutilem

344 3371 521 3438 νητῶν
582 3367 891 3443 δυναμένων
944 3372 1042 3440 τὴν
1103 3372 1335 3447 ἄκρατον
1394 3377 1557 3448 χεῖρα
1612 3371 1867 3448 βαστάξαι
1915 3376 2011 3426 τοῦ

347 3461 502 3513 Θεοῦ.
561 3459 826 3529 Ἀνοήτου
885 3457 952 3528 δὴ
1008 3457 1174 3529 οὔσης
1225 3459 1401 3515 αὐτῶν
1455 3467 1556 3529 τῆς
1599 3460 1857 3530 τοιαύτης
1890 3480 2016 3538 φρε..

348 3539 694 3616 νοϐλαϐείας,
742 3544 945 3620 ἴδωμεν
1004 3547 1048 3602 εἰ
1108 3549 1183 3620 μὴ
1232 3549 1321 3603 καὶ
1378 3549 1441 3603 τὸ
1497 3549 1790 3624 λεγόμενον
1851 3554 2012 3604 τοῦτο

348 3637 455 3688 τῶν
511 3630 719 3689 ἀσεϐῶν
775 3636 837 3690 τὸ
895 3635 1141 3714 σόφισμα
1196 3634 1363 3692 πλέον
1423 3642 1528 3692 τῶν
1592 3637 1779 3693 ἄλλων
1837 3638 2012 3692 αὐτῶν

349 3722 696 3800 ἀλογώτερον
747 3723 1062 3801 ἀναφανείη.
1116 3722 1296 3798 ’Δδὰμ
1348 3726 1511 3798 μόνος
1558 3726 1660 3780 ὑπὸ
1718 3727 1887 3798 μόνου
1916 3730 2014 3780 τοῦ

353 3817 486 3868 Θεοῦ
518 3810 607 3867 διὰ
643 3817 741 3868 τοῦ
789 3813 967 3889 Λόγου
1016 3812 1260 3888 γέγονεν’
1314 3811 1441 3868 ἀλλ’
1489 3814 1589 3868 οῦκ
1640 3814 1692 3869 ἐν
1737 3819 1816 3887 τῷ
1849 3814 2011 3869 πάλιν

351 3901 444 3956 τὸν
486 3899 665 3975 Ἀδὰμ
714 3901 880 3957 πλέον
928 3923 980 3956 τι
1045 3906 1152 3956 τῶν
1206 3901 1419 3957 πάντων
1483 3903 1782 3978 ἀνθρώπων
1841 3901 2011 3979 ἔχειν,

353 3988 689 4070 ἢδιαφέρειν
747 3995 852 4045 τῶν
909 3992 1022 4064 μετ’
1067 3991 1225 4046 αὐτὸν
1285 3988 1343 4044 ἄν
1397 4013 1480 4053 τις
1541 3995 1782 4069 φήσειεν,
1817 3992 1862 4046 εἰ
1920 3992 2016 4065 μό-

351 4099 443 4142 νος
498 4080 591 4152 μὲν
649 4079 808 4142 αὐτὸς
861 4079 963 4134 ὑπὸ
1019 4079 1188 4152 μόνου
1237 4084 1335 4134 τοῦ
1397 4084 1530 4135 Θεοῦ
1590 4079 1886 4150 πεποίηται
1923 4081 2013 4134 καὶ

355 4165 682 4239 πέπλασται,
740 4170 906 4241 ἡμεῖς
969 4165 1027 4222 δὲ
1083 4167 1277 4230 πάντες
1335 4167 1394 4223 ἐκ
1449 4173 1546 4223 τοῦ
1594 4166 1774 4242 Ἀδὰμ
1818 4170 2013 4246 γεννώ-

363 4258 518 4330 μεθα,
577 4255 665 4311 καὶ
713 4258 848 4311 κατά
905 4254 1171 4331 διαδοχὴν
1231 4261 1328 4312 τοῦ
1383 4257 1570 4332 γένους
1610 4260 2010 4332 -ςυνιστάμεθα,

357 4342 462 4408 ἕως
516 4344 679 4419 μόνον
729 4344 817 4400 καὶ
868 4344 1026 4407 αὐτὸς
1077 4345 1138 4400 ἐκ
1181 4346 1283 4422 γῆς
1346 4345 1610 4418 ἐπλάσθη,
1669 4346 1757 4401 καὶ
1818 4348 1893 4419 μὴ
1937 4345 2009 4400 ὢν

312 4445 314 4448 ’
359 4433 645 4511 πρότερον,
678 4432 897 4511 ὕστερον
931 4433 1172 4510 γέγονεν.

432 4613 486 4666 9.
519 4610 584 4666 El
616 4607 674 4666 δὲ
698 4609 790 4665 καὶ
821 4608 990 4665 πλέον
1042 4629 1125 4673 τις
1172 4613 1252 4681 τῷ
1299 4607 1714 4682 πρωτοπλάστῳ
1763 4608 1880 4680 δοίη
1926 4609 2014 4666 διὰ
2045 4630 2091 4695 D

361 4698 426 4754 1:6
454 4700 820 4772 κατηξιῶσθαι
866 4703 966 4766 τῆς
1015 4701 1114 4752 τοῦ
1159 4701 1292 4751 Θεοῦ
1339 4698 1526 4773 χειρὸς
1575 4697 1756 4752 αὐτόν’
1809 4697 1936 4754 ἀλλ’
1962 4699 2012 4754 ἐν

361 4791 500 4862 τιμῇ
530 4788 621 4843 καὶ
656 4789 730 4861 μὴ
757 4790 827 4860 τῇ
874 4787 1026 4864 φύσει
1057 4787 1120 4841 τὸ
1168 4784 1333 4841 πλέον
1383 4786 1460 4848 εἷς
1511 4785 1668 4840 αὐτὸν
1703 4789 1731 4841 6
1768 4792 2014 4850 τοιοῦτος

366 4875 700 4951 λογιζέσθω.
752 4877 847 4930 Ἐκ
895 4881 1000 4949 γῆς
1048 4875 1148 4951 γὰρ
1199 4873 1453 4950 γέγονεν,
1514 4873 1695 4950 ὥσπερ
1742 4876 1831 4930 καὶ
1880 4877 2015 4930 πάν-

364 4986 474 5027 τες·
507 4966 598 5020 καὶ
646 4967 682 5034 ἡ
733 4961 858 5039 χείρ
909 4960 967 5018 δὲ
1015 4965 1049 5031 ἡ
1090 4960 1341 5017 πλάσασα
1384 4961 1508 5017 τότε
1557 4963 1648 5017 τὸν
1697 4960 1893 5034 Ἀδὰμ,
1926 4963 2016 5018 καὶ

367 5056 478 5128 (58)
535 5052 669 5124 αὕτη
730 5052 821 5108 καὶ
874 5055 966 5106 νῦν
1021 5050 1110 5106 καὶ
1158 5051 1240 5106 ἀεὶ
1267 5050 1395 5114 τοὺς
1449 5057 1561 5124 μετ’
1609 5050 1809 5106 ἐκεῖνον
1849 5050 2012 5106 πάλιν

441 5215 555 5288 ('53)
581 5214 677 5270 Sic
707 5229 912 5288 omnes
958 5227 1100 5269 mss.
1130 5217 1189 5288 et
1215 5212 1357 5288 editi
1374 5229 1406 5288 _:
1436 5212 1538 5288 sed
1585 5211 2018 5288 legendum_est

371 5283 763 5367 ayévﬁfroonut
810 5284 1084 5367 deinceps
1139 5283 1316 5367 habet
1374 5283 1590 5367 Regius
1646 5283 1843 5367 codex.
1875 5284 2018 5367 Vide

371 5355 499 5430 quae
523 5355 592 5413 in
624 5355 1031 5430 admonitione
1050 5356 1170 5430 ha_c_
1188 5355 1258 5411 de
1288 5370 1349 5410 re
1379 5355 1657 5426 diximus,
1686 5360 1741 5411 et
1773 5372 1899 5428 quis
1931 5355 2019 5410 in-

370 5427 461 5486 fra
490 5434 772 5486 notantur
801 5429 873 5484 ad
911 5441 1075 5481 num.
1106 5427 1196 5481 28.

442 5501 557 5583 (64)
588 5501 750 5573 Reg.,
788 5493 1149 5583 μεταβέδωκεε
1176 5497 1352 5583 ξ’ρνιεο
1382 5496 1647 5583 Asterius
1674 5497 1747 5553 de
1776 5513 1891 5567 quo
1913 5496 2018 5583 .bic

373 5567 589 5654 agitur,
621 5567 702 5627 ei
717 5567 999 5654 sopbista
1017 5567 1404 5654 Christianus
1423 5568 1634 5654 factus,
1664 5568 2017 5654 perseeutiq-

374 5637 762 5715 uisitempore
786 5637 959 5715 idoli
985 5639 1326 5715 immolavit,
1350 5637 1640 5715 idemque
1650 5637 1851 5712 postea
1872 5637 2019 5715 mul-

374 5719 467 5772 tos
477 5709 659 5772 libros
679 5729 784 5787 pro
799 5709 2013 5785 conﬁrmandaArianaharesicomposuit.

2121 3387 2250 3426 esse
2281 3371 2448 3426 Verbi
2499 3371 2955 3442 generationem,
2988 3386 3120 3426 cum
3156 3372 3214 3425 et
3240 3369 3395 3424 Deus
3424 3366 3621 3423 omnia
3663 3379 3769 3437 per

2122 3460 2383 3532 seipsum
2412 3460 2664 3532 potuerit
2692 3459 2939 3526 efﬁcere,
2970 3462 3027 3514 et
3067 3474 3159 3514 res
3190 3472 3394 3513 omnes
3425 3456 3588 3511 factae
3619 3453 3768 3508 invi-

2122 3553 2275 3604 ctam
2291 3549 2389 3604 Dei
2409 3565 2650 3603 manum
2670 3548 2816 3603 ferre
2838 3546 3155 3618 potuerint.
3176 3546 3395 3616 Itaque,
3411 3560 3546 3600 cum
3568 3543 3772 3614 inepta

2123 3654 2190 3692 ac
2222 3636 2407 3691 futilis
2437 3636 2514 3692 sit
2542 3636 2664 3690 haec
2689 3635 2924 3690 illorum
2951 3635 3120 3699 ratio,
3145 3633 3543 3705 expendamus
3574 3645 3771 3687 annon

2124 3724 2283 3780 aliud
2314 3725 2632 3796 impiorum
2672 3723 2977 3795 sophisma
3017 3723 3195 3778 etiam
3227 3721 3417 3794 magis
3447 3737 3627 3793 quam
3657 3735 3771 3777 cm-

2122 3817 2258 3868 terre
2289 3814 2556 3885 ipsorum
2603 3813 2842 3885 argutiae
2891 3812 3215 3868 absurdum
3244 3810 3554 3867 videbitur.
3585 3810 3774 3867 Adam

2124 3902 2286 3958 solus
2317 3919 2350 3958 a
2381 3902 2504 3958 solo
2535 3902 2651 3957 Deo
2699 3917 2804 3974 per
2847 3901 3106 3956 VerbUm
3160 3901 3348 3955 factus
3404 3902 3494 3955 est
3524 3915 3538 3953 :
3569 3913 3775 3954 verum

2124 4007 2296 4047 nemo
2326 3991 2544 4046 idcirco
2576 3990 2787 4045 dixerit
2805 3990 3096 4046 Adamum
3126 3988 3350 4060 aliquid
3377 3987 3632 4060 amplius
3663 4003 3773 4043 caa-

2123 4079 2266 4136 teris
2288 4079 2886 4154 hominibushabere,
2908 4077 3000 4134 vel
3022 4095 3056 4134 a
3074 4077 3322 4149 posteris
3341 4076 3592 4144 differre,
3615 4076 3773 4147 quod

2125 4171 2252 4242 ipse
2283 4168 2519 4240 quidem
2552 4167 2714 4224 solus
2736 4185 2770 4222 a
2791 4166 2912 4222 solo
2936 4167 3053 4223 Deo
3073 4167 3260 4223 factus
3281 4169 3338 4222 et
3357 4166 3646 4222 formatus
3675 4165 3772 4234 sit,

2127 4274 2234 4314 nos
2268 4262 2464 4313 autem
2497 4273 2700 4312 omnes
2723 4273 2791 4311 ex
2815 4257 3056 4323 Adamo,
3082 4261 3362 4327 perpetua
3379 4253 3612 4326 generis
3641 4269 3778 4310 con-

2125 4345 2475 4414 tinuatione,
2500 4360 2818 4400 nascamur
2846 4347 2905 4399 et
2934 4359 3344 4414 procreemur:
3378 4340 3639 4414 quandiu
3671 4341 3777 4397 sci-

2123 4435 2257 4490 licet
2285 4437 2510 4490 certum
2541 4433 2652 4488 erit
2683 4433 2879 4504 ipsum
2911 4431 3089 4487 etiam
3138 4446 3208 4486 ex
3254 4435 3409 4486 terra
3455 4430 3775 4486 formatum

2123 4539 2270 4589 esse,
2304 4525 2362 4578 et
2393 4522 2493 4594 qui
2523 4525 2695 4576 antea
2735 4536 2850 4575 non
2882 4522 3056 4588 esset,
3089 4521 3290 4590 postea
3321 4515 3523 4573 fuisse.

2196 4613 2249 4666 9.
2275 4611 2438 4675 Quod
2471 4610 2518 4666 si
2552 4609 2740 4681 primo
2763 4608 2988 4680 parenti
3021 4607 3244 4679 aliquid
3277 4606 3497 4662 caeteris
3519 4603 3778 4678 amplius

2125 4700 2384 4756 tribuere
2411 4697 2611 4768 libeat,
2644 4698 2743 4769 qui
2775 4713 2984 4768 nempe
3013 4697 3096 4752 ita
3125 4695 3258 4752 felix
3286 4695 3397 4751 fuit
3426 4698 3492 4750 ut
3518 4694 3618 4750 Dei
3649 4711 3774 4752 ma-

2126 4805 2205 4843 nu
2233 4789 2584 4843 formaretur
2605 4803 2618 4840 :
2641 4801 2844 4840 verum
2868 4786 3026 4841 istud
3053 4783 3309 4855 amplius
3329 4784 3390 4839 in
3413 4783 3632 4840 honore
3657 4800 3775 4840 non

2125 4877 2185 4931 in
2217 4880 2426 4930 natura
2447 4874 2767 4930 consistere
2797 4873 3242 4946 intelligendum
3273 4877 3380 4929 est.
3409 4873 3675 4944 Namque
3705 4888 3776 4929 ex

2122 4968 2280 5020 terra
2310 4965 2504 5019 factus
2532 4967 2641 5034 est,
2665 4966 2730 5017 ut
2759 4962 2856 5018 alii
2888 4977 3127 5018 omnes:
3154 4965 3212 5017 et
3241 4977 3452 5017 manus
3471 4977 3600 5033 quas
3631 4965 3774 5017 tunc

2126 5053 2419 5108 Adamum
2450 5051 2743 5119 formavit,
2776 5051 2906 5122 ipsa
2935 5053 2992 5106 et
3040 5066 3196 5106 nunc
3225 5053 3283 5106 et
3310 5034 3542 5122 semper
3568 5064 3773 5107 omnes

2127 5211 2272 5267 Vide
2310 5212 2533 5267 Socrat.
2582 5210 2782 5265 Hister.
2832 5209 3020 5266 coctos.
3068 5208 3171 5264 lib.
3205 5226 3246 5275 ιλ,
3277 5225 3328 5264 c.
3360 5209 3431 5266 36
3474 5212 3531 5265 et
3577 5206 3772 5267 Philo-

2129 5288 2308 5353 storg.
2343 5282 2446 5337 lib.
2479 5298 2739 5353 11,,num.
2773 5281 2860 5336 15.

2199 5350 2314 5424 (55)
2346 5350 2824 5426 Βθεηᾶγενήτου.
2851 5350 3049 5426 Ceteri
3083 5353 3140 5406 et
3155 5350 3329 5426 editi,
3363 5350 3681 5426 ἀγεννήτου.

2199 5420 2310 5495 (56)
2343 5420 2484 5495 Reg.
2518 5429 2575 5479 et
2590 5420 2802 5494 'Basil.,
2841 5420 3121 5495 ἀγενήτου.
3155 5421 3305 5477 Editi
3341 5420 3683 5491 et‘Felckm,
3714 5423 3771 5493 7,

2129 5495 2446 5548 ἀγεννήτου.

2201 5514 2446 5549 εννητου.

2163 5496 2523 5650 Ῐξέζῗτὲἶέεη
2574 5563 2854 5650 ἀγενῆ-εσυ,
2905 5560 3456 5650 et,”61:oopvn0ﬁva:.
3505 5563 3656 5621 Editi
3713 5568 3771 5622 et

2127 5633 2245 5705 alii,
2280 5633 2596 5710 civewﬁtoo,
2621 5633 2678 5691 et
2707 5633 3160 5710 αρτουργηθῆναι.

2196 5704 2307 5780 (58)
2328 5704 2441 5762 ’Καί
2468 5704 2635 5764 abest
2664 5724 2697 5764 a
2726 5704 2924 5778 Regio.
