4152 6398
430 379 544 442 ιεθ

429 509 592 579 λεων,
651 511 680 566 ὁ
738 508 794 568 δὲ
844 511 930 569 ἐπὶ
982 514 1138 570 πέντε
1194 514 1525 579 καθίσταταιο
1583 514 1670 569 καὶ

432 601 635 672 έζονται
671 601 755 657 ἐπὶ
789 601 997 659 δώδεκα
1028 604 1272 680 θρόνους,
1306 605 1578 681 κρίνοντες
1611 607 1704 666 τὰς
1742 601 1949 657 δώδεκα
1980 624 2076 678 ειυ-

1084 692 1123 711 ‘\\

431 690 529 752 λᾶς
561 697 657 745 τοῦ
701 691 937 768 Ἰσραῆλο
974 695 1026 747 οἱ
1080 692 1136 748 δὲ

437 780 586 853 μένοι
624 785 721 835 τοῦ
780 782 985 857 Πατρός
1045 805 1166 854 μου·
1228 784 1337 854 καὶ,
1400 782 1493 851 Εῦ,
1556 782 1718 837 δοῦλε
1772 782 1933 855 ἀγαθὲ
1990 779 2078 833 καὶ

1185 694 1458 748 ἀκούουσι’
1517 700 1693 763 Δεῦτε,
1742 695 1792 748 οἱ
1843 692 2077 765 εὐλογη-

1868 918 1880 942 ,
1939 868 2079 924 εἰκό-

433 980 541 1022 τως
568 960 919 1037 φαντάζονται
961 961 1211 1016 τοιούτου
1262 964 1387 1015 Υἱοῦ
1437 962 1515 1016 ἀεὶ
1550 964 1624 1035 μή
1670 962 1800 1017 εἶναι
1830 961 1919 1015 τὸν
1956 959 2083 1013 θεὸν

436 1049 667 1124 Πατέρα,
718 1048 858 1121 μηδὲ
902 1051 993 1104 τὸν
1048 1056 1294 1106 τοιοῦτον
1348 1052 1467 1105 Υἱὸν
1520 1052 1599 1106 ἀεὶ
1652 1052 1806 1120 εἶναι,
1858 1048 1983 1104 ἀλλ’
2033 1047 2081 1119 ἐξ

612 1133 621 1149 Ι

433 871 607 926 πιστέ.
667 876 896 926 Τοιαῦτα
951 873 1043 944 μὲν
1105 871 1195 926 οῦν
1259 873 1450 928 ἐκεῖνοι
1512 878 1832 950 φρονοῦντες

438 1138 537 1194 οὐκ
594 1136 761 1193 ὄντων
820 1139 1019 1212 κτίσμα
1074 1142 1424 1215 γεγενῆσθαι,
1476 1142 1566 1194 καὶ
1631 1142 1705 1213 μὴ
1763 1139 1895 1193 εἶναι
1956 1137 2080 1213 πρὶν

434 1231 692 1302 γεννηθῇ·
750 1225 921 1290 ἄλλος
968 1227 1067 1304 γάρ
1115 1227 1251 1283 ἐστιν
1305 1229 1460 1290 οὗτος
1509 1229 1654 1302 παρᾶ
1681 1229 1773 1282 τὸν
1825 1226 2081 1296 ἀληθινὸν

436 1320 532 1371 τοῦ
564 1321 697 1371 Θεοῦ
730 1316 872 1373 Υἱόν.
916 1315 1136 1385 Ἐπειδὴ
1189 1316 1245 1371 δέ
1286 1322 1452 1372 ταῦτα
1502 1317 1675 1392 λέγειν
1730 1315 1804 1371 ἔτι
1858 1315 2084 1375 τούτους

439 1406 539 1460 οὐκ
569 1404 707 1460 ἔστιν
760 1405 962 1481 εὐαγές·
1020 1404 1232 1478 μᾶλλον
1282 1408 1384 1481 γὰρ
1438 1404 1815 1461 Σαδδουκαίων
1860 1405 1947 1458 καὶ
1991 1408 2086 1457 τοῦ

443 1495 803 1567 Σαμοσατέως
836 1496 947 1550 ἐστὶ
975 1501 1136 1550 τοῦτο
1168 1498 1229 1550 τὸ
1261 1492 1536 1573 φρόνημα*
1583 1495 1755 1551 λείπει
1810 1493 1908 1568 ἄρα
1954 1493 2090 1547 κατὰ

440 1586 539 1653 τήν
601 1584 781 1659 ἑτέραν
842 1582 1108 1654 διάνοιαν,
1168 1587 1285 1639 καθ’
1334 1587 1399 1652 ἦν
1461 1587 1637 1639 Ἰσαὰκ
1691 1589 1786 1638 τοῦ
1842 1578 2091 1656 Ἀϐραάμ

444 1674 580 1728 ἐστιν
612 1674 751 1742 υἱὸς,
812 1671 985 1750 λέγειν
1052 1675 1182 1729 εἶναι
1233 1673 1323 1729 καί
1371 1675 1461 1728 τὸν
1515 1678 1611 1727 τοῦ
1658 1677 1789 1727 Θεοῦ
1834 1672 1975 1725 Υἱόν·
2026 1671 2089 1725 τὸ

442 1764 545 1839 γὰρ
577 1759 637 1817 ἔκ
676 1784 822 1824 τινος
876 1764 1029 1839 φύσει
1076 1764 1434 1839 γεννώμενον,
1484 1763 1573 1817 καὶ
1626 1764 1702 1835 μὴ
1754 1758 1942 1833 ἔξωθεν
1974 1760 2088 1814 ἐπι-

1490 382 1592 445 DE
1635 376 2021 444 DECRETIS
2064 375 2408 439 NICIEN/E
2449 378 2766 444 SYNODI.

3717 385 3839 448 434

1732 515 1779 571 εἳ
1819 514 1909 586 μὲν
1944 524 2069 573 717.0-

2211 522 2566 587 :omparant:
2602 522 2777 590 atque
2809 518 2963 575 alius
2995 517 3231 591 quidem
3265 519 3465 576 decem
3498 518 3837 575 civitatibus

2188 607 2519 675 przclicitur,
2547 607 2695 663 alius
2719 610 2976 679 quinque
2997 609 3079 674 36;
3115 608 3211 663 alii
3237 609 3441 663 sedent
3467 625 3645 679 super
3669 608 3836 663 sedes

2190 694 2857 763 duodecimjullicantes
2883 698 3191 752 duodecim
3216 699 3404 752 tribus
3432 697 3607 752 Israel
3634 698 3676 731 ³⁷
3704 715 3715 763 ;
3740 696 3837 750 alii

2191 786 2474 840 audiunt:
2502 788 3061 849 Vcnz'le,brnencdz’cli
3082 790 3266 843 Patris
3280 790 3391 842 mei
3410 789 3453 821 ³⁸
3481 806 3493 854 ;
3528 791 3619 842 et:
3656 788 3774 859 Eug
3788 802 3838 851 ε,

2188 890 2337 929 serve
2366 876 2497 929 bona
2529 881 2577 930 et
2608 877 2867 945 ﬁdelis”.
2901 879 3042 933 Cum
3076 878 3199 933 haec
3247 878 3429 950 igitur
3486 875 3723 932 illorum
3757 876 3833 931 sit

2193 964 2659 1035 sententia,jure
2689 967 2892 1021 merito
2935 966 3270 1022 existimant
3326 966 3667 1038 hujusmodi
3712 964 3842 1021 Filii

2194 1058 2370 1108 Deum
2405 1071 2518 1109 non
2554 1071 2783 1125 semper
2815 1056 2993 1112 fuisse
3023 1061 3275 1123 Patrem,
3300 1071 3490 1127 neque
3537 1055 3712 1111 talem
3748 1055 3842 1110 Fi-

2193 1141 2337 1197 lium
2370 1159 2601 1214 semper
2630 1143 2833 1205 fuisse,
2860 1146 2961 1199 sed
2996 1162 3066 1200 ex
3095 1144 3278 1200 nihilo
3313 1161 3442 1201 esse
3490 1150 3753 1201 creatum
3786 1148 3846 1200 et

2196 1232 2432 1300 factum,
2470 1249 2574 1287 nec
2606 1232 2789 1289 fuisse
2817 1238 3134 1305 antequam
3166 1234 3400 1307 genitus
3431 1238 3608 1299 esset,
3658 1234 3844 1306 siqui-

2197 1323 2327 1376 dem
2360 1322 2456 1376 ille
2489 1322 2638 1378 alius
2670 1323 2905 1377 omnino
2938 1327 3027 1377 est
3058 1340 3090 1377 a
3117 1340 3251 1378 vero
3283 1324 3382 1378 Dei
3431 1323 3595 1379 Filio.
3630 1325 3847 1380 Verum

2196 1427 2330 1464 cum
2364 1410 2485 1463 haec
2514 1410 2646 1464 illos
2678 1410 2868 1465 dicere
2899 1411 2985 1464 fas
3009 1412 3135 1479 jam
3170 1427 3284 1466 non
3320 1411 3415 1475 sit,
3476 1415 3675 1483 utpote
3707 1426 3843 1465 cum

2196 1499 2308 1554 ista
2327 1499 2777 1553 Sadducmorum
2803 1499 2996 1569 potius
3019 1504 3073 1553 et
3103 1500 3533 1555 Samosatensis
3564 1500 3681 1555 sint
3703 1517 3838 1571 pro-

2197 1589 2529 1659 pria,restat
2551 1593 2614 1641 ut
2635 1587 2748 1642 alio
2772 1605 2970 1653 sensu,
2991 1605 3104 1659 quo
3120 1588 3399 1643 nimirum
3416 1591 3575 1643 Isaac
3596 1589 3842 1644 Abrahae

2199 1682 2287 1732 est
2314 1677 2489 1742 (ilius,
2515 1677 2615 1731 Dei
2643 1677 2851 1732 Filium
2882 1694 3011 1733 esse
3040 1679 3379 1733 concedant.
3412 1678 3557 1733 Nam
3590 1678 3743 1750 quod
3773 1682 3843 1733 ex

2200 1766 2396 1837 aliquo
2428 1767 2691 1838 gignitur
2721 1784 2825 1822 nec
2877 1767 3241 1822 extrinsecus
3300 1766 3624 1835 advehitur,
3659 1766 3847 1822 filium

440 1852 744 1925 κτώμενον,
778 1852 890 1905 υἱὸν
921 1850 1060 1906 οἶδεν
1093 1856 1126 1921 ἡ
1162 1853 1340 1929 φύσις,
1367 1852 1457 1906 καὶ
1486 1856 1646 1907 τοῦτο
1676 1856 1772 1904 τοῦ
1822 1849 2089 1921 ὀνόματός

2211 1873 2328 1911 esse
2360 1858 2622 1927 agnoscit
2652 1862 2881 1923 natura,
2917 1872 3100 1927 eaque
3131 1860 3221 1911 est
3250 1855 3486 1927 prepria
3544 1856 3721 1925 hujus
3752 1871 3852 1910 no-

443 1940 553 1996 έστι
610 1942 671 1994 τὸ
730 1941 1126 2014 σημαινόμενον
1166 1985 1177 1997 .
1236 1942 1357 2015 ⁷Λρ’
1414 1941 1504 1994 οῦν
1568 1940 1997 2014 ἀνθρωποπαθὴς
2055 1941 2089 2007 ἡ

442 2035 540 2085 τοῦ
597 2031 725 2084 Υἱοῦ
787 2032 1036 2107 γέννησις
1072 2050 1084 2099 ;
1122 2032 1303 2104 (τοῦτο
1362 2031 1463 2105 γὰρ
1522 2027 1650 2091 ἴσως
1700 2030 1815 2083 κατ’
1856 2026 2091 2087 ἐκείνους

442 2119 532 2174 καὶ
583 2118 735 2172 αὐτοὶ
814 2117 1133 2189 θελήσουσιν
1196 2120 1485 2181 ἀντιθεῖναι
1550 2120 1624 2191 μη
1687 2117 2092 2192 γινώσκοντες.)

444 2206 733 2281 Οὐδαμῶς.
768 2208 840 2262 Οὐ
871 2210 971 2284 γὰρ
1005 2210 1078 2270 ὡς
1110 2210 1394 2283 ἅνθρωπος
1445 2209 1473 2261 6
1519 2207 1668 2269 Θεός·
1724 2207 1836 2261 ἐπεὶ
1874 2204 2012 2279 μηδέ
2042 2206 2094 2258 οἱ

446 2298 722 2370 ἅνθρωποι
758 2299 869 2370 (64)
917 2298 990 2359 ὡς
1046 2298 1073 2350 6
1116 2298 1264 2360 Θεός·
1319 2298 1371 2350 οἱ
1423 2298 1516 2369 μὲν
1564 2298 1666 2372 γὰρ
1719 2296 1769 2366 ἐξ
1815 2296 1952 2365 ὕλης
2003 2294 2093 2349 καὶ

444 2385 645 2457 ταύτης
707 2382 873 2455 οὔσης
931 2388 1233 2456 παθητικῆς
1294 2386 1627 2454 ἐκτίσθησαν·
1663 2387 1690 2440 6
1722 2384 1778 2439 δέ
1819 2385 1948 2445 Θεὸς
2000 2385 2094 2437 ἆυ-

448 2474 545 2537 λος
602 2475 692 2529 καὶ
752 2475 1062 2547 ἀσώματος.
1099 2475 1159 2529 Εἰ
1216 2473 1273 2529 δὲ
1323 2477 1377 2528 αἱ
1422 2474 1577 2529 αὐταὶ
1626 2474 1795 2544 λέξεις
1844 2474 1930 2528 ἐπὶ
1963 2477 2096 2528 Θεοῦ

448 2565 539 2619 καὶ
581 2564 878 2639 ἀνθρώπιον
931 2563 982 2618 έν
1023 2570 1142 2626 ταῖς
1194 2563 1361 2626 θείαις
1413 2567 1545 2618 ποτε
1590 2570 1792 2618 κεῖνται
1838 2568 2095 2640 Γραφαῖς,

452 2651 578 2707 ἀλλ’
635 2653 933 2728 ἀνθρώπων
1015 2651 1124 2706 ἐστὶ
1175 2650 1494 2725 διορατικῶν
1530 2699 1543 2723 ,
1603 2653 1677 2714 ὡς
1735 2651 2095 2727 παρήγγειλεν

451 2742 479 2796 ὁ
512 2740 750 2812 Παῦλος,
782 2740 1070 2816 προσέχειν
1118 2746 1186 2814 τῇ
1237 2741 1552 2818 ἀναγνώσει,
1593 2741 1682 2795 καὶ
1715 2741 1856 2795 οὕτω
1889 2739 2095 2816 διακρί-

449 2852 580 2902 νειν,
614 2830 868 2885 καὶκατὰ
914 2832 1013 2899 τήν
1066 2830 1287 2885 ἑκάστου
1335 2835 1442 2885 τῶν
1492 2830 1910 2903 σημαινομένων
1945 2830 2098 2907 φύσιν

449 2920 518 2975 τὰ
563 2919 915 2995 γεγραμμένα
973 2917 1367 2995 διαγινώσκειν,
1425 2919 1634 2991 καὶμὴ
1695 2919 1943 2994 συγχέειν
2000 2920 2099 2987 τήν

456 3008 721 3079 διάνοιαν,
785 3008 922 3063 ὥστε
975 3011 1043 3063 τὰ
1098 3013 1194 3063 τοῦ
1242 3013 1375 3064 Θεοῦ
1424 3010 1499 3080 μὴ
1554 3008 1903 3083 ἀνθρωπίνως
1939 3014 2099 3082 νοεῖν,

460 3097 600 3174 μηδὲ
644 3099 712 3152 τὰ
753 3103 859 3153 τῶν
911 3098 1207 3173 ἀνθρώπων
1261 3099 1335 3160 ὡς
1384 3097 1507 3173 περὶ
1561 3102 1695 3151 Θεοῦ
1725 3119 1855 3152 ποτε
1889 3097 2100 3173 λογίζε-

456 3201 599 3253 σθαι.
631 3192 799 3242 Τοῦτο
830 3187 929 3263 γὰρ
979 3186 1090 3241 ἐστι
1134 3188 1224 3242 τὸν
1276 3188 1420 3241 οἶνον
1470 3183 1621 3239 ὕδατι
1678 3185 1844 3258 μίξαι,
1877 3186 1965 3241 καὶ
1995 3191 2100 3261 πῦρ

2202 1946 2379 2001 minis
2397 1944 2765 2015 significatio.
2787 1945 2937 2000 Num
2964 1961 3099 2016 ergo
3124 1944 3243 1999 Filii
3270 1944 3566 2014 generatio
3593 1944 3852 1999 humano

2203 2052 2365 2090 more
2388 2040 2476 2089 est
2497 2034 2875 2104 intelligenda
2895 2035 3131 2105 ‘I(Forte
3148 2034 3304 2089 enim
3328 2033 3383 2089 id
3416 2034 3552 2106 ipsi,
3586 2037 3651 2089 ut
3678 2037 3737 2090 et
3766 2033 3853 2088 illi

2205 2123 2363 2190 olim,
2400 2123 2588 2194 ignari
2621 2122 3494 2194 reponent.)Nequaquam.Nec
3515 2122 3671 2178 enim
3698 2127 3851 2177 Deus

2204 2212 2459 2268 hominis
2483 2211 2695 2266 similis
2719 2217 2827 2282 est,
2851 2211 2935 2265 uti
2967 2229 3072 2267 nec
3103 2212 3391 2279 homines,
3416 2212 3537 2267 Dei.
3572 2211 3662 2265 Illi
3694 2212 3852 2267 enim

2206 2317 2274 2355 ex
2296 2301 2538 2355 materia
2559 2317 2741 2372 eaque
2766 2300 2989 2371 patibili
3008 2303 3152 2355 171
3182 2305 3321 2355 sunt
3351 2299 3529 2355 creati
3558 2318 3571 2355 :
3602 2304 3662 2355 at
3693 2300 3849 2355 Deus

2205 2406 2411 2462 expers
2440 2394 2529 2444 est
2559 2390 2813 2445 materiae
2848 2395 2904 2443 et
2934 2390 3211 2461 corporis.
3245 2390 3406 2453 Quod
3441 2390 3489 2444 si
3520 2390 3725 2445 eadem
3758 2389 3849 2444 di-

2206 2478 2427 2533 ctiones
2447 2479 2561 2533 Deo
2594 2482 2650 2532 et
2681 2477 3018 2533 hominibus
3046 2478 3105 2532 in
3140 2478 3353 2533 divinis
3410 2477 3729 2549 Scripturis
3766 2476 3855 2531 in-

2204 2569 2437 2624 terdum
2471 2568 2850 2630 attribuatur,
2887 2568 3193 2622 hominum
3260 2571 3348 2621 est
3403 2566 3853 2638 perspicacium,

2209 2662 2273 2711 ut
2286 2658 2560 2711 admonet
2577 2655 2787 2711 Paulus
2808 2657 3173 2724 ‘°,attendere
3188 2657 3257 2710 ad
3272 2655 3856 2725 lectionem,remque

2210 2746 2587 2818 perpendere,
2622 2761 2687 2799 ac
2719 2761 2821 2815 pro
2853 2750 3063 2799 natura
3133 2761 3331 2799 rerum
3390 2743 3856 2815 signiﬁcatarum

2210 2852 2337 2907 quae
2362 2834 2577 2905 scripta
2599 2838 2735 2888 sunt
2759 2833 3097 2903 dijudicare,
3124 2850 3230 2889 nec
3262 2849 3501 2889 sensum
3535 2832 3856 2887 confunde-

2212 2941 2292 2990 re,
2316 2923 2398 2978 ita
2421 2928 2483 2978 ut
2507 2941 2633 2995 quas
2658 2924 2727 2978 ad
2750 2928 2929 2978 Deum
2955 2927 3237 2995 spectant,
3261 2923 3523 2978 humano
3547 2921 3718 2976 modo
3738 2937 3855 2975 non

2211 3013 2634 3084 intelligantur,
2667 3029 2773 3068 nec
2802 3012 3060 3067 vicissim
3093 3029 3219 3083 quas
3253 3012 3324 3067 ad
3384 3010 3653 3066 homines
3684 3009 3859 3081 perti-

2215 3106 2373 3165 nent,
2407 3103 2739 3172 cogitentur
2766 3106 3050 3173 tanquam
3082 3101 3184 3156 Dei
3220 3100 3470 3172 propria.
3498 3100 3560 3154 Id
3584 3099 3739 3155 enim
3771 3103 3862 3153 est

2216 3191 2419 3245 vinum
2453 3207 2587 3245 cum
2619 3179 2770 3260 aqua
2801 3190 3046 3244 miscere
3066 3191 3133 3259 δι,
3157 3189 3535 3259 alienumque
3554 3188 3751 3261 ignem
3784 3188 3859 3243 ad
3920 3214 3921 3221 η

454 3277 750 3353 ἀλλότριον
810 3253 1126 3331 ἐπιξάλλειν
1184 3276 1271 3329 επὶ
1326 3276 1390 3329 τὸ
1440 3253 1839 3353 θυσιαστήριον,
1869 3280 1946 3346 τῷ
1977 3253 2099 3345 θείιξλ

2219 3279 2481 3335 divinum
2514 3278 2710 3350 ignem
2740 3277 2799 3333 in
2831 3277 2999 3332 altari
3031 3278 3357 3333 admovere.

456 3365 603 3439 πυρί.

528 3457 616 3509 il.
648 3452 750 3507 Καὶ
798 3455 898 3529 γὰρ
948 3452 1037 3507 καὶ
1086 3452 1271 3515 ὁΘεὸς
1322 3452 1511 3525 κτίζει,
1562 3454 1652 3508 καὶ
1688 3451 1773 3508 ἐπὶ
1805 3453 2104 3525 ἀνθρώπων

459 3539 516 3597 δὲ
543 3542 606 3596 τὸ
652 3541 849 3609 κτίζειν
898 3539 1106 3617 εἷ’ρηται
1141 3561 1154 3572 ·
1208 3540 1297 3596 καὶ
1331 3542 1359 3596 6
1394 3542 1486 3613 μὲν
1542 3544 1671 3605 Θεὸς
1723 3540 1794 3595 ὤν
1850 3542 1978 3596 ἐστι·
2015 3539 2103 3596 λέ-

456 3651 644 3705 γονται
677 3628 735 3685 δὲ
763 3630 852 3684 καὶ
884 3632 936 3684 o't
986 3627 1262 3705 ἅνθρωποι
1313 3630 1468 3700 εἶναι,
1518 3632 1664 3705 παρὰ
1691 3635 1823 3686 Θεοῦ
1872 3632 1961 3685 καὶ
1987 3636 2109 3685 τοῦ-

368 3755 373 3759 ·
454 3740 518 3773 το
550 3713 808 3780 λαϐόντες
859 3714 1025 3794 ἔχειν.
1074 3720 1201 3793 Ἆρ’
1248 3719 1339 3772 οῦν
1392 3716 1566 3781 οὕτως
1612 3720 1639 3773 6
1670 3719 1800 3781 Θεὸς
1831 3720 1997 3789 κτίζει
2031 3721 2106 3782 ὡς

458 3808 732 3881 ἂνθρωποι
768 3826 781 3877 ;
812 3812 877 3862 Ἡ
910 3807 1083 3868 οὕτως
1116 3802 1190 3860 ὥν
1242 3806 1382 3861 ἐστιν
1416 3808 1489 3869 ὡς
1540 3804 1825 3883 ἅνθρωπος
1855 3827 1868 3876 ;
1903 3810 1989 3878 Μὴ
2023 3809 2108 3884 γέ-

455 3917 605 3952 νοιτο
641 3899 653 3952 l
687 3893 874 3958 ἄλλως
906 3896 994 3951 ἐπὶ
1045 3901 1180 3951 Θεοῦ
1230 3897 1323 3958 τὰς
1383 3895 1552 3966 λέξεις
1602 3893 1976 3971 λαμϐάνομεν,
2018 3898 2107 3952 καὶ

458 3986 657 4062 ἑτέρως
690 3984 776 4039 ἐπὶ
806 3990 913 4041 τῶν
948 3986 1248 4061 ἀνθρώπων
1276 3986 1475 4047 ταύτας
1509 3983 1882 4059 διανοούμεθα.
1917 3988 1977 4043 Ὀ
2012 3987 2106 4059 μὲν

458 4075 561 4151 γὰρ
594 4075 724 4136 Θεὸς
753 4074 941 4144 κτίζει,
972 4074 1156 4130 καλῶν
1186 4076 1253 4129 τὰ
1288 4076 1363 4147 μή
1416 4071 1543 4129 ὄντα
1596 4076 1672 4137 εἷς
1700 4076 1763 4130 τὸ
1796 4076 1948 4146 εἶναι,
1981 4073 2107 4129 οῦδ-

459 4163 577 4224 ενὸς
626 4160 1003 4235 έπιδεόμενος·
1054 4164 1105 4216 οἱ
1156 4161 1213 4218 δὲ
1267 4160 1542 4240 ἅνθρωποι
1594 4167 1692 4234 την
1747 4165 2107 4238 ὑποκειμένην

459 4250 597 4321 ὕλην
652 4249 984 4325 ἐργάζονται,
1037 4251 1314 4324 εὐξάμενοι
1363 4253 1646 4329 πρότερον,
1697 4253 1784 4308 καὶ
1831 4256 1928 4323 την
1991 4254 2107 4308 ἐπι-

460 4341 677 4410 στήμην
704 4343 802 4393 τοῦ
831 4344 1006 4393 ποιεῖν
1040 4335 1301 4401 λαϐόντες
1338 4342 1484 4415 παρὰ
1510 4345 1607 4394 τοῦ
1639 4340 1811 4396 πάντα
1841 4340 2107 4417 δημιουρ-

460 4429 727 4502 γήσαντος
759 4431 891 4481 Θεοῦ
940 4424 1030 4480 διὰ
1063 4431 1160 4481 τοῦ
1209 4425 1351 4481 ἰδίου
1400 4428 1594 4503 Λόγου.
1631 4429 1800 4485 Πάλιν
1832 4451 1891 4484 τε
1929 4433 1981 4484 οἱ
2016 4431 2107 4504 μὲν

468 4514 493 4537 ”
530 4518 557 4569 θ
857 4515 870 4534 ’
926 4512 953 4569 δ
1024 4516 1057 4568 ά
1338 4518 1384 4570 θ’
1424 4517 1448 4571 ἒ
1587 4516 1597 4533 “
1876 4521 1897 4537 ⁷
2058 4518 2080 4539 ”

462 4537 521 4570 αν
566 4537 765 4591 ρωποι,
816 4536 879 4570 ου
959 4536 1017 4568 υν
1063 4536 1217 4587 μενοι
1268 4537 1335 4570 κα
1453 4538 1643 4579 αυτους
1690 4520 1800 4591 (65)
1849 4540 2004 4591 ειναι,
2055 4543 2105 4575 εν

2289 3457 2373 3510 11.
2409 3455 2641 3511 Scilicet
2670 3458 2725 3510 et
2746 3455 2900 3510 Deus
2921 3457 3096 3521 creat,
3129 3456 3187 3508 et
3214 3454 3285 3509 de
3315 3452 3656 3508 hominibus
3695 3451 3856 3508 idem

2218 3562 2449 3617 quoque
2480 3544 2727 3598 dicitur:
2762 3544 2916 3599 Deus
2939 3543 3075 3599 item
3100 3543 3151 3598 is
3177 3546 3265 3598 est
3294 3542 3394 3614 qui
3426 3545 3552 3598 est:
3585 3541 3858 3598 homines

2217 3633 2488 3690 similiter
2517 3632 2794 3687 dicuntur
2822 3648 2968 3698 esse,
3004 3632 3159 3703 quod
3188 3631 3384 3703 ipsum
3412 3630 3649 3702 quidem
3678 3646 3713 3684 a
3740 3629 3859 3684 Deo

2216 3727 2584 3794 acceperunt.
2616 3723 2698 3775 An
2732 3737 2866 3793 ergo
2897 3720 2978 3775 ita
3006 3720 3160 3776 Deus
3190 3723 3367 3789 creat,
3400 3723 3465 3774 ut
3521 3717 3696 3773 homo
3718 3716 3746 3771 ’ἶ
3776 3720 3862 3772 An

2216 3813 2420 3868 eodem
2452 3812 2622 3866 modo
2646 3814 2752 3877 est,
2774 3826 2889 3881 quo
2908 3809 3082 3865 homo
3103 3809 3131 3864 ‘P
3149 3808 3388 3863 Minime
3408 3811 3559 3862 certe
3583 3823 3596 3862 :
3619 3807 3719 3862 sed
3753 3804 3865 3861 ali-

2217 3905 2306 3956 ter
2326 3900 2433 3955 has
2455 3916 2623 3953 voces
2654 3899 2723 3954 de
2754 3903 2867 3953 Deo
2898 3896 3302 3971 intelligimus,
3335 3895 3505 3951 aliter
3557 3895 3627 3950 de
3672 3894 3866 3950 homi-

2218 3991 2412 4045 nibus.
2443 3989 2588 4043 Nam
2626 3994 2773 4042 Deus
2804 3987 3043 4059 quidem
3072 3990 3246 4054 creat,
3281 4003 3348 4041 ea
3378 4001 3506 4057 quas
3551 4001 3664 4039 non
3697 3987 3864 4039 erant

2217 4095 2429 4134 vocans
2454 4082 2517 4131 ut
2540 4077 2659 4131 sint
2677 4076 3032 4147 “nullaque
3053 4091 3113 4130 re
3135 4076 3206 4130 ad
3227 4075 3542 4130 creandum
3558 4072 3859 4145 indigens:

2218 4168 2488 4223 homines
2509 4182 2643 4220 vero
2684 4183 2799 4220 non
2833 4166 2945 4221 nisi
3003 4166 3267 4236 subjecta
3313 4167 3564 4219 utuntur
3594 4161 3857 4227 materia,

2220 4260 2532 4328 postquam
2567 4271 2600 4308 a
2629 4254 2744 4309 Deo
2777 4254 2876 4325 qui
2909 4254 3108 4308 omnia
3136 4269 3238 4323 per
3267 4251 3571 4324 proprium
3601 4250 3863 4305 Verbum

2220 4343 2450 4406 creavit,
2476 4342 2777 4397 scientiam
2806 4346 3059 4396 artemve
3080 4340 3285 4412 agendi
3303 4339 3571 4411 precibus
3592 4338 3864 4393 obtinue-

2220 4433 2357 4487 rint.
2385 4432 2661 4486 Praaterea
2684 4430 2974 4496 homines,
2998 4429 3095 4500 qui
3120 4445 3223 4500 per
3243 4446 3302 4484 se
3322 4427 3432 4500 ipsi
3455 4443 3582 4481 esse
3600 4442 3714 4481 non
3739 4441 3869 4497 pos-

2221 4525 2379 4587 sunt,
2413 4520 2536 4575 loco
2568 4518 3152 4584 circumscribuntur,
3203 4521 3376 4588 atque
3432 4516 3489 4569 in
3550 4513 3647 4568 Dei
3683 4512 3867 4569 Verbo

458 4605 616 4677 τόπῳ
650 4603 1011 4681 τυγχάνοντές
1045 4604 1145 4658 εἶσι
1194 4605 1600 4680 περιεχόμενοι,
1650 4607 1738 4661 καὶ
1784 4614 2099 4671 συνεστῶτες

2220 4610 2553 4665 consistunt
2577 4624 2587 4663 :
2624 4612 2683 4662 at
2707 4612 2854 4662 Deus
2885 4606 2985 4678 qui
3017 4623 3119 4677 per
3150 4622 3211 4661 se
3234 4621 3363 4660 vere
3389 4607 3496 4670 est,
3520 4603 3720 4658 omnia
3734 4619 3867 4658 con-

464 4692 515 4748 έν
547 4698 626 4766 τῷ
653 4698 751 4748 τοῦ
781 4697 916 4748 Θεοῦ
948 4692 1122 4768 Λόγῳ⁸
1159 4692 1186 4746 ὁ
1219 4690 1277 4747 δὲ
1307 4695 1434 4756 Θεὸς
1464 4692 1538 4748 ὥν
1584 4694 1694 4749 ἐστι
1742 4697 1857 4750 καθ’
1903 4698 2110 4773 ἑαυτὸν,

461 4783 736 4858 περιέχων
784 4782 852 4837 τὰ
896 4782 1102 4853 πάντα,
1154 4780 1246 4835 καὶ
1297 4782 1385 4835 ὑπ’
1432 4782 1648 4845 οὐδενὸς
1698 4785 2111 4861 περιεχόμενος

461 4873 551 4928 καὶ
602 4871 654 4926 ἐν
705 4877 831 4925 πᾶσι
869 4870 964 4944 μὲν
1016 4867 1125 4924 ἔστι
1155 4871 1289 4925 κατὰ
1335 4872 1433 4938 τὴν
1468 4872 1658 4926 ἑαυτοῦ
1688 4872 1997 4943 ἀγαθότητα
2024 4878 2114 4931 καὶ

462 4957 715 5034 δύναμιν,
777 4957 879 5030 ἔξω
942 4956 1000 5014 δὲ
1056 4963 1163 5014 τῶν
1222 4957 1435 5015 πάντων
1494 4959 1657 5016 πάλιν
1712 4961 1823 5017 ἐστὶ
1854 4966 1989 5018 κατά
2014 4968 2112 5034 τὴν

463 5047 600 5105 ἰδίαν
634 5048 814 5126 φύσιν.
845 5050 1048 5125 ’Ὠσπερ
1101 5049 1191 5103 οὗν
1242 5048 1303 5103 οὐ
1349 5050 1441 5103 τὸν
1494 5049 1652 5104 αὐτὸν
1695 5050 1895 5126 τρόπον
1930 5055 1982 5107 οἱ
2026 5055 2116 5108 ἄν·

462 5141 673 5215 θρωποι
723 5138 994 5208 κτίζουσιν
1046 5136 1209 5214 ὅνπερ
1257 5137 1457 5212 τρόπον
1511 5140 1539 5193 6
1588 5142 1718 5202 Θεὸς
1765 5140 1955 5214 κτίζει,
2006 5140 2120 5197 οὐδ’

500 5227 527 5250 ’⁷
708 5226 778 5281 ἷ“
892 5227 1060 5281 ἳ”θ
1311 5225 1336 5248 "
1523 5227 1723 5282 é‘6
1902 5230 2005 5263 "'

466 5248 638 5290 ουτως
679 5248 809 5281 εσιν
859 5247 887 5281 o
964 5247 1023 5281 αν
1067 5247 1242 5302 ρωποι
1299 5247 1475 5302 ωσπερ
1551 5248 1662 5283 στι)
1762 5229 1892 5293 Θεός
1946 5252 2120 5293 ουτως

462 5315 651 5380 ἄλλως
707 5316 846 5371 ἐστὶν
892 5317 927 5385 ἠ
976 5319 1083 5371 τῶν
1138 5316 1438 5392 ἀνθρώπων
1496 5315 1724 5392 γένεσις,
1782 5317 1870 5372 καὶ
1932 5317 2121 5381 ἄλλως

2220 4699 2387 4763 tinet,
2419 4702 2476 4752 et
2508 4714 2540 4752 a
2570 4696 2733 4751 nulla
2762 4713 2821 4751 re
2841 4698 2967 4767 ipse
2993 4694 3356 4751 continetur:
3390 4693 3448 4747 in
3473 4692 3747 4748 omnibus
3776 4695 3866 4747 est

2223 4804 2331 4843 sua
2349 4787 2604 4842 bonitate
2629 4792 2685 4840 et
2715 4785 2974 4857 potentia
2998 4809 3012 4851 ;
3045 4788 3104 4839 at
3126 4788 3286 4838 extra
3306 4782 3504 4838 omnia
3525 4785 3613 4837 est
3633 4780 3869 4853 propria

2224 4881 2454 4932 natura.
2513 4875 3019 4940 Quemadmodum
3078 4890 3213 4945 ergo
3273 4890 3387 4928 non
3445 4872 3649 4927 eodem
3694 4871 3866 4924 modo

2226 4970 2425 5021 creant
2456 4965 2741 5030 homines,
2775 4980 2891 5035 quo
2924 4964 3072 5017 Deus
3102 4965 3278 5028 creat,
3310 4977 3418 5016 nec
3449 4961 3649 5015 eodem
3691 4958 3865 5013 modo

2227 5056 2366 5109 sunt
2394 5070 2511 5124 quo
2541 5052 2676 5107 ille:
2711 5052 2792 5107 ita
2822 5051 2990 5106 aliter
3045 5053 3427 5122 procreantur
3484 5047 3775 5113 homines,
3810 5050 3869 5102 et

2227 5142 2396 5197 aliter
2427 5141 2609 5197 Filius
2638 5157 2707 5196 ex
2736 5145 2904 5195 Patre
2935 5139 3218 5195 nascitur.
3276 5139 3450 5193 Fetus
3493 5136 3650 5192 enim
3680 5134 3871 5191 homi-

2229 5248 2392 5299 num,
2418 5235 2613 5302 partes
2638 5230 3071 5302 quodammodo
3088 5230 3227 5284 sunt
3246 5228 3636 5300 gignentium,
3657 5225 3874 5297 quippe

2229 5336 2365 5376 cum
2391 5336 2497 5375 nec
2522 5320 2652 5392 ipsa
2681 5334 2987 5391 corporum
3015 5320 3224 5373 natura
3244 5315 3493 5388 simplex
3512 5315 3606 5383 sit,
3633 5315 3732 5371 sed
3755 5313 3873 5369 ﬂu-

536 5470 580 5505 ³⁶
609 5469 744 5542 Luc.
777 5485 894 5538 xxx,
929 5468 1136 5542 17,719.
1213 5470 1258 5505 ³⁷
1290 5468 1494 5526 Matth.
1535 5487 1655 5541 xIx,
1692 5472 1782 5527 27.
1861 5473 1903 5511 ³⁸
1934 5472 2099 5529 Mattl

2211 5490 2311 5542 xv,
2353 5473 2442 5529 34.
2518 5472 2563 5506 ευ
2591 5470 2733 5528 ibid.
2780 5470 2869 5525 2.3.
2947 5470 2992 5505 ιο
3040 5469 3062 5526 1
3116 5471 3243 5524 Cor.
3305 5485 3367 5537 u,
3423 5467 3512 5523 15.
3586 5468 3631 5504 ιι
3674 5433 3871 5524 ’[εω.

459 5541 552 5596 22.
585 5542 631 5576 ⁵³
661 5541 828 5597 Rom.
861 5558 939 5608 IV,
968 5541 1053 5595 17.

536 5707 649 5777 (64)
675 5707 768 5763 Sic
791 5707 931 5780 Reg.
953 5705 1063 5764 Alii
1084 5722 1217 5764 vero
1239 5710 1296 5763 et
1320 5707 1484 5778 editi,
1511 5707 1588 5780 μή
1619 5708 1707 5762 καὶ
1737 5708 1788 5762 οἱ
1815 5706 2115 5785 ἅνθρωποι.

2230 5712 2341 5783 (65)
2375 5712 2538 5783 Reg.,
2566 5710 2684 5772 καθ’
2716 5706 2931 5777 αὐτούς,
2957 5711 3014 5766 et
3042 5705 3212 5781 paulo
3270 5710 3424 5779 post,
3456 5707 3571 5767 καθ’
3617 5703 3798 5763 αὑτόν.
