4152 6388
447 367 564 430 437

1522 369 1624 430 DE
1667 365 2050 430 DECRETIS
2095 365 2433 433 NIGIENJE
2476 370 2790 434 SYNODI.

3737 372 3859 438 438

447 506 544 557 τοῦ
575 501 702 556 Υἳοῦ
743 498 1016 577 γέννησιν.
1050 501 1140 565 Τίς
1181 502 1282 578 γὰρ
1343 499 1561 558 δύναται
1621 502 1714 556 κᾶν
1779 500 2092 576 λογῖςασθαι

2224 509 2642 579 generationem
2676 513 2889 566 nostrae
2920 526 3049 567 esse
3105 510 3376 570 similem.
3411 512 3553 579 Quis
3581 512 3737 570 enim
3767 511 3857 568 vel

455 592 530 664 μή
565 589 698 644 εἷναί
744 612 876 646 ποτε
922 589 982 646 τὸ
1035 590 1382 666 ἀπαύγασμα,
1411 589 1503 644 ἵνα
1540 590 1628 644 καὶ
1660 588 1946 660 τολμήσας
1979 588 2101 661 εἶ”πῃ

453 681 527 753 μὴ
560 680 689 734 εἶναι
725 680 804 735 ἀεὶ
834 681 924 734 τὸν
960 682 1105 751 Υἱὸν,
1138 681 1171 750 ἢ
1199 679 1279 734 ὅτι
1313 681 1412 734 οὑκ
1440 680 1504 749 ἦν
1554 681 1580 733 6
1632 679 1753 740 Υἱὸς
1803 677 1926 750 πρῖν
1977 697 2098 750 γεν-

447 773 590 843 νηθῇ
618 790 630 838 ;
663 771 730 823 Ἡ
759 770 839 832 τίς
872 771 1056 832 ἱκανὸς
1089 768 1284 825 διελεῖν
1316 771 1420 824 ἀπὸ
1449 774 1544 823 τοῦ
1577 767 1742 838 ἡλίου
1771 769 1833 822 τὸ
1866 765 2102 841 ἀπαύγα-

452 880 582 932 σμα,
615 859 650 928 ἢ
681 860 780 928 τὴν
809 861 989 935 πηγήν
1025 860 1306 929 έπινοῆσαί
1338 881 1468 914 ποτε
1510 867 1609 927 τῆς
1665 864 1807 927 ζωῆς
1870 854 2099 932 ἔρημον,

446 945 538 1003 ’ίνα
567 949 656 1003 καὶ
691 948 877 1020 μανεὶς
909 947 1051 1024 εἴπῃ,
1084 948 1135 1020 ἐξ
1187 950 1286 1004 οὑκ
1334 945 1503 1003 ὄντων
1561 947 1698 1002 ἐστὶν
1733 949 1760 1001 6
1791 947 1915 1008 Υἱὸς
1949 948 1975 1000 6
2009 945 2101 1001 λέ·-

453 1059 589 1112 γων,
624 1039 766 1111 Ἐγώ
799 1039 912 1110 εἶμι
942 1042 977 1108 ἡ
1010 1039 1145 1107 ζωὴ,
1178 1039 1212 1107 ἢ
1255 1037 1550 1113 ἀλλότριος
1597 1044 1697 1105 τῆς
1749 1041 1844 1090 τοῧ
1895 1034 2104 1110 Πατρὸς

453 1125 659 1193 οὐσίας,
719 1127 746 1179 6
807 1125 1006 1200 λέγων,
1057 1127 1112 1177 Ὁ
1161 1126 1258 1198 ἐμὲ
1308 1126 1561 1201 ἑωρακὼς
1614 1126 1817 1199 ἑώρακε
1857 1124 1946 1177 τὸν
1996 1129 2102 1177 Πα-

451 1213 612 1290 τέρα;
645 1214 803 1271 Οὕτω
835 1217 937 1290 γὰρ
969 1219 1118 1287 ἡμᾶς
1150 1217 1201 1270 oi
1235 1216 1376 1290 ἅγιοι
1423 1212 1752 1290 βουλόμενοι
1802 1218 1966 1279 νοεῖν,
1996 1234 2106 1266 τοι-

455 1309 590 1361 αῦτα
627 1303 718 1358 καὶ
766 1301 1177 1379 παραδείγματα
1215 1301 1518 1360 δεδώκασι·
1567 1303 1655 1357 καὶ
1709 1300 1848 1356 ἔστιν
1904 1303 2103 1356 ἄτοπον

455 1393 544 1449 καὶ
573 1414 584 1426 ·
619 1390 738 1446 λίαν
769 1388 975 1466 ἀσεϐὲς,
1007 1391 1259 1449 τοιαύτας
1314 1393 1550 1468 ἐχούσης
1598 1399 1697 1461 τῆς
1748 1398 1964 1468 Γραφῆς
2013 1391 2106 1452 τὰς

458 1481 690 1553 εἰκόνας,
726 1482 776 1553 ἐξ
810 1480 997 1538 ἄλλων
1025 1484 1175 1554 ἡμᾶς
1222 1482 1345 1555 περὶ
1391 1486 1488 1535 τοῦ
1533 1480 1731 1555 Κυρίου
1782 1477 2109 1543 διανοεῖσθαι

455 1575 564 1626 τῶν
620 1572 758 1644 μήτε
807 1570 1222 1647 γεγραμμένων,
1259 1571 1397 1643 μήτε
1435 1570 1556 1624 τινα
1607 1567 1844 1624 διάνοιαν
1893 1568 1968 1629 εἷς
2023 1567 2108 1622 εὑ-

460 1655 669 1715 σέϐειαν
703 1659 944 1736 ἐχόντων
955 1704 967 1718 .

2212 597 2560 668 cogitatione
2591 600 2771 672 fingat
2805 618 2919 656 non
2951 616 3080 657 esse
3111 601 3428 672 aliquando
3461 602 3856 673 splendorem,

2213 690 2276 739 ut
2305 687 2514 741 audeat
2544 690 2912 759 contendere,
2973 707 3087 745 non
3147 706 3379 760 semper
3407 689 3588 745 fuisse
3621 689 3858 760 Filium,

2210 774 2298 829 vel
2329 791 2443 830 non
2477 775 2654 831 fuisse
2673 779 3017 848 priusquam
3049 782 3204 834 esset
3222 779 3457 849 genitus
3476 778 3504 833 ?
3532 782 3647 833 Aut
3675 777 3808 850 quis
3828 795 3862 834 a

2214 862 2333 919 sole
2363 863 2728 935 splendorem
2755 867 3067 936 separabit,
3093 873 3192 922 aut
3211 867 3430 922 fontem
3452 867 3572 922 vita
3600 866 3863 939 aliquan-

2214 953 2287 1008 do
2319 953 2665 1008 destitutum
2682 956 3366 1027 cogitabit,utinsaniens
3396 956 3550 1011 dicat
3578 972 3646 1011 ex
3676 955 3860 1012 nihilo

2215 1058 2341 1098 esse
2376 1042 2610 1109 Filium,
2646 1044 2744 1114 qui
2776 1044 2899 1115 ipse
2932 1045 3032 1114 ait,
3068 1048 3172 1116 Ego
3216 1063 3336 1102 sum
3367 1048 3480 1100 vita
3508 1046 3573 1112 ”,
3605 1045 3691 1100 vel
3723 1060 3860 1101 eum

2216 1149 2250 1187 a
2280 1132 2609 1188 substantia
2638 1133 2824 1188 Patris
2855 1150 2982 1188 esse
3014 1135 3330 1204 diversum,
3362 1135 3462 1206 qui
3494 1134 3648 1190 idem
3681 1134 3858 1189 dicit:

2219 1221 2324 1289 Qui
2353 1239 2438 1276 me
2467 1223 2634 1286 videt,
2659 1223 2869 1278 videtet
2887 1224 3162 1278 Patrem“o
3187 1223 3214 1276 ?
3236 1223 3524 1279 Nimirum
3557 1240 3690 1278 cum
3723 1240 3860 1279 san-

2217 1311 2292 1366 cti
2325 1311 2446 1365 haec
2479 1328 2584 1366 nos
2619 1311 2701 1366 ita
2730 1311 3049 1383 intelligere
3077 1312 3490 1380 vellent,nobis
3520 1312 3861 1383 bujusmodi

2217 1399 2483 1472 exempla
2505 1400 2813 1455 tradidere.
2844 1407 3051 1456 Annon
3075 1400 3252 1473 igitur
3273 1399 3596 1456 absurdum
3619 1400 3861 1472 proinde

2217 1488 2501 1560 valdeque
2523 1489 2772 1560 impium
2797 1489 3129 1557 fuerit,cum
3151 1489 3258 1544 has
3282 1489 3568 1560 imagines
3593 1493 3650 1544 et
3677 1505 3863 1545 exem-

2219 1576 2318 1648 pla
2364 1577 2666 1650 Scriptura
2712 1577 3142 1646 contineat,nos
3189 1594 3256 1633 ex
3312 1577 3463 1644 aliis,
3521 1594 3647 1649 quae
3677 1593 3865 1650 neque

2221 1665 2440 1737 scripta
2469 1671 2630 1735 sunt,
2663 1683 2853 1739 neque
2901 1667 2971 1722 ad
3029 1665 3305 1738 pietatem
3352 1663 3472 1721 ullo
3529 1666 3702 1721 modo
3734 1682 3866 1738 spe-

2222 1757 2402 1822 ctant,
2435 1754 2668 1811 Domini
2699 1755 2967 1810 notitiam
3001 1755 3296 1826 inquirere
3316 1754 3343 1808 ‘I

533 1837 620 1892 13.
656 1835 860 1890 Οὐκοῦν
891 1835 1082 1892 λοιπὸν
1119 1835 1450 1910 λεγέτωσαν,
1480 1834 1640 1898 πόθεν
1676 1833 1777 1909 ἄρα
1817 1833 1907 1889 καὶ
1962 1834 2110 1888 οὗτοι

2295 1845 2380 1897 13.
2413 1843 2542 1898 Jam
2574 1843 2771 1915 itaque
2802 1844 3194 1915 respondeant
3224 1842 3519 1898 undenam
3546 1841 3754 1910 edocti,
3777 1841 3869 1898 vel

465 1924 748 1999 μαθόντες,
780 1926 814 1994 ἢ
863 1925 1008 1987 τίνος
1057 1924 1240 1987 αὐτοῖς
1281 1923 1731 2000 παραδεδωκότος
1765 1927 1896 1997 (70),
1928 1927 2112 1977 τοιαῦ-

468 2036 534 2070 τα
562 2016 686 2092 περὶ
716 2019 812 2070 τοῦ
859 2021 1118 2090 Σωτῆρος
1154 2015 1400 2070 ὑπονοεῖν
1432 2012 1664 2090 ἤρξαντο
1691 2034 1703 2083 ;
1750 2013 2114 2087 Ἀνέγνωμεν,

471 2106 754 2180 φήσουσιν,
815 2104 866 2159 ἐν
925 2109 1044 2165 ταῖς
1121 2104 1487 2179 Παροιμίαις·
1548 2103 1746 2178 Κύριος
1821 2098 1994 2157 ἔκτισέ
2053 2121 2120 2172 με

471 2193 649 2269 ἀρχὴν
698 2191 835 2247 ὁδῶν
884 2192 1046 2248 αὑτοῦ
1089 2192 1162 2254 εἷς
1223 2189 1354 2266 ἔργα
1402 2192 1585 2248 αὑτοῦ.
1637 2193 1734 2246 Καὶ
1781 2193 1882 2267 γὰρ
1927 2192 2015 2246 καὶ
2066 2193 2118 2247 oi

468 2282 591 2356 περὶ
624 2277 881 2337 Εὑσέϐιον
913 2286 1074 2336 τοῦτο
1125 2280 1300 2356 λέγειν
1354 2278 1595 2352 ἐδόκουν,
1627 2280 1714 2336 καὶ
1773 2280 1835 2334 σὺ
1881 2279 1938 2336 δὲ
1986 2282 2116 2357 γρά-

469 2392 582 2446 φων
617 2367 922 2441 ἐδήλωσας,
953 2369 1035 2425 ὅτι
1069 2367 1155 2424 διὰ
1186 2367 1412 2425 πολλῶν
1472 2370 1563 2442 μὲν
1617 2367 1938 2440 ἀποδείξεων
1991 2372 2115 2424 ἀνα-

465 2459 794 2533 τρεπόμενοι
823 2459 912 2514 καὶ
945 2459 1088 2514 οὗέοι
1123 2459 1606 2534 κατεγινώσκυντο,
1639 2463 1801 2514 τοῦτυ
1856 2457 1914 2514 δὲ
1966 2458 2118 2532 ὅμως

468 2548 623 2604 αὑτοὶ
652 2549 714 2603 τὸ
747 2548 910 2624 ῥητὸν
956 2549 1066 2602 ἄνω
1123 2547 1211 2602 καὶ
1267 2548 1413 2602 κάτω
1463 2547 1865 2626 περιφέροντες,
1897 2547 1952 2602 ’ὲν
2009 2553 2116 2603 τῶν

467 2639 774 2711 κτισμάτων
805 2638 895 2691 τὸν
923 2637 1043 2691 Υἱὸν
1080 2637 1211 2692 εἶναι
1247 2635 1452 2712 ἔλεγον,
1483 2637 1570 2692 καὶ
1601 2643 1718 2698 τοῖς
1747 2642 1998 2712 γενητοῖς
2029 2637 2120 2692 αὑ-

465 2727 558 2782 τὸν
611 2725 998 2802 συνηρίθμουν.
1051 2723 1226 2780 Ἀλλὰ
1282 2726 1371 2780 καὶ
1428 2730 1588 2780 τοῦτο
1649 2724 1866 2781 δοκοῦσί
1910 2728 2114 2800 μοιμή

466 2813 775 2886 νενοηκέναι
805 2812 988 2877 καλῶς
1017 2836 1028 2848 ·
1055 2812 1170 2889 ἔχει
1201 2815 1305 2890 γὰρ
1333 2816 1432 2884 τήν
1479 2813 1720 2870 διάνοιαν
1776 2810 1967 2884 εὐσεϐῆ
2026 2815 2116 2870 καὶ

469 2902 588 2960 λίαν
621 2905 810 2978 ὀρθὴν,
842 2905 910 2974 ἢν
945 2904 990 2960 εἰ
1027 2904 1116 2959 καὶ
1167 2901 1320 2959 αὑτοὶ
1369 2907 1732 2976 νενοήκεισαν,
1768 2905 1868 2960 οὐκ
1913 2905 1991 2961 ἂν.
2023 2905 2114 2960 τὸν

467 2994 662 3071 Κύριον
694 3001 794 3063 τῆς
829 2991 989 3064 δόξης
1034 2989 1486 3071 ἐϐλασφήμησαν.
1517 2996 1591 3048 Τὰ
1635 2995 1737 3070 γὰρ
1783 2995 2116 3068 προειρημέο

466 3105 531 3140 να
588 3084 724 3160 πρὸς
780 3083 844 3138 τὸ
903 3083 1065 3158 ῥητὸν
1118 3088 1280 3138 τοῦτο
1329 3078 1790 3155 συμϐαλλέτωσαν
1851 3086 1988 3156 (71),
2025 3085 2116 3138 καὶ

468 3167 691 3248 ὄψονται
739 3171 959 3241 πολλὴν
1011 3171 1063 3226 έν
1114 3171 1299 3233 αὐτοῖς
1348 3170 1504 3227 οὖσαν
1553 3174 1652 3242 τὴν
1703 3171 1986 3250 διαφοράν.
2025 3172 2116 3235 Τίς

466 3264 570 3339 γὰρ
604 3261 666 3318 οὑ
699 3266 899 3336 συνορᾷ
923 3259 1156 3317 διάνοιαν
1192 3258 1336 3335 ἔχων
1387 3261 1570 3336 ὀρθὴν,
1604 3261 1686 3316 ὅτι
1732 3261 1800 3316 τὰ
1853 3262 1946 3335 μὲν
1997 3282 2114 3318 κτι-
2145 3241 2190 3308 C

470 3349 668 3422 ζόμενα
720 3347 810 3404 καὶ
860 3348 1162 3420 ποιούμενα
1212 3346 1401 3420 ignee.
1458 3353 1554 3403 τοῦ
1614 3353 1924 3420 ποιοῦντος,
1975 3351 2003 3404 6
2061 3347 2120 3405 δὲ

466 3437 614 3510 Υἱὸς,
642 3437 717 3499 ὡς
749 3435 800 3492 ἐν
830 3442 948 3499 τοῖς
989 3435 1288 3512 ἔμπρυσθεν
1340 3434 1531 3508 ἔδειξεν
1559 3439 1586 3492 6
1620 3437 1808 3512 λόγος,
1840 3439 1939 3494 οὐκ
1987 3436 2117 3510 ἔξω-

469 3537 578 3596 θεν,
613 3524 738 3582 ἀλλ’
771 3524 945 3581 ἐκτοῦ
975 3529 1274 3600 γεννῶντος
1305 3527 1506 3602 πατρὸς
1568 3527 1802 3602 ὑπάρχει
1835 3529 1943 3600 (72)
1971 3547 1984 3597 ;
2019 3529 2116 3583 Καὶ

469 3616 573 3692 γὰρ
631 3616 916 3690 ἅνθρωπος
976 3613 1146 3684 κτίζει
1185 3615 1277 3687 μὲν
1308 3615 1689 3690 οἷκίαν,γεννᾷ
1747 3614 1804 3672 δὲ
1858 3617 1995 3689 υἱὸν,
2026 3617 2115 3672 καὶ

468 3704 570 3761 οὐκ
597 3703 656 3758 ἅν
678 3725 763 3766 τις
795 3703 1136 3782 ἀναστρέφων
1166 3701 1312 3759 εἷ’ποι
1357 3705 1455 3773 τήν
1509 3705 1604 3776 μὲν
1657 3704 1829 3760 οἰκίαν
1879 3706 1967 3760 καὶ
2015 3708 2112 3775 τὴν

476 3797 592 3848 ναῦν
648 3794 931 3870 γεννᾶσθαι
998 3792 1144 3867 παρὰ
1186 3796 1284 3847 τοῦ
1339 3794 1850 3870 κατασκευάζοντος,
1904 3796 1996 3850 τὸν
2059 3794 2117 3851 δὲ

468 3882 583 3938 υἱὸν
638 3881 908 3951 κτίζεσθαι
964 3881 1053 3935 καὶ
1111 3887 1358 3946 ποεῖσθαι
1416 3883 1561 3957 παρὰ
1614 3869 1710 3938 toi}
1741 3883 1940 3938 αὐτοῦ’
1991 3882 2116 3940 οὐδὲ

465 3970 630 4026 πάλιν
686 3971 784 4039 τὴν
846 3971 940 4044 μὲν
1002 3969 1175 4025 οἰκίαν
1252 3970 1432 4025 εἰκόνα
1501 3976 1599 4026 τοῦ
1669 3971 1966 4041 κτίζοντος,
2021 3974 2111 4029 τὸν

467 4057 525 4116 δὲ
567 4059 680 4114 υἱὸν
729 4060 841 4132 (73)
872 4058 1130 4131 ἀνόμοιον
1179 4064 1510 4134 γεννῶντος·
1545 4058 1691 4116 ἀλλά
1751 4060 1962 4133 μᾶλλον
2023 4085 2111 4117 τον

465 4151 578 4222 (74)
611 4149 704 4222 μὲν
738 4148 853 4202 υἱὸν
887 4147 1069 4203 εἰκόνα
1111 4152 1207 4202 τοῦ
1255 4149 1457 4225 πατρὸς
1507 4149 1867 4224 ὁμολογήσει,
1913 4153 2010 4221 τήν
2057 4149 2115 4207 δὲ

466 4236 640 4292 οἷ’κίαν
669 4235 876 4311 τέχνης
908 4236 1040 4291 εἶναι
1076 4234 1497 4312 δημιούργημα,
1531 4237 1576 4293 εἰ
1628 4241 1701 4312 μή
1733 4261 1816 4301 τις
1867 4239 1968 4312 ἄρα
2013 4242 2111 4309 τὴν

466 4322 704 4380 διάνοιαν
735 4323 923 4394 νοσοίη
955 4323 1045 4378 καὶ
1074 4325 1170 4386 τὰς
1211 4325 1400 4402 φρένας
1449 4327 1858 4402 παρεξεστηκὼς
1907 4332 2115 4406 τυγχά-

462 4434 546 4469 νοι
581 4415 724 4486 (75)·
757 4411 980 4486 Ἀμέλει
1011 4413 1224 4468 πάντων
1263 4413 1475 4486 μᾶλλον
1507 4418 1542 4484 ἡ
1575 4414 1689 4470 Θεία
1720 4419 1903 4495 Γραφὴ
1951 4421 2110 4494 γινώ-

463 4523 663 4559 σκουσα
717 4503 817 4571 τὴν
877 4501 1100 4557 ἑκάστου
1159 4500 1338 4579 φύσιν,
1371 4501 1495 4576 περί
1546 4504 1640 4576 μὲν
1699 4509 1802 4558 τῶν
1861 4508 2113 4580 κτιζομέ-

2228 1948 2342 2002 quo
2374 1932 2610 1987 tandem
2643 1931 2759 1988 illis
2789 1933 3055 1988 tradente
3103 1932 3218 1987 ista
3247 1932 3319 1986 de
3350 1930 3646 1987 Salvatore
3677 1931 3870 2002 suspi-

2227 2019 2342 2073 cari
2376 2020 2721 2091 cceperunt?
2751 2019 3044 2091 Legimus,
3079 2020 3369 2090 inquient,
3401 2017 3460 2072 in
3501 2017 3825 2073 Proverbiis
3855 2036 3868 2074 :

2229 2109 2506 2164 Dominus
2533 2111 2736 2164 creavit
2766 2126 2852 2164 me
2877 2109 3108 2164 initium
3135 2109 3354 2163 viarum
3371 2123 3599 2162 suarum
3619 2109 3680 2162 in
3709 2122 3874 2178 opera

2226 2213 2328 2252 sua
2358 2197 2419 2250 δ’.
2454 2197 2687 2252 Scilicet
2717 2198 2770 2252 id
2805 2198 2980 2253 etiam
3003 2197 3349 2252 videbantur
3377 2197 3669 2267 objectare
3699 2195 3875 2252 Euse-

2227 2285 2406 2353 biani,
2439 2290 2617 2355 tuque
2648 2286 2773 2358 ipse
2803 2286 2919 2341 tuis
2951 2285 3160 2342 litteris
3181 2284 3324 2340 mihi
3350 2283 3694 2356 signiﬁcasti
3727 2284 3872 2340 istos

2228 2390 2462 2446 quoque
2483 2373 2685 2430 multis
2708 2374 2842 2429 licet
2864 2373 3227 2445 argumentis
3247 2376 3568 2444 prostratos
3593 2377 3650 2428 et
3673 2372 3868 2428 convi-

2228 2467 2372 2527 ctos,
2408 2463 2478 2517 ad
2506 2462 2604 2518 illa
2627 2463 2933 2535 Scriptura
2954 2463 3127 2519 verba
3148 2462 3496 2534 profugisse,
3527 2477 3712 2533 eaque
3734 2476 3869 2516 sur-

2226 2569 2358 2609 sum
2391 2553 2736 2608 deorsumve
2765 2553 3238 2609 circumferentes
3295 2567 3626 2607 asseverare
3659 2549 3868 2606 Filium

2227 2657 2406 2696 unam
2439 2659 2471 2696 e
2497 2642 2671 2697 rebus
2701 2641 2913 2698 creatis
2934 2658 3081 2707 esse,
3106 2656 3360 2712 eumque
3381 2640 3534 2694 inter
3562 2656 3654 2694 res
3683 2639 3869 2695 factas

2227 2747 2633 2786 annumerare.
2669 2731 2884 2786 Verum
2909 2730 3066 2784 hunc
3089 2730 3399 2801 Scripturaa
3422 2728 3615 2784 locum
3646 2744 3763 2784 non
3785 2743 3872 2783 re-

2227 2824 2316 2876 cte
2347 2819 2492 2874 mihi
2520 2820 2791 2875 videntur
2838 2819 3228 2876 intellexisse:
3289 2817 3584 2889 siquidem
3619 2817 3782 2889 pium
3812 2820 3872 2873 et

2224 2907 2391 2963 valde
2421 2912 2646 2964 rectum
2677 2908 2937 2963 continet
2979 2923 3242 2976 sensum,
3276 2922 3450 2979 quem
3483 2905 3533 2961 si
3557 2905 3669 2977 ipsi
3699 2904 3871 2961 intel-

2223 2997 2842 3064 lexissent,Dominum
2856 2996 3054 3069 gloriaa
3070 2995 3453 3068 blasphemiis
3470 3012 3585 3052 non
3601 2994 3872 3052 offendis-

2224 3087 2372 3143 senl.
2404 3088 2551 3142 Nam
2583 3103 2708 3158 qua
2730 3103 2908 3158 supra
2939 3089 3080 3142 sunt
3109 3086 3264 3141 dicta
3283 3101 3420 3140 cum
3441 3084 3551 3139 hac
3581 3083 3872 3140 sententia

2226 3177 3013 3248 conferant,cognoscentque
3052 3173 3303 3230 multum
3352 3173 3411 3228 in
3442 3172 3559 3228 illis
3589 3189 3718 3229 esse
3748 3171 3869 3227 dis-

2228 3265 2516 3320 criminis.
2550 3265 2690 3330 Quis
2721 3264 2879 3319 enim
2907 3280 3060 3319 sana;
3091 3263 3304 3318 mentis
3326 3279 3440 3317 non
3470 3260 3746 3333 intelligit
3775 3276 3869 3316 res

2227 3359 2453 3410 creatas
2470 3359 2527 3410 et
2547 3353 2732 3410 factas
2757 3356 2918 3408 extra
2936 3353 3263 3407 effectorem
3284 3350 3630 3415 esse,ﬁlium
3647 3353 3868 3418 autem,

2227 3447 2293 3497 ut
2322 3459 2500 3515 supra
2529 3443 2916 3507 ostendimus,
2951 3457 3064 3496 non
3119 3443 3302 3506 extra,
3339 3439 3438 3496 sed
3480 3454 3548 3494 ex
3593 3437 3869 3511 gignente

2228 3535 2390 3604 patre
2419 3531 2698 3586 exsistere
2720 3530 2747 3584 ?
2776 3530 2991 3600 Nempe
3009 3529 3183 3584 homo
3207 3528 3447 3582 domum
3472 3526 3715 3598 quidem
3735 3542 3870 3581 con-

2228 3619 2333 3687 dit,
2368 3620 2468 3675 sed
2501 3619 2689 3674 lilium
2737 3619 2945 3690 gignit,
2979 3619 3060 3672 ita
3106 3621 3172 3672 ut
3199 3633 3370 3671 nemo
3400 3616 3630 3671 inverso
3661 3614 3867 3672 ordine

2226 3708 2382 3763 ausit
2438 3708 2628 3762 dicere
2648 3707 2889 3762 domum
2911 3711 2968 3760 et
2989 3721 3195 3760 navem
3223 3705 3296 3760 ab
3317 3703 3663 3760 mdiﬁcatore
3681 3702 3865 3776 gigni,

2226 3796 2412 3852 filium
2445 3800 2638 3851 autem
2671 3797 2743 3851 ab
2767 3796 2969 3850 eodem
2991 3793 3161 3849 condi
3182 3797 3238 3850 et
3269 3793 3392 3848 fieri
3419 3811 3432 3860 ;
3465 3809 3571 3848 nec
3597 3792 3747 3876 item.
3768 3793 3867 3847 do-

2226 3902 2412 3955 mum,
2445 3884 2812 3940 aediﬁcatoris
2840 3883 3156 3955 imaginem
3195 3881 3540 3949 esse,ﬁlium
3571 3897 3704 3937 vero
3737 3897 3867 3937 esse

2223 3974 2502 4046 genitoris
2535 3972 2882 4029 dissimilem
2911 3989 2923 4028 :
2957 3973 3056 4028 sed
3090 3971 3280 4042 potius
3306 3970 3492 4026 filium
3523 3986 3653 4026 esse
3681 3970 3866 4042 patris

2224 4063 2628 4134 imaginem,et
2655 4063 2896 4118 domum
2927 4061 3071 4117 artis
3102 4077 3248 4132 opus
3277 4059 3690 4126 fatebitur,nisi
3718 4059 3866 4115 forte

2223 4153 2358 4223 quis
2389 4156 2583 4207 mente
2613 4151 2689 4207 sit
2744 4155 2948 4223 captus
2995 4167 3062 4206 ac
3092 4149 3318 4206 deliret.
3377 4148 3636 4204 Profecto
3667 4148 3866 4203 divina

2224 4241 2678 4312 Scriptura,quaa
2711 4256 2904 4294 rerum
2937 4239 3201 4294 omnium
3236 4243 3506 4294 naturam
3537 4237 3708 4309 longe
3738 4253 3864 4291 Πιθη-

2223 4329 2338 4386 lius
2351 4329 2626 4385 omnibus
2644 4327 3039 4400 cognoscit,de
3056 4327 3456 4383 rebuscreatis
3487 4341 3588 4396 per
3605 4328 3861 4396 Moysem

2222 4419 2344 4475 huic
2375 4419 2457 4474 ait
2483 4435 2494 4473 :
2530 4418 2587 4472 In
2617 4418 2890 4489 principio
2915 4418 3046 4487 fecit
3075 4417 3213 4472 Deus
3245 4416 3440 4472 caelum
3469 4417 3528 4468 ut
3558 4422 3762 4468 terram
3790 4415 3858 4468 ⁵³.

2219 4510 2300 4566 De
2333 4509 2472 4564 Filio
2503 4511 2696 4562 autem
2731 4523 2844 4562 non
2875 4504 3057 4560 alium
3083 4521 3260 4577 quam
3282 4505 3475 4575 ipsum
3509 4502 3736 4558 Patrem
3766 4503 3863 4558 de-

462 4611 568 4646 νων
629 4587 719 4644 διὰ
775 4589 1046 4651 Μωϋσέως
1124 4591 1319 4667 φησίν·
1375 4591 1459 4645 Ἐν
1536 4591 1684 4666 ἀρχῇ
1771 4593 2020 4663 ἐποίησεν
2082 4598 2110 4652 ὁ

2224 4597 2402 4654 clarat
2431 4597 2618 4652 dicere
2644 4613 2657 4652 :
2690 4597 2772 4651 Ea:
2802 4601 2956 4650 utero
3010 4597 3136 4650 ante
3189 4593 3490 4665 luciferum
3518 4591 3689 4661 genui
3719 4600 3771 4647 te
3792 4592 3858 4647 ⁵³.

465 4679 594 4742 Θεὸς
650 4677 743 4735 τὸν
803 4678 1025 4752 οὐρανὸν
1075 4677 1165 4733 καὶ
1218 4679 1317 4748 τὴν
1376 4686 1510 4754 γῆνο
1544 4681 1667 4755 περὶ
1725 4678 1782 4737 δὲ
1837 4688 1933 4738 τοῦ
1984 4687 2110 4741 Υἱοῢ

465 4767 573 4844 οὐχ
600 4764 802 4842 ἕτερον,
833 4765 960 4823 ἀλλ’
992 4767 1151 4824 αὑτὸν
1181 4768 1274 4824 τὸν
1307 4767 1516 4844 Πατέρα
1545 4771 1799 4843 σημαίνει
1840 4769 2071 4848 λέγοντα
2093 4795 2106 4808 ·

466 4858 560 4914 Ἐκ
613 4858 846 4933 γαστρὸς
906 4856 1012 4933 πρὸ
1077 4857 1356 4935 ὲωσφόρου
1406 4857 1665 4933 έγέννησά
1720 4881 1810 4914 σε·
1863 4865 1953 4916 καὶ
2007 4864 2109 4918 πά-

463 4944 551 5002 λιν
586 4968 598 4981 °
634 4945 760 5008 Υἱός
825 4966 928 5020 μου
987 4945 1036 5000 εἷ
1090 4945 1174 5018 σὺ,
1209 4945 1318 5021 ἐγὼ
1376 4947 1614 5022 σήμερον
1674 4948 1975 5024 γεγέννηκά
2012 4973 2107 5008 σε·

462 5035 623 5098 αὐτός
646 5056 706 5092 τε
733 5034 858 5110 περὶ
911 5034 1102 5090 ἑαυτοῦ
1134 5035 1162 5088 ὁ
1194 5034 1392 5111 Κύριος
1425 5033 1475 5091 ἐν
1527 5039 1854 5113 Παροιμίαις
1913 5039 2061 5116 λέγει
2095 5065 2107 5078 -

529 5153 767 5210 “Joan.
823 5167 963 5225 xxv,__
994 5151 1172 5225 6.7,“?
1199 5151 1340 5206 ibid.
1399 5153 1453 5206 9.
1529 5153 1573 5190 ⁵1
1631 5153 1795 5210 Prov.
1857 5171 1978 5225 vm,
2009 5158 2100 5214 22.

465 5223 510 5260 ⁵³
537 5228 709 5280 Prov.
741 5238 864 5290 vm,
895 5222 986 5278 25.
1061 5221 1106 5260 ⁵⁸
1134 5223 1300 5281 Jean.
1344 5240 1387 5292 ι,
1415 5225 1470 5280 2.

531 5339 644 5412 (70)
674 5336 769 5394 Sic
799 5337 939 5412 ἣδε.
971 5336 1310 5412 Godex._Alii
1340 5340 1399 5412 et
1420 5338 1563 5412 editi
1585 5339 1864 5412 omittunt
1891 5338 1928 5407 ἢ
1959 5338 2108 5403 τίνος

531 5351 644 5412 (Ίυ)
674 5351 769 5394 Sic
801 5351 939 5464 Heg.
971 5351 1178 5392 uoaex.
1200 5351 1310 5392 A111
1340 5351 1398 5393 et
1420 5351 1558 5394 eam
1585 5351 1864 5394 omittunt
1891 5351 1928 5407 ἤ
1959 5351 2107 5403 τινος

459 5407 646 5492 «θεοῖς
673 5404 882 5492 nuptias
916 5405 1145 5492 ιοκότος.
1182 5408 1318 5465 Mox
1343 5409 1501 5466 idem
1535 5410 1674 5483 Reg.
1712 5408 1984 5480 ὑπονοεῖν,
2006 5413 2107 5469 ubi

461 5481 563 5538 alii
595 5485 654 5537 et
683 5480 824 5536 editi
849 5481 1014 5536 νοεῖν.

533 5551 768 5625 (7})_S_ic
797 5549 1050 5625 Reg.Alii
1080 5565 1214 5606 vero
1271 5554 1328 5606 et
1354 5550 1517 5618 editi,
1552 5549 1628 5611 εἷς
1655 5551 1718 5604 τὸ
1751 5549 1913 5625 ῥητὸν
1945 5555 2105 5608 τοῦτο

465 5640 528 5676 συ
536 5616 911 5694 μῦαλέτωσανῖ

535 5690 648 5765 (72)
680 5694 775 5753 Sic
805 5690 944 5769 Reg.
977 5693 1048 5749 At
1075 5690 1173 5749 alii
1202 5695 1261 5750 et
1292 5692 1455 5765 editi,
1486 5690 1688 5768 πατρός
1720 5691 1850 5748 ἐστι·

2220 4687 2289 4742 Et
2319 4703 2525 4741 rursus
2551 4703 2562 4740 :
2599 4685 2774 4741 Filius
2804 4700 2952 4738 meus
2981 4701 3037 4739 es
3069 4692 3165 4738 tu:
3199 4685 3308 4753 Ego
3336 4681 3494 4738 hodie
3517 4682 3684 4750 genui
3713 4683 3765 4735 te
3793 4681 3857 4735 ει.

2221 4776 2350 4845 Ipse
2379 4791 2611 4846 quoque
2638 4774 2922 4830 Dominus
2952 4774 3025 4828 de
3067 4773 3258 4843 seipso
3290 4772 3349 4826 in
3383 4769 3710 4826 Proverbiis
3741 4768 3859 4826 ait:

2217 4866 2355 4920 Ante
2383 4880 2566 4920 omnes
2621 4863 2784 4920 colles
2813 4869 3038 4931 generat
3086 4877 3174 4916 me
3209 4861 3272 4915 ³⁵.
3333 4859 3587 4920 Joannes
3619 4858 3760 4914 item
3792 4859 3863 4912 de

2220 4955 2388 5010 factis
2399 4958 2455 5009 et
2476 4953 2683 5009 creatis
2705 4952 2880 5008 rebus
2902 4951 2986 5007 sic
3008 4950 3270 5022 loquitur
3292 4968 3304 5005 :
3328 4950 3534 5007 Omnia
3553 4964 3660 5020 per
3679 4949 3862 5018 ipsum

2217 5052 2373 5116 facta
2399 5051 2526 5099 sunt
2553 5043 2595 5078 ⁵⁸
2621 5060 2634 5112 ;
2694 5042 2766 5097 de
2796 5040 3040 5096 Domino
3099 5047 3293 5096 autem
3323 5038 3463 5095 dicit
3489 5054 3501 5092 :
3541 5036 3864 5106 Unigenitus

2211 5159 2258 5196 ⁸³
2290 5160 2497 5216 Genes.
2557 5175 2597 5223 1,
2653 5159 2705 5213 1.
2781 5156 2826 5191 ⁵³
2876 5154 3029 5212 Psal.
3089 5171 3200 5226 cur,
3261 5154 3314 5208 3.
3390 5154 3436 5189 “
3491 5151 3646 5208 Psal.
3713 5151 3860 5219 11,7.

2281 5344 2400 5434 (73)
2459 5341 2838 5434 liacmverba‘,
2919 5339 3185 5434 κτίζεσραι
3241 5337 3333 5434 ξιαὶ
3388 5336 3861 5434 ποιεέίσθαιηπαρρ

2214 5407 2312 5468 τοὺ
2341 5407 2526 5482 αὑτοῦ,
2558 5409 2685 5483 οὑδὲ
2731 5409 2892 5483 πάλιν
2923 5411 3021 5483 τὴν
3058 5411 3151 5483 μὲν
3207 5409 3380 5464 οἰκίαν
3415 5407 3592 5463 εἰκόνα
3617 5411 3716 5463 τοῦ
3744 5407 3859 5462 κτί-

2217 5490 2424 5554 ζοντος,
2457 5480 2548 5538 τὸν
2582 5480 2639 5537 δὲ
2671 5482 2806 5550 υἱόν,
2841 5480 3067 5554 omissa
3089 5487 3228 5538 sunt
3256 5483 3316 5537 in
3349 5483 3488 5554 Reg.

2304 5550 2520 5623 7£)'Sie
2551 5556 2688 5627 Reg.
2720 5553 2917 5610 Ceteri
2942 5557 3137 5610 autem
3169 5557 3225 5609 et
3255 5553 3395 5610 editi
3423 5550 3514 5609 τόν
3547 5551 3854 5609 omittunt.

2282 5560 2400 5700 (75)
2427 5629 2590 5700 Reg.,
2617 5623 2892 5700 τυγχάνει.

2305 5631 2400 5701 75)
2427 5629 2562 5700 Reg.
2575 5666 2590 5694 ,
2617 5623 2892 5701 τύγχάνει.
