4152 6418
232 366 354 432 439

773 369 839 433 S.
889 368 1315 437 ATHANASII
1358 375 1532 438 OPP.
1578 375 1781 439 PARS
1827 376 1876 438 Ῑ.
1909 408 1986 425 —-
2015 377 2439 446 HISTORICA
2481 383 2577 449 ET
2619 378 3104 445 DOGMATICA.

3537 378 3659 443 440

239 502 417 559 Filius
443 505 541 575 qui
569 512 647 562 est
677 506 737 562 in
766 508 896 564 sinu
927 510 1132 581 Patris,
1162 512 1275 582 ipse
1321 513 1604 566 enarravit
1642 512 1705 564 ⁵⁷.
1742 513 1776 565 1
1797 512 1892 567 73

2031 512 2121 586 Ιρὸ
2182 509 2239 566 δὲ
2293 514 2502 569 πάντων
2573 514 2777 590 βουνῶν
2847 517 3004 587 γεννᾷ
3053 530 3149 586 με·
3208 508 3297 566 καὶ
3362 510 3485 587 περὶ
3561 510 3655 585 μὲν

243 592 466 665 Itaque,
494 595 541 650 si
574 595 733 652 ﬁlius
755 602 984 666 est,non
1008 605 1095 655 est
1126 618 1217 656 res
1239 606 1470 665 creata;
1507 600 1555 655 si
1580 605 1781 655 contra
1804 618 1895 655 res

244 687 436 737 creata
450 689 680 751 est,non
697 692 948 743 estcerte
964 688 1116 743 {ilius
1137 689 1447 760 ;siquidem
1468 690 1785 761 plurimum
1805 708 1894 745 res

252 767 366 824 illa;
398 770 548 827 inter
591 790 652 829 se
673 775 971 841 differunt,
997 794 1100 831 nec
1121 777 1274 831 idem
1299 794 1425 832 esse
1452 784 1637 848 potest
1664 778 1819 831 ﬁlius
1842 784 1897 833 et

244 864 495 927 creatus,
527 880 598 918 ne
628 863 896 920 videlicet
925 867 1054 937 ejus
1086 871 1296 921 natura
1327 872 1384 921 et
1418 883 1485 921 ex
1514 868 1630 923 Deo
1658 873 1713 921 et
1737 872 1898 923 extra

245 946 428 1003 Deum
461 967 589 1007 esse
618 953 1003 1010 existimetur.

2002 604 2109 653 τῶν
2166 608 2409 675 γενητῶν
2469 604 2558 657 καὶ
2615 607 2811 657 κιστῶν
2871 604 2899 656 6
2946 601 3202 671 Ἰωάννης
3254 598 3418 678 φησί·
3479 599 3660 655 Πάντα

2065 690 2075 709 ν
2159 689 2171 707 Ἰ
2250 695 2273 704 ~
2335 690 2348 707 τ
2400 690 2408 707 ρ
2744 691 2756 707 \
2818 687 2861 707 ΝΚ
2986 695 3009 703 υ
3084 695 3099 709 ν
3348 688 3360 707 θ
3617 687 3627 706 Ι

2006 685 2055 742 δι
2115 711 2278 743 αυτου
2331 707 2575 766 εγενετο·
2636 713 2760 766 περι
2815 710 2871 744 οε
2916 710 3013 744 του
3062 689 3261 765 Κυρίου
3313 686 3659 764 ευαγγελιζο-

2009 798 2168 850 μενος
2201 778 2376 855 λέγει’
2421 781 2477 831 Ὀ
2531 781 2830 854 μονογενὴς
2881 780 3028 845 Υἱὸς,
3061 780 3088 833 6
3141 776 3212 832 ὢν
3259 778 3333 840 εἷς
3381 779 3472 832 τὸν
3522 776 3657 832 κόλ-

2004 888 2104 921 πον
2189 874 2286 923 τοῦ
2368 869 2600 945 Πατρὸς,
2679 869 2879 930 ἐκεῖνος
2963 868 3284 943 ἐξηγήσατο.
3336 867 3401 922 Εἰ
3480 867 3657 921 τοίνυν

2005 958 2141 1023 υἱὸς,
2171 957 2232 1012 οὗ
2266 958 2464 1031 κτίσμα
2486 978 2498 989 ’
2534 958 2579 1013 εἰ
2612 955 2669 1012 δὲ
2698 958 2919 1031 κτίσμα,
2954 957 3061 1032 οὐχ
3109 956 3227 1018 υἱός
3253 975 3265 989 '
3318 954 3506 1023 πολλὴ
3557 954 3660 1029 γὰρ

246 1035 297 1088 ὲν
360 1036 543 1100 αὐτοῖς
572 1042 607 1109 ἡ
641 1038 891 1119 διαφορὰ,
922 1044 1010 1097 καὶ
1068 1043 1167 1098 οὐκ
1219 1044 1277 1098 ἂν
1340 1043 1422 1115 εἶή
1483 1044 1642 1098 αὐτὸς
1703 1045 1815 1106 υἱὸς
1873 1045 1962 1099 καὶ
2020 1046 2237 1118 κτίσμα,
2265 1044 2357 1101 τίνα
2418 1048 2493 1120 μή
2526 1047 2616 1101 καὶ
2648 1045 2706 1101 ἐκ
2733 1050 2830 1100 τοῦ
2862 1050 2995 1101 Θεοῦ
3026 1045 3116 1100 καὶ
3148 1042 3340 1115 ἔξωθεν
3390 1048 3489 1099 τοῦ
3524 1047 3665 1099 Θεοῦ

243 1125 279 1193 ἡ
316 1125 471 1181 οὐσία
500 1127 663 1183 αὐτοῦ
694 1132 1005 1204 νομίζηται.

322 1217 408 1271 14.
442 1218 592 1274 Num
624 1236 760 1293 ergo
815 1222 1034 1278 frustra
1061 1226 1236 1279 verba
1292 1224 1392 1279 illa
1450 1225 1668 1297 scripta
1707 1224 1900 1279 sunt?

254 1305 339 1360 Ita
366 1306 523 1362 enim
557 1308 641 1363 illi
699 1309 875 1366 veluti
907 1312 1164 1368 culicum
1225 1330 1465 1369 examen
1500 1317 1897 1369 murmurant.

258 1393 498 1451 Minime
528 1414 699 1453 vero:
734 1415 849 1454 non
906 1400 1127 1455 frustra
1172 1400 1274 1456 illa
1334 1407 1473 1457 sunt
1528 1403 1768 1474 scripta,
1802 1404 1901 1457 sed

264 1501 546 1557 perquam
579 1488 1033 1543 necessarie.llle
1062 1490 1217 1544 enim
1250 1491 1424 1546 etiam
1458 1492 1636 1547 creari
1669 1492 1905 1557 dicitur,

256 1574 356 1629 sed
390 1591 522 1630 cum
553 1575 729 1631 homo
752 1578 940 1633 factus
962 1583 1049 1633 est
1072 1596 1085 1643 ;
1108 1579 1162 1633 id
1194 1580 1348 1634 enim
1373 1585 1460 1635 est
1484 1581 1738 1636 hominis
1771 1598 1902 1652 pro-

258 1663 474 1734 prium.
508 1665 675 1720 Hunc
706 1671 901 1721 autem
941 1684 1069 1723 esse
1091 1670 1400 1740 Scriptura?
1431 1687 1667 1725 sensum
1703 1670 1800 1724 ille
1818 1686 1903 1725 re-

256 1752 459 1825 periet,
491 1753 591 1825 qui
623 1771 722 1809 eas
755 1772 869 1810 non
931 1772 1059 1812 esse
1116 1758 1304 1813 obiter
1332 1757 1608 1831 legendas
1640 1760 1902 1829 edoctus,

2086 1228 2170 1280 14.
2216 1226 2338 1300 Ἆρ’
2397 1223 2488 1279 οῦν
2548 1224 2719 1297 μάτην
2774 1223 3074 1300 γέγραπται
3129 1227 3292 1277 τοῦτο
3350 1222 3413 1276 τὸ
3464 1220 3667 1297 ῥητόνῖ

2009 1318 2178 1367 Τοῦτο
2234 1314 2337 1389 γὰρ
2391 1311 2555 1368 πάλιν
2622 1312 2816 1368 ἐκεῖνοι
2873 1307 3328 1389 περιϐομϐοῦσιν,
3363 1312 3440 1372 ὡς
3495 1307 3666 1386 ἀγέλη

2010 1403 2308 1458 κωνώπων.
2343 1402 2481 1479 ῡῦχί
2536 1423 2619 1477 γε,
2656 1402 2717 1457 οὗ
2780 1403 2953 1474 μάτην
3012 1400 3334 1478 γέγραπται,
3377 1398 3523 1455 ἀλλά
3578 1399 3669 1454 καὶ

2016 1492 2163 1565 μάλα
2218 1492 2551 1567 ἀναγκαίως·
2608 1492 2697 1546 καὶ
2755 1493 2860 1567 γὰρ
2918 1492 3008 1545 καὶ
3066 1489 3341 1559 κτίζεσθαι
3411 1488 3667 1563 λέγεται·

2014 1579 2137 1636 ἀλλ’
2169 1581 2257 1636 ὅτε
2285 1581 2496 1656 γέγονεν
2533 1579 2848 1656 ἅνθρωπος·
2886 1580 3172 1652 ἀνθρώπου
3220 1580 3325 1655 γὰρ
3370 1574 3506 1632 ἴδιον
3537 1581 3672 1632 τοῦ-

2012 1691 2095 1726 το.
2127 1671 2233 1738 Τὴν
2267 1669 2323 1724 δὲ
2345 1668 2584 1725 διάνοιαν
2606 1670 2807 1739 ταύτην
2844 1669 3060 1745 εὑρήσει
3090 1668 3275 1730 καλῶς
3308 1668 3360 1722 ἐν
3403 1673 3522 1728 τοῖς
3572 1666 3668 1721 λο-

2014 1758 2161 1833 γίοις
2214 1760 2472 1831 κειμένην
2508 1760 2535 1812 6
2573 1760 2647 1832 μὴ
2705 1759 2972 1834 πάρεργον
3033 1757 3346 1833 ἡγούμενος
3400 1756 3503 1824 τὴν
3547 1755 3673 1809 ἀνά-

258 1854 513 1922 tempus,
549 1868 829 1922 personas
878 1870 944 1909 ac
1004 1871 1202 1910 rerum
1261 1858 1616 1927 scriptarum
1668 1871 1904 1911 causam

2031 1869 2238 1924 γνωσιν,
2292 1846 2438 1902 ἀλλᾶ
2493 1848 2581 1902 καὶ
2637 1848 2727 1902 τὸν
2784 1849 2970 1923 καιρὸν
3031 1847 3122 1901 καὶ
3168 1846 3236 1901 τὰ
3266 1845 3554 1920 πρόσωπα,
3582 1844 3675 1898 καὶ

258 1938 652 2012 investigabit,
682 1958 748 1997 ac
782 1942 1022 2013 proinde
1054 1961 1177 2011 quae
1232 1943 1437 2016 legerit
1480 1944 1747 2016 dispiciet
1776 1962 1903 2016 per-

263 2028 593 2100 pendetque
622 2032 1049 2103 secum.ltaque
1074 2032 1305 2087 illorum
1338 2034 1648 2089 verborum
1674 2041 1905 2104 tempus

261 2133 389 2172 esse
419 2117 697 2185 inveniet,
729 2136 859 2176 cum
896 2121 1177 2177 nimirum
1210 2122 1517 2191 Dominus,
1544 2123 1643 2193 qui
1676 2138 1908 2193 semper

262 2208 369 2271 est,
402 2212 604 2276 postea
633 2207 690 2261 in
725 2208 837 2263 ﬁne
869 2209 1215 2265 saeculorum
1258 2211 1431 2266 homo
1489 2216 1576 2265 est
1608 2211 1815 2274 factus,
1850 2215 1908 2265 et

261 2293 360 2366 qui
393 2294 492 2351 Dei
525 2295 701 2351 Filius
752 2302 894 2366 erat,
930 2299 1117 2354 factus
1146 2300 1322 2354 etiam
1382 2305 1471 2355 est
1502 2299 1683 2355 Filius
1715 2299 1905 2354 homi-

259 2382 373 2438 nis.
407 2387 654 2440 Causam
709 2403 942 2458 quoque
999 2388 1297 2459 percipiet,
1358 2389 1497 2459 quia
1528 2405 1739 2460 nempe
1772 2405 1907 2443 cum

260 2472 357 2527 ille
393 2477 652 2531 nostram
711 2480 956 2531 mortem
1013 2476 1182 2532 vellet
1241 2478 1560 2547 destruere,
1622 2478 1733 2533 sibi
1791 2478 1881 2547 ips

266 2578 479 2633 corpus
510 2579 578 2618 ex
607 2563 843 2636 Virgine
875 2565 1056 2619 Maria
1088 2566 1328 2636 accepit,
1373 2570 1437 2620 ut
1468 2566 1615 2621 illud
1652 2584 1752 2638 pro
1785 2583 1911 2621 om-

267 2650 442 2705 nibus
464 2650 917 2718 victimamPatri
937 2654 1186 2708 offerens
1207 2656 1385 2723 “mos
1414 2671 1618 2710 omnes
1640 2655 1914 2710 liberaret

272 2736 373 2807 qui
406 2741 561 2793 metu
591 2738 799 2793 mortis
828 2756 931 2810 per
957 2743 1136 2795 totam
1170 2742 1347 2797 vitam
1388 2742 1650 2798 servituti
1682 2742 1916 2797 obnoxii

271 2841 528 2880 eramus.
562 2830 819 2882 Persona
872 2833 1070 2884 autem
1129 2830 1435 2887 salvatoris
1482 2832 1755 2903 estquod
1788 2831 1913 2899 qui-

273 2914 408 2969 dem
439 2917 581 2969 tunc
611 2914 844 2983 dicitur,
901 2934 1034 2972 cum
1060 2920 1186 2990 jam
1236 2937 1474 2991 corpore
1527 2925 1762 2992 accepto
1793 2919 1916 2974 hac

273 3003 393 3058 ait:
424 3004 689 3059 Dominus
717 3008 923 3062 creavit
949 3023 1037 3062 me
1064 3009 1293 3063 initium
1348 3010 1564 3064 viarum
1592 3025 1827 3064 suarum
1857 3024 1915 3061 ιη

271 3108 438 3164 opera
467 3108 571 3148 sua
598 3093 661 3147 ⁵ο.
696 3094 768 3149 Ut
797 3095 953 3150 enim
986 3095 1090 3165 illi,
1143 3102 1432 3169 quatenus
1466 3098 1647 3154 Filius
1680 3098 1772 3153 Dei
1806 3101 1914 3165 est,

277 3182 496 3254 optime
525 3183 793 3239 convenit
821 3184 879 3239 in
911 3189 1191 3242 aeternum
1219 3204 1365 3258 esse,
1398 3192 1455 3243 et
1482 3187 1541 3242 in
1565 3188 1696 3243 sinu
1728 3186 1917 3242 Patris

278 3287 406 3326 esse
430 3288 443 3326 :
478 3271 561 3326 ita
582 3270 806 3327 homini
839 3273 991 3329 facto
1014 3281 1169 3330 recte
1197 3281 1528 3348 congruunt
1557 3276 1678 3331 hac
1707 3277 1883 3331 verba
1908 3291 1921 3329 :

283 3360 551 3415 Dominus
576 3363 784 3417 creavit
840 3379 949 3418 me.
982 3365 1144 3419 Tunc
1202 3365 1356 3419 enim
1393 3366 1463 3421 de
1507 3381 1573 3421 eo
1604 3365 1837 3430 dicitur,
1870 3367 1928 3419 et

280 3447 541 3515 esurivit,
574 3452 631 3503 et
660 3449 929 3517 sitivit,et
978 3451 1358 3525 interrogavit
1387 3454 1485 3509 ubi
1504 3454 1720 3523 jaceret
1748 3453 1925 3508 Laza-

276 3554 415 3592 rus:
449 3541 505 3591 et
520 3554 750 3609 passus
779 3543 867 3595 est
923 3557 990 3595 ac
1022 3542 1360 3597 resurrexit.
1419 3542 1925 3608 Quemadmodum

277 3624 557 3697 appellari
581 3627 1050 3698 audimus,illum
1074 3630 1460 3703 intelligimus
1484 3648 1552 3686 ex
1573 3635 1740 3686 Patre
1760 3646 1889 3685 esse
1911 3646 1926 3684 :

280 3714 365 3769 sic
395 3729 529 3768 cum
559 3713 660 3768 illa
719 3715 1034 3772 audimus:
1094 3720 1329 3783 creavit,
1378 3734 1588 3786 servus,
1648 3724 1701 3771 et
1738 3731 1933 3788 passus

282 3808 382 3869 est,
416 3802 538 3857 haec
567 3804 695 3873 ejus
727 3802 1017 3859 divinitati
1074 3806 1333 3862 tribuere
1389 3823 1621 3878 aequum
1653 3824 1768 3861 non
1799 3810 1925 3874 est;

287 3894 488 3962 utpote
520 3907 647 3961 quae
678 3893 749 3946 ad
781 3894 984 3948 eadem
1016 3894 1136 3949 sint
1166 3894 1355 3950 aliena
1384 3913 1397 3962 ;
1430 3896 1529 3950 sed
1563 3896 1718 3949 carni
1753 3910 1932 3967 quam

286 3983 524 4051 propter
552 3996 658 4035 nos
694 3982 935 4051 accepit,
968 3984 1139 4052 cujus
1167 3983 1280 4038 ista
1320 3984 1601 4039 nimirum
1634 3989 1773 4039 sunt
1802 4000 1935 4055 pro-

291 4068 456 4140 pria:
489 4084 614 4139 quae
658 4068 894 4139 quidem
951 4087 1084 4126 caro
1130 4088 1241 4126 non
1289 4071 1438 4127 alius
1495 4073 1594 4128 sed
1625 4072 1811 4144 ipsius
1843 4076 1937 4128 est

294 4155 484 4211 Verbi.
519 4156 573 4210 Si
608 4157 739 4228 quis
769 4173 902 4213 vero
960 4164 1155 4213 ortum
1188 4160 1323 4214 inde
1353 4160 1814 4216 emolumentnm
1847 4161 1943 4215 di-'

292 4261 454 4301 scere
483 4245 637 4314 velit,
670 4246 726 4301 id
761 4247 934 4302 etiam
966 4253 1054 4303 est
1108 4253 1467 4320 reperturus.
1501 4251 1645 4306 Nam
1680 4250 1935 4306 Verbum

293 4351 425 4390 caro
454 4334 672 4391 factum
704 4339 888 4403 est,ut
915 4340 971 4392 et
999 4353 1127 4392 eam
1157 4354 1261 4409 pro
1294 4340 1567 4394 omnibus
1600 4340 1848 4407 offerret,
1882 4342 1941 4394 et

295 4441 402 4480 nos
421 4425 550 4495 ejus
571 4424 814 4496 spiritus
838 4425 971 4480 facti
996 4427 1331 4498 participes,
1357 4428 1438 4483 dii
1462 4427 1585 4483 ﬁeri
1609 4444 1937 4499 possemus,

294 4514 449 4585 quod
482 4513 650 4569 aliter
696 4531 812 4570 non
865 4515 1263 4586 potuissemus
1317 4517 1617 4588 consequi,
1668 4516 1782 4572 nisi
1813 4515 1939 4587 ipse

2016 1938 2115 2006 τὴν
2151 1937 2342 2012 χρείαν
2373 1941 2481 1991 τῶν
2531 1938 2927 2012 γεγραμμένων
2991 1935 3243 2009 ἐρευνῶν,
3276 1935 3366 1989 καὶ
3415 1933 3558 1987 οὕτω
3611 1932 3679 1987 τὰ

2017 2027 2417 2101 ἀναγνώσματα
2474 2024 2764 2102 διακρίνων
2824 2025 2912 2080 καὶ
2977 2023 3386 2097 διανοούμενος.
3419 2023 3516 2077 Τὸν
3581 2022 3674 2094 μὲν

2019 2113 2111 2169 οὗν
2145 2115 2332 2189 καιρὸν
2363 2120 2460 2169 τοῦ
2490 2119 2606 2186 (76)
2638 2115 2805 2190 ῥητοῦ
2836 2115 3033 2169 τούτου
3067 2114 3284 2188 εὑρήσει
3326 2111 3415 2166 καὶ
3472 2111 3676 2187 γνώσε-

2012 2225 2123 2272 ται,
2156 2203 2238 2258 ὅτι
2288 2204 2367 2257 ἀεὶ
2425 2201 2497 2257 ὣν
2528 2205 2555 2258 6
2588 2203 2805 2279 Κύριος,
2854 2202 3072 2276 ὕστερον
3106 2201 3194 2256 ἐπὶ
3244 2198 3523 2272 συντελείᾳ
3568 2204 3675 2254 τῶν

2016 2293 2227 2348 αἰώνων
2283 2293 2500 2368 γέγονεν
2548 2291 2854 2367 ἄνθρωπος’
2904 2291 2994 2345 καὶ
3040 2291 3165 2353 Υἱὸς
3216 2287 3289 2345 ὣν
3355 2294 3451 2344 τοῦ
3519 2293 3673 2360 Θεοῦ,

2017 2381 2208 2455 γέγονε
2237 2379 2323 2435 καί
2357 2382 2479 2442 Υἱὸς
2511 2380 2801 2457 ἀνθρώπου
2825 2399 2838 2412 ’
2879 2381 2978 2449 τὴν
3042 2376 3099 2434 δὲ
3156 2378 3345 2456 χρείαν
3403 2379 3673 2449 νοήσειεν,

2018 2468 2122 2540 ὅτι,
2180 2470 2272 2523 τὸν
2326 2472 2487 2541 ἡμῶν
2550 2470 2770 2533 θάνατον
2835 2476 3169 2544 καταργῆσαι
3227 2468 3421 2535 θέλων,
3480 2462 3672 2521 ἔλαϐεν

2019 2559 2193 2630 ἑαυτῷ
2271 2563 2428 2631 σῶμα
2487 2557 2546 2613 ἐκ
2597 2565 2698 2626 τῆς
2758 2557 3028 2634 Παρθένου
3085 2557 3316 2633 Μαρίας,
3369 2554 3463 2611 ’ίνα
3512 2559 3675 2610 τοῦτο

2019 2648 2383 2724 προσενέγκας
2415 2648 2597 2701 θυσίαν
2630 2647 2763 2721 ὑπὲρ
2803 2646 3016 2701 πάντων
3068 2650 3146 2718 τῷ
3195 2644 3386 2721 Πατρὶ,
3418 2642 3679 2700 ἀπαλλά-

2022 2738 2083 2811 ξῃ
2112 2738 2310 2798 πάντας
2343 2739 2513 2809 ἡμᾶς,
2547 2735 2662 2790 ὅσοι
2708 2730 2862 2809 φόϐῳ
2909 2736 3138 2789 Θανάτου
3190 2732 3278 2788 διὰ
3326 2732 3523 2795 παντὸς
3581 2737 3679 2788 τοῦ

2026 2829 2119 2899 ζῇν
2147 2819 2329 2901 ἔνοχοι
2356 2826 2495 2898 ἦμεν
2530 2822 2803 2885 δουλείας.
2838 2824 2917 2880 Τὸ
2972 2821 3030 2878 δὲ
3077 2822 3371 2899 πρόσωπον
3429 2826 3527 2877 τοῦ
3586 2822 3680 2895 μὶν

2026 2914 2286 2989 Σωτῆρός
2321 2912 2429 2968 ἐστι
2461 2936 2472 2948 ·
2504 2913 2629 2969 τότε
2655 2910 2712 2968 δὲ
2747 2911 2983 2988 λέγεται,
3018 2912 3106 2967 ὅτε
3162 2910 3354 2967 λοιπὸν
3405 2906 3591 2966 λαϐὼν
3621 2911 3686 2966 τὸ

2025 3008 2183 3076 σῶμα
2237 3001 2413 3078 λέγει*
2476 3002 2672 3078 Κύριος
2731 3000 2909 3057 ἔκτισὲ
2971 3024 3036 3076 με
3091 3002 3276 3077 ἀρχὴν
3331 2998 3472 3055 ὁδῶν
3523 2999 3687 3055 αὐτοῦ

2027 3092 2102 3155 εἰς
2162 3090 2290 3168 ἔργα
2345 3091 2528 3148 αὐτοῦ.
2563 3093 2651 3153 Ὡς
2710 3091 2813 3166 γὰρ
2868 3092 2982 3163 Υἱῷ
3010 3095 3143 3146 Θεοῦ
3184 3085 3294 3145 ὄντι
3328 3090 3555 3163 ἁρμόζει
3586 3110 3682 3144 κα-

2033 3182 2147 3243 λῶς
2202 3183 2264 3235 τὸ
2323 3178 2515 3242 ἆϊδίως
2571 3180 2725 3252 εἶναι,
2755 3179 2845 3236 καὶ
2904 3180 2955 3235 ἐν
3016 3178 3246 3243 κόλποις
3280 3179 3415 3234 εἶναι
3444 3183 3543 3234 τοῦ
3575 3184 3690 3234 Πα-

2030 3271 2186 3347 τρός·
2222 3270 2365 3325 οὕτω
2422 3270 2512 3325 καὶ
2570 3269 2842 3345 ἀνθρώπῳ
2892 3270 3169 3346 γενομένῳ
3215 3269 3498 3344 πρέπουσα
3531 3268 3686 3344 φωνὴ

2031 3362 2115 3429 τὸ,
2145 3359 2344 3434 Κύριος
2375 3356 2549 3413 ἔκτισὲ
2584 3379 2671 3432 με.
2703 3358 2833 3413 Τότε
2880 3358 2984 3434 γὰρ
3043 3357 3258 3433 λέγεται
3316 3357 3443 3432 περὶ
3502 3355 3689 3421 αὐτοῦ,

2031 3450 2123 3504 καὶ
2181 3447 2440 3521 ἐπείνασε,
2501 3447 2591 3501 καὶ
2652 3445 2894 3521 ἐδίψησε,
2926 3446 3017 3502 καὶ
3071 3447 3386 3502 ἐπυνθάνετο
3435 3450 3541 3500 ποῦ
3584 3446 3692 3500 Λά-

2039 3543 2197 3614 ζαρος
2255 3543 2448 3609 κεῖται,
2479 3537 2569 3591 καὶ
2627 3535 2879 3606 πέπονθε,
2937 3534 3027 3591 καὶ
3088 3536 3303 3606 ἀνέστη.
3348 3536 3448 3590 Καὶ
3509 3533 3690 3611 ὥσπερ

2037 3627 2324 3689 ἀκούοντες
2357 3626 2514 3681 αὐτὸν
2545 3626 2741 3701 Κύριον
2799 3626 2889 3681 καὶ
2923 3625 3051 3681 Θεὸν
3098 3625 3186 3680 καὶ
3237 3630 3351 3702 φῶς
3411 3624 3687 3696 ἀληθινὸν,

2036 3721 2266 3790 νοοῦμεν
2322 3714 2479 3770 αὐτὸν
2536 3711 2666 3770 ὄντα
2723 3714 2782 3768 ἐκ
2835 3718 2932 3769 τοῦ
2989 3713 3231 3787 Πατρός·
3281 3712 3424 3769 οὕτω
3483 3710 3687 3768 δίκαιόν

2038 3804 2204 3872 ἐστιν,
2256 3804 2550 3866 ἀκούοντας
2601 3803 2686 3871 τὸ,
2737 3801 2913 3858 ἔκτισε
2965 3802 3056 3857 καὶ
3104 3802 3188 3872 τὸ,
3224 3799 3447 3870 δοῦλος,
3472 3802 3561 3857 καὶ
3606 3802 3691 3875 τὸ,

2039 3895 2293 3963 πέπονθε,
2333 3894 2406 3965 μή
2448 3895 2518 3965 τῇ
2571 3891 2787 3961 θεότητι
2832 3889 3179 3967 λογίζεσθαι·
3234 3889 3498 3945 ἀνοίκειον
3548 3891 3652 3967 γάρ
3678 3908 3690 3922 ·

2042 3980 2188 4038 ἀλλὰ
2233 3985 2303 4054 τῇ
2350 3980 2506 4055 σαρκὶ
2552 3985 2722 4034 ταῦτα
2770 3985 3003 4054 μετρεῖν,
3037 3980 3104 4048 ἣν
3132 3976 3200 4034 δι’
3228 3981 3377 4052 ἡμᾶς
3436 3978 3693 4057 ἐφόρεσε’

2040 4069 2241 4139 ταύτης
2272 4070 2376 4144 γὰρ
2408 4067 2520 4123 ἴδια
2556 4073 2743 4139 ταῦτα,
2778 4070 2869 4122 καὶ
2918 4068 3052 4136 αὐτή
3084 4072 3120 4137 ἡ
3152 4068 3280 4143 σὰρξ
3328 4067 3437 4143 οὐχ
3489 4066 3695 4144 ἑτέρου,

2044 4156 2191 4213 ἀλλὰ
2218 4162 2315 4211 τοῦ
2347 4156 2524 4231 Λόγου
2556 4155 2721 4213 ἐστίν.
2738 4155 2805 4212 Ei’
2829 4153 2888 4210 δὲ
2911 4155 3082 4211 καὶτὸ
3115 4155 3174 4211 ἐκ
3200 4155 3395 4211 τούτου
3417 4159 3696 4232 χρήσιμον

2046 4245 2228 4310 ἐθέλοι
2259 4247 2371 4318 (77)
2400 4265 2483 4306 τις
2520 4250 2726 4317 μαθεῖν,
2762 4244 2981 4320 εὑρήσει
3013 4244 3104 4299 καὶ
3153 4249 3344 4299 τοῦτο·
3380 4245 3408 4300 6
3438 4245 3541 4321 γὰρ
3592 4244 3697 4299 Λό-

2042 4355 2140 4409 γος
2196 4334 2323 4408 σὰρξ
2381 4333 2607 4408 ἐγένετο,
2661 4332 2754 4388 ἳνα
2809 4334 2900 4388 καὶ
2958 4335 3293 4410 προσενέγκῃ
3344 4338 3506 4388 τοῦτο
3566 4333 3697 4410 ὑπὲρ

2045 4424 2283 4494 πάντων,
2316 4424 2405 4477 καὶ
2436 4424 2623 4495 ἡμεῖς,
2652 4421 2713 4477 ἐκ
2738 4428 2836 4477 τοῦ
2884 4423 3193 4496 πνεύματος
3252 4422 3416 4477 αὐτοῦ
3468 4420 3701 4496 μεταλα-

2048 4506 2256 4583 ϐόντες,
2290 4512 2678 4581 θεοποιηθῆναι
2706 4509 3049 4584 δυνηθῶμεν,
3079 4508 3267 4573 ἄλλως
3315 4509 3415 4565 οὐκ
3463 4511 3521 4565 ἂν
3570 4511 3697 4566 τοῦ-

294 4606 555 4658 creatum
577 4607 841 4659 nostrum
860 4620 1069 4675 corpus
1092 4605 1383 4660 induisset
1406 4622 1418 4659 :
1444 4606 1529 4661 sic
1550 4607 1705 4661 enim
1737 4606 1919 4661 exindi

2048 4622 2149 4655 του
2176 4599 2456 4676 τυχόντες,
2490 4600 2534 4655 εἰ
2570 4601 2644 4673 μὴ
2676 4600 2738 4655 τὸ
2768 4600 2980 4654 κτιστὸν
3011 4601 3172 4673 ἡμῶν
3204 4599 3366 4661 αὐτός
3415 4596 3696 4656 ἐνεδύσατο

295 4695 354 4747 et
374 4690 643 4747 homines
666 4692 848 4761 Dei,et
869 4691 929 4746 in
952 4691 1183 4748 Christo
1203 4693 1470 4749 homines
1493 4693 1769 4765 appellari
1790 4693 1943 4749 ince-

299 4778 514 4851 pimus.
547 4780 658 4834 Sed
692 4783 758 4833 ut
787 4796 914 4846 nos,
946 4781 1165 4851 Spiritu
1198 4786 1453 4853 accepto,
1498 4782 1793 4853 propriam
1826 4798 1941 4837 non

297 4868 626 4923 amittimus
654 4873 925 4927 naturam
957 4894 970 4936 ;
996 4870 1076 4924 ita
1097 4869 1401 4941 Dominus,
1434 4875 1745 4942 postquam
1768 4870 1943 4925 homo

298 4946 534 5030 propter
562 4972 668 5012 nos
700 4958 889 5013 factus
919 4962 1009 5013 est
1063 4964 1119 5013 et
1149 4974 1361 5029 corpus
1393 4960 1635 5030 accepit,
1670 4959 1823 5015 Deus
1854 4958 1941 5012 ni-

301 5046 625 5103 hilominus
657 5047 894 5103 mansit.
930 5046 1045 5102 Nec
1067 5047 1222 5102 enim
1256 5051 1505 5120 angusto
1536 5048 1796 5120 corporis
1826 5064 1946 5102 am-

301 5137 423 5193 bitu
452 5136 780 5191 diminntus
809 5139 918 5202 est,
978 5136 1079 5191 sed
1110 5136 1305 5207 potius
1347 5152 1562 5207 corpus
1593 5137 1857 5193 divinum
1890 5140 1948 5191 et

300 5223 633 5281 immortale
664 5228 754 5279 est
784 5223 1099 5279 redditum.

375 5406 461 5460 15.
494 5405 565 5461 Et
592 5404 715 5460 haec
761 5403 999 5475 quidem
1032 5402 1177 5459 satis
1224 5417 1352 5458 esse
1380 5401 1653 5458 videntur
1682 5403 1755 5457 ad
1782 5400 1946 5457 Aria-

348 5532 416 5573 ‘5"
445 5538 613 5594 Joan.
646 5555 685 5607 ι,
721 5537 807 5593 18.
883 5538 927 5572 ⁸⁸
956 5536 1130 5594 Hebr.
1162 5554 1225 5604 II,
1262 5537 1347 5592 15.
1424 5538 1470 5574 5°
1497 5536 1665 5593 Prov.
1699 5552 1821 5604 vm,
1852 5536 1942 5591 22.

377 5708 489 5779 (76)
520 5705 614 5762 Sic
645 5707 783 5779 Reg.
812 5706 1014 5765 Caeteri
1057 5709 1115 5762 et
1142 5705 1282 5763 editi
1310 5704 1592 5763 omittunt
1619 5701 1835 5759 τούτου.

2053 4694 2213 4762 σῶμα
2235 4711 2247 4724 ο
2281 4688 2422 4744 οὕτω
2481 4690 2582 4765 γὰρ
2642 4689 2731 4743 καὶ
2787 4685 3064 4765 ἅνθρωποι
3095 4693 3229 4744 Θεοῦ
3271 4688 3489 4760 λοιπὸν,
3521 4690 3611 4745 καὶ
3642 4688 3695 4745 ἐν

2050 4782 2265 4853 Χριστῷ
2295 4776 2569 4855 ἄνθρωποι
2603 4798 2713 4854 χρη
2728 4783 2966 4851 ματιζειν
2999 4779 3304 4854 ἠρξάμρθα.
3325 4776 3486 4834 Ἀλλ’
3515 4778 3697 4856 ὥσπερ

2052 4870 2238 4940 ἡμεῖς,
2269 4866 2331 4921 τὸ
2374 4871 2595 4939 Πνεῦμα
2653 4862 3047 4938 λαμϐάνοντες,
3081 4866 3181 4921 οὐκ
3240 4865 3557 4940 ἆπόλλυμεν
3597 4867 3697 4936 τὴν

2055 4954 2192 5010 ἰδίαν
2245 4957 2444 5010 ἑαυτῶν
2495 4954 2706 5009 οὐσίαν·
2759 4954 2933 5017 οὕτως
2964 4956 2992 5009 ὁ
3033 4955 3255 5031 Κύριος,
3283 4955 3573 5031 γενόμενος
3631 4954 3702 5011 δι’

2052 5047 2202 5117 ἡμᾶς
2253 5043 2559 5121 ἅνθρωπος,
2589 5044 2679 5098 καὶ
2723 5048 2883 5117 σῶμα
2935 5042 3371 5123 φορέσας,”οὐδὶν
3421 5046 3585 5114 ἦττον
3633 5045 3701 5115 ἦν

2054 5133 2183 5195 Θεός
2211 5155 2222 5166 ·
2257 5131 2319 5187 οὐ
2353 5134 2453 5210 γὰρ
2484 5132 2790 5202 ἠλαττοῦτο
2819 5137 2887 5206 τῇ
2946 5128 3219 5209 περιϐολῇ
3273 5138 3372 5188 τοῦ
3427 5134 3703 5207 σώματος,

2055 5221 2200 5277 ἀλλὰ
2249 5222 2339 5276 καὶ
2412 5220 2624 5295 μᾶλλον
2684 5220 3013 5285 ἐθεοποιεῖτο
3067 5226 3250 5293 τοῦτο,
3296 5221 3386 5277 καὶ
3443 5222 3704 5287 ἀθάνατον

2055 5307 2324 5367 ἀπετέλει.

2127 5403 2211 5458 15.
2244 5399 2418 5453 Ἱκανᾶ
2469 5399 2563 5473 μὲν
2620 5396 2713 5453 οῦν
2765 5402 2933 5454 ταῦτα
2981 5402 3328 5469 στηλιτεῦσαι
3364 5401 3465 5470 τήν
3496 5396 3700 5475 α’ίρεσιν

2120 5702 2239 5775 (77)
2270 5700 2436 5775 Reg.,
2468 5698 2658 5757 ἐθέλει.
