4152 6402
446 467 555 525 441

1522 464 1623 523 DE
1668 464 2049 524 DECRETIS
2097 462 2432 524 NlC/ENAS
2475 466 2790 528 SYNODl.

3738 478 3855 535 442

445 601 552 651 τῶν
610 598 922 674 Ἀρειανῶν.
956 598 1059 655 Καὶ
1116 596 1241 673 γὰρ,
1283 596 1363 659 ὡς
1426 595 1448 649 3
1504 593 1698 669 Κύριος
1757 590 2004 665 δέδωκεν,
2040 593 2136 666 EE,

2254 612 2346 650 am
2381 597 2648 655 haeresim
2699 600 3220 671 proscribendam:
3279 602 3569 674 siquidem
3620 604 3859 661 illorum

447 684 520 737 ὧν
556 680 742 758 ἔλεγον
795 684 947 739 αὐτοὶ
1008 681 1416 758 διηλέγχθησαν
1476 677 1808 744 ἀσεϐοῦντες.
1839 683 1979 759 Φέρε
2028 680 2093 752 δὴ

447 772 535 827 καὶ
566 775 731 846 ἡμεῖς
761 773 1158 850 προτείνωμεν,
1190 773 1277 827 καὶ
1330 773 1713 844 ἀπαιτήσωμεν
1768 771 1858 825 καὶ
1904 771 2098 833 αὐτοὺς

452 861 875 937 ἀποκρίνασθαι·
934 862 1119 937 καιρὸς
1182 861 1284 936 γάρ
1353 860 1515 932 ἐστιν,
1579 862 1954 932 ἀπορήσαντας
2013 860 2103 915 αὗ-

451 950 578 1012 τοὺς
612 950 662 1005 έν
686 956 805 1013 τοῖς
838 948 1017 1022 ἰδίοις,
1053 950 1349 1025 ἐρωτᾶσθαι
1381 947 1574 1003 λοιπὸν
1616 950 1741 1023 παρ’
1771 952 1930 1021 ἡμῶν
1960 970 1970 981 ·
2004 950 2104 1003 τά·

455 1060 532 1116 χα
586 1038 682 1094 κᾶν
742 1039 915 1101 οὕτως
972 1039 1317 1115 ἐντραπέντες
1373 1033 1749 1111 ἀναϐλέψωσιν
1800 1038 1917 1092 ὅθεν
1948 1038 2102 1092 κατέ-

456 1150 620 1184 πεσαν
648 1130 699 1184 οἱ
734 1128 1089 1207 κακόφρονες.
1124 1128 1221 1182 Τὸν
1272 1125 1393 1182 Υἲὸν
1439 1132 1536 1182 τοῦ
1593 1132 1726 1182 Θεοῦ
1788 1129 2104 1200 μεμαθήκα-

464 1238 558 1291 μεν
610 1217 669 1272 ἐκ
717 1222 824 1272 τῶν
876 1218 1031 1282 θείων
1082 1222 1330 1294 Γραφῶν,
1364 1217 1437 1278 ὡς
1486 1216 1818 1292 προείπομεν
1853 1218 1987 1290 (78),
2021 1214 2110 1269 αὖ·

458 1308 550 1362 τὸν
610 1307 742 1361 εἶναι
800 1308 891 1362 τὸν
952 1306 1128 1381 Λόγον
1178 1306 1266 1360 καὶ
1310 1307 1408 1375 τὴν
1445 1306 1630 1383 σοφίαν
1660 1311 1757 1360 τοῦ
1788 1305 2019 1379 Πατρός.
2051 1306 2113 1363 Ὀ

466 1398 557 1470 μὲν
611 1398 714 1471 γὰρ
764 1394 1097 1458 Ἀπόστολός
1153 1413 1322 1473 φησι·
1382 1395 1609 1471 Χριστὸς
1669 1399 1801 1449 Θεοῦ
1860 1393 2109 1466 δύναμις,

460 1486 551 1540 καὶ
591 1489 725 1539 Θεοῦ
775 1485 937 1563 σοφία
960 1504 972 1516 ·
1025 1485 1052 1537 6
1084 1482 1141 1538 δὲ
1186 1481 1464 1553 Ἰωάννης,
1497 1483 1733 1559 εἰρηκώς
1761 1506 1773 1517 ·
1826 1483 1923 1537 Καὶ
1956 1484 1983 1537 6
2018 1482 2117 1537 Λό-

460 1596 557 1649 γος
616 1574 743 1651 σὰρξ
801 1573 1036 1649 ἐγένετο,
1072 1572 1343 1648 ἐπήγαγεν
1402 1572 1595 1635 εὐθόςο
1656 1572 1755 1627 Καὶ
1816 1569 2111 1645 ἐθεασάμε-

464 1666 530 1718 θα
574 1665 672 1733 τὴν
733 1660 886 1735 δόξαν
946 1663 1131 1734 αὐτοῦ,
1193 1660 1348 1732 δόξαν
1428 1663 1504 1724 ὡς
1560 1665 1902 1735 Μονογενοῦς
1974 1661 2121 1736 παρᾶ

464 1752 696 1829 Πατρὸς,
754 1750 977 1826 πλήρης
1059 1752 1288 1827 χάριτος
1361 1750 1449 1805 καὶ
1520 1749 1816 1819 ἀληθείαςι
1876 1751 1973 1822 ὡς,
2023 1753 2120 1804 τοῦ

466 1841 647 1917 Λόγου
677 1836 829 1903 ὄντος
865 1844 1194 1915 μονογενοῦς
1228 1840 1375 1911 Υἱοῦ,
1412 1837 1463 1893 ἔν
1494 1860 1553 1894 τε
1590 1838 1773 1912 τούτῳ
1828 1844 1907 1911 τῷ
1962 1838 2124 1913 Λόγῳ

467 1931 557 1987 καὶ
586 1935 655 2004 τῇ
686 1929 861 2008 Σοφίᾳ
886 1931 1208 2005 γεγενῆσθαι
1237 1928 1330 1983 τόν
1362 1949 1421 1983 τε
1452 1928 1676 2002 οὐρανὸν
1718 1928 1808 1982 καὶ
1857 1930 1957 1997 τήν
2017 1934 2121 2003 γῆν

468 2021 559 2075 καὶ
616 2020 789 2074 πάντα
816 2019 883 2073 τὰ
912 2018 962 2073 ἐν
996 2018 1203 2080 αὐτοῖς.
1234 2019 1335 2072 Καὶ
1391 2017 1592 2088 ταύτης
1649 2020 1750 2086 τῆς
1779 2016 1972 2094 σοφίας
2018 2038 2127 2086 πη-

472 2110 576 2185 γὴν
635 2108 765 2162 εἶναι
810 2108 901 2162 τὸν
955 2107 1083 2162 Θεὸν
1135 2108 1186 2162 ἐν
1235 2112 1315 2179 τῷ
1343 2107 1565 2183 Βαροὺχ
1601 2109 2014 2180 μεμαθήκαμεν,
2046 2106 2132 2161 αἷ-

472 2198 751 2261 τιαθέντος
778 2201 876 2251 τοῦ
909 2193 1155 2271 Ἰσραὴλ,
1187 2195 1269 2250 ὅτι
1311 2195 1630 2272 ἐγκατέλιπε
1656 2198 1754 2265 τὴν
1799 2198 1985 2272 πηγὴν
2029 2203 2131 2265 τῆς

477 2286 690 2364 σοφίας.
724 2285 788 2340 Εἰ
851 2285 945 2359 μὲν
996 2284 1088 2339 οὖν
1139 2285 1424 2359 ἀρνοῦνται
1463 2287 1530 2339 τὰ
1577 2285 1948 2361 γεγραμμένα,
1981 2284 2135 2339 αὐτό-

479 2386 565 2440 θεν
601 2372 887 2450 ἀλλότριοι
918 2374 1008 2428 καὶ
1032 2378 1130 2427 τοῦ
1165 2373 1432 2446 ὀνόματος
1459 2370 1631 2447 ὄντες,
1661 2375 1876 2436 οἰκείως
1928 2373 1985 2428 ἂν
2039 2395 2133 2428 οια-

479 2463 667 2518 λοῖντο
695 2463 787 2517 καὶ
816 2467 963 2538 παρὰ
989 2463 1205 2517 πάντων
1242 2460 1387 2527 ἄθεοι
1434 2464 1524 2518 καὶ
1572 2465 1950 2540 χριστομάχοι
1975 2484 1986 2496 ·
2040 2464 2134 2519 οὕ-

477 2574 556 2607 τω
602 2552 706 2628 γὰρ
766 2551 991 2615 ἑαυτοὺς
1046 2551 1398 2624 ἐπωνόμασαν
1453 2552 1542 2607 καὶ
1598 2551 1790 2607 αὖτοί’
1826 2553 1871 2607 εἴ
1905 2551 1962 2607 δὲ
2010 2575 2133 2607 συν-

480 2639 852 2716 ομολογοῦσιν
884 2643 1017 2713 ἡμῖν
1053 2640 1188 2695 εἶναι
1219 2640 1541 2695 θεόπνευστα
1568 2642 1635 2696 τὰ
1661 2649 1764 2710 τῆς
1796 2648 2013 2721 Γραφῆς
2039 2642 2135 2718 ῥή-

483 2751 644 2802 ματα,
675 2727 1110 2802 τολμησάτωσαν
1164 2735 1407 2808 φανερῶς
1469 2729 1636 2784 εἰπεῖν
1683 2729 1716 2783 ἃ
1745 2732 2135 2806 κεκρομμένως

480 2822 790 2897 φρονοῦσιν,
826 2817 909 2872 ὅτι
942 2816 1146 2893 ἄλογος
1185 2819 1274 2873 καὶ
1326 2816 1524 2896 ἅσοφος
1557 2820 1666 2894 (79)
1700 2819 1767 2888 ἦν
1801 2820 1829 2873 6
1860 2820 1990 2882 Θεός
2040 2841 2136 2875 πο-

477 2928 556 2979 τε,
574 2906 664 2961 καὶ
700 2907 952 2979 μανέντες
987 2904 1238 2962 εἴπωσιν·
1292 2913 1386 2962 Ἠν
1436 2907 1527 2963 ὅτε
1576 2908 1675 2962 οὐκ
1722 2909 1820 2977 ἦν·
1875 2910 1965 2963 καὶ
2014 2910 2138 2980 πρὶν

484 3002 831 3072 γεννηθῆναι,
881 2996 981 3051 οὐκ
1030 2997 1096 3066 ἦν
1146 2998 1173 3050 6
1224 2996 1482 3073 Χριστόςο
1533 2995 1698 3051 πάλιν
1748 3019 1808 3051 τε
1854 2996 2136 3076 ἀποφηνά-

488 3087 695 3140 σθωσαν
724 3086 822 3153 τὴν
856 3087 1039 3161 πηγὴν
1072 3086 1146 3159 μὴ
1182 3084 1231 3156 ἐξ
1264 3086 1458 3156 ἑαυτῆς
1489 3086 1861 3163 γεγεννηκέναι
1912 3094 2010 3157 τῆν
2054 3108 2141 3142 σο-

491 3174 637 3253 φίαν,
671 3171 799 3229 ἀλλ’
833 3172 1021 3245 ἔξωθεν
1063 3176 1258 3243 ἑαυτῆς
1307 3177 1595 3243 κεκτῆσθαι
1644 3174 1867 3248 ταύτην,
1913 3173 2007 3230 ’ίνα
2052 3176 2141 3230 καὶ

490 3261 845 3336 τολμήσωσιν
898 3262 1101 3318 εἰπεῖν·
1156 3263 1240 3333 Ἐξ
1290 3260 1389 3317 οὒκ
1444 3258 1612 3317 ὄντων
1665 3263 1881 3340 γέγονεν
1924 3265 1952 3318 ὁ
1983 3264 2136 3325 Υἱός·

492 3356 653 3407 τοῦτο
682 3352 783 3428 γαρ
815 3351 914 3407 οὐκ
941 3348 1017 3407 ἔτι
1060 3353 1241 3428 πηγὴν
1271 3352 1471 3423 ταύτην
1516 3350 1803 3424 δείκνυσιν,
1834 3352 1981 3409 ἀλλά
2028 3374 2145 3407 τινα
2174 3334 2218 3402 C

498 3437 699 3495 λάκκον
736 3440 917 3518 ὥσπερ
949 3438 1136 3512 ἔξωθεν
1188 3440 1335 3518 ὕδωρ
1382 3437 1644 3514 λαϐόντα,
1679 3441 2019 3519 κεχρημένον
2067 3447 2147 3515 τῷ

502 3527 729 3603 ὀνόματι
757 3537 857 3600 τῆς
888 3537 1099 3607 πηγῆς.

571 3800 658 3856 16.
690 3800 858 3869 Ὅσης
922 3799 1015 3872 μὲν
1076 3797 1166 3853 οὖν
1231 3794 1472 3862 ἀσεϐείας
1534 3798 1644 3853 ἐστὶ
1706 3804 1870 3853 τοῦτο
1933 3799 2145 3873 μεστὸν,

499 3884 689 3942 οὐδένα
716 3892 822 3942 τῶν
855 3886 950 3943 κᾶν
988 3889 1248 3964 βραχεῖαν
1284 3885 1528 3958 αἶοθησιν
1585 3888 1823 3964 ἐχόντων
1870 3884 2148 3966 ἀμφιϐάλ-

501 3972 614 4030 λειν
648 3979 893 4052 ἡγοῦμαι
915 4000 926 4011 ·
960 3975 1146 4047 ἐπειδὴ
1177 3975 1234 4032 δὲ
1282 3978 1696 4055 τονθορύζοντες
1744 3976 1989 4054 λέγουσιν
2029 3976 2151 4032 ὀνό-

504 4087 645 4138 ματα
679 4066 843 4139 μόνον
898 4068 1031 4122 εἶναι
1077 4072 1174 4123 τοῦ
1224 4069 1353 4122 Υἱοῦ
1404 4067 1581 4143 Λόγος
1621 4067 1711 4123 καὶ
1763 4067 1954 4146 Σοφία,
1992 4068 2149 4143 ἀναγ-

498 4161 650 4210 καῖον
712 4155 981 4227 ἐρωτῆσαι
1048 4157 1305 4219 τούτους·
1368 4158 1429 4213 Εἰ
1489 4157 1731 4231 ὀνόματα
1804 4157 1967 4230 μόνον
2042 4156 2151 4211 ἐστὶ

500 4248 668 4299 ταῦτα
696 4250 792 4300 τοῦ
819 4247 967 4317 Υἱοῦ,
998 4242 1171 4309 ἄλλος
1204 4246 1261 4301 ἂν
1306 4247 1464 4309 αὐτὸς
1516 4244 1599 4317 εἶίη
1651 4248 1796 4323 παρά
1837 4251 2023 4303 ταῦτα.
2056 4246 2154 4300 Καὶ

504 4333 550 4388 εἰ
587 4334 679 4406 μὲν
718 4331 949 4410 βελτίων
982 4334 1093 4388 ἐστὶ
1121 4339 1229 4389 τῶν
1266 4335 1570 4409 ὀνομάτων,
1606 4335 1711 4412 οὐχ
1753 4335 1898 4390 ὅσιον
1943 4335 2002 4391 ἐκ
2045 4340 2154 4390 τῶν

438 4448 445 4451 ι
506 4420 808 4477 ἐλαττόνων
857 4423 949 4476 τὸν
1001 4422 1250 4497 βελτίονα
1295 4426 1681 4495 σημαίνεσθαι·
1716 4424 1761 4479 εἰ
1816 4422 1873 4478 δὲ
1918 4423 2154 4480 ἐλάττων

507 4510 754 4566 ἐπὶτῶν
792 4512 1102 4585 ὀνομάτων,
1135 4510 1350 4575 πάντως
1400 4509 1515 4587 ἔχει
1569 4512 1655 4567 καὶ
1695 4514 1794 4582 τὴν
1842 4513 2013 4568 αἰτίαν
2056 4520 2158 4583 τῆς

507 4601 594 4655 ἐπὶ
624 4602 685 4656 τὸ
722 4599 952 4656 κάλλιον
1002 4601 1394 4677 προσηγορίας.
1426 4606 1595 4655 Τοῦτο
1646 4599 1704 4655 δὲ
1752 4600 1914 4656 πάλιν
1959 4622 2159 4678 προκο-

2210 684 2573 753 impietatem
2606 704 2675 741 ex
2706 688 2967 759 ipsorum
3001 690 3213 755 verbis,
3248 696 3422 761 prout
3452 692 3623 748 nobis
3653 710 3862 766 suppe-

2210 773 2413 828 ditavit
2434 776 2739 842 Dominus,
2767 777 3073 834 manifeste
3096 780 3708 836 ostendimus.Verum
3734 798 3858 853 age,

2203 863 2330 933 jam
2366 879 2470 917 nos
2491 880 2720 933 quoque
2746 883 3162 936 proponamus,
3188 884 3253 923 ac
3276 886 3622 940 responsum
3646 870 3720 925 ab
3742 870 3861 926 illis

2212 951 2471 1005 vicissim
2503 951 2825 1023 exigamus.
2860 955 3003 1009 Cum
3037 957 3326 1028 euimipsi
3359 958 3415 1012 in
3448 959 3700 1030 propriis
3740 958 3857 1015 hie-

2216 1046 2381 1094 reant
2409 1042 2795 1111 argumentis,
2832 1060 2973 1098 sane
3006 1052 3231 1116 tempus
3254 1051 3342 1101 est
3367 1051 3430 1101 ut
3454 1048 3667 1103 anobis
3689 1048 3864 1103 inter-

2218 1133 2531 1199 rogentur:
2568 1129 2712 1183 forte
2743 1147 2952 1202 nempe
2984 1132 3092 1187 hoc
3124 1140 3290 1205 pacto
3338 1135 3607 1190 futurum
3662 1141 3752 1192 est
3799 1140 3865 1192 ut

2218 1217 2567 1272 erubescant
2599 1234 2664 1271 ac
2699 1220 3054 1290 perspiciunt
3088 1222 3241 1277 unde
3271 1222 3437 1278 stulti
3467 1223 3585 1279 sint
3614 1225 3862 1297 delapsi.

2219 1304 2430 1360 Filium
2462 1305 2583 1371 Dei,
2619 1310 2683 1359 ut
2714 1308 2986 1379 superius
3018 1309 3294 1376 diximus,
3346 1328 3415 1366 ex
3461 1312 3673 1368 divinis
3719 1314 3871 1369 Scri-

2222 1394 2409 1466 pturis
2440 1394 2754 1450 didicimus
2784 1396 2981 1467 ipsum
3003 1414 3131 1452 esse
3162 1399 3417 1455 Verbum
3447 1407 3502 1455 et
3522 1402 3872 1473 sapientiam

2225 1483 2451 1538 Patris:
2503 1499 2639 1537 nam
2688 1483 2807 1538 haec
2865 1489 3003 1539 sunt
3061 1486 3299 1555 quidem
3356 1490 3615 1560 Apostoli
3660 1492 3875 1548 verba:

2229 1572 2475 1626 Christus
2512 1573 2607 1627 Dei
2636 1573 2812 1627 virtus
2843 1582 2894 1627 et
2914 1574 3012 1628 Dei
3041 1577 3318 1645 sapientia
3345 1577 3408 1631 ⁸ο.
3439 1576 3695 1635 Joannes
3741 1596 3876 1636 vero

2230 1664 2542 1733 postquam
2578 1661 2934 1717 dixissetzet
2968 1664 3209 1718 verbum
3241 1680 3372 1719 caro
3405 1665 3621 1721 factum
3670 1672 3760 1723 est
3804 1668 3873 1735 σι,

2232 1765 2366 1803 mox
2423 1749 2686 1804 subdidit
2744 1754 2808 1805 Et
2862 1751 3106 1806 vidimus
3144 1753 3381 1823 gloriam
3439 1757 3578 1825 ejus,
3639 1758 3875 1827 gloriam

2233 1840 2393 1909 quasi
2424 1838 2695 1908 Unigenitz
2718 1841 2950 1910 aPatre,
2976 1841 3207 1910 plenum
3231 1844 3432 1910 gratim
3452 1849 3502 1899 et
3535 1848 3788 1901 veritatis
3812 1849 3876 1904 ⁸³.

2236 1927 2467 1981 Scilicet
2497 1943 2629 1981 cum
2662 1927 2916 1983 Verbum
2952 1930 3028 1984 sit
3058 1930 3397 2002 unigenitus
3444 1933 3648 2005 Filius,
3682 1936 3739 1990 in
3771 1936 3882 1992 hoc

2243 2015 2431 2069 Verbo
2463 2019 2518 2069 et
2538 2014 2834 2085 Sapientia
2856 2016 2991 2071 facti
3019 2024 3157 2073 sunt
3180 2018 3305 2074 σαθΙὶ
3328 2025 3385 2075 et
3405 2026 3560 2077 terra
3589 2038 3653 2077 ac
3685 2025 3886 2081 omnia

2242 2120 2369 2175 qua;
2402 2103 2459 2157 in
2491 2104 2576 2158 eis
2608 2110 2765 2158 sunt.
2788 2106 2976 2175 Hujus
3003 2122 3172 2176 porro
3196 2108 3493 2179 sapientia:
3516 2111 3735 2167 fontem
3757 2129 3886 2170 esse

2244 2194 2426 2247 Deum
2458 2209 2564 2247 nos
2594 2194 2759 2247 docet
2788 2193 3035 2259 Baruch,
3071 2196 3167 2251 ubi
3199 2197 3468 2253 videlicet
3513 2200 3888 2274 redarguitur

2244 2281 2420 2336 Israel
2445 2282 2661 2336 fontem
2693 2283 2988 2353 sapientizn
3009 2284 3388 2357 dereliquisse
3408 2288 3471 2342 ⁵³.
3509 2288 3567 2343 Si
3600 2292 3745 2346 I74
3776 2292 3888 2364 igi-

2242 2375 2339 2425 tur
2368 2386 2436 2425 ea
2466 2387 2593 2441 quis
2626 2372 2842 2442 scripta
2873 2378 3009 2426 sunt
3034 2390 3244 2446 negare
3273 2376 3582 2445 voluerint,
3623 2381 3882 2450 profecto

2243 2460 2500 2515 nominis
2531 2477 2645 2530 quo
2677 2460 3094 2533 insigniuntur,
3129 2463 3354 2536 indigni
3384 2471 3440 2520 et
3495 2465 3667 2522 alieni
3712 2470 3886 2542 ﬁunt,

2244 2548 2591 2619 proprieque
2624 2549 2694 2602 ab
2724 2550 3000 2605 omnibus
3030 2553 3267 2606 vocandi
3295 2554 3618 2627 suntimpii
3638 2561 3696 2611 et
3721 2557 3889 2613 Chri-

2245 2636 2319 2691 sti
2350 2636 2570 2700 hostes,
2602 2638 2818 2708 quippe
2848 2639 2946 2708 qui
2977 2638 3058 2693 ita
3089 2656 3150 2694 se
3173 2640 3281 2711 ipsi
3312 2644 3757 2702 nominaverint.
3786 2647 3890 2704 Sin

2248 2730 2439 2781 autem
2473 2726 2644 2780 verba
2676 2726 2984 2797 Scriptura:
3017 2729 3217 2784 alﬂatu
3251 2730 3446 2787 divino
3494 2733 3713 2804 scripta
3762 2752 3893 2793 esse

2248 2815 2552 2870 nobiscum
2603 2816 2993 2878 consentiunt,
3032 2817 3222 2888 palam
3260 2820 3537 2876 audacter
3594 2824 3893 2894 proferant

2248 2904 2400 2975 quod
2436 2904 2631 2958 abdite
2662 2904 2941 2975 sentiunt,
2977 2923 3187 2978 nempe
3218 2908 3404 2964 Deum
3436 2910 3754 2982 aliquando
3795 2932 3891 2971 ra-

2249 2993 2423 3048 tionis
2448 2999 2505 3047 et
2535 2993 2835 3063 sapientiae
2869 2994 3049 3050 fuisse
3069 3002 3383 3067 expertem,
3411 2999 3786 3073 furentesque
3807 3004 3893 3058 di-

2249 3088 2408 3138 cant:
2442 3082 2571 3136 Fuit
2600 3081 2914 3153 aliquando
2944 3100 3079 3139 cum
3112 3102 3227 3140 non
3258 3092 3430 3155 esset,
3464 3102 3569 3144 nec
3601 3090 3709 3145 fuit
3729 3091 3893 3147 Chri-

2250 3177 2378 3228 stus
2408 3171 2753 3242 priusquam
2785 3178 2872 3227 est
2902 3173 3155 3244 genitus.
3179 3174 3648 3234 Praedicentitem
3670 3180 3890 3240 fontem

2254 3278 2364 3317 non
2392 3278 2458 3316 ex
2488 3262 2682 3331 seipse
2710 3262 3059 3332 sapientiam
3091 3264 3383 3336 genuisse,
3407 3268 3509 3321 sed
3533 3268 3895 3328 extrinsecus

2255 3367 2383 3406 eam
2416 3350 2714 3417 habuisse,
2751 3355 2815 3404 ut
2843 3356 2900 3404 et
2930 3352 3120 3407 dicere
3149 3353 3432 3411 audeant:
3466 3357 3547 3411 Ex
3574 3356 3761 3413 nihilo
3809 3361 3899 3416 fa-

2257 3445 2384 3494 ctus
2407 3442 2495 3494 est
2524 3437 2729 3494 Filius.
2771 3438 2887 3494 Hoc
2920 3439 3074 3494 enim
3104 3457 3218 3495 non
3250 3442 3467 3498 fontem
3491 3461 3627 3501 eum
3648 3463 3778 3503 esse
3800 3450 3898 3505 de-

2258 3530 2566 3593 monstrat,
2602 3527 2700 3581 sed
2734 3528 3049 3598 quemdam
3082 3531 3274 3601 potius
3304 3531 3519 3602 lacum,
3543 3550 3758 3606 aquam
3785 3538 3901 3595 vel-

2257 3617 2341 3671 uti
2364 3617 2725 3671 extrinsecus
2746 3615 3151 3689 excipientem,
3175 3618 3471 3691 fontisque
3490 3638 3702 3678 nomen
3727 3642 3900 3682 usur-

2257 3709 2514 3778 pantem.

2331 3795 2417 3848 16.
2449 3794 2665 3850 Verum
2697 3811 2873 3866 quam
2924 3798 3281 3853 exsecranda
3326 3797 3447 3854 haec
3500 3800 3577 3855 sit
3624 3801 3899 3875 impietas

2260 3883 2555 3955 ambigere
2586 3884 2837 3939 arbitror
2860 3886 3176 3951 neminem,
3209 3886 3307 3958 qui
3338 3887 3425 3943 vel
3458 3888 3690 3945 tantillo
3722 3908 3901 3948 sensu

2259 3971 2469 4042 vigeat.
2505 3971 2649 4035 Quia
2678 3977 2874 4027 tamen
2924 3975 3178 4030 Verbum
3232 3980 3290 4031 et
3335 3975 3699 4048 Sapientiam
3743 3996 3907 4036 mera

2262 4076 2390 4115 esse
2422 4060 2524 4115 Fili
2583 4060 2822 4119 nomina
2868 4061 3165 4131 dictitant,
3224 4064 3347 4120 haec
3392 4066 3464 4121 ad
3522 4066 3654 4123 illos
3713 4068 3908 4125 dicere

2263 4149 2420 4204 baud
2454 4149 2524 4203 ab
2558 4165 2616 4204 re
2644 4149 2855 4205 fuerit:
2890 4151 2947 4205 Si
2982 4151 3095 4206 ista
3134 4157 3274 4207 sunt
3318 4153 3441 4208 Filii
3476 4156 3759 4212 duntaxat
3806 4174 3911 4213 no-

2265 4238 2440 4308 mine,
2473 4239 2623 4293 alius
2654 4244 2807 4295 certe
2853 4239 2950 4295 ille
3008 4247 3215 4313 praeter
3271 4259 3338 4298 ea
3391 4244 3584 4299 fuerit.
3637 4244 3811 4316 Atqui
3860 4244 3914 4301 si

2268 4327 2382 4382 illis
2412 4328 2750 4383 nominibus
2779 4329 2856 4383 sit
2883 4331 3269 4401 praestantior,
3293 4330 3379 4387 fas
3394 4349 3507 4386 non
3530 4336 3784 4399 esteum,
3808 4333 3912 4404 qui

2267 4417 2633 4489 praestantior
2663 4416 2759 4482 sit,
2814 4434 2881 4471 ex
2928 4417 3303 4475 inferioribus
3358 4420 3697 4491 significari.
3744 4421 3909 4485 Quod

2268 4506 2317 4561 si
2349 4505 2684 4560 nominibus
2715 4505 2955 4560 interior
3000 4508 3249 4576 dicatur,
3304 4510 3563 4580 profecto
3623 4525 3740 4563 non
3783 4510 3913 4565 sine

2268 4612 2441 4649 causa
2474 4594 2847 4666 praestantius
2881 4611 3092 4650 nomen
3124 4595 3399 4664 obtinuit,
3452 4596 3629 4668 idque
3678 4597 3915 4670 signum

506 4691 614 4759 πήν
648 4689 811 4745 αὐτοῦ
866 4690 1119 4763 σημαίνει
1151 4689 1240 4744 καὶ
1273 4689 1333 4744 οὗ
1370 4688 1520 4763 μεῖόν
1569 4689 1677 4745 ἐστι
1725 4695 1831 4745 τῶν
1878 4691 2136 4767 προτέρωε

2270 4685 2445 4740 fuerit
2467 4685 2594 4754 ejus
2629 4683 3075 4755 progressionis.
3100 4685 3248 4755 Aqui
3271 4684 3392 4740 haec
3432 4685 3705 4757 impietas
3727 4686 3919 4759 priore

505 4780 598 4835 καὶ
645 4784 813 4834 τοῦτο
861 4779 925 4833 τὸ
975 4773 1247 4852 ἀσέϐημα.
1279 4778 1378 4833 Τὸν
1426 4780 1529 4855 γὰρ
1581 4779 1633 4834 ἐν
1677 4784 1757 4851 τῷ
1803 4780 1974 4854 Πατρὶ
2013 4778 2160 4854 ὄντα,

510 4867 561 4923 ἐν
617 4872 663 4939 ᾧ
717 4866 807 4923 καί
866 4869 893 4922 6
953 4870 1141 4942 Πατήρ
1203 4866 1336 4941 έστι,
1390 4868 1481 4922 τὸν
1554 4865 1817 4945 λέγοντα·
1876 4869 2018 4943 Ἐγὼ
2074 4870 2164 4925 καὶ

513 4956 542 5009 6
573 4958 760 5028 Πατὴρ
817 4953 873 5011 ἓν
932 4955 1113 5030 ἐσμεν,
1164 4957 1222 5012 ὃν
1282 4955 1373 5011 καὶ
1424 4958 1453 5011 6
1500 4957 1759 5032 ἑωρακὼς
1818 4957 2023 5033 ἑώρακε
2075 4960 2166 5014 τὸν

516 5045 747 5123 Πατέρα,
798 5043 1087 5119 ὀνομάζειν
1143 5048 1255 5121 (80)
1317 5045 1421 5100 ὑπό
1474 5067 1620 5107 τινος
1677 5041 1865 5119 ἔξωθεν
1926 5044 2168 5123 βελτιοῦο

517 5136 657 5209 σθαι,
688 5140 859 5190 πᾶσαν
894 5130 1226 5209 ὑπερϐάλλει
1276 5134 1493 5208 μανίαν.
1524 5132 1700 5189 Ἀλλά
1742 5133 1949 5189 τούτων
2011 5135 2167 5191 ἐκπί-

516 5244 763 5298 πτοντες,
810 5223 901 5278 καὶ
957 5224 1093 5278 κατά
1138 5221 1266 5286 τοὺς
1317 5223 1441 5298 περὶ
1490 5218 1743 5278 Εὗσέϐιον
1793 5223 1893 5278 ὑπὸ
1948 5222 2166 5294 πολλῆς

519 5312 876 5389 συνεχόμενοι
906 5318 1008 5382 τῆς
1040 5311 1291 5388 ἀπορίας,
1325 5311 1497 5367 έκεῖνο
1530 5312 1723 5368 λοιπὸν
1766 5309 1983 5388 ἔχουσιν
2037 5314 2169 5370 ὑπο-

519 5400 870 5478 λειπόμενον,
917 5389 1077 5457 θκαὶ
1129 5401 1199 5456 ἐφ
1233 5400 1515 5477 ᾀσματίοις
1563 5407 1780 5479 ’Ἄρειος
1849 5403 1939 5457 καὶ
1987 5402 2037 5457 ἐν
2098 5406 2167 5477 τῇ

502 5593 508 5599 -
586 5558 632 5594 ⁶⁰
663 5558 685 5614 Ι
714 5558 841 5613 Cor.
874 5573 914 5624 ι,
936 5557 1027 5613 24.
1048 5557 1093 5593 ⁶¹
1125 5556 1293 5612 Joan.
1320 5573 1359 5626 1,
1387 5556 1470 5610 14.
1548 5556 1594 5590 ⁶²
1621 5554 1764 5611 ibid.
1816 5557 1902 5611 15.

591 5708 703 5781 (78)
737 5708 902 5781 Res-3
934 5703 1290 5781 προείπαμεν·

594 5775 705 5855 (79)
735 5775 998 5854 ΒὶοἯθεζ
1028 5782 1105 5838 At
1130 5775 1271 5839 editi
1300 5782 1358 5839 et
1387 5776 1486 5838 alii
1512 5792 1715 5837 vocem
1746 5775 1945 5860 ἄσοφος
1993 5777 2165 5836 omit-

1978 5556 2023 5591 ⁸³
2049 5553 2299 5614 Baruch.
2334 5570 2418 5620 III,
2484 5554 2538 5607 2.

2275 4791 2389 4829 non
2420 4777 2508 4829 est
2529 4773 2749 4827 minor:
2784 4772 3073 4843 siquidem
3107 4773 3158 4828 is
3188 4774 3289 4843 qui
3310 4772 3476 4829 illum
3510 4775 3613 4845 qui
3661 4775 3722 4830 in
3752 4775 3920 4831 Patre

2274 4867 2362 4919 est
2391 4862 2450 4916 in
2484 4879 2599 4933 quo
2629 4862 2765 4918 item
2798 4868 2888 4917 est
2917 4867 3103 4928 Pater,
3137 4861 3236 4933 qui
3274 4867 3331 4917 et
3359 4862 3506 4918 isem
3560 4863 3737 4919 dicit:
3797 4866 3919 4934 Ego

2274 4957 2323 5008 et
2351 4955 2516 5009 Pater
2542 4969 2719 5009 unum
2746 4968 2935 5008 sumus
2957 4952 3020 5020 “,
3055 4968 3228 5023 quem
3262 4952 3403 5008 item
3428 4952 3528 5023 qui
3557 4953 3734 5023 videt,
3756 4952 3919 5008 videt

2276 5047 2333 5098 et
2360 5046 2591 5098 Patrem
2615 5050 2658 5083 εδ
2688 5059 2701 5110 ;
2735 5041 2858 5113 qui,
2890 5042 3156 5113 inquam,
3188 5040 3355 5096 illum
3379 5056 3441 5096 re
3462 5040 3658 5113 aliqua
3684 5045 3923 5098 externa

2279 5131 2584 5187 meliorem
2618 5131 2802 5197 reddi,
2835 5130 2998 5186 hisce
3026 5129 3368 5185 nominibus
3389 5129 3709 5202 significari
3731 5134 3921 5202 putat,

2278 5239 2365 5277 nae
2405 5220 2502 5275 ille
2534 5219 2799 5275 omnium
2817 5218 3237 5275 insanissimus
3264 5219 3471 5274 merito
3492 5217 3801 5273 habendus
3822 5217 3922 5273 sit.

2278 5310 2493 5365 Verum
2526 5308 2608 5363 illi
2641 5309 2777 5364 hinc
2810 5325 3042 5381 quoque
3070 5308 3300 5378 dejecti,
3332 5312 3508 5377 atque
3529 5306 3590 5361 in
3621 5320 3909 5361 summas.

2280 5406 2346 5456 ut
2377 5399 2713 5467 Eusebiani,
2744 5397 2981 5453 adducti
3012 5397 3336 5468 angustias,
3369 5396 3443 5453 ad
3458 5394 3603 5450 illud
3626 5398 3920 5467 postremo

2614 5552 2659 5586 5‘
2687 5551 2855 5607 Joan.
2888 5567 2942 5616 x,
2976 5550 3063 5603 39.
3140 5549 3185 5583 ⁵⁵
3203 5549 3368 5604 Joan.
3402 5564 3515 5618 xxv,
3547 5549 3602 5604 9.

2271 5708 2425 5769 tunt,
2458 5718 2637 5775 quam
2658 5705 2862 5775 tamen
2881 5701 3231 5775 interpretes
3256 5699 3539 5774 legerant.

2346 5777 2461 5850 (80)
2474 5770 2632 5849 'Reg.
2642 5816 2658 5845 ,
2696 5770 2997 5849 ὀνομάζων.
