4152 6386
378 433 497 494 445

1450 431 1551 491 DE
1595 431 1978 492 DEGRETIS
2025 431 2364 494 NlCIENJE
2407 435 2722 497 SYNODI.

3679 436 3800 500 446

373 585 482 619 των
517 561 618 617 οὐκ
646 559 836 633 ἔξωθεν
891 563 1080 634 ἡμεῖς,
1130 559 1254 616 ἀλλ⁹
1303 561 1363 616 ἐκ
1406 564 1514 616 τῶν
1565 565 1789 640 Γραφῶν
1834 557 2032 638 ἔχομεν

2176 566 2372 621 tientia
2420 567 2666 623 fundata
2714 573 2874 637 sunt,
2925 567 3048 623 haec
3094 568 3296 624 omnia
3342 569 3402 623 in
3449 587 3628 627 manu
3660 568 3802 628 sunt

374 654 473 721 τὴν
508 649 707 706 πίστιν·
742 651 770 705 ὁ
805 650 898 722 μὲν
959 651 1063 726 γάρ
1123 649 1252 711 Θεὸς
1309 649 1468 712 αὐτὸς
1529 646 1618 704 διὰ
1673 652 1893 706 Ἡσαῖου
1940 656 2037 706 τοῦ

376 741 662 818 προφήτου
714 737 885 813 λέγει·
935 740 998 793 Ἡ
1048 739 1175 813 χείρ
1231 760 1334 810 μου
1385 737 1711 811 ἐθεμελίωσε
1760 742 1858 809 τὴν
1911 743 2035 816 γῆν,

376 828 467 885 καὶ
526 831 560 898 ἡ
617 826 762 900 δεξιά
821 848 925 900 μου
988 826 1277 903 ἐστερέωσε
1331 827 1421 882 τὸν
1479 827 1728 904 οὐρανὸν·
1791 830 1876 883 καὶ
1933 831 2035 883 πά-

383 917 490 974 λινο
535 917 633 971 Καὶ
696 916 799 972 ὑπὸ
856 917 953 985 τὴν
1014 917 1163 972 σκιὰν
1222 923 1324 985 τῆς
1381 916 1568 993 χειρός
1632 938 1736 989 μου
1789 917 2038 972 σκεπάσω

382 1027 461 1080 σε,
521 1004 572 1060 ἐν
724 1001 922 1074 ἕστησα
978 1005 1068 1060 τὸν
1128 1005 1353 1082 οὐρανὸν
1415 1005 1504 1060 καὶ
1565 1005 1900 1079 ἐθεμελίωσα
1936 1007 2035 1076 τὴν

385 1097 509 1170 γῆν.
541 1096 597 1147 Ὀ
629 1091 686 1149 δὲ
719 1089 905 1166 Δαϐὶδ,
935 1099 1097 1148 τοῦτο
1129 1095 1333 1166 μαθὼν,
1384 1095 1473 1150 καὶ
1526 1092 1684 1157 εἷ’δὼς
1729 1096 1826 1164 τὴν
1879 1100 2041 1174 χεῖρα

389 1184 554 1252 αὐτὴν
617 1183 773 1238 οὖσαν
841 1185 941 1252 τὴν
999 1182 1208 1261 σοφίαν,
1269 1179 1491 1256 ἔψαλλε·
1553 1185 1733 1239 Πάντα
1781 1183 1831 1238 ἐν
1881 1184 2042 1263 σοφίᾳ

390 1273 667 1342 ἐποίησας·
730 1272 1029 1348 ἐπληρώθη
1093 1274 1126 1341 ἡ
1190 1275 1262 1346 γῆ
1315 1279 1414 1342 τῆς
1474 1273 1700 1335 κτίσεώς
1761 1294 1856 1327 σου
1891 1295 1902 1307 ο
1965 1273 2040 1335 ὡς

387 1361 477 1417 καὶ
511 1361 780 1434 Σολομὼν
825 1362 972 1437 παρά
1019 1365 1152 1416 Θεοῦ
1206 1356 1388 1415 λαϐὼν
1436 1359 1638 1438 ἔλεγεν·
1686 1363 1743 1414 '0
1795 1361 1924 1422 Θεὸς
1971 1365 2041 1436 τῇ

387 1450 549 1528 σοφίᾳ
607 1448 936 1524 ἐθεμελίωσε
990 1453 1090 1520 τήν
1149 1457 1274 1526 γῆν·
1339 1453 1594 1522 Ἰωάννης
1645 1472 1704 1506 τε
1758 1453 2041 1526 γινώσκων

385 1541 485 1608 τήν
545 1544 707 1615 χεῖρα
753 1539 842 1595 καὶ
881 1541 981 1609 τὴν
1035 1540 1220 1617 σοφίαν
1274 1540 1408 1594 εἶναι
1449 1541 1541 1595 τὸν
1573 1540 1770 1615 Λόγον,
1825 1541 2044 1616 εὐηγγε-

389 1626 590 1697 λίζετο·
654 1629 738 1682 Ἐν
799 1628 949 1704 ἀρχῇ
1018 1631 1085 1697 ἦν
1154 1629 1181 1681 ὁ
1251 1628 1447 1704 Λόγος,
1516 1628 1607 1684 καὶ
1661 1629 1689 1682 ὁ
1750 1628 1928 1703 Λόγος
1977 1629 2042 1698 ἦν

392 1717 531 1793 πρὸς
586 1718 677 1771 τὸν
736 1716 884 1788 Θεὸν,
945 1718 1034 1772 καὶ
1085 1715 1224 1779 Θεὸς
1286 1718 1353 1785 ἦν
1415 1718 1442 1771 ὁ
1501 1717 1702 1792 Λόγοςσ
1764 1719 1926 1780 οὗτος
1978 1719 2044 1786 ἦν

394 1805 446 1860 ἐν
480 1805 630 1882 ἀρχῇ
690 1807 826 1882 πρὸς
882 1807 971 1860 τὸν
1032 1805 1184 1862 Θεόν.
1247 1807 1428 1860 Πάντα
1481 1803 1550 1860 δι’
1601 1806 1766 1861 αὐτοῦ
1813 1805 2045 1881 ἐγένετο,

395 1894 484 1949 καὶ
542 1894 720 1970 χωρὶς
789 1893 954 1948 αὐτοῦ
1011 1893 1222 1969 ἐγένετο
1279 1891 1431 1949 οὐδέν
1469 1938 1481 1950 .

400 1983 518 2055 λος,
556 1982 772 2058 βλέπων
803 1984 904 2052 τὴν
936 1987 1116 2059 χεῖρα,
1148 1985 1247 2052 τὴν
1298 1983 1508 2060 σοφίαν,
1557 1983 1648 2038 τὸν
1680 1983 1857 2059 Λόγον
1891 1983 2047 2038 αὐτὸν

401 2067 529 2126 ὅντα
583 2072 672 2126 τὸν
732 2072 878 2144 Υἱὸν,
939 2071 1090 2149 φησί·
1145 2070 1484 2148 Πολυμερῶς
1540 2073 1629 2127 καὶ
1685 2072 2050 2148 πολυτρόπως

403 2160 575 2217 πάλαι
643 2161 671 2214 ὁ
732 2161 863 2223 Θεὸς
950 2160 1196 2231 λαλήσας
1281 2166 1399 2223 τοῖς
1489 2161 1746 2238 πατράσιν
1817 2161 1868 2216 ἐν
1935 2168 2053 2225 τοῖς

408 2251 756 2326 προφήταις,
815 2249 895 2304 ἐπ’
963 2249 1193 2325 ἐσχάτου
1241 2254 1349 2305 τῶν
1399 2252 1623 2327 ἡμερῶν
1666 2251 1872 2306 τούτων
1933 2251 2054 2307 ἐλά-

409 2339 572 2410 λησεν
629 2341 763 2412 ἡμῖν
824 2337 875 2392 ἐν
934 2338 1088 2411 Υἷῷ,
1149 2340 1206 2395 ὃν
1267 2338 1453 2411 ἔθηκεν
1492 2338 1862 2420 ,κληρονόμον
1921 2341 2051 2397 πάν-

414 2451 548 2500 των,
610 2426 678 2484 δι’
735 2428 796 2484 οὗ
854 2430 944 2484 καὶ
1003 2428 1224 2500 ἐποίησε
1278 2430 1406 2493 τοὺς
1460 2431 1678 2494 αἰῶνας·
1730 2433 1819 2487 καὶ
1863 2432 2050 2488 πάλινο

410 2517 507 2580 Εές
573 2517 770 2594 Κύριος
838 2520 1047 2589 Ἰησοῦς
1107 2520 1366 2595 Χριστὸς,
1434 2518 1502 2575 δι’
1569 2522 1631 2576 οὗ
1695 2522 1762 2577 τά
1826 2522 1999 2577 πάντα
2040 2567 2054 2594 ,

409 2606 498 2660 καὶ
530 2609 692 2680 ἡμεῖς
725 2604 794 2661 δι’
820 2607 1004 2666 αὑτοῦ.
1037 2605 1213 2670 Εἰδὼς
1265 2606 1322 2663 δὲ
1364 2609 1528 2664 πάλιν
1581 2611 1672 2664 τὸν
1726 2611 1924 2685 Λόγον,
1957 2613 2057 2680 τὴν

412 2695 636 2774 Σοφίαν,
668 2695 758 2750 τὸν
793 2697 938 2768 Υἱὸν,
970 2697 1127 2752 αὐτὸν
1173 2693 1303 2753 ὄντα
1331 2700 1429 2768 τήν
1482 2698 1662 2754 εἰκόνα
1691 2704 1786 2754 τοῦ
1826 2701 2060 2776 Πατρὸς,

411 2785 571 2864 φησὶν
643 2786 694 2840 ἐν
751 2789 819 2859 τῇ
875 2786 1013 2862 πρὸς
1073 2784 1402 2850 Κολασσαεῖς
1461 2787 1760 2858 Ἐπιστολῆ
1808 2809 1819 2822 ³
1881 2790 2062 2866 Εὐχα-

415 2878 721 2952 ριστοῦντες
804 2879 883 2946 τῷ
965 2880 1080 2948 Θεῷ
1154 2877 1243 2931 καὶ
1312 2876 1480 2952 Πατρὶ
1562 2883 1642 2950 τῷ
1726 2880 2065 2934 ἱκανώσαντι

414 2967 563 3038 ἡμᾶς
620 2963 695 3025 εἷς
751 2963 850 3032 τήν
932 2962 1122 3038 μερίδα
1176 2970 1273 3020 τοῦ
1350 2965 1565 3041 κλήρου
1621 2972 1729 3022 τῶν
1786 2967 1949 3043 ἁγίων
2013 2968 2064 3023 ἐν

413 3058 493 3126 τῷ
551 3052 712 3132 φωτὶ,
772 3053 832 3114 ’ὸς
893 3051 1152 3129 ἐῤῥύσατο
1212 3056 1362 3128 ἡμᾶς
1419 3054 1478 3110 ἐκ
1529 3062 1630 3125 τῆς
1690 3055 1932 3126 ἐξουσίας
1970 3060 2068 3111 τοῦ

419 3142 666 3214 σκότους,
719 3142 809 3197 καὶ
895 3142 1212 3216 μετέστησεν
1291 3144 1366 3206 εἰς
1425 3145 1524 3213 τὴν
1598 3147 1709 3219 (87)
1789 3143 2065 3221 βασιλείαν

417 3236 514 3288 τοῦ
578 3232 705 3286 Υἱοῦ
757 3237 858 3300 τῆς
913 3230 1128 3306 ἀγάπης
1181 3230 1344 3286 αὐτοῦ
1379 3254 1391 3266 ο
1452 3231 1503 3287 ἐν
1583 3255 1628 3306 ῳ
1688 3232 1814 3310 ἔχον
1840 3255 1933 3307 μεν
1998 3235 2064 3302 τή

423 3319 846 3395 ἀπολύτρωσιν,
931 3321 1032 3390 τήν
1117 3321 1299 3398 ἄφεσιν
1401 3326 1505 3375 τῶν
1595 3324 1870 3398 ἁμαρτιῶν
1913 3344 1924 3356 ·

426 3409 563 3463 ἐστιν
646 3407 802 3462 εἰκὼν
878 3412 975 3462 τοῦ
1030 3412 1163 3462 Θεοῦ
1230 3412 1327 3462 τοῦ
1384 3407 1616 3484 ἀοράτου
1651 3455 1664 3480 ,
1722 3409 2072 3484 πρωτότοκος

426 3495 602 3568 πάσης
660 3495 884 3558 κτίσεως
920 3518 932 3530 ·
994 3495 1075 3550 ὅτι
1133 3495 1185 3551 ἐν
1243 3498 1390 3568 αἱ)τῷ
1439 3496 1652 3568 ἐκτίσθη
1731 3498 1798 3552 τὰ
1852 3497 2026 3552 πάντα
2058 3539 2074 3564 ,

425 3585 490 3640 τά
539 3606 602 3640 τε
659 3584 710 3640 ἐν
783 3591 900 3648 τοῖς
959 3585 1210 3661 οὐρανοῖς
1262 3586 1351 3640 καὶ
1408 3586 1474 3640 τὰ
1530 3585 1614 3640 ἐπὶ
1672 3593 1773 3657 τῇς
1830 3594 1954 3662 γῆς,
2009 3586 2076 3640 τὰ

429 3675 596 3731 ὀοατά
649 3674 739 3730 καὶ
791 3676 858 3730 τὰ
913 3673 1114 3749 ἀόρατα
1148 3719 1162 3744 ,
1213 3672 1317 3730 εἴτε
1373 3675 1607 3751 θρόνοι,
1665 3673 1769 3730 sits
1823 3676 2077 3750 κυριότη-

426 3786 535 3838 τες,
599 3761 704 3819 εἷίτε
760 3764 948 3842 ἀρχαὶ,
1009 3761 1115 3820 εἶτε
1173 3763 1447 3838 ἐξουσίαι,
1505 3766 1572 3819 τὰ
1628 3767 1800 3820 πάντα
1857 3763 1924 3819 δι’
1981 3765 2076 3820 αὐ-

428 3860 546 3924 τοῦ,
605 3853 694 3909 καὶ
748 3853 822 3917 εἰς
882 3853 1040 3908 αὐτὸν
1099 3849 1361 3908 ἔκτισται*
1423 3854 1512 3908 καὶ
1588 3854 1749 3917 αὐτός
1815 3853 1923 3909 ἐστι
1973 3855 2079 3930 πρὸ

1991 3946 2078 4005 Ὡς

432 4033 532 4110 γὰρ
567 4030 655 4087 διὰ
682 4036 780 4087 τοῦ
820 4033 1020 4108 Λόγου,
1084 4032 1255 4096 οὕτως
1315 4032 1524 4095 εἰκόνος
1584 4033 1748 4090 αὐτοῦ
1801 4029 1977 4104 ὄντος,
2027 4033 2079 4088 ἐν

437 4122 582 4194 αὐτῷ
639 4121 852 4192 ἐκτίσθη
911 4124 979 4176 τὰ
1037 4121 1206 4178 πάντα
1240 4167 1252 4180 .
1315 4122 1474 4180 Οὕτω
1543 4119 1601 4178 δέ
1670 4145 1754 4185 τις
1813 4123 1936 4199 περὶ
1985 4127 2083 4178 τοῦ

438 4211 637 4286 Κυρίου
696 4209 1127 4283 διανοούμενος,
1171 4211 1232 4266 οὐ
1291 4211 1586 4287 προσκόψει
1644 4218 1723 4284 τῷ
1799 4211 1940 4285 λίθῳ
1989 4217 2085 4267 τοῦ

436 4299 886 4376 προσκόμματος,
948 4297 1094 4354 ἀλλὰ
1145 4297 1356 4372 μᾶλλον
1417 4301 1733 4375 πορεύσεται
1792 4300 1928 4376 πρὸς
1985 4302 2084 4370 την

441 4388 647 4463 λάμψιν
679 4387 956 4443 κατέναντι
983 4393 1080 4443 τοῦ
1112 4388 1291 4466 φωτὸς
1320 4395 1420 4458 τῆς
1470 4387 1749 4459 ἀληθείαςο
1792 4395 1953 4445 τοῦτο
1984 4391 2086 4465 γὰρ

440 4478 610 4542 ὅντως
661 4476 770 4533 ἐστὶ
831 4484 932 4546 τῆς
1000 4475 1256 4547 ἀληθείας
1473 4476 1536 4533 τὸ
1613 4478 1914 4556 φρόνημα,
1991 4479 2086 4534 κᾶν

443 4565 801 4645 διαρραγῶσιν
860 4567 1009 4622 οὗτοι
1067 4565 1498 4644 φιλονεικοῦντες
1533 4612 1546 4637 ,
1613 4569 1752 4640 μήτε
1807 4569 1898 4623 τὸν
1961 4568 2088 4623 Θεὸν

432 3944 645 3998 πάντων
683 3987 697 4011 ,
757 3943 845 3998 καὶ
901 3946 968 3998 τὰ
1024 3943 1195 3998 πάντα
1253 3942 1303 3997 ἐν
1361 3945 1508 4015 αὐτῷ
1567 3945 1880 4013 συνέστηκεν
1917 3986 1928 3997 .

2147 655 2320 724 facta,
2349 672 2413 709 ac
2436 673 2536 727 per
2555 657 2764 712 Filium
2789 658 3024 713 condita
3055 662 3212 712 sunt.
3247 658 3360 713 Nec
3389 675 3543 726 vero,
3582 666 3648 715 ut
3678 660 3800 715 haec

2148 744 2837 816 probemus,argumenta
2853 746 3217 802 extrinsecus
3235 747 3488 802 mutuari
3508 765 3654 820 opus
3679 749 3801 804 fue-

2149 831 2245 900 rit,
2279 831 2378 885 sed
2412 832 2470 886 id
2506 849 2574 886 ex
2605 834 2918 904 Scripturis
2949 833 3172 888 clarum
3207 839 3315 889 est.
3350 835 3655 905 Siquidem
3678 837 3804 908 ipse

2149 919 2303 974 Deus
2365 936 2467 990 per
2529 921 2736 975 Isaiam
2797 921 3138 993 prophetam
3197 922 3374 978 dixit:
3439 925 3630 979 Manus
3681 941 3803 981 mea

2145 1007 2401 1078 fundavit
2433 1016 2637 1063 terram
2665 1019 2719 1064 et
2749 1010 2972 1065 dextera
2999 1027 3120 1066 mea
3148 1013 3398 1081 ﬁrmavit
3445 1014 3603 1068 caelos
3634 1015 3698 1068 ⁸⁸.
3733 1015 3803 1069 Et

2149 1098 2398 1152 rursus:
2430 1098 2496 1151 Et
2525 1098 2622 1152 sub
2652 1099 2852 1152 umbra
2879 1116 3080 1153 manus
3137 1115 3276 1155 mea:
3329 1104 3610 1172 protegam
3636 1111 3708 1170 te,
3740 1103 3803 1156 in

2150 1202 2257 1255 qua.
2284 1186 2439 1239 caelos
2467 1188 2746 1253 constitui,
2779 1192 2831 1242 et
2851 1195 3054 1241 terram
3084 1187 3332 1259 fundavi
3352 1189 3418 1243 ⁸⁷.
3479 1189 3658 1244 David
3694 1206 3802 1244 au-

2149 1278 2292 1340 tem,
2326 1273 2427 1344 qui
2461 1275 2663 1330 eadem
2697 1276 2958 1343 edoctus,
3015 1292 3256 1330 manum
3305 1276 3495 1346 ipsam
3549 1293 3679 1333 esse
3709 1294 3804 1332 sa-

2152 1363 2432 1434 pientiam
2481 1370 2738 1431 noverat,
2790 1365 3074 1420 canebat:
3145 1366 3344 1419 Omnia
3411 1367 3470 1420 in
3527 1369 3808 1437 sapientia

2152 1453 2345 1526 fecisti
2366 1471 2384 1507 :
2415 1454 2648 1524 impleta
2675 1462 2750 1510 est
2776 1459 2925 1508 terra
2953 1455 3227 1509 creatione
3259 1463 3351 1508 tua
3371 1454 3436 1508 ⁸⁸.
3469 1455 3801 1512 Salomonis

2155 1556 2413 1613 quoque,
2439 1541 2539 1612 qui
2557 1541 2712 1596 idem
2732 1559 2766 1595 a
2795 1546 2909 1596 Deo
2932 1546 3254 1612 acceperat,
3281 1541 3402 1596 haec
3423 1545 3563 1597 sunt
3585 1543 3762 1599 verba
3788 1561 3802 1600 :

2154 1631 2294 1685 Deus
2314 1631 2596 1701 sapientia
2613 1629 2869 1701 fundavit
2897 1633 3111 1684 terram
3129 1630 3193 1682 5°.
3226 1629 3483 1686 Joannes
3514 1629 3656 1686 item
3688 1648 3804 1688 non

2157 1721 2437 1792 ignorans
2458 1720 2716 1775 Verbum
2735 1736 2980 1776 manum
3003 1725 3060 1775 et
3079 1719 3428 1790 sapientiam
3452 1736 3601 1788 esse,
3621 1721 3808 1777 Evan-

2159 1808 2376 1880 gelium
2423 1809 2504 1864 ita
2547 1809 2810 1864 orditur:
2863 1813 2930 1864 In
2978 1809 3256 1880 principio
3309 1811 3426 1863 erat
3482 1810 3726 1864 Verbum.
3759 1815 3814 1866 et

1539 1899 1593 1946 Ὁ
1651 1891 1707 1948 δὲ
1781 1894 2043 1950 Ἀπόστο-

2176 1898 2402 1952 Verbum
2433 1901 2555 1952 erat
2584 1897 2730 1967 apud
2794 1898 2986 1963 Deum,
3053 1901 3105 1952 et
3169 1898 3308 1952 Deus
3363 1902 3482 1952 erat
3547 1899 3812 1954 Verbum:

2161 1988 2258 2043 hoc
2287 1999 2403 2043 erat
2434 1988 2491 2040 in
2522 1988 2796 2057 principio
2825 1985 2974 2058 apud
3010 1990 3209 2042 Deum.
3272 1985 3470 2042 Omnia
3493 2003 3594 2058 per
3628 1990 3814 2058 ipsum

2160 2078 2310 2148 facta
2339 2085 2468 2131 sunt
2497 2085 2546 2130 et
2574 2078 2692 2130 sine
2723 2078 2839 2146 ipso
2867 2077 3073 2144 factum
3097 2079 3177 2130 est
3218 2076 3365 2130 nihil
3394 2077 3457 2131 ⁷ο.
3498 2077 3816 2149 Apostolus

2165 2166 2438 2236 denique,
2472 2165 2564 2219 cui
2597 2170 2967 2235 perspectum
2999 2181 3232 2235 quoque
3261 2169 3387 2220 erat
3418 2181 3679 2234 manum,
3722 2183 3814 2222 sa-

2163 2255 2444 2328 pientiam
2474 2259 2532 2309 et
2551 2253 2806 2309 Verbum
2838 2253 3034 2324 ipsum
3065 2269 3192 2308 esse
3225 2253 3456 2325 Filium,
3487 2255 3572 2310 sic
3626 2255 3818 2327 loqui-

2164 2349 2262 2399 tur
2285 2361 2298 2399 :
2333 2343 2702 2413 Multi/“ariam
2726 2343 3023 2412 multisque
3049 2342 3224 2396 modis
3254 2343 3387 2396 olim
3415 2347 3559 2398 Deus
3607 2343 3820 2402 locutus

2167 2434 2416 2505 patribus
2439 2434 2497 2486 in
2507 2431 2787 2503 prophetis
2809 2449 2826 2484 :
2842 2433 2901 2485 in
2917 2439 3161 2486 extremo
3181 2431 3397 2486 dierum
3415 2433 3647 2487 istorum
3667 2435 3818 2490 loeu-

2169 2527 2256 2577 tus
2292 2530 2368 2576 est
2398 2521 2553 2576 nobis
2585 2521 2645 2574 in
2673 2521 2814 2575 Filio
2866 2535 3027 2590 quem
3066 2520 3347 2574 constituit
3377 2521 3656 2577 haeredem
3688 2525 3818 2578 uni-

2170 2626 2470 2680 versorum,
2518 2625 2618 2680 per
2664 2625 2825 2680 quem
2874 2611 3043 2663 etiam
3096 2609 3227 2678 fecit
3271 2610 3555 2664 saecula“.
3608 2612 3677 2665 Et
3713 2610 3820 2667 ite-

2172 2717 2303 2755 rum
2331 2717 2343 2754 :
2373 2700 2518 2755 Unus
2547 2699 2809 2752 Dominus
2839 2697 2993 2752 Iesus
3051 2695 3316 2768 Christus,
3367 2714 3468 2768 per
3518 2714 3678 2769 quem
3707 2715 3819 2756 om-

2171 2791 2293 2855 nia,
2324 2791 2375 2843 et
2405 2803 2501 2842 nos
2526 2804 2625 2857 per
2646 2788 2828 2857 ipsum
2848 2786 2915 2839 79.
2940 2785 3084 2840 Cum
3108 2790 3306 2842 autem
3328 2785 3483 2842 idem
3507 2788 3824 2859 Apostolus

2175 2894 2289 2932 non
2314 2877 2608 2946 ignoraret
2638 2874 2916 2942 Verbum,
2940 2874 3300 2945 Sapientiam
3325 2879 3382 2929 et
3399 2875 3612 2931 Filium
3633 2877 3821 2948 ipsam

2175 2983 2304 3021 esse
2335 2965 2520 3020 Patris
2551 2963 2892 3035 imaginem,
2925 2961 3048 3017 haec
3081 2961 3257 3018 habet
3306 2961 3564 3033 Epistola
3609 2966 3680 3020 ad
3711 2965 3824 3021 Co-

2177 3055 2470 3110 lossenses
2495 3071 2508 3108 :
2538 3055 2768 3109 Gratias
2813 3060 3034 3122 agentes
3084 3055 3193 3106 Deo
3244 3059 3293 3106 et
3323 3053 3483 3108 Patri
3509 3054 3603 3123 qui
3627 3054 3822 3123 dignos

2176 3160 2274 3199 nos
2304 3145 2435 3212 fecit
2462 3142 2823 3196 annumerari
2869 3142 2927 3195 in
2968 3147 3126 3211 parte
3178 3141 3337 3195 sortis
3391 3149 3711 3197 sanctorum
3757 3145 3817 3199 in

2179 3235 2320 3301 luce,
2345 3234 2440 3304 qui
2458 3233 2668 3302 eripuit
2686 3247 2785 3286 nos
2803 3229 2868 3284 de
2888 3233 3149 3300 potestate
3167 3229 3541 3299 tenebrarum,
3567 3241 3622 3287 et
3642 3241 3826 3290 trans-

2009 3299 2066 3384 δέ
2101 3299 2143 3366 C
2183 3299 2313 3378 tulit
2343 3299 2399 3377 in
2431 3299 2659 3392 regnum
2687 3320 2821 3375 Filii
2866 3299 3172 3373 dilectionis
3226 3335 3361 3388 sua,
3414 3321 3471 3374 in
3520 3336 3628 3391 qua
3658 3321 3824 3378 habe-

2180 3429 2301 3468 mus
2323 3411 2760 3481 redemptionem,
2795 3409 3169 3464 remissionem
3197 3416 3558 3479 peccatorum,
3625 3412 3722 3482 qui
3753 3420 3835 3468 est

2182 3505 2362 3572 imago
2391 3501 2490 3555 Dei
2519 3499 2835 3565 invisibilis,
2858 3498 3257 3568 primogenitus
3281 3500 3465 3553 omnis
3518 3509 3787 3557 creaturas
3809 3519 3830 3557 :

2185 3592 2447 3662 quoniam
2478 3591 2538 3643 in
2569 3589 2688 3658 ipsa
2715 3588 2944 3642 condita
2962 3594 3090 3641 sunt
3123 3588 3384 3642 universa
3439 3603 3558 3659 quae
3595 3591 3654 3643 in
3682 3590 3836 3646 ccelis

2185 3683 2234 3736 et
2266 3682 2326 3735 in
2355 3687 2504 3734 terra
2530 3681 2659 3731 sunt
2691 3676 2936 3731 visibilia
2964 3680 3014 3730 et
3074 3676 3404 3747 invisibilia,
3462 3679 3578 3733 sive
3621 3679 3834 3753 throni,

2185 3771 2295 3825 sive
2325 3769 2742 3833 dominationes,
2781 3768 2892 3820 sive
2935 3766 3300 3836 principatus,
3352 3767 3464 3822 sive
3505 3770 3791 3839 potestates
3810 3787 3833 3834 ,ο

2189 3860 2376 3915 omnia
2392 3873 2496 3928 per
2515 3858 2693 3927 ipsum
2708 3859 2764 3910 et
2784 3857 2843 3909 in
2864 3857 2982 3926 ipso
2999 3859 3178 3910 creata
3207 3865 3334 3911 sunt
3354 3875 3376 3920 ;
3396 3866 3447 3911 et
3462 3858 3577 3928 ipse
3606 3863 3684 3913 est
3712 3868 3841 3915 ante

2189 3949 2396 4012 omnia,
2427 3957 2476 4001 et
2503 3947 2695 4000 omnia
2721 3946 2780 3998 in
2810 3944 2924 4015 ipso
2953 3947 3102 3999 const
3123 3951 3204 3998 :nt
3225 3945 3290 3999 ⁷³.
3324 3945 3396 4000 Ut
3451 3946 3608 4001 enim
3637 3947 3846 4004 omnia

2192 4053 2295 4109 per
2324 4035 2580 4089 Verbum
2614 4039 2809 4088 creata
2840 4038 2998 4099 sunt,
3033 4033 3132 4101 ita,
3166 4049 3301 4088 cum
3331 4033 3485 4090 idem
3518 4036 3597 4091 sit
3624 4036 3844 4108 imago,

2194 4126 2255 4180 in
2288 4125 2413 4195 ipso
2443 4139 2676 4194 quoque
2707 4127 2848 4177 sunt
2877 4127 3090 4177 creata.
3125 4123 3232 4188 Qui
3261 4123 3443 4195 igitur
3501 4125 3582 4179 ita
3637 4126 3707 4181 de
3737 4126 3850 4181 Do-

2197 4213 2356 4268 mino
2387 4212 2658 4294 senserit,
2695 4228 2808 4265 non
2863 4211 3115 4266 offendet
3168 4211 3228 4266 in
3285 4211 3542 4284 lapidem
3573 4213 3848 4270 offensio-

2198 4303 2291 4359 nis
2310 4304 2377 4373 '1‘,
2401 4301 2500 4358 sed
2534 4301 2728 4372 potius
2759 4301 2831 4355 ad
2864 4300 3234 4372 splendorem
3265 4301 3324 4356 in
3355 4307 3671 4373 conspectu
3698 4302 3848 4360 lucis

2199 4392 2386 4464 ipsius
2407 4390 2670 4446 veritatis
2701 4390 2958 4444 accedet.
2991 4393 3121 4444 Haec
3153 4394 3242 4446 est
3271 4391 3429 4446 enim
3461 4390 3851 4462 veritatis‘do-

2199 4481 2408 4548 ctrina,
2439 4481 2890 4551 disrumpantur
2920 4479 3052 4533 licet
3081 4478 3165 4533 illi
3212 4481 3560 4550 pertinaces,
3607 4481 3708 4552 qui
3741 4496 3848 4539 nec

2203 4573 2385 4628 Deum
2417 4575 2771 4636 reverentur,
2800 4585 2906 4623 nec
2936 4572 3420 4640 argumentorum
3451 4567 3506 4623 vi
3537 4573 3596 4624 et
3642 4575 3850 4628 aucto-

441 4655 751 4731 σεϐόμενοι,
805 4658 944 4730 μήτε
989 4655 1118 4719 τοὺς
1172 4655 1231 4711 ἐκ
1284 4660 1390 4710 τῶν
1438 4653 1762 4727 ἀποδείξεων
1823 4655 2060 4733 ἐλέγχου

2205 4665 2375 4718 ritate
2404 4660 2538 4716 victi
2565 4659 2940 4715 erubescunt.

445 4746 846 4824 ἐντρεπόμενοι.

516 4839 604 4894 48.
637 4837 701 4890 Οἱ
752 4837 845 4910 μὲν
923 4836 1013 4891 οὗν
1067 4835 1191 4912 περὶ
1248 4829 1505 4890 Εὐσέϐιον
1545 4881 1558 4905 ,
1616 4834 1789 4898 οὕτως
1848 4835 2090 4907 ἐξεταζό-

451 4947 602 4998 μενοι
657 4925 780 4981 τότε
835 4923 924 4980 διὰ
968 4923 1218 4994 πολλῶν,
1275 4924 1366 4980 καὶ
1422 4924 1776 5000 καταγνόντες
1837 4927 2040 4981 ἑαυτῶν
2078 4971 2092 4996 ,

445 5017 582 5071 καθά
624 5020 908 5091 προεῖπον,
970 5014 1303 5090 ὑπέγραψαν,
1363 5015 1451 5068 καὶ
1514 5015 1889 5090 μεταγνόντες,
1966 5015 2093 5091 ἠρέ-

453 5125 626 5178 μησαν
668 5103 756 5158 καὶ
804 5104 1180 5180 ἀνεχώρησαν.
1245 5100 1465 5171 Ἐπειδὴ
1527 5100 1583 5158 δὲ
1634 5104 1784 5158 οὗτοι
1831 5104 2097 5159 νεανιευό-

454 5214 605 5264 μενοι
651 5198 770 5254 ταῖς
829 5187 1098 5254 ἀσεϐείαις
1154 5192 1244 5247 καὶ
1301 5190 1741 5254 σκοτοδινιῶντες
1817 5193 1939 5270 περὶ
1996 5196 2094 5263 τὴν

450 5282 727 5354 ἀλήθειαν,
787 5280 940 5337 οὐδὲν
999 5278 1179 5357 ἕτερον
1237 5283 1273 5351 ἢ
1332 5287 1660 5358 κατηγορεῖν
1719 5283 1818 5351 τήν
1883 5281 2100 5351 σόνοδον

519 5437 563 5472 ⁶⁶
595 5441 703 5492 Isa.
734 5452 934 5504 XLVIII,
966 5437 1052 5490 13.
1093 5437 1136 5471 ετ
1166 5437 1276 5492 Isa.
1311 5453 1382 5500 LI,
1432 5436 1518 5490 16.

526 5676 1136 5761 ρ87)¹81ο.ξξιρε.,,υι.οι
1189 5677 1365 5761 liabet
1419 5676 1732 5752 Scriptum
1786 5679 2000 5741 textus.
2031 5679 2096 5739 In

455 5746 589 5808 aliis
619 5746 678 5808 et
708 5746 1012 5823 editis'nﬁv
1045 5751 1230 5811 deest.

1603 5436 1647 5470 ⁸⁸
1678 5435 1831 5491 Psal.
1891 5453 2011 5502 CIII,
2042 5437 2132 5494 24.

450 5507 495 5543 ’⁸³
527 5513 548 5564 Ι
580 5512 704 5564 Cor.
739 5525 862 5576 VIII,
887 5508 942 5561 6.
975 5508 1020 5543 ⁷³
1042 5507 1228 5564 Colos.
1262 5524 1302 5575 ι,
1337 5507 1524 5562 12-16.
1558 5507 1604 5541 ⁷⁴
1659 5507 1828 5564 Rom.
1888 5523 1967 5574 Ix,
2008 5509 2101 5564 32.

2275 4842 2360 4896 18.
2395 4839 2489 4896 Sic
2520 4838 2699 4912 igitur
2721 4838 3028 4894 Eusebiani
3065 4837 3265 4893 multis
3297 4841 3438 4894 tunc
3497 4838 3689 4895 modis
3716 4856 3850 4897 exa-

2206 4930 2433 4998 minati,
2466 4945 2532 4983 eo
2566 4931 2927 4999 postremum
2959 4927 3175 4982 redacti
3206 4930 3345 4982 sunt
3373 4930 3438 4982 ut
3467 4927 3690 4999 seipsos
3721 4944 3855 4984 con-

2205 5019 2570 5087 demnarent,
2593 5017 2946 5087 tandemque
2961 5016 3379 5088 subscripsere,
3395 5016 3480 5070 uti
3503 5033 3682 5089 supra
3704 5018 3853 5073 dixi-

2210 5124 2362 5174 mus,
2397 5111 2571 5177 atque
2604 5106 2745 5160 adeo
2781 5109 3003 5160 mutata
3035 5105 3325 5160 sententia
3355 5105 3644 5161 siluerunt
3673 5123 3738 5161 ac
3771 5123 3856 5163 re-

2208 5200 2529 5252 cesserunt.
2564 5195 2708 5249 Cum
2739 5198 2934 5249 autem
2966 5193 3063 5249 isti
3094 5194 3390 5264 impietate
3449 5195 3688 5264 feroces,
3730 5200 3787 5251 et
3818 5213 3854 5252 a

2208 5286 2469 5350 veritate,
2494 5289 2774 5355 tanquam
2799 5283 3079 5355 vertigine
3101 5283 3275 5354 capti,
3299 5283 3657 5350 aberrantes,
3681 5299 3854 5341 omne

2208 5439 2254 5472 “9
2285 5441 2448 5493 Prov.
2484 5454 2569 5507 III,
2602 5437 2688 5491 19.
2768 5435 2811 5469 το
2865 5433 3034 5490 Joan.
3085 5451 3124 5502 I,
3184 5434 3299 5490 1-3.

3377 5435 3420 5471 ⁷1
3481 5433 3655 5494 Hebr.
3717 5451 3757 5508 ι,
3800 5438 3852 5498 1.

2277 5679 2392 5754 (88)
2424 5679 2586 5753 368.,
2621 5669 2910 5738 εὐσεϐείας.
