4152 6436
339 491 460 552 ι49

1408 494 1510 556 ne
1554 468 1934 556 DECRETIS
1979 494 2318 557 NICIENIE
2362 500 2673 562 SYNODI.

3629 507 3750 569 450

337 622 453 691 τὸν,
504 618 594 676 διὰ
637 621 700 676 τὸ
749 623 1068 700 γεγράφθαι·
1117 623 1212 686 Εἷς
1257 622 1407 696 Θεὸς,
1461 623 1512 695 ἐξ
1573 624 1633 679 οὗ
1680 625 1747 679 τὰ
1792 626 1984 679 πάντα·

2115 634 2267 701 ;tum
2299 633 2406 688 sit:
2443 637 2595 692 Unus
2623 637 2782 703 Deus,
2815 651 2885 691 ex
2921 653 3026 708 quo
3076 637 3264 693 omnia
3293 637 3358 691 ⁷⁵.
3408 637 3477 691 Et
3504 637 3751 694 iterum:

336 709 427 764 καὶ
479 709 646 765 πάλιν
680 729 694 743 ·
741 712 816 765 Τὰ
873 714 1076 788 ἀρχαῖα
1130 712 1405 790 παρῆλθεν
1441 732 1453 746 ’
1517 711 1634 768 ἰδοὺ
1683 714 1873 790 γέγονε
1928 715 1995 768 τὰ

338 799 512 854 πάντα
561 801 740 856 καινά.
796 802 870 854 Τὰ
925 798 981 856 δὲ
1038 803 1212 857 πάντα
1269 801 1327 857 ἐκ
1381 807 1478 857 τοῦ
1534 807 1686 859 Θεοῦ.
1738 801 1892 860 Ἀλλ’
1943 805 1994 858 οἱ

340 888 575 963 Πατὲρες
635 930 650 957 ,
726 889 1096 963 θεωρήσαντες
1187 889 1400 945 ἐκείνων
1478 893 1576 961 τὴν
1661 891 1994 966 πανουργίαν

339 977 429 1032 καὶ
487 978 587 1047 τήν
645 983 747 1046 τῆς
807 972 1052 1042 ἀσεϐείας
1129 978 1484 1056 κακοτεχνίαν
1512 1024 1531 1053 ,
1583 981 1994 1056 ἠναγκάσθησαν

339 1065 537 1120 λοιπὸν
603 1063 922 1141 λευκότερον
997 1068 1165 1122 εἰπεῖν
1241 1070 1303 1123 τὸ
1381 1068 1441 1124 ἐκ
1511 1073 1608 1124 τοῦ
1666 1073 1800 1125 Θεοῦ
1834 1113 1848 1138 ,
1905 1068 1995 1124 καὶ

343 1156 549 1231 γράψαι
582 1155 641 1210 ἐκ
668 1161 768 1224 τῆς
802 1155 988 1218 οὐσίας
1040 1161 1138 1212 τοῦ
1189 1162 1322 1212 Θεοῦ
1373 1157 1507 1213 εἶναι
1553 1159 1644 1214 τὸν
1685 1160 1830 1228 Υἱὸν,
1865 1160 1995 1234 ὑπὲρ

340 1247 439 1298 τοῦ
474 1245 548 1318 μή
598 1243 662 1299 τὰ
711 1243 770 1299 ἐκ
797 1249 900 1299 τοῦ
948 1249 1083 1300 Θεοῦ
1132 1247 1310 1301 κοινὸν
1357 1246 1449 1301 καί
1496 1245 1610 1302 ἴσον
1659 1253 1755 1302 τοῦ
1781 1269 1839 1302 τε
1869 1249 1997 1303 Υῖοῦ

341 1333 430 1388 καὶ
485 1336 596 1389 τῶν
649 1337 895 1409 γενητῶν
956 1335 1304 1408 νομίζεσθαι,
1368 1334 1514 1391 ἀλλὰ
1567 1338 1635 1391 τὰ
1698 1338 1790 1410 μὲν
1854 1335 2000 1392 ἄλλα

341 1425 517 1479 πάντα
563 1423 786 1497 κτίσμα,
836 1423 926 1478 τὸν
978 1421 1035 1478 δὲ
1087 1423 1262 1499 Λόγον
1322 1425 1482 1499 μόνον
1534 1424 1594 1480 ἐκ
1640 1431 1740 1481 τοῦ
1788 1427 1997 1501 Πατρὸς

342 1511 705 1570 πιστεύεσθαι.
757 1512 862 1567 Κᾶν
915 1514 1018 1590 γὰρ
1071 1511 1130 1569 ἐκ
1181 1519 1277 1568 τοῦ
1327 1518 1459 1569 Θεοῦ
1506 1516 1574 1569 τὰ
1616 1514 1785 1570 πάντα
1827 1513 1996 1590 λὲγη-

342 1622 432 1656 ται
458 1601 594 1675 (97),
628 1599 756 1656 ἀλλ’
798 1599 988 1663 ἄλλως
1040 1602 1076 1671 ἢ
1127 1603 1203 1665 ὡς
1252 1600 1391 1658 ἔστιν
1424 1605 1451 1657 6
1483 1605 1626 1675 Υἱὸς,
1662 1602 1893 1680 εἷ’ρηται.
1925 1605 1998 1659 Τὰ

350 1691 445 1764 μὲν
479 1691 582 1766 γὰρ
613 1688 906 1764 κτίσματα,
942 1688 1030 1745 διὰ
1075 1692 1136 1746 τὸ
1190 1692 1265 1764 μὴ
1318 1692 1450 1748 εἶναι
1493 1693 1609 1762 εἰκῆ
1643 1692 1733 1746 καὶ
1784 1691 1844 1747 ἐκ
1870 1713 1996 1747 ταυ-

344 1780 608 1852 τομάτου,
663 1775 804 1849 μηδὲ
852 1780 990 1834 κατὰ
1035 1778 1212 1855 τύχην
1260 1779 1404 1857 ἔχειν
1453 1783 1551 1851 τήν
1599 1782 1826 1856 γένεσιν,
1866 1784 2001 1836 κατά

344 1867 476 1930 τοὺς
515 1865 778 1942 λέγοντας
826 1867 878 1939 ἐξ
929 1869 1144 1937 ἀτόμων
1208 1867 1535 1943 συμπλοκῆς
1592 1871 1680 1925 καὶ
1734 1873 1996 1945 ὁμοιομε-

2111 723 2298 778 Vetera
2367 727 2743 786 transierunt;
2801 741 2920 781 ecce
2987 728 3135 796 facta
3189 734 3320 780 sunt
3373 729 3561 781 omnia
3616 741 3759 782 nova

2106 809 2303 865 Omnia
2330 815 2516 867 autem
2546 830 2615 868 ex
2644 815 2746 868 Deo
2776 815 2838 868 ⁷⁷.
2873 816 2995 880 Qua
3024 813 3257 868 illorum
3310 814 3526 870 astutia
3557 818 3615 869 et
3644 813 3756 869 im-

2105 900 2200 971 pia
2232 898 2545 956 calliditate
2585 907 2908 973 perspecta,
2964 903 3162 958 Patres
3221 902 3436 959 clarius
3469 902 3757 975 explicare

2105 989 2286 1044 coacti
2321 994 2460 1044 sunt
2490 991 2629 1061 quid
2661 1007 2763 1062 per
2809 1007 3006 1047 vocem
3037 1008 3108 1047 ex
3154 993 3261 1047 Deo
3310 990 3758 1064 intelligendum

2106 1081 2277 1132 esset.
2313 1077 2594 1140 Quocirca
2624 1078 2908 1150 scripsere
2964 1078 3176 1134 Filium
3227 1096 3354 1136 esse
3394 1097 3463 1136 ex
3491 1080 3588 1136 Dei
3624 1080 3762 1136 sub-

2107 1165 2341 1234 stantia,
2379 1170 2442 1221 ut
2471 1182 2679 1238 nempe
2711 1167 2866 1223 istud
2898 1184 2969 1223 ea:
2996 1169 3122 1238 Deo,
3154 1185 3267 1224 non
3295 1185 3606 1225 commune
3627 1167 3756 1224 Filii

2107 1258 2163 1310 et
2194 1271 2388 1310 rerum
2425 1257 2709 1311 factarum
2741 1273 2869 1312 esse
2918 1257 3366 1330 existimaretur,
3412 1259 3513 1314 sed
3546 1261 3612 1314 ut
3638 1272 3759 1314 cre-

2107 1342 2342 1398 deretur
2372 1347 2578 1398 cetera
2611 1343 2847 1414 quidem
2905 1344 3103 1399 omnia
3158 1349 3351 1400 creata
3379 1361 3527 1414 esse,
3564 1344 3757 1400 solum

2109 1436 2302 1487 autem
2333 1431 2591 1487 Verbum
2625 1448 2752 1488 esse
2802 1449 2869 1487 ex
2901 1436 3086 1487 Patre.
3120 1433 3265 1488 Nam
3298 1433 3434 1488 licet
3463 1433 3661 1488 omnia
3689 1448 3760 1489 ex

2109 1524 2220 1574 Deo
2254 1536 2380 1575 esse
2411 1519 2704 1585 dicantur,
2735 1537 2937 1575 verum
2969 1520 3083 1576 alio
3114 1521 3352 1577 omnino
3386 1522 3558 1577 modo
3581 1537 3760 1594 quam

2109 1608 2186 1664 sit
2216 1609 2418 1664 Filius.
2451 1608 2594 1672 Quia
2619 1611 2774 1664 enim
2808 1623 2898 1664 res
2927 1613 3129 1664 creatae
3162 1626 3275 1665 non
3310 1626 3448 1665 casu
3479 1614 3536 1666 et
3555 1614 3762 1682 sponte

2109 1713 2208 1752 seu
2245 1713 2313 1752 ex
2344 1697 2556 1768 seipsis
2605 1698 2882 1764 existunt,
2933 1714 3038 1752 nec
3079 1697 3384 1753 fortuitum
3432 1702 3625 1754 ortum
3656 1699 3762 1753 ha-

2112 1786 2309 1856 buere,
2341 1789 2408 1840 ut
2439 1785 2678 1857 quidem
2709 1785 2996 1847 putabant
3026 1785 3125 1857 qui
3159 1803 3228 1842 ex
3257 1790 3586 1842 atomorum
3617 1803 3764 1843 con-

2103 1875 2410 1944 junctione
2443 1879 2499 1930 et
2529 1890 2598 1929 ex
2630 1873 3038 1929 consimilibus
3071 1873 3270 1930 omnia
3291 1891 3420 1931 esse
3442 1874 3646 1930 eﬂ‘ecta
3665 1875 3767 1930 do-

350 1961 480 2033 ρῶν·
532 1958 569 2027 ἢ
622 1956 696 2020 ὥς
745 1977 886 2020 τινες
935 1962 1042 2012 τῶν
1104 1959 1387 2032 αἱρετικῶν
1439 1957 1608 2014 ἄλλον
1661 1957 1998 2036 δημιουργὸν

2115 1963 2358 2019 cebant:
2395 1963 2534 2034 quia
2561 1962 2738 2018 etiam
2771 1961 2952 2018 alium
2984 1979 3100 2018 non
3149 1963 3367 2018 habent
3418 1967 3762 2030 creatorem,

349 2045 623 2122 λέγουσιν·
675 2047 709 2116 ἢ
760 2046 833 2110 ὡς
883 2045 1048 2102 πάλιν
1081 2045 1247 2102 ἄλλοι
1298 2047 1399 2103 ὑπό
1429 2070 1590 2104 τινων
1636 2046 1886 2124 ἀγγέλων
1919 2048 2006 2104 λέ-

347 2155 534 2210 γουσιν
563 2135 826 2204 εἶναιτὴν
855 2140 963 2190 τῶν
1016 2136 1230 2192 πάντων
1280 2136 1550 2193 σύστασιν·
1600 2137 1726 2194 ἀλλ’
1771 2138 1873 2210 ὅτι,
1906 2141 2002 2194 τοῦ

347 2228 481 2280 Θεοῦ
508 2221 685 2294 ὄντος,
717 2226 784 2279 τὸ.
812 2226 986 2279 πάντα
1017 2227 1144 2300 παρ’
1178 2225 1341 2281 αὐτοῦ
1393 2225 1482 2281 διὰ
1527 2233 1625 2282 τοῦ
1672 2228 1853 2303 Λόγου
1904 2228 2002 2282 οὐκ

349 2309 479 2369 ὄντα
506 2313 767 2390 πρότερον
802 2314 876 2376 εἰς
917 2315 978 2368 τὸ
1012 2313 1145 2369 εἶναι
1175 2316 1386 2390 γέγονε,
1444 2313 1533 2370 διὰ
1575 2321 1736 2371 τοῦτο
1789 2314 1999 2391 εἷ’ρηται

344 2404 430 2474 τὸ,
466 2402 525 2458 ἐκ
546 2406 644 2458 τοῦ
674 2407 827 2457 Θεοῦ·
870 2403 897 2457 ὁ
930 2400 986 2457 δὲ
1037 2402 1235 2479 Λόγος,
1290 2402 1404 2458 ἐπεὶ
1463 2407 1537 2477 μὴ
1586 2403 1789 2478 κτίσμα
1837 2405 1999 2478 ἐστὶν,

350 2489 562 2567 εἴρηται
591 2491 681 2545 καὶ
714 2489 824 2546 ἔστι
859 2491 1024 2565 μόνος
1054 2491 1114 2547 ἐκ
1157 2497 1254 2547 τοῦ
1303 2491 1535 2569 Πατρός·
1585 2500 1685 2563 τῆς
1720 2492 1777 2549 δὲ
1817 2493 2002 2549 τοιαύ-

347 2599 450 2649 της
483 2577 720 2642 διανοίας
750 2582 1036 2656 γνώρισμα
1063 2582 1125 2636 τὸ
1156 2581 1289 2635 εἶναι
1317 2582 1407 2636 τὸν
1441 2584 1560 2637 ne»
1597 2581 1654 2638 ἐκ
1683 2582 1785 2654 τῆς
1817 2583 2001 2645 οὐσίας

346 2672 444 2724 τοῦ
486 2668 693 2745 Πατρός
741 2670 893 2743 (98)·
945 2667 1122 2725 οὐδενὶ
1168 2672 1271 2746 γὰρ
1322 2676 1430 2726 τῶν
1477 2692 1717 2746 γενητων
1769 2673 2003 2747 ὑπάρχει

347 2762 528 2814 τοῦτο.
589 2755 806 2831 Ἀμέλει
865 2760 931 2813 τὰ
977 2760 1150 2814 πάντα
1209 2757 1386 2834 λέγων
1445 2761 1474 2815 6
1534 2759 1748 2823 Παῦλος
1802 2761 1860 2816 ἐκ
1906 2765 2002 2815 τοῦ

349 2851 504 2918 Θεοῦ,
557 2845 710 2908 εὐθὺς
760 2845 1043 2922 ἐπήγαγε·
1096 2848 1193 2903 Καὶ
1240 2850 1317 2912 εἷς
1367 2849 1563 2927 Κύριος
1613 2852 1821 2921 Ἰησοῦς
1879 2856 2004 2925 Χρι-

351 2937 496 3005 στὸς,
551 2933 620 2990 δι’
671 2935 732 2990 οὗ
779 2937 848 2992 τὰ
891 2937 1083 2992 πάνταο
1126 2936 1215 2993 ’ίνα
1272 2936 1416 3013 δείξῃ
1464 2945 1646 3008 πᾶσιν,
1695 2938 1779 2994 ὅτι
1830 2937 2004 3001 ἄλλος

355 3026 450 3099 μὲν
475 3021 614 3080 ἔστιν
649 3025 678 3079 6
711 3025 833 3088 Υἱὸς
863 3029 973 3081 τῶν
1012 3027 1223 3082 πάντων
1266 3032 1374 3082 τῶν
1418 3027 1477 3083 ἐκ
1521 3032 1620 3084 τοῦ
1669 3033 1802 3083 Θεοῦ
1851 3049 2002 3103 γενο-

352 3117 550 3188 μένων·
601 3117 669 3169 τὰ
715 3116 818 3189 γὰρ
869 3114 928 3170 ἐκ
963 3119 1059 3171 τοῦ
1108 3120 1240 3172 Θεοῦ
1289 3117 1555 3192 γενόμενα
1605 3115 1694 3172 διὰ
1740 3118 1868 3172 Υἱοῦ
1913 3119 2001 3193 γέ-

349 3224 493 3280 γονε·
525 3209 628 3273 τῆς
660 3202 716 3258 δὲ
749 3201 1114 3281 δημιουργίας
1141 3206 1303 3281 χάριν
1335 3213 1436 3276 τῆς
1466 3207 1612 3278 παρὰ
1660 3211 1793 3264 Θεοῦ
1841 3228 2001 3282 γενο-

354 3294 520 3366 μένης
547 3296 694 3348 ταῦτ’
724 3291 930 3368 εἷ’ρηκε,
976 3294 1066 3348 καὶ
1114 3293 1176 3348 ού
1218 3292 1306 3348 διὰ
1353 3295 1414 3348 τὸ
1466 3294 1596 3349 εἶναι
1640 3295 1730 3350 καὶ
1770 3296 1838 3350 τὰ
1866 3298 1996 3350 πάν-

2114 2056 2178 2108 ut
2206 2052 2445 2124 quidam
2479 2067 2713 2106 sensere
2745 2051 2996 2106 haeretici
3024 2067 3036 2105 :
3071 2053 3322 2124 denique
3369 2051 3507 2123 quia
3537 2066 3663 2118 nec,
3698 2055 3767 2107 ut

2113 2141 2244 2196 aliis
2276 2140 2561 2213 placebat,
2595 2141 2666 2195 ab
2712 2139 2934 2211 angelis
2984 2139 3338 2211 quibusdam
3383 2139 3579 2196 omnia
3609 2140 3765 2196 facta

2113 2234 2253 2286 sunt
2281 2233 2338 2285 et
2368 2229 2683 2284 constituta
2718 2246 2730 2296 ;
2765 2229 2865 2283 sed
2899 2229 3037 2300 quia
3066 2229 3263 2284 omnia
3293 2245 3328 2283 a
3353 2233 3467 2284 Deo
3500 2228 3601 2301 qui
3627 2243 3763 2284 vere

2112 2323 2219 2389 est,
2253 2335 2387 2374 cum
2421 2323 2593 2374 antea
2623 2319 2771 2372 177
2809 2334 2923 2372 non
2957 2322 3172 2382 essent,
3205 2333 3308 2389 per
3327 2316 3585 2372 Verbum
3610 2317 3764 2374 facta

2113 2413 2253 2465 sunt
2282 2414 2348 2463 ut
2376 2411 2573 2464 essent
2601 2425 2612 2461 :
2649 2405 2862 2462 idcirco
2889 2422 2960 2462 ex
2988 2407 3096 2462 Deo
3128 2405 3229 2461 illa
3257 2423 3385 2462 esse
3408 2407 3626 2461 dictum
3649 2411 3758 2463 est.

2110 2501 2183 2554 At
2203 2497 2483 2561 Verbum,
2509 2495 2645 2567 quia
2666 2512 2780 2551 non
2803 2500 2892 2550 est
2923 2496 3061 2567 quid
3105 2499 3385 2566 creatum,
3420 2495 3610 2551 solum
3642 2495 3758 2551 uti-

2113 2604 2224 2659 que
2257 2591 2313 2642 et
2342 2602 2471 2642 esse
2501 2584 2715 2640 dicitur
2751 2589 2810 2639 et
2857 2600 3053 2640 revera
3091 2589 3180 2640 est
3231 2601 3299 2639 ex
3349 2584 3552 2652 Patre;
3586 2589 3761 2655 atque

2113 2677 2373 2748 idipsum
2410 2673 2795 2746 significatur,
2846 2689 2980 2727 cum
3027 2673 3241 2728 dicitur
3296 2672 3502 2728 Filium
3533 2689 3661 2729 esse
3691 2689 3762 2729 ex

2113 2764 2447 2821 substantia
2478 2761 2704 2818 Patris:
2750 2762 2806 2816 id
2838 2761 2996 2816 enim
3051 2761 3197 2816 nulli
3231 2761 3312 2817 rei
3368 2763 3528 2816 tacta
3570 2765 3763 2834 potest

2112 2869 2448 2926 congruere.
2505 2852 2654 2906 Sane
2713 2849 2929 2905 Paulus
2989 2851 3090 2922 qui
3149 2850 3347 2906 omnia
3396 2865 3465 2906 ex
3497 2855 3608 2906 Deo
3633 2863 3764 2907 esse

2113 2942 2415 2999 dicitmox
2445 2940 2722 3012 subjicit;
2783 2943 2850 2993 Et
2906 2955 3050 2994 unus
3105 2940 3370 2995 Dominus
3423 2941 3578 2995 Iesus
3609 2938 3766 2995 Chri-

2110 3037 2224 3087 stus
2252 3047 2350 3103 per
2378 3047 2537 3102 quem
2567 3030 2754 3084 omnia
2779 3029 2821 3062 ⁷⁸
2846 3045 2857 3082 :
2893 3044 3101 3099 nempe
3150 3033 3214 3082 ut
3256 3032 3497 3082 cunctos
3527 3029 3762 3084 doceret

2115 3120 2324 3176 Filium
2357 3119 2535 3174 alium
2569 3133 2696 3172 esse
2737 3118 2808 3172 ab
2852 3117 3128 3171 omnibus
3177 3132 3304 3187 quae
3352 3133 3420 3171 ex
3454 3117 3564 3172 Deo
3604 3117 3759 3173 facta

2112 3214 2269 3265 sunt.
2299 3209 2445 3264 Nam
2478 3223 2607 3280 quae
2637 3223 2706 3262 ex
2737 3206 2850 3260 Deo
2883 3206 3035 3261 facta
3065 3210 3225 3271 sunt,
3262 3221 3365 3277 per
3386 3205 3593 3259 Filium
3617 3208 3759 3260 sunt

2113 3299 2282 3355 tacta.
2318 3297 2401 3352 0b
2433 3295 2784 3351 creationem
2817 3294 3017 3366 igitur,
3052 3294 3221 3364 cujus
3255 3297 3403 3348 Deus
3426 3297 3626 3348 auctor
3645 3297 3754 3362 est,

346 3358 434 3453 τα,
474 3358 563 3445 ’ὡς
609 3358 828 3436 ἔστινιὸ
873 3383 1017 3455 Υἱὸς,
1070 3383 1130 3437 ἐκ
1174 3387 1270 3438 τοῦ
1319 3383 1550 3459 Πατρός.
1601 3380 1733 3438 Οῦτε
1783 3385 1885 3460 γὰρ
1933 3387 2000 3440 τὰ

2115 3388 2232 3443 haec
2255 3387 2352 3442 ille
2382 3385 2546 3454 dixit,
2579 3400 2695 3439 non
2727 3399 2858 3438 vero
2892 3383 3047 3453 quod
3081 3382 3280 3437 omnia
3320 3382 3439 3437 sint
3467 3398 3532 3437 ex
3568 3383 3751 3452 Patre,

348 3473 545 3540 πάντα,
578 3471 653 3533 ὡς
685 3472 713 3525 6
744 3472 889 3542 Υἱὸς,
923 3472 1045 3526 οῧτε
1075 3473 1103 3527 ὁ
1135 3471 1313 3548 Λόγος
1361 3473 1435 3535 εἷς
1465 3477 1573 3527 τῶν
1614 3479 1828 3528 πάντων
1864 3473 1997 3529 ἐστί’

348 3563 457 3614 τῶν
509 3561 613 3636 γὰρ
661 3561 874 3614 πάντων
926 3559 1119 3635 Κύριος
1170 3561 1260 3616 καὶ
1308 3559 1647 3637 δημιουργός
1702 3560 1812 3618 ἐστι
1846 3582 1858 3595 ·
1913 3561 2001 3618 διὰ

348 3653 512 3704 τοῦτο
558 3649 660 3724 γὰρ
707 3649 798 3704 καὶ
827 3651 862 3718 ἡ
898 3649 1026 3726 ἁγία
1074 3648 1293 3713 σύνοδος
1346 3649 1664 3728 λευκότερον
1699 3649 1909 3726 εἷ’ρηκεν
1944 3652 2003 3706 ἐκ

347 3744 451 3807 τῆς
503 3736 686 3800 ούσίας
740 3737 896 3794 αὐτὸν
951 3738 1081 3793 εἶναι
1119 3744 1216 3794 τοῦ
1264 3741 1495 3815 Πατρὸς,
1551 3740 1636 3795 ἴνα
1681 3740 1769 3794 καὶ
1828 3739 2000 3802 ἄλλος

349 3828 501 3904 παρὰ
528 3828 629 3897 τήν
678 3831 785 3882 τῶν
829 3832 1072 3902 γενητῶν
1122 3826 1276 3906 φύσιν
1324 3829 1352 3882 6
1385 3828 1560 3904 Λόγος
1601 3829 1736 3883 εἶναι
1785 3850 1999 3884 πιστευ-

349 3917 444 3989 θῇ,
483 3915 649 3988 μόνος
682 3913 754 3970 ὢν
811 3915 1030 3987 ἀληθῶς
1081 3915 1139 3971 ἐκ
1166 3921 1263 3971 τοῦ
1294 3921 1451 3989 Θεοῦ,
1498 3916 1587 3972 καὶ
1644 3919 1836 3990 μηκέτι
1867 3918 2003 3994 πρό-

349 4025 511 4083 φασις
571 4005 710 4080 πρὸς
766 4005 976 4075 ἀπάτην
1030 4003 1498 4084 ὑπολειφθήσηται
1554 4009 1667 4080 (99)
1713 4012 1828 4068 τοῖς
1881 4008 2001 4061 ἀσε-

349 4089 533 4151 ϐοῦσι.
596 4095 727 4169 Περὶ
782 4094 875 4167 μὶν
927 4091 1142 4148 οὖντοῦ
1189 4095 1510 4173 γεγράφθαι,
1560 4093 1618 4150 ἐκ
1663 4102 1762 4166 τῆς
1795 4095 2003 4168 οὐσίας,

347 4185 388 4252 ἡ
423 4180 692 4260 πρόφασις
724 4180 880 4252 αὕτη.
1164 4259 1166 4262 _

422 4273 512 4327 20.
545 4275 661 4325 Τῶν
711 4268 769 4325 δὲ
822 4269 1128 4327 ἐπισκόπων
1179 4270 1346 4326 πάλιν
1396 4271 1666 4348 λεγόντων
1719 4272 1825 4329 δεῖν
1868 4295 2006 4352 γρα-

347 4366 523 4439 φῆναι
574 4357 799 4432 δύναμιν
850 4359 1134 4433 ἀληθινὴν,
1181 4359 1272 4416 καί
1312 4361 1492 4417 εἰκόνα
1532 4368 1628 4418 τοῦ
1677 4365 1886 4439 Πατρὸς
1919 4365 2009 4420 τὸν

344 4449 533 4525 Λόγον
567 4492 585 4517 ,
643 4447 837 4523 ὅμοιόν
905 4471 964 4504 τε
1017 4451 1107 4505 καὶ
1182 4449 1600 4527 ἀπαράλλακτον
1658 4452 1817 4508 αὐτὸν
1873 4455 2011 4508 κατὰ

313 4539 529 4594 ,πάντα
579 4541 658 4610 τῷ
718 4539 889 4613 Πατρὶ
922 4585 935 4610 ,
991 4539 1081 4593 καὶ
1139 4535 1398 4613 ἄτρεπτον
1434 4588 1449 4613 ,
1505 4540 1595 4595 καὶ
1655 4541 1758 4614 ἀεὶ,
1814 4541 1903 4595 καί
1956 4541 2007 4596 ἐν

348 4627 504 4700 αὖτῷ
552 4626 684 4683 εἶναι
735 4625 1076 4703 ἀδιαιρετως·
1128 4626 1388 4683 οὐδεποτε
1428 4630 1531 4704 γὰρ
1585 4629 1682 4685 οὐκ
1727 4632 1818 4700 ἦν,
1866 4629 2011 4686 ἀλλὰ

2111 3481 2177 3532 ut
2206 3481 2294 3530 est
2325 3474 2526 3530 Filius.
2563 3473 2678 3530 Nec
2709 3472 2864 3528 enim
2897 3470 3095 3526 omnia
3140 3474 3280 3526 sunt
3323 3474 3388 3525 ut
3418 3469 3619 3540 Filius,
3650 3485 3756 3525 nec

2109 3565 2365 3621 Verbum
2397 3561 2581 3618 unum
2613 3567 2702 3617 est
2740 3578 2808 3616 ex
2864 3560 3159 3630 omnibus,
3217 3560 3321 3614 sed
3373 3558 3636 3614 omnium
3667 3563 3759 3615 est

2112 3654 2392 3710 Dominus
2414 3658 2472 3708 et
2492 3652 2700 3724 opifex.
2725 3650 3027 3721 Siquidem
3049 3649 3264 3704 idcirco
3281 3652 3484 3704 sancta
3499 3648 3760 3720 synodus

2113 3742 2369 3815 apertius
2395 3743 2539 3796 dixit
2579 3739 2743 3794 illum
2789 3755 2858 3794 ex
2904 3737 3237 3793 substantia
3279 3737 3466 3792 Patris
3512 3753 3660 3806 esse,
3691 3741 3760 3792 ut

2113 3832 2370 3888 Verbum
2393 3830 2552 3885 aliud
2577 3844 2704 3884 esse
2726 3845 2760 3883 a
2781 3833 2990 3882 natura
3014 3842 3206 3881 rerum
3226 3826 3514 3881 factarum
3555 3826 3758 3881 crede-

2113 3925 2292 3987 retur,
2327 3936 2457 3975 cum
2491 3917 2679 3974 solum
2709 3933 2840 3971 vere
2872 3916 2949 3971 sit
2996 3931 3065 3970 ex
3114 3919 3247 3982 Deo,
3281 3919 3455 3986 atque
3488 3918 3552 3969 ut
3581 3913 3758 3971 etiam

2114 4009 2314 4065 nullus
2337 4009 2462 4080 jam
2497 4006 2660 4062 locus
2691 4005 2888 4061 dolose
2919 4003 3127 4076 agendi
3170 4003 3368 4075 impiis
3398 4003 3763 4076 relinquere-

2113 4104 2229 4155 tur.
2264 4098 2393 4153 Haec
2424 4113 2559 4168 ergo
2617 4095 2730 4150 fuit
2787 4111 2963 4151 causa
3017 4110 3121 4149 cur
3176 4110 3249 4149 ex
3277 4093 3582 4150 substantia
3611 4092 3760 4148 sorid-

2117 4193 2281 4262 ptum
2311 4187 2408 4242 sit.

2187 4277 2276 4331 20.
2314 4276 2458 4330 Cum
2493 4278 2686 4329 autem
2718 4288 2924 4327 rursus
2945 4270 3201 4343 episcopi
3229 4271 3490 4327 dicerent
3511 4270 3767 4326 scriben-

2119 4367 2260 4422 dum
2292 4379 2440 4420 esse.
2474 4361 2730 4416 Verbum
2761 4360 3034 4414 virtutem
3087 4376 3279 4414 veram
3328 4359 3766 4430 imaginemque

2120 4455 2307 4510 Patris
2341 4469 2488 4521 esse,
2522 4451 2691 4521 eique
2720 4449 2779 4504 in
2812 4448 3088 4504 omnibus
3119 4449 3244 4503 sine
3267 4447 3388 4502 ulla
3407 4463 3648 4519 prorsus
3667 4461 3764 4501 va-

2121 4544 2324 4599 rietate
2355 4557 2485 4597 esse
2515 4537 2905 4608 simillimum,
2930 4537 3185 4609 denique
3208 4535 3595 4601 immutabile,
3619 4550 3770 4591 sem-

2123 4648 2342 4706 perque
2373 4646 2521 4695 esse,
2555 4645 2620 4683 ac
2667 4627 2794 4682 sine
2853 4626 3136 4682 divisione
3188 4626 3246 4679 in
3305 4625 3431 4696 ipso
3463 4639 3629 4679 esse:
3661 4639 3770 4680 nec

347 4717 423 4788 ἦν
458 4718 486 4771 ὁ
528 4717 706 4793 Λόγος
738 4716 842 4788 ἀεῖ,
876 4717 1137 4794 ὑπάρχων
1168 4715 1358 4780 ἀϊδίως
1405 4719 1551 4793 παρά
1596 4723 1676 4790 τῷ
1719 4719 1909 4795 Πατρὶ,
1937 4720 2003 4782 ὡς

2125 4722 2280 4777 enim
2313 4734 2577 4791 unquam
2610 4733 2724 4772 non
2755 4715 2884 4782 fuit,
2917 4715 3019 4770 sed
3066 4714 3177 4769 fuit
3233 4731 3464 4786 semper
3490 4711 3772 4781 Verbum,

347 4804 694 4880 ἀπαύγασμα
737 4805 938 4883 φωτός·
993 4807 1045 4860 οἱ
1096 4803 1220 4880 περί
1266 4802 1524 4861 Εὐσέϐιον
1567 4807 1859 4883 ἠνείχοντο
1917 4808 2010 4881 μὲν

357 4896 441 4970 μή
467 4893 788 4970 τολμῶντες
821 4893 1146 4971 ἀντιλέγειν,
1181 4894 1270 4950 διὰ
1318 4897 1418 4965 τὴν
1453 4895 1716 4971 αἰσχύνην
1766 4899 1826 4966 ἣν
1862 4897 2009 4974 εἶχον

356 4984 445 5060 ἐφ’
494 4984 578 5047 οἷς
624 4981 1017 5060 ἠλέγχθησαψ
1077 4985 1492 5062 κατελήφθησαν
1549 4984 1607 5040 δὲ
1661 4984 1828 5041 πάλιν
1877 4986 2014 5062 πρός

356 5073 588 5136 ἑαυτοὺς
637 5072 1056 5150 τονθορύζοντες
1103 5075 1193 5128 καὶ
1248 5071 1580 5138 διανεύοντες
1644 5081 1760 5138 τοῖς
1810 5075 2014 5154 ὀφθαλ-

361 5168 519 5239 μοῖς,
549 5160 634 5218 ὅτι
662 5164 752 5217 καὶ
781 5163 844 5217 τὸ
874 5161 1088 5236 ὅμοιον,
1139 5163 1228 5217 καὶ
1275 5164 1338 5218 τὸ
1386 5163 1488 5232 ἀεὶ,
1540 5164 1629 5218 καὶ
1677 5166 1740 5218 τὸ
1787 5172 1888 5234 τῆς
1921 5163 2019 5220 δυ-

352 5253 582 5326 νάμεως
611 5247 810 5325 ὄνομα,
838 5251 930 5306 καὶ
958 5253 1022 5306 τὸ
1047 5250 1098 5306 ἐν
1134 5251 1301 5324 αὐτῷ,
1332 5254 1488 5306 κοινὰ
1518 5251 1684 5307 πάλιν
1731 5253 1841 5308 ἐστὶ
1882 5256 2018 5330 πρὸς

355 5342 516 5415 ἡμᾶς
567 5341 658 5396 καὶ
704 5341 799 5395 τὸν
848 5338 992 5411 Υῖδν,
1041 5341 1132 5395 καὶ
1181 5339 1333 5396 οὐδὲν
1388 5339 1575 5396 λυπεῖν
1621 5342 1838 5407 τούτοις
1869 5347 2021 5419 ἡμᾶς

2125 4809 2278 4882 quod
2302 4809 2449 4864 etab
2473 4805 2789 4862 aeternitate
2806 4803 2959 4875 apud
2981 4807 3208 4858 Patrem
3225 4802 3464 4874 exstitit,
3488 4807 3776 4873 tanquam

2123 4898 2274 4953 lucis
2296 4896 2601 4968 splendor:
2628 4895 2721 4949 his
2748 4898 2940 4948 autem
2959 4908 3092 4948 cum
3114 4892 3425 4948 Eusebiani
3448 4905 3778 4963 repugnare

2127 5004 2242 5042 non
2267 4988 2570 5055 auderent,
2594 4988 2794 5055 utpote
2815 4998 2964 5053 quos
2987 4981 3359 5052 suppudebat
3395 4979 3689 5036 convictos
3716 4981 3776 5034 et

2128 5078 2456 5132 confutatos
2486 5074 2703 5138 fuisse;
2739 5079 2932 5127 tamen
2978 5069 3326 5142 deprehensi
3358 5073 3498 5124 sunt
3529 5069 3683 5123 inter
3710 5084 3775 5124 se

2128 5168 2342 5223 iterum
2399 5178 2767 5219 murmurare
2797 5160 3098 5231 oculisque
3129 5159 3370 5212 innuere
3414 5159 3556 5213 istas
3586 5171 3776 5212 voces.

2131 5257 2343 5325 simile,
2367 5269 2598 5326 semper,
2628 5253 2908 5317 virtutem,
2939 5254 2996 5304 et
3024 5251 3084 5304 in
3108 5250 3244 5319 ipso,
3280 5247 3449 5301 nobis
3470 5261 3603 5301 cum
3634 5243 3784 5300 Filio

2129 5363 2257 5403 esse
2290 5359 2655 5412 communes,
2689 5356 2753 5396 ac
2777 5339 3016 5412 proinde
3043 5337 3190 5392 nihil
3215 5335 3333 5392 illis
3365 5335 3684 5392 molestum
3703 5333 3786 5390 vid

439 5477 485 5512 ⁷⁸
514 5477 539 5532 Ι
568 5476 697 5534 Cor.
729 5493 854 5548 VIII,
885 5477 940 5532 6.
1017 5477 1059 5511 ⁷⁷
1091 5476 1140 5533 ΙΙ
1168 5475 1297 5534 Cor.
1329 5494 1384 5546 v,
1418 5478 1505 5549 17,
1539 5479 1626 5534 18.
1704 5481 1746 5516 ⁷⁸
1778 5481 1801 5538 Ι
1833 5484 1961 5542 Cor.
1992 5503 2114 5558 VIII,
2146 5488 2201 5542 6.

443 5618 560 5695 (97)
589 5619 684 5676 Sic
715 5619 997 5695 Reg._A1ii
1024 5635 1157 5676 vero
1178 5624 1240 5695 et
1270 5620 1436 5695 editi,
1463 5617 1700 5695 λέγεται.

445 5687 558 5762 (98)
587 5687 958 5783 Ar‘ncrvérba,
1174 5687 1232 5783 δὲ
1288 5687 1573 5783 τοιαύτης
1612 5689 1851 5783 διανοίας
1883 5697 2026 5783 γνφ-

367 5759 568 5838 ρισμα,
597 5759 660 5816 τὸ
693 5759 825 5816 είναι
871 5759 964 5816 τὸν
1027 5759 1146 5816 Γίὸν
1181 5761 1240 5816 ἐκ
1293 5767 1396 5831 τῆς
1455 5759 1640 5826 οὐσίας
1670 5768 1766 5822 τοῦ
1796 5759 2029 5848 ῌατρός,

369 5833 596 5893 desunt
622 5834 684 5892 in
714 5834 855 5891 edit.
886 5833 1168 5892 Commel.
1198 5838 1256 5892 et
1281 5835 1314 5889 7
1348 5850 1492 5896 mss.
1524 5835 1775 5897 Felckm.
1810 5841 1873 5900 In
1900 5843 2032 5905 aliis

707 5961 972 6028 PATROL.
1023 5961 1135 6028 Gs.
1181 5961 1373 6030 XXV.

2134 5645 2267 5685 vero
2299 5624 2610 5692 habentur,
2643 5639 2825 5696 eaque
2848 5623 3132 5695 negerunt
3152 5617 3418 5676 Nannius
3441 5621 3498 5676 et
3516 5616 3784 5674 Ambros.

2139 5699 2398 5758 Camald.

2213 5772 2327 5846 (99)
2358 5770 2496 5842 Reg.
2543 5760 2898 5837 ὑπολίπηται.

3443 5963 3519 6025 15
