4152 6390
398 400 512 462 451

401 531 548 600 deri,
570 530 621 588 si
641 531 761 588 haec
781 546 888 588 nos
905 530 1384 604 approbaremus.
1406 527 1553 584 Nam
1577 527 1732 600 quod
1755 527 1830 582 ad
1848 542 2048 583 vocem

2162 523 2483 578 συνθέσθαι·
2534 525 2597 579 τὸ
2677 524 2770 597 μὲν
2847 522 3037 596 ὅμοιον
3075 568 3088 593 ,

402 621 614 678 similis
642 623 885 693 spectat,
917 636 1005 689 ea,
1037 618 1403 691 inquiebant,
1433 616 1604 674 nobis
1633 631 1867 689 quoque
1896 615 2056 672 attri-

407 710 632 778 buitur,
663 709 881 782 quippe
912 725 1045 764 cum
1090 707 1376 780 scriptum
1435 706 1549 763 sit:
1606 706 1769 763 Homo
1799 707 1977 775 imago
2007 713 2057 760 et

405 799 593 871 gloria
619 799 720 854 Dei
745 806 828 854 est
852 798 915 852 7°.
948 798 1066 853 Vox
1092 813 1302 869 semper
1344 795 1513 852 nobis
1561 796 1700 851 item
1747 795 2052 862 convenit;

408 902 548 943 nam
575 885 860 959 scriptum
899 890 1023 943 est:
1083 887 1307 958 Semper
1360 887 1511 941 enim
1561 900 1661 940 nos
1720 885 1959 940 viventes
1986 883 2051 939 3°.

406 975 523 1032 Nec
550 975 670 1032 haec
723 975 920 1046 verba,
976 977 1040 1030 in
1084 977 1223 1048 ipso,
1255 991 1289 1030 a
1313 973 1483 1030 nobis
1518 977 1658 1029 sunt
1680 970 1890 1040 aliena,
1919 971 2057 1043 quia

408 1066 471 1121 in
490 1066 608 1136 ipso
625 1064 863 1120 vivimus
899 1072 951 1120 et
978 1079 1259 1120 movemur
1286 1066 1337 1119 et
1365 1078 1554 1119 sumus
1581 1062 1649 1118 εί.
1680 1060 2057 1117 Immutabiles

411 1168 644 1226 quoque
665 1153 939 1220 dicimur,
963 1152 1060 1208 ubi
1084 1153 1370 1224 scriptum
1394 1155 1519 1208 est:
1548 1150 1702 1206 Nihil
1722 1167 1817 1205 nos
1839 1165 2060 1221 separa-

411 1244 492 1298 bit
522 1259 561 1298 a
590 1241 859 1298 oharitate
885 1243 985 1297 Dei
1006 1242 1071 1296 δ’.
1113 1241 1379 1313 Denique
1419 1257 1632 1297 nomen
1674 1242 1898 1295 virtutis
1926 1238 2058 1295 aliis

410 1329 591 1387 etiam
612 1330 789 1387 rebus
812 1329 1114 1386 tribuitur.
1146 1329 1294 1385 Nam
1315 1345 1490 1385 eruca
1508 1333 1565 1385 et
1583 1328 1844 1384 bruchus
1872 1327 2059 1384 virtus

409 1423 468 1475 et
492 1418 731 1490 quidem
760 1419 947 1474 virtus
977 1433 1194 1490 magna
1246 1417 1523 1473 dicuntur
1572 1416 1636 1471 ⁸³.
1693 1416 1851 1473 Idem
1882 1416 2058 1471 etiam

410 1523 565 1580 saepe
595 1508 667 1564 de
694 1506 909 1580 populo
940 1507 1224 1579 scriptum
1254 1510 1363 1573 est,
1396 1510 1497 1562 ut:
1529 1507 1764 1579 Egressa
1783 1511 1865 1561 est
1884 1508 2060 1561 omnis

409 1598 586 1652 virtus
615 1597 849 1653 Domini
887 1612 960 1652 ea:
1013 1603 1159 1652 terra
1210 1596 1432 1667 ὥρῃ)ιί
1458 1595 1521 1649 ⁸⁸.
1581 1595 1723 1649 Aliae
1774 1595 1914 1650 item
1946 1611 2057 1656 cm-

409 1683 587 1741 lestes
617 1689 759 1741 sunt
784 1683 1031 1740 virtutes
1055 1700 1067 1739 :
1102 1700 1237 1739 nam
1268 1683 1480 1755 inquit,
1508 1684 1770 1740 Dominus
1790 1684 2061 1739 virtutum

409 1773 715 1843 nobiscum,
754 1777 1028 1845 susceptor
1083 1780 1263 1829 noster
1316 1774 1455 1828 Deus
1507 1773 1667 1828 Jacob
1718 1774 1783 1843 ⁸⁵,
1829 1772 2062 1828 Similia

413 1862 571 1919 enim
601 1864 779 1918 etiam
806 1862 1071 1918 Asterius
1102 1860 1376 1934 Sophista
1417 1861 1610 1917 dictus
1641 1856 1896 1934 scripsit,
1930 1878 2058 1933 quas

413 1967 626 2023 nempe
654 1950 728 2006 ab
758 1950 842 2007 eis
874 1949 1177 2018 didicerat,
1210 1953 1384 2023 atque
1414 1954 1550 2006 ante
1580 1966 1716 2006 eum
1743 1950 1916 2006 Arius
1936 1950 2061 2021 ipse

413 2055 668 2112 quoque,
701 2039 1199 2111 quemadmodum
1229 2055 1409 2111 supra
1451 2039 1672 2095 dictum
1703 2043 1810 2095 est.
1843 2039 2060 2095 Verum

413 2129 517 2186 ubi
537 2128 794 2201 episcopi
815 2128 1050 2185 illorum
1072 2127 1511 2185 simulationem
1549 2128 1657 2184 hac
1697 2128 1757 2183 in
1781 2146 1841 2185 re
1870 2128 2058 2185 anim-

412 2217 811 2283 adverterunt,
838 2215 1159 2289 dolumque
1187 2233 1315 2273 esse
1344 2216 1405 2272 in
1436 2217 1712 2273 cordibus
1741 2217 2058 2290 impiorum

411 2304 572 2362 mala
599 2305 1004 2379 cogitantium,
1036 2310 1104 2362 ut
1130 2305 1213 2362 ait
1240 2304 1542 2378 Scriptura
1576 2306 1655 2361 εστ
1705 2305 2059 2362 sententiam

411 2412 622 2452 rursus
652 2395 767 2468 ipsi
797 2412 867 2451 ex
895 2394 1217 2468 Scripturis
1246 2393 1518 2468 colligere
1573 2400 1714 2452 sunt
1768 2395 1971 2467 coacti,
2002 2399 2062 2452 et

408 2501 538 2558 quas
564 2472 735 2542 antas
776 2483 1061 2556 dixerant,
1120 2484 1324 2540 eadem
1382 2483 1732 2540 clarioribus
1758 2485 1951 2541 verbis
1979 2485 2059 2541 si-

409 2573 710 2647 gniﬁcare,
755 2590 823 2630 ac
869 2571 1123 2645 denique
1178 2573 1433 2629 scribere
1487 2571 1698 2629 Filium
1750 2573 1902 2630 Patri
1931 2590 2061 2632 esse

409 2661 997 2730 consubstantialem,
1045 2666 1113 2718 ut
1158 2660 1382 2719 scilicet
1418 2661 1816 2735 signiﬁcarent
1846 2662 2058 2719 Filium

406 2767 527 2807 non
554 2754 786 2807 tantum
808 2749 1086 2820 similem,
1111 2751 1213 2807 sed
1235 2751 1502 2807 eamdem
1524 2767 1648 2808 rem
1669 2751 2059 2809 similitudine

407 2856 539 2898 esse
568 2856 638 2897 ex
665 2840 852 2910 Patre,
887 2843 1061 2912 atque
1099 2844 1166 2894 ut
1203 2839 1655 2896 similitudinem
1693 2844 1751 2896 et
1778 2840 2056 2897 immuta-

407 2927 696 2985 bilitatem
718 2927 848 2984 Filii
869 2927 1046 2985 aliam
1072 2927 1312 2984 omnino
1353 2944 1482 2984 esse
1503 2928 1874 2985 ostenderent
1895 2930 1968 2986 ab
1990 2945 2059 2986 ea

404 3017 756 3086 imitatione,
788 3033 915 3090 quae
945 3018 1006 3073 in
1031 3016 1205 3073 nobis
1218 3033 1348 3074 esse
1366 3016 1602 3084 dicitur,
1626 3033 1803 3089 quam
1821 3019 2056 3089 quidem

404 3123 513 3164 nos
532 3110 770 3180 propter
794 3106 1205 3163 mandatorum
1251 3104 1717 3162 observationem
1748 3122 1816 3162 ex
1844 3106 2058 3164 virtute

405 3197 843 3268 consequimur.
867 3194 1134 3269 Namque
1155 3196 1311 3268 quod
1329 3199 1555 3268 spectat
1573 3196 1644 3251 ad
1664 3212 1907 3269 corpora
1923 3213 2053 3270 quae

400 3285 559 3343 inter
587 3265 650 3342 se
678 3288 819 3343 sunt
841 3265 1078 3357 similia,
1128 3265 1232 3341 illa
1268 3265 1422 3341 certe
1452 3284 1670 3342 distare
1698 3265 1986 3359 et—procul
2018 3304 2053 3344 a
2082 3265 2153 3340 α.

402 3391 468 3432 se
494 3375 744 3432 invicem
784 3377 1036 3448 possunt
1062 3373 1288 3442 abesse,
1320 3378 1387 3431 ut
1414 3374 1628 3431 accidit
1657 3375 1967 3432 hominum
1987 3376 2053 3432 li-

396 3464 558 3521 beris
587 3480 724 3538 erga
778 3463 1045 3536 proprios
1100 3467 1393 3536 parentes,
1450 3464 1951 3536 quemadmodum
1981 3466 2053 3522 de

399 3554 592 3611 Adam
622 3558 679 3610 et
706 3552 840 3609 Seth
881 3568 1059 3624 quem
1114 3550 1213 3609 ille
1267 3552 1489 3626 genuit,
1547 3553 1835 3626 scriptum
1867 3559 1957 3610 est
1983 3555 2049 3622 ⁸⁷,

398 3657 614 3715 nempe
643 3640 898 3699 similem
927 3641 1083 3697 178
1113 3640 1199 3697 illi
1228 3641 1413 3698 fuisse
1440 3643 1767 3699 secundum
1796 3644 2049 3716 speciem

396 3748 590 3790 suam.
611 3734 829 3788 Verum
851 3747 988 3788 cum
1015 3729 1143 3787 Filii
1164 3747 1232 3788 ex
1252 3730 1416 3788 Patre
1431 3732 1727 3804 generatio
1744 3731 1860 3789 alia
1878 3732 2049 3806 plane

399 3822 479 3878 sit
498 3837 534 3877 a
552 3824 764 3878 natura
781 3819 1115 3892 hominum,
1135 3835 1239 3876 nec
1255 3819 1447 3876 solum
1471 3819 1682 3878 similis
1700 3820 1798 3878 ille
1819 3822 1897 3877 sit
1916 3824 2050 3879 sub-

400 3911 628 3971 stantia
650 3910 861 3981 Patris,
889 3910 991 3966 sed
1010 3908 1187 3965 dividi
1210 3908 1283 3964 ab
1304 3925 1372 3965 ea
1396 3925 1513 3966 non
1531 3914 1727 3980 queat,
1750 3927 1887 3967 cum
1908 3912 2048 3968 item

404 4016 592 4057 unum
619 3999 746 4073 ipse
765 4005 823 4056 et
843 4000 1014 4055 Pater
1033 3997 1172 4069 sint,
1197 4001 1264 4053 ut
1283 3997 1439 4053 idem
1488 3998 1652 4067 dixit,
1699 4016 2048 4073 semperque

400 4093 661 4150 Verbum
693 4089 772 4146 sit
798 4088 860 4144 in
890 4091 1083 4157 Patre,
1111 4091 1169 4143 et
1192 4086 1363 4143 Pater
1390 4086 1451 4142 in
1479 4087 1668 4145 Verbo
1697 4089 1760 4158 ⁸⁸,
1785 4104 1852 4145 eo
1873 4091 2046 4147 modo

403 4198 521 4256 quo
552 4178 829 4254 splendor
874 4192 937 4233 se
984 4175 1162 4232 habet
1215 4175 1287 4232 ad
1335 4174 1522 4232 lucem
1551 4194 1564 4245 ;
1590 4176 1649 4232 id
1680 4177 1837 4233 enim
1868 4178 2045 4236 dictio

398 4273 531 4346 ipsa
559 4268 893 4343 significat:
938 4265 1152 4322 idcirco
1201 4265 1480 4340 synodus,
1531 4282 1599 4323 ea
1630 4283 1691 4324 re
1718 4273 2043 4340 perspecta,

399 4376 536 4419 eum
558 4374 689 4417 esse
710 4352 1276 4414 consubstantialam
1309 4359 1464 4412 recte
1484 4355 1742 4428 scripsit,
1764 4361 1831 4412 ut
1853 4361 1910 4413 et
1927 4356 2043 4413 hce-

396 4449 711 4507 reticorum
738 4444 1177 4519 perversitatem
1197 4447 1497 4515 everteret,
1525 4448 1582 4500 et
1601 4444 1860 4501 Verbum
1883 4444 2043 4502 aliud

392 4557 428 4597 a
448 4538 618 4613 factis
640 4537 814 4596 rebus
830 4551 960 4591 esse
985 4533 1339 4591 ostenderet.
1381 4532 1526 4590 Hinc
1547 4531 1648 4589 illa
1666 4551 1804 4591 voce
1823 4534 2045 4608 scripta

930 398 998 459 S.
1041 396 1470 460 ATHANASII
1513 393 1687 457 OPP.
1733 394 1940 456 PARS
1984 392 2035 455 Ι.
2071 423 2150 439 -
2178 391 2600 457 HISTORIGA
2644 393 2745 454 ET
2789 390 3280 455 DOGMATICA.

3694 394 3814 457 452

3168 522 3251 578 ὅτι
3308 536 3400 579 και
3470 523 3598 601 περὶ
3649 525 3813 597 ἡμῶν

2166 610 2371 689 ἐγράφη
2413 630 2427 643 ·
2484 611 2658 667 Εἷκών
2722 612 2861 666 ἐστιν
2918 612 2947 666 6
3005 607 3289 687 ἄνθρωπος
3353 611 3444 666 καὶ
3495 608 3624 682 δόξα
3680 616 3818 669 Θεοῦ

2166 701 2419 775 ὑπάρχει·
2468 702 2530 756 τὸ
2583 698 2641 755 δὲ
2689 700 2790 771 ἀεὶ,
2841 700 2924 756 ὅτι
2973 701 3291 776 γέγραπται·
3341 697 3457 755 Ἀεί
3495 701 3601 776 γὰρ
3648 702 3817 774 ἡμεῖς

2165 790 2217 843 οἳ
2251 793 2464 858 ζῶντες·
2496 789 2559 844 τὸ
2589 786 2647 844 δὲ
2694 787 2745 845 ἐν
2801 788 2965 862 αὐτῷ,
3017 788 3099 844 ὅτι
3151 790 3236 844 Ἐν
3270 787 3417 861 αὐτῷ
3468 792 3675 863 ζῶμεν,
3723 788 3817 844 καὶ

2163 878 2472 952 κινούμεθα,
2522 878 2611 933 καὶ
2662 877 2845 952 ἐσμεν⁹
2894 878 2985 932 καὶ
3034 880 3096 933 τὸ
3147 875 3409 955 ἄτρεπτον
3460 874 3538 949 δὲ,
3585 876 3668 933 ὅτι
3720 878 3815 954 γέ-

2165 986 2446 1043 γραπται·
2507 965 2671 1022 Οὐδὲν
2750 970 2900 1041 ἡμᾶς
2974 966 3206 1044 χωρίσει
3264 968 3369 1022 ἀπὸ
3423 973 3527 1037 τῆς
3596 968 3818 1043 ἀγάπης

2163 1061 2260 1111 τοῦ
2316 1061 2548 1131 Χριστοῦ
2580 1075 2592 1087 ·
2655 1056 2777 1133 περὶ
2838 1053 2894 1110 δὲ
2950 1063 3052 1125 τῆς
3108 1054 3430 1131 δυνάμεως,
3491 1055 3576 1111 ὅτι
3627 1057 3720 1112 καὶ
3778 1058 3814 1127 ἡ

2166 1147 2357 1218 κάμπη
2379 1145 2469 1201 καὶ
2501 1147 2529 1200 6
2565 1147 2804 1221 βροῦχος
2840 1146 2933 1219 μὲν
2967 1143 3222 1220 λέγονται
3253 1143 3500 1220 δύναμις,
3532 1145 3631 1201 καὶ
3654 1143 3813 1201 δύνα-

2172 1256 2260 1307 μις
2297 1233 2534 1310 μεγάλη’
2569 1232 2842 1297 πολλάκις
2887 1232 2944 1290 δὲ
2987 1233 3111 1311 περί
3158 1239 3255 1290 τοῦ
3305 1233 3441 1290 λαοῦ
3488 1229 3817 1312 γέγραπται,

2168 1322 2367 1399 ὥσπερ’
2433 1322 2656 1394 Ἐξῆλθε
2705 1330 2849 1378 πᾶσα
2906 1326 2941 1392 ἡ
2978 1368 2993 1394 ,
3055 1320 3281 1397 δύναμις
3338 1322 3539 1398 Κυρίου
3596 1323 3655 1379 ἐκ
3709 1331 3819 1400 γῆς

2169 1412 2303 1466 Α”
2480 1410 3169 1468 -“”λλ“”
3352 1410 3476 1431 “’
3801 1432 3814 1445 ·

2222 1433 2447 1488 ιγυπτου
2553 1434 2641 1467 και
2702 1434 2735 1467 α
2816 1434 2869 1467 αι
2928 1413 2986 1469 οὲ
3042 1434 3286 1490 ουρανιαι
3349 1432 3606 1487 ουναμεις
3664 1412 3767 1468 εἰσί

2169 1501 2363 1577 Κύριος
2413 1503 2539 1577 γάρ,
2592 1502 2748 1578 φησὶ,
2789 1506 2897 1557 τῶν
2959 1499 3238 1575 δυνάμεων
3301 1502 3414 1574 μεθ’
3470 1503 3665 1576 ἡμῶν
3728 1503 3820 1557 ἆν-

2166 1588 2454 1664 τιλήπτωρ
2512 1594 2673 1665 ἡμῶν
2730 1592 2758 1646 6
2817 1589 2948 1653 Θεδς
2999 1584 3226 1645 Ἰακώϐ·
3287 1594 3519 1645 Τοιαῦτα
3574 1592 3678 1666 γὰρ
3727 1592 3821 1647 καὶ

2171 1680 2446 1755 Ἀστέριος
2497 1681 2525 1735 ὁ
2561 1678 2857 1755 λεγόμενος
2905 1680 3179 1759 Σοφιστὴς
3227 1683 3354 1756 παρ’
3403 1680 3577 1736 αὐτῶν
3632 1680 3817 1755 μαθὼν

2170 1766 2388 1844 ἔγραψε,
2421 1769 2509 1824 καὶ
2537 1770 2643 1844 πρὸ
2693 1769 2857 1824 αὐτοῦ
2906 1766 2964 1824 δὲ
3009 1770 3229 1846 Ἀρειος
3282 1770 3487 1843 μαθὼν,
3529 1768 3712 1846 ὥσπερ
3742 1768 3820 1825 εἷ’-

2169 1879 2351 1936 ρηται.
2385 1856 2541 1913 Ἃλλ’
2590 1860 2643 1913 οἱ
2692 1856 2999 1927 ἐπίσκοποι,
3047 1859 3137 1912 καὶ
3187 1857 3237 1913 ἐν
3285 1858 3466 1932 τούτῳ
3513 1859 3823 1935 θεωρήσαν-

2167 1968 2255 2010 τες
2285 1949 2382 2017 τήν
2417 1947 2698 2022 ὑπόκρισιν
2748 1946 2979 2020 ἐκείνων,
3024 1947 3115 2001 καὶ
3158 1945 3264 2016 ὅτι,
3296 1949 3431 2003 κατὰ
3475 1948 3539 2004 τὸ
3570 1968 3819 2024 γεγραμ-

2173 2037 2353 2111 μένον,
2389 2035 2447 2091 ἐκ
2474 2034 2722 2113 καρδίαις
2763 2040 2868 2091 τῶν
2925 2031 3129 2091 ἀσεϐῶν
3181 2033 3345 2100 δόλος
3395 2035 3506 2092 ἐστὶ
3542 2058 3819 2093 τεκταινο-

2172 2126 2345 2199 μένων
2396 2126 2555 2196 κακὰ,
2591 2126 3001 2201 ἡναγκάσθησαν
3047 2130 3138 2181 καί
3187 2125 3341 2182 αὐτοὶ
3394 2124 3545 2189 αὖθις
3589 2148 3822 2203 συναγα-

2167 2219 2281 2289 γεῖν
2330 2213 2390 2269 ἐκ
2415 2218 2523 2269 τῶν
2570 2218 2796 2292 Γραφῶν
2841 2214 2940 2283 τὴν
2994 2212 3258 2287 διάνοιαν,
3302 2216 3392 2271 καὶ
3437 2217 3572 2293 ἅπερ
3621 2216 3821 2293 πρότε-

2169 2323 2262 2380 ρον
2322 2300 2511 2379 ἔλεγον
2538 2346 2553 2373 ,
2609 2308 2778 2358 ταῦτα
2848 2302 3012 2358 πάλιν
3074 2302 3392 2381 λευκότερον
3452 2305 3619 2361 εἰπεῖν
3657 2350 3671 2377 ,
3728 2307 3821 2362 καὶ

2167 2394 2396 2471 γράψαι,
2448 2391 2738 2466 ὁμοούσιον
2794 2392 2927 2447 εἶναι
2975 2398 3055 2465 τῷ
3105 2394 3277 2470 Πατρὶ
3304 2393 3397 2449 τὸν
3443 2394 3585 2449 Υἱόν·
3613 2394 3707 2450 ’ίνα
3741 2396 3818 2469 μὴ

2171 2482 2334 2555 μόνον
2365 2481 2557 2556 ὅμοιον
2586 2483 2677 2537 τὸν
2729 2482 2874 2550 Υἱὸν,
2921 2479 3068 2536 ἀλλὰ
3114 2482 3306 2538 ταύτὸν
3346 2487 3414 2558 τῇ
3465 2484 3730 2557 ὁμοιώσει
3762 2484 3823 2539 ἐκ

2165 2576 2260 2625 τοῦ
2313 2573 2521 2645 Πατρὸς
2573 2571 2704 2626 εἶναι
2753 2570 3083 2645 σημαίνωσι,
3122 2572 3213 2626 καὶ
3273 2569 3451 2645 ἄλλην
3512 2571 3673 2629 οὖσαν
3720 2576 3823 2644 τὴν

2163 2666 2260 2717 τοῦ
2286 2662 2414 2717 Υἱοῦ
2459 2660 2722 2735 ὁμοίωσιν
2772 2660 2862 2716 καὶ
2910 2659 3163 2736 ἀτρεψίαν
3214 2659 3425 2732 δείξωσι
3455 2664 3603 2739 παρὰ
3630 2664 3729 2734 τὴν
3764 2661 3817 2719 ἐν

2166 2753 2303 2824 ἡμῖν
2336 2748 2643 2825 λεγομένην
2679 2750 2935 2824 μίμησιν,
2986 2750 3053 2819 ἢν
3104 2749 3156 2821 ἐξ
3196 2752 3391 2826 ἀρετῆς
3440 2749 3528 2808 διὰ
3574 2753 3675 2822 τήν
3707 2756 3817 2807 τῶν

2167 2836 2400 2894 ἐντολῶν
2428 2842 2657 2914 τήρησιν
2685 2842 2849 2913 ἡμεῖς
2895 2835 3415 2916 προσλαμϐάνομεν*
3464 2842 3530 2896 τὰ
3584 2841 3679 2916 μὲν
3710 2844 3817 2920 γὰρ

2163 2933 2271 2984 τῶν
2305 2929 2571 3002 σωμάτων
2605 2926 2772 3002 ὅμοια
2818 2926 2955 3005 πρὸς
3008 2929 3167 2984 ἑαυτὰ
3207 2927 3550 3007 τυγχάνοντα
3593 2928 3818 2987 δυνατόν

2164 3039 2284 3081 πως
2335 3015 2631 3073 διίστασθαι
2680 3018 2771 3072 καὶ
2824 3019 3030 3096 μακράν
3090 3018 3178 3073 ἀπ’
3237 3016 3504 3090 ἀλλήλων
3554 3019 3820 3096 γίνεσθαι,

2165 3105 2272 3162 οἶοί
2303 3106 2433 3161 εἰσιν
2467 3107 2520 3161 οἱ
2546 3110 2652 3161 τῶν
2687 3106 2985 3182 ἀνθρώπων
3018 3107 3127 3162 υἱοὶ
3175 3106 3311 3182 πρὸς
3357 3108 3486 3171 τοὺς
3522 3112 3816 3185 γεννήσαν-

2162 3217 2279 3268 τας,
2334 3196 2409 3259 ὡς
2460 3196 2760 3271 γέγραπται
2810 3196 2934 3271 περὶ
2979 3201 3075 3251 τοῦ
3126 3194 3307 3270 Ἀδὰμ
3350 3199 3440 3253 καὶ
3484 3204 3583 3253 τοῦ
3628 3198 3679 3270 ἐξ
3723 3198 3819 3255 αὖ·

2160 3291 2259 3341 τοῦ
2288 3286 2639 3362 γεννηθέντος
2688 3287 2825 3355 Σὴθ,
2874 3287 2951 3348 ὡς
2996 3289 3061 3355 ἦν
3112 3284 3307 3360 ὅμόιος
3356 3288 3504 3361 αὐτῷ
3548 3290 3686 3345 κατά
3712 3291 3815 3360 τὴν

2163 3370 2305 3429 ἰδέαν
2337 3373 2521 3429 αὐτοῦ.
2548 3370 2765 3443 Ἐπειδὴ
2800 3369 2858 3428 δὲ
2887 3375 2923 3443 ἡ
2956 3371 3017 3428 ἐκ
3056 3376 3268 3451 Πατρὸς
3313 3380 3411 3430 τοῦ
3460 3377 3590 3431 Υἱοῦ
3620 3377 3818 3453 γέννη-

2160 3483 2244 3523 σις
2272 3458 2416 3533 ἄλλη
2450 3463 2596 3537 παρὰ
2640 3463 2740 3531 τὴν
2774 3461 3069 3536 ἀνθρώπων
3119 3463 3272 3542 φύσιν
3320 3464 3453 3536 ἐστὶ,
3484 3466 3576 3520 καὶ
3606 3466 3670 3521 οὗ
3720 3466 3820 3541 μό-

2159 3572 2244 3606 νον
2273 3549 2490 3625 ὅμοιος,
2518 3548 2665 3605 ἀλλὰ
2692 3552 2782 3606 καὶ
2812 3548 3117 3628 ἀδιαίρετός
3166 3551 3279 3607 ἐστι
3324 3560 3427 3623 τῆς
3456 3558 3553 3609 τοῦ
3598 3556 3814 3628 Πατρὸς

2160 3640 2366 3710 οὐσίας,
2397 3640 2488 3696 καὶ
2534 3639 2589 3695 ἓν
2642 3640 2736 3714 μὲν
2789 3640 2919 3695 εἶσιν
2973 3640 3131 3704 αὐτὸς
3175 3640 3264 3696 καί
3312 3643 3341 3696 6
3372 3644 3582 3721 Πατὴρ,
3614 3645 3691 3707 ὡς
3723 3644 3816 3700 αὗ-

2156 3732 2249 3793 τὸς
2275 3727 2510 3806 εἴρηκεν,
2541 3729 2623 3785 ἀεὶ
2655 3727 2711 3784 δὲ
2761 3728 2813 3784 ἐν
2862 3734 2942 3802 τῷ
2970 3730 3141 3807 Πατρί
3192 3729 3329 3786 ἐστιν
3358 3733 3386 3786 6
3417 3732 3619 3809 Λόγος,
3659 3734 3750 3789 καὶ
3781 3736 3812 3790 6

2158 3821 2345 3896 Πατὴρ
2378 3818 2431 3875 ἐν
2460 3824 2541 3891 τῷ
2582 3819 2770 3895 Λόγῳ,
2823 3819 2899 3883 ὡς
2960 3818 3069 3874 ἔστι
3110 3820 3172 3876 τὸ
3217 3820 3550 3897 ἀπαύγασμα
3582 3823 3718 3900 πρὸς
3746 3824 3812 3879 τὸ

2158 3916 2293 3989 φῶς
2327 3914 2488 3965 τοῦτο
2518 3910 2622 3984 γὰρ
2652 3909 2742 3963 καὶ
2768 3912 2803 3979 ἡ
2830 3907 2974 3979 λέξις
3005 3909 3274 3983 σημαίνει·
3309 3907 3397 3966 διὰ
3423 3916 3585 3968 τοῦτο
3614 3915 3649 3982 ἡ
3680 3912 3812 3968 σύν-

2158 4000 2306 4071 οδος,
2331 4003 2493 4055 τοῦτο
2523 3994 2930 4071 νοοῦσα,καλῶς
2952 3997 3243 4073 ὁμοούσιον
3264 3997 3611 4076 ἔγραψεν,’ἶνα
3628 4003 3728 4073 τήν
3749 4023 3812 4058 τε

2153 4096 2261 4147 τῶν
2313 4090 2597 4165 αἱρετικῶν
2647 4088 2964 4157 κακοήθειαν
3016 4087 3375 4164 ἀνατρέψωσι,
3423 4091 3513 4145 καὶ
3561 4088 3808 4162 δείξωσιν

2157 4179 2327 4236 ἄλλον
2379 4178 2511 4233 εἶναι
2558 4181 2664 4231 τῶν
2693 4180 2934 4251 γενητῶν
2978 4178 3069 4233 τὸν
3118 4178 3317 4254 Λόγον.
3371 4180 3471 4235 Καὶ
3510 4181 3613 4256 γὰρ
3644 4185 3809 4238 τοῦτο

2155 4272 2478 4347 γράψαντες,
2526 4266 2679 4329 εὐθὺς
2727 4266 3025 4343 ἐπήγαγον·
3076 4293 3103 4321 ‹‹
3154 4267 3289 4332 Τοὺς
3335 4266 3393 4324 δὲ
3440 4268 3701 4346 λέγοντας
3753 4271 3808 4344 ἐξ

2155 4360 2253 4416 ούκ
2284 4355 2448 4414 ὄντων
2478 4356 2569 4412 τὸν
2603 4356 2723 4411 Υἱὸν
2773 4360 2870 4411 τοῦ
2921 4361 3079 4429 Θεοῦ,
3122 4358 3158 4428 ἢ
3189 4359 3428 4430 κτιστὸν,
3475 4359 3512 4429 ἢ
3550 4361 3802 4436 τρεπτὸν,

2153 4450 2187 4519 ἢ
2221 4448 2457 4521 ποίημα,
2504 4447 2539 4515 ἢ
2575 4445 2626 4517 ἐξ
2665 4444 2849 4522 ἐτέρας
2894 4444 3100 4517 οὐσίας,
3147 4445 3373 4510 τούτους
3424 4448 3803 4522 ἀναθεματίζει

2153 4541 2187 4609 ἡ
2237 4537 2365 4615 ἁγία
2414 4534 2505 4592 καὶ
2553 4532 2818 4605 κάθολικὴ
2874 4533 3192 4606 Ἐκκλησία.
3244 4562 3274 4589 ››
3325 4539 3509 4594 Ταῦτα
3557 4535 3615 4593 δὲ
3647 4538 3804 4615 εἰρη-

389 4627 590 4687 statim
621 4627 820 4683 Patres
861 4624 1267 4696 subjungunt:
1319 4646 1347 4674 «
1381 4622 1483 4679 His
1529 4640 1664 4680 vero
1714 4624 1815 4697 qui
1845 4626 2050 4696 dicunt

2162 4627 2329 4701 κότες,
2361 4623 2643 4696 ἐδήλωσαν
2686 4624 2950 4704 φανερῶς,
3002 4623 3085 4680 ὅτι
3126 4623 3189 4681 τὸ
3237 4623 3299 4681 ἐκ
3341 4632 3445 4696 τῆς
3492 4624 3678 4690 οὐσίας
3708 4629 3803 4684 καὶ

389 4718 604 4779 Filium
627 4715 725 4771 Dei
746 4731 816 4771 ex
840 4713 1024 4769 nihilo
1046 4712 1166 4768 sive
1200 4728 1271 4768 ex
1296 4729 1414 4768 non
1452 4712 1868 4772 exsistentibus
1888 4734 2037 4788 esse,

2152 4720 2214 4774 τὸ
2246 4714 2538 4791 ὁμοούσιον
2575 4713 2882 4788 ἀναιρετικὰ
2923 4718 3031 4770 τῶν
3076 4722 3178 4784 τῆς
3226 4710 3472 4779 ἀσεϐείας
3520 4714 3803 4793 λογαρίων

384 4809 474 4868 vel
495 4810 775 4876 creatum,
797 4801 886 4859 vel
927 4800 1295 4869 mutabilem,
1317 4801 1405 4857 vel
1435 4802 1677 4873 factum,
1709 4804 1797 4859 vel
1828 4822 1896 4862 ex
1924 4807 2038 4865 alia

2162 4806 2296 4875 aieiv,
2343 4805 2476 4877 ἅπερ
2526 4802 2658 4875 ἐστὶ,
2708 4803 2927 4878 κτίσμα,
2976 4804 3066 4859 καὶ
3119 4803 3358 4877 ποίημα,
3405 4805 3496 4860 καὶ
3545 4805 3796 4882 γενητὸν,

384 4894 740 4962 substantia,
772 4891 1087 4948 anathema
1127 4890 1270 4946 dicit
1301 4895 1507 4946 sancta
1535 4896 1592 4947 et
1620 4893 1898 4951 catholica
1928 4897 2035 4952 Ec-

2142 4897 2232 4951 καὶ
2289 4895 2515 4970 τρεπτὸν
2549 4940 2565 4967 ,

2621 4892 2711 4947 καὶ
2768 4892 2867 4947 οὐκ
2917 4896 2982 4963 ἦν
3037 4894 3162 4969 πρὶν
3221 4894 3456 4969 γεννηθῇ
3504 4939 3518 4952 .
3575 4894 3634 4948 Ὀ
3689 4895 3795 4972 γὰρ

381 4986 580 5044 clesia.
605 5006 634 5036 »
659 4982 884 5049 Quibus
904 4980 1107 5052 utique
1136 4978 1307 5035 dictis
1347 4984 1543 5052 aperte
1581 4981 1912 5040 declaratur
1940 4985 2034 5043 his

2162 4990 2306 5041 ταῦτα
2337 4988 2546 5062 φρονῶν
2600 4979 2871 5057 ἀντιλέγει
2917 4986 2986 5056 τῇ
3033 4978 3263 5055 συνόδῳ·
3298 4984 3325 5037 6
3373 4980 3431 5038 δὲ
3476 4984 3544 5038 τὰ
3573 4982 3794 5058 ’Δρείου

375 5074 677 5133 vocabulis
697 5088 767 5130 ex
788 5071 1115 5137 substantia,
1139 5072 1196 5124 et
1215 5068 1703 5126 consubstantialis
1725 5071 1899 5128 deleri
1920 5074 2029 5132 im-

376 5164 615 5240 pietatis
633 5161 893 5231 voculas,
917 5158 1135 5231 quibus
1158 5156 1323 5214 aiunt
1344 5157 1556 5214 Filium
1579 5176 1707 5217 esse
1731 5178 1852 5218 rem
1876 5180 2031 5221 crea-

2146 5077 2220 5149 μή
2254 5078 2464 5153 φρονῶν
2496 5072 2546 5143 ἐξ
2596 5072 2833 5147 ἀνάγκης
2858 5073 2923 5126 τὰ
2965 5078 3067 5141 τῆς
3114 5069 3340 5127 συνόδου
3386 5075 3556 5127 ταῦτα
3601 5078 3795 5151 φρονεῖ

2138 5163 2227 5218 καὶ
2286 5160 2598 5231 διανοεῖται,
2644 5158 2829 5223 καλῶς
2889 5159 3023 5215 αὐτὰ
3079 5158 3295 5235 βλέπων
3358 5159 3510 5225 ὅπως
3567 5159 3679 5217 ἐστὶ
3726 5162 3791 5218 τὸ

375 5259 522 5325 tam,
552 5252 873 5315 conditam,
917 5248 1130 5304 factam
1190 5250 1247 5302 et
1302 5246 1669 5317 mutabilem,
1727 5267 1831 5307 nec
1863 5254 2027 5325 prius

2162 5252 2467 5328 επαύγασμα
2512 5250 2649 5328 πρὸς
2696 5250 2758 5305 τὸ
2800 5254 2940 5328 φῶς,
2986 5251 3077 5305 καὶ
3120 5249 3172 5321 ἐξ
3224 5249 3390 5306 αὐτοῦ
3446 5252 3547 5321 τήν
3606 5250 3793 5308 εἰκόνα

374 5342 559 5400 fuisse
581 5356 761 5415 quam
783 5336 1020 5412 genitus
1042 5339 1153 5393 est.
1176 5335 1325 5392 Nam
1348 5336 1449 5408 qui
1473 5336 1557 5393 ita
1579 5339 1780 5407 sentit,
1806 5344 2026 5413 synodo

2168 5350 2234 5413 ἧς
2269 5339 2526 5413 ἀληθείας
2557 5334 2873 5414 λαμϐάνων.

369 5430 718 5504 refragatur.
742 5425 851 5493 Qui
874 5440 1008 5483 vero
1047 5440 1164 5482 non
1203 5424 1359 5481 idem
1409 5441 1475 5482 ac
1518 5426 1692 5484 Arius
1731 5431 1928 5503 sentit,
1952 5450 2191 5493 necesse
2219 5438 2312 5492 est
2339 5448 2475 5489 eum
2501 5431 2724 5503 eadem,
2760 5448 2887 5504 quae
2920 5431 3184 5505 synodus
3211 5430 3432 5490 sentire
3477 5435 3536 5489 et
3563 5430 3784 5489 intelli-

439 5660 538 5744 711
566 5661 693 5744 ger.
723 5676 804 5727 XI,
827 5659 896 5744 7’.‘
912 5657 1050 5744 πολι
1073 5658 1229 5744 “Cor.
1281 5673 1354 5714 1v.
1404 5658 1506 5744 1ft;
1540 5659 1745 5744 8iAﬁct.
1792 5677 1931 5735 XVII,
1962 5666 2052 5744 Δ28

2162 5668 2195 5744 ιε
2224 5665 2391 5724 Rom
2423 5680 2545 5744 Ἧι,
2578 5665 2667 5725 35.
2724 5664 2770 5702 ⁸³
2797 5662 2923 5723 Joel
2973 5680 3036 5738 ιι,
3088 5664 3179 5725 25.
3232 5664 3279 5702 ⁸⁸
3305 5663 3487 5728 Exod.
3533 5679 3636 5744 xu,
3686 5664 3780 5735 41.

363 5732 413 5819 gf
461 5729 618 5797 Psal.
676 5746 806 5804 xw,
862 5730 917 5788 8.
974 5729 1020 5767 ⁸⁸
1073 5728 1238 5788 Prov.
1300 5744 1402 5805 xn,
1437 5730 1529 5789 20.
1561 5730 1605 5770 ⁸⁷
1635 5731 1841 5793 Genes.
1873 5728 1928 5811 ν,
1960 5736 2012 5797 3.
2087 5737 2133 5778 "
2161 5742 2326 5799 Joan.
2356 5756 2411 5825 κ,
2443 5738 2529 5797 30.
