4152 6420
406 432 528 500 453

1489 433 1589 497 DE
1635 436 2019 498 DECRETIS
2064 437 2401 497 NIG/ENxE
2446 437 2757 498 SYNODl.

3707 442 3832 500 454

406 587 561 645 gere,
594 569 678 626 ita
708 571 774 626 ut
803 569 956 625 recte
997 568 1280 642 percipiat
1327 569 1448 624 haec
1492 586 1558 624 eo
1607 570 1724 624 fere
1776 569 1947 624 modo
2005 585 2133 624 esse
2186 569 2460 640 splendor
2495 586 2631 642 erga
2689 571 2876 626 lucem
2933 587 2994 626 se
3052 557 3243 638 habet,
3287 571 3538 643 indeque
3570 575 3830 629 veritatis

407 660 728 732 imaginem
760 659 1028 731 accipiat.

475 750 564 804 21.
599 747 801 802 Οὐκοῦν
833 747 878 801 εἷ
907 749 974 802 τά
1023 747 1245 823 ῥήματα
1297 747 1385 801 καὶ
1437 748 1584 802 οὗτοι
1635 747 1708 800 ὡς
1761 747 1879 817 ξένα
1927 767 2061 816 προ-
2095 751 2148 815 Α

388 837 743 915 ἔφασίζονται,
779 836 1144 913 φρονείτωσαν
1173 838 1271 905 τήν
1327 833 1590 905 διάνοιαν,
1621 837 1735 890 καθ’
1784 837 1843 904 ἣν
1877 838 1911 904 ἡ
1948 836 2065 888 σύν-

409 924 533 987 οδος
567 926 740 988 οὕτως
775 923 1025 1000 ἔγραψεν,
1061 925 1543 998 ἀναθεματίζοντες
1586 925 1718 998 ἅπερ
1755 926 2066 996 ἀνεθεμάτι-

411 1036 493 1070 σεν
528 1017 562 1083 ἡ
597 1012 938 1085 σύνοδος,καὶ
975 1013 1244 1085 λοιπὸν,εἰ
1279 1013 1948 1090 δύνανται,μεμφέσθωσαν
1973 1015 2069 1074 τὰς

469 1104 502 1128 ιν
686 1102 710 1120 γ
749 1101 790 1120 κς
882 1101 932 1124 γεκ
1065 1102 1072 1116 ν
1595 1104 1607 1120 ε
1704 1100 1726 1119 ’κ
1772 1104 1781 1118 ι
2008 1108 2034 1117 ..ρ

413 1102 606 1173 λεςεις.
644 1109 713 1157 Eu
746 1123 802 1158 οε
850 1124 990 1172 οιοα,
1043 1105 1518 1181 ὁτι,φρονήσαντες
1548 1125 1648 1171 την
1701 1123 1935 1156 οιανοιαν
1970 1121 2070 1169 της

413 1191 660 1265 συνόδου,
705 1193 795 1247 καὶ
843 1194 907 1246 τὰ
938 1193 1158 1268 ῥήματα
1185 1200 1287 1262 τῆς
1338 1191 1576 1254 διανοίας
1625 1193 1841 1253 πάντως
1874 1188 2069 1245 ἀποδέ-

415 1283 612 1353 ξονται.
644 1285 738 1338 "Av
773 1280 830 1336 δὲ
859 1283 949 1336 καὶ
992 1281 1195 1352 ταύτην
1248 1281 1514 1335 αἰτιᾶσθαι
1562 1279 1857 1351 θελήσωσι,
1911 1278 2073 1348 δῆλοι

412 1371 570 1426 πᾶσίν
633 1371 734 1425 εἷ’σι
800 1372 971 1444 μάτην
1030 1371 1119 1424 καὶ
1177 1371 1301 1444 περὶ
1366 1369 1580 1424 ἐκείνων
1646 1367 1926 1444 λέγοντες,
1985 1368 2071 1421 καὶ

418 1460 579 1535 μόνον
628 1461 877 1538 ἀφορμάς
930 1460 1140 1514 έαυτοῖς
1194 1459 1270 1521 εἰς
1324 1454 1567 1513 ἀσέϐειαν
1620 1458 1977 1518 ἐπινοοῦντες.
2013 1459 2072 1510 ἹΙ

419 1552 512 1624 μὲν
546 1548 636 1604 οῦν
676 1549 944 1626 πρόφασις
994 1553 1098 1602 τῶν
1153 1548 1416 1602 τοιούτων
1469 1546 1663 1618 λέξεων
1717 1548 1875 1617 αὕτη⁸
1935 1547 1978 1600 εἰ
2030 1544 2073 1599 δ’

417 1639 498 1694 ὅτι
525 1640 615 1693 καὶ
647 1640 722 1713 μὴ
759 1637 1021 1714 ἔγγραφοί
1055 1637 1178 1706 εἰσι,
1212 1635 1376 1690 πάλιν
1433 1636 1818 1711 γογγύζουσιν,
1855 1636 2073 1689 αύτόθεν

423 1729 516 1804 μὲν
554 1727 704 1782 αὐτοὶ
752 1721 1198 1781 έκῦαλλέσθωσαν
1256 1726 1330 1786 ὡς
1373 1723 1794 1800 κενολογοῦντες
1848 1725 1936 1778 καὶ
1984 1725 2073 1778 τὸν

417 1821 540 1872 νοῦν
574 1816 680 1891 οὐχ
719 1815 1068 1891 ὑγιαίνοντες·
1119 1814 1339 1875 ἑαυτοὺς
1391 1817 1462 1888 (1)
1518 1812 1575 1868 δὲ
1619 1815 1706 1867 καὶ
1761 1813 1810 1867 έν
1859 1811 2075 1874 τούτοις

421 1906 797 1976 αἰτιάσθωσαν,
850 1904 956 1973 ὅτι,
1001 1907 1211 1978 πρῶτοι
1243 1902 1618 1978 παρασχόντες
1669 1903 1768 1970 την
1819 1901 2075 1970 τοιαύτην

421 1995 705 2072 πρόφασιν,
755 1993 805 2064 ἐξ
855 1994 1109 2071 ἀγράφων
1161 1996 1454 2067 θεομαχεῖν
1509 1989 1759 2067 ἤρξαντο.
1816 1992 2077 2045 Γινωσκέ-

2249 751 2336 802 21.
2373 751 2569 817 Itaque
2601 750 2650 804 si
2682 750 2764 804 illi
2807 752 2980 805 verba
3038 751 3152 805 ista
3207 750 3365 805 velut
3426 769 3573 806 nova
3604 770 3668 807 ac
3699 770 3830 825 per-

2181 838 2374 908 egrina
2405 839 2712 893 admittere
2731 845 3019 904 recusant,
3040 840 3392 894 sententiam
3416 841 3603 912 ipsam
3628 843 3834 896 admit-

2178 930 2306 980 tant
2339 943 2514 996 quam
2552 929 2806 1000 synodus
2838 929 2928 982 his
2970 930 3228 983 indicare
3268 929 3490 984 voluit:
3528 935 3583 985 et
3613 932 3832 1003 quibus

2181 1013 2282 1068 illa
2305 1015 2614 1069 anathema
2636 1016 2799 1082 dixit,
2825 1017 2934 1087 ipsi
2985 1017 3256 1071 similiter
3278 1018 3474 1072 dicant
3497 1019 3830 1086 anathema,

2183 1121 2248 1158 ac
2280 1105 2348 1158 de
2381 1109 2606 1168 caatero,
2640 1104 2686 1157 si
2721 1105 2968 1176 possint,
3000 1123 3165 1160 voces
3201 1107 3358 1177 ipsas
3381 1108 3831 1178 reprehendant.

2182 1193 2298 1264 Ego
2330 1209 2464 1247 vero
2496 1193 2696 1247 nullus
2728 1194 2930 1247 dubito
2980 1196 3118 1265 quin
3169 1197 3459 1250 sententia
3507 1198 3713 1269 synodi
3745 1213 3834 1251 re-

2184 1287 2369 1352 cepta,
2402 1283 2576 1336 verba
2598 1299 2829 1352 quoque
2854 1282 2981 1353 ipsa
3003 1284 3342 1354 approbent.
3367 1285 3461 1339 Sin
3486 1291 3679 1341 autem
3708 1303 3836 1341 sen-

2183 1372 2426 1425 tentiam
2463 1370 2651 1441 ipsam
2685 1371 2863 1425 velint
2892 1373 3260 1443 redarguere,
3315 1375 3588 1429 omnibus
3616 1376 3838 1446 patebit

2186 1461 2402 1513 frustra
2434 1458 2564 1513 illos
2600 1458 2874 1529 nullaque
2908 1460 2975 1512 de
2999 1477 3174 1514 causa
3196 1462 3369 1516 verba
3393 1463 3833 1533 reprehendere,

2186 1549 2282 1602 sed
2328 1548 2514 1603 solum
2553 1547 2888 1602 occasiones
2923 1548 3240 1619 impietatis
3280 1552 3689 1606 confirmandae
3722 1553 3836 1607 sibi

2186 1637 2331 1709 ipsis
2363 1638 2599 1707 fingere.
2635 1637 2762 1690 Haec
2797 1636 2974 1707 igitur
3005 1654 3182 1692 causa
3214 1639 3320 1692 l'uit
3349 1655 3453 1693 cur
3495 1639 3836 1710 hujusmodi

2185 1741 2354 1780 voces
2380 1726 2595 1779 fuerint
2617 1725 2919 1779 institutae.
2947 1727 3109 1789 Quod
3135 1727 3183 1780 si
3209 1744 3416 1782 rursus
3444 1734 3835 1796 murmurent,

2188 1815 2342 1885 quod
2376 1813 2482 1867 illm
2517 1814 2574 1868 in
2599 1815 2916 1884 Scripturis
2949 1833 3063 1869 non
3109 1821 3355 1883 exstent,
3392 1816 3498 1872 hoc
3531 1817 3676 1889 ipso,
3710 1824 3840 1873 tan-

2187 1920 2361 1973 quam
2420 1903 2612 1957 futiles
2666 1909 2722 1956 et
2780 1909 2975 1957 mente
3017 1921 3131 1958 non
3165 1906 3312 1975 sani,
3347 1911 3485 1960 sunt
3517 1907 3836 1976 rejieiendi.

2188 1991 2421 2063 Seipsos
2454 2008 2623 2062 porro
2649 1991 2741 2066 hic
2763 1991 2936 2046 etiam
2965 1993 3339 2062 potissimum
3365 2001 3658 2066 accusent,
3683 1996 3838 2066 quod

419 2105 447 2118 __
535 2080 584 2114 MA
639 2083 646 2098 .
857 2080 880 2101 ,ρ
919 2081 1003 2116 ’,Α
1229 2104 1246 2118 Α
1462 2082 1487 2109 ,.
1629 2079 1666 2114 ._
1767 2079 1812 2112 μ,
1936 2081 1945 2094 ι
2052 2081 2066 2100 ._

430 2107 498 2137 ιω
531 2097 588 2137 οε
617 2085 792 2156 ὅμως,
829 2103 870 2136 ει
931 2105 1001 2144 ει..
1055 2081 1164 2135 ἐστι
1215 2079 1552 2158 ενιλομαθης,
1607 2082 1710 2151 ὅτι,
1767 2104 1810 2133 ιι
1861 2101 1949 2133 και
2000 2102 2073 2152 μη

2197 2080 2361 2151 primi
2395 2080 2528 2134 huic
2555 2081 2628 2133 rei
2656 2079 2846 2134 locum
2877 2081 3163 2149 dederint,
3208 2084 3308 2153 qui
3354 2083 3467 2154 ipsi
3495 2085 3840 2156 excogitatis

423 2172 596 2234 οὕτως
653 2172 703 2226 έν
750 2178 871 2233 ταῖς
923 2176 1155 2249 Γραφαῖς
1206 2171 1338 2224 εἰσιν
1389 2171 1443 2224 αἱ
1493 2169 1689 2240 λέξεις,
1737 2167 1902 2241 ἀλλά,
1952 2170 2076 2223 καθ-

426 2264 559 2338 άπερ
593 2260 804 2335 εἷ’ρηται
852 2260 1135 2334 πρότερον,
1166 2261 1264 2327 τὴν
1296 2257 1354 2313 ἐκ
1404 2263 1511 2311 τῶν
1571 2262 1790 2334 Γραφιῖνθ
1838 2255 2075 2311 διάνοιαν

425 2349 614 2426 ἔχουσι
653 2396 666 2421 ,
722 2349 813 2404 καὶ
869 2348 1071 2418 ταύτην
1122 2346 1520 2425 ἐκφωνούμεναι
1582 2346 1906 2419 σημαίνουσι
1962 2352 2078 2408 τοῖς

426 2439 644 2516 ἔχουσιν
679 2437 755 2499 είς
806 2432 1072 2492 εὐσέϐειαν
1115 2439 1212 2506 τὴν
1263 2437 1429 2505 ἀκοήν
1481 2433 1811 2512 ὁλόκληρον.
1850 2442 2077 2490 Σκοπεῖν

428 2527 486 2583 δὲ
515 2527 676 2582 τοῦτό
707 2547 764 2581 σε
799 2527 892 2600 μέν
927 2525 1145 2596 ἔξεστιν,
1194 2525 1430 2588 ἐκείνους
1483 2523 1539 2580 δὲ
1586 2525 1902 2580 κατακούειν
1951 2526 2078 2587 τοὺς

427 2615 804 2678 ἀπαιδεύτους.
857 2613 1129 2669 Δέδεικται
1181 2615 1232 2669 έν
1273 2620 1390 2676 τοῖς
1437 2613 1756 2690 ἔμπροσθεν,
1807 2615 1896 2668 καὶ
1935 2616 2079 2668 τοῦτ’

425 2701 568 2760 ἔστιν
625 2705 826 2774 ἀληθὲς
880 2703 1167 2774 πιστεύειν,
1225 2705 1318 2758 τὸν
1378 2705 1553 2778 Λόγον
1615 2703 1675 2758 ἐκ
1719 2709 1816 2758 τοῦ
1870 2704 2079 2779 Πατρὸς

427 2794 579 2867 εἶναι,
613 2794 702 2848 καὶ
739 2793 900 2866 μόνον
936 2790 1071 2848 ἴδιον
1105 2792 1268 2847 αὐτοῦ
1315 2793 1405 2847 καὶ
1455 2791 1609 2871 φύσει
1658 2794 1924 2867 γέννημα.
1974 2792 2079 2846 1Ιὸ-

425 2885 511 2937 θεν
571 2884 673 2957 γὰρ
707 2880 936 2937 ἄλλοθεν
983 2883 1198 2953 νοήσειέ
1245 2903 1328 2944 τις
1374 2883 1464 2936 τὸν
1524 2883 1668 2953 Υὶὸν,
1730 2882 1788 2944 ὅς
1849 2882 1988 2936 ἐστιν
2045 2884 2078 2950 ἡ

429 2971 592 3051 σοφία
615 2972 705 3026 καὶ
757 2972 784 3025 6
815 2971 1013 3046 Λόγος,
1069 2971 1120 3026 έν
1169 2971 1214 3043 ᾦ
1244 2972 1311 3025 τὰ
1339 2972 1512 3026 πάντα
1560 2971 1802 3047 γέγονεν,
1837 2973 1871 3040 ἢ
1909 2971 1958 3041 ἐξ
1993 2971 2082 3025 αύ-

427 3065 524 3116 -τοῦ
567 3064 663 3115 τοῦ
710 3065 886 3128 Θεοῦ;
936 3063 1125 3133 Ὅμως
1158 3057 1216 3115 δὲ
1256 3065 1422 3115 τοῦτο
1462 3061 1551 3114 καὶ
1600 3061 1744 3136 παρά
1792 3065 1897 3113 τῶν
1954 3067 2082 3134 Γρα-

429 3155 542 3229 φῶν
599 3151 1025 3223 μεμαθήκαμεν,
1075 3154 1171 3204 τοῦ
1227 3152 1320 3224 μὲν
1375 3150 1582 3223 [Ιατρὸς
1631 3148 1720 3204 διὰ
1765 3154 1862 3203 τοῦ
1917 3145 2081 3203 Δαϐὶδ

432 3238 734 3314 λέγοντος·
797 3237 1146 3312 Ἐξηρεύξατο
1204 3240 1238 3307 ἡ
1297 3235 1493 3314 καρδία
1553 3259 1656 3310 μου
1717 3238 1892 3312 Λόγον
1946 3237 2080 3311 ἀγα-

433 3328 521 3382 θόν
559 3346 570 3359 ·
631 3328 720 3382 καὶ
757 3374 770 3398 ,
826 3328 919 3381 Ἐκ
991 3327 1220 3404 γαστρὸς
1298 3325 1404 3402 πρὸ
1484 3327 1761 3404 ἑωσφόρον
1823 3325 2085 3402 ἐγέννησά

430 3437 504 3471 σε·
555 3421 652 3471 τοῦ
710 3413 767 3471 δὲ
824 3417 950 3469 Υἱοῦ
998 3418 1121 3491 περὶ
1174 3417 1364 3470 ἑαυτοῦ
1415 3413 1710 3478 δεικνύντος
1770 3421 1885 3478 τοῖς
1945 3423 2084 3469 Ἰου-

435 3504 629 3569 δαίοις·
690 3505 753 3560 Εἰ
815 3507 841 3559 6
900 3506 1029 3566 Θεὸς
1090 3507 1275 3580 Πατὴρ
1337 3506 1486 3578 ὑμῶν
1546 3507 1658 3578 ἦν,

433 3593 549 3667 ἐμέ·
611 3593 720 3669 ἐγὼ
773 3595 876 3668 γάρ
928 3593 986 3648 ἐκ
1033 3598 1129 3647 τοῦ
1177 3594 1384 3668 Πατρὸς
1436 3592 1689 3664 ἐξῆλθον
1752 3595 1840 3649 καὶ
1894 3592 2080 3648 πάλιν⁶

432 3682 547 3759 Οὐχ
597 3682 678 3736 ὅτι
737 3683 826 3736 τὸν
882 3685 958 3755 (2)
1005 3681 1217 3758 Πατέρα
1263 3704 1344 3744 τις
1396 3683 1648 3755 ἑώρακεν,
1708 3683 1751 3736 εἰ
1807 3685 1880 3756 μὴ
1933 3684 1959 3736 ὁ
2011 3680 2083 3736 ὢν

430 3774 575 3848 παρὰ
640 3775 736 3825 106
805 3775 986 3840 Θεοῦ,
1057 3771 1216 3833 οὗτος
1282 3771 1486 3845 ἑώρακε
1550 3772 1640 3825 τὸν
1711 3773 1922 3846 Πατέρα
1991 3773 2086 3825 Καὶ

437 3861 542 3934 μὴν
570 3860 660 3914 καὶ
709 3860 792 3914 τό·
825 3861 970 3934 Ἐγὼ
993 3859 1082 3913 καὶ
1134 3861 1162 3914 6
1214 3861 1400 3936 Πατὴρ
1447 3859 1502 3914 ἓν
1557 3859 1733 3933 ἐσμεν,
1783 3861 1893 3928 καὶ,
1946 3861 2088 3935 Ἐγὼ

431 3949 482 4004 ἐν
533 3952 611 4020 τῷ
661 3948 871 4023 Πατρὶ,
920 3947 1009 4002 καὶ
1061 3948 1088 4002 6
1140 3949 1327 4025 Πατήρ
1381 3949 1431 4002 ἐν
1486 3949 1632 4021 ὲμοὶ,
1687 3946 1797 4002 ἴσον
1852 3947 1961 4002 ἐστὶ
2009 3953 2088 4020 τῷ

431 4036 636 4113 λέγειν·
670 4036 814 4112 Ἐγὼ
847 4035 905 4091 ἐκ
932 4041 1029 4090 τοῦ
1082 4037 1290 4110 Πατρός
1340 4037 1478 4110 εἰμι,
1527 4037 1616 4091 καὶ
1661 4034 1967 4111 ἀδιαίρετος
2001 4037 2090 4091 αύ-

429 4131 559 4183 τοῦ.
608 4126 708 4180 Καὶ
759 4128 787 4180 6
821 4127 1076 4194 Ἰωάννης
1125 4123 1182 4179 δὲ
1232 4120 1431 4201 λέγων·
1484 4127 1539 4180 '6
1589 4128 1892 4201 μονογενὴς
1942 4127 2090 4194 Υἱὸς,

431 4217 459 4270 6
516 4212 588 4269 ὢν
649 4215 722 4276 εἰς
799 4212 890 4268 τὸν
966 4212 1170 4268 κόλπον
1241 4219 1338 4268 τοῦ
1408 4215 1666 4291 Πατρὸς,
1728 4215 1927 4277 ἐκεῖνος
2006 4215 2092 4285 ἐξ-

431 4307 699 4380 ηγήσατο,
737 4303 918 4375 μαθὼν
949 4307 1116 4356 ταῦτα
1146 4303 1291 4376 παρὰ
1338 4307 1435 4357 τοῦ
1479 4310 1742 4379 Σωτῆρος
1885 4304 2087 4381 εἷ’ρηκε.
2124 4328 2129 4332 ·

428 4392 488 4446 Τί
521 4393 623 4468 γάρ
658 4389 798 4445 ἄλλο
827 4391 889 4445 τὸ
931 4389 981 4444 ἐν
1013 4389 1245 4453 κόλποις
1301 4390 1577 4464 σημαίνει,
1630 4393 1664 4460 ἢ
1715 4392 1814 4460 τὴν
1864 4394 2088 4468 γνησίαν

433 4480 493 4537 ἐκ
523 4485 620 4536 τοῦ
654 4481 862 4556 Πατρὸς
888 4483 984 4534 τοῦ
1017 4481 1144 4534 Γίοῦ
1174 4481 1423 4554 γέννησιν
1462 4499 1475 4549 ;

502 4573 592 4627 22.
626 4570 689 4625 Εἰ
745 4569 836 4643 μὲν
889 4566 980 4624 οῦν
1025 4569 1116 4624 τὸν
1166 4570 1294 4624 Θεὸν
1348 4569 1564 4645 ἡγεῖταί
1613 4592 1695 4634 τις
1745 4569 1877 4625 εἶναι
1913 4571 2090 4627 σύνθε-

430 4660 629 4731 τον,ὡς
683 4658 733 4713 έν
784 4661 853 4732 τῇ
907 4657 1061 4728 οὐσίᾳ
1104 4658 1166 4713 τὸ
1216 4654 1585 4732 συμϐεϐηκὸς,
1637 4660 1671 4728 ἢ
1731 4656 1919 4730 ἔξωθέν
1972 4682 2093 4715 τινα

431 4742 741 4826 περιϐολήν
795 4745 939 4824 ἔχειν
990 4747 1080 4824 καὶ
1128 4746 1515 4819 καλύπτεσθαι,
1559 4749 1594 4817 ἢ
1649 4748 1782 4802 εἶναι
1818 4771 1937 4804 τινα
1968 4749 2090 4824 περί

1720 3507 1967 3580 ἠγαπᾶτε
2022 3504 2080 3558 ἂν
2115 3487 2156 3552 C

2188 2169 2427 2223 vocibus
2460 2187 2586 2240 quae
2638 2169 2692 2222 in
2746 2170 3063 2240 Scripturis
3111 2188 3224 2225 non
3269 2171 3577 2242 habentur,
3621 2172 3839 2228 bellum

2189 2257 2304 2313 Deo
2335 2257 2613 2329 coeperint
2645 2258 2857 2312 inferre
2914 2260 3010 2329 (5).
3066 2260 3299 2314 Noverit
3338 2265 3535 2316 tamen
3569 2262 3841 2334 quisquis

2191 2347 2493 2402 studiosus
2518 2347 2708 2416 fuerit,
2734 2347 2963 2402 etiamsi
2990 2349 3129 2420 ipsae
3166 2366 3333 2404 voces
3374 2350 3455 2404 ita
3485 2351 3543 2404 in
3577 2352 3842 2423 Scriptu-

2191 2437 2271 2492 ris
2294 2454 2409 2491 non
2437 2441 2684 2506 exstent,
2714 2437 3060 2492 sententiam
3086 2443 3303 2493 tamen.
3339 2455 3518 2509 quam
3541 2440 3844 2496 continent

2189 2543 2323 2580 vere
2364 2542 2432 2580 ex
2489 2525 2803 2596 Scripturis
2855 2525 3076 2593 haberi,
3131 2528 3630 2601 quemadmodum
3663 2545 3845 2600 supra
3893 2527 3897 2531 ’

2192 2615 2411 2668 dictum
2443 2619 2551 2679 est,
2581 2631 2755 2685 quam
2791 2613 3025 2684 quidem
3059 2616 3434 2686 sententiam,
3486 2634 3617 2672 cum
3654 2617 3845 2688 profe-

2194 2708 2422 2768 runtur,
2457 2703 2547 2756 his
2587 2703 2849 2757 indicant
2881 2703 3094 2773 quibus
3131 2721 3301 2758 aures
3333 2721 3485 2772 sanae
3518 2711 3576 2760 et
3604 2706 3844 2778 integrae

2193 2796 2332 2846 sunt
2363 2792 2421 2845 in
2455 2793 2684 2862 pietate.
2719 2791 2780 2844 Id
2813 2808 2951 2846 sane
2992 2796 3048 2846 et
3080 2791 3181 2846 tibi
3232 2792 3542 2864 inspicere,
3575 2799 3633 2849 et
3663 2795 3846 2866 impe-

2193 2882 2323 2937 ritis
2352 2880 2470 2936 illis
2502 2880 2633 2934 licet
2664 2880 2884 2935 audire.
2916 2880 3204 2936 Nimirum
3227 2900 3407 2954 supra
3429 2889 3733 2939 ostensum
3758 2889 3848 2939 est

2192 2986 2438 3042 vereque
2469 2970 2724 3024 creditur
2772 2970 3028 3024 Verbum
3069 2987 3197 3025 esse
3244 2988 3312 3025 ex
3363 2972 3548 3040 Patre,
3580 2972 3845 3044 illudque

2193 3060 2385 3116 solum
2412 3059 2716 3130 proprium
2738 3060 2864 3129 ejus
2887 3064 2942 3113 et
2965 3065 3173 3114 natura
3211 3060 3392 3116 fetum
3444 3078 3592 3117 esse.
3619 3062 3698 3116 Ex
3727 3079 3844 3134 quo

2193 3149 2348 3205 enirn
2381 3148 2493 3203 alio
2515 3148 2747 3212 Filium,
2773 3148 2872 3218 qui
2895 3153 2952 3202 et
2971 3149 3260 3219 sapientia
3289 3155 3376 3204 est
3398 3155 3455 3205 et
3480 3151 3754 3218 Verbum,
3781 3151 3842 3208 in

2193 3256 2308 3310 quo
2341 3237 2538 3292 omnia
2566 3241 2705 3291 sunt
2728 3237 2894 3305 facta,
2919 3254 3091 3308 quam
3115 3254 3182 3292 ex
3212 3238 3337 3309 ipso
3369 3237 3484 3294 Deo
3515 3256 3642 3295 esse
3673 3239 3842 3296 intel-

2192 3327 2294 3399 ligi
2316 3327 2535 3398 queat?
2557 3327 2766 3381 Verum
2791 3325 2933 3380 illud
2963 3342 3192 3397 quoque
3215 3343 3282 3382 ex
3306 3328 3623 3399 Scripturis
3645 3329 3845 3385 didici-

2193 3433 2347 3470 mus.
2383 3420 2554 3469 Pater
2583 3416 2740 3469 enim
2773 3431 2874 3485 per
2904 3415 3178 3469 Davidem
3213 3416 3392 3470 dicit:
3445 3420 3726 3474 Eructavit
3753 3435 3846 3474 cor

2193 3522 2382 3560 meum
2419 3505 2645 3559 Verbum
2678 3504 2872 3558 bonum
2905 3505 2949 3536 ⁸9
2979 3522 2990 3570 ;
3024 3510 3098 3570 et,
3126 3511 3210 3560 Ex:
3233 3510 3391 3561 utero
3409 3515 3532 3562 ante
3555 3508 3850 3578 luciferum

2194 3596 2362 3664 genui
2382 3602 2428 3648 te
2451 3594 2511 3646 9°.
2539 3592 2719 3648 Filius
2740 3593 2876 3646 item
2901 3594 2971 3646 de
2994 3593 3183 3664 seipse
3208 3595 3291 3648 ita
3313 3596 3381 3649 ad
3403 3597 3636 3651 Judieos
3657 3596 3849 3668 loqui-

2197 3688 2327 3737 tur:
2378 3684 2438 3738 Si
2486 3683 2624 3736 Deus
2684 3687 2847 3736 Pater
2905 3692 3079 3736 vester
3127 3686 3276 3748 esset,
3328 3684 3627 3753 diligerem}:
3663 3687 3850 3756 utique

2195 3789 2299 3827 me.
2335 3775 2440 3842 Ego
2467 3773 2617 3827 enim
2646 3788 2717 3825 ea:
2748 3777 2909 3826 Putre
2937 3773 3087 3826 exivi
3116 3774 3155 3806 ⁹¹
3185 3791 3198 3839 ;
3223 3779 3279 3827 et
3298 3773 3508 3828 iterum
3541 3799 3554 3842 ;
3581 3776 3696 3831 Non
3719 3776 3852 3846 quia

2198 3861 2415 3914 Patrem
2447 3860 2585 3914 vidit
2622 3862 2932 3930 quicquam,
2971 3863 3087 3914 nisi
3133 3862 3226 3931 qui
3261 3866 3340 3916 est
3378 3880 3412 3916 a
3443 3864 3566 3928 Deo,
3602 3865 3690 3919 hic
3716 3864 3852 3918 vidit

2199 3950 2420 4004 Patrem
2451 3950 2512 4002 9’.
2550 3950 2690 4002 Item
2725 3948 2860 4003 illuc
2887 3965 2898 4003 :
2936 3953 3043 4019 Ego
3073 3959 3126 4004 et
3157 3954 3319 4006 Pater
3356 3968 3529 4006 unum
3560 3969 3752 4008 sumus
3783 3951 3848 4021 93,

2199 4043 2276 4104 et,
2309 4038 2417 4106 Ego
2449 4039 2504 4091 in
2539 4040 2703 4092 Putre
2730 4042 2779 4092 et
2805 4040 2972 4092 Pater
3001 4041 3059 4093 in
3089 4056 3173 4095 me
3204 4040 3266 4107 9‘,
3301 4040 3453 4094 idem
3486 4045 3575 4095 est
3606 4058 3671 4096 ac
3690 4041 3736 4095 si
3758 4040 3847 4095 di-

2201 4132 2374 4192 ceret,
2410 4127 2524 4197 Ego
2556 4143 2622 4182 ex
2654 4131 2824 4182 Patre
2847 4144 3001 4194 sum,
3037 4145 3141 4183 nec
3173 4129 3242 4182 ab
3275 4146 3339 4183 eo
3372 4147 3612 4200 possum
3647 4128 3847 4183 dividi.

2199 4216 2454 4270 Joanues
2487 4232 2717 4286 quoque
2751 4216 2891 4269 dicit
2919 4233 2930 4269 :
2968 4219 3295 4288 Unigcnitus
3323 4220 3522 4285 Filius,
3556 4221 3652 4289 qui
3682 4222 3757 4273 est
3787 4220 3849 4273 in

2198 4308 2328 4360 sinu
2385 4305 2590 4373 Patris,
2652 4307 2764 4375 ipse
2811 4314 3101 4360 enarravit
3155 4307 3216 4360 9⁵,
3250 4306 3483 4361 Scilicet
3511 4307 3629 4361 haec
3661 4308 3784 4378 ipse
3815 4324 3850 4362 a

2201 4394 2494 4449 Salvatore
2526 4394 2827 4448 didicerat.
2862 4395 3007 4449 Nam
3051 4395 3188 4465 quid
3224 4395 3381 4450 aliud
3411 4396 3578 4463 illud,
3613 4398 3670 4450 in
3697 4395 3846 4464 sinu,

2202 4482 2515 4555 significat,
2539 4499 2712 4554 quam
2739 4499 2930 4536 veram
2955 4482 3077 4536 Filii
3101 4501 3168 4538 ex
3184 4483 3351 4539 Patre
3368 4484 3802 4556 generationem
3823 4485 3852 4538 ‘I

2273 4573 2423 4627 I79
2459 4573 2547 4626 2'3.
2581 4571 2638 4626 Si
2672 4571 2804 4642 quis
2859 4587 2992 4642 ergo
3051 4571 3234 4627 Deum
3293 4573 3683 4644 compositum
3722 4589 3852 4627 esse

2201 4661 2516 4730 existimat,
2552 4664 2614 4715 ut
2643 4660 2702 4715 in
2735 4661 3068 4716 substantia
3097 4661 3386 4733 accidens,
3431 4660 3518 4716 vel
3549 4662 3629 4717 ita
3659 4666 3724 4716 ut
3753 4661 3856 4716 ali-

2202 4767 2378 4821 quem
2411 4749 2773 4804 extrinsecus
2799 4749 3078 4804 amictum
3113 4750 3324 4806 habeat
3353 4767 3468 4822 quo
3491 4755 3855 4824 contegatur,

435 4838 592 4893 αὐτὸν
643 4838 710 4892 τὰ
779 4834 1212 4912 συμπληροῦντα
1262 4839 1360 4906 τὴν
1433 4837 1615 4892 οὐσίαν
1678 4837 1840 4892 αὐτοῦ
1875 4883 1889 4908 ,
1953 4838 2083 4893 ὥστε

2201 4843 2302 4895 aut
2323 4839 2588 4910 quaedam
2612 4839 2830 4893 circum
2857 4855 2991 4894 eum
3016 4839 3134 4894 sint
3160 4856 3288 4910 quae
3311 4841 3438 4909 ejus
3461 4841 3855 4895 substantiam

437 4925 699 5003 λέγοντας
756 4928 906 5000 ἡμᾶς
965 4927 1117 4997 Θεὸν,
1179 4926 1214 4994 ἢ
1277 4925 1646 5000 ὀνομάζοντας
1708 4929 1954 5003 Πατέρα,
2014 4930 2089 5001 μὴ

438 5017 604 5086 αὐτην
657 5015 757 5084 τήν
820 5014 1047 5088 ἀόρατον
1107 5013 1275 5070 αὐτοῦ
1323 5015 1412 5070 καὶ
1467 5013 1848 5087 ἀκατάληπτον
1910 5017 2093 5072 οὐσίαν

438 5105 741 5180 σημαίνειν,
773 5101 919 5158 ἀλλά
945 5125 996 5159 τι
1037 5109 1145 5159 τῶν
1196 5104 1319 5176 περὶ
1367 5103 1531 5174 αὐτήν
1566 5106 1661 5178 (ι)·
1704 5106 2092 5183 μεμφέσθωσαν

509 5260 556 5295 ⁸⁹
584 5257 737 5315 Psal.
770 5273 922 5325 XLIV,
952 5258 1007 5313 2.
1039 5258 1085 5294 9°
1114 5256 1267 5314 Psal.
1319 5273 1434 5330 CIX,
1489 5258 1542 5312 3.
1575 5259 1616 5293 ⁰¹
1649 5257 1817 5314 Joan.
1851 5275 1972 5326 v1u,
2008 5260 2095 5316 42.

442 5332 487 5368 οι
517 5332 689 5395 Joan.
717 5347 762 5402 ι,
794 5330 880 5386 18.

517 5484 596 5554 (1)
631 5482 771 5555 Reg.
803 5477 1035 5543 ὲαυτοίς.

515 5550 595 5627 (2)
626 5550 887 5627 Sic'Reg.
912 5558 978 5610 ut
1018 5558 1078 5612 et
1095 5553 1310 5627 legitur
1344 5552 1512 5610 Joan.
1535 5569 1610 5622 v1,
1635 5554 1724 5610 46.
1746 5550 1858 5611 Alii
1881 5560 1937 5612 et
1957 5556 2099 5613 editi

443 5622 538 5680 τόν
570 5622 876 5682 omittunt.

519 5698 600 5852 E33
629 5695 724 5753 Sic
755 5696 894 5788 Reg.
925 5697 1076 5756 Editi
1107 5713 1239 5758 vero
1269 5700 1328 5755 et
1361 5695 1480 5772 alii,
1513 5694 1746 5777 Πατρός,

545 5768 579 5828 4
631 5767 774 5849 Reg.
805 5766 987 5831 αυτόν.

545 5766 600 5847 4)
631 5767 774 5849 Reg.
805 5766 987 5831 αὗτόν.

2205 4927 2556 5000 compleant,
2587 4928 2730 4982 adeo
2763 4932 2825 4981 ut
2855 4944 2987 4982 cum
3021 4927 3204 4981 Deum
3237 4928 3486 4983 dicimus
3516 4927 3605 4985 vel
3626 4928 3858 4983 Patrem

2206 5017 2604 5083 nominamus,
2639 5033 2755 5071 non
2785 5018 2913 5087 ejus
2945 5017 3334 5072 substantiam
3382 5034 3508 5088 quze
3541 5032 3646 5070 nec
3675 5015 3859 5072 videri

2207 5123 2311 5162 nec
2344 5105 2758 5177 comprehendi
2810 5110 3018 5178 potest,
3072 5105 3172 5161 sed
3224 5104 3444 5176 aliquid
3493 5119 3696 5159 eorum
3728 5121 3855 5176 quae

2172 5261 2216 5295 θ’
2269 5258 2441 5315 Joan.
2506 5275 2580 5328 v1,
2639 5257 2726 5311 46.
2785 5258 2831 5292 9³
2881 5257 3048 5314 Joan.
3097 5274 3156 5325 x,
3185 5257 3274 5311 30.
3344 5256 3586 5314 9"Joan.
3618 5257 3856 5323 xw,10.

2279 5484 2355 5557 (5)
2387 5483 2542 5540 Licet
2571 5501 2740 5540 voces
2778 5499 2851 5540 ex
2903 5483 3212 5541 substantia
3269 5487 3326 5540 et
3380 5484 3863 5557 consubstantialis

2210 5555 2345 5612 non
2387 5561 2617 5628 exstent
2670 5557 2728 5611 in
2787 5557 3104 5628 Scripturis
3144 5555 3431 5628 sententia
3486 5559 3683 5628 tamen
3728 5555 3864 5628 ipsa

2214 5627 2774 5700 quamisigniﬁcant,
2805 5646 2872 5685 ex
2901 5627 3218 5700 Scripturis
3250 5627 3515 5683 habetur.
3559 5627 3704 5685 Vide
3724 5627 3864 5689 item

2217 5699 2504 5759 Theodor.
2534 5700 2742 5759 Hister.
2773 5701 2982 5774 θεειιυις.³
3015 5699 3114 5757 lib.
3150 5717 3189 5774 1,
3233 5715 3281 5756 ο.
3315 5701 3366 5755 8.
