4152 6376
295 342 414 404 455

833 324 898 384 S.
946 315 1369 407 ATHANASII
1413 312 1586 376 OPP.
1632 310 1836 373 PARS
1880 309 1928 370 Ι.
1963 320 2040 353 -—'-
2072 307 2493 371 HISTORICA
2538 306 2640 368 ET
2685 303 3173 368 DOGMATICA.
3444 350 3471 379 ,

3589 301 3711 395 se

296 473 518 531 circum
549 466 741 539 ipsam
774 461 935 523 sunt,
960 453 1361 526 signiﬁcemus
1387 466 1399 517 ;
1425 446 1709 539 synodum
1734 459 1836 516 per
1857 457 1940 539 me

2069 440 2162 511 μὲν
2211 439 2310 508 τὴν
2356 434 2577 494 σύνοδον
2627 437 2904 513 γράψασαν
2955 434 3014 491 ἐκ
3058 442 3159 506 τῆς
3203 432 3386 503 οὐσίας
3431 433 3567 491 εἶναι
3610 437 3709 490 τοῦ

2072 535 2092 539 Α
2165 532 2192 539 .-
2288 528 2299 539 ι
2398 528 2453 539 --ι
2477 527 2488 539 ι
2864 524 2875 539 Ι
3133 521 3177 539 αι
3244 522 3271 539 ιο
3310 526 3322 534 “
3394 520 3450 539 δ’
3616 514 3665 539 UA

293 560 432 618 licet
460 555 755 622 incusant,
789 565 868 621 qu

294 664 427 707 esse
459 618 776 716 scripserit.
805 618 1144 704 lntelligant
1172 634 1368 684 tamen
1422 624 1596 716 scita
1624 618 1951 716 sentiendo,

295 708 598 810 duplicem
633 728 994 801 impietatem
1035 718 1415 810 committere.
1456 714 1604 810 Nam
1635 708 1952 806 quemdam

293 796 482 883 Deum
516 796 857 891 corporeum
901 811 1208 875 inducunt,
1241 810 1297 862 et
1343 803 1678 867 Dominum,
1712 814 1826 891 non
1859 796 1952 852 sui

294 914 509 981 Patris,
541 887 642 966 sed
676 921 870 963 rerum
903 917 1028 974 quae
1072 898 1294 954 circum
1343 894 1538 966 ipsum
1569 895 1710 945 sunt
1726 887 1949 981 _Filium

295 1020 426 1062 esse
456 977 841 1058 mentiuntur.
873 991 983 1046 Sed
1028 989 1076 1044 si
1126 987 1279 1043 Deus
1311 980 1532 1054 aliquid
1564 977 1813 1051 simplex
1838 980 1948 1046 est,

293 1091 379 1148 uti
409 1105 607 1146 revera
645 1090 753 1152 est,
786 1082 973 1154 liquet
1012 1075 1157 1132 nihil
1190 1092 1297 1130 nos
1328 1072 1486 1144 quod
1519 1068 1695 1124 veluti
1727 1067 1947 1122 circum

294 1181 491 1255 ipsum
526 1178 605 1234 sit
634 1174 957 1231 nominare.
993 1184 1124 1224 cum
1158 1167 1338 1221 Deum
1362 1161 1616 1217 dicimus
1641 1161 1698 1214 et
1719 1160 1948 1255 Datrem

290 1246 693 1333 nominamus,
716 1262 817 1319 sed
835 1262 1025 1333 ipsam
1042 1257 1090 1327 ej
1100 1272 1170 1311 us
1186 1250 1579 1309 substantiam
1594 1246 1945 1320 signiﬁcare.

291 1356 578 1421 Quamvis
598 1332 753 1409 enim
773 1332 1190 1418 comprehendi
1214 1357 1326 1395 non
1350 1337 1538 1409 possit
1553 1335 1692 1406 quid
1710 1332 1947 1388 tandem

292 1446 371 1503 sit
403 1445 505 1502 Dei
540 1438 908 1498 substantia:
944 1439 1201 1489 attamen
1247 1428 1295 1484 si
1328 1427 1516 1483 solum
1551 1422 1948 1494 intelligamus

291 1534 478 1592 Deum
509 1547 658 1598 esse,
691 1541 946 1597 cumque
971 1521 1272 1591 Scriptura
1302 1516 1469 1571 illum
1493 1511 1833 1582 huiusmodi
1855 1527 1950 1566 vo-

293 1624 463 1679 cibus
495 1620 748 1686 indicet;
783 1616 864 1671 sic
897 1629 1004 1669 nos
1037 1610 1210 1665 etiam
1242 1623 1374 1662 cum
1410 1611 1590 1659 Deum
1623 1606 1681 1658 et
1718 1600 1945 1657 Patrem

294 1716 353 1769 et
382 1709 695 1767 Dominum
729 1705 1002 1768 dicimus,
1036 1717 1150 1754 non
1195 1696 1375 1752 alium
1408 1694 1661 1766 profecto
1687 1689 1945 1762 aliquem

294 1816 473 1875 quam
505 1799 702 1871 ipsum
727 1794 918 1850 solum
940 1790 1208 1846 volumus
1230 1782 1570 1856 signiﬁcari.
1595 1783 1740 1837 Cum
1763 1780 1947 1851 igitur

294 1872 468 1945 dicit:
527 1889 637 1959 Ego
686 1901 808 1941 sum
858 1882 952 1955 qui
1005 1895 1128 1934 sum
1158 1877 1239 1943 96;
1297 1878 1353 1930 et
1398 1874 1508 1942 Ego
1536 1887 1656 1927 sum
1684 1872 1947 1926 Dominus

292 1978 437 2033 Deus
465 1978 531 2043 9",
564 1991 631 2030 ac
681 1971 1040 2039 ubicumque
1067 1963 1367 2035 Scriptura
1406 1960 1567 2027 dicit,
1603 1960 1776 2019 Deus;
1807 1972 1942 2012 cum

294 2083 404 2123 nos
430 2065 542 2121 ista
574 2061 848 2136 legimus,
874 2054 1019 2112 nihil
1043 2055 1200 2110 aliud
1226 2049 1609 2122 intelligimus
1626 2044 1943 2119 signiﬁcari

295 2170 473 2227 quam
504 2135 695 2224 ipsam
745 2150 874 2219 ejus
922 2141 1469 2213 incomprehensam
1520 2135 1940 2202 substantiam,

297 2225 357 2298 et
387 2242 542 2314 quod
576 2240 673 2295 ille
704 2238 781 2294 sit
812 2251 987 2307 quem
1037 2247 1164 2287 esse
1203 2233 1519 2285 testantur.
1553 2227 1733 2281 Nemo
1762 2225 1945 2298 igitur

293 2332 669 2403 Obstupescat
698 2343 833 2382 cum
857 2323 1022 2380 audit
1045 2320 1253 2375 Filium
1278 2318 1377 2373 Dei
1398 2334 1466 2372 ex
1490 2315 1825 2372 substantia
1844 2315 1942 2369 Dei

289 2438 439 2491 esse,
474 2419 577 2477 sed
609 2416 885 2474 Patribus
917 2412 1113 2485 potius
1143 2408 1499 2466 assentiatur
1547 2404 1647 2477 qui
1676 2404 1947 2460 videlicet

290 2516 356 2567 ut
383 2511 573 2582 ipsam
607 2508 689 2563 rei
718 2506 1018 2561 notionem
1061 2500 1504 2573 perpurgarent,
1538 2494 1779 2566 majoris
1808 2510 1944 2566 per—

292 2597 626 2672 spicuitatis
655 2594 844 2668 gratia
891 2590 1202 2658 verbisque
1245 2585 1423 2642 veluti
1465 2583 1804 2672 synonymis
1835 2582 1944 2638 has

291 2671 487 2756 voces,
516 2702 588 2742 ex
620 2686 743 2751 Deo,
772 2683 919 2749 istis,
954 2696 1025 2735 ex
1062 2679 1159 2733 Dei
1203 2675 1532 2741 substantia,
1562 2671 1941 2744 explicavere.

299 2777 463 2833 Idem
495 2775 649 2832 enim
684 2788 811 2829 esse
851 2768 1119 2826 arbitrati
1164 2768 1305 2820 sunt
1350 2763 1541 2819 dicere
1586 2761 1845 2818 Verbum
1876 2777 1945 2816 ex

293 2867 401 2923 Deo
431 2881 580 2932 esse,
614 2879 679 2919 ac
710 2863 899 2917 dicere
956 2858 1153 2930 ipsum
1211 2871 1339 2910 esse
1380 2869 1452 2906 ex
1494 2852 1590 2907 Dei
1617 2851 1941 2920 substantia,

294 2952 772 3029 quandoquidem
801 2950 916 3006 ista
943 2965 1071 3013 vox,
1102 2947 1264 3015 Deus,
1319 2946 1384 2997 ut
1432 2941 1570 3009 dixi,
1605 2939 1751 3029 nihil
1785 2940 1940 2995 aliud

292 3028 585 3116 signiﬁcat
615 3058 791 3114 quam
824 3036 1215 3094 substantiam
1247 3033 1375 3104 ejus
1406 3031 1505 3103 qui
1538 3034 1644 3085 est.
1676 3028 1734 3084 Si
1764 3029 1945 3101 igitur

289 3133 549 3205 Verbum
586 3149 702 3187 non
751 3129 833 3185 ita
853 3133 941 3184 est
964 3143 1030 3182 ex
1055 3126 1192 3190 Deo,
1218 3128 1282 3178 ut
1299 3138 1471 3177 verus
1491 3137 1559 3176 ex
1582 3123 1748 3175 Patre
1770 3123 1940 3174 natu-

872 520 1047 602 aa'Devi
1079 540 1289 597 Filium
1333 554 1400 595 ex
1447 536 1578 606 ejus
1621 529 1940 590 substantia

2062 532 2196 583 Θεοῦ
2248 528 2339 582 τὸν
2398 527 2521 582 Υἳόν
2555 545 2567 558 ’
2627 524 3053 582 κατανοείτωσαν
3129 521 3189 580 δὲ
3239 522 3323 581 8τί
3391 520 3487 579 δύο
3541 527 3713 583 ταῦτα

2067 615 2507 696 βλασφημοῦσιν,
2558 614 2701 671 οὕτω
2746 613 3138 688 διανοούμενοι·
3182 612 3276 671 τόν
3321 634 3381 670 τε
3426 613 3530 692 γὰρ
3579 613 3709 679 Θεὸν

2062 706 2370 780 σωματικόν
2399 727 2519 761 τινα
2560 705 2857 781 εἰσάγουσι,
2899 704 2989 760 καὶ
3036 704 3128 759 τὸν
3178 703 3373 778 Κύριον
3418 701 3519 758 οὐκ
3547 703 3714 761 αὐτοῦ

2058 800 2155 851 τοῦ
2195 795 2428 871 Πατρὸς,
2461 792 2608 850 ἀλλὰ
2652 799 2760 849 τῶν
2810 793 2934 869 περὶ
2985 792 3142 848 αὐτὸν
3191 791 3322 848 εἶναι
3375 792 3497 848 Υἱὸν
3544 813 3709 871 κατα-

2060 883 2367 959 ψεύδονταιο
2402 884 2447 939 εἶ
2480 883 2538 939 δὲ
2584 884 2791 938 ἁπλοῦν
2838 882 2891 938 τί
2940 882 3081 938 ἐστιν
3128 881 3157 938 6
3184 881 3336 952 Θεὸς,
3387 880 3569 960 ὥσπερ
3604 868 3713 938 οὖν

2057 976 2148 1029 καὶ
2194 972 2325 1045 ἔστι,
2379 971 2546 1043 δῆλον
2600 973 2683 1027 ὅτι
2729 970 2978 1047 λέγοντες
3024 972 3115 1031 τὸν
3160 972 3313 1043 Θεὸν,
3360 970 3451 1027 καὶ
3502 970 3713 1046 ὀνομά-

2062 1069 2242 1133 ζοντες
2288 1064 2378 1118 τὸν
2426 1063 2657 1138 Πατέρα,
2708 1059 2863 1117 οὐδὲν
2910 1082 2963 1116 τι
3014 1062 3091 1123 ὡς
3118 1060 3244 1136 περὶ
3296 1058 3455 1116 αὐτὸν
3505 1060 3711 1135 ὀνομά-

2063 1159 2244 1227 ζομεν.
2305 1149 2430 1207 ἀλλ’
2477 1151 2643 1220 αὐτὴν
2700 1152 2799 1221 τὴν
2857 1149 3042 1205 οὐσίαν
3100 1149 3265 1205 αὐτοῦ
3322 1149 3704 1226 σημαίνομεν.

2062 1241 2165 1297 Κᾶν
2194 1243 2297 1317 γάρ
2342 1235 2670 1296 καταλαϐεῖν
2701 1237 2733 1295 ὅ
2757 1261 2810 1295 τι
2838 1240 2972 1294 ποτὲ
3023 1238 3163 1295 ἐστιν
3195 1241 3230 1309 ἡ
3260 1242 3359 1295 τοῦ
3388 1242 3525 1294 Θεοῦ
3554 1237 3709 1301 οὐσία

2064 1332 2138 1404 μή
2238 1328 2479 1385 δυνατόν·
2532 1326 2679 1383 ἀλλά
2727 1327 2886 1403 μόνον
2928 1331 3175 1390 νοοῦντες
3224 1326 3357 1383 εἶναι
3403 1327 3496 1384 τὸν
3540 1327 3708 1401 Θεὸν,

2056 1420 2145 1474 καὶ
2174 1427 2276 1489 τῆς
2332 1425 2553 1497 Γραφῆς
2594 1415 2645 1473 ἐν
2698 1416 2916 1479 τούτοις
2963 1416 3121 1471 αὐτὸν
3173 1415 3572 1491 σημαινούσης,
3611 1415 3711 1473 οὐκ

2057 1505 2228 1563 ἄλλον
2282 1508 2404 1562 τινὰ
2457 1508 2547 1561 καὶ
2604 1509 2769 1581 ἡμεῖς
2828 1507 2863 1575 ἢ
2922 1505 3079 1562 αὐτὸν
3138 1512 3377 1580 σημᾶναι
3416 1504 3706 1579 θέλοντες,

2056 1596 2291 1673 λὲγομεν
2343 1597 2470 1652 Θεὸν
2528 1595 2620 1651 καὶ
2679 1596 2893 1674 Πατέρα
2940 1595 3031 1650 καὶ
3093 1594 3310 1669 Κύριον.
3360 1598 3522 1655 Ὅταν
3575 1600 3706 1672 γοῦν

2056 1684 2211 1762 λέγῃ*
2265 1687 2409 1761 Ἐγώ
2460 1686 2575 1760 εἰμι
2624 1687 2652 1741 6
2708 1679 2818 1739 ὤν·
2869 1674 2960 1740 καὶ
3006 1685 3092 1756 τὸ,
3145 1685 3288 1761 Ἐγώ
3339 1683 3453 1759 εἶμι
3503 1686 3708 1763 Κύριος

2056 1777 2084 1831 ὁ
2135 1776 2264 1838 Θεός
2299 1794 2313 1809 ⁸
2366 1775 2457 1830 καὶ
2515 1773 2651 1830 ὅπου
2708 1775 2841 1830 ποτὶ
2896 1771 3047 1851 λέγει
3094 1776 3130 1844 ἡ
3186 1776 3405 1849 Γραφή,
3466 1775 3495 1831 6
3552 1770 3707 1848 Θεὸς,

2054 1869 2220 1940 ἡμεῖς
2278 1865 2729 1940 ἀναγινώσκοντες
2762 1911 2777 1938 ,
2833 1861 2986 1919 οὐδὲν
3055 1860 3238 1941 ἕτερον
3288 1864 3325 1934 ἢ
3385 1863 3552 1936 αὐτὴν
3605 1866 3705 1937 τήν

2054 1953 2437 2024 ἀκατάληπτον
2492 1954 2655 2009 αὐτοῦ
2716 1953 2897 2009 οὐσίαν
2956 1955 3366 2028 σημαινομένην
3426 1957 3657 2030 νοοῦμεν
3691 1997 3708 2025 ,

2051 2044 2140 2100 καὶ
2184 2044 2267 2099 ὅτι
2313 2044 2451 2099 ἔστιν
2499 2042 2657 2118 ὅνπερ
2705 2040 2982 2118 λέγουσιν.
3033 2041 3239 2099 Οὐκοῦν
3296 2044 3371 2117 μὴ
3425 2042 3707 2115 ξενιζὲσθω

2050 2155 2134 2196 τις
2181 2132 2391 2189 ἀκούων
2433 2132 2491 2188 ἐκ
2534 2139 2635 2203 τῆς
2684 2131 2871 2195 οὐσίας
2917 2136 3016 2187 τοῦ
3065 2137 3200 2188 Θεοῦ
3253 2131 3389 2188 εἶναι
3434 2130 3529 2188 τὸν
3581 2130 3706 2187 Υἲὸν

2050 2228 2147 2278 τοῦ
2179 2227 2331 2278 Θεοῦ⁸
2368 2220 2514 2277 ἆλλὰ
2540 2221 2630 2277 καὶ
2666 2218 2879 2295 μᾶλλον
2910 2218 3266 2298 άποδεχέσθω
3294 2219 3423 2284 τοὺς
3462 2222 3707 2297 Πατέρας

2053 2310 2477 2387 διακαθάραντας
2505 2312 2597 2365 τὸν
2647 2315 2795 2380 νοῦν,
2844 2307 3161 2385 λευκότερον
3208 2308 3298 2365 καὶ
3342 2308 3418 2371 ὠς
3468 2306 3528 2364 ἐκ
3563 2329 3709 2387 παρ-

2054 2399 2330 2473 αλλήλου,
2388 2400 2450 2454 τὸ
2511 2399 2570 2454 ἐκ
2624 2403 2722 2454 τοῦ
2778 2404 2916 2454 Θεοῦ
2972 2401 3318 2475 γράψαντας,
3374 2399 3438 2454 τὸ
3496 2397 3557 2454 ἐκ
3604 2405 3709 2470 τῆς

2053 2489 2259 2553 οὐσίας.
2317 2488 2517 2544 Ταύτὸν
2571 2489 2675 2565 γὰρ
2723 2490 3017 2568 ἡγήσαντο,
3048 2487 3226 2564 λέγειν
3288 2486 3347 2543 ἐκ
3399 2491 3497 2542 τοῦ
3550 2490 3707 2567 Θεοῦ,

2050 2578 2139 2635 καί
2196 2581 2258 2634 τὸ
2316 2578 2494 2655 λέγειν
2524 2626 2539 2653 ,
2587 2578 2648 2633 ἑκ
2689 2585 2793 2648 τῆς
2845 2577 3031 2640 οὐσίας
3074 2582 3171 2632 τοῦ
3228 2581 3364 2634 Θεοῦ
3422 2577 3558 2634 εἶναι
3612 2577 3705 2634 τὸν

2052 2668 2250 2744 Λόγον·
2310 2667 2425 2723 ἐπεὶ
2480 2668 2571 2722 καὶ
2626 2668 2710 2738 τὸ,
2770 2667 2901 2730 Θεὸς
2933 2711 2948 2737 ,
3005 2668 3141 2722 καθὰ
3191 2672 3490 2745 προεῖπον,
3550 2665 3704 2725 οὐδὲν

2050 2755 2235 2833 ἕτερον
2287 2757 2321 2827 ἢ
2360 2758 2460 2826 τὴν
2513 2755 2696 2811 οὐσίαν
2749 2755 2914 2812 αὐτοῦ
2957 2759 3056 2812 τοῦ
3103 2749 3259 2813 ὄντος
3307 2755 3586 2831 σημαίνει.
3640 2756 3706 2813 Εἰ

2058 2849 2151 2921 μὲν
2182 2844 2273 2903 οὖν
2312 2848 2386 2920 μὴ
2431 2845 2489 2901 ἐκ
2538 2849 2635 2901 τοῦ
2684 2849 2818 2900 Θεοῦ
2867 2844 3007 2902 ἐστιν
3036 2847 3064 2900 6
3094 2846 3296 2922 Λόγος,
3347 2846 3424 2908 ὡς
3470 2845 3529 2901 ἂν
3582 2847 3706 2909 Υἱὸς

2054 2935 2135 3008 εἷίη
2173 2937 2328 3015 φύσει
2358 2937 2585 3011 γνήσιος
2618 2934 2677 2990 ἐκ
2706 2937 2940 3012 Πατρὸς,
2973 2933 3100 2991 ἀλλ’
3120 2936 3195 2999 ὡς
3226 2937 3292 2990 τὰ
3320 2936 3591 3010 κτίσματα
3617 2934 3707 3009 διὰ

2050 3028 2113 3081 τὸ
2146 3023 2667 3101 δεδημιουργῆσθαι,
2716 3022 2932 3099 λέγεται
2982 3024 3073 3081 καὶ
3122 3025 3281 3088 αὐτὸς
3332 3025 3505 3088 ὡςτὰ
3533 3027 3705 3084 πάντα

2054 3116 2113 3171 ἐκ
2156 3119 2255 3171 τοῦ
2302 3118 2456 3170 Θεοῦ·
2508 3111 2632 3169 οὐτε
2680 3112 2739 3171 ἐκ
2777 3121 2878 3185 τῆς
2927 3113 3112 3178 οὐσίας
3164 3112 3275 3170 ἐστί
3322 3118 3420 3171 τοῦ
3469 3116 3703 3187 Πατρὸς,

289 3239 357 3280 ra
385 3223 463 3279 stt
486 3194 669 3278 Filius
698 3237 711 3287 ;
747 3219 848 3275 sed
879 3217 930 3272 si
962 3232 1026 3271 eo
1077 3218 1305 3269 tantum
1358 3209 1531 3265 modo
1572 3225 1640 3264 ex
1672 3213 1783 3264 Deo
1812 3224 1940 3264 esse

2054 3201 2177 3260 οὔτε
2228 3203 2387 3267 αὐτὸς
2436 3205 2464 3258 ὁ
2513 3201 2660 3275 Υἱὸς,
2711 3184 2841 3258 κατί
2873 3203 3055 3258 οὐσίαν
3107 3203 3245 3260 ἐστὶν
3288 3203 3441 3278 Υἱὸς,
3485 3184 3613 3260 ἀλλ’

291 3310 524 3379 dicitur,
558 3325 672 3382 quo
704 3324 797 3364 res
828 3322 1032 3362 omnes
1076 3306 1300 3368 creatae,
1352 3300 1491 3371 quia
1520 3314 1731 3370 nempe
1760 3316 1793 3353 a
1823 3298 1940 3354 Deo

286 3400 451 3457 factas
482 3402 657 3457 sunt:
694 3413 835 3453 sane
874 3411 1064 3467 neque
1116 3409 1185 3448 ex
1232 3388 1565 3447 substantia
1612 3387 1798 3443 Patris
1828 3391 1939 3456 est,

286 3506 480 3562 neque
507 3489 633 3562 ipse
662 3485 864 3551 Filius,
896 3482 1228 3540 substantia
1257 3483 1348 3535 est
1379 3478 1582 3546 Filius,
1616 3477 1716 3533 sed
1747 3476 1938 3533 solum

279 3593 350 3634 ex
366 3577 599 3647 virtute,
624 3592 740 3631 non
777 3573 947 3629 aliter
967 3589 1033 3628 ac
1051 3587 1181 3639 nos,
1201 3568 1301 3641 qui
1314 3566 1502 3641 gratia
1517 3565 1621 3621 ﬁlii
1642 3582 1936 3623 vocamur.

2052 3296 2269 3369 ἀρετῆς,
2301 3293 2376 3355 ὡς
2406 3294 2569 3365 ἡμεῖς
2603 3293 2655 3347 οἱ
2692 3294 2830 3347 κατὰ
2876 3293 3037 3369 χάριν
3090 3290 3424 3368 καλούμενοι
3475 3294 3605 3351 υἱοί.
3637 3292 3705 3350 Ei.

2051 3381 2109 3439 δὲ
2141 3382 2199 3438 ἐκ
2224 3386 2322 3437 τοῦ
2353 3385 2488 3436 Θεοῦ
2519 3381 2631 3436 ἐστι
2660 3380 2848 3455 μόνος,
2880 3381 2955 3445 ὡς
2986 3383 3111 3445 Υἱὸς
3142 3384 3368 3458 γνήσιος
3396 3385 3496 3458 (6),
3522 3383 3711 3462 ὥσπερ

2050 3471 2140 3530 οὖν
2172 3474 2262 3529 καὶ
2293 3469 2425 3540 ἔστι,
2480 3469 2706 3547 Λεχθείη
2757 3470 2817 3527 ἂν
2861 3469 3085 3535 εἰκότως
3129 3471 3218 3527 καὶ
3274 3470 3334 3528 ἐκ
3377 3478 3481 3545 τῆς
3510 3472 3707 3537 οὐσίας

2047 3569 2144 3621 τοῦ
2175 3567 2308 3619 Θεοῦ
2339 3563 2367 3617 6
2398 3560 2544 3623 Υἱός.

277 3665 383 3723 Sin
412 3670 609 3721 autem
640 3663 803 3720 solus
835 3679 904 3718 ex
934 3662 1049 3717 Deo
1082 3663 1190 3727 est,
1222 3663 1505 3729 tanquam
1555 3674 1728 3713 verus
1782 3659 1981 3731 Filius,
2013 3659 2101 3717 uti
2150 3670 2349 3713 revera
2395 3657 2485 3710 est
2516 3653 2691 3724 :jure
2736 3667 2803 3708 ac
2852 3652 3062 3710 merito
3107 3668 3178 3710 ex
3222 3654 3560 3714 substantia
3603 3656 3705 3715 Dei

276 3752 461 3812 Filius
492 3754 779 3810 dicendus
808 3755 915 3808 est.

347 3844 438 3899 23.
472 3843 637 3899 Certe
667 3857 791 3897 rem
833 3840 915 3896 ita
971 3855 1033 3894 se
1089 3838 1303 3893 habere
1360 3839 1521 3909 patet
1577 3853 1645 3892 ex
1675 3836 1937 3911 exemplo

276 3931 426 3987 lucis
458 3935 515 3986 et
544 3929 897 4002 splendoris.
947 3928 1072 3983 Non
1104 3926 1259 3981 enim
1304 3926 1491 3980 instar
1519 3916 1694 3999 ignis,
1728 3927 1829 3998 qui
1869 3944 1939 3983 ex

278 4018 471 4075 calore
501 4018 641 4074 solis
674 4016 1016 4073 accenditur
1063 4030 1129 4069 ac
1184 4018 1385 4086 postea
1441 4014 1591 4069 solet
1620 4015 1933 4089 exstingui,

275 4107 538 4164 Verbum
573 4123 635 4163 se
661 4107 731 4161 ad
779 4111 961 4161 Deum
1011 4104 1224 4158 habere
1272 4103 1455 4159 sancti
1507 4120 1821 4159 censuere:
1856 4104 1937 4159 ita

279 4197 495 4272 quippe
526 4200 831 4252 externum
864 4199 922 4250 et
952 4197 1214 4249 creatum
1262 4192 1549 4249 eﬁ’ectoris
1579 4210 1727 4265 opus
1757 4198 1931 4250 esset.

275 4287 494 4344 Verum
527 4285 736 4341 Filium
771 4300 978 4340 omnes
1022 4282 1391 4354 splendorem
1442 4298 1573 4338 esse
1622 4284 1837 4350 dixere,
1869 4287 1937 4339 ut

278 4394 413 4434 eum
445 4376 678 4448 proprie
708 4391 774 4430 ac
806 4375 932 4429 sine
973 4372 1259 4428 divisione
1305 4388 1373 4427 ex
1421 4372 1753 4428 substantia
1782 4387 1931 4443 esse,

277 4467 524 4537 ejusque
554 4481 687 4520 cum
720 4465 888 4519 Patre
910 4462 1198 4517 unitatem
1222 4460 1644 4533 signiﬁcarent.
1669 4461 1935 4532 Namque

276 4555 387 4611 hoc
408 4558 574 4627 pacto
597 4559 827 4609 constat
848 4568 979 4608 vere
1002 4568 1136 4606 eum
1160 4548 1587 4605 immutabilem
1611 4548 1935 4605 varietatis-

277 4660 391 4716 que
419 4647 710 4715 expertem
742 4657 892 4698 esse.
926 4639 1226 4707 Quomodo
1255 4639 1412 4693 enim
1445 4637 1607 4693 aliter
1638 4638 1773 4694 talis
1804 4655 1935 4694 esse

274 4736 496 4805 posset,
531 4731 641 4787 nisi
677 4732 861 4786 Patris
900 4729 1175 4802 proprius
1221 4732 1376 4784 esset
1425 4726 1621 4783 fetus?
1652 4726 1744 4783 Sic
1774 4728 1930 4784 enim

274 4837 512 4878 necesse
544 4824 601 4876 et
628 4835 763 4874 eum
797 4820 1067 4875 eamdem
1121 4834 1244 4873 rem
1303 4833 1433 4873 esse
1490 4833 1556 4871 ac
1616 4833 1788 4873 suum
1825 4817 1928 4871 Pa-

272 4915 443 4966 trem.
506 4910 640 4974 Quze
699 4927 833 4964 cum
892 4907 1095 4980 pietati
1151 4906 1317 4961 valde
1375 4912 1765 4961 consentanea
1803 4921 1932 4962 esse

271 5004 575 5056 ostensum
608 4998 806 5066 fuerit,
838 4998 1092 5069 profecto
1136 4996 1353 5051 Christi
1403 4995 1604 5051 hostes
1645 5011 1780 5051 voce
1808 5010 1932 5050 con-

268 5089 699 5144 substantialem
712 5087 951 5142 minime
966 5084 1573 5152 debentoﬁ'endi,cum
1590 5085 1708 5140 haec
1722 5100 1924 5140 sanam

268 5177 508 5234 omnino
540 5178 837 5232 contineat
867 5175 1243 5246 sententiam,
1269 5175 1607 5244 rationeque
1628 5173 1928 5229 conﬁrme-

1962 4597 2009 4662 D

2118 3837 2210 3892 23.
2246 3830 2345 3888 Καὶ
2374 3832 2479 3907 γὰρ
2503 3830 2595 3886 καὶ
2645 3830 2709 3887 τὸ
2755 3826 3106 3908 παράδειγμα
3147 3834 3245 3886 τοῦ
3276 3830 3455 3910 φωτὸς
3485 3833 3577 3889 καὶ
3602 3838 3715 3891 τοῦ.

2047 3923 2495 3999 ἀπαυγάσματος,
2526 3922 2772 3974 τοιοῦτον
2814 3914 2933 3995 ἔχει
2979 3919 3069 3975 τὸν
3111 3922 3255 3977 νοῦν.
3306 3920 3379 3976 Οὐ
3429 3922 3532 3999 γὰρ
3561 3923 3713 3989 κατὰ-

2043 4014 2105 4067 τὸ
2154 4009 2519 4083 ἐξαπτόμενον
2572 4006 2633 4062 ἐκ
2671 4010 2773 4076 τῆς
2820 4008 3029 4083 Θέρμης
3074 4013 3172 4063 τοῦ
3201 4006 3369 4079 ἡλίου
3400 4012 3531 4088 πῦρ,
3563 4009 3697 4090 ὅπερ

2042 4102 2133 4155 καὶ
2192 4095 2504 4154 σϐέννυσθαι
2572 4094 2737 4151 πάλιν
2796 4093 2977 4153 εἴωθεν
3014 4140 3030 4167 ,
3089 4098 3365 4173 εἰρήκασιν
3435 4100 3488 4156 οἱ
3548 4103 3698 4177 ἅγιοι

2045 4189 2181 4244 εἶναι
2222 4189 2313 4243 τὸν
2378 4185 2552 4261 Λόγον
2606 4185 2743 4260 πρὸς
2792 4185 2883 4241 τὸν
2947 4186 3097 4242 Θεόν·
3157 4191 3318 4244 τοῦτο
3378 4189 3483 4267 γὰρ
3535 4185 3695 4267 ἔργον

2043 4276 2232 4350 ἔξωθεν
2280 4277 2370 4332 καὶ
2420 4274 2623 4349 κτίσμα
2665 4279 2764 4331 τοῦ
2810 4279 3100 4340 ποιοῦντος
3148 4278 3216 4348 ἦν
3250 4300 3263 4312 ε
3317 4275 3464 4335 ἀλλὰ
3529 4279 3705 4347 άπαύς.

2042 4388 2227 4443 γασμα
2275 4365 2434 4421 αὐτὸν
2488 4363 2913 4441 εὐηγγελίσαντο
2959 4366 3188 4438 πάντες,
3237 4365 3331 4424 ἵνα
3368 4366 3432 4424 τὸ
3481 4367 3543 4424 ἐκ
3590 4375 3694 4440 τῆς

2042 4456 2226 4519 οὐσίας
2253 4453 2392 4511 ἴδιον
2443 4455 2534 4510 καὶ
2580 4451 2880 4531 ἀδιαίρετον
2931 4453 3021 4511 καὶ
3047 4456 3146 4527 τὴν
3194 4458 3332 4534 πρὸς
3359 4457 3451 4513 τὸν
3483 4456 3696 4536 Πατέρα

2042 4545 2270 4616 ἑνότητα
2315 4542 2636 4616 δηλώσωσι.
2686 4543 2787 4599 Καὶ
2837 4544 2941 4622 γὰρ
2992 4542 3135 4600 οὕτω
3187 4545 3278 4602 καὶ
3318 4548 3382 4603 τὸ
3431 4545 3690 4624 ἄτρεπτον

2039 4636 2129 4691 καὶ
2160 4632 2530 4690 ἀναλλοίωτον
2582 4632 2739 4689 αὐτὸν
2784 4630 3006 4704 ἀληθῶς
3052 4634 3185 4691 εἶναι
3216 4636 3538 4709 σωθήσεται·
3571 4626 3711 4703 πῶς,

2040 4726 2144 4801 γὰρ
2178 4724 2236 4779 ἃν
2271 4721 2459 4785 ἄλλως
2492 4726 2572 4797 (7)
2602 4720 2685 4794 εἴη
2716 4720 2987 4797 τοιοῦτος,
3021 4723 3068 4779 εἰ
3103 4725 3178 4799 μὴ
3210 4731 3311 4797 τῆς
3339 4731 3436 4782 τοῦ
3480 4716 3697 4807 Πατρὸέ

2042 4812 2225 4876 οὐσίας
2260 4810 2394 4868 ἴδιόν
2430 4812 2537 4868 ἐστι
2569 4813 2729 4887 γέννη
2743 4833 2817 4886 μα
2848 4832 2861 4883 ;
2894 4814 3130 4888 Ἀνάγκη
3164 4814 3265 4890 γὰρ
3294 4814 3385 4870 καὶ
3416 4813 3468 4877 ἐν
3510 4806 3703 4892 τούτῳά

2038 4904 2138 4972 τὴν
2195 4901 2499 4973 ταυτότητα
2556 4900 2692 4977 πρὸς
2768 4901 2859 4957 τὸν
2931 4902 3121 4957 ἑαυτοῦ
3174 4904 3385 4980 Πατέρα
3444 4907 3637 4977 σώζειν
3672 4948 3689 4964 .

2039 4992 2194 5047 Οὕτω
2240 4989 2305 5062 δὴ
2358 4995 2456 5047 τοῦ
2504 4991 2684 5065 Λόγου
2734 4992 2990 5068 φανέντος
3043 4987 3295 5059 εὐσεϐοῦς
3327 5039 3344 5068 ,
3394 4993 3691 5052 ἀκόλουθον

2038 5082 2098 5136 ἃν
2161 5079 2245 5151 εἷή
2311 5079 2451 5155 μηδὲ
2526 5081 2614 5136 ἐπὶ
2688 5066 2768 5153 τῷ
2845 5080 3123 5155 ὁμοουσίῳ
3197 5066 3485 5154 ξενίζεσθαι
3557 5066 3695 5149 τοὺς.

2037 5172 2481 5248 Χριστομάχους,
2513 5169 2750 5247 ἐχούσης
2799 5171 2888 5225 καὶ
2934 5177 3036 5241 τῆς
3082 5169 3281 5243 λέξεως
3320 5173 3524 5246 ταύτης
3556 5175 3684 5251 ὑγιῆ

268 5270 384 5324 tur.
411 5267 722 5323 Enimvero
754 5283 888 5321 cum
920 5266 1177 5321 Verbum
1209 5280 1278 5320 cx
1307 5263 1638 5320 substantia
1667 5262 1769 5319 Dei
1799 5279 1929 5319 esse

2053 5261 2133 5330 τήν
2171 5257 2412 5314 διάνοιαν
2441 5260 2531 5315 καὶ
2560 5260 2659 5329 τὴν
2714 5256 3005 5331 ἀπόδειξιν.
3054 5260 3118 5315 Εἰ
3166 5261 3272 5339 γὰρ
3320 5259 3388 5333 δὴ
3421 5282 3595 5342 φαμεν
3627 5262 3687 5320 ἰκ

340 5385 385 5420 ⁹⁶
413 5384 590 5440 Exod.
623 5400 710 5453 III,
744 5384 830 5466 14.
864 5384 906 5418 9"
939 5382 1120 5437 Exod.
1150 5398 1243 5451 xx,
1273 5381 1328 5435 2.

339 5498 418 5580 (β)
450 5499 544 5580 Sic
575 5499 717 5580 Reg.
744 5499 923 5580 Basil,
958 5502 1027 5580 ut
1060 5502 1118 5580 et
1146 5495 1287 5580 legit
1314 5495 1834 5580 Nannius..Czeteri
1866 5498 1925 5551 et

268 5560 412 5643 edit:
444 5560 727 5643 Commel.
758 5572 1038 5630 omittunt
1057 5569 1130 5631 ὡς
1156 5560 1276 5630 Υῖὸς
1298 5586 1547 5643 γνησιος,
1576 5572 1710 5643 etc.,
1734 5583 1925 5643 usque

2053 5560 2169 5628 κως.

267 5641 344 5728 ρὰ
372 5640 462 5697 καὶ
494 5640 618 5723 γάρ.

2103 5491 2181 5564 (7)
2231 5491 2326 5549 Sic
2380 5488 2520 5567 Reg.
2552 5492 2753 5550 Ceteri
2779 5508 2916 5551 vero
2947 5497 3004 5552 et
3050 5493 3214 5570 editi,
3244 5497 3365 5560 πῶς
3419 5496 3526 5581 γὰρ
3583 5491 3680 5557 ἅλ-
