4152 6390
429 499 546 582 437

1499 517 1600 580 DE
1645 515 2026 579 DEGRETIS
2071 516 2408 578 ΝΙΟιΕΝιΕ
2453 517 2765 580 SYNODI.

3729 513 3846 576 458

429 654 528 720 τῆς
563 645 750 714 οὺσίας
783 647 917 708 εἶναι
954 654 1053 708 τοῦ
1100 654 1234 708 Θεοῦ
1279 648 1371 707 τὸν
1420 649 1614 727 Λόγονο
1666 648 1858 706 λοιπὸν
1909 650 2064 726 γὰρῆ

2195 649 2447 706 dicimus
2478 651 2619 723 (jam
2652 653 2806 707 enim
2829 658 2884 708 et
2918 651 3027 724 ipsi
3059 650 3370 708 dictionem
3422 650 3572 708 hanc
3621 649 3838 707 admit-

430 738 576 811 λέξις
609 737 994 816 ὁμολογείσθω
1024 739 1114 796 καὶ
1169 742 1293 816 παρ’
1342 740 1536 796 αὐτῶν
1587 740 1639 794 τί
1674 741 1730 795 ἂν
1779 737 1861 810 εἷή
1895 745 2075 807 τοῦτο,

428 829 464 898 ἢ
495 827 558 884 τὸ
592 827 813 900 ἀληθῶς
850 831 946 891 ⁵καὶ
997 827 1169 885 ἀίδιον
1217 838 1318 899 τῆς
1351 830 1534 892 οὐσίας
1586 830 1637 900 ἐξ
1667 830 1735 899 ἧς
1775 828 1864 883 καί
1890 829 2076 904 γεγέν-

428 939 585 988 νηται
623 938 637 987 ;
671 917 743 972 Ού
776 920 878 994 γὰρ
903 917 1214 993 ἑτεροειδὲς,
1259 918 1351 974 ’ίνα
1403 920 1477 993 μὴ
1505 919 1669 990 ’ξένον
1701 920 1789 974 καὶ
1822 918 2077 990 ἀνόμοιον

425 1005 496 1082 τῇ
556 1006 712 1078 οὐσίᾳ
764 1012 861 1063 τοῦ
937 1010 1146 1086 Πατρὸς
1216 1008 1641 1085 ἐπιμιγνύηται·
1706 1007 1830 1063 οὐδὲ
1887 1006 2073 1077 ἔξωθεν

429 1094 619 1158 ἁπλῶς
649 1094 864 1170 ὅμοιος,
893 1094 986 1152 ἵνα
1015 1099 1089 1171 μὴ
1124 1099 1239 1152 καθ’
1268 1095 1448 1172 ἕτερον
1481 1100 1516 1168 ἢ
1549 1096 1696 1160 ὅλως
1738 1095 2074 1172 έτεροούσιος

427 1185 702 1266 φαίνηται,
760 1185 940 1260 ὥσπερ
993 1184 1202 1264 χαλκὸς
1261 1182 1498 1243 στίλϐων
1555 1187 1644 1242 καὶ
1702 1186 1926 1263 χρυσὸς,
1985 1185 2074 1238 καὶ

427 1269 664 1354 ἄργυρος
711 1274 800 1331 καὶ
839 1275 1173 1352 κασσίτερος.
1219 1279 1394 1331 Ταῦτα
1435 1278 1537 1352 γὰρ
1585 1274 1703 1347 ξένα
1750 1274 1839 1330 καὶ
1895 1274 2071 1348 ἑτερο-

464 1369 530 1432 υῆ
566 1361 854 1436 ἀλλήλων,
899 1361 989 1418 καί
1037 1365 1498 1442 ἀπεσχοινισμένα
1542 1369 1610 1438 τῇ
1661 1365 1814 1442 φύσει
1866 1362 1954 1417 καὶ
2001 1366 2070 1435 τῇ

464 1385 530 1432 υη
566 1385 854 1436 αΛΛηΛων,
899 1385 988 1418 και
1037 1385 1498 1442 απεσχοινισμενα
1542 1386 1610 1438 τῃ
1661 1385 1814 1442 φύσει
1866 1385 1954 1417 και
2001 1385 2070 1435 τῃ

423 1385 644 1525 Ξυνάμει
701 1453 1069 1530 τυγχάνουσι·
1128 1454 1217 1508 καὶ
1268 1451 1392 1509 οὔτε
1441 1456 1469 1508 6
1519 1451 1728 1529 χαλκὸς
1783 1450 1921 1513 ἴδιος
1973 1455 2071 1505 τοῦ

420 1547 664 1621 χρυσοῦ,
724 1538 852 1597 οὔτε
909 1545 943 1612 ἡ
1004 1538 1177 1620 φάσσα
1232 1543 1292 1598 ἐκ
1344 1551 1445 1614 τῆς
1502 1549 1818 1620 περιστερᾶς
1853 1561 1866 1574 ο
1929 1539 2074 1595 ἀλλὰ

422 1629 589 1706 ὅμοια
622 1632 716 1705 μὲν
760 1630 1042 1705 νομίζεται
1091 1632 1265 1706 εἶναι,
1322 1632 1632 1708 ἓτεροούσια
1689 1630 1745 1686 δὲ
1803 1628 2069 1701 ἀλλήλων

423 1719 584 1777 ἐστίν.
639 1720 701 1776 Εἰ
749 1720 844 1795 μὲν
893 1721 984 1775 οὖν
1037 1723 1126 1777 καὶ
1160 1723 1188 1777 6
1218 1725 1296 1794 (8)
1326 1723 1450 1785 Υἱὸς
1491 1722 1664 1784 οὕτως
1714 1721 1878 1789 ἐστὶν,
1934 1715 2070 1774 ἔστω

421 1807 624 1883 κτίσμα
669 1806 850 1887 ὥσπερ
893 1811 983 1864 καὶ
1029 1813 1216 1885 ἡμεῖς,
1264 1811 1353 1866 καὶ
1410 1813 1485 1885 μὴ
1541 1809 1855 1885 ὁμοούσιος⁴
1917 1809 1961 1863 εἴ
2013 1806 2070 1863 δὲ

423 1897 548 1959 Υἱός
599 1895 708 1952 ἐστι
758 1897 960 1976 Λόγος,
1009 1899 1212 1978 σοφία,
1266 1901 1422 1955 εἷ’κὼν
1467 1904 1562 1954 τοῦ
1614 1900 1844 1974 Πατρὸς,
1905 1895 2070 1952 ἀπαύ-

421 2006 625 2095 γασμα
690 1985 913 2050 εἰκότως
973 1989 1265 2062 δμοούσιος
1323 1989 1393 2095 ἂν,
1439 1987 1558 2059 εἷίη.
1620 1989 1680 2044 Εἰ
1714 1991 1789 2062 (9)
1847 1988 1949 2062 γὰρ
2004 1987 2067 2041 τὸ
2101 2015 2148 2081 Β

426 2077 502 2152 μὴ
564 2074 624 2131 έκ
675 2081 770 2132 τοῦ
828 2082 983 2149 Θεοῦ,
1045 2076 1171 2134 ἀλλ’
1229 2079 1305 2142 ὡς
1365 2074 1590 2154 ὄργανον
1652 2078 1934 2154 ἑτεροφυὶς
1976 2075 2065 2130 καὶ

421 2163 755 2242 δτεροούσιον
805 2163 1096 2236 δείκνυται,
1145 2165 1329 2231 καλῶς
1378 2167 1481 2242 ἄρα
1530 2170 1564 2237 ἡ
1615 2165 1840 2229 σύνοδος
1868 2161 2068 2243 ἔγραψε

417 2253 507 2309 καὶ
535 2253 782 2324 νενόηκεν
817 2253 1011 2332 ὀρθῶς.

487 2435 580 2491 24.
612 2432 921 2509 Ἐξῃρήσθω
953 2432 1010 2491 δὲ
1052 2433 1216 2491 πάλιν
1251 2436 1303 2491 έν
1350 2435 1570 2498 τούτοις
1622 2441 1726 2498 πᾶς
1761 2439 1872 2510 (10)
1908 2435 2061 2510 λογι-

423 2521 574 2595 σμὸς,
615 2523 924 2596 σωματικάς
961 2547 972 2559 ·
1033 2524 1318 2603 φαντασίαν
1393 2546 1453 2580 τε
1529 2527 1706 2596 πάσης
1761 2525 2063 2595 αἰσθήσεως

421 2605 746 2683 ὑπερϐάντες
779 2655 794 2682 ,
851 2615 1056 2689 καθαρᾷ
1110 2618 1179 2688 τῇ
1252 2618 1431 2686 νοήσει
1489 2615 1578 2669 καὶ
1649 2614 1800 2688 μόνῳ
1854 2618 1933 2685 τῷ
1987 2617 2064 2684 νῷ

414 2703 627 2773 νοῶμεν
662 2701 791 2756 Υἰοῦ
815 2703 952 2778 πρὸς
984 2703 1196 2779 Πατέρα
1239 2704 1301 2758 τὸ
1343 2706 1587 2778 γνήσιον,
1632 2702 1721 2758 καί
1753 2702 1933 2778 Λόγου
1961 2705 2061 2772 τὴν

414 2789 552 2864 πρὸς
605 2789 697 2844 τὸν
757 2791 884 2845 Θεὸν
963 2789 1250 2864 ἰδιότητα,
1309 2793 1398 2847 καὶ
1473 2795 1572 2862 τὴν
1644 2790 2060 2868 ἀπαράλλακτον

416 2876 721 2951 ὁμοιότητα
765 2884 863 2935 τοῦ
911 2882 1334 2957 ἀπαυγάσματος
1384 2883 1520 2957 πρὸς
1567 2884 1629 2938 τὸ
1677 2888 1816 2961 φῶς’
1852 2884 1926 2945 ὡς
1959 2884 2061 2958 γὰρ

413 2967 476 3024 τὸ
523 2967 768 3042 γέννημα
807 2968 898 3023 καὶ
944 2970 1007 3024 τὸ
1055 2971 1201 3038 Υἱὸς,
1252 2970 1350 3026 οὐκ
1397 2972 1755 3046 ἀνθρώπινον,
1806 2970 1931 3026 ἀλλ’
1988 2974 2063 3032 ὡς

416 3059 532 3128 Θεῷ
575 3058 783 3132 πρέπον
832 3057 971 3113 ἐστὶν
998 3103 1012 3130 ,
1074 3057 1286 3136 εἴρηταί
1330 3053 1388 3115 τε
1430 3062 1520 3116 καὶ
1574 3056 1684 3116 ἔστι
1719 3080 1730 3093 ·
1763 3062 1853 3116 τὸν
1906 3061 2061 3117 αὐτὸν

414 3145 635 3222 τρόπον,
682 3148 781 3216 τήν
829 3146 970 3219 λέξιν
1002 3151 1114 3223 (11)
1141 3153 1238 3204 τοῦ
1283 3150 1578 3224 ὁμοουσίου
1625 3151 1934 3223 ἀκούοντες,
1986 3154 2060 3224 μὴ

420 3233 498 3298 εἷς
545 3237 640 3298 τὰς
696 3237 1032 3312 ἀνθρωπίνας
1077 3237 1352 3310 αἰσθήσεις
1394 3239 1704 3308 πίπτοντες,
1763 3239 2062 3317 μερισμοῦς

421 3325 512 3391 καὶ
565 3322 853 3402 διαιρέσεις
897 3333 999 3396 τῆς
1047 3326 1300 3400 θεότητος
1360 3326 1744 3405 λογιζώμεθα·
1807 3328 1928 3384 ἀλκ¹
1987 3330 2060 3392 ὡς

417 3412 506 3469 ἐπὶ
540 3415 841 3488 ἀσωμάτων
876 3413 1272 3490 διανοούμενοι,
1320 3419 1419 3487 τὴν
1466 3418 1693 3490 ἑνότητα
1719 3426 1820 3488 τῆς
1851 3418 2064 3497 φύσεως

414 3502 506 3560 καὶ
550 3506 650 3574 τήν
696 3503 1000 3576 ταυτότητα
1044 3511 1140 3562 τοῦ
1189 3507 1366 3585 φωτὸς
1421 3509 1496 3581 μή
1553 3505 1868 3582 διαιρῶμεν·
1901 3513 2063 3564 τοῦτο

415 3594 518 3669 γὰρ
549 3590 689 3648 ἴδιον
745 3595 872 3649 Υίοῦ
925 3597 1062 3670 πρὸς
1111 3597 1342 3672 Πατέρα,
1387 3597 1476 3652 καὶ
1508 3601 1668 3651 τοῦτο
1709 3595 1940 3652 δείκνυσι
1968 3598 2061 3654 τὸν

415 3673 541 3738 Θεὸν
576 3680 796 3755 ἀληθῶς
847 3678 970 3739 ὄντα
1015 3685 1227 3759 Πατέρα
1275 3689 1370 3741 τοῦ
1421 3685 1620 3760 Λόγου.
1656 3684 1826 3742 Πάλιν
1869 3689 1971 3764 γὰρ
2002 3689 2064 3743 τὸ

413 3767 762 3846 παράδειγμα
805 3777 904 3828 τοῦ
943 3773 1122 3851 φωτὸς
1168 3773 1258 3828 καὶ
1301 3779 1397 3829 τοῦ
1447 3777 1866 3850 ἀπαυγάσματος
1900 3778 2061 3853 ἀναγ-

412 3864 567 3934 καῖον
617 3860 695 3924 εἷς
738 3865 919 3920 τοῦτο.
967 3862 1060 3926 Τίς
1089 3861 1359 3938 τολμήσει
1392 3861 1572 3940 λέγειν
1624 3866 1687 3920 τὸ
1736 3865 2065 3941 ἀπαύγασμα

416 3949 558 4022 ξένον
609 3949 698 4005 καὶ
728 3950 986 4025 ἀνόμοιον
1030 3952 1165 4008 εἶναι
1210 3958 1307 4008 τοῦ
1354 3952 1520 4022 ἡλίου
1556 3973 1570 4024 ;
1601 3961 1666 4010 Ἥ
1713 3954 1798 4017 τίς
1849 3953 2061 4028 μᾶλλον

415 4036 613 4115 ἐνορῶν
645 4037 790 4095 οὕτω
817 4041 880 4095 τὸ
911 4040 1240 4118 ἀπαύγασμα
1286 4043 1423 4116 πρὸς
1471 4043 1561 4098 τὸν
1608 4041 1793 4114 ἥλιον,
1841 4044 1931 4100 καὶ
1962 4046 2062 4114 τήν

410 4128 715 4200 ταυτότητα
742 4132 840 4186 τοῦ
872 4131 1075 4209 φωτὸς,
1129 4130 1228 4187 οὐκ
1258 4129 1318 4186 ἄν
1351 4129 1494 4186 εἷίποι
1524 4131 1818 4209 θαρρήσας·
1859 4136 2064 4196 Ὄντως

412 4219 475 4274 τὸ
500 4222 613 4292 φῶς
643 4217 734 4274 καὶ
762 4220 825 4276 τὸ
854 4219 1186 4295 ἀπαύγασμα
1211 4218 1267 4275 ἓν
1298 4221 1420 4295 εἶσι,
1451 4222 1540 4276 καὶ
1571 4227 1732 4278 τοῦτο
1766 4222 1817 4278 έν
1872 4222 2064 4296 ἐκείνῳ

413 4305 705 4377 δείκνυται,
737 4309 826 4366 καὶ
880 4309 943 4363 τὸ
1002 4309 1331 4384 ἀπαύγασμα
1363 4309 1415 4364 ἐν
1470 4315 1550 4383 τῷ
1596 4309 1746 4384 ἡλίῳ
1802 4315 2062 4389 τυγχάνει

413 4394 494 4466 ὃν,
529 4395 668 4453 ὥστε
694 4396 784 4452 τὸν
847 4399 1058 4473 ὁρῶντα
1102 4403 1264 4454 τοῦτο
1318 4397 1538 4474 βλέπειν
1589 4401 1824 4458 κάκεῖνο.
1858 4403 1965 4471 Τήν
2007 4399 2065 4458 δὲ

412 4484 672 4567 τοιαύτην
729 4487 952 4558 ἑνότητα
999 4487 1088 4543 καὶ
1138 4489 1367 4567 φυσικὴν
1426 4486 1672 4559 ἰδιότητα
1727 4493 1845 4554 πῶς
1906 4490 1964 4545 ἂν
2011 4493 2064 4546 οἱ

413 4576 756 4639 πιστεύοντες
803 4577 893 4632 καὶ
928 4575 1222 4652 βλέποντες
1265 4577 1437 4652 ὀρθῶς
1477 4577 1756 4634 καλέσαιεν
1789 4581 1822 4649 ἢ
1859 4579 2062 4654 ὁμοού-

413 4685 527 4721 σιον
587 4659 836 4740 γὲννημα
868 4683 882 4736 ;
913 4668 982 4720 Τὸ
1042 4664 1101 4721 δὲ
1154 4670 1251 4722 τοῦ
1307 4671 1440 4722 Θεοῦ
1482 4669 1725 4742 γέννημα
1769 4690 1821 4722 τι
1875 4667 1934 4723 ἂν
1977 4670 2060 4733 τίς

2192 742 2360 807 tant),
2395 742 2530 810 quid
2569 741 2724 796 aliud
2749 742 3151 812 signiﬁcamus
3175 758 3350 811 quam
3369 757 3567 795 veram
3591 744 3647 795 et
3667 743 3839 795 aeter-

2190 845 2322 883 nam
2358 831 2749 885 substantiam
2780 848 2848 886 ex
2867 848 2981 901 qua
3012 831 3208 901 ipsum
3241 831 3508 901 genitum
3539 829 3672 884 est?
3717 828 3831 884 Nec

2187 916 2340 973 enim
2373 918 2602 974 diversa
2633 924 2718 974 est
2741 921 2950 991 specie,
2978 937 3048 975 ne
3076 919 3215 991 quid
3240 925 3542 974 externum
3568 935 3632 973 ac
3654 916 3829 974 dissi-

2188 1006 2325 1061 mile
2356 1024 2487 1061 cum
2522 1009 2708 1062 Patris
2740 1010 3072 1064 substantia
3104 1010 3452 1063 misceatur:
3481 1024 3585 1062 nec
3608 1006 3830 1062 extrin-

2184 1111 2352 1150 secus
2384 1096 2666 1150 duntaxat
2689 1098 2876 1151 simile
2908 1103 3016 1162 est,
3051 1115 3121 1152 ne
3151 1098 3264 1153 alia
3285 1115 3352 1152 ex
3384 1102 3544 1168 parte
3573 1096 3661 1151 vel
3693 1113 3822 1152 om-

2185 1183 2322 1238 nino
2356 1185 2597 1240 diversae
2630 1187 2968 1241 substantiae
3001 1203 3129 1241 esse
3189 1191 3482 1258 appareat,
3536 1184 3712 1240 veluti
3755 1202 3834 1242 (es

2182 1272 2412 1345 fulgens
2444 1278 2499 1328 et
2521 1291 2754 1337 aurum,
2778 1280 3085 1347 argentum
3109 1278 3165 1330 et
3187 1274 3624 1330 stannum.Hzec
3643 1273 3829 1346 siqui-

2183 1362 2315 1417 dem
2347 1362 2576 1417 diversa
2604 1367 2662 1417 et
2692 1363 2806 1418 alia
2828 1369 3003 1434 atque
3025 1368 3290 1434 separata
3310 1368 3448 1418 sunt
3469 1369 3594 1417 tum
3615 1365 3829 1418 natura

2183 1451 2337 1506 180
2367 1455 2493 1505 tum
2526 1451 2765 1519 virtute;
2793 1469 2897 1506 nec
2927 1469 3003 1505 aes
3036 1452 3339 1522 proprium
3372 1451 3499 1506 auri
3556 1455 3668 1517 est,
3723 1465 3830 1505 nec

2180 1538 2487 1609 palumbes
2518 1555 2586 1595 ex
2615 1539 2887 1595 columba
2918 1540 3220 1595 nascitur:
3257 1541 3360 1594 sed
3389 1539 3659 1610 quamvis
3703 1537 3827 1592 haic

2181 1631 2463 1699 putantur
2488 1645 2616 1684 esse
2639 1628 2874 1697 similia,
2907 1629 3136 1683 diversa
3166 1633 3358 1683 tamen
3388 1628 3540 1682 inter
3569 1643 3630 1681 se
3679 1629 3825 1681 sunt

2180 1721 2410 1772 natura.
2451 1721 2647 1788 itaque
2668 1718 2715 1772 si
2749 1718 2926 1773 Filius
2957 1719 3037 1772 ita
3067 1734 3302 1788 quoque
3334 1733 3394 1771 se
3451 1716 3646 1784 habet,
3705 1717 3829 1770 esto

2180 1821 2272 1861 res
2303 1815 2493 1862 creata
2527 1812 2588 1862 ut
2607 1811 2661 1862 et
2695 1825 2820 1874 nos,
2881 1825 2997 1863 non
3044 1811 3238 1862 autem
3283 1803 3827 1861 consubstantialis.

2180 1894 2281 1949 Sin
2315 1899 2507 1950 autem
2543 1895 2722 1950 Filius
2745 1901 2832 1951 est
2859 1896 3136 1960 Verbum,
3167 1895 3476 1966 sapientia,
3501 1893 3694 1965 imago
3718 1896 3826 1948 Pa-

2180 1984 2308 2052 tris,
2339 1982 2712 2055 splendorve:
2741 1984 2948 2039 merito
2974 1985 3174 2056 utique
3188 1981 3702 2038 consubstantialis
3716 1985 3826 2036 est.

2178 2071 2302 2127 Nisi
2336 2072 2492 2127 enim
2525 2073 2868 2128 ostendatur
2896 2073 3062 2127 illum
3096 2089 3211 2128 non
3234 2089 3301 2127 ex
3331 2074 3466 2139 Deo,
3528 2071 3629 2126 sed
3689 2069 3819 2126 tan-

2177 2177 2354 2232 quam
2377 2178 2662 2234 organum
2690 2167 2900 2217 natura
2921 2166 2978 2217 et
3001 2161 3329 2216 substantia
3344 2161 3640 2216 diversum
3668 2174 3822 2228 esse,

2177 2249 2476 2306 fatendum
2505 2268 2645 2307 sane
2675 2256 2764 2307 est
2793 2255 2945 2307 recte
2975 2251 3264 2322 synodum
3296 2254 3354 2305 et
3397 2248 3712 2321 scripsissu
3765 2251 3824 2304 et

2177 2339 2486 2410 cogitasse.

2243 2429 2332 2481 24.
2367 2428 2570 2484 Procul
2602 2434 2796 2485 autem
2828 2430 2964 2484 hinc
2995 2430 3149 2485 absit
3181 2427 3372 2484 omnis
3394 2428 3665 2500 cogitatio
3686 2441 3815 2482 cor-

2175 2532 2349 2588 porea
2368 2535 2381 2585 ;
2399 2519 2498 2574 sed
2527 2536 2737 2573 sensus
2762 2534 2965 2573 omnes
2989 2517 3404 2591 praetergressi,
3429 2534 3575 2589 pura
3599 2514 3820 2570 intelli—

2172 2605 2369 2677 gentia
2397 2610 2454 2661 et
2483 2606 2606 2662 sola
2636 2611 2829 2662 mente
2849 2607 3243 2679 pereipiamus
3265 2623 3441 2677 quam
3468 2621 3600 2660 vere
3623 2604 3699 2660 sit
3724 2603 3822 2659 Fi-

2173 2693 2289 2749 lius
2320 2696 2529 2767 Patris,
2563 2713 2738 2767 quam
2771 2697 3002 2767 proprie
3033 2697 3134 2752 Dei
3167 2697 3243 2750 sit
3271 2696 3548 2762 Verbum,
3572 2699 3628 2751 et
3647 2692 3819 2766 quasi

2173 2783 2489 2853 perfectam
2512 2801 2645 2840 cum
2669 2785 2798 2840 luce
2819 2785 3266 2840 similitudinem
3290 2784 3564 2856 splendor
3584 2783 3818 2839 habeat.

2175 2870 2246 2926 Ut
2276 2871 2430 2928 enim
2464 2876 2614 2929 fetus
2648 2879 2704 2928 et
2725 2873 2928 2938 Filius,
2954 2891 3066 2929 non
3092 2873 3400 2928 hominum
3425 2890 3602 2943 more,
3632 2872 3733 2928 sed
3757 2876 3822 2927 ut

2174 2961 2356 3016 Deum
2390 2962 2575 3027 decet,
2613 2966 2669 3018 et
2701 2963 2892 3018 dictus
2914 2966 3002 3018 est
3032 2967 3088 3018 et
3111 2979 3243 3018 vere
3272 2966 3396 3017 est:
3430 2961 3511 3017 ita
3543 2978 3678 3016 cum
3718 2976 3818 3016 vo-

2175 3066 2298 3105 cem
2321 3053 2805 3108 consubstanlz'alis
2837 3052 3133 3118 audimus,
3155 3051 3447 3107 humanos
3479 3067 3689 3106 sensus
3709 3065 3818 3105 nos

2174 3139 2456 3194 debemus
2483 3141 2669 3212 sequi,
2695 3157 2800 3195 nec
2829 3140 3149 3195 divinitatis
3183 3139 3523 3211 partitiones
3546 3143 3646 3194 aut
3671 3137 3816 3193 divi-

2175 3225 2366 3282 siones
2398 3228 2680 3300 ﬁngendze
2713 3234 2851 3284 sunt
2881 3229 3040 3284 ullae:
3076 3229 3174 3284 sed
3217 3233 3498 3300 tanquam
3531 3228 3600 3282 de
3640 3228 3817 3283 rebus

2175 3331 2289 3371 non
2306 3316 2596 3388 corporeis
2611 3318 2955 3388 cogitantes,
2982 3335 3160 3372 unam
3175 3322 3445 3372 naturam
3472 3319 3528 3370 et
3547 3315 3816 3372 eamdem

2094 3383 2136 3451 C
2175 3403 2363 3460 lucem
2397 3383 2512 3460 non
2546 3383 2899 3462 dividamus.
2939 3383 2996 3460 ld
3029 3405 3183 3460 enim
3218 3406 3518 3477 proprium
3548 3403 3676 3458 Filii
3725 3407 3818 3460 est

2174 3490 2310 3566 erga
2343 3494 2588 3566 Patrem,
2620 3512 2805 3566 eoque
2835 3496 3163 3550 ostenditur
3213 3495 3398 3549 Deum
3456 3509 3590 3548 vere
3644 3492 3816 3548 Verbi

2172 3582 2404 3638 Patrem
2435 3599 2582 3639 esse.
2616 3585 2761 3639 Nam
2794 3601 2997 3640 rursus
3026 3584 3173 3639 lueis
3195 3588 3252 3638 et
3278 3582 3603 3654 splendoris
3621 3597 3818 3638 exem-

2175 3670 2338 3744 plum
2369 3674 2439 3727 ad
2472 3672 2617 3728 illud
2642 3672 3082 3745 intelligendum
3116 3677 3205 3728 est
3234 3671 3651 3727 necessarium.
3677 3670 3820 3738 Quis

2174 3761 2354 3831 igitur
2382 3761 2572 3816 dicere
2602 3763 2816 3817 audeat
2845 3762 3212 3832 splendorem
3246 3761 3353 3816 soli
3408 3765 3713 3816 externum
3763 3763 3822 3815 et

2173 3849 2520 3907 dissimilem
2553 3851 2728 3906 esse?
2757 3850 2860 3905 Vel
2883 3850 3075 3922 potius
3099 3850 3251 3918 quis,
3276 3850 3323 3904 si
3353 3849 3663 3905 adverterit
3679 3864 3818 3919 quo-

2174 3956 2311 3994 nam
2344 3941 2515 3994 modo
2549 3939 2822 4011 splendor
2852 3957 2912 3995 se
2942 3940 3014 3995 ad
3046 3939 3226 3995 solem
3258 3939 3470 3994 habeat
3515 3937 3819 3993 eamdem-

2173 4045 2285 4100 que
2317 4045 2444 4084 esse
2474 4029 2686 4095 lucem,
2716 4046 2830 4084 non
2862 4030 3139 4084 audacter
3167 4028 3359 4084 dicat:
3414 4031 3562 4083 Vere
3613 4026 3714 4083 lux
3760 4029 3820 4083 et

2174 4117 2450 4190 splendor
2491 4135 2610 4173 una
2641 4135 2732 4173 res
2782 4123 2892 4183 est,
2932 4118 3144 4190 hicque
3199 4118 3258 4172 in
3317 4117 3420 4172 illa
3466 4117 3817 4181 ostenditur,

2173 4206 2450 4278 splendor
2479 4207 2538 4261 in
2571 4207 2692 4263 sole
2723 4207 2968 4274 exsistit,
3004 4207 3084 4261 ita
3116 4210 3182 4261 ut
3220 4207 3321 4278 qui
3371 4205 3554 4262 solem
3585 4204 3814 4274 viderit,

2173 4295 2543 4368 splendorem
2580 4313 2809 4367 quoque
2830 4298 3047 4350 cernat.
3069 4295 3198 4349 Haec
3221 4311 3390 4366 porro
3415 4293 3611 4349 unitas
3635 4297 3692 4347 et
3712 4308 3816 4348 na-

2172 4381 2380 4440 turalis
2412 4385 2737 4457 proprietas
2770 4384 3061 4456 quomodo
3086 4401 3114 4437 a
3139 4383 3512 4438 credentibus
3536 4397 3601 4436 ac
3623 4381 3819 4436 viden-

2171 4471 2332 4527 tibus
2363 4476 2516 4527 recte
2534 4472 2719 4528 vocari
2749 4472 2934 4544 possit
2956 4470 3063 4526 nisi
3090 4469 3573 4526 cousubstantilis
3623 4468 3820 4525 fetus?

2172 4561 2314 4625 Quis
2345 4565 2537 4616 autem
2569 4561 2800 4632 proprie
2830 4560 3119 4633 digneque
3148 4559 3328 4615 alium
3359 4557 3457 4613 Dei
3485 4558 3664 4613 fetum
3689 4572 3819 4614 esse

2171 4649 2459 4721 concipiet
2488 4654 2695 4722 praeter
2723 4649 3001 4717 Verbum,
3049 4647 3400 4720 sapientiam
3431 4650 3489 4702 et
3515 4645 3814 4718 virtutem,

415 4735 633 4818 οἰκείως
801 4755 1120 4832 πρεπόντως
1147 4759 1388 4828 νοήσειεν
1420 4757 1455 4827 ἢ
1489 4735 1687 4833 λόγον,
1732 4759 1820 4812 καὶ
1853 4759 2062 4836 σοφίαν,

2179 4753 2348 4808 quam
2381 4755 2521 4793 sane
2553 4755 2657 4793 nec
2686 4738 2841 4794 Patri
2872 4741 3168 4793 externam
3200 4737 3286 4791 fas
3324 4740 3413 4792 est
3442 4735 3652 4807 dicere,
3709 4751 3814 4792 nec

411 4843 502 4898 καὶ
563 4840 832 4920 δύναμιν,
891 4843 1062 4922 ἤνπερ
1121 4843 1246 4901 οὔτε
1296 4847 1408 4920 (12)
1464 4850 1560 4902 τοῦ
1613 4847 1820 4922 Πατρὸς
1880 4845 2058 4923 λέγειν

414 4933 579 5004 ξένην,
611 4932 757 4989 ὅσιόν
811 4933 975 5008 ἐστιν,
1035 4931 1158 4990 οὔτε
1220 4936 1294 5009 μή
1356 4931 1546 4997 ἀϊδίως
1601 4935 1735 4991 εἶναι
1789 4938 1935 5008 παρά
1984 4943 2062 5010 τῷ

414 5023 584 5098 Πατρὶ
635 5021 732 5077 κᾶν
792 5024 1141 5100 φαντάζεσθαι
1195 5025 1348 5098 θέμις
1407 5024 1518 5079 ἐστί
1552 5043 1565 5093 ;
1597 5024 1782 5098 Τούτῳ
1839 5027 1941 5101 γὰρ
1984 5031 2062 5099 τῷ

419 5111 717 5186 γεννήματι
765 5113 834 5166 τὰ
881 5112 1054 5167 πάντα
1082 5113 1377 5184 πεποίηκεν
1408 5115 1435 5168 6
1467 5115 1676 5190 Πατὴρ,
1707 5113 1795 5168 καὶ
1851 5116 1949 5184 τήν
1985 5115 2061 5178 είς

411 5201 585 5256 πάντα
614 5199 872 5278 πρόνοιαν
905 5199 1154 5258 ἐκτείνων
1205 5200 1275 5258 δι’
1327 5202 1491 5260 αὐτοῦ
1540 5201 2060 5282 φιλανθρωπεύεται·

409 5290 501 5347 καὶ
534 5289 708 5353 οὕτως
759 5288 815 5346 ’ἐν
855 5289 1016 5354 αὐτὸς
1065 5291 1155 5346 καὶ
1187 5293 1216 5347 6
1247 5294 1434 5368 Πατήρ
1488 5292 1636 5362 εἰσιν,
1673 5291 1852 5369 ὥσπερ
1909 5291 2057 5368 εἷ’ρη-

407 5397 498 5435 ται
528 5397 542 5414 ⁸
578 5378 625 5437 εί
686 5381 763 5454 μὴ
814 5377 920 5455 ἄρα
967 5381 1020 5435 οἳ
1075 5381 1400 5459 κακόφρονες
1456 5379 1836 5457 τολμήσαντες
1893 5382 2059 5438 πάλιν

523 5588 564 5678 ἢ
593 5611 691 5672 Sic
717 5609 859 5678 Reiz.
886 5618 958 5673 At
986 5616 1046 5673 in
1079 5616 1210 5675 aliis
1237 5621 1295 5674 et
1324 5618 1500 5675 editis
1530 5617 1559 5672 ό
1590 5619 1774 5678 deest.

484 5687 562 5760 (9)
594 5687 888 5762 Particula
917 5689 994 5762 μή
1038 5688 1271 5762 videtur
1329 5689 1597 5762 addenda
1650 5695 1784 5762 post
1838 5689 1904 5760 εἷ,
1971 5690 2060 5748 vel

415 5757 1026 5834 certesubaudienga,
1059 5761 1209 5834 ibid.
1243 5761 1383 5834 Reg.
1417 5757 1676 5816 8aixvu-ce'.

487 5830 602 5903 (10)
631 5823 722 5888 Sic
753 5824 895 5905 Reg“.
926 5823 1079 5889 Editi
1108 5849 1264 5902 vero,
1296 5823 1436 5904 πῶς,
1468 5835 1766 5891 mendose.

2172 4826 2259 4882 vel
2301 4828 2552 4900 cogitare
2581 4827 2717 4882 licet
2747 4844 2861 4882 non
2895 4843 3124 4897 semper
3147 4826 3303 4897 apud
3335 4825 3564 4880 Patrem
3586 4824 3816 4881 fuisse?

2171 4916 2473 4988 Siquidem
2504 4917 2612 4972 hoc
2641 4917 2767 4988 ipso
2791 4917 2907 4971 fetu
2939 4915 3138 4971 omnia
3159 4913 3292 4970 fecit
3314 4918 3501 4982 Pater,
3527 4929 3817 4985 suamque

2171 5006 2231 5062 in
2246 5023 2337 5061 res
2351 5022 2556 5062 omnes
2582 5005 3008 5077 providentiam
3037 5021 3138 5076 per
3149 5020 3282 5058 eum
3298 5004 3548 5074 benigne
3568 5001 3817 5058 admini-

2172 5099 2342 5162 strat,
2376 5099 2553 5167 atque
2579 5096 2661 5150 ita
2689 5095 2815 5166 ipse
2843 5099 2898 5150 et
2919 5095 3083 5149 Pater
3115 5109 3300 5148 unum
3348 5097 3488 5148 sunt
3533 5091 3816 5162 quemad-

2172 5183 2414 5239 modum
2447 5183 2667 5238 dictum
2698 5186 2823 5250 est;
2855 5181 2968 5236 nisi
3000 5180 3145 5236 forte
3187 5180 3363 5236 iidem
3403 5178 3654 5250 improbi
3711 5178 3816 5233 ite-

2172 5287 2303 5327 rum
2337 5271 2948 5327 audeantcontendere
2979 5269 3151 5324 aliam
3183 5284 3311 5324 esse
3340 5267 3514 5323 Verbi
3539 5268 3817 5324 substan-

2170 5360 2315 5416 tiam
2347 5365 2404 5417 et
2432 5359 2609 5417 aliam
2640 5359 2830 5416 lucem
2863 5375 2992 5429 quae
3020 5375 3089 5414 ex
3120 5357 3285 5414 Patre
3314 5355 3490 5412 inille
3516 5360 3624 5425 est,
3649 5356 3730 5412 ita
3752 5363 3819 5412 ut

2242 5619 2354 5691 (tt)
2386 5619 2484 5676 Sic
2517 5620 2656 5692 Reg.
2702 5622 2774 5674 At
2830 5617 2927 5673 alii
2987 5621 3044 5674 et
3093 5616 3234 5672 editi
3280 5615 3378 5682 τήν
3442 5610 3586 5686 λέξιν
3639 5614 3815 5672 omit-

2171 5693 2353 5833 ωῗίὲ)
2385 5761 2479 5819 Sic
2509 5762 2652 5834 Reg.
2687 5761 2794 5816 Alii
2828 5776 2959 5816 vero
2992 5765 3048 5815 et
3076 5759 3240 5831 editi,
3271 5755 3335 5825 ἦν
3372 5754 3526 5812 οὕτε.
