4152 6432
407 437 521 502 461

1476 439 1578 502 DE
1626 436 2006 501 DECRETIS
2054 434 2390 498 NICENE
2435 437 2748 502 SYNODI.

3705 425 3826 493 462

349 561 352 564 ’
405 569 700 649 γενόμενος
763 568 1054 636 ἐπίσκοπος
1111 576 1212 642 τῆς
1271 565 1699 648 Ἀλεξανδρείας
1768 571 1903 626 κατὰ
1957 573 2053 623 τοῦ

2179 587 2294 643 quae
2326 574 2605 635 adversus
2636 575 2955 636 Sabellium
2989 574 3326 650 scripserat,
3359 573 3575 645 quibus
3606 585 3822 645 nempe

411 657 724 718 Σαϐελλίου
783 666 1028 740 γράφων,
1076 663 1173 732 τήν
1226 683 1284 718 τε
1329 663 1463 716 κατά
1523 659 1692 737 σάρκα
1741 659 2056 732 οἰκονομίαν

404 757 503 806 τοῦ
538 759 801 828 Σωτῆρος
832 751 920 806 διὰ
967 750 1234 806 πλειόνων
1272 749 1657 826 ἐξηγούμενος,
1686 751 1774 805 καὶ
1808 749 1859 821 ἐξ
1889 749 2057 818 αὐτῆς

408 837 714 918 διελέγχων
741 840 870 903 τοὺς
902 837 1357 910 Σαϐελλίζοντας,
1390 840 1471 895 ὅτι
1509 843 1582 914 μὴ
1618 843 1645 895 ὁ
1678 843 1863 914 Πατήρ
1918 839 2056 895 ἐστιν

405 931 433 985 6
465 929 761 1004 γενόμενος
811 931 958 1004 σὰρξ,
1012 928 1136 985 ἀλλ’
1168 931 1194 984 ὁ
1227 930 1420 985 τούτου
1470 930 1669 1005 Λόγος,
1721 931 1794 992 ὡς
1851 929 1992 984 εἶπεν
2030 931 2056 983 ὁ

406 1018 664 1088 Ἰωάννης
696 1035 707 1048 ·
768 1015 953 1087 ἐπειδή
997 1019 1265 1088 ὑπενοηθη
1319 1019 1394 1080 ὡς
1443 1018 1662 1091 ποίημα
1688 1018 1777 1072 val.
1831 1017 2055 1092 γενητὸν

403 1104 582 1181 λέγων
613 1107 703 1161 τὸν
738 1105 878 1178 Υἱὸν,
912 1107 1002 1162 καὶ
1038 1109 1112 1181 μή
1164 1106 1454 1181 ὁμοούσιον
1511 1111 1589 1179 τῷ
1638 1108 1828 1182 Πατρὶ,
1863 1104 2058 1184 γράφει

399 1195 540 1270 πρὸς
588 1196 678 1250 τὸν
729 1196 1025 1268 ὁμώνυμον
1075 1195 1220 1268 αύτῷ
1278 1195 1558 1252 Διονύσιον
1617 1197 1706 1250 τὸν
1766 1194 2055 1250 ἐπίσκοπον

400 1285 624 1358 Ῥώμης
659 1331 673 1357 ,
739 1284 1186 1359 ἀπολογούμενος
1245 1286 1599 1364 συκοφαντίαν
1661 1286 1793 1340 εἶναι
1852 1285 2054 1354 ταύτην

398 1375 515 1429 κατ’
556 1373 742 1428 κύτοῦ.
795 1376 947 1443 Μήτε
997 1376 1099 1449 γὰρ
1149 1375 1376 1444 ποιητὸν
1439 1375 1711 1450 εἰρηκέναι
1766 1375 1856 1427 τὸν
1914 1374 2056 1445 Υἱὸν,

399 1460 663 1517 ἀλλὰκαὶ
712 1461 1004 1534 ὁμοούσιον
1057 1461 1213 1517 αὐτὸν
1261 1461 1558 1538 ὁμολογεῖν
1609 1457 2056 1519 διεϐεϐαιώσατο.

402 1551 559 1627 Ἔχει
592 1547 650 1605 δὲ
687 1551 851 1605 αὐτοῦ
900 1553 934 1620 ἡ
989 1550 1132 1622 λέξις
1185 1551 1346 1607 οὕτωσ
1385 1577 1413 1605 ‹‹
1450 1553 1548 1606 Καὶ
1600 1549 1668 1605 δι’
1723 1548 1903 1620 ἄλλης
1949 1551 2061 1604 έπι-

407 1639 611 1709 στολῆς
669 1635 899 1717 ἔγραψα,
958 1639 1010 1695 έν
1070 1643 1152 1703 οἷς
1208 1639 1414 1716 ἤλεγξα
1469 1642 1558 1696 καὶ
1608 1641 1636 1694 ’ὀ
1697 1640 2056 1717 προφέρουσιν

407 1726 665 1804 ἔγκλημα
703 1730 816 1783 κατ’
870 1728 1006 1802 ἐμοῦ
1053 1727 1248 1802 ψεῦδος
1294 1725 1377 1797 ὅν,
1428 1730 1504 1791 ὡς
1549 1729 1609 1783 ού
1659 1727 1919 1803 λέγοντος
1967 1729 2058 1782 τὸν

408 1819 638 1894 Χριστὸν
701 1817 999 1891 ὁμοούσιον
1061 1818 1193 1873 εἶναι
1245 1823 1325 1891 τῷ
1383 1823 1518 1890 Θεῷ.
1581 1817 1642 1872 Εἰ
1702 1818 1805 1892 γὰρ
1863 1816 1952 1871 καὶ
1999 1818 2061 1871 τὸ

2168 668 2482 724 Salvatoris
2515 668 3008 740 dispensationem
3050 665 3374 722 secundum
3407 679 3641 720 carnem
3681 678 3818 734 per-

2171 757 2376 814 multis
2407 758 2770 831 explanabat,
2799 775 2863 815 ac
2895 758 3032 813 inde
3063 754 3404 812 confutabat
3432 752 3822 819 Sabellianos,

2169 846 2632 918 ostendebatque
2662 864 2778 902 non
2808 849 3040 903 Patrem
3065 845 3284 902 factum
3309 860 3439 900 esse
3454 841 3823 909 carnem,sed

2168 935 2446 1005 Verbum,
2481 935 2564 1002 uti
2597 936 2849 990 Joannes
2882 935 3023 990 dicit
3050 934 3095 970 9°
3124 952 3137 989 :
3163 950 3316 1000 cum,
3340 932 3606 1004 inquam,
3629 931 3691 986 in
3714 947 3817 988 su-

2170 1025 2489 1097 spicionem
2520 1024 2774 1079 venisset
2805 1023 3020 1079 dixisse
3058 1021 3268 1078 Filium
3320 1037 3443 1078 rem
3502 1020 3716 1076 factam
3765 1021 3824 1075 et

2169 1117 2422 1168 creatam
2453 1129 2600 1181 esse,
2635 1129 2750 1167 non
2781 1128 2913 1167 vero
2944 1111 3098 1167 Patri
3112 1108 3697 1166 consubstantialem.
3725 1107 3823 1164 lit-

2168 1207 2322 1258 teras
2355 1201 2514 1258 dedit
2545 1201 2618 1257 ad
2643 1202 2836 1256 Romae
2859 1200 3199 1272 episcopum
3214 1199 3555 1272 Dionysium
3587 1212 3824 1270 quoque

2169 1292 2565 1366 appellatum:
2599 1292 2657 1349 in
2700 1290 2916 1362 quibus
2947 1306 3010 1345 se
3065 1305 3397 1364 expurgans
3452 1286 3828 1343 asseverabat

2170 1381 2526 1438 calumniam
2557 1380 2707 1435 hanc
2737 1397 2865 1435 esse
2889 1380 3168 1435 adversus
3200 1395 3261 1434 se
3291 1376 3634 1444 confictam;
3669 1391 3824 1432 nun-

2172 1487 2348 1542 quam
2379 1470 2536 1524 enim
2567 1485 2630 1524 se
2661 1468 2874 1524 Filium
2898 1467 3117 1523 factum
3140 1465 3376 1533 dixisse,
3403 1465 3504 1520 sed
3520 1463 3687 1519 illum
3711 1463 3820 1519 Pa-

2169 1559 2243 1614 tri
2290 1556 2857 1614 consubstantialem
2913 1555 3177 1611 conflteri
3227 1571 3291 1610 se
3345 1554 3619 1609 afﬁrmat.
3680 1552 3810 1608 Haec

2173 1651 2368 1703 autem
2401 1650 2540 1702 sunt
2569 1648 2695 1717 ejus
2724 1645 2903 1702 verba
2927 1663 2940 1701 :
2964 1668 2991 1694 «
3019 1645 3090 1700 Et
3123 1643 3300 1700 aliam
3337 1641 3646 1714 epistolam
3679 1640 3826 1698 scri-

2177 1736 2287 1808 psi,
2322 1735 2680 1791 ubi'ostendi
2714 1734 2921 1790 falsam
2954 1751 3083 1790 esse
3112 1750 3226 1805 qua
3253 1731 3337 1786 illi
3359 1731 3420 1787 in
3451 1747 3546 1787 me
3579 1733 3828 1786 utuntur

2172 1824 2599 1894 criminatione,
2633 1823 2805 1896 quasi
2827 1822 3054 1879 scilicet
3074 1822 3174 1894 qui
3197 1836 3504 1893 negassem
3527 1818 3826 1875 Christum

405 1901 581 1980 ὄνομα
629 1906 791 1962 τοῦτό
847 1929 990 1984 φημι
1045 1908 1120 1980 μὴ
1182 1908 1464 1984 εὑρηκέναι
1526 1929 1632 1962 που
1707 1911 1815 1961 τῶν
1891 1906 2058 1981 ἁγίων

2179 1915 2287 1970 Deo
2319 1930 2446 1970 esse
2479 1912 3063 1969 consubstantialem.
3098 1909 3217 1967 Etsi
3249 1910 3406 1966 enim
3438 1909 3625 1965 fateor
3645 1923 3739 1963 me
3762 1906 3823 1962 id

406 1999 654 2074 Γραφῶν,
704 1994 850 2051 ἀλλά
892 2017 955 2071 γε
1005 1997 1072 2051 τὰ
1127 1996 1535 2073 έπιχειρήματά
1589 2017 1692 2068 μου
1740 1996 1807 2050 τὰ
1853 1994 1997 2065 ἑξῆς,
2033 1993 2064 2048 ἃ

406 2087 802 2156 σεσιωπήκασι,
850 2092 952 2153 τῆς
1002 2081 1243 2147 διανοίας
1280 2084 1483 2155 ταύτης
1537 2084 1636 2139 ούκ
1695 2081 1904 2154 ἀπᾴδει.
1964 2085 2063 2137 Καὶ

401 2175 503 2249 γὰρ
553 2173 902 2247 ἀνθρωπίνην
959 2175 1127 2247 γονὴν
1179 2174 1511 2248 παρεθέμην,
1564 2170 1732 2242 δῆλον
1788 2173 1864 2233 ὡς
1905 2171 2079 2226 οὖσαν

404 2263 671 2337 ὁμογενῆ,
724 2263 901 2338 φήσας
945 2262 1163 2324 πάντως
1213 2261 1340 2316 τοὺς
1389 2267 1570 2336 γονεῖς
1631 2261 1789 2334 μόνον
1849 2255 2066 2334 ἑτέρους

413 2352 548 2406 εἶναι
601 2354 710 2404 τῶν
767 2351 993 2417 τέκνων,
1052 2349 1133 2404 ὅτι
1193 2351 1266 2422 μή
1329 2349 1480 2404 αὐτοὶ
1540 2350 1642 2404 εἶεν
1697 2351 1766 2404 τὰ
1814 2350 1993 2417 τέκνα,
2029 2350 2063 2417 ἢ

418 2441 557 2512 μήτε
612 2443 788 2514 γονεῖς
838 2439 1126 2514 ἀναγκαῖον
1171 2439 1417 2515 ὑπάρχον
1477 2438 1608 2493 εἶναι
1673 2442 1812 2513 μήτε
1867 2440 2062 2494 τέκνα.

416 2528 515 2584 Καὶ
545 2530 644 2597 τὴν
681 2528 775 2600 μὲν
829 2525 1152 2596 ἐπιστολὴν,
1199 2529 1274 2589 ὡς
1322 2533 1607 2602 προεῖπον,
1660 2526 1748 2583 διὰ
1788 2530 1883 2591 τὰς
1915 2548 2066 2602 περι-

417 2617 627 2678 στάσεις
660 2617 762 2670 ούκ
807 2611 921 2692 ἔχω
969 2615 1325 2690 προκομίσαι·
1362 2616 1406 2670 εἷ
1440 2614 1485 2670 δ’
1517 2615 1606 2671 οὖν
1640 2619 1773 2690 (17),
1818 2616 1950 2671 αὐτά
1981 2637 2068 2671 σοι

411 2706 480 2759 τὰ
506 2706 630 2759 τότε
661 2703 899 2780 ῥήματα,
939 2703 1150 2778 μᾶλλον
1199 2705 1255 2759 δὲ
1284 2706 1373 2760 καὶ
1403 2707 1580 2776 πάσης
1612 2707 1724 2779 (18)
1751 2706 1807 2761 ἂν
1856 2704 2070 2780 ἔπεμψα

411 2795 473 2849 τὸ
538 2793 892 2868 ἀντίγραφον,
942 2793 1098 2870 ὅπερ,
1150 2794 1209 2849 ἂν
1269 2794 1587 2870 εύπορήσω,
1645 2799 1884 2866 ποιήσω.
1940 2793 2070 2849 Οἶδα

414 2881 471 2938 δὲ
527 2884 616 2937 καὶ
671 2884 960 2957 μέμνημαι
1020 2881 1249 2938 πλείονα
1305 2885 1556 2959 προσθεὶς
1631 2890 1738 2939 τῶν
1800 2889 2067 2959 συγγενῶν

413 2973 766 3046 ὁμοιώματα’
800 2973 890 3026 καὶ
941 2974 1045 3048 γὰρ
1097 2974 1183 3026 καὶ
1238 2974 1398 3050 φυτὸν
1450 2974 1598 3028 εἶπον
1626 2975 1729 3028 ἀπὸ
1760 2975 2070 3046 σπέρματος

410 3062 445 3130 ἢ
481 3061 585 3116 ἀπὸ
647 3060 806 3136 ῥίζης
869 3059 1090 3116 ἀνελθὸν
1149 3059 1330 3136 ἕτερον
1393 3063 1525 3116 εἶναι
1577 3067 1673 3117 τοῦ
1732 3062 1848 3117 ὅθεν
1907 3059 2070 3117 έϐλά-

413 3171 600 3220 στησε,
636 3149 726 3204 καὶ
771 3151 990 3212 πάντως
1046 3148 1236 3223 ἐκείνῳ
1280 3152 1603 3220 καθέστηκεν
1663 3153 1922 3229 ὁμοφυές·
1981 3151 2070 3206 καὶ

413 3239 658 3313 ποταμὸν
695 3238 844 3294 εἶπον
880 3239 984 3294 ἀπὸ
1024 3246 1212 3314 πηγῆς
1255 3239 1444 3315 ῥέοντα
1483 3237 1666 3315 ἕτερον
1718 3236 1892 3314 ὄνομα
1943 3261 2068 3313 μετ-

415 3326 702 3406 ειληφέναι
736 3347 748 3360 ⁸
816 3329 954 3400 μήτε
1010 3328 1112 3402 γὰρ
1170 3329 1269 3397 τὴν
1324 3330 1508 3403 πηγὴν
1569 3330 1867 3402 ποταμὸν,

412 3417 503 3471 τὸν
560 3417 808 3489 ποταμὸν
869 3417 1056 3490 πηγὴν
1108 3415 1378 3490 λέγεσθαι,
1427 3418 1518 3471 καὶ
1574 3418 1853 3494 ἀμφότερα
1909 3418 2072 3491 ὑπάρ-

414 3525 532 3581 χειν
571 3549 584 3575 ,
636 3504 728 3560 καὶ
784 3505 876 3560 τὸν
934 3505 1178 3578 ποταμὸν
1252 3505 1382 3560 εἶναι
1459 3506 1520 3560 τὸ
1592 3505 1652 3561 ἐκ
1707 3513 1808 3575 τῆς
1881 3512 2070 3580 πηγῆς

618 3618 646 3646 >)

485 3863 575 3917 26.
601 3860 718 3914 Ὅτι
777 3857 836 3915 δὲ
896 3859 957 3914 οὐ
1016 3861 1236 3932 ποίημα
1284 3857 1409 3914 οὐδὲ
1466 3860 1668 3933 κτίσμα
1715 3862 1742 3914 6
1791 3866 1887 3915 τοῦ
1937 3866 2071 3916 Θεοῦ

414 3947 770 4023 Λόγος,ἀλλά
801 3946 936 4004 ἴδιον
968 3955 1070 4018 τῆς
1104 3951 1241 4022 (18')
1261 3953 1358 4003 τοῦ
1382 3950 1591 4025 Πατρὸς
1615 3949 1798 4012 οὐσίας
1825 3951 2071 4025 γέννημα

413 4035 716 4112 ἀδιαίρετόν
751 4037 915 4110 ἐστιν,
949 4037 1022 4099 ὡς
1075 4035 1302 4112 ἔγραψεν
1335 4040 1369 4107 ἡ
1407 4038 1621 4113 μεγάλη
1673 4037 1914 4108 σύνοδος,
1952 4037 2068 4094 ἰδοὺ

411 4128 500 4182 καὶ
531 4128 560 4182 6
585 4134 686 4197 τῆς
719 4127 939 4199 Ῥώμης
972 4125 1267 4188 ἐπίσκοπος
1313 4126 1612 4198 Διονύσιος,
1665 4129 1885 4205 γράφων
1935 4130 2071 4184 κατὰ

409 4220 519 4271 τῶν
574 4217 640 4271 τὰ
691 4219 788 4270 τοῦ
848 4219 961 4288 (19)
1011 4211 1320 4270 Σαϐελλίου
1353 4216 1717 4294 φρονούντων,
1758 4217 2067 4294 σχετλιάζει

411 4306 550 4360 κατά
596 4309 705 4358 τῶν
753 4309 923 4358 ταῦτα
950 4301 1291 4377 τολμώντων
1323 4303 1525 4380 λέγειν,
1555 4305 1645 4360 καί
1677 4329 1837 4383 φησιν
1871 4307 2066 4370 οὕτως.

416 4393 634 4465 «Ἑξῆς
694 4390 740 4447 δ’
799 4392 858 4446 ἂν
920 4391 1146 4457 εἰκότως
1205 4391 1430 4469 λέγοιμι
1485 4395 1575 4450 καὶ
1633 4397 1770 4469 πρὸς
1802 4395 2070 4472 διαιροῦν-

411 4503 508 4544 τας
773 4481 864 4535 καὶ
933 4482 1366 4555 κατατέμνοντας
1433 4485 1522 4538 καὶ
1600 4485 1950 4558 ἀναιροῦντας
2005 4488 2068 4541 τὸ

414 4571 742 4645 σεμνότατον
791 4573 1052 4647 κήρυγμα
1097 4577 1198 4639 τῆς
1237 4571 1562 4641 Ἐκκλησίας
1611 4578 1706 4627 τοῦ
1755 4580 1886 4628 Θεοῦ
1922 4622 1934 4645 ,
1966 4577 2064 4644 τήν

2174 2003 2431 2058 nominis
2463 2001 2622 2057 nullo
2654 2001 2712 2056 in
2745 2000 2868 2057 loco
2899 2003 3238 2057 sanctarum
3267 1998 3705 2070 Scripturarum
3736 1995 3828 2052 in-

2172 2090 2421 2160 venisse,
2452 2095 2648 2146 tamen
2673 2106 2798 2161 quae
2821 2091 3267 2160 subsequuntur
3288 2084 3828 2159 argumentationes

2177 2197 2341 2246 meae,
2375 2196 2521 2251 quas
2546 2177 2781 2252 quidem
2805 2177 2888 2232 illi
2913 2178 3293 2246 reticuerunt,
3318 2177 3388 2230 ab
3410 2175 3517 2230 hac
3539 2172 3832 2230 sententia

2178 2285 2292 2323 non
2325 2268 2682 2339 discrepant.
2715 2265 2864 2330 Quin
2898 2266 3074 2321 etiam
3105 2263 3352 2319 humani
3384 2265 3586 2334 partus
3635 2275 3829 2316 exem-

2178 2356 2340 2428 plum
2373 2357 2432 2410 in
2466 2355 2728 2411 medium
2759 2353 2996 2426 protuli,
3024 2368 3201 2426 quem
3224 2367 3435 2424 nempe
3450 2349 3835 2422 perspicuum

2181 2451 2269 2501 est
2289 2446 2552 2517 ejusdem
2575 2461 2703 2500 esse
2721 2448 2963 2511 naturae,
2992 2442 3307 2513 addidique
3321 2457 3388 2496 eo
3408 2438 3598 2496 solum
3627 2452 3835 2510 paren-

2179 2538 2268 2590 tes
2299 2535 2446 2590 alios
2467 2549 2596 2590 esse
2618 2551 2652 2588 a
2673 2533 2798 2588 suis
2823 2531 3045 2602 liberis,
3073 2530 3227 2604 quod
3252 2530 3361 2602 ipsi
3381 2546 3498 2585 non
3550 2530 3669 2582 sint
3691 2525 3834 2581 libe-

2182 2623 2250 2694 ri,
2286 2640 2389 2678 nec
2418 2623 2559 2678 item
2606 2636 2844 2677 necesse
2892 2637 3020 2675 esse
3070 2622 3172 2674 aut
3227 2620 3498 2690 parentes
3548 2629 3681 2671 esse
3729 2615 3833 2668 aut

2182 2713 2416 2769 liberos.
2450 2715 2516 2765 Et
2547 2710 2698 2765 hanc
2729 2709 2964 2780 quidem
2988 2705 3319 2779 epistolam,
3343 2708 3410 2760 ut
3432 2703 3573 2772 dixi,
3599 2703 3672 2757 ob
3693 2717 3835 2773 prae-

2182 2804 2404 2857 sentem
2430 2816 2624 2855 rerum
2658 2802 2875 2854 statum
2903 2795 3290 2852 exhibendam
3311 2810 3427 2848 non
3441 2792 3658 2847 habeo:
3688 2789 3831 2845 alio-

2181 2891 2346 2962 quin,
2379 2889 2510 2961 ipsa
2529 2905 2656 2960 quae
2674 2891 2814 2943 tunc
2828 2884 3038 2957 scripsi
3059 2885 3235 2939 verba
3254 2881 3342 2938 vel
3366 2881 3562 2952 potius
3588 2879 3828 2951 integrae

2182 2978 2438 3051 epistolae
2462 2975 2756 3046 exemplar
2776 2969 3387 3044 misissem,quod,ubi
3413 2968 3828 3042 potero,facere

2183 3085 2295 3124 non
2311 3063 2992 3122 omittam.Meminivero
3011 3063 3304 3135 probeque
3325 3059 3444 3115 scio
3464 3075 3556 3114 me
3573 3055 3830 3130 plurima

2181 3173 2375 3212 rerum
2395 3171 2518 3225 quae
2541 3155 2804 3226 ejusdem
2821 3153 2940 3208 sint
2964 3150 3194 3224 generis
3216 3148 3484 3220 exempla
3497 3145 3831 3219 proposuis-

2184 3264 2265 3302 se.
2298 3251 2564 3316 Namque
2593 3243 2713 3298 dixi
2741 3242 3003 3316 plantam
3036 3257 3104 3296 ex
3133 3239 3357 3295 semine
3385 3237 3472 3292 vel
3525 3252 3595 3292 ex
3633 3234 3832 3290 radice

1933 3307 2071 3402 μήτε
2101 3307 2144 3375 C
2184 3307 2486 3399 exortam;
2501 3332 2674 3388 aliam
2705 3307 2833 3387 esse
2865 3331 2935 3386 ab
2969 3346 3034 3384 eo
3065 3328 3222 3383 unde
3243 3326 3530 3398 producta
3557 3331 3670 3392 est,
3701 3338 3832 3379 esse

2182 3428 2376 3479 tamen
2409 3423 2674 3494 ejusdem
2707 3424 2959 3487 naturae;
2985 3416 3230 3473 ﬂuvium
3264 3414 3531 3470 similiter
3562 3429 3628 3468 ex
3675 3413 3832 3468 fonte

2181 3516 2554 3569 emanantem
2577 3509 2732 3565 aliud
2759 3523 2971 3564 nomen
2997 3506 3428 3575 habere,neque
3440 3501 3597 3558 enim
3609 3501 3832 3557 fontem

2181 3601 2296 3656 dici
2330 3600 2592 3669 ﬂuvium,
2625 3613 2815 3670 neque
2851 3593 3375 3661 ﬂuvium,fontem,
3399 3596 3720 3662 utrumque
3742 3588 3833 3645 ni-

2180 3689 2505 3746 hilominus
2534 3687 2832 3756 exsistere,
2855 3685 2939 3741 ita
2965 3688 3031 3740 ut
3060 3681 3272 3738 ﬂuvius
3303 3681 3381 3737 sit
3401 3696 3556 3751 aqua
3576 3695 3646 3734 ex
3675 3677 3834 3734 fonte

2181 3778 2501 3851 proﬂuens.
2531 3798 2558 3826 »

2251 3868 2339 3920 ‘26.
2372 3866 2535 3930 Quod
2595 3867 2788 3920 autem
2837 3861 2938 3918 Dei
2989 3861 3247 3916 Verbum
3305 3874 3410 3914 nec
3454 3857 3675 3913 factum
3723 3870 3832 3911 nec

2181 3959 2440 4011 creatum
2473 3954 2568 4019 sit,
2611 3953 2712 4008 sed
2737 3951 3006 4025 proprius
3027 3953 3084 4005 et
3101 3947 3442 4004 individuus
3461 3944 3652 4001 Patris
3674 3943 3828 4000 182

2181 4042 2522 4100 substantiae
2553 4041 2724 4108 fetus,
2759 4043 2825 4096 ut
2855 4038 3093 4110 scripsit
3122 4053 3337 4108 magna
3367 4035 3626 4108 synodus
3651 4049 3664 4088 :
3696 4049 3830 4089 ecce

2179 4131 2492 4203 Dionysius
2523 4145 2756 4202 quoque
2787 4129 2979 4184 Romae
3009 4125 3318 4197 episcopus
3340 4122 3604 4180 scribens
3628 4127 3833 4178 contra

2179 4219 2561 4289 Sabellianos,
2595 4218 2687 4273 his
2718 4217 2912 4272 verbis
2970 4216 3250 4270 adversus
3308 4211 3440 4268 illos
3488 4212 3832 4284 indignatur

2179 4309 2281 4381 qui
2312 4307 2453 4364 talia
2482 4308 2699 4362 audent
2718 4306 2930 4360 dicere.
2951 4326 2979 4353 «
3006 4304 3139 4358 Jam
3160 4319 3315 4367 vero,
3342 4301 3554 4373 inquit,
3571 4315 3829 4371 aequum,

2179 4397 2355 4453 fuerit
2384 4398 2664 4452 adversus
2696 4392 2827 4449 illos
2857 4393 3180 4464 disputare,
3211 4391 3311 4463 qui
3343 4388 3830 4462 augustissimam

2178 4487 2280 4542 Dei
2311 4486 2578 4542 Ecclesiae
2608 4482 3102 4556 praedicationem,
3162 4478 3565 4535 monarchiam
3603 4476 3663 4530 in
3711 4479 3833 4532 tres

2180 4577 2468 4648 quaedam
2495 4574 2736 4628 virtutes
2767 4588 2833 4626 ac
2865 4571 3163 4641 separatas
3192 4568 3541 4639 hypostases
3592 4569 3831 4636 tresque

419 4659 722 4737 μοναρχίαν
754 4659 830 4722 εἰς
862 4663 1008 4734 τρεῖς
1042 4655 1293 4732 δυνάμεις
1337 4661 1485 4722 τινὰς
1536 4661 1624 4715 καὶ
1669 4664 2063 4738 μεμερισμένας

2179 4667 2509 4722 divinitates
2532 4661 2819 4728 dividunt,
2845 4657 3210 4724 discindunt,
3235 4657 3684 4725 destruuntque.
3708 4659 3828 4708 Au-

417 4750 735 4812 ὑποστασεις
789 4748 878 4803 καὶ
927 4747 1184 4817 θεότητας
1236 4754 1403 4825 τρεῖς·
1453 4749 1731 4822 πέπυσμαι
1783 4754 1884 4826 γὰρ
1934 4754 2066 4809 εἶναι

411 4859 564 4902 τινας
610 4843 716 4894 τῶν
767 4839 894 4913 παρ’
955 4838 1079 4910 ὑμῖν
1132 4838 1518 4912 κατηχούντων
1568 4840 1656 4894 καὶ
1704 4839 2062 4899 διδασκόντων

412 4927 502 4981 τὸν
537 4929 678 4983 θεῖον
715 4927 887 5002 Λόγον
919 4926 1120 4997 ταύτης
1164 4928 1447 5002 ὑφηγητάς
1491 4936 1590 4997 τῆς
1647 4933 1980 5004 φρονήσεως,
2014 4935 2066 4987 οἳ

411 5018 549 5071 κατά
599 5013 916 5093 διάμετρον,
963 5017 1036 5079 ὡς
1084 5011 1210 5078 ἔπος
1258 5016 1447 5088 εἰπεῖν,
1501 5017 1820 5074 ἀντίκεινται
1862 5025 1928 5095 τῇ
1960 5029 2064 5076 Σα-

482 5170 529 5206 ⁸⁸
557 5169 727 5226 Joan.
762 5186 800 5237 ι,
835 5169 921 5223 14.

415 5335 820 5414 ’ᾼλεξαυδρέως
851 5335 1186 5414 λόγοιέπτά,
1219 5339 1344 5414 οὗή
1393 5341 1689 5414 ἐπιγραφή,
1741 5349 1845 5399 Τοῦ
1899 5366 2067 5414 μακα,

416 5399 947 5491 ρίου-’Θεόγνῴστού
1003 5399 1405 5486 Ἀλεξανδρέως
1464 5399 1553 5467 κΞῖ
1604 5399 2071 5491 lamnas

411 5483 723 5544 τυπώσεις(
755 5483 930 5539 Lectae
969 5486 1096 5538 sunt
1155 5483 1475 5554 Thebgnosti
1533 5483 1903 5546 Alexandrini
1948 5507 2071 5546 ora-

415 5558 591 5633 tiones
627 5557 849 5633 septem,
892 5555 1048 5633 cujus
1072 5559 1279 5633 aperis
1305 5558 1418 5613 haec
1442 5565 1519 5613 est
1540 5562 1865 5633 inscriptio,
1917 5563 2074 5618 Beati

416 5627 750 5749 Theo’ynosti
771 5626 1146 5714 Alexandrini
1172 5632 1222 5683 et
1257 5629 1572 5716 interpretis
1604 5626 1996 5705 Hypbtypbses.

490 5699 539 5749 (1
589 5704 601 5749 l
632 5698 704 5749 Et
732 5693 783 5749 δί
816 5717 932 5749 ουν.
965 5698 1172 5749 sunnle
1229 5717 1398 5749 εινον-
1459 5706 1763 5749 onmmndp.
1808 5706 1996 5749 reddit.

490 5693 601 5768 (17)
632 5698 704 5752 Et
732 5693 783 5749 δί
816 5695 932 5780 οῦν,
965 5698 1172 5780 supple
1229 5693 1415 5780 εἶχονξ
1459 5693 1763 5780 commode
1787 5693 2072 5780 "redditur

418 5785 522 5842 per
549 5784 750 5826 vocem
781 5768 1056 5843 alioquin,
1081 5768 1154 5826 ut
1182 5768 1362 5844 patet,
1395 5776 1551 5845 quod
1614 5777 1754 5848 quia
1799 5777 2072 5832 videntur

2177 4757 2292 4811 divi
2326 4754 2482 4808 enim
2515 4750 2805 4823 quosdam
2838 4765 2908 4803 ex
2937 4746 3050 4816 his,
3094 4746 3196 4818 qui
3227 4745 3382 4817 apud
3413 4761 3516 4799 vos
3562 4741 3828 4798 divinum

2176 4846 2430 4902 Verbum
2469 4841 2782 4913 pradicant
2799 4843 2855 4893 et
2875 4839 3103 4900 docent,
3129 4835 3309 4906 hujus
3327 4832 3622 4906 opinionis
3643 4830 3828 4904 magi-

2178 4939 2330 4991 stros
2364 4948 2512 4998 esse,
2546 4928 2644 5001 qui
2678 4928 2912 5000 quidem
2951 4943 3019 4981 ex
3050 4925 3357 4991 diametro,
3394 4927 3458 4978 ut
3487 4921 3568 4976 ita
3595 4920 3826 4993 loquar,

2177 5017 2739 5080 Sabelliisententiae
2791 5017 3193 5073 adversantur.
3224 5013 3387 5068 Illius
3437 5009 3594 5066 enim
3641 5007 3702 5064 in
3751 5023 3820 5064 eo

2177 5365 2293 5404 non
2325 5341 2807 5403 animadvertisse
2827 5339 3197 5411 interpretes,
3221 5347 3524 5408 perperam
3553 5331 3712 5388 hunc
3743 5331 3830 5388 lo~

2183 5437 2314 5476 cum
2346 5419 2667 5473 verterunt.

2251 5492 2364 5560 (18)
2397 5489 2492 5544 Sic
2523 5478 2919 5560 Reg.-Caeter_i
2971 5486 3166 5538 autem
3213 5482 3268 5535 et
3304 5474 3465 5543 editi,
3518 5478 3701 5542 πᾶσιν,
3763 5477 3829 5529 ut

2181 5567 2237 5619 et
2260 5553 2414 5633 legit
2436 5553 2639 5613 Ambr'.
2671 5553 2932 5633 Camald.

2253 5625 2363 5704 (18)
2392 5631 2532 5702 Reg.
2563 5633 2664 5704 τῆς
2697 5625 2932 5704 omittit.

2278 5698 2364 5776 17)
2393 5698 2506 5776 Tw”;
2529 5703 2692 5776 abest
2723 5715 2757 5753 a
2788 5698 2927 5776 Reg.

2272 5766 2360 5847 20)
2396 5775 2535 5844 Reg.
2568 5771 2696 5832 τούς
2726 5766 3217 5842 καταδιαιροῦντας.
