4152 6438
397 472 516 536 465

1476 468 1579 531 DE
1622 462 2007 531 DECRETIS
2054 464 2394 530 NICENJE
2438 464 2749 531 SYNODI.

3694 465 3813 529 466

329 637 339 645 -
395 603 554 660 θείων
612 599 818 679 λογίων
874 603 1247 679 γεγεννῆσθαι,
1310 598 1435 657 ἀλλ’
1493 601 1554 657 οὐ
1616 600 1896 676 γεγονέναι
1952 598 2044 654 τὸν

2177 601 2364 657 :nultis
2396 601 2454 656 in
2478 600 2620 659 locis
2641 602 2897 675 genitum
2924 616 3060 658 eum
3084 599 3305 669 dicunt,
3328 614 3621 673 nusquam
3654 599 3809 656 188

398 693 520 749 T't6v
578 690 875 767 λεγόμενον
940 690 1087 767 εὕροι
1138 712 1222 753 τις
1280 690 1339 745 ἄν
1377 711 1388 723 ·
1457 691 1542 769 ὑφ’
1599 691 1673 743 ὧν
1730 691 2052 766 καταφανῶς

401 780 726 857 ἐλέγχονται
774 784 841 836 τὰ
902 780 1214 854 ψεύδη
1265 781 1387 854 περὶ
1434 787 1534 850 τῆς
1565 784 1662 834 τοῦ
1696 777 1893 855 Κυρίου
1924 798 2052 852 γεν-

395 874 606 941 νήσεως
662 865 1140 943 ὑπολαμϐάνοντες
1192 871 1243 924 οἱ
1282 870 1504 938 ποίησιν
1563 868 1727 923 αὑτοῦ
1764 869 1864 935 τὴν
1906 868 2049 921 θείαν

396 961 487 1016 καὶ
535 959 772 1036 ἄρῥητον
823 960 1071 1034 γέννησιν
1124 957 1301 1035 λέγειν
1359 957 1675 1031 τολμῶντες
1707 1002 1719 1014 .
1777 954 1899 1010 Οὕτ’
1960 955 2051 1010 οὗν

397 1049 774 1122 καταμερίζειν
828 1050 939 1123 χρή
988 1047 1063 1110 εἰς
1110 1054 1254 1121 τρεῖς
1305 1046 1563 1116 θεότητας
1603 1048 1702 1115 την
1736 1046 2049 1118 θαυμαστὴν

398 1138 489 1193 καὶ
521 1137 663 1192 θείαν
718 1134 943 1209 μονάδα·
1001 1134 1124 1191 οὔτε
1178 1138 1397 1206 ποιήσει
1444 1134 1680 1191 κωλύειν
1727 1135 1790 1189 τὸ
1839 1134 2055 1206 ἀξίωμα

396 1226 488 1282 καὶ
517 1227 581 1281 τὸ
614 1221 958 1301 ὑπερϐάλλον
1000 1228 1227 1301 μέγεθος
1278 1231 1374 1281 τοῦ
1430 1225 1649 1301 Κυρίου·
1699 1222 1845 1278 ἀλλὰ
1891 1244 2051 1277 πεπι-

397 1316 669 1371 στευκέναι
730 1316 806 1377 εἷς
859 1316 987 1371 Θεὸν
1050 1315 1261 1389 Πατέρα
1317 1316 1765 1389 παντοκράτορα,
1828 1313 1919 1367 καὶ
1978 1310 2055 1373 εἰς

396 1406 622 1479 Χριστὸν
682 1402 889 1473 Ἰησοῦν
949 1404 1039 1458 τὸν
1081 1402 1202 1458 Υίὸν
1260 1404 1445 1473 αὑτοῦ,
1503 1404 1593 1457 καὶ
1654 1403 1732 1464 εἰς
1779 1403 1842 1456 τὸ
1895 1402 2051 1476 ἅγιον

401 1497 638 1567 Πνεῦμα,
691 1496 929 1562 ἡνῶσθαι
960 1491 1019 1548 δὲ
1061 1498 1141 1564 τῷ
1195 1498 1310 1564 Θεῷ
1355 1497 1461 1547 τῶν
1513 1492 1657 1547 6'va
1712 1492 1801 1547 τὸν
1856 1490 2059 1566 Λόγον·

396 1585 543 1658 Ἐγὼ
609 1584 734 1659 γὰρ,
805 1582 959 1660 φησὶ,
1027 1582 1115 1637 καὶ
1183 1584 1211 1637 6
1279 1583 1464 1654 Πατὴρ
1534 1579 1585 1635 ἔν
1657 1580 1817 1653 ἐσμεν
1865 1599 1877 1611 ·
1944 1581 2057 1650 καὶ,

403 1673 549 1747 Ἐγὼ
581 1671 632 1726 έν
672 1676 752 1743 τῷ
800 1672 992 1745 Πατρὶ,
1042 1672 1131 1726 καὶ
1173 1673 1202 1726 6
1253 1672 1437 1744 Πατὴρ
1489 1669 1539 1725 έν
1575 1669 1719 1743 ἐμοί.
1769 1668 1923 1723 Οὕτω
1955 1668 2058 1743 γὰρ

402 1760 571 1817 ἃνκαὶ
600 1763 635 1829 ἠ
677 1760 792 1815 θεία
820 1761 1002 1838 Τριάς,
1054 1760 1142 1814 καὶ
1192 1760 1255 1815 τὸ
1304 1760 1457 1834 ἅγιον
1488 1762 1751 1834 κήρυγμα
1793 1764 1894 1827 τῆς
1929 1776 2059 1831 μον-

406 1849 607 1926 αρχίας
639 1848 984 1919 διασώζοιτο.
1022 1874 1049 1901 ››

2162 707 2293 747 vero
2325 691 2541 747 factum
2575 708 2589 745 :
2623 708 2689 746 ex
2725 692 2939 763 quibus
2972 694 3171 763 aperte
3204 689 3636 745 convincuntur
3668 686 3813 745 falsa

2162 780 2234 834 de
2292 780 2521 836 Domini
2573 781 2947 852 generatione
2991 779 3238 851 opinari,
3288 778 3350 833 hi
3398 776 3501 850 qui
3552 777 3811 832 divinam

2162 870 2291 939 ejus
2344 872 2519 940 atque
2567 869 3037 941 inexplicabilem
3088 867 3557 941 generationem,
3609 865 3812 922 factio-

2164 974 2295 1013 nem
2329 957 2546 1012 audent
2590 958 2801 1013 dicere.
2836 958 3038 1029 Itaque
3088 956 3454 1012 admirabilis
3501 954 3816 1026 divinaque

2164 1045 2361 1101 unitas
2401 1046 2460 1101 in
2508 1049 2626 1101 tres
2658 1045 2989 1101 divinitatea
3038 1064 3153 1102 non
3198 1050 3287 1101 est
3334 1044 3678 1118 separanda,
3713 1059 3813 1098 ne-

2164 1150 2277 1206 que
2311 1135 2579 1190 factionis
2610 1135 2887 1191 vocabulo
2911 1136 3169 1209 dignitas
3199 1150 3551 1206 summaque
3585 1132 3812 1189 Domini

2166 1225 2513 1297 magnitudo
2563 1230 2652 1280 est
2708 1225 3121 1291 diminuenda;
3173 1225 3274 1280 sed
3324 1224 3678 1280 credendum
3726 1225 3817 1277 est

2165 1313 2225 1369 in
2269 1314 2453 1368 Deum
2498 1313 2724 1369 Patrem
2770 1314 3254 1386 omnipotentem,
3302 1318 3358 1368 et
3407 1313 3465 1368 in
3514 1311 3813 1368 Christum

2162 1403 2364 1459 Jesum
2414 1403 2543 1473 ejus
2594 1402 2827 1473 Filium,
2878 1407 2935 1457 et
2984 1402 3045 1458 in
3092 1402 3373 1474 Spiritum
3425 1407 3714 1468 sanctum,
3750 1417 3815 1455 ac

2168 1492 2425 1546 Verbum
2460 1497 2570 1546 Deo
2604 1491 3010 1547 universorum
3047 1508 3175 1548 esse
3207 1491 3461 1546 unitum.
3489 1491 3604 1563 Ego
3635 1490 3815 1558 enim,

2168 1580 2380 1654 inquit,
2412 1582 2476 1636 Et
2504 1586 2675 1637 Pater
2722 1597 2897 1636 unum
2941 1580 3199 1648 sumus“;
3250 1584 3327 1648 et,
3359 1582 3476 1651 Ego
3518 1580 3581 1633 in
3628 1580 3818 1645 Patre,

2168 1678 2219 1726 et
2247 1672 2411 1726 Pater
2456 1672 2517 1725 in
2564 1687 2649 1726 me
2676 1674 2751 1725 est
2772 1672 2812 1725 ⁷.
2848 1671 2933 1725 Ita
2964 1669 3187 1725 scilicet
3233 1668 3429 1724 divina
3479 1668 3736 1724 Trinitas
3767 1670 3825 1723 et

2169 1763 2374 1814 sancta
2439 1759 2793 1815 monarchiae
2859 1759 3194 1832 praedicatio
3259 1758 3489 1830 integra
3565 1756 3822 1813 servabi-

2171 1852 2289 1904 tur.
2320 1871 2348 1897 ››

475 1940 565 1994 27.
598 1939 729 2011 Περὶ
786 1935 843 1992 δὲ
896 1942 994 1993 τοῦ
1060 1936 1253 1999 ἀϊδίως
1319 1942 1554 1991 συνεῖναι
1617 1936 1711 1991 τὸν
1767 1935 1942 2011 Λόγον
1981 1941 2061 2008 τῷ

2244 1938 2335 1991 27.
2370 1939 2532 2003 Quod
2577 1943 2772 1994 autem
2801 1937 3057 1995 Verbum
3108 1938 3181 1993 ab
3231 1937 3553 1994 aaternitate
3584 1936 3661 1992 sit
3689 1951 3823 1992 cum

408 2027 603 2103 Πατρὶ,
662 2028 871 2100 καὶμὴ
929 2028 1112 2103 ἑτέρας
1178 2026 1364 2089 οὐσίας
1422 2028 1457 2095 ἣ
1516 2027 1878 2094 ὑποστάσεως,
1922 2024 2067 2080 ἀλλά

415 2122 518 2185 τῆς
555 2121 653 2172 τοῦ
703 2117 912 2191 [ἰατρὸς
971 2115 1107 2172 ἴδιον
1173 2116 1331 2171 αὑτὸν
1384 2115 1539 2185 εἶναι,
1582 2115 1659 2177 ὡς
1699 2115 1973 2189 εἰρήκασιν
2013 2115 2066 2168 οἱ

418 2205 470 2262 ἓν
529 2210 599 2279 τῇ
640 2203 871 2279 συνόδῳ,
912 2205 1106 2277 ἐξέστω
1144 2204 1310 2261 πάλιν
1351 2206 1491 2279 ὑμᾶς
1533 2205 1756 2259 ἀκοῦσαι
1794 2204 1883 2258 καὶ
1922 2204 2068 2277 παρά

416 2299 513 2351 τοῦ
544 2293 849 2373 φιλοπόνου
877 2290 1209 2370 Ὠριγένους.
1241 2298 1306 2350 Ἃ
1362 2295 1456 2367 μὶν
1507 2296 1610 2371 γάρ
1642 2294 1717 2356 ὡς
1767 2297 1941 2362 ζητῶν
1977 2292 2067 2347 καὶ

418 2385 704 2457 γυμνάζων
754 2380 976 2460 ἔγραψε,
1034 2388 1201 2438 ταῦτα
1261 2386 1336 2457 μὴ
1397 2386 1473 2446 ὡς
1531 2382 1696 2438 αὐτοῦ
1741 2387 2066 2460 φρονοῦντος

419 2468 659 2548 δεχέσθω
713 2491 819 2535 τιςο
880 2471 1026 2528 ἀλλὰ
1054 2475 1167 2547 (27)
1196 2477 1304 2529 τῶν
1362 2474 1498 2547 πρὸς
1542 2470 1655 2547 ἓριν
1701 2471 2063 2550 φιλονεικούν-

415 2582 521 2616 των
591 2560 644 2616 ὲν
726 2566 806 2633 τῷ
880 2567 1058 2632 ζητεῖν
1093 2607 1111 2635 ,
1181 2561 1349 2625 ἀδεῶς
1417 2562 1613 2637 ὁρίζων
1690 2562 2066 2640 ἀποφαίνεται,

413 2654 575 2705 τοῦτο
617 2652 732 2723 (28)
776 2655 875 2705 τοῦ
934 2650 1235 2728 φιλοπόνου
1288 2653 1350 2707 τὸ
1410 2651 1665 2729 φρόνημά
1724 2650 1832 2706 ἐστι
1864 2695 1876 2708 .
1923 2651 2069 2705 Μετά

414 2744 544 2813 γοῦν
589 2739 659 2794 τὰ
713 2741 791 2801 ὡς
829 2740 881 2795 ἐν
940 2740 1216 2815 γυμνασίᾳ
1265 2739 1538 2815 λεγόμενα
1574 2740 1710 2815 πρὸς
1750 2740 1877 2803 τοὺς
1919 2741 2062 2814 αἱρε-

413 2826 598 2889 τικοὺς
658 2827 812 2891 εὐθὺς
867 2828 1028 2891 αὐτὸς
1069 2828 1311 2907 ἐπιφέρει
1361 2831 1428 2885 τὰ
1466 2827 1599 2899 ἴδια,
1642 2828 1820 2904 λέγων
1863 2829 2063 2890 οὕτως·

420 2941 448 2968 ι(
478 2917 544 2973 Ei’
568 2912 709 2972 ἔστιν
743 2917 905 2973 εἰκὼν
926 2922 1024 2973 τοῦ
1055 2924 1190 2974 Θεοῦ
1218 2924 1315 2974 τοῦ
1345 2920 1599 2992 ἀοράτου,
1624 2918 1854 2994 ἀόρατος
1885 2918 2066 2972 εἰκών·

419 3004 530 3079 ἐγὼ
588 3002 647 3061 δὶ
700 3006 989 3079 τολμήσας
1037 3007 1328 3081 προσθείην
1381 3006 1463 3080 ἂν,
1522 3006 1607 3062 ὅτι
1663 3009 1754 3062 καὶ
1803 3006 2069 3079 ὁμοιότης

418 3096 706 3171 τυγχάνων
746 3100 844 3150 τοῦ
902 3097 1112 3173 Πατρὸς
1172 3096 1270 3152 οὐκ
1336 3094 1476 3151 ἔστιν
1518 3096 1607 3151 ὅτε
1664 3095 1762 3151 οὑκ
1799 3097 1888 3165 ἦν.
1931 3095 2071 3151 Πότε

418 3185 523 3259 γὰρ
565 3185 593 3238 ὁ
632 3184 783 3257 Θεὸς,
826 3185 854 3239 6
894 3185 1030 3239 κατὰ
1056 3186 1148 3239 τὸν
1188 3186 1444 3254 Ἰωάννην
1497 3189 1612 3263 φῶς
1664 3183 1965 3259 λεγόμενος
1996 3190 2069 3258 (Ὁ

418 3272 551 3334 Θεὸς
616 3275 720 3349 γὰρ
787 3276 901 3350 φῶς
962 3272 1127 3347 ἐστιν)
1167 3321 1182 3347 ,
1225 3273 1557 3348 ἀπαύγασμα
1623 3272 1722 3328 οὐκ
1788 3274 1903 3350 εἶχε
1966 3280 2067 3342 τῆς

2178 2026 2364 2095 Patre,
2396 2044 2500 2083 nec
2558 2026 2799 2083 alterius
2858 2045 3036 2099 quam
3094 2028 3283 2083 Patris
3344 2026 3686 2083 substantias
3735 2023 3825 2080 vel

2177 2116 2513 2189 hypostasis
2544 2118 2816 2190 proprius
2849 2118 2945 2183 sit,
2982 2122 3047 2172 ut
3077 2116 3393 2173 declaravit
3436 2116 3718 2188 synodus,
3754 2114 3823 2169 li-

2177 2210 2304 2261 ceat
2333 2223 2435 2262 vos
2472 2206 2687 2261 iterum
2731 2224 2764 2261 a
2806 2205 3095 2263 laborioso
3125 2206 3373 2279 Origene
3421 2205 3643 2261 audire.
3675 2204 3824 2259 Nam

2178 2310 2306 2366 quas
2338 2294 2435 2350 ille
2463 2294 2621 2352 velut
2648 2296 2957 2369 inquirens
2986 2301 3044 2351 et
3073 2296 3382 2367 disputans
3414 2294 3672 2367 scripsit,
3707 2310 3821 2349 non

2178 2383 2260 2439 ita
2291 2384 2627 2456 accipienda
2657 2390 2813 2451 sunt,
2849 2385 3013 2458 quasi
3047 2384 3129 2441 sic
3171 2385 3297 2457 ipse
3327 2384 3588 2449 sentiret,
3621 2383 3722 2438 sed
3755 2398 3825 2438 ex

2179 2487 2381 2528 eorum
2414 2478 2607 2529 mente
2629 2473 2980 2544 quibuscum
3014 2473 3277 2545 disputat
3298 2490 3311 2528 :
3336 2476 3396 2527 at
3420 2489 3547 2543 quae
3578 2472 3827 2527 fidenter

2178 2561 2385 2617 definit
2415 2568 2473 2617 et
2503 2563 2778 2629 affirmat,
2801 2563 2921 2618 haec
2945 2579 3078 2618 vera
3098 2567 3187 2618 est
3205 2562 3310 2617 viri
3333 2562 3513 2633 hujus
3540 2576 3822 2633 perquam

2179 2652 2431 2708 studiosi
2462 2652 2771 2707 sententia.
2804 2654 3005 2723 Itaque
3036 2656 3165 2724 post
3208 2668 3276 2707 ea
3307 2668 3433 2723 quae
3464 2648 3824 2705 exercitatio-

2181 2740 2274 2796 nis
2304 2740 2493 2813 gratia
2518 2742 2590 2797 ad
2622 2742 2925 2797 haereticos
2952 2741 3119 2807 dixit,
3143 2740 3345 2797 statim
3375 2738 3669 2812 propriam
3703 2739 3827 2810 ipse

2179 2834 2437 2885 mentem
2469 2831 2562 2887 his
2591 2831 2782 2886 verbis
2813 2830 3051 2903 exponit
3076 2872 3086 2884 .
3114 2853 3141 2879 «
3176 2829 3237 2886 Si
3265 2833 3355 2884 est
3384 2829 3577 2899 imago
3609 2827 3709 2883 Dei
3739 2827 3828 2882 in-

2177 2920 2450 2987 visibilis,
2498 2920 2808 2977 invisibilis
2843 2936 3076 2993 quoque
3118 2923 3207 2976 est
3254 2919 3383 2993 ipsa
3429 2918 3643 2991 imago.
3679 2916 3829 2983 Quin

2180 3010 2356 3066 etiam
2386 3010 2601 3066 addere
2630 3011 2821 3065 ausim
2854 3027 2987 3065 cum
3010 3010 3087 3065 sit
3114 3007 3443 3065 similitudo
3477 3006 3690 3075 Patris,
3712 3023 3828 3062 non

2181 3116 2353 3171 posse
2384 3099 2506 3153 ﬁeri
2546 3102 2611 3153 ut
2641 3098 2957 3170 aliquando
3006 3114 3124 3153 non
3174 3097 3368 3152 fuerit.
3402 3096 3643 3161 Quando
3674 3096 3830 3150 enim

2180 3188 2355 3257 Deus,
2375 3204 2550 3260 quem
2575 3188 2834 3244 Joannes
2867 3187 3057 3243 lucem
3090 3185 3344 3258 appellat
3365 3186 3528 3258 (nam
3554 3186 3697 3240 Deus
3725 3182 3834 3239 (ua:

2182 3278 2345 3348 est”),
2380 3276 2625 3349 propriae
2656 3276 2851 3349 gloriae
2884 3275 3198 3348 splendore
3228 3274 3436 3343 caruit,
3472 3278 3535 3329 ut
3566 3273 3699 3346 quis
3730 3290 3835 3328 au-

420 3358 562 3423 ἰδίας
594 3341 882 3433 δόξης,’ίνα
908 3341 1196 3435 τολμήσας
1225 3382 1309 3424 τις
1340 3341 1518 3438 ἀρχὴν
1554 3361 1632 3434 δῷ
1656 3362 1784 3418 εἶναι
1808 3341 1936 3417 ἶίῖοῦ

2184 3341 2339 3422 deat
2373 3341 2727 3439 principiuvm
2778 3341 3094 3422 exsistendi
3145 3364 3286 3421 Filio
3331 3341 3608 3433 tribuere,
3664 3362 3834 3434 quasi

418 3450 677 3524 πρότερον
736 3450 835 3506 οὐκ
880 3446 1038 3514 ὄντος
1070 3470 1084 3519 ;
1119 3450 1258 3506 Πότε
1315 3449 1373 3506 δὲ
1430 3454 1465 3520 ἡ
1518 3458 1622 3520 τῆς
1677 3451 1920 3528 ἀρρήτου
1980 3453 2069 3506 καὶ

419 3540 859 3613 ἀκατονομάστου
919 3538 1008 3594 καί
1067 3541 1367 3617 ἀφθέγκτου
1429 3540 1774 3602 ὑποστάσεως
1821 3541 1918 3595 τοῦ
1961 3548 2069 3596 Πα-

416 3629 543 3705 τρὸς
584 3628 742 3685 εἰκὼν
786 3630 918 3703 (30),
978 3629 1009 3683 6
1066 3630 1374 3703 χαρακτὴρ,
1437 3628 1636 3703 Λόγος,
1697 3631 1726 3683 6
1786 3631 2070 3703 γινώσκων

414 3715 508 3773 τόν
549 3718 779 3792 Πατέρα,
822 3716 921 3772 οὐκ
955 3720 1062 3787 ἧν;
1107 3718 1445 3772 Κατανοείτω
1485 3719 1589 3793 γάρ
1630 3720 1658 3773 6
1696 3717 1923 3791 τολμῶν
1982 3720 2072 3773 καὶ

418 3806 619 3880 λέγων,
676 3811 773 3859 Ἦν
814 3827 947 3861 ποτε
1003 3807 1093 3861 ὅτε
1133 3806 1232 3861 οὐκ
1287 3810 1351 3875 ἦν
1395 3808 1423 3861 6
1486 3807 1631 3878 Υἱὸς,
1674 3807 1757 3863 ὅτι
1817 3808 1929 3883 ἐρεῖ
1983 3808 2072 3862 καὶ

415 3894 497 3949 τό·
534 3895 709 3972 Σοφία
748 3896 881 3950 ποτε
920 3895 1019 3951 οὐκ
1055 3896 1149 3965 ἦν,
1177 3895 1268 3951 καὶ
1316 3895 1491 3971 Λόγος
1524 3895 1627 3950 οὐκ
1670 3898 1760 3966 ἦν,
1802 3896 1915 3967 καὶ,
1949 3898 2069 3967 Ζωή

418 3982 517 4039 οὑκ
544 3990 632 4052 ῆν.
666 4008 693 4035 ››
722 3983 821 4039 Καὶ
853 3982 1017 4039 πάλιν
1050 3983 1102 4040 έν
1134 3983 1336 4058 ἑτέροις
1364 3984 1507 4040 οὕτω
1540 3984 1709 4061 λέγει·
1748 4011 1775 4037 ‹‹
1812 3984 1967 4041 Ἀλλ’
2011 3985 2072 4041 ού

413 4074 567 4147 θέμις
622 4072 763 4129 ἐστὶν
812 4071 939 4130 οὐδὲ
970 4074 1247 4130 ἀκίνδυνον
1302 4072 1393 4129 διὰ
1434 4077 1533 4143 τὴν
1588 4076 1857 4131 ἀσθένειαν
1908 4077 2070 4148 ἡμῶν

410 4163 495 4230 τὸ,
528 4162 652 4219 ὅσον
706 4164 787 4241 ἐφ’
830 4165 965 4236 ἡμῖν
1016 4167 1033 4237 (
1078 4167 1149 4238 1),
1204 4166 1611 4240 ἀποστερεῖσθαι
1650 4165 1743 4220 τὸν
1808 4162 1938 4221 Θεὸν
1974 4170 2073 4220 τοῦ

412 4251 495 4307 ἀεὶ
525 4251 777 4314 συνόντος
827 4252 975 4324 αὐτῷ
1026 4253 1208 4328 Λόγου
1263 4258 1612 4329 μονογενοῦς,
1667 4252 1857 4332 σοφίας
1916 4251 2072 4317 ὄντος

410 4343 449 4409 ἧ
478 4342 866 4417 προσέχαιρεν·
920 4341 1063 4396 οὕτω
1114 4343 1218 4418 γὰρ
1259 4340 1385 4399 οὐδὲ
1429 4344 1509 4397 ἀεὶ
1563 4342 1774 4418 χαίρων
1808 4345 2070 4415 νοηθήσε-

409 4451 520 4487 ται.
582 4454 610 4480 ››
665 4427 827 4488 Ἰδοὺ
882 4432 1047 4502 ἡμεῖς
1114 4431 1208 4503 μὲν
1267 4430 1327 4485 ἐκ
1382 4432 1634 4503 Πατὲρων
1697 4430 1774 4492 εἰς
1830 4432 2070 4505 Πατέρας

413 4513 791 4587 διαϐεϐηκέναι
848 4520 951 4587 τὴν
1002 4518 1265 4589 τοιαύτην
1307 4516 1546 4574 διάνοιαν
1604 4516 2068 4592 ἀποδεικνύομεν’

415 4607 570 4681 ὑμεῖς
612 4604 699 4678 δέ,
752 4609 798 4661 ὦ
846 4608 956 4662 νέοι
998 4604 1252 4663 Ἰουδαῖοι
1300 4608 1391 4662 καὶ
1438 4613 1536 4662 τοῦ
1568 4606 1778 4686 Καϊάφα
1813 4610 2068 4681 μαθηταὶ,

2182 3455 2405 3512 scilicet
2447 3461 2618 3512 antea
2668 3473 2781 3512 non
2831 3455 3077 3512 fuisset?
3125 3455 3509 3519 Quandonam
3538 3469 3673 3507 vero
3720 3470 3835 3507 non

2181 3549 2306 3601 erat
2334 3545 2615 3613 Verbum,
2668 3546 2942 3611 Verbum,
2994 3544 3258 3617 inquam,
3291 3543 3444 3615 quod
3494 3546 3552 3598 et
3602 3544 3833 3596 Patrem

2182 3633 2498 3706 cognoscit,
2533 3638 2590 3690 et
2618 3638 2707 3690 est
2736 3634 3039 3689 character
3069 3650 3135 3689 ac
3168 3633 3363 3704 imago
3395 3632 3662 3703 ejusdem
3695 3630 3836 3686 sub-

2183 3723 2413 3779 stantiae
2435 3725 2474 3790 ',
2509 3739 2639 3796 qua)
2683 3724 2857 3795 digne
2906 3739 3011 3778 nec
3059 3721 3329 3794 exprimi,
3364 3738 3470 3776 nec
3521 3719 3834 3786 nominari,

2184 3827 2289 3867 nec
2320 3813 2564 3884 proferri
2605 3812 2828 3883 possit?
2864 3811 3153 3883 Intelligat
3184 3810 3342 3866 enim
3376 3810 3474 3882 qui
3509 3808 3699 3865 dicere
3726 3824 3836 3863 au-

2183 3900 2301 3957 det.
2336 3901 2468 3956 Fuit
2509 3901 2826 3973 aliquando
2865 3917 3000 3956 cum
3051 3917 3166 3956 non
3216 3905 3372 3955 esset
3420 3898 3623 3966 Filius,
3678 3897 3836 3953 idem

2182 4006 2311 4046 esse
2342 4007 2408 4045 ac
2448 3990 2497 4044 si
2542 3990 2779 4055 diceret,
2812 3990 3112 4062 Sapientia
3158 3988 3476 4063 aliquando
3522 4005 3639 4043 non
3688 3990 3833 4059 erat,

2182 4080 2441 4134 Verbum
2465 4096 2579 4135 non
2602 4080 2983 4146 erat,et,Vita
3003 4095 3119 4136 non
3142 4078 3496 4135 erat.»1dem
3525 4094 3731 4133 rursus
3755 4076 3838 4131 ita

2180 4167 2320 4224 alibi
2351 4167 2646 4240 loquitur:
2698 4188 2719 4216 α
2742 4168 2959 4224 Verum
2993 4170 3156 4224 nefas
3178 4172 3287 4239 est,
3313 4184 3419 4224 nec
3451 4165 3710 4240 periculo
3741 4182 3836 4220 va-

2182 4262 2296 4329 cat,
2328 4263 2564 4329 propter
2594 4261 2853 4313 nostram
2885 4257 3523 4326 infirmitatem,l)eum,
3548 4258 3835 4327 quantum

2181 4345 2241 4400 in
2269 4346 2440 4401 nobis
2470 4351 2580 4411 est,
2614 4345 2913 4418 unigenito
2946 4346 3174 4416 privare
3204 4346 3390 4401 Verbo
3422 4345 3575 4416 quod
3612 4359 3838 4415 semper

2182 4451 2317 4491 cum
2348 4434 2448 4491 illo
2480 4435 2611 4501 fuit,
2644 4440 2697 4491 et
2728 4434 2831 4490 illa
2873 4438 3000 4489 erat
3042 4434 3331 4505 sapientia
3360 4449 3476 4505 qua
3506 4432 3833 4487 delectaba-

2180 4528 2279 4580 tur
2302 4526 2363 4579 ιθ.
2393 4524 2661 4595 Alioquin
2694 4540 2827 4578 eum
2860 4540 2975 4578 non
3003 4539 3236 4595 semper
3266 4522 3449 4577 fuisse
3479 4521 3832 4576 delectatum

2180 4612 2628 4686 intelligendum
2670 4612 2797 4668 erit.
2824 4630 2850 4662 n
2889 4612 2971 4667 En
3021 4611 3203 4684 igitur
3250 4628 3355 4667 nos
3409 4610 3645 4683 quidem
3682 4609 3834 4664 hanc

410 4694 563 4758 τίνας
615 4694 719 4773 ἄρα
746 4699 856 4752 τῶν
913 4696 1173 4772 ῥημάτων
1209 4697 1359 4771 ὑμῶν
1410 4692 1565 4773 ἔχετε
1593 4693 1760 4767 δεῖξαι
1788 4695 2028 4773 Πατέρας
2058 4719 2064 4767 ;

2185 4702 2536 4759 sententiam
2566 4719 2599 4757 a
2630 4701 2901 4757 Patribus
2931 4701 3003 4757 ad
3041 4700 3237 4756 Patres
3272 4700 3555 4757 transisse
3586 4700 3833 4755 demon-

416 4783 576 4843 Ἀλλ’
624 4783 821 4842 οὐδένα
868 4791 978 4842 τῶν
1029 4784 1307 4864 φρονίμων
1358 4786 1448 4841 καὶ
1494 4790 1674 4864 σοφῶν
1728 4785 1787 4841 ἂν
1844 4784 2068 4843 εἷ’ποιτε·

414 4876 612 4937 πάντες
670 4876 776 4951 γὰρ
846 4875 986 4948 ὑμᾶς
1044 4876 1473 4953 ἀποστρέφονται
1538 4873 1686 4945 πλὴν
1750 4875 1917 4949 μόνου
1974 4883 2071 4932 τοῦ

416 4958 701 5017 διαϐόλου·
741 4963 909 5037 μόνος
958 4966 1081 5041 γὰρ’
1114 4965 1239 5038 ὑμῖν
1286 4964 1444 5026 οὗτος
1490 4970 1591 5035 τῆς
1634 4963 1895 5036 τοιαύτης
1936 4966 2067 5021 ἀπο-

415 5050 635 5112 στασίας
665 5054 846 5128 πατὴρ
898 5054 1142 5129 γέγονεν,
1176 5054 1204 5108 6
1253 5051 1342 5108 καὶ
1391 5054 1527 5108 κατὰ
1570 5054 1670 5123 τὴν
1722 5053 1900 5130 ἀρχὴν
1943 5055 2069 5127 ὑμῖν

415 5140 732 5219 ἐπισπείρας
780 5142 881 5211 τὴν
927 5136 1170 5198 ἀσέϐειαν
1229 5142 1453 5212 ταύτην,
1511 5142 1601 5197 καὶ
1652 5147 1742 5197 νῦν
1796 5140 2068 5218 λοιδορεῖν

409 5232 510 5301 τήν
558 5230 948 5303 οἷκουμενικήν
1000 5230 1231 5289 σύνοδον
1282 5231 1473 5294 πείσας
1531 5232 1694 5305 ὑμᾶς,
1746 5231 1830 5288 ὅτι
1879 5234 1953 5305 μὴ
2005 5236 2081 5289 τὰ

2183 4797 2443 4849 stramus
2478 4808 2490 4847 :
2524 4807 2625 4846 vos
2654 4806 2811 4856 vero,
2844 4808 2876 4846 ο
2906 4790 3035 4846 novi
3065 4789 3252 4845 Judaei
3297 4794 3355 4845 et
3395 4788 3624 4861 Caiphae
3654 4786 3832 4844 disci-

2182 4881 2329 4954 puli,
2362 4898 2511 4953 quos
2544 4881 2740 4935 Patres
2772 4879 2873 4951 qui
2902 4879 3109 4936 vestris
3138 4879 3360 4935 voculis
3392 4877 3638 4934 taverint
3666 4876 3826 4933 exhi-

2180 4971 2317 5027 bere
2345 4969 2628 5042 potestis?
2658 4968 2897 5024 Nullum
2938 4974 3093 5025 certe
3134 4971 3483 5042 prudentem
3509 4973 3567 5023 et
3595 4967 3831 5041 sapien-

2180 5065 2298 5115 tem
2332 5076 2595 5131 unquam
2620 5058 2954 5131 proferetis;
2981 5074 3183 5114 omnes
3208 5057 3364 5113 enim
3387 5074 3421 5113 ει
3441 5056 3606 5113 vobis
3626 5057 3834 5112 abhor-

2181 5152 2310 5204 rent
2338 5152 2549 5220 praeter
2579 5164 2763 5202 unum
2797 5146 3120 5213 diabolum,
3154 5146 3257 5219 qui
3290 5163 3500 5219 nempe
3529 5145 3691 5202 solus
3721 5146 3830 5202 hu-

2170 5238 2275 5309 jus
2307 5241 2509 5293 vestraa
2541 5236 2883 5292 defectionis
2931 5242 3093 5308 pater
3121 5242 3178 5291 et
3216 5239 3417 5292 auctor
3457 5235 3702 5304 exstitit,
3730 5253 3830 5291 vo-

483 5369 506 5403 θ
533 5367 708 5428 ,Ιοοιιη
742 5386 801 5441 x,
831 5368 923 5425 30.
1000 5369 1019 5403 ⁷
1042 5367 1212 5427 Joan.
1245 5384 1364 5439 xxv,
1399 5370 1485 5425 10.
1562 5369 1583 5405 ⁸
1612 5369 1634 5425 Ι
1662 5369 1833 5427 Joan.
1868 5386 1907 5437 ι,
1938 5370 1992 5426 5.

2177 5372 2291 5431 ebr.
2321 5390 2361 5442 1,
2392 5372 2446 5427 3.
2524 5373 2570 5409 ¹⁰
2600 5371 2764 5427 Prov.
2798 5387 2920 5439 vni,
2953 5370 3042 5425 30.

484 5509 600 5636 ἓξὲξ
629 5508 1344 5636 gemmam

411 5578 798 5708 “ganeae
838 5578 1151 5655 legendum
1182 5578 1367 5655 αλλ’ἅ,
1400 5583 1578 5656 idque
1621 5584 1861 5640 omnino
1893 5584 2074 5657 exigit

484 5718 597 5799 (2_8)
637 5721 733 5799 Sic
789 5723 1089 5799 Beg.__Alii
1147 5729 1206 5799 et
1250 5725 1423 5799 editi,
1475 5723 1691 5799 τούτου.
1735 5724 1866 5784 Mox
1923 5728 2064 5799 Reg.

413 5792 560 5847 Μετὰ
579 5792 742 5866 γοῦν,
774 5792 1002 5853 ιώΓαΙίἰ
1033 5800 1091 5857 et
1117 5797 1269 5857 editis
1290 5792 1451 5855 Μετὰ
1477 5793 1592 5855 οὖν.

2250 5515 2364 5587 (29)
2397 5515 2585 5571 Editio
2616 5513 2964 5587 Parisiensis
3000 5511 3455 5587 particul_am_cb<
3489 5513 3653 5587 addit
3698 5518 3839 5569 ante

2179 5584 2598 5660 πρότεροι-βοά
2643 5586 2809 5660 abest
2838 5602 2873 5660 ε
2902 5584 3046 5660 mss.
3078 5588 3135 5639 et
3164 5584 3647 5660 edit._Commel.;
3697 5599 3826 5642 eam

2177 5655 2376 5715 tamen
2407 5657 2553 5713 nihil
2583 5661 2738 5729 vetat
2762 5657 2823 5711 in
2853 5656 3052 5729 Latino
3082 5655 3349 5729 exprimi.

2273 5730 2362 5801 30)
2394 5730 2539 5801 Reg:
2568 5725 2725 5801 εἰκών
2763 5725 3002 5801 omittit.

2271 5796 2362 5871 31)
2391 5796 2747 5871 ὃὶοἯεεὶυε.
2782 5797 2931 5856 Editi
2966 5802 3160 5857 autem
3191 5801 3281 5855 est
3312 5796 3434 5871 alii,
3465 5798 3644 5871 ἡμῶν.
