4152 6384
364 454 484 519 469

1439 455 1543 519 DE
1586 451 1972 518 DECRETIS
2015 453 2356 518 NIC/ENIE
2398 454 2710 521 SYNODI.

3663 451 3785 516 4'70

365 585 740 664 διηγησάμην.
792 585 882 644 καὶ
932 586 1084 644 αὐτοὶ
1135 584 1212 659 δέ,
1246 585 1393 664 εἶ’περ
1439 585 1539 663 ἄρα
1570 584 1838 658 δύνανται,
1875 587 2008 641 ἀπο-

2135 592 2383 662 synodus
2416 591 2522 647 has
2549 607 2718 646 voces
2748 606 2817 646 ex
2843 588 3153 645 substantia
3172 589 3226 644 et
3281 583 3782 643 consubstantialis

363 679 723 756 κρινέσθωσαν
773 683 892 741 πῶς
945 679 1098 754 εὗρον
1144 680 1242 748 τὴν
1290 674 1526 754 ἄγραφνν
1576 677 1774 748 ταύτην
1827 674 1969 747 λέξιν
1998 719 2012 744 ,

363 769 399 838 ἢ
445 789 577 839 ποιᾳ
625 766 836 840 διανοίᾳ
883 769 974 822 τὸν
1024 770 1150 822 Θεὸν
1202 767 1458 842 ἀγένητον
1521 765 1763 842 λέγουσι·
1826 763 2013 844 διαφό-

365 877 491 932 ρους
551 858 655 932 γὰρ
716 858 988 930 σημασίας
1047 853 1192 933 ἔχειν
1249 858 1310 911 τὸ
1367 852 1541 930 ὄνομα
1597 857 1807 926 ἀκήκοα
1841 899 1853 912 .
1914 856 2014 910 Λέ-

362 949 547 1021 γεςθαι
593 947 696 1022 γάρ
748 967 901 1024 φασιν
936 948 1050 1020 (36)
1081 947 1344 1021 ἀγένητον
1392 947 1452 1000 τὸ
1507 947 1674 1018 μήπω
1728 946 1820 1018 μὲν
1865 943 2016 1019 γενό-

367 1054 549 1108 μενον,
604 1031 897 1107 δυνάμενον
950 1032 1006 1088 δὲ
1062 1035 1326 1110 γενέσθαι·
1384 1034 1475 1089 καὶ
1533 1032 1698 1088 πάλιν
1751 1034 1812 1088 τὸ
1878 1035 2016 1106 μήτε

363 1124 632 1199 ὑπάρχον,
670 1125 806 1196 μήτε
861 1121 1151 1197 δυνάμενον
1193 1123 1270 1179 εἶτ
1316 1125 1379 1179 τὸ
1428 1123 1562 1178 εἶναι
1610 1121 1872 1198 γενέσθαι·
1925 1122 2014 1176 καὶ

357 1213 540 1287 τρίτον
595 1211 734 1267 ἐστὶν
797 1212 958 1267 αὐτοῦ
1007 1212 1428 1286 σημαινόμενον,
1485 1214 1548 1267 τὸ
1598 1213 1845 1289 ὑπάρχον
1894 1212 2012 1285 μὲν,

365 1305 504 1376 μήτε
533 1299 590 1357 δὲ
637 1302 888 1376 γενητὸν,
927 1303 1065 1375 μήτε
1111 1302 1290 1377 ἀρχὴν
1337 1301 1573 1378 ἐσχηκὸς
1627 1301 1705 1364 εἷς
1754 1302 1816 1355 τὸ
1858 1301 2014 1373 εἶναι,

362 1390 487 1446 ἀλλ’
534 1388 707 1446 ἀίδιον
762 1392 819 1446 ὃν
877 1391 966 1444 καὶ
1018 1389 1372 1469 ἀδιάφθορον.
1424 1393 1582 1453 Ἴσως
1638 1391 1730 1463 μὲν
1784 1387 1874 1444 οῦν
1919 1390 2016 1450 τὰς

359 1482 581 1555 πρώτας
640 1478 736 1535 δύο
784 1477 1024 1543 διανοίαις
1081 1480 1368 1554 παρελθεῖν
1428 1478 1769 1550 ἐθελήσουσι,
1823 1477 1911 1534 δια
1952 1476 2014 1532 td

361 1568 558 1625 ἐκεῖθεν
792 1565 1012 1624 ἄτοπον·
1068 1570 1205 1624 κατὰ
1255 1570 1358 1644 γὰρ
1413 1570 1511 1637 τὴν
1565 1569 1812 1642 πρώτην,
1872 1561 2018 1621 ἔσται

357 1659 426 1713 τά
453 1679 512 1712 τε
541 1655 650 1728 ἤδη
705 1657 972 1732 γενόμενα
1029 1659 1117 1712 καὶ
1173 1659 1239 1712 τὰ
1294 1655 1725 1732 προσδοκώμενα
1773 1657 2016 1730 γενέσθαι

364 1747 642 1821 ἀγένητα⁶
703 1762 761 1808 τὸ
825 1748 928 1822 γὰρ
1002 1744 1247 1820 δεύτερον
1305 1744 1472 1801 πλέον
1533 1744 1648 1822 ἔχει
1704 1745 1899 1800 τούτου
1960 1755 2019 1802 τὸ

364 1831 584 1890 ἄτοπον.
633 1836 752 1890 Ἐπὶ
803 1832 860 1890 δὲ
907 1836 1006 1904 τὴν
1053 1835 1242 1910 τρίτην
1290 1833 1478 1895 λοιπὸν
1537 1832 1872 1909 βαδιοῦνται,
1902 1835 2019 1888 κατ’

361 1922 529 1992 αὐτὴν
592 1922 948 1996 ὀνομάζοντες
1003 1938 1062 1984 τὸ
1131 1924 1415 1999 ἀγένητον.
1476 1921 1654 1977 Ἀλλά
1709 1923 1798 1978 καὶ
1855 1927 2092 2026 τοῦτοΒ

361 2009 379 2026 \
407 2013 416 2026 Ι
731 2011 803 2026 ’δι
893 2016 922 2026 ν
1002 2013 1013 2026 Ι
1126 2013 1139 2026 ι
1292 2014 1305 2026 1
1380 2007 1409 2026 Ω
1442 2017 1463 2026 υ
1562 2013 1618 2026 nl
1722 2012 1734 2026 l
1866 2024 1873 2026 _
1993 2013 2005 2026 ι

360 2009 636 2087 λέγοντες,
690 2011 842 2068 οὐδὲν
885 2013 1046 2083 ἧττόν
1097 2013 1228 2068 εἰσιν
1282 2007 1512 2074 ἀσεϐεῖς.
1562 2013 1626 2065 Ei
1673 2012 1777 2088 γὰρ
1826 2024 1885 2069 τὸ
1940 2013 2014 2084 μὴ

364 2097 494 2177 ἔχον
553 2102 729 2178 ἀρχὴν
788 2102 863 2164 εἰς
909 2115 968 2161 τὸ
1024 2103 1178 2174 εἶναι,
1234 2099 1374 2175 μηδὲ
1430 2113 1654 2176 γενητὸν
1697 2101 1731 2170 ἢ
1786 2109 2017 2172 κτιστὸν,

365 2187 493 2245 ἀλλ’
524 2188 695 2245 ἀίδιον
728 2189 809 2257 ὃν,
831 2196 990 2246 τοῦτο
1024 2189 1276 2266 λέγουσιν
1307 2191 1594 2266 ἀγένητον,
1620 2190 1924 2245 τούναντίον
1961 2188 2018 2245 δὲ

361 2281 690 2352 τοῦτον
722 2279 854 2334 εἶναι
893 2292 980 2339 τὸν
1035 2285 1169 2334 Θεοῦ
1199 2279 1398 2355 Λόγον·
1448 2279 1529 2341 τίς
1579 2281 1640 2334 οὑ
1690 2285 1889 2352 συνορᾷ
1916 2280 2015 2348 τὴν

365 2366 699 2442 πανουργίαν
744 2372 850 2422 τῶν
897 2369 1233 2443 Θεομάχων;
1264 2368 1356 2431 Τίς
1403 2367 1502 2424 οὐκ
1550 2369 1608 2423 ἂν
1641 2367 1834 2423 αὐτούς
1877 2367 2020 2422 οὕτω

372 2457 736 2529 μαινομένους
764 2455 1179 2512 καταλιθώσειεν
1215 2475 1228 2524 ;
1264 2455 1482 2526 Ἐπειδὴ
1531 2459 1633 2533 γὰρ
1674 2455 2019 2531 αἰσχύνονται

368 2545 656 2622 προφέρειν
691 2541 766 2600 ἔτι
796 2547 863 2600 τὰ
890 2550 1082 2622 πρῶτα
1127 2550 1234 2600 τῶν
1289 2546 1469 2618 μύθων
1510 2547 1711 2601 ἑαυτῶν
1764 2544 2018 2620 λογάρια,

369 2632 450 2710 ἐφ’
480 2635 562 2695 οἷς
592 2635 1061 2708 κατεγνώσθησαν,
1117 2633 1305 2696 ἄλλως
1353 2633 1518 2690 πάλιν
1571 2635 1705 2689 αὐτὰ
1734 2635 2016 2708 σημαίνειν

369 2721 664 2792 ἐπενόησαν
697 2724 749 2778 οἳ
783 2721 1013 2778 δείλαιοι
1045 2720 1132 2778 διὰ
1154 2728 1251 2778 τοῦ
1283 2722 1552 2796 ὀνόματος
1589 2729 1704 2796 τοῦ,
1751 2724 1824 2786 ὡς
1867 2723 2020 2778 αὐτοὶ

370 2808 647 2884 λέγουσιν,
680 2813 965 2886 ἀγενήτου.
997 2812 1058 2867 Εἰ
1107 2815 1210 2888 γὰρ
1252 2815 1280 2868 ὁ
1306 2814 1428 2875 Υἱὸς
1479 2818 1585 2871 τῶν
1615 2818 1856 2888 γενητῶν
1886 2814 2017 2885 ἐστι,

370 2897 629 2968 δηλονότι
664 2900 716 2971 ἐξ
748 2900 848 2956 οὐκ
876 2896 1042 2956 ὄντων
1087 2901 1176 2956 καὶ
1223 2902 1388 2965 αὐτὸς
1437 2903 1648 2977 γέγονε·
1698 2902 1787 2956 καὶ
1833 2902 1889 2955 εἰ.
1929 2903 2019 2975 ἀρ-

369 2990 477 3065 χὴν
517 2986 639 3065 ἕχει
686 2995 782 3045 τοῦ
833 2990 990 3060 εἶναι,
1043 2990 1142 3045 οὐκ
1184 2992 1250 3060 ἦν
1301 2990 1404 3067 ἄρα
1450 2992 1576 3065 πρὶν
1628 2994 1876 3066 γεννηθῇ·
1929 2991 2018 3044 καὶ

369 3077 415 3133 εί
451 3080 525 3151 μὴ
562 3074 701 3134 ἔστιν
729 3077 924 3151 ἀΐδιος,
957 3079 1023 3148 ἦν
1057 3101 1189 3135 ποτε
1217 3079 1306 3135 ὅτε
1336 3080 1435 3134 οὐκ
1461 3081 1547 3150 ἦν.

2129 686 2516 752 congruenter
2545 680 2657 747 his,
2701 697 2826 752 quae
2872 696 2939 736 ex
2995 676 3316 750 Scripturis
3357 676 3428 731 de
3485 673 3782 730 Salvatore

2126 770 2282 825 dicta
2313 769 2762 837 sunt,ediderit:
2797 769 2896 841 qui
2929 770 3071 825 item
3097 769 3302 823 Patres
3333 771 3467 822 ante
3485 764 3778 837 synodum

2127 859 2338 914 iisdem
2369 861 2462 914 usi
2492 859 2708 914 fuerint
2740 877 2752 915 :
2786 859 2898 932 ipsi
2931 864 3149 925 autem,
3183 857 3232 914 si
3266 856 3470 927 utique
3527 852 3778 926 possint,

2127 949 2541 1020 respondeant,
2575 965 2832 1020 quonam
2866 949 3038 1002 modo
3071 947 3181 1002 hoc
3201 943 3576 1008 vocabulum,
3622 941 3780 1013 quod

2127 1037 2365 1108 quidem
2397 1036 2456 1091 in
2489 1037 2791 1107 Scriptura
2820 1054 2932 1092 non
2967 1039 3174 1102 exstat,
3209 1031 3642 1104 repererint,vel
3663 1047 3780 1102 quo

2128 1143 2301 1181 sensu
2338 1127 2523 1181 Deum
2557 1127 2928 1180 non-factum
2957 1126 3156 1180 dicant
3187 1141 3200 1179 :
3235 1123 3527 1194 siquidem
3561 1119 3780 1176 multas

2127 1214 2265 1270 huic
2295 1213 2422 1270 voci
2455 1214 2648 1269 inesse
2680 1213 3139 1286 signiﬁcationes
3172 1211 3386 1268 audivi.
3412 1211 3592 1265 Aiunt
3619 1208 3778 1265 enim

2128 1304 2500 1359 non-factum
2533 1303 2669 1371 dici,
2702 1303 2854 1374 quod
2890 1302 3151 1357 nondum
3184 1300 3403 1357 factum
3439 1303 3544 1368 est,
3588 1302 3780 1370 potest

2126 1397 2322 1448 tamen
2356 1392 2478 1447 ﬁeri
2506 1409 2518 1448 :
2550 1392 2712 1459 item,
2746 1392 2901 1462 quod
2935 1407 3038 1445 nec
3068 1390 3316 1456 exsistit,
3349 1405 3454 1444 nec
3486 1387 3608 1442 ﬁeri
3677 1403 3778 1458 po-

2126 1485 2245 1537 test
2279 1485 2345 1536 ut
2374 1481 2453 1536 sit
2489 1496 2501 1536 :
2534 1481 2891 1552 tertio,quod
2924 1479 3153 1536 exsistit
3179 1479 3551 1550 quidem,nec
3582 1480 3780 1531 tamen

2127 1575 2217 1627 est
2249 1571 2490 1636 factum,
2526 1586 2714 1642 neque
2746 1568 3097 1642 principium
3128 1567 3333 1623 habuit
3364 1571 3429 1621 ut
3470 1568 3643 1636 esset,
3676 1565 3778 1620 sed

2131 1661 2285 1731 quod
2309 1663 2590 1714 aeternum
2604 1664 2661 1714 et
2681 1659 3092 1730 incorruptum
3109 1655 3516 1713 est.Fortassis
3541 1653 3781 1725 quidem

2129 1749 2348 1821 priores
2377 1750 2526 1804 duas
2558 1748 3022 1821 signiﬁcationes
3071 1745 3400 1813 refecerint,
3435 1745 3507 1800 ob
3557 1760 3624 1799 ea
3655 1760 3782 1814 quae

2127 1837 2266 1893 inde
2298 1838 2665 1909 proveniunt,
2699 1838 2974 1892 absurda.
3010 1836 3068 1892 Si
3100 1835 3256 1891 enim
3284 1833 3476 1906 prima
3504 1832 3780 1888 admitta-

2128 1931 2226 1982 tur
2255 1927 2623 1998 signiﬁcatio,
2648 1930 2800 1982 certe
2830 1943 2959 1998 quae
2976 1927 3100 1996 jam
3135 1925 3285 1980 facta
3333 1927 3494 1989 sunt,
3547 1925 3605 1977 et
3651 1937 3781 1993 quae

2132 2015 2255 2070 ﬁeri
2279 2015 2513 2086 debent,
2547 2016 2842 2070 non-facta
2869 2019 3040 2070 erunt
3069 2012 3488 2069 dicenda.Nam
3521 2011 3675 2082 quod
3708 2010 3782 2065 ad

2131 2104 2456 2160 secundum
2490 2104 2719 2170 attinet,
2751 2121 2819 2160 ea
2850 2103 3050 2175 utique
3083 2102 3272 2174 magis
3303 2101 3495 2157 adhuc
3520 2099 3630 2154 erit
3685 2101 3783 2155 ab-

2131 2194 2330 2248 surda.
2366 2194 2566 2249 Restat
2595 2193 2774 2265 igitur
2795 2197 2860 2248 ut
2888 2194 3115 2248 tertiam
3149 2189 3785 2263 amplectantur,atque

2132 2298 2198 2338 eo
2230 2299 2406 2338 sensu
2431 2283 2581 2338 hanc
2601 2299 2821 2350 vocem,
2849 2284 3227 2352 non-factum,
3258 2279 3608 2351 intelligant.
3668 2277 3778 2332 Ve-

2133 2388 2264 2426 rum
2295 2372 2524 2427 etiamsi
2557 2371 2614 2427 id
2647 2370 3310 2439 dixerint,nihilominus
3337 2367 3502 2440 impii
3527 2365 3781 2423 habendi

2133 2461 2362 2517 sunt.Si
2394 2462 2550 2516 enim
2570 2462 2723 2532 quod
2744 2460 2972 2516 nullum
2999 2457 3540 2531 habetprincipium
3571 2474 3639 2512 ex
3661 2472 3777 2528 quo

2133 2550 2227 2618 sit,
2262 2567 2495 2623 quoque
2526 2566 2631 2605 nec
2661 2534 2878 2605 factum
2906 2548 2996 2604 vel
3027 2553 3311 2612 creatum,
3343 2547 3444 2602 sed
3494 2549 3777 2601 aeternum

2133 2645 2239 2709 est,
2272 2639 2330 2694 id
2361 2639 2731 2695 non-factum
2781 2637 3096 2710 appellent,
3154 2636 3628 2706 contendantque
3678 2632 3778 2688 Dei

2131 2728 2388 2784 Verbum
2413 2729 2699 2784 contrario
2739 2745 2800 2783 se
2830 2727 3044 2783 habere
3077 2727 3270 2794 modo,
3291 2725 3406 2795 cui,
3437 2739 3780 2796 quasomon

2133 2818 2444 2890 perspicua
2472 2822 2561 2873 est
2587 2817 2905 2889 impiorum
2946 2816 3164 2872 astutia
3187 2816 3214 2871 ?
3245 2815 3386 2881 Quis
3415 2813 3547 2868 illos
3577 2813 3660 2868 ita
3690 2811 3782 2866 in-

2135 2907 2431 2962 sanientes
2457 2906 2756 2978 lapidibus
2787 2923 2901 2961 non
2935 2906 3144 2961 obruat
3178 2904 3206 2959 ‘I
3228 2903 3369 2969 Quis
3401 2901 3531 2957 illos
3562 2901 3644 2956 ita
3689 2899 3779 2956 in-

2133 3012 2377 3051 suarum
2411 2995 2742 3051 fabularum
2771 2993 3029 3063 voculas,
3081 2996 3318 3065 pr0pter
3369 3007 3518 3063 quas
3574 2989 3783 3045 merito

2132 3089 2271 3140 sunt
2301 3084 2814 3152 condemnati,jam
2841 3083 3096 3156 proferre
3125 3081 3492 3146 erubescant,
3543 3078 3777 3134 easdem

368 3185 577 3224 rursus
608 3169 721 3225 alio
755 3171 948 3238 modo,
985 3171 1222 3226 nomine
1247 3188 1362 3226 non
1393 3172 1620 3234 facti,ut
1649 3171 1761 3243 ipsi
1793 3170 2141 3244 loquuntur,
2172 3173 2520 3246 excogitato,
2543 3173 2808 3244 ingerere
2862 3176 3000 3226 sunt
3047 3170 3261 3225 conati.
3296 3169 3441 3224 Nam
3497 3167 3546 3222 si
3604 3165 3788 3222 Filius

368 3257 522 3314 inter
538 3275 630 3314 res
659 3259 844 3315 factas
877 3264 1236 3327 numeretur,
1259 3265 1414 3316 certe
1444 3261 1569 3333 ipse
1601 3277 1832 3332 quoque
1863 3278 1931 3317 ex
1962 3262 2147 3319 nihilo
2178 3266 2267 3318 est
2315 3263 2539 3318 factus:
2575 3261 2645 3317 'si
2702 3261 2841 3318 item
2888 3259 3244 3332 principium
3303 3255 3620 3313 exsistendi
3678 3256 3785 3311 ha-

367 3346 484 3415 bet,
526 3363 667 3403 sane
689 3364 807 3403 non
831 3352 1110 3404 eratante
1141 3365 1323 3421 quam
1346 3349 1578 3421 genitus
1609 3354 1700 3404 est
1732 3367 1744 3404 :
1779 3350 2030 3421 denique
2053 3351 2101 3407 si
2132 3355 2384 3407 aeternus
2418 3367 2531 3406 non
2564 3355 2671 3417 est,
2698 3350 2807 3405 fuit
2833 3348 3149 3421 aliquando
3171 3362 3302 3401 cum
3337 3362 3452 3400 non
3467 3349 3640 3400 esset.

442 3435 536 3491 29.
591 3431 742 3490 Ἔδει
802 3434 919 3501 οῦν,
979 3440 1147 3490 ταῦτα
1201 3433 1366 3490 πάλιν
1425 3435 1619 3498 αὐτοὺς
1680 3442 2028 3515 φρονοῦντας,
2061 3445 2104 3510 ο

373 3521 425 3576 έν
479 3521 662 3585 αὐτοῖς
709 3527 827 3585 τοῖς
883 3521 1046 3585 ἰδίοις
1098 3523 1274 3578 αὐτῶν
1323 3526 1436 3598 (39)
1489 3524 1695 3599 ῥήμασι
1743 3524 2027 3598 σημαίνειν

371 3609 573 3666 έαυτῶν
603 3612 704 3679 τὴν
755 3607 1114 3683 ὲτεροδοξίαν,
1171 3611 1259 3665 καὶ
1313 3613 1388 3684 μή
1433 3615 1502 3685 τῇ
1555 3609 1694 3683 λέξει
1747 3611 1902 3682 δῆθεν
1933 3619 2030 3668 τοῦ

369 3697 637 3773 ἀγενήτου
687 3701 900 3754 σκέπειν
962 3700 1166 3755 ἑαυτῶν
1215 3701 1314 3768 τὴν
1385 3701 1668 3756 κακόνοιαν
1699 3721 1711 3732 ·
1764 3700 1918 3757 Ἀλλ’
1967 3703 2028 3757 οὐ

368 3792 588 3842 ποιοῦσι
617 3793 778 3843 τοῦτο
823 3789 876 3843 οἱ
924 3791 1238 3860 κακοήθεις,
1287 3791 1459 3844 πάντα
1505 3788 1562 3844 δὲ
1607 3791 1745 3846 κατά
1793 3791 1884 3845 τὸν
1933 3813 2031 3846 πα-

369 3877 500 3953 τέρα
560 3877 764 3933 ἑαυτῶν
813 3877 904 3933 τὸν
965 3872 1222 3933 διάϐολον
1282 3880 1416 3952 μετά
1469 3879 1802 3956 πανουργίας
1860 3881 2029 3956 πράτ-

369 3985 572 4020 τουσιψ
623 3967 712 4028 Ὡς
761 3968 866 4043 γὰρ
918 3965 1120 4029 ἐκεῖνος
1176 3968 1310 4041 μετά
1357 3965 1667 4044 ἀλλοτρίων
1717 3966 2028 4042 ἐνδυμάτων

372 4055 578 4126 ἀπατᾷν
614 4054 904 4132 ἐπιχειρεῖ,
940 4055 1116 4119 οὕτως
1147 4057 1298 4112 οὗτοι
1347 4058 1408 4112 τὸ
1447 4058 1709 4133 ἀγένητον
1743 4057 2028 4132 ὀνομάζειν

371 4142 693 4216 ἐπενόησαν,
738 4143 858 4214 ’ίνα,
907 4145 1374 4222 προσποιούμενοι
1420 4147 1510 4201 τὸν
1563 4148 1689 4203 Θεὸν
1742 4148 2027 4226 εὐφημεῖν,

367 4233 753 4307 κεκρυμμένην
787 4232 962 4309 ἔχωσι
991 4236 1091 4303 τὴν
1120 4236 1256 4290 κατὰ
1275 4240 1371 4289 τοῦ
1405 4235 1602 4311 Κυρίου
1649 4237 2028 4314 βλασφημίαν,

366 4321 458 4378 καὶ
523 4323 655 4395 μετὰ
712 4321 1079 4396 καλύμματος
1140 4323 1307 4392 αὐτὴν
1375 4322 1572 4387 ἄλλοις
1637 4326 1976 4399 σημαίνωσιν
2015 4370 2026 4382 .

365 4407 545 4466 Ἀλλά
593 4409 683 4464 καὶ
738 4410 933 4465 τούτου
979 4415 1079 4466 τοῦ
1133 4410 1469 4488 σοφίσματος
1513 4413 1687 4468 αὐτῶν
1736 4417 1847 4488 (40)
1890 4436 2030 4488 γνω-

367 4500 604 4570 σθέντος,
662 4498 716 4554 τί
775 4496 879 4573 ἄρα
934 4498 1099 4554 πάλιν
1160 4500 1344 4562 αὐτοῖς
1401 4497 1582 4577 ἕτερον
1633 4502 2028 4576 περιλείπεται,

369 4585 694 4664 λεγέτωσαν.
746 4587 1016 4664 Εὕρομεν,
1068 4587 1224 4666 φασὶν
1268 4590 1321 4643 οἱ
1371 4595 1689 4666 κακοῦργοι,
1738 4590 1827 4646 καί
1858 4613 2025 4669 προσ-

365 4679 599 4740 τιθέντες
661 4683 782 4742 τοῖς
855 4678 1144 4753 προτέροις
1223 4676 1473 4754 λέγουσιν
1556 4680 1816 4754 ἀγένητον
1897 4681 2027 4736 εἶναι

366 4770 551 4836 τοῦτο,
608 4767 670 4822 τὸ
732 4768 806 4840 μή
873 4764 1002 4842 ἔχον
1060 4772 1157 4822 τοῦ
1208 4766 1342 4822 εἶναι
1383 4766 1476 4823 τὸν
1531 4767 1722 4838 αἴτιον,
1765 4767 2027 4826 ἀλλὰκαὶ

367 4852 486 4916 τοῖς
543 4861 797 4930 γενητοῖς
852 4856 1010 4911 αὐτὸν
1082 4854 1250 4912 αἴτιον
1305 4857 1381 4919 εἷς
1427 4859 1490 4912 τὸ
1533 4858 1773 4933 γενέσθαι
1819 4861 2028 4935 τυγχά-

367 4965 546 5000 νοντα.
577 4946 895 5020 Ἀχάριστοι
946 4946 1036 5000 καὶ
1083 4951 1162 5017 τῷ
1215 4941 1324 5000 ὄντι
1376 4952 1484 5002 τῶν
1516 4953 1740 5026 Γραφῶν
1779 4947 2026 5021 ἀνήκοοι,

367 5033 422 5086 vi.
457 5034 531 5106 μή
568 5030 658 5088 διὰ
698 5035 869 5107 τιμὴν
916 5036 1016 5104 τὴν
1065 5036 1140 5098 εἷς
1187 5037 1277 5091 τὸν
1329 5037 1480 5107 Θεὸν,
1517 5035 1663 5093 ἀλλὰ
1694 5035 1782 5092 διὰ
1818 5039 1918 5108 τὴν
1954 5039 2030 5102 εἷς

364 5134 450 5182 τὸν
486 5124 604 5180 Υἱὸν
654 5121 876 5196 ἀτιμίαν
908 5125 1081 5178 πάντα
1109 5125 1199 5180 καὶ
1247 5131 1530 5188 ποιοῦντες
1578 5127 1668 5181 καὶ
1710 5125 2026 5201 λαλοῦντες,

365 5211 465 5268 οὐκ
495 5209 720 5285 εἰδότες,
773 5209 855 5266 ὅτι
909 5213 937 5266 ὁ
986 5224 1073 5271 τὸν
1126 5215 1245 5274 Υἱὸν
1310 5215 1586 5289 ἀτιμάζων
1642 5214 1892 5289 ἀτιμάζει
1938 5228 2025 5275 τὸν

362 5303 596 5378 Πατέρα.
631 5305 854 5376 Πρῶτον
920 5301 1015 5374 μὲν
1064 5303 1190 5378 γὰρ,
1247 5303 1342 5358 κᾶν
1400 5303 1542 5359 οὕτω
1593 5310 1679 5359 τὸν
1729 5312 1852 5364 Θεὸν
1910 5305 2028 5360 ὀνο-

367 5388 626 5462 μάζωσιν,
690 5390 750 5446 οὐ
803 5387 1072 5446 δείκνυται
1128 5397 1237 5447 τῶν
1298 5398 1542 5468 γενητῶν
1593 5396 1620 5449 ὁ
1668 5394 1868 5470 Λόγος.
1914 5399 2023 5464 Τῆς

361 5479 465 5555 γὰρ
523 5480 708 5543 οὐσίας
755 5484 853 5545 τοῦ
907 5485 1112 5555 Πατρὸς
1179 5481 1256 5544 ὡς
1330 5484 1578 5558 γέννημα
1631 5481 1821 5558 πάλιν,
1881 5484 2023 5539 οὕτω

435 5658 548 5738 ea
579 5660 1129 5738 _s_ic.aegma._Ed_i_ti
1157 5677 1322 5738 Esto.»
1355 5682 1539 5738 φησιν·

364 5730 669 5857 “(221013
688 5730 822 5804 Reg:
859 5735 916 5788 et
947 5731 1123 5788 Basil.
1157 5732 1346 5790 Editio
1367 5730 1576 5792 autem
1615 5733 1900 5793 Commel.
1933 5732 2022 5789 διά

2058 4822 2105 4886 D

2215 3440 2366 3497 185
2424 3441 2515 3494 29.
2561 3439 2822 3494 Profecto
2876 3437 3007 3492 illos
3064 3434 3146 3492 ita
3201 3436 3392 3491 denuo
3471 3433 3791 3489 sentientes

2139 3545 2374 3600 equum
2397 3528 2745 3586 eratiisdem
2763 3527 2888 3582 suis
2901 3525 3093 3581 verbis
3115 3523 3411 3596 propriam
3436 3521 3790 3578 sententiam

2140 3618 2491 3691 signiﬁcare,
2522 3634 2639 3673 non
2669 3621 2866 3672 autem
2895 3631 3063 3672 suam
3096 3613 3438 3687 pravitatem
3475 3627 3613 3668 voce
3644 3627 3792 3667 non-

2141 3707 2276 3764 faoti
2307 3709 2599 3780 obtegere.
2625 3709 2842 3762 Verum
2873 3705 2930 3760 id
2965 3719 3135 3775 agere
3167 3701 3480 3758 noluerunt
3535 3699 3792 3772 perversi

2139 3797 2538 3864 homines,sed
2561 3795 2760 3852 omnia
2790 3792 3034 3850 subdole
3056 3793 3127 3848 ad
3159 3789 3492 3863 exemplum
3539 3788 3632 3844 sui
3689 3805 3790 3860 pa-

2138 3886 2246 3942 tris
2278 3884 2493 3942 diaboli
2522 3886 2726 3941 fecere.
2752 3883 2824 3939 Ut
2860 3883 3018 3938 enim
3049 3881 3148 3938 ille
3178 3880 3385 3937 alienis
3407 3879 3650 3934 indutus
3697 3895 3794 3934 ve-

2140 3975 2331 4031 stibus
2363 3975 2560 4030 fallere
2592 3973 2801 4030 nititur
2831 3991 2844 4040 ;
2881 3972 2964 4028 ita
2992 3972 3090 4027 isti
3120 3968 3474 4026 vocabulum
3506 3966 3794 4024 non-facti

2140 4063 2553 4136 excogitavere,
2585 4066 2652 4117 ut
2682 4061 2856 4134 digne
2916 4061 2986 4116 de
3044 4064 3158 4116 Deo
3208 4057 3367 4130 loqui
3423 4055 3793 4124 simulantes,

2140 4153 2365 4209 occulte
2412 4153 2692 4207 adversus
2745 4150 3054 4206 Dominum
3133 4147 3457 4220 proferrent
3521 4143 3794 4216 blasphe-

2139 4243 2343 4313 miam,
2366 4258 2544 4313 quam
2605 4239 2825 4295 scilicet
2881 4255 3013 4293 cum
3076 4234 3420 4307 hujusmodi
3491 4232 3792 4288 involucro

2139 4331 2268 4388 aliis
2299 4330 2637 4386 innuerent.
2669 4329 2886 4382 Verum
2918 4343 3054 4382 cum
3087 4326 3386 4396 cognitum
3420 4323 3495 4378 sit
3521 4321 3629 4377 hoc
3660 4319 3788 4374 illo-

2140 4438 2271 4476 rum
2294 4417 2918 4490 artiﬁcium,quidjam
2952 4415 3110 4471 aliud
3140 4414 3252 4470 sibi
3274 4411 3529 4484 supersit
3553 4425 3792 4480 respon-

2139 4511 2334 4565 deant.
2372 4508 2730 4573 lnvenimus,
2764 4505 3043 4577 inquiunt
3072 4501 3345 4574 improbi,
3377 4499 3475 4574 qui
3507 4498 3790 4553 nimirum

2139 4603 2348 4672 praeter
2372 4598 2594 4671 priores
2625 4594 3084 4668 signiﬁcationes
3113 4592 3278 4648 aiunt
3306 4590 3364 4644 id
3423 4587 3791 4644 non-factum

2139 4705 2288 4753 esse,
2315 4689 2470 4759 quod
2505 4703 2619 4742 non
2652 4685 2827 4740 habet
2846 4681 3164 4740 exsistendi
3193 4695 3430 4736 causam
3454 4677 3575 4733 sive
3593 4680 3791 4732 aucto-

2140 4793 2285 4841 rem,
2319 4777 2419 4832 sed
2455 4775 2649 4847 ipsum
2670 4775 2846 4830 rebus
2881 4772 3044 4828 factis
3075 4767 3391 4826 exsistendi
3439 4783 3617 4822 causa
3678 4769 3789 4820 est.

2140 4866 2358 4938 Ingrati
2410 4881 2552 4920 sane
2608 4863 2690 4918 illi
2751 4879 2995 4935 vereque
3054 4859 3488 4931 Scripturarum
3538 4853 3791 4926 imperiti

2141 4952 2242 5024 qui
2275 4970 2388 5008 non
2425 4957 2490 5007 ut
2520 4951 2704 5008 Deum
2727 4951 3032 5017 honorent,
3067 4948 3168 5004 sed
3203 4950 3268 5002 ut
3297 4944 3507 5002 Filium
3534 4941 3789 5014 ignomi-

2142 5041 2239 5097 nia
2261 5041 2538 5109 afﬁciant,
2573 5041 2717 5096 nihil
2750 5057 2864 5095 non
2897 5038 3118 5094 faciunt
3145 5036 3233 5091 vel
3265 5036 3484 5090 dicunt.
3510 5030 3793 5087 Nesciunt

2138 5130 2405 5186 videlicet
2438 5131 2592 5203 quod
2622 5129 2720 5202 qui
2755 5127 2965 5184 Filium
2999 5125 3241 5198 spernit,
3287 5121 3515 5196 spernit
3569 5123 3626 5176 et
3681 5118 3785 5172 Pa-

2138 5224 2309 5276 trem.
2341 5220 2608 5291 Namque
2639 5218 2849 5292 primo,
2884 5214 3116 5272 etiamsi
3149 5220 3330 5269 Deum
3361 5211 3443 5266 ita
3472 5207 3792 5282 appellave-

2136 5309 2274 5380 rint,
2308 5299 2422 5364 non
2449 5308 2584 5363 inde
2613 5312 2811 5363 tamen
2844 5303 3150 5361 conﬁcitur
3187 5302 3445 5357 Verbum
3499 5315 3569 5354 ex
3624 5296 3788 5352 factis

2135 5397 2311 5454 rebus
2342 5413 2492 5453 esse.
2525 5396 2598 5452 Ut
2627 5394 2784 5452 enim
2815 5394 2940 5467 ipse
2971 5394 3124 5448 fetus
3153 5395 3241 5446 est
3283 5385 3623 5445 substantiae
3683 5383 3788 5439 Pa-

2134 5486 2262 5554 tris,
2305 5485 2387 5542 sic
2421 5485 2574 5558 apud
2600 5483 2768 5540 illum
2801 5487 3071 5555 persetuo
3103 5477 3469 5536 exsistit.Nec
3498 5472 3656 5531 enim
3678 5472 3789 5529 hoc

2349 5667 2494 5740 Lege
2514 5661 2758 5740 τπύτων.

2205 5735 2317 5808 (39)
2351 5735 2489 5809 Reg.
2514 5735 2736 5809 ἑαυτῶν.

2207 5798 2319 5881 (40)
2349 5798 2610 5880 εἰονΒθε.
2643 5808 2715 5862 At
2746 5805 2845 5862 alii
2872 5808 2929 5861 et
2949 5803 3109 5875 editi,
3160 5798 3362 5860 αυτοῖς.
