4148 6394
367 454 476 527 ﬁl

901 466 969 531 s.
1017 458 1445 537 ATHANAsn
1487 472 1662 537 opp.
1708 473 1914 537 mas
1959 470 2119 537 1.-
2149 471 2577 540 mszromca
2618 474 2717 543 ET
2756 472 3243 541 DOGMATICA.

3670 452 3794 536 472

365 590 587 682 nomen
611 600 883 659 naturam
916 603 1043 661 Filii
1074 605 1342 678 destruit,
1377 624 1561 680 neque
1597 625 1705 665 vox
1729 608 1843 664 ista
1897 624 2014 664 non

2136 606 2252 682 παρ’
2307 604 2454 679 αὐτῷ
2512 606 2653 663 ἔστιν
2715 604 2935 670 ἀϊδίως.
2996 605 3069 663 Οὐ
3129 604 3232 682 γὰρ
3284 602 3350 663 τὸ
3397 598 3577 680 ὄνομα
3628 606 3795 661 τοῦτο

366 688 503 746 facti
536 692 787 748 refertur
806 694 875 749 ad
910 693 1143 767 Filium,
1175 698 1277 753 sed
1308 698 1378 753 ad
1413 715 1480 754 ea
1509 714 1637 771 quae
1670 715 1772 770 per
1802 696 2012 754 Filium

368 778 521 835 facta
551 784 729 836 sunt:
777 798 842 838 ac
899 786 1401 855 quemadmodum
1451 787 1553 859 qui
1605 787 2012 859 architectum,

367 867 580 924 domus
607 868 696 925 vel
726 870 889 927 urbis
919 872 1332 931 ediﬁcatorem
1361 875 1633 950 appellat,
1668 893 1785 932 non
1807 875 2014 947 hujus-

370 958 528 1013 modi
548 958 827 1016 vocabulo
857 960 1043 1019 [ilium
1063 977 1132 1019 ex
1162 964 1290 1037 ipso
1318 966 1581 1039 genitum
1633 967 2016 1039 comprehen-

368 1045 472 1114 dit,
506 1047 609 1103 sed
632 1046 741 1104 hoc
771 1051 1028 1120 nomine,
1065 1054 1220 1125 quod
1254 1055 1494 1128 quidem
1523 1054 1611 1112 illi
1641 1057 1715 1112 ob
1749 1072 1917 1112 suam
1955 1055 2015 1110 in

366 1133 625 1192 adificiis
654 1141 1066 1198 construendis
1098 1146 1282 1200 artem
1304 1148 1361 1200 et
1383 1144 1690 1201 scientiam
1712 1143 2013 1213 tribuitur,

365 1223 660 1298 signiﬁcat
687 1243 823 1284 eum
853 1230 1109 1287 similem
1140 1248 1254 1288 non
1278 1248 1407 1289 esse
1435 1233 1528 1290 his
1572 1251 1700 1307 qua
1759 1235 1831 1289 ab
1889 1233 2015 1305 ipso

368 1313 521 1370 facta
551 1320 893 1374 suntzcum
923 1323 1118 1375 autem
1169 1321 1469 1378 architecti
1528 1327 1802 1379 naturam
1858 1322 2015 1377 idem

368 1417 483 1458 non
505 1402 755 1475 ignoret,
786 1406 944 1463 novit
973 1425 1208 1482 quoque
1237 1427 1394 1482 eum,
1423 1412 1522 1483 qui
1555 1429 1623 1468 ex
1652 1412 1751 1468 illo
1781 1412 2016 1485 genitus

368 1496 478 1561 est,
500 1493 682 1550 alium
712 1495 953 1553 omnino
978 1510 1112 1554 esse
1142 1500 1214 1555 ab
1238 1499 1353 1557 illis
1369 1501 1659 1558 aediﬁciis:
1684 1519 1751 1558 ac
1774 1501 2016 1575 proinde

369 1590 608 1657 propter
635 1583 848 1652 ﬁlium,
878 1585 1075 1659 ipsum
1128 1592 1354 1660 patrem
1412 1594 1620 1660 vocat;
1679 1595 1736 1647 et
1783 1596 2019 1664 propter

367 1686 565 1744 opera,
597 1677 917 1731 creatorem
946 1680 1006 1732 et
1033 1675 1361 1735 effectorem
1393 1681 1629 1737 :eodem
1653 1681 1821 1754 plane
1844 1682 2017 1738 modo

369 1759 473 1834 qui
502 1761 689 1818 Deum
720 1764 1080 1821 non-factum
1110 1767 1269 1837 dicit,
1302 1785 1371 1826 ex
1400 1768 1543 1842 ipsis
1564 1769 1842 1843 operibus
1881 1786 2014 1827 eum

375 1849 457 1906 ita
485 1850 771 1920 nominat,
821 1852 1231 1928 signiﬁcatque
1277 1855 1447 1914 illum
1488 1875 1604 1915 non
1657 1859 1849 1916 solum
1899 1876 2016 1915 non

369 1950 500 1995 esse
531 1938 773 2006 factum,
804 1940 903 1997 sed
927 1942 1122 2015 potius
1153 1960 1349 2002 rerum
1381 1947 1668 2004 factarum
1719 1952 2015 2005 auctorem

371 2042 519 2084 esse.
550 2027 808 2086 Verbum
835 2037 1029 2088 autem
1062 2032 1217 2090 aliud
1239 2050 1273 2091 a
1301 2035 1471 2093 factis
1497 2038 1671 2095 rebus
1702 2054 1831 2094 esse
1860 2036 2016 2095 idem

372 2116 548 2187 novit,
582 2118 891 2193 solumque
919 2123 1221 2195 proprium
1250 2125 1444 2183 Patris
1474 2127 1659 2184 fetum
1710 2143 1859 2199 esse,
1918 2143 2022 2200 per

372 2218 545 2279 quem
579 2206 754 2263 etiam
786 2208 987 2265 omnia
1016 2210 1169 2267 facta
1197 2216 1337 2268 sunt
1365 2230 1431 2269 ac
1461 2214 1813 2271 consistunt.

442 2295 528 2351 30.
553 2294 669 2352 Nec
695 2296 851 2353 enim
883 2297 996 2370 ipsi
1027 2315 1260 2373 quoque
1310 2301 1629 2375 prophetes,
1679 2303 1778 2375 qui
1836 2303 2021 2360 Deum

370 2384 827 2457 omnipotentem
886 2387 1285 2461 appellabant,
1314 2407 1451 2447 eum
1498 2391 1610 2448 hoc
1665 2392 2026 2448 exornabant

372 2472 629 2542 nomine,
658 2479 724 2531 ut
751 2476 1081 2534 indicarent
1107 2478 1365 2535 Verbum
1399 2497 1585 2536 unum
1604 2497 1734 2538 esse
1754 2497 1822 2536 ex
1834 2480 2023 2537 omni—

378 2561 489 2619 bus
526 2605 540 2632 ,
571 2564 792 2638 quippe
840 2583 974 2622 cum
1024 2565 1143 2623 illis
1185 2573 1555 2641 perspectum
1603 2575 1761 2626 esset
1814 2569 2024 2626 Filium

373 2651 556 2709 alium
588 2669 718 2711 esse
748 2671 782 2710 a
806 2653 975 2712 factis
998 2658 1173 2713 rebus
1202 2675 1217 2725 ;
1252 2674 1509 2730 eumque
1551 2659 1625 2716 ob
1669 2676 1839 2716 suam
1891 2675 2026 2715 cum

374 2740 542 2798 Patre
567 2741 1042 2812 similitudinem,
1075 2747 1342 2803 omnium
1372 2764 1607 2821 quoque
1649 2763 1779 2805 esse
1834 2748 2026 2805 Domi-

374 2845 519 2887 num
561 2846 575 2888 :
610 2831 712 2888 sed
739 2832 881 2904 quia
909 2835 1176 2891 omnium
1208 2852 1337 2908 quas
1358 2835 1681 2908 perFilium
1717 2836 1868 2905 fecit,
1900 2837 2029 2910 ipse

373 2919 659 2977 Dominus
688 2925 797 2985 est,
823 2938 1143 2996 eorumque
1172 2928 1518 2998 potestatem
1543 2926 1686 2983 Filio
1709 2928 1887 2995 dedit,
1912 2943 2028 2999 qua

374 3007 534 3077 data,
564 3008 691 3082 ipse
711 3027 925 3068 rursus
948 3014 1227 3071 omnibus
1247 3032 1352 3087 per
1379 3016 1637 3072 Verbum
1668 3014 2025 3073 dominatur:

374 3097 650 3155 similiter
679 3102 1202 3170 Deum,Dominum
1221 3103 1503 3161 virtutum
1534 3104 1870 3175 dixere,non
1892 3104 2030 3178 quia

373 3184 631 3263 Verbum
661 3206 779 3246 una
800 3191 977 3248 etiam
1008 3197 1164 3249 esset
1182 3209 1252 3250 ex
1280 3192 1398 3250 illis
1429 3193 1873 3266 virtutibus,sed
1891 3193 2032 3268 quia

373 3279 432 3335 et
453 3276 582 3335 Filii
620 3279 808 3349 Pater,
839 3286 897 3337 et
923 3282 1212 3340 virtutum
1241 3300 1346 3356 per
1369 3284 1582 3342 Filium
1608 3286 1893 3342 factarum
1922 3286 2027 3341 Do-

2048 1989 2095 2056 B

2122 701 2376 769 παραιρεῖ
2403 697 2501 765 τήν
2534 701 2632 751 τοῦ
2664 695 2845 771 Λόγου
2878 694 3058 775 φύσιν,
3092 695 3219 752 οὑδὲ
3240 694 3409 750 πάλιν
3428 693 3492 750 τὸ
3523 693 3791 771 ἀγένητον

2121 796 2253 856 πρὸς
2290 785 2380 839 τὸν
2411 785 2534 840 Υἱὸν
2584 782 2703 861 ἔχει
2752 785 2815 840 τὸ
2866 783 3291 859 σημαινόμενον,
3341 780 3489 838 ἀλλὰ
3534 782 3674 860 πρὸς
3723 780 3795 839 τὰ

2124 870 2214 928 ’διᾶ
2264 878 2360 929 τοῦ
2418 875 2545 929 ficii
2603 874 2889 949 γενόμενα·
2949 873 3040 929 καὶ
3083 873 3262 947 ὥσπερ
3319 872 3347 928 6
3403 873 3495 928 τὸν
3566 868 3791 949 ἀρχιτέ-

2122 983 2287 1018 κτονα
2335 967 2671 1041 προσφωνῶν
2723 962 2813 1019 καί
2870 960 3051 1039 λὲγων
3113 959 3456 1037 δημιουργὸν
3517 960 3694 1024 οἰκίας
3749 959 3788 1031 ἢ

2122 1050 2339 1114 πόΛεως
2373 1053 2436 1108 οὑ
2468 1055 2788 1129 συναριθμεῖ
2827 1057 2909 1125 τῷ
2959 1050 3188 1126 ὀνόματι
3236 1050 3419 1125 τούτῳ
3464 1051 3557 1105 τὸν
3606 1049 3658 1122 ἐξ
3690 1050 3788 1106 αὖ-

2120 1142 2219 1196 τοῦ
2265 1142 2589 1216 γεννηθέντα
2641 1142 2778 1212 υἱὸν,
2810 1139 2959 1197 ἀλλᾶ
3013 1137 3102 1197 διὰ
3154 1141 3249 1214 μὲν
3299 1142 3400 1211 τὴν
3430 1139 3506 1203 είς
3556 1139 3626 1195 τὰ
3655 1135 3791 1217 ἔργα

2119 1229 2321 1307 τέχνην
2349 1230 2439 1285 καὶ
2466 1232 2566 1300 τήν
2601 1229 2931 1305 ἐπιστήμην,
2986 1226 3270 1303 σημαίνων
3327 1229 3402 1303 μή
3436 1228 3573 1284 εἶναι
3626 1228 3790 1284 αὑτὸν

2121 1323 2369 1375 τοιοῦτον
2402 1320 2493 1374 οἷὰ
2535 1318 2647 1375 ἐστι
2676 1320 2745 1374 τὰ
2790 1320 2918 1396 παρ’
2969 1318 3140 1374 αὐτοῦ
3189 1316 3477 1393 γενόμενα,
3519 1314 3791 1392 δημιουρ-

2124 1408 2220 1484 γὸν
2252 1409 2409 1465 αὑτὸν
2444 1406 2621 1464 καλεῖσ
2652 1409 2751 1479 τὴν
2786 1406 2844 1464 δὲ
2875 1407 3033 1487 φύσιν
3073 1412 3170 1463 τοῦ
3221 1408 3556 1478 ποιήσαντος
3606 1404 3793 1478 εἰδὼς,

2126 1494 2268 1553 οἶδεν
2314 1496 2485 1553 ἄλλον
2538 1498 2673 1554 εἶναι
2724 1499 2872 1573 παρὰ
2918 1502 3091 1553 ταῦτα
3137 1495 3228 1553 τὸν
3280 1495 3334 1568 ἐξ
3380 1495 3546 1551 αὑτοῦ
3590 1517 3793 1572 γεννηο

2125 1585 2298 1643 θέντα·
2348 1586 2437 1643 καὶ
2468 1584 2558 1642 διὰ
2616 1587 2709 1661 μὶν
2770 1587 2861 1642 τὸν
2924 1587 3064 1660 υἱὸν,
3121 1586 3328 1661 πατέρα
3384 1584 3544 1640 αὑτὸν
3606 1578 3791 1655 καλεῖ,

2126 1673 2215 1732 διὰ
2273 1673 2331 1733 δὲ
2384 1678 2452 1733 τὰ
2509 1675 2643 1754 ἔργα
2695 1674 2918 1747 κτίστην
2964 1674 3064 1730 καὶ
3124 1677 3366 1746 ποιητήν
3406 1695 3418 1710 ·
3477 1673 3569 1729 τὸν
3628 1674 3790 1731 αὑτὸν

2122 1767 2323 1842 τρόπον
2384 1768 2413 1821 6
2471 1763 2650 1842 λέγων
2708 1763 2852 1820 οὕτω
2908 1764 3001 1820 τὸν
3063 1764 3193 1821 Θεὸν
3254 1762 3517 1840 ἀγένητον
3578 1762 3639 1818 ὲκ
3680 1767 3789 1818 τῶν

2127 1854 2300 1932 ἔργων
2332 1856 2508 1911 αὑτῶν
2560 1857 2673 1928 (41)
2722 1853 3005 1926 ὀνομάζει,
3054 1852 3337 1928 σημαίνων
3393 1853 3469 1927 μὴ
3508 1852 3674 1926 μόνον
3710 1853 3786 1926 μή

2126 1945 2260 2001 εἶναι
2308 1945 2466 2000 αὑτὸν
2498 1944 2747 2020 γενητὸν,
2798 1941 2926 1999 ἀλλ’
2972 1943 3055 1998 ὁτι
3098 1943 3190 1997 καὶ
3242 1946 3352 1997 τῶν
3396 1945 3643 2017 γενητῶν
3676 1941 3790 2013 (42)

2130 2035 2373 2105 ποιητής
2405 2032 2567 2088 ἐστιν·
2603 2029 2717 2087 οἶδε
2751 2032 2935 2106 μέντοι
2972 2032 3063 2087 τὸν
3107 2030 3283 2107 Λόγον
3318 2027 3488 2086 ἄλλον
3521 2025 3651 2085 ὄντα
3678 2033 3787 2086 τῶν

2129 2127 2395 2200 γενητῶν,
2426 2122 2516 2178 καὶ
2550 2121 2715 2195 μόνον
2743 2117 2883 2177 ἴδιον
2913 2125 3012 2176 τοῦ
3064 2120 3276 2196 Πατρὸς
3327 2117 3595 2195 γέννημα,
3626 2116 3695 2174 δι’
3726 2118 3790 2174 οὗ

2129 2212 2219 2268 καὶ
2248 2213 2315 2267 τὰ
2343 2210 2517 2267 πάντα
2545 2207 2739 2286 γέγονε
2767 2208 2858 2265 καὶ
2890 2209 3209 2280 συνέστηκε.

2202 2305 2292 2359 30.
2324 2299 2427 2357 Καὶ
2479 2302 2584 2377 γὰρ
2637 2298 2727 2355 καὶ
2775 2299 3191 2375 παντοκράτορα
3216 2297 3310 2353 τὸν
3363 2297 3493 2353 Θεὸν
3554 2297 3607 2351 οἳ
3660 2317 3792 2370 προ-

2134 2398 2301 2470 φῆται
2332 2387 2608 2466 λέγοντες,
2642 2390 2706 2445 οὑ
2756 2386 2846 2444 διὰ
2891 2389 2955 2445 τὸ
3004 2387 3134 2443 εἶναι
3181 2387 3275 2442 τὸν
3327 2386 3503 2463 Λόγον
3558 2381 3655 2443 ἕνα
3682 2389 3791 2441 τῶν

2133 2482 2368 2549 πάντων,
2417 2478 2594 2541 οὕτως
2649 2478 2813 2535 αὑτὸν
2865 2474 3252 2547 ἐπεκαλοῦντο,
3304 2472 3524 2559 ᾔδεισαν
3552 2475 3657 2552 γὰρ
3703 2472 3797 2530 τδν

2134 2570 2258 2625 Υἱὸν
2290 2566 2462 2625 ἄλλον
2495 2563 2621 2623 ὄντα
2663 2571 2773 2625 τῶν
2824 2569 3089 2643 γενητῶν,
3149 2565 3239 2621 καὶ
3296 2565 3509 2623 πάντων
3556 2564 3647 2618 καὶ
3698 2564 3793 2619 αὖα

2134 2658 2224 2714 τὸν
2281 2662 2581 2732 κρατοῦντα
2613 2700 2627 2726 ,
2683 2656 2821 2712 κατὰ
2873 2656 2973 2725 τήν
3029 2659 3128 2711 τοῦ
3168 2652 3383 2731 Πατρὸς
3443 2651 3791 2725 ὁμοιότητα·

2138 2745 2262 2803 ἀλλ’
2291 2745 2374 2803 ὅτι
2408 2748 2646 2818 πάντων,
2679 2746 2754 2801 ὧν
2802 2742 2892 2801 διὰ
2940 2750 3039 2801 τοῦ
3087 2745 3216 2800 Υἱοῦ
3264 2740 3583 2814 πεποίηκεν,
3631 2741 3792 2806 αὐτὸς

2135 2840 2341 2911 κρατεῖ,
2372 2835 2578 2892 τούτων
2612 2857 2672 2890 τε
2707 2836 2807 2905 τήν
2859 2833 3098 2906 ἐξουσίαν
3146 2838 3226 2905 τῷ
3266 2834 3379 2905 Υἱῷ
3431 2829 3655 2900 δέδωκε,
3702 2828 3794 2885 καὶ

2138 2923 2413 2995 δεδωκὼς,
2464 2925 2629 2980 πάλιν
2678 2922 2839 2987 αὑτὸς
2889 2928 2994 2978 τῶν
3044 2924 3258 2978 πάντων
3320 2919 3411 2977 διὰ
3461 2925 3562 2977 τοῦ
3611 2916 3793 2996 Λόγου

2136 3012 2411 3088 κυριεύειυ
2460 3012 2626 3070 πάλιν
2677 3035 2738 3069 τε
2796 3010 2992 3090 Κύριον
3043 3015 3153 3067 τῶν
3197 3008 3480 3085 δυνάμεων
3536 3006 3794 3085 λέγοντες

2135 3104 2227 3161 τὸν
2260 3104 2414 3176 Θεὸν,
2442 3105 2506 3159 οὑ
2538 3101 2628 3159 διὰ
2664 3103 2727 3159 τὸ
2779 3102 2918 3158 εἶναι
2962 3102 3053 3157 καὶ
3100 3100 3191 3156 τὸν
3226 3100 3407 3176 Λόγον
3449 3093 3543 3155 ἕνα
3584 3097 3797 3153 τούτων

2136 3197 2243 3248 τῶν
2295 3189 2595 3267 δυνάμεωνι
2626 3192 2779 3248 τοῦτ’
2823 3189 3014 3267 ἔλεγον
3065 3192 3201 3265 (43),
3252 3187 3380 3247 ἀλλ’
3425 3186 3509 3267 ὅτι
3555 3192 3654 3244 τοῦ
3702 3186 3799 3262 μὶν

2137 3283 2266 3337 ι’ἱοῦ
2306 3264 2493 3359 Πατήρ
2543 3280 2677 3352 ἐστι,
2730 3284 2836 3336 τῶν
2898 3264 2957 3336 δὲ
3014 3264 3105 3335 διὰ
3156 3283 3255 3335 τοῦ
3311 3278 3440 3334 Υἱοῦ
3487 3264 3799 3353 γενομένων

378 3367 577 3424 minus
607 3372 715 3425 est.
747 3372 895 3427 Nam
927 3376 986 3428 et
1011 3370 1207 3444 ipsum
1240 3373 1416 3430 etiam
1459 3374 1720 3431 Verbum
1750 3375 1904 3448 quod
1936 3377 2027 3432 est

2139 3368 2417 3445 δυνάμεων
2451 3358 2649 3449 Κύριός
2679 3370 2812 3429 ἐστι.
2845 3368 2944 3426 Καὶ
2975 3370 3080 3446 γὰρ
3126 3369 3218 3424 καὶ
3262 3360 3423 3431 αὐτὸς
3472 3369 3588 3442 (44)
3628 3364 3797 3422 πάλιν

377 3455 437 3512 in
469 3454 657 3527 Patre,
689 3458 902 3517 horum
933 3461 1200 3519 omnium
1231 3463 1516 3521 Dominus
1548 3470 1658 3533 est,
1712 3464 2031 3538 omniaque

376 3542 554 3603 habet
572 3546 631 3603 in
663 3551 968 3621 potestate,
1000 3551 1481 3625 quandoquidem
1511 3553 1637 3609 Filii
1663 3562 1803 3610 sunt
1829 3553 2031 3611 omnia

379 3644 508 3705 quae
535 3633 703 3692 Pater
730 3636 925 3695 habet.
960 3642 1034 3695 Ut
1060 3639 1242 3714 igitur
1269 3641 1366 3699 hic
1395 3648 1486 3699 est
1530 3641 1764 3699 illarum
1821 3643 2029 3699 dictio-

379 3738 525 3779 num
557 3725 882 3794 sensus,sic
911 3728 1013 3801 qui
1034 3728 1220 3786 Deum
1241 3732 1612 3789 non-factum
1635 3731 1798 3805 cupit
1818 3731 2030 3800 dicere,

381 3810 538 3868 dicat
566 3829 707 3870 sane
736 3814 788 3871 si
816 3831 1059 3889 prorsus
1089 3818 1172 3875 ita
1197 3817 1312 3891 ipsi
1342 3818 1576 3876 videtur
1605 3838 1619 3877 :
1659 3834 1864 3877 verum
1914 3836 2032 3876 non

380 3914 448 3957 eo
478 3904 680 3958 utatur
709 3905 948 3962 nomine
967 3910 1033 3962 ut
1061 3906 1352 3981 signiﬁcet
1369 3907 1627 3966 Verbum
1656 3908 1831 3967 rebus
1863 3908 2034 3966 factis

384 3992 896 4050 annumerandum
927 3995 1187 4064 esse;sed
1219 3997 1362 4069 quia
1393 4002 1567 4070 Deus,
1591 4002 1657 4054 ut
1686 4014 1868 4071 supra
1889 3998 2032 4069 dixi,

385 4095 507 4136 non
534 4079 727 4137 solum
760 4096 875 4139 non
906 4088 997 4139 est
1026 4083 1235 4153 factus,
1267 4087 1370 4143 sed
1402 4091 1457 4144 et
1488 4103 1685 4144 rerum
1744 4086 2033 4144 factarum

386 4182 491 4241 per
519 4169 821 4242 proprium
850 4170 1110 4231 Verbum
1122 4174 1359 4232 effector
1382 4178 1490 4233 est.
1548 4176 1816 4248 Namque
1857 4175 2034 4233 etiam

385 4271 521 4314 cum
552 4256 689 4314 talis
718 4257 935 4317 dicitur
954 4264 1143 4333 Pater,
1176 4264 1331 4321 186
1363 4260 1752 4322 nihilominus
1776 4264 2035 4321 Verbum

385 4349 444 4402 et
463 4346 656 4420 imago
686 4349 876 4406 Patris
893 4353 950 4406 et
974 4350 1165 4408 eidem
1221 4353 1743 4425 consubstantiale,
1799 4358 1909 4421 est,
1968 4369 2035 4409 ac

385 4434 629 4508 proinde
659 4452 795 4493 cum
825 4438 955 4511 ejus
994 4440 1073 4497 sit
1127 4441 1342 4517 imago,
1366 4442 1525 4500 aliud
1576 4446 1732 4500 certe
1789 4458 1824 4500 ο.
1861 4443 2037 4499 rebus

383 4524 553 4583 factis
602 4526 770 4583 etab
819 4528 1098 4586 omnibus
1141 4546 1272 4589 esse
1321 4532 1637 4590 dicendum
1683 4538 1796 4590 est.
1854 4533 2036 4604 Cujus

384 4613 544 4670 enim
572 4618 662 4671 est
687 4616 904 4690 imago,
937 4619 1068 4690 ejus
1097 4623 1153 4676 et
1180 4620 1595 4694 proprietatem
1620 4626 1677 4678 et
1697 4619 2036 4678 similitudi-

2140 3462 2169 3516 6
2200 3460 2379 3536 Λόγος
2427 3458 2478 3515 ἐν
2531 3464 2612 3532 τῷ
2660 3459 2833 3536 Πατρῖ
2882 3454 2980 3528 ὢν,
3031 3456 3243 3514 πάντων
3286 3456 3495 3514 τούτων
3542 3454 3653 3512 ἐστὶ
3703 3453 3804 3510 Κύ-

2141 3569 2279 3626 ριος,
2339 3548 2429 3603 καὶ
2486 3548 2702 3604 πάντων
2761 3550 2986 3625 κρατεῖ’
3040 3547 3215 3602 πάντα
3270 3546 3376 3623 γὰρ
3437 3544 3538 3602 ὅσα
3594 3542 3711 3621 ἔχει
3769 3543 3801 3598 ὁ

2140 3639 2351 3715 Πατὴρ,
2407 3641 2505 3693 τοῦ
2557 3638 2687 3693 Υἱοῦ
2745 3635 2907 3693 ἐστιν.
2954 3638 3157 3712 Ὥσπερ
3207 3631 3298 3690 οὖν
3349 3637 3510 3690 τοῦτο
3548 3628 3798 3688 τοιοῦτον

2142 3725 2258 3804 ἔχει
2302 3724 2395 3782 τόν
2447 3729 2571 3782 νοῦν
2619 3727 2756 3801 (45),
2807 3722 2982 3787 οὕτως
3023 3722 3052 3779 6
3102 3720 3443 3800 βουλόμενος
3492 3719 3675 3797 λέγειν
3702 3719 3798 3776 τὸν

2141 3816 2269 3872 Θεὸν
2303 3815 2560 3891 ἀγένητον
2613 3814 2822 3892 λεγέτω
2867 3814 2998 3887 μὴν,
3047 3811 3093 3868 εί
3137 3806 3274 3882 ἅπαξ
3323 3810 3497 3873 οὕτως
3526 3811 3676 3882 αὐτῷ
3705 3806 3799 3865 δο-

2139 3910 2245 3975 κεῖ,
2283 3907 2357 3978 μὴ
2396 3904 2582 3978 μέντοι
2612 3899 2702 3958 διὰ
2727 3902 2790 3959 τὸ
2839 3901 2976 3957 εἶναι
3020 3901 3111 3957 τὸν
3158 3900 3338 3977 Λόγον
3387 3902 3503 3955 τῶν
3531 3903 3801 3975 γενητῶν,

2144 3992 2270 4051 ἀλλ’
2300 3991 2405 4065 ὅτι,
2452 3993 2591 4048 καθὰ
2637 3997 2922 4065 προεῖπον,
2957 3992 2986 4047 6
3039 3988 3171 4052 Θεὸς
3222 3990 3285 4045 οὐ
3343 3988 3508 4063 μόνον
3559 3988 3661 4044 οὑκ
3687 3984 3801 4043 ἔστι

2143 4083 2395 4159 γενητὸς,
2425 4079 2572 4136 ἀλλὰ
2598 4079 2689 4135 καὶ
2719 4085 2827 4135 τῶν
2852 4084 3098 4156 γενητῶν
3132 4079 3377 4149 ποιητής
3427 4076 3540 4134 ἐστι
3587 4072 3679 4133 διὰ
3703 4080 3804 4132 τοῦ

2147 4169 2288 4228 ἰδίου
2327 4170 2538 4250 Λόγου.
2589 4168 2688 4228 Καὶ
2740 4170 2843 4245 γὰρ
2883 4168 2973 4226 καὶ
3013 4168 3158 4225 οὕτω
3197 4164 3500 4244 λεγομένου
3555 4168 3652 4222 τοῦ
3692 4170 3803 4222 Ha-

2142 4260 2295 4337 τρὸς,
2336 4257 2501 4315 πάλιν
2553 4259 2713 4315 εἰκὼν
2746 4256 2981 4333 ὸΛόγος
3029 4255 3141 4314 ἐστὶ
3196 4257 3288 4312 καὶ
3353 4255 3652 4321 ὁμοούσιος
3705 4257 3808 4311 τοῦ

2146 4348 2377 4426 Πατρός·
2433 4348 2591 4404 εἶ’κὼν
2623 4345 2681 4403 δὲ
2730 4344 2803 4402 ὣν
2837 4345 3024 4421 αὑτοῦ,
3056 4344 3232 4410 ἄλλοις
3283 4344 3342 4401 ἃν
3376 4342 3459 4418 εἴη
3496 4349 3606 4401 τῶν
3639 4365 3803 4421 γενη-

2142 4443 2250 4494 τῶν
2301 4437 2392 4495 καὶ
2446 4440 2551 4492 τῶν
2602 4434 2839 4493 πάντων·
2901 4436 2963 4491 οὗ
3017 4437 3122 4514 γάρ
3182 4435 3323 4491 ἐστιν
3380 4434 3566 4504 εἰκὼν,
3606 4431 3806 4489 τούτου

2142 4528 2233 4585 καὶ
2288 4529 2388 4598 τὴν
2439 4524 2687 4598 ἰδιότητα
2731 4526 2821 4581 καὶ
2869 4527 2967 4595 τήν
3009 4523 3275 4599 ὁμοίωσιν
3322 4521 3482 4600 ἔχει,
3527 4521 3666 4578 ὥστε
3710 4522 3805 4577 τὸν

2145 4616 2377 4694 λέγοντα
2434 4617 2695 4695 ἀγένητον
2767 4614 2859 4670 καὶ
2917 4610 3328 4690 παντοκράτορα
3384 4612 3477 4669 τὸν
3539 4611 3757 4689 Πατέρα
3790 4657 3807 4685 ,

325 4788 328 4791 Δ
386 4714 521 4803 nem
562 4702 757 4777 habet,
788 4707 932 4763 adeo
952 4712 1020 4765 ut
1048 4708 1152 4781 qui
1179 4709 1411 4767 Patrem
1443 4711 1813 4767 nou-factum
1839 4715 1898 4767 et
1917 4725 2027 4767 om-

2141 4712 2283 4765 νοεῖν
2313 4706 2364 4763 ἐν
2410 4710 2491 4779 τῷ
2541 4706 2789 4778 ἀγενήτῳ
2841 4704 2931 4759 καὶ
2978 4707 3060 4776 τῷ
3106 4704 3221 4777 (46)
3272 4702 3669 4803 παντοκρατορι
3715 4700 3808 4803 καὶ

385 4791 745 4864 nipotentem
777 4794 1051 4869 appellat,
1102 4799 1153 4855 is
1209 4798 1507 4856 nou-facto
1554 4804 1611 4856 et
1639 4800 2027 4872 omnipotente

2144 4798 2236 4853 τὸν
2266 4795 2462 4851 τούτου
2494 4794 2670 4870 Λόγον
2719 4794 2811 4849 καὶ
2856 4794 2958 4863 τὴν
3003 4791 3217 4873 σοφίαν,
3256 4790 3381 4862 ἥτις
3420 4786 3562 4847 ἔστὶν
3597 4791 3626 4845 6
3656 4788 3804 4851 Υἱός.

385 4879 567 4953 hujus
600 4883 854 4940 Verbum
885 4890 943 4941 et
966 4885 1341 4959 sapientiam,
1376 4904 1504 4961 quae
1538 4888 1664 4962 ipse
1694 4894 1785 4945 est
1829 4886 2038 4957 Filius,

386 4969 693 5044 intelligat.
736 4972 955 5030 Verum
976 4975 1192 5049 egregii
1223 4976 1310 5033 illi
1340 4981 1515 5050 atque
1543 4978 1616 5034 ad
1671 4977 2037 5051 impietatem

386 5059 674 5132 proclives
703 5061 974 5119 homines
1030 5080 1243 5121 nomen
1297 5066 1587 5123 non-facti
1644 5065 2041 5138 excogitavere

388 5164 505 5205 non
536 5154 603 5207 ut
628 5150 813 5208 Deum
836 5152 1317 5224 honorarent,sed
1350 5162 1416 5211 ut
1445 5155 1680 5229 signum
1729 5170 1849 5211 sua
1902 5169 2043 5228 erga

386 5238 1190 5323 Salvatorem.malevolcntiaa
1220 5244 1580 5303 exbiberent.
1609 5244 1668 5300 Si
1725 5242 1880 5302 enim
1938 5242 2043 5300 Dei

388 5325 577 5388 honor
604 5334 664 5388 et
692 5332 987 5390 veneratio
1025 5334 1144 5392 illis
1174 5351 1325 5392 curae
1378 5335 1607 5405 fuisset,
1655 5333 1841 5392 satius
1900 5348 2041 5391 sane

485 5607 575 5679 ιι)
606 5603 761 5679 Basil
796 5603 979 5660 αὐτόν.

485 5608 575 5679 lii)
606 5608 761 5664 Basil
796 5608 979 5660 αὐτόν.

461 5608 578 5752 (42)
608 5677 703 5734 Sic
730 5678 870 5750 Reg.
901 5678 974 5733 At
1003 5675 1099 5732 alii
1130 5679 1188 5733 et
1214 5674 1394 5732 editio
1425 5673 1708 5733 Commel.
1766 5688 1927 5749 γεννη
1940 5673 2042 5746 μά-

392 5769 499 5806 των

466 5794 579 5898 013)
610 5820 705 5880 Sic
735 5823 874 5897 Reg.
905 5822 965 5879 et
991 5815 1168 5877 Basil.
1225 5816 1334 5875 Alii
1389 5833 1524 5876 vero
1581 5822 1642 5875 et
1683 5814 1848 5891 editi,
1900 5815 2049 5872 τοῦτ’

2148 4883 2305 4942 Ἀλλ’
2336 4887 2390 4941 οἱ
2414 4883 2713 4958 θαυμαστοὶ
2744 4883 2833 4939 καὶ
2882 4882 2960 4945 εἷς
3011 4876 3255 4938 ἀσέϐειαν
3302 4880 3569 4959 εὐχερεῖς,
3612 4878 3676 4935 οὖ
3703 4878 3808 4948 τῆς

2148 4976 2226 5039 είς
2255 4976 2349 5031 τὸν
2398 4974 2526 5031 Θεὸν
2566 4976 2740 5047 τιμῆς
2789 4971 3191 5051 φροντίζοντες,
3242 4969 3467 5049 ἐφεῦρον
3515 4966 3581 5025 τὸ
3632 4961 3812 5040 ὄνομα

2145 5068 2245 5121 τοῦ
2276 5064 2559 5140 ἀγενήτου,
2607 5068 2710 5132 τῆς
2761 5057 2820 5117 δὲ
2860 5061 2999 5117 κατὰ
3042 5064 3140 5116 τοῦ
3191 5062 3454 5133 Σωτῆρος
3502 5057 3665 5134 χάριν
3710 5076 3807 5112 κα-

2148 5153 2387 5216 κονοίας’
2421 5150 2466 5208 εί
2516 5153 2619 5228 γὰρ
2650 5146 2883 5226 ἔμελλεν
2924 5148 3112 5212 αὐτοῖς
3148 5154 3320 5222 τιμῆς
3366 5147 3457 5204 καὶ
3510 5144 3810 5226 εὐφημίας,

2153 5236 2260 5299 ἔδει
2318 5239 2532 5318 μᾶλλον
2586 5238 2678 5296 καὶ
2724 5244 2887 5296 τοῦτο
2941 5236 3157 5314 βέλτιον
3206 5238 3274 5308 ἦν
3321 5235 3650 5319 Πατέρατὸν
3683 5232 3813 5319 Θεὸν

2154 5327 2348 5387 εἲδὲναι
2400 5327 2577 5385 τεκαὶ
2629 5325 2808 5403 λέγειν
2870 5323 3087 5397 αὐτοὺς,
3142 5321 3179 5394 ἢ
3240 5318 3459 5387 ἐκείνως
3520 5318 3808 5397 ὀνομάζειν

2154 5596 2339 5728 ἔλῗῖΣῖ

2251 5675 2320 5728 44

2226 5675 2320 5888 iis

2249 5815 2320 5872 46

2249 5815 2321 5872 46

2349 5641 2464 5727 ’δίο
2491 5670 2632 5741 Reg.
2662 5672 2740 5725 At
2767 5666 2868 5725 alii
2887 5666 3133 5741 et_e’diti,
3167 5663 3268 5741 iiut
3295 5665 3401 5741 γὰρ
3429 5661 3613 5727 αὐτός.

2370 5734 2634 5816 Bas-.33"
2662 5742 2911 5816 τεξιςιῦτον
2944 5734 3233 5816 iamdiu:

2371 5807 2631 5887 Sio'Seg.
2662 5811 2778 5870 Alii
2797 5807 3084 5871 autem'et
3103 5809 3245 5869 editi
3276 5810 3358 5882 τῷ
3387 5807 3693 5867 omittunt.

2323 5671 2341 5887 ξ
