4148 6448
294 415 413 479 413

1377 405 1479 471 DE
1524 402 1906 471 DECRETIS
1952 398 2286 470 ΝῙϐιΕΝιΕ
2331 408 2645 473 SYNODI.

3602 421 3721 483 474

297 546 514 610 αὐτούς’
566 544 822 621 λέγοντες
875 543 968 618 μὲν
1022 542 1124 620 γὰρ
1176 540 1372 598 ἐκεῖνοι
1422 541 1512 595 τὸν
1566 541 1692 597 Θεὸν
1747 540 1944 615 ἁγένη-
1975 580 1989 613 λ

2103 545 2185 597 rat
2241 544 2672 615 praestabatque
2729 543 2862 601 illos
2892 545 3098 611 Deum,
3146 545 3369 604 Patrem
3399 565 3718 621 agnoscere

297 660 410 708 τον,
444 636 504 691 ἐκ
532 639 639 690 τῶν
690 634 997 711 γενομένων
1049 630 1228 704 αὐτὸν,
1274 631 1409 686 καθὰ
1458 634 1741 703 προεῖπον,
1790 649 1953 698 ποιη-

297 728 397 795 τὴν
435 724 597 801 μόνον
647 722 922 799 λέγουσιν,
966 719 1059 775 ἵνα
1103 720 1193 775 καὶ
1237 720 1328 775 τὸν
1381 718 1558 793 Λόγον
1606 718 1825 791 ποίημα
1864 738 1959 787 ση-

306 817 513 890 μάνωσι
546 814 683 868 κατὰ
728 814 828 882 τὴν
882 809 1019 866 ἰδίαν
1069 807 1296 880 ἡδονήν’
1349 810 1377 863 6
1428 805 1484 863 δὲ
1530 809 1620 863 τὸν
1670 805 1797 865 Θεὸν
1849 812 1960 863 Πα-

300 905 428 980 τέρα
477 902 655 978 λέγων
714 900 867 963 εὐθὺς
919 901 969 955 ἐν
1023 898 1170 971 αὐτῷ
1220 896 1311 953 λαὶ
1363 897 1455 952 τὸν
1503 897 1627 950 Υίὸν
1680 893 1959 969 σημαίνει,

2063 634 2121 684 et
2156 630 2365 697 dicere,
2402 648 2580 704 quam
2636 649 2771 691 eum
2822 634 3163 705 hujusmodi
3206 636 3445 703 nomine
3487 655 3716 697 vocare.

2069 718 2214 774 Cum
2247 720 2402 795 enim
2438 720 2521 777 illi
2556 722 2735 777 Deum
2768 740 2883 783 non
2918 724 3134 781 factum
3188 725 3502 797 appellant,
3548 726 3719 783 illum

2069 825 2137 864 ex
2160 809 2334 865 rebus
2367 809 2557 880 factis,
2584 815 2650 865 ut
2679 827 2857 883 supra
2910 812 3048 879 dixi,
3104 814 3432 873 eii‘ectorem
3481 821 3714 875 tantum

2070 898 2294 964 dicunt,
2330 903 2393 953 ut
2440 899 2665 953 scilicet
2717 900 2973 957 Verbum
3031 918 3265 975 quoque
3321 905 3541 965 factum
3588 922 3719 965 esse

301 994 391 1050 καὶ
423 992 521 1048 οὐκ
563 993 837 1067 ἀγνοήσει,
890 988 994 1059 ὅτι,
1043 989 1171 1043 Υἱοῦ
1221 987 1395 1055 ὄντος,
1447 983 1535 1043 διὰ
1577 989 1674 1043 τοῦ
1719 986 1848 1040 Υίοῦ
1895 985 1964 1041 τὰ

2103 986 2427 1058 igniﬁcent,
2462 988 2617 1059 quod
2651 988 2888 1059 quidem
2921 989 3243 1062 plurimum
3273 994 3419 1067 ipsis
3477 996 3716 1055 arridet.

304 1081 569 1163 γενόμενα
600 1079 817 1150 ἐκτίσθη
850 1077 1043 1135 πάντα.

2073 1074 2181 1138 Qui
2213 1091 2345 1132 vero
2377 1075 2582 1143 Deum,
2642 1077 2867 1134 Patrem
2918 1080 3201 1151 nominat,
3252 1084 3453 1139 statim
3499 1084 3559 1141 in
3618 1084 3723 1145 illo

308 1162 518 1231 Filium
549 1186 784 1247 quoque
817 1168 1111 1243 intelligit,
1144 1185 1248 1231 nec
1278 1167 1548 1225 dubitare
1576 1169 1766 1239 potest
1797 1164 1960 1241 quin,
1993 1162 2041 1219 si
2081 1162 2262 1220 Filius
2292 1162 2553 1234 exsistat,
2584 1183 2674 1224 res
2706 1167 2868 1223 factae
2924 1186 3129 1227 omnes
3177 1187 3279 1242 per
3335 1172 3548 1231 Filium
3602 1175 3723 1235 sint

305 1265 529 1319 creatae.

328 1332 489 1407 ⁸31(
526 1347 729 1417 Οὐκοῦν
790 1347 880 1402 καὶ
949 1345 1160 1421 μᾶλλον
1220 1349 1255 1417 ἢ
1317 1348 1429 1423 (47)
1489 1343 1848 1419 ἀληθέστερον
1909 1342 1967 1398 ἂν

312 1432 397 1511 εἷή¹
426 1439 516 1493 τὸν
546 1438 675 1493 Θεὸν
734 1436 793 1491 ἐκ
836 1439 934 1490 τοῦ
984 1436 1112 1489 Υίοῦ
1164 1433 1448 1508 σημαίνειν
1497 1432 1586 1487 καὶ
1636 1431 1846 1503 Πατέρα
1876 1424 1966 1489 λέ-

311 1551 447 1606 γειν,
497 1529 532 1597 ἢ
581 1527 640 1581 ἐκ
696 1523 874 1599 μόνων
922 1528 1029 1579 τῶν
1083 1520 1256 1600 ἔργων
1314 1524 1597 1596 ὀνομάζειν
1646 1520 1736 1575 καὶ
1790 1518 1968 1593 λέγειν

314 1619 470 1673 αὐτὸν
523 1615 820 1692 ἀγένητον·
881 1618 1042 1668 τοῦτο
1098 1615 1191 1686 μὲν
1243 1614 1346 1688 γὰρ
1396 1614 1463 1667 τὰ
1516 1610 1574 1665 ἐκ
1620 1614 1717 1664 τοῦ
1772 1606 1973 1683 βουλή-

320 1728 485 1781 ματος
526 1708 625 1763 τοῦ
674 1708 808 1759 Θεοῦ
859 1701 947 1757 διὰ
984 1707 1080 1757 τοῦ
1134 1703 1314 1778 Λόγου
1374 1699 1639 1776 γενόμενα
1696 1694 1828 1772 ἔργα
1877 1718 1972 1766 ση-

320 1796 514 1871 μαίνει·
574 1795 636 1849 τὸ
688 1792 745 1849 δὲ
796 1797 894 1847 τοῦ
949 1794 1159 1869 Πατρὸς
1221 1788 1397 1865 ὄνομα
1454 1790 1516 1844 τὸ
1574 1785 1713 1843 ἴδιον
1762 1787 1821 1841 ἐκ
1869 1793 1971 1855 τῆς

2148 1343 2236 1397 31.
2274 1343 2474 1415 Itaque
2507 1343 2716 1401 melius
2746 1346 3010 1402 veriusve
3063 1349 3238 1405 fuerit
3268 1350 3450 1407 Deum
3481 1369 3549 1408 ex
3580 1353 3724 1427 Filio

2080 1432 2414 1510 signiﬁcare
2446 1432 2793 1504 Patremque
2821 1434 3031 1503 dicere,
3064 1454 3241 1508 quam
3282 1456 3418 1495 eum
3466 1457 3535 1499 ex
3583 1442 3724 1500 solis

2080 1521 2355 1593 operibus
2387 1521 2757 1577 non-factum
2806 1523 3118 1596 appellare.
3179 1526 3326 1582 Nam
3374 1530 3431 1584 id
3482 1531 3722 1601 quidem

2083 1626 2293 1664 nomen
2326 1626 2501 1681 Opera
2532 1626 2601 1665 ex
2635 1610 2728 1665 Dei
2778 1611 3076 1669 voluntate
3124 1631 3227 1687 per
3269 1618 3523 1673 Verbum
3574 1620 3727 1676 facta

2081 1698 2337 1754 indicat:
2374 1698 2560 1754 Patris
2611 1704 2807 1754 autem
2862 1718 3075 1758 nomen
3134 1704 3434 1776 proprium
3483 1723 3551 1761 ex
3598 1710 3728 1779 ejus

2084 1787 2412 1843 substantia
2441 1788 2621 1843 fetum
2683 1790 2996 1861 signiﬁcat.
3049 1794 3341 1858 Quantum
3391 1800 3587 1850 autem
3642 1801 3732 1854 est

319 1886 500 1947 οὐσίας
560 1883 721 1941 αὐτοῦ
779 1883 1027 1958 γέννημα
1076 1881 1352 1956 γνωρίζει.
1402 1883 1551 1952 Ὃσῳ
1603 1874 1659 1932 δὲ
1710 1878 1736 1931 6
1798 1875 1972 1950 Λόγος

2103 1875 2441 1932 liscriminis
2474 1876 2730 1933 Verbum
2763 1880 2916 1934 inter
2945 1884 3001 1934 et
3031 1897 3122 1936 res
3154 1881 3359 1948 factas,
3401 1888 3631 1940 tantum
3677 1890 3735 1943 et

318 1980 423 2031 τῶν
456 1978 697 2050 γενητῶν
751 1970 1012 2051 διαφέρει,
1062 1974 1323 2025 τοσοῦτον
1371 1967 1461 2023 καὶ
1509 1964 1675 2021 πλέον
1701 1966 1763 2020 τὸ
1795 1963 1972 2039 λέγειν

320 2066 410 2119 τὸν
445 2064 573 2118 Θεὸν
608 2063 819 2134 Πατέρα
842 2064 939 2114 τοῦ
972 2058 1150 2135 λέγειν
1185 2057 1444 2133 ἀγένητον
1498 2053 1747 2134 διαφέροι
1773 2052 1853 2108 ἄν·
1887 2053 1977 2107 καὶ

322 2155 424 2229 γὰρ
454 2154 615 2207 τοῦτο
652 2150 743 2223 μὲν
778 2146 1018 2226 ἄγραφον
1052 2146 1142 2202 καὶ
1174 2141 1707 2218 ὕποπτον,ποικίλην
1732 2140 1858 2218 ἔχον
1881 2142 1979 2210 τὴν

332 2240 601 2315 σημασίαν
654 2237 810 2293 ἐστίν·
867 2236 1037 2292 ἐκεῖνο
1066 2237 1175 2309 (48)
1205 2233 1262 2290 δὲ
1291 2232 1498 2289 ἀπλοῦν
1544 2232 1633 2287 καὶ
1686 2230 1977 2307 ἔγγραφον,

322 2331 412 2386 καὶ
446 2328 829 2402 ἀληθέστερον,
861 2326 951 2380 καὶ
987 2325 1147 2398 μόνον
1179 2330 1451 2397 σημαῖνον
1484 2323 1575 2377 τὸν
1620 2321 1764 2376 Υἱὸν.
1796 2319 1896 2374 Καὶ
1923 2322 1981 2374 τὸ

332 2419 423 2493 μὲν
459 2416 717 2491 ἀγένητον
769 2421 894 2490 παρ’
946 2411 1233 2484 Ἑλλήνων
1282 2412 1503 2487 εὕρηται
1552 2415 1659 2465 τῶν
1697 2413 1771 2483 μή
1819 2430 1982 2485 γινω-

329 2506 563 2561 σκόντων
620 2514 707 2561 τὸν
772 2503 919 2557 Υίόνο
975 2504 1034 2556 τὸ
1091 2499 1149 2556 δὲ
1207 2502 1392 2576 Πατὴρ
1450 2502 1595 2574 παρά
1650 2503 1746 2553 τοῦ
1788 2498 1983 2571 Κυρίου

329 2598 488 2668 ἡμῶν
541 2593 783 2669 ἐγνώσθη
835 2592 925 2647 καὶ
974 2592 1312 2667 κεχάρισται·
1363 2590 1455 2645 καὶ
1512 2589 1616 2666 γὰρ
1674 2586 1830 2650 εἰδὼς
1890 2586 1983 2641 αὐ-

330 2689 418 2748 τὸς
483 2681 631 2745 τίνος
691 2681 830 2736 ἐστὶν
890 2683 1035 2751 Υἱὸς,
1093 2678 1293 2755 ἔλεγεν·
1355 2680 1499 2754 Ἐγὼ
1558 2677 1609 2733 ἐν
1656 2682 1736 2749 τῷ
1793 2676 1985 2751 Πατρὶ,

328 2773 418 2827 καὶ
451 2772 479 2826 6
510 2773 697 2847 Πατὴρ
744 2769 795 2825 ἐν
849 2768 993 2844 ἐμοί·
1044 2769 1156 2839 καὶ,
1214 2770 1271 2821 Ὀ
1323 2767 1578 2843 ἑωρακὼς
1621 2766 1737 2840 ἐμὲ,
1785 2766 1989 2840 ἑώρακε

329 2870 416 2916 τὸν
487 2860 699 2938 Πατέρα
733 2878 745 2890 ·
805 2859 943 2929 καὶ,
1006 2859 1150 2934 Ἐγὼ
1205 2858 1295 2912 καὶ
1354 2858 1382 2912 6
1447 2857 1634 2932 Πατὴρ
1693 2854 1743 2909 ἔν
1807 2854 1985 2927 ἐσμεν·

329 2951 420 3006 καὶ
471 2947 715 3023 οὐδαμοῦ
772 2947 1012 3026 φαίνεται
1070 2953 1158 3001 τὸν
1233 2947 1443 3023 Πατέρα
1496 2944 1680 3000 καλῶν
1732 2944 1988 3019 ἀγένητον

333 3038 515 3102 αὐτός·
552 3036 698 3097 ἀλλὰ
739 3037 830 3091 καὶ
878 3039 1028 3110 ἡμᾶς
1077 3033 1329 3111 εὔχεσθαι
1380 3032 1647 3089 διδάσκων
1694 3033 1793 3088 οὐκ
1824 3032 1989 3087 εἶπεν·

331 3133 493 3184 Ὅταν
554 3125 611 3182 δὲ
667 3124 1067 3203 προσεύχησθε,
1128 3123 1351 3199 λέγετε·
1416 3124 1512 3178 Θεὲ
1559 3122 1783 3198 ἀγένητε
1841 3124 1989 3196 (49)·

341 3216 489 3274 ἀλλά
550 3214 782 3291 μᾶλλον·
840 3217 1002 3270 Ὅταν
1059 3213 1459 3290 προσεύχησθε,
1519 3210 1755 3319 λέγετεῂ·
1819 3212 2070 3319 Πάτὶρα

331 3310 494 3381 ἡμῶν
555 3307 583 3361 ὁ
642 3305 693 3361 ἐν
750 3310 865 3367 τοῖς
944 3303 1194 3380 οὐρανοῖς
1230 3322 1242 3334 ’
1282 3302 1371 3357 καὶ
1460 3303 1519 3355 τὸ
1585 3300 1879 3379 κεφάλαιον
1940 3298 1997 3355 δὲ

331 3404 433 3467 τῆς
492 3395 725 3456 πίστεως
783 3397 942 3467 ἡμῶν
996 3391 1069 3455 είς
1122 3396 1284 3447 τοῦτο
1334 3391 1620 3445 συντείνειν
1679 3388 1947 3461 ἠθέλησεν
1983 3435 1995 3448 .

337 3483 620 3542 Ἐκέλευσε
679 3485 781 3560 γὰρ
853 3485 1005 3556 ἡμᾶς
1089 3482 1437 3558 βαπτίζεσθαι
1516 3480 1615 3535 οὐκ
1691 3480 1766 3542 εἰς
1824 3474 2001 3553 ὄνομα

339 3576 609 3652 ἀγενήτου
661 3573 750 3628 καὶ
799 3576 1052 3647 γενητοῦ,
1096 3568 1224 3626 οὐδὲ
1272 3570 1348 3633 εἷς
1392 3566 1567 3644 ὄνομα
1612 3568 1863 3624 ἀκτίστου
1910 3570 2000 3623 καὶ

335 3664 635 3737 κτίσματος
669 3706 683 3734 ,
743 3659 869 3717 ἀλλ’
930 3661 1006 3723 εἷς
1076 3655 1249 3734 ὄνομα
1308 3665 1513 3731 Πατρὸς
1568 3659 1658 3713 καὶ
1728 3659 1855 3713 Υίοῦ
1910 3658 1999 3713 καὶ

340 3752 501 3829 ἁγίου
560 3750 894 3825 Πνεύματος³
950 3750 1092 3805 οὕτω
1142 3751 1246 3825 γὰρ
1296 3746 1664 3822 τελειούμενοι
1724 3747 2001 3802 υίοποιού-

346 3843 483 3919 μεθα
511 3841 601 3897 καὶ
631 3844 797 3914 ἡμεῖς
829 3837 1072 3909 ἀληθῶς,
1120 3840 1211 3894 καὶ
1252 3844 1311 3892 τὸ
1357 3842 1455 3893 τοῦ
1504 3843 1710 3912 Πατρὸς
1743 3834 1800 3892 δὲ
1830 3832 2005 3911 ὄνομα

345 3931 600 4007 λέγοντες
634 3974 648 3999 ,
709 3928 1142 4003 ἐπιγινώσκομεν
1204 3927 1263 3982 ἐκ
1316 3931 1412 3981 τοῦ
1490 3926 1763 4000 ὀνόματος
1808 3926 2002 3981 τούτου

322 4019 421 4076 καὶ
481 4019 568 4073 τὸν
611 4017 662 4073 ἐν
712 4022 791 4090 τῷ
841 4018 1011 4092 Πατρὶ
1043 4018 1238 4093 Λόγον.
1276 4016 1335 4071 Ei
1372 4013 1427 4071 δὲ
1477 4016 1567 4070 καὶ
1618 4014 1829 4089 Πατέρα
1859 4014 2004 4070 θέλει

328 4109 515 4185 λέγειν
566 4111 725 4182 ἡμῶν
774 4108 861 4162 τὸν
916 4104 1051 4162 ξ’διον
1104 4108 1295 4162 ἑαυτοῦ
1342 4107 1587 4181 Πατέρα,
1630 4105 1701 4161 -οὐ
1752 4108 1863 4183 χρή
1918 4102 2006 4160 διὰ

324 4203 501 4256 τοῦτο
549 4195 898 4251 συνεκτείνειν
946 4197 1165 4259 ἐαυτοὸς
1214 4201 1293 4268 τῷ
1340 4197 1450 4267 Υίῷ
1497 4196 1634 4251 κατὰ
1678 4197 1777 4265 τὴν
1824 4194 2000 4273 φύσιν·

412 4286 554 4307 κ’
704 4282 1191 4339 κδ”ὸκλι
1457 4279 1990 4336 nivea

330 4307 430 4343 και
461 4306 624 4341 τουτο
656 4305 759 4360 γαρ
831 4308 844 4337 ι
929 4306 1021 4339 αυτ
1066 4308 1080 4337 Ι
1195 4304 1344 4358 γεται
1375 4304 1481 4356 παρ
1574 4305 1728 4356 ,μων.
1842 4302 1931 4336 πει
1968 4305 2001 4351 η

332 4377 445 4453 γὰρ
486 4376 546 4428 τὸ
574 4374 841 4448 ἡμέτερον
880 4375 908 4427 6
940 4373 1116 4447 Λόγος
1169 4371 1389 4449 ἐφόρεσε
1438 4376 1616 4444 σῶμα,
1664 4372 1753 4426 καὶ
1785 4372 2005 4446 γέγονεν

336 4465 394 4521 ἐν
430 4466 589 4538 ἡμῖν·
638 4459 950 4523 ἀκολούθως
1002 4459 1090 4516 διὰ
1140 4471 1224 4517 τὸν
1256 4460 1306 4515 ἐν
1357 4463 1489 4533 ἡμῖν
1520 4460 1695 4535 Λόγον
1724 4462 1813 4514 καὶ
1843 4463 2004 4534 ἡμῶν

340 4556 373 4610 ὁ
409 4553 534 4614 Θεὸς
585 4549 801 4626 λέγεται
852 4552 1061 4627 Πατήρ.
1096 4550 1162 4604 Τὸ
1209 4550 1311 4624 γὰρ
1365 4547 1415 4603 ἐν
1464 4551 1598 4622 ἡμῖν
1654 4553 1871 4621 Πνεῦμα
1909 4554 2006 4604 τοῦ

2087 1965 2340 2037 amplius
2372 1965 2563 2021 differt
2586 1972 2783 2035 Deum,
2805 1967 3031 2024 Patrem
3046 1970 3259 2038 dicere,
3282 1975 3339 2026 et
3360 1975 3731 2031 non—factum

2088 2053 2399 2126 appellare.
2436 2054 2551 2109 Hoc
2582 2056 2737 2110 cnim
2768 2072 2979 2112 nomen
3014 2056 3073 2112 iu
3104 2059 3420 2129 Scripturis
3470 2079 3587 2118 non
3634 2080 3731 2119 ex-

2091 2148 2207 2198 stat
2239 2149 2698 2214 suspectumque
2726 2149 2834 2213 est,
2867 2162 2932 2200 ac
2964 2147 3180 2201 variam
3214 2148 3392 2204 habet
3439 2151 3735 2222 signiﬁca-

2089 2231 2329 2287 tionem.
2362 2234 2435 2286 At
2466 2230 2713 2303 simplex
2743 2233 3012 2289 estaliud
3035 2252 3267 2304 nomen,
3293 2237 3737 2312 habeturquein

2090 2320 2427 2392 Scripturis,
2489 2337 2555 2374 ac
2610 2322 2835 2376 veritati
2890 2323 3080 2394 magis
3128 2329 3218 2379 est
3257 2331 3737 2396 consentaneum,

2092 2425 2274 2479 eoque
2305 2408 2465 2464 solus
2497 2408 2676 2464 Filius
2726 2410 3111 2481 signiﬁcatur.
3168 2414 3473 2482 Praeterea,
3524 2433 3737 2473 nomen

2095 2498 2368 2552 non-facti
2402 2515 2433 2552 a
2464 2497 2783 2570 gentilibus
2814 2500 2912 2570 qui
2948 2500 3162 2557 Filium
3212 2520 3327 2557 non
3379 2511 3743 2576 cognoscunt

2095 2587 2391 2641 inventum
2424 2593 2549 2643 est:
2585 2592 2644 2642 at
2690 2590 2880 2644 Patris
2930 2607 3140 2647 nomen
3192 2592 3265 2646 ab
3315 2594 3443 2660 ipso
3492 2594 3742 2651 Domino

2098 2680 2297 2731 nostro
2330 2678 2635 2747 probatum
2668 2683 2725 2732 et
2755 2679 2956 2734 datum
2987 2685 3094 2735 est.
3123 2681 3245 2752 [pse
3269 2683 3553 2754 enim,qui
3588 2690 3746 2741 certe

2099 2766 2270 2835 cujus
2291 2765 2470 2820 Filius
2490 2770 2664 2833 esset,
2684 2783 2798 2821 non
2827 2768 3140 2840 nesciebat,
3174 2770 3291 2824 ait:
3320 2772 3431 2839 Ego
3462 2774 3519 2827 in
3552 2774 3744 2845 Patre,

2100 2859 2151 2910 et
2173 2857 2334 2909 Pater
2362 2857 2425 2909 in
2451 2871 2536 2910 me
2564 2864 2641 2910 est
2668 2858 2733 2925 “,
2768 2861 2863 2910 et:
2897 2860 3010 2926 Qui
3031 2858 3173 2913 videt
3200 2876 3305 2926 me,
3367 2861 3509 2916 vide!
3540 2867 3590 2917 et
3640 2868 3748 2918 Pa-

2102 2954 2237 3000 trem
2270 2945 2331 3011 ¹²,
2365 2949 2454 3000 et:
2486 2946 2595 3016 Ego
2620 2951 2672 2999 et
2704 2950 2867 3001 Pater
2895 2963 3071 3002 unum
3098 2965 3286 3004 sumus
3322 2950 3385 3004 ‘3.
3421 2950 3588 3006 Nullo
3645 2970 3750 3007 au-

2103 3039 2222 3089 tem
2256 3034 2314 3089 in
2345 3033 2469 3089 loco
2500 3038 2731 3090 Patrem
2762 3035 2887 3107 ipse
2937 3036 3302 3092 non-factum
3358 3045 3540 3095 vocat.
3598 3041 3750 3105 Quin

2104 3123 2280 3179 ctiam
2307 3139 2440 3178 cum
2466 3140 2572 3180 nos
2587 3140 2751 3179 orare
2773 3124 2992 3191 docuit,
3016 3142 3132 3182 non
3156 3126 3339 3183 dixit:
3374 3130 3518 3184 Cum
3542 3130 3751 3197 oratis,

2107 3213 2279 3268 dicite
2302 3254 2315 3277 ,
2355 3214 2502 3268 Deus
2523 3213 2836 3269 non-facte.
2869 3215 2977 3270 Sed
3008 3216 3242 3286 potius:
3297 3217 3443 3272 Cum
3493 3219 3749 3275 oraveri-

2109 3301 2204 3366 tis,
2238 3302 2443 3359 dicite:
2472 3303 2639 3357 Pater
2666 3306 2849 3358 noster
2877 3303 2975 3374 qui
3022 3319 3077 3358 es
3133 3306 3195 3359 in
3239 3306 3387 3361 actis
3431 3308 3493 3361 ¹⁸.
3543 3307 3753 3367 Nostra

2109 3408 2342 3462 quoque
2367 3392 2497 3446 ﬁdei
2522 3396 2698 3463 caput
2722 3392 2923 3447 eodem
2952 3391 3134 3448 voluit
3153 3400 3435 3465 spectare.
3459 3395 3571 3452 Nec
3594 3398 3755 3454 enim

2112 3496 2216 3534 nos
2247 3480 2305 3533 in
2340 3480 2576 3536 nomine
2627 3480 2912 3536 non-facti
2943 3486 3000 3536 et
3056 3482 3211 3553 facti,
3264 3482 3351 3538 vel
3399 3483 3457 3539 in
3518 3486 3754 3544 nomine

2112 3569 2441 3625 non-creati
2464 3575 2520 3625 et
2549 3570 2722 3625 creati
2756 3570 3031 3642 baptizari
3056 3572 3260 3642 jussit,
3294 3573 3393 3629 sed
3428 3574 3485 3629 in
3521 3575 3755 3632 nomine

2111 3659 2299 3714 Patris
2328 3664 2384 3714 et
2412 3658 2540 3713 Filii
2570 3664 2627 3714 et
2656 3660 2909 3731 Spiritus
2940 3661 3147 3716 sancti.
3182 3663 3265 3717 Ita
3294 3664 3450 3719 enim
3508 3681 3616 3721 nos
3644 3665 3756 3720 ini-

2111 3749 2237 3803 tiati
2268 3765 2400 3804 vere
2431 3748 2723 3804 efﬁcimur
2748 3748 2851 3804 ﬁlii
2885 3750 3006 3819 Dei,
3037 3755 3094 3805 et
3121 3751 3311 3808 Patris
3360 3770 3574 3810 nomen
3623 3771 3756 3825 pro-

2113 3839 2474 3905 nuntiantes,
2498 3854 2568 3894 ex
2597 3838 2705 3894 hoc
2737 3839 2973 3895 nomine
2999 3840 3280 3907 Verbum,
3313 3843 3467 3914 quod
3499 3843 3560 3899 in
3590 3847 3760 3902 Patre

2113 3931 2224 3994 est,
2255 3922 2684 3999 cognoscimus.
2721 3928 2879 3984 Licet
2898 3946 3067 4000 porro
3090 3930 3388 4002 proprium
3431 3930 3521 3986 sui
3570 3932 3765 4004 ipsius

2114 4016 2365 4083 Patrem,
2399 4021 2667 4072 nostrum
2701 4034 2935 4089 quoque
2954 4018 3184 4075 Patrem
3215 4019 3497 4092 appellari
3555 4038 3756 4078 conce-

2114 4106 2235 4173 dat,
2266 4123 2377 4161 non
2421 4112 2617 4162 autem
2649 4106 2861 4163 idcirce
2891 4125 2997 4164 nos
3055 4125 3189 4164 cum
3238 4109 3381 4165 Filio
3431 4112 3759 4169 secundum

2116 4200 2387 4251 naturam
2418 4212 2717 4266 exaequare
2749 4197 3051 4253 debemus.
3087 4198 3305 4270 Nempe
3337 4200 3386 4255 is
3417 4199 3543 4271 ipse
3582 4217 3762 4259 causa

2115 4290 2204 4341 est
2247 4302 2352 4339 cur
2395 4285 2474 4340 ita
2504 4286 2680 4340 etiam
2731 4303 2763 4340 a
2796 4286 2964 4341 nobis
2995 4286 3342 4359 appelletur.
3400 4289 3544 4354 Quia
3602 4290 3760 4347 enim

2116 4374 2372 4429 Nerbum
2403 4390 2615 4445 corpus
2646 4378 2910 4429 nostrum
2966 4376 3311 4447 assumpsit,
3351 4381 3409 4431 et
3457 4377 3604 4433 inter
3652 4394 3758 4434 nos

2115 4462 2333 4518 versari
2360 4462 2576 4527 voluit;
2610 4462 3017 4518 convenienter
3045 4464 3116 4519 ob
3146 4464 3399 4519 Verbum
3424 4466 3579 4537 quod
3603 4467 3758 4539 apud

2117 4570 2226 4609 nos
2255 4557 2364 4619 est,
2395 4556 2593 4607 noster
2642 4568 2872 4623 quoque
2929 4556 3100 4607 Pater
3156 4552 3308 4608 Deus
3351 4553 3476 4625 ipse
3524 4555 3757 4612 dicitur.

345 4642 537 4718 Λόγου
581 4623 674 4695 δι’-
701 4643 862 4714 ἡμῶν
914 4623 1022 4694 τὸν
1054 4623 1244 4694 ἑαυτοῦ
1286 4623 1499 4714 Πατέρα
1550 4638 1625 4701 ὡς
1675 4641 1833 4712 ἡμῶν
1886 4637 1989 4693 ὀνο-

2120 4643 2265 4698 Nam
2297 4639 2471 4696 Verbi
2503 4640 2755 4713 Spiritus
2785 4640 2885 4712 qui
2914 4641 2974 4695 in
2996 4641 3166 4698 nobis
3187 4646 3295 4705 est,
3328 4623 3429 4715 per
3450 4660 3558 4699 nos
3584 4661 3760 4701 suum

344 4733 525 4808 μάζει·
583 4730 741 4793 οὗτος
794 4728 851 4784 δὲ
884 4732 995 4804 (50)
1028 4732 1126 4785 τοῦ
1177 4725 1519 4783 ’Δποστόλου
1569 4731 1695 4789 νοῦς
1745 4726 1855 4782 ἐστι
1916 4725 2010 4783 λέ-

340 4840 547 4895 γοντος
600 4840 613 4852 ·
710 4816 1107 4891 Ἐξαπέστειλεν
1183 4819 1211 4872 ὁ
1286 4824 1411 4880 Θεὸς
1490 4830 1548 4877 τὸ
1623 4823 1843 4891 Πνεῦμα
1912 4822 2011 4873 τοῦ

336 4909 476 4966 Υἳοῦ
533 4908 699 4964 αὐτοῦ
756 4909 833 4971 εἷς
890 4909 986 4971 τὰς
1045 4905 1269 4985 καρδίας
1310 4910 1469 4980 ἡμῶν
1539 4906 1776 4984 κρᾶζον
1837 4902 2011 4962 Ἀϐϐἆ

346 4999 379 5053 6
416 4999 630 5073 Πατήρ.

427 5088 516 5143 32.
578 5083 735 5141 Ἀλλ’
794 5084 925 5147 ἴσως
981 5086 1071 5141 καὶ
1127 5084 1216 5141 διὰ
1284 5086 1344 5140 τὸ
1401 5080 1575 5159 ὄνομα
1636 5097 1695 5144 τὸ
1751 5085 2012 5161 ἀγένητον

344 5174 725 5252 ἐλεγχθέντες,
793 5176 1030 5252 πονηροὶ
1075 5187 1163 5234 τὸν
1215 5175 1416 5251 τρόπον
1459 5170 1640 5245 ὄντες,
1692 5174 2010 5247 ἐθελήσουσι

338 5266 439 5322 καὶ
490 5264 644 5320 αὐτοὶ
700 5262 918 5340 λέγειν·
985 5263 1130 5319 Ἔδει
1191 5264 1282 5319 καὶ
1338 5264 1462 5340 περὶ
1518 5270 1617 5319 τοῦ
1674 5265 1874 5341 Κυρίου
1920 5266 2011 5320 καὶ

340 5360 614 5432 Σωτῆρος
648 5356 807 5427 ἡμῶν
863 5354 1043 5425 Ἰησοῦ
1090 5358 1323 5429 Χριστοῦ
1382 5353 1442 5408 ἐκ
1495 5358 1602 5409 τῶν
1664 5358 1887 5433 Γραφῶν
1946 5356 2014 5411 τὰ

2119 4732 2307 4804 ipsius
2336 4731 2567 4786 Patrem
2602 4734 2880 4801 tanquam
2918 4727 3183 4785 nostrum
3205 4730 3480 4803 appellat.
3510 4733 3592 4789 Ea
3622 4750 3760 4790 sane

2120 4836 2287 4876 mens
2314 4823 2402 4875 est
2432 4816 2691 4890 Apostoli
2751 4817 3036 4874 dicentis:
3089 4820 3249 4875 Misit
3299 4822 3439 4876 Deus
3483 4825 3763 4901 Spiritum

2117 4910 2257 4967 Filii
2282 4910 2378 4964 sui
2398 4910 2458 4963 in
2476 4907 2639 4964 corda
2672 4915 2857 4963 nostra
2900 4909 3255 4964 clamantem:
3308 4910 3459 4965 Abba
3501 4916 3667 4968 Pater
3693 4914 3760 4970 ¹².

2190 5090 2279 5142 32.
2312 5087 2525 5142 Verum
2560 5085 2825 5141 fortassis
2856 5086 2968 5158 ipsi
3003 5086 3240 5142 tandem
3272 5088 3520 5144 convicti
3548 5106 3762 5146 nomen

2120 5176 2399 5234 non-iacti
2433 5176 2626 5248 inepte
2657 5192 2999 5247 usurpasse,
3032 5175 3151 5230 haec
3182 5177 3353 5233 nobis
3384 5194 3485 5249 pro
3516 5195 3624 5235 sua
3653 5179 3761 5234 im-

2122 5268 2411 5340 probitate
2449 5264 2629 5320 velint
2651 5281 2925 5336 reponere
2950 5280 2961 5319 :
3004 5265 3301 5321 Decuisset
3322 5266 3498 5337 igitur
3522 5267 3667 5322 nihil
3691 5269 3764 5325 de

2120 5356 2367 5413 Domino
2394 5358 2453 5409 et
2483 5352 2778 5410 Salvatore
2837 5357 3036 5409 nostro
3083 5354 3222 5410 Jesu
3270 5354 3499 5412 Christo
3547 5356 3764 5427 dicere,

430 5508 663 5565 “Joan.
723 5525 840 5580 xxv,
891 5508 978 5563 10.
1034 5508 1079 5542 ¹²
1134 5506 1277 5562 ibid.
1305 5506 1361 5561 9.
1394 5507 1443 5542 ¹³
1486 5506 1656 5564 Joan.
1708 5524 1766 5579 x,
1824 5509 1915 5565 30.
1960 5510 1989 5543 “

2103 5508 2243 5567 atth.
2274 5524 2349 5565 VI.
2380 5506 2435 5560 9.
2469 5505 2511 5539 η
2540 5503 2726 5561 Galat.
2762 5522 2834 5577 iv,
2866 5508 2919 5561 6.

426 5675 539 5751 (ili?)
570 5675 672 5751 f’_H
696 5676 1078 5751 deletumest
1106 5678 1168 5734 in
1198 5676 1385 5751 Regio
1398 5676 1625 5751 codice.

429 5746 542 5822 (48)
561 5746 656 5807 Sic
695 5747 836 5825 Reg.
866 5750 980 5810 Alii
1009 5754 1206 5811 autem
1236 5746 1484 5823 et‘editi,
1515 5746 1645 5806 ἐκεῖ.

2187 5677 2301 5751 (is)
2330 5674 2423 5751 sic
2444 5673 2582 5751 aeg.
2614 5675 2687 5751 ᾼι
2717 5674 2815 5751 alii
2846 5679 2903 5731 et
2933 5675 3094 5741 editi,
3127 5673 3260 5751 Θεός
3305 5676 3586 5751 ἀγέννητε.

2187 5677 2279 5749 (49
2330 5677 2423 5730 Sic
2444 5677 2582 5747 Reg.
2614 5677 2687 5729 At
2717 5677 2815 5730 alii
2846 5679 2903 5731 et
2933 5677 3094 5741 editi,
3127 5677 3255 5737 Θεός
3305 5677 3586 5751 ἀγέννητε.

2186 5677 2301 5824 (50)
2328 5746 2419 5803 Sic
2449 5746 2586 5818 Reg.
2624 5747 2685 5803 in
2716 5745 2847 5805 aliis
2875 5763 3008 5805 vero
3038 5751 3098 5805 et
3124 5747 3297 5807 editis
3327 5745 3386 5806 δέ
3434 5750 3623 5829 deest,
