  <div class='ocr_page' id='page_1' title='image "/cluster/home/n/w/nwhite01/storage/ocr_20150623/25:no.1/coo.31924054873066/531.png"; bbox 0 0 4148 6376; ppageno 0'>
   <div class='ocr_carea' id='block_1_1' title="bbox 391 374 508 437">
    <p class='ocr_par' dir='ltr' id='par_1_1' title="bbox 391 374 508 437">
     <span class='ocr_line' id='line_1_1' title="bbox 391 374 508 437; baseline 0 -1"><span class='ocrx_word' id='word_1_1' title='bbox 391 374 508 437; x_wconf 73' lang='grc'><strong>475</strong></span> 
     </span>
    </p>
   </div>
   <div class='ocr_carea' id='block_1_2' title="bbox 930 362 3277 435">
    <p class='ocr_par' dir='ltr' id='par_1_2' title="bbox 930 362 3277 435">
     <span class='ocr_line' id='line_1_2' title="bbox 930 362 3277 435; baseline -0.002 -1"><span class='ocrx_word' id='word_1_2' title='bbox 930 372 995 434; x_wconf 90' lang='lat' dir='ltr'><strong>S.</strong></span> <span class='ocrx_word' id='word_1_3' title='bbox 1044 367 1474 435; x_wconf 83' lang='lat' dir='ltr'><strong>ATHANASII</strong></span> <span class='ocrx_word' id='word_1_4' title='bbox 1518 368 1693 432; x_wconf 87' lang='lat' dir='ltr'><strong>OPP.</strong></span> <span class='ocrx_word' id='word_1_5' title='bbox 1741 366 1941 431; x_wconf 79' lang='lat' dir='ltr'><strong>PARS</strong></span> <span class='ocrx_word' id='word_1_6' title='bbox 1986 362 2033 429; x_wconf 87' lang='grc' dir='ltr'>Ι.</span> <span class='ocrx_word' id='word_1_7' title='bbox 2065 402 2143 413; x_wconf 91' lang='grc'><strong>--</strong></span> <span class='ocrx_word' id='word_1_8' title='bbox 2186 366 2606 431; x_wconf 80' lang='lat' dir='ltr'><strong>HISTORICA</strong></span> <span class='ocrx_word' id='word_1_9' title='bbox 2647 364 2749 430; x_wconf 78' lang='grc' dir='ltr'>ΕΤ</span> <span class='ocrx_word' id='word_1_10' title='bbox 2794 364 3277 432; x_wconf 84' lang='lat' dir='ltr'><strong>DOGMATICA.</strong></span> 
     </span>
    </p>
   </div>
   <div class='ocr_carea' id='block_1_3' title="bbox 3630 368 3815 434">
    <p class='ocr_par' dir='ltr' id='par_1_3' title="bbox 3630 368 3815 434">
     <span class='ocr_line' id='line_1_3' title="bbox 3630 368 3815 434; baseline 0.011 -2"><span class='ocrx_word' id='word_1_11' title='bbox 3630 402 3635 403; x_wconf 51' lang='grc' dir='ltr'>ί</span> <span class='ocrx_word' id='word_1_12' title='bbox 3692 368 3815 434; x_wconf 73' lang='grc'><strong>4⁸76</strong></span> 
     </span>
    </p>
   </div>
   <div class='ocr_carea' id='block_1_4' title="bbox 395 498 2040 582">
    <p class='ocr_par' dir='ltr' id='par_1_4' title="bbox 395 504 2040 582">
     <span class='ocr_line' id='line_1_4' title="bbox 395 504 2040 582; baseline -0.004 -19"><span class='ocrx_word' id='word_1_13' title='bbox 395 508 509 564; x_wconf 91' lang='lat' dir='ltr'><strong>nisi</strong></span> <span class='ocrx_word' id='word_1_14' title='bbox 540 524 669 581; x_wconf 72' lang='lat' dir='ltr'><strong>quas</strong></span> <span class='ocrx_word' id='word_1_15' title='bbox 701 508 772 562; x_wconf 88' lang='lat' dir='ltr'><strong>de</strong></span> <span class='ocrx_word' id='word_1_16' title='bbox 790 504 890 562; x_wconf 92' lang='lat' dir='ltr'><strong>illo</strong></span> <span class='ocrx_word' id='word_1_17' title='bbox 918 506 978 561; x_wconf 91' lang='lat' dir='ltr'><strong>in</strong></span> <span class='ocrx_word' id='word_1_18' title='bbox 1009 504 1326 577; x_wconf 89' lang='lat' dir='ltr'><strong>Scripturis</strong></span> <span class='ocrx_word' id='word_1_19' title='bbox 1376 504 1687 582; x_wconf 79' lang='lat' dir='ltr'><strong>habentur,</strong></span> <span class='ocrx_word' id='word_1_20' title='bbox 1738 519 1855 559; x_wconf 86' lang='lat' dir='ltr'><strong>non</strong></span> <span class='ocrx_word' id='word_1_21' title='bbox 1914 518 2040 558; x_wconf 87' lang='lat' dir='ltr'><strong>vero</strong></span> 
     </span>
    </p>
   </div>
   <div class='ocr_carea' id='block_1_5' title="bbox 2150 498 3813 582">
    <p class='ocr_par' dir='ltr' id='par_1_5' title="bbox 2162 498 3813 579">
     <span class='ocr_line' id='line_1_5' title="bbox 2162 498 3813 579; baseline 0.004 -26"><span class='ocrx_word' id='word_1_22' title='bbox 2162 500 2284 577; x_wconf 78' lang='grc' dir='ltr'>περὶ</span> <span class='ocrx_word' id='word_1_23' title='bbox 2315 499 2478 556; x_wconf 77' lang='grc' dir='ltr'>αὐτοῦ</span> <span class='ocrx_word' id='word_1_24' title='bbox 2526 502 2881 577; x_wconf 86' lang='grc' dir='ltr'>γεγραμμένα</span> <span class='ocrx_word' id='word_1_25' title='bbox 2929 498 3200 577; x_wconf 82' lang='grc' dir='ltr'>λέγεσθαι,</span> <span class='ocrx_word' id='word_1_26' title='bbox 3249 501 3340 557; x_wconf 83' lang='grc' dir='ltr'><strong>καὶ</strong></span> <span class='ocrx_word' id='word_1_27' title='bbox 3370 504 3483 577; x_wconf 86' lang='grc'><strong>(51)</strong></span> <span class='ocrx_word' id='word_1_28' title='bbox 3516 504 3592 577; x_wconf 81' lang='grc' dir='ltr'>μὴ</span> <span class='ocrx_word' id='word_1_29' title='bbox 3642 504 3813 579; x_wconf 84' lang='grc' dir='ltr'>ἀγρά-</span> 
     </span>
    </p>
   </div>
   <div class='ocr_carea' id='block_1_6' title="bbox 390 591 2045 668">
    <p class='ocr_par' dir='ltr' id='par_1_6' title="bbox 390 591 2045 668">
     <span class='ocr_line' id='line_1_6' title="bbox 390 591 2045 668; baseline -0.004 -14"><span class='ocrx_word' id='word_1_30' title='bbox 390 594 697 666; x_wconf 88' lang='lat' dir='ltr'><strong>vocabula,</strong></span> <span class='ocrx_word' id='word_1_31' title='bbox 729 612 858 668; x_wconf 74' lang='lat' dir='ltr'><strong>quas</strong></span> <span class='ocrx_word' id='word_1_32' title='bbox 878 595 939 650; x_wconf 91' lang='lat' dir='ltr'><strong>in</strong></span> <span class='ocrx_word' id='word_1_33' title='bbox 968 593 1286 667; x_wconf 87' lang='lat' dir='ltr'><strong>Scripturis</strong></span> <span class='ocrx_word' id='word_1_34' title='bbox 1311 609 1429 650; x_wconf 87' lang='lat' dir='ltr'><strong>non</strong></span> <span class='ocrx_word' id='word_1_35' title='bbox 1463 596 1713 663; x_wconf 81' lang='lat' dir='ltr'><strong>exstent,</strong></span> <span class='ocrx_word' id='word_1_36' title='bbox 1745 591 2045 650; x_wconf 80' lang='lat' dir='ltr'><strong>inducere.</strong></span> 
     </span>
    </p>
   </div>
   <div class='ocr_carea' id='block_1_7' title="bbox 392 678 2048 757">
    <p class='ocr_par' dir='ltr' id='par_1_7' title="bbox 392 678 2048 757">
     <span class='ocr_line' id='line_1_7' title="bbox 392 678 2048 757; baseline -0.004 -14"><span class='ocrx_word' id='word_1_37' title='bbox 392 686 482 743; x_wconf 87' lang='lat' dir='ltr'><strong>Ita</strong></span> <span class='ocrx_word' id='word_1_38' title='bbox 505 701 647 743; x_wconf 87' lang='lat' dir='ltr'><strong>sane</strong></span> <span class='ocrx_word' id='word_1_39' title='bbox 675 683 1005 757; x_wconf 79' lang='lat' dir='ltr'><strong>oportuisse</strong></span> <span class='ocrx_word' id='word_1_40' title='bbox 1022 698 1128 756; x_wconf 85' lang='lat' dir='ltr'><strong>ego</strong></span> <span class='ocrx_word' id='word_1_41' title='bbox 1145 697 1379 754; x_wconf 90' lang='lat' dir='ltr'><strong>quoque</strong></span> <span class='ocrx_word' id='word_1_42' title='bbox 1396 680 1801 739; x_wconf 88' lang='lat' dir='ltr'><strong>consenserim</strong></span> <span class='ocrx_word' id='word_1_43' title='bbox 1822 698 1837 736; x_wconf 87' lang='lat'><strong>:</strong></span> <span class='ocrx_word' id='word_1_44' title='bbox 1856 678 2048 754; x_wconf 88' lang='lat' dir='ltr'><strong>siqui-</strong></span> 
     </span>
    </p>
   </div>
   <div class='ocr_carea' id='block_1_8' title="bbox 392 769 2050 847">
    <p class='ocr_par' dir='ltr' id='par_1_8' title="bbox 392 769 2050 847">
     <span class='ocr_line' id='line_1_8' title="bbox 392 769 2050 847; baseline -0.004 -16"><span class='ocrx_word' id='word_1_45' title='bbox 392 775 529 832; x_wconf 87' lang='lat' dir='ltr'><strong>dem</strong></span> <span class='ocrx_word' id='word_1_46' title='bbox 556 774 728 847; x_wconf 92' lang='lat' dir='ltr'><strong>longe</strong></span> <span class='ocrx_word' id='word_1_47' title='bbox 758 772 981 846; x_wconf 77' lang='lat' dir='ltr'><strong>aptiora</strong></span> <span class='ocrx_word' id='word_1_48' title='bbox 999 774 1142 829; x_wconf 93' lang='lat' dir='ltr'><strong>sunt</strong></span> <span class='ocrx_word' id='word_1_49' title='bbox 1168 769 1429 827; x_wconf 79' lang='lat' dir='ltr'><strong>veritatis</strong></span> <span class='ocrx_word' id='word_1_50' title='bbox 1456 773 1803 843; x_wconf 90' lang='lat' dir='ltr'><strong>argumenta</strong></span> <span class='ocrx_word' id='word_1_51' title='bbox 1824 785 1954 842; x_wconf 64' lang='lat' dir='ltr'><strong>qua</strong></span> <span class='ocrx_word' id='word_1_52' title='bbox 1978 785 2050 825; x_wconf 75' lang='lat' dir='ltr'><strong>ex</strong></span> 
     </span>
    </p>
   </div>
   <div class='ocr_carea' id='block_1_9' title="bbox 390 858 2042 938">
    <p class='ocr_par' dir='ltr' id='par_1_9' title="bbox 390 858 2042 938">
     <span class='ocr_line' id='line_1_9' title="bbox 390 858 2042 938; baseline -0.004 -17"><span class='ocrx_word' id='word_1_53' title='bbox 390 863 709 938; x_wconf 88' lang='lat' dir='ltr'><strong>Scripturis</strong></span> <span class='ocrx_word' id='word_1_54' title='bbox 763 864 1071 930; x_wconf 90' lang='lat' dir='ltr'><strong>eruuntur,</strong></span> <span class='ocrx_word' id='word_1_55' title='bbox 1129 860 1282 917; x_wconf 73' lang='lat'><strong>181</strong></span> <span class='ocrx_word' id='word_1_56' title='bbox 1342 875 1522 933; x_wconf 89' lang='lat' dir='ltr'><strong>quam</strong></span> <span class='ocrx_word' id='word_1_57' title='bbox 1578 876 1706 933; x_wconf 62' lang='lat' dir='ltr'><strong>qua;</strong></span> <span class='ocrx_word' id='word_1_58' title='bbox 1785 858 2042 916; x_wconf 89' lang='lat' dir='ltr'><strong>aliunde.</strong></span> 
     </span>
    </p>
   </div>
   <div class='ocr_carea' id='block_1_10' title="bbox 389 946 2048 1024">
    <p class='ocr_par' dir='ltr' id='par_1_10' title="bbox 389 946 2048 1024">
     <span class='ocr_line' id='line_1_10' title="bbox 389 946 2048 1024; baseline -0.003 -15"><span class='ocrx_word' id='word_1_59' title='bbox 389 954 627 1023; x_wconf 87' lang='lat' dir='ltr'><strong>Verum,</strong></span> <span class='ocrx_word' id='word_1_60' title='bbox 678 953 765 1009; x_wconf 89' lang='lat' dir='ltr'><strong>uti</strong></span> <span class='ocrx_word' id='word_1_61' title='bbox 792 953 924 1024; x_wconf 87' lang='lat' dir='ltr'><strong>jam</strong></span> <span class='ocrx_word' id='word_1_62' title='bbox 981 950 1132 1020; x_wconf 79' lang='lat' dir='ltr'><strong>dixi,</strong></span> <span class='ocrx_word' id='word_1_63' title='bbox 1184 949 1538 1024; x_wconf 86' lang='lat' dir='ltr'><strong>perversitas</strong></span> <span class='ocrx_word' id='word_1_64' title='bbox 1594 946 1931 1022; x_wconf 86' lang='lat' dir='ltr'><strong>astutiaque</strong></span> <span class='ocrx_word' id='word_1_65' title='bbox 1988 950 2048 1005; x_wconf 92' lang='lat' dir='ltr'><strong>et</strong></span> 
     </span>
    </p>
   </div>
   <div class='ocr_carea' id='block_1_11' title="bbox 386 1038 2047 1114">
    <p class='ocr_par' dir='ltr' id='par_1_11' title="bbox 386 1038 2047 1114">
     <span class='ocr_line' id='line_1_11' title="bbox 386 1038 2047 1114; baseline -0.004 -14"><span class='ocrx_word' id='word_1_66' title='bbox 386 1042 677 1101; x_wconf 87' lang='lat' dir='ltr'><strong>versatilis</strong></span> <span class='ocrx_word' id='word_1_67' title='bbox 705 1040 1173 1099; x_wconf 90' lang='lat' dir='ltr'><strong>Eusebianorum</strong></span> <span class='ocrx_word' id='word_1_68' title='bbox 1205 1039 1485 1114; x_wconf 87' lang='lat' dir='ltr'><strong>impietas</strong></span> <span class='ocrx_word' id='word_1_69' title='bbox 1514 1038 1820 1112; x_wconf 87' lang='lat' dir='ltr'><strong>episcopos</strong></span> <span class='ocrx_word' id='word_1_70' title='bbox 1848 1038 2047 1111; x_wconf 90' lang='lat' dir='ltr'><strong>impu-</strong></span> 
     </span>
    </p>
   </div>
   <div class='ocr_carea' id='block_1_12' title="bbox 386 1128 2043 1206">
    <p class='ocr_par' dir='ltr' id='par_1_12' title="bbox 386 1128 2043 1206">
     <span class='ocr_line' id='line_1_12' title="bbox 386 1128 2043 1206; baseline -0.003 -17"><span class='ocrx_word' id='word_1_71' title='bbox 386 1133 476 1206; x_wconf 86' lang='lat' dir='ltr'><strong>lit,</strong></span> <span class='ocrx_word' id='word_1_72' title='bbox 506 1137 573 1189; x_wconf 91' lang='lat' dir='ltr'><strong>ut</strong></span> <span class='ocrx_word' id='word_1_73' title='bbox 599 1132 794 1202; x_wconf 87' lang='lat' dir='ltr'><strong>verba,</strong></span> <span class='ocrx_word' id='word_1_74' title='bbox 824 1131 1043 1204; x_wconf 88' lang='lat' dir='ltr'><strong>quibus</strong></span> <span class='ocrx_word' id='word_1_75' title='bbox 1073 1129 1313 1187; x_wconf 91' lang='lat' dir='ltr'><strong>illorum</strong></span> <span class='ocrx_word' id='word_1_76' title='bbox 1343 1128 1621 1203; x_wconf 85' lang='lat' dir='ltr'><strong>impietas</strong></span> <span class='ocrx_word' id='word_1_77' title='bbox 1667 1131 2043 1197; x_wconf 82' lang='lat' dir='ltr'><strong>everteretur,</strong></span> 
     </span>
    </p>
   </div>
   <div class='ocr_carea' id='block_1_13' title="bbox 387 1219 2048 1295">
    <p class='ocr_par' dir='ltr' id='par_1_13' title="bbox 387 1219 2048 1295">
     <span class='ocr_line' id='line_1_13' title="bbox 387 1219 2048 1295; baseline -0.002 -17"><span class='ocrx_word' id='word_1_78' title='bbox 387 1221 672 1295; x_wconf 81' lang='lat' dir='ltr'><strong>ﬂquidius</strong></span> <span class='ocrx_word' id='word_1_79' title='bbox 701 1222 1076 1295; x_wconf 84' lang='lat' dir='ltr'><strong>exponerent.</strong></span> <span class='ocrx_word' id='word_1_80' title='bbox 1108 1220 1314 1292; x_wconf 89' lang='lat' dir='ltr'><strong>Itaque</strong></span> <span class='ocrx_word' id='word_1_81' title='bbox 1347 1219 1734 1292; x_wconf 89' lang='lat' dir='ltr'><strong>probavimus</strong></span> <span class='ocrx_word' id='word_1_82' title='bbox 1754 1234 1840 1287; x_wconf 91' lang='lat' dir='ltr'><strong>ea,</strong></span> <span class='ocrx_word' id='word_1_83' title='bbox 1861 1234 1990 1291; x_wconf 66' lang='lat' dir='ltr'><strong>qua</strong></span> <span class='ocrx_word' id='word_1_84' title='bbox 2011 1234 2048 1275; x_wconf 91' lang='lat' dir='ltr'><strong>a</strong></span> 
     </span>
    </p>
   </div>
   <div class='ocr_carea' id='block_1_14' title="bbox 387 1307 2048 1385">
    <p class='ocr_par' dir='ltr' id='par_1_14' title="bbox 387 1307 2048 1385">
     <span class='ocr_line' id='line_1_14' title="bbox 387 1307 2048 1385; baseline -0.003 -17"><span class='ocrx_word' id='word_1_85' title='bbox 387 1312 611 1385; x_wconf 79' lang='lat' dir='ltr'><strong>synodo</strong></span> <span class='ocrx_word' id='word_1_86' title='bbox 642 1311 861 1383; x_wconf 87' lang='lat' dir='ltr'><strong>scripta</strong></span> <span class='ocrx_word' id='word_1_87' title='bbox 888 1313 1050 1377; x_wconf 90' lang='lat' dir='ltr'><strong>sunt,</strong></span> <span class='ocrx_word' id='word_1_88' title='bbox 1082 1312 1311 1365; x_wconf 91' lang='lat' dir='ltr'><strong>rectum</strong></span> <span class='ocrx_word' id='word_1_89' title='bbox 1342 1324 1590 1366; x_wconf 89' lang='lat' dir='ltr'><strong>sensum</strong></span> <span class='ocrx_word' id='word_1_90' title='bbox 1620 1307 1954 1368; x_wconf 88' lang='lat' dir='ltr'><strong>continere:</strong></span> <span class='ocrx_word' id='word_1_91' title='bbox 1987 1310 2048 1364; x_wconf 89' lang='lat' dir='ltr'><strong>at</strong></span> 
     </span>
    </p>
   </div>
   <div class='ocr_carea' id='block_1_15' title="bbox 386 1396 2045 1458">
    <p class='ocr_par' dir='ltr' id='par_1_15' title="bbox 386 1396 2045 1458">
     <span class='ocr_line' id='line_1_15' title="bbox 386 1396 2045 1458; baseline -0.004 0"><span class='ocrx_word' id='word_1_92' title='bbox 386 1405 593 1458; x_wconf 88' lang='lat' dir='ltr'><strong>contra</strong></span> <span class='ocrx_word' id='word_1_93' title='bbox 610 1404 917 1457; x_wconf 90' lang='lat' dir='ltr'><strong>ostensum</strong></span> <span class='ocrx_word' id='word_1_94' title='bbox 936 1402 1026 1456; x_wconf 90' lang='lat' dir='ltr'><strong>est</strong></span> <span class='ocrx_word' id='word_1_95' title='bbox 1043 1402 1101 1455; x_wconf 94' lang='lat' dir='ltr'><strong>et</strong></span> <span class='ocrx_word' id='word_1_96' title='bbox 1123 1396 1322 1455; x_wconf 80' lang='lat' dir='ltr'><strong>futiles</strong></span> <span class='ocrx_word' id='word_1_97' title='bbox 1349 1397 1675 1455; x_wconf 90' lang='lat' dir='ltr'><strong>admodum</strong></span> <span class='ocrx_word' id='word_1_98' title='bbox 1689 1396 2045 1453; x_wconf 82' lang='lat' dir='ltr'><strong>Arianorum</strong></span> 
     </span>
    </p>
   </div>
   <div class='ocr_carea' id='block_1_16' title="bbox 388 1486 2045 1563">
    <p class='ocr_par' dir='ltr' id='par_1_16' title="bbox 388 1486 2045 1563">
     <span class='ocr_line' id='line_1_16' title="bbox 388 1486 2045 1563; baseline -0.002 -17"><span class='ocrx_word' id='word_1_99' title='bbox 388 1489 643 1557; x_wconf 87' lang='lat' dir='ltr'><strong>roculas,</strong></span> <span class='ocrx_word' id='word_1_100' title='bbox 674 1493 733 1546; x_wconf 91' lang='lat' dir='ltr'><strong>et</strong></span> <span class='ocrx_word' id='word_1_101' title='bbox 757 1505 966 1563; x_wconf 89' lang='lat' dir='ltr'><strong>pravos</strong></span> <span class='ocrx_word' id='word_1_102' title='bbox 999 1503 1192 1544; x_wconf 89' lang='lat' dir='ltr'><strong>mores</strong></span> <span class='ocrx_word' id='word_1_103' title='bbox 1223 1502 1373 1544; x_wconf 89' lang='lat' dir='ltr'><strong>esse.</strong></span> <span class='ocrx_word' id='word_1_104' title='bbox 1405 1486 1556 1543; x_wconf 89' lang='lat' dir='ltr'><strong>Nam</strong></span> <span class='ocrx_word' id='word_1_105' title='bbox 1586 1491 1645 1545; x_wconf 90' lang='lat' dir='ltr'><strong>et</strong></span> <span class='ocrx_word' id='word_1_106' title='bbox 1672 1487 1870 1561; x_wconf 89' lang='lat' dir='ltr'><strong>ipsum</strong></span> <span class='ocrx_word' id='word_1_107' title='bbox 1897 1503 2045 1545; x_wconf 91' lang='lat' dir='ltr'><strong>non-</strong></span> 
     </span>
    </p>
   </div>
   <div class='ocr_carea' id='block_1_17' title="bbox 387 1577 2048 1651">
    <p class='ocr_par' dir='ltr' id='par_1_17' title="bbox 387 1577 2048 1651">
     <span class='ocr_line' id='line_1_17' title="bbox 387 1577 2048 1651; baseline -0.002 -15"><span class='ocrx_word' id='word_1_108' title='bbox 387 1580 528 1637; x_wconf 89' lang='lat' dir='ltr'><strong>tacti</strong></span> <span class='ocrx_word' id='word_1_109' title='bbox 558 1578 912 1636; x_wconf 89' lang='lat' dir='ltr'><strong>vocabulum</strong></span> <span class='ocrx_word' id='word_1_110' title='bbox 940 1579 1093 1650; x_wconf 90' lang='lat' dir='ltr'><strong>quod</strong></span> <span class='ocrx_word' id='word_1_111' title='bbox 1128 1578 1428 1650; x_wconf 86' lang='lat' dir='ltr'><strong>propriam</strong></span> <span class='ocrx_word' id='word_1_112' title='bbox 1458 1577 1635 1633; x_wconf 87' lang='lat' dir='ltr'><strong>habet</strong></span> <span class='ocrx_word' id='word_1_113' title='bbox 1667 1577 1712 1633; x_wconf 90' lang='lat' dir='ltr'><strong>si</strong></span> <span class='ocrx_word' id='word_1_114' title='bbox 1722 1577 2048 1651; x_wconf 84' lang='lat' dir='ltr'><strong>gniﬁcatio-</strong></span> 
     </span>
    </p>
   </div>
   <div class='ocr_carea' id='block_1_18' title="bbox 390 1666 2043 1741">
    <p class='ocr_par' dir='ltr' id='par_1_18' title="bbox 390 1666 2043 1741">
     <span class='ocr_line' id='line_1_18' title="bbox 390 1666 2043 1741; baseline -0.002 -16"><span class='ocrx_word' id='word_1_115' title='bbox 390 1685 525 1725; x_wconf 89' lang='lat' dir='ltr'><strong>nem</strong></span> <span class='ocrx_word' id='word_1_116' title='bbox 551 1674 610 1723; x_wconf 88' lang='lat' dir='ltr'><strong>et</strong></span> <span class='ocrx_word' id='word_1_117' title='bbox 638 1668 730 1740; x_wconf 90' lang='lat' dir='ltr'><strong>pie</strong></span> <span class='ocrx_word' id='word_1_118' title='bbox 760 1667 1004 1741; x_wconf 85' lang='lat' dir='ltr'><strong>proferri</strong></span> <span class='ocrx_word' id='word_1_119' title='bbox 1040 1671 1256 1739; x_wconf 84' lang='lat' dir='ltr'><strong>potest,</strong></span> <span class='ocrx_word' id='word_1_120' title='bbox 1290 1666 1372 1721; x_wconf 91' lang='lat' dir='ltr'><strong>illi</strong></span> <span class='ocrx_word' id='word_1_121' title='bbox 1409 1667 1481 1722; x_wconf 90' lang='lat' dir='ltr'><strong>ad</strong></span> <span class='ocrx_word' id='word_1_122' title='bbox 1542 1666 1860 1723; x_wconf 87' lang='lat' dir='ltr'><strong>Salvatoris</strong></span> <span class='ocrx_word' id='word_1_123' title='bbox 1907 1683 2043 1722; x_wconf 86' lang='lat' dir='ltr'><strong>con-</strong></span> 
     </span>
    </p>
   </div>
   <div class='ocr_carea' id='block_1_19' title="bbox 389 1755 2043 1829">
    <p class='ocr_par' dir='ltr' id='par_1_19' title="bbox 389 1755 2043 1829">
     <span class='ocr_line' id='line_1_19' title="bbox 389 1755 2043 1829; baseline -0.003 -15"><span class='ocrx_word' id='word_1_124' title='bbox 389 1756 717 1823; x_wconf 88' lang='lat' dir='ltr'><strong>tumeliam,</strong></span> <span class='ocrx_word' id='word_1_125' title='bbox 749 1760 923 1829; x_wconf 91' lang='lat' dir='ltr'><strong>prout</strong></span> <span class='ocrx_word' id='word_1_126' title='bbox 950 1755 1096 1827; x_wconf 88' lang='lat' dir='ltr'><strong>ipsis</strong></span> <span class='ocrx_word' id='word_1_127' title='bbox 1148 1756 1359 1827; x_wconf 84' lang='lat' dir='ltr'><strong>placet,</strong></span> <span class='ocrx_word' id='word_1_128' title='bbox 1396 1759 1706 1827; x_wconf 88' lang='lat' dir='ltr'><strong>usurpant,</strong></span> <span class='ocrx_word' id='word_1_129' title='bbox 1759 1755 1936 1826; x_wconf 89' lang='lat' dir='ltr'><strong>idque</strong></span> <span class='ocrx_word' id='word_1_130' title='bbox 1975 1771 2043 1810; x_wconf 91' lang='lat' dir='ltr'><strong>eo</strong></span> 
     </span>
    </p>
   </div>
   <div class='ocr_carea' id='block_1_20' title="bbox 389 1843 2036 1917">
    <p class='ocr_par' dir='ltr' id='par_1_20' title="bbox 389 1843 2036 1917">
     <span class='ocr_line' id='line_1_20' title="bbox 389 1843 2036 1917; baseline -0.003 -14"><span class='ocrx_word' id='word_1_131' title='bbox 389 1852 623 1903; x_wconf 88' lang='lat' dir='ltr'><strong>tantum</strong></span> <span class='ocrx_word' id='word_1_132' title='bbox 647 1845 845 1902; x_wconf 89' lang='lat' dir='ltr'><strong>animo</strong></span> <span class='ocrx_word' id='word_1_133' title='bbox 869 1848 933 1900; x_wconf 89' lang='lat' dir='ltr'><strong>ut</strong></span> <span class='ocrx_word' id='word_1_134' title='bbox 960 1843 1135 1900; x_wconf 89' lang='lat' dir='ltr'><strong>veluti</strong></span> <span class='ocrx_word' id='word_1_135' title='bbox 1167 1844 1434 1917; x_wconf 82' lang='lat' dir='ltr'><strong>gigantes</strong></span> <span class='ocrx_word' id='word_1_136' title='bbox 1460 1860 1594 1899; x_wconf 88' lang='lat' dir='ltr'><strong>cum</strong></span> <span class='ocrx_word' id='word_1_137' title='bbox 1616 1849 1727 1899; x_wconf 91' lang='lat' dir='ltr'><strong>Deo</strong></span> <span class='ocrx_word' id='word_1_138' title='bbox 1755 1849 2036 1916; x_wconf 80' lang='lat' dir='ltr'><strong>pugnent.</strong></span> 
     </span>
    </p>
   </div>
   <div class='ocr_carea' id='block_1_21' title="bbox 386 1931 2040 2006">
    <p class='ocr_par' dir='ltr' id='par_1_21' title="bbox 386 1931 2040 2006">
     <span class='ocr_line' id='line_1_21' title="bbox 386 1931 2040 2006; baseline -0.002 -16"><span class='ocrx_word' id='word_1_139' title='bbox 386 1936 606 1993; x_wconf 87' lang='lat' dir='ltr'><strong>Verum</strong></span> <span class='ocrx_word' id='word_1_140' title='bbox 641 1950 830 2006; x_wconf 91' lang='lat' dir='ltr'><strong>neque</strong></span> <span class='ocrx_word' id='word_1_141' title='bbox 858 1950 993 1989; x_wconf 89' lang='lat' dir='ltr'><strong>eum</strong></span> <span class='ocrx_word' id='word_1_142' title='bbox 1027 1932 1157 1988; x_wconf 91' lang='lat' dir='ltr'><strong>illas</strong></span> <span class='ocrx_word' id='word_1_143' title='bbox 1185 1931 1420 1988; x_wconf 88' lang='lat' dir='ltr'><strong>voculas</strong></span> <span class='ocrx_word' id='word_1_144' title='bbox 1442 1936 1854 2005; x_wconf 86' lang='lat' dir='ltr'><strong>proponerent,</strong></span> <span class='ocrx_word' id='word_1_145' title='bbox 1876 1932 2040 1987; x_wconf 85' lang='lat' dir='ltr'><strong>dam-</strong></span> 
     </span>
    </p>
   </div>
   <div class='ocr_carea' id='block_1_22' title="bbox 389 2021 2039 2096">
    <p class='ocr_par' dir='ltr' id='par_1_22' title="bbox 389 2021 2039 2096">
     <span class='ocr_line' id='line_1_22' title="bbox 389 2021 2039 2096; baseline -0.003 -15"><span class='ocrx_word' id='word_1_146' title='bbox 389 2026 687 2081; x_wconf 83' lang='lat' dir='ltr'><strong>nationem</strong></span> <span class='ocrx_word' id='word_1_147' title='bbox 719 2026 1035 2096; x_wconf 90' lang='lat' dir='ltr'><strong>potuerunt</strong></span> <span class='ocrx_word' id='word_1_148' title='bbox 1063 2022 1351 2093; x_wconf 77' lang='lat' dir='ltr'><strong>effugere;</strong></span> <span class='ocrx_word' id='word_1_149' title='bbox 1384 2038 1490 2077; x_wconf 89' lang='lat' dir='ltr'><strong>nec</strong></span> <span class='ocrx_word' id='word_1_150' title='bbox 1520 2021 1654 2093; x_wconf 86' lang='lat' dir='ltr'><strong>ipsi,</strong></span> <span class='ocrx_word' id='word_1_151' title='bbox 1685 2038 1820 2076; x_wconf 88' lang='lat' dir='ltr'><strong>cum</strong></span> <span class='ocrx_word' id='word_1_152' title='bbox 1852 2021 1910 2076; x_wconf 90' lang='lat' dir='ltr'><strong>id</strong></span> <span class='ocrx_word' id='word_1_153' title='bbox 1943 2038 2039 2077; x_wconf 92' lang='lat' dir='ltr'><strong>vo-</strong></span> 
     </span>
    </p>
   </div>
   <div class='ocr_carea' id='block_1_23' title="bbox 388 2110 2040 2183">
    <p class='ocr_par' dir='ltr' id='par_1_23' title="bbox 388 2110 2040 2183">
     <span class='ocr_line' id='line_1_23' title="bbox 388 2110 2040 2183; baseline -0.003 -13"><span class='ocrx_word' id='word_1_154' title='bbox 388 2113 663 2171; x_wconf 88' lang='lat' dir='ltr'><strong>cabulum</strong></span> <span class='ocrx_word' id='word_1_155' title='bbox 696 2111 1004 2179; x_wconf 82' lang='lat' dir='ltr'><strong>non-tacti,</strong></span> <span class='ocrx_word' id='word_1_156' title='bbox 1030 2112 1185 2183; x_wconf 92' lang='lat' dir='ltr'><strong>quod</strong></span> <span class='ocrx_word' id='word_1_157' title='bbox 1219 2111 1456 2183; x_wconf 90' lang='lat' dir='ltr'><strong>quidem</strong></span> <span class='ocrx_word' id='word_1_158' title='bbox 1491 2115 1645 2166; x_wconf 90' lang='lat' dir='ltr'><strong>recte</strong></span> <span class='ocrx_word' id='word_1_159' title='bbox 1684 2114 1740 2166; x_wconf 88' lang='lat' dir='ltr'><strong>et</strong></span> <span class='ocrx_word' id='word_1_160' title='bbox 1767 2110 1859 2183; x_wconf 91' lang='lat' dir='ltr'><strong>pie</strong></span> <span class='ocrx_word' id='word_1_161' title='bbox 1874 2110 2040 2166; x_wconf 87' lang='lat' dir='ltr'><strong>adhi-</strong></span> 
     </span>
    </p>
   </div>
   <div class='ocr_carea' id='block_1_24' title="bbox 387 2198 2038 2274">
    <p class='ocr_par' dir='ltr' id='par_1_24' title="bbox 387 2198 2038 2274">
     <span class='ocr_line' id='line_1_24' title="bbox 387 2198 2038 2274; baseline -0.002 -16"><span class='ocrx_word' id='word_1_162' title='bbox 387 2202 509 2258; x_wconf 90' lang='lat' dir='ltr'><strong>beri</strong></span> <span class='ocrx_word' id='word_1_163' title='bbox 543 2206 757 2274; x_wconf 86' lang='lat' dir='ltr'><strong>potest,</strong></span> <span class='ocrx_word' id='word_1_164' title='bbox 794 2216 1062 2273; x_wconf 91' lang='lat' dir='ltr'><strong>perverse</strong></span> <span class='ocrx_word' id='word_1_165' title='bbox 1092 2198 1508 2272; x_wconf 83' lang='lat' dir='ltr'><strong>intelligerent,</strong></span> <span class='ocrx_word' id='word_1_166' title='bbox 1553 2202 1731 2255; x_wconf 77' lang='lat' dir='ltr'><strong>latere</strong></span> <span class='ocrx_word' id='word_1_167' title='bbox 1786 2215 2038 2270; x_wconf 89' lang='lat' dir='ltr'><strong>usquam</strong></span> 
     </span>
    </p>
   </div>
   <div class='ocr_carea' id='block_1_25' title="bbox 386 2286 2039 2364">
    <p class='ocr_par' dir='ltr' id='par_1_25' title="bbox 386 2286 2039 2364">
     <span class='ocr_line' id='line_1_25' title="bbox 386 2286 2039 2364; baseline -0.002 -17"><span class='ocrx_word' id='word_1_168' title='bbox 386 2294 741 2364; x_wconf 85' lang='lat' dir='ltr'><strong>potuerunt:</strong></span> <span class='ocrx_word' id='word_1_169' title='bbox 771 2289 875 2344; x_wconf 88' lang='lat' dir='ltr'><strong>sed</strong></span> <span class='ocrx_word' id='word_1_170' title='bbox 907 2303 1142 2360; x_wconf 88' lang='lat' dir='ltr'><strong>semper</strong></span> <span class='ocrx_word' id='word_1_171' title='bbox 1169 2304 1304 2343; x_wconf 91' lang='lat' dir='ltr'><strong>cum</strong></span> <span class='ocrx_word' id='word_1_172' title='bbox 1327 2288 1538 2343; x_wconf 86' lang='lat' dir='ltr'><strong>rubore</strong></span> <span class='ocrx_word' id='word_1_173' title='bbox 1596 2288 1829 2343; x_wconf 83' lang='lat' dir='ltr'><strong>fuerunt</strong></span> <span class='ocrx_word' id='word_1_174' title='bbox 1878 2286 2039 2357; x_wconf 83' lang='lat' dir='ltr'><strong>victi,</strong></span> 
     </span>
    </p>
   </div>
   <div class='ocr_carea' id='block_1_26' title="bbox 386 2376 2040 2451">
    <p class='ocr_par' dir='ltr' id='par_1_26' title="bbox 386 2376 2040 2451">
     <span class='ocr_line' id='line_1_26' title="bbox 386 2376 2040 2451; baseline -0.004 -15"><span class='ocrx_word' id='word_1_175' title='bbox 386 2395 709 2451; x_wconf 91' lang='lat' dir='ltr'><strong>eorumque</strong></span> <span class='ocrx_word' id='word_1_176' title='bbox 738 2377 979 2433; x_wconf 67' lang='lat' dir='ltr'><strong>hasresis</strong></span> <span class='ocrx_word' id='word_1_177' title='bbox 1008 2377 1227 2449; x_wconf 90' lang='lat' dir='ltr'><strong>ubique</strong></span> <span class='ocrx_word' id='word_1_178' title='bbox 1256 2381 1346 2432; x_wconf 88' lang='lat' dir='ltr'><strong>est</strong></span> <span class='ocrx_word' id='word_1_179' title='bbox 1375 2376 1721 2448; x_wconf 89' lang='lat' dir='ltr'><strong>proscripta.</strong></span> <span class='ocrx_word' id='word_1_180' title='bbox 1758 2376 1888 2431; x_wconf 71' lang='lat' dir='ltr'><strong>Haec</strong></span> <span class='ocrx_word' id='word_1_181' title='bbox 1908 2376 2040 2448; x_wconf 89' lang='lat' dir='ltr'><strong>qui-</strong></span> 
     </span>
    </p>
   </div>
   <div class='ocr_carea' id='block_1_27' title="bbox 388 2464 2038 2541">
    <p class='ocr_par' dir='ltr' id='par_1_27' title="bbox 388 2464 2038 2541">
     <span class='ocr_line' id='line_1_27' title="bbox 388 2464 2038 2541; baseline -0.002 -16"><span class='ocrx_word' id='word_1_182' title='bbox 388 2470 522 2525; x_wconf 92' lang='lat' dir='ltr'><strong>dem</strong></span> <span class='ocrx_word' id='word_1_183' title='bbox 544 2485 672 2541; x_wconf 62' lang='lat' dir='ltr'><strong>que</strong></span> <span class='ocrx_word' id='word_1_184' title='bbox 701 2472 845 2523; x_wconf 90' lang='lat' dir='ltr'><strong>tunc</strong></span> <span class='ocrx_word' id='word_1_185' title='bbox 874 2467 933 2522; x_wconf 91' lang='lat' dir='ltr'><strong>in</strong></span> <span class='ocrx_word' id='word_1_186' title='bbox 966 2467 1189 2539; x_wconf 82' lang='lat' dir='ltr'><strong>synodo</strong></span> <span class='ocrx_word' id='word_1_187' title='bbox 1211 2470 1343 2521; x_wconf 89' lang='lat' dir='ltr'><strong>acta</strong></span> <span class='ocrx_word' id='word_1_188' title='bbox 1371 2481 1502 2521; x_wconf 88' lang='lat' dir='ltr'><strong>esse</strong></span> <span class='ocrx_word' id='word_1_189' title='bbox 1530 2464 1795 2529; x_wconf 89' lang='lat' dir='ltr'><strong>memini,</strong></span> <span class='ocrx_word' id='word_1_190' title='bbox 1826 2470 1891 2520; x_wconf 89' lang='lat' dir='ltr'><strong>ut</strong></span> <span class='ocrx_word' id='word_1_191' title='bbox 1936 2482 2038 2537; x_wconf 88' lang='lat' dir='ltr'><strong>po-</strong></span> 
     </span>
    </p>
   </div>
   <div class='ocr_carea' id='block_1_28' title="bbox 386 2553 2040 2628">
    <p class='ocr_par' dir='ltr' id='par_1_28' title="bbox 386 2553 2040 2628">
     <span class='ocr_line' id='line_1_28' title="bbox 386 2553 2040 2628; baseline -0.001 -15"><span class='ocrx_word' id='word_1_192' title='bbox 386 2558 498 2628; x_wconf 91' lang='lat' dir='ltr'><strong>tui,</strong></span> <span class='ocrx_word' id='word_1_193' title='bbox 557 2557 913 2613; x_wconf 86' lang='lat' dir='ltr'><strong>memoravi:</strong></span> <span class='ocrx_word' id='word_1_194' title='bbox 959 2571 1066 2610; x_wconf 90' lang='lat' dir='ltr'><strong>nec</strong></span> <span class='ocrx_word' id='word_1_195' title='bbox 1124 2560 1323 2610; x_wconf 89' lang='lat' dir='ltr'><strong>tamen</strong></span> <span class='ocrx_word' id='word_1_196' title='bbox 1374 2571 1468 2610; x_wconf 91' lang='lat' dir='ltr'><strong>me</strong></span> <span class='ocrx_word' id='word_1_197' title='bbox 1516 2553 1666 2627; x_wconf 82' lang='lat' dir='ltr'><strong>fugit</strong></span> <span class='ocrx_word' id='word_1_198' title='bbox 1712 2554 2040 2625; x_wconf 83' lang='lat' dir='ltr'><strong>pertinaces</strong></span> 
     </span>
    </p>
   </div>
   <div class='ocr_carea' id='block_1_29' title="bbox 389 2642 2041 2716">
    <p class='ocr_par' dir='ltr' id='par_1_29' title="bbox 389 2642 2041 2716">
     <span class='ocr_line' id='line_1_29' title="bbox 389 2642 2041 2716; baseline -0.003 -14"><span class='ocrx_word' id='word_1_199' title='bbox 389 2646 606 2702; x_wconf 87' lang='lat' dir='ltr'><strong>Christi</strong></span> <span class='ocrx_word' id='word_1_200' title='bbox 637 2644 840 2702; x_wconf 85' lang='lat' dir='ltr'><strong>hostes</strong></span> <span class='ocrx_word' id='word_1_201' title='bbox 887 2660 1077 2716; x_wconf 91' lang='lat' dir='ltr'><strong>neque</strong></span> <span class='ocrx_word' id='word_1_202' title='bbox 1119 2642 1213 2698; x_wconf 87' lang='lat' dir='ltr'><strong>his</strong></span> <span class='ocrx_word' id='word_1_203' title='bbox 1262 2643 1481 2698; x_wconf 91' lang='lat' dir='ltr'><strong>auditis</strong></span> <span class='ocrx_word' id='word_1_204' title='bbox 1527 2659 1656 2699; x_wconf 86' lang='lat' dir='ltr'><strong>esse</strong></span> <span class='ocrx_word' id='word_1_205' title='bbox 1686 2659 1717 2698; x_wconf 91' lang='lat' dir='ltr'><strong>a</strong></span> <span class='ocrx_word' id='word_1_206' title='bbox 1751 2642 2041 2698; x_wconf 88' lang='lat' dir='ltr'><strong>sententia</strong></span> 
     </span>
    </p>
   </div>
   <div class='ocr_carea' id='block_1_30' title="bbox 389 2731 2039 2804">
    <p class='ocr_par' dir='ltr' id='par_1_30' title="bbox 389 2731 2039 2804">
     <span class='ocr_line' id='line_1_30' title="bbox 389 2731 2039 2804; baseline -0.002 -13"><span class='ocrx_word' id='word_1_207' title='bbox 389 2736 745 2800; x_wconf 89' lang='lat' dir='ltr'><strong>dicessuros,</strong></span> <span class='ocrx_word' id='word_1_208' title='bbox 777 2733 879 2789; x_wconf 87' lang='lat' dir='ltr'><strong>sed</strong></span> <span class='ocrx_word' id='word_1_209' title='bbox 927 2748 1109 2787; x_wconf 86' lang='lat' dir='ltr'><strong>novas</strong></span> <span class='ocrx_word' id='word_1_210' title='bbox 1139 2732 1336 2804; x_wconf 88' lang='lat' dir='ltr'><strong>potius</strong></span> <span class='ocrx_word' id='word_1_211' title='bbox 1382 2732 1636 2787; x_wconf 86' lang='lat' dir='ltr'><strong>rationes</strong></span> <span class='ocrx_word' id='word_1_212' title='bbox 1683 2731 2039 2803; x_wconf 89' lang='lat' dir='ltr'><strong>perquisitu-</strong></span> 
     </span>
    </p>
   </div>
   <div class='ocr_carea' id='block_1_31' title="bbox 391 2819 2039 2894">
    <p class='ocr_par' dir='ltr' id='par_1_31' title="bbox 391 2819 2039 2894">
     <span class='ocr_line' id='line_1_31' title="bbox 391 2819 2039 2894; baseline -0.004 -14"><span class='ocrx_word' id='word_1_213' title='bbox 391 2840 509 2892; x_wconf 91' lang='lat' dir='ltr'><strong>ros,</strong></span> <span class='ocrx_word' id='word_1_214' title='bbox 533 2823 783 2894; x_wconf 89' lang='lat' dir='ltr'><strong>istisque</strong></span> <span class='ocrx_word' id='word_1_215' title='bbox 815 2820 958 2877; x_wconf 91' lang='lat' dir='ltr'><strong>alias</strong></span> <span class='ocrx_word' id='word_1_216' title='bbox 990 2837 1195 2875; x_wconf 88' lang='lat' dir='ltr'><strong>rursus</strong></span> <span class='ocrx_word' id='word_1_217' title='bbox 1227 2820 1552 2876; x_wconf 90' lang='lat' dir='ltr'><strong>addituros.</strong></span> <span class='ocrx_word' id='word_1_218' title='bbox 1585 2819 1754 2887; x_wconf 88' lang='lat' dir='ltr'><strong>Nam,</strong></span> <span class='ocrx_word' id='word_1_219' title='bbox 1787 2824 1853 2875; x_wconf 89' lang='lat' dir='ltr'><strong>ut</strong></span> <span class='ocrx_word' id='word_1_220' title='bbox 1904 2837 2039 2893; x_wconf 93' lang='lat' dir='ltr'><strong>pro-</strong></span> 
     </span>
    </p>
   </div>
   <div class='ocr_carea' id='block_1_32' title="bbox 388 2909 2041 2987">
    <p class='ocr_par' dir='ltr' id='par_1_32' title="bbox 388 2909 2041 2987">
     <span class='ocr_line' id='line_1_32' title="bbox 388 2909 2041 2987; baseline -0.004 -17"><span class='ocrx_word' id='word_1_221' title='bbox 388 2914 576 2987; x_wconf 61' lang='lat' dir='ltr'><strong>phetis</strong></span> <span class='ocrx_word' id='word_1_222' title='bbox 606 2911 800 2968; x_wconf 89' lang='lat' dir='ltr'><strong>verbis</strong></span> <span class='ocrx_word' id='word_1_223' title='bbox 831 2916 979 2966; x_wconf 91' lang='lat' dir='ltr'><strong>utar.</strong></span> <span class='ocrx_word' id='word_1_224' title='bbox 1015 2911 1314 2967; x_wconf 76' lang='lat' dir='ltr'><strong>Simulare</strong></span> <span class='ocrx_word' id='word_1_225' title='bbox 1333 2913 1505 2981; x_wconf 76' lang='lat' dir='ltr'><strong>potest</strong></span> <span class='ocrx_word' id='word_1_226' title='bbox 1551 2910 1796 2981; x_wconf 72' lang='grc' dir='ltr'>ιιΕιΙηόρε</span> <span class='ocrx_word' id='word_1_227' title='bbox 1840 2909 2041 2979; x_wconf 74' lang='lat' dir='ltr'><strong>pellem</strong></span> 
     </span>
    </p>
   </div>
   <div class='ocr_carea' id='block_1_33' title="bbox 387 2998 2041 3071">
    <p class='ocr_par' dir='ltr' id='par_1_33' title="bbox 387 2998 2041 3071">
     <span class='ocr_line' id='line_1_33' title="bbox 387 2998 2041 3071; baseline -0.002 -13"><span class='ocrx_word' id='word_1_228' title='bbox 387 3020 571 3069; x_wconf 83' lang='lat' dir='ltr'><strong>suum,</strong></span> <span class='ocrx_word' id='word_1_229' title='bbox 604 3009 701 3057; x_wconf 82' lang='lat' dir='ltr'><strong>aut</strong></span> <span class='ocrx_word' id='word_1_230' title='bbox 729 3000 928 3069; x_wconf 70' lang='lat' dir='ltr'><strong>pardus</strong></span> <span class='ocrx_word' id='word_1_231' title='bbox 956 3001 1249 3055; x_wconf 79' lang='lat' dir='ltr'><strong>varietates</strong></span> <span class='ocrx_word' id='word_1_232' title='bbox 1278 3015 1407 3054; x_wconf 84' lang='lat' dir='ltr'><strong>suas</strong></span> <span class='ocrx_word' id='word_1_233' title='bbox 1430 3000 1492 3069; x_wconf 71' lang='grc' dir='ltr'>η,</span> <span class='ocrx_word' id='word_1_234' title='bbox 1526 3016 1667 3054; x_wconf 87' lang='lat' dir='ltr'><strong>sane</strong></span> <span class='ocrx_word' id='word_1_235' title='bbox 1691 2998 1775 3054; x_wconf 91' lang='lat' dir='ltr'><strong>illi</strong></span> <span class='ocrx_word' id='word_1_236' title='bbox 1808 3014 2041 3071; x_wconf 90' lang='lat' dir='ltr'><strong>quoque</strong></span> 
     </span>
    </p>
   </div>
   <div class='ocr_carea' id='block_1_34' title="bbox 389 3087 2035 3165">
    <p class='ocr_par' dir='ltr' id='par_1_34' title="bbox 389 3087 2035 3165">
     <span class='ocr_line' id='line_1_34' title="bbox 389 3087 2035 3165; baseline -0.002 -18"><span class='ocrx_word' id='word_1_237' title='bbox 389 3092 491 3165; x_wconf 86' lang='lat' dir='ltr'><strong>qui</strong></span> <span class='ocrx_word' id='word_1_238' title='bbox 530 3090 697 3163; x_wconf 88' lang='lat' dir='ltr'><strong>impii</strong></span> <span class='ocrx_word' id='word_1_239' title='bbox 723 3105 853 3145; x_wconf 90' lang='lat' dir='ltr'><strong>esse</strong></span> <span class='ocrx_word' id='word_1_240' title='bbox 883 3088 1233 3157; x_wconf 86' lang='lat' dir='ltr'><strong>didicerunt,</strong></span> <span class='ocrx_word' id='word_1_241' title='bbox 1278 3090 1372 3161; x_wconf 89' lang='lat' dir='ltr'><strong>pie</strong></span> <span class='ocrx_word' id='word_1_242' title='bbox 1414 3089 1627 3144; x_wconf 89' lang='lat' dir='ltr'><strong>sentire</strong></span> <span class='ocrx_word' id='word_1_243' title='bbox 1657 3088 1715 3143; x_wconf 91' lang='lat' dir='ltr'><strong>in</strong></span> <span class='ocrx_word' id='word_1_244' title='bbox 1771 3087 2035 3144; x_wconf 89' lang='lat' dir='ltr'><strong>animum</strong></span> 
     </span>
    </p>
   </div>
   <div class='ocr_carea' id='block_1_35' title="bbox 388 3177 2036 3250">
    <p class='ocr_par' dir='ltr' id='par_1_35' title="bbox 388 3177 2036 3250">
     <span class='ocr_line' id='line_1_35' title="bbox 388 3177 2036 3250; baseline -0.002 -13"><span class='ocrx_word' id='word_1_245' title='bbox 388 3181 688 3239; x_wconf 88' lang='lat' dir='ltr'><strong>inducent.</strong></span> <span class='ocrx_word' id='word_1_246' title='bbox 721 3180 805 3235; x_wconf 88' lang='lat' dir='ltr'><strong>Tu</strong></span> <span class='ocrx_word' id='word_1_247' title='bbox 839 3182 1056 3245; x_wconf 88' lang='lat' dir='ltr'><strong>autem,</strong></span> <span class='ocrx_word' id='word_1_248' title='bbox 1089 3177 1453 3247; x_wconf 87' lang='lat' dir='ltr'><strong>charissime,</strong></span> <span class='ocrx_word' id='word_1_249' title='bbox 1477 3177 1599 3233; x_wconf 70' lang='lat' dir='ltr'><strong>haec</strong></span> <span class='ocrx_word' id='word_1_250' title='bbox 1627 3181 1691 3233; x_wconf 92' lang='lat' dir='ltr'><strong>ut</strong></span> <span class='ocrx_word' id='word_1_251' title='bbox 1719 3178 2036 3250; x_wconf 90' lang='lat' dir='ltr'><strong>acceperis,</strong></span> 
     </span>
    </p>
   </div>
   <div class='ocr_carea' id='block_1_36' title="bbox 2073 1894 2121 1959">
    <p class='ocr_par' dir='ltr' id='par_1_36' title="bbox 2073 1894 2121 1959">
     <span class='ocr_line' id='line_1_36' title="bbox 2073 1894 2121 1959; baseline 0 0"><span class='ocrx_word' id='word_1_252' title='bbox 2073 1894 2121 1959; x_wconf 93' lang='lat' dir='ltr'><strong>B</strong></span> 
     </span>
    </p>
   </div>
   <div class='ocr_carea' id='block_1_37' title="bbox 2158 586 3815 671">
    <p class='ocr_par' dir='ltr' id='par_1_37' title="bbox 2158 586 3815 671">
     <span class='ocr_line' id='line_1_37' title="bbox 2158 586 3815 671; baseline 0.001 -26"><span class='ocrx_word' id='word_1_253' title='bbox 2158 610 2292 668; x_wconf 88' lang='grc' dir='ltr'>φους</span> <span class='ocrx_word' id='word_1_254' title='bbox 2347 588 2719 666; x_wconf 75' lang='grc' dir='ltr'><strong>ἐπεισάγεσθαι</strong></span> <span class='ocrx_word' id='word_1_255' title='bbox 2772 588 2984 662; x_wconf 82' lang='grc' dir='ltr'>λέξεις.</span> <span class='ocrx_word' id='word_1_256' title='bbox 3043 590 3147 647; x_wconf 85' lang='grc' dir='ltr'>Ναὶ</span> <span class='ocrx_word' id='word_1_257' title='bbox 3202 586 3334 662; x_wconf 79' lang='grc' dir='ltr'>ἔδει,</span> <span class='ocrx_word' id='word_1_258' title='bbox 3391 589 3554 671; x_wconf 89' lang='grc' dir='ltr'>φαίην</span> <span class='ocrx_word' id='word_1_259' title='bbox 3615 592 3675 647; x_wconf 77' lang='grc' dir='ltr'>ἂν</span> <span class='ocrx_word' id='word_1_260' title='bbox 3722 593 3815 649; x_wconf 81' lang='grc' dir='ltr'><strong>καὶ</strong></span> 
     </span>
    </p>
   </div>
   <div class='ocr_carea' id='block_1_38' title="bbox 2158 675 3814 759">
    <p class='ocr_par' dir='ltr' id='par_1_38' title="bbox 2158 675 3814 759">
     <span class='ocr_line' id='line_1_38' title="bbox 2158 675 3814 759; baseline 0.002 -25"><span class='ocrx_word' id='word_1_261' title='bbox 2158 677 2352 755; x_wconf 83' lang='grc' dir='ltr'>ἔγωγε·</span> <span class='ocrx_word' id='word_1_262' title='bbox 2405 675 2759 757; x_wconf 77' lang='grc' dir='ltr'>ἀκριϐέστερα</span> <span class='ocrx_word' id='word_1_263' title='bbox 2805 680 2909 755; x_wconf 80' lang='grc' dir='ltr'><strong>γὰρ</strong></span> <span class='ocrx_word' id='word_1_264' title='bbox 2959 676 3020 735; x_wconf 74' lang='grc' dir='ltr'>ἐκ</span> <span class='ocrx_word' id='word_1_265' title='bbox 3062 683 3172 736; x_wconf 87' lang='grc' dir='ltr'><strong>τῶν</strong></span> <span class='ocrx_word' id='word_1_266' title='bbox 3226 683 3455 759; x_wconf 88' lang='grc' dir='ltr'>Γραφῶν</span> <span class='ocrx_word' id='word_1_267' title='bbox 3517 678 3732 755; x_wconf 76' lang='grc' dir='ltr'>μᾶλλον</span> <span class='ocrx_word' id='word_1_268' title='bbox 3777 683 3814 752; x_wconf 74' lang='grc' dir='ltr'><strong>ἢ</strong></span> 
     </span>
    </p>
   </div>
   <div class='ocr_carea' id='block_1_39' title="bbox 2157 766 3816 847">
    <p class='ocr_par' dir='ltr' id='par_1_39' title="bbox 2157 766 3816 847">
     <span class='ocr_line' id='line_1_39' title="bbox 2157 766 3816 847; baseline 0.001 -23"><span class='ocrx_word' id='word_1_269' title='bbox 2157 767 2211 841; x_wconf 65' lang='grc' dir='ltr'><strong>ἑξ</strong></span> <span class='ocrx_word' id='word_1_270' title='bbox 2254 766 2449 845; x_wconf 74' lang='grc' dir='ltr'>ἐτέρων</span> <span class='ocrx_word' id='word_1_271' title='bbox 2495 766 2607 824; x_wconf 78' lang='grc' dir='ltr'>ἐστὶ</span> <span class='ocrx_word' id='word_1_272' title='bbox 2651 769 2721 824; x_wconf 78' lang='grc' dir='ltr'><strong>τὰ</strong></span> <span class='ocrx_word' id='word_1_273' title='bbox 2764 775 2868 840; x_wconf 86' lang='grc' dir='ltr'><strong>τῆς</strong></span> <span class='ocrx_word' id='word_1_274' title='bbox 2915 767 3178 839; x_wconf 77' lang='grc' dir='ltr'>ἀληθείας</span> <span class='ocrx_word' id='word_1_275' title='bbox 3227 768 3604 847; x_wconf 79' lang='grc' dir='ltr'><strong>γνωρίσματα.</strong></span> <span class='ocrx_word' id='word_1_276' title='bbox 3658 767 3816 828; x_wconf 87' lang='grc' dir='ltr'>Ἀλλ’</span> 
     </span>
    </p>
   </div>
   <div class='ocr_carea' id='block_1_40' title="bbox 2154 854 3813 935">
    <p class='ocr_par' dir='ltr' id='par_1_40' title="bbox 2154 854 3813 935">
     <span class='ocr_line' id='line_1_40' title="bbox 2154 854 3813 935; baseline 0.002 -22"><span class='ocrx_word' id='word_1_277' title='bbox 2154 861 2190 913; x_wconf 72' lang='grc' dir='ltr'>’λ</span> <span class='ocrx_word' id='word_1_278' title='bbox 2240 859 2536 930; x_wconf 74' lang='grc' dir='ltr'><strong>κακοήθεια</strong></span> <span class='ocrx_word' id='word_1_279' title='bbox 2574 856 2665 914; x_wconf 79' lang='grc' dir='ltr'>καὶ</span> <span class='ocrx_word' id='word_1_280' title='bbox 2717 859 2855 933; x_wconf 85' lang='grc' dir='ltr'><strong>μετά</strong></span> <span class='ocrx_word' id='word_1_281' title='bbox 2899 858 3234 935; x_wconf 82' lang='grc' dir='ltr'>πανουργίας</span> <span class='ocrx_word' id='word_1_282' title='bbox 3281 854 3641 934; x_wconf 73' lang='grc' dir='ltr'>παλίμϐολος</span> <span class='ocrx_word' id='word_1_283' title='bbox 3691 860 3813 917; x_wconf 85' lang='grc' dir='ltr'>ἀσέ-</span> 
     </span>
    </p>
   </div>
   <div class='ocr_carea' id='block_1_41' title="bbox 2156 941 3813 1026">
    <p class='ocr_par' dir='ltr' id='par_1_41' title="bbox 2156 941 3813 1026">
     <span class='ocr_line' id='line_1_41' title="bbox 2156 941 3813 1026; baseline 0.002 -24"><span class='ocrx_word' id='word_1_284' title='bbox 2156 941 2278 1003; x_wconf 80' lang='grc' dir='ltr'>ϐεια</span> <span class='ocrx_word' id='word_1_285' title='bbox 2323 951 2436 1003; x_wconf 71' lang='grc' dir='ltr'><strong>τῶν</strong></span> <span class='ocrx_word' id='word_1_286' title='bbox 2481 947 2607 1022; x_wconf 77' lang='grc' dir='ltr'>περὶ</span> <span class='ocrx_word' id='word_1_287' title='bbox 2651 941 2911 1004; x_wconf 77' lang='grc' dir='ltr'>Εὐσέϐιον</span> <span class='ocrx_word' id='word_1_288' title='bbox 2961 950 3253 1024; x_wconf 80' lang='grc' dir='ltr'>ἠνάγκασε,</span> <span class='ocrx_word' id='word_1_289' title='bbox 3313 949 3453 1005; x_wconf 83' lang='grc' dir='ltr'><strong>καθά</strong></span> <span class='ocrx_word' id='word_1_290' title='bbox 3507 953 3813 1026; x_wconf 82' lang='grc' dir='ltr'>προεῖπον,</span> 
     </span>
    </p>
   </div>
   <div class='ocr_carea' id='block_1_42' title="bbox 2153 1036 3814 1114">
    <p class='ocr_par' dir='ltr' id='par_1_42' title="bbox 2153 1036 3814 1114">
     <span class='ocr_line' id='line_1_42' title="bbox 2153 1036 3814 1114; baseline 0.002 -22"><span class='ocrx_word' id='word_1_291' title='bbox 2153 1037 2281 1101; x_wconf 80' lang='grc' dir='ltr'>τοὺς</span> <span class='ocrx_word' id='word_1_292' title='bbox 2339 1036 2673 1101; x_wconf 75' lang='grc' dir='ltr'>ἐπισκόπους</span> <span class='ocrx_word' id='word_1_293' title='bbox 2727 1036 3043 1114; x_wconf 73' lang='grc' dir='ltr'>λευκότερον</span> <span class='ocrx_word' id='word_1_294' title='bbox 3103 1037 3343 1095; x_wconf 71' lang='grc' dir='ltr'>ἐκθέσθαι</span> <span class='ocrx_word' id='word_1_295' title='bbox 3399 1039 3469 1095; x_wconf 80' lang='grc' dir='ltr'>τὰ</span> <span class='ocrx_word' id='word_1_296' title='bbox 3532 1039 3633 1109; x_wconf 83' lang='grc' dir='ltr'><strong>τήν</strong></span> <span class='ocrx_word' id='word_1_297' title='bbox 3690 1038 3814 1096; x_wconf 87' lang='grc' dir='ltr'>ἀσέ-</span> 
     </span>
    </p>
   </div>
   <div class='ocr_carea' id='block_1_43' title="bbox 2155 1121 3816 1206">
    <p class='ocr_par' dir='ltr' id='par_1_43' title="bbox 2155 1121 3816 1206">
     <span class='ocr_line' id='line_1_43' title="bbox 2155 1121 3816 1206; baseline 0.002 -25"><span class='ocrx_word' id='word_1_298' title='bbox 2155 1121 2303 1183; x_wconf 80' lang='grc' dir='ltr'>ϐειαν</span> <span class='ocrx_word' id='word_1_299' title='bbox 2335 1126 2511 1183; x_wconf 90' lang='grc' dir='ltr'>αὐτῶν</span> <span class='ocrx_word' id='word_1_300' title='bbox 2559 1127 2925 1205; x_wconf 78' lang='grc' dir='ltr'>ἀνατρέποντα</span> <span class='ocrx_word' id='word_1_301' title='bbox 2972 1126 3210 1205; x_wconf 79' lang='grc' dir='ltr'><strong>ῥήματα⁹</strong></span> <span class='ocrx_word' id='word_1_302' title='bbox 3261 1127 3353 1185; x_wconf 82' lang='grc' dir='ltr'><strong>καὶ</strong></span> <span class='ocrx_word' id='word_1_303' title='bbox 3396 1129 3464 1183; x_wconf 76' lang='grc' dir='ltr'><strong>τὰ</strong></span> <span class='ocrx_word' id='word_1_304' title='bbox 3515 1128 3611 1202; x_wconf 73' lang='grc' dir='ltr'>μὲν</span> <span class='ocrx_word' id='word_1_305' title='bbox 3664 1129 3816 1206; x_wconf 76' lang='grc' dir='ltr'>παρὰ</span> 
     </span>
    </p>
   </div>
   <div class='ocr_carea' id='block_1_44' title="bbox 2152 1213 3812 1296">
    <p class='ocr_par' dir='ltr' id='par_1_44' title="bbox 2152 1213 3812 1296">
     <span class='ocr_line' id='line_1_44' title="bbox 2152 1213 3812 1296; baseline 0.001 -24"><span class='ocrx_word' id='word_1_306' title='bbox 2152 1221 2255 1287; x_wconf 83' lang='grc' dir='ltr'><strong>τῆς</strong></span> <span class='ocrx_word' id='word_1_307' title='bbox 2285 1213 2514 1272; x_wconf 81' lang='grc' dir='ltr'>συνόδου</span> <span class='ocrx_word' id='word_1_308' title='bbox 2559 1217 2833 1296; x_wconf 73' lang='grc' dir='ltr'>γραφέντα</span> <span class='ocrx_word' id='word_1_309' title='bbox 2879 1213 3118 1274; x_wconf 81' lang='grc' dir='ltr'>διάνοιαν</span> <span class='ocrx_word' id='word_1_310' title='bbox 3175 1216 3342 1294; x_wconf 80' lang='grc' dir='ltr'>ὀρθὴν</span> <span class='ocrx_word' id='word_1_311' title='bbox 3389 1214 3586 1295; x_wconf 77' lang='grc' dir='ltr'>ἔχοντα</span> <span class='ocrx_word' id='word_1_312' title='bbox 3637 1214 3812 1273; x_wconf 85' lang='grc' dir='ltr'>δέδει-</span> 
     </span>
    </p>
   </div>
   <div class='ocr_carea' id='block_1_45' title="bbox 2151 1303 3811 1383">
    <p class='ocr_par' dir='ltr' id='par_1_45' title="bbox 2151 1303 3811 1383">
     <span class='ocr_line' id='line_1_45' title="bbox 2151 1303 3811 1383; baseline 0.001 -22"><span class='ocrx_word' id='word_1_313' title='bbox 2151 1324 2297 1361; x_wconf 89' lang='grc' dir='ltr'>κται·</span> <span class='ocrx_word' id='word_1_314' title='bbox 2354 1309 2462 1362; x_wconf 88' lang='grc' dir='ltr'><strong>τῶν</strong></span> <span class='ocrx_word' id='word_1_315' title='bbox 2523 1303 2570 1361; x_wconf 91' lang='grc' dir='ltr'>δ’</span> <span class='ocrx_word' id='word_1_316' title='bbox 2628 1307 2919 1381; x_wconf 83' lang='grc' dir='ltr'>’Δρειανῶν</span> <span class='ocrx_word' id='word_1_317' title='bbox 2976 1304 3070 1361; x_wconf 64' lang='grc' dir='ltr'><strong>καῖ</strong></span> <span class='ocrx_word' id='word_1_318' title='bbox 3113 1307 3183 1362; x_wconf 74' lang='grc' dir='ltr'>τὰ</span> <span class='ocrx_word' id='word_1_319' title='bbox 3226 1304 3464 1383; x_wconf 84' lang='grc' dir='ltr'>λογάρια</span> <span class='ocrx_word' id='word_1_320' title='bbox 3498 1308 3689 1382; x_wconf 79' lang='grc' dir='ltr'>σαθρὰ,</span> <span class='ocrx_word' id='word_1_321' title='bbox 3717 1309 3811 1363; x_wconf 81' lang='grc' dir='ltr'><strong>καὶ</strong></span> 
     </span>
    </p>
   </div>
   <div class='ocr_carea' id='block_1_46' title="bbox 2154 1393 3809 1475">
    <p class='ocr_par' dir='ltr' id='par_1_46' title="bbox 2154 1393 3809 1475">
     <span class='ocr_line' id='line_1_46' title="bbox 2154 1393 3809 1475; baseline 0.001 -25"><span class='ocrx_word' id='word_1_322' title='bbox 2154 1396 2184 1450; x_wconf 85' lang='grc' dir='ltr'>ὁ</span> <span class='ocrx_word' id='word_1_323' title='bbox 2214 1393 2419 1470; x_wconf 86' lang='grc' dir='ltr'>τρόπος</span> <span class='ocrx_word' id='word_1_324' title='bbox 2455 1395 2697 1471; x_wconf 83' lang='grc' dir='ltr'>πονηρὸς</span> <span class='ocrx_word' id='word_1_325' title='bbox 2748 1394 2939 1475; x_wconf 77' lang='grc' dir='ltr'>ἐφάνη.</span> <span class='ocrx_word' id='word_1_326' title='bbox 2987 1394 3086 1451; x_wconf 82' lang='grc' dir='ltr'>Καὶ</span> <span class='ocrx_word' id='word_1_327' title='bbox 3137 1397 3243 1473; x_wconf 77' lang='grc' dir='ltr'><strong>γὰρ</strong></span> <span class='ocrx_word' id='word_1_328' title='bbox 3292 1394 3385 1452; x_wconf 71' lang='grc' dir='ltr'><strong>καὶ</strong></span> <span class='ocrx_word' id='word_1_329' title='bbox 3433 1395 3497 1451; x_wconf 88' lang='grc' dir='ltr'><strong>τὸ</strong></span> <span class='ocrx_word' id='word_1_330' title='bbox 3548 1396 3809 1473; x_wconf 88' lang='grc' dir='ltr'>ἀγένητον</span> 
     </span>
    </p>
   </div>
   <div class='ocr_carea' id='block_1_47' title="bbox 2154 1479 3813 1563">
    <p class='ocr_par' dir='ltr' id='par_1_47' title="bbox 2154 1479 3813 1563">
     <span class='ocr_line' id='line_1_47' title="bbox 2154 1479 3813 1563; baseline 0.001 -24"><span class='ocrx_word' id='word_1_331' title='bbox 2154 1479 2328 1559; x_wconf 77' lang='grc' dir='ltr'>ὄνομα</span> <span class='ocrx_word' id='word_1_332' title='bbox 2384 1482 2522 1541; x_wconf 91' lang='grc' dir='ltr'>ἰδίαν</span> <span class='ocrx_word' id='word_1_333' title='bbox 2580 1482 2709 1563; x_wconf 80' lang='grc' dir='ltr'>ἔχον</span> <span class='ocrx_word' id='word_1_334' title='bbox 2756 1482 3017 1559; x_wconf 86' lang='grc' dir='ltr'>διάνοιαν,</span> <span class='ocrx_word' id='word_1_335' title='bbox 3066 1485 3157 1541; x_wconf 83' lang='grc' dir='ltr'><strong>καὶ</strong></span> <span class='ocrx_word' id='word_1_336' title='bbox 3216 1482 3514 1560; x_wconf 74' lang='grc' dir='ltr'>δυνάμενον</span> <span class='ocrx_word' id='word_1_337' title='bbox 3573 1480 3813 1549; x_wconf 76' lang='grc' dir='ltr'>εὐσεϐῶς</span> 
     </span>
    </p>
   </div>
   <div class='ocr_carea' id='block_1_48' title="bbox 2153 1572 3813 1654">
    <p class='ocr_par' dir='ltr' id='par_1_48' title="bbox 2153 1572 3813 1654">
     <span class='ocr_line' id='line_1_48' title="bbox 2153 1572 3813 1654; baseline 0.001 -24"><span class='ocrx_word' id='word_1_338' title='bbox 2153 1574 2536 1654; x_wconf 78' lang='grc' dir='ltr'>προφέρεσθαι,</span> <span class='ocrx_word' id='word_1_339' title='bbox 2587 1576 2739 1631; x_wconf 87' lang='grc' dir='ltr'><strong>αὐτοί</strong></span> <span class='ocrx_word' id='word_1_340' title='bbox 2786 1577 2951 1631; x_wconf 80' lang='grc' dir='ltr'>πάλιν</span> <span class='ocrx_word' id='word_1_341' title='bbox 2997 1577 3133 1631; x_wconf 84' lang='grc' dir='ltr'><strong>κατά</strong></span> <span class='ocrx_word' id='word_1_342' title='bbox 3159 1576 3260 1645; x_wconf 83' lang='grc' dir='ltr'>τὴν</span> <span class='ocrx_word' id='word_1_343' title='bbox 3312 1572 3454 1631; x_wconf 88' lang='grc' dir='ltr'>ἰδίαν</span> <span class='ocrx_word' id='word_1_344' title='bbox 3493 1574 3813 1650; x_wconf 73' lang='grc' dir='ltr'>ἐνθύμησιν,</span> 
     </span>
    </p>
   </div>
   <div class='ocr_carea' id='block_1_49' title="bbox 2155 1662 3814 1743">
    <p class='ocr_par' dir='ltr' id='par_1_49' title="bbox 2155 1662 3814 1743">
     <span class='ocr_line' id='line_1_49' title="bbox 2155 1662 3814 1743; baseline 0.002 -25"><span class='ocrx_word' id='word_1_345' title='bbox 2155 1665 2231 1726; x_wconf 85' lang='grc' dir='ltr'>ὡς</span> <span class='ocrx_word' id='word_1_346' title='bbox 2261 1663 2557 1736; x_wconf 80' lang='grc' dir='ltr'>ἠθέλησαν,</span> <span class='ocrx_word' id='word_1_347' title='bbox 2611 1662 2979 1738; x_wconf 84' lang='grc' dir='ltr'>ὀνομάζουσιν</span> <span class='ocrx_word' id='word_1_348' title='bbox 3020 1665 3104 1721; x_wconf 81' lang='grc' dir='ltr'><strong>ἐπ’</strong></span> <span class='ocrx_word' id='word_1_349' title='bbox 3152 1664 3347 1739; x_wconf 80' lang='grc' dir='ltr'>ἀτιμίᾳ</span> <span class='ocrx_word' id='word_1_350' title='bbox 3390 1670 3489 1720; x_wconf 73' lang='grc' dir='ltr'><strong>τοῦ</strong></span> <span class='ocrx_word' id='word_1_351' title='bbox 3522 1671 3814 1743; x_wconf 79' lang='grc' dir='ltr'>Σωτῆρος,</span> 
     </span>
    </p>
   </div>
   <div class='ocr_carea' id='block_1_50' title="bbox 2147 1752 3817 1832">
    <p class='ocr_par' dir='ltr' id='par_1_50' title="bbox 2147 1752 3817 1832">
     <span class='ocr_line' id='line_1_50' title="bbox 2147 1752 3817 1832; baseline 0.002 -24"><span class='ocrx_word' id='word_1_352' title='bbox 2147 1752 2237 1808; x_wconf 71' lang='grc' dir='ltr'>’ίνα</span> <span class='ocrx_word' id='word_1_353' title='bbox 2270 1754 2429 1827; x_wconf 85' lang='grc' dir='ltr'>μόνον</span> <span class='ocrx_word' id='word_1_354' title='bbox 2463 1755 2538 1817; x_wconf 83' lang='grc' dir='ltr'>ὡς</span> <span class='ocrx_word' id='word_1_355' title='bbox 2569 1755 2817 1830; x_wconf 86' lang='grc' dir='ltr'>γίγαντες</span> <span class='ocrx_word' id='word_1_356' title='bbox 2867 1757 3160 1831; x_wconf 84' lang='grc' dir='ltr'>θεομαχεῖν</span> <span class='ocrx_word' id='word_1_357' title='bbox 3211 1752 3616 1832; x_wconf 87' lang='grc' dir='ltr'>φιλονεικῶσιν.</span> <span class='ocrx_word' id='word_1_358' title='bbox 3652 1754 3817 1811; x_wconf 82' lang='grc' dir='ltr'>Ἀλλ’</span> 
     </span>
    </p>
   </div>
   <div class='ocr_carea' id='block_1_51' title="bbox 2153 1840 3810 1923">
    <p class='ocr_par' dir='ltr' id='par_1_51' title="bbox 2153 1840 3810 1923">
     <span class='ocr_line' id='line_1_51' title="bbox 2153 1840 3810 1923; baseline 0.001 -25"><span class='ocrx_word' id='word_1_359' title='bbox 2153 1840 2276 1898; x_wconf 70' lang='grc' dir='ltr'>οὔτε</span> <span class='ocrx_word' id='word_1_360' title='bbox 2334 1843 2508 1899; x_wconf 76' lang='grc' dir='ltr'>ἐκεῖνα</span> <span class='ocrx_word' id='word_1_361' title='bbox 2561 1845 2630 1898; x_wconf 85' lang='grc' dir='ltr'><strong>τά</strong></span> <span class='ocrx_word' id='word_1_362' title='bbox 2680 1845 2918 1920; x_wconf 82' lang='grc' dir='ltr'>λογάρια</span> <span class='ocrx_word' id='word_1_363' title='bbox 2987 1845 3353 1923; x_wconf 83' lang='grc' dir='ltr'>προφέροντες</span> <span class='ocrx_word' id='word_1_364' title='bbox 3401 1843 3619 1918; x_wconf 85' lang='grc' dir='ltr'>ἔμειναν</span> <span class='ocrx_word' id='word_1_365' title='bbox 3678 1846 3810 1900; x_wconf 86' lang='grc' dir='ltr'>ἀκα-</span> 
     </span>
    </p>
   </div>
   <div class='ocr_carea' id='block_1_52' title="bbox 2152 1928 3812 2009">
    <p class='ocr_par' dir='ltr' id='par_1_52' title="bbox 2152 1928 3812 2009">
     <span class='ocr_line' id='line_1_52' title="bbox 2152 1928 3812 2009; baseline 0.001 -21"><span class='ocrx_word' id='word_1_366' title='bbox 2152 1934 2453 2008; x_wconf 80' lang='grc' dir='ltr'>τάγνωστοι</span> <span class='ocrx_word' id='word_1_367' title='bbox 2488 1930 2683 2008; x_wconf 60' lang='grc' dir='ltr'>’.οὔτε</span> <span class='ocrx_word' id='word_1_368' title='bbox 2732 1934 2796 1988; x_wconf 84' lang='grc' dir='ltr'>τὸ</span> <span class='ocrx_word' id='word_1_369' title='bbox 2849 1933 3111 2009; x_wconf 84' lang='grc' dir='ltr'>ἀγένητον</span> <span class='ocrx_word' id='word_1_370' title='bbox 3181 1932 3366 1998; x_wconf 87' lang='grc' dir='ltr'>καλῶς</span> <span class='ocrx_word' id='word_1_371' title='bbox 3423 1934 3515 1989; x_wconf 85' lang='grc' dir='ltr'><strong>καὶ</strong></span> <span class='ocrx_word' id='word_1_372' title='bbox 3571 1928 3812 1998; x_wconf 74' lang='grc' dir='ltr'>εὐσεϐῶς</span> 
     </span>
    </p>
   </div>
   <div class='ocr_carea' id='block_1_53' title="bbox 2151 2020 3811 2103">
    <p class='ocr_par' dir='ltr' id='par_1_53' title="bbox 2151 2020 3811 2103">
     <span class='ocr_line' id='line_1_53' title="bbox 2151 2020 3811 2103; baseline 0.001 -26"><span class='ocrx_word' id='word_1_373' title='bbox 2151 2020 2445 2096; x_wconf 70' lang='grc' dir='ltr'>δυνάμενον</span> <span class='ocrx_word' id='word_1_374' title='bbox 2506 2023 2910 2096; x_wconf 79' lang='grc' dir='ltr'>ὀνομάζεσθαι,</span> <span class='ocrx_word' id='word_1_375' title='bbox 2971 2021 3170 2096; x_wconf 80' lang='grc' dir='ltr'>ὅμως,</span> <span class='ocrx_word' id='word_1_376' title='bbox 3227 2028 3408 2086; x_wconf 82' lang='grc' dir='ltr'>κακῶς</span> <span class='ocrx_word' id='word_1_377' title='bbox 3459 2022 3613 2079; x_wconf 87' lang='grc' dir='ltr'>αὐτοὶ</span> <span class='ocrx_word' id='word_1_378' title='bbox 3672 2044 3811 2103; x_wconf 85' lang='grc' dir='ltr'>φρο-</span> 
     </span>
    </p>
   </div>
   <div class='ocr_carea' id='block_1_54' title="bbox 2147 2109 3807 2189">
    <p class='ocr_par' dir='ltr' id='par_1_54' title="bbox 2147 2109 3807 2189">
     <span class='ocr_line' id='line_1_54' title="bbox 2147 2109 3807 2189; baseline 0.001 -22"><span class='ocrx_word' id='word_1_379' title='bbox 2147 2116 2365 2175; x_wconf 76' lang='grc' dir='ltr'>νοῦντες</span> <span class='ocrx_word' id='word_1_380' title='bbox 2395 2160 2410 2185; x_wconf 88' lang='lat'><strong>,</strong></span> <span class='ocrx_word' id='word_1_381' title='bbox 2465 2110 2647 2167; x_wconf 84' lang='grc' dir='ltr'>λαθεῖν</span> <span class='ocrx_word' id='word_1_382' title='bbox 2718 2111 2817 2167; x_wconf 88' lang='grc' dir='ltr'><strong>οὐκ</strong></span> <span class='ocrx_word' id='word_1_383' title='bbox 2889 2109 3237 2183; x_wconf 73' lang='grc' dir='ltr'>ἠδυνήθησαν</span> <span class='ocrx_word' id='word_1_384' title='bbox 3268 2132 3281 2145; x_wconf 91' lang='grc'><strong>·</strong></span> <span class='ocrx_word' id='word_1_385' title='bbox 3358 2113 3807 2189; x_wconf 79' lang='grc' dir='ltr'>κατῃσχύνθησαν</span> 
     </span>
    </p>
   </div>
   <div class='ocr_carea' id='block_1_55' title="bbox 2149 2199 3805 2279">
    <p class='ocr_par' dir='ltr' id='par_1_55' title="bbox 2149 2199 3805 2279">
     <span class='ocr_line' id='line_1_55' title="bbox 2149 2199 3805 2279; baseline 0 -23"><span class='ocrx_word' id='word_1_386' title='bbox 2149 2203 2251 2279; x_wconf 78' lang='grc' dir='ltr'><strong>γὰρ</strong></span> <span class='ocrx_word' id='word_1_387' title='bbox 2284 2201 2337 2257; x_wconf 84' lang='grc' dir='ltr'><strong>έν</strong></span> <span class='ocrx_word' id='word_1_388' title='bbox 2378 2208 2531 2270; x_wconf 79' lang='grc' dir='ltr'>πᾶσι,</span> <span class='ocrx_word' id='word_1_389' title='bbox 2572 2202 2663 2257; x_wconf 80' lang='grc' dir='ltr'><strong>καὶ</strong></span> <span class='ocrx_word' id='word_1_390' title='bbox 2709 2204 2745 2271; x_wconf 78' lang='grc' dir='ltr'><strong>ἡ</strong></span> <span class='ocrx_word' id='word_1_391' title='bbox 2790 2200 2994 2277; x_wconf 71' lang='grc' dir='ltr'>α’ίρεσις</span> <span class='ocrx_word' id='word_1_392' title='bbox 3044 2202 3217 2257; x_wconf 89' lang='grc' dir='ltr'>αὐτῶν</span> <span class='ocrx_word' id='word_1_393' title='bbox 3271 2199 3627 2274; x_wconf 76' lang='grc' dir='ltr'>ἐστηλιτεύθη</span> <span class='ocrx_word' id='word_1_394' title='bbox 3668 2223 3805 2258; x_wconf 90' lang='grc' dir='ltr'>παν-</span> 
     </span>
    </p>
   </div>
   <div class='ocr_carea' id='block_1_56' title="bbox 2147 2287 3809 2368">
    <p class='ocr_par' dir='ltr' id='par_1_56' title="bbox 2147 2287 3809 2368">
     <span class='ocr_line' id='line_1_56' title="bbox 2147 2287 3809 2368; baseline 0.001 -22"><span class='ocrx_word' id='word_1_395' title='bbox 2147 2296 2342 2368; x_wconf 78' lang='grc' dir='ltr'>ταχοῦ.</span> <span class='ocrx_word' id='word_1_396' title='bbox 2396 2296 2571 2347; x_wconf 77' lang='grc' dir='ltr'>Ταῦτα</span> <span class='ocrx_word' id='word_1_397' title='bbox 2631 2292 2748 2365; x_wconf 74' lang='grc' dir='ltr'>μὲν,</span> <span class='ocrx_word' id='word_1_398' title='bbox 2808 2291 2883 2354; x_wconf 85' lang='grc' dir='ltr'><strong>ὡς</strong></span> <span class='ocrx_word' id='word_1_399' title='bbox 2940 2287 3252 2365; x_wconf 81' lang='grc' dir='ltr'>ἠδυνήθην,</span> <span class='ocrx_word' id='word_1_400' title='bbox 3309 2293 3809 2366; x_wconf 78' lang='grc' dir='ltr'>ἀπομνημονεύσας</span> 
     </span>
    </p>
   </div>
   <div class='ocr_carea' id='block_1_57' title="bbox 2146 2377 3809 2457">
    <p class='ocr_par' dir='ltr' id='par_1_57' title="bbox 2146 2377 3809 2457">
     <span class='ocr_line' id='line_1_57' title="bbox 2146 2377 3809 2457; baseline 0.001 -22"><span class='ocrx_word' id='word_1_401' title='bbox 2146 2381 2213 2435; x_wconf 78' lang='grc' dir='ltr'><strong>τὰ</strong></span> <span class='ocrx_word' id='word_1_402' title='bbox 2269 2381 2320 2435; x_wconf 80' lang='grc' dir='ltr'>ἐν</span> <span class='ocrx_word' id='word_1_403' title='bbox 2377 2384 2446 2455; x_wconf 78' lang='grc' dir='ltr'><strong>τῇ</strong></span> <span class='ocrx_word' id='word_1_404' title='bbox 2498 2377 2709 2453; x_wconf 85' lang='grc' dir='ltr'>συνόδῳ</span> <span class='ocrx_word' id='word_1_405' title='bbox 2755 2380 2879 2435; x_wconf 89' lang='grc' dir='ltr'>τότε</span> <span class='ocrx_word' id='word_1_406' title='bbox 2931 2380 3246 2457; x_wconf 80' lang='grc' dir='ltr'>πραχθέντα</span> <span class='ocrx_word' id='word_1_407' title='bbox 3312 2378 3623 2452; x_wconf 74' lang='grc' dir='ltr'>δεδήλωκαο</span> <span class='ocrx_word' id='word_1_408' title='bbox 3685 2380 3809 2437; x_wconf 81' lang='grc' dir='ltr'>οἶδα</span> 
     </span>
    </p>
   </div>
   <div class='ocr_carea' id='block_1_58' title="bbox 2148 2466 3807 2547">
    <p class='ocr_par' dir='ltr' id='par_1_58' title="bbox 2148 2466 3807 2547">
     <span class='ocr_line' id='line_1_58' title="bbox 2148 2466 3807 2547; baseline 0.001 -23"><span class='ocrx_word' id='word_1_409' title='bbox 2148 2466 2226 2537; x_wconf 73' lang='grc' dir='ltr'>δὲ,</span> <span class='ocrx_word' id='word_1_410' title='bbox 2260 2468 2344 2524; x_wconf 79' lang='grc' dir='ltr'><strong>ὅτι</strong></span> <span class='ocrx_word' id='word_1_411' title='bbox 2387 2474 2494 2523; x_wconf 87' lang='grc' dir='ltr'><strong>τῶν</strong></span> <span class='ocrx_word' id='word_1_412' title='bbox 2542 2470 2942 2545; x_wconf 80' lang='grc' dir='ltr'>Χριστομάχων</span> <span class='ocrx_word' id='word_1_413' title='bbox 2992 2470 3045 2524; x_wconf 78' lang='grc' dir='ltr'><strong>οἰ</strong></span> <span class='ocrx_word' id='word_1_414' title='bbox 3094 2467 3374 2547; x_wconf 80' lang='grc' dir='ltr'>φιΛέριδες</span> <span class='ocrx_word' id='word_1_415' title='bbox 3426 2467 3552 2525; x_wconf 78' lang='grc' dir='ltr'>οὐδὲ</span> <span class='ocrx_word' id='word_1_416' title='bbox 3595 2470 3807 2527; x_wconf 75' lang='grc' dir='ltr'>τούτων</span> 
     </span>
    </p>
   </div>
   <div class='ocr_carea' id='block_1_59' title="bbox 2148 2552 3807 2636">
    <p class='ocr_par' dir='ltr' id='par_1_59' title="bbox 2148 2552 3807 2636">
     <span class='ocr_line' id='line_1_59' title="bbox 2148 2552 3807 2636; baseline 0.002 -23"><span class='ocrx_word' id='word_1_417' title='bbox 2148 2558 2471 2621; x_wconf 78' lang='grc' dir='ltr'>ἀκούσαντες</span> <span class='ocrx_word' id='word_1_418' title='bbox 2539 2552 2973 2632; x_wconf 76' lang='grc' dir='ltr'>μεταϐάλλεσθαι</span> <span class='ocrx_word' id='word_1_419' title='bbox 3020 2556 3340 2630; x_wconf 76' lang='grc' dir='ltr'>θελήσουσιν</span> <span class='ocrx_word' id='word_1_420' title='bbox 3377 2605 3391 2631; x_wconf 85' lang='grc'><strong>,</strong></span> <span class='ocrx_word' id='word_1_421' title='bbox 3448 2557 3595 2615; x_wconf 80' lang='grc' dir='ltr'><strong>ἀλλά</strong></span> <span class='ocrx_word' id='word_1_422' title='bbox 3653 2581 3807 2636; x_wconf 88' lang='grc' dir='ltr'>περι-</span> 
     </span>
    </p>
   </div>
   <div class='ocr_carea' id='block_1_60' title="bbox 2150 2644 3808 2727">
    <p class='ocr_par' dir='ltr' id='par_1_60' title="bbox 2150 2644 3808 2727">
     <span class='ocr_line' id='line_1_60' title="bbox 2150 2644 3808 2727; baseline 0.002 -26"><span class='ocrx_word' id='word_1_423' title='bbox 2150 2644 2482 2722; x_wconf 81' lang='grc' dir='ltr'>δραμοῦνται</span> <span class='ocrx_word' id='word_1_424' title='bbox 2538 2645 2702 2701; x_wconf 89' lang='grc' dir='ltr'>πάλιν</span> <span class='ocrx_word' id='word_1_425' title='bbox 2756 2646 2941 2723; x_wconf 66' lang='grc' dir='ltr'>ἑτέρας</span> <span class='ocrx_word' id='word_1_426' title='bbox 3002 2651 3283 2718; x_wconf 81' lang='grc' dir='ltr'>ζητοῦντες</span> <span class='ocrx_word' id='word_1_427' title='bbox 3339 2649 3660 2727; x_wconf 83' lang='grc' dir='ltr'>προφάσεις,</span> <span class='ocrx_word' id='word_1_428' title='bbox 3714 2649 3808 2704; x_wconf 83' lang='grc' dir='ltr'><strong>καὶ</strong></span> 
     </span>
    </p>
   </div>
   <div class='ocr_carea' id='block_1_61' title="bbox 2153 2732 3809 2814">
    <p class='ocr_par' dir='ltr' id='par_1_61' title="bbox 2153 2732 3809 2814">
     <span class='ocr_line' id='line_1_61' title="bbox 2153 2732 3809 2814; baseline 0.002 -25"><span class='ocrx_word' id='word_1_429' title='bbox 2153 2737 2286 2810; x_wconf 84' lang='grc' dir='ltr'><strong>μετά</strong></span> <span class='ocrx_word' id='word_1_430' title='bbox 2340 2735 2539 2797; x_wconf 76' lang='grc' dir='ltr'>ταύτας</span> <span class='ocrx_word' id='word_1_431' title='bbox 2593 2732 2757 2790; x_wconf 85' lang='grc' dir='ltr'>πάλιν</span> <span class='ocrx_word' id='word_1_432' title='bbox 2809 2736 2994 2812; x_wconf 73' lang='grc' dir='ltr'>ἑτέρας</span> <span class='ocrx_word' id='word_1_433' title='bbox 3049 2735 3401 2807; x_wconf 79' lang='grc' dir='ltr'>ἐπινοήσουσι</span> <span class='ocrx_word' id='word_1_434' title='bbox 3428 2780 3441 2794; x_wconf 95' lang='grc'><strong>.</strong></span> <span class='ocrx_word' id='word_1_435' title='bbox 3497 2738 3645 2793; x_wconf 80' lang='grc' dir='ltr'>Κατά</span> <span class='ocrx_word' id='word_1_436' title='bbox 3700 2739 3809 2814; x_wconf 82' lang='grc' dir='ltr'><strong>γὰρ</strong></span> 
     </span>
    </p>
   </div>
   <div class='ocr_carea' id='block_1_62' title="bbox 2146 2822 3807 2903">
    <p class='ocr_par' dir='ltr' id='par_1_62' title="bbox 2146 2822 3807 2903">
     <span class='ocr_line' id='line_1_62' title="bbox 2146 2822 3807 2903; baseline 0.001 -24"><span class='ocrx_word' id='word_1_437' title='bbox 2146 2826 2208 2879; x_wconf 85' lang='grc' dir='ltr'>τὸ</span> <span class='ocrx_word' id='word_1_438' title='bbox 2258 2824 2596 2903; x_wconf 84' lang='grc' dir='ltr'>προφητικόν</span> <span class='ocrx_word' id='word_1_439' title='bbox 2633 2844 2647 2856; x_wconf 74' lang='grc' dir='ltr'><strong>ο</strong></span> <span class='ocrx_word' id='word_1_440' title='bbox 2708 2824 2772 2879; x_wconf 86' lang='grc' dir='ltr'><strong>Εἰ</strong></span> <span class='ocrx_word' id='word_1_441' title='bbox 2850 2822 3139 2895; x_wconf 78' lang='grc' dir='ltr'>ἀλλάξεται</span> <span class='ocrx_word' id='word_1_442' title='bbox 3218 2826 3421 2900; x_wconf 79' lang='grc' dir='ltr'>Αἰθίοψ</span> <span class='ocrx_word' id='word_1_443' title='bbox 3496 2828 3560 2881; x_wconf 86' lang='grc' dir='ltr'>τὸ</span> <span class='ocrx_word' id='word_1_444' title='bbox 3632 2824 3807 2901; x_wconf 79' lang='grc' dir='ltr'>δέρμα</span> 
     </span>
    </p>
   </div>
   <div class='ocr_carea' id='block_1_63' title="bbox 2147 2910 3804 2988">
    <p class='ocr_par' dir='ltr' id='par_1_63' title="bbox 2147 2910 3804 2988">
     <span class='ocr_line' id='line_1_63' title="bbox 2147 2910 3804 2988; baseline 0.002 -21"><span class='ocrx_word' id='word_1_445' title='bbox 2147 2912 2312 2968; x_wconf 78' lang='grc' dir='ltr'>αὐτοῦ</span> <span class='ocrx_word' id='word_1_446' title='bbox 2345 2957 2360 2979; x_wconf 90' lang='grc'><strong>,</strong></span> <span class='ocrx_word' id='word_1_447' title='bbox 2417 2913 2507 2967; x_wconf 86' lang='grc' dir='ltr'><strong>καὶ</strong></span> <span class='ocrx_word' id='word_1_448' title='bbox 2582 2910 2852 2988; x_wconf 84' lang='grc' dir='ltr'>πάρδαλις</span> <span class='ocrx_word' id='word_1_449' title='bbox 2909 2913 2977 2967; x_wconf 80' lang='grc' dir='ltr'><strong>τά</strong></span> <span class='ocrx_word' id='word_1_450' title='bbox 3030 2911 3373 2987; x_wconf 88' lang='grc' dir='ltr'>ποικίλματα</span> <span class='ocrx_word' id='word_1_451' title='bbox 3437 2912 3608 2984; x_wconf 84' lang='grc' dir='ltr'>αὐτῆς</span> <span class='ocrx_word' id='word_1_452' title='bbox 3642 2959 3657 2985; x_wconf 88' lang='grc'><strong>,</strong></span> <span class='ocrx_word' id='word_1_453' title='bbox 3712 2915 3804 2970; x_wconf 83' lang='grc' dir='ltr'><strong>καὶ</strong></span> 
     </span>
    </p>
   </div>
   <div class='ocr_carea' id='block_1_64' title="bbox 2149 2996 3805 3080">
    <p class='ocr_par' dir='ltr' id='par_1_64' title="bbox 2149 2996 3805 3080">
     <span class='ocr_line' id='line_1_64' title="bbox 2149 2996 3805 3080; baseline 0.002 -24"><span class='ocrx_word' id='word_1_454' title='bbox 2149 3001 2302 3056; x_wconf 86' lang='grc' dir='ltr'>αὐτοὶ</span> <span class='ocrx_word' id='word_1_455' title='bbox 2375 2999 2696 3073; x_wconf 80' lang='grc' dir='ltr'>θελήσουσιν</span> <span class='ocrx_word' id='word_1_456' title='bbox 2772 2996 3005 3065; x_wconf 78' lang='grc' dir='ltr'>εὐσεϐῶς</span> <span class='ocrx_word' id='word_1_457' title='bbox 3082 3008 3297 3080; x_wconf 86' lang='grc' dir='ltr'>φρονεῖν</span> <span class='ocrx_word' id='word_1_458' title='bbox 3350 3046 3366 3074; x_wconf 88' lang='grc'><strong>,</strong></span> <span class='ocrx_word' id='word_1_459' title='bbox 3425 3004 3805 3077; x_wconf 84' lang='grc' dir='ltr'>μεμαθηκότες</span> 
     </span>
    </p>
   </div>
   <div class='ocr_carea' id='block_1_65' title="bbox 2147 3086 3805 3169">
    <p class='ocr_par' dir='ltr' id='par_1_65' title="bbox 2147 3086 3805 3169">
     <span class='ocr_line' id='line_1_65' title="bbox 2147 3086 3805 3169; baseline 0.002 -23"><span class='ocrx_word' id='word_1_460' title='bbox 2147 3086 2375 3149; x_wconf 81' lang='grc' dir='ltr'>ἀσεϐεῖν.</span> <span class='ocrx_word' id='word_1_461' title='bbox 2411 3090 2487 3145; x_wconf 79' lang='grc' dir='ltr'><strong>Σὺ</strong></span> <span class='ocrx_word' id='word_1_462' title='bbox 2522 3086 2726 3165; x_wconf 79' lang='grc' dir='ltr'>μέντοι,</span> <span class='ocrx_word' id='word_1_463' title='bbox 2779 3091 3045 3167; x_wconf 73' lang='grc' dir='ltr'>ἀγαπητὶ,</span> <span class='ocrx_word' id='word_1_464' title='bbox 3081 3088 3389 3165; x_wconf 83' lang='grc' dir='ltr'>δεξάμενος,</span> <span class='ocrx_word' id='word_1_465' title='bbox 3431 3089 3621 3169; x_wconf 82' lang='grc' dir='ltr'>ἔντυχε</span> <span class='ocrx_word' id='word_1_466' title='bbox 3665 3094 3805 3149; x_wconf 86' lang='grc' dir='ltr'><strong>κατά</strong></span> 
     </span>
    </p>
   </div>
   <div class='ocr_carea' id='block_1_66' title="bbox 2147 3176 3804 3257">
    <p class='ocr_par' dir='ltr' id='par_1_66' title="bbox 2147 3176 3804 3257">
     <span class='ocr_line' id='line_1_66' title="bbox 2147 3176 3804 3257; baseline 0.002 -22"><span class='ocrx_word' id='word_1_467' title='bbox 2147 3180 2361 3235; x_wconf 88' lang='grc' dir='ltr'>σαυτόν·</span> <span class='ocrx_word' id='word_1_468' title='bbox 2404 3179 2495 3236; x_wconf 83' lang='grc' dir='ltr'><strong>καὶ</strong></span> <span class='ocrx_word' id='word_1_469' title='bbox 2552 3179 2599 3235; x_wconf 78' lang='grc' dir='ltr'><strong>εἷ’</strong></span> <span class='ocrx_word' id='word_1_470' title='bbox 2647 3177 2996 3253; x_wconf 82' lang='grc' dir='ltr'>δοκιμάσειας</span> <span class='ocrx_word' id='word_1_471' title='bbox 3055 3177 3241 3243; x_wconf 88' lang='grc' dir='ltr'>καλῶς</span> <span class='ocrx_word' id='word_1_472' title='bbox 3301 3176 3473 3257; x_wconf 83' lang='grc' dir='ltr'>ἔχειν,</span> <span class='ocrx_word' id='word_1_473' title='bbox 3534 3182 3804 3257; x_wconf 87' lang='grc' dir='ltr'>ἀνάγνωθι</span> 
     </span>
    </p>
   </div>
   <div class='ocr_carea' id='block_1_67' title="bbox 386 3266 2040 3348">
    <p class='ocr_par' dir='ltr' id='par_1_67' title="bbox 386 3267 2033 3342">
     <span class='ocr_line' id='line_1_67' title="bbox 386 3267 2033 3342; baseline -0.004 -14"><span class='ocrx_word' id='word_1_474' title='bbox 386 3273 606 3342; x_wconf 80' lang='lat' dir='ltr'><strong>tecu‘m,</strong></span> <span class='ocrx_word' id='word_1_475' title='bbox 628 3285 846 3341; x_wconf 72' lang='lat' dir='ltr'><strong>quaeso,</strong></span> <span class='ocrx_word' id='word_1_476' title='bbox 871 3267 1138 3341; x_wconf 87' lang='lat' dir='ltr'><strong>perlege:</strong></span> <span class='ocrx_word' id='word_1_477' title='bbox 1165 3284 1292 3339; x_wconf 67' lang='lat' dir='ltr'><strong>quae</strong></span> <span class='ocrx_word' id='word_1_478' title='bbox 1350 3267 1399 3323; x_wconf 92' lang='lat' dir='ltr'><strong>si</strong></span> <span class='ocrx_word' id='word_1_479' title='bbox 1448 3267 1551 3322; x_wconf 89' lang='lat' dir='ltr'><strong>tibi</strong></span> <span class='ocrx_word' id='word_1_480' title='bbox 1601 3271 1761 3324; x_wconf 89' lang='lat' dir='ltr'><strong>recta</strong></span> <span class='ocrx_word' id='word_1_481' title='bbox 1789 3282 1917 3322; x_wconf 91' lang='lat' dir='ltr'><strong>esse</strong></span> <span class='ocrx_word' id='word_1_482' title='bbox 1945 3268 2033 3322; x_wconf 83' lang='lat' dir='ltr'><strong>vi-</strong></span> 
     </span>
    </p>
   </div>
   <div class='ocr_carea' id='block_1_68' title="bbox 2150 3266 3800 3348">
    <p class='ocr_par' dir='ltr' id='par_1_68' title="bbox 2150 3266 3800 3348">
     <span class='ocr_line' id='line_1_68' title="bbox 2150 3266 3800 3348; baseline 0.001 -25"><span class='ocrx_word' id='word_1_483' title='bbox 2150 3268 2235 3323; x_wconf 79' lang='grc' dir='ltr'><strong>καὶ</strong></span> <span class='ocrx_word' id='word_1_484' title='bbox 2289 3273 2407 3330; x_wconf 86' lang='grc' dir='ltr'>τοῖς</span> <span class='ocrx_word' id='word_1_485' title='bbox 2463 3267 2587 3323; x_wconf 88' lang='grc' dir='ltr'>τότε</span> <span class='ocrx_word' id='word_1_486' title='bbox 2642 3272 2900 3345; x_wconf 79' lang='grc' dir='ltr'>παροῦσιν</span> <span class='ocrx_word' id='word_1_487' title='bbox 2956 3266 3217 3348; x_wconf 83' lang='grc' dir='ltr'>ἀδελφοῖς</span> <span class='ocrx_word' id='word_1_488' title='bbox 3248 3316 3264 3342; x_wconf 82' lang='lat'><strong>,</strong></span> <span class='ocrx_word' id='word_1_489' title='bbox 3316 3267 3406 3325; x_wconf 75' lang='grc' dir='ltr'>’ίνα</span> <span class='ocrx_word' id='word_1_490' title='bbox 3450 3271 3540 3325; x_wconf 84' lang='grc' dir='ltr'><strong>καὶ</strong></span> <span class='ocrx_word' id='word_1_491' title='bbox 3592 3269 3748 3327; x_wconf 71' lang='grc' dir='ltr'>αὐτοί</span> <span class='ocrx_word' id='word_1_492' title='bbox 3782 3315 3800 3341; x_wconf 94' lang='grc'><strong>,</strong></span> 
     </span>
    </p>
   </div>
   <div class='ocr_carea' id='block_1_69' title="bbox 387 3354 2039 3429">
    <p class='ocr_par' dir='ltr' id='par_1_69' title="bbox 387 3354 2039 3429">
     <span class='ocr_line' id='line_1_69' title="bbox 387 3354 2039 3429; baseline -0.002 -13"><span class='ocrx_word' id='word_1_493' title='bbox 387 3360 701 3425; x_wconf 90' lang='lat' dir='ltr'><strong>debuntur,</strong></span> <span class='ocrx_word' id='word_1_494' title='bbox 730 3374 798 3413; x_wconf 87' lang='lat' dir='ltr'><strong>ea</strong></span> <span class='ocrx_word' id='word_1_495' title='bbox 826 3357 1108 3413; x_wconf 87' lang='lat' dir='ltr'><strong>fratribus</strong></span> <span class='ocrx_word' id='word_1_496' title='bbox 1138 3358 1238 3429; x_wconf 92' lang='lat' dir='ltr'><strong>qui</strong></span> <span class='ocrx_word' id='word_1_497' title='bbox 1261 3361 1401 3412; x_wconf 91' lang='lat' dir='ltr'><strong>tunc</strong></span> <span class='ocrx_word' id='word_1_498' title='bbox 1441 3357 1585 3412; x_wconf 83' lang='lat' dir='ltr'><strong>forte</strong></span> <span class='ocrx_word' id='word_1_499' title='bbox 1608 3357 1854 3412; x_wconf 88' lang='lat' dir='ltr'><strong>aderunt</strong></span> <span class='ocrx_word' id='word_1_500' title='bbox 1878 3354 2039 3429; x_wconf 85' lang='lat' dir='ltr'><strong>legas</strong></span> 
     </span>
    </p>
   </div>
   <div class='ocr_carea' id='block_1_70' title="bbox 383 3444 2035 3517">
    <p class='ocr_par' dir='ltr' id='par_1_70' title="bbox 383 3444 2035 3517">
     <span class='ocr_line' id='line_1_70' title="bbox 383 3444 2035 3517; baseline -0.003 -12"><span class='ocrx_word' id='word_1_501' title='bbox 383 3447 580 3516; x_wconf 83' lang='lat' dir='ltr'><strong>velim,</strong></span> <span class='ocrx_word' id='word_1_502' title='bbox 613 3446 805 3514; x_wconf 91' lang='lat' dir='ltr'><strong>utilli,</strong></span> <span class='ocrx_word' id='word_1_503' title='bbox 837 3446 930 3501; x_wconf 90' lang='lat' dir='ltr'><strong>his</strong></span> <span class='ocrx_word' id='word_1_504' title='bbox 953 3445 1192 3511; x_wconf 88' lang='lat' dir='ltr'><strong>auditis,</strong></span> <span class='ocrx_word' id='word_1_505' title='bbox 1239 3444 1430 3502; x_wconf 91' lang='lat' dir='ltr'><strong>zelum</strong></span> <span class='ocrx_word' id='word_1_506' title='bbox 1465 3446 1701 3517; x_wconf 87' lang='lat' dir='ltr'><strong>quidem</strong></span> <span class='ocrx_word' id='word_1_507' title='bbox 1738 3445 1944 3517; x_wconf 86' lang='lat' dir='ltr'><strong>synodi</strong></span> <span class='ocrx_word' id='word_1_508' title='bbox 1976 3446 2035 3501; x_wconf 92' lang='lat' dir='ltr'><strong>in</strong></span> 
     </span>
    </p>
   </div>
   <div class='ocr_carea' id='block_1_71' title="bbox 385 3534 2038 3606">
    <p class='ocr_par' dir='ltr' id='par_1_71' title="bbox 385 3534 2038 3606">
     <span class='ocr_line' id='line_1_71' title="bbox 385 3534 2038 3606; baseline -0.002 -13"><span class='ocrx_word' id='word_1_509' title='bbox 385 3537 606 3593; x_wconf 88' lang='lat' dir='ltr'><strong>tuenda</strong></span> <span class='ocrx_word' id='word_1_510' title='bbox 632 3536 898 3606; x_wconf 87' lang='lat' dir='ltr'><strong>veritate,</strong></span> <span class='ocrx_word' id='word_1_511' title='bbox 931 3540 989 3590; x_wconf 91' lang='lat' dir='ltr'><strong>et</strong></span> <span class='ocrx_word' id='word_1_512' title='bbox 1021 3535 1081 3590; x_wconf 89' lang='lat' dir='ltr'><strong>in</strong></span> <span class='ocrx_word' id='word_1_513' title='bbox 1137 3534 1484 3606; x_wconf 85' lang='lat' dir='ltr'><strong>explicanda</strong></span> <span class='ocrx_word' id='word_1_514' title='bbox 1531 3534 1824 3590; x_wconf 90' lang='lat' dir='ltr'><strong>sententia</strong></span> <span class='ocrx_word' id='word_1_515' title='bbox 1870 3551 2038 3590; x_wconf 90' lang='lat' dir='ltr'><strong>accu-</strong></span> 
     </span>
    </p>
   </div>
   <div class='ocr_carea' id='block_1_72' title="bbox 384 3623 2037 3697">
    <p class='ocr_par' dir='ltr' id='par_1_72' title="bbox 384 3623 2037 3697">
     <span class='ocr_line' id='line_1_72' title="bbox 384 3623 2037 3697; baseline -0.001 -16"><span class='ocrx_word' id='word_1_516' title='bbox 384 3626 671 3682; x_wconf 87' lang='lat' dir='ltr'><strong>rationem</strong></span> <span class='ocrx_word' id='word_1_517' title='bbox 719 3625 1085 3697; x_wconf 90' lang='lat' dir='ltr'><strong>approbent;</strong></span> <span class='ocrx_word' id='word_1_518' title='bbox 1138 3624 1489 3679; x_wconf 88' lang='lat' dir='ltr'><strong>Arianorum</strong></span> <span class='ocrx_word' id='word_1_519' title='bbox 1556 3627 1752 3678; x_wconf 89' lang='lat' dir='ltr'><strong>autem</strong></span> <span class='ocrx_word' id='word_1_520' title='bbox 1820 3623 2037 3680; x_wconf 73' lang='lat' dir='ltr'><strong>Christi.</strong></span> 
     </span>
    </p>
   </div>
   <div class='ocr_carea' id='block_1_73' title="bbox 385 3712 2033 3784">
    <p class='ocr_par' dir='ltr' id='par_1_73' title="bbox 385 3712 2033 3784">
     <span class='ocr_line' id='line_1_73' title="bbox 385 3712 2033 3784; baseline -0.001 -14"><span class='ocrx_word' id='word_1_521' title='bbox 385 3714 642 3771; x_wconf 89' lang='lat' dir='ltr'><strong>hostium</strong></span> <span class='ocrx_word' id='word_1_522' title='bbox 667 3714 1057 3770; x_wconf 88' lang='lat' dir='ltr'><strong>condemnent</strong></span> <span class='ocrx_word' id='word_1_523' title='bbox 1081 3713 1455 3784; x_wconf 85' lang='lat' dir='ltr'><strong>pervicaciam</strong></span> <span class='ocrx_word' id='word_1_524' title='bbox 1480 3716 1537 3767; x_wconf 87' lang='lat' dir='ltr'><strong>et</strong></span> <span class='ocrx_word' id='word_1_525' title='bbox 1556 3729 1734 3768; x_wconf 88' lang='lat' dir='ltr'><strong>vanas</strong></span> <span class='ocrx_word' id='word_1_526' title='bbox 1758 3712 2033 3778; x_wconf 86' lang='lat' dir='ltr'><strong>rationes,</strong></span> 
     </span>
    </p>
   </div>
   <div class='ocr_carea' id='block_1_74' title="bbox 381 3800 2038 3876">
    <p class='ocr_par' dir='ltr' id='par_1_74' title="bbox 381 3800 2038 3876">
     <span class='ocr_line' id='line_1_74' title="bbox 381 3800 2038 3876; baseline -0.002 -17"><span class='ocrx_word' id='word_1_527' title='bbox 381 3819 530 3876; x_wconf 90' lang='lat' dir='ltr'><strong>quas</strong></span> <span class='ocrx_word' id='word_1_528' title='bbox 560 3803 753 3876; x_wconf 64' lang='lat' dir='ltr'><strong>impiis</strong></span> <span class='ocrx_word' id='word_1_529' title='bbox 785 3819 903 3858; x_wconf 68' lang='lat' dir='ltr'><strong>sum</strong></span> <span class='ocrx_word' id='word_1_530' title='bbox 926 3801 1168 3857; x_wconf 69' lang='lat' dir='ltr'><strong>haaresis</strong></span> <span class='ocrx_word' id='word_1_531' title='bbox 1202 3800 1642 3873; x_wconf 62' lang='lat' dir='ltr'><strong>propugnanda</strong></span> <span class='ocrx_word' id='word_1_532' title='bbox 1702 3817 1879 3857; x_wconf 90' lang='lat' dir='ltr'><strong>causa</strong></span> <span class='ocrx_word' id='word_1_533' title='bbox 1925 3800 2038 3857; x_wconf 91' lang='lat' dir='ltr'><strong>sibi</strong></span> 
     </span>
    </p>
   </div>
   <div class='ocr_carea' id='block_1_75' title="bbox 382 3890 2040 3965">
    <p class='ocr_par' dir='ltr' id='par_1_75' title="bbox 382 3890 2040 3965">
     <span class='ocr_line' id='line_1_75' title="bbox 382 3890 2040 3965; baseline -0.001 -17"><span class='ocrx_word' id='word_1_534' title='bbox 382 3893 496 3965; x_wconf 89' lang='lat' dir='ltr'><strong>ipsi</strong></span> <span class='ocrx_word' id='word_1_535' title='bbox 518 3896 658 3948; x_wconf 90' lang='lat' dir='ltr'><strong>sunt</strong></span> <span class='ocrx_word' id='word_1_536' title='bbox 678 3890 993 3947; x_wconf 82' lang='lat' dir='ltr'><strong>commenti</strong></span> <span class='ocrx_word' id='word_1_537' title='bbox 1022 3908 1035 3947; x_wconf 90' lang='lat'><strong>:</strong></span> <span class='ocrx_word' id='word_1_538' title='bbox 1068 3892 1349 3962; x_wconf 90' lang='lat' dir='ltr'><strong>quoniam</strong></span> <span class='ocrx_word' id='word_1_539' title='bbox 1394 3890 1579 3945; x_wconf 90' lang='lat' dir='ltr'><strong>Deum</strong></span> <span class='ocrx_word' id='word_1_540' title='bbox 1610 3894 1667 3945; x_wconf 88' lang='lat' dir='ltr'><strong>et</strong></span> <span class='ocrx_word' id='word_1_541' title='bbox 1708 3890 1934 3946; x_wconf 88' lang='lat' dir='ltr'><strong>Patrem</strong></span> <span class='ocrx_word' id='word_1_542' title='bbox 1967 3891 2040 3947; x_wconf 91' lang='lat' dir='ltr'><strong>de</strong></span> 
     </span>
    </p>
   </div>
   <div class='ocr_carea' id='block_1_76' title="bbox 382 3979 2039 4053">
    <p class='ocr_par' dir='ltr' id='par_1_76' title="bbox 382 3979 2039 4053">
     <span class='ocr_line' id='line_1_76' title="bbox 382 3979 2039 4053; baseline -0.001 -17"><span class='ocrx_word' id='word_1_543' title='bbox 382 3985 474 4036; x_wconf 91' lang='lat' dir='ltr'><strong>cet</strong></span> <span class='ocrx_word' id='word_1_544' title='bbox 502 3980 708 4053; x_wconf 87' lang='lat' dir='ltr'><strong>gloria,</strong></span> <span class='ocrx_word' id='word_1_545' title='bbox 742 3980 930 4035; x_wconf 89' lang='lat' dir='ltr'><strong>honor</strong></span> <span class='ocrx_word' id='word_1_546' title='bbox 954 3983 1012 4035; x_wconf 89' lang='lat' dir='ltr'><strong>et</strong></span> <span class='ocrx_word' id='word_1_547' title='bbox 1058 3979 1341 4043; x_wconf 89' lang='lat' dir='ltr'><strong>adoratio,</strong></span> <span class='ocrx_word' id='word_1_548' title='bbox 1397 3996 1517 4033; x_wconf 86' lang='lat' dir='ltr'><strong>una</strong></span> <span class='ocrx_word' id='word_1_549' title='bbox 1575 3995 1709 4033; x_wconf 90' lang='lat' dir='ltr'><strong>cum</strong></span> <span class='ocrx_word' id='word_1_550' title='bbox 1765 3979 2039 4052; x_wconf 90' lang='lat' dir='ltr'><strong>principii</strong></span> 
     </span>
    </p>
   </div>
   <div class='ocr_carea' id='block_1_77' title="bbox 381 4066 2041 4141">
    <p class='ocr_par' dir='ltr' id='par_1_77' title="bbox 381 4066 2041 4141">
     <span class='ocr_line' id='line_1_77' title="bbox 381 4066 2041 4141; baseline -0.001 -15"><span class='ocrx_word' id='word_1_551' title='bbox 381 4074 615 4141; x_wconf 84' lang='lat' dir='ltr'><strong>experte</strong></span> <span class='ocrx_word' id='word_1_552' title='bbox 643 4069 910 4141; x_wconf 86' lang='lat' dir='ltr'><strong>ejusdem</strong></span> <span class='ocrx_word' id='word_1_553' title='bbox 933 4066 1077 4123; x_wconf 88' lang='lat' dir='ltr'><strong>Filio</strong></span> <span class='ocrx_word' id='word_1_554' title='bbox 1106 4067 1388 4136; x_wconf 88' lang='lat' dir='ltr'><strong>etVerbo,</strong></span> <span class='ocrx_word' id='word_1_555' title='bbox 1414 4083 1638 4123; x_wconf 90' lang='lat' dir='ltr'><strong>necnon</strong></span> <span class='ocrx_word' id='word_1_556' title='bbox 1662 4067 2041 4124; x_wconf 89' lang='lat' dir='ltr'><strong>sanctissimo</strong></span> 
     </span>
    </p>
   </div>
   <div class='ocr_carea' id='block_1_78' title="bbox 382 4155 2040 4229">
    <p class='ocr_par' dir='ltr' id='par_1_78' title="bbox 382 4155 2040 4229">
     <span class='ocr_line' id='line_1_78' title="bbox 382 4155 2040 4229; baseline -0.001 -13"><span class='ocrx_word' id='word_1_557' title='bbox 382 4175 449 4216; x_wconf 91' lang='lat' dir='ltr'><strong>ac</strong></span> <span class='ocrx_word' id='word_1_558' title='bbox 481 4158 705 4215; x_wconf 80' lang='lat' dir='ltr'><strong>vivifico</strong></span> <span class='ocrx_word' id='word_1_559' title='bbox 735 4156 977 4229; x_wconf 88' lang='lat' dir='ltr'><strong>Spiritu,</strong></span> <span class='ocrx_word' id='word_1_560' title='bbox 1012 4173 1168 4213; x_wconf 89' lang='lat' dir='ltr'><strong>nunc</strong></span> <span class='ocrx_word' id='word_1_561' title='bbox 1201 4160 1258 4212; x_wconf 86' lang='lat' dir='ltr'><strong>et</strong></span> <span class='ocrx_word' id='word_1_562' title='bbox 1286 4156 1345 4212; x_wconf 91' lang='lat' dir='ltr'><strong>in</strong></span> <span class='ocrx_word' id='word_1_563' title='bbox 1377 4155 1609 4212; x_wconf 83' lang='lat' dir='ltr'><strong>inﬁnita</strong></span> <span class='ocrx_word' id='word_1_564' title='bbox 1658 4155 1877 4213; x_wconf 78' lang='lat' dir='ltr'><strong>saecula</strong></span> <span class='ocrx_word' id='word_1_565' title='bbox 1934 4175 2040 4214; x_wconf 70' lang='lat' dir='ltr'><strong>saa-</strong></span> 
     </span>
    </p>
   </div>
   <div class='ocr_carea' id='block_1_79' title="bbox 380 4246 914 4304">
    <p class='ocr_par' dir='ltr' id='par_1_79' title="bbox 380 4246 914 4304">
     <span class='ocr_line' id='line_1_79' title="bbox 380 4246 914 4304; baseline -0.007 0"><span class='ocrx_word' id='word_1_566' title='bbox 380 4246 674 4304; x_wconf 88' lang='lat' dir='ltr'><strong>culorum.</strong></span> <span class='ocrx_word' id='word_1_567' title='bbox 709 4248 914 4303; x_wconf 86' lang='lat' dir='ltr'><strong>Amen.</strong></span> 
     </span>
    </p>
   </div>
   <div class='ocr_carea' id='block_1_80' title="bbox 456 4373 1028 4439">
    <p class='ocr_par' dir='ltr' id='par_1_80' title="bbox 456 4373 1028 4439">
     <span class='ocr_line' id='line_1_80' title="bbox 456 4373 1028 4439; baseline -0.002 -11"><span class='ocrx_word' id='word_1_568' title='bbox 456 4373 498 4409; x_wconf 82' lang='grc'>¹⁶</span> <span class='ocrx_word' id='word_1_569' title='bbox 526 4377 745 4430; x_wconf 88' lang='lat' dir='ltr'><strong>Jerem.</strong></span> <span class='ocrx_word' id='word_1_570' title='bbox 780 4389 905 4439; x_wconf 86' lang='lat' dir='ltr'><strong>xm,</strong></span> <span class='ocrx_word' id='word_1_571' title='bbox 937 4373 1028 4438; x_wconf 86' lang='lat'><strong>23,</strong></span> 
     </span>
    </p>
   </div>
   <div class='ocr_carea' id='block_1_81' title="bbox 451 4496 2038 4570">
    <p class='ocr_par' dir='ltr' id='par_1_81' title="bbox 451 4496 2038 4570">
     <span class='ocr_line' id='line_1_81' title="bbox 451 4496 2038 4570; baseline 0.002 -17"><span class='ocrx_word' id='word_1_572' title='bbox 451 4496 570 4570; x_wconf 89' lang='grc'>(51)</span> <span class='ocrx_word' id='word_1_573' title='bbox 601 4497 698 4553; x_wconf 92' lang='lat' dir='ltr'><strong>Sic</strong></span> <span class='ocrx_word' id='word_1_574' title='bbox 729 4498 868 4570; x_wconf 83' lang='lat' dir='ltr'><strong>Reg.</strong></span> <span class='ocrx_word' id='word_1_575' title='bbox 904 4502 963 4554; x_wconf 92' lang='lat' dir='ltr'><strong>et</strong></span> <span class='ocrx_word' id='word_1_576' title='bbox 994 4497 1173 4554; x_wconf 90' lang='lat' dir='ltr'><strong>Basil.</strong></span> <span class='ocrx_word' id='word_1_577' title='bbox 1208 4500 1278 4553; x_wconf 90' lang='lat' dir='ltr'><strong>At</strong></span> <span class='ocrx_word' id='word_1_578' title='bbox 1306 4497 1407 4554; x_wconf 92' lang='lat' dir='ltr'><strong>alii</strong></span> <span class='ocrx_word' id='word_1_579' title='bbox 1437 4506 1493 4555; x_wconf 93' lang='lat' dir='ltr'><strong>et</strong></span> <span class='ocrx_word' id='word_1_580' title='bbox 1522 4499 1660 4555; x_wconf 90' lang='lat' dir='ltr'><strong>editi</strong></span> <span class='ocrx_word' id='word_1_581' title='bbox 1713 4496 1806 4553; x_wconf 83' lang='grc' dir='ltr'><strong>καί</strong></span> <span class='ocrx_word' id='word_1_582' title='bbox 1863 4500 2038 4556; x_wconf 89' lang='lat' dir='ltr'><strong>omit-</strong></span> 
     </span>
    </p>
   </div>
   <div class='ocr_carea' id='block_1_82' title="bbox 378 4573 2035 4735">
    <p class='ocr_par' dir='ltr' id='par_1_82' title="bbox 378 4573 2035 4735">
     <span class='ocr_line' id='line_1_82' title="bbox 378 4573 2035 4735; baseline -0.01 -20"><span class='ocrx_word' id='word_1_583' title='bbox 378 4573 568 4713; x_wconf 58' lang='grc' dir='ltr'><strong>ιῃίὲέ)</strong></span> <span class='ocrx_word' id='word_1_584' title='bbox 599 4639 694 4697; x_wconf 75' lang='lat' dir='ltr'><strong>Sic</strong></span> <span class='ocrx_word' id='word_1_585' title='bbox 727 4641 868 4735; x_wconf 56' lang='lat' dir='ltr'><strong>Reg:</strong></span> <span class='ocrx_word' id='word_1_586' title='bbox 894 4643 952 4696; x_wconf 86' lang='lat' dir='ltr'><strong>et</strong></span> <span class='ocrx_word' id='word_1_587' title='bbox 972 4640 1175 4711; x_wconf 90' lang='lat' dir='ltr'><strong>Basil.,</strong></span> <span class='ocrx_word' id='word_1_588' title='bbox 1201 4656 1331 4713; x_wconf 65' lang='lat' dir='ltr'><strong>quas</strong></span> <span class='ocrx_word' id='word_1_589' title='bbox 1352 4646 1411 4698; x_wconf 90' lang='lat' dir='ltr'><strong>et</strong></span> <span class='ocrx_word' id='word_1_590' title='bbox 1436 4640 1581 4715; x_wconf 89' lang='lat' dir='ltr'><strong>legit</strong></span> <span class='ocrx_word' id='word_1_591' title='bbox 1623 4642 1893 4699; x_wconf 85' lang='lat' dir='ltr'><strong>Ambros.</strong></span> <span class='ocrx_word' id='word_1_592' title='bbox 1926 4645 2035 4699; x_wconf 89' lang='lat' dir='ltr'><strong>Ca-</strong></span> 
     </span>
    </p>
   </div>
   <div class='ocr_carea' id='block_1_83' title="bbox 2144 3354 3801 3431">
    <p class='ocr_par' dir='ltr' id='par_1_83' title="bbox 2144 3354 3801 3431">
     <span class='ocr_line' id='line_1_83' title="bbox 2144 3354 3801 3431; baseline 0.002 -19"><span class='ocrx_word' id='word_1_593' title='bbox 2144 3362 2314 3412; x_wconf 77' lang='grc' dir='ltr'>ταῦτα</span> <span class='ocrx_word' id='word_1_594' title='bbox 2374 3358 2652 3431; x_wconf 85' lang='grc' dir='ltr'>μαθόντες,</span> <span class='ocrx_word' id='word_1_595' title='bbox 2712 3354 3075 3429; x_wconf 83' lang='grc' dir='ltr'>ἀποδέξωνται</span> <span class='ocrx_word' id='word_1_596' title='bbox 3134 3358 3228 3426; x_wconf 75' lang='grc' dir='ltr'>μὲν</span> <span class='ocrx_word' id='word_1_597' title='bbox 3286 3366 3386 3429; x_wconf 87' lang='grc' dir='ltr'><strong>τῆς</strong></span> <span class='ocrx_word' id='word_1_598' title='bbox 3442 3357 3665 3415; x_wconf 87' lang='grc' dir='ltr'>συνόδου</span> <span class='ocrx_word' id='word_1_599' title='bbox 3706 3361 3801 3415; x_wconf 90' lang='grc' dir='ltr'><strong>τὸν</strong></span> 
     </span>
    </p>
   </div>
   <div class='ocr_carea' id='block_1_84' title="bbox 2149 3443 3799 3524">
    <p class='ocr_par' dir='ltr' id='par_1_84' title="bbox 2149 3443 3799 3524">
     <span class='ocr_line' id='line_1_84' title="bbox 2149 3443 3799 3524; baseline 0.002 -24"><span class='ocrx_word' id='word_1_600' title='bbox 2149 3446 2315 3515; x_wconf 81' lang='grc' dir='ltr'>ζῆλον</span> <span class='ocrx_word' id='word_1_601' title='bbox 2346 3453 2449 3515; x_wconf 87' lang='grc' dir='ltr'><strong>τῆς</strong></span> <span class='ocrx_word' id='word_1_602' title='bbox 2483 3444 2762 3521; x_wconf 76' lang='grc' dir='ltr'>ἀληθείας,</span> <span class='ocrx_word' id='word_1_603' title='bbox 2803 3447 2893 3502; x_wconf 83' lang='grc' dir='ltr'><strong>καὶ</strong></span> <span class='ocrx_word' id='word_1_604' title='bbox 2940 3449 3041 3517; x_wconf 78' lang='grc' dir='ltr'><strong>τήν</strong></span> <span class='ocrx_word' id='word_1_605' title='bbox 3071 3454 3173 3517; x_wconf 84' lang='grc' dir='ltr'><strong>τῆς</strong></span> <span class='ocrx_word' id='word_1_606' title='bbox 3218 3445 3460 3511; x_wconf 89' lang='grc' dir='ltr'>διανοίας</span> <span class='ocrx_word' id='word_1_607' title='bbox 3499 3443 3799 3524; x_wconf 59' lang='grc' dir='ltr'>ἀκρίϐειαν</span> 
     </span>
    </p>
   </div>
   <div class='ocr_carea' id='block_1_85' title="bbox 2143 3532 3803 3613">
    <p class='ocr_par' dir='ltr' id='par_1_85' title="bbox 2143 3532 3803 3613">
     <span class='ocr_line' id='line_1_85' title="bbox 2143 3532 3803 3613; baseline 0.002 -24"><span class='ocrx_word' id='word_1_608' title='bbox 2143 3540 2449 3611; x_wconf 85' lang='grc' dir='ltr'>καταγνῶσι</span> <span class='ocrx_word' id='word_1_609' title='bbox 2486 3532 2544 3591; x_wconf 74' lang='grc' dir='ltr'>δὲ</span> <span class='ocrx_word' id='word_1_610' title='bbox 2588 3542 2690 3605; x_wconf 85' lang='grc' dir='ltr'><strong>τῆς</strong></span> <span class='ocrx_word' id='word_1_611' title='bbox 2737 3540 2845 3591; x_wconf 90' lang='grc' dir='ltr'><strong>τῶν</strong></span> <span class='ocrx_word' id='word_1_612' title='bbox 2896 3537 3295 3613; x_wconf 83' lang='grc' dir='ltr'>Χριστομάχων</span> <span class='ocrx_word' id='word_1_613' title='bbox 3349 3539 3659 3610; x_wconf 83' lang='grc' dir='ltr'><strong>Ἀρειανῶν⁷</strong></span> <span class='ocrx_word' id='word_1_614' title='bbox 3709 3538 3803 3593; x_wconf 81' lang='grc' dir='ltr'><strong>καὶ</strong></span> 
     </span>
    </p>
   </div>
   <div class='ocr_carea' id='block_1_86' title="bbox 2144 3623 3807 3702">
    <p class='ocr_par' dir='ltr' id='par_1_86' title="bbox 2144 3623 3807 3702">
     <span class='ocr_line' id='line_1_86' title="bbox 2144 3623 3807 3702; baseline 0.002 -24"><span class='ocrx_word' id='word_1_615' title='bbox 2144 3628 2251 3678; x_wconf 87' lang='grc' dir='ltr'><strong>τῶν</strong></span> <span class='ocrx_word' id='word_1_616' title='bbox 2310 3623 2551 3696; x_wconf 86' lang='grc' dir='ltr'>ματαίων</span> <span class='ocrx_word' id='word_1_617' title='bbox 2609 3627 2932 3702; x_wconf 85' lang='grc' dir='ltr'>προφάσεων</span> <span class='ocrx_word' id='word_1_618' title='bbox 2991 3625 3188 3694; x_wconf 89' lang='grc' dir='ltr'>αὐτῶν,</span> <span class='ocrx_word' id='word_1_619' title='bbox 3248 3626 3311 3688; x_wconf 81' lang='grc' dir='ltr'><strong>ἃς</strong></span> <span class='ocrx_word' id='word_1_620' title='bbox 3370 3628 3482 3700; x_wconf 84' lang='grc'><strong>(52)</strong></span> <span class='ocrx_word' id='word_1_621' title='bbox 3524 3633 3628 3696; x_wconf 83' lang='grc' dir='ltr'><strong>τῆς</strong></span> <span class='ocrx_word' id='word_1_622' title='bbox 3681 3625 3807 3682; x_wconf 84' lang='grc' dir='ltr'>ἀσε-</span> 
     </span>
    </p>
   </div>
   <div class='ocr_carea' id='block_1_87' title="bbox 2146 3708 3811 3791">
    <p class='ocr_par' dir='ltr' id='par_1_87' title="bbox 2146 3708 3811 3791">
     <span class='ocr_line' id='line_1_87' title="bbox 2146 3708 3811 3791; baseline 0.001 -24"><span class='ocrx_word' id='word_1_623' title='bbox 2146 3708 2277 3775; x_wconf 72' lang='grc' dir='ltr'>ϐοῦς</span> <span class='ocrx_word' id='word_1_624' title='bbox 2330 3714 2533 3768; x_wconf 75' lang='grc' dir='ltr'>ἑαυτῶν</span> <span class='ocrx_word' id='word_1_625' title='bbox 2583 3714 2745 3789; x_wconf 85' lang='grc' dir='ltr'>χάριν</span> <span class='ocrx_word' id='word_1_626' title='bbox 2796 3714 3053 3791; x_wconf 73' lang='grc' dir='ltr'>αἱρέσεως</span> <span class='ocrx_word' id='word_1_627' title='bbox 3107 3713 3460 3771; x_wconf 87' lang='grc' dir='ltr'>ἀναπλάττειν</span> <span class='ocrx_word' id='word_1_628' title='bbox 3516 3714 3567 3771; x_wconf 82' lang='grc' dir='ltr'>ἐν</span> <span class='ocrx_word' id='word_1_629' title='bbox 3618 3715 3811 3778; x_wconf 89' lang='grc' dir='ltr'>αὐτοῖς</span> 
     </span>
    </p>
   </div>
   <div class='ocr_carea' id='block_1_88' title="bbox 2153 3801 3807 3881">
    <p class='ocr_par' dir='ltr' id='par_1_88' title="bbox 2153 3801 3807 3881">
     <span class='ocr_line' id='line_1_88' title="bbox 2153 3801 3807 3881; baseline 0.002 -25"><span class='ocrx_word' id='word_1_630' title='bbox 2153 3801 2605 3876; x_wconf 66' lang='grc' dir='ltr'>αεμελετήκασινο</span> <span class='ocrx_word' id='word_1_631' title='bbox 2653 3802 2736 3859; x_wconf 76' lang='grc' dir='ltr'>ὅτι</span> <span class='ocrx_word' id='word_1_632' title='bbox 2781 3808 2860 3875; x_wconf 79' lang='grc' dir='ltr'>τῷ</span> <span class='ocrx_word' id='word_1_633' title='bbox 2889 3808 3005 3875; x_wconf 84' lang='grc' dir='ltr'><strong>Θεῷ</strong></span> <span class='ocrx_word' id='word_1_634' title='bbox 3045 3804 3136 3859; x_wconf 85' lang='grc' dir='ltr'><strong>καὶ</strong></span> <span class='ocrx_word' id='word_1_635' title='bbox 3187 3804 3356 3879; x_wconf 82' lang='grc' dir='ltr'>Πατρὶ</span> <span class='ocrx_word' id='word_1_636' title='bbox 3409 3806 3604 3881; x_wconf 87' lang='grc' dir='ltr'>πρέπει</span> <span class='ocrx_word' id='word_1_637' title='bbox 3655 3802 3807 3875; x_wconf 82' lang='grc' dir='ltr'>δόξα,</span> 
     </span>
    </p>
   </div>
   <div class='ocr_carea' id='block_1_89' title="bbox 2144 3890 3801 3970">
    <p class='ocr_par' dir='ltr' id='par_1_89' title="bbox 2144 3890 3801 3970">
     <span class='ocr_line' id='line_1_89' title="bbox 2144 3890 3801 3970; baseline 0.001 -24"><span class='ocrx_word' id='word_1_638' title='bbox 2144 3892 2282 3963; x_wconf 86' lang='grc' dir='ltr'><strong>τιμή</strong></span> <span class='ocrx_word' id='word_1_639' title='bbox 2333 3890 2423 3946; x_wconf 80' lang='grc' dir='ltr'><strong>καί</strong></span> <span class='ocrx_word' id='word_1_640' title='bbox 2481 3891 2850 3967; x_wconf 77' lang='grc' dir='ltr'>προσκ·3νησις</span> <span class='ocrx_word' id='word_1_641' title='bbox 2886 3937 2900 3961; x_wconf 90' lang='grc'><strong>,</strong></span> <span class='ocrx_word' id='word_1_642' title='bbox 2960 3892 3053 3947; x_wconf 70' lang='grc' dir='ltr'><strong>σὺν</strong></span> <span class='ocrx_word' id='word_1_643' title='bbox 3111 3897 3191 3966; x_wconf 74' lang='grc' dir='ltr'><strong>τῷ</strong></span> <span class='ocrx_word' id='word_1_644' title='bbox 3253 3894 3575 3970; x_wconf 80' lang='grc' dir='ltr'>συνανάρχῳ</span> <span class='ocrx_word' id='word_1_645' title='bbox 3632 3892 3801 3949; x_wconf 76' lang='grc' dir='ltr'>αὐτοῦ</span> 
     </span>
    </p>
   </div>
   <div class='ocr_carea' id='block_1_90' title="bbox 2149 3980 3813 4058">
    <p class='ocr_par' dir='ltr' id='par_1_90' title="bbox 2149 3980 3813 4058">
     <span class='ocr_line' id='line_1_90' title="bbox 2149 3980 3813 4058; baseline 0.002 -25"><span class='ocrx_word' id='word_1_646' title='bbox 2149 3980 2260 4050; x_wconf 80' lang='grc' dir='ltr'><strong>Υἰῷ</strong></span> <span class='ocrx_word' id='word_1_647' title='bbox 2308 3980 2398 4034; x_wconf 87' lang='grc' dir='ltr'><strong>καὶ</strong></span> <span class='ocrx_word' id='word_1_648' title='bbox 2464 3980 2629 4055; x_wconf 85' lang='grc' dir='ltr'>Λόγῳ</span> <span class='ocrx_word' id='word_1_649' title='bbox 2662 4024 2676 4048; x_wconf 94' lang='grc'><strong>,</strong></span> <span class='ocrx_word' id='word_1_650' title='bbox 2738 3981 2851 4054; x_wconf 78' lang='grc' dir='ltr'><strong>ἅμα</strong></span> <span class='ocrx_word' id='word_1_651' title='bbox 2905 3986 2985 4054; x_wconf 81' lang='grc' dir='ltr'>τῷ</span> <span class='ocrx_word' id='word_1_652' title='bbox 3052 3983 3301 4058; x_wconf 85' lang='grc' dir='ltr'>παναγίῳ</span> <span class='ocrx_word' id='word_1_653' title='bbox 3377 3983 3468 4037; x_wconf 83' lang='grc' dir='ltr'><strong>καὶ</strong></span> <span class='ocrx_word' id='word_1_654' title='bbox 3549 3987 3813 4055; x_wconf 86' lang='grc' dir='ltr'>ζωοποιῷ</span> 
     </span>
    </p>
   </div>
   <div class='ocr_carea' id='block_1_91' title="bbox 2154 4065 3812 4143">
    <p class='ocr_par' dir='ltr' id='par_1_91' title="bbox 2154 4065 3812 4143">
     <span class='ocr_line' id='line_1_91' title="bbox 2154 4065 3812 4143; baseline 0.002 -21"><span class='ocrx_word' id='word_1_655' title='bbox 2154 4065 2449 4140; x_wconf 82' lang='grc' dir='ltr'>Πνεύματι,</span> <span class='ocrx_word' id='word_1_656' title='bbox 2479 4071 2571 4122; x_wconf 80' lang='grc' dir='ltr'><strong>νῦν</strong></span> <span class='ocrx_word' id='word_1_657' title='bbox 2600 4068 2692 4122; x_wconf 81' lang='grc' dir='ltr'><strong>καὶ</strong></span> <span class='ocrx_word' id='word_1_658' title='bbox 2741 4068 2816 4132; x_wconf 90' lang='grc' dir='ltr'><strong>εἰς</strong></span> <span class='ocrx_word' id='word_1_659' title='bbox 2868 4068 2995 4133; x_wconf 77' lang='grc' dir='ltr'>τοὺς</span> <span class='ocrx_word' id='word_1_660' title='bbox 3044 4068 3437 4143; x_wconf 86' lang='grc' dir='ltr'>ἀτελευτήτους</span> <span class='ocrx_word' id='word_1_661' title='bbox 3470 4070 3670 4134; x_wconf 82' lang='grc' dir='ltr'>αἰῶνας</span> <span class='ocrx_word' id='word_1_662' title='bbox 3698 4075 3812 4128; x_wconf 85' lang='grc' dir='ltr'><strong>τῶν</strong></span> 
     </span>
    </p>
   </div>
   <div class='ocr_carea' id='block_1_92' title="bbox 2151 4156 2613 4231">
    <p class='ocr_par' dir='ltr' id='par_1_92' title="bbox 2151 4156 2613 4231">
     <span class='ocr_line' id='line_1_92' title="bbox 2151 4156 2613 4231; baseline 0.004 -20"><span class='ocrx_word' id='word_1_663' title='bbox 2151 4156 2384 4212; x_wconf 83' lang='grc' dir='ltr'>αἰώνων.</span> <span class='ocrx_word' id='word_1_664' title='bbox 2418 4157 2479 4212; x_wconf 83' lang='grc' dir='ltr'><strong>’Δ</strong></span> <span class='ocrx_word' id='word_1_665' title='bbox 2488 4158 2613 4231; x_wconf 91' lang='grc' dir='ltr'>μήν.</span> 
     </span>
    </p>
   </div>
   <div class='ocr_carea' id='block_1_93' title="bbox 2146 4498 3805 4629">
    <p class='ocr_par' dir='ltr' id='par_1_93' title="bbox 2146 4498 3805 4629">
     <span class='ocr_line' id='line_1_93' title="bbox 2146 4498 3805 4629; baseline 0.003 -73"><span class='ocrx_word' id='word_1_666' title='bbox 2146 4499 2495 4629; x_wconf 44' lang='grc' dir='ltr'>ἃᾎάὡὲῗωο</span> <span class='ocrx_word' id='word_1_667' title='bbox 2524 4517 2658 4558; x_wconf 90' lang='lat' dir='ltr'><strong>vero</strong></span> <span class='ocrx_word' id='word_1_668' title='bbox 2690 4517 2876 4575; x_wconf 90' lang='lat' dir='ltr'><strong>usque</strong></span> <span class='ocrx_word' id='word_1_669' title='bbox 2906 4504 2979 4559; x_wconf 93' lang='lat' dir='ltr'><strong>ad</strong></span> <span class='ocrx_word' id='word_1_670' title='bbox 3003 4498 3087 4558; x_wconf 80' lang='grc' dir='ltr'><strong>δτι</strong></span> <span class='ocrx_word' id='word_1_671' title='bbox 3109 4502 3324 4561; x_wconf 89' lang='lat' dir='ltr'><strong>desunt</strong></span> <span class='ocrx_word' id='word_1_672' title='bbox 3336 4501 3394 4560; x_wconf 89' lang='lat' dir='ltr'><strong>in</strong></span> <span class='ocrx_word' id='word_1_673' title='bbox 3417 4500 3552 4562; x_wconf 91' lang='lat' dir='ltr'><strong>aliis</strong></span> <span class='ocrx_word' id='word_1_674' title='bbox 3581 4507 3640 4561; x_wconf 90' lang='lat' dir='ltr'><strong>et</strong></span> <span class='ocrx_word' id='word_1_675' title='bbox 3659 4500 3805 4561; x_wconf 87' lang='lat' dir='ltr'><strong>edit.</strong></span> 
     </span>
    </p>
   </div>
   <div class='ocr_carea' id='block_1_94' title="bbox 1130 4919 3050 5047">
    <p class='ocr_par' dir='ltr' id='par_1_94' title="bbox 1130 4919 3050 5047">
     <span class='ocr_line' id='line_1_94' title="bbox 1130 4919 3050 5047; baseline 0.003 -5"><span class='ocrx_word' id='word_1_676' title='bbox 1130 4919 1803 5044; x_wconf 87' lang='lat' dir='ltr'><strong>EUSEBII</strong></span> <span class='ocrx_word' id='word_1_677' title='bbox 1894 4921 3050 5047; x_wconf 63' lang='lat' dir='ltr'><strong>CAESARIENSIS</strong></span> 
     </span>
    </p>
   </div>
   <div class='ocr_carea' id='block_1_95' title="bbox 1807 5151 2364 5244">
    <p class='ocr_par' dir='ltr' id='par_1_95' title="bbox 1807 5151 2364 5244">
     <span class='ocr_line' id='line_1_95' title="bbox 1807 5151 2364 5244; baseline 0 -3"><span class='ocrx_word' id='word_1_678' title='bbox 1807 5151 2364 5244; x_wconf 89' lang='lat' dir='ltr'><strong>EPISTOLA</strong></span> 
     </span>
    </p>
   </div>
   <div class='ocr_carea' id='block_1_96' title="bbox 1498 5332 2690 5397">
    <p class='ocr_par' dir='ltr' id='par_1_96' title="bbox 1498 5332 2690 5397">
     <span class='ocr_line' id='line_1_96' title="bbox 1498 5332 2690 5397; baseline 0.002 -4"><span class='ocrx_word' id='word_1_679' title='bbox 1498 5333 1605 5393; x_wconf 81' lang='lat' dir='ltr'><strong>AD</strong></span> <span class='ocrx_word' id='word_1_680' title='bbox 1650 5332 1830 5396; x_wconf 70' lang='lat' dir='ltr'><strong>SUAE</strong></span> <span class='ocrx_word' id='word_1_681' title='bbox 1876 5332 2296 5397; x_wconf 72' lang='lat' dir='ltr'><strong>PAROECLE</strong></span> <span class='ocrx_word' id='word_1_682' title='bbox 2337 5332 2690 5397; x_wconf 84' lang='lat' dir='ltr'><strong>HOMINES</strong></span> 
     </span>
    </p>
   </div>
   <div class='ocr_carea' id='block_1_97' title="bbox 979 5490 3196 5568">
    <p class='ocr_par' dir='ltr' id='par_1_97' title="bbox 979 5490 3196 5568">
     <span class='ocr_line' id='line_1_97' title="bbox 979 5490 3196 5568; baseline 0.002 -19"><span class='ocrx_word' id='word_1_683' title='bbox 979 5490 1105 5550; x_wconf 77' lang='lat' dir='ltr'><strong>Vide</strong></span> <span class='ocrx_word' id='word_1_684' title='bbox 1132 5493 1193 5549; x_wconf 86' lang='lat' dir='ltr'><strong>in</strong></span> <span class='ocrx_word' id='word_1_685' title='bbox 1221 5491 1451 5551; x_wconf 83' lang='lat' dir='ltr'><strong>Eusebio</strong></span> <span class='ocrx_word' id='word_1_686' title='bbox 1482 5490 1829 5568; x_wconf 65' lang='lat' dir='ltr'><strong>Caesariani,</strong></span> <span class='ocrx_word' id='word_1_687' title='bbox 1861 5494 1991 5551; x_wconf 73' lang='lat' dir='ltr'><strong>tam.</strong></span> <span class='ocrx_word' id='word_1_688' title='bbox 2021 5493 2107 5549; x_wconf 84' lang='lat' dir='ltr'><strong>XX</strong></span> <span class='ocrx_word' id='word_1_689' title='bbox 2131 5493 2296 5567; x_wconf 82' lang='lat' dir='ltr'><strong>hujus</strong></span> <span class='ocrx_word' id='word_1_690' title='bbox 2322 5490 2577 5552; x_wconf 75' lang='lat' dir='ltr'><strong>editionis</strong></span> <span class='ocrx_word' id='word_1_691' title='bbox 2603 5493 2838 5552; x_wconf 82' lang='lat' dir='ltr'><strong>Patrum</strong></span> <span class='ocrx_word' id='word_1_692' title='bbox 2867 5494 3196 5554; x_wconf 67' lang='lat' dir='ltr'><strong>amcorum.</strong></span> 
     </span>
    </p>
   </div>
  </div>
