4148 6392
388 351 509 412 483

926 352 991 411 S.
1038 342 1469 429 ATHANASll
1515 349 1688 409 OPP.
1740 346 1937 408 PARS
1982 347 2030 405 Ι.
2071 375 2140 387 -
2178 343 2598 406 HISTORICA
2642 344 2745 404 ET
2788 341 3279 404 DOGMATICA.

3695 344 3813 404 484

389 485 549 549 sunt,
583 481 844 555 aquibus
865 482 1040 539 etiam
1056 481 1353 537 Christum
1377 481 1667 553 abnegare
1685 480 2033 536 didicerunt.

2160 496 2263 552 γιρ
2322 473 2410 529 καί
2468 479 2630 529 τοῦτο
2686 477 2793 529 τῶν
2846 474 2970 548 περὶ
3018 472 3258 550 Καϊάφαν
3293 468 3596 542 ἐζήλωσαν,
3631 469 3811 547 ὥσπερ

390 568 477 626 Illi
511 571 805 643 siquidem
834 575 1148 644 postquam
1178 574 1299 626 tam
1335 569 1518 625 multa
1545 574 1825 641 tantaque
1854 565 2046 624 Domi-

389 675 503 717 nus
533 660 795 716 ediderat
822 677 1018 732 opera,
1052 659 1267 732 quibus
1313 658 1503 731 palam
1543 659 1758 714 faceret
1785 675 1846 713 se
1876 656 2044 712 Chri-

391 753 552 805 stum
582 765 711 806 esse
741 749 953 805 Filium
985 748 1081 805 Dei
1121 748 1391 816 viventis,
1426 765 1560 803 cum
1594 749 1665 803 ab
1698 764 1764 803 eo
1797 745 2044 802 conv1cti

392 837 593 894 omnia
607 838 881 911 deinceps
898 838 1210 894 adversum
1228 839 1562 911 Scripturas
1581 836 1868 893 sentirent
1889 835 2043 890 dice-

393 931 663 999 rentque,
694 943 799 982 nec
854 926 1115 983 valerent
1144 931 1493 999 argumenta
1524 926 1740 999 quibus
1780 924 2043 980 confuta-

392 1016 611 1071 bantur
638 1016 729 1072 vel
760 1015 1061 1089 paulisper
1090 1016 1342 1082 obtueri,
1376 1017 1449 1071 ad
1481 1014 1873 1088 patriarcham
1907 1031 2045 1068 con-

389 1105 671 1171 fugerunt
695 1103 1104 1161 dicenteszNos
1122 1109 1346 1177 patrem
1360 1104 1629 1160 habemus
1654 1104 1937 1159 Abraham
1963 1104 2041 1159 2"z

391 1192 503 1248 rati
534 1210 596 1249 se
627 1192 710 1249 ita
739 1210 911 1266 posse
940 1192 1255 1250 stultitiam
1286 1192 1579 1250 occultare
1600 1193 1915 1249 suam.Sed
1940 1208 2045 1247 nec

394 1280 515 1336 illis
534 1281 873 1355 quidquam
904 1282 1196 1353 ejusmodi
1226 1283 1405 1338 verba
1436 1282 1727 1353 profuere,
1762 1296 1950 1352 neque
1984 1280 2044 1335 hi

390 1370 733 1443 Dionysium
767 1371 1128 1427 nominando
1161 1372 1423 1443 ejusdem
1447 1370 1712 1426 criminis
1745 1375 1943 1426 notam
1972 1370 2049 1425 ef-

388 1458 592 1533 fugere
619 1459 916 1517 valebunt.
941 1460 1088 1516 Nam
1110 1461 1264 1517 193
1287 1464 1347 1517 et
1368 1459 1498 1516 illos
1522 1477 1590 1515 ex
1610 1460 1756 1532 ipsis
1776 1459 1901 1515 suis
1924 1475 2046 1515 sce-

390 1547 616 1605 leribus
646 1548 911 1622 coarguit
964 1549 1274 1618 Dominus,
1335 1550 1429 1606 bis
1469 1550 1698 1605 verbis:
1732 1551 1839 1605 Hoc
1868 1548 2047 1605 Abra-

392 1637 521 1694 ham
550 1655 663 1696 non
691 1641 823 1711 fecit
852 1638 899 1673 ³⁸
925 1655 938 1694 ;
972 1642 1029 1695 et
1057 1638 1166 1696 hos
1196 1656 1434 1695 rursum
1455 1638 1778 1711 impietatis
1812 1639 2047 1693 menda-

392 1726 952 1801 ciiqueipsaveritas
975 1727 1688 1800 convincet,ostendetque
1706 1727 2045 1799 Dionysium

389 1815 733 1889 episcopum
766 1833 874 1875 nec
903 1817 1103 1872 eadem
1130 1817 1434 1889 quisArius
1465 1817 1855 1884 sensisse,nec
1878 1816 2042 1888 igno-
2073 1843 2121 1908 B

389 1920 553 1960 rasse
581 1904 905 1961 veritatem.
940 1906 1049 1961 Sed
1081 1922 1215 1961 cum
1238 1907 1466 1978 antiqui
1487 1905 1595 1972 illi,
1620 1910 1748 1962 tum
1783 1906 1911 1961 novi
1943 1904 2040 1960 isti

386 1991 596 2063 Judaei,
628 2011 663 2050 a
690 1999 854 2066 patre
883 2010 989 2050 suo
1022 1993 1253 2050 diabolo
1286 1995 1625 2065 hujusmodi
1657 1994 1715 2049 in
1742 1995 2039 2049 Christum

361 2142 369 2150 _
390 2082 647 2138 furorem
666 2082 1004 2139 hereditate
1022 2085 1515 2158 accepere.Magni
1544 2090 1697 2140 certe
1714 2101 1849 2156 argu
1862 2084 2041 2140 menti

391 2175 480 2228 est
511 2170 571 2225 in
602 2171 711 2227 hoc
740 2170 874 2228 illos
905 2188 1036 2229 vere
1067 2190 1182 2229 non
1215 2174 1427 2243 dicere,
1463 2175 1562 2231 sed
1595 2174 1782 2230 virum
1817 2174 2039 2229 calum-

386 2259 558 2328 niari,
593 2261 749 2333 quod
775 2278 881 2318 nec
911 2261 1007 2319 ille
1037 2280 1299 2335 unquam
1327 2264 1398 2319 ab
1422 2263 1555 2320 aliis
1584 2264 1900 2336 episcopiis
1934 2265 2038 2318 de-

386 2349 686 2422 prehensae
715 2349 1033 2424 impietatis
1089 2352 1428 2419 damnatus,
1459 2352 1801 2425 episcopatu
1830 2351 2041 2424 pulsus

310 2494 317 2519 ,
387 2438 467 2494 sit
496 2442 561 2495 ut
589 2438 674 2515 illi
705 2456 736 2496 e
765 2439 918 2497 clero
962 2441 1130 2512 ejecti
1189 2446 1351 2512 sunt,
1413 2459 1602 2514 neque
1631 2441 1870 2497 haeresis
1902 2459 2041 2513 pro-

387 2529 719 2601 pugnandae
751 2546 928 2585 causa
960 2529 1269 2586 secesserit
1298 2531 1370 2586 ab
1403 2529 1679 2600 Ecclesia,
1714 2531 1815 2586 sed
1850 2531 1907 2585 in
1944 2529 2043 2586 illa

389 2616 483 2689 pie
512 2617 913 2687 obdormierit,
963 2619 1212 2690 ejusque
1256 2618 1540 2675 memoria
1591 2618 1875 2675 hactenus
1905 2634 2040 2674 cum

388 2705 663 2762 Patribus
694 2705 985 2762 celebrata
1014 2711 1072 2762 et
1116 2724 1236 2762 una
1290 2707 1350 2762 in
1383 2707 1604 2763 albium
1637 2707 1819 2764 relata
1850 2707 1945 2764 sit.
1979 2706 2039 2763 Si

389 2793 548 2850 enim
578 2795 804 2864 eadem,
836 2811 965 2867 quae
996 2794 1102 2868 illi,
1136 2796 1441 2863 sensisset,
1473 2801 1576 2852 aut
1605 2798 1654 2852 si
1685 2796 2039 2869 scriptorum

388 2898 633 2939 suorum
664 2883 951 2940 rationem
981 2901 1096 2941 non
1128 2885 1503 2957 reddidisset,
1528 2886 1771 2942 minime
1793 2885 2039 2942 dubium

390 2972 535 3045 quin
568 2972 772 3033 eadem
804 2973 1011 3031 fuisset
1040 2990 1158 3047 qua
1183 2973 1270 3030 illi
1300 2992 1472 3048 poena
1496 2975 1857 3047 plectendus.

456 3240 510 3295 4.
542 3243 612 3296 Et
640 3239 763 3297 hac
792 3240 1032 3314 quidem
1090 3241 1236 3298 satis
1294 3245 1459 3298 erant
1491 3243 1563 3298 ad
1611 3242 1900 3315 integram
1933 3260 2039 3301 no-

384 3345 592 3386 vorum
647 3330 984 3386 Judaorum
1045 3331 1530 3398 confutarionem,
1590 3332 1691 3403 qui
1723 3333 2038 3390 Dominum

388 3418 912 3492 abnegant,Patres
941 3418 1726 3492 calumniantur,omnesque
1758 3421 2037 3479 Christia-

388 3524 496 3564 nos
527 3507 793 3581 decipere
822 3513 1128 3565 conantur.
1188 3509 1474 3566 Caeterum
1537 3510 1675 3582 quia
1703 3512 2038 3569 occasiones

390 3595 789 3655 calumniandi
819 3598 1077 3671 episcopi
1105 3615 1175 3655 ex
1231 3599 1590 3670 quibusdam
1621 3600 1749 3670 ejus
1779 3600 2037 3672 epistolae

389 3687 655 3759 partibus
684 3704 748 3743 se
777 3687 992 3744 habere
1042 3686 1426 3757 arbitrantur,
1467 3703 1572 3760 age
1603 3692 1659 3743 et
1689 3687 1818 3744 illas
1849 3689 2033 3762 inspi-

387 3777 635 3845 ciamus,
671 3780 737 3832 ut
766 3777 901 3832 inde
925 3793 1129 3832 eorum
1155 3776 1592 3848 vaniloquentia
1621 3784 2038 3853 commonstre-

382 3870 503 3936 tur,
534 3869 714 3939 utque
727 3865 815 3921 vel
839 3881 969 3922 sero
988 3865 1226 3920 tandem
1249 3864 1696 3937 blasphemandi
1717 3866 2032 3925 Dominum

385 3955 564 4012 ﬁnem
595 3954 831 4022 faciant,
863 3956 922 4009 et
950 3969 1085 4008 cum
1117 3953 1404 4010 militibus
1437 3954 1668 4025 saltem,
1701 3963 2034 4030 conspecto-

382 4047 784 4100 creaturarum
814 4041 1171 4111 testimonio,
1232 4042 1522 4099 fateantur
1552 4061 1682 4100 vere
1712 4045 1870 4101 hunc
1901 4062 2030 4104 esse

378 4131 594 4188 Filium
629 4130 745 4201 Dei,
777 4135 835 4188 et
863 4148 979 4187 non
1037 4137 1388 4189 creaturam.
1423 4133 1604 4190 Aiunt
1631 4134 1813 4207 igitur
1842 4136 2026 4194 beatae

448 4258 493 4294 ³⁷
522 4257 692 4315 Joan.
724 4273 845 4328 vm,
874 4257 964 4312 39.
1041 4258 1085 4293 ³⁸
1116 4257 1263 4314 ibid.
1298 4259 1387 4315 40.

372 4385 571 4457 totum
593 4381 752 4438 hunc
806 4381 1000 4439 locum
1060 4382 1145 4457 sic
1192 4382 1403 4457 habet:
1438 4381 1536 4437 Καὶ
1592 4384 1665 4457 γὰ

372 4402 562 4439 tonum
595 4402 752 4438 nunc
807 4402 1000 4439 locum
1062 4402 1145 4438 Slc
1193 4402 1403 4440 manet:
1440 4402 1536 4437 nat
1592 4405 1665 4457 γα
1750 4402 1801 4439 οι
1851 4402 2019 4441 παλαι

371 4449 646 4534 Ἰουδαῖοι,
701 4457 965 4534 “coactura-
988 4456 1091 4534 τοῖξ
1139 4455 1339 4534 Κυρίου
1408 4402 1777 4534 πεποιηκόοτος
1826 4455 2019 4534 ’ἔργῳν

372 4524 521 4598 (lege
586 4521 1008 4611 sipya),~8t'~tbv
1073 4521 1366 4653 ἐγνώριζον
1425 4521 1607 4580 αὐτὸν
1647 4521 1887 4602 Χριστὸν
1924 4521 2022 4583 ’τὸν

374 4595 497 4651 Υἱὸν
528 4615 625 4651 του
655 4601 789 4653 ﬁsco
816 4616 914 4650 του
946 4600 1164 4653 ζωντος.
1199 4595 1223 4652 έ
1266 4597 1566 4653 εγγόμενος
1596 4598 1743 4653 (lege
1791 4597 2021 4653 ἐλεννό-

374 4595 497 4651 Υἱδν
528 4595 625 4675 τοῦ
655 4595 789 4675 Θεοῦ
816 4595 1164 4675 τοῦ-ζῶντος,
1199 4595 1566 4675 ἐλεγχόμενος
1596 4595 1743 4674 (lege
1769 4597 2021 4675 ⁸ἐλεγχό-

375 4667 553 4791 ἓιενοι)
602 4667 729 4792 παρ’
782 4665 968 4750 αὐτοῦ,
1025 4666 1117 4721 καὶ
1152 4665 1255 4741 ’μὴ
1306 4665 1613 4740 ’δυνάμενοι
1675 4665 1821 4745 ἷτρὸς
1894 4665 2024 4734 τδὺς

441 4733 637 4813 ἐγχους
713 4758 794 4794 ντ.
850 4740 960 4804 Qui
1012 4741 1192 4796 codex
1252 4742 1348 4799 hic
1402 4740 1629 4813 incipit,
1689 4760 1825 4800 nam
1858 4743 2023 4800 initio

781 4780 794 4794 ο
854 4780 960 4804 και
1012 4780 1192 4796 ννιιυιι.
1252 4780 1348 4799 μιν
1403 4780 1629 4811 ιιιυιιιιυ,

371 4815 623 4867 mutilus
653 4815 761 4868 est.

443 4881 575 4957 Mox
603 4882 782 4957 idem,
812 4879 1160 4957 κατέφευγον.
1221 4882 1398 4957 Paulo
1429 4888 1560 4955 post
1606 4885 1666 4940 in
1698 4886 1937 4941 Taurin.
1966 4889 2023 4942 et

369 4950 624 5025 Eelckm.
655 4955 708 5010 3.
742 4950 914 5010 anon.
949 4950 1202 5010 ical'ante
1234 4950 1547 5025 νομίζοντες
1579 4958 1760 5012 deest.
1798 4957 2019 5013 Ibidem

368 5022 610 5102 :l‘aurin.
623 5026 801 5102 _Co_ll_i.
838 5025 958 5102 Jes.
986 5030 1044 5080 et
1074 5022 1327 5102 Felckm.
1351 5028 1385 5081 3
1415 5043 1625 5102 anon.,_
1644 5028 1764 5102 -τὴν
1784 5025 2020 5102 ,ἀλογίαν

367 5092 587 5171 ἑαυτῶν.
610 5096 769 5171 _E_diti
823 5101 880 5151 et
905 5096 1077 5171 Reg,
1127 5093 1355 5171 ἀλογίαν
1381 5097 1574 5153 αὐτῶν.
1598 5092 1736 5155 Mos
1768 5092 1927 5155 Colb'.
1963 5105 2020 5156 et

364 5163 456 5241 Er.
494 5169 544 5235 1,
578 5164 858 5241 -.λέγοντες
913 5163 1112 5241 ἤνιξσάν
1169 5163 1256 5224 τι.’
1278 5169 1499 5224 Ibidem
1557 5171 2013 5241 Ταυτηῦοιὺρῐιι.

360 5235 506 5303 Jes.,
542 5235 866 5294 οὕτεάὐτοί.
920 5235 1175 5295 Felckm.
1237 5256 1369 5296 vero
1401 5241 1434 5295 3
1464 5258 1659 5299 anon.,
1697 5236 1819 5295 οὔτε
1851 5241 1903 5294 οἱ
1928 5245 2017 5294 νῦν

360 5304 621 5387 Ἰουδαῖοι
649 5309 922 5387 ᾼιονύσιον
962 5309 1316 5387 ὀνομάζοντες
1348 5309 1558 5387 φεύγειν
1585 5315 1709 5382 τήν,
1741 5320 1849 5369 etc.

432 5378 547 5457 (67)
581 5377 1103 5457 Felckm.‘3_an_o_n.
1133 5377 1428 5457 διελέγχει,
1461 5377 1649 5457 solus.
1671 5377 1848 5452 Infra,
1883 5390 2016 5457 post

358 5448 648 5524 ἠγνόησεν.
684 5450 878 5524 Ἀλλά,
912 5452 1167 5508 Felckm.
1196 5454 1229 5507 3
1262 5448 1435 5524 anon.
1473 5456 1687 5524 deﬁcit.

432 5522 834 5612 (.‘ESUF‘F‘U;
864 5520 1039 5612 901?.-
1095 5520 1766 5612 J98-:.32<Me°vémzzv-
1822 5526 2010 5612 Ξειιιιο

328 5595 493 5665 post
522 5593 761 5665 Taurin.
794 5594 953 5652 Colb.
987 5595 1078 5650 Fr.
1124 5597 1175 5661 1,
1206 5592 1351 5651 ἀλλὰ
1379 5592 1469 5651 καὶ
1510 5592 1789 5665 τόν.ΜοΧ
1819 5598 2008 5665 Colb.,

393 5677 448 5717 τε
491 5662 647 5741 μήτε.
710 5666 845 5728 Post
894 5665 1305 5749 καταγνωσθείς,
1367 5668 1510 5727 haec.
1571 5663 1858 5744 ἀπεϐλήθη
1906 5662 2006 5743 τῆξ

2154 563 2245 618 καὶ
2298 562 2360 617 τὰ
2418 564 2684 639 ἀρνεῖσθαι
2738 562 2829 617 τὸν
2884 562 3113 636 Χριστὸν
3173 561 3300 635 παρ’
3330 559 3504 615 αὐτῶν
3560 562 3811 634 μεμαθή-

2152 673 2296 709 κασι.
2358 653 2456 706 Καὶ
2513 653 2617 729 γὰρ
2672 651 2934 722 κάκεῖνοι,
2993 654 3231 706 τοσαῦτα
3288 653 3386 705 τοῦ
3461 649 3662 725 Κυρίου
3721 670 3813 705 πε-

2154 741 2454 812 ποιηκότος
2514 739 2665 817 ἔργα,
2701 739 2771 796 δι’
2823 742 2896 795 ὧν
2956 739 3239 817 ἐγνώριζεν
3301 738 3486 795 ἑαυτὸν
3540 739 3675 795 εἶναι
3718 740 3808 796 τὸν

2153 831 2380 908 Χριστὸν
2412 831 2503 887 τὸν
2533 830 2654 886 Υίὸν
2698 835 2795 885 τοῦ
2854 835 2987 884 Οεοῦ
3031 834 3129 884 τοῦ
3189 833 3409 901 ζῶντος,
3447 826 3811 906 έλεγχόμενοί

2152 941 2211 975 τε
2264 927 2388 994 παρ’
2419 920 2604 989 αὐτοῦ,
2636 921 2810 974 πάντα
2864 920 3011 995 παρὰ
3065 918 3163 981 τὰς
3218 918 3433 994 Γραφάς
3486 916 3681 973 λοιπὸν
3721 919 3809 974 καὶ

2155 1015 2476 1087 φρονοῦντες
2508 1010 2595 1063 καὶ
2630 1004 2900 1083 λέγοντες,
2934 1007 3022 1062 καὶ
3071 1008 3145 1081 μὴ
3198 1004 3489 1081 δυνάμενοι
3535 1006 3629 1062 κᾶν
3676 1007 3810 1082 πρὸς

2152 1099 2215 1153 τὸ
2247 1098 2426 1175 βραχὺ
2457 1098 2591 1172 πρὸς
2623 1097 2750 1161 τοὺς
2781 1099 2898 1152 κατ’
2929 1096 3102 1151 αὐτῶν
3137 1095 3406 1172 ἐλέγχους
3440 1090 3808 1167 ἀντιϐλέπειν,

2157 1188 2233 1250 εἷς
2299 1188 2389 1242 τὸν
2452 1189 2796 1265 πατριάρχην
2870 1188 3209 1265 κατέφυγον,
3269 1183 3557 1261 λέγοντες·
3619 1187 3807 1260 Ἡμεῖς

2154 1278 2358 1354 πατέρα
2437 1276 2639 1353 ἔχομεν
2708 1276 2801 1330 τὸν
2861 1270 3145 1352 Ἀϐραάμ⁵
3200 1274 3290 1330 καὶ
3365 1270 3678 1349 νομίζοντες
3755 1274 3805 1330 ἐν

2154 1366 2332 1439 τούτῳ
2386 1364 2637 1421 δύνασθαι
2692 1368 2792 1435 τὴν
2855 1364 3079 1441 ἀλογίαν
3137 1365 3337 1420 ἑαυτῶν
3400 1362 3807 1422 ἐπικαλύπτειν.

2159 1454 2313 1514 Ἀλλ’
2355 1452 2478 1511 οὕσε
2536 1455 2733 1511 ἐκεῖνοι
2780 1458 2941 1511 τοῦτο
3000 1451 3255 1531 λέγοντες
3311 1451 3525 1524 ὤνησάν
3580 1476 3655 1527 τι,
3690 1451 3811 1511 οὔτε

2159 1547 2307 1600 οὗτοι
2342 1545 2617 1600 Διονύσιον
2651 1544 3012 1617 ὀνομάζοντες
3045 1548 3231 1623 φυγεῖν
3273 1544 3372 1613 τήν
3427 1542 3620 1617 ὁμοίαν
3671 1542 3808 1599 ἐκεί-

2156 1656 2269 1697 νοις
2316 1634 2491 1689 αἷτίαν
2551 1631 2902 1704 δυνήσονταιο
2955 1633 3045 1688 καὶ
3104 1634 3205 1709 γὰρ
3258 1631 3538 1695 κάκείνους
3592 1632 3671 1711 ἐφ’
3728 1634 3809 1697 οἷς

2155 1724 2507 1801 παρηνόμουν
2542 1722 2767 1799 ἤλεγξεν
2801 1724 2829 1778 6
2860 1723 3058 1799 Κύριος
3098 1720 3270 1798 λέγων
3292 1744 3303 1757 ·
3358 1725 3529 1777 Τοῦτο
3558 1717 3810 1799 ’Δϐραάμ

2157 1813 2256 1867 ούκ
2286 1812 2534 1883 ἐποίησε·
2566 1812 2654 1867 καὶ
2685 1813 2911 1874 τούτους
2940 1807 3264 1873 ἀσεϐοῦντας
3302 1811 3392 1866 καὶ
3440 1809 3807 1885 ψευδομένους

2151 1905 2185 1972 ἡ
2219 1902 2352 1972 αύτὴ
2386 1902 2547 1958 πάλιν
2597 1900 2828 1972 ἀλήθεια
2877 1899 3133 1977 διελέγξει
3165 1902 3306 1975 (67)·
3340 1900 3422 1955 ὅτι
3479 1900 3547 1955 τά
3593 1901 3806 1977 Ἀρείου

2151 1992 2432 2054 Διονύσιος
2467 1993 2494 2045 6
2526 1991 2818 2052 ἐπίσκοπος
2850 1987 2962 2044 οὔτ’
3010 1989 3325 2068 ἐφρόνησεν,
3360 1987 3483 2044 οὕτε
3520 1991 3619 2059 τήν
3668 1988 3806 2063 ἀλή-

2150 2085 2293 2136 θειαν
2353 2081 2642 2156 ἠγνόησεν.
2678 2077 2855 2136 Ἀλλά
2904 2080 2995 2134 καὶ
3039 2081 3092 2134 οἱ
3133 2079 3257 2135 τότε
3303 2076 3579 2151 Ἰουδαῖοι,
3607 2080 3695 2135 καὶ
3756 2081 3807 2135 οἱ

2150 2173 2375 2226 νέοινῦν
2410 2172 2557 2246 παρὰ
2601 2175 2698 2225 τοῦ
2746 2170 2947 2246 πατρὸς
3000 2171 3200 2224 ἑαυτῶν
3246 2172 3343 2224 τοῦ
3396 2163 3659 2225 διαϐόλου
3705 2171 3804 2240 τὴν

2153 2262 2540 2337 Χριπομάχοο
2600 2257 2979 2335 ἐκληρώσαντο
3036 2260 3147 2333 (68)
3210 2257 3420 2332 μανίαν.
3502 2258 3655 2336 Μέγα
3713 2258 3807 2332 μὲν

2152 2349 2242 2405 οὖν
2275 2353 2573 2424 τεκμήριον
2604 2354 2702 2404 τοῦ
2737 2346 2878 2423 μηδὲ
2905 2352 3066 2403 τοῦτο
3117 2345 3291 2424 λέγειν
3342 2347 3535 2412 αὐτοὺς
3584 2346 3803 2423 ἀληθὲς,

2152 2437 2297 2494 ἀλλά
2343 2440 2432 2494 τὸν
2482 2435 2651 2515 ἄνδρα
2710 2443 3081 2515 συκοφαντεῖν,
3115 2437 3197 2493 ὅτι
3261 2439 3399 2511 μήτε
3456 2458 3564 2515 παρ
3612 2437 3807 2515 ἑτέρων

2151 2528 2457 2584 ἐπισκόπων
2519 2529 2601 2582 επ’
2630 2523 2846 2599 ἀσεϐείᾳ
2895 2525 3291 2603 καταγνωσθεὶς
3354 2521 3641 2599 ἀπεϐλήθη
3704 2534 3805 2598 τῆς

2151 2618 2473 2688 ἐπισκοπῆς,
2508 2616 2689 2692 ὥσπερ
2740 2616 2891 2671 οὗτοι
2933 2621 3032 2671 τοῦ
3079 2613 3311 2692 κλήρου,
3351 2619 3491 2690 μήτε
3539 2615 3701 2680 αὐτὸς
3732 2618 3804 2680 ὡς

2150 2705 2350 2783 αἵρεσιν
2386 2704 2610 2761 ἐκδικῶν
2646 2704 2838 2776 ἐξῆλθε
2865 2712 2966 2775 τῆς
2996 2703 3320 2776 Ἐκκλησίας
3346 2726 3357 2739 ·
3399 2704 3526 2761 ἀλλ’
3565 2705 3616 2762 ἐν
3667 2705 3803 2783 αὐτῇ

2150 2796 2475 2869 κεκοίμηται
2535 2795 2740 2867 καλῶς,
2773 2794 2861 2850 καὶ
2920 2797 2955 2864 ἡ
3019 2798 3212 2869 μνήμη
3276 2796 3442 2872 μέχρι
3501 2799 3593 2850 νῦν
3640 2795 3804 2851 αὐτοῦ

2155 2886 2288 2961 μετά
2344 2890 2450 2940 τῶν
2508 2885 2754 2960 πατέρων
2815 2883 2925 2940 ἐστὶ
2983 2883 3072 2939 καὶ
3122 2885 3441 2961 γέγραπται.
3477 2885 3543 2941 Εἰ
3585 2887 3689 2962 γάρ
3735 2885 3802 2955 ἦν

2150 2976 2217 3030 τὰ
2270 2974 2479 3030 τούτων
2534 2976 2826 3053 φρονήσας,
2862 2975 2911 3051 ,ἢ
2967 2974 3091 3051 περὶ
3163 2975 3235 3029 ὧν
3314 2973 3515 3052 ἔγραψε
3590 2977 3665 3049 μὴ
3734 2975 3801 3045 ἧν

2151 3062 2661 3140 ἀπολογησάμενος,
2704 3063 2805 3118 οὐκ
2848 3063 2914 3133 ἦν
2963 3058 3298 3142 ἀμφίϐολον,
3332 3064 3415 3120 ὅτι
3474 3063 3687 3127 πάντως
3737 3064 3806 3119 τὰ

2151 3153 2285 3209 αὐτά
2315 3154 2405 3209 καὶ
2435 3152 2594 3215 αὐτὸς
2624 3152 2808 3216 αὐτοῖς
2840 3152 3142 3210 ἐπεπύνθει.

2221 3247 2273 3301 lt.
2307 3243 2406 3298 Καὶ
2463 3239 2621 3318 ἤρκει
2675 3242 2768 3315 μὲν
2823 3247 2991 3298 ταῦτα
3046 3242 3183 3319 πρὸς
3241 3248 3413 3298 πᾶσαν
3468 3240 3799 3320 κατάγνωσιν

2146 3337 2254 3389 τῶν
2310 3331 2441 3388 νέων
2477 3328 2771 3405 Ἰουδαίων,
2830 3336 2937 3386 τῶν
2991 3330 3080 3387 καὶ
3135 3333 3227 3387 τὸν
3286 3331 3481 3408 Κύριον
3541 3332 3806 3409 ἀρνουμέ-

2146 3444 2253 3477 νων
2288 3423 2420 3497 (69),
2452 3422 2543 3476 καὶ
2590 3419 2716 3483 τοὺς
2766 3421 3000 3498 πατέρας
3056 3418 3491 3494 διαϐαλλόντων,
3522 3421 3613 3476 καὶ
3662 3421 3802 3477 πάν-

2146 3532 2238 3573 τας
2297 3508 2651 3587 Χριστιανοὺς
2707 3509 3134 3587 ἐπιχειρούντων
3193 3510 3434 3582 ἀπατᾷν·
3495 3506 3683 3580 ἐπειδή
3744 3507 3803 3566 δὲ

2146 3601 2443 3679 προφάσεις
2477 3596 2621 3675 ἔχειν
2648 3600 2931 3673 νομίζουσι
2962 3607 3062 3670 τῆς
3094 3600 3169 3663 εἰς
3199 3600 3291 3655 τὸν
3340 3599 3635 3656 ἐπίσκοπον
3684 3597 3800 3655 δια-

2147 3683 2345 3759 ϐολῆς,
2379 3687 2516 3767 μέρη
2573 3689 2693 3743 τινὰ
2750 3686 3045 3759 ἐπιπολῆς
3101 3688 3284 3762 αὐτοῦ,
3322 3690 3450 3768 φέρε
3504 3688 3594 3749 καὶ
3631 3693 3799 3745 ταῦτα

2145 3776 2372 3853 ἴδωμεν,
2428 3777 2517 3833 ’ίνα
2571 3778 2661 3833 καὶ
2728 3777 2787 3832 ἐκ
2850 3777 3056 3833 τούτων
3112 3777 3288 3833 αὐτῶν
3338 3781 3373 3849 ἡ
3436 3775 3797 3856 ματαιολογία

2145 3867 2359 3945 δειχθῇ,
2390 3866 2480 3923 καὶ
2510 3866 2820 3921 παύσωνται
2853 3868 2965 3941 (70)
3001 3867 3095 3939 μὲν
3113 3866 3209 3921 κᾶν
3244 3867 3344 3941 ὀψέ
3372 3888 3503 3924 ποτε
3544 3866 3794 3948 βλασφη-

2145 3962 2367 4031 μοῦντες
2423 3957 2548 4029 παρ’
2600 3955 2809 4016 ἑαυτοῖς
2863 3955 2954 4009 τὸν
3008 3954 3227 4028 Κύριον,
3281 3954 3676 4031 ὁμολογήσωσι
3736 3954 3796 4013 δὲ

2140 4046 2235 4103 κᾶν
2301 4046 2435 4119 μετά
2485 4047 2592 4097 τῶν
2661 4046 3006 4117 στρατιωτῶν
3070 4041 3361 4116 βλέποντες
3413 4050 3789 4121 μαρτυροῦσαν

2137 4137 2236 4205 τὴν
2281 4133 2476 4205 κτίσιν,
2509 4129 2590 4185 ὅτι
2645 4129 2866 4201 ἀληθῶς
2921 4128 3077 4191 οὗτος
3107 4131 3219 4203 (71)
3249 4128 3279 4183 6
3326 4131 3450 4192 Υἱὸς
3503 4135 3602 4185 τοῦ
3659 4138 3795 4189 Θεοῦ

1750 4387 1801 4439 o't
1851 4384 2020 4458 πάλαι

2148 4376 2647 4458 ἐπισκοπῆς-ὥσπερ
2688 4377 2860 4458 ρῦτοι
2901 4381 2998 4458 τοξ
3040 4375 3291 4458 κλήρου,
3342 4396 3477 4458 quas
3525 4381 3589 4458 _in_
3618 4382 3791 4458 editis

2134 4457 2399 4519 deerant,
2432 4454 2491 4508 in
2522 4451 2662 4525 Reg.
2687 4451 2939 4525 Taurin._
2959 4451 3273 4525 ColbaJes.
3299 4451 3479 4510 et‘Fr.
3514 4455 3542 4509 1
3575 4453 3791 4510 haben-

2132 4533 2265 4583 tur:
2296 4516 2397 4581 sed
2427 4525 2487 4599 i_n
2520 4516 2865 4599 hocultimo
2920 4516 3518 4599 ὑπεϐλ-ήθη-ωεηάοεθ
3548 4525 3784 4599 legitur.

2132 4603 2261 4655 Mox
2290 4596 2615 4668 Taurin.,et
2638 4594 2914 4668 Colibert.,
2946 4592 3144 4668 ἐξῆλθε
3169 4595 3268 4663 τὴν
3294 4592 3642 4667 Ἐκκλησίαί

2207 4670 2347 4742 (69)Δ
2378 4669 2472 4724 Sic
2530 4667 2668 4742 Reg.
2727 4666 2990 4724 Taurin.
3027 4666 3191 4723 Colb.
3241 4669 3360 4725 Jes.
3421 4666 3513 4724 Fr.
3548 4670 3600 4725 1.
3633 4668 3785 4725 Editi

2132 4737 2267 4797 vero
2277 4784 2289 4797 .
2302 4737 2310 4742 ⁷
2325 4737 2709 4807 ἀρνησαμένων
2720 4781 2733 4793 .
2919 4806 2926 4807 ί
3534 4788 3537 4793 _

2230 4814 2318 4882 70)
2354 4806 2497 4884 Reg:
2527 4806 3135 4884 Taugin.,_7ta°5¢ovtat.

2230 4815 2318 4882 70)
2354 4815 2492 4884 Reg.
2527 4815 2792 4880 Taurin.,
2823 4815 3135 4863 παύσονται.

2202 4815 2312 4957 (71)
2346 4884 2441 4957 Sic
2470 4883 2613 4957 Reg.
2643 4881 2862 4957 Taurin
2918 4881 3293 4957 Q01b_ert._Fr.
3354 4883 3409 4939 1.
3441 4882 3595 4957 Editi
3624 4898 3783 4957 vero,

2131 4951 2466 5018 οὕτως’Υἱός,
2500 4951 2719 5009 omisso
2748 4951 3014 5009 articulo.
3050 4951 3231 5025 Paulo
3261 4958 3395 5025 post
3422 4955 3562 5011 edit.
3596 4954 3783 5025 Paris.

2130 5026 2328 5081 Colon.
2354 5032 2412 5082 et
2443 5025 2699 5097 Felckm.
2732 5024 3087 5097 3_anon._qui
3119 5023 3214 5097 hic
3240 5023 3488 5093 rémisit,
3517 5031 3650 5097 post
3677 5023 3788 5078 τοί-

2127 5118 2218 5171 νυν
2250 5098 2467 5171 habent
2497 5096 2549 5150 oi
2581 5093 2770 5171 ἐχθροὶ
2799 5100 2900 5171 τῇς
2943 5092 3229 5171 ἀληθείας,
3261 5113 3389 5171 quae
3418 5092 3613 5166 verba,
3647 5113 3782 5153 cum

2128 5169 2322 5225 desint
2372 5170 2431 5224 in
2463 5157 2741 5223 omnibus
2774 5157 2906 5221 aliis
2937 5157 3239 5223 codicibus
3267 5157 3325 5223 ἐι
3355 5169 3413 5223 in
3443 5157 3786 5226 edit.'Com-

2128 5240 2354 5306 melin.,
2388 5239 2801 5311 expunximus.
2836 5238 3056 5311 Ibidem
3093 5238 3232 5311 Reg.
3262 5239 3501 5311 Taurin.
3536 5240 3653 5295 Jes.
3688 5240 3780 5294 Fr.

2128 5313 2177 5385 1.
2212 5309 2536 5385 μακαρίτην.
2588 5310 2699 5364 Alii
2754 5326 2888 5385 cum
2919 5310 3122 5385 _editis
3155 5309 3437 5385 μακάριον.
3471 5311 3600 5385 M0}!
3628 5311 3781 5366 Tau-

2125 5374 2236 5437 rin'.
2270 5390 2327 5438 et
2351 5374 2561 5456 Coll-)3,
2584 5374 2857 5456 γεννητόν.
2919 5374 3185 5456 ΙῗειΙιιΙεῐιπιξΔ
3222 5383 3256 5436 3
3285 5374 3491 5456 enim,
3514 5381 3776 5456 γέννημα,

2122 5470 2446 5526 perperam.
2484 5448 2629 5526 Ibid.
2662 5448 2735 5506 in'
2774 5454 3012 5508 Taurin.
3069 5452 3233 5526 Colb_.
3265 5458 3321 5507 et
3347 5453 3439 5526 _Fr.
3472 5448 3611 5526 1,65%
3642 5448 3782 5526 post

2126 5523 2264 5596 μήτε
2324 5528 2507 5581 deest.
2569 5525 2746 5580 Paulo
2806 5530 2938 5597 post
2993 5525 3129 5597 Beg.
3189 5523 3429 5597 Taurin.
3481 5523 3776 5597 Colb.'_Jes

2120 5589 2375 5652 Felckm.
2437 5598 2471 5652 3
2526 5612 2725 5665 anon.,
2791 5589 2907 5650 κατ’
2966 5589 3147 5651 οὐσίαν
3203 5590 3382 5652 αὐτόν.
3444 5597 3557 5655 Sed
3609 5589 3774 5652 αὐτόν

2120 5668 2322 5727 deerat
2349 5668 2410 5726 in
2438 5667 2633 5731 editis.
