  <div class='ocr_page' id='page_1' title='image "/cluster/home/n/w/nwhite01/storage/ocr_20150623/25:no.1/coo.31924054873066/537.png"; bbox 0 0 4148 6386; ppageno 0'>
   <div class='ocr_carea' id='block_1_1' title="bbox 451 387 565 447">
    <p class='ocr_par' dir='ltr' id='par_1_1' title="bbox 451 387 565 447">
     <span class='ocr_line' id='line_1_1' title="bbox 451 387 565 447; baseline -0.035 0"><span class='ocrx_word' id='word_1_1' title='bbox 451 387 565 447; x_wconf 70' lang='grc'><strong>487</strong></span> 
     </span>
    </p>
   </div>
   <div class='ocr_carea' id='block_1_2' title="bbox 991 376 3330 443">
    <p class='ocr_par' dir='ltr' id='par_1_2' title="bbox 991 376 3330 443">
     <span class='ocr_line' id='line_1_2' title="bbox 991 376 3330 443; baseline -0.003 0"><span class='ocrx_word' id='word_1_2' title='bbox 991 382 1057 443; x_wconf 91' lang='lat' dir='ltr'><strong>S.</strong></span> <span class='ocrx_word' id='word_1_3' title='bbox 1103 381 1533 442; x_wconf 84' lang='lat' dir='ltr'><strong>A&#39;l‘HANASII</strong></span> <span class='ocrx_word' id='word_1_4' title='bbox 1579 381 1754 441; x_wconf 89' lang='lat' dir='ltr'><strong>OPP.</strong></span> <span class='ocrx_word' id='word_1_5' title='bbox 1807 380 2004 442; x_wconf 71' lang='lat' dir='ltr'><strong>PARS</strong></span> <span class='ocrx_word' id='word_1_6' title='bbox 2051 379 2099 439; x_wconf 83' lang='grc' dir='ltr'>Ι.</span> <span class='ocrx_word' id='word_1_7' title='bbox 2128 408 2209 423; x_wconf 91' lang='grc'><strong><em>-</em></strong></span> <span class='ocrx_word' id='word_1_8' title='bbox 2240 376 2661 439; x_wconf 78' lang='lat' dir='ltr'><strong>HISTORICA</strong></span> <span class='ocrx_word' id='word_1_9' title='bbox 2705 378 2807 438; x_wconf 86' lang='lat' dir='ltr'><strong>ET</strong></span> <span class='ocrx_word' id='word_1_10' title='bbox 2850 376 3330 439; x_wconf 78' lang='lat' dir='ltr'><strong>DOGMATICA.</strong></span> 
     </span>
    </p>
   </div>
   <div class='ocr_carea' id='block_1_3' title="bbox 3753 379 3875 441">
    <p class='ocr_par' dir='ltr' id='par_1_3' title="bbox 3753 379 3875 441">
     <span class='ocr_line' id='line_1_3' title="bbox 3753 379 3875 441; baseline -0.008 0"><span class='ocrx_word' id='word_1_11' title='bbox 3753 379 3875 441; x_wconf 69' lang='grc'>488</span> 
     </span>
    </p>
   </div>
   <div class='ocr_carea' id='block_1_4' title="bbox 453 505 2117 592">
    <p class='ocr_par' dir='ltr' id='par_1_4' title="bbox 453 512 2105 592">
     <span class='ocr_line' id='line_1_4' title="bbox 453 512 2105 592; baseline -0.005 -17"><span class='ocrx_word' id='word_1_12' title='bbox 453 516 623 592; x_wconf 87' lang='lat' dir='ltr'><strong>geliis</strong></span> <span class='ocrx_word' id='word_1_13' title='bbox 654 530 940 589; x_wconf 83' lang='lat' dir='ltr'><strong>exponere</strong></span> <span class='ocrx_word' id='word_1_14' title='bbox 974 531 987 570; x_wconf 89' lang='lat'><strong>:</strong></span> <span class='ocrx_word' id='word_1_15' title='bbox 1043 519 1108 570; x_wconf 93' lang='lat' dir='ltr'><strong>ut</strong></span> <span class='ocrx_word' id='word_1_16' title='bbox 1151 531 1284 570; x_wconf 90' lang='lat' dir='ltr'><strong>cum</strong></span> <span class='ocrx_word' id='word_1_17' title='bbox 1326 513 1610 570; x_wconf 89' lang='lat' dir='ltr'><strong>audacius</strong></span> <span class='ocrx_word' id='word_1_18' title='bbox 1642 512 1727 568; x_wconf 88' lang='lat' dir='ltr'>illi</span> <span class='ocrx_word' id='word_1_19' title='bbox 1760 512 1974 569; x_wconf 89' lang='lat' dir='ltr'><strong>Filium</strong></span> <span class='ocrx_word' id='word_1_20' title='bbox 2004 527 2105 567; x_wconf 89' lang='lat' dir='ltr'><strong>ne-</strong></span> 
     </span>
    </p>
   </div>
   <div class='ocr_carea' id='block_1_5' title="bbox 2232 505 3876 592">
    <p class='ocr_par' dir='ltr' id='par_1_5' title="bbox 2232 505 3876 585">
     <span class='ocr_line' id='line_1_5' title="bbox 2232 505 3876 585; baseline 0.001 -22"><span class='ocrx_word' id='word_1_21' title='bbox 2232 514 2483 582; x_wconf 81' lang='grc' dir='ltr'><strong>Σωτῆρος</strong></span> <span class='ocrx_word' id='word_1_22' title='bbox 2517 508 2577 563; x_wconf 80' lang='grc' dir='ltr'><strong>ἐκ</strong></span> <span class='ocrx_word' id='word_1_23' title='bbox 2603 512 2710 563; x_wconf 78' lang='grc' dir='ltr'><strong>τῶν</strong></span> <span class='ocrx_word' id='word_1_24' title='bbox 2760 507 3108 585; x_wconf 80' lang='grc' dir='ltr'>Εύαγγελίων</span> <span class='ocrx_word' id='word_1_25' title='bbox 3158 508 3487 584; x_wconf 69' lang='grc' dir='ltr'>παραθέσθαι</span> <span class='ocrx_word' id='word_1_26' title='bbox 3516 530 3529 544; x_wconf 70' lang='grc' dir='ltr'><strong>ο</strong></span> <span class='ocrx_word' id='word_1_27' title='bbox 3555 506 3651 579; x_wconf 73' lang='grc' dir='ltr'>’ίν’,</span> <span class='ocrx_word' id='word_1_28' title='bbox 3685 505 3876 578; x_wconf 75' lang='grc' dir='ltr'>ἐπειδὴ</span> 
     </span>
    </p>
   </div>
   <div class='ocr_carea' id='block_1_6' title="bbox 455 603 2107 681">
    <p class='ocr_par' dir='ltr' id='par_1_6' title="bbox 455 603 2107 681">
     <span class='ocr_line' id='line_1_6' title="bbox 455 603 2107 681; baseline -0.005 -17"><span class='ocrx_word' id='word_1_29' title='bbox 455 610 664 681; x_wconf 85' lang='lat' dir='ltr'><strong>garent</strong></span> <span class='ocrx_word' id='word_1_30' title='bbox 705 610 763 661; x_wconf 90' lang='lat' dir='ltr'><strong>et</strong></span> <span class='ocrx_word' id='word_1_31' title='bbox 813 604 1075 661; x_wconf 90' lang='lat' dir='ltr'><strong>humana</strong></span> <span class='ocrx_word' id='word_1_32' title='bbox 1121 604 1248 675; x_wconf 86' lang='lat' dir='ltr'><strong>ejus</strong></span> <span class='ocrx_word' id='word_1_33' title='bbox 1298 603 1457 659; x_wconf 91' lang='lat' dir='ltr'><strong>Patri</strong></span> <span class='ocrx_word' id='word_1_34' title='bbox 1498 604 1879 669; x_wconf 84' lang='lat' dir='ltr'><strong>ascriberent,</strong></span> <span class='ocrx_word' id='word_1_35' title='bbox 1911 605 2107 658; x_wconf 89' lang='lat' dir='ltr'><strong>osten-</strong></span> 
     </span>
    </p>
   </div>
   <div class='ocr_carea' id='block_1_7' title="bbox 457 690 2107 769">
    <p class='ocr_par' dir='ltr' id='par_1_7' title="bbox 457 690 2107 769">
     <span class='ocr_line' id='line_1_7' title="bbox 457 690 2107 769; baseline -0.005 -15"><span class='ocrx_word' id='word_1_36' title='bbox 457 698 604 754; x_wconf 90' lang='lat' dir='ltr'><strong>dens</strong></span> <span class='ocrx_word' id='word_1_37' title='bbox 627 695 752 769; x_wconf 90' lang='lat' dir='ltr'><strong>ipse</strong></span> <span class='ocrx_word' id='word_1_38' title='bbox 772 710 888 749; x_wconf 91' lang='lat' dir='ltr'><strong>non</strong></span> <span class='ocrx_word' id='word_1_39' title='bbox 919 694 1171 762; x_wconf 84' lang='lat' dir='ltr'><strong>Patrem,</strong></span> <span class='ocrx_word' id='word_1_40' title='bbox 1200 693 1300 749; x_wconf 92' lang='lat' dir='ltr'><strong>sed</strong></span> <span class='ocrx_word' id='word_1_41' title='bbox 1332 692 1542 748; x_wconf 88' lang='lat' dir='ltr'><strong>Filium</strong></span> <span class='ocrx_word' id='word_1_42' title='bbox 1577 710 1681 765; x_wconf 85' lang='lat' dir='ltr'><strong>pro</strong></span> <span class='ocrx_word' id='word_1_43' title='bbox 1714 691 1883 748; x_wconf 91' lang='lat' dir='ltr'><strong>nobis</strong></span> <span class='ocrx_word' id='word_1_44' title='bbox 1914 690 2107 746; x_wconf 88' lang='lat' dir='ltr'><strong>homi-</strong></span> 
     </span>
    </p>
   </div>
   <div class='ocr_carea' id='block_1_8' title="bbox 460 779 2107 854">
    <p class='ocr_par' dir='ltr' id='par_1_8' title="bbox 460 779 2107 854">
     <span class='ocr_line' id='line_1_8' title="bbox 460 779 2107 854; baseline -0.004 -14"><span class='ocrx_word' id='word_1_45' title='bbox 460 801 595 842; x_wconf 87' lang='lat' dir='ltr'><strong>nem</strong></span> <span class='ocrx_word' id='word_1_46' title='bbox 616 784 836 840; x_wconf 80' lang='lat' dir='ltr'><strong>factum</strong></span> <span class='ocrx_word' id='word_1_47' title='bbox 857 798 1007 849; x_wconf 89' lang='lat' dir='ltr'><strong>esse,</strong></span> <span class='ocrx_word' id='word_1_48' title='bbox 1029 781 1321 854; x_wconf 87' lang='lat' dir='ltr'><strong>imperitis</strong></span> <span class='ocrx_word' id='word_1_49' title='bbox 1337 780 1456 837; x_wconf 84' lang='lat' dir='ltr'>illis</span> <span class='ocrx_word' id='word_1_50' title='bbox 1478 781 1855 854; x_wconf 84' lang='lat' dir='ltr'><strong>persuaderet</strong></span> <span class='ocrx_word' id='word_1_51' title='bbox 1878 779 2107 835; x_wconf 82' lang='lat' dir='ltr'><strong>Patrem</strong></span> 
     </span>
    </p>
   </div>
   <div class='ocr_carea' id='block_1_9' title="bbox 460 870 2109 943">
    <p class='ocr_par' dir='ltr' id='par_1_9' title="bbox 460 870 2109 943">
     <span class='ocr_line' id='line_1_9' title="bbox 460 870 2109 943; baseline -0.005 -12"><span class='ocrx_word' id='word_1_52' title='bbox 460 891 578 931; x_wconf 92' lang='lat' dir='ltr'><strong>non</strong></span> <span class='ocrx_word' id='word_1_53' title='bbox 608 888 738 929; x_wconf 91' lang='lat' dir='ltr'><strong>esse</strong></span> <span class='ocrx_word' id='word_1_54' title='bbox 769 871 1001 938; x_wconf 85' lang='lat' dir='ltr'><strong>Filium,</strong></span> <span class='ocrx_word' id='word_1_55' title='bbox 1033 887 1218 942; x_wconf 90' lang='lat' dir='ltr'><strong>eoque</strong></span> <span class='ocrx_word' id='word_1_56' title='bbox 1257 877 1425 943; x_wconf 89' lang='lat' dir='ltr'><strong>pacto</strong></span> <span class='ocrx_word' id='word_1_57' title='bbox 1476 870 1743 926; x_wconf 83' lang='lat' dir='ltr'><strong>homines</strong></span> <span class='ocrx_word' id='word_1_58' title='bbox 1792 870 1863 924; x_wconf 92' lang='lat' dir='ltr'><strong>ad</strong></span> <span class='ocrx_word' id='word_1_59' title='bbox 1912 884 2109 924; x_wconf 88' lang='lat' dir='ltr'><strong>veram</strong></span> 
     </span>
    </p>
   </div>
   <div class='ocr_carea' id='block_1_10' title="bbox 459 957 2109 1031">
    <p class='ocr_par' dir='ltr' id='par_1_10' title="bbox 459 957 2109 1031">
     <span class='ocr_line' id='line_1_10' title="bbox 459 957 2109 1031; baseline -0.003 -14"><span class='ocrx_word' id='word_1_60' title='bbox 459 960 591 1018; x_wconf 90' lang='lat' dir='ltr'><strong>Filii</strong></span> <span class='ocrx_word' id='word_1_61' title='bbox 621 961 899 1020; x_wconf 84' lang='lat' dir='ltr'><strong>deitatem</strong></span> <span class='ocrx_word' id='word_1_62' title='bbox 922 961 1294 1031; x_wconf 86' lang='lat' dir='ltr'><strong>credendam,</strong></span> <span class='ocrx_word' id='word_1_63' title='bbox 1321 964 1379 1015; x_wconf 88' lang='lat' dir='ltr'><strong>et</strong></span> <span class='ocrx_word' id='word_1_64' title='bbox 1406 960 1478 1015; x_wconf 91' lang='lat' dir='ltr'><strong>ad</strong></span> <span class='ocrx_word' id='word_1_65' title='bbox 1503 959 1692 1015; x_wconf 87' lang='lat' dir='ltr'><strong>Patris</strong></span> <span class='ocrx_word' id='word_1_66' title='bbox 1716 957 2109 1031; x_wconf 85' lang='lat' dir='ltr'><strong>cognitionem</strong></span> 
     </span>
    </p>
   </div>
   <div class='ocr_carea' id='block_1_11' title="bbox 461 1047 2108 1121">
    <p class='ocr_par' dir='ltr' id='par_1_11' title="bbox 461 1047 2108 1121">
     <span class='ocr_line' id='line_1_11' title="bbox 461 1047 2108 1121; baseline -0.004 -13"><span class='ocrx_word' id='word_1_67' title='bbox 461 1052 682 1109; x_wconf 83' lang='lat' dir='ltr'><strong>sensim</strong></span> <span class='ocrx_word' id='word_1_68' title='bbox 712 1051 1034 1108; x_wconf 86' lang='lat' dir='ltr'><strong>reduceret.</strong></span> <span class='ocrx_word' id='word_1_69' title='bbox 1070 1050 1187 1105; x_wconf 84' lang='lat' dir='ltr'><strong>Hoc</strong></span> <span class='ocrx_word' id='word_1_70' title='bbox 1239 1054 1330 1106; x_wconf 89' lang='lat' dir='ltr'><strong>est</strong></span> <span class='ocrx_word' id='word_1_71' title='bbox 1372 1047 1630 1121; x_wconf 80' lang='lat' dir='ltr'><strong>epistolas</strong></span> <span class='ocrx_word' id='word_1_72' title='bbox 1669 1051 2108 1120; x_wconf 79' lang='lat' dir='ltr'><strong>argumentum,</strong></span> 
     </span>
    </p>
   </div>
   <div class='ocr_carea' id='block_1_12' title="bbox 461 1136 2112 1206">
    <p class='ocr_par' dir='ltr' id='par_1_12' title="bbox 461 1136 2112 1206">
     <span class='ocr_line' id='line_1_12' title="bbox 461 1136 2112 1206; baseline -0.004 -10"><span class='ocrx_word' id='word_1_73' title='bbox 461 1140 586 1197; x_wconf 71' lang='lat' dir='ltr'><strong>hac</strong></span> <span class='ocrx_word' id='word_1_74' title='bbox 614 1139 736 1197; x_wconf 88' lang='lat' dir='ltr'><strong>viro</strong></span> <span class='ocrx_word' id='word_1_75' title='bbox 783 1156 965 1197; x_wconf 88' lang='lat' dir='ltr'><strong>causa</strong></span> <span class='ocrx_word' id='word_1_76' title='bbox 1002 1138 1115 1195; x_wconf 88' lang='lat' dir='ltr'><strong>fuit</strong></span> <span class='ocrx_word' id='word_1_77' title='bbox 1143 1136 1289 1195; x_wconf 87' lang='lat' dir='ltr'><strong>talia</strong></span> <span class='ocrx_word' id='word_1_78' title='bbox 1318 1137 1634 1202; x_wconf 89' lang='lat' dir='ltr'><strong>scribendi,</strong></span> <span class='ocrx_word' id='word_1_79' title='bbox 1665 1153 1870 1193; x_wconf 89' lang='lat' dir='ltr'><strong>eorum</strong></span> <span class='ocrx_word' id='word_1_80' title='bbox 1900 1150 2112 1206; x_wconf 88' lang='lat' dir='ltr'><strong>nempe</strong></span> 
     </span>
    </p>
   </div>
   <div class='ocr_carea' id='block_1_13' title="bbox 462 1224 2110 1302">
    <p class='ocr_par' dir='ltr' id='par_1_13' title="bbox 462 1224 2110 1302">
     <span class='ocr_line' id='line_1_13' title="bbox 462 1224 2110 1302; baseline -0.005 -15"><span class='ocrx_word' id='word_1_81' title='bbox 462 1228 788 1298; x_wconf 87' lang='lat' dir='ltr'><strong>occasione,</strong></span> <span class='ocrx_word' id='word_1_82' title='bbox 841 1229 945 1302; x_wconf 90' lang='lat' dir='ltr'><strong>qui</strong></span> <span class='ocrx_word' id='word_1_83' title='bbox 990 1231 1113 1285; x_wconf 89' lang='lat' dir='ltr'><strong>tam</strong></span> <span class='ocrx_word' id='word_1_84' title='bbox 1166 1227 1543 1301; x_wconf 90' lang='lat' dir='ltr'><strong>impudenter</strong></span> <span class='ocrx_word' id='word_1_85' title='bbox 1592 1224 1862 1282; x_wconf 87' lang='lat' dir='ltr'><strong>volebant</strong></span> <span class='ocrx_word' id='word_1_86' title='bbox 1913 1240 2110 1281; x_wconf 87' lang='lat' dir='ltr'><strong>veram</strong></span> 
     </span>
    </p>
   </div>
   <div class='ocr_carea' id='block_1_14' title="bbox 461 1317 1003 1376">
    <p class='ocr_par' dir='ltr' id='par_1_14' title="bbox 461 1317 1003 1376">
     <span class='ocr_line' id='line_1_14' title="bbox 461 1317 1003 1376; baseline -0.004 -1"><span class='ocrx_word' id='word_1_87' title='bbox 461 1318 779 1376; x_wconf 84' lang='lat' dir='ltr'><strong>immutare</strong></span> <span class='ocrx_word' id='word_1_88' title='bbox 806 1317 1003 1375; x_wconf 85' lang='lat' dir='ltr'><strong>ﬁdem.</strong></span> 
     </span>
    </p>
   </div>
   <div class='ocr_carea' id='block_1_15' title="bbox 535 1578 2116 1658">
    <p class='ocr_par' dir='ltr' id='par_1_15' title="bbox 535 1578 2116 1658">
     <span class='ocr_line' id='line_1_15' title="bbox 535 1578 2116 1658; baseline -0.004 -17"><span class='ocrx_word' id='word_1_89' title='bbox 535 1586 591 1641; x_wconf 85' lang='lat'>6.</span> <span class='ocrx_word' id='word_1_90' title='bbox 623 1584 774 1650; x_wconf 88' lang='lat' dir='ltr'><strong>Quid</strong></span> <span class='ocrx_word' id='word_1_91' title='bbox 801 1583 987 1658; x_wconf 80' lang='lat' dir='ltr'><strong>igitur</strong></span> <span class='ocrx_word' id='word_1_92' title='bbox 1016 1580 1429 1639; x_wconf 89' lang='lat' dir='ltr'><strong>similitudinis</strong></span> <span class='ocrx_word' id='word_1_93' title='bbox 1458 1579 1680 1636; x_wconf 83' lang='lat' dir='ltr'><strong>habent</strong></span> <span class='ocrx_word' id='word_1_94' title='bbox 1707 1578 1832 1634; x_wconf 85' lang='lat' dir='ltr'><strong>Arii</strong></span> <span class='ocrx_word' id='word_1_95' title='bbox 1876 1578 2116 1636; x_wconf 72' lang='lat' dir='ltr'><strong>hzeresis</strong></span> 
     </span>
    </p>
   </div>
   <div class='ocr_carea' id='block_1_16' title="bbox 466 1667 2117 1745">
    <p class='ocr_par' dir='ltr' id='par_1_16' title="bbox 466 1667 2117 1745">
     <span class='ocr_line' id='line_1_16' title="bbox 466 1667 2117 1745; baseline -0.005 -14"><span class='ocrx_word' id='word_1_96' title='bbox 466 1677 524 1731; x_wconf 87' lang='lat' dir='ltr'><strong>et</strong></span> <span class='ocrx_word' id='word_1_97' title='bbox 552 1672 813 1745; x_wconf 79' lang='lat' dir='ltr'><strong>Dionysii</strong></span> <span class='ocrx_word' id='word_1_98' title='bbox 839 1670 1129 1728; x_wconf 85' lang='lat' dir='ltr'><strong>sententia</strong></span> <span class='ocrx_word' id='word_1_99' title='bbox 1146 1668 1175 1723; x_wconf 82' lang='lat'><strong>‘?</strong></span> <span class='ocrx_word' id='word_1_100' title='bbox 1205 1667 1292 1724; x_wconf 89' lang='lat' dir='ltr'><strong>vel</strong></span> <span class='ocrx_word' id='word_1_101' title='bbox 1313 1682 1495 1740; x_wconf 88' lang='lat' dir='ltr'><strong>quare</strong></span> <span class='ocrx_word' id='word_1_102' title='bbox 1516 1667 1830 1739; x_wconf 84' lang='lat' dir='ltr'><strong>Dyonisius</strong></span> <span class='ocrx_word' id='word_1_103' title='bbox 1856 1671 1921 1722; x_wconf 91' lang='lat' dir='ltr'><strong>ut</strong></span> <span class='ocrx_word' id='word_1_104' title='bbox 1942 1667 2117 1723; x_wconf 88' lang='lat' dir='ltr'><strong>Arius</strong></span> 
     </span>
    </p>
   </div>
   <div class='ocr_carea' id='block_1_17' title="bbox 467 1755 2118 1831">
    <p class='ocr_par' dir='ltr' id='par_1_17' title="bbox 467 1755 2118 1831">
     <span class='ocr_line' id='line_1_17' title="bbox 467 1755 2118 1831; baseline -0.005 -12"><span class='ocrx_word' id='word_1_105' title='bbox 467 1762 704 1831; x_wconf 79' lang='lat' dir='ltr'><strong>citetur,</strong></span> <span class='ocrx_word' id='word_1_106' title='bbox 719 1765 887 1819; x_wconf 87' lang='lat' dir='ltr'><strong>tanta</strong></span> <span class='ocrx_word' id='word_1_107' title='bbox 905 1776 1043 1816; x_wconf 90' lang='lat' dir='ltr'><strong>cum</strong></span> <span class='ocrx_word' id='word_1_108' title='bbox 1065 1759 1143 1816; x_wconf 91' lang='lat' dir='ltr'><strong>sit</strong></span> <span class='ocrx_word' id='word_1_109' title='bbox 1163 1759 1314 1814; x_wconf 92' lang='lat' dir='ltr'><strong>inter</strong></span> <span class='ocrx_word' id='word_1_110' title='bbox 1335 1762 1656 1828; x_wconf 91' lang='lat' dir='ltr'><strong>utrumque</strong></span> <span class='ocrx_word' id='word_1_111' title='bbox 1678 1755 2118 1829; x_wconf 80' lang='lat' dir='ltr'><strong>discrepantia?</strong></span> 
     </span>
    </p>
   </div>
   <div class='ocr_carea' id='block_1_18' title="bbox 468 1935 2118 2008">
    <p class='ocr_par' dir='ltr' id='par_1_18' title="bbox 468 1935 2118 2008">
     <span class='ocr_line' id='line_1_18' title="bbox 468 1935 2118 2008; baseline -0.003 -10"><span class='ocrx_word' id='word_1_112' title='bbox 468 1958 631 1999; x_wconf 61' lang='lat' dir='ltr'><strong>novas</strong></span> <span class='ocrx_word' id='word_1_113' title='bbox 662 1938 898 1996; x_wconf 64' lang='lat' dir='ltr'><strong>har-esis</strong></span> <span class='ocrx_word' id='word_1_114' title='bbox 931 1936 1198 1994; x_wconf 88' lang='lat' dir='ltr'><strong>inventor</strong></span> <span class='ocrx_word' id='word_1_115' title='bbox 1229 1935 1471 1991; x_wconf 84' lang='lat' dir='ltr'><strong>exstitit.</strong></span> <span class='ocrx_word' id='word_1_116' title='bbox 1506 1939 1667 1991; x_wconf 88' lang='lat' dir='ltr'><strong>Certe</strong></span> <span class='ocrx_word' id='word_1_117' title='bbox 1702 1936 1877 1992; x_wconf 90' lang='lat' dir='ltr'><strong>Arius</strong></span> <span class='ocrx_word' id='word_1_118' title='bbox 1926 1952 2118 2008; x_wconf 62' lang='lat' dir='ltr'><strong>prava</strong></span> 
     </span>
    </p>
   </div>
   <div class='ocr_carea' id='block_1_19' title="bbox 469 2025 2119 2100">
    <p class='ocr_par' dir='ltr' id='par_1_19' title="bbox 469 2025 2119 2100">
     <span class='ocr_line' id='line_1_19' title="bbox 469 2025 2119 2100; baseline -0.005 -13"><span class='ocrx_word' id='word_1_119' title='bbox 469 2048 589 2088; x_wconf 72' lang='lat' dir='ltr'><strong>sum</strong></span> <span class='ocrx_word' id='word_1_120' title='bbox 618 2028 894 2086; x_wconf 76' lang='lat' dir='ltr'><strong>doctrinas</strong></span> <span class='ocrx_word' id='word_1_121' title='bbox 916 2027 1268 2100; x_wconf 79' lang='lat' dir='ltr'><strong>exponendas</strong></span> <span class='ocrx_word' id='word_1_122' title='bbox 1290 2042 1470 2081; x_wconf 89' lang='lat' dir='ltr'><strong>causa</strong></span> <span class='ocrx_word' id='word_1_123' title='bbox 1493 2026 1743 2081; x_wconf 80' lang='lat' dir='ltr'><strong>Thaliam</strong></span> <span class='ocrx_word' id='word_1_124' title='bbox 1772 2025 2119 2097; x_wconf 88' lang='lat' dir='ltr'><strong>conscripsit</strong></span> 
     </span>
    </p>
   </div>
   <div class='ocr_carea' id='block_1_20' title="bbox 467 2114 2117 2187">
    <p class='ocr_par' dir='ltr' id='par_1_20' title="bbox 467 2114 2117 2187">
     <span class='ocr_line' id='line_1_20' title="bbox 467 2114 2117 2187; baseline -0.004 -10"><span class='ocrx_word' id='word_1_125' title='bbox 467 2117 821 2179; x_wconf 78' lang='lat' dir='ltr'><strong>effeminatis</strong></span> <span class='ocrx_word' id='word_1_126' title='bbox 868 2134 936 2173; x_wconf 92' lang='lat' dir='ltr'><strong>ac</strong></span> <span class='ocrx_word' id='word_1_127' title='bbox 987 2115 1252 2172; x_wconf 90' lang='lat' dir='ltr'><strong>ridiculis</strong></span> <span class='ocrx_word' id='word_1_128' title='bbox 1300 2114 1512 2185; x_wconf 89' lang='lat' dir='ltr'><strong>modis,</strong></span> <span class='ocrx_word' id='word_1_129' title='bbox 1546 2115 1872 2187; x_wconf 72' lang='lat' dir='ltr'><strong>Egyptium</strong></span> <span class='ocrx_word' id='word_1_130' title='bbox 1906 2130 2117 2187; x_wconf 87' lang='lat' dir='ltr'><strong>nempe</strong></span> 
     </span>
    </p>
   </div>
   <div class='ocr_carea' id='block_1_21' title="bbox 467 2202 2119 2276">
    <p class='ocr_par' dir='ltr' id='par_1_21' title="bbox 467 2202 2119 2276">
     <span class='ocr_line' id='line_1_21' title="bbox 467 2202 2119 2276; baseline -0.005 -9"><span class='ocrx_word' id='word_1_131' title='bbox 467 2209 741 2267; x_wconf 89' lang='lat' dir='ltr'><strong>Sotadem</strong></span> <span class='ocrx_word' id='word_1_132' title='bbox 771 2206 1059 2263; x_wconf 85' lang='lat' dir='ltr'><strong>imitatus.</strong></span> <span class='ocrx_word' id='word_1_133' title='bbox 1081 2207 1153 2261; x_wconf 86' lang='lat' dir='ltr'><strong>At</strong></span> <span class='ocrx_word' id='word_1_134' title='bbox 1182 2203 1494 2276; x_wconf 77' lang='lat' dir='ltr'><strong>Dionysius</strong></span> <span class='ocrx_word' id='word_1_135' title='bbox 1522 2202 1667 2260; x_wconf 85' lang='lat' dir='ltr'><strong>alias</strong></span> <span class='ocrx_word' id='word_1_136' title='bbox 1699 2203 1939 2276; x_wconf 88' lang='lat' dir='ltr'><strong>quidem</strong></span> <span class='ocrx_word' id='word_1_137' title='bbox 1972 2202 2119 2273; x_wconf 69' lang='lat' dir='ltr'><strong>seri;-</strong></span> 
     </span>
    </p>
   </div>
   <div class='ocr_carea' id='block_1_22' title="bbox 467 2292 2115 2373">
    <p class='ocr_par' dir='ltr' id='par_1_22' title="bbox 467 2292 2115 2373">
     <span class='ocr_line' id='line_1_22' title="bbox 467 2292 2115 2373; baseline -0.005 -17"><span class='ocrx_word' id='word_1_138' title='bbox 467 2298 587 2373; x_wconf 87' lang='lat' dir='ltr'><strong>psit</strong></span> <span class='ocrx_word' id='word_1_139' title='bbox 605 2296 904 2371; x_wconf 82' lang='lat' dir='ltr'><strong>epistolas,</strong></span> <span class='ocrx_word' id='word_1_140' title='bbox 927 2295 1028 2352; x_wconf 90' lang='lat' dir='ltr'><strong>sed</strong></span> <span class='ocrx_word' id='word_1_141' title='bbox 1056 2293 1273 2367; x_wconf 89' lang='lat' dir='ltr'><strong>quibus</strong></span> <span class='ocrx_word' id='word_1_142' title='bbox 1293 2293 1539 2364; x_wconf 85' lang='lat' dir='ltr'><strong>injectas</strong></span> <span class='ocrx_word' id='word_1_143' title='bbox 1566 2293 1935 2365; x_wconf 89' lang='lat' dir='ltr'><strong>suspiciones</strong></span> <span class='ocrx_word' id='word_1_144' title='bbox 1963 2292 2115 2349; x_wconf 89' lang='lat' dir='ltr'><strong>leva-</strong></span> 
     </span>
    </p>
   </div>
   <div class='ocr_carea' id='block_1_23' title="bbox 467 2380 2118 2457">
    <p class='ocr_par' dir='ltr' id='par_1_23' title="bbox 467 2380 2118 2457">
     <span class='ocr_line' id='line_1_23' title="bbox 467 2380 2118 2457; baseline -0.005 -12"><span class='ocrx_word' id='word_1_145' title='bbox 467 2392 575 2457; x_wconf 89' lang='lat' dir='ltr'><strong>ret,</strong></span> <span class='ocrx_word' id='word_1_146' title='bbox 607 2405 674 2445; x_wconf 89' lang='lat' dir='ltr'><strong>ac</strong></span> <span class='ocrx_word' id='word_1_147' title='bbox 718 2403 853 2444; x_wconf 82' lang='lat' dir='ltr'><strong>eum</strong></span> <span class='ocrx_word' id='word_1_148' title='bbox 901 2389 1056 2443; x_wconf 92' lang='lat' dir='ltr'><strong>recte</strong></span> <span class='ocrx_word' id='word_1_149' title='bbox 1102 2380 1323 2441; x_wconf 85' lang='lat' dir='ltr'><strong>sentire</strong></span> <span class='ocrx_word' id='word_1_150' title='bbox 1368 2387 1735 2455; x_wconf 90' lang='lat' dir='ltr'><strong>compertum</strong></span> <span class='ocrx_word' id='word_1_151' title='bbox 1785 2387 1892 2440; x_wconf 90' lang='lat' dir='ltr'><strong>est.</strong></span> <span class='ocrx_word' id='word_1_152' title='bbox 1925 2382 2033 2449; x_wconf 86' lang='lat' dir='ltr'><strong>Qui</strong></span> <span class='ocrx_word' id='word_1_153' title='bbox 2067 2382 2118 2437; x_wconf 90' lang='lat' dir='ltr'><strong>si</strong></span> 
     </span>
    </p>
   </div>
   <div class='ocr_carea' id='block_1_24' title="bbox 467 2471 2117 2547">
    <p class='ocr_par' dir='ltr' id='par_1_24' title="bbox 467 2471 2117 2547">
     <span class='ocr_line' id='line_1_24' title="bbox 467 2471 2117 2547; baseline -0.005 -12"><span class='ocrx_word' id='word_1_154' title='bbox 467 2493 667 2535; x_wconf 87' lang='lat' dir='ltr'><strong>secum</strong></span> <span class='ocrx_word' id='word_1_155' title='bbox 698 2476 759 2533; x_wconf 91' lang='lat' dir='ltr'><strong>in</strong></span> <span class='ocrx_word' id='word_1_156' title='bbox 791 2473 1027 2547; x_wconf 91' lang='lat' dir='ltr'><strong>scriptis</strong></span> <span class='ocrx_word' id='word_1_157' title='bbox 1056 2473 1182 2530; x_wconf 90' lang='lat' dir='ltr'><strong>suis</strong></span> <span class='ocrx_word' id='word_1_158' title='bbox 1212 2472 1480 2544; x_wconf 89' lang='lat' dir='ltr'><strong>dissidet,</strong></span> <span class='ocrx_word' id='word_1_159' title='bbox 1504 2488 1577 2528; x_wconf 91' lang='lat' dir='ltr'><strong>ne</strong></span> <span class='ocrx_word' id='word_1_160' title='bbox 1607 2471 1844 2528; x_wconf 86' lang='lat' dir='ltr'><strong>trahant</strong></span> <span class='ocrx_word' id='word_1_161' title='bbox 1874 2489 2011 2528; x_wconf 90' lang='lat' dir='ltr'><strong>eum</strong></span> <span class='ocrx_word' id='word_1_162' title='bbox 2044 2471 2117 2527; x_wconf 89' lang='lat' dir='ltr'><strong>ad</strong></span> 
     </span>
    </p>
   </div>
   <div class='ocr_carea' id='block_1_25' title="bbox 467 2561 2118 2636">
    <p class='ocr_par' dir='ltr' id='par_1_25' title="bbox 467 2561 2118 2636">
     <span class='ocr_line' id='line_1_25' title="bbox 467 2561 2118 2636; baseline -0.005 -11"><span class='ocrx_word' id='word_1_163' title='bbox 467 2568 561 2625; x_wconf 90' lang='lat' dir='ltr'><strong>sui</strong></span> <span class='ocrx_word' id='word_1_164' title='bbox 579 2566 961 2633; x_wconf 84' lang='lat' dir='ltr'><strong>consortium,</strong></span> <span class='ocrx_word' id='word_1_165' title='bbox 979 2578 1171 2636; x_wconf 90' lang='lat' dir='ltr'><strong>neque</strong></span> <span class='ocrx_word' id='word_1_166' title='bbox 1194 2562 1352 2619; x_wconf 90' lang='lat' dir='ltr'><strong>enim</strong></span> <span class='ocrx_word' id='word_1_167' title='bbox 1372 2561 1482 2617; x_wconf 88' lang='lat' dir='ltr'><strong>hac</strong></span> <span class='ocrx_word' id='word_1_168' title='bbox 1504 2562 1563 2617; x_wconf 91' lang='lat' dir='ltr'><strong>in</strong></span> <span class='ocrx_word' id='word_1_169' title='bbox 1584 2566 1748 2633; x_wconf 86' lang='lat' dir='ltr'><strong>parte</strong></span> <span class='ocrx_word' id='word_1_170' title='bbox 1770 2562 1883 2618; x_wconf 80' lang='lat' dir='ltr'><strong>ﬁde</strong></span> <span class='ocrx_word' id='word_1_171' title='bbox 1902 2561 2118 2634; x_wconf 88' lang='lat' dir='ltr'><strong>dignus</strong></span> 
     </span>
    </p>
   </div>
   <div class='ocr_carea' id='block_1_26' title="bbox 469 2651 2115 2725">
    <p class='ocr_par' dir='ltr' id='par_1_26' title="bbox 469 2651 2115 2725">
     <span class='ocr_line' id='line_1_26' title="bbox 469 2651 2115 2725; baseline -0.005 -11"><span class='ocrx_word' id='word_1_172' title='bbox 469 2657 597 2714; x_wconf 88' lang='lat' dir='ltr'><strong>erit.</strong></span> <span class='ocrx_word' id='word_1_173' title='bbox 628 2654 732 2713; x_wconf 89' lang='lat' dir='ltr'><strong>Sin</strong></span> <span class='ocrx_word' id='word_1_174' title='bbox 753 2671 891 2713; x_wconf 90' lang='lat' dir='ltr'><strong>cum</strong></span> <span class='ocrx_word' id='word_1_175' title='bbox 913 2652 1253 2725; x_wconf 87' lang='lat' dir='ltr'><strong>scripsisset</strong></span> <span class='ocrx_word' id='word_1_176' title='bbox 1272 2652 1345 2708; x_wconf 83' lang='lat' dir='ltr'><strong>ad</strong></span> <span class='ocrx_word' id='word_1_177' title='bbox 1370 2651 1750 2706; x_wconf 89' lang='lat' dir='ltr'><strong>Ammonium</strong></span> <span class='ocrx_word' id='word_1_178' title='bbox 1784 2651 2115 2723; x_wconf 91' lang='lat' dir='ltr'><strong>epistolam,</strong></span> 
     </span>
    </p>
   </div>
   <div class='ocr_carea' id='block_1_27' title="bbox 471 2738 2118 2817">
    <p class='ocr_par' dir='ltr' id='par_1_27' title="bbox 471 2738 2118 2817">
     <span class='ocr_line' id='line_1_27' title="bbox 471 2738 2118 2817; baseline -0.003 -17"><span class='ocrx_word' id='word_1_179' title='bbox 471 2745 532 2800; x_wconf 92' lang='lat' dir='ltr'><strong>in</strong></span> <span class='ocrx_word' id='word_1_180' title='bbox 564 2742 1081 2816; x_wconf 89' lang='lat' dir='ltr'><strong>suspicionemque</strong></span> <span class='ocrx_word' id='word_1_181' title='bbox 1106 2739 1384 2817; x_wconf 81' lang='lat' dir='ltr'><strong>venisset,</strong></span> <span class='ocrx_word' id='word_1_182' title='bbox 1415 2738 1628 2794; x_wconf 89' lang='lat' dir='ltr'><strong>deinde</strong></span> <span class='ocrx_word' id='word_1_183' title='bbox 1670 2738 1830 2795; x_wconf 90' lang='lat' dir='ltr'><strong>illius</strong></span> <span class='ocrx_word' id='word_1_184' title='bbox 1861 2739 2118 2795; x_wconf 77' lang='lat' dir='ltr'><strong>levandas</strong></span> 
     </span>
    </p>
   </div>
   <div class='ocr_carea' id='block_1_28' title="bbox 473 2828 2113 2905">
    <p class='ocr_par' dir='ltr' id='par_1_28' title="bbox 473 2828 2113 2905">
     <span class='ocr_line' id='line_1_28' title="bbox 473 2828 2113 2905; baseline -0.004 -15"><span class='ocrx_word' id='word_1_185' title='bbox 473 2850 653 2890; x_wconf 86' lang='lat' dir='ltr'><strong>causa</strong></span> <span class='ocrx_word' id='word_1_186' title='bbox 670 2848 799 2890; x_wconf 88' lang='lat' dir='ltr'><strong>sese</strong></span> <span class='ocrx_word' id='word_1_187' title='bbox 818 2828 1171 2905; x_wconf 82' lang='lat' dir='ltr'><strong>purgaverit,</strong></span> <span class='ocrx_word' id='word_1_188' title='bbox 1193 2845 1259 2884; x_wconf 89' lang='lat' dir='ltr'><strong>ac</strong></span> <span class='ocrx_word' id='word_1_189' title='bbox 1291 2832 1425 2901; x_wconf 89' lang='lat' dir='ltr'><strong>post</strong></span> <span class='ocrx_word' id='word_1_190' title='bbox 1445 2828 1843 2884; x_wconf 81' lang='lat' dir='ltr'><strong>defensionem</strong></span> <span class='ocrx_word' id='word_1_191' title='bbox 1878 2833 2113 2885; x_wconf 89' lang='lat' dir='ltr'><strong>senten-</strong></span> 
     </span>
    </p>
   </div>
   <div class='ocr_carea' id='block_1_29' title="bbox 470 2915 2122 2991">
    <p class='ocr_par' dir='ltr' id='par_1_29' title="bbox 470 2915 2122 2991">
     <span class='ocr_line' id='line_1_29' title="bbox 470 2915 2122 2991; baseline -0.003 -13"><span class='ocrx_word' id='word_1_192' title='bbox 470 2922 616 2979; x_wconf 86' lang='lat' dir='ltr'><strong>tiam</strong></span> <span class='ocrx_word' id='word_1_193' title='bbox 646 2938 762 2978; x_wconf 87' lang='lat' dir='ltr'><strong>non</strong></span> <span class='ocrx_word' id='word_1_194' title='bbox 793 2919 1056 2987; x_wconf 90' lang='lat' dir='ltr'><strong>mutarit,</strong></span> <span class='ocrx_word' id='word_1_195' title='bbox 1085 2917 1303 2991; x_wconf 89' lang='lat' dir='ltr'><strong>palam,</strong></span> <span class='ocrx_word' id='word_1_196' title='bbox 1335 2921 1427 2972; x_wconf 89' lang='lat' dir='ltr'><strong>est</strong></span> <span class='ocrx_word' id='word_1_197' title='bbox 1454 2915 1644 2983; x_wconf 84' lang='lat' dir='ltr'><strong>illum,</strong></span> <span class='ocrx_word' id='word_1_198' title='bbox 1679 2932 1809 2988; x_wconf 81' lang='lat' dir='ltr'><strong>quae</strong></span> <span class='ocrx_word' id='word_1_199' title='bbox 1847 2922 2122 2990; x_wconf 91' lang='lat' dir='ltr'><strong>suspecta</strong></span> 
     </span>
    </p>
   </div>
   <div class='ocr_carea' id='block_1_30' title="bbox 470 3005 2115 3084">
    <p class='ocr_par' dir='ltr' id='par_1_30' title="bbox 470 3005 2115 3084">
     <span class='ocr_line' id='line_1_30' title="bbox 470 3005 2115 3084; baseline -0.002 -17"><span class='ocrx_word' id='word_1_200' title='bbox 470 3011 655 3083; x_wconf 76' lang='lat' dir='ltr'><strong>fuere,</strong></span> <span class='ocrx_word' id='word_1_201' title='bbox 677 3026 780 3084; x_wconf 92' lang='lat' dir='ltr'><strong>per</strong></span> <span class='ocrx_word' id='word_1_202' title='bbox 797 3009 1113 3081; x_wconf 76' lang='lat' dir='ltr'><strong>quamdam</strong></span> <span class='ocrx_word' id='word_1_203' title='bbox 1136 3005 1635 3079; x_wconf 85' lang='lat' dir='ltr'><strong>dispensationem</strong></span> <span class='ocrx_word' id='word_1_204' title='bbox 1659 3007 2115 3079; x_wconf 88' lang='lat' dir='ltr'><strong>conscripsisse:</strong></span> 
     </span>
    </p>
   </div>
   <div class='ocr_carea' id='block_1_31' title="bbox 469 3094 2118 3173">
    <p class='ocr_par' dir='ltr' id='par_1_31' title="bbox 469 3094 2118 3173">
     <span class='ocr_line' id='line_1_31' title="bbox 469 3094 2118 3173; baseline -0.003 -15"><span class='ocrx_word' id='word_1_205' title='bbox 469 3099 690 3173; x_wconf 87' lang='lat' dir='ltr'><strong>scripta</strong></span> <span class='ocrx_word' id='word_1_206' title='bbox 715 3114 852 3156; x_wconf 89' lang='lat' dir='ltr'><strong>vero</strong></span> <span class='ocrx_word' id='word_1_207' title='bbox 881 3114 949 3154; x_wconf 89' lang='lat' dir='ltr'><strong>ac</strong></span> <span class='ocrx_word' id='word_1_208' title='bbox 977 3101 1143 3171; x_wconf 87' lang='lat' dir='ltr'><strong>gesta</strong></span> <span class='ocrx_word' id='word_1_209' title='bbox 1172 3112 1301 3168; x_wconf 74' lang='lat' dir='ltr'><strong>quaa</strong></span> <span class='ocrx_word' id='word_1_210' title='bbox 1330 3095 1402 3152; x_wconf 90' lang='lat' dir='ltr'><strong>ad</strong></span> <span class='ocrx_word' id='word_1_211' title='bbox 1434 3094 1802 3168; x_wconf 83' lang='lat' dir='ltr'><strong>negotiorum</strong></span> <span class='ocrx_word' id='word_1_212' title='bbox 1833 3096 2118 3154; x_wconf 90' lang='lat' dir='ltr'><strong>rationem</strong></span> 
     </span>
    </p>
   </div>
   <div class='ocr_carea' id='block_1_32' title="bbox 470 3183 2116 3261">
    <p class='ocr_par' dir='ltr' id='par_1_32' title="bbox 470 3183 2116 3261">
     <span class='ocr_line' id='line_1_32' title="bbox 470 3183 2116 3261; baseline -0.002 -14"><span class='ocrx_word' id='word_1_213' title='bbox 470 3194 611 3247; x_wconf 89' lang='lat' dir='ltr'><strong>sunt</strong></span> <span class='ocrx_word' id='word_1_214' title='bbox 639 3188 999 3261; x_wconf 84' lang='lat' dir='ltr'><strong>dispensata,</strong></span> <span class='ocrx_word' id='word_1_215' title='bbox 1033 3202 1151 3242; x_wconf 91' lang='lat' dir='ltr'><strong>non</strong></span> <span class='ocrx_word' id='word_1_216' title='bbox 1180 3187 1410 3257; x_wconf 88' lang='lat' dir='ltr'><strong>oportet</strong></span> <span class='ocrx_word' id='word_1_217' title='bbox 1438 3183 1693 3256; x_wconf 88' lang='lat' dir='ltr'><strong>maligne</strong></span> <span class='ocrx_word' id='word_1_218' title='bbox 1722 3184 2116 3260; x_wconf 90' lang='lat' dir='ltr'><strong>interpretari,</strong></span> 
     </span>
    </p>
   </div>
   <div class='ocr_carea' id='block_1_33' title="bbox 440 3263 2191 3349">
    <p class='ocr_par' dir='ltr' id='par_1_33' title="bbox 440 3263 2191 3349">
     <span class='ocr_line' id='line_1_33' title="bbox 440 3263 2191 3349; baseline -0.004 -12"><span class='ocrx_word' id='word_1_219' title='bbox 440 3274 445 3279; x_wconf 76' lang='grc'><em>’</em></span> <span class='ocrx_word' id='word_1_220' title='bbox 471 3283 575 3337; x_wconf 89' lang='lat' dir='ltr'><strong>aut</strong></span> <span class='ocrx_word' id='word_1_221' title='bbox 601 3279 675 3336; x_wconf 79' lang='lat' dir='ltr'><strong>ad</strong></span> <span class='ocrx_word' id='word_1_222' title='bbox 706 3294 877 3335; x_wconf 84' lang='lat' dir='ltr'><strong>suam</strong></span> <span class='ocrx_word' id='word_1_223' title='bbox 908 3291 1205 3349; x_wconf 90' lang='lat' dir='ltr'><strong>quemque</strong></span> <span class='ocrx_word' id='word_1_224' title='bbox 1232 3273 1537 3331; x_wconf 90' lang='lat' dir='ltr'><strong>libidinem</strong></span> <span class='ocrx_word' id='word_1_225' title='bbox 1569 3274 1937 3348; x_wconf 88' lang='lat' dir='ltr'><strong>detorquere.</strong></span> <span class='ocrx_word' id='word_1_226' title='bbox 1970 3277 2118 3334; x_wconf 89' lang='lat' dir='ltr'><strong>Nam</strong></span> <span class='ocrx_word' id='word_1_227' title='bbox 2149 3263 2191 3330; x_wconf 89' lang='lat' dir='ltr'>C</span> 
     </span>
    </p>
   </div>
   <div class='ocr_carea' id='block_1_34' title="bbox 469 3363 2122 3441">
    <p class='ocr_par' dir='ltr' id='par_1_34' title="bbox 469 3363 2122 3441">
     <span class='ocr_line' id='line_1_34' title="bbox 469 3363 2122 3441; baseline -0.002 -14"><span class='ocrx_word' id='word_1_228' title='bbox 469 3369 736 3426; x_wconf 86' lang='lat' dir='ltr'><strong>medicus</strong></span> <span class='ocrx_word' id='word_1_229' title='bbox 769 3366 1119 3441; x_wconf 89' lang='lat' dir='ltr'><strong>plerumque</strong></span> <span class='ocrx_word' id='word_1_230' title='bbox 1138 3381 1207 3421; x_wconf 92' lang='lat' dir='ltr'><strong>ea</strong></span> <span class='ocrx_word' id='word_1_231' title='bbox 1236 3363 1494 3420; x_wconf 85' lang='lat' dir='ltr'><strong>remedia</strong></span> <span class='ocrx_word' id='word_1_232' title='bbox 1519 3380 1646 3437; x_wconf 85' lang='lat' dir='ltr'><strong>quae</strong></span> <span class='ocrx_word' id='word_1_233' title='bbox 1672 3364 1967 3437; x_wconf 86' lang='lat' dir='ltr'><strong>aliquibus</strong></span> <span class='ocrx_word' id='word_1_234' title='bbox 1988 3384 2122 3423; x_wconf 90' lang='lat' dir='ltr'><strong>con-</strong></span> 
     </span>
    </p>
   </div>
   <div class='ocr_carea' id='block_1_35' title="bbox 469 3451 2122 3533">
    <p class='ocr_par' dir='ltr' id='par_1_35' title="bbox 469 3451 2122 3533">
     <span class='ocr_line' id='line_1_35' title="bbox 469 3451 2122 3533; baseline -0.002 -18"><span class='ocrx_word' id='word_1_235' title='bbox 469 3474 618 3533; x_wconf 89' lang='lat' dir='ltr'><strong>grua</strong></span> <span class='ocrx_word' id='word_1_236' title='bbox 645 3474 763 3513; x_wconf 91' lang='lat' dir='ltr'><strong>non</strong></span> <span class='ocrx_word' id='word_1_237' title='bbox 790 3455 1084 3526; x_wconf 86' lang='lat' dir='ltr'><strong>videntur,</strong></span> <span class='ocrx_word' id='word_1_238' title='bbox 1107 3453 1467 3525; x_wconf 89' lang='lat' dir='ltr'><strong>quibusdam</strong></span> <span class='ocrx_word' id='word_1_239' title='bbox 1499 3451 1860 3523; x_wconf 91' lang='lat' dir='ltr'><strong>vulneribus,</strong></span> <span class='ocrx_word' id='word_1_240' title='bbox 1888 3460 1953 3511; x_wconf 90' lang='lat' dir='ltr'><strong>ut</strong></span> <span class='ocrx_word' id='word_1_241' title='bbox 1982 3473 2122 3513; x_wconf 88' lang='lat' dir='ltr'><strong>con-</strong></span> 
     </span>
    </p>
   </div>
   <div class='ocr_carea' id='block_1_36' title="bbox 472 3540 2120 3617">
    <p class='ocr_par' dir='ltr' id='par_1_36' title="bbox 472 3540 2120 3617">
     <span class='ocr_line' id='line_1_36' title="bbox 472 3540 2120 3617; baseline -0.002 -12"><span class='ocrx_word' id='word_1_242' title='bbox 472 3551 820 3606; x_wconf 85' lang='lat' dir='ltr'><strong>sentaneum</strong></span> <span class='ocrx_word' id='word_1_243' title='bbox 870 3560 1000 3602; x_wconf 90' lang='lat' dir='ltr'><strong>esse</strong></span> <span class='ocrx_word' id='word_1_244' title='bbox 1047 3542 1227 3611; x_wconf 87' lang='lat' dir='ltr'><strong>novit,</strong></span> <span class='ocrx_word' id='word_1_245' title='bbox 1259 3540 1519 3611; x_wconf 88' lang='lat' dir='ltr'><strong>adhibet,</strong></span> <span class='ocrx_word' id='word_1_246' title='bbox 1552 3559 1669 3598; x_wconf 92' lang='lat' dir='ltr'><strong>non</strong></span> <span class='ocrx_word' id='word_1_247' title='bbox 1718 3543 1901 3600; x_wconf 88' lang='lat' dir='ltr'><strong>alium</strong></span> <span class='ocrx_word' id='word_1_248' title='bbox 1940 3561 2120 3617; x_wconf 87' lang='lat' dir='ltr'><strong>quam</strong></span> 
     </span>
    </p>
   </div>
   <div class='ocr_carea' id='block_1_37' title="bbox 475 3633 2121 3709">
    <p class='ocr_par' dir='ltr' id='par_1_37' title="bbox 475 3633 2121 3709">
     <span class='ocr_line' id='line_1_37' title="bbox 475 3633 2121 3709; baseline -0.001 -14"><span class='ocrx_word' id='word_1_249' title='bbox 475 3636 723 3696; x_wconf 88' lang='lat' dir='ltr'><strong>curandi</strong></span> <span class='ocrx_word' id='word_1_250' title='bbox 769 3651 1012 3708; x_wconf 84' lang='lat' dir='ltr'><strong>secpum</strong></span> <span class='ocrx_word' id='word_1_251' title='bbox 1052 3633 1295 3690; x_wconf 90' lang='lat' dir='ltr'><strong>habens.</strong></span> <span class='ocrx_word' id='word_1_252' title='bbox 1330 3633 1644 3690; x_wconf 84' lang='lat' dir='ltr'><strong>Prudentis</strong></span> <span class='ocrx_word' id='word_1_253' title='bbox 1671 3633 1876 3691; x_wconf 88' lang='lat' dir='ltr'><strong>itidem</strong></span> <span class='ocrx_word' id='word_1_254' title='bbox 1909 3653 2121 3709; x_wconf 74' lang='lat' dir='ltr'><strong>praece-</strong></span> 
     </span>
    </p>
   </div>
   <div class='ocr_carea' id='block_1_38' title="bbox 475 3723 2123 3803">
    <p class='ocr_par' dir='ltr' id='par_1_38' title="bbox 475 3723 2123 3803">
     <span class='ocr_line' id='line_1_38' title="bbox 475 3723 2123 3803; baseline -0.001 -18"><span class='ocrx_word' id='word_1_255' title='bbox 475 3728 664 3803; x_wconf 91' lang='lat' dir='ltr'><strong>ptoris</strong></span> <span class='ocrx_word' id='word_1_256' title='bbox 687 3731 795 3796; x_wconf 91' lang='lat' dir='ltr'><strong>est,</strong></span> <span class='ocrx_word' id='word_1_257' title='bbox 814 3725 1014 3782; x_wconf 89' lang='lat' dir='ltr'><strong>omnia</strong></span> <span class='ocrx_word' id='word_1_258' title='bbox 1033 3725 1106 3780; x_wconf 93' lang='lat' dir='ltr'><strong>ad</strong></span> <span class='ocrx_word' id='word_1_259' title='bbox 1128 3723 1550 3796; x_wconf 85' lang='lat' dir='ltr'><strong>discipulorum</strong></span> <span class='ocrx_word' id='word_1_260' title='bbox 1572 3723 1873 3797; x_wconf 89' lang='lat' dir='ltr'><strong>ingenium</strong></span> <span class='ocrx_word' id='word_1_261' title='bbox 1894 3731 2009 3783; x_wconf 87' lang='lat' dir='ltr'><strong>tem</strong></span> <span class='ocrx_word' id='word_1_262' title='bbox 2019 3744 2123 3801; x_wconf 85' lang='lat' dir='ltr'><strong>pe-</strong></span> 
     </span>
    </p>
   </div>
   <div class='ocr_carea' id='block_1_39' title="bbox 469 3813 2121 3888">
    <p class='ocr_par' dir='ltr' id='par_1_39' title="bbox 469 3813 2121 3888">
     <span class='ocr_line' id='line_1_39' title="bbox 469 3813 2121 3888; baseline -0.004 -9"><span class='ocrx_word' id='word_1_263' title='bbox 469 3836 599 3880; x_wconf 88' lang='lat' dir='ltr'><strong>rare</strong></span> <span class='ocrx_word' id='word_1_264' title='bbox 618 3818 962 3888; x_wconf 89' lang='lat' dir='ltr'><strong>docereque,</strong></span> <span class='ocrx_word' id='word_1_265' title='bbox 986 3814 1169 3870; x_wconf 87' lang='lat' dir='ltr'><strong>donec</strong></span> <span class='ocrx_word' id='word_1_266' title='bbox 1191 3828 1290 3869; x_wconf 89' lang='lat' dir='ltr'><strong>eos</strong></span> <span class='ocrx_word' id='word_1_267' title='bbox 1320 3813 1392 3868; x_wconf 91' lang='lat' dir='ltr'><strong>ad</strong></span> <span class='ocrx_word' id='word_1_268' title='bbox 1427 3813 1797 3885; x_wconf 86' lang='lat' dir='ltr'><strong>perfectionis</strong></span> <span class='ocrx_word' id='word_1_269' title='bbox 1818 3814 1973 3872; x_wconf 88' lang='lat' dir='ltr'><strong>viam</strong></span> <span class='ocrx_word' id='word_1_270' title='bbox 2002 3819 2121 3873; x_wconf 88' lang='lat' dir='ltr'><strong>tra-</strong></span> 
     </span>
    </p>
   </div>
   <div class='ocr_carea' id='block_1_40' title="bbox 475 3907 728 3968">
    <p class='ocr_par' dir='ltr' id='par_1_40' title="bbox 475 3907 728 3968">
     <span class='ocr_line' id='line_1_40' title="bbox 475 3907 728 3968; baseline -0.024 0"><span class='ocrx_word' id='word_1_271' title='bbox 475 3907 728 3968; x_wconf 81' lang='lat' dir='ltr'><strong>duxerit.</strong></span> 
     </span>
    </p>
   </div>
   <div class='ocr_carea' id='block_1_41' title="bbox 540 3991 2121 4062">
    <p class='ocr_par' dir='ltr' id='par_1_41' title="bbox 540 3991 2121 4062">
     <span class='ocr_line' id='line_1_41' title="bbox 540 3991 2121 4062; baseline 0.001 -10"><span class='ocrx_word' id='word_1_272' title='bbox 540 4000 598 4054; x_wconf 90' lang='lat'><strong>7.</strong></span> <span class='ocrx_word' id='word_1_273' title='bbox 630 3995 794 4062; x_wconf 87' lang='lat' dir='ltr'><strong>Quod</strong></span> <span class='ocrx_word' id='word_1_274' title='bbox 825 3993 875 4050; x_wconf 91' lang='lat' dir='ltr'><strong>si</strong></span> <span class='ocrx_word' id='word_1_275' title='bbox 906 4009 973 4049; x_wconf 92' lang='lat' dir='ltr'><strong>eo</strong></span> <span class='ocrx_word' id='word_1_276' title='bbox 1013 3991 1207 4049; x_wconf 90' lang='lat' dir='ltr'><strong>solum</strong></span> <span class='ocrx_word' id='word_1_277' title='bbox 1237 3991 1475 4048; x_wconf 91' lang='lat' dir='ltr'><strong>nomine</strong></span> <span class='ocrx_word' id='word_1_278' title='bbox 1503 3991 1682 4047; x_wconf 78' lang='lat' dir='ltr'><strong>beatae</strong></span> <span class='ocrx_word' id='word_1_279' title='bbox 1712 3994 2007 4051; x_wconf 60' lang='lat' dir='ltr'><strong>memoria)</strong></span> <span class='ocrx_word' id='word_1_280' title='bbox 2035 3997 2121 4053; x_wconf 90' lang='lat' dir='ltr'><strong>vi-</strong></span> 
     </span>
    </p>
   </div>
   <div class='ocr_carea' id='block_1_42' title="bbox 474 4080 2123 4158">
    <p class='ocr_par' dir='ltr' id='par_1_42' title="bbox 474 4080 2123 4158">
     <span class='ocr_line' id='line_1_42' title="bbox 474 4080 2123 4158; baseline 0 -14"><span class='ocrx_word' id='word_1_281' title='bbox 474 4104 607 4145; x_wconf 89' lang='lat' dir='ltr'><strong>rum</strong></span> <span class='ocrx_word' id='word_1_282' title='bbox 638 4084 1045 4149; x_wconf 87' lang='lat' dir='ltr'><strong>criminantur,</strong></span> <span class='ocrx_word' id='word_1_283' title='bbox 1079 4081 1235 4155; x_wconf 91' lang='lat' dir='ltr'><strong>quod</strong></span> <span class='ocrx_word' id='word_1_284' title='bbox 1291 4081 1373 4138; x_wconf 88' lang='lat' dir='ltr'><strong>ita</strong></span> <span class='ocrx_word' id='word_1_285' title='bbox 1418 4080 1722 4154; x_wconf 88' lang='lat' dir='ltr'><strong>scripserit</strong></span> <span class='ocrx_word' id='word_1_286' title='bbox 1753 4084 2123 4158; x_wconf 86' lang='lat' dir='ltr'><strong>(argumenta</strong></span> 
     </span>
    </p>
   </div>
   <div class='ocr_carea' id='block_1_43' title="bbox 473 4169 2122 4249">
    <p class='ocr_par' dir='ltr' id='par_1_43' title="bbox 473 4169 2122 4249">
     <span class='ocr_line' id='line_1_43' title="bbox 473 4169 2122 4249; baseline -0.002 -16"><span class='ocrx_word' id='word_1_287' title='bbox 473 4176 690 4249; x_wconf 88' lang='lat' dir='ltr'><strong>quippe</strong></span> <span class='ocrx_word' id='word_1_288' title='bbox 712 4190 840 4247; x_wconf 67' lang='lat' dir='ltr'><strong>qua:</strong></span> <span class='ocrx_word' id='word_1_289' title='bbox 861 4172 1059 4228; x_wconf 85' lang='lat' dir='ltr'><strong>Ariani</strong></span> <span class='ocrx_word' id='word_1_290' title='bbox 1078 4172 1152 4227; x_wconf 88' lang='lat' dir='ltr'><strong>ab</strong></span> <span class='ocrx_word' id='word_1_291' title='bbox 1174 4169 1304 4242; x_wconf 91' lang='lat' dir='ltr'><strong>ipso</strong></span> <span class='ocrx_word' id='word_1_292' title='bbox 1326 4174 1676 4227; x_wconf 89' lang='lat' dir='ltr'><strong>mutuantur</strong></span> <span class='ocrx_word' id='word_1_293' title='bbox 1693 4189 1827 4228; x_wconf 89' lang='lat' dir='ltr'><strong>vere</strong></span> <span class='ocrx_word' id='word_1_294' title='bbox 1849 4174 2122 4231; x_wconf 88' lang='lat' dir='ltr'><strong>crimina-</strong></span> 
     </span>
    </p>
   </div>
   <div class='ocr_carea' id='block_1_44' title="bbox 471 4260 2123 4334">
    <p class='ocr_par' dir='ltr' id='par_1_44' title="bbox 471 4260 2123 4334">
     <span class='ocr_line' id='line_1_44' title="bbox 471 4260 2123 4334; baseline -0.001 -11"><span class='ocrx_word' id='word_1_295' title='bbox 471 4266 664 4323; x_wconf 86' lang='lat' dir='ltr'><strong>tiones</strong></span> <span class='ocrx_word' id='word_1_296' title='bbox 692 4262 875 4334; x_wconf 87' lang='lat' dir='ltr'><strong>sunt),</strong></span> <span class='ocrx_word' id='word_1_297' title='bbox 908 4261 1050 4334; x_wconf 91' lang='lat' dir='ltr'><strong>quid</strong></span> <span class='ocrx_word' id='word_1_298' title='bbox 1084 4260 1313 4329; x_wconf 81' lang='lat' dir='ltr'><strong>facturi,</strong></span> <span class='ocrx_word' id='word_1_299' title='bbox 1346 4276 1565 4332; x_wconf 67' lang='lat' dir='ltr'><strong>quaeso,</strong></span> <span class='ocrx_word' id='word_1_300' title='bbox 1599 4265 1758 4329; x_wconf 87' lang='lat' dir='ltr'><strong>sunt,</strong></span> <span class='ocrx_word' id='word_1_301' title='bbox 1792 4262 1842 4317; x_wconf 92' lang='lat' dir='ltr'><strong>si</strong></span> <span class='ocrx_word' id='word_1_302' title='bbox 1880 4264 2123 4321; x_wconf 87' lang='lat' dir='ltr'><strong>audiant</strong></span> 
     </span>
    </p>
   </div>
   <div class='ocr_carea' id='block_1_45' title="bbox 474 4347 2119 4428">
    <p class='ocr_par' dir='ltr' id='par_1_45' title="bbox 474 4347 2119 4428">
     <span class='ocr_line' id='line_1_45' title="bbox 474 4347 2119 4428; baseline -0.001 -16"><span class='ocrx_word' id='word_1_303' title='bbox 474 4369 724 4428; x_wconf 85' lang='lat' dir='ltr'><strong>magnos</strong></span> <span class='ocrx_word' id='word_1_304' title='bbox 754 4356 812 4408; x_wconf 89' lang='lat' dir='ltr'><strong>et</strong></span> <span class='ocrx_word' id='word_1_305' title='bbox 840 4350 1042 4407; x_wconf 89' lang='lat' dir='ltr'><strong>beatos</strong></span> <span class='ocrx_word' id='word_1_306' title='bbox 1073 4347 1369 4422; x_wconf 86' lang='lat' dir='ltr'><strong>apostolos</strong></span> <span class='ocrx_word' id='word_1_307' title='bbox 1397 4348 1704 4421; x_wconf 89' lang='lat' dir='ltr'><strong>loquentes</strong></span> <span class='ocrx_word' id='word_1_308' title='bbox 1748 4351 1807 4406; x_wconf 91' lang='lat' dir='ltr'><strong>in</strong></span> <span class='ocrx_word' id='word_1_309' title='bbox 1851 4352 2119 4422; x_wconf 84' lang='lat' dir='ltr'><strong>Actibus,</strong></span> 
     </span>
    </p>
   </div>
   <div class='ocr_carea' id='block_1_46' title="bbox 468 4437 2124 4514">
    <p class='ocr_par' dir='ltr' id='par_1_46' title="bbox 468 4437 2124 4514">
     <span class='ocr_line' id='line_1_46' title="bbox 468 4437 2124 4514; baseline 0 -14"><span class='ocrx_word' id='word_1_310' title='bbox 468 4444 707 4500; x_wconf 87' lang='lat' dir='ltr'><strong>Petrum</strong></span> <span class='ocrx_word' id='word_1_311' title='bbox 740 4439 980 4514; x_wconf 91' lang='lat' dir='ltr'><strong>quidem</strong></span> <span class='ocrx_word' id='word_1_312' title='bbox 1023 4438 1116 4494; x_wconf 92' lang='lat' dir='ltr'><strong>his</strong></span> <span class='ocrx_word' id='word_1_313' title='bbox 1157 4437 1352 4494; x_wconf 88' lang='lat' dir='ltr'><strong>verbis</strong></span> <span class='ocrx_word' id='word_1_314' title='bbox 1385 4454 1398 4493; x_wconf 92' lang='lat'><strong>:</strong></span> <span class='ocrx_word' id='word_1_315' title='bbox 1453 4439 1570 4494; x_wconf 84' lang='lat' dir='ltr'><strong>Viri</strong></span> <span class='ocrx_word' id='word_1_316' title='bbox 1616 4439 1905 4513; x_wconf 49' lang='lat' dir='ltr'><strong>Israelita,</strong></span> <span class='ocrx_word' id='word_1_317' title='bbox 1937 4442 2124 4501; x_wconf 79' lang='lat' dir='ltr'><strong>audite</strong></span> 
     </span>
    </p>
   </div>
   <div class='ocr_carea' id='block_1_47' title="bbox 465 4529 2120 4601">
    <p class='ocr_par' dir='ltr' id='par_1_47' title="bbox 465 4529 2120 4601">
     <span class='ocr_line' id='line_1_47' title="bbox 465 4529 2120 4601; baseline 0.001 -12"><span class='ocrx_word' id='word_1_318' title='bbox 465 4532 632 4590; x_wconf 86' lang='lat' dir='ltr'><strong>verba</strong></span> <span class='ocrx_word' id='word_1_319' title='bbox 660 4530 778 4589; x_wconf 69' lang='lat' dir='ltr'><strong>haec</strong></span> <span class='ocrx_word' id='word_1_320' title='bbox 806 4546 826 4584; x_wconf 89' lang='lat'><strong><em>:</em></strong></span> <span class='ocrx_word' id='word_1_321' title='bbox 871 4533 1066 4587; x_wconf 84' lang='lat' dir='ltr'><strong>Jesum</strong></span> <span class='ocrx_word' id='word_1_322' title='bbox 1091 4529 1441 4584; x_wconf 70' lang='lat' dir='ltr'><strong>Nazarenam</strong></span> <span class='ocrx_word' id='word_1_323' title='bbox 1470 4529 1654 4583; x_wconf 83' lang='lat' dir='ltr'><strong>virum</strong></span> <span class='ocrx_word' id='word_1_324' title='bbox 1682 4532 2045 4601; x_wconf 80' lang='lat' dir='ltr'><strong>approbatum</strong></span> <span class='ocrx_word' id='word_1_325' title='bbox 2084 4552 2120 4591; x_wconf 88' lang='lat' dir='ltr'><strong>a</strong></span> 
     </span>
    </p>
   </div>
   <div class='ocr_carea' id='block_1_48' title="bbox 2215 595 3880 674">
    <p class='ocr_par' dir='ltr' id='par_1_48' title="bbox 2215 595 3880 674">
     <span class='ocr_line' id='line_1_48' title="bbox 2215 595 3880 674; baseline 0.001 -22"><span class='ocrx_word' id='word_1_326' title='bbox 2215 596 2629 674; x_wconf 79' lang='grc' dir='ltr'><strong>τολμηρότερον</strong></span> <span class='ocrx_word' id='word_1_327' title='bbox 2682 595 2876 652; x_wconf 64' lang='grc' dir='ltr'>ἐκεῖνοι</span> <span class='ocrx_word' id='word_1_328' title='bbox 2924 597 3017 652; x_wconf 89' lang='grc' dir='ltr'><strong>τὸν</strong></span> <span class='ocrx_word' id='word_1_329' title='bbox 3068 596 3192 653; x_wconf 76' lang='grc' dir='ltr'>Υἰὸν</span> <span class='ocrx_word' id='word_1_330' title='bbox 3240 598 3513 672; x_wconf 79' lang='grc' dir='ltr'>ἠρνοῦντο</span> <span class='ocrx_word' id='word_1_331' title='bbox 3570 597 3762 655; x_wconf 79' lang='grc' dir='ltr'>καὶτὰ</span> <span class='ocrx_word' id='word_1_332' title='bbox 3790 598 3880 653; x_wconf 84' lang='grc' dir='ltr'>ἀν-</span> 
     </span>
    </p>
   </div>
   <div class='ocr_carea' id='block_1_49' title="bbox 2218 686 3879 763">
    <p class='ocr_par' dir='ltr' id='par_1_49' title="bbox 2218 686 3879 763">
     <span class='ocr_line' id='line_1_49' title="bbox 2218 686 3879 763; baseline 0.002 -22"><span class='ocrx_word' id='word_1_333' title='bbox 2218 687 2464 763; x_wconf 81' lang='grc' dir='ltr'>θρώπινα</span> <span class='ocrx_word' id='word_1_334' title='bbox 2514 686 2679 742; x_wconf 81' lang='grc' dir='ltr'>αὐτοῦ</span> <span class='ocrx_word' id='word_1_335' title='bbox 2723 691 2803 759; x_wconf 82' lang='grc' dir='ltr'>τῷ</span> <span class='ocrx_word' id='word_1_336' title='bbox 2854 686 3025 763; x_wconf 88' lang='grc' dir='ltr'>Πατρί</span> <span class='ocrx_word' id='word_1_337' title='bbox 3074 687 3399 759; x_wconf 82' lang='grc' dir='ltr'>ἀνετίθεσαν,</span> <span class='ocrx_word' id='word_1_338' title='bbox 3434 686 3607 750; x_wconf 70' lang='grc' dir='ltr'>οὕτως</span> <span class='ocrx_word' id='word_1_339' title='bbox 3641 688 3758 761; x_wconf 84' lang='grc'>(79)</span> <span class='ocrx_word' id='word_1_340' title='bbox 3787 687 3879 745; x_wconf 78' lang='grc' dir='ltr'><strong>οὗ·</strong></span> 
     </span>
    </p>
   </div>
   <div class='ocr_carea' id='block_1_50' title="bbox 2215 773 3878 853">
    <p class='ocr_par' dir='ltr' id='par_1_50' title="bbox 2215 773 3878 853">
     <span class='ocr_line' id='line_1_50' title="bbox 2215 773 3878 853; baseline 0.001 -22"><span class='ocrx_word' id='word_1_341' title='bbox 2215 798 2331 846; x_wconf 89' lang='grc' dir='ltr'>τος,</span> <span class='ocrx_word' id='word_1_342' title='bbox 2366 773 2539 847; x_wconf 81' lang='grc' dir='ltr'>δείξας</span> <span class='ocrx_word' id='word_1_343' title='bbox 2599 775 2681 831; x_wconf 80' lang='grc' dir='ltr'>ὅτι</span> <span class='ocrx_word' id='word_1_344' title='bbox 2741 775 2849 852; x_wconf 82' lang='grc' dir='ltr'>οὐχ</span> <span class='ocrx_word' id='word_1_345' title='bbox 2901 778 2930 831; x_wconf 96' lang='lat'><strong>6</strong></span> <span class='ocrx_word' id='word_1_346' title='bbox 2983 778 3195 853; x_wconf 73' lang='grc' dir='ltr'>Πατὴρ,</span> <span class='ocrx_word' id='word_1_347' title='bbox 3229 775 3357 832; x_wconf 84' lang='grc' dir='ltr'>ἀλλ’</span> <span class='ocrx_word' id='word_1_348' title='bbox 3401 778 3430 832; x_wconf 90' lang='lat'><strong>6</strong></span> <span class='ocrx_word' id='word_1_349' title='bbox 3488 776 3613 839; x_wconf 74' lang='grc' dir='ltr'>Υἱός</span> <span class='ocrx_word' id='word_1_350' title='bbox 3673 775 3814 832; x_wconf 78' lang='grc' dir='ltr'>ἐστιν</span> <span class='ocrx_word' id='word_1_351' title='bbox 3847 778 3878 833; x_wconf 92' lang='lat'><strong>6</strong></span> 
     </span>
    </p>
   </div>
   <div class='ocr_carea' id='block_1_51' title="bbox 2217 864 3880 943">
    <p class='ocr_par' dir='ltr' id='par_1_51' title="bbox 2217 864 3880 943">
     <span class='ocr_line' id='line_1_51' title="bbox 2217 864 3880 943; baseline 0.001 -23"><span class='ocrx_word' id='word_1_352' title='bbox 2217 865 2508 942; x_wconf 87' lang='grc' dir='ltr'>γενόμενος</span> <span class='ocrx_word' id='word_1_353' title='bbox 2541 866 2674 942; x_wconf 76' lang='grc' dir='ltr'>ὑπὲρ</span> <span class='ocrx_word' id='word_1_354' title='bbox 2711 868 2872 938; x_wconf 81' lang='grc' dir='ltr'>ἡμῶν</span> <span class='ocrx_word' id='word_1_355' title='bbox 2924 864 3230 943; x_wconf 76' lang='grc' dir='ltr'>ἅνθρωπος,</span> <span class='ocrx_word' id='word_1_356' title='bbox 3262 866 3424 941; x_wconf 80' lang='grc' dir='ltr'>πείσῃ</span> <span class='ocrx_word' id='word_1_357' title='bbox 3471 864 3601 929; x_wconf 77' lang='grc' dir='ltr'>τοὺς</span> <span class='ocrx_word' id='word_1_358' title='bbox 3650 866 3880 941; x_wconf 79' lang='grc' dir='ltr'>ἀμαθεῖς</span> 
     </span>
    </p>
   </div>
   <div class='ocr_carea' id='block_1_52' title="bbox 2223 954 3881 1032">
    <p class='ocr_par' dir='ltr' id='par_1_52' title="bbox 2223 954 3881 1032">
     <span class='ocr_line' id='line_1_52' title="bbox 2223 954 3881 1032; baseline 0.002 -23"><span class='ocrx_word' id='word_1_359' title='bbox 2223 956 2299 1028; x_wconf 82' lang='grc' dir='ltr'>μὴ</span> <span class='ocrx_word' id='word_1_360' title='bbox 2360 955 2494 1009; x_wconf 74' lang='grc' dir='ltr'>εἶναι</span> <span class='ocrx_word' id='word_1_361' title='bbox 2549 954 2641 1010; x_wconf 87' lang='grc' dir='ltr'>τὸν</span> <span class='ocrx_word' id='word_1_362' title='bbox 2702 955 2914 1032; x_wconf 81' lang='grc' dir='ltr'>Ιιατέρα</span> <span class='ocrx_word' id='word_1_363' title='bbox 2968 956 3116 1021; x_wconf 78' lang='grc' dir='ltr'>Υἱὸν,</span> <span class='ocrx_word' id='word_1_364' title='bbox 3155 955 3247 1011; x_wconf 83' lang='grc' dir='ltr'><strong>καὶ</strong></span> <span class='ocrx_word' id='word_1_365' title='bbox 3304 954 3449 1012; x_wconf 76' lang='grc' dir='ltr'>οὕτω</span> <span class='ocrx_word' id='word_1_366' title='bbox 3508 955 3703 1017; x_wconf 77' lang='grc' dir='ltr'>λοιπὸν</span> <span class='ocrx_word' id='word_1_367' title='bbox 3761 957 3881 1012; x_wconf 84' lang='grc' dir='ltr'>κατ’</span> 
     </span>
    </p>
   </div>
   <div class='ocr_carea' id='block_1_53' title="bbox 2223 1042 3881 1121">
    <p class='ocr_par' dir='ltr' id='par_1_53' title="bbox 2223 1042 3881 1121">
     <span class='ocr_line' id='line_1_53' title="bbox 2223 1042 3881 1121; baseline 0.002 -23"><span class='ocrx_word' id='word_1_368' title='bbox 2223 1042 2409 1119; x_wconf 77' lang='grc' dir='ltr'>ὀλίγον</span> <span class='ocrx_word' id='word_1_369' title='bbox 2466 1043 2700 1106; x_wconf 81' lang='grc' dir='ltr'>ἐκείνους</span> <span class='ocrx_word' id='word_1_370' title='bbox 2757 1043 2833 1107; x_wconf 91' lang='grc' dir='ltr'><strong>εἰς</strong></span> <span class='ocrx_word' id='word_1_371' title='bbox 2889 1045 2989 1114; x_wconf 72' lang='grc' dir='ltr'>τὴν</span> <span class='ocrx_word' id='word_1_372' title='bbox 3036 1043 3302 1116; x_wconf 75' lang='grc' dir='ltr'>ἀληθινὴν</span> <span class='ocrx_word' id='word_1_373' title='bbox 3354 1044 3594 1121; x_wconf 78' lang='grc' dir='ltr'>ἀναγάγῃ</span> <span class='ocrx_word' id='word_1_374' title='bbox 3650 1045 3881 1116; x_wconf 84' lang='grc' dir='ltr'>θεότητα</span> 
     </span>
    </p>
   </div>
   <div class='ocr_carea' id='block_1_54' title="bbox 2219 1132 3878 1211">
    <p class='ocr_par' dir='ltr' id='par_1_54' title="bbox 2219 1132 3878 1211">
     <span class='ocr_line' id='line_1_54' title="bbox 2219 1132 3878 1211; baseline 0.003 -23"><span class='ocrx_word' id='word_1_375' title='bbox 2219 1138 2316 1188; x_wconf 86' lang='grc' dir='ltr'><strong>τοῦ</strong></span> <span class='ocrx_word' id='word_1_376' title='bbox 2372 1134 2500 1188; x_wconf 72' lang='grc' dir='ltr'>Υἰοῦ</span> <span class='ocrx_word' id='word_1_377' title='bbox 2532 1134 2666 1208; x_wconf 91' lang='grc'>(80),</span> <span class='ocrx_word' id='word_1_378' title='bbox 2699 1132 2788 1188; x_wconf 86' lang='grc' dir='ltr'><strong>καὶ</strong></span> <span class='ocrx_word' id='word_1_379' title='bbox 2846 1134 2944 1202; x_wconf 81' lang='grc' dir='ltr'>τήν</span> <span class='ocrx_word' id='word_1_380' title='bbox 3004 1138 3199 1208; x_wconf 75' lang='grc' dir='ltr'>γνῶσιν</span> <span class='ocrx_word' id='word_1_381' title='bbox 3229 1135 3330 1203; x_wconf 79' lang='grc' dir='ltr'>τὴν</span> <span class='ocrx_word' id='word_1_382' title='bbox 3357 1134 3482 1210; x_wconf 82' lang='grc' dir='ltr'>περὶ</span> <span class='ocrx_word' id='word_1_383' title='bbox 3512 1137 3612 1190; x_wconf 90' lang='grc' dir='ltr'><strong>τοῦ</strong></span> <span class='ocrx_word' id='word_1_384' title='bbox 3641 1134 3878 1211; x_wconf 79' lang='grc' dir='ltr'><strong>Πατρός.</strong></span> 
     </span>
    </p>
   </div>
   <div class='ocr_carea' id='block_1_55' title="bbox 2222 1221 3876 1296">
    <p class='ocr_par' dir='ltr' id='par_1_55' title="bbox 2222 1221 3876 1296">
     <span class='ocr_line' id='line_1_55' title="bbox 2222 1221 3876 1296; baseline 0 -17"><span class='ocrx_word' id='word_1_385' title='bbox 2222 1222 2371 1293; x_wconf 74' lang='grc' dir='ltr'>Αὕτη</span> <span class='ocrx_word' id='word_1_386' title='bbox 2400 1230 2501 1293; x_wconf 82' lang='grc' dir='ltr'>τῆς</span> <span class='ocrx_word' id='word_1_387' title='bbox 2542 1221 2840 1293; x_wconf 76' lang='grc' dir='ltr'><strong>ἐπιπολῆς</strong></span> <span class='ocrx_word' id='word_1_388' title='bbox 2867 1225 2903 1293; x_wconf 82' lang='grc' dir='ltr'>ἡ</span> <span class='ocrx_word' id='word_1_389' title='bbox 2947 1222 3220 1295; x_wconf 82' lang='grc' dir='ltr'>ὑπόθεσις,</span> <span class='ocrx_word' id='word_1_390' title='bbox 3251 1223 3344 1278; x_wconf 81' lang='grc' dir='ltr'><strong>καὶ</strong></span> <span class='ocrx_word' id='word_1_391' title='bbox 3391 1221 3483 1279; x_wconf 81' lang='grc' dir='ltr'>διὰ</span> <span class='ocrx_word' id='word_1_392' title='bbox 3527 1222 3728 1296; x_wconf 86' lang='grc' dir='ltr'>ταύτην</span> <span class='ocrx_word' id='word_1_393' title='bbox 3774 1227 3876 1294; x_wconf 69' lang='grc' dir='ltr'>τὴν</span> 
     </span>
    </p>
   </div>
   <div class='ocr_carea' id='block_1_56' title="bbox 2222 1307 3879 1388">
    <p class='ocr_par' dir='ltr' id='par_1_56' title="bbox 2222 1307 3879 1388">
     <span class='ocr_line' id='line_1_56' title="bbox 2222 1307 3879 1388; baseline 0.001 -21"><span class='ocrx_word' id='word_1_394' title='bbox 2222 1312 2395 1367; x_wconf 86' lang='grc' dir='ltr'>αἰτίαν</span> <span class='ocrx_word' id='word_1_395' title='bbox 2454 1310 2628 1374; x_wconf 74' lang='grc' dir='ltr'>οὕτως</span> <span class='ocrx_word' id='word_1_396' title='bbox 2687 1307 2895 1388; x_wconf 77' lang='grc' dir='ltr'>ἕγραψτ</span> <span class='ocrx_word' id='word_1_397' title='bbox 2953 1311 3044 1367; x_wconf 83' lang='grc' dir='ltr'><strong>καὶ</strong></span> <span class='ocrx_word' id='word_1_398' title='bbox 3086 1311 3281 1383; x_wconf 81' lang='grc' dir='ltr'>αὐτὸς,</span> <span class='ocrx_word' id='word_1_399' title='bbox 3342 1309 3434 1367; x_wconf 75' lang='grc' dir='ltr'>διὰ</span> <span class='ocrx_word' id='word_1_400' title='bbox 3505 1311 3637 1375; x_wconf 81' lang='grc' dir='ltr'>τοὺς</span> <span class='ocrx_word' id='word_1_401' title='bbox 3704 1311 3879 1375; x_wconf 75' lang='grc' dir='ltr'>οὕτως</span> 
     </span>
    </p>
   </div>
   <div class='ocr_carea' id='block_1_57' title="bbox 2224 1397 3881 1477">
    <p class='ocr_par' dir='ltr' id='par_1_57' title="bbox 2224 1397 3881 1477">
     <span class='ocr_line' id='line_1_57' title="bbox 2224 1397 3881 1477; baseline 0.001 -22"><span class='ocrx_word' id='word_1_402' title='bbox 2224 1400 2596 1477; x_wconf 77' lang='grc' dir='ltr'>ἀναισχύντως</span> <span class='ocrx_word' id='word_1_403' title='bbox 2662 1402 2774 1476; x_wconf 90' lang='grc'><strong>(81)</strong></span> <span class='ocrx_word' id='word_1_404' title='bbox 2839 1397 3171 1472; x_wconf 76' lang='grc' dir='ltr'>θελήσαντας</span> <span class='ocrx_word' id='word_1_405' title='bbox 3236 1403 3543 1474; x_wconf 77' lang='grc' dir='ltr'>μεταθεῖναι</span> <span class='ocrx_word' id='word_1_406' title='bbox 3606 1402 3709 1471; x_wconf 78' lang='grc' dir='ltr'>τὴν</span> <span class='ocrx_word' id='word_1_407' title='bbox 3779 1408 3881 1472; x_wconf 79' lang='grc' dir='ltr'>τῆς</span> 
     </span>
    </p>
   </div>
   <div class='ocr_carea' id='block_1_58' title="bbox 2223 1487 2717 1559">
    <p class='ocr_par' dir='ltr' id='par_1_58' title="bbox 2223 1487 2717 1559">
     <span class='ocr_line' id='line_1_58' title="bbox 2223 1487 2717 1559; baseline 0.008 -16"><span class='ocrx_word' id='word_1_408' title='bbox 2223 1487 2487 1559; x_wconf 82' lang='grc' dir='ltr'>ἀληθείας</span> <span class='ocrx_word' id='word_1_409' title='bbox 2516 1488 2717 1547; x_wconf 84' lang='grc' dir='ltr'>πίστιν.</span> 
     </span>
    </p>
   </div>
   <div class='ocr_carea' id='block_1_59' title="bbox 2293 1576 3886 1655">
    <p class='ocr_par' dir='ltr' id='par_1_59' title="bbox 2293 1576 3886 1655">
     <span class='ocr_line' id='line_1_59' title="bbox 2293 1576 3886 1655; baseline 0 -19"><span class='ocrx_word' id='word_1_410' title='bbox 2293 1584 2346 1636; x_wconf 85' lang='lat'>6.</span> <span class='ocrx_word' id='word_1_411' title='bbox 2381 1579 2441 1633; x_wconf 93' lang='grc' dir='ltr'>Τί</span> <span class='ocrx_word' id='word_1_412' title='bbox 2468 1578 2649 1633; x_wconf 80' lang='grc' dir='ltr'>τοίνυν</span> <span class='ocrx_word' id='word_1_413' title='bbox 2680 1577 2874 1653; x_wconf 77' lang='grc' dir='ltr'>ὅμοιον</span> <span class='ocrx_word' id='word_1_414' title='bbox 2905 1580 2942 1649; x_wconf 78' lang='grc' dir='ltr'><strong>ἡ</strong></span> <span class='ocrx_word' id='word_1_415' title='bbox 2976 1578 3188 1655; x_wconf 86' lang='grc' dir='ltr'>Ἀρείου</span> <span class='ocrx_word' id='word_1_416' title='bbox 3218 1576 3421 1655; x_wconf 63' lang='grc' dir='ltr'>αἵρεσις</span> <span class='ocrx_word' id='word_1_417' title='bbox 3466 1579 3558 1637; x_wconf 82' lang='grc' dir='ltr'><strong>καὶ</strong></span> <span class='ocrx_word' id='word_1_418' title='bbox 3610 1581 3647 1650; x_wconf 77' lang='grc' dir='ltr'>ἡ</span> <span class='ocrx_word' id='word_1_419' title='bbox 3700 1587 3886 1636; x_wconf 85' lang='grc' dir='ltr'>Διονυ-</span> 
     </span>
    </p>
   </div>
   <div class='ocr_carea' id='block_1_60' title="bbox 2226 1666 3887 1746">
    <p class='ocr_par' dir='ltr' id='par_1_60' title="bbox 2226 1666 3887 1746">
     <span class='ocr_line' id='line_1_60' title="bbox 2226 1666 3887 1746; baseline 0.001 -22"><span class='ocrx_word' id='word_1_420' title='bbox 2226 1667 2346 1724; x_wconf 86' lang='grc' dir='ltr'>σίου</span> <span class='ocrx_word' id='word_1_421' title='bbox 2372 1666 2618 1739; x_wconf 90' lang='grc' dir='ltr'>διάνοια;</span> <span class='ocrx_word' id='word_1_422' title='bbox 2652 1669 2689 1742; x_wconf 62' lang='lat' dir='ltr'><strong>ii</strong></span> <span class='ocrx_word' id='word_1_423' title='bbox 2731 1666 2818 1725; x_wconf 81' lang='grc' dir='ltr'>διὰ</span> <span class='ocrx_word' id='word_1_424' title='bbox 2868 1668 2921 1723; x_wconf 89' lang='grc' dir='ltr'><strong>τί</strong></span> <span class='ocrx_word' id='word_1_425' title='bbox 2972 1669 3252 1732; x_wconf 84' lang='grc' dir='ltr'>Διονύσιος</span> <span class='ocrx_word' id='word_1_426' title='bbox 3299 1670 3376 1733; x_wconf 84' lang='grc' dir='ltr'>ὡς</span> <span class='ocrx_word' id='word_1_427' title='bbox 3421 1671 3635 1746; x_wconf 73' lang='grc' dir='ltr'>’Ἄρειος</span> <span class='ocrx_word' id='word_1_428' title='bbox 3686 1669 3887 1743; x_wconf 75' lang='grc' dir='ltr'>ὀνομά-</span> 
     </span>
    </p>
   </div>
   <div class='ocr_carea' id='block_1_61' title="bbox 2191 1755 3886 1837">
    <p class='ocr_par' dir='ltr' id='par_1_61' title="bbox 2191 1755 3886 1837">
     <span class='ocr_line' id='line_1_61' title="bbox 2191 1755 3886 1837; baseline -0.001 -24"><span class='ocrx_word' id='word_1_429' title='bbox 2191 1765 2371 1828; x_wconf 57' lang='grc' dir='ltr'>νζεται</span> <span class='ocrx_word' id='word_1_430' title='bbox 2423 1761 2556 1832; x_wconf 84' lang='grc'>(82),</span> <span class='ocrx_word' id='word_1_431' title='bbox 2609 1756 2829 1828; x_wconf 82' lang='grc' dir='ltr'>πολλῆς</span> <span class='ocrx_word' id='word_1_432' title='bbox 2884 1755 3052 1829; x_wconf 72' lang='grc' dir='ltr'>οὔσης</span> <span class='ocrx_word' id='word_1_433' title='bbox 3109 1759 3282 1815; x_wconf 78' lang='grc' dir='ltr'>αὐτῶν</span> <span class='ocrx_word' id='word_1_434' title='bbox 3333 1764 3433 1829; x_wconf 81' lang='grc' dir='ltr'>τῆς</span> <span class='ocrx_word' id='word_1_435' title='bbox 3495 1756 3886 1837; x_wconf 67' lang='grc' dir='ltr'>διαφορᾶςςὉ</span> 
     </span>
    </p>
   </div>
   <div class='ocr_carea' id='block_1_62' title="bbox 468 1845 2195 1955">
    <p class='ocr_par' dir='ltr' id='par_1_62' title="bbox 468 1845 2195 1955">
     <span class='ocr_line' id='line_1_62' title="bbox 468 1845 2195 1955; baseline -0.005 -45"><span class='ocrx_word' id='word_1_436' title='bbox 468 1851 571 1910; x_wconf 90' lang='lat' dir='ltr'><strong>Ille</strong></span> <span class='ocrx_word' id='word_1_437' title='bbox 601 1866 863 1950; x_wconf 75' lang='lat' dir='ltr'><strong>namque</strong></span> <span class='ocrx_word' id='word_1_438' title='bbox 885 1847 1189 1950; x_wconf 67' lang='lat' dir='ltr'><strong>catholicae</strong></span> <span class='ocrx_word' id='word_1_439' title='bbox 1235 1846 1504 1946; x_wconf 64' lang='lat' dir='ltr'><strong>Ecclesiae</strong></span> <span class='ocrx_word' id='word_1_440' title='bbox 1552 1846 1837 1946; x_wconf 80' lang='lat' dir='ltr'><strong>magister</strong></span> <span class='ocrx_word' id='word_1_441' title='bbox 1882 1850 1990 1913; x_wconf 90' lang='lat' dir='ltr'><strong>est,</strong></span> <span class='ocrx_word' id='word_1_442' title='bbox 2025 1845 2117 1902; x_wconf 90' lang='lat' dir='ltr'><strong>hic</strong></span> <span class='ocrx_word' id='word_1_443' title='bbox 2148 1889 2195 1955; x_wconf 82' lang='lat' dir='ltr'><strong>B</strong></span> 
     </span>
    </p>
   </div>
   <div class='ocr_carea' id='block_1_63' title="bbox 2231 1845 3884 1925">
    <p class='ocr_par' dir='ltr' id='par_1_63' title="bbox 2231 1845 3884 1925">
     <span class='ocr_line' id='line_1_63' title="bbox 2231 1845 3884 1925; baseline 0 -23"><span class='ocrx_word' id='word_1_444' title='bbox 2231 1849 2326 1921; x_wconf 69' lang='grc' dir='ltr'>μὲν</span> <span class='ocrx_word' id='word_1_445' title='bbox 2354 1849 2455 1925; x_wconf 81' lang='grc' dir='ltr'>γὰρ</span> <span class='ocrx_word' id='word_1_446' title='bbox 2486 1854 2587 1916; x_wconf 81' lang='grc' dir='ltr'>τῆς</span> <span class='ocrx_word' id='word_1_447' title='bbox 2616 1845 2917 1917; x_wconf 81' lang='grc' dir='ltr'>καθολικῆς</span> <span class='ocrx_word' id='word_1_448' title='bbox 2951 1845 3276 1918; x_wconf 89' lang='grc' dir='ltr'>Ἐκκλησίας</span> <span class='ocrx_word' id='word_1_449' title='bbox 3324 1845 3655 1912; x_wconf 86' lang='grc' dir='ltr'>διδάσκαλός</span> <span class='ocrx_word' id='word_1_450' title='bbox 3703 1847 3845 1905; x_wconf 74' lang='grc' dir='ltr'>ἐστιν</span> <span class='ocrx_word' id='word_1_451' title='bbox 3870 1869 3884 1883; x_wconf 89' lang='grc'><strong>·</strong></span> 
     </span>
    </p>
   </div>
   <div class='ocr_carea' id='block_1_64' title="bbox 2226 1934 3888 2014">
    <p class='ocr_par' dir='ltr' id='par_1_64' title="bbox 2226 1934 3888 2014">
     <span class='ocr_line' id='line_1_64' title="bbox 2226 1934 3888 2014; baseline 0.001 -22"><span class='ocrx_word' id='word_1_452' title='bbox 2226 1938 2256 1992; x_wconf 90' lang='lat'><strong>6</strong></span> <span class='ocrx_word' id='word_1_453' title='bbox 2302 1934 2360 1991; x_wconf 79' lang='grc' dir='ltr'>δὲ</span> <span class='ocrx_word' id='word_1_454' title='bbox 2415 1943 2605 2006; x_wconf 81' lang='grc' dir='ltr'>καινῆς</span> <span class='ocrx_word' id='word_1_455' title='bbox 2662 1937 2920 2013; x_wconf 72' lang='grc' dir='ltr'>αἱρέσεως</span> <span class='ocrx_word' id='word_1_456' title='bbox 2977 1936 3266 2014; x_wconf 78' lang='grc' dir='ltr'>ἐφευρετής</span> <span class='ocrx_word' id='word_1_457' title='bbox 3315 1939 3518 2014; x_wconf 72' lang='grc' dir='ltr'>γέγονε.</span> <span class='ocrx_word' id='word_1_458' title='bbox 3562 1936 3662 1993; x_wconf 82' lang='grc' dir='ltr'><strong>Καὶ</strong></span> <span class='ocrx_word' id='word_1_459' title='bbox 3711 1938 3740 1993; x_wconf 97' lang='lat'><strong>6</strong></span> <span class='ocrx_word' id='word_1_460' title='bbox 3793 1938 3888 2012; x_wconf 71' lang='grc' dir='ltr'><strong>μὲν</strong></span> 
     </span>
    </p>
   </div>
   <div class='ocr_carea' id='block_1_65' title="bbox 2226 2022 3887 2103">
    <p class='ocr_par' dir='ltr' id='par_1_65' title="bbox 2226 2022 3887 2103">
     <span class='ocr_line' id='line_1_65' title="bbox 2226 2022 3887 2103; baseline 0.017 -58"><span class='ocrx_word' id='word_1_461' title='bbox 2226 2027 2463 2103; x_wconf 73' lang='grc' dir='ltr'>νΑρειος,</span> <span class='ocrx_word' id='word_1_462' title='bbox 2521 2028 2619 2095; x_wconf 75' lang='grc' dir='ltr'>τὴν</span> <span class='ocrx_word' id='word_1_463' title='bbox 2691 2023 2827 2080; x_wconf 88' lang='grc' dir='ltr'>ἰδίαν</span> <span class='ocrx_word' id='word_1_464' title='bbox 2894 2023 3209 2096; x_wconf 79' lang='grc' dir='ltr'>κακοδοξίαν</span> <span class='ocrx_word' id='word_1_465' title='bbox 3266 2025 3626 2099; x_wconf 74' lang='grc' dir='ltr'>ἐκτιθέμενος,</span> <span class='ocrx_word' id='word_1_466' title='bbox 3681 2022 3887 2103; x_wconf 79' lang='grc' dir='ltr'>ἔγραψε</span> 
     </span>
    </p>
   </div>
   <div class='ocr_carea' id='block_1_66' title="bbox 2225 2114 3885 2192">
    <p class='ocr_par' dir='ltr' id='par_1_66' title="bbox 2225 2114 3885 2192">
     <span class='ocr_line' id='line_1_66' title="bbox 2225 2114 3885 2192; baseline 0.001 -21"><span class='ocrx_word' id='word_1_467' title='bbox 2225 2115 2453 2172; x_wconf 83' lang='grc' dir='ltr'>θαλείαν</span> <span class='ocrx_word' id='word_1_468' title='bbox 2519 2117 2630 2189; x_wconf 89' lang='grc'>(83)</span> <span class='ocrx_word' id='word_1_469' title='bbox 2701 2114 3154 2189; x_wconf 77' lang='grc' dir='ltr'>ἐκτεθηλυμένοις</span> <span class='ocrx_word' id='word_1_470' title='bbox 3220 2117 3309 2171; x_wconf 84' lang='grc' dir='ltr'><strong>καὶ</strong></span> <span class='ocrx_word' id='word_1_471' title='bbox 3385 2115 3630 2192; x_wconf 83' lang='grc' dir='ltr'>γελοίοις</span> <span class='ocrx_word' id='word_1_472' title='bbox 3707 2115 3885 2189; x_wconf 72' lang='grc' dir='ltr'>ἤθεσι,</span> 
     </span>
    </p>
   </div>
   <div class='ocr_carea' id='block_1_67' title="bbox 2225 2201 3885 2280">
    <p class='ocr_par' dir='ltr' id='par_1_67' title="bbox 2225 2201 3885 2280">
     <span class='ocr_line' id='line_1_67' title="bbox 2225 2201 3885 2280; baseline 0.001 -19"><span class='ocrx_word' id='word_1_473' title='bbox 2225 2205 2361 2261; x_wconf 87' lang='grc' dir='ltr'><strong>κατά</strong></span> <span class='ocrx_word' id='word_1_474' title='bbox 2417 2205 2507 2259; x_wconf 89' lang='grc' dir='ltr'><strong>τὸν</strong></span> <span class='ocrx_word' id='word_1_475' title='bbox 2565 2202 2865 2280; x_wconf 77' lang='grc' dir='ltr'>Αίγύπτιον</span> <span class='ocrx_word' id='word_1_476' title='bbox 2922 2201 3183 2275; x_wconf 87' lang='grc' dir='ltr'>Σωτάδην</span> <span class='ocrx_word' id='word_1_477' title='bbox 3212 2207 3363 2279; x_wconf 85' lang='grc'>(84)·</span> <span class='ocrx_word' id='word_1_478' title='bbox 3398 2207 3426 2260; x_wconf 89' lang='lat'><strong>6</strong></span> <span class='ocrx_word' id='word_1_479' title='bbox 3490 2203 3549 2261; x_wconf 76' lang='grc' dir='ltr'>δὲ</span> <span class='ocrx_word' id='word_1_480' title='bbox 3607 2205 3885 2268; x_wconf 84' lang='grc' dir='ltr'>Διονύσιος</span> 
     </span>
    </p>
   </div>
   <div class='ocr_carea' id='block_1_68' title="bbox 2228 2290 3887 2371">
    <p class='ocr_par' dir='ltr' id='par_1_68' title="bbox 2228 2290 3887 2371">
     <span class='ocr_line' id='line_1_68' title="bbox 2228 2290 3887 2371; baseline -0.001 -21"><span class='ocrx_word' id='word_1_481' title='bbox 2228 2290 2426 2370; x_wconf 77' lang='grc' dir='ltr'>ἔγραψε</span> <span class='ocrx_word' id='word_1_482' title='bbox 2461 2294 2554 2368; x_wconf 73' lang='grc' dir='ltr'>μὲν</span> <span class='ocrx_word' id='word_1_483' title='bbox 2584 2293 2674 2349; x_wconf 82' lang='grc' dir='ltr'><strong>καὶ</strong></span> <span class='ocrx_word' id='word_1_484' title='bbox 2706 2291 2881 2356; x_wconf 80' lang='grc' dir='ltr'>ἄλλας</span> <span class='ocrx_word' id='word_1_485' title='bbox 2912 2292 3224 2362; x_wconf 82' lang='grc' dir='ltr'>ἐπιστολὰς,</span> <span class='ocrx_word' id='word_1_486' title='bbox 3257 2292 3642 2371; x_wconf 72' lang='grc' dir='ltr'>ἀπελογήσατο</span> <span class='ocrx_word' id='word_1_487' title='bbox 3692 2291 3750 2350; x_wconf 77' lang='grc' dir='ltr'>δὶ</span> <span class='ocrx_word' id='word_1_488' title='bbox 3797 2294 3887 2350; x_wconf 77' lang='grc' dir='ltr'>καὶ</span> 
     </span>
    </p>
   </div>
   <div class='ocr_carea' id='block_1_69' title="bbox 2226 2381 3886 2463">
    <p class='ocr_par' dir='ltr' id='par_1_69' title="bbox 2226 2381 3886 2463">
     <span class='ocr_line' id='line_1_69' title="bbox 2226 2381 3886 2463; baseline -0.001 -23"><span class='ocrx_word' id='word_1_489' title='bbox 2226 2386 2349 2461; x_wconf 82' lang='grc' dir='ltr'>περὶ</span> <span class='ocrx_word' id='word_1_490' title='bbox 2407 2386 2481 2438; x_wconf 81' lang='grc' dir='ltr'>ὧν</span> <span class='ocrx_word' id='word_1_491' title='bbox 2534 2382 2882 2454; x_wconf 75' lang='grc' dir='ltr'>ὑπωπτεύθη,</span> <span class='ocrx_word' id='word_1_492' title='bbox 2934 2383 3025 2439; x_wconf 81' lang='grc' dir='ltr'><strong>καὶ</strong></span> <span class='ocrx_word' id='word_1_493' title='bbox 3077 2382 3242 2463; x_wconf 73' lang='grc' dir='ltr'>ἐφάνη</span> <span class='ocrx_word' id='word_1_494' title='bbox 3294 2387 3505 2462; x_wconf 75' lang='grc' dir='ltr'>φρονῶν</span> <span class='ocrx_word' id='word_1_495' title='bbox 3556 2383 3753 2460; x_wconf 75' lang='grc' dir='ltr'>ὀρθῶς.</span> <span class='ocrx_word' id='word_1_496' title='bbox 3822 2381 3886 2439; x_wconf 80' lang='grc' dir='ltr'>Εἰ</span> 
     </span>
    </p>
   </div>
   <div class='ocr_carea' id='block_1_70' title="bbox 2232 2470 3888 2552">
    <p class='ocr_par' dir='ltr' id='par_1_70' title="bbox 2232 2470 3888 2552">
     <span class='ocr_line' id='line_1_70' title="bbox 2232 2470 3888 2552; baseline 0 -25"><span class='ocrx_word' id='word_1_497' title='bbox 2232 2476 2325 2549; x_wconf 77' lang='grc' dir='ltr'>μὶν</span> <span class='ocrx_word' id='word_1_498' title='bbox 2358 2472 2449 2530; x_wconf 79' lang='grc' dir='ltr'><strong>οῦν</strong></span> <span class='ocrx_word' id='word_1_499' title='bbox 2494 2472 2701 2529; x_wconf 82' lang='grc' dir='ltr'>ἐναντία</span> <span class='ocrx_word' id='word_1_500' title='bbox 2752 2474 2925 2546; x_wconf 70' lang='grc' dir='ltr'>ἑαυτῷ</span> <span class='ocrx_word' id='word_1_501' title='bbox 2973 2472 3189 2552; x_wconf 81' lang='grc' dir='ltr'>γράφει,</span> <span class='ocrx_word' id='word_1_502' title='bbox 3247 2474 3323 2547; x_wconf 75' lang='grc' dir='ltr'>μὴ</span> <span class='ocrx_word' id='word_1_503' title='bbox 3373 2472 3679 2529; x_wconf 73' lang='grc' dir='ltr'>ἓλκὲτωσαν</span> <span class='ocrx_word' id='word_1_504' title='bbox 3726 2470 3888 2535; x_wconf 73' lang='grc' dir='ltr'>αὐτόν</span> 
     </span>
    </p>
   </div>
   <div class='ocr_carea' id='block_1_71' title="bbox 2226 2559 3883 2639">
    <p class='ocr_par' dir='ltr' id='par_1_71' title="bbox 2226 2559 3883 2639">
     <span class='ocr_line' id='line_1_71' title="bbox 2226 2559 3883 2639; baseline -0.002 -20"><span class='ocrx_word' id='word_1_505' title='bbox 2226 2564 2365 2636; x_wconf 84' lang='grc' dir='ltr'>πρὸς</span> <span class='ocrx_word' id='word_1_506' title='bbox 2398 2562 2618 2625; x_wconf 71' lang='grc' dir='ltr'>ἑαυτούς</span> <span class='ocrx_word' id='word_1_507' title='bbox 2645 2582 2659 2596; x_wconf 88' lang='grc'><strong>·</strong></span> <span class='ocrx_word' id='word_1_508' title='bbox 2695 2562 2756 2617; x_wconf 83' lang='grc' dir='ltr'><strong>ού</strong></span> <span class='ocrx_word' id='word_1_509' title='bbox 2788 2562 2890 2639; x_wconf 81' lang='grc' dir='ltr'>γὰρ</span> <span class='ocrx_word' id='word_1_510' title='bbox 2922 2562 3231 2633; x_wconf 81' lang='grc' dir='ltr'>ἀξιόπιστος</span> <span class='ocrx_word' id='word_1_511' title='bbox 3281 2563 3419 2618; x_wconf 76' lang='grc' dir='ltr'>κατὰ</span> <span class='ocrx_word' id='word_1_512' title='bbox 3466 2566 3626 2617; x_wconf 90' lang='grc' dir='ltr'>τοῦτο</span> <span class='ocrx_word' id='word_1_513' title='bbox 3648 2582 3661 2595; x_wconf 88' lang='grc'><strong>·</strong></span> <span class='ocrx_word' id='word_1_514' title='bbox 3714 2561 3761 2618; x_wconf 85' lang='grc' dir='ltr'><strong>εἰ</strong></span> <span class='ocrx_word' id='word_1_515' title='bbox 3804 2559 3883 2634; x_wconf 79' lang='grc' dir='ltr'><strong>δὲ,</strong></span> 
     </span>
    </p>
   </div>
   <div class='ocr_carea' id='block_1_72' title="bbox 2228 2650 3887 2729">
    <p class='ocr_par' dir='ltr' id='par_1_72' title="bbox 2228 2650 3887 2729">
     <span class='ocr_line' id='line_1_72' title="bbox 2228 2650 3887 2729; baseline -0.001 -22"><span class='ocrx_word' id='word_1_516' title='bbox 2228 2654 2439 2729; x_wconf 79' lang='grc' dir='ltr'>γράψας</span> <span class='ocrx_word' id='word_1_517' title='bbox 2512 2653 2613 2721; x_wconf 73' lang='grc' dir='ltr'>τὴν</span> <span class='ocrx_word' id='word_1_518' title='bbox 2684 2652 2820 2728; x_wconf 88' lang='grc' dir='ltr'>πρὸς</span> <span class='ocrx_word' id='word_1_519' title='bbox 2878 2653 3195 2725; x_wconf 84' lang='grc' dir='ltr'>’Δμμώνιον</span> <span class='ocrx_word' id='word_1_520' title='bbox 3418 2650 3738 2722; x_wconf 77' lang='grc' dir='ltr'>ἐπιστολὴν,</span> <span class='ocrx_word' id='word_1_521' title='bbox 3790 2651 3887 2706; x_wconf 80' lang='grc' dir='ltr'><strong>ὑπ·-</strong></span> 
     </span>
    </p>
   </div>
   <div class='ocr_carea' id='block_1_73' title="bbox 2228 2740 3882 2819">
    <p class='ocr_par' dir='ltr' id='par_1_73' title="bbox 2228 2740 3882 2819">
     <span class='ocr_line' id='line_1_73' title="bbox 2228 2740 3882 2819; baseline 0 -22"><span class='ocrx_word' id='word_1_522' title='bbox 2228 2741 2476 2812; x_wconf 86' lang='grc' dir='ltr'>ωπτεύθη</span> <span class='ocrx_word' id='word_1_523' title='bbox 2506 2742 2596 2797; x_wconf 84' lang='grc' dir='ltr'><strong>καὶ</strong></span> <span class='ocrx_word' id='word_1_524' title='bbox 2627 2740 3005 2818; x_wconf 83' lang='grc' dir='ltr'>ἀπελογήσατο</span> <span class='ocrx_word' id='word_1_525' title='bbox 3038 2740 3347 2818; x_wconf 79' lang='grc' dir='ltr'>θεραπεύων</span> <span class='ocrx_word' id='word_1_526' title='bbox 3385 2743 3451 2796; x_wconf 73' lang='grc' dir='ltr'>τὰ</span> <span class='ocrx_word' id='word_1_527' title='bbox 3499 2745 3711 2819; x_wconf 80' lang='grc' dir='ltr'>πρῶτα,</span> <span class='ocrx_word' id='word_1_528' title='bbox 3744 2740 3882 2799; x_wconf 86' lang='grc' dir='ltr'>ἀπο-</span> 
     </span>
    </p>
   </div>
   <div class='ocr_carea' id='block_1_74' title="bbox 2230 2825 3882 2907">
    <p class='ocr_par' dir='ltr' id='par_1_74' title="bbox 2230 2825 3882 2907">
     <span class='ocr_line' id='line_1_74' title="bbox 2230 2825 3882 2907; baseline -0.002 -20"><span class='ocrx_word' id='word_1_529' title='bbox 2230 2830 2607 2907; x_wconf 88' lang='grc' dir='ltr'>λογησάμενός</span> <span class='ocrx_word' id='word_1_530' title='bbox 2654 2851 2713 2885; x_wconf 92' lang='grc' dir='ltr'><strong>τε</strong></span> <span class='ocrx_word' id='word_1_531' title='bbox 2751 2829 2814 2884; x_wconf 83' lang='grc' dir='ltr'><strong>οὐ</strong></span> <span class='ocrx_word' id='word_1_532' title='bbox 2868 2825 3292 2903; x_wconf 70' lang='grc' dir='ltr'>μεταϐέϐληται,</span> <span class='ocrx_word' id='word_1_533' title='bbox 3334 2829 3504 2901; x_wconf 79' lang='grc' dir='ltr'>δῆλον</span> <span class='ocrx_word' id='word_1_534' title='bbox 3549 2830 3608 2885; x_wconf 75' lang='grc' dir='ltr'><strong>ἂν</strong></span> <span class='ocrx_word' id='word_1_535' title='bbox 3656 2827 3765 2903; x_wconf 71' lang='grc' dir='ltr'>εἴη,</span> <span class='ocrx_word' id='word_1_536' title='bbox 3796 2828 3882 2885; x_wconf 79' lang='grc' dir='ltr'>ὅτι</span> 
     </span>
    </p>
   </div>
   <div class='ocr_carea' id='block_1_75' title="bbox 2227 2916 3883 2996">
    <p class='ocr_par' dir='ltr' id='par_1_75' title="bbox 2227 2916 3883 2996">
     <span class='ocr_line' id='line_1_75' title="bbox 2227 2916 3883 2996; baseline -0.001 -21"><span class='ocrx_word' id='word_1_537' title='bbox 2227 2921 2317 2976; x_wconf 88' lang='grc' dir='ltr'><strong>καὶ</strong></span> <span class='ocrx_word' id='word_1_538' title='bbox 2368 2921 2435 2975; x_wconf 80' lang='grc' dir='ltr'>τὰ</span> <span class='ocrx_word' id='word_1_539' title='bbox 2491 2919 2886 2975; x_wconf 66' lang='grc' dir='ltr'>ὑποπεῦθέντα</span> <span class='ocrx_word' id='word_1_540' title='bbox 2947 2921 3063 2975; x_wconf 86' lang='grc' dir='ltr'>κατ’</span> <span class='ocrx_word' id='word_1_541' title='bbox 3124 2919 3438 2993; x_wconf 78' lang='grc' dir='ltr'>οἰκονομίαν</span> <span class='ocrx_word' id='word_1_542' title='bbox 3503 2916 3728 2996; x_wconf 75' lang='grc' dir='ltr'>ἔγραψεν</span> <span class='ocrx_word' id='word_1_543' title='bbox 3753 2941 3766 2955; x_wconf 70' lang='grc'><strong>⁸</strong></span> <span class='ocrx_word' id='word_1_544' title='bbox 3819 2918 3883 2974; x_wconf 80' lang='grc' dir='ltr'><strong>οὐ</strong></span> 
     </span>
    </p>
   </div>
   <div class='ocr_carea' id='block_1_76' title="bbox 2230 3006 3881 3087">
    <p class='ocr_par' dir='ltr' id='par_1_76' title="bbox 2230 3006 3881 3087">
     <span class='ocr_line' id='line_1_76' title="bbox 2230 3006 3881 3087; baseline 0 -24"><span class='ocrx_word' id='word_1_545' title='bbox 2230 3006 2312 3063; x_wconf 89' lang='grc' dir='ltr'><strong>δεῖ</strong></span> <span class='ocrx_word' id='word_1_546' title='bbox 2360 3006 2418 3063; x_wconf 75' lang='grc' dir='ltr'><strong>δὲ</strong></span> <span class='ocrx_word' id='word_1_547' title='bbox 2461 3009 2528 3062; x_wconf 82' lang='grc' dir='ltr'>τὰ</span> <span class='ocrx_word' id='word_1_548' title='bbox 2579 3009 2696 3063; x_wconf 86' lang='grc' dir='ltr'>κατ’</span> <span class='ocrx_word' id='word_1_549' title='bbox 2750 3008 3063 3083; x_wconf 82' lang='grc' dir='ltr'>οἰκονομίαν</span> <span class='ocrx_word' id='word_1_550' title='bbox 3107 3008 3421 3087; x_wconf 81' lang='grc' dir='ltr'>γραφόμενα</span> <span class='ocrx_word' id='word_1_551' title='bbox 3465 3009 3555 3065; x_wconf 81' lang='grc' dir='ltr'><strong>καὶ</strong></span> <span class='ocrx_word' id='word_1_552' title='bbox 3603 3007 3881 3084; x_wconf 84' lang='grc' dir='ltr'>γινόμενα,</span> 
     </span>
    </p>
   </div>
   <div class='ocr_carea' id='block_1_77' title="bbox 2228 3094 3885 3174">
    <p class='ocr_par' dir='ltr' id='par_1_77' title="bbox 2228 3094 3885 3174">
     <span class='ocr_line' id='line_1_77' title="bbox 2228 3094 3885 3174; baseline 0 -22"><span class='ocrx_word' id='word_1_553' title='bbox 2228 3102 2394 3153; x_wconf 90' lang='grc' dir='ltr'>ταῦτα</span> <span class='ocrx_word' id='word_1_554' title='bbox 2421 3097 2777 3173; x_wconf 88' lang='grc' dir='ltr'>κακοτρόπως</span> <span class='ocrx_word' id='word_1_555' title='bbox 2810 3095 3084 3174; x_wconf 71' lang='grc' dir='ltr'>δέχεσθαι,</span> <span class='ocrx_word' id='word_1_556' title='bbox 3114 3098 3205 3154; x_wconf 82' lang='grc' dir='ltr'><strong>καὶ</strong></span> <span class='ocrx_word' id='word_1_557' title='bbox 3250 3097 3327 3161; x_wconf 90' lang='grc' dir='ltr'><strong>εἰς</strong></span> <span class='ocrx_word' id='word_1_558' title='bbox 3376 3100 3476 3169; x_wconf 79' lang='grc' dir='ltr'>τήν</span> <span class='ocrx_word' id='word_1_559' title='bbox 3521 3094 3657 3153; x_wconf 80' lang='grc' dir='ltr'>ἰδίαν</span> <span class='ocrx_word' id='word_1_560' title='bbox 3702 3094 3885 3153; x_wconf 64' lang='grc' dir='ltr'>ἕλκειν</span> 
     </span>
    </p>
   </div>
   <div class='ocr_carea' id='block_1_78' title="bbox 2228 3183 3887 3264">
    <p class='ocr_par' dir='ltr' id='par_1_78' title="bbox 2228 3183 3887 3264">
     <span class='ocr_line' id='line_1_78' title="bbox 2228 3183 3887 3264; baseline -0.001 -22"><span class='ocrx_word' id='word_1_561' title='bbox 2228 3183 2451 3242; x_wconf 75' lang='grc' dir='ltr'>ἕκαστον</span> <span class='ocrx_word' id='word_1_562' title='bbox 2491 3188 2606 3260; x_wconf 90' lang='grc'><strong>(86)</strong></span> <span class='ocrx_word' id='word_1_563' title='bbox 2655 3184 2938 3261; x_wconf 86' lang='grc' dir='ltr'>βούλησιν.</span> <span class='ocrx_word' id='word_1_564' title='bbox 2982 3187 3082 3243; x_wconf 80' lang='grc' dir='ltr'><strong>Καὶ</strong></span> <span class='ocrx_word' id='word_1_565' title='bbox 3138 3187 3240 3264; x_wconf 85' lang='grc' dir='ltr'>γὰρ</span> <span class='ocrx_word' id='word_1_566' title='bbox 3294 3187 3385 3244; x_wconf 83' lang='grc' dir='ltr'><strong>καὶ</strong></span> <span class='ocrx_word' id='word_1_567' title='bbox 3444 3187 3626 3260; x_wconf 85' lang='grc' dir='ltr'>ἰατρὸς</span> <span class='ocrx_word' id='word_1_568' title='bbox 3673 3185 3887 3244; x_wconf 80' lang='grc' dir='ltr'>πολλά-</span> 
     </span>
    </p>
   </div>
   <div class='ocr_carea' id='block_1_79' title="bbox 2229 3273 3887 3350">
    <p class='ocr_par' dir='ltr' id='par_1_79' title="bbox 2229 3273 3887 3350">
     <span class='ocr_line' id='line_1_79' title="bbox 2229 3273 3887 3350; baseline 0.001 -19"><span class='ocrx_word' id='word_1_569' title='bbox 2229 3297 2338 3348; x_wconf 85' lang='grc' dir='ltr'>κις,</span> <span class='ocrx_word' id='word_1_570' title='bbox 2379 3276 2448 3331; x_wconf 78' lang='grc' dir='ltr'>τὰ</span> <span class='ocrx_word' id='word_1_571' title='bbox 2502 3273 2762 3331; x_wconf 87' lang='grc' dir='ltr'>δοκοῦντά</span> <span class='ocrx_word' id='word_1_572' title='bbox 2816 3298 2929 3331; x_wconf 88' lang='grc' dir='ltr'>τισι</span> <span class='ocrx_word' id='word_1_573' title='bbox 2987 3278 3063 3350; x_wconf 76' lang='grc' dir='ltr'>μὴ</span> <span class='ocrx_word' id='word_1_574' title='bbox 3125 3277 3260 3333; x_wconf 79' lang='grc' dir='ltr'>εἶναι</span> <span class='ocrx_word' id='word_1_575' title='bbox 3315 3275 3664 3349; x_wconf 82' lang='grc' dir='ltr'>κατάλληλα,</span> <span class='ocrx_word' id='word_1_576' title='bbox 3717 3281 3887 3332; x_wconf 88' lang='grc' dir='ltr'>ταῦτα</span> 
     </span>
    </p>
   </div>
   <div class='ocr_carea' id='block_1_80' title="bbox 2230 3364 3885 3443">
    <p class='ocr_par' dir='ltr' id='par_1_80' title="bbox 2230 3364 3885 3443">
     <span class='ocr_line' id='line_1_80' title="bbox 2230 3364 3885 3443; baseline 0.001 -23"><span class='ocrx_word' id='word_1_577' title='bbox 2230 3376 2345 3428; x_wconf 85' lang='grc' dir='ltr'>τοϊς</span> <span class='ocrx_word' id='word_1_578' title='bbox 2408 3365 2789 3440; x_wconf 73' lang='grc' dir='ltr'>ὑποκειμένοις</span> <span class='ocrx_word' id='word_1_579' title='bbox 2845 3365 3171 3443; x_wconf 76' lang='grc' dir='ltr'>τραύμασιν,</span> <span class='ocrx_word' id='word_1_580' title='bbox 3203 3367 3279 3430; x_wconf 83' lang='grc' dir='ltr'><strong>ὡς</strong></span> <span class='ocrx_word' id='word_1_581' title='bbox 3339 3364 3480 3423; x_wconf 77' lang='grc' dir='ltr'>οἶδεν</span> <span class='ocrx_word' id='word_1_582' title='bbox 3536 3367 3723 3439; x_wconf 80' lang='grc' dir='ltr'>αὐτὸς,</span> <span class='ocrx_word' id='word_1_583' title='bbox 3766 3366 3885 3422; x_wconf 75' lang='grc' dir='ltr'>ἐπι-</span> 
     </span>
    </p>
   </div>
   <div class='ocr_carea' id='block_1_81' title="bbox 2228 3451 3882 3534">
    <p class='ocr_par' dir='ltr' id='par_1_81' title="bbox 2228 3451 3882 3534">
     <span class='ocr_line' id='line_1_81' title="bbox 2228 3451 3882 3534; baseline 0.001 -24"><span class='ocrx_word' id='word_1_584' title='bbox 2228 3455 2443 3526; x_wconf 78' lang='grc' dir='ltr'>τίθησιν</span> <span class='ocrx_word' id='word_1_585' title='bbox 2473 3456 2608 3531; x_wconf 87' lang='grc'>(87),</span> <span class='ocrx_word' id='word_1_586' title='bbox 2641 3452 2794 3510; x_wconf 78' lang='grc' dir='ltr'>οὐδὲν</span> <span class='ocrx_word' id='word_1_587' title='bbox 2840 3451 3022 3533; x_wconf 69' lang='grc' dir='ltr'>ἕτερον</span> <span class='ocrx_word' id='word_1_588' title='bbox 3070 3455 3107 3526; x_wconf 73' lang='grc' dir='ltr'><strong>ἢ</strong></span> <span class='ocrx_word' id='word_1_589' title='bbox 3153 3457 3288 3533; x_wconf 89' lang='grc' dir='ltr'>πρὸς</span> <span class='ocrx_word' id='word_1_590' title='bbox 3337 3458 3435 3526; x_wconf 81' lang='grc' dir='ltr'>τὴν</span> <span class='ocrx_word' id='word_1_591' title='bbox 3490 3456 3690 3534; x_wconf 81' lang='grc' dir='ltr'>ὑγίειαν</span> <span class='ocrx_word' id='word_1_592' title='bbox 3736 3454 3882 3532; x_wconf 77' lang='grc' dir='ltr'>ἔχων</span> 
     </span>
    </p>
   </div>
   <div class='ocr_carea' id='block_1_82' title="bbox 2230 3542 3887 3625">
    <p class='ocr_par' dir='ltr' id='par_1_82' title="bbox 2230 3542 3887 3625">
     <span class='ocr_line' id='line_1_82' title="bbox 2230 3542 3887 3625; baseline 0.002 -26"><span class='ocrx_word' id='word_1_593' title='bbox 2230 3545 2322 3599; x_wconf 85' lang='grc' dir='ltr'>τὸν</span> <span class='ocrx_word' id='word_1_594' title='bbox 2353 3543 2554 3599; x_wconf 89' lang='grc' dir='ltr'>σκοπόν</span> <span class='ocrx_word' id='word_1_595' title='bbox 2579 3562 2591 3575; x_wconf 83' lang='grc'><em>’</em></span> <span class='ocrx_word' id='word_1_596' title='bbox 2625 3544 2715 3599; x_wconf 89' lang='grc' dir='ltr'><strong>καὶ</strong></span> <span class='ocrx_word' id='word_1_597' title='bbox 2772 3542 3102 3601; x_wconf 82' lang='grc' dir='ltr'>διδασκάλου</span> <span class='ocrx_word' id='word_1_598' title='bbox 3160 3543 3218 3602; x_wconf 75' lang='grc' dir='ltr'><strong>δὲ</strong></span> <span class='ocrx_word' id='word_1_599' title='bbox 3266 3546 3535 3625; x_wconf 75' lang='grc' dir='ltr'>φρονίμου</span> <span class='ocrx_word' id='word_1_600' title='bbox 3560 3546 3766 3623; x_wconf 87' lang='grc' dir='ltr'>τρόπος</span> <span class='ocrx_word' id='word_1_601' title='bbox 3797 3544 3887 3601; x_wconf 80' lang='grc' dir='ltr'>οῦ-</span> 
     </span>
    </p>
   </div>
   <div class='ocr_carea' id='block_1_83' title="bbox 2228 3632 3884 3710">
    <p class='ocr_par' dir='ltr' id='par_1_83' title="bbox 2228 3632 3884 3710">
     <span class='ocr_line' id='line_1_83' title="bbox 2228 3632 3884 3710; baseline 0.001 -22"><span class='ocrx_word' id='word_1_602' title='bbox 2228 3655 2344 3705; x_wconf 89' lang='grc' dir='ltr'>τος,</span> <span class='ocrx_word' id='word_1_603' title='bbox 2376 3634 2512 3710; x_wconf 87' lang='grc' dir='ltr'>πρὸς</span> <span class='ocrx_word' id='word_1_604' title='bbox 2570 3635 2635 3689; x_wconf 81' lang='grc' dir='ltr'>τὰ</span> <span class='ocrx_word' id='word_1_605' title='bbox 2688 3638 2797 3689; x_wconf 83' lang='grc' dir='ltr'><strong>τῶν</strong></span> <span class='ocrx_word' id='word_1_606' title='bbox 2855 3632 3256 3710; x_wconf 72' lang='grc' dir='ltr'>διδασκομένων</span> <span class='ocrx_word' id='word_1_607' title='bbox 3287 3634 3396 3707; x_wconf 75' lang='grc' dir='ltr'><strong>ἤθη</strong></span> <span class='ocrx_word' id='word_1_608' title='bbox 3436 3633 3767 3692; x_wconf 84' lang='grc' dir='ltr'>διατίθεσθαι</span> <span class='ocrx_word' id='word_1_609' title='bbox 3792 3634 3884 3691; x_wconf 80' lang='grc' dir='ltr'><strong>καὶ</strong></span> 
     </span>
    </p>
   </div>
   <div class='ocr_carea' id='block_1_84' title="bbox 2232 3719 3884 3796">
    <p class='ocr_par' dir='ltr' id='par_1_84' title="bbox 2232 3719 3884 3796">
     <span class='ocr_line' id='line_1_84' title="bbox 2232 3719 3884 3796; baseline 0.002 -19"><span class='ocrx_word' id='word_1_610' title='bbox 2232 3720 2444 3795; x_wconf 81' lang='grc' dir='ltr'>λαλεῖν,</span> <span class='ocrx_word' id='word_1_611' title='bbox 2474 3719 2578 3786; x_wconf 70' lang='grc' dir='ltr'>ἕως</span> <span class='ocrx_word' id='word_1_612' title='bbox 2611 3722 2669 3778; x_wconf 78' lang='grc' dir='ltr'><strong>ἂν</strong></span> <span class='ocrx_word' id='word_1_613' title='bbox 2702 3722 2897 3787; x_wconf 80' lang='grc' dir='ltr'>αὐτοὺς</span> <span class='ocrx_word' id='word_1_614' title='bbox 2930 3723 3008 3787; x_wconf 89' lang='grc' dir='ltr'><strong>εἰς</strong></span> <span class='ocrx_word' id='word_1_615' title='bbox 3049 3725 3148 3794; x_wconf 84' lang='grc' dir='ltr'>τήν</span> <span class='ocrx_word' id='word_1_616' title='bbox 3199 3722 3323 3780; x_wconf 80' lang='grc' dir='ltr'>ὁδὸν</span> <span class='ocrx_word' id='word_1_617' title='bbox 3377 3727 3477 3796; x_wconf 75' lang='grc' dir='ltr'>τῆς</span> <span class='ocrx_word' id='word_1_618' title='bbox 3533 3724 3884 3796; x_wconf 79' lang='grc' dir='ltr'>τελειότητος</span> 
     </span>
    </p>
   </div>
   <div class='ocr_carea' id='block_1_85' title="bbox 2235 3813 2529 3889">
    <p class='ocr_par' dir='ltr' id='par_1_85' title="bbox 2235 3813 2529 3889">
     <span class='ocr_line' id='line_1_85' title="bbox 2235 3813 2529 3889; baseline 0.003 -3"><span class='ocrx_word' id='word_1_619' title='bbox 2235 3813 2529 3889; x_wconf 63' lang='grc' dir='ltr'>μεταγάγο-</span> 
     </span>
    </p>
   </div>
   <div class='ocr_carea' id='block_1_86' title="bbox 2299 3989 3883 4073">
    <p class='ocr_par' dir='ltr' id='par_1_86' title="bbox 2299 3989 3883 4073">
     <span class='ocr_line' id='line_1_86' title="bbox 2299 3989 3883 4073; baseline 0.004 -27"><span class='ocrx_word' id='word_1_620' title='bbox 2299 3994 2354 4046; x_wconf 88' lang='grc'>7.</span> <span class='ocrx_word' id='word_1_621' title='bbox 2380 3991 2441 4047; x_wconf 87' lang='grc' dir='ltr'>Εἰ</span> <span class='ocrx_word' id='word_1_622' title='bbox 2464 3989 2542 4060; x_wconf 71' lang='grc' dir='ltr'>δὲ,</span> <span class='ocrx_word' id='word_1_623' title='bbox 2565 3989 2648 4047; x_wconf 72' lang='grc' dir='ltr'>ὅτι</span> <span class='ocrx_word' id='word_1_624' title='bbox 2684 3992 2847 4065; x_wconf 87' lang='grc' dir='ltr'>μόνον</span> <span class='ocrx_word' id='word_1_625' title='bbox 2883 3989 3107 4070; x_wconf 81' lang='grc' dir='ltr'>ἔγραψεν</span> <span class='ocrx_word' id='word_1_626' title='bbox 3141 3992 3314 4058; x_wconf 75' lang='grc' dir='ltr'>οὕτως</span> <span class='ocrx_word' id='word_1_627' title='bbox 3345 3996 3376 4051; x_wconf 88' lang='grc' dir='ltr'>ὁ</span> <span class='ocrx_word' id='word_1_628' title='bbox 3410 3995 3715 4073; x_wconf 85' lang='grc' dir='ltr'>μακαρίτης</span> <span class='ocrx_word' id='word_1_629' title='bbox 3746 3997 3883 4071; x_wconf 88' lang='grc'>(88),</span> 
     </span>
    </p>
   </div>
   <div class='ocr_carea' id='block_1_87' title="bbox 2231 4080 3886 4163">
    <p class='ocr_par' dir='ltr' id='par_1_87' title="bbox 2231 4080 3886 4163">
     <span class='ocr_line' id='line_1_87' title="bbox 2231 4080 3886 4163; baseline 0.003 -27"><span class='ocrx_word' id='word_1_630' title='bbox 2231 4082 2508 4137; x_wconf 82' lang='grc' dir='ltr'>αἰτιῶνται</span> <span class='ocrx_word' id='word_1_631' title='bbox 2560 4080 2719 4136; x_wconf 73' lang='grc' dir='ltr'>αὐτόν</span> <span class='ocrx_word' id='word_1_632' title='bbox 2748 4103 2760 4117; x_wconf 90' lang='grc'><strong>·</strong></span> <span class='ocrx_word' id='word_1_633' title='bbox 2816 4083 2871 4137; x_wconf 79' lang='grc' dir='ltr'>αἱ</span> <span class='ocrx_word' id='word_1_634' title='bbox 2917 4083 3019 4160; x_wconf 76' lang='grc' dir='ltr'>γὰρ</span> <span class='ocrx_word' id='word_1_635' title='bbox 3065 4088 3173 4139; x_wconf 81' lang='grc' dir='ltr'>τῶν</span> <span class='ocrx_word' id='word_1_636' title='bbox 3208 4086 3492 4160; x_wconf 80' lang='grc' dir='ltr'>Ἀρειανῶν</span> <span class='ocrx_word' id='word_1_637' title='bbox 3542 4085 3676 4163; x_wconf 72' lang='grc' dir='ltr'>ὑπὲρ</span> <span class='ocrx_word' id='word_1_638' title='bbox 3719 4085 3886 4142; x_wconf 78' lang='grc' dir='ltr'>αὐτοῦ</span> 
     </span>
    </p>
   </div>
   <div class='ocr_carea' id='block_1_88' title="bbox 2230 4169 3891 4250">
    <p class='ocr_par' dir='ltr' id='par_1_88' title="bbox 2230 4169 3891 4250">
     <span class='ocr_line' id='line_1_88' title="bbox 2230 4169 3891 4250; baseline 0.002 -25"><span class='ocrx_word' id='word_1_639' title='bbox 2230 4169 2527 4247; x_wconf 70' lang='grc' dir='ltr'>προφάσεις</span> <span class='ocrx_word' id='word_1_640' title='bbox 2586 4170 2753 4226; x_wconf 85' lang='grc' dir='ltr'>αἰτίαι</span> <span class='ocrx_word' id='word_1_641' title='bbox 2801 4173 2918 4227; x_wconf 84' lang='grc' dir='ltr'>κατ’</span> <span class='ocrx_word' id='word_1_642' title='bbox 2967 4171 3132 4228; x_wconf 78' lang='grc' dir='ltr'>αὐτοῦ</span> <span class='ocrx_word' id='word_1_643' title='bbox 3185 4173 3555 4250; x_wconf 76' lang='grc' dir='ltr'>τυγχάνουσιο</span> <span class='ocrx_word' id='word_1_644' title='bbox 3614 4175 3668 4231; x_wconf 87' lang='grc' dir='ltr'><strong>τί</strong></span> <span class='ocrx_word' id='word_1_645' title='bbox 3726 4177 3891 4247; x_wconf 72' lang='grc' dir='ltr'>ποιή-</span> 
     </span>
    </p>
   </div>
   <div class='ocr_carea' id='block_1_89' title="bbox 2231 4259 3891 4343">
    <p class='ocr_par' dir='ltr' id='par_1_89' title="bbox 2231 4259 3891 4343">
     <span class='ocr_line' id='line_1_89' title="bbox 2231 4259 3891 4343; baseline 0.005 -30"><span class='ocrx_word' id='word_1_646' title='bbox 2231 4281 2418 4314; x_wconf 82' lang='grc' dir='ltr'>σουσιν</span> <span class='ocrx_word' id='word_1_647' title='bbox 2493 4259 2780 4323; x_wconf 82' lang='grc' dir='ltr'>ἀκούοντες</span> <span class='ocrx_word' id='word_1_648' title='bbox 2837 4260 2927 4317; x_wconf 82' lang='grc' dir='ltr'><strong>καὶ</strong></span> <span class='ocrx_word' id='word_1_649' title='bbox 2984 4266 3091 4318; x_wconf 82' lang='grc' dir='ltr'><strong>τῶν</strong></span> <span class='ocrx_word' id='word_1_650' title='bbox 3153 4263 3404 4341; x_wconf 87' lang='grc' dir='ltr'>μεγάλων</span> <span class='ocrx_word' id='word_1_651' title='bbox 3457 4265 3550 4320; x_wconf 70' lang='grc' dir='ltr'><strong>καὶ</strong></span> <span class='ocrx_word' id='word_1_652' title='bbox 3609 4265 3891 4343; x_wconf 86' lang='grc' dir='ltr'>μακαρίων</span> 
     </span>
    </p>
   </div>
   <div class='ocr_carea' id='block_1_90' title="bbox 2230 4347 3907 4431">
    <p class='ocr_par' dir='ltr' id='par_1_90' title="bbox 2230 4347 3907 4431">
     <span class='ocr_line' id='line_1_90' title="bbox 2230 4347 3907 4431; baseline 0.004 -27"><span class='ocrx_word' id='word_1_653' title='bbox 2230 4347 2550 4405; x_wconf 83' lang='grc' dir='ltr'>ἀποστόλων</span> <span class='ocrx_word' id='word_1_654' title='bbox 2583 4349 2635 4405; x_wconf 80' lang='grc' dir='ltr'>ἐν</span> <span class='ocrx_word' id='word_1_655' title='bbox 2675 4356 2796 4412; x_wconf 83' lang='grc' dir='ltr'>ταῖς</span> <span class='ocrx_word' id='word_1_656' title='bbox 2842 4351 3091 4426; x_wconf 81' lang='grc' dir='ltr'>Πράξεσι,</span> <span class='ocrx_word' id='word_1_657' title='bbox 3121 4357 3219 4408; x_wconf 90' lang='grc' dir='ltr'><strong>τοῦ</strong></span> <span class='ocrx_word' id='word_1_658' title='bbox 3279 4354 3375 4428; x_wconf 72' lang='grc' dir='ltr'>μὲν</span> <span class='ocrx_word' id='word_1_659' title='bbox 3436 4356 3644 4431; x_wconf 70' lang='grc' dir='ltr'>Πέτρου</span> <span class='ocrx_word' id='word_1_660' title='bbox 3702 4354 3907 4431; x_wconf 48' lang='grc' dir='ltr'>λέγοντ</span> 
     </span>
    </p>
   </div>
   <div class='ocr_carea' id='block_1_91' title="bbox 2228 4436 3892 4522">
    <p class='ocr_par' dir='ltr' id='par_1_91' title="bbox 2228 4436 3892 4522">
     <span class='ocr_line' id='line_1_91' title="bbox 2228 4436 3892 4522; baseline 0.004 -29"><span class='ocrx_word' id='word_1_661' title='bbox 2228 4461 2359 4502; x_wconf 84' lang='grc' dir='ltr'>τος·</span> <span class='ocrx_word' id='word_1_662' title='bbox 2430 4436 2655 4516; x_wconf 78' lang='grc' dir='ltr'>Ἀνδρες</span> <span class='ocrx_word' id='word_1_663' title='bbox 2732 4440 3087 4517; x_wconf 85' lang='grc' dir='ltr'>Ἰσραηλῖται,</span> <span class='ocrx_word' id='word_1_664' title='bbox 3156 4442 3419 4500; x_wconf 86' lang='grc' dir='ltr'>ἀκούσατε</span> <span class='ocrx_word' id='word_1_665' title='bbox 3480 4443 3616 4507; x_wconf 80' lang='grc' dir='ltr'>τοὺς</span> <span class='ocrx_word' id='word_1_666' title='bbox 3695 4443 3892 4522; x_wconf 87' lang='grc' dir='ltr'>λόγονε</span> 
     </span>
    </p>
   </div>
   <div class='ocr_carea' id='block_1_92' title="bbox 2225 4526 3883 4610">
    <p class='ocr_par' dir='ltr' id='par_1_92' title="bbox 2225 4526 3883 4610">
     <span class='ocr_line' id='line_1_92' title="bbox 2225 4526 3883 4610; baseline 0.004 -27"><span class='ocrx_word' id='word_1_667' title='bbox 2225 4526 2484 4590; x_wconf 81' lang='grc' dir='ltr'>τούτους·</span> <span class='ocrx_word' id='word_1_668' title='bbox 2556 4530 2762 4599; x_wconf 80' lang='grc' dir='ltr'>Ἰησοῦν</span> <span class='ocrx_word' id='word_1_669' title='bbox 2836 4530 2927 4585; x_wconf 88' lang='grc' dir='ltr'>τὸν</span> <span class='ocrx_word' id='word_1_670' title='bbox 3002 4537 3318 4608; x_wconf 81' lang='grc' dir='ltr'>Ναζωραῖον</span> <span class='ocrx_word' id='word_1_671' title='bbox 3351 4576 3365 4603; x_wconf 96' lang='grc'><strong>,</strong></span> <span class='ocrx_word' id='word_1_672' title='bbox 3442 4529 3611 4610; x_wconf 79' lang='grc' dir='ltr'>ἄνδρα</span> <span class='ocrx_word' id='word_1_673' title='bbox 3684 4530 3883 4589; x_wconf 82' lang='grc' dir='ltr'>ἀποδε-</span> 
     </span>
    </p>
   </div>
   <div class='ocr_carea' id='block_1_93' title="bbox 468 4613 2117 4702">
    <p class='ocr_par' dir='ltr' id='par_1_93' title="bbox 468 4616 2117 4694">
     <span class='ocr_line' id='line_1_93' title="bbox 468 4616 2117 4694; baseline -0.001 -15"><span class='ocrx_word' id='word_1_674' title='bbox 468 4623 574 4679; x_wconf 86' lang='lat' dir='ltr'><strong>Deo</strong></span> <span class='ocrx_word' id='word_1_675' title='bbox 606 4623 670 4678; x_wconf 84' lang='lat' dir='ltr'><strong>in</strong></span> <span class='ocrx_word' id='word_1_676' title='bbox 697 4620 871 4688; x_wconf 82' lang='lat' dir='ltr'><strong>vobis,</strong></span> <span class='ocrx_word' id='word_1_677' title='bbox 899 4618 1198 4675; x_wconf 82' lang='lat' dir='ltr'><strong>virtutibus</strong></span> <span class='ocrx_word' id='word_1_678' title='bbox 1250 4624 1302 4672; x_wconf 87' lang='lat' dir='ltr'><strong>et</strong></span> <span class='ocrx_word' id='word_1_679' title='bbox 1346 4616 1622 4688; x_wconf 79' lang='lat' dir='ltr'><strong>prodigiis</strong></span> <span class='ocrx_word' id='word_1_680' title='bbox 1670 4628 1722 4674; x_wconf 84' lang='lat' dir='ltr'><strong>et</strong></span> <span class='ocrx_word' id='word_1_681' title='bbox 1765 4621 1960 4693; x_wconf 83' lang='lat' dir='ltr'><strong>signis,</strong></span> <span class='ocrx_word' id='word_1_682' title='bbox 1995 4638 2117 4694; x_wconf 70' lang='lat' dir='ltr'><strong>quae</strong></span> 
     </span>
    </p>
   </div>
   <div class='ocr_carea' id='block_1_94' title="bbox 2232 4613 3885 4702">
    <p class='ocr_par' dir='ltr' id='par_1_94' title="bbox 2232 4613 3885 4696">
     <span class='ocr_line' id='line_1_94' title="bbox 2232 4613 3885 4696; baseline 0.003 -25"><span class='ocrx_word' id='word_1_683' title='bbox 2232 4613 2514 4692; x_wconf 79' lang='grc' dir='ltr'>δειγμένον</span> <span class='ocrx_word' id='word_1_684' title='bbox 2584 4617 2689 4673; x_wconf 86' lang='grc' dir='ltr'>ἀπὸ</span> <span class='ocrx_word' id='word_1_685' title='bbox 2752 4622 2850 4673; x_wconf 82' lang='grc' dir='ltr'><strong>τοῦ</strong></span> <span class='ocrx_word' id='word_1_686' title='bbox 2915 4623 3051 4675; x_wconf 89' lang='grc' dir='ltr'>Θεοῦ</span> <span class='ocrx_word' id='word_1_687' title='bbox 3119 4620 3194 4683; x_wconf 83' lang='grc' dir='ltr'><strong>εἷς</strong></span> <span class='ocrx_word' id='word_1_688' title='bbox 3258 4623 3408 4694; x_wconf 80' lang='grc' dir='ltr'>ἡμᾶς</span> <span class='ocrx_word' id='word_1_689' title='bbox 3476 4618 3753 4696; x_wconf 87' lang='grc' dir='ltr'>δυνάμεσι,</span> <span class='ocrx_word' id='word_1_690' title='bbox 3776 4622 3885 4678; x_wconf 83' lang='grc' dir='ltr'>’καὶ</span> 
     </span>
    </p>
   </div>
   <div class='ocr_carea' id='block_1_95' title="bbox 468 4704 2121 4781">
    <p class='ocr_par' dir='ltr' id='par_1_95' title="bbox 468 4704 2121 4781">
     <span class='ocr_line' id='line_1_95' title="bbox 468 4704 2121 4781; baseline 0 -14"><span class='ocrx_word' id='word_1_691' title='bbox 468 4710 598 4781; x_wconf 79' lang='lat' dir='ltr'><strong>fecit</strong></span> <span class='ocrx_word' id='word_1_692' title='bbox 616 4710 758 4766; x_wconf 85' lang='lat' dir='ltr'><strong>Deus</strong></span> <span class='ocrx_word' id='word_1_693' title='bbox 773 4723 873 4780; x_wconf 86' lang='lat' dir='ltr'><strong>per</strong></span> <span class='ocrx_word' id='word_1_694' title='bbox 894 4707 1057 4763; x_wconf 77' lang='lat' dir='ltr'><strong>illum</strong></span> <span class='ocrx_word' id='word_1_695' title='bbox 1075 4706 1140 4762; x_wconf 81' lang='lat' dir='ltr'><strong>in</strong></span> <span class='ocrx_word' id='word_1_696' title='bbox 1163 4704 1343 4762; x_wconf 85' lang='lat' dir='ltr'><strong>medio</strong></span> <span class='ocrx_word' id='word_1_697' title='bbox 1368 4706 1554 4775; x_wconf 79' lang='lat' dir='ltr'><strong>vestri,</strong></span> <span class='ocrx_word' id='word_1_698' title='bbox 1576 4707 1721 4762; x_wconf 83' lang='lat' dir='ltr'><strong>sicut</strong></span> <span class='ocrx_word' id='word_1_699' title='bbox 1742 4716 1793 4763; x_wconf 88' lang='lat' dir='ltr'><strong>et</strong></span> <span class='ocrx_word' id='word_1_700' title='bbox 1821 4725 1912 4765; x_wconf 87' lang='lat' dir='ltr'><strong>vos</strong></span> <span class='ocrx_word' id='word_1_701' title='bbox 1931 4712 2081 4769; x_wconf 77' lang='lat' dir='ltr'><strong>scitis</strong></span> <span class='ocrx_word' id='word_1_702' title='bbox 2102 4729 2121 4767; x_wconf 90' lang='lat'><strong><em>:</em></strong></span> 
     </span>
    </p>
   </div>
   <div class='ocr_carea' id='block_1_96' title="bbox 562 4862 1727 4942">
    <p class='ocr_par' dir='ltr' id='par_1_96' title="bbox 562 4862 1727 4942">
     <span class='ocr_line' id='line_1_96' title="bbox 562 4862 1727 4942; baseline -0.001 -19"><span class='ocrx_word' id='word_1_703' title='bbox 562 4869 656 4942; x_wconf 76' lang='lat'><strong>79)</strong></span> <span class='ocrx_word' id='word_1_704' title='bbox 685 4865 870 4942; x_wconf 73' lang='grc' dir='ltr'>ρῦτως</span> <span class='ocrx_word' id='word_1_705' title='bbox 901 4868 1069 4942; x_wconf 75' lang='lat' dir='ltr'><strong>deest</strong></span> <span class='ocrx_word' id='word_1_706' title='bbox 1082 4864 1155 4942; x_wconf 90' lang='lat' dir='ltr'><strong>_in</strong></span> <span class='ocrx_word' id='word_1_707' title='bbox 1185 4862 1727 4942; x_wconf 19' lang='lat' dir='ltr'><strong>lj‘elckm.h3‘_anon.</strong></span> 
     </span>
    </p>
   </div>
   <div class='ocr_carea' id='block_1_97' title="bbox 564 4936 2118 5017">
    <p class='ocr_par' dir='ltr' id='par_1_97' title="bbox 564 4936 2118 5017">
     <span class='ocr_line' id='line_1_97' title="bbox 564 4936 2118 5017; baseline 0.001 -21"><span class='ocrx_word' id='word_1_708' title='bbox 564 4936 658 5017; x_wconf 80' lang='lat'>80)</span> <span class='ocrx_word' id='word_1_709' title='bbox 688 4940 928 5017; x_wconf 60' lang='lat' dir='ltr'><strong>Taurin.</strong></span> <span class='ocrx_word' id='word_1_710' title='bbox 978 4936 1138 5017; x_wconf 64' lang='lat' dir='ltr'><strong>Colb.</strong></span> <span class='ocrx_word' id='word_1_711' title='bbox 1187 4936 1474 5017; x_wconf 50' lang='lat' dir='ltr'><strong>Jes.,”:oﬁ</strong></span> <span class='ocrx_word' id='word_1_712' title='bbox 1519 4937 1786 5017; x_wconf 51' lang='grc' dir='ltr'><strong>Χριστοῦἒ</strong></span> <span class='ocrx_word' id='word_1_713' title='bbox 1811 4940 1949 5013; x_wconf 81' lang='lat' dir='ltr'><strong>Reg.</strong></span> <span class='ocrx_word' id='word_1_714' title='bbox 1984 4959 2118 4998; x_wconf 88' lang='lat' dir='ltr'><strong>cum</strong></span> 
     </span>
    </p>
   </div>
   <div class='ocr_carea' id='block_1_98' title="bbox 469 5007 2120 5084">
    <p class='ocr_par' dir='ltr' id='par_1_98' title="bbox 469 5007 2120 5084">
     <span class='ocr_line' id='line_1_98' title="bbox 469 5007 2120 5084; baseline -0.001 -15"><span class='ocrx_word' id='word_1_715' title='bbox 469 5007 645 5069; x_wconf 85' lang='lat' dir='ltr'><strong>editis</strong></span> <span class='ocrx_word' id='word_1_716' title='bbox 673 5016 731 5068; x_wconf 88' lang='lat' dir='ltr'><strong>et</strong></span> <span class='ocrx_word' id='word_1_717' title='bbox 761 5008 1139 5084; x_wconf 81' lang='lat' dir='ltr'><strong>Felckmanni</strong></span> <span class='ocrx_word' id='word_1_718' title='bbox 1169 5007 1492 5084; x_wconf 82' lang='lat' dir='ltr'><strong>codicibus,</strong></span> <span class='ocrx_word' id='word_1_719' title='bbox 1520 5007 1619 5062; x_wconf 70' lang='grc' dir='ltr'><strong>τοῦ</strong></span> <span class='ocrx_word' id='word_1_720' title='bbox 1662 5009 1811 5079; x_wconf 79' lang='grc' dir='ltr'><strong>Υἱοῦ,</strong></span> <span class='ocrx_word' id='word_1_721' title='bbox 1847 5007 2058 5084; x_wconf 61' lang='lat' dir='ltr'><strong>praeter</strong></span> <span class='ocrx_word' id='word_1_722' title='bbox 2086 5017 2120 5069; x_wconf 88' lang='lat'><strong>3</strong></span> 
     </span>
    </p>
   </div>
   <div class='ocr_carea' id='block_1_99' title="bbox 465 5073 1339 5141">
    <p class='ocr_par' dir='ltr' id='par_1_99' title="bbox 465 5073 1339 5141">
     <span class='ocr_line' id='line_1_99' title="bbox 465 5073 1339 5141; baseline -0.009 0"><span class='ocrx_word' id='word_1_723' title='bbox 465 5100 643 5141; x_wconf 89' lang='lat' dir='ltr'><strong>anon.</strong></span> <span class='ocrx_word' id='word_1_724' title='bbox 677 5084 777 5141; x_wconf 82' lang='lat' dir='ltr'><strong>cui</strong></span> <span class='ocrx_word' id='word_1_725' title='bbox 811 5083 987 5138; x_wconf 89' lang='lat' dir='ltr'><strong>habet</strong></span> <span class='ocrx_word' id='word_1_726' title='bbox 1015 5082 1112 5134; x_wconf 80' lang='grc' dir='ltr'><strong>τοῦ</strong></span> <span class='ocrx_word' id='word_1_727' title='bbox 1140 5073 1339 5141; x_wconf 84' lang='grc' dir='ltr'>Λόγου.</span> 
     </span>
    </p>
   </div>
   <div class='ocr_carea' id='block_1_100' title="bbox 536 5098 1626 5242">
    <p class='ocr_par' dir='ltr' id='par_1_100' title="bbox 536 5098 1626 5242">
     <span class='ocr_line' id='line_1_100' title="bbox 536 5098 1339 5140; baseline -0.009 0"><span class='ocrx_word' id='word_1_728' title='bbox 536 5100 643 5140; x_wconf 68' lang='grc' dir='ltr'>ιοη.</span> <span class='ocrx_word' id='word_1_729' title='bbox 718 5100 777 5139; x_wconf 76' lang='grc'><strong>111</strong></span> <span class='ocrx_word' id='word_1_730' title='bbox 812 5098 987 5138; x_wconf 70' lang='grc' dir='ltr'><strong>Πᾶοθῐ</strong></span> <span class='ocrx_word' id='word_1_731' title='bbox 1015 5099 1112 5134; x_wconf 79' lang='grc' dir='ltr'><strong>του</strong></span> <span class='ocrx_word' id='word_1_732' title='bbox 1140 5098 1217 5133; x_wconf 89' lang='grc' dir='ltr'><strong>ΛΟ</strong></span> <span class='ocrx_word' id='word_1_733' title='bbox 1257 5098 1339 5133; x_wconf 81' lang='grc' dir='ltr'>Ου.</span> 
     </span>
     <span class='ocr_line' id='line_1_101' title="bbox 536 5098 1626 5242; baseline -0.006 -31"><span class='ocrx_word' id='word_1_734' title='bbox 677 5100 926 5242; x_wconf 48' lang='lat' dir='ltr'><strong>a‘alurin.</strong></span> <span class='ocrx_word' id='word_1_735' title='bbox 960 5154 1183 5242; x_wconf 43' lang='lat' dir='ltr'><strong>cales”</strong></span> <span class='ocrx_word' id='word_1_736' title='bbox 1218 5098 1626 5242; x_wconf 56' lang='grc' dir='ltr'>ἀναισχύντους.</span> 
     </span>
    </p>
   </div>
   <div class='ocr_carea' id='block_1_101' title="bbox 536 5222 2118 5299">
    <p class='ocr_par' dir='ltr' id='par_1_101' title="bbox 536 5222 2118 5299">
     <span class='ocr_line' id='line_1_102' title="bbox 536 5222 2118 5299; baseline -0.001 -16"><span class='ocrx_word' id='word_1_737' title='bbox 536 5222 653 5299; x_wconf 85' lang='grc'>(82)</span> <span class='ocrx_word' id='word_1_738' title='bbox 682 5227 933 5282; x_wconf 77' lang='lat' dir='ltr'><strong>Felckm.</strong></span> <span class='ocrx_word' id='word_1_739' title='bbox 1001 5225 1035 5299; x_wconf 62' lang='lat'><strong>8</strong></span> <span class='ocrx_word' id='word_1_740' title='bbox 1100 5239 1309 5290; x_wconf 84' lang='lat' dir='ltr'><strong>anon.,</strong></span> <span class='ocrx_word' id='word_1_741' title='bbox 1379 5222 1455 5299; x_wconf 63' lang='grc' dir='ltr'>ὡς</span> <span class='ocrx_word' id='word_1_742' title='bbox 1489 5222 1797 5299; x_wconf 30' lang='grc' dir='ltr'>ῌἈρειανὸς</span> <span class='ocrx_word' id='word_1_743' title='bbox 1835 5225 2118 5299; x_wconf 19' lang='grc' dir='ltr'>*νομίζεται</span> 
     </span>
    </p>
   </div>
   <div class='ocr_carea' id='block_1_102' title="bbox 465 5291 2119 5365">
    <p class='ocr_par' dir='ltr' id='par_1_102' title="bbox 465 5291 2119 5365">
     <span class='ocr_line' id='line_1_103' title="bbox 465 5291 2119 5365; baseline -0.003 -9"><span class='ocrx_word' id='word_1_744' title='bbox 465 5291 599 5356; x_wconf 83' lang='lat' dir='ltr'><strong>Mox</strong></span> <span class='ocrx_word' id='word_1_745' title='bbox 627 5291 867 5355; x_wconf 82' lang='lat' dir='ltr'><strong>Taurin.</strong></span> <span class='ocrx_word' id='word_1_746' title='bbox 902 5303 958 5352; x_wconf 85' lang='lat' dir='ltr'><strong>et</strong></span> <span class='ocrx_word' id='word_1_747' title='bbox 998 5295 1145 5363; x_wconf 90' lang='lat' dir='ltr'><strong>Jes.,</strong></span> <span class='ocrx_word' id='word_1_748' title='bbox 1183 5312 1348 5362; x_wconf 81' lang='grc' dir='ltr'>ουσης</span> <span class='ocrx_word' id='word_1_749' title='bbox 1382 5291 1546 5363; x_wconf 78' lang='grc' dir='ltr'>αὐτῷ.</span> <span class='ocrx_word' id='word_1_750' title='bbox 1581 5291 1756 5363; x_wconf 76' lang='lat' dir='ltr'><strong>infra,</strong></span> <span class='ocrx_word' id='word_1_751' title='bbox 1788 5297 1888 5365; x_wconf 74' lang='grc' dir='ltr'>τήν</span> <span class='ocrx_word' id='word_1_752' title='bbox 1919 5291 2119 5353; x_wconf 76' lang='grc' dir='ltr'>οἰκείαν</span> 
     </span>
    </p>
   </div>
   <div class='ocr_carea' id='block_1_103' title="bbox 463 5365 1418 5440">
    <p class='ocr_par' dir='ltr' id='par_1_103' title="bbox 463 5365 1418 5440">
     <span class='ocr_line' id='line_1_104' title="bbox 463 5365 1418 5440; baseline -0.004 -16"><span class='ocrx_word' id='word_1_753' title='bbox 463 5365 804 5440; x_wconf 81' lang='grc' dir='ltr'>κακοδοξίαν.</span> <span class='ocrx_word' id='word_1_754' title='bbox 836 5368 1076 5440; x_wconf 83' lang='lat' dir='ltr'><strong>Taurin.</strong></span> <span class='ocrx_word' id='word_1_755' title='bbox 1110 5366 1266 5423; x_wconf 78' lang='lat' dir='ltr'><strong>Colb.</strong></span> <span class='ocrx_word' id='word_1_756' title='bbox 1298 5366 1418 5421; x_wconf 86' lang='lat' dir='ltr'><strong>Jes.</strong></span> 
     </span>
    </p>
   </div>
   <div class='ocr_carea' id='block_1_104' title="bbox 540 5437 2115 5516">
    <p class='ocr_par' dir='ltr' id='par_1_104' title="bbox 540 5437 2115 5516">
     <span class='ocr_line' id='line_1_105' title="bbox 540 5437 2115 5516; baseline 0.002 -21"><span class='ocrx_word' id='word_1_757' title='bbox 540 5442 653 5516; x_wconf 76' lang='lat'>(83)</span> <span class='ocrx_word' id='word_1_758' title='bbox 683 5437 843 5516; x_wconf 45' lang='lat' dir='ltr'><strong>Reg,</strong></span> <span class='ocrx_word' id='word_1_759' title='bbox 887 5447 945 5497; x_wconf 89' lang='lat' dir='ltr'><strong>et</strong></span> <span class='ocrx_word' id='word_1_760' title='bbox 982 5439 1144 5516; x_wconf 35' lang='lat' dir='ltr'><strong>‘edit.</strong></span> <span class='ocrx_word' id='word_1_761' title='bbox 1172 5437 1487 5516; x_wconf 23' lang='lat' dir='ltr'><strong>Agomm‘el.‘</strong></span> <span class='ocrx_word' id='word_1_762' title='bbox 1555 5452 1696 5516; x_wconf 74' lang='lat' dir='ltr'><strong>cum</strong></span> <span class='ocrx_word' id='word_1_763' title='bbox 1738 5441 2115 5516; x_wconf 74' lang='lat' dir='ltr'><strong>quibusdam</strong></span> 
     </span>
    </p>
   </div>
   <div class='ocr_carea' id='block_1_105' title="bbox 470 5504 2116 5580">
    <p class='ocr_par' dir='ltr' id='par_1_105' title="bbox 470 5504 2116 5580">
     <span class='ocr_line' id='line_1_106' title="bbox 470 5504 2116 5580; baseline 0.001 -12"><span class='ocrx_word' id='word_1_764' title='bbox 470 5504 868 5580; x_wconf 36' lang='lat' dir='ltr'><strong>Felck&#39;manvni,</strong></span> <span class='ocrx_word' id='word_1_765' title='bbox 902 5506 1124 5566; x_wconf 84' lang='grc' dir='ltr'>Θαλίαν.</span> <span class='ocrx_word' id='word_1_766' title='bbox 1156 5509 1289 5580; x_wconf 85' lang='lat' dir='ltr'><strong>Alii,</strong></span> <span class='ocrx_word' id='word_1_767' title='bbox 1323 5504 1572 5580; x_wconf 74' lang='grc' dir='ltr'>Θαλείαν.</span> <span class='ocrx_word' id='word_1_768' title='bbox 1606 5504 1859 5580; x_wconf 62' lang='grc' dir='ltr'>ΙίόΙοΙςῖῐι.</span> <span class='ocrx_word' id='word_1_769' title='bbox 1901 5530 2036 5569; x_wconf 88' lang='lat' dir='ltr'><strong>vero</strong></span> <span class='ocrx_word' id='word_1_770' title='bbox 2082 5515 2116 5568; x_wconf 92' lang='lat'>3</span> 
     </span>
    </p>
   </div>
   <div class='ocr_carea' id='block_1_106' title="bbox 465 5577 2116 5708">
    <p class='ocr_par' dir='ltr' id='par_1_106' title="bbox 465 5577 2116 5708">
     <span class='ocr_line' id='line_1_107' title="bbox 465 5577 2116 5708; baseline -0.001 -68"><span class='ocrx_word' id='word_1_771' title='bbox 465 5599 672 5708; x_wconf 57' lang='lat'><strong>230%.,</strong></span> <span class='ocrx_word' id='word_1_772' title='bbox 748 5577 954 5661; x_wconf 81' lang='grc' dir='ltr'>ἔγραῲε</span> <span class='ocrx_word' id='word_1_773' title='bbox 1010 5580 1131 5659; x_wconf 83' lang='grc' dir='ltr'>λίαν</span> <span class='ocrx_word' id='word_1_774' title='bbox 1197 5577 1647 5652; x_wconf 83' lang='grc' dir='ltr'>ἐκτεθηλυμὲνοις</span> <span class='ocrx_word' id='word_1_775' title='bbox 1719 5579 1809 5635; x_wconf 74' lang='grc' dir='ltr'><strong>καί</strong></span> <span class='ocrx_word' id='word_1_776' title='bbox 1874 5582 2116 5659; x_wconf 85' lang='grc' dir='ltr'>γελοίοις</span> 
     </span>
     <span class='ocr_line' id='line_1_108' title="bbox 562 5673 662 5708; baseline 0.01 -1"><span class='ocrx_word' id='word_1_777' title='bbox 562 5673 662 5708; x_wconf 89' lang='grc' dir='ltr'>εσι.</span> 
     </span>
    </p>
   </div>
   <div class='ocr_carea' id='block_1_107' title="bbox 562 5673 662 5711">
    <p class='ocr_par' dir='ltr' id='par_1_107' title="bbox 562 5673 662 5711">
     <span class='ocr_line' id='line_1_109' title="bbox 562 5673 662 5711; baseline 0.04 -4"><span class='ocrx_word' id='word_1_778' title='bbox 562 5673 662 5711; x_wconf 91' lang='grc' dir='ltr'>εσι.</span> 
     </span>
    </p>
   </div>
   <div class='ocr_carea' id='block_1_108' title="bbox 534 5723 2115 5801">
    <p class='ocr_par' dir='ltr' id='par_1_108' title="bbox 534 5723 2115 5801">
     <span class='ocr_line' id='line_1_110' title="bbox 534 5723 2115 5801; baseline 0.004 -21"><span class='ocrx_word' id='word_1_779' title='bbox 534 5725 650 5801; x_wconf 84' lang='grc'>(84)</span> <span class='ocrx_word' id='word_1_780' title='bbox 680 5724 822 5800; x_wconf 84' lang='lat' dir='ltr'><strong>Reg.</strong></span> <span class='ocrx_word' id='word_1_781' title='bbox 866 5730 924 5785; x_wconf 87' lang='lat' dir='ltr'><strong>et</strong></span> <span class='ocrx_word' id='word_1_782' title='bbox 973 5725 1112 5785; x_wconf 85' lang='lat' dir='ltr'><strong>edit.</strong></span> <span class='ocrx_word' id='word_1_783' title='bbox 1161 5724 1463 5797; x_wconf 87' lang='lat' dir='ltr'><strong>Commel.,</strong></span> <span class='ocrx_word' id='word_1_784' title='bbox 1497 5723 1783 5799; x_wconf 85' lang='grc' dir='ltr'>Σωσάτην.</span> <span class='ocrx_word' id='word_1_785' title='bbox 1815 5725 1929 5786; x_wconf 88' lang='lat' dir='ltr'><strong>Alii</strong></span> <span class='ocrx_word' id='word_1_786' title='bbox 1979 5743 2115 5787; x_wconf 88' lang='lat' dir='ltr'><strong>cum</strong></span> 
     </span>
    </p>
   </div>
   <div class='ocr_carea' id='block_1_109' title="bbox 2226 4705 3882 4783">
    <p class='ocr_par' dir='ltr' id='par_1_109' title="bbox 2226 4705 3882 4783">
     <span class='ocr_line' id='line_1_111' title="bbox 2226 4705 3882 4783; baseline 0.003 -22"><span class='ocrx_word' id='word_1_787' title='bbox 2226 4706 2433 4783; x_wconf 83' lang='grc' dir='ltr'>τέρασι,</span> <span class='ocrx_word' id='word_1_788' title='bbox 2493 4705 2582 4760; x_wconf 84' lang='grc' dir='ltr'><strong>καὶ</strong></span> <span class='ocrx_word' id='word_1_789' title='bbox 2640 4705 2915 4781; x_wconf 88' lang='grc' dir='ltr'>σημείοις,</span> <span class='ocrx_word' id='word_1_790' title='bbox 2976 4709 3058 4771; x_wconf 80' lang='grc' dir='ltr'>οἷς</span> <span class='ocrx_word' id='word_1_791' title='bbox 3115 4708 3367 4782; x_wconf 81' lang='grc' dir='ltr'>ἐποίησεν</span> <span class='ocrx_word' id='word_1_792' title='bbox 3418 4710 3446 4764; x_wconf 90' lang='grc' dir='ltr'>ὁ</span> <span class='ocrx_word' id='word_1_793' title='bbox 3495 4710 3625 4774; x_wconf 84' lang='grc' dir='ltr'>Θεὸς</span> <span class='ocrx_word' id='word_1_794' title='bbox 3676 4708 3746 4765; x_wconf 86' lang='grc' dir='ltr'>δι’</span> <span class='ocrx_word' id='word_1_795' title='bbox 3786 4710 3882 4766; x_wconf 80' lang='grc' dir='ltr'>αὗ-</span> 
     </span>
    </p>
   </div>
   <div class='ocr_carea' id='block_1_110' title="bbox 2229 4866 3882 4944">
    <p class='ocr_par' dir='ltr' id='par_1_110' title="bbox 2229 4866 3882 4944">
     <span class='ocr_line' id='line_1_112' title="bbox 2229 4866 3882 4944; baseline 0.002 -19"><span class='ocrx_word' id='word_1_796' title='bbox 2229 4868 2369 4944; x_wconf 85' lang='lat' dir='ltr'><strong>edit.</strong></span> <span class='ocrx_word' id='word_1_797' title='bbox 2423 4866 2964 4944; x_wconf 35' lang='lat' dir='ltr'><strong>Paris.,_2w1.a8nv.</strong></span> <span class='ocrx_word' id='word_1_798' title='bbox 3013 4872 3160 4944; x_wconf 89' lang='lat' dir='ltr'><strong>Ibid.</strong></span> <span class='ocrx_word' id='word_1_799' title='bbox 3215 4871 3469 4931; x_wconf 83' lang='lat' dir='ltr'><strong>Felckm.</strong></span> <span class='ocrx_word' id='word_1_800' title='bbox 3520 4874 3555 4930; x_wconf 92' lang='lat'>3</span> <span class='ocrx_word' id='word_1_801' title='bbox 3602 4890 3801 4944; x_wconf 87' lang='lat' dir='ltr'><strong>anon.,</strong></span> <span class='ocrx_word' id='word_1_802' title='bbox 3852 4874 3882 4929; x_wconf 81' lang='grc' dir='ltr'><strong>ὁ</strong></span> 
     </span>
    </p>
   </div>
   <div class='ocr_carea' id='block_1_111' title="bbox 2234 4938 3882 5018">
    <p class='ocr_par' dir='ltr' id='par_1_111' title="bbox 2234 4938 3882 5018">
     <span class='ocr_line' id='line_1_113' title="bbox 2234 4938 3882 5018; baseline 0.006 -26"><span class='ocrx_word' id='word_1_803' title='bbox 2234 4939 2415 5018; x_wconf 68' lang='grc' dir='ltr'>μέντοι</span> <span class='ocrx_word' id='word_1_804' title='bbox 2462 4938 2770 5018; x_wconf 35' lang='grc' dir='ltr'>Διονολύσιος</span> <span class='ocrx_word' id='word_1_805' title='bbox 2800 4938 3002 5018; x_wconf 63' lang='grc' dir='ltr'>ἔγραψε</span> <span class='ocrx_word' id='word_1_806' title='bbox 3172 4944 3355 5001; x_wconf 88' lang='lat' dir='ltr'><strong>Paulo</strong></span> <span class='ocrx_word' id='word_1_807' title='bbox 3386 4948 3521 5018; x_wconf 89' lang='lat' dir='ltr'><strong>post</strong></span> <span class='ocrx_word' id='word_1_808' title='bbox 3548 4938 3795 5018; x_wconf 65' lang='lat' dir='ltr'><strong>Taurin.</strong></span> <span class='ocrx_word' id='word_1_809' title='bbox 3821 4951 3882 5018; x_wconf 85' lang='lat' dir='ltr'><strong>et</strong></span> 
     </span>
    </p>
   </div>
   <div class='ocr_carea' id='block_1_112' title="bbox 2228 5009 3881 5103">
    <p class='ocr_par' dir='ltr' id='par_1_112' title="bbox 2228 5009 3881 5103">
     <span class='ocr_line' id='line_1_114' title="bbox 2228 5009 3881 5103; baseline 0.002 -36"><span class='ocrx_word' id='word_1_810' title='bbox 2228 5009 2414 5103; x_wconf 65' lang='lat' dir='ltr'><strong>golb.,</strong></span> <span class='ocrx_word' id='word_1_811' title='bbox 2462 5010 2553 5066; x_wconf 83' lang='grc' dir='ltr'><strong>καὶ</strong></span> <span class='ocrx_word' id='word_1_812' title='bbox 2603 5009 2672 5065; x_wconf 87' lang='grc' dir='ltr'>δι’</span> <span class='ocrx_word' id='word_1_813' title='bbox 2729 5009 2975 5083; x_wconf 68' lang='grc' dir='ltr'>ὧν,”ι]Ηὶ</span> <span class='ocrx_word' id='word_1_814' title='bbox 3025 5015 3125 5071; x_wconf 84' lang='lat' dir='ltr'><strong>alii</strong></span> <span class='ocrx_word' id='word_1_815' title='bbox 3182 5033 3318 5072; x_wconf 89' lang='lat' dir='ltr'><strong>cum</strong></span> <span class='ocrx_word' id='word_1_816' title='bbox 3367 5009 3564 5086; x_wconf 69' lang='lat' dir='ltr'><strong>editis,</strong></span> <span class='ocrx_word' id='word_1_817' title='bbox 3611 5015 3703 5071; x_wconf 83' lang='grc' dir='ltr'><strong>καὶ</strong></span> <span class='ocrx_word' id='word_1_818' title='bbox 3754 5016 3881 5093; x_wconf 85' lang='grc' dir='ltr'>περὶ</span> 
     </span>
    </p>
   </div>
   <div class='ocr_carea' id='block_1_113' title="bbox 2228 5104 2323 5139">
    <p class='ocr_par' dir='ltr' id='par_1_113' title="bbox 2228 5104 2323 5139">
     <span class='ocr_line' id='line_1_115' title="bbox 2228 5104 2323 5139; baseline 0.032 -4"><span class='ocrx_word' id='word_1_819' title='bbox 2228 5104 2323 5139; x_wconf 86' lang='grc' dir='ltr'><strong>ων.</strong></span> 
     </span>
    </p>
   </div>
   <div class='ocr_carea' id='block_1_114' title="bbox 2299 5153 3346 5231">
    <p class='ocr_par' dir='ltr' id='par_1_114' title="bbox 2299 5153 3346 5231">
     <span class='ocr_line' id='line_1_116' title="bbox 2299 5153 3346 5231; baseline 0.005 -23"><span class='ocrx_word' id='word_1_820' title='bbox 2299 5155 2412 5231; x_wconf 63' lang='grc'>(85)</span> <span class='ocrx_word' id='word_1_821' title='bbox 2447 5153 2698 5231; x_wconf 70' lang='lat' dir='ltr'><strong>ij‘elckm.</strong></span> <span class='ocrx_word' id='word_1_822' title='bbox 2726 5156 2766 5231; x_wconf 60' lang='grc' dir='ltr'><strong>ἓ</strong></span> <span class='ocrx_word' id='word_1_823' title='bbox 2798 5172 2994 5231; x_wconf 88' lang='lat' dir='ltr'><strong>anon.,</strong></span> <span class='ocrx_word' id='word_1_824' title='bbox 3018 5156 3346 5231; x_wconf 63' lang='grc' dir='ltr'><strong>ΔἈριμςιρνόιν.</strong></span> 
     </span>
    </p>
   </div>
   <div class='ocr_carea' id='block_1_115' title="bbox 2299 5225 3880 5303">
    <p class='ocr_par' dir='ltr' id='par_1_115' title="bbox 2299 5225 3880 5303">
     <span class='ocr_line' id='line_1_117' title="bbox 2299 5225 3880 5303; baseline 0.006 -23"><span class='ocrx_word' id='word_1_825' title='bbox 2299 5227 2409 5298; x_wconf 89' lang='lat'>(86)</span> <span class='ocrx_word' id='word_1_826' title='bbox 2442 5226 2601 5303; x_wconf 60' lang='grc' dir='ltr'><strong>(ΞΟΠ)ζ</strong></span> <span class='ocrx_word' id='word_1_827' title='bbox 2631 5230 2688 5281; x_wconf 91' lang='lat' dir='ltr'><strong>et</strong></span> <span class='ocrx_word' id='word_1_828' title='bbox 2711 5227 2816 5303; x_wconf 33' lang='lat' dir='ltr'><strong>“Fr.</strong></span> <span class='ocrx_word' id='word_1_829' title='bbox 2861 5225 3156 5303; x_wconf 62' lang='lat' dir='ltr'><strong>i,_‘:péneiv</strong></span> <span class='ocrx_word' id='word_1_830' title='bbox 3184 5225 3423 5303; x_wconf 31' lang='grc' dir='ltr'>ἕκαστον..</span> <span class='ocrx_word' id='word_1_831' title='bbox 3444 5232 3591 5303; x_wconf 33' lang='grc' dir='ltr'>,ΜῼΧ</span> <span class='ocrx_word' id='word_1_832' title='bbox 3620 5231 3880 5290; x_wconf 79' lang='lat' dir='ltr'><strong>Felckm.</strong></span> 
     </span>
    </p>
   </div>
   <div class='ocr_carea' id='block_1_116' title="bbox 2227 5293 3881 5375">
    <p class='ocr_par' dir='ltr' id='par_1_116' title="bbox 2227 5293 3881 5375">
     <span class='ocr_line' id='line_1_118' title="bbox 2227 5293 3881 5375; baseline 0.005 -21"><span class='ocrx_word' id='word_1_833' title='bbox 2227 5300 2261 5354; x_wconf 91' lang='lat'>3</span> <span class='ocrx_word' id='word_1_834' title='bbox 2307 5293 2515 5375; x_wconf 59' lang='lat' dir='ltr'><strong>auom,</strong></span> <span class='ocrx_word' id='word_1_835' title='bbox 2575 5293 2835 5375; x_wconf 77' lang='grc' dir='ltr'>δοκοῦντα</span> <span class='ocrx_word' id='word_1_836' title='bbox 2888 5293 3020 5354; x_wconf 78' lang='grc' dir='ltr'>εἶναι</span> <span class='ocrx_word' id='word_1_837' title='bbox 3072 5322 3184 5356; x_wconf 86' lang='grc' dir='ltr'>τισι</span> <span class='ocrx_word' id='word_1_838' title='bbox 3234 5300 3615 5375; x_wconf 85' lang='grc' dir='ltr'>ἀκατάλληλα,</span> <span class='ocrx_word' id='word_1_839' title='bbox 3674 5307 3881 5362; x_wconf 88' lang='lat' dir='ltr'><strong>eadem</strong></span> 
     </span>
    </p>
   </div>
   <div class='ocr_carea' id='block_1_117' title="bbox 2227 5370 2838 5427">
    <p class='ocr_par' dir='ltr' id='par_1_117' title="bbox 2227 5370 2838 5427">
     <span class='ocr_line' id='line_1_119' title="bbox 2227 5370 2838 5427; baseline -0.003 0"><span class='ocrx_word' id='word_1_840' title='bbox 2227 5371 2469 5427; x_wconf 89' lang='lat' dir='ltr'><strong>omnino</strong></span> <span class='ocrx_word' id='word_1_841' title='bbox 2528 5370 2838 5425; x_wconf 86' lang='lat' dir='ltr'><strong>sententia.</strong></span> 
     </span>
    </p>
   </div>
   <div class='ocr_carea' id='block_1_118' title="bbox 2299 5440 3879 5514">
    <p class='ocr_par' dir='ltr' id='par_1_118' title="bbox 2299 5440 3879 5514">
     <span class='ocr_line' id='line_1_120' title="bbox 2299 5440 3879 5514; baseline 0.005 -17"><span class='ocrx_word' id='word_1_842' title='bbox 2299 5442 2411 5514; x_wconf 90' lang='lat'>(87)</span> <span class='ocrx_word' id='word_1_843' title='bbox 2443 5440 2538 5514; x_wconf 81' lang='lat' dir='ltr'><strong>Sic</strong></span> <span class='ocrx_word' id='word_1_844' title='bbox 2568 5440 2708 5513; x_wconf 83' lang='lat' dir='ltr'><strong>Reg.</strong></span> <span class='ocrx_word' id='word_1_845' title='bbox 2733 5440 2970 5514; x_wconf 81' lang='lat' dir='ltr'><strong>Taurin.</strong></span> <span class='ocrx_word' id='word_1_846' title='bbox 2995 5443 3157 5500; x_wconf 89' lang='lat' dir='ltr'><strong>Colb.</strong></span> <span class='ocrx_word' id='word_1_847' title='bbox 3189 5446 3308 5502; x_wconf 90' lang='lat' dir='ltr'><strong>Jes.</strong></span> <span class='ocrx_word' id='word_1_848' title='bbox 3343 5446 3600 5503; x_wconf 86' lang='lat' dir='ltr'><strong>Felckm.</strong></span> <span class='ocrx_word' id='word_1_849' title='bbox 3632 5448 3668 5503; x_wconf 92' lang='lat'><strong>3</strong></span> <span class='ocrx_word' id='word_1_850' title='bbox 3698 5464 3879 5506; x_wconf 90' lang='lat' dir='ltr'><strong>anon.</strong></span> 
     </span>
    </p>
   </div>
   <div class='ocr_carea' id='block_1_119' title="bbox 2228 5511 3197 5585">
    <p class='ocr_par' dir='ltr' id='par_1_119' title="bbox 2228 5511 3197 5585">
     <span class='ocr_line' id='line_1_121' title="bbox 2228 5511 3197 5585; baseline 0.003 -18"><span class='ocrx_word' id='word_1_851' title='bbox 2228 5511 2608 5585; x_wconf 50' lang='lat' dir='ltr'><strong>Editi&#39;minus</strong></span> <span class='ocrx_word' id='word_1_852' title='bbox 2652 5511 2824 5585; x_wconf 79' lang='lat' dir='ltr'><strong>recte,</strong></span> <span class='ocrx_word' id='word_1_853' title='bbox 2860 5513 3197 5585; x_wconf 79' lang='grc' dir='ltr'>ὑποτίθησιν.</span> 
     </span>
    </p>
   </div>
   <div class='ocr_carea' id='block_1_120' title="bbox 2298 5584 3878 5663">
    <p class='ocr_par' dir='ltr' id='par_1_120' title="bbox 2298 5584 3878 5663">
     <span class='ocr_line' id='line_1_122' title="bbox 2298 5584 3878 5663; baseline 0.005 -25"><span class='ocrx_word' id='word_1_854' title='bbox 2298 5584 2713 5663; x_wconf 45' lang='grc' dir='ltr'><strong>Ἐθίοιςῐῒι..</strong></span> <span class='ocrx_word' id='word_1_855' title='bbox 2739 5586 2799 5663; x_wconf 45' lang='grc'><strong>3.</strong></span> <span class='ocrx_word' id='word_1_856' title='bbox 2823 5602 3022 5663; x_wconf 45' lang='lat' dir='ltr'><strong>anon”</strong></span> <span class='ocrx_word' id='word_1_857' title='bbox 3059 5584 3309 5663; x_wconf 47' lang='grc' dir='ltr'>,οὗτοςᾲὸ</span> <span class='ocrx_word' id='word_1_858' title='bbox 3349 5588 3644 5663; x_wconf 76' lang='grc' dir='ltr'>μακάριος.</span> <span class='ocrx_word' id='word_1_859' title='bbox 3696 5589 3878 5663; x_wconf 88' lang='lat' dir='ltr'><strong>Paulo</strong></span> 
     </span>
    </p>
   </div>
   <div class='ocr_carea' id='block_1_121' title="bbox 2222 5651 3882 5786">
    <p class='ocr_par' dir='ltr' id='par_1_121' title="bbox 2222 5651 3882 5786">
     <span class='ocr_line' id='line_1_123' title="bbox 2222 5651 3882 5786; baseline 0.007 -76"><span class='ocrx_word' id='word_1_860' title='bbox 2222 5651 2361 5786; x_wconf 35' lang='lat' dir='ltr'><strong>Ipsi-2t</strong></span> <span class='ocrx_word' id='word_1_861' title='bbox 2386 5651 2567 5727; x_wconf 84' lang='lat' dir='ltr'><strong>idem,</strong></span> <span class='ocrx_word' id='word_1_862' title='bbox 2596 5655 2713 5710; x_wconf 86' lang='grc' dir='ltr'>κατ’</span> <span class='ocrx_word' id='word_1_863' title='bbox 2742 5653 2907 5714; x_wconf 80' lang='grc' dir='ltr'>αὐτοῦ</span> <span class='ocrx_word' id='word_1_864' title='bbox 2936 5651 3210 5735; x_wconf 78' lang='grc' dir='ltr'>γεγόνασι.</span> <span class='ocrx_word' id='word_1_865' title='bbox 3242 5660 3314 5721; x_wconf 78' lang='lat' dir='ltr'><strong>Et</strong></span> <span class='ocrx_word' id='word_1_866' title='bbox 3349 5651 3445 5718; x_wconf 73' lang='lat' dir='ltr'><strong>hic</strong></span> <span class='ocrx_word' id='word_1_867' title='bbox 3476 5651 3672 5719; x_wconf 63' lang='lat' dir='ltr'><strong>deﬁcit</strong></span> <span class='ocrx_word' id='word_1_868' title='bbox 3700 5662 3882 5721; x_wconf 81' lang='lat' dir='ltr'><strong>codex</strong></span> 
     </span>
    </p>
   </div>
  </div>
