  <div class='ocr_page' id='page_1' title='image "/cluster/home/n/w/nwhite01/storage/ocr_20150623/25:no.1/coo.31924054873066/538.png"; bbox 0 0 4148 6382; ppageno 0'>
   <div class='ocr_carea' id='block_1_1' title="bbox 359 481 479 546">
    <p class='ocr_par' dir='ltr' id='par_1_1' title="bbox 359 481 479 546">
     <span class='ocr_line' id='line_1_1' title="bbox 359 481 479 546; baseline 0 0"><span class='ocrx_word' id='word_1_1' title='bbox 359 481 479 546; x_wconf 74' lang='grc'><em>489</em></span> 
     </span>
    </p>
   </div>
   <div class='ocr_carea' id='block_1_2' title="bbox 1562 474 2579 541">
    <p class='ocr_par' dir='ltr' id='par_1_2' title="bbox 1562 474 2579 541">
     <span class='ocr_line' id='line_1_2' title="bbox 1562 474 2579 541; baseline -0.004 0"><span class='ocrx_word' id='word_1_2' title='bbox 1562 479 1666 541; x_wconf 91' lang='lat' dir='ltr'>DE</span> <span class='ocrx_word' id='word_1_3' title='bbox 1709 475 2158 541; x_wconf 80' lang='lat' dir='ltr'><em>SENTENTIA</em></span> <span class='ocrx_word' id='word_1_4' title='bbox 2203 474 2579 539; x_wconf 83' lang='lat' dir='ltr'><em>DIONYSlI.</em></span> 
     </span>
    </p>
   </div>
   <div class='ocr_carea' id='block_1_3' title="bbox 3661 480 3781 544">
    <p class='ocr_par' dir='ltr' id='par_1_3' title="bbox 3661 480 3781 544">
     <span class='ocr_line' id='line_1_3' title="bbox 3661 480 3781 544; baseline 0.017 -2"><span class='ocrx_word' id='word_1_5' title='bbox 3661 480 3781 544; x_wconf 69' lang='lat'><em>490</em></span> 
     </span>
    </p>
   </div>
   <div class='ocr_carea' id='block_1_4' title="bbox 359 607 2027 686">
    <p class='ocr_par' dir='ltr' id='par_1_4' title="bbox 359 607 2013 686">
     <span class='ocr_line' id='line_1_4' title="bbox 359 607 2013 686; baseline -0.002 -20"><span class='ocrx_word' id='word_1_6' title='bbox 359 615 457 667; x_wconf 89' lang='grc' dir='ltr'><em>τοῦ</em></span> <span class='ocrx_word' id='word_1_7' title='bbox 516 609 567 667; x_wconf 85' lang='grc' dir='ltr'><em>ἐν</em></span> <span class='ocrx_word' id='word_1_8' title='bbox 633 611 782 686; x_wconf 86' lang='grc' dir='ltr'>μέσῳ</span> <span class='ocrx_word' id='word_1_9' title='bbox 861 610 1066 686; x_wconf 82' lang='grc' dir='ltr'>ὑμῶν,</span> <span class='ocrx_word' id='word_1_10' title='bbox 1124 610 1304 674; x_wconf 86' lang='grc' dir='ltr'>καθὼς</span> <span class='ocrx_word' id='word_1_11' title='bbox 1381 607 1562 666; x_wconf 80' lang='grc' dir='ltr'>οἷ’δατε</span> <span class='ocrx_word' id='word_1_12' title='bbox 1595 629 1606 641; x_wconf 92' lang='grc'><strong>·</strong></span> <span class='ocrx_word' id='word_1_13' title='bbox 1683 615 1872 665; x_wconf 86' lang='grc' dir='ltr'>τοῦτον</span> <span class='ocrx_word' id='word_1_14' title='bbox 1944 613 2013 682; x_wconf 78' lang='grc' dir='ltr'><em>τῇ</em></span> 
     </span>
    </p>
   </div>
   <div class='ocr_carea' id='block_1_5' title="bbox 2147 607 3784 686">
    <p class='ocr_par' dir='ltr' id='par_1_5' title="bbox 2147 609 3784 684">
     <span class='ocr_line' id='line_1_5' title="bbox 2147 609 3784 684; baseline 0.004 -21"><span class='ocrx_word' id='word_1_15' title='bbox 2147 611 2272 664; x_wconf 73' lang='lat' dir='ltr'><em>tunc</em></span> <span class='ocrx_word' id='word_1_16' title='bbox 2327 609 2561 680; x_wconf 77' lang='lat' dir='ltr'><em>deﬁnito</em></span> <span class='ocrx_word' id='word_1_17' title='bbox 2615 609 2843 667; x_wconf 84' lang='lat' dir='ltr'><em>consilio</em></span> <span class='ocrx_word' id='word_1_18' title='bbox 2897 617 2949 666; x_wconf 91' lang='lat' dir='ltr'><em>et</em></span> <span class='ocrx_word' id='word_1_19' title='bbox 2999 609 3348 684; x_wconf 62' lang='lat' dir='ltr'><em>prmscientia</em></span> <span class='ocrx_word' id='word_1_20' title='bbox 3386 611 3486 668; x_wconf 90' lang='lat' dir='ltr'><em>Dei</em></span> <span class='ocrx_word' id='word_1_21' title='bbox 3514 613 3784 669; x_wconf 84' lang='lat' dir='ltr'><em>traditum</em></span> 
     </span>
    </p>
   </div>
   <div class='ocr_carea' id='block_1_6' title="bbox 369 699 2019 778">
    <p class='ocr_par' dir='ltr' id='par_1_6' title="bbox 369 699 2019 778">
     <span class='ocr_line' id='line_1_6' title="bbox 369 699 2019 778; baseline -0.001 -22"><span class='ocrx_word' id='word_1_22' title='bbox 369 701 649 776; x_wconf 76' lang='grc' dir='ltr'><em>ὡρισμένῃ</em></span> <span class='ocrx_word' id='word_1_23' title='bbox 719 699 896 778; x_wconf 83' lang='grc' dir='ltr'>βουλῇ</span> <span class='ocrx_word' id='word_1_24' title='bbox 979 702 1070 756; x_wconf 79' lang='grc' dir='ltr'><em>καὶ</em></span> <span class='ocrx_word' id='word_1_25' title='bbox 1155 703 1460 776; x_wconf 81' lang='grc' dir='ltr'>προγνώσει</span> <span class='ocrx_word' id='word_1_26' title='bbox 1527 706 1622 756; x_wconf 87' lang='grc' dir='ltr'><em>τοῦ</em></span> <span class='ocrx_word' id='word_1_27' title='bbox 1699 704 1832 754; x_wconf 91' lang='grc' dir='ltr'>Θεοῦ</span> <span class='ocrx_word' id='word_1_28' title='bbox 1909 701 2019 771; x_wconf 86' lang='grc'>(89)</span> 
     </span>
    </p>
   </div>
   <div class='ocr_carea' id='block_1_7' title="bbox 365 786 2019 866">
    <p class='ocr_par' dir='ltr' id='par_1_7' title="bbox 365 786 2019 866">
     <span class='ocr_line' id='line_1_7' title="bbox 365 786 2019 866; baseline -0.001 -22"><span class='ocrx_word' id='word_1_29' title='bbox 365 786 582 845; x_wconf 75' lang='grc' dir='ltr'><em>ἔκδοτον</em></span> <span class='ocrx_word' id='word_1_30' title='bbox 645 835 657 861; x_wconf 89' lang='grc'><em>,</em></span> <span class='ocrx_word' id='word_1_31' title='bbox 747 789 837 846; x_wconf 80' lang='grc' dir='ltr'><em>διὰ</em></span> <span class='ocrx_word' id='word_1_32' title='bbox 940 795 1142 866; x_wconf 81' lang='grc' dir='ltr'>χειρῶν</span> <span class='ocrx_word' id='word_1_33' title='bbox 1228 791 1442 864; x_wconf 81' lang='grc' dir='ltr'>ἀνόμων</span> <span class='ocrx_word' id='word_1_34' title='bbox 1540 789 1945 864; x_wconf 76' lang='grc' dir='ltr'><em>προσπήξαντες</em></span> <span class='ocrx_word' id='word_1_35' title='bbox 2005 834 2019 860; x_wconf 84' lang='grc'><em>,</em></span> 
     </span>
    </p>
   </div>
   <div class='ocr_carea' id='block_1_8' title="bbox 366 878 2022 951">
    <p class='ocr_par' dir='ltr' id='par_1_8' title="bbox 366 878 2022 951">
     <span class='ocr_line' id='line_1_8' title="bbox 366 878 2022 951; baseline -0.002 -17"><span class='ocrx_word' id='word_1_36' title='bbox 366 878 612 934; x_wconf 79' lang='grc' dir='ltr'><em>ἀνείλατε</em></span> <span class='ocrx_word' id='word_1_37' title='bbox 665 898 676 911; x_wconf 88' lang='grc'><strong>·</strong></span> <span class='ocrx_word' id='word_1_38' title='bbox 736 880 826 934; x_wconf 84' lang='grc' dir='ltr'><em>καὶ</em></span> <span class='ocrx_word' id='word_1_39' title='bbox 911 880 1074 935; x_wconf 77' lang='grc' dir='ltr'>πάλιν</span> <span class='ocrx_word' id='word_1_40' title='bbox 1113 902 1125 914; x_wconf 75' lang='grc' dir='ltr'><strong><em>ο</em></strong></span> <span class='ocrx_word' id='word_1_41' title='bbox 1210 881 1294 934; x_wconf 88' lang='grc' dir='ltr'><em>Ἐν</em></span> <span class='ocrx_word' id='word_1_42' title='bbox 1368 885 1445 951; x_wconf 82' lang='grc' dir='ltr'><em>τῷ</em></span> <span class='ocrx_word' id='word_1_43' title='bbox 1535 879 1761 951; x_wconf 86' lang='grc' dir='ltr'>ὀνόματι</span> <span class='ocrx_word' id='word_1_44' title='bbox 1843 879 2022 947; x_wconf 84' lang='grc' dir='ltr'>Ἰησοῦ</span> 
     </span>
    </p>
   </div>
   <div class='ocr_carea' id='block_1_9' title="bbox 366 968 2019 1046">
    <p class='ocr_par' dir='ltr' id='par_1_9' title="bbox 366 968 2019 1046">
     <span class='ocr_line' id='line_1_9' title="bbox 366 968 2019 1046; baseline -0.002 -23"><span class='ocrx_word' id='word_1_45' title='bbox 366 973 600 1044; x_wconf 76' lang='grc' dir='ltr'><em>Χριστοῦ</em></span> <span class='ocrx_word' id='word_1_46' title='bbox 674 974 772 1024; x_wconf 91' lang='grc' dir='ltr'><em>τοῦ</em></span> <span class='ocrx_word' id='word_1_47' title='bbox 851 968 1171 1046; x_wconf 79' lang='grc' dir='ltr'><em>Ναζωραίου</em></span> <span class='ocrx_word' id='word_1_48' title='bbox 1207 1017 1222 1042; x_wconf 93' lang='grc'><em>,</em></span> <span class='ocrx_word' id='word_1_49' title='bbox 1277 969 1334 1023; x_wconf 74' lang='grc' dir='ltr'>ὃν</span> <span class='ocrx_word' id='word_1_50' title='bbox 1393 970 1546 1042; x_wconf 82' lang='grc' dir='ltr'>ὑμεῖς</span> <span class='ocrx_word' id='word_1_51' title='bbox 1607 968 2019 1044; x_wconf 80' lang='grc' dir='ltr'><em>ἐσταυρώσατε,</em></span> 
     </span>
    </p>
   </div>
   <div class='ocr_carea' id='block_1_10' title="bbox 363 1056 2024 1134">
    <p class='ocr_par' dir='ltr' id='par_1_10' title="bbox 363 1056 2024 1134">
     <span class='ocr_line' id='line_1_10' title="bbox 363 1056 2024 1134; baseline -0.001 -22"><span class='ocrx_word' id='word_1_52' title='bbox 363 1058 422 1112; x_wconf 81' lang='grc' dir='ltr'>’ὸν</span> <span class='ocrx_word' id='word_1_53' title='bbox 479 1058 507 1111; x_wconf 97' lang='lat'><em>6</em></span> <span class='ocrx_word' id='word_1_54' title='bbox 566 1058 696 1120; x_wconf 83' lang='grc' dir='ltr'>Θεὸς</span> <span class='ocrx_word' id='word_1_55' title='bbox 770 1056 988 1134; x_wconf 69' lang='grc' dir='ltr'>ἤγειρεν</span> <span class='ocrx_word' id='word_1_56' title='bbox 1071 1059 1128 1114; x_wconf 86' lang='grc' dir='ltr'><em>ἐκ</em></span> <span class='ocrx_word' id='word_1_57' title='bbox 1196 1063 1453 1131; x_wconf 80' lang='grc' dir='ltr'>νεκρῶν,</span> <span class='ocrx_word' id='word_1_58' title='bbox 1511 1057 1561 1112; x_wconf 85' lang='grc' dir='ltr'><em>ἐν</em></span> <span class='ocrx_word' id='word_1_59' title='bbox 1630 1057 1809 1129; x_wconf 88' lang='grc' dir='ltr'>τούτῳ</span> <span class='ocrx_word' id='word_1_60' title='bbox 1866 1057 2024 1118; x_wconf 80' lang='grc' dir='ltr'>οὗτος</span> 
     </span>
    </p>
   </div>
   <div class='ocr_carea' id='block_1_11' title="bbox 362 1144 2024 1222">
    <p class='ocr_par' dir='ltr' id='par_1_11' title="bbox 362 1144 2024 1222">
     <span class='ocr_line' id='line_1_11' title="bbox 362 1144 2024 1222; baseline -0.001 -22"><span class='ocrx_word' id='word_1_61' title='bbox 362 1145 696 1221; x_wconf 74' lang='grc' dir='ltr'>παρέστηκεν</span> <span class='ocrx_word' id='word_1_62' title='bbox 753 1146 980 1202; x_wconf 87' lang='grc' dir='ltr'>ἐνώπιον</span> <span class='ocrx_word' id='word_1_63' title='bbox 1057 1148 1206 1220; x_wconf 78' lang='grc' dir='ltr'>ὑμῶν</span> <span class='ocrx_word' id='word_1_64' title='bbox 1268 1148 1428 1222; x_wconf 76' lang='grc' dir='ltr'>ὑγιής</span> <span class='ocrx_word' id='word_1_65' title='bbox 1465 1166 1477 1178; x_wconf 92' lang='grc'><strong>·</strong></span> <span class='ocrx_word' id='word_1_66' title='bbox 1534 1151 1630 1202; x_wconf 92' lang='grc' dir='ltr'><em>τοῦ</em></span> <span class='ocrx_word' id='word_1_67' title='bbox 1690 1145 1747 1202; x_wconf 76' lang='grc' dir='ltr'>δὲ</span> <span class='ocrx_word' id='word_1_68' title='bbox 1803 1144 2024 1201; x_wconf 89' lang='grc' dir='ltr'>Παύλου</span> 
     </span>
    </p>
   </div>
   <div class='ocr_carea' id='block_1_12' title="bbox 365 1233 2024 1311">
    <p class='ocr_par' dir='ltr' id='par_1_12' title="bbox 365 1233 2024 1311">
     <span class='ocr_line' id='line_1_12' title="bbox 365 1233 2024 1311; baseline 0 -22"><span class='ocrx_word' id='word_1_69' title='bbox 365 1234 733 1310; x_wconf 68' lang='grc' dir='ltr'><em>ἐξηγουμένου</em></span> <span class='ocrx_word' id='word_1_70' title='bbox 794 1235 846 1291; x_wconf 83' lang='grc' dir='ltr'><em>ἐν</em></span> <span class='ocrx_word' id='word_1_71' title='bbox 900 1235 1213 1311; x_wconf 83' lang='grc' dir='ltr'>Ἀντιοχείᾳ</span> <span class='ocrx_word' id='word_1_72' title='bbox 1266 1244 1368 1305; x_wconf 84' lang='grc' dir='ltr'><em>τῆς</em></span> <span class='ocrx_word' id='word_1_73' title='bbox 1428 1233 1675 1298; x_wconf 87' lang='grc' dir='ltr'>Πισιδίας</span> <span class='ocrx_word' id='word_1_74' title='bbox 1728 1239 1872 1309; x_wconf 88' lang='grc'>(90),</span> <span class='ocrx_word' id='word_1_75' title='bbox 1919 1235 2024 1298; x_wconf 76' lang='grc' dir='ltr'>ὅτι,</span> 
     </span>
    </p>
   </div>
   <div class='ocr_carea' id='block_1_13' title="bbox 366 1321 2024 1403">
    <p class='ocr_par' dir='ltr' id='par_1_13' title="bbox 366 1321 2024 1403">
     <span class='ocr_line' id='line_1_13' title="bbox 366 1321 2024 1403; baseline 0.001 -23"><span class='ocrx_word' id='word_1_76' title='bbox 366 1328 719 1396; x_wconf 76' lang='grc' dir='ltr'>Μεταστήσας</span> <span class='ocrx_word' id='word_1_77' title='bbox 767 1327 796 1380; x_wconf 88' lang='grc' dir='ltr'>ὁ</span> <span class='ocrx_word' id='word_1_78' title='bbox 852 1327 984 1388; x_wconf 88' lang='grc' dir='ltr'>Θεὸς</span> <span class='ocrx_word' id='word_1_79' title='bbox 1037 1327 1130 1381; x_wconf 89' lang='grc' dir='ltr'><em>τὸν</em></span> <span class='ocrx_word' id='word_1_80' title='bbox 1193 1325 1404 1399; x_wconf 83' lang='grc' dir='ltr'>Σαοὺλ,</span> <span class='ocrx_word' id='word_1_81' title='bbox 1463 1325 1652 1403; x_wconf 72' lang='grc' dir='ltr'>’ἤγειρε</span> <span class='ocrx_word' id='word_1_82' title='bbox 1707 1328 1797 1381; x_wconf 86' lang='grc' dir='ltr'><em>τὸν</em></span> <span class='ocrx_word' id='word_1_83' title='bbox 1860 1321 2024 1381; x_wconf 77' lang='grc' dir='ltr'>Δαϐὶδ</span> 
     </span>
    </p>
   </div>
   <div class='ocr_carea' id='block_1_14' title="bbox 367 1413 2027 1492">
    <p class='ocr_par' dir='ltr' id='par_1_14' title="bbox 367 1413 2027 1492">
     <span class='ocr_line' id='line_1_14' title="bbox 367 1413 2027 1492; baseline 0.001 -24"><span class='ocrx_word' id='word_1_84' title='bbox 367 1414 442 1476; x_wconf 80' lang='grc' dir='ltr'><em>εἰς</em></span> <span class='ocrx_word' id='word_1_85' title='bbox 507 1413 773 1488; x_wconf 88' lang='grc' dir='ltr'>βασιλέα,</span> <span class='ocrx_word' id='word_1_86' title='bbox 835 1415 880 1488; x_wconf 85' lang='grc' dir='ltr'><strong>ᾧ</strong></span> <span class='ocrx_word' id='word_1_87' title='bbox 937 1416 1027 1470; x_wconf 87' lang='grc' dir='ltr'><em>καὶ</em></span> <span class='ocrx_word' id='word_1_88' title='bbox 1086 1416 1202 1470; x_wconf 76' lang='grc' dir='ltr'>εἷπε</span> <span class='ocrx_word' id='word_1_89' title='bbox 1263 1419 1630 1492; x_wconf 81' lang='grc' dir='ltr'>μαρτυρήσας·</span> <span class='ocrx_word' id='word_1_90' title='bbox 1691 1415 1863 1492; x_wconf 80' lang='grc' dir='ltr'>Εὗρον</span> <span class='ocrx_word' id='word_1_91' title='bbox 1920 1423 2027 1470; x_wconf 86' lang='grc' dir='ltr'><em>Δα-</em></span> 
     </span>
    </p>
   </div>
   <div class='ocr_carea' id='block_1_15' title="bbox 368 1499 2022 1581">
    <p class='ocr_par' dir='ltr' id='par_1_15' title="bbox 368 1499 2022 1581">
     <span class='ocr_line' id='line_1_15' title="bbox 368 1499 2022 1581; baseline 0 -23"><span class='ocrx_word' id='word_1_92' title='bbox 368 1499 458 1558; x_wconf 75' lang='grc' dir='ltr'>ϐἱδ</span> <span class='ocrx_word' id='word_1_93' title='bbox 502 1505 593 1559; x_wconf 91' lang='grc' dir='ltr'><em>τὸν</em></span> <span class='ocrx_word' id='word_1_94' title='bbox 641 1509 740 1559; x_wconf 90' lang='grc' dir='ltr'><em>τοῦ</em></span> <span class='ocrx_word' id='word_1_95' title='bbox 799 1507 1007 1574; x_wconf 80' lang='grc' dir='ltr'>Ἰεσσαὶ,</span> <span class='ocrx_word' id='word_1_96' title='bbox 1069 1503 1236 1581; x_wconf 82' lang='grc' dir='ltr'>ἄνδρα</span> <span class='ocrx_word' id='word_1_97' title='bbox 1295 1507 1410 1578; x_wconf 89' lang='grc'>(91)</span> <span class='ocrx_word' id='word_1_98' title='bbox 1465 1507 1602 1560; x_wconf 86' lang='grc' dir='ltr'><em>κατά</em></span> <span class='ocrx_word' id='word_1_99' title='bbox 1648 1507 1746 1574; x_wconf 80' lang='grc' dir='ltr'>τήν</span> <span class='ocrx_word' id='word_1_100' title='bbox 1802 1502 2022 1579; x_wconf 81' lang='grc' dir='ltr'>καρδίαν</span> 
     </span>
    </p>
   </div>
   <div class='ocr_carea' id='block_1_16' title="bbox 373 1590 2027 1667">
    <p class='ocr_par' dir='ltr' id='par_1_16' title="bbox 373 1590 2027 1667">
     <span class='ocr_line' id='line_1_16' title="bbox 373 1590 2027 1667; baseline 0.001 -20"><span class='ocrx_word' id='word_1_101' title='bbox 373 1613 499 1666; x_wconf 90' lang='grc' dir='ltr'>μου,</span> <span class='ocrx_word' id='word_1_102' title='bbox 545 1594 604 1656; x_wconf 86' lang='grc' dir='ltr'>ὃς</span> <span class='ocrx_word' id='word_1_103' title='bbox 658 1595 876 1664; x_wconf 83' lang='grc' dir='ltr'>ποιήσει</span> <span class='ocrx_word' id='word_1_104' title='bbox 935 1595 1003 1649; x_wconf 78' lang='grc' dir='ltr'><em>τὰ</em></span> <span class='ocrx_word' id='word_1_105' title='bbox 1061 1590 1347 1667; x_wconf 77' lang='grc' dir='ltr'>θελήματά</span> <span class='ocrx_word' id='word_1_106' title='bbox 1402 1615 1524 1666; x_wconf 89' lang='grc' dir='ltr'>μου.</span> <span class='ocrx_word' id='word_1_107' title='bbox 1576 1594 1780 1649; x_wconf 88' lang='grc' dir='ltr'>Τούτου</span> <span class='ocrx_word' id='word_1_108' title='bbox 1814 1595 1841 1648; x_wconf 88' lang='lat'><em>6</em></span> <span class='ocrx_word' id='word_1_109' title='bbox 1895 1594 2027 1656; x_wconf 87' lang='grc' dir='ltr'>Θεὸς</span> 
     </span>
    </p>
   </div>
   <div class='ocr_carea' id='block_1_17' title="bbox 369 1682 2027 1760">
    <p class='ocr_par' dir='ltr' id='par_1_17' title="bbox 369 1682 2027 1760">
     <span class='ocr_line' id='line_1_17' title="bbox 369 1682 2027 1760; baseline 0.001 -24"><span class='ocrx_word' id='word_1_110' title='bbox 369 1682 474 1736; x_wconf 87' lang='grc' dir='ltr'><em>ἀπὸ</em></span> <span class='ocrx_word' id='word_1_111' title='bbox 548 1687 645 1737; x_wconf 84' lang='grc' dir='ltr'><em>τοῦ</em></span> <span class='ocrx_word' id='word_1_112' title='bbox 734 1683 1044 1758; x_wconf 88' lang='grc' dir='ltr'>σπέρματος</span> <span class='ocrx_word' id='word_1_113' title='bbox 1130 1685 1248 1738; x_wconf 91' lang='grc' dir='ltr'>κατ’</span> <span class='ocrx_word' id='word_1_114' title='bbox 1324 1682 1646 1760; x_wconf 81' lang='grc' dir='ltr'>ἐπαγγελίαν</span> <span class='ocrx_word' id='word_1_115' title='bbox 1729 1682 1902 1758; x_wconf 70' lang='grc' dir='ltr'>ἤγαγε</span> <span class='ocrx_word' id='word_1_116' title='bbox 1949 1688 2027 1755; x_wconf 83' lang='grc' dir='ltr'>τῷ</span> 
     </span>
    </p>
   </div>
   <div class='ocr_carea' id='block_1_18' title="bbox 369 1770 2027 1847">
    <p class='ocr_par' dir='ltr' id='par_1_18' title="bbox 369 1770 2027 1847">
     <span class='ocr_line' id='line_1_18' title="bbox 369 1770 2027 1847; baseline -0.001 -20"><span class='ocrx_word' id='word_1_117' title='bbox 369 1770 589 1847; x_wconf 77' lang='grc' dir='ltr'>Ἰσραὴλ</span> <span class='ocrx_word' id='word_1_118' title='bbox 677 1778 911 1846; x_wconf 77' lang='grc' dir='ltr'>Σωτῆρα</span> <span class='ocrx_word' id='word_1_119' title='bbox 997 1773 1204 1841; x_wconf 79' lang='grc' dir='ltr'>Ἰησοῦν</span> <span class='ocrx_word' id='word_1_120' title='bbox 1264 1793 1275 1806; x_wconf 90' lang='grc'>·</span> <span class='ocrx_word' id='word_1_121' title='bbox 1343 1771 1433 1827; x_wconf 84' lang='grc' dir='ltr'><em>καὶ</em></span> <span class='ocrx_word' id='word_1_122' title='bbox 1518 1771 1682 1827; x_wconf 77' lang='grc' dir='ltr'>πάλιν</span> <span class='ocrx_word' id='word_1_123' title='bbox 1772 1771 1822 1827; x_wconf 84' lang='grc' dir='ltr'><em>ἐν</em></span> <span class='ocrx_word' id='word_1_124' title='bbox 1909 1779 2027 1835; x_wconf 86' lang='grc' dir='ltr'>ταῖς</span> 
     </span>
    </p>
   </div>
   <div class='ocr_carea' id='block_1_19' title="bbox 371 1859 2028 1938">
    <p class='ocr_par' dir='ltr' id='par_1_19' title="bbox 371 1859 2028 1938">
     <span class='ocr_line' id='line_1_19' title="bbox 371 1859 2028 1938; baseline 0.001 -24"><span class='ocrx_word' id='word_1_125' title='bbox 371 1861 624 1930; x_wconf 79' lang='grc' dir='ltr'>Ἀθήναις</span> <span class='ocrx_word' id='word_1_126' title='bbox 670 1881 684 1896; x_wconf 77' lang='grc' dir='ltr'><strong>ο</strong></span> <span class='ocrx_word' id='word_1_127' title='bbox 762 1861 903 1923; x_wconf 81' lang='grc' dir='ltr'>Τοὺς</span> <span class='ocrx_word' id='word_1_128' title='bbox 988 1863 1082 1933; x_wconf 71' lang='grc' dir='ltr'>μὲν</span> <span class='ocrx_word' id='word_1_129' title='bbox 1160 1859 1253 1916; x_wconf 80' lang='grc' dir='ltr'>οὖν</span> <span class='ocrx_word' id='word_1_130' title='bbox 1330 1861 1559 1938; x_wconf 83' lang='grc' dir='ltr'>χρόνονς</span> <span class='ocrx_word' id='word_1_131' title='bbox 1635 1865 1732 1930; x_wconf 73' lang='grc' dir='ltr'><em>τῆς</em></span> <span class='ocrx_word' id='word_1_132' title='bbox 1809 1861 2028 1937; x_wconf 81' lang='grc' dir='ltr'>ἀγνοίας</span> 
     </span>
    </p>
   </div>
   <div class='ocr_carea' id='block_1_20' title="bbox 2126 699 3786 772">
    <p class='ocr_par' dir='ltr' id='par_1_20' title="bbox 2126 699 3786 772">
     <span class='ocr_line' id='line_1_20' title="bbox 2126 699 3786 772; baseline 0.004 -19"><span class='ocrx_word' id='word_1_133' title='bbox 2126 715 2229 771; x_wconf 87' lang='lat' dir='ltr'><em>per</em></span> <span class='ocrx_word' id='word_1_134' title='bbox 2257 715 2454 760; x_wconf 84' lang='lat' dir='ltr'><em>manus</em></span> <span class='ocrx_word' id='word_1_135' title='bbox 2484 699 2802 769; x_wconf 85' lang='lat' dir='ltr'><em>iniquorum</em></span> <span class='ocrx_word' id='word_1_136' title='bbox 2831 701 3119 772; x_wconf 82' lang='lat' dir='ltr'><em>a/ﬁgentes</em></span> <span class='ocrx_word' id='word_1_137' title='bbox 3139 701 3289 760; x_wconf 71' lang='lat'><em>195</em></span> <span class='ocrx_word' id='word_1_138' title='bbox 3327 704 3679 759; x_wconf 87' lang='lat' dir='ltr'><em>interemistis</em></span> <span class='ocrx_word' id='word_1_139' title='bbox 3700 704 3744 740; x_wconf 78' lang='grc'><em>²⁰</em></span> <span class='ocrx_word' id='word_1_140' title='bbox 3769 720 3786 772; x_wconf 85' lang='grc'><strong>;</strong></span> 
     </span>
    </p>
   </div>
   <div class='ocr_carea' id='block_1_21' title="bbox 2133 791 3787 865">
    <p class='ocr_par' dir='ltr' id='par_1_21' title="bbox 2133 791 3787 865">
     <span class='ocr_line' id='line_1_21' title="bbox 2133 791 3787 865; baseline 0.003 -21"><span class='ocrx_word' id='word_1_141' title='bbox 2133 793 2189 844; x_wconf 89' lang='lat' dir='ltr'><em>et</em></span> <span class='ocrx_word' id='word_1_142' title='bbox 2220 803 2486 843; x_wconf 87' lang='lat' dir='ltr'><em>rursum:</em></span> <span class='ocrx_word' id='word_1_143' title='bbox 2534 791 2594 844; x_wconf 84' lang='lat' dir='ltr'><em>In</em></span> <span class='ocrx_word' id='word_1_144' title='bbox 2623 792 2843 846; x_wconf 79' lang='lat' dir='ltr'><em>nomine</em></span> <span class='ocrx_word' id='word_1_145' title='bbox 2864 792 2991 846; x_wconf 85' lang='lat' dir='ltr'><em>Jesu</em></span> <span class='ocrx_word' id='word_1_146' title='bbox 3040 791 3244 848; x_wconf 73' lang='lat' dir='ltr'><em>Christ:</em></span> <span class='ocrx_word' id='word_1_147' title='bbox 3298 792 3594 862; x_wconf 65' lang='lat' dir='ltr'><em>Nazereni,</em></span> <span class='ocrx_word' id='word_1_148' title='bbox 3627 810 3787 865; x_wconf 88' lang='lat' dir='ltr'><em>quem</em></span> 
     </span>
    </p>
   </div>
   <div class='ocr_carea' id='block_1_22' title="bbox 2133 879 3786 952">
    <p class='ocr_par' dir='ltr' id='par_1_22' title="bbox 2133 879 3786 952">
     <span class='ocr_line' id='line_1_22' title="bbox 2133 879 3786 952; baseline 0.004 -18"><span class='ocrx_word' id='word_1_149' title='bbox 2133 895 2224 934; x_wconf 75' lang='lat' dir='ltr'><em>vos</em></span> <span class='ocrx_word' id='word_1_150' title='bbox 2254 879 2629 948; x_wconf 54' lang='lat' dir='ltr'><em>cruci/histis,</em></span> <span class='ocrx_word' id='word_1_151' title='bbox 2690 896 2851 950; x_wconf 85' lang='lat' dir='ltr'><em>quem</em></span> <span class='ocrx_word' id='word_1_152' title='bbox 2883 885 3027 936; x_wconf 91' lang='lat' dir='ltr'><em>Deus</em></span> <span class='ocrx_word' id='word_1_153' title='bbox 3053 883 3348 937; x_wconf 74' lang='lat' dir='ltr'><em>suscitavit</em></span> <span class='ocrx_word' id='word_1_154' title='bbox 3378 899 3411 937; x_wconf 94' lang='lat' dir='ltr'><em>a</em></span> <span class='ocrx_word' id='word_1_155' title='bbox 3437 885 3691 952; x_wconf 79' lang='lat' dir='ltr'><em>mortuis,</em></span> <span class='ocrx_word' id='word_1_156' title='bbox 3724 886 3786 940; x_wconf 87' lang='lat' dir='ltr'><em>in</em></span> 
     </span>
    </p>
   </div>
   <div class='ocr_carea' id='block_1_23' title="bbox 2134 968 3785 1039">
    <p class='ocr_par' dir='ltr' id='par_1_23' title="bbox 2134 968 3785 1039">
     <span class='ocr_line' id='line_1_23' title="bbox 2134 968 3785 1039; baseline 0.004 -16"><span class='ocrx_word' id='word_1_157' title='bbox 2134 968 2232 1023; x_wconf 88' lang='lat' dir='ltr'><em>hoc</em></span> <span class='ocrx_word' id='word_1_158' title='bbox 2259 969 2361 1022; x_wconf 85' lang='lat' dir='ltr'><em>iste</em></span> <span class='ocrx_word' id='word_1_159' title='bbox 2415 983 2583 1022; x_wconf 86' lang='lat' dir='ltr'><em>sanus</em></span> <span class='ocrx_word' id='word_1_160' title='bbox 2639 983 2823 1023; x_wconf 87' lang='lat' dir='ltr'><em>coram</em></span> <span class='ocrx_word' id='word_1_161' title='bbox 2850 970 2998 1024; x_wconf 83' lang='lat' dir='ltr'><em>vobis</em></span> <span class='ocrx_word' id='word_1_162' title='bbox 3049 974 3191 1026; x_wconf 88' lang='lat' dir='ltr'><em>astat</em></span> <span class='ocrx_word' id='word_1_163' title='bbox 3219 971 3301 1039; x_wconf 77' lang='grc' dir='ltr'><em>³ος</em></span> <span class='ocrx_word' id='word_1_164' title='bbox 3358 972 3604 1028; x_wconf 89' lang='lat' dir='ltr'><em>Paulum</em></span> <span class='ocrx_word' id='word_1_165' title='bbox 3650 990 3785 1029; x_wconf 89' lang='lat' dir='ltr'><em>vero</em></span> 
     </span>
    </p>
   </div>
   <div class='ocr_carea' id='block_1_24' title="bbox 2135 1055 3788 1118">
    <p class='ocr_par' dir='ltr' id='par_1_24' title="bbox 2135 1055 3788 1118">
     <span class='ocr_line' id='line_1_24' title="bbox 2135 1055 3788 1118; baseline 0.005 -8"><span class='ocrx_word' id='word_1_166' title='bbox 2135 1055 2453 1111; x_wconf 73' lang='lat' dir='ltr'><em>Antiochia:</em></span> <span class='ocrx_word' id='word_1_167' title='bbox 2485 1055 2542 1108; x_wconf 88' lang='lat' dir='ltr'><em>in</em></span> <span class='ocrx_word' id='word_1_168' title='bbox 2574 1057 2818 1111; x_wconf 84' lang='lat' dir='ltr'><em>Prisidia</em></span> <span class='ocrx_word' id='word_1_169' title='bbox 2846 1057 2969 1112; x_wconf 71' lang='lat' dir='ltr'><em>haec</em></span> <span class='ocrx_word' id='word_1_170' title='bbox 2999 1064 3368 1116; x_wconf 88' lang='lat' dir='ltr'><em>narrantem:</em></span> <span class='ocrx_word' id='word_1_171' title='bbox 3402 1062 3590 1118; x_wconf 83' lang='lat' dir='ltr'><em>Amoto</em></span> <span class='ocrx_word' id='word_1_172' title='bbox 3619 1063 3788 1118; x_wconf 87' lang='lat' dir='ltr'><em>Saule</em></span> 
     </span>
    </p>
   </div>
   <div class='ocr_carea' id='block_1_25' title="bbox 2135 1146 3787 1218">
    <p class='ocr_par' dir='ltr' id='par_1_25' title="bbox 2135 1146 3787 1218">
     <span class='ocr_line' id='line_1_25' title="bbox 2135 1146 3787 1218; baseline 0.003 -17"><span class='ocrx_word' id='word_1_173' title='bbox 2135 1147 2272 1201; x_wconf 88' lang='lat' dir='ltr'><em>Deus</em></span> <span class='ocrx_word' id='word_1_174' title='bbox 2300 1146 2590 1200; x_wconf 86' lang='lat' dir='ltr'><em>suscitavit</em></span> <span class='ocrx_word' id='word_1_175' title='bbox 2621 1147 2737 1200; x_wconf 87' lang='lat' dir='ltr'><em>illis</em></span> <span class='ocrx_word' id='word_1_176' title='bbox 2765 1147 2942 1202; x_wconf 88' lang='lat' dir='ltr'><em>David</em></span> <span class='ocrx_word' id='word_1_177' title='bbox 2971 1149 3032 1202; x_wconf 89' lang='lat' dir='ltr'><em>in</em></span> <span class='ocrx_word' id='word_1_178' title='bbox 3058 1165 3259 1218; x_wconf 86' lang='lat' dir='ltr'><em>regem,</em></span> <span class='ocrx_word' id='word_1_179' title='bbox 3291 1152 3384 1205; x_wconf 83' lang='lat' dir='ltr'><em>cui</em></span> <span class='ocrx_word' id='word_1_180' title='bbox 3412 1153 3787 1208; x_wconf 85' lang='lat' dir='ltr'><em>testimonium</em></span> 
     </span>
    </p>
   </div>
   <div class='ocr_carea' id='block_1_26' title="bbox 2130 1233 3790 1312">
    <p class='ocr_par' dir='ltr' id='par_1_26' title="bbox 2130 1233 3790 1312">
     <span class='ocr_line' id='line_1_26' title="bbox 2130 1233 3790 1312; baseline 0.005 -22"><span class='ocrx_word' id='word_1_181' title='bbox 2130 1235 2424 1307; x_wconf 61' lang='lat' dir='ltr'><em>per/libens</em></span> <span class='ocrx_word' id='word_1_182' title='bbox 2475 1233 2660 1290; x_wconf 77' lang='lat' dir='ltr'><em>dixit:</em></span> <span class='ocrx_word' id='word_1_183' title='bbox 2718 1237 2908 1291; x_wconf 81' lang='lat' dir='ltr'><em>Inveni</em></span> <span class='ocrx_word' id='word_1_184' title='bbox 2955 1237 3128 1292; x_wconf 86' lang='lat' dir='ltr'><em>David</em></span> <span class='ocrx_word' id='word_1_185' title='bbox 3173 1238 3352 1307; x_wconf 82' lang='lat' dir='ltr'><em>ﬁlium</em></span> <span class='ocrx_word' id='word_1_186' title='bbox 3393 1242 3556 1312; x_wconf 86' lang='lat' dir='ltr'><em>Jesse,</em></span> <span class='ocrx_word' id='word_1_187' title='bbox 3606 1243 3790 1296; x_wconf 82' lang='lat' dir='ltr'><em>virum</em></span> 
     </span>
    </p>
   </div>
   <div class='ocr_carea' id='block_1_27' title="bbox 2135 1325 3784 1399">
    <p class='ocr_par' dir='ltr' id='par_1_27' title="bbox 2135 1325 3784 1399">
     <span class='ocr_line' id='line_1_27' title="bbox 2135 1325 3784 1399; baseline 0.004 -19"><span class='ocrx_word' id='word_1_188' title='bbox 2135 1325 2429 1380; x_wconf 86' lang='lat' dir='ltr'><em>secundum</em></span> <span class='ocrx_word' id='word_1_189' title='bbox 2459 1339 2552 1379; x_wconf 89' lang='lat' dir='ltr'><em>cor</em></span> <span class='ocrx_word' id='word_1_190' title='bbox 2605 1341 2807 1395; x_wconf 89' lang='lat' dir='ltr'><em>meum,</em></span> <span class='ocrx_word' id='word_1_191' title='bbox 2865 1328 2962 1397; x_wconf 87' lang='lat' dir='ltr'><em>qui</em></span> <span class='ocrx_word' id='word_1_192' title='bbox 3007 1326 3182 1399; x_wconf 84' lang='lat' dir='ltr'><em>faciet</em></span> <span class='ocrx_word' id='word_1_193' title='bbox 3247 1327 3554 1386; x_wconf 73' lang='lat' dir='ltr'><em>voluntates</em></span> <span class='ocrx_word' id='word_1_194' title='bbox 3613 1347 3784 1387; x_wconf 87' lang='lat' dir='ltr'><em>meas.</em></span> 
     </span>
    </p>
   </div>
   <div class='ocr_carea' id='block_1_28' title="bbox 2137 1415 3787 1492">
    <p class='ocr_par' dir='ltr' id='par_1_28' title="bbox 2137 1415 3787 1492">
     <span class='ocr_line' id='line_1_28' title="bbox 2137 1415 3787 1492; baseline 0.004 -22"><span class='ocrx_word' id='word_1_195' title='bbox 2137 1415 2307 1485; x_wconf 83' lang='lat' dir='ltr'><em>Hujus</em></span> <span class='ocrx_word' id='word_1_196' title='bbox 2361 1418 2506 1469; x_wconf 85' lang='lat' dir='ltr'><em>Deus</em></span> <span class='ocrx_word' id='word_1_197' title='bbox 2561 1431 2632 1468; x_wconf 75' lang='lat' dir='ltr'><em>ea:</em></span> <span class='ocrx_word' id='word_1_198' title='bbox 2705 1415 2933 1481; x_wconf 88' lang='lat' dir='ltr'><em>semine,</em></span> <span class='ocrx_word' id='word_1_199' title='bbox 2991 1417 3292 1472; x_wconf 86' lang='lat' dir='ltr'><em>secundum</em></span> <span class='ocrx_word' id='word_1_200' title='bbox 3344 1422 3787 1492; x_wconf 80' lang='lat' dir='ltr'><em>promissionem,</em></span> 
     </span>
    </p>
   </div>
   <div class='ocr_carea' id='block_1_29' title="bbox 2136 1502 3791 1574">
    <p class='ocr_par' dir='ltr' id='par_1_29' title="bbox 2136 1502 3791 1574">
     <span class='ocr_line' id='line_1_29' title="bbox 2136 1502 3791 1574; baseline 0.004 -15"><span class='ocrx_word' id='word_1_201' title='bbox 2136 1504 2328 1559; x_wconf 69' lang='lat' dir='ltr'><em>eduxit</em></span> <span class='ocrx_word' id='word_1_202' title='bbox 2357 1503 2551 1558; x_wconf 70' lang='lat' dir='ltr'><em>Israel:</em></span> <span class='ocrx_word' id='word_1_203' title='bbox 2580 1502 2921 1559; x_wconf 87' lang='lat' dir='ltr'><em>Salvatorem</em></span> <span class='ocrx_word' id='word_1_204' title='bbox 2965 1505 3146 1560; x_wconf 85' lang='lat' dir='ltr'><em>Jesum</em></span> <span class='ocrx_word' id='word_1_205' title='bbox 3176 1508 3253 1574; x_wconf 69' lang='lat'><em>3‘;</em></span> <span class='ocrx_word' id='word_1_206' title='bbox 3303 1511 3361 1562; x_wconf 89' lang='lat' dir='ltr'><em>et</em></span> <span class='ocrx_word' id='word_1_207' title='bbox 3389 1525 3594 1565; x_wconf 84' lang='lat' dir='ltr'><em>rursus</em></span> <span class='ocrx_word' id='word_1_208' title='bbox 3619 1510 3791 1566; x_wconf 88' lang='lat' dir='ltr'><em>Athe-</em></span> 
     </span>
    </p>
   </div>
   <div class='ocr_carea' id='block_1_30' title="bbox 2139 1580 3794 1669">
    <p class='ocr_par' dir='ltr' id='par_1_30' title="bbox 2139 1580 3794 1669">
     <span class='ocr_line' id='line_1_30' title="bbox 2139 1580 3794 1669; baseline 0.004 -21"><span class='ocrx_word' id='word_1_209' title='bbox 2139 1593 2230 1648; x_wconf 88' lang='lat' dir='ltr'><em>nis</em></span> <span class='ocrx_word' id='word_1_210' title='bbox 2267 1610 2279 1648; x_wconf 88' lang='lat'><strong>:</strong></span> <span class='ocrx_word' id='word_1_211' title='bbox 2314 1595 2378 1648; x_wconf 91' lang='lat' dir='ltr'><em>Et</em></span> <span class='ocrx_word' id='word_1_212' title='bbox 2411 1603 2659 1666; x_wconf 88' lang='lat' dir='ltr'><em>tempora</em></span> <span class='ocrx_word' id='word_1_213' title='bbox 2689 1593 2910 1664; x_wconf 86' lang='lat' dir='ltr'><em>quidem</em></span> <span class='ocrx_word' id='word_1_214' title='bbox 2939 1594 3102 1665; x_wconf 83' lang='lat' dir='ltr'><em>hujus</em></span> <span class='ocrx_word' id='word_1_215' title='bbox 3132 1596 3461 1664; x_wconf 59' lang='lat' dir='ltr'><em>ignorantia</em></span> <span class='ocrx_word' id='word_1_216' title='bbox 3490 1580 3794 1669; x_wconf 77' lang='lat' dir='ltr'><em>despiciens</em></span> 
     </span>
    </p>
   </div>
   <div class='ocr_carea' id='block_1_31' title="bbox 2138 1683 3795 1759">
    <p class='ocr_par' dir='ltr' id='par_1_31' title="bbox 2138 1683 3795 1759">
     <span class='ocr_line' id='line_1_31' title="bbox 2138 1683 3795 1759; baseline 0.003 -20"><span class='ocrx_word' id='word_1_217' title='bbox 2138 1687 2300 1750; x_wconf 86' lang='lat' dir='ltr'><em>Deus,</em></span> <span class='ocrx_word' id='word_1_218' title='bbox 2350 1699 2498 1738; x_wconf 86' lang='lat' dir='ltr'><em>nunc</em></span> <span class='ocrx_word' id='word_1_219' title='bbox 2545 1685 2846 1738; x_wconf 85' lang='lat' dir='ltr'><em>annuntiat</em></span> <span class='ocrx_word' id='word_1_220' title='bbox 2891 1683 3226 1751; x_wconf 86' lang='lat' dir='ltr'><em>hominibus,</em></span> <span class='ocrx_word' id='word_1_221' title='bbox 3275 1689 3337 1740; x_wconf 86' lang='lat' dir='ltr'><em>ut</em></span> <span class='ocrx_word' id='word_1_222' title='bbox 3365 1702 3549 1742; x_wconf 88' lang='lat' dir='ltr'><em>omnes</em></span> <span class='ocrx_word' id='word_1_223' title='bbox 3592 1687 3795 1759; x_wconf 81' lang='lat' dir='ltr'><em>ubique</em></span> 
     </span>
    </p>
   </div>
   <div class='ocr_carea' id='block_1_32' title="bbox 2136 1772 3796 1848">
    <p class='ocr_par' dir='ltr' id='par_1_32' title="bbox 2136 1772 3796 1848">
     <span class='ocr_line' id='line_1_32' title="bbox 2136 1772 3796 1848; baseline 0.003 -21"><span class='ocrx_word' id='word_1_224' title='bbox 2136 1773 2517 1843; x_wconf 78' lang='lat' dir='ltr'><em>paznitentiam</em></span> <span class='ocrx_word' id='word_1_225' title='bbox 2546 1780 2740 1845; x_wconf 84' lang='lat' dir='ltr'><em>agant,</em></span> <span class='ocrx_word' id='word_1_226' title='bbox 2764 1787 2824 1828; x_wconf 92' lang='lat' dir='ltr'><em>eo</em></span> <span class='ocrx_word' id='word_1_227' title='bbox 2853 1772 2998 1843; x_wconf 86' lang='lat' dir='ltr'><em>quod</em></span> <span class='ocrx_word' id='word_1_228' title='bbox 3025 1775 3222 1830; x_wconf 85' lang='lat' dir='ltr'><em>statuit</em></span> <span class='ocrx_word' id='word_1_229' title='bbox 3238 1773 3383 1830; x_wconf 88' lang='lat' dir='ltr'><em>diem</em></span> <span class='ocrx_word' id='word_1_230' title='bbox 3415 1777 3477 1830; x_wconf 91' lang='lat' dir='ltr'><em>in</em></span> <span class='ocrx_word' id='word_1_231' title='bbox 3505 1792 3614 1847; x_wconf 90' lang='lat' dir='ltr'><em>quo</em></span> <span class='ocrx_word' id='word_1_232' title='bbox 3635 1777 3796 1848; x_wconf 86' lang='lat' dir='ltr'><em>judi-</em></span> 
     </span>
    </p>
   </div>
   <div class='ocr_carea' id='block_1_33' title="bbox 2137 1861 3792 1937">
    <p class='ocr_par' dir='ltr' id='par_1_33' title="bbox 2137 1861 3792 1937">
     <span class='ocr_line' id='line_1_33' title="bbox 2137 1861 3792 1937; baseline 0.003 -20"><span class='ocrx_word' id='word_1_233' title='bbox 2137 1865 2374 1917; x_wconf 77' lang='lat' dir='ltr'><em>caturus</em></span> <span class='ocrx_word' id='word_1_234' title='bbox 2406 1869 2483 1916; x_wconf 87' lang='lat' dir='ltr'><em>est</em></span> <span class='ocrx_word' id='word_1_235' title='bbox 2517 1863 2706 1916; x_wconf 88' lang='lat' dir='ltr'><em>orbem</em></span> <span class='ocrx_word' id='word_1_236' title='bbox 2729 1863 2789 1915; x_wconf 90' lang='lat' dir='ltr'><em>in</em></span> <span class='ocrx_word' id='word_1_237' title='bbox 2819 1861 3097 1932; x_wconf 60' lang='lat' dir='ltr'><em>mquitate,</em></span> <span class='ocrx_word' id='word_1_238' title='bbox 3129 1863 3191 1917; x_wconf 86' lang='lat' dir='ltr'><em>in</em></span> <span class='ocrx_word' id='word_1_239' title='bbox 3228 1864 3342 1918; x_wconf 88' lang='lat' dir='ltr'><em>viro</em></span> <span class='ocrx_word' id='word_1_240' title='bbox 3362 1865 3422 1918; x_wconf 90' lang='lat' dir='ltr'><em>in</em></span> <span class='ocrx_word' id='word_1_241' title='bbox 3451 1879 3555 1937; x_wconf 81' lang='lat' dir='ltr'><em>quo</em></span> <span class='ocrx_word' id='word_1_242' title='bbox 3583 1867 3792 1936; x_wconf 85' lang='lat' dir='ltr'><em>statuit,</em></span> 
     </span>
    </p>
   </div>
   <div class='ocr_carea' id='block_1_34' title="bbox 371 1946 2027 2051">
    <p class='ocr_par' dir='ltr' id='par_1_34' title="bbox 371 1946 2025 2051">
     <span class='ocr_line' id='line_1_34' title="bbox 371 1946 2025 2051; baseline 0 -47"><span class='ocrx_word' id='word_1_243' title='bbox 371 1946 639 2024; x_wconf 83' lang='grc' dir='ltr'>ὑπεριδὼν</span> <span class='ocrx_word' id='word_1_244' title='bbox 696 1950 724 2004; x_wconf 86' lang='grc' dir='ltr'>ὁ</span> <span class='ocrx_word' id='word_1_245' title='bbox 781 1951 910 2012; x_wconf 89' lang='grc' dir='ltr'>Θεὸς</span> <span class='ocrx_word' id='word_1_246' title='bbox 945 1996 958 2021; x_wconf 92' lang='grc'><em>,</em></span> <span class='ocrx_word' id='word_1_247' title='bbox 1017 1951 1083 2004; x_wconf 73' lang='grc' dir='ltr'><em>τὰ</em></span> <span class='ocrx_word' id='word_1_248' title='bbox 1144 1955 1234 2004; x_wconf 90' lang='grc' dir='ltr'><em>νῦν</em></span> <span class='ocrx_word' id='word_1_249' title='bbox 1292 1950 1662 2027; x_wconf 72' lang='grc' dir='ltr'>παραγγέλλει</span> <span class='ocrx_word' id='word_1_250' title='bbox 1742 1953 1854 2024; x_wconf 86' lang='grc'>(92)</span> <span class='ocrx_word' id='word_1_251' title='bbox 1909 1956 2025 2051; x_wconf 72' lang='grc' dir='ltr'>τοῖς</span> 
     </span>
    </p>
   </div>
   <div class='ocr_carea' id='block_1_35' title="bbox 2147 1946 3790 2051">
    <p class='ocr_par' dir='ltr' id='par_1_35' title="bbox 2147 1951 3790 2023">
     <span class='ocr_line' id='line_1_35' title="bbox 2147 1951 3790 2023; baseline 0.003 -18"><span class='ocrx_word' id='word_1_252' title='bbox 2147 1951 2299 2005; x_wconf 61' lang='lat' dir='ltr'><em>fidem</em></span> <span class='ocrx_word' id='word_1_253' title='bbox 2326 1951 2574 2022; x_wconf 66' lang='lat' dir='ltr'><em>praebens</em></span> <span class='ocrx_word' id='word_1_254' title='bbox 2603 1951 2878 2015; x_wconf 82' lang='lat' dir='ltr'><em>omnibus,</em></span> <span class='ocrx_word' id='word_1_255' title='bbox 2930 1952 3208 2007; x_wconf 86' lang='lat' dir='ltr'><em>suscitans</em></span> <span class='ocrx_word' id='word_1_256' title='bbox 3235 1967 3363 2007; x_wconf 88' lang='lat' dir='ltr'><em>eum</em></span> <span class='ocrx_word' id='word_1_257' title='bbox 3391 1970 3427 2008; x_wconf 90' lang='lat' dir='ltr'><em>a</em></span> <span class='ocrx_word' id='word_1_258' title='bbox 3449 1956 3684 2010; x_wconf 84' lang='lat' dir='ltr'><em>mortuis</em></span> <span class='ocrx_word' id='word_1_259' title='bbox 3705 1955 3751 1990; x_wconf 77' lang='grc'><strong><em>⁸⁸</em></strong></span> <span class='ocrx_word' id='word_1_260' title='bbox 3776 1973 3790 2023; x_wconf 90' lang='grc'><strong>;</strong></span> 
     </span>
    </p>
   </div>
   <div class='ocr_carea' id='block_1_36' title="bbox 368 2035 2025 2117">
    <p class='ocr_par' dir='ltr' id='par_1_36' title="bbox 368 2035 2025 2117">
     <span class='ocr_line' id='line_1_36' title="bbox 368 2035 2025 2117; baseline 0.001 -25"><span class='ocrx_word' id='word_1_261' title='bbox 368 2038 678 2113; x_wconf 83' lang='grc' dir='ltr'>ἀνθρώποις</span> <span class='ocrx_word' id='word_1_262' title='bbox 760 2041 965 2101; x_wconf 80' lang='grc' dir='ltr'>πάντας</span> <span class='ocrx_word' id='word_1_263' title='bbox 1050 2045 1334 2117; x_wconf 77' lang='grc' dir='ltr'>πανταχοῦ</span> <span class='ocrx_word' id='word_1_264' title='bbox 1425 2046 1699 2114; x_wconf 85' lang='grc' dir='ltr'>μετανοεῖν</span> <span class='ocrx_word' id='word_1_265' title='bbox 1752 2059 1766 2071; x_wconf 86' lang='grc'><em>’</em></span> <span class='ocrx_word' id='word_1_266' title='bbox 1838 2035 2025 2103; x_wconf 82' lang='grc' dir='ltr'>καθότι</span> 
     </span>
    </p>
   </div>
   <div class='ocr_carea' id='block_1_37' title="bbox 369 2126 2026 2206">
    <p class='ocr_par' dir='ltr' id='par_1_37' title="bbox 369 2126 2026 2206">
     <span class='ocr_line' id='line_1_37' title="bbox 369 2126 2026 2206; baseline 0.001 -24"><span class='ocrx_word' id='word_1_267' title='bbox 369 2126 589 2198; x_wconf 77' lang='grc' dir='ltr'>ἔστησεν</span> <span class='ocrx_word' id='word_1_268' title='bbox 651 2129 860 2202; x_wconf 81' lang='grc' dir='ltr'>ἡμέραν</span> <span class='ocrx_word' id='word_1_269' title='bbox 895 2175 908 2201; x_wconf 92' lang='grc'><em>,</em></span> <span class='ocrx_word' id='word_1_270' title='bbox 960 2129 1011 2184; x_wconf 85' lang='grc' dir='ltr'><em>ἐν</em></span> <span class='ocrx_word' id='word_1_271' title='bbox 1171 2130 1361 2203; x_wconf 83' lang='grc' dir='ltr'>μέλλει</span> <span class='ocrx_word' id='word_1_272' title='bbox 1432 2130 1628 2206; x_wconf 88' lang='grc' dir='ltr'>κρίνειν</span> <span class='ocrx_word' id='word_1_273' title='bbox 1685 2131 1784 2199; x_wconf 77' lang='grc' dir='ltr'>τὴν</span> <span class='ocrx_word' id='word_1_274' title='bbox 1846 2129 2026 2184; x_wconf 79' lang='grc' dir='ltr'>οἰκου-</span> 
     </span>
    </p>
   </div>
   <div class='ocr_carea' id='block_1_38' title="bbox 375 2214 2031 2294">
    <p class='ocr_par' dir='ltr' id='par_1_38' title="bbox 375 2214 2031 2294">
     <span class='ocr_line' id='line_1_38' title="bbox 375 2214 2031 2294; baseline 0.001 -23"><span class='ocrx_word' id='word_1_275' title='bbox 375 2217 540 2290; x_wconf 85' lang='grc' dir='ltr'>μένην</span> <span class='ocrx_word' id='word_1_276' title='bbox 605 2216 656 2272; x_wconf 85' lang='grc' dir='ltr'><em>ἐν</em></span> <span class='ocrx_word' id='word_1_277' title='bbox 738 2214 1054 2288; x_wconf 87' lang='grc' dir='ltr'>δικαιοσύοη</span> <span class='ocrx_word' id='word_1_278' title='bbox 1093 2265 1108 2291; x_wconf 82' lang='grc'><em>,</em></span> <span class='ocrx_word' id='word_1_279' title='bbox 1169 2217 1224 2273; x_wconf 87' lang='grc' dir='ltr'><em>ἐο</em></span> <span class='ocrx_word' id='word_1_280' title='bbox 1282 2216 1438 2294; x_wconf 83' lang='grc' dir='ltr'>ἀνδρί</span> <span class='ocrx_word' id='word_1_281' title='bbox 1514 2221 1560 2291; x_wconf 86' lang='grc' dir='ltr'>ᾧ</span> <span class='ocrx_word' id='word_1_282' title='bbox 1637 2219 1800 2294; x_wconf 84' lang='grc' dir='ltr'>ὥρισε</span> <span class='ocrx_word' id='word_1_283' title='bbox 1854 2219 2031 2272; x_wconf 87' lang='grc' dir='ltr'>πίστιν</span> 
     </span>
    </p>
   </div>
   <div class='ocr_carea' id='block_1_39' title="bbox 370 2307 2026 2382">
    <p class='ocr_par' dir='ltr' id='par_1_39' title="bbox 370 2307 2026 2382">
     <span class='ocr_line' id='line_1_39' title="bbox 370 2307 2026 2382; baseline 0.001 -22"><span class='ocrx_word' id='word_1_284' title='bbox 370 2307 672 2382; x_wconf 87' lang='grc' dir='ltr'>παρασχὼν</span> <span class='ocrx_word' id='word_1_285' title='bbox 746 2313 906 2360; x_wconf 80' lang='grc' dir='ltr'>πᾶσιν</span> <span class='ocrx_word' id='word_1_286' title='bbox 945 2349 958 2374; x_wconf 89' lang='grc'><em>,</em></span> <span class='ocrx_word' id='word_1_287' title='bbox 1017 2307 1324 2378; x_wconf 76' lang='grc' dir='ltr'>ἀναστήσασ</span> <span class='ocrx_word' id='word_1_288' title='bbox 1395 2307 1553 2362; x_wconf 78' lang='grc' dir='ltr'>αὐτὸν</span> <span class='ocrx_word' id='word_1_289' title='bbox 1628 2308 1690 2363; x_wconf 80' lang='grc' dir='ltr'><em>ἐκ</em></span> <span class='ocrx_word' id='word_1_290' title='bbox 1762 2312 1965 2382; x_wconf 81' lang='grc' dir='ltr'>νεκρῶν</span> <span class='ocrx_word' id='word_1_291' title='bbox 2014 2327 2026 2340; x_wconf 89' lang='grc'><strong>·</strong></span> 
     </span>
    </p>
   </div>
   <div class='ocr_carea' id='block_1_40' title="bbox 369 2395 2028 2473">
    <p class='ocr_par' dir='ltr' id='par_1_40' title="bbox 369 2395 2028 2473">
     <span class='ocr_line' id='line_1_40' title="bbox 369 2395 2028 2473; baseline -0.012 -23"><span class='ocrx_word' id='word_1_292' title='bbox 369 2395 405 2463; x_wconf 75' lang='grc' dir='ltr'>ἢ</span> <span class='ocrx_word' id='word_1_293' title='bbox 441 2396 716 2472; x_wconf 80' lang='grc' dir='ltr'>Στεφάνου</span> <span class='ocrx_word' id='word_1_294' title='bbox 775 2400 873 2450; x_wconf 89' lang='grc' dir='ltr'><em>τοῦ</em></span> <span class='ocrx_word' id='word_1_295' title='bbox 937 2395 1178 2470; x_wconf 83' lang='grc' dir='ltr'>μεγάλου</span> <span class='ocrx_word' id='word_1_296' title='bbox 1234 2399 1506 2473; x_wconf 84' lang='grc' dir='ltr'>μάρτυρος</span> <span class='ocrx_word' id='word_1_297' title='bbox 1549 2400 1662 2470; x_wconf 83' lang='grc'>(93)</span> <span class='ocrx_word' id='word_1_298' title='bbox 1711 2397 1834 2452; x_wconf 71' lang='grc' dir='ltr'><em>ὅταν</em></span> <span class='ocrx_word' id='word_1_299' title='bbox 1880 2396 2028 2472; x_wconf 68' lang='grc' dir='ltr'>λέγῃ.</span> 
     </span>
    </p>
   </div>
   <div class='ocr_carea' id='block_1_41' title="bbox 371 2483 2032 2563">
    <p class='ocr_par' dir='ltr' id='par_1_41' title="bbox 371 2483 2032 2563">
     <span class='ocr_line' id='line_1_41' title="bbox 371 2483 2032 2563; baseline 0 -23"><span class='ocrx_word' id='word_1_300' title='bbox 371 2483 512 2541; x_wconf 80' lang='grc' dir='ltr'>Ἰδοὺ</span> <span class='ocrx_word' id='word_1_301' title='bbox 589 2488 780 2561; x_wconf 86' lang='grc' dir='ltr'>θεωρῶ</span> <span class='ocrx_word' id='word_1_302' title='bbox 855 2483 986 2547; x_wconf 79' lang='grc' dir='ltr'>τοὺς</span> <span class='ocrx_word' id='word_1_303' title='bbox 1057 2484 1321 2559; x_wconf 80' lang='grc' dir='ltr'>οὐρανοὺς</span> <span class='ocrx_word' id='word_1_304' title='bbox 1400 2484 1813 2563; x_wconf 84' lang='grc' dir='ltr'>διηνοιγμένους</span> <span class='ocrx_word' id='word_1_305' title='bbox 1868 2533 1881 2557; x_wconf 86' lang='grc'><em>,</em></span> <span class='ocrx_word' id='word_1_306' title='bbox 1942 2487 2032 2540; x_wconf 85' lang='grc' dir='ltr'>καὶ</span> 
     </span>
    </p>
   </div>
   <div class='ocr_carea' id='block_1_42' title="bbox 366 2573 2032 2650">
    <p class='ocr_par' dir='ltr' id='par_1_42' title="bbox 366 2573 2032 2650">
     <span class='ocr_line' id='line_1_42' title="bbox 366 2573 2032 2650; baseline 0.002 -24"><span class='ocrx_word' id='word_1_307' title='bbox 366 2573 458 2627; x_wconf 88' lang='grc' dir='ltr'><em>τὸν</em></span> <span class='ocrx_word' id='word_1_308' title='bbox 539 2573 663 2627; x_wconf 69' lang='grc' dir='ltr'>Υἳὸν</span> <span class='ocrx_word' id='word_1_309' title='bbox 739 2578 837 2628; x_wconf 90' lang='grc' dir='ltr'><em>τοῦ</em></span> <span class='ocrx_word' id='word_1_310' title='bbox 911 2573 1198 2650; x_wconf 79' lang='grc' dir='ltr'>ἀνθρώπου</span> <span class='ocrx_word' id='word_1_311' title='bbox 1276 2575 1334 2630; x_wconf 81' lang='grc' dir='ltr'><em>ἐκ</em></span> <span class='ocrx_word' id='word_1_312' title='bbox 1404 2573 1588 2646; x_wconf 80' lang='grc' dir='ltr'>δεξιῶν</span> <span class='ocrx_word' id='word_1_313' title='bbox 1663 2576 1866 2631; x_wconf 81' lang='grc' dir='ltr'>ἐστῶτα</span> <span class='ocrx_word' id='word_1_314' title='bbox 1936 2580 2032 2630; x_wconf 92' lang='grc' dir='ltr'><em>τοῦ</em></span> 
     </span>
    </p>
   </div>
   <div class='ocr_carea' id='block_1_43' title="bbox 2141 2038 3797 2112">
    <p class='ocr_par' dir='ltr' id='par_1_43' title="bbox 2141 2038 3797 2112">
     <span class='ocr_line' id='line_1_43' title="bbox 2141 2038 3797 2112; baseline 0.004 -18"><span class='ocrx_word' id='word_1_315' title='bbox 2141 2039 2302 2094; x_wconf 88' lang='lat' dir='ltr'><em>autsi</em></span> <span class='ocrx_word' id='word_1_316' title='bbox 2334 2055 2615 2110; x_wconf 87' lang='lat' dir='ltr'><em>magnum</em></span> <span class='ocrx_word' id='word_1_317' title='bbox 2635 2038 2803 2094; x_wconf 91' lang='lat' dir='ltr'><em>illum</em></span> <span class='ocrx_word' id='word_1_318' title='bbox 2819 2043 3136 2112; x_wconf 83' lang='lat' dir='ltr'><em>martyrem</em></span> <span class='ocrx_word' id='word_1_319' title='bbox 3156 2040 3518 2112; x_wconf 82' lang='lat' dir='ltr'><em>Stephanum</em></span> <span class='ocrx_word' id='word_1_320' title='bbox 3549 2043 3797 2101; x_wconf 79' lang='lat' dir='ltr'><em>audiant</em></span> 
     </span>
    </p>
   </div>
   <div class='ocr_carea' id='block_1_44' title="bbox 2141 2127 3794 2200">
    <p class='ocr_par' dir='ltr' id='par_1_44' title="bbox 2141 2127 3794 2200">
     <span class='ocr_line' id='line_1_44' title="bbox 2141 2127 3794 2200; baseline 0.003 -17"><span class='ocrx_word' id='word_1_321' title='bbox 2141 2129 2430 2184; x_wconf 86' lang='lat' dir='ltr'><em>dicentem</em></span> <span class='ocrx_word' id='word_1_322' title='bbox 2466 2145 2478 2182; x_wconf 89' lang='lat'><strong>:</strong></span> <span class='ocrx_word' id='word_1_323' title='bbox 2512 2129 2646 2184; x_wconf 86' lang='lat' dir='ltr'><em>Ecce</em></span> <span class='ocrx_word' id='word_1_324' title='bbox 2673 2127 2828 2183; x_wconf 86' lang='lat' dir='ltr'><em>video</em></span> <span class='ocrx_word' id='word_1_325' title='bbox 2857 2129 3016 2184; x_wconf 72' lang='lat' dir='ltr'><em>artos</em></span> <span class='ocrx_word' id='word_1_326' title='bbox 3043 2136 3279 2200; x_wconf 85' lang='lat' dir='ltr'><em>apertos,</em></span> <span class='ocrx_word' id='word_1_327' title='bbox 3311 2135 3362 2186; x_wconf 86' lang='lat' dir='ltr'><em>et</em></span> <span class='ocrx_word' id='word_1_328' title='bbox 3391 2132 3596 2187; x_wconf 83' lang='lat' dir='ltr'><em>Filium</em></span> <span class='ocrx_word' id='word_1_329' title='bbox 3617 2131 3794 2188; x_wconf 79' lang='lat' dir='ltr'><em>homi-</em></span> 
     </span>
    </p>
   </div>
   <div class='ocr_carea' id='block_1_45' title="bbox 2139 2216 3792 2291">
    <p class='ocr_par' dir='ltr' id='par_1_45' title="bbox 2139 2216 3792 2291">
     <span class='ocr_line' id='line_1_45' title="bbox 2139 2216 3792 2291; baseline 0.004 -19"><span class='ocrx_word' id='word_1_330' title='bbox 2139 2220 2228 2273; x_wconf 87' lang='lat' dir='ltr'><em>nis</em></span> <span class='ocrx_word' id='word_1_331' title='bbox 2257 2220 2494 2273; x_wconf 87' lang='lat' dir='ltr'><em>stantem</em></span> <span class='ocrx_word' id='word_1_332' title='bbox 2527 2234 2560 2272; x_wconf 85' lang='grc' dir='ltr'><em>α</em></span> <span class='ocrx_word' id='word_1_333' title='bbox 2589 2216 2800 2273; x_wconf 65' lang='lat' dir='ltr'><em>dextris</em></span> <span class='ocrx_word' id='word_1_334' title='bbox 2829 2217 2928 2273; x_wconf 90' lang='lat' dir='ltr'><em>Dei</em></span> <span class='ocrx_word' id='word_1_335' title='bbox 2955 2218 3019 2271; x_wconf 78' lang='grc'><em>⁸³.</em></span> <span class='ocrx_word' id='word_1_336' title='bbox 3054 2217 3254 2274; x_wconf 86' lang='lat' dir='ltr'><em>Restat</em></span> <span class='ocrx_word' id='word_1_337' title='bbox 3274 2223 3339 2274; x_wconf 89' lang='lat' dir='ltr'><em>ut</em></span> <span class='ocrx_word' id='word_1_338' title='bbox 3358 2220 3488 2291; x_wconf 89' lang='lat' dir='ltr'><em>jam</em></span> <span class='ocrx_word' id='word_1_339' title='bbox 3509 2221 3792 2279; x_wconf 88' lang='lat' dir='ltr'><em>audacius</em></span> 
     </span>
    </p>
   </div>
   <div class='ocr_carea' id='block_1_46' title="bbox 2139 2306 3791 2381">
    <p class='ocr_par' dir='ltr' id='par_1_46' title="bbox 2139 2306 3791 2381">
     <span class='ocr_line' id='line_1_46' title="bbox 2139 2306 3791 2381; baseline 0.002 -19"><span class='ocrx_word' id='word_1_340' title='bbox 2139 2306 2453 2380; x_wconf 76' lang='lat' dir='ltr'><em>insurgunt</em></span> <span class='ocrx_word' id='word_1_341' title='bbox 2500 2307 2814 2377; x_wconf 88' lang='lat' dir='ltr'><em>dicantque</em></span> <span class='ocrx_word' id='word_1_342' title='bbox 2871 2307 3041 2375; x_wconf 88' lang='lat' dir='ltr'><em>(nihil</em></span> <span class='ocrx_word' id='word_1_343' title='bbox 3089 2307 3247 2363; x_wconf 90' lang='lat' dir='ltr'><em>enim</em></span> <span class='ocrx_word' id='word_1_344' title='bbox 3300 2307 3418 2364; x_wconf 85' lang='lat' dir='ltr'><em>illis</em></span> <span class='ocrx_word' id='word_1_345' title='bbox 3466 2308 3791 2381; x_wconf 82' lang='lat' dir='ltr'><em>inausum),</em></span> 
     </span>
    </p>
   </div>
   <div class='ocr_carea' id='block_1_47' title="bbox 2141 2395 3794 2470">
    <p class='ocr_par' dir='ltr' id='par_1_47' title="bbox 2141 2395 3794 2470">
     <span class='ocr_line' id='line_1_47' title="bbox 2141 2395 3794 2470; baseline 0.002 -17"><span class='ocrx_word' id='word_1_346' title='bbox 2141 2397 2315 2453; x_wconf 86' lang='lat' dir='ltr'><em>etiam</em></span> <span class='ocrx_word' id='word_1_347' title='bbox 2348 2397 2507 2468; x_wconf 89' lang='lat' dir='ltr'><em>ipsos</em></span> <span class='ocrx_word' id='word_1_348' title='bbox 2542 2395 2844 2467; x_wconf 83' lang='lat' dir='ltr'><em>apostolus</em></span> <span class='ocrx_word' id='word_1_349' title='bbox 2874 2413 3008 2452; x_wconf 90' lang='lat' dir='ltr'><em>cum</em></span> <span class='ocrx_word' id='word_1_350' title='bbox 3039 2396 3179 2452; x_wconf 83' lang='lat' dir='ltr'><em>Ario</em></span> <span class='ocrx_word' id='word_1_351' title='bbox 3218 2397 3493 2464; x_wconf 84' lang='lat' dir='ltr'><em>sensisse,</em></span> <span class='ocrx_word' id='word_1_352' title='bbox 3527 2401 3794 2470; x_wconf 86' lang='lat' dir='ltr'><em>quando-</em></span> 
     </span>
    </p>
   </div>
   <div class='ocr_carea' id='block_1_48' title="bbox 2144 2485 3793 2558">
    <p class='ocr_par' dir='ltr' id='par_1_48' title="bbox 2144 2485 3793 2558">
     <span class='ocr_line' id='line_1_48' title="bbox 2144 2485 3793 2558; baseline 0.002 -16"><span class='ocrx_word' id='word_1_353' title='bbox 2144 2487 2382 2558; x_wconf 87' lang='lat' dir='ltr'><em>quidem</em></span> <span class='ocrx_word' id='word_1_354' title='bbox 2430 2486 2748 2550; x_wconf 85' lang='lat' dir='ltr'><em>Christum,</em></span> <span class='ocrx_word' id='word_1_355' title='bbox 2791 2485 3092 2542; x_wconf 89' lang='lat' dir='ltr'><em>hominem</em></span> <span class='ocrx_word' id='word_1_356' title='bbox 3138 2486 3420 2542; x_wconf 82' lang='lat' dir='ltr'><em>Nazareth</em></span> <span class='ocrx_word' id='word_1_357' title='bbox 3452 2488 3793 2558; x_wconf 87' lang='lat' dir='ltr'><em>oriundum,</em></span> 
     </span>
    </p>
   </div>
   <div class='ocr_carea' id='block_1_49' title="bbox 2144 2574 3017 2649">
    <p class='ocr_par' dir='ltr' id='par_1_49' title="bbox 2144 2574 3017 2649">
     <span class='ocr_line' id='line_1_49' title="bbox 2144 2574 3017 2649; baseline -0.002 -17"><span class='ocrx_word' id='word_1_358' title='bbox 2144 2574 2486 2649; x_wconf 89' lang='lat' dir='ltr'><em>passibilem</em></span> <span class='ocrx_word' id='word_1_359' title='bbox 2516 2590 2645 2630; x_wconf 87' lang='lat' dir='ltr'><em>esse</em></span> <span class='ocrx_word' id='word_1_360' title='bbox 2678 2575 3017 2647; x_wconf 68' lang='lat' dir='ltr'><em>praedicant.</em></span> 
     </span>
    </p>
   </div>
   <div class='ocr_carea' id='block_1_50' title="bbox 367 2650 3798 2742">
    <p class='ocr_par' dir='ltr' id='par_1_50' title="bbox 367 2650 3798 2742">
     <span class='ocr_line' id='line_1_50' title="bbox 367 2650 3798 2742; baseline 0.001 -25"><span class='ocrx_word' id='word_1_361' title='bbox 367 2665 520 2717; x_wconf 85' lang='grc' dir='ltr'>Θεοῦ.</span> <span class='ocrx_word' id='word_1_362' title='bbox 554 2664 692 2738; x_wconf 85' lang='grc' dir='ltr'>Ὥρα</span> <span class='ocrx_word' id='word_1_363' title='bbox 721 2663 824 2738; x_wconf 82' lang='grc' dir='ltr'><em>γὰρ</em></span> <span class='ocrx_word' id='word_1_364' title='bbox 859 2665 970 2737; x_wconf 83' lang='grc'>(94)</span> <span class='ocrx_word' id='word_1_365' title='bbox 1003 2662 1201 2718; x_wconf 87' lang='grc' dir='ltr'>λοιπὸν</span> <span class='ocrx_word' id='word_1_366' title='bbox 1230 2663 1426 2728; x_wconf 78' lang='grc' dir='ltr'>αὐτοὺς</span> <span class='ocrx_word' id='word_1_367' title='bbox 1460 2665 1548 2720; x_wconf 67' lang='grc' dir='ltr'><em>καὶ</em></span> <span class='ocrx_word' id='word_1_368' title='bbox 1587 2670 1674 2720; x_wconf 91' lang='grc' dir='ltr'><em>νῦν</em></span> <span class='ocrx_word' id='word_1_369' title='bbox 1709 2663 2168 2742; x_wconf 79' lang='grc' dir='ltr'>ἀποθρασύνεσθαι</span> <span class='ocrx_word' id='word_1_370' title='bbox 2217 2661 2308 2718; x_wconf 76' lang='grc' dir='ltr'>καί</span> <span class='ocrx_word' id='word_1_371' title='bbox 2357 2662 2553 2738; x_wconf 77' lang='grc' dir='ltr'>λέγειν’</span> <span class='ocrx_word' id='word_1_372' title='bbox 2608 2661 2760 2717; x_wconf 76' lang='grc' dir='ltr'>οὐδὲν</span> <span class='ocrx_word' id='word_1_373' title='bbox 2810 2662 2912 2736; x_wconf 77' lang='grc' dir='ltr'><em>γὰρ</em></span> <span class='ocrx_word' id='word_1_374' title='bbox 2961 2662 3144 2724; x_wconf 82' lang='grc' dir='ltr'>αὐτοῖς</span> <span class='ocrx_word' id='word_1_375' title='bbox 3195 2661 3528 2738; x_wconf 87' lang='grc' dir='ltr'>ἀτόλμητον·</span> <span class='ocrx_word' id='word_1_376' title='bbox 3574 2663 3656 2720; x_wconf 71' lang='grc' dir='ltr'><em>ὅτι</em></span> <span class='ocrx_word' id='word_1_377' title='bbox 3706 2650 3798 2721; x_wconf 78' lang='grc' dir='ltr'><em>καἶ</em></span> 
     </span>
    </p>
   </div>
   <div class='ocr_carea' id='block_1_51' title="bbox 368 2749 3796 2834">
    <p class='ocr_par' dir='ltr' id='par_1_51' title="bbox 368 2749 3796 2834">
     <span class='ocr_line' id='line_1_51' title="bbox 368 2749 3796 2834; baseline 0.002 -30"><span class='ocrx_word' id='word_1_378' title='bbox 368 2749 521 2804; x_wconf 84' lang='grc' dir='ltr'>αὐτοὶ</span> <span class='ocrx_word' id='word_1_379' title='bbox 580 2752 630 2806; x_wconf 75' lang='grc' dir='ltr'>οἱ</span> <span class='ocrx_word' id='word_1_380' title='bbox 687 2751 986 2808; x_wconf 86' lang='grc' dir='ltr'>ἀπόστολοι</span> <span class='ocrx_word' id='word_1_381' title='bbox 1036 2754 1104 2808; x_wconf 73' lang='grc' dir='ltr'>τὰ</span> <span class='ocrx_word' id='word_1_382' title='bbox 1161 2753 1374 2830; x_wconf 77' lang='grc' dir='ltr'>Ἀρείου</span> <span class='ocrx_word' id='word_1_383' title='bbox 1435 2754 1719 2834; x_wconf 86' lang='grc' dir='ltr'>ἐφρόνουν·</span> <span class='ocrx_word' id='word_1_384' title='bbox 1778 2756 2053 2830; x_wconf 75' lang='grc' dir='ltr'>ἄνθρωπον</span> <span class='ocrx_word' id='word_1_385' title='bbox 2113 2753 2216 2829; x_wconf 79' lang='grc' dir='ltr'><em>γὰρ</em></span> <span class='ocrx_word' id='word_1_386' title='bbox 2281 2751 2386 2806; x_wconf 86' lang='grc' dir='ltr'><em>ἀπὸ</em></span> <span class='ocrx_word' id='word_1_387' title='bbox 2444 2753 2684 2827; x_wconf 72' lang='grc' dir='ltr'>Ναζαρὲτ</span> <span class='ocrx_word' id='word_1_388' title='bbox 2741 2754 2901 2825; x_wconf 83' lang='grc'>(95),</span> <span class='ocrx_word' id='word_1_389' title='bbox 2975 2751 3064 2806; x_wconf 85' lang='grc' dir='ltr'><em>καὶ</em></span> <span class='ocrx_word' id='word_1_390' title='bbox 3120 2753 3362 2821; x_wconf 81' lang='grc' dir='ltr'>παθητὸν</span> <span class='ocrx_word' id='word_1_391' title='bbox 3419 2753 3513 2808; x_wconf 85' lang='grc' dir='ltr'><em>τὸν</em></span> <span class='ocrx_word' id='word_1_392' title='bbox 3568 2757 3796 2831; x_wconf 81' lang='grc' dir='ltr'>Χριστὸν</span> 
     </span>
    </p>
   </div>
   <div class='ocr_carea' id='block_1_52' title="bbox 371 2837 829 2916">
    <p class='ocr_par' dir='ltr' id='par_1_52' title="bbox 371 2837 829 2916">
     <span class='ocr_line' id='line_1_52' title="bbox 371 2837 829 2916; baseline 0.011 -24"><span class='ocrx_word' id='word_1_393' title='bbox 371 2837 806 2916; x_wconf 77' lang='grc' dir='ltr'>ἀπαγγέλλουσιν</span> <span class='ocrx_word' id='word_1_394' title='bbox 817 2885 829 2897; x_wconf 95' lang='grc'><strong><em>.</em></strong></span> 
     </span>
    </p>
   </div>
   <div class='ocr_carea' id='block_1_53' title="bbox 442 2928 2036 3010">
    <p class='ocr_par' dir='ltr' id='par_1_53' title="bbox 442 2928 2036 3010">
     <span class='ocr_line' id='line_1_53' title="bbox 442 2928 2036 3010; baseline 0.001 -26"><span class='ocrx_word' id='word_1_395' title='bbox 442 2929 496 2984; x_wconf 91' lang='grc'><em>8.</em></span> <span class='ocrx_word' id='word_1_396' title='bbox 555 2928 805 2984; x_wconf 81' lang='grc' dir='ltr'>Ἐκείνων</span> <span class='ocrx_word' id='word_1_397' title='bbox 879 2929 1056 2984; x_wconf 85' lang='grc' dir='ltr'>τοίνυν</span> <span class='ocrx_word' id='word_1_398' title='bbox 1131 2935 1358 2986; x_wconf 88' lang='grc' dir='ltr'>τοιαῦτα</span> <span class='ocrx_word' id='word_1_399' title='bbox 1427 2933 1844 3010; x_wconf 84' lang='grc' dir='ltr'>φανταζομένων</span> <span class='ocrx_word' id='word_1_400' title='bbox 1881 2977 1894 3002; x_wconf 86' lang='grc'><em>,</em></span> <span class='ocrx_word' id='word_1_401' title='bbox 1953 2930 2036 3008; x_wconf 80' lang='grc' dir='ltr'>ἆρ’</span> 
     </span>
    </p>
   </div>
   <div class='ocr_carea' id='block_1_54' title="bbox 376 3014 2037 3097">
    <p class='ocr_par' dir='ltr' id='par_1_54' title="bbox 376 3014 2037 3097">
     <span class='ocr_line' id='line_1_54' title="bbox 376 3014 2037 3097; baseline 0.001 -24"><span class='ocrx_word' id='word_1_402' title='bbox 376 3014 562 3086; x_wconf 81' lang='grc' dir='ltr'>ἐπειδὴ</span> <span class='ocrx_word' id='word_1_403' title='bbox 619 3023 736 3080; x_wconf 83' lang='grc' dir='ltr'>τοῖς</span> <span class='ocrx_word' id='word_1_404' title='bbox 792 3018 995 3095; x_wconf 74' lang='grc' dir='ltr'>ῥήμασι</span> <span class='ocrx_word' id='word_1_405' title='bbox 1047 3022 1159 3093; x_wconf 84' lang='grc'>(96)</span> <span class='ocrx_word' id='word_1_406' title='bbox 1213 3020 1428 3084; x_wconf 81' lang='grc' dir='ltr'>τούτοις</span> <span class='ocrx_word' id='word_1_407' title='bbox 1489 3021 1812 3097; x_wconf 80' lang='grc' dir='ltr'>ἐχρήσαντο,</span> <span class='ocrx_word' id='word_1_408' title='bbox 1877 3015 2037 3094; x_wconf 89' lang='grc' dir='ltr'>μόνον</span> 
     </span>
    </p>
   </div>
   <div class='ocr_carea' id='block_1_55' title="bbox 375 3103 2035 3186">
    <p class='ocr_par' dir='ltr' id='par_1_55' title="bbox 375 3103 2035 3186">
     <span class='ocr_line' id='line_1_55' title="bbox 375 3103 2035 3186; baseline 0.002 -26"><span class='ocrx_word' id='word_1_409' title='bbox 375 3104 659 3181; x_wconf 75' lang='grc' dir='ltr'>ἄνθρωπον</span> <span class='ocrx_word' id='word_1_410' title='bbox 716 3103 936 3181; x_wconf 75' lang='grc' dir='ltr'>ᾔδεισαν</span> <span class='ocrx_word' id='word_1_411' title='bbox 991 3109 1084 3163; x_wconf 87' lang='grc' dir='ltr'><em>τὸν</em></span> <span class='ocrx_word' id='word_1_412' title='bbox 1139 3109 1369 3186; x_wconf 86' lang='grc' dir='ltr'>Χριστὸν</span> <span class='ocrx_word' id='word_1_413' title='bbox 1427 3111 1480 3165; x_wconf 80' lang='lat' dir='ltr'><em>o&#39;t</em></span> <span class='ocrx_word' id='word_1_414' title='bbox 1537 3106 1883 3181; x_wconf 84' lang='grc' dir='ltr'>ἀπόστολοι,</span> <span class='ocrx_word' id='word_1_415' title='bbox 1945 3109 2035 3164; x_wconf 78' lang='grc' dir='ltr'>καί</span> 
     </span>
    </p>
   </div>
   <div class='ocr_carea' id='block_1_56' title="bbox 374 3192 2036 3272">
    <p class='ocr_par' dir='ltr' id='par_1_56' title="bbox 374 3192 2036 3272">
     <span class='ocr_line' id='line_1_56' title="bbox 374 3192 2036 3272; baseline 0.001 -23"><span class='ocrx_word' id='word_1_416' title='bbox 374 3192 543 3249; x_wconf 83' lang='grc' dir='ltr'>πλέον</span> <span class='ocrx_word' id='word_1_417' title='bbox 591 3192 745 3250; x_wconf 81' lang='grc' dir='ltr'>οὐδέν</span> <span class='ocrx_word' id='word_1_418' title='bbox 782 3198 910 3264; x_wconf 77' lang='grc' dir='ltr'><em>;Μή</em></span> <span class='ocrx_word' id='word_1_419' title='bbox 962 3195 1174 3272; x_wconf 83' lang='grc' dir='ltr'>γένοιτο</span> <span class='ocrx_word' id='word_1_420' title='bbox 1206 3199 1217 3252; x_wconf 88' lang='lat'>!</span> <span class='ocrx_word' id='word_1_421' title='bbox 1253 3197 1362 3252; x_wconf 84' lang='grc' dir='ltr'>Οὐκ</span> <span class='ocrx_word' id='word_1_422' title='bbox 1410 3194 1550 3253; x_wconf 80' lang='grc' dir='ltr'>ἔστιν</span> <span class='ocrx_word' id='word_1_423' title='bbox 1607 3197 1732 3254; x_wconf 75' lang='grc' dir='ltr'>οὐδὲ</span> <span class='ocrx_word' id='word_1_424' title='bbox 1789 3199 1865 3260; x_wconf 82' lang='grc' dir='ltr'><em>εἰς</em></span> <span class='ocrx_word' id='word_1_425' title='bbox 1915 3203 2036 3252; x_wconf 88' lang='grc' dir='ltr'>νοῦν</span> 
     </span>
    </p>
   </div>
   <div class='ocr_carea' id='block_1_57' title="bbox 373 3278 2033 3363">
    <p class='ocr_par' dir='ltr' id='par_1_57' title="bbox 373 3278 2033 3363">
     <span class='ocr_line' id='line_1_57' title="bbox 373 3278 2033 3363; baseline 0.003 -26"><span class='ocrx_word' id='word_1_426' title='bbox 373 3287 536 3337; x_wconf 88' lang='grc' dir='ltr'>τοῦτο</span> <span class='ocrx_word' id='word_1_427' title='bbox 588 3278 777 3338; x_wconf 80' lang='grc' dir='ltr'>λαϐεῖν</span> <span class='ocrx_word' id='word_1_428' title='bbox 817 3305 970 3339; x_wconf 84' lang='grc' dir='ltr'>ποτε·</span> <span class='ocrx_word' id='word_1_429' title='bbox 1020 3283 1168 3341; x_wconf 81' lang='grc' dir='ltr'>ἀλλὰ</span> <span class='ocrx_word' id='word_1_430' title='bbox 1197 3287 1287 3341; x_wconf 88' lang='grc' dir='ltr'><em>καὶ</em></span> <span class='ocrx_word' id='word_1_431' title='bbox 1315 3292 1499 3358; x_wconf 87' lang='grc' dir='ltr'>τοῦτο,</span> <span class='ocrx_word' id='word_1_432' title='bbox 1533 3288 1607 3350; x_wconf 86' lang='grc' dir='ltr'>ὡς</span> <span class='ocrx_word' id='word_1_433' title='bbox 1656 3288 2033 3363; x_wconf 85' lang='grc' dir='ltr'>ἀρχιτέκτονες</span> 
     </span>
    </p>
   </div>
   <div class='ocr_carea' id='block_1_58' title="bbox 2216 2929 3801 3006">
    <p class='ocr_par' dir='ltr' id='par_1_58' title="bbox 2216 2929 3801 3006">
     <span class='ocr_line' id='line_1_58' title="bbox 2216 2929 3801 3006; baseline 0.003 -19"><span class='ocrx_word' id='word_1_434' title='bbox 2216 2933 2269 2987; x_wconf 91' lang='grc'><em>8.</em></span> <span class='ocrx_word' id='word_1_435' title='bbox 2303 2931 2432 2986; x_wconf 70' lang='lat' dir='ltr'><em>Haec</em></span> <span class='ocrx_word' id='word_1_436' title='bbox 2463 2930 2584 2986; x_wconf 88' lang='lat' dir='ltr'><em>illis</em></span> <span class='ocrx_word' id='word_1_437' title='bbox 2612 2930 2694 2986; x_wconf 87' lang='lat' dir='ltr'><em>ita</em></span> <span class='ocrx_word' id='word_1_438' title='bbox 2725 2929 3180 2998; x_wconf 86' lang='lat' dir='ltr'><em>somniantibus,</em></span> <span class='ocrx_word' id='word_1_439' title='bbox 3205 2948 3347 2988; x_wconf 91' lang='lat' dir='ltr'><em>num</em></span> <span class='ocrx_word' id='word_1_440' title='bbox 3385 2935 3524 3005; x_wconf 78' lang='lat' dir='ltr'><em>quia</em></span> <span class='ocrx_word' id='word_1_441' title='bbox 3551 2934 3801 3006; x_wconf 82' lang='lat' dir='ltr'><em>apostoli</em></span> 
     </span>
    </p>
   </div>
   <div class='ocr_carea' id='block_1_59' title="bbox 2143 3019 3801 3090">
    <p class='ocr_par' dir='ltr' id='par_1_59' title="bbox 2143 3019 3801 3090">
     <span class='ocr_line' id='line_1_59' title="bbox 2143 3019 3801 3090; baseline 0.002 -14"><span class='ocrx_word' id='word_1_442' title='bbox 2143 3021 2238 3076; x_wconf 87' lang='lat' dir='ltr'><em>his</em></span> <span class='ocrx_word' id='word_1_443' title='bbox 2269 3021 2462 3077; x_wconf 88' lang='lat' dir='ltr'><em>verbis</em></span> <span class='ocrx_word' id='word_1_444' title='bbox 2503 3024 2645 3076; x_wconf 88' lang='lat' dir='ltr'><em>sunt</em></span> <span class='ocrx_word' id='word_1_445' title='bbox 2691 3019 2804 3090; x_wconf 89' lang='lat' dir='ltr'><em>usi,</em></span> <span class='ocrx_word' id='word_1_446' title='bbox 2856 3020 2985 3076; x_wconf 92' lang='lat' dir='ltr'><em>ideo</em></span> <span class='ocrx_word' id='word_1_447' title='bbox 3043 3020 3341 3077; x_wconf 84' lang='lat' dir='ltr'><em>Christum</em></span> <span class='ocrx_word' id='word_1_448' title='bbox 3388 3021 3801 3080; x_wconf 80' lang='lat' dir='ltr'><em>existimarunt</em></span> 
     </span>
    </p>
   </div>
   <div class='ocr_carea' id='block_1_60' title="bbox 2145 3108 3795 3182">
    <p class='ocr_par' dir='ltr' id='par_1_60' title="bbox 2145 3108 3795 3182">
     <span class='ocr_line' id='line_1_60' title="bbox 2145 3108 3795 3182; baseline 0.002 -16"><span class='ocrx_word' id='word_1_449' title='bbox 2145 3110 2444 3167; x_wconf 88' lang='lat' dir='ltr'><em>hominem</em></span> <span class='ocrx_word' id='word_1_450' title='bbox 2475 3112 2760 3164; x_wconf 85' lang='lat' dir='ltr'><em>duntaxat</em></span> <span class='ocrx_word' id='word_1_451' title='bbox 2806 3124 2956 3175; x_wconf 87' lang='lat' dir='ltr'><em>esse,</em></span> <span class='ocrx_word' id='word_1_452' title='bbox 2988 3112 3047 3165; x_wconf 88' lang='lat' dir='ltr'><em>et</em></span> <span class='ocrx_word' id='word_1_453' title='bbox 3076 3108 3224 3165; x_wconf 92' lang='lat' dir='ltr'><em>nihil</em></span> <span class='ocrx_word' id='word_1_454' title='bbox 3254 3111 3573 3182; x_wconf 72' lang='lat' dir='ltr'><em>praeterea?</em></span> <span class='ocrx_word' id='word_1_455' title='bbox 3599 3112 3795 3169; x_wconf 83' lang='lat' dir='ltr'><em>Absit!</em></span> 
     </span>
    </p>
   </div>
   <div class='ocr_carea' id='block_1_61' title="bbox 2145 3198 3796 3271">
    <p class='ocr_par' dir='ltr' id='par_1_61' title="bbox 2145 3198 3796 3271">
     <span class='ocr_line' id='line_1_61' title="bbox 2145 3198 3796 3271; baseline 0.002 -17"><span class='ocrx_word' id='word_1_456' title='bbox 2145 3201 2206 3256; x_wconf 89' lang='lat' dir='ltr'><em>Id</em></span> <span class='ocrx_word' id='word_1_457' title='bbox 2229 3216 2299 3254; x_wconf 88' lang='lat' dir='ltr'><em>ne</em></span> <span class='ocrx_word' id='word_1_458' title='bbox 2318 3201 2374 3254; x_wconf 90' lang='lat' dir='ltr'><em>in</em></span> <span class='ocrx_word' id='word_1_459' title='bbox 2410 3203 2664 3255; x_wconf 87' lang='lat' dir='ltr'><em>mentem</em></span> <span class='ocrx_word' id='word_1_460' title='bbox 2681 3198 2914 3270; x_wconf 89' lang='lat' dir='ltr'><em>quidem</em></span> <span class='ocrx_word' id='word_1_461' title='bbox 2943 3199 3133 3254; x_wconf 87' lang='lat' dir='ltr'><em>cadat.</em></span> <span class='ocrx_word' id='word_1_462' title='bbox 3150 3198 3378 3271; x_wconf 89' lang='lat' dir='ltr'><em>Sedilli,</em></span> <span class='ocrx_word' id='word_1_463' title='bbox 3401 3204 3468 3255; x_wconf 88' lang='lat' dir='ltr'><em>ut</em></span> <span class='ocrx_word' id='word_1_464' title='bbox 3496 3201 3796 3258; x_wconf 84' lang='lat' dir='ltr'><em>architecti</em></span> 
     </span>
    </p>
   </div>
   <div class='ocr_carea' id='block_1_62' title="bbox 2145 3287 3794 3362">
    <p class='ocr_par' dir='ltr' id='par_1_62' title="bbox 2145 3287 3794 3362">
     <span class='ocr_line' id='line_1_62' title="bbox 2145 3287 3794 3362; baseline 0.001 -17"><span class='ocrx_word' id='word_1_465' title='bbox 2145 3289 2312 3362; x_wconf 89' lang='lat' dir='ltr'><em>periti</em></span> <span class='ocrx_word' id='word_1_466' title='bbox 2345 3292 2402 3344; x_wconf 89' lang='lat' dir='ltr'><em>et</em></span> <span class='ocrx_word' id='word_1_467' title='bbox 2430 3288 2866 3360; x_wconf 85' lang='lat' dir='ltr'><em>dispensatores</em></span> <span class='ocrx_word' id='word_1_468' title='bbox 2914 3287 3328 3359; x_wconf 82' lang='lat' dir='ltr'><em>mysteriorum</em></span> <span class='ocrx_word' id='word_1_469' title='bbox 3359 3287 3482 3360; x_wconf 92' lang='lat' dir='ltr'><em>Dei,</em></span> <span class='ocrx_word' id='word_1_470' title='bbox 3512 3306 3626 3346; x_wconf 91' lang='lat' dir='ltr'><em>non</em></span> <span class='ocrx_word' id='word_1_471' title='bbox 3657 3291 3794 3347; x_wconf 90' lang='lat' dir='ltr'><em>abs-</em></span> 
     </span>
    </p>
   </div>
   <div class='ocr_carea' id='block_1_63' title="bbox 376 3369 2027 3458">
    <p class='ocr_par' dir='ltr' id='par_1_63' title="bbox 376 3369 2027 3452">
     <span class='ocr_line' id='line_1_63' title="bbox 376 3369 2027 3452; baseline 0.003 -27"><span class='ocrx_word' id='word_1_472' title='bbox 376 3372 536 3448; x_wconf 85' lang='grc' dir='ltr'><em>σοφοί</em></span> <span class='ocrx_word' id='word_1_473' title='bbox 582 3371 673 3426; x_wconf 80' lang='grc' dir='ltr'><em>καὶ</em></span> <span class='ocrx_word' id='word_1_474' title='bbox 719 3369 1000 3446; x_wconf 76' lang='grc' dir='ltr'>οἰκονόμοι</span> <span class='ocrx_word' id='word_1_475' title='bbox 1055 3375 1400 3452; x_wconf 88' lang='grc' dir='ltr'>μυστηρίωντ</span> <span class='ocrx_word' id='word_1_476' title='bbox 1452 3381 1513 3431; x_wconf 91' lang='grc' dir='ltr'><em>οῦ</em></span> <span class='ocrx_word' id='word_1_477' title='bbox 1563 3380 1673 3449; x_wconf 85' lang='grc'>(97)</span> <span class='ocrx_word' id='word_1_478' title='bbox 1723 3381 1877 3448; x_wconf 85' lang='grc' dir='ltr'>Θεοῦ,</span> <span class='ocrx_word' id='word_1_479' title='bbox 1936 3397 2027 3431; x_wconf 88' lang='grc' dir='ltr'>πε-</span> 
     </span>
    </p>
   </div>
   <div class='ocr_carea' id='block_1_64' title="bbox 2147 3369 3794 3458">
    <p class='ocr_par' dir='ltr' id='par_1_64' title="bbox 2147 3375 3794 3450">
     <span class='ocr_line' id='line_1_64' title="bbox 2147 3375 3794 3450; baseline 0.002 -17"><span class='ocrx_word' id='word_1_480' title='bbox 2147 3395 2257 3450; x_wconf 90' lang='lat' dir='ltr'><em>que</em></span> <span class='ocrx_word' id='word_1_481' title='bbox 2289 3377 2552 3450; x_wconf 88' lang='lat' dir='ltr'><em>legitima</em></span> <span class='ocrx_word' id='word_1_482' title='bbox 2590 3393 2786 3442; x_wconf 79' lang='lat' dir='ltr'><em>causa,</em></span> <span class='ocrx_word' id='word_1_483' title='bbox 2845 3392 2968 3432; x_wconf 90' lang='lat' dir='ltr'><em>rem</em></span> <span class='ocrx_word' id='word_1_484' title='bbox 3000 3375 3082 3430; x_wconf 86' lang='lat' dir='ltr'><em>ita</em></span> <span class='ocrx_word' id='word_1_485' title='bbox 3129 3380 3552 3448; x_wconf 85' lang='lat' dir='ltr'><em>temperarunt.</em></span> <span class='ocrx_word' id='word_1_486' title='bbox 3600 3379 3794 3436; x_wconf 72' lang='lat' dir='ltr'><em>Judaai</em></span> 
     </span>
    </p>
   </div>
   <div class='ocr_carea' id='block_1_65' title="bbox 375 3462 2029 3541">
    <p class='ocr_par' dir='ltr' id='par_1_65' title="bbox 375 3462 2029 3541">
     <span class='ocr_line' id='line_1_65' title="bbox 375 3462 2029 3541; baseline 0.003 -27"><span class='ocrx_word' id='word_1_487' title='bbox 375 3462 658 3530; x_wconf 74' lang='grc' dir='ltr'>ποιήκασι·</span> <span class='ocrx_word' id='word_1_488' title='bbox 717 3462 809 3517; x_wconf 85' lang='grc' dir='ltr'>καὶ</span> <span class='ocrx_word' id='word_1_489' title='bbox 867 3463 968 3532; x_wconf 77' lang='grc' dir='ltr'><em>τήν</em></span> <span class='ocrx_word' id='word_1_490' title='bbox 1029 3463 1201 3518; x_wconf 75' lang='grc' dir='ltr'>αἶ’τίαν</span> <span class='ocrx_word' id='word_1_491' title='bbox 1251 3462 1470 3540; x_wconf 78' lang='grc' dir='ltr'>ἔχουσιν</span> <span class='ocrx_word' id='word_1_492' title='bbox 1527 3463 1780 3541; x_wconf 76' lang='grc' dir='ltr'>εῦλογον·</span> <span class='ocrx_word' id='word_1_493' title='bbox 1844 3463 2029 3534; x_wconf 82' lang='grc' dir='ltr'>ἐπειδὴ</span> 
     </span>
    </p>
   </div>
   <div class='ocr_carea' id='block_1_66' title="bbox 373 3549 2032 3628">
    <p class='ocr_par' dir='ltr' id='par_1_66' title="bbox 373 3549 2032 3628">
     <span class='ocr_line' id='line_1_66' title="bbox 373 3549 2032 3628; baseline 0.004 -26"><span class='ocrx_word' id='word_1_494' title='bbox 373 3549 476 3624; x_wconf 81' lang='grc' dir='ltr'><em>γὰρ</em></span> <span class='ocrx_word' id='word_1_495' title='bbox 526 3550 578 3604; x_wconf 73' lang='grc' dir='ltr'>οἱ</span> <span class='ocrx_word' id='word_1_496' title='bbox 606 3549 730 3604; x_wconf 88' lang='grc' dir='ltr'>τότε</span> <span class='ocrx_word' id='word_1_497' title='bbox 773 3551 1050 3624; x_wconf 84' lang='grc' dir='ltr'>Ἰουδαῖοι,</span> <span class='ocrx_word' id='word_1_498' title='bbox 1101 3551 1465 3624; x_wconf 83' lang='grc' dir='ltr'>πλανηθέντες</span> <span class='ocrx_word' id='word_1_499' title='bbox 1509 3575 1568 3608; x_wconf 90' lang='grc' dir='ltr'><em>τε</em></span> <span class='ocrx_word' id='word_1_500' title='bbox 1616 3556 1724 3628; x_wconf 88' lang='grc'>(98)</span> <span class='ocrx_word' id='word_1_501' title='bbox 1773 3555 1862 3609; x_wconf 84' lang='grc' dir='ltr'>καὶ</span> <span class='ocrx_word' id='word_1_502' title='bbox 1892 3552 2032 3608; x_wconf 89' lang='grc' dir='ltr'>πλα-</span> 
     </span>
    </p>
   </div>
   <div class='ocr_carea' id='block_1_67' title="bbox 369 3638 2033 3720">
    <p class='ocr_par' dir='ltr' id='par_1_67' title="bbox 369 3638 2033 3720">
     <span class='ocr_line' id='line_1_67' title="bbox 369 3638 2033 3720; baseline 0.004 -29"><span class='ocrx_word' id='word_1_503' title='bbox 369 3640 628 3708; x_wconf 76' lang='grc' dir='ltr'>νήσαντες</span> <span class='ocrx_word' id='word_1_504' title='bbox 680 3638 982 3710; x_wconf 87' lang='grc' dir='ltr'>Ἕλληνας,</span> <span class='ocrx_word' id='word_1_505' title='bbox 1039 3641 1291 3716; x_wconf 85' lang='grc' dir='ltr'>ἐνόμιζον</span> <span class='ocrx_word' id='word_1_506' title='bbox 1334 3644 1426 3698; x_wconf 89' lang='grc' dir='ltr'><em>τὸν</em></span> <span class='ocrx_word' id='word_1_507' title='bbox 1476 3643 1702 3720; x_wconf 81' lang='grc' dir='ltr'>Χριστὸν</span> <span class='ocrx_word' id='word_1_508' title='bbox 1752 3641 1912 3717; x_wconf 83' lang='grc' dir='ltr'>ψιλὸν</span> <span class='ocrx_word' id='word_1_509' title='bbox 1947 3643 2033 3698; x_wconf 79' lang='grc' dir='ltr'>ἄν·</span> 
     </span>
    </p>
   </div>
   <div class='ocr_carea' id='block_1_68' title="bbox 373 3727 2035 3809">
    <p class='ocr_par' dir='ltr' id='par_1_68' title="bbox 373 3727 2035 3809">
     <span class='ocr_line' id='line_1_68' title="bbox 373 3727 2035 3809; baseline 0.002 -28"><span class='ocrx_word' id='word_1_510' title='bbox 373 3727 589 3802; x_wconf 81' lang='grc' dir='ltr'>θρωπον</span> <span class='ocrx_word' id='word_1_511' title='bbox 653 3729 840 3801; x_wconf 87' lang='grc' dir='ltr'>μόνον,</span> <span class='ocrx_word' id='word_1_512' title='bbox 893 3730 954 3785; x_wconf 84' lang='grc' dir='ltr'><em>ἐκ</em></span> <span class='ocrx_word' id='word_1_513' title='bbox 1014 3732 1324 3806; x_wconf 85' lang='grc' dir='ltr'>σπέρματος</span> <span class='ocrx_word' id='word_1_514' title='bbox 1381 3727 1547 3787; x_wconf 78' lang='grc' dir='ltr'>Δαϐὶδ</span> <span class='ocrx_word' id='word_1_515' title='bbox 1606 3731 1860 3809; x_wconf 78' lang='grc' dir='ltr'>ἔρχεσθαι</span> <span class='ocrx_word' id='word_1_516' title='bbox 1918 3731 2035 3785; x_wconf 81' lang='grc' dir='ltr'>καθ’</span> 
     </span>
    </p>
   </div>
   <div class='ocr_carea' id='block_1_69' title="bbox 374 3816 2030 3896">
    <p class='ocr_par' dir='ltr' id='par_1_69' title="bbox 374 3816 2030 3896">
     <span class='ocr_line' id='line_1_69' title="bbox 374 3816 2030 3896; baseline 0.002 -26"><span class='ocrx_word' id='word_1_517' title='bbox 374 3816 681 3888; x_wconf 76' lang='grc' dir='ltr'>ὁμοιότητα</span> <span class='ocrx_word' id='word_1_518' title='bbox 711 3822 818 3874; x_wconf 81' lang='grc' dir='ltr'><em>τῶν</em></span> <span class='ocrx_word' id='word_1_519' title='bbox 869 3817 929 3873; x_wconf 84' lang='grc' dir='ltr'><em>ἐκ</em></span> <span class='ocrx_word' id='word_1_520' title='bbox 976 3821 1090 3893; x_wconf 87' lang='grc'>(99)</span> <span class='ocrx_word' id='word_1_521' title='bbox 1135 3825 1232 3875; x_wconf 91' lang='grc' dir='ltr'><em>τοῦ</em></span> <span class='ocrx_word' id='word_1_522' title='bbox 1283 3816 1449 3875; x_wconf 76' lang='grc' dir='ltr'>Δαϐὶδ</span> <span class='ocrx_word' id='word_1_523' title='bbox 1493 3819 1679 3876; x_wconf 80' lang='grc' dir='ltr'>ἄλλων</span> <span class='ocrx_word' id='word_1_524' title='bbox 1722 3819 2030 3896; x_wconf 83' lang='grc' dir='ltr'>γενομένων</span> 
     </span>
    </p>
   </div>
   <div class='ocr_carea' id='block_1_70' title="bbox 370 3902 2033 3984">
    <p class='ocr_par' dir='ltr' id='par_1_70' title="bbox 370 3902 2033 3984">
     <span class='ocr_line' id='line_1_70' title="bbox 370 3902 2033 3984; baseline 0.002 -26"><span class='ocrx_word' id='word_1_525' title='bbox 370 3905 591 3960; x_wconf 86' lang='grc' dir='ltr'>τέκνων’</span> <span class='ocrx_word' id='word_1_526' title='bbox 645 3902 770 3962; x_wconf 70' lang='grc' dir='ltr'>οὕτε</span> <span class='ocrx_word' id='word_1_527' title='bbox 818 3904 876 3962; x_wconf 77' lang='grc' dir='ltr'>δὲ</span> <span class='ocrx_word' id='word_1_528' title='bbox 913 3908 1039 3964; x_wconf 85' lang='grc' dir='ltr'>Θεὸν</span> <span class='ocrx_word' id='word_1_529' title='bbox 1085 3908 1267 3977; x_wconf 77' lang='grc' dir='ltr'>αὐτὸν,</span> <span class='ocrx_word' id='word_1_530' title='bbox 1315 3907 1441 3964; x_wconf 77' lang='grc' dir='ltr'>οὐδὲ</span> <span class='ocrx_word' id='word_1_531' title='bbox 1491 3908 1572 3964; x_wconf 80' lang='grc' dir='ltr'><em>ὅτι</em></span> <span class='ocrx_word' id='word_1_532' title='bbox 1620 3911 1648 3964; x_wconf 88' lang='lat'><em>6</em></span> <span class='ocrx_word' id='word_1_533' title='bbox 1697 3910 1873 3984; x_wconf 83' lang='grc' dir='ltr'>Λόγος</span> <span class='ocrx_word' id='word_1_534' title='bbox 1906 3908 2033 3983; x_wconf 75' lang='grc' dir='ltr'>σὰρξ</span> 
     </span>
    </p>
   </div>
   <div class='ocr_carea' id='block_1_71' title="bbox 374 3993 2031 4072">
    <p class='ocr_par' dir='ltr' id='par_1_71' title="bbox 374 3993 2031 4072">
     <span class='ocr_line' id='line_1_71' title="bbox 374 3993 2031 4072; baseline 0.003 -24"><span class='ocrx_word' id='word_1_535' title='bbox 374 3993 578 4068; x_wconf 86' lang='grc' dir='ltr'>ἐγένετο</span> <span class='ocrx_word' id='word_1_536' title='bbox 630 3993 947 4051; x_wconf 78' lang='grc' dir='ltr'>ἐπίστευον·</span> <span class='ocrx_word' id='word_1_537' title='bbox 998 3999 1195 4052; x_wconf 87' lang='grc' dir='ltr'>τούτου</span> <span class='ocrx_word' id='word_1_538' title='bbox 1252 3994 1404 4054; x_wconf 69' lang='grc' dir='ltr'>ἕνεκα</span> <span class='ocrx_word' id='word_1_539' title='bbox 1466 4000 1598 4072; x_wconf 83' lang='grc' dir='ltr'>μετᾶ</span> <span class='ocrx_word' id='word_1_540' title='bbox 1655 3996 1877 4067; x_wconf 82' lang='grc' dir='ltr'>πολλῆς</span> <span class='ocrx_word' id='word_1_541' title='bbox 1931 4005 2031 4067; x_wconf 80' lang='grc' dir='ltr'><em>τῆς</em></span> 
     </span>
    </p>
   </div>
   <div class='ocr_carea' id='block_1_72' title="bbox 375 4083 2031 4161">
    <p class='ocr_par' dir='ltr' id='par_1_72' title="bbox 375 4083 2031 4161">
     <span class='ocr_line' id='line_1_72' title="bbox 375 4083 2031 4161; baseline 0.001 -25"><span class='ocrx_word' id='word_1_542' title='bbox 375 4083 638 4146; x_wconf 82' lang='grc' dir='ltr'>συνέσεως</span> <span class='ocrx_word' id='word_1_543' title='bbox 689 4083 742 4137; x_wconf 76' lang='grc' dir='ltr'>οἱ</span> <span class='ocrx_word' id='word_1_544' title='bbox 805 4085 1061 4156; x_wconf 82' lang='grc' dir='ltr'>μακάοιοι</span> <span class='ocrx_word' id='word_1_545' title='bbox 1121 4083 1419 4140; x_wconf 84' lang='grc' dir='ltr'>ἀπόστολοι</span> <span class='ocrx_word' id='word_1_546' title='bbox 1469 4086 1538 4140; x_wconf 80' lang='grc' dir='ltr'><em>τά</em></span> <span class='ocrx_word' id='word_1_547' title='bbox 1584 4085 1896 4161; x_wconf 84' lang='grc' dir='ltr'>ἀνθρώπινα</span> <span class='ocrx_word' id='word_1_548' title='bbox 1931 4088 2031 4138; x_wconf 90' lang='grc' dir='ltr'><em>τοῦ</em></span> 
     </span>
    </p>
   </div>
   <div class='ocr_carea' id='block_1_73' title="bbox 377 4171 2032 4249">
    <p class='ocr_par' dir='ltr' id='par_1_73' title="bbox 377 4171 2032 4249">
     <span class='ocr_line' id='line_1_73' title="bbox 377 4171 2032 4249; baseline 0.003 -24"><span class='ocrx_word' id='word_1_549' title='bbox 377 4177 639 4246; x_wconf 84' lang='grc' dir='ltr'>Σωτῆρος</span> <span class='ocrx_word' id='word_1_550' title='bbox 689 4177 910 4248; x_wconf 78' lang='grc' dir='ltr'>πρῶτον</span> <span class='ocrx_word' id='word_1_551' title='bbox 969 4172 1265 4249; x_wconf 80' lang='grc' dir='ltr'>ἐξηγοῦντο</span> <span class='ocrx_word' id='word_1_552' title='bbox 1318 4179 1436 4236; x_wconf 83' lang='grc' dir='ltr'>τοῖς</span> <span class='ocrx_word' id='word_1_553' title='bbox 1480 4171 1801 4244; x_wconf 80' lang='grc' dir='ltr'>Ἰουδαίοις,</span> <span class='ocrx_word' id='word_1_554' title='bbox 1837 4172 1906 4228; x_wconf 72' lang='grc' dir='ltr'>’ίν’</span> <span class='ocrx_word' id='word_1_555' title='bbox 1954 4176 2032 4247; x_wconf 89' lang='grc'>(1)</span> 
     </span>
    </p>
   </div>
   <div class='ocr_carea' id='block_1_74' title="bbox 373 4257 2032 4342">
    <p class='ocr_par' dir='ltr' id='par_1_74' title="bbox 373 4257 2032 4342">
     <span class='ocr_line' id='line_1_74' title="bbox 373 4257 2032 4342; baseline 0.001 -27"><span class='ocrx_word' id='word_1_556' title='bbox 373 4257 522 4324; x_wconf 79' lang='grc' dir='ltr'>ὅλως</span> <span class='ocrx_word' id='word_1_557' title='bbox 572 4261 854 4325; x_wconf 78' lang='grc' dir='ltr'>πείσαντες</span> <span class='ocrx_word' id='word_1_558' title='bbox 907 4262 1105 4325; x_wconf 77' lang='grc' dir='ltr'>αὐτοὺς</span> <span class='ocrx_word' id='word_1_559' title='bbox 1137 4261 1332 4319; x_wconf 78' lang='grc' dir='ltr'>ἐκτῶν</span> <span class='ocrx_word' id='word_1_560' title='bbox 1381 4265 1720 4342; x_wconf 80' lang='grc' dir='ltr'>φαινομένων</span> <span class='ocrx_word' id='word_1_561' title='bbox 1767 4263 1856 4318; x_wconf 84' lang='grc' dir='ltr'><em>καὶ</em></span> <span class='ocrx_word' id='word_1_562' title='bbox 1886 4283 2032 4339; x_wconf 89' lang='grc' dir='ltr'>γενο-</span> 
     </span>
    </p>
   </div>
   <div class='ocr_carea' id='block_1_75' title="bbox 2143 3465 3794 3540">
    <p class='ocr_par' dir='ltr' id='par_1_75' title="bbox 2143 3465 3794 3540">
     <span class='ocr_line' id='line_1_75' title="bbox 2143 3465 3794 3540; baseline 0.001 -17"><span class='ocrx_word' id='word_1_563' title='bbox 2143 3482 2401 3538; x_wconf 86' lang='lat' dir='ltr'><em>namque</em></span> <span class='ocrx_word' id='word_1_564' title='bbox 2431 3465 2590 3521; x_wconf 88' lang='lat' dir='ltr'><em>illius</em></span> <span class='ocrx_word' id='word_1_565' title='bbox 2617 3465 2920 3536; x_wconf 88' lang='lat' dir='ltr'><em>temporis,</em></span> <span class='ocrx_word' id='word_1_566' title='bbox 2953 3481 3088 3520; x_wconf 89' lang='lat' dir='ltr'><em>cum</em></span> <span class='ocrx_word' id='word_1_567' title='bbox 3119 3469 3380 3521; x_wconf 88' lang='lat' dir='ltr'><em>errarent</em></span> <span class='ocrx_word' id='word_1_568' title='bbox 3407 3471 3583 3540; x_wconf 87' lang='lat' dir='ltr'><em>atque</em></span> <span class='ocrx_word' id='word_1_569' title='bbox 3603 3468 3794 3525; x_wconf 88' lang='lat' dir='ltr'><em>ethni-</em></span> 
     </span>
    </p>
   </div>
   <div class='ocr_carea' id='block_1_76' title="bbox 2144 3553 3794 3619">
    <p class='ocr_par' dir='ltr' id='par_1_76' title="bbox 2144 3553 3794 3619">
     <span class='ocr_line' id='line_1_76' title="bbox 2144 3553 3794 3619; baseline 0.001 -7"><span class='ocrx_word' id='word_1_570' title='bbox 2144 3574 2242 3612; x_wconf 88' lang='lat' dir='ltr'><em>cos</em></span> <span class='ocrx_word' id='word_1_571' title='bbox 2273 3556 2332 3611; x_wconf 90' lang='lat' dir='ltr'><em>in</em></span> <span class='ocrx_word' id='word_1_572' title='bbox 2364 3571 2620 3612; x_wconf 90' lang='lat' dir='ltr'><em>errorem</em></span> <span class='ocrx_word' id='word_1_573' title='bbox 2653 3555 3017 3619; x_wconf 89' lang='lat' dir='ltr'><em>inducerent,</em></span> <span class='ocrx_word' id='word_1_574' title='bbox 3053 3553 3164 3608; x_wconf 89' lang='lat' dir='ltr'><em>rati</em></span> <span class='ocrx_word' id='word_1_575' title='bbox 3226 3555 3432 3611; x_wconf 89' lang='lat' dir='ltr'><em>Jesum</em></span> <span class='ocrx_word' id='word_1_576' title='bbox 3491 3556 3794 3614; x_wconf 87' lang='lat' dir='ltr'><em>hominem</em></span> 
     </span>
    </p>
   </div>
   <div class='ocr_carea' id='block_1_77' title="bbox 2144 3643 3797 3719">
    <p class='ocr_par' dir='ltr' id='par_1_77' title="bbox 2144 3643 3797 3719">
     <span class='ocr_line' id='line_1_77' title="bbox 2144 3643 3797 3719; baseline 0.002 -18"><span class='ocrx_word' id='word_1_577' title='bbox 2144 3647 2431 3701; x_wconf 83' lang='lat' dir='ltr'><em>duntaxat</em></span> <span class='ocrx_word' id='word_1_578' title='bbox 2461 3661 2606 3710; x_wconf 88' lang='lat' dir='ltr'><em>esse,</em></span> <span class='ocrx_word' id='word_1_579' title='bbox 2643 3661 2712 3700; x_wconf 86' lang='lat' dir='ltr'><em>ex</em></span> <span class='ocrx_word' id='word_1_580' title='bbox 2740 3643 2963 3700; x_wconf 88' lang='lat' dir='ltr'><em>semine</em></span> <span class='ocrx_word' id='word_1_581' title='bbox 2985 3643 3159 3698; x_wconf 89' lang='lat' dir='ltr'><em>David</em></span> <span class='ocrx_word' id='word_1_582' title='bbox 3184 3644 3522 3713; x_wconf 89' lang='lat' dir='ltr'><em>oriundum,</em></span> <span class='ocrx_word' id='word_1_583' title='bbox 3553 3647 3797 3719; x_wconf 82' lang='lat' dir='ltr'><em>perinde</em></span> 
     </span>
    </p>
   </div>
   <div class='ocr_carea' id='block_1_78' title="bbox 2145 3730 3797 3806">
    <p class='ocr_par' dir='ltr' id='par_1_78' title="bbox 2145 3730 3797 3806">
     <span class='ocr_line' id='line_1_78' title="bbox 2145 3730 3797 3806; baseline 0.001 -17"><span class='ocrx_word' id='word_1_584' title='bbox 2145 3751 2210 3789; x_wconf 90' lang='lat' dir='ltr'><em>ac</em></span> <span class='ocrx_word' id='word_1_585' title='bbox 2243 3737 2479 3789; x_wconf 62' lang='lat' dir='ltr'><em>cateros</em></span> <span class='ocrx_word' id='word_1_586' title='bbox 2508 3731 2741 3787; x_wconf 87' lang='lat' dir='ltr'><em>Davidis</em></span> <span class='ocrx_word' id='word_1_587' title='bbox 2770 3730 2944 3802; x_wconf 86' lang='lat' dir='ltr'><em>ﬁlios,</em></span> <span class='ocrx_word' id='word_1_588' title='bbox 2977 3746 3093 3786; x_wconf 93' lang='lat' dir='ltr'><em>non</em></span> <span class='ocrx_word' id='word_1_589' title='bbox 3131 3731 3316 3787; x_wconf 91' lang='lat' dir='ltr'><em>Deum</em></span> <span class='ocrx_word' id='word_1_590' title='bbox 3359 3731 3571 3802; x_wconf 90' lang='lat' dir='ltr'><em>illlum,</em></span> <span class='ocrx_word' id='word_1_591' title='bbox 3605 3748 3797 3806; x_wconf 86' lang='lat' dir='ltr'><em>neque</em></span> 
     </span>
    </p>
   </div>
   <div class='ocr_carea' id='block_1_79' title="bbox 2142 3819 3796 3894">
    <p class='ocr_par' dir='ltr' id='par_1_79' title="bbox 2142 3819 3796 3894">
     <span class='ocr_line' id='line_1_79' title="bbox 2142 3819 3796 3894; baseline 0.001 -18"><span class='ocrx_word' id='word_1_592' title='bbox 2142 3822 2403 3878; x_wconf 86' lang='lat' dir='ltr'><em>Verbum</em></span> <span class='ocrx_word' id='word_1_593' title='bbox 2453 3837 2685 3876; x_wconf 89' lang='lat' dir='ltr'><em>carnem</em></span> <span class='ocrx_word' id='word_1_594' title='bbox 2736 3819 2958 3875; x_wconf 88' lang='lat' dir='ltr'><em>factum</em></span> <span class='ocrx_word' id='word_1_595' title='bbox 2992 3835 3120 3874; x_wconf 87' lang='lat' dir='ltr'><em>esse</em></span> <span class='ocrx_word' id='word_1_596' title='bbox 3174 3819 3507 3876; x_wconf 88' lang='lat' dir='ltr'><em>credebant.</em></span> <span class='ocrx_word' id='word_1_597' title='bbox 3540 3821 3796 3894; x_wconf 86' lang='lat' dir='ltr'><em>Quapro-</em></span> 
     </span>
    </p>
   </div>
   <div class='ocr_carea' id='block_1_80' title="bbox 2142 3906 3791 3982">
    <p class='ocr_par' dir='ltr' id='par_1_80' title="bbox 2142 3906 3791 3982">
     <span class='ocr_line' id='line_1_80' title="bbox 2142 3906 3791 3982; baseline 0.002 -17"><span class='ocrx_word' id='word_1_598' title='bbox 2142 3914 2270 3982; x_wconf 89' lang='lat' dir='ltr'><em>pter</em></span> <span class='ocrx_word' id='word_1_599' title='bbox 2300 3909 2454 3965; x_wconf 85' lang='lat' dir='ltr'><em>beati</em></span> <span class='ocrx_word' id='word_1_600' title='bbox 2504 3906 2773 3980; x_wconf 85' lang='lat' dir='ltr'><em>apostoli,</em></span> <span class='ocrx_word' id='word_1_601' title='bbox 2825 3907 3096 3979; x_wconf 88' lang='lat' dir='ltr'><em>prudenti</em></span> <span class='ocrx_word' id='word_1_602' title='bbox 3151 3908 3468 3964; x_wconf 87' lang='lat' dir='ltr'><em>admodum</em></span> <span class='ocrx_word' id='word_1_603' title='bbox 3526 3909 3791 3980; x_wconf 89' lang='lat' dir='ltr'><em>consilio,</em></span> 
     </span>
    </p>
   </div>
   <div class='ocr_carea' id='block_1_81' title="bbox 2142 3996 3796 4071">
    <p class='ocr_par' dir='ltr' id='par_1_81' title="bbox 2142 3996 3796 4071">
     <span class='ocr_line' id='line_1_81' title="bbox 2142 3996 3796 4071; baseline 0.002 -17"><span class='ocrx_word' id='word_1_604' title='bbox 2142 4000 2399 4071; x_wconf 87' lang='lat' dir='ltr'><em>primum</em></span> <span class='ocrx_word' id='word_1_605' title='bbox 2446 3997 2707 4053; x_wconf 87' lang='lat' dir='ltr'><em>humana</em></span> <span class='ocrx_word' id='word_1_606' title='bbox 2751 3996 3065 4052; x_wconf 89' lang='lat' dir='ltr'><em>Salvatoris</em></span> <span class='ocrx_word' id='word_1_607' title='bbox 3105 3997 3325 4052; x_wconf 71' lang='lat' dir='ltr'><em>Judaais</em></span> <span class='ocrx_word' id='word_1_608' title='bbox 3373 4013 3669 4068; x_wconf 86' lang='lat' dir='ltr'><em>enarrave,</em></span> <span class='ocrx_word' id='word_1_609' title='bbox 3729 4003 3796 4057; x_wconf 88' lang='lat' dir='ltr'><em>ut</em></span> 
     </span>
    </p>
   </div>
   <div class='ocr_carea' id='block_1_82' title="bbox 2141 4084 3793 4159">
    <p class='ocr_par' dir='ltr' id='par_1_82' title="bbox 2141 4084 3793 4159">
     <span class='ocr_line' id='line_1_82' title="bbox 2141 4084 3793 4159; baseline 0 -14"><span class='ocrx_word' id='word_1_610' title='bbox 2141 4104 2260 4156; x_wconf 88' lang='lat' dir='ltr'><em>eos,</em></span> <span class='ocrx_word' id='word_1_611' title='bbox 2289 4105 2358 4143; x_wconf 86' lang='lat' dir='ltr'><em>ex</em></span> <span class='ocrx_word' id='word_1_612' title='bbox 2393 4086 2566 4142; x_wconf 88' lang='lat' dir='ltr'><em>editis</em></span> <span class='ocrx_word' id='word_1_613' title='bbox 2611 4085 3062 4157; x_wconf 85' lang='lat' dir='ltr'><em>conspicuisque</em></span> <span class='ocrx_word' id='word_1_614' title='bbox 3117 4084 3416 4142; x_wconf 86' lang='lat' dir='ltr'><em>miraculis</em></span> <span class='ocrx_word' id='word_1_615' title='bbox 3463 4087 3590 4159; x_wconf 90' lang='lat' dir='ltr'><em>jam</em></span> <span class='ocrx_word' id='word_1_616' title='bbox 3623 4087 3793 4146; x_wconf 81' lang='lat' dir='ltr'><em>adve-</em></span> 
     </span>
    </p>
   </div>
   <div class='ocr_carea' id='block_1_83' title="bbox 2141 4173 3791 4246">
    <p class='ocr_par' dir='ltr' id='par_1_83' title="bbox 2141 4173 3791 4246">
     <span class='ocr_line' id='line_1_83' title="bbox 2141 4173 3791 4246; baseline 0.002 -15"><span class='ocrx_word' id='word_1_617' title='bbox 2141 4176 2300 4233; x_wconf 89' lang='lat' dir='ltr'><em>nisse</em></span> <span class='ocrx_word' id='word_1_618' title='bbox 2314 4174 2611 4232; x_wconf 90' lang='lat' dir='ltr'><em>Christum</em></span> <span class='ocrx_word' id='word_1_619' title='bbox 2633 4173 2808 4246; x_wconf 84' lang='lat' dir='ltr'><em>plane</em></span> <span class='ocrx_word' id='word_1_620' title='bbox 2828 4189 3164 4246; x_wconf 79' lang='lat' dir='ltr'><em>persuasus,</em></span> <span class='ocrx_word' id='word_1_621' title='bbox 3184 4173 3322 4230; x_wconf 89' lang='lat' dir='ltr'><em>hinc</em></span> <span class='ocrx_word' id='word_1_622' title='bbox 3343 4174 3414 4231; x_wconf 87' lang='lat' dir='ltr'><em>ad</em></span> <span class='ocrx_word' id='word_1_623' title='bbox 3440 4176 3791 4234; x_wconf 85' lang='lat' dir='ltr'><em>credendam</em></span> 
     </span>
    </p>
   </div>
   <div class='ocr_carea' id='block_1_84' title="bbox 2140 4261 3793 4336">
    <p class='ocr_par' dir='ltr' id='par_1_84' title="bbox 2140 4261 3793 4336">
     <span class='ocr_line' id='line_1_84' title="bbox 2140 4261 3793 4336; baseline 0.001 -15"><span class='ocrx_word' id='word_1_624' title='bbox 2140 4266 2272 4336; x_wconf 89' lang='lat' dir='ltr'><em>ejus</em></span> <span class='ocrx_word' id='word_1_625' title='bbox 2304 4263 2667 4320; x_wconf 89' lang='lat' dir='ltr'><em>divinitatem</em></span> <span class='ocrx_word' id='word_1_626' title='bbox 2698 4261 3073 4328; x_wconf 87' lang='lat' dir='ltr'><em>deducerent,</em></span> <span class='ocrx_word' id='word_1_627' title='bbox 3106 4262 3586 4334; x_wconf 85' lang='lat' dir='ltr'><em>demonstrando,</em></span> <span class='ocrx_word' id='word_1_628' title='bbox 3616 4280 3793 4336; x_wconf 87' lang='lat' dir='ltr'><em>opera</em></span> 
     </span>
    </p>
   </div>
   <div class='ocr_carea' id='block_1_85' title="bbox 442 4457 2027 4531">
    <p class='ocr_par' dir='ltr' id='par_1_85' title="bbox 442 4457 2024 4531">
     <span class='ocr_line' id='line_1_85' title="bbox 442 4457 2024 4531; baseline 0.001 -16"><span class='ocrx_word' id='word_1_629' title='bbox 442 4457 490 4494; x_wconf 80' lang='grc'><em>²⁰</em></span> <span class='ocrx_word' id='word_1_630' title='bbox 514 4459 640 4515; x_wconf 91' lang='lat' dir='ltr'><em>Act.</em></span> <span class='ocrx_word' id='word_1_631' title='bbox 677 4475 742 4530; x_wconf 83' lang='grc' dir='ltr'><em>ιι,</em></span> <span class='ocrx_word' id='word_1_632' title='bbox 771 4461 865 4529; x_wconf 88' lang='lat'><em>22,</em></span> <span class='ocrx_word' id='word_1_633' title='bbox 897 4460 988 4515; x_wconf 88' lang='lat'><em>23.</em></span> <span class='ocrx_word' id='word_1_634' title='bbox 1067 4460 1113 4495; x_wconf 79' lang='grc' dir='ltr'><em>³ο</em></span> <span class='ocrx_word' id='word_1_635' title='bbox 1133 4463 1260 4516; x_wconf 85' lang='lat' dir='ltr'><em>Act.</em></span> <span class='ocrx_word' id='word_1_636' title='bbox 1291 4477 1363 4516; x_wconf 82' lang='lat' dir='ltr'><em>Iv.</em></span> <span class='ocrx_word' id='word_1_637' title='bbox 1398 4460 1485 4515; x_wconf 90' lang='grc'><em>10.</em></span> <span class='ocrx_word' id='word_1_638' title='bbox 1561 4461 1606 4496; x_wconf 82' lang='grc' dir='ltr'><em>³ί</em></span> <span class='ocrx_word' id='word_1_639' title='bbox 1627 4461 1753 4516; x_wconf 87' lang='lat' dir='ltr'><em>Act.</em></span> <span class='ocrx_word' id='word_1_640' title='bbox 1785 4476 1909 4529; x_wconf 85' lang='lat' dir='ltr'><em>xm,</em></span> <span class='ocrx_word' id='word_1_641' title='bbox 1931 4460 2024 4531; x_wconf 83' lang='lat'><em>22,</em></span> 
     </span>
    </p>
   </div>
   <div class='ocr_carea' id='block_1_86' title="bbox 2147 4457 3392 4531">
    <p class='ocr_par' dir='ltr' id='par_1_86' title="bbox 2147 4457 3392 4530">
     <span class='ocr_line' id='line_1_86' title="bbox 2147 4457 3392 4530; baseline -0.002 -15"><span class='ocrx_word' id='word_1_642' title='bbox 2147 4503 2154 4515; x_wconf 87' lang='lat'><em>.</em></span> <span class='ocrx_word' id='word_1_643' title='bbox 2232 4461 2278 4496; x_wconf 68' lang='grc'><em>³³</em></span> <span class='ocrx_word' id='word_1_644' title='bbox 2309 4463 2437 4516; x_wconf 86' lang='lat' dir='ltr'><em>Act.</em></span> <span class='ocrx_word' id='word_1_645' title='bbox 2467 4475 2608 4516; x_wconf 79' lang='lat' dir='ltr'><em>xvu.</em></span> <span class='ocrx_word' id='word_1_646' title='bbox 2639 4458 2730 4528; x_wconf 92' lang='lat'><em>30,</em></span> <span class='ocrx_word' id='word_1_647' title='bbox 2769 4457 2859 4513; x_wconf 86' lang='grc'><strong>31.</strong></span> <span class='ocrx_word' id='word_1_648' title='bbox 2937 4458 2983 4492; x_wconf 79' lang='grc'><em>³³</em></span> <span class='ocrx_word' id='word_1_649' title='bbox 3011 4459 3140 4515; x_wconf 82' lang='lat' dir='ltr'><em>Act.</em></span> <span class='ocrx_word' id='word_1_650' title='bbox 3171 4475 3270 4530; x_wconf 84' lang='lat' dir='ltr'><em>vn,</em></span> <span class='ocrx_word' id='word_1_651' title='bbox 3301 4458 3392 4514; x_wconf 88' lang='lat'><em>55.</em></span> 
     </span>
    </p>
   </div>
   <div class='ocr_carea' id='block_1_87' title="bbox 434 4670 2097 4745">
    <p class='ocr_par' dir='ltr' id='par_1_87' title="bbox 434 4670 2097 4745">
     <span class='ocr_line' id='line_1_87' title="bbox 434 4670 2097 4745; baseline 0.002 -20"><span class='ocrx_word' id='word_1_652' title='bbox 434 4671 554 4745; x_wconf 84' lang='lat'>(89)</span> <span class='ocrx_word' id='word_1_653' title='bbox 584 4674 689 4726; x_wconf 89' lang='grc' dir='ltr'>Τοῦ</span> <span class='ocrx_word' id='word_1_654' title='bbox 749 4672 810 4745; x_wconf 86' lang='lat' dir='ltr'><em>in</em></span> <span class='ocrx_word' id='word_1_655' title='bbox 854 4672 1043 4745; x_wconf 80' lang='lat' dir='ltr'><em>editis</em></span> <span class='ocrx_word' id='word_1_656' title='bbox 1083 4672 1487 4745; x_wconf 85' lang='lat' dir='ltr'><em>desideratur:</em></span> <span class='ocrx_word' id='word_1_657' title='bbox 1550 4673 1650 4745; x_wconf 87' lang='lat' dir='ltr'><em>sed</em></span> <span class='ocrx_word' id='word_1_658' title='bbox 1686 4670 1904 4744; x_wconf 85' lang='lat' dir='ltr'><em>legitur</em></span> <span class='ocrx_word' id='word_1_659' title='bbox 1959 4673 2018 4728; x_wconf 88' lang='lat' dir='ltr'><em>in</em></span> <span class='ocrx_word' id='word_1_660' title='bbox 2050 4680 2097 4745; x_wconf 85' lang='grc' dir='ltr'>Ι)</span> 
     </span>
    </p>
   </div>
   <div class='ocr_carea' id='block_1_88' title="bbox 372 4743 2017 4815">
    <p class='ocr_par' dir='ltr' id='par_1_88' title="bbox 372 4743 2017 4815">
     <span class='ocr_line' id='line_1_88' title="bbox 372 4743 2017 4815; baseline 0.001 -18"><span class='ocrx_word' id='word_1_661' title='bbox 372 4743 650 4815; x_wconf 85' lang='lat' dir='ltr'><em>omnibus</em></span> <span class='ocrx_word' id='word_1_662' title='bbox 682 4744 983 4801; x_wconf 91' lang='lat' dir='ltr'><em>codicibus</em></span> <span class='ocrx_word' id='word_1_663' title='bbox 1013 4748 1072 4801; x_wconf 87' lang='lat' dir='ltr'><em>et</em></span> <span class='ocrx_word' id='word_1_664' title='bbox 1118 4745 1178 4800; x_wconf 93' lang='lat' dir='ltr'><em>in</em></span> <span class='ocrx_word' id='word_1_665' title='bbox 1229 4744 1424 4801; x_wconf 65' lang='lat' dir='ltr'><em>Graco</em></span> <span class='ocrx_word' id='word_1_666' title='bbox 1473 4743 1787 4815; x_wconf 69' lang='lat' dir='ltr'><em>Scripturzie</em></span> <span class='ocrx_word' id='word_1_667' title='bbox 1836 4747 2017 4800; x_wconf 87' lang='lat' dir='ltr'><em>textu.</em></span> 
     </span>
    </p>
   </div>
   <div class='ocr_carea' id='block_1_89' title="bbox 371 4814 2015 4889">
    <p class='ocr_par' dir='ltr' id='par_1_89' title="bbox 371 4814 2015 4889">
     <span class='ocr_line' id='line_1_89' title="bbox 371 4814 2015 4889; baseline 0.003 -20"><span class='ocrx_word' id='word_1_668' title='bbox 371 4814 594 4889; x_wconf 67' lang='lat' dir='ltr'><em>Ibidem</em></span> <span class='ocrx_word' id='word_1_669' title='bbox 625 4816 866 4889; x_wconf 81' lang='lat' dir='ltr'><em>Taurin.</em></span> <span class='ocrx_word' id='word_1_670' title='bbox 926 4817 1054 4889; x_wconf 77' lang='lat' dir='ltr'><em>Jes.</em></span> <span class='ocrx_word' id='word_1_671' title='bbox 1097 4817 1432 4889; x_wconf 31' lang='lat' dir='ltr'><em>etAGrzscus</em></span> <span class='ocrx_word' id='word_1_672' title='bbox 1455 4814 1766 4889; x_wconf 67' lang='lat' dir='ltr'><em>Scriptura</em></span> <span class='ocrx_word' id='word_1_673' title='bbox 1800 4820 2015 4882; x_wconf 83' lang='lat' dir='ltr'><em>textus,</em></span> 
     </span>
    </p>
   </div>
   <div class='ocr_carea' id='block_1_90' title="bbox 375 4881 1487 5012">
    <p class='ocr_par' dir='ltr' id='par_1_90' title="bbox 375 4881 1487 5012">
     <span class='ocr_line' id='line_1_90' title="bbox 375 4881 1487 4962; baseline 0.004 -24"><span class='ocrx_word' id='word_1_674' title='bbox 375 4881 464 4938; x_wconf 78' lang='grc' dir='ltr'><em>διὰ</em></span> <span class='ocrx_word' id='word_1_675' title='bbox 537 4905 580 4938; x_wconf 89' lang='grc' dir='ltr'><em>ει</em></span> <span class='ocrx_word' id='word_1_676' title='bbox 622 4889 718 4954; x_wconf 81' lang='grc' dir='ltr'><em>ῶν,</em></span> <span class='ocrx_word' id='word_1_677' title='bbox 751 4887 849 4943; x_wconf 87' lang='lat' dir='ltr'><em>alii</em></span> <span class='ocrx_word' id='word_1_678' title='bbox 881 4893 940 4944; x_wconf 91' lang='lat' dir='ltr'><em>et</em></span> <span class='ocrx_word' id='word_1_679' title='bbox 968 4887 1131 4956; x_wconf 89' lang='lat' dir='ltr'><em>editi,</em></span> <span class='ocrx_word' id='word_1_680' title='bbox 1159 4884 1248 4940; x_wconf 77' lang='grc' dir='ltr'><em>διὰ</em></span> <span class='ocrx_word' id='word_1_681' title='bbox 1277 4906 1365 4962; x_wconf 86' lang='grc' dir='ltr'><em>χει</em></span> <span class='ocrx_word' id='word_1_682' title='bbox 1407 4886 1487 4947; x_wconf 89' lang='grc' dir='ltr'>ός.</span> 
     </span>
     <span class='ocr_line' id='line_1_91' title="bbox 444 4903 1469 5012; baseline 0 0"><span class='ocrx_word' id='word_1_683' title='bbox 444 4903 558 5012; x_wconf 55' lang='grc' dir='ltr'>(ὦ)</span> <span class='ocrx_word' id='word_1_684' title='bbox 588 4904 831 5012; x_wconf 69' lang='lat' dir='ltr'><em>ETaurin.</em></span> <span class='ocrx_word' id='word_1_685' title='bbox 865 4964 921 5012; x_wconf 83' lang='lat' dir='ltr'><em>et</em></span> <span class='ocrx_word' id='word_1_686' title='bbox 952 4961 1044 5012; x_wconf 85' lang='lat' dir='ltr'><em>Fr.</em></span> <span class='ocrx_word' id='word_1_687' title='bbox 1080 4961 1131 5012; x_wconf 92' lang='grc'><em>1.</em></span> <span class='ocrx_word' id='word_1_688' title='bbox 1165 4906 1469 5012; x_wconf 65' lang='grc' dir='ltr'>ΙΙισσιδίὸις.</span> 
     </span>
    </p>
   </div>
   <div class='ocr_carea' id='block_1_91' title="bbox 643 4955 1469 5030">
    <p class='ocr_par' dir='ltr' id='par_1_91' title="bbox 643 4955 1469 5030">
     <span class='ocr_line' id='line_1_92' title="bbox 643 4955 1469 5030; baseline 0.001 -18"><span class='ocrx_word' id='word_1_689' title='bbox 643 4959 831 5030; x_wconf 79' lang='lat' dir='ltr'><em>aurin,</em></span> <span class='ocrx_word' id='word_1_690' title='bbox 865 4964 921 5014; x_wconf 86' lang='lat' dir='ltr'><em>et</em></span> <span class='ocrx_word' id='word_1_691' title='bbox 952 4961 1044 5016; x_wconf 88' lang='lat' dir='ltr'><em>Fr.</em></span> <span class='ocrx_word' id='word_1_692' title='bbox 1080 4955 1131 5023; x_wconf 79' lang='lat'><em>1,</em></span> <span class='ocrx_word' id='word_1_693' title='bbox 1165 4955 1469 5019; x_wconf 71' lang='grc' dir='ltr'>ῙΙισσὶδίας.</span> 
     </span>
    </p>
   </div>
   <div class='ocr_carea' id='block_1_92' title="bbox 443 4957 2016 5105">
    <p class='ocr_par' dir='ltr' id='par_1_92' title="bbox 443 4957 2016 5105">
     <span class='ocr_line' id='line_1_93' title="bbox 465 4957 1469 5023; baseline 0.002 -12"><span class='ocrx_word' id='word_1_694' title='bbox 465 4957 536 5011; x_wconf 88' lang='grc'>90</span> <span class='ocrx_word' id='word_1_695' title='bbox 589 4957 808 5014; x_wconf 87' lang='lat' dir='ltr'><em>Taurin</em></span> <span class='ocrx_word' id='word_1_696' title='bbox 865 4964 921 5014; x_wconf 86' lang='lat' dir='ltr'><em>et</em></span> <span class='ocrx_word' id='word_1_697' title='bbox 952 4961 1044 5016; x_wconf 88' lang='lat' dir='ltr'><em>Fr.</em></span> <span class='ocrx_word' id='word_1_698' title='bbox 1080 4961 1131 5023; x_wconf 81' lang='grc'><em>1,</em></span> <span class='ocrx_word' id='word_1_699' title='bbox 1165 4957 1469 5019; x_wconf 76' lang='grc' dir='ltr'>ῙΙισσὶδίας.</span> 
     </span>
     <span class='ocr_line' id='line_1_94' title="bbox 443 4957 2016 5105; baseline 0.001 -22"><span class='ocrx_word' id='word_1_700' title='bbox 443 4957 558 5105; x_wconf 59' lang='lat'>(91)</span> <span class='ocrx_word' id='word_1_701' title='bbox 590 5025 796 5105; x_wconf 72' lang='grc' dir='ltr'>’Ἄνδρα</span> <span class='ocrx_word' id='word_1_702' title='bbox 816 5005 1063 5105; x_wconf 64' lang='grc' dir='ltr'>ᾍοεςειίρ</span> <span class='ocrx_word' id='word_1_703' title='bbox 1084 5031 1323 5105; x_wconf 80' lang='lat' dir='ltr'><em>Taurin.</em></span> <span class='ocrx_word' id='word_1_704' title='bbox 1357 5030 1517 5105; x_wconf 88' lang='lat' dir='ltr'><em>Colb.</em></span> <span class='ocrx_word' id='word_1_705' title='bbox 1539 5030 1658 5105; x_wconf 30' lang='lat' dir='ltr'><em>J‘es.</em></span> <span class='ocrx_word' id='word_1_706' title='bbox 1693 5029 1804 5105; x_wconf 87' lang='lat' dir='ltr'><em>Sed</em></span> <span class='ocrx_word' id='word_1_707' title='bbox 1830 5028 1890 5105; x_wconf 85' lang='lat' dir='ltr'><em>in</em></span> <span class='ocrx_word' id='word_1_708' title='bbox 1923 5045 2016 5084; x_wconf 83' lang='lat' dir='ltr'><em>re-</em></span> 
     </span>
    </p>
   </div>
   <div class='ocr_carea' id='block_1_93' title="bbox 369 5100 2020 5171">
    <p class='ocr_par' dir='ltr' id='par_1_93' title="bbox 369 5100 2020 5171">
     <span class='ocr_line' id='line_1_95' title="bbox 369 5100 2020 5171; baseline -0.001 -16"><span class='ocrx_word' id='word_1_709' title='bbox 369 5100 549 5171; x_wconf 75' lang='lat' dir='ltr'><em>liqUis</em></span> <span class='ocrx_word' id='word_1_710' title='bbox 581 5100 750 5167; x_wconf 67' lang='lat' dir='ltr'><em>mss.&#39;,</em></span> <span class='ocrx_word' id='word_1_711' title='bbox 781 5103 842 5157; x_wconf 91' lang='lat' dir='ltr'><em>in</em></span> <span class='ocrx_word' id='word_1_712' title='bbox 872 5103 1148 5158; x_wconf 90' lang='lat' dir='ltr'><em>omnibus</em></span> <span class='ocrx_word' id='word_1_713' title='bbox 1169 5102 1364 5171; x_wconf 85' lang='lat' dir='ltr'><em>editis,</em></span> <span class='ocrx_word' id='word_1_714' title='bbox 1393 5107 1449 5158; x_wconf 88' lang='lat' dir='ltr'><em>et</em></span> <span class='ocrx_word' id='word_1_715' title='bbox 1468 5103 1528 5156; x_wconf 91' lang='lat' dir='ltr'><em>in</em></span> <span class='ocrx_word' id='word_1_716' title='bbox 1551 5102 1745 5158; x_wconf 62' lang='lat' dir='ltr'><em>Graec</em></span> <span class='ocrx_word' id='word_1_717' title='bbox 1766 5101 2020 5171; x_wconf 84' lang='lat' dir='ltr'><em>Scriptu-</em></span> 
     </span>
    </p>
   </div>
   <div class='ocr_carea' id='block_1_94' title="bbox 369 5170 2014 5230">
    <p class='ocr_par' dir='ltr' id='par_1_94' title="bbox 369 5170 2014 5230">
     <span class='ocr_line' id='line_1_96' title="bbox 369 5170 2014 5230; baseline -0.002 -2"><span class='ocrx_word' id='word_1_718' title='bbox 369 5170 445 5228; x_wconf 69' lang='lat' dir='ltr'><em>rai</em></span> <span class='ocrx_word' id='word_1_719' title='bbox 475 5176 635 5228; x_wconf 84' lang='lat' dir='ltr'><em>textu</em></span> <span class='ocrx_word' id='word_1_720' title='bbox 669 5173 941 5230; x_wconf 87' lang='lat' dir='ltr'><em>habetur.</em></span> <span class='ocrx_word' id='word_1_721' title='bbox 975 5178 1102 5230; x_wconf 82' lang='lat' dir='ltr'><em>Mox</em></span> <span class='ocrx_word' id='word_1_722' title='bbox 1151 5170 1323 5228; x_wconf 82' lang='grc' dir='ltr'>πάντα</span> <span class='ocrx_word' id='word_1_723' title='bbox 1367 5174 1427 5229; x_wconf 91' lang='lat' dir='ltr'><em>in</em></span> <span class='ocrx_word' id='word_1_724' title='bbox 1482 5174 1721 5229; x_wconf 90' lang='lat' dir='ltr'><em>Taurin.</em></span> <span class='ocrx_word' id='word_1_725' title='bbox 1752 5172 1872 5227; x_wconf 89' lang='lat' dir='ltr'><em>Jes.</em></span> <span class='ocrx_word' id='word_1_726' title='bbox 1895 5170 2014 5227; x_wconf 30' lang='lat' dir='ltr'><em>’Fr.</em></span> 
     </span>
    </p>
   </div>
   <div class='ocr_carea' id='block_1_95' title="bbox 370 5243 2017 5328">
    <p class='ocr_par' dir='ltr' id='par_1_95' title="bbox 370 5243 2017 5328">
     <span class='ocr_line' id='line_1_97' title="bbox 370 5243 2017 5328; baseline -0.001 -28"><span class='ocrx_word' id='word_1_727' title='bbox 370 5246 395 5300; x_wconf 93' lang='grc'><strong>1</strong></span> <span class='ocrx_word' id='word_1_728' title='bbox 433 5248 490 5300; x_wconf 89' lang='lat' dir='ltr'><em>et</em></span> <span class='ocrx_word' id='word_1_729' title='bbox 520 5245 588 5328; x_wconf 34' lang='lat' dir='ltr'><em>in.</em></span> <span class='ocrx_word' id='word_1_730' title='bbox 629 5244 852 5328; x_wconf 50' lang='lat' dir='ltr'><em>Graeco</em></span> <span class='ocrx_word' id='word_1_731' title='bbox 878 5246 1094 5328; x_wconf 73' lang='lat' dir='ltr'><em>script.</em></span> <span class='ocrx_word' id='word_1_732' title='bbox 1129 5249 1289 5328; x_wconf 79' lang='lat' dir='ltr'><em>textu</em></span> <span class='ocrx_word' id='word_1_733' title='bbox 1339 5245 1591 5318; x_wconf 87' lang='lat' dir='ltr'><em>legitur:</em></span> <span class='ocrx_word' id='word_1_734' title='bbox 1655 5245 1715 5299; x_wconf 92' lang='lat' dir='ltr'><em>in</em></span> <span class='ocrx_word' id='word_1_735' title='bbox 1775 5243 2017 5316; x_wconf 89' lang='lat' dir='ltr'><em>reliquis</em></span> 
     </span>
    </p>
   </div>
   <div class='ocr_carea' id='block_1_96' title="bbox 369 5316 1303 5382">
    <p class='ocr_par' dir='ltr' id='par_1_96' title="bbox 369 5316 1303 5382">
     <span class='ocr_line' id='line_1_98' title="bbox 369 5316 1303 5382; baseline -0.002 -8"><span class='ocrx_word' id='word_1_736' title='bbox 369 5333 516 5382; x_wconf 88' lang='lat' dir='ltr'><em>mss,</em></span> <span class='ocrx_word' id='word_1_737' title='bbox 539 5319 596 5373; x_wconf 87' lang='lat' dir='ltr'><em>et</em></span> <span class='ocrx_word' id='word_1_738' title='bbox 626 5316 686 5372; x_wconf 86' lang='lat' dir='ltr'><em>in</em></span> <span class='ocrx_word' id='word_1_739' title='bbox 713 5316 887 5373; x_wconf 88' lang='lat' dir='ltr'><em>editi</em></span> <span class='ocrx_word' id='word_1_740' title='bbox 917 5316 1303 5373; x_wconf 73' lang='lat' dir='ltr'><em>desideratur.</em></span> 
     </span>
    </p>
   </div>
   <div class='ocr_carea' id='block_1_97' title="bbox 433 5386 2015 5460">
    <p class='ocr_par' dir='ltr' id='par_1_97' title="bbox 433 5386 2015 5460">
     <span class='ocr_line' id='line_1_99' title="bbox 433 5386 2015 5460; baseline -0.002 -17"><span class='ocrx_word' id='word_1_741' title='bbox 433 5387 552 5460; x_wconf 71' lang='grc'>(62)</span> <span class='ocrx_word' id='word_1_742' title='bbox 581 5388 672 5460; x_wconf 83' lang='lat' dir='ltr'><em>Sic</em></span> <span class='ocrx_word' id='word_1_743' title='bbox 702 5405 907 5460; x_wconf 80' lang='lat' dir='ltr'><em>omnes</em></span> <span class='ocrx_word' id='word_1_744' title='bbox 933 5388 1073 5446; x_wconf 89' lang='lat' dir='ltr'><em>editi</em></span> <span class='ocrx_word' id='word_1_745' title='bbox 1103 5393 1161 5445; x_wconf 87' lang='lat' dir='ltr'><em>et</em></span> <span class='ocrx_word' id='word_1_746' title='bbox 1187 5389 1421 5460; x_wconf 63' lang='lat' dir='ltr'><em>Graecus</em></span> <span class='ocrx_word' id='word_1_747' title='bbox 1458 5386 1770 5460; x_wconf 65' lang='lat' dir='ltr'><em>Scriptura;</em></span> <span class='ocrx_word' id='word_1_748' title='bbox 1799 5389 2015 5460; x_wconf 54' lang='lat' dir='ltr'><em>tentus.</em></span> 
     </span>
    </p>
   </div>
   <div class='ocr_carea' id='block_1_98' title="bbox 369 5454 2018 5534">
    <p class='ocr_par' dir='ltr' id='par_1_98' title="bbox 369 5454 2018 5534">
     <span class='ocr_line' id='line_1_100' title="bbox 369 5454 2018 5534; baseline -0.002 -21"><span class='ocrx_word' id='word_1_749' title='bbox 369 5454 1220 5534; x_wconf 23' lang='grc' dir='ltr'><em>ξὶθέςξἀπαγγῖέλλειηΤθιᾳΓὶηε</em></span> <span class='ocrx_word' id='word_1_750' title='bbox 1271 5459 1428 5534; x_wconf 66' lang='lat' dir='ltr'><em>Qolb.</em></span> <span class='ocrx_word' id='word_1_751' title='bbox 1473 5454 2018 5534; x_wconf 44' lang='lat' dir='ltr'><em>J8§:,~é1taXY_é)\)\€_L.</em></span> 
     </span>
    </p>
   </div>
   <div class='ocr_carea' id='block_1_99' title="bbox 373 5529 2019 5605">
    <p class='ocr_par' dir='ltr' id='par_1_99' title="bbox 373 5529 2019 5605">
     <span class='ocr_line' id='line_1_101' title="bbox 373 5529 2019 5605; baseline -0.001 -19"><span class='ocrx_word' id='word_1_752' title='bbox 373 5529 548 5605; x_wconf 71' lang='lat' dir='ltr'><em>Paulo</em></span> <span class='ocrx_word' id='word_1_753' title='bbox 577 5529 713 5605; x_wconf 81' lang='lat' dir='ltr'><em>post</em></span> <span class='ocrx_word' id='word_1_754' title='bbox 733 5529 882 5605; x_wconf 73' lang='lat' dir='ltr'><em>Reg.</em></span> <span class='ocrx_word' id='word_1_755' title='bbox 917 5531 1157 5588; x_wconf 88' lang='lat' dir='ltr'><em>Taurin.</em></span> <span class='ocrx_word' id='word_1_756' title='bbox 1191 5531 1349 5588; x_wconf 90' lang='lat' dir='ltr'><em>Colb.</em></span> <span class='ocrx_word' id='word_1_757' title='bbox 1380 5532 1525 5603; x_wconf 88' lang='lat' dir='ltr'><em>Jes.,</em></span> <span class='ocrx_word' id='word_1_758' title='bbox 1554 5530 1605 5584; x_wconf 82' lang='grc' dir='ltr'><em>ἐν</em></span> <span class='ocrx_word' id='word_1_759' title='bbox 1627 5529 1664 5603; x_wconf 74' lang='grc' dir='ltr'>ᾗ</span> <span class='ocrx_word' id='word_1_760' title='bbox 1717 5529 1908 5602; x_wconf 87' lang='grc' dir='ltr'>μέλλει</span> <span class='ocrx_word' id='word_1_761' title='bbox 1956 5529 2019 5584; x_wconf 87' lang='lat' dir='ltr'><em>In</em></span> 
     </span>
    </p>
   </div>
   <div class='ocr_carea' id='block_1_100' title="bbox 370 5549 1068 5660">
    <p class='ocr_par' dir='ltr' id='par_1_100' title="bbox 370 5549 1068 5660">
     <span class='ocr_line' id='line_1_102' title="bbox 373 5549 1068 5655; baseline 0.001 -69"><span class='ocrx_word' id='word_1_762' title='bbox 373 5549 548 5586; x_wconf 78' lang='lat' dir='ltr'><em>rauio</em></span> <span class='ocrx_word' id='word_1_763' title='bbox 575 5549 713 5655; x_wconf 61' lang='lat'><em>£081.</em></span> <span class='ocrx_word' id='word_1_764' title='bbox 745 5549 882 5605; x_wconf 75' lang='lat' dir='ltr'><em>neg.</em></span> <span class='ocrx_word' id='word_1_765' title='bbox 917 5549 1068 5588; x_wconf 67' lang='lat' dir='ltr'><em>Iaur</em></span> 
     </span>
     <span class='ocr_line' id='line_1_103' title="bbox 370 5600 1068 5660; baseline -0.001 -3"><span class='ocrx_word' id='word_1_766' title='bbox 370 5600 545 5657; x_wconf 88' lang='lat' dir='ltr'><em>editis</em></span> <span class='ocrx_word' id='word_1_767' title='bbox 599 5622 626 5653; x_wconf 93' lang='grc' dir='ltr'><em>ν</em></span> <span class='ocrx_word' id='word_1_768' title='bbox 671 5605 852 5660; x_wconf 86' lang='lat' dir='ltr'><em>deest.</em></span> <span class='ocrx_word' id='word_1_769' title='bbox 1065 5654 1068 5656; x_wconf 93' lang='lat'><em>_</em></span> 
     </span>
    </p>
   </div>
   <div class='ocr_carea' id='block_1_101' title="bbox 442 5667 2020 5750">
    <p class='ocr_par' dir='ltr' id='par_1_101' title="bbox 442 5667 2020 5750">
     <span class='ocr_line' id='line_1_104' title="bbox 442 5667 2020 5750; baseline -0.015 -4"><span class='ocrx_word' id='word_1_770' title='bbox 442 5671 556 5750; x_wconf 75' lang='grc'>(93)</span> <span class='ocrx_word' id='word_1_771' title='bbox 590 5674 762 5750; x_wconf 65' lang='lat' dir='ltr'><em>Editj.</em></span> <span class='ocrx_word' id='word_1_772' title='bbox 793 5678 892 5750; x_wconf 62' lang='grc' dir='ltr'><em>τοῦ</em></span> <span class='ocrx_word' id='word_1_773' title='bbox 925 5668 1428 5750; x_wconf 71' lang='grc' dir='ltr'>μεγαλρμάρτυρος.</span> <span class='ocrx_word' id='word_1_774' title='bbox 1453 5667 2020 5750; x_wconf 38' lang='lat' dir='ltr'><em>Regnnoﬁpeyakou</em></span> 
     </span>
    </p>
   </div>
   <div class='ocr_carea' id='block_1_102' title="bbox 378 5744 2022 5820">
    <p class='ocr_par' dir='ltr' id='par_1_102' title="bbox 378 5744 2022 5820">
     <span class='ocr_line' id='line_1_105' title="bbox 378 5744 2022 5820; baseline -0.002 -21"><span class='ocrx_word' id='word_1_775' title='bbox 378 5744 674 5820; x_wconf 76' lang='grc' dir='ltr'>μάρτυρος.</span> <span class='ocrx_word' id='word_1_776' title='bbox 702 5744 944 5805; x_wconf 76' lang='lat' dir='ltr'><em>Taurin.</em></span> <span class='ocrx_word' id='word_1_777' title='bbox 1001 5744 1249 5804; x_wconf 81' lang='lat' dir='ltr'><em>Colbert.</em></span> <span class='ocrx_word' id='word_1_778' title='bbox 1306 5744 1425 5805; x_wconf 88' lang='lat' dir='ltr'><em>Jes.</em></span> <span class='ocrx_word' id='word_1_779' title='bbox 1482 5744 1575 5804; x_wconf 66' lang='lat' dir='ltr'><em>Fr.</em></span> <span class='ocrx_word' id='word_1_780' title='bbox 1610 5747 1662 5815; x_wconf 91' lang='grc'><em>1,</em></span> <span class='ocrx_word' id='word_1_781' title='bbox 1690 5744 1788 5798; x_wconf 86' lang='grc' dir='ltr'><em>τοῦ</em></span> <span class='ocrx_word' id='word_1_782' title='bbox 1821 5744 2022 5818; x_wconf 71' lang='grc' dir='ltr'>μάρτυ-</span> 
     </span>
    </p>
   </div>
   <div class='ocr_carea' id='block_1_103' title="bbox 368 5836 488 5894">
    <p class='ocr_par' dir='ltr' id='par_1_103' title="bbox 368 5836 488 5894">
     <span class='ocr_line' id='line_1_106' title="bbox 368 5836 488 5894; baseline 0 -23"><span class='ocrx_word' id='word_1_783' title='bbox 368 5836 488 5894; x_wconf 86' lang='grc' dir='ltr'>ρος.</span> 
     </span>
    </p>
   </div>
   <div class='ocr_carea' id='block_1_104' title="bbox 2200 4666 3785 4756">
    <p class='ocr_par' dir='ltr' id='par_1_104' title="bbox 2200 4666 3785 4756">
     <span class='ocr_line' id='line_1_107' title="bbox 2200 4666 3785 4756; baseline 0 -29"><span class='ocrx_word' id='word_1_784' title='bbox 2200 4674 2311 4744; x_wconf 71' lang='grc'>(94)</span> <span class='ocrx_word' id='word_1_785' title='bbox 2343 4671 2449 4746; x_wconf 82' lang='grc' dir='ltr'><em>Γάρ</em></span> <span class='ocrx_word' id='word_1_786' title='bbox 2482 4674 2615 4756; x_wconf 78' lang='lat' dir='ltr'><em>post</em></span> <span class='ocrx_word' id='word_1_787' title='bbox 2645 4666 2968 4756; x_wconf 51' lang='lat' dir='ltr'><em>idpaudeest</em></span> <span class='ocrx_word' id='word_1_788' title='bbox 3017 4669 3330 4756; x_wconf 56' lang='lat' dir='ltr'><em>ianelck.</em></span> <span class='ocrx_word' id='word_1_789' title='bbox 3368 4670 3421 4756; x_wconf 56' lang='grc' dir='ltr'><em>ἓ</em></span> <span class='ocrx_word' id='word_1_790' title='bbox 3476 4687 3656 4756; x_wconf 46' lang='lat' dir='ltr'><em>anon:</em></span> <span class='ocrx_word' id='word_1_791' title='bbox 3683 4671 3785 4755; x_wconf 67' lang='lat' dir='ltr'><em>qui</em></span> 
     </span>
    </p>
   </div>
   <div class='ocr_carea' id='block_1_105' title="bbox 2131 4740 3781 4814">
    <p class='ocr_par' dir='ltr' id='par_1_105' title="bbox 2131 4740 3781 4814">
     <span class='ocr_line' id='line_1_108' title="bbox 2131 4740 3781 4814; baseline -0.003 -14"><span class='ocrx_word' id='word_1_792' title='bbox 2131 4740 2227 4800; x_wconf 82' lang='lat' dir='ltr'><em>hic</em></span> <span class='ocrx_word' id='word_1_793' title='bbox 2258 4740 2457 4800; x_wconf 51' lang='lat' dir='ltr'><em>n&#39;enuo&#39;</em></span> <span class='ocrx_word' id='word_1_794' title='bbox 2483 4740 2706 4813; x_wconf 65' lang='lat' dir='ltr'><em>incipit;</em></span> <span class='ocrx_word' id='word_1_795' title='bbox 2742 4741 2887 4814; x_wconf 15' lang='lat' dir='ltr'><em>iMox</em></span> <span class='ocrx_word' id='word_1_796' title='bbox 2905 4745 3053 4814; x_wconf 80' lang='lat' dir='ltr'><em>Reg.</em></span> <span class='ocrx_word' id='word_1_797' title='bbox 3086 4741 3326 4814; x_wconf 83' lang='lat' dir='ltr'><em>Taurin.</em></span> <span class='ocrx_word' id='word_1_798' title='bbox 3368 4741 3463 4814; x_wconf 81' lang='lat' dir='ltr'><em>Fr.</em></span> <span class='ocrx_word' id='word_1_799' title='bbox 3502 4747 3521 4796; x_wconf 88' lang='grc' dir='ltr'><em>ι</em></span> <span class='ocrx_word' id='word_1_800' title='bbox 3569 4740 3659 4796; x_wconf 87' lang='grc' dir='ltr'><em>καὶ</em></span> <span class='ocrx_word' id='word_1_801' title='bbox 3688 4740 3781 4796; x_wconf 73' lang='grc' dir='ltr'><em>νῦν</em></span> 
     </span>
    </p>
   </div>
   <div class='ocr_carea' id='block_1_106' title="bbox 2127 4812 3627 4884">
    <p class='ocr_par' dir='ltr' id='par_1_106' title="bbox 2127 4812 3627 4884">
     <span class='ocr_line' id='line_1_109' title="bbox 2127 4812 3627 4884; baseline -0.001 -13"><span class='ocrx_word' id='word_1_802' title='bbox 2127 4817 2379 4872; x_wconf 89' lang='lat' dir='ltr'><em>habent:</em></span> <span class='ocrx_word' id='word_1_803' title='bbox 2413 4816 2513 4870; x_wconf 91' lang='lat' dir='ltr'><em>sed</em></span> <span class='ocrx_word' id='word_1_804' title='bbox 2546 4812 2712 4870; x_wconf 82' lang='lat' dir='ltr'><em>deest</em></span> <span class='ocrx_word' id='word_1_805' title='bbox 2734 4812 3084 4884; x_wconf 48' lang='lat' dir='ltr'><em>ineditis&#39;et</em></span> <span class='ocrx_word' id='word_1_806' title='bbox 3113 4813 3174 4868; x_wconf 86' lang='lat' dir='ltr'><em>in</em></span> <span class='ocrx_word' id='word_1_807' title='bbox 3204 4812 3448 4884; x_wconf 86' lang='lat' dir='ltr'><em>reliquis</em></span> <span class='ocrx_word' id='word_1_808' title='bbox 3479 4829 3627 4870; x_wconf 90' lang='lat' dir='ltr'><em>mss.</em></span> 
     </span>
    </p>
   </div>
   <div class='ocr_carea' id='block_1_107' title="bbox 2201 4881 3780 4959">
    <p class='ocr_par' dir='ltr' id='par_1_107' title="bbox 2201 4881 3780 4959">
     <span class='ocr_line' id='line_1_110' title="bbox 2201 4881 3780 4959; baseline -0.003 -18"><span class='ocrx_word' id='word_1_809' title='bbox 2201 4888 2314 4955; x_wconf 86' lang='lat'>(95)</span> <span class='ocrx_word' id='word_1_810' title='bbox 2349 4887 2518 4959; x_wconf 75' lang='lat' dir='ltr'><em>Editi,</em></span> <span class='ocrx_word' id='word_1_811' title='bbox 2556 4885 2658 4959; x_wconf 76' lang='grc' dir='ltr'><em>γὰρ</em></span> <span class='ocrx_word' id='word_1_812' title='bbox 2689 4882 2846 4959; x_wconf 73' lang='grc' dir='ltr'>αὐτόν</span> <span class='ocrx_word' id='word_1_813' title='bbox 2891 4882 2997 4937; x_wconf 85' lang='grc' dir='ltr'><em>ἀπὸ</em></span> <span class='ocrx_word' id='word_1_814' title='bbox 3028 4883 3294 4959; x_wconf 81' lang='grc' dir='ltr'>Ναζαρέτ,</span> <span class='ocrx_word' id='word_1_815' title='bbox 3327 4881 3428 4941; x_wconf 68' lang='lat' dir='ltr'><em>sed</em></span> <span class='ocrx_word' id='word_1_816' title='bbox 3459 4901 3568 4941; x_wconf 85' lang='lat' dir='ltr'><em>vox</em></span> <span class='ocrx_word' id='word_1_817' title='bbox 3598 4881 3780 4953; x_wconf 81' lang='grc' dir='ltr'>αὐτόν,</span> 
     </span>
    </p>
   </div>
   <div class='ocr_carea' id='block_1_108' title="bbox 2129 4902 3780 5030">
    <p class='ocr_par' dir='ltr' id='par_1_108' title="bbox 2129 4902 3780 5030">
     <span class='ocr_line' id='line_1_111' title="bbox 2201 4902 3780 5010; baseline -0.003 -69"><span class='ocrx_word' id='word_1_818' title='bbox 2201 4902 2314 4955; x_wconf 67' lang='lat' dir='ltr'>(eo)</span> <span class='ocrx_word' id='word_1_819' title='bbox 2349 4902 2518 4950; x_wconf 65' lang='lat' dir='ltr'><em>multi,</em></span> <span class='ocrx_word' id='word_1_820' title='bbox 2556 4905 2658 4959; x_wconf 89' lang='grc' dir='ltr'><em>γαρ</em></span> <span class='ocrx_word' id='word_1_821' title='bbox 2689 4903 2846 4938; x_wconf 88' lang='grc' dir='ltr'>αυτον</span> <span class='ocrx_word' id='word_1_822' title='bbox 2891 4902 2997 4937; x_wconf 88' lang='grc' dir='ltr'><em>απο</em></span> <span class='ocrx_word' id='word_1_823' title='bbox 3028 4902 3294 5010; x_wconf 64' lang='grc' dir='ltr'>ιναςαρετ,</span> <span class='ocrx_word' id='word_1_824' title='bbox 3327 4902 3428 4941; x_wconf 86' lang='lat' dir='ltr'><em>seu</em></span> <span class='ocrx_word' id='word_1_825' title='bbox 3459 4902 3568 4941; x_wconf 87' lang='lat' dir='ltr'><em>vox</em></span> <span class='ocrx_word' id='word_1_826' title='bbox 3598 4902 3780 4953; x_wconf 86' lang='grc' dir='ltr'>αυτον,</span> 
     </span>
     <span class='ocr_line' id='line_1_112' title="bbox 2129 4956 3780 5030; baseline -0.001 -15"><span class='ocrx_word' id='word_1_827' title='bbox 2129 4961 2285 5030; x_wconf 90' lang='lat' dir='ltr'><em>quod</em></span> <span class='ocrx_word' id='word_1_828' title='bbox 2320 4957 2477 5013; x_wconf 89' lang='lat' dir='ltr'><em>desit</em></span> <span class='ocrx_word' id='word_1_829' title='bbox 2507 4959 2565 5030; x_wconf 81' lang='lat' dir='ltr'><em>in</em></span> <span class='ocrx_word' id='word_1_830' title='bbox 2598 4959 2738 5028; x_wconf 87' lang='lat' dir='ltr'><em>Reg.</em></span> <span class='ocrx_word' id='word_1_831' title='bbox 2782 4957 2959 5030; x_wconf 77' lang='lat' dir='ltr'><em>Taur.</em></span> <span class='ocrx_word' id='word_1_832' title='bbox 3014 4960 3071 5012; x_wconf 89' lang='lat' dir='ltr'><em>et</em></span> <span class='ocrx_word' id='word_1_833' title='bbox 3099 4958 3176 5013; x_wconf 87' lang='lat' dir='ltr'><em>Co</em></span> <span class='ocrx_word' id='word_1_834' title='bbox 3201 4956 3283 5023; x_wconf 91' lang='lat' dir='ltr'><em>b.,</em></span> <span class='ocrx_word' id='word_1_835' title='bbox 3335 4960 3625 5028; x_wconf 82' lang='lat' dir='ltr'><em>expuncta</em></span> <span class='ocrx_word' id='word_1_836' title='bbox 3669 4960 3780 5014; x_wconf 86' lang='lat' dir='ltr'><em>est.</em></span> 
     </span>
    </p>
   </div>
   <div class='ocr_carea' id='block_1_109' title="bbox 2128 5024 2842 5101">
    <p class='ocr_par' dir='ltr' id='par_1_109' title="bbox 2128 5024 2842 5101">
     <span class='ocr_line' id='line_1_113' title="bbox 2128 5024 2842 5101; baseline -0.004 -16"><span class='ocrx_word' id='word_1_837' title='bbox 2128 5024 2284 5086; x_wconf 71' lang='lat' dir='ltr'><em>fdem</em></span> <span class='ocrx_word' id='word_1_838' title='bbox 2319 5031 2482 5101; x_wconf 58' lang='lat' dir='ltr'><em>Reg,</em></span> <span class='ocrx_word' id='word_1_839' title='bbox 2514 5028 2646 5081; x_wconf 84' lang='grc' dir='ltr'>ἀπον</span> <span class='ocrx_word' id='word_1_840' title='bbox 2656 5024 2842 5100; x_wconf 71' lang='grc' dir='ltr'>αξαρά.</span> 
     </span>
    </p>
   </div>
   <div class='ocr_carea' id='block_1_110' title="bbox 2171 5095 3778 5226">
    <p class='ocr_par' dir='ltr' id='par_1_110' title="bbox 2171 5095 3778 5226">
     <span class='ocr_line' id='line_1_114' title="bbox 2197 5095 3778 5173; baseline -0.004 -18"><span class='ocrx_word' id='word_1_841' title='bbox 2197 5102 2310 5173; x_wconf 84' lang='grc'>(96)</span> <span class='ocrx_word' id='word_1_842' title='bbox 2373 5095 2558 5155; x_wconf 67' lang='grc' dir='ltr'><em>ΡέΙοΙξ.</em></span> <span class='ocrx_word' id='word_1_843' title='bbox 2613 5102 2647 5156; x_wconf 90' lang='lat'>3</span> <span class='ocrx_word' id='word_1_844' title='bbox 2703 5095 2900 5169; x_wconf 84' lang='lat' dir='ltr'><em>anon.,</em></span> <span class='ocrx_word' id='word_1_845' title='bbox 2935 5097 3206 5173; x_wconf 79' lang='grc' dir='ltr'>χρήμασι.</span> <span class='ocrx_word' id='word_1_846' title='bbox 3267 5099 3400 5155; x_wconf 84' lang='lat' dir='ltr'><em>Mox</em></span> <span class='ocrx_word' id='word_1_847' title='bbox 3446 5097 3628 5167; x_wconf 87' lang='lat' dir='ltr'><em>idem,</em></span> <span class='ocrx_word' id='word_1_848' title='bbox 3685 5095 3778 5150; x_wconf 83' lang='grc' dir='ltr'><em>καὶ</em></span> 
     </span>
     <span class='ocr_line' id='line_1_115' title="bbox 2171 5168 2520 5226; baseline 0.003 -1"><span class='ocrx_word' id='word_1_849' title='bbox 2171 5169 2293 5226; x_wconf 87' lang='grc' dir='ltr'>λέον</span> <span class='ocrx_word' id='word_1_850' title='bbox 2331 5168 2520 5226; x_wconf 74' lang='grc' dir='ltr'>μηδέν.</span> 
     </span>
    </p>
   </div>
   <div class='ocr_carea' id='block_1_111' title="bbox 2126 5191 2520 5226">
    <p class='ocr_par' dir='ltr' id='par_1_111' title="bbox 2126 5191 2520 5226">
     <span class='ocr_line' id='line_1_116' title="bbox 2126 5191 2520 5226; baseline 0.003 -1"><span class='ocrx_word' id='word_1_851' title='bbox 2126 5191 2293 5226; x_wconf 88' lang='grc' dir='ltr'>πΛεον</span> <span class='ocrx_word' id='word_1_852' title='bbox 2331 5191 2520 5226; x_wconf 72' lang='grc' dir='ltr'>μηοεν.</span> 
     </span>
    </p>
   </div>
   <div class='ocr_carea' id='block_1_112' title="bbox 2201 5193 3776 5316">
    <p class='ocr_par' dir='ltr' id='par_1_112' title="bbox 2201 5193 3776 5316">
     <span class='ocr_line' id='line_1_117' title="bbox 2201 5193 3776 5316; baseline -0.001 -18"><span class='ocrx_word' id='word_1_853' title='bbox 2201 5193 2312 5316; x_wconf 47' lang='lat'>(59);)</span> <span class='ocrx_word' id='word_1_854' title='bbox 2331 5193 2746 5316; x_wconf 37' lang='lat' dir='ltr'><em>Et1.121339%]editis</em></span> <span class='ocrx_word' id='word_1_855' title='bbox 2776 5241 2962 5307; x_wconf 89' lang='lat' dir='ltr'><em>deest,</em></span> <span class='ocrx_word' id='word_1_856' title='bbox 2984 5241 3085 5297; x_wconf 87' lang='lat' dir='ltr'><em>sed</em></span> <span class='ocrx_word' id='word_1_857' title='bbox 3104 5241 3164 5296; x_wconf 90' lang='lat' dir='ltr'><em>in</em></span> <span class='ocrx_word' id='word_1_858' title='bbox 3186 5230 3325 5314; x_wconf 85' lang='lat' dir='ltr'><em>Reg.</em></span> <span class='ocrx_word' id='word_1_859' title='bbox 3350 5239 3589 5297; x_wconf 84' lang='lat' dir='ltr'><em>Taurin.</em></span> <span class='ocrx_word' id='word_1_860' title='bbox 3613 5239 3776 5297; x_wconf 88' lang='lat' dir='ltr'><em>Colb.</em></span> 
     </span>
    </p>
   </div>
   <div class='ocr_carea' id='block_1_113' title="bbox 2127 5313 2790 5387">
    <p class='ocr_par' dir='ltr' id='par_1_113' title="bbox 2127 5313 2790 5387">
     <span class='ocr_line' id='line_1_118' title="bbox 2127 5313 2790 5387; baseline -0.006 -15"><span class='ocrx_word' id='word_1_861' title='bbox 2127 5313 2249 5372; x_wconf 80' lang='lat' dir='ltr'><em>Jes.</em></span> <span class='ocrx_word' id='word_1_862' title='bbox 2283 5313 2340 5371; x_wconf 85' lang='lat' dir='ltr'><em>et</em></span> <span class='ocrx_word' id='word_1_863' title='bbox 2371 5317 2456 5387; x_wconf 73' lang='lat' dir='ltr'><em>Er.</em></span> <span class='ocrx_word' id='word_1_864' title='bbox 2492 5315 2516 5369; x_wconf 85' lang='lat'><strong>1</strong></span> <span class='ocrx_word' id='word_1_865' title='bbox 2554 5313 2790 5387; x_wconf 73' lang='lat' dir='ltr'><em>legitur.</em></span> 
     </span>
    </p>
   </div>
   <div class='ocr_carea' id='block_1_114' title="bbox 2202 5381 3776 5458">
    <p class='ocr_par' dir='ltr' id='par_1_114' title="bbox 2202 5381 3776 5458">
     <span class='ocr_line' id='line_1_119' title="bbox 2202 5381 3776 5458; baseline -0.002 -17"><span class='ocrx_word' id='word_1_866' title='bbox 2202 5389 2316 5458; x_wconf 92' lang='lat'>(98)</span> <span class='ocrx_word' id='word_1_867' title='bbox 2345 5384 2411 5439; x_wconf 78' lang='grc' dir='ltr'><em>Τέ</em></span> <span class='ocrx_word' id='word_1_868' title='bbox 2443 5381 2712 5458; x_wconf 58' lang='lat' dir='ltr'><em>deest&#39;in</em></span> <span class='ocrx_word' id='word_1_869' title='bbox 2743 5383 2982 5458; x_wconf 88' lang='lat' dir='ltr'><em>Taurin.</em></span> <span class='ocrx_word' id='word_1_870' title='bbox 3030 5381 3190 5438; x_wconf 88' lang='lat' dir='ltr'><em>Colb.</em></span> <span class='ocrx_word' id='word_1_871' title='bbox 3243 5382 3367 5438; x_wconf 89' lang='lat' dir='ltr'><em>Jes.</em></span> <span class='ocrx_word' id='word_1_872' title='bbox 3399 5386 3489 5439; x_wconf 87' lang='lat' dir='ltr'><em>Fr.</em></span> <span class='ocrx_word' id='word_1_873' title='bbox 3546 5381 3607 5438; x_wconf 88' lang='lat' dir='ltr'><em>in</em></span> <span class='ocrx_word' id='word_1_874' title='bbox 3637 5382 3776 5454; x_wconf 77' lang='lat' dir='ltr'><em>Reg.</em></span> 
     </span>
    </p>
   </div>
   <div class='ocr_carea' id='block_1_115' title="bbox 2128 5457 2937 5514">
    <p class='ocr_par' dir='ltr' id='par_1_115' title="bbox 2128 5457 2937 5514">
     <span class='ocr_line' id='line_1_120' title="bbox 2128 5457 2937 5514; baseline -0.006 0"><span class='ocrx_word' id='word_1_875' title='bbox 2128 5457 2263 5514; x_wconf 87' lang='lat' dir='ltr'><em>vero</em></span> <span class='ocrx_word' id='word_1_876' title='bbox 2295 5464 2352 5514; x_wconf 90' lang='lat' dir='ltr'><em>et</em></span> <span class='ocrx_word' id='word_1_877' title='bbox 2379 5457 2436 5512; x_wconf 91' lang='lat' dir='ltr'><em>in</em></span> <span class='ocrx_word' id='word_1_878' title='bbox 2467 5457 2639 5512; x_wconf 89' lang='lat' dir='ltr'><em>editis</em></span> <span class='ocrx_word' id='word_1_879' title='bbox 2668 5457 2937 5511; x_wconf 89' lang='lat' dir='ltr'><em>habetur.</em></span> 
     </span>
    </p>
   </div>
   <div class='ocr_carea' id='block_1_116' title="bbox 2204 5520 3779 5612">
    <p class='ocr_par' dir='ltr' id='par_1_116' title="bbox 2204 5520 3779 5612">
     <span class='ocr_line' id='line_1_121' title="bbox 2204 5520 3779 5612; baseline -0.005 -28"><span class='ocrx_word' id='word_1_880' title='bbox 2204 5530 2316 5612; x_wconf 79' lang='lat'>(99)</span> <span class='ocrx_word' id='word_1_881' title='bbox 2344 5529 2631 5612; x_wconf 40' lang='lat' dir='ltr'><em>’Eu‘dee’et</em></span> <span class='ocrx_word' id='word_1_882' title='bbox 2669 5528 2747 5612; x_wconf 45' lang='lat' dir='ltr'><em>.in</em></span> <span class='ocrx_word' id='word_1_883' title='bbox 2783 5527 2989 5612; x_wconf 48' lang='lat' dir='ltr'><em>&#39;Felckn.</em></span> <span class='ocrx_word' id='word_1_884' title='bbox 3029 5525 3385 5612; x_wconf 50' lang='lat' dir='ltr'><em>anon.“qu</em></span> <span class='ocrx_word' id='word_1_885' title='bbox 3428 5525 3568 5612; x_wconf 56' lang='lat' dir='ltr'><em>post</em></span> <span class='ocrx_word' id='word_1_886' title='bbox 3618 5520 3779 5612; x_wconf 60' lang='lat' dir='ltr'><em>at)st</em></span> 
     </span>
    </p>
   </div>
   <div class='ocr_carea' id='block_1_117' title="bbox 2132 5590 3782 5672">
    <p class='ocr_par' dir='ltr' id='par_1_117' title="bbox 2132 5590 3782 5672">
     <span class='ocr_line' id='line_1_122' title="bbox 2132 5590 3782 5672; baseline -0.013 -15"><span class='ocrx_word' id='word_1_887' title='bbox 2132 5590 2371 5656; x_wconf 71' lang='lat' dir='ltr'><em>Taurin.</em></span> <span class='ocrx_word' id='word_1_888' title='bbox 2405 5599 2517 5661; x_wconf 79' lang='grc' dir='ltr'>οὐθ’</span> <span class='ocrx_word' id='word_1_889' title='bbox 2546 5597 2628 5652; x_wconf 81' lang='grc' dir='ltr'>ὅτι</span> <span class='ocrx_word' id='word_1_890' title='bbox 2663 5598 2690 5650; x_wconf 85' lang='lat'><em>6</em></span> <span class='ocrx_word' id='word_1_891' title='bbox 2721 5596 2916 5672; x_wconf 62' lang='grc' dir='ltr'>ᾼόγος.</span> <span class='ocrx_word' id='word_1_892' title='bbox 2949 5596 3133 5663; x_wconf 88' lang='lat' dir='ltr'><em>Colb.,</em></span> <span class='ocrx_word' id='word_1_893' title='bbox 3168 5590 3402 5672; x_wconf 46' lang='lat'><em>930:8“</em></span> <span class='ocrx_word' id='word_1_894' title='bbox 3429 5590 3634 5672; x_wconf 60' lang='grc' dir='ltr'>ᾉόγρς,</span> <span class='ocrx_word' id='word_1_895' title='bbox 3669 5600 3782 5672; x_wconf 53' lang='grc' dir='ltr'><em>ΑΡ-</em></span> 
     </span>
    </p>
   </div>
   <div class='ocr_carea' id='block_1_118' title="bbox 2131 5663 3785 5740">
    <p class='ocr_par' dir='ltr' id='par_1_118' title="bbox 2131 5663 3785 5740">
     <span class='ocr_line' id='line_1_123' title="bbox 2131 5663 3785 5740; baseline -0.004 -13"><span class='ocrx_word' id='word_1_896' title='bbox 2131 5674 2230 5728; x_wconf 91' lang='lat' dir='ltr'><em>tic.</em></span> <span class='ocrx_word' id='word_1_897' title='bbox 2265 5673 2292 5725; x_wconf 82' lang='lat'><em>6</em></span> <span class='ocrx_word' id='word_1_898' title='bbox 2325 5672 2384 5727; x_wconf 91' lang='lat' dir='ltr'><em>in</em></span> <span class='ocrx_word' id='word_1_899' title='bbox 2416 5672 2691 5726; x_wconf 87' lang='lat' dir='ltr'><em>omnibus</em></span> <span class='ocrx_word' id='word_1_900' title='bbox 2723 5663 2853 5724; x_wconf 79' lang='lat' dir='ltr'><em>aliis</em></span> <span class='ocrx_word' id='word_1_901' title='bbox 2876 5685 3017 5723; x_wconf 89' lang='lat' dir='ltr'><em>mss.</em></span> <span class='ocrx_word' id='word_1_902' title='bbox 3042 5671 3250 5740; x_wconf 67' lang='lat' dir='ltr'><em>praeter</em></span> <span class='ocrx_word' id='word_1_903' title='bbox 3268 5665 3409 5739; x_wconf 85' lang='lat' dir='ltr'><em>Reg.</em></span> <span class='ocrx_word' id='word_1_904' title='bbox 3440 5663 3662 5735; x_wconf 77' lang='lat' dir='ltr'><em>legitur</em></span> <span class='ocrx_word' id='word_1_905' title='bbox 3684 5681 3699 5722; x_wconf 88' lang='lat'>:</span> <span class='ocrx_word' id='word_1_906' title='bbox 3721 5665 3785 5720; x_wconf 86' lang='lat' dir='ltr'><em>in</em></span> 
     </span>
    </p>
   </div>
   <div class='ocr_carea' id='block_1_119' title="bbox 2133 5741 3026 5801">
    <p class='ocr_par' dir='ltr' id='par_1_119' title="bbox 2133 5741 3026 5801">
     <span class='ocr_line' id='line_1_124' title="bbox 2133 5741 3026 5801; baseline -0.01 1"><span class='ocrx_word' id='word_1_907' title='bbox 2133 5744 2410 5801; x_wconf 90' lang='lat' dir='ltr'><em>omnibus</em></span> <span class='ocrx_word' id='word_1_908' title='bbox 2440 5742 2614 5798; x_wconf 87' lang='lat' dir='ltr'><em>editis</em></span> <span class='ocrx_word' id='word_1_909' title='bbox 2644 5741 3026 5798; x_wconf 86' lang='lat' dir='ltr'><em>desideratur.</em></span> 
     </span>
    </p>
   </div>
   <div class='ocr_carea' id='block_1_120' title="bbox 2205 5809 3122 5887">
    <p class='ocr_par' dir='ltr' id='par_1_120' title="bbox 2205 5809 3122 5887">
     <span class='ocr_line' id='line_1_125' title="bbox 2205 5809 3122 5887; baseline -0.005 -18"><span class='ocrx_word' id='word_1_910' title='bbox 2205 5816 2282 5887; x_wconf 96' lang='grc'>(1)</span> <span class='ocrx_word' id='word_1_911' title='bbox 2312 5815 2502 5872; x_wconf 88' lang='lat' dir='ltr'><em>Felck.</em></span> <span class='ocrx_word' id='word_1_912' title='bbox 2533 5814 2568 5869; x_wconf 88' lang='lat'><strong><em>3</em></strong></span> <span class='ocrx_word' id='word_1_913' title='bbox 2600 5830 2798 5883; x_wconf 87' lang='lat' dir='ltr'><em>anon.,</em></span> <span class='ocrx_word' id='word_1_914' title='bbox 2824 5809 2896 5866; x_wconf 70' lang='grc' dir='ltr'><em>’ἶν’</em></span> <span class='ocrx_word' id='word_1_915' title='bbox 2930 5829 3122 5870; x_wconf 88' lang='grc' dir='ltr'>ουτως.</span> 
     </span>
    </p>
   </div>
  </div>
