4148 6456
359 455 473 518 491

899 453 968 518 S.
1013 453 1445 518 ATHANASII
1488 454 1664 517 OPP.
1707 451 1910 514 PARS
1955 450 2003 511 Ι.
2039 481 2117 494 -
2146 449 2567 513 HISTORIGA
2609 450 2711 513 ET
2752 447 3234 514 DOGMATIGA.

3663 449 3785 513 I92

361 604 491 662 quas
520 587 677 645 edita
708 587 957 657 fuerant,
979 607 1094 646 non
1118 588 1397 660 hominis,
1431 589 1533 645 sed
1553 588 1654 645 Dei
1684 587 2011 643 esse.Certe

2131 582 2304 654 μένων
2336 582 2579 655 σημείων
2630 579 2954 652 ἐληλυθέναι
2998 583 3092 638 τὸν
3141 581 3394 660 Χριστὸν,
3449 577 3643 638 λοιπὸν
3688 580 3783 637 καὶ

362 676 571 734 Petrus
603 694 736 734 cum
787 678 1035 734 dixisset
1091 679 1283 734 virum
1328 676 1665 750 passibilem
1715 674 2012 731 Christum

362 781 516 832 esse,
586 765 742 823 illico
799 767 1147 839 subjunxit:
1208 769 1310 822 Hic
1367 774 1557 821 auctor
1611 771 1689 819 est
1740 764 1804 829 ³⁵,
1861 762 2013 830 ipse-

363 872 477 928 que
505 856 564 911 in
594 856 903 929 Evangelia
934 858 1245 913 confitetur
1272 874 1285 912 :
1337 857 1409 911 Tu
1457 871 1512 911 es
1565 853 1809 908 Christus
1839 853 2015 907 Filius

363 945 462 1002 Dei
489 946 695 1013 viri“;
728 951 786 1002 et
809 947 865 1002 in
901 946 1156 1019 Epistula
1186 963 1294 1001 sua
1322 944 1639 1016 aitipsum,
1673 942 2013 1014 episcOpum

364 1036 724 1103 animarum,
750 1040 928 1108 atque
950 1035 1261 1091 Dominum
1289 1049 1461 1087 suum
1496 1048 1600 1087 nec
1632 1048 1747 1087 non
1780 1031 2015 1103 angelo-

365 1140 496 1180 rum
522 1129 581 1181 et
610 1128 967 1197 potestatum
1001 1139 1149 1179 esse.
1184 1120 1401 1176 Paulus
1430 1119 1591 1188 item,
1625 1120 1722 1191 qui
1746 1119 1829 1175 ait
1858 1118 2020 1176 Chri-

365 1216 527 1269 stum
560 1230 689 1270 esse
715 1213 909 1269 virum
940 1229 1009 1267 ex
1039 1209 1265 1266 semine
1304 1208 1507 1275 David,
1537 1209 1595 1263 in
1654 1206 1913 1280 Epistola
1942 1208 2014 1263 ad

364 1300 636 1358 Hebreos
681 1301 803 1357 hac
833 1301 1045 1356 habet:
1096 1300 1202 1366 Qui
1228 1315 1356 1353 eum
1408 1300 1486 1352 sit
1528 1296 1794 1369 splendor
1819 1296 2017 1368 gloriae

364 1398 417 1446 et
447 1392 630 1463 figura
661 1390 989 1447 substantiae
1035 1389 1151 1460 ejus
1179 1387 1252 1454 ³⁶;
1302 1387 1373 1442 ad
1405 1385 1816 1458 Philippenses
1843 1402 1977 1441 vero
2003 1403 2015 1440 :

368 1480 477 1550 Qui
502 1496 630 1536 cum
677 1481 740 1535 in
784 1481 977 1550 forma
1007 1477 1108 1533 Dei
1135 1484 1289 1545 esset,
1319 1492 1431 1532 non
1460 1477 1729 1545 rapinam
1766 1475 2018 1531 arbitra-

363 1572 455 1624 tus
485 1576 567 1623 est
621 1582 733 1624 esse
761 1582 818 1622 se
873 1565 1135 1636 aequalem
1190 1564 1295 1620 Deo
1316 1564 1380 1619 ³⁷.
1419 1566 1546 1620 Haec
1580 1580 1774 1635 porro,
1808 1566 2019 1619 auctor

363 1656 515 1722 vita,
547 1657 727 1711 Filius
759 1657 887 1725 Dei,
933 1653 1210 1726 splendor,
1250 1652 1455 1723 ﬁgura,
1480 1654 1717 1725 aqualis
1749 1653 1875 1718 Deo,
1911 1653 2020 1706 Do-

362 1744 571 1813 minus,
602 1744 883 1815 episcopus
937 1743 1276 1809 animarum,
1311 1741 1451 1814 quid
1484 1740 1642 1797 aliud
1674 1740 1786 1797 sibi
1816 1737 2016 1807 velint,

258 1869 262 1873 -
363 1845 543 1902 quam
575 1831 636 1886 in
668 1846 909 1903 corpore
937 1830 1122 1887 fuisse
1147 1829 1405 1886 Verbum
1436 1829 1557 1896 Dei,
1589 1846 1693 1900 per
1713 1829 1869 1902 quod
1900 1844 2021 1885 0m-

2124 670 2201 732 εἶς
2229 673 2330 740 τὴν
2388 672 2512 747 περὶ
2559 678 2660 741 τῆς
2709 672 2966 744 θεότητος
3012 671 3178 727 αὐτοῦ
3226 673 3305 745 (2)
3351 671 3531 727 πίστιν
3582 670 3783 733 αὐτοὺς

2124 761 2461 835 ἀναγάγωσι·
2521 759 2845 831 δεικνύντες,
2906 760 2989 817 ὅτι
3042 762 3111 816 τὰ
3167 760 3435 835 γενόμενα
3492 758 3626 837 ἔργα
3681 759 3786 817 οὐκ

2124 847 2265 904 ἔστιν
2323 849 2629 926 ἀνθρώπου,
2676 848 2822 905 ἀλλὰ
2869 854 3025 907 Θεοῦ.
3082 848 3306 923 Ἀμέλει
3354 851 3558 924 Πέτρος
3612 850 3641 903 ὁ
3690 847 3782 906 λέ-

2123 960 2235 1013 γων
2270 935 2437 1014 ἄνδρα
2466 940 2705 1010 παθητὸν
2749 940 2841 995 τὸν
2873 938 3122 1011 Χριστὸν,
3174 938 3329 1002 εὐθὺς
3376 945 3640 1007 συνῆπτεν

2125 1028 2296 1089 Οὗτος
2354 1027 2607 1105 ἀρχηγὸς
2662 1031 2760 1097 τῆς
2822 1033 2967 1098 ζωῆς
3028 1026 3188 1083 ἐστιν·
3246 1026 3298 1083 ἐν
3331 1025 3390 1083 δὶ
3438 1032 3518 1100 τῷ
3547 1027 3788 1103 Εὐαγγε-

2126 1113 2233 1189 λίῳ
2291 1116 2578 1192 ὁμολογεῖ·
2638 1116 2714 1172 Σὺ
2764 1117 2813 1171 εἴ
2861 1119 2889 1171 ὁ
2938 1116 3189 1194 Χριστὸς,
3241 1117 3269 1172 ὁ
3329 1117 3453 1179 Υἱὸς
3496 1120 3596 1172 τοῦ
3645 1121 3784 1172 Θεοῦ

2123 1210 2219 1260 τοῦ
2273 1209 2495 1274 ζῶντος.
2549 1210 2634 1261 Ἐν
2695 1204 2753 1262 δὲ
2780 1210 2849 1281 τῇ
2909 1204 3209 1280 Ἐπιστολῇ
3259 1227 3420 1285 φησιν
3473 1205 3632 1261 αὐτὸν
3666 1205 3783 1262 ἐπί-

2126 1313 2329 1348 σκοπον
2380 1296 2596 1370 ψυχῶν,
2646 1294 2737 1350 καὶ
2785 1294 2982 1372 Κύριον
3034 1296 3227 1351 ἑαυτοῦ
3276 1316 3336 1350 τε
3384 1296 3477 1350 καὶ
3528 1292 3782 1370 ἀγγέλων

2122 1381 2213 1437 καί
2261 1380 2540 1457 δυνάμεων
2570 1386 2647 1459 (4)
2696 1384 2850 1442 εἶναι.
2909 1382 3082 1440 Πάλιν
3139 1405 3201 1440 τε
3252 1382 3472 1447 Παῦλος
3524 1386 3553 1440 ὁ
3603 1382 3784 1460 λέγων

2126 1468 2293 1547 ἄνδρα
2325 1471 2385 1527 ἐκ
2425 1472 2736 1550 σπέρματος
2785 1467 2951 1529 Δαϐὶδ
3001 1474 3134 1529 εἶναι
3181 1473 3271 1529 τὸν
3321 1473 3574 1548 Χριστὸν,
3626 1473 3788 1536 οὗτος

2128 1554 2446 1616 ἐπέστελλεν
2507 1555 2783 1637 Ἑϐραίοις
2845 1562 2961 1635 μέν’
3020 1564 3115 1624 Ὃς
3172 1558 3246 1616 ὣν
3306 1560 3635 1640 ἀπαύγασμα
3682 1568 3787 1633 τῆς

2127 1646 2287 1720 δόξης
2325 1694 2338 1719 ,
2405 1651 2495 1705 καὶ
2571 1652 2857 1727 χαρακτὴρ
2918 1658 3040 1721 ’τῆς
3128 1649 3475 1714 ὑποστάσεως
3552 1650 3720 1706 αὐτοῦ
3773 1670 3788 1684 ⁸

2127 1735 2530 1808 Φιλιππησίοις
2565 1736 2641 1795 δέ’
2693 1742 2811 1810 Ὃς,
2865 1739 2915 1796 ἐν
2966 1744 3151 1818 μορφῇ
3184 1744 3318 1796 Θεοῦ
3360 1740 3647 1816 ὑπάρχων,
3680 1738 3793 1816 οὐχ

2127 1825 2415 1902 ἁρπαγμόν
2472 1829 2722 1903 ἡγήσατο
2780 1828 2841 1883 τὸ
2900 1828 3035 1883 εἶναι
3091 1825 3181 1884 ἴσα
3226 1833 3363 1901 Θεῷ.
3414 1829 3487 1883 Τὸ
3517 1826 3575 1884 δὲ
3605 1826 3788 1903 λέγειν

363 1919 462 1975 nia
517 1918 671 1975 facta
722 1924 883 1991 sunt,
928 1918 1191 1990 illudque
1243 1920 1563 1975 indivisum
1593 1935 1722 1975 esse
1760 1936 1794 1974 a
1825 1918 2015 1987 Patre,

2131 1915 2376 1991 ἀρχηγόν
2408 1922 2508 1986 τῆς
2543 1920 2617 1991 (5)
2655 1922 2821 1986 ζωῆς,
2847 1916 2939 1971 καὶ
2986 1918 3110 1972 Υίὸν
3157 1921 3255 1973 τοῦ
3286 1920 3441 1989 Θεοῦ,
3472 1916 3565 1971 καὶ
3619 1917 3793 1972 ἀπαύ-

364 2007 866 2079 quemadmodum
898 2006 1174 2080 splendor
1202 2024 1238 2064 a
1263 2007 1393 2063 luce
1412 2007 1440 2062 ‘I

2130 2024 2334 2080 γασμα,
2393 2004 2483 2060 καὶ
2540 2013 2883 2083 χαρακτῆρα,
2940 2006 3031 2061 καὶ
3089 2003 3179 2061 ἴσα
3235 2010 3371 2078 Θεῷ,
3421 2005 3512 2061 καὶ
3565 2004 3788 2082 Κύριον,

363 2091 454 2150 καί
485 2092 776 2150 ἐπίσκοπον
810 2097 1025 2170 ψυχῶν,
1055 2094 1107 2149 τί
1141 2094 1199 2149 ἂν
1235 2092 1316 2166 εἷή
1350 2092 1531 2162 ἓτερον
1568 2098 1664 2170 (6),
1698 2096 1732 2164 ἢ
1763 2093 1845 2149 ὅτι
1879 2092 1932 2149 έν
1965 2094 2176 2166 σώματι
2207 2093 2381 2171 Λόγος
2411 2096 2477 2164 ἦν
2527 2098 2681 2167 Θεοῦ,
2728 2092 2799 2150 δι’
2827 2095 2889 2150 οὗ
2918 2096 2987 2150 τὰ
3032 2096 3206 2151 πάντα
3245 2093 3477 2171 ἐγένετο,
3515 2094 3605 2150 καὶ
3642 2090 3785 2150 ἔστιν

364 2178 673 2258 ἀδιαίρετος
698 2186 795 2237 τοῦ
819 2182 1049 2258 Ηατρὸς,
1083 2183 1157 2244 ὡς
1191 2180 1301 2237 ἔστι
1329 2184 1391 2239 τὸ
1422 2182 1754 2258 ἀπαύγασμα
1782 2183 1919 2258 πρὸς
1949 2182 2012 2236 τὸ
2044 2186 2161 2261 φῶς
2194 2201 2208 2252 ;

432 2272 487 2329 9.
520 2272 783 2345 ldipsum
814 2272 935 2345 egit
979 2272 1292 2344 Dionysius
1341 2274 1413 2329 ab
1446 2275 1728 2346 apostolis
1773 2275 2013 2330 edoctus

363 2379 499 2420 cum
527 2361 683 2418 enim
708 2362 834 2433 jam
861 2361 1197 2433 irrepsisset
1225 2362 1463 2419 Sabellii
1494 2362 1754 2433 han-esis,
1778 2366 2014 2420 coactus

362 2455 452 2509 est
484 2450 820 2524 hujusmodi
842 2449 1170 2521 epistolam,
1203 2454 1268 2507 ut
1297 2450 1436 2519 dixi,
1461 2451 1735 2521 scribere,
1762 2468 1826 2507 ac
1842 2451 2017 2511 verba

362 2556 488 2612 quae
516 2538 727 2595 humili
762 2543 820 2594 et
866 2537 1125 2594 humano
1157 2556 1319 2595 more
1370 2540 1442 2594 de
1501 2541 1657 2596 I96
1717 2540 2016 2597 Salvatore

361 2628 518 2685 dicta
547 2632 705 2695 sunt,
739 2625 857 2682 illis
887 2627 1163 2697 objicere,
1197 2632 1260 2683 ut
1291 2644 1395 2700 per
1423 2628 1687 2685 humana
1716 2628 1849 2685 illos
1880 2630 2013 2685 abs-

358 2720 603 2774 terreret
630 2732 665 2771 a
688 2714 954 2786 dicendo,
985 2714 1196 2770 Filium
1227 2731 1356 2771 esse
1384 2720 1640 2788 Patrem,
1678 2717 1879 2790 sicque
1927 2719 2016 2774 fa-

360 2803 621 2862 ciliorem
654 2802 773 2860 illis
804 2802 959 2860 viam
991 2819 1061 2858 ae
1090 2803 1420 2860 doctrinam
1448 2806 1518 2860 de
1548 2805 1679 2860 Filii
1711 2806 2017 2863 divinitate

362 2892 640 2961 muniret,
675 2891 777 2948 ubi
824 2892 883 2946 in
918 2892 1419 2963 subsequentibus
1451 2893 1717 2965 epistolis
1745 2894 1917 2950 illum
1948 2912 2019 2951 ex

359 2980 678 3055 Scripturis
724 2981 907 3038 sacris
951 2980 1269 3053 appellaret
1305 2981 1586 3051 Verbum,
1642 2984 2018 3056 sapientiam,

360 3070 658 3141 virtutem,
691 3085 985 3142 vaporem,
1012 3073 1070 3124 et
1090 3068 1461 3141 splendorem
1486 3071 1693 3128 Patris.
1718 3077 1783 3127 In
1804 3072 2017 3145 episto-

364 3159 441 3217 lis
468 3158 668 3232 itaque
709 3159 781 3215 ad
814 3158 908 3214 sui
956 3157 1357 3214 defensionem
1406 3160 1665 3233 scriptis,
1716 3161 1910 3233 palam
1944 3162 2016 3219 de

364 3249 479 3306 ﬁde
499 3246 781 3320 loquitur,
798 3246 1193 3319 pietatemque
1214 3263 1353 3321 erga
1368 3247 1678 3305 Christum.
1688 3251 2014 3322 proﬁtetur.

362 3336 435 3394 Ut
462 3335 644 3409 igitur
673 3333 924 3408 apostoli
978 3335 1292 3390 accusandi
1322 3352 1439 3391 non
1466 3343 1608 3392 sunt
1637 3338 1711 3394 ob
1740 3339 1917 3395 verba
1946 3341 2017 3397 de

360 3423 594 3483 Domini
627 3422 996 3480 humanitate
1044 3422 1271 3494 prolata
1309 3424 1466 3495 (nam
1521 3424 1811 3483 Dominus
1840 3427 2016 3484 homo

360 3512 549 3569 factus
578 3511 713 3584 est),
749 3509 893 3582 quin
924 3511 1120 3583 potius
1151 3511 1539 3569 admiratione
1570 3513 1735 3587 digni
1768 3520 1909 3572 sunt
1942 3517 2016 3573 ob

359 3601 710 3675 prudentem
767 3599 1267 3671 dispensationem
1299 3606 1357 3656 et
1402 3601 1733 3660 doctrinam
1764 3606 2016 3678 tempori

361 3689 861 3747 accommodatam
883 3704 897 3757 ;
922 3688 1004 3744 sic
1020 3687 1335 3761 Dionysius
1353 3706 1457 3763 pro
1478 3690 1692 3749 Ariano
1709 3693 2017 3751 habendus

361 3794 478 3837 non
505 3781 613 3846 est,
646 3781 883 3849 propter
903 3777 1210 3849 epistolam
1239 3778 1311 3833 ad
1340 3779 1778 3851 Euphranorem
1802 3787 1861 3838 et
1886 3788 2019 3839 Am-

360 3866 626 3923 monium
660 3868 860 3920 contra
887 3864 1204 3921 Sabellium
1236 3868 1537 3938 scriptam.
1570 3872 1826 3927 Tametsi
1857 3872 2015 3928 enim

361 3954 688 4012 humilibus
717 3952 911 4009 verbis
939 3957 997 4008 et
1026 3954 1306 4025 exemplis
1348 3961 1437 4011 est
1475 3974 1641 4025 usus,
1671 3963 1732 4015 at
1752 3959 1851 4015 illa
1880 3966 2019 4017 sunt

362 4061 432 4103 ex
458 4041 790 4115 Evangeliis
811 4042 1176 4113 deprompta,
1201 4042 1484 4115 adestque
1506 4044 1589 4100 illi
1611 4045 1876 4121 legitima
1898 4050 2019 4107 haec

362 4131 771 4190 conscribendi
802 4145 995 4198 causa,
1021 4129 1342 4187 Salvatoris
1372 4132 1599 4190 scilicet
1620 4134 1680 4190 in
1713 4153 1887 4194 carne
1915 4141 2016 4195 ad-

359 4224 591 4289 ventus,
623 4222 859 4293 propter
906 4235 1083 4290 quem
1129 4219 1250 4274 bzsc
1279 4224 1337 4275 et
1366 4221 1586 4278 similia
1615 4224 1832 4297 scripta
1857 4233 2017 4284 sunt.

361 4309 509 4366 Nam
541 4314 607 4365 ut
636 4309 763 4381 ipse
813 4306 1074 4363 Verbum
1128 4312 1220 4363 est
1266 4308 1392 4376 Dei,
1444 4310 1524 4366 ita
1557 4317 1761 4383 postea
1794 4316 2022 4373 Verbum

359 4413 486 4455 caro
538 4399 748 4469 factum
788 4403 870 4452 est
908 4396 991 4465 3°;
1041 4400 1098 4452 et
1158 4400 1222 4452 In
1273 4399 1558 4471 principio
1616 4402 1855 4473 quidem
1901 4412 2021 4463 erat

2194 2274 2250 2331 9.
2284 2271 2384 2327 Καὶ
2416 2271 2694 2336 Διονύσιος
2724 2273 2903 2328 τοίνυν
2933 2273 3080 2348 παρὰ
3106 2276 3215 2328 τῶν
3258 2270 3579 2328 ἀποστόλων
3619 2276 3785 2327 τοῦτο

2131 2362 2313 2435 μαθὼν
2368 2362 2687 2432 πεποίηκεν
2746 2359 2934 2434 ἐπειδὴ
2991 2362 3096 2439 γάρ
3156 2363 3337 2439 εἴρπεν
3383 2363 3419 2431 ἡ
3472 2355 3787 2416 Σαϐελλίου

2128 2447 2333 2527 αἵρεσις
2364 2494 2378 2520 ,
2433 2451 2739 2527 ἠναγκάσθη
2798 2453 2899 2521 τὴν
2950 2450 3209 2522 τοιαύτην
3237 2493 3253 2519 ,
3308 2450 3445 2506 καθὰ
3498 2454 3788 2525 προεῖπον,

2131 2537 2422 2609 ἐπιστολὴν
2483 2541 2710 2615 γράψαι,
2745 2541 2834 2596 καὶ
2882 2541 2950 2595 τά
3004 2539 3352 2616 ἀνθρωπίνως
3408 2536 3499 2595 καί
3549 2536 3792 2601 εὐτελῶς

2128 2628 2253 2704 περὶ
2300 2632 2399 2683 τοῦ
2448 2635 2710 2706 Σωτῆρος
2765 2632 2843 2704 (7)
2898 2629 3162 2704 εἰρημένα
3219 2627 3370 2705 ῥίψαι
3418 2629 3535 2683 κατ’
3584 2626 3787 2683 αὐτῶν

2124 2716 2238 2785 ἵνα,
2269 2716 2496 2780 τούτους
2546 2718 2937 2794 ἀποσχοινίσας
2982 2715 3073 2774 διὰ
3114 2718 3182 2774 τὰ
3229 2718 3542 2795 ἀνθρώπινα
3577 2721 3677 2772 τοῦ
3708 2718 3788 2790 μή

2132 2804 2311 2881 λέγειν
2364 2807 2487 2862 Υὶὸν
2543 2807 2679 2863 εἶναι
2727 2808 2818 2864 τὸν
2877 2808 3112 2883 Πατέρα,
3174 2805 3544 2883 εύκολωτέραν
3601 2808 3789 2870 αὐτοῖς

2128 2896 2497 2970 κατασκευάσῃ
2540 2896 2640 2966 τήν
2688 2895 2813 2971 περὶ
2860 2902 2961 2967 τῆς
3010 2896 3268 2965 θεότητος
3313 2899 3413 2951 τοῦ
3462 2895 3592 2950 Υἱοῦ
3636 2891 3789 2950 διδα-

2130 2981 2379 3055 σκαλίαν,
2422 2983 2547 3039 ὅταν
2596 2983 2753 3040 αὐτὸν
2802 2983 2855 3041 ἐν
2901 2990 3020 3047 ταῖς
3069 2982 3268 3047 ἄλλαις
3318 2980 3631 3046 ἐπιστολαῖς
3677 2984 3787 3039 ἀπὸ

2130 3077 2237 3127 τῶν
2288 3077 2515 3151 Γραφῶν
2567 3071 2725 3149 λέγῃ,
2756 3073 2957 3149 Λόγον,
3008 3072 3221 3152 σοφίαν,
3273 3069 3527 3146 δύναμιν,
3560 3068 3782 3147 ἀτμίδα,

2046 3134 2089 3202 C
2127 3162 2217 3216 καὶ
2266 3134 2596 3239 ἀπαύγασμα
2784 3134 3019 3239 Πατρός.
3071 3134 3157 3218 ’1Ξν
3207 3134 3342 3237 γοῦν
3391 3134 3524 3225 ταῖς,
3555 3134 3790 3236 sm;

2094 3250 2353 3319 (στολαῖς
2398 3258 2499 3321 τῆς
2549 3251 2853 3327 ἀπολογίας
2894 3256 3120 3307 τοιαῦτα
3172 3248 3375 3327 λέγων,
3422 3250 3791 3328 παρῥησιάζε-

2124 3360 2214 3395 ται
2244 3339 2295 3396 έν
2327 3344 2397 3414 τῇ
2428 3340 2629 3413 πίστει,
2662 3341 2753 3396 καὶ
2782 3344 2853 3416 τῇ
2880 3340 2956 3404 εἷς
2986 3339 3214 3418 Χριστὸν
3267 3334 3531 3412 εὐσεϐείᾳ.
3579 3342 3788 3415 Ὥσπερ

2128 3427 2219 3484 οὗν
2249 3429 2309 3485 ού
2361 3429 2764 3507 κατηγορητέοι
2817 3432 2870 3485 οἱ
2917 3430 3216 3487 ἀπόστολοι
3261 3427 3351 3485 διὰ
3376 3429 3445 3485 τὰ
3473 3428 3791 3507 ἀνθρώπινα

2128 3518 2349 3595 ῥήματα
2395 3519 2520 3593 περὶ
2575 3523 2674 3574 τοῦ
2729 3519 2928 3595 Κυρίου
2986 3518 3097 3593 (καὶ
3154 3520 3255 3595 γὰρ
3305 3517 3589 3595 ἄνθρωπος
3622 3518 3788 3594 γέγο-

2124 3628 2205 3663 νεν
2238 3609 2265 3662 ὁ
2307 3606 2550 3685 Κύριος),
2602 3605 2748 3663 ἀλλὰ
2792 3608 2882 3663 καὶ
2933 3610 3010 3683 (9)
3057 3605 3270 3683 μᾶλλον
3323 3606 3598 3682 θαύματος
3644 3603 3786 3678 ἄξιοι

2127 3693 2217 3774 διὰ
2245 3697 2345 3766 τὴν
2402 3695 2719 3772 οἰκονομίαν
2777 3697 2867 3752 καὶ
2920 3697 3021 3766 τήν
3082 3695 3134 3752 έν
3181 3700 3357 3773 καιρῷ
3405 3693 3787 3752 διδασκαλίαν·

2126 3784 2302 3848 οὕτως
2356 3785 2455 3841 οὐκ
2500 3783 2779 3863 Ἀρειανὸς
2813 3787 2841 3842 ὁ
2886 3784 3164 3848 Διονύσιος
3208 3787 3343 3859 (10),
3394 3782 3484 3840 διὰ
3514 3786 3614 3855 τήν
3646 3784 3786 3858 πρὸς

2126 3873 2449 3951 Εὐφράνορα
2474 3873 2565 3929 καὶ
2598 3874 2920 3949 ’Δμμώνιον
2952 3875 3089 3929 κατὰ
3121 3868 3431 3929 Σαϐελλίου
3462 3871 3784 3945 ἐπιστολήν.

2125 3961 2191 4017 Εἰ
2245 3964 2348 4039 γάρ
2404 3960 2495 4017 καί
2539 3968 2815 4025 ταπεινοῖς
2876 3962 3152 4041 ἐχρήσατο
3210 3960 3397 4038 λόγοις
3454 3962 3546 4018 καὶ
3603 3982 3786 4039 παρα-

2129 4048 2436 4125 δείγμασιν,
2486 4048 2615 4106 ἀλλ’
2664 4052 2725 4107 ὲκ
2771 4056 2879 4108 τῶν
2930 4051 3279 4129 Εὐαγγελίων
3314 4051 3426 4108 ἐστὶ
3473 4051 3564 4108 καὶ
3592 4056 3782 4109 ταῦτα·

2126 4138 2219 4194 καὶ
2248 4138 2512 4217 πρόφασιν
2546 4137 2667 4215 ἔχει
2693 4139 2921 4211 τούτων,
2952 4143 3053 4211 τήν
3101 4145 3198 4195 τοῦ
3229 4147 3493 4216 Σωτῆρος
3526 4138 3783 4218 ἕνσαρκον

2128 4226 2449 4304 παρουσίαν,
2504 4224 2573 4282 δι’
2615 4228 2682 4297 ἢν
2713 4230 2828 4303 (11)
2870 4227 2960 4284 καὶ
3008 4233 3177 4285 ταῦτα
3222 4229 3312 4284 καὶ
3351 4230 3421 4285 τὰ
3467 4228 3642 4302 ὅμοια
3689 4230 3784 4306 γέ-

2129 4336 2383 4391 γραπται.
2417 4317 2517 4373 Καὶ
2548 4319 2651 4394 γὰρ
2679 4316 2859 4393 ὥσπερ
2908 4317 3086 4394 Λόγος
3140 4317 3251 4373 ἐστὶ
3298 4321 3394 4373 τοῦ
3442 4322 3599 4391 Θεοῦ,
3634 4318 3784 4375 οὕτω

2135 4406 2269 4480 μετὰ
2318 4410 2485 4461 ταῦτα
2541 4407 2598 4461 '0
2654 4406 2833 4483 Λόγος
2892 4406 3022 4485 σὰρξ
3075 4405 3286 4483 ἐγένετο
3344 4409 3476 4483 (12)”
3535 4404 3647 4481 καί,
3700 4409 3781 4465 Ἐν

429 4540 476 4575 δι
503 4540 629 4596 Act.
683 4554 768 4606 III,
801 4538 889 4594 15.
965 4538 1011 4578 ³⁸
1040 4538 1250 4595 Matth.
1283 4556 1397 4612 xm,
1434 4541 1524 4598 16.
1605 4545 1650 4580 ³⁸
1678 4545 1855 4603 Hebr.
1889 4565 1929 4617 1,
1959 4550 2013 4607 3.

2131 4551 2135 4562 '
2164 4548 2416 4623 Philipp.
2453 4567 2518 4617 II,
2548 4551 2602 4606 6.
2678 4548 2847 4607 Joan.
2881 4567 2922 4617 ι,
2955 4551 3044 4607 14.

455 4703 490 4755 2
544 4696 722 4753 Αὐτοῦ
754 4698 918 4755 deest
940 4698 999 4754 in
1027 4699 1268 4756 Taurin.

455 4700 513 4841 3)
563 4769 804 4826 Taurin.
840 4769 1002 4826 Colb.
1055 4771 1149 4826 Fr.
1184 4772 1235 4835 1,

455 4703 490 4755 2
544 4700 722 4753 Αὐτοῦ
754 4700 918 4755 deest
940 4700 999 4754 in
1027 4700 1268 4756 Taurin.

432 4700 513 4843 (3)
563 4769 804 4852 Taurin.
840 4769 1002 4852 Colb_.
1055 4771 1149 4826 Fr.
1184 4772 1261 4852 1:-
1285 4777 1560 4852 cuvsjmv._
1583 4776 1738 4852 Jes.,
1761 4781 2016 4852 συνῆψεν.

361 4841 500 4925 geg.
533 4845 591 4897 et
644 4841 831 4925 editi,_
868 4846 1173 4925 συχῇπτεν..
1206 4843 1652 4925 Mo§__Taurin.,
1696 4841 2018 4925 _ibpo).o'yet.

362 4913 585 4970 Ibidem
609 4914 708 4965 τοῦ
738 4916 875 4968 ante
922 4915 1123 4980 ζῶντος
1158 4913 1217 4968 in
1250 4915 1426 4973 editis
1457 4918 1622 4975 deest
1638 4913 1657 4975 ἐ
1692 4913 1772 4976 in'
1803 4913 2017 4979 codici-

361 4985 474 5058 bus
503 4999 637 5058 vero
666 4984 946 5058 omnibus
978 4984 1212 5058 legitur.

455 5058 510 5128 4)
537 5053 735 5128 _Fel_ck.
766 5056 801 5110 3
832 5051 1145 5128 θησαξκαὶ
1177 5051 1474 5128 δαιμόνων.

455 5125 511 5197 5)
526 5125 600 5207 .In
623 5125 766 5207 ῐξθε,
797 5133 857 5207 et
883 5126 941 5182 in
973 5127 1145 5207 editis
1173 5125 1280 5207 τῆς
1305 5129 1505 5207 deest:
1548 5132 1926 5207 sed‘babetur
1954 5135 2016 5191 in

363 5197 606 5255 Taurin.
637 5197 775 5270 golb
826 5197 943 5253 Jes.
997 5203 1056 5254 et
1100 5198 1294 5254 Felek.
1326 5201 1360 5255 3
1414 5218 1618 5270 anon.,
1649 5204 1778 5261 Mox
1818 5206 2010 5265 Felck.

360 5269 395 5325 3
424 5284 621 5339 anon.,
654 5263 769 5321 ἴσον
800 5271 933 5339 Θεῷ.

430 5339 510 5411 (6)
539 5338 778 5418 Taurin.
812 5338 971 5397 Colb.
1003 5339 1126 5396 Jes.
1154 5340 1346 5418 Felclt.
1376 5343 1411 5418 β
1440 5361 1611 5418 anon.
1638 5344 1716 5418 ,τί
1744 5344 1815 5418 ἃν,
1835 5348 1873 5418 ᾗ
1900 5343 2015 5402 ἓτε-

363 5405 614 5534 ρον,ἰέυἱ
647 5411 897 5467 ultimus
919 5412 1228 5484 sequentia
1260 5414 1343 5470 sic
1375 5414 1583 5472 habet:
1618 5405 1653 5485 ἦ
1685 5415 1769 5471 ὅτι
1802 5405 1870 5472 ἐν’
1900 5420 2012 5473 σώ-

367 5478 492 5534 ματί
550 5499 632 5532 στι
664 5481 840 5534 Λόγος
874 5479 947 5534 ὢν
998 5486 1150 5534 Θεοῦ.
1209 5487 1319 5534 etc.
1373 5486 1501 5534 Mn!
1532 5488 1685 5534 idem
1744 5485 2012 5534 ὃιαίοετηε

367 5478 634 5562 ματίὲστι
664 5481 840 5562 Λόγος
874 5479 947 5536 ὢν
998 5478 1150 5562 Θεοῦ,
1209 5487 1319 5562 etg.
1372 5486 1504 5562 Mox
1532 5478 1710 5562 idem,
1739 5485 2012 5562 διαίρετος

362 5549 440 5632 ἱςῷ
472 5550 639 5632 βατρῇ
671 5549 912 5632 ᾠςέστι,
934 5549 1243 5632 mendose.
1268 5557 1506 5615 Taurin.
1541 5549 2015 5619 Colb.'Jes.'ante

365 5619 437 5683 ὡς
470 5619 595 5675 ἔστί
614 5622 828 5678 habent
855 5622 966 5679 καί.

437 5697 511 5775 (7)
542 5694 785 5775 Taurin.
812 5695 972 5751 Colb.
1002 5694 1145 5775 Jes.,
1167 5716 1268 5775 31¢,
1291 5772 1297 5775 _
1318 5698 1376 5753 id
1433 5705 1523 5757 est
1559 5699 1791 5775 Ηατρός,
1826 5718 2011 5775 prono

371 5767 583 5842 quippe
612 5765 781 5838 lapsu
812 5781 882 5821 ex
929 5784 1077 5839 σρος,
1128 5768 1186 5823 id
1218 5772 1306 5826 est
1351 5775 1613 5847 Σωτῆρος
1663 5765 1884 5833 factum
1919 5781 2012 5834 est

2050 4714 2098 4779 D
2131 4708 2552 4785 npbgﬂutpdc.
2585 4711 2717 4785 Mpx
2772 4709 2974 4785 Felck.
3009 4711 3045 4767 3
3089 4707 3413 4785 anon.,_'tvu
3437 4708 3569 4785 τοῦς
3597 4710 3779 4785 τοιού-

2129 4781 2254 4843 τους
2287 4781 2315 4835 ὁ
2363 4781 2779 4858 ἀπὸσχοινίσας.
2836 4782 3015 4839 Paulo
3068 4787 3204 4855 post
3253 4781 3431 4852 idem,
3484 4781 3783 4841 εὐκολώτε-

2131 4872 2452 4928 POY-____
2538 4925 2556 4928 _
2988 4905 3085 4928 --

2200 4924 2277 4999 (8)
2307 4924 2497 4999 Felck;
2531 4925 2565 4980 3
2596 4941 2794 4999 unone
2825 4928 2909 4999 Ἐγ
2941 4924 3044 4999 γὰρ
3073 4927 3213 4999 seic-

2198 4994 2275 5068 (9)
2306 4994 2426 5068 Kut
2454 4997 2618 5053 deest
2644 4997 2704 5052 in
2734 4994 2974 5068 Taurini.
3008 4994 3171 5054 Colb.
3217 4996 3336 5053 Jes.
3386 4997 3479 5053 Fr.
3515 4998 3565 5068 1.
3596 4998 3660 5054 In
3690 5013 3783 5054 re-

2124 5064 2311 5151 liquis
2339 5067 2514 5151 editis
2557 5072 2624 5151 et
2663 5085 2806 5150 mss.
2851 5067 3286 5151 legi‘tur..Mox_,_
3320 5067 3631 5151 οἱκονσμίαν
3658 5068 3784 5151 ,καὶ

2122 5137 2222 5211 τήν
2256 5138 2348 5211 Sic
2379 5143 2520 5211 Reg.
2577 5140 2819 5195 Taurin.
2878 5137 3040 5196 Colb.
3089 5138 3209 5196 Jes.
3245 5139 3339 5195 Fr.
3381 5142 3433 5197 1.
3490 5137 3549 5196 in
3608 5139 3785 5198 editis

2123 5208 2212 5262 καί
2262 5209 2443 5266 deest.

2200 5282 2318 5355 (19)
2350 5280 2542 5355 Felck.
2572 5283 2607 5337 3
2644 5297 2844 5347 anon.,
2889 5278 2990 5355 ούκ
3016 5278 3292 5355 ῘΔρειανὸς
3324 5280 3603 5343 Διονύσιος
3642 5279 3783 5355 πρὸς

2123 5344 2380 5426 autem
2413 5352 2503 5406 καὶ
2539 5344 2991 5426 ΣαμμωιᾶΫ-(είο
3018 5344 3128 5426 hoe
3158 5352 3307 5426 loco,
3349 5371 3551 5426 supra
3578 5344 3781 5426 tamen

2124 5420 2453 5511 ’A’uwuvivl)‘
2492 5416 2634 5479 κατᾶ
2672 5416 2992 5511 ’ξαὸελλίου
3059 5416 3353 5493 ἐπιστολὴν
3414 5416 3662 5503 γράφων.
3713 5424 3779 5479 Οἱ

2122 5494 2193 5566 γά
2236 5512 2247 5524 ·
2283 5495 2366 5550 sic
2396 5494 2492 5552 ille
2523 5496 2821 5551 mendose.

2194 5510 2477 5639 F11)__Reg.
2501 5568 2685 5632 solus,
2718 5563 2788 5621 δι’
2811 5564 2893 5623 ὅν.

2192 5612 3012 5710 ὲὶἑίιὶἑῖιῗξ”ἔ’“εῖτίοἲί.,”ξ›οει
3065 5634 3296 5710 ἐγένετο,
3349 5638 3538 5707 addit,
3595 5637 3685 5692 καὶ
3718 5634 3770 5692 ἐν

2120 5705 2255 5833 ἷῆῖν
2289 5704 2581 5781 ἐσκήνωσε.
2615 5711 2779 5777 Quod
2826 5704 3031 5766 itidem
3061 5704 3235 5782 paulo
3266 5704 3421 5767 intra
3448 5704 3615 5768 addit
3642 5716 3778 5783 post

2147 5798 2180 5854 γ
2212 5798 2351 5836 vero.
