4148 6390
388 506 508 569 493

1587 499 1691 560 DE
1737 494 2184 561 SENTENTIA
2227 495 2599 560 DIONYSII.

3684 495 3801 558 494

387 639 533 716 ἀρχῇ
569 634 661 712 μὲν
711 634 778 707 ἦν
825 636 852 692 6
901 634 1070 713 Λόγος
1106 655 1118 668 ·
1179 636 1214 705 ἡ
1249 631 1306 690 δὲ
1333 633 1596 707 Παρθένος
1630 631 1716 687 ἐπὶ
1751 629 2029 700 συντελείᾳ

2155 631 2381 685 Verbum
2405 632 2495 685 3°:
2543 630 2719 704 Virgo
2764 634 2960 686 autem
3020 628 3175 686 circa
3230 628 3800 687 consummationem

385 733 494 784 τῶν
549 727 757 782 αἰώνων
818 725 868 781 ἐν
918 726 1110 801 γαστρὶ
1168 723 1315 800 ἔσχε,
1348 725 1435 779 καὶ
1493 724 1708 798 γέγονεν
1752 723 1778 776 6
1838 719 2032 795 Κύριος

391 814 697 892 ἅνθρωπος.
733 816 830 871 Καὶ
864 816 938 876 εἷς
977 816 1070 888 μὲν
1103 811 1240 869 ἔστιν
1272 815 1299 868 6
1455 812 1775 890 ἀμφοτέρων
1833 831 2033 882 σημαι-

386 906 650 978 νόμενος’
713 906 769 958 '0
819 907 919 980 γάρ
986 904 1162 979 Λόγος
1217 903 1341 979 σὰρξ
1403 902 1641 979 ἐγένετο·
1676 902 1741 955 τὰ
1799 898 1855 955 δὲ
1911 900 2034 972 περὶ

384 1001 484 1064 τῆς
519 993 776 1063 θεότητος
807 993 971 1048 αὐτοῦ
999 993 1090 1047 καὶ
1120 999 1218 1062 τῆς
1278 992 1730 1068 ένανΘρωπήσεως
1776 987 2038 1065 εἰρημένα

387 1084 605 1160 ῥήματα
638 1081 776 1138 ἰδίαν
810 1083 900 1137 καὶ
926 1080 1278 1152 κατάλληλον
1312 1076 1428 1156 ἔχει
1459 1080 1595 1155 πρὸς
1652 1077 1874 1134 ἕκαστον
1929 1079 2036 1132 τῶν

389 1171 702 1248 λεγομένων
762 1173 860 1240 τὴν
905 1171 1190 1248 ἑρμηνείαν
1218 1191 1229 1205 ο
1289 1171 1378 1225 καὶ
1408 1171 1435 1225 6
1464 1171 1531 1225 τὰ
1585 1169 1890 1244 ἀνθρώπινα
1923 1168 2034 1240 (13)

385 1266 479 1316 τοῦ
511 1261 687 1338 Λόγου
717 1260 940 1340 γράφων
969 1258 1081 1316 οἶδε
1110 1260 1196 1315 καὶ
1228 1260 1294 1314 τὰ
1323 1259 1446 1336 περὶ
1478 1267 1578 1328 τῆς
1625 1258 1880 1328 θεότητος
1925 1255 2038 1310 ,αὐ-

382 1355 480 1405 τοῦ
507 1370 518 1382 ·
554 1351 642 1405 καὶ
675 1352 702 1404 6
731 1351 854 1426 περὶ
883 1353 981 1419 τῆς
1013 1349 1268 1418 Θεότητος
1302 1348 1659 1424 ἐξηγούμενος
1720 1347 1819 1401 οὐκ
1859 1347 2039 1420 ἀγνοεῖ

381 1440 450 1494 τὰ
503 1436 615 1494 ἴδια
660 1445 760 1509 τῆς
821 1437 1076 1515 ἐνσάρκου
1135 1439 1246 1510 (14)
1306 1437 1603 1512 παρουσίας
1656 1437 1851 1490 αὐτοῦ’
1915 1429 2037 1487 ἀλλ’

381 1525 602 1582 ἕκαστον
655 1529 729 1583 ὡς
784 1527 1098 1600 ἐπιστήμων
1152 1527 1241 1581 καὶ
1291 1524 1518 1599 δόκιμος
1549 1525 1870 1602 τραπεζίτης
1928 1521 2039 1578 δια-

380 1616 595 1691 κρίνων,
654 1617 770 1670 κατ’
830 1616 985 1692 ὀρθὸν
1045 1623 1144 1684 τῆς
1225 1610 1496 1676 εὐσεϐείας
1575 1612 1860 1689 βαδιεῖται.
1914 1615 2039 1666 ’Ὀτε

381 1709 513 1780 γοῦν
543 1703 701 1760 αὐτὸν
759 1702 1016 1760 κλαίοντα
1055 1703 1224 1778 λέγει,
1259 1701 1423 1770 οἶδεν,
1457 1702 1560 1773 δτι,
1614 1703 1896 1778 ἄνθρωπος
1952 1722 2038 1776 γε·

381 1793 606 1866 νόμενος
639 1795 666 1848 6
699 1793 916 1869 Κύριος,
979 1791 1212 1847 δείκνυσι
1270 1792 1332 1846 τὸ
1387 1792 1480 1863 μὲν
1535 1789 1741 1846 κλαίειν
1795 1795 1892 1845 τοῦ
1950 1789 2037 1843 ἀν-

383 1882 680 1958 θρωπίνου,
717 1882 912 1958 ἐγείρει
949 1879 1006 1936 δὲ
1033 1881 1277 1956 Λάζαρον
1307 1881 1381 1942 ὡς
1411 1879 1538 1941 Θεός
1564 1899 1575 1909 '
1637 1880 1724 1934 καὶ
1775 1883 2040 1934 πεινῶντα

387 1971 480 2043 μὶν
522 1969 678 2025 αὐτὸν
739 1971 827 2024 καὶ
887 1967 1125 2044 διψῶντα
1183 1966 1296 2024 οἶδε
1325 1973 1676 2042 σωματικῶς,
1728 1970 1919 2029 Θεϊκῶς
1982 1965 2038 2021 δὲ
2070 2004 2117 2068 Β

381 2059 720 2135 χορτάζοντα
769 2059 874 2114 ἀπὸ
921 2061 1077 2114 πέντε
1136 2059 1310 2134 ἄρτων
1371 2057 1894 2133 πεντακισχιλίους·
1945 2057 2035 2111 καὶ

388 2148 632 2222 κείμενον
693 2148 787 2222 μὲν
844 2145 983 2203 οἶδεν
1041 2147 1093 2202 ἐν
1149 2147 1404 2221 μνημείῳ
1463 2152 1622 2220 σῶμα
1679 2147 2037 2222 ἀνθρώπινον,

387 2235 726 2314 ἐγειρόμενον
787 2234 843 2292 δὲ
895 2237 971 2300 ὡς
1022 2242 1155 2292 Θεοῦ
1204 2241 1363 2310 σῶμα
1418 2239 1544 2312 παρ’
1592 2235 1755 2291 αὐτοῦ
1807 2241 1903 2291 τοῦ
1935 2235 2038 2290 Λό-

385 2346 488 2401 γου
512 2328 646 2399 (15).

459 2417 545 2471 10.
577 2417 752 2469 Ταῦτα
779 2413 867 2468 καὶ
902 2413 1182 2476 Διονύσιος
1214 2411 1497 2484 διδάσκων,
1534 2414 1584 2469 ἐν
1624 2416 1716 2488 μὲν
1775 2419 1844 2489 τῇ
1902 2417 2038 2492 πρὸς

385 2501 706 2580 Εὐφράνορα
734 2501 823 2556 καὶ
857 2503 1174 2575 ’Δμμώνιον
1207 2501 1469 2577 ἐπιστολῇ
1503 2503 1625 2580 περὶ
1679 2508 1786 2558 τῶν
1830 2505 2037 2579 ἀνθρω-

383 2590 550 2652 πίνως
581 2590 882 2664 εἰρημένων
934 2591 1058 2666 περὶ
1109 2596 1206 2646 τοῦ
1265 2598 1528 2667 Σωτῆρος
1584 2589 1673 2646 διὰ
1729 2588 2035 2649 Σαϐέλλιον

383 2674 647 2753 ἔγραψεν·
712 2678 1062 2754 ἀνθρωπίνως
1121 2679 1220 2756 γάρ
1276 2679 1414 2735 ἐστιν
1465 2680 1729 2757 εἰρημένα
1772 2681 1893 2758 περῖ
1945 2682 2038 2735 αὗ-

380 2771 476 2821 τοῦ
531 2767 614 2838 τὸ,
651 2768 792 2842 Ἐγὼ
822 2769 856 2836 ἡ
890 2765 1136 2840 ἄμπελος
1197 2770 1331 2842 (16),
1369 2770 1397 2823 6
1428 2771 1615 2846 Πατὴρ
1676 2772 1702 2824 6
1755 2770 1993 2846 γεωργός
2020 2791 2031 2802 ·

381 2855 469 2910 καὶ
528 2857 610 2928 τὸ,
664 2857 860 2911 Πιστὸν
919 2851 1047 2910 ὄντα
1101 2861 1180 2928 τῷ
1237 2860 1524 2928 ποιήσαντι
1584 2858 1782 2914 αὐτόν’
1818 2860 1906 2914 καὶ
1950 2859 2034 2929 τὸ,

382 2949 618 3015 ’Έκτισε,
695 2944 808 3014 καὶ,
884 2944 1138 3017 Τοσούτῳ
1223 2947 1480 3021 κρείττων
1554 2949 1844 3022 γενόμενος

382 3032 650 3109 ἀγγέλων.
682 3033 791 3089 Οὐκ
821 3033 1004 3108 ἠγνόει
1061 3031 1118 3088 δὲ
1164 3035 1248 3105 τὸ,
1283 3037 1421 3112 Ἐγὼ
1479 3035 1530 3090 έν
1587 3041 1666 3108 τῷ
1722 3038 1912 3112 Πατρὶ,
1945 3043 2034 3096 καὶ

383 3123 410 3176 6
443 3123 630 3197 Πατὴρ
690 3121 740 3176 ἐν
806 3121 964 3195 ἐμοί’
1017 3122 1106 3176 καὶ
1155 3124 1239 3195 τὸ,
1272 3125 1328 3176 'O
1361 3122 1457 3196 ἔμε
1517 3125 1773 3201 ἑωρακὼς
1832 3127 2037 3201 ἑώρακε

381 3210 472 3267 τδν
520 3211 770 3288 Πατέρα·
831 3215 998 3266 ταῦτα
1062 3211 1164 3286 γὰρ
1224 3212 1382 3267 αὐτὸν
1418 3212 1470 3267 έν
1507 3220 1623 3275 ταῖς
1670 3211 1864 3276 ἄλλαις
1917 3215 2034 3270 ἐπι-

383 3299 604 3364 στολαῖς
665 3298 904 3376 ἔγνωμεν
964 3300 1276 3377 γράψαντα·
1335 3301 1424 3356 καὶ
1488 3302 1587 3379 γὰρ
1651 3303 1806 3358 κάκεῖ
1869 3309 2035 3360 ταῦτα

1928 2953 2033 3002 τῶν

2146 719 2492 775 saeculorum
2545 723 2604 775 in
2653 725 2807 776 utero
2855 721 3050 776 habuit
3073 721 3138 775 ‘0.
3171 719 3578 793 Dominusque
3626 721 3802 777 homo

2147 810 2333 864 factus
2364 814 2472 864 est.
2497 812 2684 880 Atque
2718 828 2871 867 unus
2894 810 3133 882 quidem
3165 814 3255 865 est
3287 809 3387 882 qui
3421 810 3653 866 duabus
3685 809 3804 867 illis

2147 898 2457 953 sententiis
2491 899 2805 967 indicatur,
2838 917 2972 956 nam
3010 900 3246 956 Verbum
3283 915 3413 956 caro
3456 900 3667 971 factum
3696 902 3797 959 est.

2146 988 2279 1052 Quae
2314 1004 2482 1060 porro
2506 988 2576 1042 de
2600 989 2905 1043 divinitate
2930 994 2986 1044 et
3009 990 3080 1044 de
3106 988 3473 1045 humanitate
3495 990 3623 1060 ejus
3649 988 3805 1045 dicta

2147 1082 2307 1148 sunt,
2333 1077 2627 1148 propriam
2661 1082 2717 1132 et
2747 1079 3066 1149 unicuique
3088 1079 3158 1134 de
3180 1096 3296 1150 quo
3327 1078 3522 1150 agitur
3550 1094 3800 1150 congru-

2147 1171 2340 1223 entem
2374 1166 2590 1220 habent
2623 1167 3158 1238 interpretationem
3185 1186 3196 1224 :
3223 1168 3304 1224 ita
3326 1173 3391 1223 ut
3412 1168 3508 1240 qui
3541 1167 3805 1224 humana

2146 1255 2321 1311 Verbi
2352 1255 2576 1323 scribit,
2611 1255 2740 1326 ejus
2785 1273 3018 1328 quoque
3068 1255 3434 1312 divinitatem
3485 1260 3798 1328 agnoscat;

2149 1349 2204 1399 et
2235 1344 2334 1416 qui
2381 1345 2450 1400 de
2501 1344 2806 1399 divinitate
2835 1344 3118 1415 loquitur,
3151 1345 3394 1401 minime
3437 1345 3514 1400 sit
3560 1345 3802 1417 ignarus

2149 1450 2347 1488 eorum
2379 1451 2504 1505 quae
2551 1434 2622 1488 ad
2656 1433 2949 1488 carnalem
2980 1435 3110 1504 ejus
3140 1435 3453 1490 adventum
3487 1439 3753 1506 spectant
3785 1452 3800 1492 :

2149 1523 2249 1578 sed
2282 1527 2343 1577 ut
2371 1523 2595 1594 peritus
2618 1529 2675 1577 et
2701 1522 2919 1594 probus
2947 1522 3228 1593 trapezita
3257 1523 3406 1577 inter
3428 1522 3658 1595 singula
3679 1523 3805 1578 dis-

2149 1612 2446 1683 tinguens,
2481 1612 2538 1666 in
2573 1617 2728 1666 recta
2774 1612 3008 1682 pietatis
3041 1611 3274 1666 incedat
3301 1611 3412 1668 via.
3447 1613 3588 1667 Cum
3620 1611 3804 1684 igitur

2149 1717 2281 1754 eum
2312 1701 2729 1773 lacrymantem
2765 1699 2926 1770 dicit,
2956 1700 3136 1772 probe
3168 1700 3330 1755 novit
3358 1700 3671 1756 Dominum
3703 1701 3804 1757 ho-

2150 1789 2366 1844 minem
2402 1790 2619 1844 factum
2654 1791 2844 1860 quoad
2889 1789 3316 1844 humanitatem
3349 1789 3638 1862 laorymas
3669 1807 3802 1862 pro-

2150 1879 2420 1946 fundere;
2451 1883 2514 1934 ut
2545 1883 2727 1934 Deum
2759 1894 2914 1945 vero,
2950 1880 3230 1935 Lazarum
3266 1896 3300 1934 a
3331 1879 3579 1934 mortuis
3609 1879 3805 1936 susci-

2147 1971 2271 2026 tare
2305 1985 2316 2023 :
2352 1967 2508 2022 novit
2556 1983 2790 2039 quoque
2839 1966 3007 2022 illum
3051 1968 3276 2022 esurire
3306 1967 3705 2041 corporaliter,
3737 1985 3806 2024 ac

2152 2056 2433 2112 divinitus
2467 2073 2534 2112 ex
2565 2057 2824 2128 quinque
2870 2056 3123 2128 panibus
3157 2058 3417 2129 quinque
3468 2057 3656 2113 millia
3706 2075 3800 2114 sa-

2149 2145 2296 2201 tiare
2329 2163 2341 2200 :
2377 2162 2588 2217 corpus
2620 2145 2820 2200 itidem
2862 2145 3190 2200 humanum
3222 2145 3282 2200 in
3313 2144 3581 2218 sepulcro
3605 2147 3803 2219 jacere

2151 2235 2329 2302 novit,
2362 2251 2467 2290 nec
2496 2235 2728 2307 ignorat
2757 2234 2902 2289 illud
2935 2235 3129 2307 ipsum
3163 2252 3196 2290 a
3224 2235 3433 2306 Verbo,
3457 2239 3519 2290 ut
3547 2235 3647 2292 Dei
3678 2252 3804 2292 cor-

2151 2341 2262 2396 pus
2294 2324 2588 2380 suscitari.

2223 2415 2306 2468 10.
2342 2417 2472 2468 Haec
2511 2413 2638 2485 ipsa
2672 2413 2887 2468 docens
2930 2412 3263 2485 Dionysius,
3295 2413 3355 2468 in
3385 2412 3634 2485 epistola
3665 2413 3795 2487 qui-

2151 2502 2282 2558 dem
2315 2503 2387 2558 ad
2420 2502 2862 2574 Euphranorem
2894 2506 2950 2558 et
2978 2502 3378 2568 Ammonium,
3407 2519 3533 2574 quin
3565 2503 3636 2559 de
3665 2502 3796 2559 Sal-
3828 2500 3833 2504 ’

2149 2596 2343 2647 vatore
2387 2591 2716 2646 secundum
2764 2591 3194 2646 humanitatem
3229 2592 3383 2648 dicta
3431 2595 3590 2660 sunt,
3624 2591 3803 2648 refel-

2148 2680 2305 2736 lendi
2335 2680 2573 2735 Sabellii
2605 2697 2785 2735 causa
2817 2680 3069 2752 scripsit.
3105 2681 3440 2736 Secundum
3471 2680 3806 2737 humanita-

2147 2775 2265 2824 tem
2294 2770 2449 2824 enim
2482 2769 2603 2824 haec
2655 2769 2726 2824 de
2773 2767 2870 2822 illo
2922 2773 3062 2823 sunt
3111 2768 3336 2840 prolata
3369 2785 3382 2824 :
3417 2770 3528 2838 Ego
3578 2771 3724 2840 vitis,
3753 2774 3807 2826 et

2148 2864 2318 2914 Pater
2345 2875 2496 2915 meus
2527 2858 2775 2929 agricola
2797 2859 2873 2925 ‘1;
2907 2861 2965 2912 et
2997 2875 3010 2914 :
3043 2856 3289 2913 Fidelem
3319 2859 3371 2913 ei
3411 2859 3510 2932 qui
3554 2860 3689 2930 fecit
3717 2861 3807 2931 ip-

2146 2964 2268 3003 sum
2289 2949 2360 3016 ‘9,
2391 2964 2495 3004 nec
2528 2965 2641 3003 non
2674 2946 2821 3001 illud
2857 2964 2868 3002 :
2907 2946 3122 3002 Creavit
3146 2946 3218 3016 ‘3;
3254 2952 3312 3003 et
3345 2964 3356 3002 :
3399 2951 3572 3005 Tanto
3603 2947 3810 3006 melior

2147 3036 2365 3108 angelis
2408 3037 2674 3109 factus“.
2710 3036 2826 3092 Nec
2855 3035 3162 3108 ignorabat
3214 3041 3409 3093 tamen
3460 3036 3603 3093 illud
3641 3054 3654 3094 :
3687 3039 3806 3113 Ego

2147 3129 2206 3181 in
2238 3128 2403 3181 Patre
2431 3134 2484 3181 et
2516 3130 2677 3181 Pater
2725 3126 2782 3178 in
2827 3141 2913 3179 me
2933 3125 3003 3192 ‘5;
3039 3129 3096 3180 et
3127 3141 3138 3178 :
3173 3127 3286 3196 Qui
3330 3125 3476 3180 videt
3521 3143 3626 3196 me,
3660 3126 3806 3184 videt

2144 3220 2194 3270 et
2252 3217 2479 3270 Patrem
2502 3216 2575 3282 ‘5;
2631 3215 2752 3268 haec
2801 3213 2957 3269 enim
3014 3212 3181 3269 illum
3243 3213 3513 3269 novimus
3563 3215 3620 3269 in
3669 3214 3803 3273 aliis

2150 3304 2458 3376 scripsisse
2493 3301 2779 3376 epistolis,
2814 3303 2914 3357 ubi
2965 3302 3103 3357 dum
3151 3301 3267 3357 ista
3316 3305 3654 3375 pertractat,
3688 3303 3802 3361 hu-

380 3390 621 3468 γράφων,
660 3390 1027 3464 ἐμνημόνευσε
1079 3395 1185 3444 τῶν
1242 3391 1587 3467 ἀνθρωπίνων
1654 3398 1751 3448 τοῦ
1812 3393 2030 3466 Κυρίου.

2152 3394 2491 3448 manitatem
2543 3408 2777 3464 quoque
2810 3389 3038 3446 Domini
3087 3394 3394 3445 memorat.
3424 3390 3588 3447 Sicut
3616 3391 3796 3461 enim,

379 3480 581 3553 ’Ὠσπερ
631 3478 753 3554 γὰρ,
789 3481 872 3533 Ἐν
936 3483 1119 3556 μορφῇ
1150 3484 1284 3533 Θεοῦ
1343 3477 1415 3533 ὢν
1471 3480 1578 3556 οὐχ
1611 3483 1721 3556 (17)
1752 3483 2034 3557 ἁρπαγμὸν

380 3569 630 3642 ἡγήσατο
685 3570 747 3622 τὸ
807 3568 939 3622 εἶναι
1000 3565 1087 3622 ίίσα
1147 3573 1282 3640 Θεῷ,
1347 3567 1473 3624 ἀλλ’
1529 3570 1714 3625 ἑαυτὸν
1787 3569 2028 3642 ἐκένωσε,

385 3658 598 3734 μορφὴν
661 3653 862 3712 δούλου
936 3653 1152 3711 λαϐών·
1211 3656 1320 3730 καὶ,
1375 3657 1640 3720 Πλούσιος
1704 3657 1800 3728 ὢν,
1863 3660 2032 3716 ἐπτώ-

379 3763 544 3820 χευσε
574 3741 642 3798 δι’
669 3747 818 3818 ἡμᾶς
845 3766 857 3779 ·
899 3744 1091 3816 οὕτως,
1127 3740 1291 3800 ὄντων
1326 3745 1552 3819 ὑψηλῶν
1606 3748 1695 3802 καὶ
1754 3748 2031 3805 πλουσίων

378 3837 486 3887 τῶν
540 3835 662 3909 περί
710 3840 810 3903 τῆς
870 3834 1122 3904 Θεότητος
1182 3835 1346 3890 αὐτοῦ
1404 3835 1606 3911 λόγων,
1669 3836 1769 3891 εἰσὶ
1829 3838 1919 3891 καὶ
1978 3839 2031 3891 αἱ

380 3921 503 3999 περὶ
560 3925 658 3991 τῆς
716 3921 972 3998 ἐνσάρκου
1027 3923 1321 3999 παρουσίας
1405 3924 1568 3979 αὐτοῦ
1638 3927 1884 3980 ταπειναὶ
1943 3928 2031 3981 καὶ

379 4011 600 4087 πτωχαὶ
672 4011 841 4083 λέξεις
909 4016 1041 4086 (18).
1101 4016 1219 4068 ’Ὀτι
1269 4010 1326 4068 δὲ
1392 4013 1744 4090 ἀνθρωπίνως
1822 4014 2032 4091 εἷίρηται

376 4104 546 4154 ταῦτα
574 4101 698 4177 περὶ
728 4106 824 4158 τοῦ
857 4108 1140 4178 Σωτῆρος,
1174 4108 1390 4158 σκοπεῖν
1439 4103 1674 4168 ἐντεῦθεν
1726 4108 1991 4180 προσήκει
2015 4125 2026 4137 °

379 4188 407 4242 6
442 4187 536 4260 μὶν
577 4189 813 4264 γεωργὸς
872 4188 1014 4259 ξένος
1067 4189 1176 4244 ἐστὶ
1233 4192 1350 4245 κατ’
1382 4190 1566 4246 οὐσίαν
1623 4201 1721 4262 τῆς
1757 4193 2030 4274 ἀμπέλου,

377 4277 444 4328 τὰ
466 4273 523 4329 δὲ
551 4275 833 4350 κλήματα,
867 4278 1136 4350 ὁμοούσια
1179 4278 1267 4333 καὶ
1321 4288 1574 4356 συγγενῆ,
1608 4283 1697 4336 καὶ
1757 4273 2033 4360 ἀδιαίρετα

376 4371 478 4432 τῆς
509 4362 760 4437 ἀμπέλου
789 4365 1049 4440 τυγχάνει
1081 4362 1229 4436 ὄντα,
1260 4368 1349 4421 καὶ
1386 4369 1510 4440 μίαν
1545 4366 1660 4445 ἔχει
1691 4371 1780 4426 καὶ
1811 4374 1908 4441 τήν
1944 4373 2032 4427 αὐ-

377 4454 477 4523 τὴν
509 4453 710 4528 γένεσιν
737 4453 906 4508 ταῦτά
933 4476 993 4508 τε
1019 4455 1110 4509 καὶ
1141 4459 1174 4524 ἡ
1210 4455 1457 4528 ἄμπελος
1482 4461 1615 4532 (19).
1651 4466 1801 4514 ’Ἐστι
1846 4459 1921 4533 δὲ,
1957 4463 2032 4525 ὡς

379 4541 526 4596 εἶπεν
559 4543 587 4596 6
613 4541 834 4617 Κύριος,
862 4541 1022 4604 αὐτὸς
1054 4544 1089 4611 ἡ
1125 4541 1393 4616 ἄμπελος,
1427 4547 1589 4618 ἡμεῖς
1639 4549 1706 4601 τά
1751 4549 2028 4623 κλήματα.

2147 3484 2280 3539 Cum
2310 3484 2370 3536 in
2397 3485 2579 3554 [arma
2612 3483 2707 3536 Dei
2753 3488 2910 3546 esset,
2945 3497 3054 3535 non
3103 3481 3361 3551 rapinam
3392 3480 3700 3537 arbitratus
3717 3487 3802 3540 est

2141 3589 2254 3629 esse
2283 3589 2337 3626 se
2369 3572 2639 3643 a’qualem
2670 3572 2794 3640 Deo,
2827 3569 2922 3624 sed
2958 3571 3308 3640 semetipsum
3339 3571 3656 3627 exinanivit
3680 3571 3798 3642 for-

2142 3679 2292 3716 mam
2321 3663 2465 3716 servi
2493 3662 2770 3731 accipiens
2793 3659 2864 3724 ‘7;
2901 3663 2958 3713 et
2989 3675 3002 3712 :
3039 3659 3170 3713 Cum
3202 3662 3346 3713 esset
3386 3658 3552 3728 dives,
3578 3669 3802 3733 propter

2142 3768 2236 3806 nos
2263 3766 2465 3818 egenus
2493 3751 2671 3819 factus
2703 3756 2784 3803 est
2806 3748 2876 3814 ‘5;
2912 3747 2996 3801 sic
3027 3763 3160 3801 cum
3191 3747 3368 3803 verba
3395 3748 3465 3803 de
3496 3747 3801 3804 divinitate

2142 3842 2268 3910 ejus
2313 3839 2468 3894 dicta
2517 3838 2834 3909 magnifica
2881 3836 3001 3891 sint
3048 3841 3104 3891 et
3149 3837 3397 3904 excelsa,
3428 3852 3458 3892 e
3507 3837 3800 3894 contrario

2141 3929 2391 3984 humilia
2421 3931 2477 3982 et
2507 3943 2689 3998 egena
2720 3930 2860 3980 sunt
2888 3942 3017 3997 quae
3040 3926 3110 3981 de
3141 3925 3358 3981 carnali
3385 3927 3512 3998 ejus
3545 3926 3800 3983 adventu

2143 4021 2512 4073 enarrantur.
2547 4015 2709 4080 Quod
2761 4019 2956 4069 autem
3008 4014 3128 4069 haec
3175 4015 3305 4086 ipsa
3333 4015 3404 4070 de
3433 4014 3802 4072 humanitate

2144 4105 2464 4163 Salvatoris
2523 4105 2680 4159 dicta
2737 4104 2874 4171 sint,
2927 4103 3064 4159 hinc
3123 4103 3584 4160 animadvertere
3642 4103 3797 4178 licet,

2144 4197 2298 4268 quod
2331 4193 2584 4267 agricola
2607 4193 2794 4264 quoad
2829 4192 3223 4248 substantiam
3247 4209 3280 4248 a
3299 4193 3416 4249 vite
3443 4193 3666 4250 alienus
3701 4193 3796 4260 sit,

2145 4287 2292 4341 I91
2332 4283 2600 4356 palmites
2632 4298 2763 4336 vero
2808 4282 3073 4351 ejusdem
3106 4281 3450 4337 substantia
3481 4286 3538 4337 et
3567 4283 3798 4354 generis

2144 4391 2210 4430 ac
2241 4373 2395 4442 vitis,
2425 4373 2496 4428 ab
2527 4371 2771 4443 ipsaque
2802 4368 3062 4435 indivisi,
3086 4385 3205 4424 una
3234 4387 3445 4442 nempe
3474 4370 3798 4442 eademque

2145 4463 2369 4535 origine
2405 4459 2695 4532 pullulant
2741 4457 3011 4530 palmites
3043 4461 3101 4512 et
3128 4458 3283 4514 vitis.
3317 4459 3419 4513 Est
3465 4461 3683 4529 autem,
3717 4459 3801 4515 ait

2148 4552 2453 4618 Dominus,
2485 4551 2610 4622 ipse
2639 4547 2795 4613 vitis,
2830 4563 2937 4602 nos
2983 4546 3278 4619 palmites.
3311 4547 3370 4602 Si
3399 4545 3597 4619 itaque
3626 4548 3798 4604 nobis

377 4630 442 4684 Εἰ
479 4630 574 4703 μὲν
605 4629 697 4685 οὖν
727 4630 1021 4704 ὁμοούσιός
1054 4631 1192 4686 ἐστιν
1225 4635 1359 4704 ἡμῖν
1394 4635 1421 4688 ὁ
1451 4635 1577 4698 Υἱὸς
1610 4638 1739 4710 (20),
1799 4641 1887 4693 καὶ
1926 4643 2024 4710 την

2152 4637 2662 4700 :onsubstantialis
2694 4641 2782 4692 est
2833 4635 3036 4701 Filius,
3071 4639 3128 4691 et
3177 4636 3445 4692 eamdem
3479 4652 3658 4708 quam
3690 4652 3798 4692 nos

449 4756 495 4791 '9
523 4756 693 4812 Joan.
727 4774 768 4826 Ι,
805 4759 854 4813 1,
933 4758 977 4792 ⁴⁰
1006 4758 1213 4815 Matth.
1251 4776 1290 4827 1,
1320 4759 1412 4815 23.

1489 4762 1529 4796 ⁴¹
1560 4764 1724 4817 Joan.
1759 4783 1852 4832 xv,
1886 4769 1935 4823 1.
1978 4770 2024 4802 ‘9

2152 4770 2232 4824 br.
2266 4784 2350 4830 ιιι,
2382 4768 2437 4820 2.
2482 4763 2526 4798 ’⁸³
2556 4768 2724 4818 Prov.
2759 4779 2885 4827 VII],
2917 4761 3007 4814 22.
3067 4760 3112 4794 η
3145 4759 3313 4816 llebr.
3349 4778 3388 4826 Ι,
3422 4761 3475 4815 4.

3553 4760 3599 4796 ⁴⁸
3626 4760 3801 4819 Joan.

376 4829 738 4897 x1v,10,11.
816 4831 860 4864 ισ
890 4829 1032 4885 ibid.
1066 4831 1119 4885 9.
1199 4831 1242 4864 ιτ
1273 4831 1486 4905 Philip.
1523 4835 1665 4905 11,6,
1696 4838 1751 4890 7.
1831 4829 2033 4896 “uel

2152 4857 2264 4909 vni,
2296 4829 2348 4892 9.

446 4970 563 5046 (13)
596 4969 788 5026 Felck.
822 4971 856 5026 3
887 4987 1087 5040 anon.,
1141 4972 1241 5041 τήν
1289 4974 1581 5046 σημασίαν,
1630 4976 1720 5030 καὶ
1770 4976 1894 5034 ὅταν
1945 4981 2036 5035 ἀν-

376 5041 640 5116 Opem-

448 5113 562 5192 (14)
594 5113 743 5192 Reg._
766 5113 1009 5192 Taurin.
1042 5113 1203 5192 C_olb.
1237 5115 1358 5192 ges.
1379 5135 1541 5192 quos
1572 5121 1896 5192 sequimur,
1929 5128 2031 5191 τῆς

374 5181 652 5268 ἐνσάρκου,
680 5181 753 5240 at
784 5186 936 5268 intra
972 5187 1204 5268 legitur.
1239 5181 1550 5268 Εειίιῖξτῆς
1577 5190 1628 5244 ἐν
1653 5181 1838 5268 ξηρκί.
1877 5181 2029 5262 Maii;

377 5253 603 5331 δὸκιμος
631 5253 1283 5331 τραπεζίτ-ηςηίῖιοζηοῃε
1331 5253 1510 5317 ΑΙοΧ.’
1536 5262 1694 5319 hunc
1729 5253 1931 5320 'locum
1965 5253 2033 5322 ei

379 5325 555 5409 faulo
587 5325 756 5409 affert
787 5346 800 5383 :
832 5327 1043 5409 Γίνεσβε
1058 5326 1147 5409 ᾗδὲ
1199 5325 1419 5409 δοκιμοι
1460 5339 1796 5409 τραπεζῖται,
1831 5336 1896 5390 τὰ
1939 5337 2033 5409 μὲν

375 5396 896 5478 ἀποδοκιμάζοντες,
943 5399 1004 5452 τὸ
1055 5396 1112 5454 δὲ
1149 5396 1344 5478 ,καλὸνξ
1369 5396 1710 5478 κατέχοντες.
1747 5396 1857 5464 sed
1909 5396 2032 5465 h'zec

377 5472 642 5546 clausula
666 5489 790 5546 non
818 5474 943 5544 jam
973 5477 1164 5546 exstat
1194 5476 1349 5546 apud
1377 5472 1644 5545 Paulum,
1670 5480 1878 5535 iisdem
1915 5481 2030 5536 sal-

375 5546 494 5621 t_em
521 5544 713 5621 verbis
749 5561 1024 5621 expressa
1057 5563 1068 5600 :
1103 5544 1318 5621 legitur
1349 5549 1590 5621 quidem
1615 5544 1820 5606 Thess.
1855 5569 1907 5619 v,
1938 5555 2028 5621 21,

377 5613 558 5667 Πάντα
604 5611 942 5694 δοκιμάζετε·
975 5616 1037 5670 τὸ
1083 5611 1252 5694 καλδν
1298 5611 1579 5694 κατέχετε,
1609 5623 1717 5677 Sed
1759 5611 1906 5677 illud
1942 5611 2031 5678 δὸί

376 5690 871 5768 κιμοιιτραπεζῖται
903 5688 1176 5768 innullis
1199 5691 1323 5768 jam
1358 5688 1791 5768 exemplaribus
1823 5699 2029 5768 exstat.

377 5755 681 5836 Familiare
709 5764 913 5836 tamen
955 5755 1274 5836 Athanasio
1308 5769 1496 5836 est,iet
1529 5755 1796 5836 antiquis
1851 5766 2031 5821 Patri-

378 5827 512 5898 bus,
535 5844 786 5901 quorum
819 5830 916 5887 alii
947 5847 1016 5889 ex
1035 5827 1519 5908 PauliEpistolis,
1543 5835 1641 5892 alii
1673 5827 1741 5892 ex
1771 5838 2032 5910 Evange-

2148 4982 2228 5037 lio
2259 4979 2403 5035 illud
2437 4978 2816 5050 desumptum
2855 4973 3257 5050 aiunt._l"elc_k_.
3291 4975 3324 5028 3
3354 4990 3551 5050 auom,
3585 4969 3794 5050 διακρί-

2141 5074 2248 5105 νων
2279 5052 2377 5119 τὴν
2414 5041 2682 5102 εὐσέϐειαν
2719 5041 3002 5120 βαδιεῖται.
3039 5046 3169 5102 Mox
3186 5041 3562 5120 _idem,_)léyn;.

2213 5113 2551 5193 (15)Ἰῗο101ς.
2588 5120 2621 5172 3
2651 5113 2950 5193 αηόιξιγῐητ,
2981 5120 3077 5193 τοῦ
3133 5115 3308 5191 Λὸγου
3357 5114 3418 5169 οὗ
3468 5113 3556 5170 καὶ
3605 5113 3793 5191 γέγονε

2143 5189 2384 5270 σάρξτίΕί
2417 5192 2507 5247 hic
2530 5207 2776 5270 rursum
2808 5189 3040 5270 desinit.

2213 5255 2325 5338 (16)
2355 5267 2497 5333 Jes.,
2520 5261 2671 5338 ΔἚγῴ
2704 5259 2823 5338 εἰμὶ
2917 5255 3184 5338 ᾇὶμῖξξελρςτ

2215 5328 2324 5411 (17)
2357 5328 2874 5411 ΤειυὶίυίδςεςςΡῐξ
2908 5328 2964 5400 1,
3153 5329 3348 5411 Κόριος
3376 5329 3504 5405 οὑχ.
3638 5400 3649 5411 ⁸

2215 5400 2326 5481 (18)
2357 5406 2598 5481 Taurin.
2645 5404 2806 5481 Cplb.
2840 5404 2957 5481 Jes.
2987 5405 3169 5481 etl’r.
3205 5400 3650 5481 1:,_quos"sequi
3701 5400 3790 5455 vi-

2143 5471 2273 5536 sum
2310 5471 2418 5542 est,
2453 5476 2645 5545 λέξεις.
2679 5477 2816 5545 Reg.
2850 5474 3096 5547 etgediti,
3134 5471 3417 5547 διαλέξεις.

2214 5553 2326 5622 (19)
2357 5542 2682 5622 Hicdenuo
2714 5542 2969 5622 resumit
2992 5546 3184 5602 Fclck;
3207 5547 3241 5601 3
3264 5542 3461 5622 auom,
3484 5543 3590 5622 qui
3618 5542 3794 5622 paulo

2144 5612 2276 5696 potat
2308 5612 2354 5675 si
2399 5621 2572 5702 habet
2607 5624 2748 5705 z'1ﬁq
2803 5613 3052 5707 ἀμπέλου
3101 5612 3455 5691 τυγχάνουσι,
3502 5612 3595 5669 καὶ
3620 5612 3792 5687 ’μίαν.

2146 5696 2273 5751 Mox
2303 5695 2480 5757 idem,
2514 5695 2646 5743 αυτά
2674 5708 2732 5741 τε
2760 5695 2870 5741 καί.

2146 5839 2188 5846 __
2215 5766 2325 5846 (‘20)
2356 5764 2575 5846 'O‘aqte
2605 5760 2728 5846 Υίὸξ
2760 5761 2816 5813 in
2841 5758 3027 5846 ‘edlitis
3059 5759 3362 5846 deest,sed
3387 5758 3630 5846 in‘mss.‘
3649 5757 3792 5840 Reg°

2143 5826 2382 5893 Ta‘urin.
2416 5832 2575 5890 Colb.
2610 5837 2666 5887 et
2694 5831 2811 5887 Jes.
2841 5831 3110 5886 habetur.
3134 5829 3312 5887 Paulo
3342 5833 3475 5902 post
3501 5826 3636 5882 κατὰ
3663 5826 3790 5881 τοῦ-
