4148 6380
332 457 451 523 499

873 466 940 528 S.
986 468 1416 532 ATHANASII
1460 471 1634 534 OPP.
1678 471 1880 536 PARS
1924 471 1974 536 Ι.
2005 506 2084 520 -
2112 472 2532 539 HISTORICA
2576 476 2676 538 ET
2718 474 3202 540 DOGMATIGA.

3624 482 3746 546 500

336 591 637 664 epistolas.
669 595 814 654 Cum
846 598 1155 673 Dionysius
1194 603 1523 677 episcopus,
1567 612 1883 679 postquam
1915 609 1983 664 de

2102 603 2412 675 ἐπιστολὰς,
2446 604 2586 662 ἔστιν
2615 607 2748 679 αὕτη
2965 607 3246 664 Διονυσίου
3296 612 3393 666 τοῦ
3452 607 3748 668 ἐπισκόπου

335 681 797 757 Pentapolitanis
818 688 919 744 illa
935 690 1234 759 didicerat,
1257 695 1588 767 epistolam,
1611 697 1829 768 utijam
1846 698 1990 766 dixi,

341 778 540 829 contra
562 777 798 831 Sabellii
822 777 1113 851 haeresim,
1138 783 1209 836 ad
1231 785 1609 841 Ammonium
1642 793 1701 842 et
1729 788 1989 859 Euphra-

338 879 562 935 norem,
587 866 778 921 studio
801 868 1101 941 religionis
1125 877 1448 943 permotus,
1473 875 1833 948 scripsisset;
1860 877 1987 948 qui-

338 951 472 1006 dam
496 968 564 1008 ex
586 953 840 1011 Ecclesia
863 957 1092 1025 fratres,
1117 977 1272 1016 same
1295 964 1535 1034 quidem
1575 965 1852 1021 doctrinae
1884 966 1985 1022 ho-

338 1039 546 1108 mines,
581 1059 696 1098 non
729 1045 1012 1102 sciscitati
1041 1053 1238 1105 tamen
1285 1069 1420 1108 eum
1455 1071 1573 1125 qua
1601 1055 1670 1110 de
1701 1072 1879 1111 causa
1908 1055 1989 1111 ita

339 1128 693 1200 scripsisset,
718 1132 964 1190 Romam
988 1153 1050 1191 se
1073 1139 1388 1207 contulere,
1413 1141 1698 1215 illumque
1720 1145 1871 1216 apud
1893 1161 1986 1200 co-

338 1220 676 1289 gnominem
695 1222 1033 1297 Dionysium
1049 1227 1378 1284 Romanum
1394 1230 1735 1302 episcopum
1752 1250 1988 1288 accusa-

336 1311 496 1363 runt.
531 1308 755 1371 Quibus
785 1311 883 1368 ille
913 1315 1151 1383 auditis,
1187 1334 1304 1372 una
1335 1319 1569 1389 scripsit
1592 1325 1648 1376 et
1668 1327 1868 1377 contra
1891 1323 1988 1377 Sa-

339 1393 500 1449 bellii
530 1403 846 1455 sectatores
875 1405 932 1456 et
961 1408 1165 1458 contra
1194 1421 1292 1461 eos
1339 1407 1436 1477 qui
1469 1409 1597 1478 ejus
1629 1415 1825 1465 essent
1854 1428 1986 1465 sen-

335 1484 548 1552 tentiae,
575 1503 751 1557 quam
775 1505 908 1544 cum
931 1497 1063 1561 post
1083 1493 1255 1548 Arius
1298 1495 1659 1566 protulisset,
1686 1499 1756 1554 ab
1793 1500 1986 1556 Eccle-

337 1571 425 1627 sia
455 1578 544 1628 est
572 1575 795 1646 ejectus
824 1595 836 1632 :
869 1581 1152 1650 aequalem
1185 1583 1368 1649 aiens,
1419 1584 1554 1640 licet
1601 1604 1669 1642 ex
1702 1587 1986 1644 diametro

335 1663 689 1733 oppositam,
714 1666 953 1722 Sabellii
975 1669 1357 1742 impietatem,
1381 1691 1583 1730 eorum
1608 1676 1986 1748 blasphemiae

335 1751 439 1822 qui
469 1752 694 1822 dicunt,
745 1755 1001 1813 Verbum
1052 1759 1151 1815 Dei
1201 1766 1549 1830 creaturam,
1600 1766 1898 1837 opificium
1929 1770 1988 1822 et

339 1855 460 1895 rem
493 1841 706 1897 factam
735 1860 882 1900 esse.
917 1846 1076 1902 Misit
1105 1865 1338 1921 quoque
1370 1853 1438 1907 ad
1472 1853 1816 1926 Dionysium
1839 1854 1989 1910 litte-

2102 696 2370 767 μαθόντος
2395 699 2519 774 περὶ
2548 701 2656 752 τῶν
2691 697 2742 752 ἐν
2776 696 3135 771 Πενταπόλει,
3166 699 3255 754 καὶ
3314 698 3471 774 ζήλῳ
3517 708 3620 772 τῆς
3669 701 3752 758 εὖ·
3789 700 3796 706 ’

2099 779 2306 847 σεϐείας
2367 786 2693 862 γράψαντος,
2726 789 2861 842 καθὰ
2919 794 3206 864 προεῖπον,
3257 791 3394 845 κατᾶ
3447 794 3543 859 τῆς
3603 793 3749 868 αίρέ-

2097 894 2234 935 σεως
2269 870 2580 930 Σαϐελλίου
2609 878 2707 945 τὴν
2762 877 2897 953 πρὸς
2931 877 3253 957 Εὐφράνορα
3308 877 3396 934 καί
3430 881 3746 954 Ἀμμώνιον

2099 962 2419 1035 ἐπιστολὴν,
2476 966 2618 1028 τινὲς
2671 971 2779 1021 τῶν
2849 966 2956 1022 ἀπὸ
3026 974 3126 1038 τῆς
3187 966 3515 1039 Ἐκκλησίας
3580 967 3747 1025 ἀδελ-

2098 1056 2210 1128 φῶν
2245 1056 2377 1127 (43),
2412 1059 2733 1130 φρονοῦντες
2772 1056 2866 1129 μὲν
2917 1057 3111 1131 ὀρθῶς,
3149 1058 3224 1131 μή
3276 1057 3642 1133 ἐρωτήσαντες
3689 1057 3747 1116 δὲ

2097 1140 2277 1213 αὐτὸν,
2308 1139 2396 1197 τίντι
2423 1145 2552 1219 παρ’
2584 1143 2748 1199 αὐτοῦ
2797 1146 3007 1217 μάθωσι
3054 1151 3172 1208 πῶς
3221 1145 3472 1222 ἔγραψεν,
3507 1148 3744 1218 ἀνῆλθον

2097 1231 2172 1292 είς
2230 1232 2329 1301 τὴν
2391 1233 2634 1306 Ῥώμην,
2665 1234 2756 1288 καὶ
2811 1237 3190 1312 κατειρήκασιν
3252 1235 3416 1291 αὐτοῦ
3473 1238 3619 1312 παρὰ
3673 1242 3752 1310 τῷ

2097 1320 2382 1394 ὁμωνύμῳ
2458 1321 2622 1377 αὐτοῦ
2680 1325 2946 1396 Διονυσίῳ
3015 1329 3094 1396 τῷ
3151 1325 3432 1398 ὲπισκόπῳ
3487 1325 3749 1399 Ῥώμης⁶

2095 1409 2343 1471 κάκεῖνος
2375 1408 2632 1477 ἀκούσας,
2664 1408 2894 1487 ἔγραψεν
2927 1412 3068 1485 ὁμοῦ
3097 1411 3230 1467 κατά
3257 1433 3316 1467 τε
3361 1416 3466 1467 τῶν
3521 1414 3588 1467 τὰ
3638 1419 3751 1468 Σα-

2097 1493 2326 1553 ϐελλίου
2360 1496 2715 1569 δοξαζόντων,
2747 1501 2838 1554 καὶ
2871 1503 3008 1556 κατᾶ
3035 1506 3141 1556 τῶν
3172 1501 3515 1576 φρονούντων
3557 1507 3744 1570 ταῦτα,

2099 1589 2232 1663 ἅπερ
2285 1589 2375 1643 καὶ
2424 1590 2640 1666 Ἀρειος
2701 1587 2874 1666 λέγων
2936 1586 3161 1661 ἐξεϐήθη
3223 1598 3325 1661 τῆς
3385 1589 3749 1661 Ἐκκλησίας·

2098 1672 2220 1747 ἴσην
2270 1677 2360 1732 καὶ
2418 1679 2556 1733 κατᾶ
2610 1678 2898 1754 διάμετρον
2944 1674 3188 1734 ἀσέϐειαν
3241 1680 3376 1735 ἐῖναι
3415 1677 3617 1755 λέγων,
3648 1683 3749 1751 τήν

2096 1786 2156 1820 τε
2188 1762 2500 1822 Σαϐελλίου
2531 1765 2620 1822 καί
2649 1769 2749 1837 τὴν
2772 1772 2878 1822 τῶν
2901 1766 3174 1843 λεγόντων
3197 1767 3399 1842 κτίσμα
3417 1769 3506 1824 καὶ
3533 1769 3663 1840 ποίη
3679 1790 3754 1842 μα

2094 1855 2185 1908 καὶ
2220 1857 2332 1929 (44)
2362 1857 2587 1931 γενητὸν
2618 1857 2750 1912 εἶναι
2781 1857 2870 1912 τὸν
2902 1861 3000 1912 τοῦ
3031 1861 3165 1913 Θεοῦ
3213 1857 3413 1934 Λόγον.
3444 1855 3755 1915 Ἐπὲστειλε

336 1945 455 1997 ras,
479 1933 546 1984 ut
567 1931 874 2002 indicaret,
904 1952 1021 2006 qua
1049 1937 1120 1992 de
1152 1953 1212 1994 re
1244 1946 1554 1998 accusatus
1586 1943 1658 1998 ab
1686 1943 1803 1999 illis
1835 1944 1983 2000 fuis-

336 2020 423 2045 ..ιιι
467 2017 708 2045 τιιη-.--,
733 2025 1157 2045 _--__a.__3__,,,4,
1265 2027 1278 2040 ο
1547 2032 1584 2045 υ
1801 2033 1858 2045 ι..

2102 1941 2154 1998 δὲ
2186 1943 2276 1998 καὶ
2310 1945 2574 2019 Διονυσίῳ
2633 1944 2880 2017 δηλῶσαι
2938 1946 3062 2022 περὶ
3113 1947 3186 2001 ὧν
3229 1947 3477 2024 εἰρήκασι
3506 1948 3624 2001 κατ’
3654 1946 3748 2001 αύ-

335 2020 444 2072 set.
466 2017 566 2073 Ille
579 2036 712 2076 vero
729 2025 1169 2096 quamprimum
1189 2027 1280 2084 sui
1299 2032 1587 2103 purgandi
1606 2049 1784 2088 causa
1801 2033 1982 2090 libros

2102 2037 2210 2089 τοῦ.
2263 2033 2361 2088 Καὶ
2410 2017 2732 2112 ἀντέγραψεν
2785 2035 2936 2099 εὐθὺς
2987 2017 3169 2108 αὐτὸς,
3212 2017 3302 2092 καί
3338 2017 3632 2111 νέπὲγραψε
3687 2036 3755 2090 τὰ

333 2105 536 2174 edidit,
592 2125 739 2180 quos
785 2111 1074 2186 incripsit,
1121 2117 1408 2189 Elenchus,
1459 2123 1517 2176 et
1565 2123 1846 2194 Apologia.
1885 2123 1985 2188 [lic

335 2195 765 2257 animadvertas
798 2201 966 2257 velim
1017 2209 1432 2265 exsecrandam
1475 2211 1692 2268 Christi
1723 2211 1983 2269 hostium

334 2283 651 2358 officinam,
684 2292 741 2343 et
767 2306 880 2360 quo
930 2298 1101 2363 pacto
1147 2296 1218 2350 ad
1252 2313 1419 2353 suam
1452 2299 1562 2371 ipsi
1595 2299 1982 2373 ignominiam

332 2371 453 2428 hzec
484 2376 772 2433 moverint
800 2394 813 2434 :
848 2396 982 2436 cum
1010 2383 1162 2437 enim
1200 2385 1513 2458 Dionysius
1540 2371 1838 2444 Romanus
1860 2389 1982 2461 epi-

333 2477 547 2533 scopus
580 2464 862 2522 adversus
912 2485 1012 2524 eos
1063 2471 1239 2528 etiam
1291 2475 1612 2547 scripserit,
1651 2477 1748 2548 qui
1779 2477 1984 2534 dicunt

334 2547 546 2605 Filium
580 2551 681 2608 Dei
712 2561 1040 2614 creaturam
1074 2564 1129 2615 et
1159 2578 1281 2617 rem
1332 2563 1545 2620 factam
1577 2547 1728 2634 esse,
1759 2566 1982 2638 liquido

333 2643 582 2706 constat,
607 2657 719 2698 non
735 2643 1143 2717 jamprimum,
1169 2651 1270 2706 sed
1291 2651 1431 2706 olim
1451 2669 1685 2725 quoque
1703 2655 1774 2710 ab
1793 2655 1982 2711 omni-

333 2725 444 2780 bus
477 2728 847 2788 anathemate
877 2734 1210 2793 damnatam
1261 2740 1444 2796 fuisse
1473 2741 1689 2798 Christi
1721 2743 1982 2800 hostium

331 2814 681 2872 Arianorum
702 2818 991 2878 haeresim.
1015 2824 1236 2883 Deinde
1256 2844 1387 2884 cum
1407 2830 1719 2903 Dionysius
1737 2832 1983 2888 Alexan-

333 2902 540 2960 drinus
587 2907 896 2981 episcopus
947 2913 1019 2968 de
1074 2915 1324 2986 epistola
1371 2935 1480 2975 sua
1535 2902 1662 2976 sese
1693 2922 1981 2994 purgarit,

331 2992 528 3064 palam
549 2995 845 3064 estillum,
875 3018 980 3057 nec
1001 3003 1130 3075 ejus
1175 3006 1358 3062 fuisse
1397 2992 1900 3082 sententizs'quam
1931 2992 1983 3068 ei

332 3083 658 3154 ascribunt,
685 3103 874 3160 neque
899 3092 1138 3150 omnino
1158 3111 1335 3167 prava
1354 3097 1472 3153 Arii
1499 3099 1764 3157 doctrina
1784 3100 1981 3157 imbu-

333 3175 460 3226 tum
489 3172 691 3231 fuisse.

406 3261 490 3316 14.
550 3262 617 3318 Ει
673 3281 813 3322 sane
871 3268 1016 3326 satis
1071 3278 1227 3329 esset
1267 3275 1338 3330 ad
1397 3275 1688 3350 integram
1743 3278 1982 3336 Ariano-

2099 2117 2288 2197 βιϐλία
2343 2123 2613 2201 Ἐλὲγχου
2669 2126 2758 2179 καὶ
2820 2124 3176 2201 Ἀπολογίας.
3213 2127 3470 2190 Ἐνταῦθα
3525 2125 3588 2180 τὸ
3651 2147 3749 2198 μυ-

2095 2209 2256 2286 σαρὸν
2317 2210 2674 2288 ἐργαστήριον
2729 2216 2837 2268 τῶν
2897 2216 3300 2290 Χριστομάχων
3333 2216 3446 2287 (45)
3473 2213 3745 2284 κατανόει,

2091 2299 2181 2354 καὶ
2211 2304 2329 2362 πῶς
2371 2300 2522 2355 αὐτοὶ
2570 2302 2686 2356 καθ’
2732 2303 2931 2356 ἑαυτῶν
2979 2302 3078 2372 τὴν
3129 2301 3396 2377 αἰσχύνην
3457 2301 3705 2373 ἐκίνησαν
3732 2320 3746 2333 ·

2093 2388 2374 2444 Διονυσίου
2403 2391 2507 2466 γὰρ
2541 2389 2835 2445 ἐπισκόπου
2866 2392 3087 2464 Ῥώμης
3126 2391 3429 2467 γράψαντος
3480 2393 3569 2447 καὶ
3617 2391 3752 2447 κατὰ

2090 2481 2196 2532 τῶν
2231 2477 2504 2554 λεγόντων
2536 2499 2740 2553 κτισμα
2767 2479 2856 2534 καὶ
2889 2479 3020 2551 ποίη
3034 2501 3109 2554 μα
3136 2481 3227 2536 τὸν
3273 2481 3394 2536 Υῖὸν
3437 2485 3535 2536 τοῦ
3594 2485 3749 2554 Θεοῦ,

2095 2564 2474 2640 δείκνυταιμή
2537 2573 2627 2623 νῦν
2677 2573 2921 2646 πρῶτον,
2952 2567 3080 2624 ἀλλ’
3139 2567 3370 2625 ἔκπαλαι
3422 2571 3570 2642 παρὰ
3623 2569 3750 2625 πάν-

2091 2678 2199 2713 των
2253 2658 2732 2732 ἀναθεματισθεῖσα
2786 2663 2895 2714 τῶν
2947 2660 3348 2735 Χριστομάχων
3396 2662 3510 2733 (46)
3542 2661 3750 2734 Ἀρεια-

2092 2751 2194 2801 νῶν
2222 2749 2256 2816 ἡ
2291 2745 2517 2822 α’ίρεσις.
2551 2747 2775 2803 Ἔπειτα
2827 2747 3108 2803 Διονυσίου
3165 2754 3262 2803 τοῦ
3308 2747 3604 2805 ἐπισκόπου
3647 2751 3746 2818 τῆς

2091 2832 2501 2910 Ἀλεξανδρείας
2553 2834 3005 2912 ἀπολογουμένου
3060 2838 3184 2914 περὶ
3227 2840 3292 2907 ἦς
3343 2836 3572 2914 ἔγραψεν
3630 2836 3744 2892 ἔπι-

2093 2922 2322 2996 στολῆς,
2356 2923 2595 3002 φαίνεται
2627 2925 2716 2979 καὶ
2748 2923 2907 2988 αύτὸς
2957 2927 3098 2999 μήτε
3144 2925 3286 2981 οὕτω
3346 2929 3620 3004 φρονήσας
3669 2927 3743 2988 ὡς

2091 3013 2245 3069 αὐτοὶ
2277 3015 2390 3087 (47)
2421 3011 2666 3089 λέγουσι,
2703 3016 2843 3088 μήτε
2872 3012 3020 3077 ὅλως
3048 3017 3147 3085 τὴν
3179 3015 3391 3092 ’Δρείου
3430 3013 3743 3088 κακοδοξίαν

2092 3103 2368 3179 ἐσχηκώς.

2166 3284 2252 3339 14.
2287 3282 2387 3337 Καὶ
2447 3281 2602 3358 ἀρκεῖ
2661 3283 2756 3357 μὲν
2817 3283 2892 3346 είς
2948 3281 3158 3339 τελείαν
3235 3283 3566 3361 κατάγνωσιν
3637 3287 3743 3340 τῶν

329 3366 461 3406 rum
493 3352 973 3427 confutationem,
999 3364 1057 3416 et
1102 3363 1173 3417 ad
1224 3364 1743 3423 demonstrandam
1775 3385 1978 3425 eorum

2102 3373 2412 3447 Ἀρειανῶν,
2464 3372 2554 3426 καὶ
2604 3371 2680 3434 εἷς
2737 3369 3009 3443 ἀπόδειξιν
3065 3372 3575 3453 τῆςσυκοφαντίας
3653 3373 3747 3429 αὖ·

330 3439 484 3495 199
513 3441 893 3531 calumniam,
927 3451 1085 3520 quod
1113 3451 1428 3526 Dionysius
1460 3456 1530 3511 de
1559 3456 1632 3511 iis
1655 3457 1830 3513 etiam
1855 3475 1981 3531 quae

331 3527 428 3584 isti
446 3530 743 3601 jactitant,
760 3551 886 3590 sese
902 3541 1267 3612 purgaverit:
1294 3559 1408 3598 non
1423 3545 1578 3600 enim
1594 3548 1982 3603 contendendi

330 3617 529 3674 animo
561 3621 816 3693 scripsit,
846 3627 945 3680 sed
979 3628 1072 3682 sui
1121 3629 1469 3688 defendendi
1508 3635 1982 3708 suspicionisque

331 3709 667 3764 amovenda:
690 3727 906 3768 causa:
943 3732 1076 3772 cum
1107 3734 1240 3775 vero
1288 3736 1386 3777 eas
1434 3723 1673 3794 depellit
1704 3724 1980 3782 crimina-

328 3794 540 3867 tiones,
565 3799 702 3870 quid
730 3801 888 3858 aliud
912 3805 1032 3877 agit
1053 3822 1231 3878 quam
1269 3811 1422 3880 quod
1462 3829 1692 3868 omnem
1717 3814 1982 3872 criminis

331 3885 728 3956 suspicionem
759 3889 928 3959 levat,
965 3897 1024 3949 et
1069 3895 1129 3950 in
1161 3895 1270 3952 hoc
1310 3899 1558 3956 Arianos
1591 3903 1982 3975 schphantas

332 3988 462 4028 esse
484 3975 712 4047 arguit?
736 3977 847 4035 Sed
873 3984 936 4034 ut
957 3997 1026 4036 ex
1062 3981 1136 4039 iis
1156 4000 1284 4055 quae
1317 3987 1411 4042 sui
1432 3989 1780 4046 defendendi
1806 4009 1983 4049 causa

331 4061 571 4133 scripsit
601 4066 789 4139 magis
821 4070 1277 4139 confundantur,
1327 4092 1450 4148 age,
1501 4079 1630 4149 ejus
1668 4080 1774 4136 tibi
1806 4083 1983 4138 verba

333 4167 657 4223 pr0pona_m
687 4179 700 4212 :
729 4160 793 4211 ut
815 4156 952 4215 hinc
974 4161 1226 4218 noveris.
1268 4165 1516 4223 Arianos
1550 4184 1738 4239 pravae
1770 4171 1985 4228 mentis

333 4239 601 4298 hbmines
636 4259 782 4312 esse,
818 4246 1282 4322 Dionysiumque
1332 4255 1403 4310 ab
1450 4272 1653 4312 eorum
1686 4259 1985 4318 erroribus

332 4328 612 4386 alienum.
637 4333 707 4387 Et
727 4333 920 4405 primo
949 4337 1188 4408 quidem
1227 4341 1535 4414 epistolam
1578 4361 1748 4402 suam
1784 4347 1987 4404 inscri-

332 4417 469 4509 psit,
500 4420 827 4493 Apologiam
855 4429 912 4480 et
941 4427 1258 4485 Elenchum.
1309 4432 1456 4496 Quid
1505 4434 1616 4490 sibi
1660 4436 1786 4491 vult
1813 4437 1983 4509 illud,

333 4507 446 4563 nisi
478 4511 634 4580 quod
665 4517 724 4567 et
757 4512 1174 4574 obtrectatores
1227 4536 1366 4576 suos
1413 4523 1626 4595 arguit,
1682 4529 1738 4580 et
1769 4507 1987 4599 scripta

335 4613 444 4652 sua
464 4605 814 4673 propugnat,
840 4607 1160 4662 ostendens
1184 4625 1267 4679 se,
1293 4626 1408 4666 non
1432 4627 1499 4666 ea
1520 4617 1713 4669 mente
1736 4632 1852 4686 qua
1883 4633 1980 4673 su-

2089 3465 2220 3529 τῶν,
2251 3461 2313 3515 τὸ
2355 3461 2445 3515 καὶ
2497 3461 2661 3534 μόνον
2721 3459 3169 3537 ἀπολογήσασθαι
3215 3464 3307 3518 τὸν
3349 3461 3628 3518 Διονύσιον
3657 3461 3750 3518 καί

2090 3551 2216 3626 περὶ
2247 3551 2320 3605 ὧν
2355 3551 2503 3605 οῦτοι
2533 3548 2963 3624 τεθρυλλήκασιν
2992 3571 3004 3583 ·
3038 3551 3100 3608 οὐ
3132 3553 3234 3628 γὰρ
3289 3553 3365 3615 ὡς
3421 3551 3746 3631 φιλονεικῶν

2094 3638 2448 3714 ἀντέγραψεν,
2481 3637 2608 3694 ἀλλ’
2639 3639 3091 3717 ἀπολογούμενος
3144 3641 3269 3718 περὶ
3325 3642 3401 3697 ὧν
3461 3641 3746 3697 ὑπωπτεύ-

2091 3731 2156 3800 θη
2192 3730 2344 3801 (48)·
2379 3729 2408 3783 ὁ
2440 3726 2498 3783 δὲ
2546 3728 2998 3804 ἀπολογούμενος
3053 3729 3177 3806 περὶ
3235 3731 3309 3786 ὧν
3367 3733 3747 3807 κατηγορήθη,

2089 3817 2143 3872 τί
2171 3814 2356 3892 ἓτερον
2389 3822 2556 3889 ποιεῖ,
2589 3817 2624 3886 ἢ
2659 3815 2778 3872 λύει
2815 3818 2908 3892 μὲν
2953 3825 3055 3874 πᾶν
3109 3819 3434 3875 ὑποπτευθὲν
3495 3816 3751 3897 ἔγκλημα

2091 3907 2208 3962 κατ’
2241 3905 2425 3976 αὐτοῦ,
2460 3905 2679 3982 ἐλέγχει
2714 3905 2772 3962 δὲ
2800 3908 2889 3963 καὶ
2936 3908 2988 3963 ἐν
3032 3910 3211 3983 τούτῳ
3269 3910 3603 3990 συκοφάντας
3636 3912 3749 3984 (49)

2093 3993 2219 4057 τοὺς
2247 3995 2700 4069 Ἀρειομανίτας;
2734 3999 2850 4054 Ἵνα
2882 3995 2939 4052 δὲ
2967 3999 3057 4053 καὶ
3089 3997 3140 4070 ἐξ
3171 4000 3244 4053 ὧν
3295 3997 3747 4075 ἀπολογούμενος

2095 4081 2313 4158 ἔγραψε,
2363 4080 2531 4138 πλέον
2575 4085 2934 4161 αἱσχυνθῶσιν
2982 4087 3154 4159 οὗτοι,
3189 4089 3315 4167 φέρε
3364 4110 3446 4144 σοι
3506 4089 3595 4144 καὶ
3652 4089 3748 4151 τὰς

2097 4171 2267 4243 λέξεις
2299 4171 2464 4228 αὐτοῦ
2494 4173 2824 4249 παράθωμαι
2994 4195 3006 4208 ·
3048 4178 3230 4252 γνώσῃ
3277 4179 3378 4254 γὰρ
3411 4179 3502 4233 ἀπ’
3547 4177 3746 4250 αὐτῶν,

2095 4260 2176 4316 ὅτι
2234 4262 2286 4315 οἱ
2343 4262 2435 4334 μὲν
2488 4263 2757 4338 Ἀρειανοὶ
2803 4265 3129 4343 κακόφρονες
3182 4266 3352 4322 εἰσιν·
3405 4269 3434 4321 ὁ
3475 4265 3532 4323 δὲ
3563 4266 3746 4323 Διονύ-

2096 4371 2210 4413 σιος
2246 4348 2540 4428 ἀλλότριος
2566 4359 2668 4422 τῆς
2710 4352 2925 4409 ἐκείνων
2980 4352 3311 4431 ἐτεροδοξίας
3362 4355 3493 4413 ἐστί.
3527 4361 3748 4429 Πρῶτον

2098 4441 2193 4512 μὲν
2226 4437 2316 4494 οῦν
2353 4438 2619 4517 Ἐλέγχου
2649 4441 2738 4496 καὶ
2770 4441 3105 4518 Ἀπολογίας
3153 4442 3380 4519 ἔγραψεν
3417 4447 3530 4520 (51)
3559 4445 3745 4500 ἑαυτοῦ

2092 4529 2191 4597 τὴν
2226 4527 2541 4600 ἐπιστολήν.
2573 4535 2742 4585 Τοῦτο
2779 4528 2836 4585 δὲ
2863 4531 2918 4586 τί
2946 4531 3107 4602 ἐστιν,
3140 4533 3176 4602 ἢ
3210 4531 3294 4588 ὅτι
3320 4532 3449 4596 τοὺς
3493 4534 3587 4608 μὲν
3619 4537 3744 4608 ψευ-

2095 4613 2361 4690 δομένους
2393 4616 2638 4694 ἐλέγχει,
2671 4619 2795 4696 περὶ
2837 4617 2895 4674 δὲ
2942 4622 3014 4676 ὧν
3074 4614 3298 4698 ἔγραψεν
3354 4620 3746 4700 ἀπολογεῖται;

334 4685 595 4757 spicatus
625 4693 716 4744 est
744 4691 941 4758 Arius,
973 4694 1303 4769 scripsisse,
1336 4700 1438 4754 sed
1470 4699 1605 4756 licet
1634 4685 1836 4759 eorum
1869 4721 1983 4761 me-

2102 4685 2332 4779 δείκνὺς,
2367 4705 2448 4760 ὅτι
2592 4685 2668 4770 ὧς
2698 4685 2914 4782 ’Ᾱρειος
2948 4685 3242 4781 ὑπενόησεν
3291 4708 3516 4788 ἔγραψεν
3543 4685 3706 4775 αὐτός
3733 4685 3747 4747 ;

334 4774 574 4831 minerit
603 4794 730 4849 quae
763 4780 833 4836 de
878 4780 1128 4839 Domino
1179 4789 1504 4845 secundum
1551 4789 1981 4851 humanitatem

2102 4793 2218 4852 Ξιλλ’
2249 4774 2355 4866 ὅτι,
2385 4774 2494 4851 τῶν
2528 4774 2885 4872 ἀνθρωπίνως
2917 4774 3220 4874 εἰρημένων
3247 4774 3372 4876 περί
3418 4774 3517 4857 τοῦ
3547 4800 3750 4877 Κυρίου

331 4935 496 4995 Colb.
535 4943 592 4994 et
619 4940 764 5026 .les.,
795 4945 892 4995 τοῦ
917 4942 1082 5026 αύτοῦ
1115 4941 1280 5021 λόγος
1318 4948 1394 5026 β’,
1418 4951 1539 5026 Sed
1557 4960 1984 5026 consequenter

333 5025 400 5064 ea
426 5013 696 5082 ponenda
726 5030 855 5070 esse
889 5022 1047 5088 patet
1075 5035 1143 5073 ex
1172 5013 1658 5092 praecedentibus.

399 5099 514 5172 (42)
542 5100 717 5155 Ἐστὶν
751 5100 885 5173 αὕτη
929 5107 1094 5163 deest
1121 5107 1182 5162 in
1214 5109 1373 5165 Colb.

402 5199 512 5283 (43‘)
556 5200 792 5283 ’ξ’-μυρίη.
825 5201 1254 5283 ,Ιο-είμᾴδελφιῄ.
1311 5207 1468 5265 Infra
1501 5210 1758 5283 _Taurin.
1793 5213 1982 5283 Colb.,

332 5268 407 5356 ii;
437 5269 539 5338 τὴν
571 5271 810 5356 Ἱξώμην.
848 5276 1023 5356 “Editi
1072 5268 1358 5356 _et'_Reg.,
1401 5281 1554 5356 ⁸πρὸς
1610 5283 1709 5352 τὴν

331 5342 507 5414 Porro
539 5342 798 5414 epistolae
847 5346 1107 5414 Dionysii
1168 5342 1415 5407 Romani
1462 5342 1618 5410 infra
1647 5342 1980 5412 memoi‘ataa

332 5365 507 5398 τονιηο
539 5365 798 5414 epistoue
847 5365 991 5403 mon
1038 5366 1107 5404 su
1168 5365 1415 5407 Romam
1465 5365 1618 5410 Infra
1647 5365 1979 5412 memorata:

330 5413 487 5467 haud
518 5415 728 5540 ggigua
756 5434 892 5487 pars
935 5365 1176 5476 ollisrtur
1222 5423 1281 5478 in
1326 5426 1674 5496 prazcedenti
1705 5432 1979 5500 tractatu,

333 5501 492 5539 num.
601 5527 613 5539 .

333 5501 492 5539 num.

404 5581 519 5705 (114%
549 5581 651 5636 Καί
683 5586 843 5640 deest
867 5586 928 5641 in
967 5589 1204 5646 Taurin.
1253 5598 1305 5647 et
1336 5594 1454 5649 Jes.
1490 5593 1706 5650 ibidem
1739 5597 1980 5655 Taurin.

422 5652 497 5705 C0
528 5653 608 5705 δ..
665 5656 938 5705 γεννκτόν-
1000 5663 1278 5705 τηρηᾶηιιρ
1373 5665 1502 5705 Mmr
1567 5667 1688 5705 una
1737 5668 1953 5705 'I‘nnnin

333 5657 391 5739 ει
417 5652 940 5739 ροιιξητγεννητόν,
983 5663 1305 5739 .mendose,
1373 5665 1505 5739 Mox
1567 5667 1705 5739 Reg.
1737 5652 1980 5726 Taurin.

335 5722 824 5813 Cplbert.‘Je;suit;.
877 5722 934 5781 et
983 5729 1074 5783 Fr.
1138 5734 1187 5800 ι,
1247 5733 1337 5786 τόν
1386 5735 1477 5788 τὸν
1523 5722 1887 5813 ΘεοῦυΛογον.
1921 5722 1984 5796 id

336 5793 510 5849 editis
539 5796 635 5846 τοῦ
667 5795 846 5851 deest.

2091 5034 2190 5084 Θεο
2201 5034 2415 5084 μάγων.

2277 5047 2709 5174 χὲἒίστομάχων
2743 5102 2908 5174 deest
2937 5103 2997 5174 in
3028 5103 3269 5174 Taurin.
3300 5103 3459 5162 Colb.
3492 5107 3613 5162 Jes.

2187 5173 2278 5240 47)
2306 5171 2547 5227 Taurin.
2580 5171 2743 5227 Colb.
2776 5173 2919 5236 Jes.,
2951 5171 3026 5234 ὡς
3060 5173 3235 5231 οὗτοι.

2189 5245 2277 5315 48)
2310 5244 2549 5323 Taurin.
2570 5243 2744 5323 _Colb.
2775 5245 2920 5323 les”
2946 5321 2951 5323 Α
2973 5244 3097 5321 περὶ
3146 5246 3220 5299 ὧν
3248 5248 3627 5323 κατηγορήθη.
3676 5248 3747 5304 Et

2091 5312 2266 5388 infra,
2299 5312 2422 5388 περὶ
2455 5335 2527 5368 ων
2565 5312 2916 5388 ὑπωπτεύθη,
2937 5312 3350 5375 transmutatis
3373 5312 3635 5376 vocibus.

2163 5386 2471 5463 (49)__Beg.,
2505 5387 2861 5463 συκοφάντας.
2919 5389 3071 5444 Editi
3128 5394 3186 5447 et
3239 5391 3342 5447 alii
3390 5408 3558 5461 ωειλ,
3588 5410 3745 5446 συκο-

2095 5477 2444 5534 φαντουντας.

2309 5529 2548 5610 Taurin.
2582 5529 2739 5586 Colb.
2770 5530 2886 5588 Jes.
2920 5531 3012 5588 Fr.
3049 5533 3102 5605 1,
3134 5533 3483 5609 παραϐῶμεν.
3516 5534 3657 5609 Reg.
3690 5539 3753 5594 et

2092 5600 2266 5664 editi,
2286 5603 2640 5672 παραθῶμαι.

2165 5672 2529 5759 (51)_0mnes
2579 5689 2723 5759 mss.
2778 5677 2852 5759 et.
2889 5674 3030 5730 editi
3091 5673 3749 5759 gypatevusedzidetur

2093 5741 2409 5834 legendum
2443 5741 2766 5834 ἐξιξγραψεγ,
2799 5750 2863 5801 ut
2891 5763 3070 5820 supra
3099 5741 3482 5820 legitumMox
3501 5741 3740 5806 Taurin.

2095 5815 2214 5872 Jes.
2253 5816 2342 5872 Fr.
2375 5817 2428 5885 1,
2458 5815 2494 5886 ἢ
2527 5815 2610 5870 ὅτι
2638 5815 2886 5879 τούτους.

2163 4957 2276 5081 (452
2307 4957 2445 5030 Reg.
2479 4957 2720 5016 Taurin.
2754 4958 2913 5015 Colb.
2944 4959 3089 5030 Jes.,
3121 4961 3550 5036 Χριστομάχων.
3573 4962 3748 5035 Editi,

2163 5048 2240 5081 ου.
2277 5047 2415 5081 γων.

2221 5102 2276 5171 ὃ)
