4148 6378
139 1077 144 1084 ι

139 1207 144 1214 ι

139 1287 142 1294 ι

139 1311 146 1324 Ι.

139 1333 146 1346 Ι.
187 1337 191 1344 ὶ

161 1371 170 1391 Ιι

159 1399 170 1414 I'
187 1406 190 1408 '

141 1417 180 1428 ι...

159 1459 162 1462 .
186 1457 190 1464 .

139 1507 190 1534 ε-ῗψκ

130 1533 168 1558 '.:'I
185 1531 190 1544 1

145 1557 168 1578 .L
185 1559 216 1572 ι..

135 1571 169 1596 1)..

139 1597 168 1618 ιδ
185 1601 197 1618 .1

139 1621 146 1632 ,
165 1621 182 1624 ,η

133 1635 162 1662 3.-
185 1633 190 1642 .

137 1665 144 1676 ,
165 1667 170 1670 .

139 1677 170 1704 ιξνθα
185 1679 190 1686 '

131 1705 163 1724 .I.’.

133 1729 144 1746 ·,
159 1725 164 1738 Ι
215 1733 218 1738 -

139 1765 144 1774 1
157 1755 171 1768 ⁸⁸

139 1845 172 1866 ~Zl‘
189 1859 193 1866 4

141 1869 172 1900 :-‘.

143 1959 146 1966 Ι
161 1949 166 1956 ι

143 1983 148 1992 Ι
190 1977 192 1980 ,

145 2007 150 2016 1

139 2245 152 2262 θ.

149 2329 162 2336 ι.

141 2345 152 2360 .,
165 2347 174 2362 ,,
191 2345 196 2353 ,

163 2439 166 2446 ι

145 2615 154 2634 l'
195 2631 198 2636 .
209 2629 213 2634 ι

145 2651 148 2658 ι
179 2653 198 2660 η.

159 3213 194 3242 ις’.
224 3225 228 3230 ,

159 3259 174 3276 ι’·
189 3259 200 3277 Ἰ

151 3281 168 3292 nl
191 3281 194 3284 ’

149 3297 174 3310 _..
214 3299 215 3302 η

147 3311 177 3334 ςΙ⁴Ι
207 3311 210 3316 Ι
238 3327 240 3330 ν

157 3347 178 3376 (ιε’
197 3367 214 3370 ..

155 3377 181 3384 ..ι

159 3389 164 3398 ο
213 3393 215 3400 Α

159 3435 184 3448 [~-

165 3453 184 3470 η,
217 3453 219 3456 .

159 3471 162 3480 |

159 3529 184 3552 1..-

161 3583 176 3592 ,.

155 3641 171 3660 .,‹
182 3651 188 3659 Ι
205 3641 208 3646 .

155 3671 164 3684 .,
179 3679 185 3686 1

167 3691 184 3714 γ’,
217 3694 220 3696 ⁷

144 3730 147 3731 ν
209 3731 212 3738 ι

153 3787 168 3796 μ

149 3837 180 3848 *ι’
199 3825 202 3830 Ι

138 3858 168 3878 Ὺγ
185 3857 198 3878 ι’

165 3883 172 3892 ν
193 3883 196 3888 .

136 3899 176 3936 ,ιζ-Ι
204 3903 228 3932 ς’-
247 3901 250 3904 ’

149 3963 194 3988 ιἾυ

155 3990 174 4010 εφη

147 4016 200 4040 ~'.'.y

161 4045 178 4064 1,.

152 4111 184 4132 γλτ

157 4139 166 4156 '.

164 4262 167 4271 l

173 4277 182 4292 ἰ

175 4335 180 4342 -

473 482 585 546 501
1690 482 1792 545 DE
1838 480 2136 545 SENTEN

2250 481 2281 542 λ
2322 482 2669 549 DIONYSII
3468 522 3477 537 ,η
3769 476 3885 540 502

477 614 755 687 μνησθεὶς,
787 612 886 671 ούκ
913 614 1097 691 ἠγνόει
1126 621 1315 672 τοῦτον
1363 616 1490 671 εἶναι
1537 616 1712 691 Λόγον
1772 615 1859 670 καὶ
1920 614 2118 693 Σοφίαν

2250 618 2397 673 licta
2426 622 2583 689 sunt,
2616 636 2732 675 non
2782 619 3085 691 ignorasse
3130 620 3327 672 tamen
3361 613 3559 686 ipsum
3591 627 3717 669 esse
3743 610 3884 667 Ver-

472 701 772 779 ἀδιαίρετον
803 710 901 760 τοῦ
934 705 1143 782 Πατρός
1171 726 1183 775 ;
1228 707 1450 761 Ἔπειτα
1484 706 1715 761 αἰτιᾶται
1768 705 1897 767 τοὺς
1950 726 2127 759 κατει-

472 793 672 856 πόντας
706 794 869 849 αὐτοῦ
901 796 976 857 ὡς
1012 797 1086 868 μὴ
1121 794 1469 871 ὁλοκλήρους
1524 794 1806 870 λέγοντας,
1845 792 1990 851 ἀλλὰ
2040 815 2131 848 πε-

478 882 832 959 ρικόπτοντας
864 884 1026 939 αὐτοῦ
1056 886 1151 946 τὰς
1185 884 1376 957 λέξεις,
1410 884 1499 939 καὶ
1534 886 1607 947 ὡς
1645 887 1717 958 μὴ
1751 884 1895 957 καλῇ
1955 904 2127 938 συνει-

474 969 811 1044 δήσει,ἀλλᾶ
841 979 1056 1047 πονηρᾷ
1088 972 1393 1036 λαλοῦντας
1428 974 1503 1037 ὡς
1534 972 1751 1029 θέλουσι
1779 993 1791 1005 ·
1824 973 2052 1034 τούτους
2072 994 2130 1027 τε

472 1060 686 1123 τούτοις
750 1062 1023 1131 ἀπεικάζει
1082 1069 1200 1125 τοῖς
1253 1065 1348 1125 τὰς
1388 1068 1484 1117 τοῦ
1522 1064 1787 1140 μακαρίου
1818 1060 2128 1118 ’ἀποστόλου

478 1144 867 1204 διαϐάλλουσιν
892 1151 1234 1214 Ἐπιστολάς.
1270 1154 1330 1206 Ἡ
1364 1150 1420 1206 δὲ
1446 1153 1670 1223 τοιαύτη
1711 1153 1916 1226 μέμψις
1967 1151 2129 1206 αὐτοῦ

474 1239 690 1301 πάντως
750 1240 854 1293 ἀπὸ
906 1240 1118 1317 φαύλης
1172 1240 1404 1315 ὑποψίας
1454 1241 1611 1297 αὐτὸν
1647 1240 1897 1297 ἀπολύει.
1934 1241 1997 1295 Εἰ
2028 1241 2128 1316 γὰρ

473 1327 601 1389 τοὺς
634 1327 855 1383 Παύλου
886 1330 1238 1393 κατειπόντας
1271 1330 1444 1393 οὕτως
1476 1334 1690 1406 ἡγεῖται
1738 1331 1811 1392 ὡς
1860 1329 1989 1392 τοὺς
2040 1328 2131 1384 αύ-

474 1422 573 1472 τοῦ
602 1419 975 1491 κατειπόντας,
1012 1418 1163 1475 οὐδὲν
1194 1418 1374 1495 ἕτερον
1404 1418 1693 1485 δείκνυσιν,
1724 1421 1759 1489 ἢ
1793 1419 1874 1474 6'1:
1922 1421 1989 1473 τὰ
2035 1423 2130 1473 τοῦ

476 1505 697 1561 Παύλου
754 1509 869 1581 (52)
928 1513 1139 1586 φρονῶν
1219 1509 1393 1572 οὕτως
1453 1507 1700 1586 ἔγραψεν.
1762 1506 1985 1583 Ἀμέλει
2042 1506 2131 1562 καί

476 1596 612 1669 πρὸς
660 1593 881 1651 ἕκαστον
942 1602 1047 1652 τῶν
1107 1599 1210 1654 ὑπὸ
1264 1603 1371 1654 τῶν
1442 1599 1763 1674 κατηγόρων
1826 1596 2128 1673 εἰρημένων

480 1685 751 1757 ἀπαντῶν,
784 1689 959 1741 πάντα
1003 1689 1071 1741 τὰ
1126 1689 1253 1763 παρ’
1300 1688 1470 1742 αὐτῶν
1530 1687 1919 1765 προφερόμενα
1974 1688 2131 1761 θερα-

474 1772 627 1827 πεύει
657 1792 670 1804 ·
702 1775 791 1828 καὶ
854 1769 1160 1829 Σαόέλλιον
1224 1776 1317 1848 μὲν
1379 1774 1429 1830 ἐν
1478 1774 1706 1836 ἐκείνοις
1738 1774 2044 1849 ἀνατρέπει,
2080 1773 2130 1827 έν

475 1862 693 1924 τούτοις
753 1861 810 1917 δὲ
868 1861 1127 1918 δείκνυσιν
1172 1863 1482 1940 ὁλόκληρον
1540 1865 1732 1918 ἑαυτοῦ
1787 1864 1888 1931 τὴν
1938 1858 2129 1931 εὐσεϐῆ

478 1950 680 2007 πίστιν.
714 1952 1035 2006 Φασκόντων
1063 1952 1243 2007 τοίνυν
1287 1952 1496 2007 ἐκείνων
1547 1958 1761 2030 φρονεῖν
1809 1952 1899 2007 τὸν
1952 1950 2134 2005 Διονύ·
2165 1985 2213 2051 Β

480 2060 593 2094 σιον
617 2058 628 2070 ·
666 2065 692 2091 ‹‹
728 2040 838 2095 Ούκ
876 2040 957 2094 ἀεὶ
988 2042 1055 2110 ἦν
1091 2042 1119 2096 6
1152 2041 1282 2103 Θεὸς
1315 2043 1524 2115 Πατὴρ,
1558 2040 1657 2095 ούκ
1689 2040 1769 2095 ἀεὶ
1811 2040 1877 2109 ἦν
1912 2041 1939 2094 6
1972 2038 2095 2101 Υἱός
2121 2060 2132 2073 ’

482 2126 607 2183 ἀλλ’
640 2129 668 2183 6
705 2129 799 2201 μὲν
830 2130 960 2193 Θεὸς
996 2130 1061 2199 ἦν
1098 2130 1277 2206 χωρὶς
1307 2134 1404 2184 τοῦ
1436 2129 1637 2204 Λόγου,
1672 2128 1832 2191 αὐτὸς
1867 2127 1923 2183 δὲ
1954 2129 1981 2182 6
2014 2129 2137 2189 Υἱὸς

482 2216 582 2271 οὐκ
635 2218 701 2286 ἦν
762 2218 887 2291 πρὶν
943 2221 1176 2293 γεννηθῇ
1204 2238 1216 2249 ·
1252 2216 1378 2272 ἀλλ’
1407 2219 1473 2287 ἦν
1516 2238 1649 2273 ποτε
1694 2217 1783 2272 ὅτε
1809 2217 1908 2272 οὐκ
1931 2218 1997 2286 ἦν
2026 2236 2037 2249 -
2074 2216 2135 2271 ού

483 2306 586 2380 γὰρ
646 2303 823 2368 ἀίδιός
883 2305 1045 2373 ἐστιν,
1100 2304 1226 2361 ἀλλ’
1277 2306 1496 2381 ὕστερον
1558 2305 1909 2381 ἐπιγέγονεν·
1964 2330 1991 2358 ››
2038 2303 2139 2379 ὅρα

483 2398 600 2455 πῶς
656 2394 1022 2468 ἀποκρίνεται.
1082 2396 1157 2450 Τὰ
1234 2396 1326 2469 μὲν
1402 2394 1493 2450 οὖν
1567 2393 1797 2451 πλεῖστα
1874 2400 1978 2449 τῶν
2049 2394 2139 2449 αύ-

482 2486 578 2535 τοῦ
654 2482 914 2557 ῥημάτων
991 2485 1123 2559 ἅπερ
1180 2484 1215 2553 ἢ
1276 2488 1449 2555 ζητῶν
1523 2484 1772 2557 ἐξετάζει,
1831 2485 1865 2553 ἢ
1935 2481 2135 2539 συλλο-

483 2570 773 2645 γιζόμενος
826 2574 1058 2648 συνάγει,
1090 2574 1124 2642 ἢ
1161 2572 1380 2645 ἐρωτῶν
1443 2572 1687 2649 ἐλέγχει,
1720 2574 1754 2642 ἢ
1786 2571 1913 2635 τοὺς
1965 2593 2139 2627 κατεισ

483 2659 718 2734 ρηκότας
778 2661 1036 2729 αἰτιᾶται,
1096 2666 1264 2717 ταῦτα
1322 2662 1512 2738 παρεὶς
1562 2660 1651 2716 διὰ
1691 2662 1755 2718 τὸ
1809 2669 1985 2735 μῆκος
2028 2665 2135 2715 τῶν

482 2746 680 2823 λόγων,
744 2749 881 2823 μόνα
937 2752 1004 2804 τὰ
1080 2751 1217 2826 πρὸς
1293 2752 1393 2820 τὴν
1460 2751 1789 2827 κατηγορίαν
1875 2752 2139 2826 ἀναγκαῖα

477 2836 692 2910 τίθημι.
760 2837 1244 2915 Ἀπολογούμενος
1321 2841 1500 2895 τοίνυν
1560 2841 1696 2917 πρὸς
1758 2840 1955 2910 ἐκεῖνα,
2002 2841 2136 2916 γρά-

480 2946 566 3004 φει
642 2932 762 2989 ταῖς
827 2926 1000 2999 λέξεσι
1078 2928 1297 2993 ταύταις
1356 2930 1406 2986 έν
1466 2936 1546 3003 τῷ
1606 2933 1808 3007 πρώτῳ
1883 2935 1961 3002 τῷ
2020 2929 2136 2985 ἐπι-

481 3017 811 3093 γραφομένῳ
841 3015 1110 3093 Ἐλέγχου
1168 3018 1259 3073 καῖ
1290 3020 1642 3096 Ἀπολογίας,
1682 3022 1797 3094 μεθ’
1848 3018 2004 3095 ἕτερα
2053 3018 2140 3074 οὕ.

478 3123 588 3164 τως
613 3121 629 3138 ⁹

555 3195 641 3249 15.
677 3217 705 3245 ‹‹
733 3192 807 3248 Ού
859 3195 962 3268 γὰρ
993 3193 1060 3262 ἦν
1094 3194 1184 3251 ὅτε
1215 3197 1242 3251 6
1281 3198 1393 3270 (53)
1424 3197 1554 3258 Θεὸς
1613 3196 1712 3252 ούκ
1766 3200 1831 3266 ἦν
1865 3199 2075 3271 Πατήρ.
2108 3220 2135 3250 ›)

483 3280 583 3335 Καὶ
613 3285 775 3337 τοῦτο
807 3280 948 3338 οἶδεν
983 3283 1035 3339 έε
1060 3290 1177 3348 τοῖς
1211 3285 1356 3356 ἑξῆς,
1393 3310 1419 3337 ‹‹
1452 3285 1533 3340 ἀεὶ
1565 3287 1654 3341 τὸν
1715 3286 1943 3361 Χριστὸν
1980 3286 2137 3357 εἶναι,

2240 708 2379 762 bum
2404 713 2461 762 et
2483 708 2839 780 Sapientiam
2867 726 2900 764 a
2924 709 3091 763 Patre
3122 703 3539 761 indivisibilem
3559 703 3586 757 ?
3616 700 3889 766 Queritur

2239 797 2448 851 deinde
2479 798 2633 868 quod
2669 802 3039 853 accusatores
3070 795 3394 851 sententias
3427 809 3566 848 suas
3596 808 3711 846 non
3738 790 3887 845 inte-

2239 903 2371 959 gras
2395 887 2669 955 referant,
2694 888 2792 942 sed
2824 891 3151 949 truncatas,
3172 890 3229 940 et
3250 883 3403 954 quod
3429 899 3542 937 non
3576 882 3730 935 bona
3759 894 3889 934 con-

2239 975 2504 1045 scientia,
2539 976 2637 1031 sed
2688 976 2863 1042 mala,
2900 992 3003 1047 pro
3056 974 3295 1028 libidine
3342 972 3661 1044 loquantur
3696 987 3707 1024 :
3741 984 3890 1040 quos

2240 1063 2464 1119 similes
2496 1064 2577 1119 ait
2605 1064 2755 1118 beati
2786 1063 3044 1135 Apostoli
3074 1061 3469 1134 Epistolarum
3502 1057 3890 1114 calumniato-

2238 1153 2423 1209 ribus.
2447 1153 2574 1207 Haac
2598 1170 2767 1223 porro
2789 1152 2895 1206 viri
2918 1150 3302 1221 expostulatio
3330 1149 3629 1204 sinistram
3652 1161 3887 1201 omnem

2240 1248 2468 1297 amovet
2497 1240 2912 1313 suspicionem.
2948 1241 3008 1295 Si
3052 1240 3207 1295 enim
3240 1237 3403 1293 Pauli
3434 1235 3890 1291 calumniatores

2240 1332 2332 1387 sui
2386 1330 2610 1386 similes
2660 1330 2997 1395 arbitratur,
3039 1328 3186 1384 nihil
3234 1344 3374 1382 sane
3421 1326 3579 1381 aliud
3630 1323 3892 1380 declarat

2242 1438 2417 1492 quam
2448 1438 2509 1476 se
2531 1436 2663 1475 cum
2687 1419 2867 1474 Paulo
2889 1418 3238 1474 sentientem
3266 1416 3350 1471 ita
3380 1414 3703 1487 scripsisse.
3724 1414 3890 1469 Certe

2241 1510 2492 1582 singulis
2543 1514 2955 1565 accusatorum
2994 1506 3187 1562 verbis
3234 1520 3567 1571 occurrens,
3613 1502 3889 1559 omnibus

2240 1616 2441 1654 eorum
2467 1598 2834 1671 argumentis
2857 1596 3205 1653 solutionem
3230 1593 3495 1661 adhibet;
3519 1607 3772 1663 cumque
3794 1592 3890 1647 Sa-

2242 1688 2483 1743 bellium
2504 1688 2798 1759 prioribus
2817 1686 2934 1742 illis
2950 1684 3187 1758 scriptis
3200 1682 3542 1755 planissime
3554 1679 3890 1751 confutarit,

2242 1777 2334 1832 his
2357 1776 2776 1847 posterioribus
2796 1777 2971 1830 ﬁdem
2992 1790 3161 1831 suam
3179 1773 3417 1829 omnino
3444 1771 3595 1840 piam
3614 1769 3891 1826 declarat.

2241 1866 2690 1921 Affirmantibus
2710 1865 2894 1937 igitur
2914 1863 3032 1918 illis
3054 1863 3203 1917 hanc
3225 1877 3355 1917 esse
3375 1858 3635 1932 Dionysii
3658 1862 3894 1913 senten-

2242 1955 2384 2011 tiam
2419 1972 2473 2009 :u
2496 1960 2646 2010 Deus
2676 1971 2791 2009 non
2823 1954 2933 2008 fuit
2958 1967 3192 2024 semper
3219 1951 3416 2016 Pater;
3446 1948 3632 2005 Filius
3663 1961 3897 2018 semper

2245 2060 2359 2100 non
2412 2044 2543 2113 fuit,
2594 2044 2694 2100 sed
2744 2048 2897 2098 Deus
2946 2040 3264 2112 aliquando
3294 2039 3479 2095 Verbo
3528 2036 3739 2101 caruit,
3771 2035 3897 2107 ipse

2243 2150 2377 2190 vero
2408 2133 2589 2189 Filius
2621 2150 2735 2188 non
2764 2138 2888 2188 erat
2920 2135 3236 2201 antequam
3270 2127 3628 2201 gigneretur,
3653 2125 3753 2182 sed
3786 2122 3897 2178 fuit

2246 2221 2562 2294 aliquando
2595 2238 2725 2277 cum
2770 2238 2886 2276 non
2931 2224 3085 2276 esset
3116 2237 3129 2275 :
3164 2234 3280 2273 non
3314 2216 3470 2273 enim
3503 2220 3754 2270 aeternus
3784 2216 3891 2282 est,

2246 2312 2346 2368 sed
2395 2312 2769 2383 postmodum
2804 2326 2931 2366 esse
2974 2308 3190 2379 incepit
3222 2327 3234 2365 :
3263 2332 3290 2357 ››
3323 2305 3715 2361 animadverte
3745 2319 3895 2375 quo-

2248 2402 2421 2456 modo
2453 2402 2523 2455 ad
2564 2401 2684 2455 haec
2734 2400 2832 2456 ille
2880 2399 3246 2470 respondeat.
3278 2396 3467 2452 Verba
3519 2398 3715 2450 autem
3766 2393 3895 2463 ejus

2246 2490 2709 2562 quamplurima,
2734 2489 2949 2561 quibus
2981 2505 3072 2543 res
3102 2489 3162 2542 in
3193 2486 3575 2559 quaestionem
3608 2482 3895 2536 adductas

2247 2580 2541 2651 expendit,
2566 2583 2667 2634 aut
2690 2595 2758 2633 ex
2789 2578 2979 2632 allatis
3010 2575 3329 2632 ratiociniis
3353 2574 3618 2646 quaedam
3649 2569 3895 2641 colligit,

2247 2674 2349 2725 aut
2375 2669 2766 2741 interrogatos
2796 2666 3160 2723 adversarios
3183 2664 3466 2733 coarguit,
3486 2661 3575 2717 vel
3606 2661 3895 2717 obtrecta-

2246 2762 2404 2813 tores
2453 2774 2593 2813 suos
2646 2756 3014 2822 criminatur,
3046 2755 3119 2810 ob
3165 2754 3449 2809 librorum
3499 2748 3895 2823 prolixitatem

2247 2847 2547 2914 omittens,
2570 2864 2639 2901 ea
2668 2845 2861 2901 solum
2893 2861 3214 2916 proponam
3238 2859 3365 2914 quae
3395 2856 3596 2897 eorum
3629 2840 3898 2910 spectant

2247 2935 2703 2992 accusationem.
2730 2936 2930 3006 Itaque
2953 2933 3045 2989 sui
3078 2931 3365 3006 purgandi
3392 2945 3590 2994 causa,
3614 2927 3673 2981 in
3706 2925 3895 2998 primo

2247 3024 2397 3080 libro
2442 3024 2535 3079 cui
2585 3023 2816 3093 titulus,
2850 3023 3117 3078 Elenchus
3146 3024 3195 3076 et
3224 3020 3506 3091 Apologia,
3540 3015 3895 3089 quibusdam

2247 3113 2591 3185 praemissis,
2626 3112 2710 3168 sic
2740 3113 2812 3167 ad
2844 3112 3087 3168 verbum
3121 3108 3359 3181 scripsit
3390 3124 3402 3161 :

2320 3203 2407 3256 15.
2436 3224 2464 3251 ‹‹
2497 3202 2811 3273 Nunquam
2846 3199 3001 3255 enim
3036 3198 3145 3254 fuit
3175 3197 3408 3269 quando
3439 3194 3593 3250 Deus
3626 3209 3742 3248 non
3773 3193 3900 3247 erat

2254 3291 2489 3347 Pater.»
2520 3294 2586 3345 Et
2631 3290 2691 3345 in
2740 3288 3123 3361 sequentibus
3170 3286 3499 3358 proﬁtetur,
3535 3305 3564 3333 «
3596 3280 3897 3336 Christum

483 3368 661 3444 Λόγον
694 3366 826 3426 ὄντα
854 3375 944 3429 καὶ
978 3374 1181 3453 Σοφίαν
1213 3375 1302 3429 καὶ
1345 3372 1590 3448 δύναμιν.
1625 3375 1697 3430 Ού
1754 3357 1854 3452 γὰρ
1905 3374 1969 3447 δὴ
2014 3378 2136 3433 τού-

2253 3396 2487 3451 semper
2518 3380 2718 3449 fuisse,
2744 3395 2810 3433 ac
2838 3378 3115 3441 Verbum,
3143 3357 3513 3442 sapientiam,
3538 3376 3595 3427 et
3619 3369 3897 3424 virtutem

480 3480 588 3514 των
650 3461 846 3535 ἄγονος
881 3460 952 3517 ὣν
989 3464 1016 3517 6
1064 3464 1213 3534 Θεὸς,
1268 3463 1382 3519 εἶτα
1443 3462 1929 3535 ἐπαιδοποιήσατο.
1982 3462 2139 3521 Ἀλλ’

482 3545 566 3602 6'1:
601 3550 675 3619 μὴ
717 3552 843 3626 παρ’
875 3552 1067 3607 ἑαυτοῦ
1100 3552 1127 3607 ὀ
1158 3554 1305 3627 Υἱὸς,
1342 3550 1467 3608 ἀλλ’
1503 3552 1562 3607 ἐκ
1606 3558 1703 3607 τοῦ
1751 3556 1963 3630 Ιίατρὸς
2022 3550 2137 3631 ἔχει

479 3637 541 3691 τὸ
571 3637 725 3699 εἶναι.
758 3664 786 3692 ››
821 3641 919 3695 Καὶ
950 3642 1065 3713 μετ’
1092 3641 1254 3717 ὀλίγα
1283 3640 1448 3697 πάλιν
1481 3642 1605 3716 περὶ
1664 3647 1761 3697 τοῦ
1814 3643 1979 3698 αύτοῦ
2037 3666 2140 3718 φη-

480 3746 562 3780 σιν
590 3744 601 3756 ·
641 3750 669 3778 (ι
700 3728 1060 3803 ’Δπαύγασμα
1093 3728 1151 3785 δὲ
1181 3728 1253 3785 ὢν
1306 3730 1485 3808 φωτὸς
1545 3728 1744 3803 ἀϊδίου,
1777 3733 1993 3794 πάντως
2050 3734 2140 3787 καὶ

482 3812 640 3878 αὐτὸς
676 3814 853 3879 ἀίδιός
885 3817 1025 3872 ἐστιν
1058 3814 1259 3881 (ὄντος
1290 3821 1393 3896 γὰρ
1443 3819 1526 3874 ἀεὶ
1572 3824 1669 3873 τοῦ
1718 3821 1918 3898 φωτὸς,
1970 3819 2139 3891 δῆλον

481 3902 554 3965 ὡς
583 3900 725 3960 ἔστιν
759 3906 841 3961 ἀεὶ
870 3909 931 3962 τὸ
966 3908 1298 3983 ἀπαύγασμα
1325 3930 1336 3944 ι
1395 3908 1576 3982 τούτῳ
1624 3910 1725 3985 γὰρ
1778 3910 1866 3965 καὶ
1913 3910 1994 3965 6'1:
2029 3917 2141 3990 φῶς

482 3990 591 4048 ἐστι
621 4000 700 4067 τῷ
728 3998 1078 4073 καταυγάζειν
1112 4003 1336 4071 νοεῖται,
1369 4000 1459 4053 καὶ
1492 4003 1606 4077 φῶς
1662 3998 1723 4053 ού
1785 3996 2003 4055 δύναται
2067 4003 2141 4074 μή

480 4083 712 4159 φωτίζον
738 4083 894 4142 εἶναι.
928 4084 1103 4141 Πάλιν
1137 4088 1240 4163 γὰρ
1288 4085 1532 4160 ἔλθωμεν
1584 4087 1671 4142 ἐπὶ
1734 4088 1801 4141 10‘:
1856 4087 2146 4166 παραδείγ-

482 4192 639 4243 ματα.
681 4173 743 4228 Εἷ
775 4170 914 4229 ἔστιν
968 4172 1132 4244 ἥλιος
1164 4179 1304 4251 (54),
1341 4174 1479 4231 ἔστιν
1530 4176 1696 4252 αὐγή,
1734 4172 1875 4232 ἔστιν
1921 4179 2140 4252 ἡμέρα⁹

480 4259 525 4314 εἰ
573 4261 837 4318 τοιούτων
891 4260 1059 4337 μηδὲν
1122 4262 1257 4333 ἔστι,
1289 4263 1434 4320 πολύ
1492 4288 1552 4341 γε
1611 4263 1693 4320 δεῖ
1750 4267 1840 4320 καὶ
1896 4273 2144 4341 παρεῖναι

478 4349 663 4420 ἥλιον.
697 4352 761 4407 Εἰ
797 4352 890 4425 μὶν
920 4350 1010 4409 οὖν
1046 4351 1220 4417 ἀίδιος
1262 4356 1290 4409 6
1322 4354 1503 4425 ἥλιος,
1539 4355 1807 4415 ἄπαυστος
1858 4354 1915 4409 ἂν
1961 4360 2025 4426 ἦν
2054 4359 2142 4411 καὶ

478 4441 514 4509 ἡ
546 4441 758 4515 ἡμέρα·
791 4447 883 4497 νῦν
916 4440 994 4513 δὲ,
1032 4442 1094 4498 ού
1125 4442 1226 4519 γάρ
1262 4443 1426 4515 ἐστιν,
1479 4443 1777 4517 ἀρξαμένου
1807 4464 1884 4511 τε,
1914 4442 2142 4520 ἤρξατο,

478 4530 569 4585 καὶ
608 4532 943 4607 παυομένου,
976 4533 1223 4590 παύεται.
1256 4535 1312 4589 Ὀ
1363 4531 1421 4587 δέ
1474 4553 1537 4607 γε
1573 4534 1701 4594 Θεὸς
1760 4533 1978 4589 αἰώνιόν
2033 4535 2145 4591 ἐστι

479 4624 615 4697 φῶς,
649 4618 771 4676 οὔτε
822 4622 1121 4698 ἀρξάμενον
1183 4620 1306 4678 οὔτε
1350 4620 1514 4694 λῆξόν
1568 4644 1704 4679 ποτε
1751 4626 1902 4698 (55)·
1950 4625 2144 4680 οὐκοῦν

2247 3468 2560 3525 exstitisse.
2578 3468 2775 3538 Neque
2792 3467 2947 3521 enim
2964 3465 3114 3520 Deus
3132 3480 3265 3518 cum
3283 3461 3375 3517 his
3392 3466 3566 3516 antea
3587 3457 3896 3525 caruisset,

2248 3563 2451 3631 postea
2496 3556 2706 3612 Filium
2754 3554 2975 3627 genuit.
3009 3554 3207 3625 Neque
3246 3568 3281 3607 a
3317 3550 3511 3621 seipso
3558 3546 3759 3613 Filius,
3796 3545 3898 3600 sed

2249 3665 2283 3703 a
2304 3648 2473 3703 Patre
2494 3645 2672 3701 habet
2693 3660 2840 3699 esse.
2867 3664 2895 3692 »
2918 3643 2987 3698 Et
3006 3642 3209 3714 paucis
3229 3637 3570 3711 interjectis,
3595 3635 3796 3692 eadem
3829 3633 3902 3689 de

2250 3753 2312 3792 re
2338 3736 2553 3791 iterum
2587 3733 2727 3789 dicit
2750 3749 2801 3786 :«
2822 3737 2966 3787 Cum
2990 3732 3066 3786 sit
3086 3730 3363 3803 splendor
3388 3725 3537 3783 lucis
3568 3730 3817 3791 aeternae,
3843 3727 3903 3778 et

2250 3824 2377 3897 ipse
2409 3822 2648 3879 omnino
2679 3827 2933 3877 aeternus
2977 3825 3087 3876 est.
3114 3820 3267 3874 Luce
3313 3817 3470 3872 enim
3520 3830 3754 3885 semper
3782 3811 3901 3869 exi-

2253 3917 2463 3980 stente,
2487 3912 2865 3967 manifestum
2912 3913 3001 3965 est
3030 3915 3085 3964 et
3115 3906 3489 3980 splendorem
3521 3918 3753 3974 semper
3782 3900 3901 3956 exi-

2255 4008 2438 4069 stere;
2473 4018 2539 4057 eo
2588 4001 2744 4056 enim
2777 4000 2904 4069 ipso
2952 3998 3143 4053 lucem
3193 4013 3321 4053 esse
3368 3992 3719 4064 intelligitur
3747 3988 3901 4062 quod

2252 4092 2577 4164 splendeat,
2597 4106 2662 4145 ac
2686 4089 2807 4145 ﬁeri
2833 4088 3034 4160 nequit
3054 4092 3119 4143 ut
3138 4087 3238 4142 lux
3262 4102 3378 4141 non
3408 4084 3619 4139 luceat.
3643 4082 3902 4138 Rursum

2252 4181 2407 4237 enim
2442 4180 2515 4235 ad
2546 4178 2812 4251 exempla
2839 4178 3166 4233 veniamus.
3190 4174 3249 4232 Si
3282 4174 3367 4230 sol
3398 4177 3507 4241 est,
3548 4174 3641 4243 est
3669 4184 3903 4242 quoque

2253 4270 2548 4342 splendor,
2575 4273 2665 4324 est
2694 4273 2748 4323 et
2777 4268 2903 4323 dies
2929 4285 2941 4322 :
2966 4267 3015 4321 si
3043 4283 3175 4321 vero
3198 4265 3408 4321 horum
3443 4260 3588 4316 nihil
3616 4263 3724 4329 est,
3749 4256 3901 4313 mul-

2252 4364 2381 4415 tum
2413 4360 2579 4414 abest
2610 4359 2813 4413 adesse
2838 4356 3042 4412 solem.
3067 4355 3228 4418 Quod
3253 4353 3301 4409 si
3323 4357 3575 4407 aeternus
3606 4346 3689 4403 sol
3723 4348 3898 4412 esset,

2252 4450 2377 4505 dies
2407 4447 2582 4504 etiam
2614 4462 2920 4517 nunquam
2952 4448 3244 4500 cessaret:
3273 4456 3429 4495 nunc
3469 4442 3663 4493 autem
3687 4436 3902 4506 (neque

2252 4539 2409 4594 enim
2457 4537 2539 4591 ita
2583 4554 2645 4591 se
2692 4551 2785 4590 res
2835 4533 3031 4604 habet)
3085 4530 3398 4603 incipiente
3446 4527 3567 4583 sole
3613 4524 3818 4595 incipit
3846 4525 3904 4578 et

2254 4628 2401 4694 dies,
2435 4643 2500 4681 ac
2540 4626 2841 4681 desinente
2871 4622 3104 4678 desinit.
3137 4625 3289 4676 Deus
3329 4622 3523 4673 autem
3555 4619 3771 4670 eterna
3798 4612 3901 4667 lux

479 4708 697 4764 αἰώνιον
728 4710 1033 4787 πρόκειται,
1065 4713 1155 4767 καὶ
1215 4712 1448 4767 σύνεστιν
1494 4712 1639 4786 αὐτῷ
1689 4713 1753 4768 τὸ
1810 4713 2136 4789 ἀπαύγασμα

2250 4720 2335 4773 est
2363 4733 2491 4788 quaa
2522 4730 2829 4786 nunquam
2861 4712 3101 4783 incepit,
3124 4723 3427 4780 nunquam
3457 4705 3701 4760 desinet.
3725 4702 3899 4757 Eter—

481 4795 715 4877 ἄναρχον
789 4800 879 4856 καὶ
946 4800 1205 4876 ἀειγενὲς,
1282 4800 1716 4879 προφαινόμενον
1782 4804 1895 4876 (56)
1950 4803 2135 4876 αὐτοῦ,

479 4886 611 4963 ὅπερ
670 4887 808 4943 ἐστὶν
841 4892 876 4958 ἠ
913 4886 1149 4966 λέγουσα
1208 4890 1416 4968 Σοφία⁹
1472 4892 1620 4966 Ἐγὼ
1677 4889 1832 4964 ἥμην
1976 4913 2142 4968 προσ-

479 4976 708 5052 έχαιρε·
769 4978 887 5033 καθ’
938 4979 1148 5055 ἡμέραν
1200 4976 1258 5033 δὲ
1306 4979 1676 5058 εύφραινόμην
1737 4980 1788 5035 ἐν
1857 4982 2141 5057 προσώπῳ

478 5064 643 5120 αὐτοῦ
674 5064 725 5121 ἒν
758 5067 918 5122 παντὶ
948 5071 1142 5144 καιρῷ.
1174 5091 1202 5120 ››
1238 5067 1336 5122 Καὶ
1370 5067 1520 5131 αὖθις
1565 5068 1756 5144 ἐπάγει
1812 5070 1926 5141 μετ’
1977 5066 2144 5145 ὀλίγα

476 5156 601 5233 περί
630 5158 728 5211 τοῦ
758 5155 923 5211 αὐτοῦ
953 5153 1132 5231 λέγων
1156 5175 1169 5189 ’
1202 5179 1229 5209 ‹‹
1264 5157 1454 5221 Ὄντος
1486 5160 1598 5232 (57)
1631 5156 1721 5213 οὖν
1771 5158 1998 5214 αἰωνίου
2046 5163 2142 5213 τοῦ

546 5274 589 5309 ⁸⁷
620 5278 787 5330 Prov.
820 5289 946 5345 VIII,
980 5273 1069 5328 30.

544 5390 658 5463 (52)
691 5388 933 5463 Taurin.
967 5388 1126 5463 Colb.
1158 5388 1399 5463 Jes.,iﬁ:
1430 5388 1677 5445 Παύλου.

545 5460 660 5534 (53)
678 5462 785 5536 Sic
815 5460 1058 5536 Taurin.
1093 5460 1254 5536 Co_lb.
1290 5462 1381 5536 Fr.
1418 5462 1469 5517 1.
1493 5462 1566 5536 _In
1614 5464 1753 5536 Reg.
1785 5466 1847 5536 et
1874 5462 1933 5536 in
1964 5464 2138 5520 editis

475 5532 719 5610 deest'_6.
757 5532 933 5610 Paulo
965 5536 1115 5610 post,
1151 5532 1292 5610 R_eg.
1326 5534 1567 5610 Taurin.
1600 5532 1748 5610 JesT,
1774 5533 1855 5589 ἀεὶ
1882 5534 1974 5589 τὸν
2011 5540 2138 5610 Χρι-

478 5621 600 5677 στον
620 5602 763 5677 ,εἶναι
800 5598 980 5677 Λόγον
1011 5598 1163 5677 ὄντα.)
1191 5598 1463 5677 Ιιῖ-θᾴίῐὶδ
1494 5604 1630 5658 εἶναι
1661 5598 1847 5663 deest.

549 5675 663 5743 (54)
690 5675 789 5748 Sic
821 5675 961 5748 Reg.
991 5676 1238 5748 Taurin.,
1258 5675 1415 5748 Colb,
1439 5677 1561 5732 Jes.
1587 5678 1650 5733 In
1673 5680 1869 5748 editis,
1895 5676 1922 5748 ᾧ
1948 5675 2133 5745 ἥλιος.

477 5744 781 5827 Mox-editi.
810 5744 1075 5827 et_Reg.,
1101 5744 1245 5802 πολύ
1287 5766 1349 5827 γε
1391 5744 1473 5827 ξεῖ
1503 5750 1667 5827 (Reg.
1708 5744 1917 5827 δήλκαί
1940 5744 2129 5827 παρεξ-

475 5837 583 5874 ναι.
608 5818 849 5876 Taurin.
869 5793 1190 5886 eolb‘i'iea;
1215 5793 1432 5877 πολλοὶ
1464 5793 2133 5898 γὶ’ὲέῗ’πέιὲἒῖζᾶἐ.’1ῑιῖ.’ί,

2251 4823 2366 4862 nus
2398 4821 2534 4877 ergo
2565 4802 2845 4875 splendor
2886 4802 2998 4874 ipsi
3047 4798 3322 4873 praelucet
3350 4812 3416 4851 ac
3448 4791 3766 4859 coexsistit,
3798 4790 3899 4861 qui

2251 4896 2473 4966 absque
2515 4894 2683 4948 initio
2732 4897 2840 4959 est,
2866 4897 2924 4946 et
2954 4892 3025 4946 ab
3055 4894 3270 4946 aeterno
3317 4884 3549 4959 genitus
3599 4886 3733 4937 ante
3764 4895 3901 4935 eum

2251 4985 2485 5051 emicat,
2520 4983 2675 5039 200
2716 4981 2935 5053 quique
2988 4979 3240 5051 ipsemet
3290 4980 3379 5031 est
3427 4970 3725 5045 Sapientia
3771 4984 3898 5040 quaa

2252 5072 2393 5129 dicit
2426 5090 2438 5128 :
2470 5074 2578 5144 Ego
2608 5088 2761 5127 eram
2798 5087 2905 5143 qua
2950 5067 3237 5141 gaudebat,
3270 5074 3320 5123 et
3364 5060 3672 5119 delectabar
3718 5059 3900 5131 quoti-

2253 5161 2344 5218 die
2398 5166 2524 5218 ante
2568 5161 2775 5235 faciem
2822 5161 2960 5232 ejus,
2994 5158 3145 5215 omni
3190 5160 3434 5227 tempore
3454 5154 3517 5207 ‘7.
3544 5172 3571 5201 ››
3603 5147 3901 5218 Pauloque

2241 5389 2544 5519 ﬁokloiiri‘e
2572 5389 2662 5445 καὶ
2691 5387 2773 5445 δεῖ
2801 5395 3072 5466 παρεῖναι.

2319 5467 2430 5519 (55)
2517 5464 2706 5519 aurin.
2739 5464 2899 5518 Colb.
2928 5464 3071 5519 Jes..

2319 5467 2430 5536 (55)
2466 5458 2706 5520 Taurin.
2739 5458 2899 5536 Colb.
2928 5464 3086 5536 Jes.,
3106 5458 3291 5536 λῆξαν.

2470 5536 2708 5591 Taurin.
2760 5534 3009 5605 Colbert.
3058 5521 3320 5605 Jesl'Fr.
3374 5532 3425 5597 1,
3472 5521 3896 5602 προφερόμενον.

2246 5603 2428 5665 Paulo
2461 5613 2593 5679 post
2622 5608 2861 5679 Taurin,
2894 5603 2946 5679 έν
2976 5608 3060 5679 τῷ
3081 5603 3379 5679 προσῴ-πιρ.

2316 5682 2430 5748 (57)
2463 5666 2557 5734 Sic
2588 5678 2724 5749 Reg.
2752 5666 3005 5749 _Taurin._
3028 5666 3145 5749 'Jes'.
3180 5666 3351 5749 Editi,
3396 5670 3565 5749 9513:
3615 5666 3730 5749 σῇ,
3764 5681 3900 5746 per-

2244 5741 2467 5822 peram.
2488 5751 2639 5815 Mox,
2671 5741 2759 5802 ὶὶαί
2795 5746 3171 5822 ᾳηῐϐγᾳῖῴνιος
3206 5741 3373 5822 deest
3390 5744 3457 5822 in
3490 5743 3628 5814 Reg.
3654 5741 3895 5799 Taurin.

2242 5817 2401 5879 Colb.
2434 5823 2553 5879 Jes.
2589 5822 2679 5879 Fr.
2716 5823 2765 5878 1.
2800 5821 2863 5878 In
2894 5820 3070 5877 editis
3101 5836 3234 5877 vero
3265 5817 3500 5890 legitur.
