4148 6392
263 470 384 538 603

806 483 874 545 S.
915 484 1347 551 ATHANASII
1391 491 1565 552 OPP.
1611 485 1816 551 PARS
1857 483 1910 546 Ι.
1941 513 2015 530 -
2055 481 2482 548 HISTOBICA
2527 485 2628 549 ET
2671 486 3157 552 DOGMATICA.

3581 488 3706 553 504

277 615 479 683 postea
508 613 580 670 de
610 617 813 674 eodem
846 621 1092 678 resumit
1121 623 1215 680 his
1245 625 1437 681 verbis
1469 641 1483 680 :
1519 648 1538 674 α
1573 626 1718 682 Cum
1750 623 1931 697 igitur

2060 619 2278 692 Ἰατρὸς,
2313 618 2537 682 αἰώνιος
2567 621 2594 675 6
2627 619 2750 683 Υἱός
2783 620 2915 694 ἐστι,
2951 626 3067 701 φῶς
3097 619 3158 677 ἐκ
3185 620 3368 700 φωτὸς
3399 614 3506 677 ὥν·
3541 616 3698 686 ὄντος

281 706 535 761 aeternus
567 707 644 761 sit
676 709 859 779 Pater,
883 716 1135 769 aeternus
1179 718 1267 770 est
1307 721 1365 770 et
1398 715 1598 785 Filius,
1631 717 1829 772 lumen
1863 717 1935 771 de

281 791 525 851 lumine.
552 797 719 867 Nam,
750 800 796 854 si
828 801 1055 871 genitor
1083 807 1192 873 est,
1217 808 1307 859 est
1339 810 1396 860 et
1431 805 1612 861 Filius
1647 823 1659 861 :
1695 807 1850 876 quod
1885 805 1932 859 si

285 882 468 938 Filius
501 902 612 941 non
646 892 752 958 est,
777 905 892 960 qua
924 892 1146 948 ratione
1177 897 1231 948 et
1255 895 1426 965 cujus
1458 899 1650 966 potest
1679 912 1808 950 esse
1839 911 1935 966 ge-

283 973 484 1029 nitor?
515 977 692 1048 Atqui
723 980 896 1036 ambo
927 987 1087 1048 sunt,
1120 987 1174 1038 et
1207 1000 1439 1056 semper
1484 988 1643 1040 sunt.
1671 1006 1698 1033 »
1721 984 1938 1040 Deinde

284 1061 406 1117 haec
435 1065 598 1120 addit
631 1082 642 1121 :
671 1088 699 1117 «
732 1067 876 1124 Cum
908 1070 1088 1141 igitur
1117 1077 1272 1128 Deux
1303 1074 1380 1129 sit
1409 1074 1527 1141 lux,
1553 1073 1818 1130 Christus
1849 1078 1939 1129 est

283 1150 587 1223 splendor;
649 1172 782 1211 cum
843 1164 1039 1214 autem
1094 1161 1220 1232 ipse
1277 1162 1530 1234 Spiritus
1579 1179 1813 1235 quoque
1861 1163 1938 1218 sit

287 1240 447 1312 (nam
481 1242 973 1318 Spiritusjnquit,
1001 1260 1082 1306 est
1109 1252 1248 1307 Deus
1269 1253 1354 1323 ⁵⁸),
1381 1258 1776 1325 congruentur
1807 1269 1934 1306 rur-

281 1346 413 1386 sum
446 1331 716 1390 Christus
746 1353 927 1408 vapor
966 1339 1160 1396 dictus
1193 1347 1282 1396 est
1325 1358 1337 1396 :
1385 1343 1478 1396 Est
1523 1345 1688 1405 enim,
1724 1341 1936 1412 inquit,

277 1437 448 1491 vapor
477 1424 703 1480 virtutis
733 1427 830 1481 Dei
849 1428 912 1481 ‘9.
940 1450 968 1478 ››
991 1430 1061 1483 Et
1092 1430 1304 1485 iterum
1337 1431 1454 1486 ait:
1486 1454 1513 1481 ‹‹
1538 1431 1708 1487 Solus
1741 1438 1936 1487 autem

281 1508 462 1565 Filius
493 1512 594 1583 qui
626 1515 783 1568 Patri
834 1533 1068 1590 semper
1115 1520 1434 1593 coexsistit,
1468 1525 1524 1577 et
1567 1521 1664 1577 illo
1698 1523 1796 1594 qui
1830 1526 1937 1592 est,

283 1597 516 1670 plenus,
549 1601 675 1672 ipse
705 1620 939 1676 quoque
969 1612 1058 1662 est
1089 1624 1157 1663 ex
1186 1613 1376 1668 Patre.
1403 1633 1430 1659 »

359 1688 443 1742 16.
470 1688 600 1746 Hec
621 1691 669 1746 si
696 1693 968 1766 ambigue
991 1696 1145 1752 dicta
1166 1698 1766 1772 fuissent,interprete
1789 1717 1938 1773 opus

283 1774 567 1833 haberent
591 1795 603 1835 :
629 1784 689 1836 at
708 1798 842 1838 cum
871 1785 1065 1854 palam
1095 1789 1152 1842 et
1178 1785 1523 1859 plerumque
1547 1789 1666 1846 haec
1698 1790 1756 1844 in
1789 1790 1938 1845 scri-

281 1864 398 1935 ptis
429 1865 554 1922 suis
598 1873 984 1940 pertractarit,
1007 1875 1180 1930 Arius
1215 1876 1453 1946 quidem
1495 1878 1770 1934 dentibus
1802 1879 1939 1934 stri-

2044 706 2144 782 γὰρ
2185 709 2410 782 γονὲως,
2447 707 2555 764 ἔστι
2602 711 2691 764 καὶ
2735 712 2918 767 τέκνον
2948 730 2960 742 '
3021 711 3066 766 εἰ
3116 708 3175 766 δὲ
3226 712 3301 784 μὴ
3351 711 3536 766 τὲκνον
3591 709 3700 783 εἴη,

2045 802 2160 858 πῶς
2215 799 2304 852 καὶ
2361 799 2507 862 τίνος
2577 799 2710 855 εἶναι
2791 798 3010 856 δύναται
3066 801 3299 876 γονεύς;
3361 799 3518 856 Ἀλλ’
3568 801 3698 856 εἰσὶν

2047 883 2232 958 ἄμφω,
2266 889 2354 942 καὶ
2408 887 2538 944 εἷσῗν
2581 890 2683 948 ἀεί.
2719 916 2744 941 ››
2783 891 2913 953 Εἶνα
2970 890 3134 947 πάλιν
3193 890 3517 966 προστίθησι
3572 895 3698 946 ταῦ-

2378 978 2392 995 ὶ
2508 979 2523 998 \
2626 976 2654 998 Ἰν
2725 974 2748 994 δ’
2973 984 2998 994 ν
3138 983 3164 994 «-
3468 978 3479 1000 Ι

2043 997 2142 1030 τα·
2180 1001 2207 1027 ‹‹
2239 983 2429 1040 Φωτος
2469 999 2561 1052 μεν
2595 1000 2685 1033 ουν
2721 1000 2877 1042 οντος
2904 1001 3002 1035 του
3034 987 3189 1050 Θεου,
3224 980 3251 1033 6
3281 985 3510 1054 Χριστος
3558 981 3696 1035 ἐστιν

2047 1065 2393 1142 ἀπαύγασμα.
2477 1068 2790 1141 Πνεύματος
2869 1066 2928 1124 δὲ
3005 1063 3200 1130 ὄντος’
3269 1073 3488 1142 Πνεῦμα
3574 1071 3699 1144 γὰρ,

2047 1155 2232 1232 φησὶν,
2292 1157 2320 1210 6
2377 1155 2546 1219 Θεός·
2610 1155 2893 1234 ἀναλόγως
3141 1155 3308 1213 πάλιν
3379 1159 3406 1212 6
3472 1159 3702 1234 Χριστὸς

2046 1243 2209 1316 ἀτμὶς
2269 1244 2524 1320 λέγεταιο
2575 1247 2769 1320 Ἀτμὶς
2838 1248 2962 1322 γὰρ,
3010 1246 3195 1324 φησὶν,
3255 1245 3366 1302 ἔστι
3435 1254 3536 1317 τῆς
3608 1251 3706 1302 τοῦ

2047 1338 2180 1387 Θεοῦ
2213 1331 2511 1407 δυνάμεως.
2549 1361 2575 1386 ››
2610 1336 2707 1390 Καὶ
2737 1335 2796 1390 ἐκ
2842 1341 2940 1390 τοῦ
2989 1333 3242 1410 δευτέρου
3299 1333 3466 1390 πάλιν
3529 1335 3701 1414 φησί’

2051 1444 2078 1470 ‹‹
2110 1421 2284 1484 Μόνος
2319 1419 2375 1477 δὲ
2406 1423 2434 1477 6
2466 1423 2589 1484 Υἱὸς
2623 1424 2702 1478 ἀει
2742 1423 2913 1477 συνὼν
2962 1428 3041 1495 τῷ
3093 1424 3289 1498 Ιιατρὶ,
3321 1424 3411 1478 καὶ
3467 1428 3565 1478 τοῦ
3623 1418 3708 1478 ὅν-

2046 1531 2138 1572 τος
2197 1509 2608 1586 πληρούμενος,
2653 1512 2750 1566 καὶ
2806 1511 2968 1575 αὐτός
3027 1512 3166 1567 ἐστιν
3215 1509 3289 1567 ὢν
3342 1512 3402 1567 ἐκ
3448 1516 3546 1567 τοῦ
3598 1519 3708 1567 Πα-

2047 1600 2199 1675 τρός.
2234 1626 2260 1652 ››

2125 1693 2211 1746 16.
2245 1694 2439 1762 Ταῦτα,
2472 1689 2517 1744 εἰ
2569 1691 2663 1763 μὲν
2717 1686 3044 1770 ἀμφιϐόλως
3094 1688 3308 1767 εἴρηται
3351 1692 3486 1764 (59),
3519 1689 3709 1765 χρείαν

2051 1779 2170 1854 εἶχε
2197 1783 2295 1834 τοῦ
2335 1778 2732 1854 ὲρμηνεύοντος
2759 1802 2770 1814 ·
2804 1777 2991 1849 ἐπειδὴ
3023 1777 3081 1834 δὲ
3121 1777 3330 1841 λευκῶς
3364 1780 3451 1835 οιαὶ
3499 1775 3712 1835 πολλά-

2048 1889 2134 1932 κις
2157 1869 2282 1944 περὶ
2310 1870 2419 1923 τῶν
2450 1868 2624 1924 αὐτῶν
2685 1866 2938 1945 ἔγραψεν,
2973 1870 3002 1924 6
3046 1870 3142 1943 μὲν
3202 1871 3422 1943 Ἀρειος
3479 1864 3712 1944 τριζέτω

284 1952 436 2025 deat,
463 1957 618 2026 quod
658 1975 826 2015 suam
860 1961 1128 2019 haeresim
1181 1971 1379 2022 cernat
1411 1983 1445 2022 a
1479 1967 1749 2040 Dionysio
1781 1984 1939 2023 ever-

2060 1958 2178 2020 τοὺς
2209 1955 2452 2020 ὀδόντας.
2485 1959 2627 2034 ὁρῶν
2671 1960 2772 2028 τήν
2820 1957 3021 2035 α’ίρεσιν
3077 1958 3243 2012 αὐτοῦ
3417 1977 3710 2034 καταστρε-

283 2057 433 2110 sam,
458 2045 778 2120 audiatque
802 2051 890 2105 vel
922 2051 1139 2109 invitus
1170 2054 1289 2110 haec
1320 2055 1479 2112 illius
1505 2058 1681 2113 verba
1703 2074 1754 2112 :«
1776 2062 1936 2114 Sem-

286 2146 389 2202 per
417 2132 574 2189 Deus
615 2136 783 2192 Pater
830 2140 960 2205 fuit,
993 2146 1049 2197 et
1094 2143 1274 2200 Filius
1325 2161 1442 2200 non
1492 2147 1713 2218 absque
1763 2163 1941 2202 causa

287 2224 542 2277 mternus
571 2224 810 2295 dicitur;
849 2230 950 2285 sed
983 2232 1124 2301 quia
1155 2238 1406 2290 aeternus
1435 2239 1524 2290 est
1554 2235 1740 2303 Pater,
1774 2241 1937 2290 aeter-

289 2325 403 2365 nus
432 2315 521 2366 est
551 2317 607 2368 et
637 2315 841 2387 Filius,
867 2317 1068 2391 illique
1095 2323 1412 2393 coexsistit,
1439 2325 1939 2396 quemadmodum

286 2399 567 2471 splendor
596 2402 732 2460 luci.
759 2428 788 2456 ››
821 2407 864 2461 Ii
893 2425 1026 2466 vero
1058 2411 1159 2482 qui
1202 2412 1290 2467 vel
1331 2412 1536 2470 leviter
1564 2415 1944 2486 suspicantur

285 2487 628 2560 Dionysium
651 2510 785 2550 cum
813 2497 946 2553 Ario
979 2501 1257 2566 sensisse,
1282 2502 1435 2557 hanc
1457 2503 1757 2558 sinistram
1783 2505 1853 2560 de
1875 2520 1942 2560 eo

287 2578 782 2639 existimationem
812 2586 1126 2659 deponant.
1151 2591 1320 2662 Quid,
1345 2609 1560 2662 quaeso,
1584 2592 1668 2647 illi
1696 2593 1850 2649 inter
1879 2610 1943 2650 se

284 2666 594 2726 afﬁnitatis
643 2671 882 2740 habent,
931 2678 1066 2734 Ario
1115 2680 1388 2736 dicente:
1425 2681 1610 2738 Filius
1657 2699 1772 2736 non
1821 2685 1946 2738 erat

283 2755 632 2828 priusquam
663 2762 1019 2834 gigneretur,
1047 2769 1145 2823 sed
1181 2769 1290 2824 fuit
1320 2769 1636 2841 aliquando
1667 2787 1802 2826 cum
1825 2788 1941 2827 non

289 2849 442 2912 erat;
477 2847 754 2922 Dionysio
787 2859 989 2911 contra
1018 2855 1142 2912 haec
1183 2858 1426 2914 docente
1458 2874 1472 2915 :
1503 2881 1532 2910 ‹‹
1562 2859 1718 2914 Deus
1749 2863 1945 2915 autem

287 2936 504 2991 aeterna
552 2935 649 2993 lux
696 2945 804 3004 est,
833 2958 962 3015 quae
1016 2961 1323 3018 nunquam
1367 2947 1604 3019 incepit,
1639 2965 1945 3019 nunquam

287 3021 564 3081 desinet:
597 3031 850 3087 aeternus
896 3048 1032 3106 ergo
1083 3033 1364 3107 splendor
1411 3036 1523 3108 ipsi
1574 3035 1853 3108 pralucet
1881 3053 1948 3092 ac

285 3113 607 3185 coexsistit,
627 3118 726 3189 qui
767 3120 990 3194 absque
1029 3123 1197 3180 initio
1227 3128 1407 3192 est,et
1438 3125 1510 3180 ab
1540 3131 1754 3181 aeterno
1783 3125 1947 3198 geni-

283 3202 381 3258 tus
415 3207 550 3261 ante
581 3222 714 3262 eum
749 3210 980 3266 emicat.
1010 3235 1038 3261 ››
1071 3213 1249 3269 Porro
1280 3215 1351 3269 ad
1395 3213 1639 3270 alteram
1673 3231 1950 3287 quorum-

284 3289 419 3346 dam
449 3296 852 3366 suSpicionem
877 3301 976 3372 qui
1005 3301 1204 3358 aiunt:
1227 3306 1367 3359 Cum
1396 3302 1626 3360 Patrem
1660 3303 1801 3360 dicit
1823 3305 1947 3359 Dio-

290 3381 516 3453 nysius,
550 3384 764 3442 Filium
823 3405 933 3444 non
983 3391 1267 3459 nominat,
1320 3396 1376 3448 et
1421 3393 1543 3448 vice
1588 3408 1774 3462 versa,
1808 3409 1944 3448 cum

295 3466 507 3527 Filium
550 3473 710 3542 dicit,
755 3477 984 3534 Patrem
1035 3497 1149 3535 non
1209 3486 1517 3550 memorat,
1569 3483 1670 3537 sed
1720 3482 1949 3536 dividit.

297 3568 528 3616 amovet
575 3567 632 3618 et
680 3572 914 3637 separat
961 3567 1170 3624 Filium
1205 3587 1238 3626 a
1267 3570 1459 3639 Patre;
1509 3570 1590 3626 ita
1638 3572 1952 3643 respondet

297 3646 634 3721 Dionysius,
684 3654 1074 3729 hominesque
1133 3659 1355 3731 pudore
1411 3660 1702 3716 suffundit
1749 3660 1810 3715 in
1858 3676 1949 3716 se-

296 3739 490 3795 cundo
521 3739 690 3807 libro,
725 3743 819 3800 his
849 3748 1042 3804 verbis
1077 3765 1090 3804 :

362 3827 448 3881 17.
483 3851 511 3879 ‹‹
545 3829 792 3905 Singula
821 3835 1064 3891 nomina
1093 3853 1127 3892 a
1159 3853 1250 3893 me
1281 3835 1510 3909 prolata
1540 3855 1574 3893 a
1603 3853 1664 3893 se
1702 3837 1948 3896 invicem

293 3930 398 3970 nec
448 3921 709 3990 separari
760 3938 867 3978 nec
914 3923 1094 3979 dividi
1140 3930 1410 3997 queunt:
1445 3926 1672 3983 Patrem
1719 3928 1860 3995 dixi,
1895 3931 1954 3984 et

286 4002 638 4078 priusquam
670 4007 801 4065 Filli
836 4012 1196 4069 mentionem
1229 4015 1502 4084 facerem,
1527 4016 1654 4086 jam
1685 4015 1856 4073 illum
1889 4017 1949 4073 in

293 4089 462 4148 Patre
510 4093 907 4168 significaram
953 4117 966 4155 :
1016 4099 1226 4156 Filium
1275 4103 1533 4174 adjunxi,
1597 4120 1664 4159 ac
1720 4099 1952 4160 etiamsi

290 4179 520 4238 Patrem
545 4200 659 4240 non
683 4186 851 4258 prius
874 4188 1293 4260 nominassem,
1317 4191 1367 4247 is
1393 4196 1590 4249 tamen
1613 4192 1674 4248 in
1699 4192 1826 4248 Filii
1847 4210 1949 4249 no-

291 4269 454 4327 mine
482 4275 948 4345 comprehensus
980 4278 1203 4335 fuerat:
1227 4280 1511 4352 Spiritum
1542 4285 1814 4338 sanctum
1847 4283 1951 4339 ad-

293 4359 438 4431 didi,
473 4363 575 4419 sed
607 4364 786 4420 simul
822 4370 880 4422 et
910 4367 1066 4423 unde
1112 4373 1171 4423 et
1216 4384 1322 4440 per
1367 4385 1542 4441 quem
1602 4371 1952 4442 processerit

295 4451 561 4523 adjunxi.
587 4452 678 4509 Illi
709 4469 844 4511 vero
876 4456 1153 4529 ignorant
1177 4474 1368 4530 neque
1388 4462 1619 4514 Patrem
1642 4476 1761 4532 qua
1781 4461 1952 4517 Pater

290 4543 382 4596 est
399 4557 431 4596 a
456 4540 598 4598 Filio
622 4541 864 4601 alienari
893 4561 1086 4618 posse,
1111 4563 1248 4602 nam
1271 4563 1486 4603 nomen
1511 4547 1654 4604 illud
1678 4553 1768 4605 est
1787 4550 1950 4623 origo

2055 2049 2298 2127 φομένην
2354 2047 2458 2102 ὑπὸ
2507 2047 2816 2103 Διονυσίου’
2866 2047 2957 2102 καὶ
3007 2047 3242 2120 ἀκούων,
3277 2047 3411 2122 ἅπερ
3466 2047 3540 2119 μή
3593 2045 3717 2122 βού-

2052 2137 2225 2206 λεται,
2258 2135 2511 2212 λέγοντος
2543 2137 2735 2192 αὐτοῦ’
2774 2163 2800 2189 ‹‹
2847 2136 2956 2194 Ἀεὶ
3004 2138 3032 2191 6
3081 2137 3214 2199 Θεὸς
3264 2137 3458 2212 Πατὴρ
3506 2139 3598 2205 ἦν,
3626 2133 3715 2189 καὶ

2050 2229 2078 2282 6
2111 2227 2234 2288 Υἱὸς
2259 2226 2367 2302 οὐχ
2397 2225 2586 2288 ἁπλῶς
2616 2224 2792 2289 ἀίδιός
2823 2225 2986 2295 ἐστιν,
3020 2223 3167 2282 ἀλλὰ
3207 2230 3305 2280 τοῦ
3363 2223 3579 2299 Πατρὸς
3629 2225 3711 2279 ἀϊ-

2051 2313 2172 2371 δίου
2203 2312 2377 2387 ὄντος,
2412 2313 2586 2378 ἀίδιός
2627 2316 2687 2370 ἂν
2722 2313 2805 2384 εἴη
2839 2317 2929 2371 καὶ
2960 2315 2989 2370 6
3020 2315 3168 2385 Υἱὸς,
3197 2315 3287 2370 καὶ
3337 2315 3573 2369 σύνεστιν
3625 2313 3714 2368 αὐ-

2048 2410 2128 2478 τῷ
2160 2406 2235 2467 ὡς
2276 2410 2355 2477 τῷ
2411 2405 2549 2483 φωτὶ
2581 2406 2644 2460 τὸ
2696 2404 3049 2480 ἀπαύγασμα.
3084 2431 3112 2458 ››
3144 2407 3207 2459 Οἱ
3265 2402 3344 2474 δὲ,
3390 2404 3486 2458 κᾶν
3551 2402 3712 2476 μόνον

2054 2496 2451 2566 ὑπονοήσαντες
2507 2493 2783 2550 Διονύσιον
2841 2496 2910 2550 τὰ
2964 2494 3179 2568 Ἀρείου
3229 2498 3467 2571 φρονεῖν,
3498 2513 3716 2548 κατατι-

2052 2586 2322 2640 θὲσθωσαν
2352 2585 2466 2657 (61)
2505 2585 2604 2652 τὴν
2665 2583 2789 2659 περὶ
2840 2583 3005 2638 αὐτοῦ
3061 2582 3318 2652 τοιαύτην
3376 2579 3711 2659 δυσφημίαν.

2055 2673 2197 2730 Ποία
2224 2675 2324 2749 γὰρ
2358 2672 2610 2727 κοινωνία
2646 2671 2860 2735 τούτοις
2910 2671 3043 2744 ἐστὶ,
3070 2675 3168 2726 τοῦ
3213 2671 3306 2745 μὲν
3358 2670 3576 2746 Ἀρείου
3629 2668 3716 2724 λέ-

2053 2783 2248 2838 γοντος
2275 2783 2288 2796 ο
2330 2761 2441 2816 Οὐκ
2484 2765 2549 2831 ἦν
2600 2763 2628 2817 6
2673 2761 2796 2824 Υἱὸς
2830 2761 2956 2838 πρὶν
3006 2764 3268 2836 γεννηθῇ,
3303 2757 3430 2816 ἀλλ’
3467 2762 3534 2828 ἦν
3583 2778 3716 2813 ποτε

2055 2850 2146 2906 ὅτε
2178 2850 2276 2905 οὐκ
2304 2852 2370 2919 ἦν
2399 2871 2411 2884 ο
2443 2854 2540 2905 τοῦ
2572 2847 2630 2906 δὲ
2663 2850 2946 2905 Διονυσίου
2998 2847 3380 2913 διδάσκοντος*
3419 2873 3444 2899 ‹‹
3477 2850 3535 2902 Ὁ
3568 2845 3625 2903 δέ
3653 2867 3717 2922 γε

2055 2941 2189 3003 Θεὸς
2247 2939 2464 2994 αἰώνιόν
2525 2938 2633 2995 ἐστι
2685 2943 2823 3018 φῶς,
2876 2936 3000 2995 οὔτε
3060 2939 3383 3013 ἀρξάμενον,
3439 2933 3563 2992 οὔτε
3618 2934 3718 3004 λῆ-

2057 3030 2144 3100 Εόν
2196 3031 2309 3103 (62)
2363 3047 2528 3084 ποτε·
2581 3028 2774 3084 οὐκοῦν
2829 3028 3049 3084 αἰώνιον
3098 3028 3403 3103 πρόκειται,
3451 3025 3541 3082 καὶ
3589 3023 3710 3080 σύν-

2058 3140 2199 3174 εστιν
2235 3118 2380 3190 αὐτῷ
2425 3119 2488 3172 τὸ
2530 3117 2880 3194 ἀπαύγασμα,
2913 3116 3149 3194 ἄναρχον
3203 3115 3294 3172 καὶ
3325 3118 3439 3189 (63)
3488 3114 3714 3190 ἆειγινὶς

2056 3207 2494 3286 προφαινόμενον
2530 3206 2713 3264 αὐτοῦ.
2745 3230 2773 3259 ››
2804 3207 2906 3262 Καὶ
2935 3209 3037 3284 γὰρ
3070 3207 3161 3262 καὶ
3201 3207 3337 3283 πρὸς
3386 3205 3486 3274 τὴν
3538 3201 3714 3273 ἄλλην

2060 3296 2293 3372 ὑποψίαν
2324 3301 2434 3352 τῶν
2470 3295 2767 3372 λέγοντων,
2799 3295 2904 3369 ὅτι,
2939 3295 3152 3373 Πατέρα
3183 3294 3356 3372 λὲγων
3417 3293 3718 3366 Διονύσιος,

1977 3360 2020 3427 C
2061 3360 2450 3460 06x'6v1p&§et
2497 3360 2589 3441 τδν
2639 3360 2802 3441 Υίόν·
2853 3360 2944 3440 καὶ
2994 3360 3160 3440 πάλιν
3189 3360 3312 3440 Υἱδν
3364 3383 3564 3460 λέγων,
3618 3360 3722 3438 οὐκ

2065 3477 2317 3550 ὀνομάζει
2347 3476 2438 3531 τὸν
2472 3475 2684 3550 Πατέρα
2707 3496 2720 3512 ο
2771 3473 2917 3530 ἀλλὰ
2968 3472 3166 3551 διαιρεῖ
3214 3473 3304 3529 καὶ
3341 3472 3600 3548 μακρύνει
3627 3470 3719 3527 καὶ

2065 3566 2270 3641 μερίζει
2328 3566 2419 3619 τὸν
2479 3566 2601 3620 Υἱὸν
2653 3564 2759 3620 ἀπὸ
2815 3566 2930 3638 (64)
2979 3568 3078 3619 τοῦ
3137 3564 3375 3640 ΙΙατρὸς,
3433 3562 3720 3637 ἀποκρίνε-

2057 3676 2145 3711 ται
2319 3655 2409 3710 καὶ
2441 3653 2682 3710 δυσωπεῖ
2729 3653 2978 3726 τούτους,
3013 3654 3185 3730 λέγων
3245 3652 3297 3709 ἐν
3343 3657 3424 3725 τῷ
3481 3649 3715 3728 δευτέρῳ

2105 3740 2291 3818 ιϐλίῳ.

2319 3836 2435 3888 Τῶν
2465 3831 2555 3888 ὑπ’
2589 3831 2725 3905 ἐμοῦ
2785 3829 3091 3907 λεχθέντων
3154 3831 3439 3905 ὀνομάτων
3493 3827 3720 3886 ἕκαστον

2062 3921 2372 3999 ἀχώριστόν
2405 3921 2517 3977 ἐστι
2547 3920 2636 3976 καὶ
2675 3918 2981 3998 ἀδιαίρετον
3034 3925 3133 3976 τοῦ
3191 3917 3432 3992 πλησίον
3457 3939 3471 3951 ⁸
3506 3921 3721 3992 Πατέρα

2063 4012 2234 4085 εἷπον,
2266 4012 2356 4066 καὶ
2385 4011 2512 4084 πρὶν
2565 4009 2821 4086 ἐπαγάγω
2872 4011 2965 4065 τὸν
3024 4011 3172 4082 Υἱὸν,
3209 4009 3457 4083 ἐσήμανα
3628 4007 3720 4063 καὶ

2057 4105 2250 4157 τοῦτον
2284 4101 2337 4156 ἐν
2366 4103 2446 4171 τῷ
2485 4099 2680 4170 Ιῐατρί·
2713 4099 2836 4154 Υἱὸν
2886 4098 3189 4176 ἐπήγαγον,
3221 4100 3268 4155 εἰ
3308 4099 3398 4154 καὶ
3453 4100 3528 4172 μὴ
3582 4118 3719 4172 προ-

2062 4192 2300 4268 ειρήκειν
2342 4187 2435 4244 τδν
2470 4189 2701 4265 Πατέρα,
2734 4189 2950 4251 πάντως
2983 4189 3043 4244 ἂν
3075 4188 3127 4244 ὲν
3159 4193 3238 4261 τῷ
3294 4189 3404 4261 Υἱῷ
3458 4186 3722 4264 προείλη-

2059 4301 2164 4335 πτο
2193 4299 2208 4312 ο
2262 4280 2411 4355 ἅγιον
2471 4279 2586 4350 (67)
2636 4281 2861 4352 Πνεῦμα
2916 4280 3248 4356 προσέθηκα,
3282 4275 3410 4334 ἀλλ’
3463 4275 3578 4350 ἅμα
3627 4276 3716 4332 καὶ

2058 4370 2219 4425 πόθεν
2246 4369 2336 4424 καὶ
2370 4366 2459 4423 διὰ
2485 4368 2630 4430 τίνος
2657 4371 2784 4437 ἧκεν
2814 4368 3120 4447 ἐφήρμοσα.
3171 4368 3234 4424 Οἱ
3265 4365 3325 4424 δὲ
3376 4367 3478 4424 οὐκ
3518 4365 3714 4440 ἴσασιν,

2059 4457 2142 4515 ὅτι
2174 4459 2314 4532 μήτε
2342 4455 2794 4531 ἀπηλλοτρίωται
2827 4458 3017 4535 Πατὴρ
3076 4459 3205 4514 Υἳοῦ
3302 4459 3522 4528 Πατῆοι
3552 4475 3716 4532 προσ-

2057 4548 2415 4626 καταρκτικὸν
2447 4547 2551 4623 γάρ
2583 4547 2693 4602 ἐστι
2741 4552 2842 4618 τῆς
2899 4543 3184 4626 συναφείας
3213 4548 3276 4603 τὸ
3317 4541 3497 4620 ὕνομα
3521 4563 3535 4582 ο
3593 4540 3717 4600 οὔτε

293 4631 757 4703 conjunctionis;
783 4650 973 4706 neque
997 4635 1210 4692 Filium
1235 4654 1269 4693 a
1289 4640 1459 4693 Patre
1480 4638 1764 4710 separari,
1792 4656 1944 4696 nam-

2063 4639 2091 4694 6
2123 4640 2235 4712 (68)
2267 4636 2394 4699 Υἱὸς
2451 4635 2756 4708 ἀπῴκισται
2814 4638 2913 4692 τοῦ
2971 4635 3221 4712 Πατρός·
3278 4637 3315 4706 ἢ
3368 4636 3469 4713 γὰρ
3531 4635 3716 4710 Πατὴρ

366 4773 409 4808 ⁵⁸
436 4773 607 4831 Joan.
643 4793 719 4847 1v,
751 4778 841 4832 24.
918 4779 962 4814 ⁵ο
990 4779 1128 4853 Lap.
1160 4798 1263 4848 v11,
1293 4782 1384 4836 25.

369 4922 481 4999 (68)
513 4923 607 4978 Sic
637 4921 779 4999 ᾖδε.
810 4921 1047 4999 Taurin.
1071 4923 1503 4999 C_olb.‘Jes.AF‘r.
1531 4926 1582 4980 1.
1615 4927 1764 4982 Editi
1794 4943 1948 4999 vero,

297 4990 591 5071 ᾀνᾴλογος.
627 4990 958 5071 -Μοὶί-Ριθεζ
991 5001 1047 5071 et
1100 4995 1278 5071 Basil.
1315 4997 1506 5071 prima
1553 4990 1948 5071 [nauibﬁtp‘tc’

299 5063 574 5144 λέλεκται.
620 5064 868 5144 ΔΤθίιιίνὶῐι.
907 5063 1079 5122 Colb.
1125 5068 1268 5138 Jes.,
1315 5063 1484 5142 ἇτμὶς
1532 5067 1665 5124 εἶναι
1716 5063 1949 5144 λέγεται.

293 5139 469 5209 Editi,
504 5136 677 5210 ἀτμὶς
700 5134 937 5210 λέγεται.

385 5204 476 5282 59)
505 5204 747 5265 Taurin.
775 5204 920 5277 Jes.,
954 5204 1162 5282 εἶ’ρητο.

386 5280 476 5347 60)
509 5283 752 5338 Taurin.
785 5285 924 5347 Jes.,
960 5280 1172 5337 ἑαυτοῦ.

365 5351 477 5426 (61)
509 5355 750 5410 Taurin.
783 5355 928 5418 Jes.,
960 5351 1386 5426 καταθέσθωσαν.

389 5421 481 5495 62)
512 5425 752 5495 Taurin.
786 5426 949 5482 Colb.
981 5427 1127 5493 Jes.,
1160 5421 1351 5495 λῆξαν.

391 5493 702 5573 63)_E_diti,_
718 5493 963 5573 c’x'vapxdv
983 5515 1061 5552 τε.
1096 5493 1295 5573 S_edi:e
1325 5499 1507 5573 deest
1525 5497 1584 5553 in
1610 5499 1951 5573 _Reg.7Tau_«

296 5557 404 5622 riri.
462 5557 620 5622 Colb.
670 5557 1064 5624 Jes.'lbidem
1115 5571 1352 5625 Taurin.
1391 5569 1551 5626 Colb.
1600 5557 1748 5627 Jesf
1775 5570 1949 5627 Basil.

301 5639 391 5721 Fr.
428 5639 480 5704 1,
521 5638 945 5721 προφερόμενον.
994 5641 1106 5721 Sed
1159 5647 1396 5721 praestat
1444 5641 1605 5721 Regii
1657 5648 1716 5699 et
1749 5643 1952 5721 redito-

298 5709 716 5784 torum_lectio_,
743 5709 1192 5784 προφαινόμενον.
1227 5714 1412 5770 Prona
1443 5709 1639 5784 autem
1673 5720 1764 5770 est
1791 5731 1950 5770 com-

303 5779 551 5835 mutatio
578 5781 734 5861 yocis
780 5779 1215 5872 πρὸφΙαινὸμενυν
1368 5783 1799 5872 προφερύμενον·
1833 5786 1952 5859 pri-

301 5867 468 5925 rnum
499 5851 658 5906 enim
701 5851 1106 5928 προφενόμενον
1140 5855 1315 5912 scribi
1346 5851 1556 5929 potuit,
1583 5851 1651 5914 ut
1698 5859 1812 5915 fere
1833 5851 1948 5915 -ﬁt.

2061 4927 2213 5000 Hinc
2239 4921 2655 5000 προφερᾷμενον-
2676 4922 2835 5000 fagili
2863 4922 3045 5000 lapsu
3065 4921 3285 5000 factup'l
3313 4922 3512 4982 fuerit.

2152 4999 2244 5066 64)
2280 4995 2423 5050 Ἀπό
2449 4995 2700 5066 deestin
2733 4995 2974 5051 Taurin.
3008 4995 3170 5052 Colb.
3203 4995 3322 5052 Jes.

2152 5000 2244 5066 64)
2280 5000 2417 5050 Ἀπό
2449 5000 2612 5051 deest
2640 5000 2700 5050 in
2733 5000 2974 5051 Taurin.
3008 5000 3170 5052 Colb.
3203 5000 3322 5052 Jes.

2131 5000 2247 5142 (65)
2282 5069 2346 5124 In
2376 5068 2573 5142 editis,
2613 5065 2962 5142 ἀποκρίνεται
3005 5067 3170 5124 deest
3201 5085 3214 5125 :
3244 5067 3345 5124 sed
3373 5065 3629 5123 habetur
3655 5065 3717 5123 in

2057 5139 2338 5198 omnibus
2368 5139 2688 5196 codicibus.

2133 5213 2246 5350 (66)
2275 5211 2513 5267 Taurin.
2545 5210 2728 5293 Colb.,
2765 5208 3034 5294 ἐσήμηνα.

2154 5285 2223 5338 67
2277 5285 2466 5350 ’Ἀγιον
2500 5284 2664 5340 deest
2711 5299 2772 5339 in
2819 5283 3034 5339 Taurm

2154 5281 2466 5358 67)]Ἀγιον
2500 5284 2681 5358 deest_
2711 5282 2772 5339 in
2819 5281 3059 5358 Taurin.
3097 5281 3262 5358 1301b.
3295 5281 3417 5339 J08.
3449 5284 3509 5358 et
3537 5281 3629 5338 Fr.
3662 5282 3714 5358 1τ

2061 5355 2127 5411 In
2181 5353 2313 5411 aliis
2363 5353 2497 5411 vero
2553 5360 2611 5411 et
2667 5353 2726 5410 in
2785 5354 2960 5410 editis
3017 5354 3286 5410 habetur.
3347 5353 3528 5411 Paulo
3584 5356 3718 5411 post

2061 5427 2304 5483 Taurin.
2339 5432 2398 5484 et
2425 5429 2564 5498 Jes.,
2597 5424 2696 5504 ἔφη
2711 5445 2879 5499 μησα,
2908 5443 3010 5499 pro
3042 5423 3348 5505 ἑφήρμοσα.
3377 5425 3472 5483 Fr.
3508 5427 3557 5497 1,
3585 5423 3718 5502 ἒφή-

2112 5517 2215 5552 ισα.

2065 5518 2246 5652 ῗιῗὲέ)
2277 5570 2395 5652 Art.
2491 5569 2565 5652 in,
2585 5569 2739 5652 Reg._
2759 5567 3010 5652 habetur
3042 5585 3056 5624 :
3090 5569 3163 5652 in
3199 5568 3372 5652 editis
3399 5567 3714 5652 ve_rohet_in

2061 5639 2304 5713 Taurin.
2335 5641 2494 5713 Colb.
2533 5641 2651 5697 Jes.
2676 5639 3092 5698 Vdesideratur.
3123 5639 3302 5697 Paulo
3351 5645 3483 5713 post
3524 5639 3711 5710 Colb.,

2062 5711 2112 5786 ἐν
2146 5709 2206 5786 δὲ
2233 5717 2372 5774 ταῖς.
2406 5712 2536 5769 Haec
2563 5729 2734 5786 porro
2760 5715 3008 5786 iconferi
3030 5713 3207 5786 sodes,
3244 5709 3390 5786 cum
3438 5711 3533 5768 his
3583 5729 3711 5786 quas

2059 5785 2352 5841 habentur
2404 5783 2584 5859 supra
2639 5785 2699 5840 in
2756 5785 3128 5860 Expositione
3182 5784 3320 5843 ﬁdei
3376 5783 3708 5843 versus'ﬂ-

2058 5870 2220 5915 nem.
