4148 6378
258 375 376 438 507

780 371 846 432 S.
890 365 1321 431 ATHANASII
1365 364 1539 426 OPP.
1589 361 1789 423 PARS
1833 358 1882 420 Ι.
1915 388 1995 404 -
2021 355 2435 419 HISTORICA
2484 356 2585 417 E'l‘
2627 351 3111 416 DOGMATIGA.

3561 349 3678 413 508

260 508 576 570 exsistere;
610 521 678 561 ac
709 503 928 561 fontem
961 499 1129 573 quasi
1186 499 1414 554 Patrem
1472 511 1623 562 esse,
1669 491 1914 550 fluvium

2034 488 2188 556 εἶναι,
2218 486 2310 543 τὸν
2344 485 2402 543 δὲ
2429 484 2676 558 ποταμὸν
2715 482 2847 540 εἶναι
2897 482 2957 538 ἐκ
3001 489 3101 553 τῆς
3133 488 3323 573 πηγῆς
3347 478 3515 559 ὕδωρ.
3552 479 3681 538 Ἀλ-

258 611 650 669 vero,aquam
680 610 751 650 ex
780 593 938 647 fonte
968 592 1327 645 manantem.
1360 586 1471 642 Sed
1504 585 1626 639 haec
1671 581 1909 655 quidem

260 691 321 743 et
348 684 569 743 similia
597 682 817 753 scripta
845 696 909 737 se
938 696 1052 734 non
1082 678 1277 733 videre
1335 673 1504 748 quasi
1542 670 1914 728 caecutientes

262 772 645 830 dissimulant
661 770 914 826 :duabus
931 772 1127 823 autem
1141 757 1914 831 voculisinconnexis,quasi

260 862 562 936 lapidibus
592 859 827 916 eminus
859 874 952 912 me
981 857 1262 928 impetere
1292 857 1612 909 conantur:
1663 865 1777 905 non
1810 847 1911 903 ad-

259 957 570 1017 vertentes,
603 947 975 1023 perobscuris
1006 945 1182 1000 rebus
1212 960 1339 1015 quae
1396 944 1463 997 ut
1512 938 1917 1011 intelligantur

262 1040 561 1097 additione
585 1037 879 1109 indigent,
904 1034 1251 1108 plerumque
1313 1048 1427 1086 non
1490 1029 1664 1084 modo
1704 1026 1912 1092 aliena,

262 1130 362 1186 sed
395 1133 453 1184 et
505 1126 796 1182 contraria
836 1121 1103 1194 exempla
1133 1121 1319 1176 lucem
1350 1119 1573 1175 aﬂ‘erre.
1596 1137 1624 1166 ››
1653 1116 1712 1169 In
1746 1113 1915 1169 tertio

262 1222 459 1274 autem
487 1214 636 1272 libro
669 1213 751 1269 ait
778 1229 791 1268 :
816 1211 949 1267 Vita
976 1227 1046 1266 ex
1074 1209 1195 1264 vita
1220 1209 1419 1282 genita
1477 1210 1585 1272 est,
1630 1202 1913 1277 quemad-

263 1305 506 1363 modum
546 1304 768 1359 ﬂumen
799 1318 833 1356 a
858 1301 1015 1355 fonte
1044 1296 1358 1363 emanavit,
1414 1299 1473 1353 et
1527 1312 1561 1350 a
1596 1293 1725 1350 luce
1754 1292 1916 1348 inex-

241 1394 480 1483 ‘stincta
508 1388 823 1465 splendida
853 1388 952 1443 lux
983 1402 1230 1443 accensa
1259 1389 1368 1442 est.
1401 1404 1428 1437 ι

340 1573 427 1629 19.
461 1571 564 1627 His
594 1567 834 1639 auditis,
865 1566 1003 1639 quis
1059 1581 1176 1621 non
1227 1562 1470 1620 insania:
1521 1562 1794 1634 deinceps
1818 1578 1916 1618 eos

266 1659 587 1726 accusabit,
614 1657 714 1730 qui
736 1655 1080 1728 Dionysium
1099 1653 1364 1709 Arianice
1384 1650 1600 1708 sentire
1612 1650 1916 1722 suspican-

263 1754 363 1807 tur
382 1749 412 1805 ‘I
440 1748 537 1804 Naa
567 1746 685 1818 ille,
710 1744 805 1801 his
831 1742 1196 1816 argumentis
1226 1741 1299 1797 ab
1320 1740 1450 1812 ipsa
1468 1740 1709 1795 veritate
1732 1739 1918 1810 profe-

2023 574 2094 632 λὰ
2146 580 2313 632 ταῦτα
2374 577 2469 650 μὶν
2518 574 2609 630 καὶ
2661 575 2730 630 τὰ
2782 577 3008 629 τοιαῦτα
3058 568 3199 646 μηδὲ
3255 573 3382 647 ὁρᾷν
3437 590 3681 648 γεγραμ-

2027 665 2175 739 μένα,
2224 664 2351 721 ἀλλ’
2401 664 2565 721 οἱονεὶ
2606 664 2942 739 τυφλώττειν
2993 661 3394 738 ὑποκρίνονταιο
3448 665 3567 723 τοῖς
3623 657 3682 715 δὲ

2024 753 2143 810 δυσὶ
2174 757 2287 829 (79)
2318 754 2608 831 ῥηματίοις
2658 752 2983 826 ἀσυνθέτοις,
3030 752 3269 825 καθάπερ
3321 748 3518 822 λίθοις,
3574 771 3680 823 μα-

2023 844 2209 921 κρόθεν
2263 843 2605 921 ἐπιχειροῦσί
2652 864 2719 917 με
2772 840 3029 919 βαλλειν,
3075 840 3398 916 ἀγνοοῦντες
3448 840 3524 902 ὡς
3570 843 3676 895 τῶν

2025 933 2426 1011 ἀγνοουμένων,
2465 931 2556 988 καί
2604 938 2970 1009 προσαγωγῆς
3017 930 3095 993 εἷς
3143 929 3434 1005 ἐπίγνωσιν
3485 926 3683 1002 δεομέ-

2024 1045 2153 1098 νων,
2189 1023 2250 1079 οὐ
2287 1022 2450 1096 μόνον
2479 1021 2684 1079 ἀλλοῖα
2729 1020 3025 1093 πολλάκις,
3076 1017 3222 1075 ἀλλὰ
3265 1019 3356 1074 καὶ
3397 1017 3682 1073 ὑπεναντία

2021 1115 2298 1186 τεκμήρια
2328 1112 2529 1189 γίνεται
2558 1116 2663 1166 τῶν
2694 1109 3135 1183 ἐπιζητουμένων
3169 1106 3495 1181 δηλώματα.
3531 1132 3559 1159 ››
3593 1108 3677 1162 Ἐν

2025 1199 2082 1257 δὲ
2134 1206 2214 1274 τῷ
2270 1204 2383 1277 (80)
2437 1200 2608 1277 τρίτῳ
2666 1194 2872 1277 βιϐλίῳ
2930 1196 3084 1276 φησί.
3150 1220 3178 1249 ‹‹
3232 1199 3354 1267 Ζωὴ
3407 1195 3468 1252 ἐκ
3534 1200 3680 1266 ζωῆς

2027 1290 2279 1368 ἐγεννήθη
2314 1310 2329 1324 ·
2385 1290 2477 1346 καὶ
2553 1285 2735 1365 ὥσπερ
2805 1288 3056 1361 ποταμὸς
3130 1286 3237 1342 ἀπο
3322 1292 3511 1362 πηγῆς
3596 1282 3682 1361 €4-

2027 1379 2225 1457 ῥευσε·-
2260 1380 2351 1436 καὶ
2408 1379 2515 1435 ἀπὸ
2571 1379 2751 1458 φωτὸς
2812 1372 3073 1433 ἀσϐέστου
3134 1374 3389 1453 λαμπρὸν
3430 1378 3546 1454 φῶς
3590 1374 3681 1429 ἂν·

2024 1472 2197 1541 ἥφθη·
2235 1494 2261 1521 ν

2109 1491 2138 1535 υ
2186 1510 2197 1524 .
2235 1494 2261 1521 )›

2067 1491 2185 1618 ζ913.
2213 1558 2312 1621 Τίς
2344 1558 2547 1614 τούτων
2593 1556 2804 1613 ἀκούων
2849 1556 2911 1611 οὐ
2967 1555 3156 1631 μανίας
3210 1552 3407 1610 λοιπὸν
3443 1552 3681 1623 καταύη-

2028 1648 2236 1726 φίσεται
2295 1653 2402 1703 τῶν
2462 1646 2832 1703 ὑπονοούντων
2891 1646 2982 1700 τὸν
3028 1644 3305 1700 Διονύσιον
3344 1644 3412 1697 τὰ
3463 1641 3681 1719 Ἀρείου

2028 1742 2243 1817 φρονεῖν
2280 1757 2294 1808 ;
2328 1734 2600 1814 ’ldobiydp
2633 1733 2722 1791 διὰ
2754 1734 2961 1791 τούτων
3004 1738 3249 1813 φανερῶς
3296 1738 3467 1788 πᾶσαν
3516 1730 3682 1787 αὐτοῦ

264 1839 400 1906 ctis,
430 1840 613 1893 totam
640 1834 760 1890 Arii
793 1832 1035 1905 proterit
1064 1829 1353 1886 heresim.
1387 1829 1533 1885 Nam
1592 1827 1757 1893 illud,
1788 1826 1914 1883 Non

2034 1831 2187 1882 πατεῖ
2233 1827 2334 1895 τὴν
2372 1823 2576 1902 α’ίρεσιν
2624 1829 2743 1887 τοῖς
2788 1830 2890 1894 τῆς
2940 1822 3201 1893 ἀληθείας
3252 1820 3559 1898 λογισμοῖς.
3610 1821 3681 1876 Τὸ

266 1932 393 1985 erat
422 1927 764 2000 priusquam
793 1922 1151 1999 gigneretur,
1182 1925 1259 1987 et,
1321 1920 1457 1975 Erat
1515 1919 1751 1990 quando
1799 1934 1915 1973 non

266 2021 391 2073 erat
418 2013 733 2081 splendoris
764 2009 1042 2067 vocabulo
1074 2009 1360 2067 confutet.
1394 2024 1619 2063 necnon
1668 2007 1760 2062 his
1787 2022 1915 2061 ver-

266 2105 396 2161 bis:
431 2103 600 2160 Pater
626 2102 754 2173 ejus
784 2114 1091 2171 nunquam
1121 2098 1347 2169 absque
1380 2096 1542 2169 prole
1603 2096 1730 2151 fuit.
1766 2095 1915 2151 Illud

263 2196 461 2250 autem
494 2191 651 2263 quod
681 2188 865 2256 aiunt,
897 2204 967 2243 ex
997 2203 1113 2243 non
1143 2186 1532 2252 exstantibus,
1564 2183 1795 2255 refellit,
1827 2184 1917 2239 di-

263 2282 468 2350 cendo,
492 2279 748 2335 Verbum
781 2293 909 2333 esse
957 2275 1127 2347 quasi
1157 2274 1400 2331 ﬂuvium
1423 2291 1494 2331 ex
1514 2275 1766 2343 fonte,ut
1785 2289 1912 2345 ger-

265 2387 399 2427 men
420 2387 490 2426 ex
508 2368 721 2437 radice,
755 2365 939 2421 ﬁlium
972 2381 1040 2420 ex
1062 2369 1322 2437 parente,
1352 2363 1554 2420 lumen
1576 2380 1647 2418 ex
1668 2362 1916 2430 lumine,

263 2466 321 2517 et
346 2459 529 2515 vitam
556 2473 625 2513 ex
654 2456 792 2512 vita.
827 2454 989 2526 Quod
1024 2458 1221 2510 autem
1246 2452 1332 2508 illi
1365 2457 1644 2525 separant
1691 2456 1747 2507 et
1772 2452 1916 2508 divi-

266 2550 414 2605 dunt
438 2546 697 2602 Verbum
728 2561 764 2600 a
794 2544 929 2608 Deo,
959 2543 1018 2598 id
1047 2541 1145 2598 ille
1172 2542 1467 2614 improbat
1494 2558 1628 2597 cum
1657 2542 1760 2607 ait,
1792 2541 1920 2596 Tri-

264 2638 537 2700 nitatem.
569 2650 697 2705 quin
728 2648 833 2688 nec
863 2631 1040 2686 dividi
1072 2646 1178 2686 nec
1208 2630 1396 2685 minui
1428 2634 1638 2702 potest,
1672 2630 1731 2685 in
1783 2631 1916 2686 uni-

265 2730 447 2781 tatem
477 2723 631 2780 202
664 2719 950 2777 contrahi.
1011 2719 1175 2785 Quod
1232 2735 1367 2774 vero
1425 2718 1613 2784 aiunt,
1657 2718 1917 2776 alienum

266 2830 397 2871 esse
429 2810 640 2867 Filium
672 2827 707 2865 a
734 2808 1066 2865 substantia
1088 2807 1505 2880 Patris,aperte
1532 2808 1755 2880 respuit
1780 2825 1918 2864 cum

268 2900 430 2969 dicit,
464 2895 1027 2955 consubstantialem
1058 2895 1212 2951 Patri
1241 2912 1371 2952 esse
1392 2896 1625 2953 Filium.
1654 2897 1752 2953 Hic
1779 2914 1920 2953 sane

269 3003 644 3059 summopere
658 2984 1257 3056 mirandaimpiorum
1277 2984 1587 3040 hominum
1613 2986 1919 3057 impuden-

266 3078 370 3133 tia.
406 3075 677 3148 Dionysio
708 3090 983 3145 namque,
1041 3090 1216 3145 quem
1274 3074 1549 3129 doctrinae
1607 3091 1725 3129 sua:
1757 3074 1921 3147 paria

268 3165 525 3223 sensisse
555 3164 873 3229 afﬁrmant,
908 3163 1156 3234 dicente,
1198 3162 1755 3220 consubstantialem
1790 3180 1919 3221 esse

2031 1918 2125 1990 μὲν
2158 1916 2286 1991 γὰρ,
2318 1915 2429 1969 Οὐκ
2456 1914 2523 1983 ἦν
2552 1913 2676 1990 πρὶν
2728 1913 2982 1988 γεννηθῇ,
3029 1910 3117 1967 καὶ
3166 1910 3252 1983 τὸ,
3278 1911 3377 1965 Ἦν
3422 1930 3557 1965 ποτε
3594 1907 3685 1964 ὅτε

2027 2006 2129 2061 οὐκ
2156 2004 2464 2079 ἧν,ἀναιρεῖ
2508 2008 2587 2075 τῷ
2630 2007 2728 2058 τοῦ
2778 2002 3204 2077 ἀπαυγάσματος
3256 1998 3425 2076 λόγῳο
3469 1998 3559 2055 καὶ
3592 1998 3681 2055 λέ-

2027 2117 2075 2171 γε
2104 2117 2161 2166 Δν,
2191 2094 2275 2150 ὅτι
2304 2092 2507 2148 Τούτου
2534 2094 2562 2147 6
2594 2094 2785 2168 Πατὴρ
2833 2091 2932 2146 οὐκ
2967 2093 3032 2161 ἦν
3083 2110 3218 2146 ποτε
3264 2086 3476 2166 ἄγονος·
3509 2089 3572 2143 τὸ
3603 2085 3682 2159 δὲ,

2028 2185 2113 2255 Ἐξ
2145 2184 2244 2239 οὐκ
2284 2182 2449 2237 ὅντων
2497 2185 2632 2257 (81),
2666 2180 2868 2253 αὐτῶν,
2920 2180 3131 2257 ἀναιρεῖ
3159 2178 3214 2234 ἐν
3239 2182 3319 2251 τῷ
3356 2176 3559 2254 λέγειν,
3589 2177 3682 2232 τὸν

2028 2274 2203 2349 Λόγον
2237 2272 2365 2327 εἶναι
2397 2272 2472 2334 ὡς
2505 2270 2749 2343 ποταμὸν
2779 2271 2885 2326 ἀπὸ
2915 2276 3125 2345 πηγῆς,
3164 2269 3256 2323 καὶ
3310 2265 3542 2343 βλαστὸν
3580 2266 3685 2321 ἀπὸ

2030 2361 2208 2438 ῥίζης,
2267 2360 2356 2416 καί
2397 2362 2583 2415 τέκνον
2644 2359 2751 2415 ἀπὸ
2808 2357 3033 2435 γονέως,
3084 2357 3175 2413 καὶ
3224 2361 3338 2434 φῶς
3384 2355 3444 2411 ἐκ
3481 2355 3684 2435 φωτὸς,

2026 2451 2116 2506 καὶ
2150 2453 2295 2521 ζωὴν
2327 2449 2386 2505 ἐκ
2425 2456 2594 2520 ζωῆς⁶
2629 2450 2720 2504 καὶ
2766 2450 2828 2504 τὸ
2877 2450 2971 2522 μὲν
3017 2444 3417 2523 ἀποσχοινίζειν
3462 2444 3553 2501 καὶ
3602 2441 3686 2499 8t-

2029 2546 2198 2617 αιρεῖν
2231 2539 2425 2602 αὐτοὺς
2471 2542 2584 2612 (82)
2632 2538 2724 2594 τὸν
2757 2537 2933 2613 Λόγον
2982 2537 3087 2591 ἀπὸ
3128 2540 3226 2590 τοῦ
3273 2538 3426 2605 Θεοῦ,
3478 2534 3687 2608 ἀναιρεῖ

2030 2629 2205 2705 λέγων
2238 2628 2399 2691 αὐτὸς
2429 2625 2732 2704 ἀδιαίρετον
2773 2627 2864 2682 καὶ
2910 2626 3183 2700 ἆμείωτον
3232 2626 3330 2693 τὴν
3374 2620 3575 2698 Τριάὸα
3608 2622 3685 2686 εἰς

2034 2714 2241 2792 μονάδα
2269 2714 2813 2795 ωγκεφαλαιοῦσθαι.
2847 2716 2926 2773 Τὸ
2960 2712 3019 2769 δὲ
3049 2713 3227 2790 λέγειν
3267 2710 3462 2775 αὐτοὺς
3511 2709 3685 2767 ἀλλό-

2025 2827 2177 2882 τριον
2208 2806 2341 2861 εἶναι
2371 2807 2462 2861 τὸν
2493 2803 2615 2860 Υἱὸν
2646 2812 2746 2875 τῆς
2796 2809 2892 2859 τοῦ
2924 2804 3138 2881 Ιῐατρὸς
3191 2802 3401 2875 οὐσίας,
3435 2799 3684 2878 ἄντικρυς

2028 2900 2186 2950 πατεῖ
2213 2893 2405 2971 λέγων,
2457 2895 2750 2967 ὁμοούσιον
2807 2893 2939 2948 εἶναι
2990 2897 3088 2948 τοῦ
3138 2892 3352 2969 Πατρὸς
3401 2892 3492 2947 τὸν
3538 2890 3681 2946 Υὶόν.

2031 2985 2143 3062 Ἐφ’
2174 2982 2221 3057 ᾧ
2248 2984 2339 3039 καὶ
2360 2983 2677 3057 θαυμάσειεν
2725 2982 2787 3038 ἄν
2813 3004 2898 3045 τις
2939 2984 3039 3052 τήν
3095 2979 3364 3037 ἀναίδειαν
3408 2985 3516 3036 τῶν
3566 2977 3686 3035 δυσ-

2030 3068 2229 3129 σεϐῶνο
2269 3078 2385 3136 πῶς
2419 3073 2721 3147 Διονυσίου,
2768 3074 2825 3128 ’ὀν
2875 3070 3123 3148 λέγουσιν
3172 3068 3437 3145 ὁμόδοξον
3484 3070 3680 3124 ἑαυτῶν

2035 3166 2147 3238 (83)
2169 3162 2325 3234 εἶναι,
2357 3162 2611 3239 λέγοντος
2645 3162 2938 3236 ὁμοούσιον
2971 3162 3060 3217 τὸν
3094 3161 3235 3232 Υἱὸν,
3278 3159 3431 3215 αὐτοὶ
3479 3158 3688 3234 περιέρ-

269 3253 504 3322 Filium,
536 3253 651 3325 ipsi
678 3257 875 3307 tamen
905 3250 1063 3306 haud
1110 3266 1279 3307 secus
1328 3268 1507 3324 quam
1556 3252 1774 3308 culices
1805 3252 1917 3309 cir-

2034 3235 2228 3329 χονται
2265 3253 2339 3315 ὡς
2387 3235 2649 3314 κώνωπες
2686 3235 3181 3327 περιϐομϐοῦντες,
3233 3250 3309 3312 ὡς
3362 3248 3464 3305 οὐκ
3513 3247 3689 3325 ὀρθῶς

270 3358 644 3415 cumquaque
676 3344 1006 3410 susurrant,
1041 3340 1209 3411 quasi
1242 3342 1503 3413 synodus
1561 3342 1916 3399 consubstan-

268 3431 422 3488 tialis
449 3446 649 3486 vocem
676 3428 833 3484 haud
866 3433 1019 3484 recte
1048 3429 1263 3502 scripto
1294 3424 1607 3486 mandarit.
1671 3431 1731 3487 Si
1757 3431 1915 3487 enim

266 3521 381 3579 sibi
412 3520 670 3576 amicum
705 3518 1042 3590 Dionysium
1068 3518 1429 3584 existimant,
1463 3535 1536 3574 ne
1582 3520 1912 3575 doctrinam

264 3613 480 3682 negent
506 3609 615 3663 viri
645 3623 845 3663 secum
868 3607 1197 3663 sentientis.
1221 3607 1383 3672 Quod
1407 3608 1456 3663 si
1484 3612 1695 3679 putant
1715 3609 1772 3663 id
1798 3626 1914 3665 non

262 3704 416 3757 recte
437 3697 659 3754 dictum
677 3696 880 3763 fuisse,
914 3713 1094 3768 quare
1124 3695 1488 3769 Dionysium,
1521 3697 1620 3769 qui
1654 3697 1914 3770 idipsum

263 3784 542 3858 ait,quasi
572 3801 773 3842 secum
795 3784 1141 3840 sentientem
1153 3785 1434 3857 jactitant
1451 3784 1480 3840 ?
1504 3802 1638 3840 cum
1672 3803 1913 3859 prmser-

262 3877 373 3932 tim
403 3876 456 3933 is
485 3891 600 3931 non
633 3874 820 3929 obiter
849 3873 960 3929 hoc
990 3872 1166 3945 dicat,
1199 3874 1300 3929 sed
1331 3872 1461 3929 aliis
1492 3879 1668 3929 antea
1714 3875 1915 3932 missis

265 3963 552 4037 epistolis,
586 3979 686 4019 eos
717 3962 815 4034 qui
847 3978 909 4017 se
940 3960 1367 4018 insimulabant
1396 3962 1566 4034 quasi
1588 3963 1805 4019 diceret
1824 3964 1913 4019 Fi-

267 4051 414 4107 lium
443 4067 559 4106 non
590 4066 722 4106 esse
779 4048 933 4104 Patri
993 4049 1580 4121 consubstantialem,
1625 4051 1913 4108 mendacii

267 4143 584 4213 coarguat:
617 4136 752 4193 illos
780 4154 912 4194 vero
945 4136 1047 4209 qui
1077 4139 1362 4209 putabant
1402 4155 1465 4196 se
1506 4140 1744 4208 dixisse,
1777 4141 1914 4198 Ver-

267 4230 412 4285 bum
445 4243 575 4285 esse
607 4227 849 4294 factum,
882 4225 1130 4292 refellat,
1163 4243 1385 4300 negans
1416 4245 1479 4286 se
1503 4234 1678 4301 prout
1699 4228 1918 4286 illiexi-

270 4317 517 4375 stimant
548 4315 765 4374 sentire
795 4316 897 4372 sed
928 4315 1165 4373 tametsi
1195 4333 1361 4374 voces
1392 4317 1525 4375 illas
1554 4318 1817 4391 protulit,
1849 4335 1916 4375 eo

272 4406 464 4465 solum
494 4404 639 4462 illud
675 4422 739 4462 se
766 4404 984 4462 dixisse
1037 4410 1308 4473 testatur,
1342 4413 1408 4463 ut
1436 4408 1772 4464 ostenderet
1801 4424 1917 4464 non

271 4497 499 4553 Patrem
527 4497 627 4553 sed
659 4494 872 4551 Filium
902 4511 1032 4552 esse
1060 4495 1161 4567 qui
1192 4495 1515 4565 conditum,
1548 4501 1837 4565 creatum,
1863 4500 1921 4553 et

2028 3344 2315 3419 γραψάσης
2343 3348 2445 3411 τῆς
2475 3341 2701 3404 συνόςου
2728 3342 2791 3396 τὸ
2823 3339 3142 3414 ὁμοούσιον·
3177 3338 3223 3395 εἰ
3254 3339 3358 3415 γὰρ
3406 3336 3688 3400 Διονύσιός

2028 3430 2168 3486 ἐστιν
2196 3430 2380 3493 αὐτοῖς
2430 3429 2614 3509 φίλος,
2669 3432 2743 3504 μὴ
2795 3429 3154 3505 ἀρνείσθωσαν
3202 3428 3269 3483 τὰ
3313 3431 3410 3483 τοῦ
3445 3424 3689 3506 ὁμόφρο-

2026 3542 2141 3583 νος,
2173 3520 2238 3575 El
2268 3518 2328 3575 δὲ
2354 3520 2642 3593 νομίζουσι
2789 3518 2963 3595 ὀρθῶς
2995 3517 3262 3595 εἰρῆσθαι,
3294 3521 3415 3579 πῶς
3441 3516 3531 3571 τὸν
3558 3519 3687 3571 τοῦ·

2024 3631 2087 3665 το
2120 3607 2355 3685 λέγοντα
2401 3608 2676 3665 Διονύσιον
2727 3606 3054 3680 θρυλλοῦσιν
3088 3610 3222 3681 (84),
3274 3607 3349 3669 ὡς
3391 3606 3459 3661 τὰ
3503 3605 3681 3661 αὐτῶν

2028 3702 2366 3777 φρονοῦντα;
2400 3696 2637 3771 μάλιστα
2664 3697 2749 3752 ὅτι
2801 3695 2927 3752 οὐδὲ
2982 3695 3041 3752 ἐκ
3069 3698 3342 3774 παρέργου
3372 3698 3542 3750 ταῦτα
3588 3693 3681 3750 λέο

2025 3808 2139 3863 γων
2171 3787 2435 3865 φαίνεται,
2491 3785 2637 3842 ἀλλὰ
2681 3786 2942 3864 πρότερον
2988 3783 3163 3847 ἄλλας
3210 3782 3503 3846 ἐπιστολὰς
3552 3784 3685 3858 γρά-

2026 3880 2151 3950 ψας,
2182 3875 2312 3939 τοὺς
2348 3876 2441 3951 μὲν
2476 3879 2589 3950 (85)
2617 3875 3008 3951 κατειρηκότας
3056 3874 3219 3930 αὐτοῦ
3263 3874 3338 3936 ὡς
3374 3874 3449 3947 μὴ
3492 3870 3686 3948 λέγον-

2024 3986 2119 4028 τος
2151 3964 2447 4039 ὁμοοόσιον
2477 3966 2568 4020 τὸν
2601 3965 2724 4019 Υἳὸν
2754 3969 2833 4038 τῷ
2880 3962 3053 4040 Πατρί
3095 3961 3373 4039 διελέγχει
3420 3959 3689 4037 ψευδομέ-

2028 4074 2174 4117 νους·
2226 4052 2355 4116 τοὺς
2404 4051 2463 4109 δὲ
2509 4053 2830 4127 νομίζοντας
2879 4052 3037 4109 αὐτὸν
3089 4050 3264 4129 λέγειν
3313 4052 3539 4128 γενητὸν
3572 4052 3685 4126 (86)

2025 4143 2116 4198 τὸν
2151 4142 2352 4218 Λόγον,
2396 4140 2813 4219 παρακρούεται·
2849 4141 2933 4197 ὅτι
2984 4144 3059 4216 μή
3110 4140 3285 4204 οὕτως
3329 4140 3406 4203 ὡς
3434 4139 3687 4214 νομίζου-

2030 4254 2111 4286 σιν
2146 4230 2466 4310 ἐφρόνησεν,
2488 4228 2615 4287 ἀλλ¹
2656 4231 2700 4286 εἰ
2730 4232 2821 4287 καὶ
2848 4232 2943 4294 τὰς
2994 4230 3165 4301 λέξεις
3199 4227 3406 4304 εἷ’ρηκε,
3438 4227 3527 4285 διὰ
3557 4232 3684 4285 τοῦ-

2027 4321 2091 4376 τό
2123 4342 2283 4400 φησιν
2335 4321 2628 4397 εἰρηκέναι,
2664 4322 2800 4397 πρὸς
2846 4321 2909 4376 τὸ
2957 4319 3120 4395 μόνον
3172 4317 3359 4395 δεῖξαι,
3411 4318 3496 4375 ὅτι
3546 4320 3622 4393 μὴ
3656 4319 3684 4372 6

2032 4413 2221 4486 Πατήρ
2254 4408 2417 4484 ἐστιν,
2449 4409 2575 4467 ἀλλ’
2605 4412 2634 4466 6
2665 4408 2812 4485 Υἱός,
2845 4411 2875 4466 6
2902 4411 2965 4465 τὸ
3008 4408 3263 4486 γενητόν,
3311 4406 3402 4464 καὶ
3447 4408 3683 4477 κτιστὸν,

2030 4499 2121 4555 καὶ
2171 4500 2395 4570 ποιητὸν
2448 4497 2804 4574 ἐνδυσάμενος
2853 4503 3033 4574 σῶμα·
3080 4497 3165 4554 διὸ
3210 4498 3301 4554 καὶ
3348 4498 3686 4576 γεγενῆσθαι,

268 4586 493 4642 factum
523 4600 736 4658 corpus
765 4584 998 4641 induit:
1058 4583 1363 4656 quorcirca
1419 4584 1577 4641 Filus
1621 4586 1916 4655 conditus,

2034 4588 2120 4644 καὶ
2153 4590 2506 4662 πεποιῆσθαι,
2537 4589 2629 4645 καὶ
2660 4588 2893 4645 ἐκτίσθαι
2927 4586 3145 4665 λέγεται
3175 4589 3205 4644 ὁ
3235 4587 3384 4650 Υἱός.

272 4674 464 4732 factus
492 4678 550 4730 et
577 4676 809 4730 creatus
836 4672 1020 4731 fuisse
1050 4672 1287 4731 dicitur.

275 4980 399 5053 τῆς,
425 4992 553 5053 (πρε
574 4975 634 5031 in
657 4974 1439 5053 editis_legebantur,desunt
1458 4978 1516 5034 in
1541 4977 1927 5053 Reg.Taurin.

276 5048 607 5123 Colb.’Jes_.,
630 5049 732 5104 sed
756 5048 1046 5106 habentur
1070 5051 1131 5106 in
1162 5050 1265 5107 lib.
1299 5052 1374 5107 De
1400 5048 1657 5123 synodi};
1678 5052 1777 5107 ubi
1810 5052 1932 5108 haec

277 5120 455 5177 verba
484 5119 835 5176 referuntur.

348 5190 463 5264 (79)
524 5191 619 5247 Sic
660 5191 819 5264 _Beg.
879 5192 1117 5249 Taurin.
1178 5193 1298 5249 Jes.
1375 5193 1552 5260 Editi,
1609 5190 1928 5264 Totcgaubt.

279 5261 631 5345 P.aulo.post
658 5261 878 5345 Taurin
902 5264 1068 5345 _Colb.
1103 5265 1314 5345 gemet
1342 5265 1430 5321 Fr.
1497 5267 1550 5334 1,
1586 5285 1652 5345 Et;
1685 5262 1932 5345 βᾴλλειν,

282 5333 451 5411 qtjta
478 5333 622 5407 legit
639 5340 805 5391 vetus
832 5335 1074 5407 interpr.
1101 5335 1252 5392 Editi
1276 5352 1410 5392 vero
1431 5352 1567 5392 cum
1587 5333 1801 5411 ‘Re'gio,
1835 5333 1933 5410 ἐμὲ

286 5397 534 5459 ϐάλλειν.

355 5476 478 5550 (80)
498 5476 593 5532 Sic
616 5476 761 5550 Reg.
788 5477 1038 5550 Taurin.
1062 5477 1223 5534 Colb.
1242 5478 1363 5535 Jes.
1388 5478 1479 5534 Fr.
1498 5482 1548 5536 1.
1571 5477 1803 5549 Editi,év
1831 5482 1929 5550 τῷ.

288 5545 568 5621 Μοιέιεβο
613 5545 872 5621 ἐγεδήοη-

356 5618 474 5691 (81)
495 5618 586 5673 Sic
614 5618 661 5674 Η

286 5685 591 5761 mendose,
622 5685 729 5747 τοῧ
753 5685 832 5748 δὶ.
865 5689 951 5763 Ἐξ
976 5689 1076 5748 οὑκ
1103 5685 1272 5749 όντων
1303 5689 1488 5753 αὐτον.

741 5619 1185 5692 ,λΤαυιζίηεᾶθξη
1209 5618 1385 5692 Basil.
1412 5621 1504 5677 Fr.
1539 5623 1589 5679 1.
1623 5622 1779 5679 Editi
1802 5639 1937 5681 vero

2110 4976 2686 5053 (82)C01b.,a610647.
2720 4982 2847 5036 Mox
2903 4978 3143 5053 Taurin.
3204 4977 3362 5053 Golb.
3408 4976 3689 5053 _Jes.‘_l_"‘r.

2045 5055 2098 5127 1,
2117 5044 2339 5127 ’ἀναιρεῖ
2397 5044 2595 5125 λέγων,
2656 5052 2797 5125 Reg.
2856 5050 3034 5107 Basil.
3094 5056 3151 5107 et
3206 5051 3369 5119 editi,
3404 5044 3695 5103 διαοάλλει

2260 5195 2480 5250 Taurin
2511 5194 2674 5251 Colb.
2705 5194 2829 5264 Jes,
2861 5191 3059 5264 αὐτῶν.

2114 5196 2208 5268 (83
2260 5196 2480 5250 Taurin
2511 5196 2674 5251 Colb.
2705 5196 2829 5264 Jes,
2861 5196 3059 5248 αὐτῶν.

2114 5196 2427 5340 (84)]ἱειεη
2458 5268 2532 5323 de
2557 5283 2771 5340 _more,_
2821 5262 3136 5340 θρυλοῦσιν.
3200 5263 3697 5340 lbidern_Tauriq=

2042 5331 2159 5427 {es}.
2213 5331 2444 5410 ἘΙ-,νῇ
2512 5338 2579 5392 τὰ
2644 5331 2796 5393 αὐτά.
2855 5331 2996 5394 ’Μοχ
3059 5341 3150 5393 Fr.
3223 5338 3273 5406 1,
3347 5333 3583 5408 μάλιστα
3651 5331 3699 5388 δ’

2050 5410 2350 5553 61_E.85)_Sic
2372 5480 2513 5553 Reg.
2537 5480 2779 5536 Taurin.
2806 5478 2969 5536 Colb.
2992 5480 3113 5537 Jes.
3149 5481 3241 5536 Fr.
3275 5480 3327 5535 1.
3365 5480 3514 5535 Editi
3543 5495 3702 5550 vero,

2043 5549 2173 5612 τοῦς
2206 5549 2301 5622 μὲν
2338 5550 2452 5606 οὖν.

2119 5620 2234 5696 (86)
2263 5622 2477 5696 Taurin
2508 5622 2844 5696 Colb._Jes.,
2876 5620 3159 5696 γεννητόν,
3192 5623 3495 5682 mendose.
3545 5621 3700 5679 Tau-

2048 5691 2163 5754 rin.
2196 5691 2337 5753 item
2368 5693 2544 5766 infra,
2576 5694 2605 5751 ὁ
2631 5692 2696 5751 τὸ
2724 5691 2999 5773 γεννητόν.
