4148 6398
375 360 496 423 509

1579 363 1682 424 DE
1726 365 2169 429 SENTENTIA
2215 369 2591 433 DIONYSII.

3674 392 3798 452 510

449 496 538 551 20.
591 489 814 564 Ἀμέλει
875 487 1063 560 ἐπειδὴ
1120 490 1440 568 προελήφθη
1504 496 1614 568 (87)
1673 497 1876 589 γράψαι
1935 499 2030 589 τὰς

2214 504 2303 556 20.
2339 506 2502 560 Certe
2526 523 2659 562 cum
2680 508 2780 563 illa
2810 511 2984 565 verba
3007 512 3169 583 prius
3209 515 3530 588 scripserit,
3563 523 3796 589 Arianis

378 581 634 643 τοιαύτας
692 579 887 651 λέξεις,
919 585 1035 642 τοῖς
1099 580 1192 653 μὲν
1241 584 1542 656 Ἀρειανοῖς
1603 586 1784 661 μακρὰ
1843 587 2030 663 φράζει

381 670 619 749 χαίρειν,
652 671 798 747 παρά
850 668 907 725 δὲ
951 674 1060 724 τῶν
1111 669 1416 725 ἀκουόντων
1473 671 1776 744 συνείδησιν
1835 675 2041 750 ἀγαθὴν

387 761 604 816 ἀπαιτεῖ
629 782 641 794 ·
673 761 735 815 τὸ
767 757 1025 836 δυσχερὲς
1052 760 1086 828 ἢ
1119 761 1264 836 τάχα
1291 762 1381 816 καὶ
1411 762 1473 816 τὸ
1511 761 1902 839 ἀπερίδρακτον
1929 770 2036 820 τῶν

388 849 732 924 ζητουμένων
755 844 1330 926 προϐαλλόμενοςίίνα
1351 853 1425 924 μή
1450 852 1545 914 τὰς
1573 851 1763 925 λέξεις,
1780 853 2037 924 ἀλλάτὴν

386 937 625 995 διάνοιαν
656 944 753 994 τοῦ
783 941 1086 1017 γράφοντος
1120 942 1230 1014 (88)
1259 940 1511 1014 κρίνωσι⁶
1545 942 1634 996 καὶ
1670 942 1886 1016 μάλισθ’
1917 943 2040 998 ὅταν

381 1029 448 1083 τὰ
504 1029 735 1085 πλεῖστα
795 1033 1041 1105 μαρτυρῇ
1098 1034 1166 1104 τῇ
1218 1029 1414 1086 τούτου
1491 1035 1771 1109 φρονήσει.
1834 1034 2041 1111 Ἔφησε

383 1124 513 1191 γοῦν
546 1119 637 1172 καὶ
668 1118 851 1185 αὐτὸς,
884 1117 997 1173 ὅτι·
1025 1143 1050 1169 ‹‹
1081 1123 1194 1172 Τῶν
1233 1120 1326 1191 μὲν
1359 1119 1620 1176 τοιούτων
1655 1122 1730 1184 ὡς
1756 1123 2037 1198 ἀχρειοτέ-

384 1228 514 1285 ρων,
549 1208 600 1278 ἐξ
659 1205 989 1281 ἐπιδρομῆς,
1039 1207 1185 1262 εἷπον
1238 1211 1306 1263 τὰ
1352 1207 1788 1285 παραδείγματα,
1829 1212 1891 1266 τὸ
1941 1234 2039 1290 φυ-

379 1297 470 1352 τὸν
529 1298 620 1351 καὶ
674 1297 766 1352 τὸν
800 1296 1082 1372 γεωργόν.
1135 1303 1254 1360 τοῖς
1316 1295 1374 1352 δὲ
1421 1302 1876 1378 προσφυεστέροις
1928 1304 2040 1375 (89)

383 1384 710 1463 ἐνδιέτριψα,
740 1385 830 1441 καὶ
871 1385 1036 1442 πλέον
1090 1383 1368 1457 διεξῆλθον
1418 1390 1540 1464 περὶ
1593 1393 1698 1444 τῶν
1750 1389 2039 1460 ἀληθεστέ-

387 1496 513 1551 ρων.
569 1502 594 1527 ››
647 1477 710 1529 Ὃ
767 1472 824 1529 δὲ
876 1479 1038 1531 τοῦτο
1099 1474 1272 1550 λέγων
1351 1474 1612 1532 δείκνυσιν
1676 1479 2036 1552 ἀληθέστερον

385 1563 520 1618 εἶναι
565 1565 628 1618 τὸ
687 1562 862 1639 λέγειν
923 1561 1096 1618 ἀίδιον
1147 1565 1237 1618 καὶ
1288 1563 1347 1619 ἐκ
1395 1570 1492 1620 τοῦ
1550 1567 1759 1640 Πατρὸς
1789 1567 1879 1621 τὸν
1913 1565 2036 1622 Υἱὸν

385 1651 527 1725 ἤπερ
558 1652 785 1726 γενητόν
815 1674 828 1686 ·
872 1651 933 1707 ἐκ
960 1651 1155 1707 τούτου
1189 1654 1284 1725 μὲν
1317 1653 1420 1728 γὰρ
1450 1655 1512 1708 τὸ
1580 1655 1890 1728 σωματικὸν
1941 1658 2039 1709 τοῦ

389 1739 588 1816 Κυρίου
619 1740 962 1814 σημαίνεται,
990 1739 1040 1813 ἐξ
1073 1741 1286 1796 ἐκείνων
1323 1739 1379 1797 δὲ
1428 1743 1492 1797 τὸ
1542 1741 1715 1797 ἀίδιον
1765 1751 1864 1813 τῆς
1921 1741 2038 1798 Θεό-

387 1849 554 1898 τητος
585 1829 770 1887 αὐτοῦ.
804 1832 890 1885 Ἐν
922 1829 1136 1894 τούτοις
1164 1836 1294 1906 γοῦν
1326 1831 1416 1886 καὶ
1465 1832 1739 1909 ἠλέγχθαι
1788 1834 1914 1908 παρ’
1946 1831 2037 1887 αὐ-

385 1922 482 1972 τοῦ
511 1917 638 1980 τοὺς
671 1916 1084 1994 ἐγκαλέσαντας,
1109 1920 1181 1982 ὡς
1213 1922 1289 1994 μή
1322 1920 1580 1996 λέγοντος
1623 1923 1786 1977 αὐτοῦ
1837 1921 2040 1996 ὁμοού-

389 2027 502 2061 σιον
562 2012 658 2062 τοῦ
720 2009 948 2084 Πατρὸς,
1004 2004 1408 2064 διαϐεϐαιοῦται
1467 2010 1575 2086 οὐχ
1630 2011 1844 2083 ἀπλῶς,
1897 2012 2044 2068 ἀλλὰ

393 2097 526 2169 μετά
593 2099 905 2174 φρονήσεως
961 2097 1050 2152 καὶ
1113 2095 1437 2169 ἀποδείξεως
1496 2099 1762 2173 ἀληθοῦς,
1824 2099 2039 2176 λέγων·

392 2209 418 2234 ‹‹
452 2185 514 2239 Εἰ
547 2186 634 2240 καὶ
670 2187 746 2259 μὴ
777 2187 875 2255 τὴν
911 2186 1052 2257 λέξιν
1083 2187 1283 2256 ταύτην
1317 2188 1469 2264 εὗρον
1519 2189 1569 2243 ἐν
1615 2196 1732 2252 ταῖς
1784 2196 2040 2268 Γραφαῖς,

392 2271 521 2328 ἀλλ’
571 2273 622 2344 ἐξ
681 2274 856 2328 αὐτῶν
917 2280 1025 2329 τῶν
1087 2281 1311 2353 Γραφῶν
1369 2279 1460 2332 τὸν
1519 2283 1644 2332 νοῦν
1705 2282 2042 2356 συναγαγὼν,

390 2361 584 2438 ἔγνων,
620 2362 724 2434 ὅτι,
750 2363 871 2426 Υἱὸς
906 2360 978 2417 ὢν
1009 2363 1097 2419 καὶ
1131 2365 1330 2441 Λόγος,
1365 2367 1426 2421 οὐ
1487 2367 1632 2438 ξένος
1690 2367 1748 2423 ἂν
1810 2367 1892 2440 εἴη
1943 2377 2044 2438 τῆς

391 2451 572 2514 οὐσίας
629 2456 729 2506 τοῦ
788 2452 1021 2529 Πατρός.
1084 2479 1109 2505 ››
1163 2457 1282 2509 Ὅτι
1357 2456 1456 2530 γάς
1519 2457 1579 2511 οὐ
1638 2457 1858 2530 κτίσμα,
1920 2456 2046 2513 οὐδὲ

391 2540 610 2614 ποίημα
639 2547 827 2618 φρονεῖ
851 2540 943 2597 τὸν
978 2543 1100 2597 Υἱὸν
1135 2543 1268 2598 εἶναι
1291 2566 1302 2578 ·
1353 2545 1441 2598 καὶ
1471 2546 1572 2621 γὰρ
1620 2546 1708 2600 καὶ
1761 2546 1812 2601 έν
1862 2547 2042 2621 τούτῳ

390 2628 824 2704 τεθρυλλήκασιν
872 2631 1029 2686 αὐτόν
1059 2653 1070 2666 ”
1128 2632 1300 2695 οὕτως
1333 2633 1383 2687 ἐν
1415 2639 1493 2706 τῷ
1547 2633 1782 2710 δευτέρῳ
1841 2631 2044 2711 βιϐλίῳ

395 2719 591 2797 φησίν·
649 2742 675 2770 ‹‹
726 2721 842 2775 Ἐὰν
895 2717 951 2775 δέ
996 2741 1079 2784 τις
1121 2725 1229 2776 τῶν
1289 2729 1656 2802 συκοφαντῶν,
1691 2723 1876 2795 ἐπειδὴ
1936 2730 2043 2780 τῶν

389 2807 637 2862 ἀπάντων
692 2810 930 2878 ποιητὴν
989 2811 1080 2864 τὸν
1139 2809 1269 2866 Θεὸν
1325 2813 1415 2866 καὶ
1475 2811 1811 2891 δημιουργὸν
1869 2815 2042 2886 εἶπον,

395 2892 575 2967 οἷὴται
639 2919 706 2971 με
761 2897 850 2953 καὶ
898 2903 995 2954 τοῦ
1050 2905 1283 2976 Χριστοῦ
1340 2899 1542 2977 λέγειν,
1603 2903 1883 2959 ἀκουσάτω
1941 2927 2044 2978 μου

390 2985 654 3062 πρότερον
715 2987 926 3062 Πατέρα
981 2990 1251 3065 φήσαντος
1310 2991 1574 3060 αὐτὸν,ἐν
1632 2994 1678 3064 ᾧ
1725 2993 1813 3048 καὶ
1864 2995 2046 3057 ὁΥἱὸς

388 3075 834 3152 προσγέγραπται
895 3077 1040 3151 (90)*
1106 3079 1240 3151 μετά
1297 3079 1400 3157 γὰρ
1456 3081 1518 3135 τὸ
1587 3081 1754 3137 εἰπεῖν
1831 3083 2045 3160 Πατέρα

387 3166 647 3234 ποιητὴν,
680 3165 999 3241 ἐπαγήοχα·
1035 3167 1133 3222 Καὶ
1182 3164 1304 3223 οὔτε
1332 3172 1512 3246 πατήρ
1559 3169 1697 3225 ἐστιν
1751 3173 1822 3226 ὧν
1875 3194 2040 3245 ποιη-

2152 590 2385 662 quidem
2423 594 2701 651 facessere
2724 598 2937 668 jussis,
2971 600 3314 659 benevolum
3340 607 3606 665 animum
3630 615 3700 668 ab
3723 615 3797 671 iis

2151 680 2431 751 postulat,
2480 683 2550 738 ad
2599 701 2848 756 quorum
2901 706 3072 746 aures
3121 692 3243 748 haec
3295 700 3700 770 pervenerint;
3735 711 3800 762 ut

2152 769 2558 826 animadversa
2589 773 2795 831 harum
2837 780 3228 848 quaestionum
3280 785 3646 860 difﬁcultate,
3681 769 3798 851 imo

2151 859 2347 930 potius
2378 860 3096 940 incomprehensibilitate,
3132 888 3246 927 non
3292 877 3486 944 verba,
3521 881 3623 935 sed
3655 883 3798 938 scri-

2152 947 2334 1019 ptoris
2367 949 2630 1004 animum
2674 953 3028 1026 judicarent,
3079 975 3211 1015 cum
3263 965 3638 1033 potissimum
3682 973 3799 1029 alia

2151 1037 2540 1108 complurima
2564 1055 2756 1095 veram
2781 1044 2908 1113 ejus
2933 1053 3185 1103 mentem
3206 1055 3489 1123 aperiant.
3509 1059 3603 1113 Ait
3621 1061 3801 1132 igitur

2150 1125 2308 1197 ipse:
2345 1148 2372 1174 «
2407 1127 2707 1197 Ejusmodi
2739 1134 3004 1205 exempla
3052 1143 3116 1191 ut
3147 1141 3342 1196 minus
3384 1145 3548 1202 utilia
3577 1125 3794 1206 cuvrsim

2150 1214 2390 1286 protuli,
2425 1216 2704 1274 nimirum
2728 1219 2798 1274 de
2831 1222 3033 1293 planta
3051 1235 3103 1280 el
3130 1228 3417 1300 agricola:
3444 1241 3665 1294 natura
3697 1258 3798 1297 ac-

2150 1305 2611 1361 commodatiora
2642 1308 2822 1364 fuisse
2852 1317 3219 1384 pertractavi,
3255 1335 3317 1373 ac
3357 1323 3582 1381 veriora
3610 1328 3796 1399 pluri-

2148 1392 2261 1448 bus
2293 1395 2618 1466 exposui.»
2676 1397 2804 1452 Jam
2865 1400 2964 1470 qui
3014 1401 3134 1459 haec
3191 1405 3471 1481 loquitur,
3523 1392 3794 1492 ostendit,

2149 1481 2344 1537 verius
2364 1483 2476 1538 dici
2502 1485 2712 1540 Filium
2737 1492 3016 1545 aeternum
3061 1497 3117 1546 et
3155 1510 3221 1548 ex
3244 1496 3409 1554 Patre
3434 1517 3582 1569 esse,
3617 1481 3795 1577 quam

2150 1587 2280 1626 esse
2301 1571 2518 1628 factum
2545 1591 2557 1628 ε
2584 1591 2718 1629 nam
2745 1575 2852 1631 hoc
2876 1579 3111 1649 quidem
3151 1586 3450 1655 vocabulo,
3485 1571 3654 1663 quod
3669 1612 3795 1652 cor-

2152 1675 2392 1732 poreum
2417 1667 2508 1716 est
2529 1662 2586 1717 in
2618 1665 2859 1720 Domino
2887 1666 3180 1725 indicatur
3203 1688 3214 1727 :
3241 1671 3358 1730 illis
3389 1662 3542 1748 vero,
3577 1688 3800 1741 aeterni-

2150 1754 2241 1804 tas
2271 1749 2592 1807 divinitatis
2622 1753 2770 1822 ejus.
2805 1755 2913 1811 Eos
2949 1756 3131 1828 igitur
3159 1763 3256 1833 qui
3309 1781 3370 1819 se
3423 1773 3797 1844 accusabant,

2152 1842 2217 1891 ut
2239 1838 2338 1908 qui
2367 1845 2603 1911 negaret
2633 1841 2841 1898 Filium
2867 1860 2995 1900 esse
3027 1849 3181 1903 Patri
3214 1838 3799 1932 consubstantialem,

2152 1926 2246 1981 his
2277 1929 2639 1998 argumentis
2670 1947 2702 1985 a
2732 1947 2794 1986 se
2825 1934 3153 1992 confutatos
3199 1939 3471 2011 declarat,
3505 1947 3660 2006 haud
3692 1926 3801 2008 levi

2156 2015 2350 2083 modo,
2383 2019 2483 2072 sed
2517 2019 2970 2091 sapientissime,
3005 2029 3061 2080 et
3090 2043 3222 2083 cum
3269 2048 3403 2088 vera
3433 2036 3800 2100 demonstra-

2153 2104 2331 2171 tione,
2365 2106 2505 2162 dum
2539 2107 2657 2164 hac
2691 2109 2804 2165 ait:
2832 2133 2855 2160 ‹σ
2899 2113 3016 2168 Etsi
3049 2114 3200 2172 hanc
3229 2135 3425 2177 vocem
3459 2125 3517 2180 in
3549 2129 3803 2203 Scriptu-

2156 2191 2235 2246 ris
2269 2210 2380 2249 non
2427 2195 2639 2263 inveni,
2690 2203 2947 2255 attamen
2993 2208 3332 2264 earumdem
3363 2191 3799 2286 Scripturarum

2155 2285 2411 2336 mentem
2445 2283 2743 2356 colligens,
2803 2292 3030 2360 agnovi,
3093 2293 3308 2366 ipsum,
3369 2283 3510 2358 cum
3536 2305 3716 2365 Filius
3746 2316 3805 2367 et

2156 2369 2410 2424 Verbum
2438 2372 2534 2438 sit,
2559 2391 2674 2429 non
2702 2392 2874 2447 posse
2898 2395 2930 2433 a
2953 2379 3138 2437 Patris
3159 2386 3491 2446 substantia
3511 2409 3638 2451 esse
3659 2397 3798 2455 alie-

2156 2475 2319 2512 num.
2357 2481 2384 2508 »
2417 2463 2579 2524 Quod
2611 2469 2805 2520 autem
2839 2467 3046 2524 Filium
3081 2488 3193 2527 non
3240 2480 3486 2535 senserit
3515 2499 3643 2540 esse
3675 2504 3799 2544 rem

2154 2553 2408 2603 creatam
2436 2559 2538 2606 aut
2556 2553 2792 2620 factam,
2817 2561 2880 2611 ut
2904 2557 2982 2612 illi
3008 2562 3439 2635 pervulgarant,
3464 2569 3521 2626 in
3542 2577 3799 2632 secundo

2153 2634 2300 2690 libro
2323 2641 2572 2694 testatur
2592 2641 2682 2696 his
2695 2644 2884 2700 verbis
2901 2663 2914 2704 :
2932 2648 3177 2720 «Siquis
3191 2634 3384 2710 antem
3401 2673 3467 2712 ex
3481 2662 3803 2734 sycophan-

2155 2723 2251 2790 tis,
2279 2743 2344 2781 eo
2367 2730 2522 2796 quod
2547 2728 2752 2800 Deum,
2776 2736 3042 2792 omnium
3067 2739 3181 2793 ἀικί
3207 2743 3480 2802 factorem
3505 2723 3561 2803 et
3581 2723 3800 2809 creato-

2155 2829 2300 2883 rem,
2325 2817 2621 2874 existimat
2643 2837 2734 2876 me
2774 2823 2952 2880 etiam
2973 2827 3186 2883 Christi
3211 2837 3530 2892 creatorem
3559 2839 3796 2915 dixisse,

2154 2903 2416 2959 advertat
2441 2923 2533 2962 me
2564 2910 2726 2979 prius
2759 2910 2986 2969 Patrem
3010 2915 3203 2988 ipsum
3230 2922 3575 2997 appellasse,
3605 2930 3664 2984 in
3684 2903 3800 3003 quc

2154 2993 2435 3049 vocabulo
2458 2995 2638 3052 Filius
2671 2999 2961 3073 ascriptus
2989 3010 3098 3060 est.
3141 3007 3459 3081 Postquam
3492 2993 3646 3073 enim
3680 2993 3797 3076 dixi

2153 3084 2387 3138 Patrem
2448 3085 2723 3142 factorem
2771 3106 2920 3157 esse,
2950 3094 3184 3150 subdidi
3213 3114 3226 3152 :
3275 3098 3473 3173 Neque
3504 3108 3674 3162 Pater
3701 3126 3797 3164 eo-

2154 3187 2284 3226 rum
2309 3177 2398 3228 est
2419 3189 2666 3245 quorum
2712 3178 2894 3234 factor
2913 3186 3020 3249 est,
3056 3183 3104 3238 si
3139 3188 3372 3257 proprie
3392 3189 3562 3248 Pater
3580 3193 3798 3252 intelli-

391 3254 492 3323 τῆς
520 3255 653 3327 (91),
688 3253 733 3308 εἷ
764 3254 966 3328 κυρίως
997 3256 1025 3308 ὁ
1064 3259 1326 3330 γεννήσας
1376 3242 1557 3335 πατὴρ
1608 3261 1859 3317 ἀκούοιτο
1885 3285 1896 3297 ·
1944 3242 2042 3332 τῆν

2159 3263 2332 3329 gatur
2362 3278 2489 3318 esse
2517 3263 2568 3319 is
2615 3267 2713 3337 qui
2763 3271 2965 3339 genuit
3006 3271 3400 3340 (latitudinem
3447 3280 3604 3337 enim
3632 3301 3800 3341 voca-

388 3343 490 3418 γᾶρ
520 3339 841 3412 πλατύτητα
867 3349 968 3412 τῆς
997 3349 1095 3399 τοῦ
1153 3347 1356 3423 πατρὸς
1408 3351 1782 3427 προσηγορίας
1834 3352 1885 3406 ἐν
1929 3357 2045 3414 τοῖς

390 3429 514 3500 ἑξῆς
563 3429 1025 3506 ἐπεξεργασόμεθα
1054 3435 1166 3508 (92)
1197 3457 1209 3469 υ
1259 3433 1384 3492 οὔτε
1429 3441 1666 3510 ποιητὴς
1703 3442 1730 3495 6
1761 3442 1961 3516 πατὴρ,
1996 3441 2042 3496 εἰ

398 3519 562 3591 μόνος
592 3521 619 3574 ὁ
651 3521 1012 3598 χειροτέχνης
1066 3526 1306 3596 ποιητής
1348 3525 1584 3602 λέγοιτο.
1637 3531 1772 3604 ΙΙαρ⁹
1803 3529 2040 3600 Ἕλλησι

393 3609 498 3684 γὰρ
529 3609 753 3678 ποιηταὶ
804 3611 893 3665 καὶ
939 3617 1044 3666 τῶν
1092 3610 1241 3668 ἰδίων
1275 3613 1569 3672 καλοῦνται
1617 3618 1794 3695 λόγων
1849 3620 1899 3674 οἱ
1951 3641 2042 3674 σο-

393 3695 514 3774 φοί·
543 3697 632 3752 καὶ
666 3701 934 3774 Ποιητὴς,
961 3702 989 3756 ὁ
1021 3701 1354 3767 Ἀπόστολος
1387 3706 1522 3776 εἶπε,
1554 3707 1727 3781 νόμου
1759 3711 1903 3782 (93)·
1956 3710 2044 3764 καὶ

390 3790 498 3840 τῶν
559 3786 860 3864 έγκαρδίων
917 3793 1017 3868 γὰρ
1077 3792 1272 3867 ἀρετῆς
1401 3797 1588 3860 κακίας
1639 3799 1863 3869 ποιηταὶ
1913 3809 2043 3861 καθ-

404 3875 665 3945 ίστανται,
725 3878 800 3940 ὡς
860 3879 1002 3935 εἶπεν
1073 3883 1100 3936 ὁ
1159 3883 1322 3946 Θεός*
1386 3887 1608 3961 Ἐμεινα
1654 3893 1751 3943 τοῦ
1822 3895 2043 3958 ποιῆσαι

394 3963 592 4040 κρίσιν,
626 3965 848 4037 ἐποίησε
879 3965 936 4022 δὲ
965 3969 1212 4044 ἀνομίαν.
1250 3999 1277 4026 ››

461 4056 552 4111 21.
585 4055 766 4110 Ἔστιν
800 4057 1048 4131 ἀληθῶς,
1081 4061 1346 4118 ἀκούοντα
1400 4070 1566 4122 ταῦτα
1617 4069 1922 4140 μνησθῆναι
1949 4071 2046 4122 τοῦ

395 4142 543 4206 θείου
602 4141 798 4220 λογίου
857 4145 1154 4224 λέγοντος·
1216 4153 1289 4206 Οῦ
1349 4152 1434 4209 ἐὰν
1484 4161 1694 4234 στραφῇ
1745 4159 1773 4212 ὁ
1821 4152 2045 4230 ἀσεϐὴς,

395 4231 707 4311 ἀφανίζεναι
767 4236 898 4310 (94).
958 4236 1097 4325 ’18οὺ
1172 4241 1271 4317 γὰρ
1345 4231 2048 4325 ποικίλωςνστρειρόμενοι

393 4323 514 4387 καθ’
571 4322 798 4394 ἑκάστην
860 4326 911 4380 οἱ
968 4324 1242 4393 δυσσεϐεῖς
1292 4333 1656 4410 ἀφανίζονται,
1694 4339 1768 4410 μή
1828 4332 2047 4412 ἔχοντες

400 4407 541 4484 μηδὲ
591 4411 666 4474 εἷς
730 4418 890 4469 τοῦτο
947 4417 1212 4495 πρόφασιν
1271 4407 1395 4498 περὶ
1445 4407 1744 4482 Διονυσίου,
1792 4407 2050 4502 Φανερῶς

2156 3348 2280 3402 buli
2295 3349 2492 3421 hujus,
2511 3352 2696 3421 Pater,
2712 3355 2770 3410 in
2786 3360 3166 3428 sequentibus
3181 3363 3592 3440 inquiremus):
3612 3389 3801 3445 neque

2154 3437 2337 3492 factor
2357 3439 2528 3496 Pater
2547 3446 2657 3509 est,
2683 3444 2732 3498 si
2760 3444 2921 3502 solus
2941 3448 3131 3519 opifex
3153 3450 3337 3508 factor
3359 3437 3619 3516 dicatur:
3645 3437 3799 3532 apud

2153 3526 2382 3582 Graecos
2400 3529 3032 3606 enimiiquisapientes
3062 3545 3223 3609 sunt,
3256 3546 3799 3608 suorumlibrorum

2154 3614 2401 3672 factores
2427 3624 2710 3675 vocantur
2735 3640 2746 3677 :
2780 3627 3217 3701 Apostolusque
3230 3632 3330 3703 ait,
3351 3635 3545 3691 Factor
3571 3638 3758 3710 legis6°
3783 3658 3796 3697 :

2155 3721 2292 3760 nam
2326 3722 2523 3762 rerum
2555 3708 2730 3764 etiam
2779 3713 3258 3788 intrinsecarum,
3293 3708 3633 3794 cujusmodi
3659 3734 3801 3785 sunt

2155 3794 2344 3849 virtus
2370 3799 2427 3850 et
2481 3795 2710 3867 vitium,
2765 3801 3012 3860 factores
3069 3812 3208 3862 sunt
3238 3807 3528 3879 homines,
3564 3819 3630 3870 ut
3657 3817 3804 3874 dixit

2155 3887 2346 3939 Deus:
2381 3885 2673 3956 Expectan
2729 3892 2788 3943 ut
2841 3894 3050 3961 facere!
3097 3896 3392 3967 judicium,
3449 3905 3576 3973 fecit
3618 3915 3801 3963 autem

2153 3975 2508 4046 iniquitatem
2535 3976 2601 4031 οι.
2637 3999 2666 4026 ››

2227 4065 2316 4119 21.
2378 4065 2484 4127 Qui
2540 4064 2662 4122 haec
2727 4070 2914 4142 audit,
2974 4073 3154 4128 divini
3211 4093 3351 4133 sane
3399 4081 3620 4138 oraculi
3650 4084 3804 4142 208

2159 4152 2513 4221 meminerit,
2547 4156 2829 4214 dicentis:
2885 4161 3214 4236 Quocunque
3260 4183 3321 4221 se
3370 4174 3547 4226 vertat
3575 4173 3804 4245 impius,

2155 4245 2430 4299 evanescit
2444 4245 2507 4298 ⁸³.
2528 4246 2753 4301 Etenim
2774 4263 2949 4319 quam
2972 4267 3034 4306 se
3051 4268 3282 4325 cunque
3299 4256 3358 4311 in
3378 4263 3601 4328 partem
3621 4263 3810 4333 quoti-

2159 4333 2253 4389 die
2295 4338 2634 4390 convertant
2689 4336 2854 4408 impii
2914 4338 3020 4407 illi,
3074 4351 3447 4412 evanescunt,
3505 4365 3575 4404 ne
3604 4349 3663 4404 in
3695 4351 3806 4407 hoc

2159 4421 2396 4494 quidem
2428 4421 2608 4478 ullam
2661 4425 2948 4482 rationem
2994 4429 3355 4488 invenientes
3402 4434 3663 4509 Dionysii
3694 4439 3809 4496 sibi

399 4500 494 4572 μὲν
564 4501 665 4576 γὰρ
735 4498 995 4576 διδάσκει,
1058 4509 1134 4580 μή
1213 4509 1346 4564 εἶναι
1422 4511 1684 4587 ποίημα,“
1729 4513 1870 4588 μηδὲ
1919 4498 2042 4590 (κτί-

2158 4509 2508 4567 conciliandi
2537 4529 2550 4567 :
2598 4513 2812 4586 quippe
2833 4515 2933 4586 qui
2973 4522 3170 4588 aperte
3218 4519 3441 4590 doceat,
3470 4498 3679 4584 Filium
3703 4545 3808 4586 nec

467 4700 512 4735 ⁸ο
541 4699 708 4758 Rom.
740 4719 803 4774 ιι,
837 4704 903 4758 13
976 4706 1020 4743 ⁶¹
1053 4706 1166 4763 Isa.
1199 4725 1253 4777 v,
1279 4683 1334 4765 "7.
1411 4711 1457 4747 ⁸⁸
1489 4711 1654 4771 Prov.
1690 4731 1771 4770 xu
1801 4714 1859 4771 7.

467 4895 579 4986 (87)
612 4896 1027 4986 Taurinﬁolb.
1051 4901 1197 4971 Jes.,
1230 4901 1462 4986 ἐλήφθη.
1499 4909 1630 4966 Mox
1661 4911 2046 4986 Reg.Taurin.

397 4965 756 5050 JesALpgxpai
784 4971 922 5050 editi
955 4988 1107 5050 vero,
1145 4965 1370 5050 μακράν.

466 5039 580 5119 (88)
610 5039 793 5119 Colb.,
825 5039 1268 5119 105__<pp:i§0v10€:
1295 5050 1428 5106 Mox
1457 5052 1612 5108 idem
1635 5070 1768 5110 cum
1802 5056 2043 5113 Taurin.

396 5113 457 5164 et
485 5110 628 5183 Jes.,
661 5110 898 5183 μάλιστα
927 5110 1080 5172 ὅταν,

467 5182 582 5267 (89)
611 5182 792 5272 (’31)le
825 5188 1407 5264 προφυεστέροις.ΜοΧ
1433 5195 1671 5252 Taurin.
1705 5196 1868 5254 Colb.
1900 5201 2047 5272 Jes.,

397 5247 587 5306 πλέἷον
622 5251 710 5323 ἐξῆ
721 5247 871 5314 λθονξ

613 5327 851 5410 lauru].
884 5329 1028 5410 Jes.,
1063 5333 1490 5410 προγέγραπται.

470 5398 579 5473 _(_9_l)
605 5398 706 5473 __Sic
740 5404 874 5473 Reg.
909 5398 1148 5460 Taurii).
1185 5398 1345 5473 Jes.,
1379 5415 1434 5463 et
1484 5410 1563 5465 ita
1589 5410 1728 5473 legit
1758 5413 2045 5470 Nannius.

399 5465 578 5549 Editi’,
598 5465 671 5549 ᾣν
703 5465 962 5549 πριηντής,
988 5475 1158 5549 longe
1179 5465 1406 5534 diverso
1427 5465 2050 5542 sensui‘liiox‘inn'liau;

399 5537 698 5622 τίιξλροιρ.
732 5537 874 5622 Jes.,
896 5537 1049 5622 ’τιατ-ἠ
1060 5537 1510 5622 ρυόβείᾱεινειιυτ.

595 5677 608 5700 1
628 5608 867 5700 Taurini
891 5684 904 5700 Ι
926 5608 1086 5700 ΟρΙδ.
1103 5691 1122 5700 _
1136 5621 1299 5700 μοι,
1345 5621 1780 5700 ,ᾇπερ-γασόμε-θα.
1816 5628 1956 5700 Reg.
1988 5633 2049 5700 et

398 5677 570 5751 editi,
591 5677 1066 5763 ἐπεξεργασόμεθα.
1101 5677 1234 5750 Mox
1259 5677 1421 5751 Colb.
1450 5677 1610 5771 11.68;,

2159 4911 2230 5000 οῦ,
2253 4915 2442 5000 Ila-:39
2472 4915 2540 5000 ᾖν
2576 4915 2761 4989 μόνος.
2792 4920 3055 5000 ξΙξεψι-ἱηη
3087 4917 3209 4977 οὕτε
3255 4924 3493 4994 ποιητὴς
3526 4924 3587 4978 οὗ
3617 4926 3807 5000 ΙΙατήρ

2162 4983 2335 5061 μόνος.
2657 4996 2722 5045 ut
2749 4992 2908 5046 editi.

2231 5058 2343 5136 (93)
2379 5060 2438 5114 In
2472 5058 2712 5136 Taurii].
2745 5062 2902 5118 Colb.
2941 5064 3060 5120 Jes.
3114 5065 3280 5136 illud,
3331 5067 3556 5135 ποιηταὶ
3585 5066 3675 5122 καί
3700 5072 3808 5122 τῶν

2161 5124 2338 5195 ἰδίων,
2368 5148 2555 5203 usque
2587 5134 2659 5189 ad
2689 5151 2942 5206 sequens
2971 5135 3192 5205 ποιητθὶ
3217 5124 3319 5207 eiii;
3347 5124 3560 5209 κακίας,
3592 5140 3815 5197 omissa

2159 5207 2320 5256 sunt.

2233 5272 2674 5356 (9-i)_i}rticu‘lus
2705 5277 2870 5356 deest
2897 5277 2956 5332 in
2989 5278 3227 5356 Taurin.
3261 5281 3420 5336 Colb.
3443 5281 3562 5356 Jes.
3587 5281 3813 5356 Ibidem

2158 5340 2476 5423 h_:§§,"162b
2525 5345 2628 5423 γᾲρ
2685 5345 3355 5423 ποικίλωςνστρεφόμενοι
3393 5354 3529 5406 καθ’
3586 5349 3812 5422 ἑκάστην

2159 5414 2210 5468 ot
2243 5409 2924 5494 85005-653::ciipaviﬁovrat,
2975 5421 3034 5475 in
3066 5409 3255 5494 :editis
3302 5409 3809 5494 desiderabantur,

2159 5488 2232 5541 ob
2275 5487 2722 5570 similitudinem
2795 5507 3010 5570 vocum
3053 5490 3361 5570 ἀφανίζεται
3400 5502 3482 5570 _et
3513 5487 3816 5570 ,ἀφανίζονλ

2155 5577 2282 5637 ται.ζ
2301 5559 2678 5637 omiss_a_:_sed
2704 5561 2829 5637 l_egu
2842 5559 3210 5637 nturjn‘Beg.
3236 5559 3479 5637 Taurin1
3502 5559 3662 5622 Colb.
3686 5559 3810 5625 J'es.

2158 5633 2215 5684 et
2241 5629 2332 5711 Fr.
2371 5630 2418 5685 1.
2451 5631 2672 5711 Ibidem
2703 5631 2940 5711 Taurin.
2974 5629 3328 5709 Colb.'Jes.,
3377 5634 3505 5711 μηδ’
3537 5636 3616 5704 εἰς
3643 5642 3810 5700 τοῦτο

2154 5697 2422 5780 πρόφασιν
2453 5700 2598 5779 παρὰ
2630 5701 2933 5763 Διονυσίου.
