4148 6406
345 460 462 522 513

1555 460 1655 518 DE
1701 458 2141 519 SENTENTIA
2186 459 2555 520 DIONYSII.

3648 468 3769 525 514

345 589 602 666 βλαστοῦ,
634 589 851 645 καὶτοῦ
882 587 1207 663 πνεύματος,
1261 589 1351 642 καὶ
1402 595 1504 658 τῆς
1546 588 1773 662 ἀτμίδος
1803 587 2151 664 καταισχύνει
2182 589 2305 651 τοὺς
2343 593 2761 666 Χριστομάχους
2809 590 3059 646 τάναντία
3106 590 3479 668 θρυλλοῦντας
3532 596 3607 667 (6)
3651 597 3774 651 κατ’

338 679 522 735 αὐτοῦ.

408 773 498 827 23.
522 766 740 837 Ἐπειδή
803 766 860 824 δὲ
914 770 1050 845 πρὸς
1109 774 1237 823 πᾶσι
1295 774 1412 831 τοῖς
1470 769 1660 822 ἑαυτοῦ
1718 774 1906 829 κακοῖς
1969 769 2083 837 ὁΑ

337 860 558 932 ’Ἀρειος
613 858 704 913 καί
757 863 919 913 τοῦτο
978 858 1394 936 συμπεφόρηκεν
1458 858 1634 929 ἑαυτῷ
1694 858 2006 933 ῥημάτιον,

341 946 417 1009 ὡς
468 945 525 1001 ἐκ
570 948 822 1023 κοπρίας,
875 948 963 1001 καὶ
1018 947 1392 1023 προστίθησιν,
1446 948 1520 1008 ὡς
1554 943 1656 1023 ἄρα
1690 972 1718 998 ‹‹
1752 949 1779 1001 6
1828 947 2004 1021 Λόγος

342 1035 440 1090 οὐκ
470 1032 609 1091 ἔστιν
636 1034 782 1098 ⁶ίδιος
810 1041 907 1091 τοῦ
938 1034 1173 1109 Πατρός,
1208 1034 1334 1090 ἀλλ’
1368 1034 1539 1098 σίλλος
1576 1038 1669 1109 μὲν
1706 1036 1846 1091 ἔστιν
1893 1038 1919 1090 6
1954 1035 2005 1090 έν

337 1130 418 1198 τῷ
462 1129 577 1197 Θεῷ
635 1126 831 1201 Λόγος·
892 1126 1049 1187 οὗτος
1106 1123 1163 1180 δὲ
1218 1128 1245 1180 6
1306 1126 1504 1201 Κύριος
1563 1127 1709 1196 ξένος
1776 1127 1868 1200 μὲν
1919 1125 2009 1180 καὶ

346 1212 641 1290 ἀλλότριός
701 1215 810 1270 ἐστι
870 1218 947 1289 (7)
1003 1222 1102 1284 τῆς
1170 1220 1266 1270 τοῦ
1327 1217 1537 1292 Πατρὸς
1600 1214 1784 1277 οὐσίας
1822 1238 1833 1251 ·
1894 1217 2009 1270 κατ’

344 1303 584 1359 ἐπίνοιαν
639 1302 695 1359 δὲ
755 1304 918 1377 μόνον
970 1302 1187 1379 λέγεται
1239 1303 1439 1379 Λόγος,
1492 1304 1582 1359 καί
1634 1304 1733 1359 οὐκ
1766 1304 1877 1360 ἔστι
1913 1308 2005 1378 μὲν

338 1396 473 1449 κατά
523 1395 680 1472 φύσιν
723 1394 813 1447 καὶ
861 1391 1120 1463 ἀληθινὸς
1154 1398 1253 1447 τοῦ
1294 1398 1427 1448 Θεοῦ
1476 1395 1621 1466 Υἱὸς,
1676 1395 1812 1448 κατᾶ
1865 1395 2006 1448 θέσιν

341 1480 398 1538 δὲ
449 1482 670 1558 λέγεται
715 1484 807 1537 καὶ
856 1482 1015 1544 οὗτος
1066 1484 1201 1555 (8-9)
1245 1483 1391 1550 Υἱὸς,
1443 1483 1518 1544 ὡς
1569 1482 1791 1555 κτίσμα·
1840 1508 1867 1534 ››

335 1576 559 1627 τοιαῦτα
586 1570 767 1647 λέγων
802 1567 964 1646 αὐχεῖ
1010 1572 1158 1647 παρὰ
1204 1577 1322 1633 τοῖς
1379 1573 1690 1646 ἀγνοοῦσιν,
1724 1571 1799 1633 ὡς
1830 1572 1919 1626 καὶ
1954 1571 2006 1626 ἐν

335 1660 552 1723 τούτοις
597 1657 741 1736 ἔχων
796 1657 1058 1733 ὁμόδοξον
1106 1660 1195 1712 τὸν
1251 1659 1553 1713 Διονύσιον·
1617 1658 1716 1733 ὅρα
1764 1660 1854 1713 καὶ
1905 1661 2005 1729 τὴν

1918 1484 2007 1536 καὶ

337 1748 698 1825 περὶτούτων
734 1748 916 1804 πίστιν
959 1754 1056 1803 τοῦ
1103 1749 1403 1817 Διονυσίου,
1456 1748 1545 1803 καὶ
1598 1753 1717 1811 πῶς
1774 1748 2007 1825 μάχεται

336 1843 455 1902 ταῖς
512 1838 794 1901 τοιαύταις
852 1838 1069 1914 ’Δρείου
1125 1838 1469 1899 κακονοίαις.
1534 1836 1732 1912 Γράφει
1785 1840 1888 1913 γὰρ
1952 1838 2002 1893 ἐν

345 1928 439 2001 μὶν
469 1932 549 1999 τῷ
578 1929 783 2003 πρώτῳ
820 1923 1025 2003 βιϐλίῳ
1079 1927 1272 1988 οὕτως·
1310 1952 1339 1978 ‹‹
1385 1926 1721 2003 Προείρηται
1768 1928 1860 2000 μὲν
1892 1926 2005 2001 οῦν,

345 2015 613 2091 δτιπηγή
671 2020 779 2070 τῶν
832 2016 1044 2090 ἀγαθῶν
1108 2018 1352 2070 ἁπάντων
1416 2018 1527 2089 (10)
1579 2016 1718 2070 ἐστὶν
1772 2018 1799 2070 6
1852 2018 2011 2079 Θεός·

2181 770 2269 823 23.
2304 768 2449 823 Cum
2480 774 2672 825 autem
2721 772 2891 827 Arius
2924 774 2994 827 ad
3048 775 3253 827 caetera
3279 789 3387 828 sua
3416 770 3573 828 mala
3618 773 3772 831 hanc

2119 874 2354 930 quoque
2386 861 2736 915 sententiam
2769 862 2937 932 quasi
2979 879 3048 917 ex
3089 860 3459 933 sterquilinio
3491 862 3600 918 sibi
3635 878 3773 919 con-

2120 948 2447 1014 sarcinarit,
2506 954 2560 1004 et
2614 948 2733 1004 haec
2792 951 3071 1020 adjecerit
3106 969 3171 1007 :«
3221 951 3453 1006 Verbun
3511 968 3625 1007 non
3684 955 3776 1008 est

2121 1036 2423 1108 proprium
2458 1037 2638 1105 Patri,
2665 1038 2763 1093 sed
2798 1038 2951 1093 aliud
2984 1044 3073 1094 est
3102 1040 3161 1095 in
3194 1039 3309 1096 Deo
3340 1039 3600 1096 Verbum
3634 1058 3647 1098 :
3679 1040 3775 1097 hic

2119 1142 2250 1181 vero
2282 1126 2589 1192 Dominus,
2622 1132 2931 1183 extraneus
2974 1130 3213 1200 quidem
3264 1134 3321 1185 et
3366 1129 3593 1187 alienus
3623 1134 3713 1187 est
3740 1145 3777 1188 a

2119 1215 2307 1270 Patris
2339 1215 2693 1283 substantia,
2717 1220 2773 1270 et
2810 1217 3093 1273 duntaxat
3124 1220 3448 1275 secundum
3481 1218 3777 1292 cogitandi

2120 1305 2384 1370 modum,
2415 1304 2630 1359 dicitur
2652 1304 2931 1375 Verbum,
2967 1311 3023 1361 et
3054 1324 3169 1363 non
3200 1311 3288 1363 est
3318 1310 3643 1364 secundum
3675 1310 3799 1365 na?

2118 1398 2313 1449 turam
2345 1394 2500 1450 204
2533 1410 2597 1449 ac
2627 1411 2798 1450 verus
2848 1394 2947 1451 Dei
2998 1395 3212 1466 Filius;
3246 1397 3347 1452 sed
3380 1414 3481 1469 per
3512 1397 3775 1470 adoptio-

2119 1500 2252 1538 nem
2298 1482 2391 1538 hic
2445 1500 2677 1555 quoque
2711 1483 2865 1539 ﬁlius
2920 1484 3157 1553 dicitur,
3192 1490 3393 1557 utpote
3426 1490 3718 1557 creatura;
3744 1507 3776 1538 »

2118 1576 2177 1627 et
2216 1573 2357 1627 dum
2391 1572 2509 1627 haec
2558 1573 2658 1640 ait,
2694 1573 2847 1644 apud
2882 1589 2982 1629 eos
3015 1574 3116 1645 qui
3149 1574 3229 1629 rei
3259 1574 3562 1631 veritatem
3611 1578 3777 1649 igno-

2120 1666 2251 1717 rant
2281 1661 2584 1733 gloriatur,
2619 1664 2789 1733 quasi
2835 1662 2893 1717 in
2925 1662 3035 1718 hoc
3072 1663 3381 1735 Dionysius
3410 1680 3610 1719 secum
3642 1680 3776 1720 sen-

2119 1751 2225 1805 tiat
2260 1768 2271 1804 :
2305 1755 2429 1806 tute
2462 1768 2657 1822 quaeso
2684 1752 2882 1807 videas
2912 1770 3040 1824 quae
3072 1754 3143 1808 de
3173 1753 3245 1809 iis
3292 1752 3469 1809 fuerit
3514 1752 3777 1827 Dionysii

2119 1839 2284 1906 ﬁdes,
2320 1844 2376 1895 et
2406 1856 2522 1911 qua
2547 1841 2601 1894 vi
2634 1840 2765 1897 illos
2794 1841 2915 1896 Arii
2947 1846 3247 1915 oppugnet
3278 1858 3533 1910 errores;
3567 1843 3625 1897 in
3660 1842 3778 1914 pri-

2121 1945 2216 1983 mo
2247 1929 2403 1983 enim
2436 1929 2582 1984 libro
2636 1929 2721 1984 sic
2753 1930 2958 1985 scribit
2988 1946 2999 1985 ε
3030 1953 3056 1981 ‹‹
3090 1931 3325 1986 Dictum
3375 1936 3464 1987 est
3506 1930 3779 2003 superius

2120 2016 2301 2072 Deum
2337 2033 2466 2072 esse
2498 2017 2715 2073 fontem
2764 2020 3034 2074 omnium
3083 2020 3396 2087 bonorum,
3432 2019 3615 2076 Filius
3644 2036 3780 2077 vero

343 2106 591 2178 ποταμὸς
642 2102 699 2159 δὲ
752 2105 837 2159 ὑπ’
894 2105 1059 2159 αὐτοῦ
1117 2105 1497 2182 προχεόμενος
1556 2107 1583 2159 6
1638 2106 1761 2167 Υἱὸς
1824 2106 2011 2181 ἀναγέ-

2131 2106 2313 2161 :lictus
2343 2111 2431 2162 est
2454 2107 2664 2162 ﬂuvius
2686 2109 2757 2163 ab
2780 2108 2906 2179 ipso
2937 2125 3220 2164 emanans
3250 2109 3530 2165 :verbum
3563 2109 3781 2182 quippe

348 2214 619 2272 γραπται.
666 2194 934 2269 ἀπόρῥοια
980 2195 1083 2268 γὰρ
1133 2198 1229 2248 νοῦ
1276 2192 1481 2268 λόγος·
1530 2194 1620 2247 καὶ
1666 2194 1741 2256 ὡς
1793 2192 1874 2248 ἐπ’
1922 2194 2010 2249 ἀν-

349 2285 579 2359 θρώπων
614 2283 801 2352 εἰπεῖν,
835 2283 940 2337 ἀπὸ
968 2280 1192 2359 καρδίας
1244 2280 1333 2337 διὰ
1383 2283 1653 2355 στόματος
1707 2282 2011 2359 ἐξογετεύε-

347 2391 435 2427 ται
468 2374 605 2443 (11),
635 2368 820 2444 ἕτερος
849 2371 1141 2445 γενόμενος
1172 2376 1269 2425 τοῦ
1301 2371 1353 2425 έν
1405 2369 1600 2446 καρδίᾳ
1632 2370 1826 2446 λόγου,
1860 2374 1887 2427 6
1923 2370 2011 2427 διὰ

350 2460 610 2536 γλώσσης
662 2465 789 2522 νοῦς
836 2457 1159 2535 προπηδῶν.
1219 2461 1275 2512 Ὁ
1328 2460 1421 2532 μὲν
1484 2461 1587 2534 γὰρ
1648 2457 1828 2533 ἔμεινε
1882 2481 2012 2535 προ-

350 2551 595 2624 πέμψας,
624 2550 713 2604 καὶ
746 2544 885 2603 ἔστιν
916 2550 1031 2611 οἷος
1060 2550 1149 2617 ἧν·
1184 2550 1212 2603 6
1263 2546 1319 2603 δὲ
1367 2548 1557 2619 ἐξέπτη
1609 2550 2006 2628 προπεμφθεὶς,

347 2639 437 2694 καὶ
470 2640 683 2717 φέρεται
734 2643 1035 2713 πανταχοῦ·
1087 2639 1177 2691 καὶ
1233 2638 1406 2699 οὕτως
1462 2636 1601 2692 ἐστὶν
1653 2639 1905 2713 ἑκάτερος
1956 2637 2007 2692 ἐν

350 2728 626 2802 ἑκατέρῳ,
684 2724 869 2801 ἕτερος
919 2725 991 2780 ὢν
1042 2727 1289 2801 θατέρου·
1350 2727 1441 2780 καὶ
1498 2724 1553 2780 ἓν
1617 2726 1798 2796 εἰσιν,
1858 2722 2009 2788 ὄντες

350 2814 468 2872 δύο·
501 2816 645 2871 οὕτω
676 2818 779 2891 γὰρ
827 2816 917 2870 καὶ
974 2819 1084 2889 (12)
1113 2817 1141 2870 6
1187 2816 1373 2887 Πατὴρ
1427 2816 1515 2871 καὶ
1562 2817 1590 2870 ὁ
1641 2817 1764 2878 Υἱὸς
1808 2816 1887 2885 ἓν,
1919 2816 2009 2870 καὶ

350 2907 402 2961 ἐν
453 2904 731 2977 ἀλλήλοις
774 2904 1074 2981 ἐλέχθησαν
1129 2906 1284 2959 εἶναι.
1330 2930 1357 2957 ››
1408 2911 1492 2959 Ἐν
1540 2903 1597 2960 δὲ
1643 2911 1723 2976 τῷ
1767 2907 2009 2980 τετάρτῳ

354 2993 579 3071 βιϐλίῳ,
628 2992 801 3057 οὕτως
849 2993 1028 3071 λέγει·
1085 3018 1113 3046 ‹‹
1162 3001 1248 3057 Ὠς
1306 2995 1411 3071 γὰρ
1469 2996 1496 3048 6
1555 2996 1826 3069 ἡμέτερος
1882 2999 2008 3056 νοῦς

354 3083 629 3161 ἐρεύγεται
664 3084 759 3157 μὲν
793 3083 881 3161 ἀφ’
928 3084 1119 3137 ἑαυτοῦ
1166 3085 1257 3137 τὸν
1294 3081 1486 3157 λόγον,
1518 3082 1592 3145 ὡς
1627 3084 1771 3137 εἶπεν
1807 3084 1834 3137 6
1868 3088 2009 3158 Προ-

354 3176 578 3251 φήτης·
640 3172 989 3248 Ἐξηρεύξατο
1048 3175 1083 3241 ἡ
1142 3170 1337 3247 καρδία
1400 3193 1503 3245 μου
1564 3170 1729 3247 λόγον
1788 3172 2006 3247 ἀγαθόν·

353 3263 443 3318 καὶ
472 3258 584 3317 ἔστι
620 3262 713 3335 μὶν
766 3259 1015 3337 ἑκάτερος
1063 3257 1248 3337 ἕτερος
1296 3262 1545 3337 θατέρου,
1594 3260 1729 3315 ἴδιον
1782 3262 1871 3316 καὶ
1913 3266 2009 3315 τοῦ

356 3349 554 3407 λοιποῦ
609 3351 1016 3427 κεχωρισμένον
1068 3348 1316 3425 εἰληχὼς
1367 3350 1551 3420 τόπον,
1613 3353 1640 3405 6
1702 3351 1795 3423 μὲν
1844 3351 1895 3405 ἐν

353 3438 569 3517 καρδίᾳ,
622 3441 650 3495 6
709 3437 767 3493 δὲ
824 3438 911 3493 ἐπὶ
970 3446 1069 3508 τῆς
1125 3437 1382 3515 γλώττης
1440 3440 1529 3494 καὶ
1586 3444 1681 3494 τοῦ
1741 3440 2009 3514 στόματος

358 3530 519 3585 οἰκῶν
564 3549 625 3583 τε
670 3529 760 3583 καὶ
808 3529 1151 3602 κινούμενος·
1204 3528 1264 3583 ού
1318 3530 1423 3601 μὴν
1474 3528 1831 3599 διεστήκασιν,
1885 3526 2010 3583 οὐδὲ

354 3617 596 3689 καθάπαξ
641 3616 907 3687 ἀλλήλων
958 3619 1232 3693 στέρονται
1284 3620 1421 3691 (13),
1469 3616 1595 3672 οὐδέ
1645 3618 1785 3672 ἐστιν
1829 3616 1952 3672 οὔτε
1983 3620 2011 3673 6

356 3712 481 3770 νοῦς
528 3706 729 3783 ἄλογος
761 3752 775 3778 ,
821 3704 944 3761 οὕτε
992 3706 1151 3769 ἄνους
1202 3709 1231 3761 6
1276 3705 1469 3782 λόγος·
1524 3706 1651 3761 ἀλλ’
1699 3707 1728 3761 ὅ
1772 3728 1835 3782 γε
1882 3712 2011 3770 νοῦς

356 3803 506 3854 ποιεῖ
532 3799 622 3853 τὸν
656 3795 823 3872 λόγον
882 3797 933 3851 ἐν
989 3797 1134 3869 αύτῷ
1191 3800 1302 3871 (14)
1358 3797 1563 3874 φανείς·
1619 3798 1709 3852 καὶ
1766 3800 1795 3852 ὁ
1846 3796 2012 3873 λόγος

360 3884 596 3942 δείκνυσι
649 3888 740 3942 τὸν
802 3891 926 3941 νοῦν
988 3886 1041 3941 έν
1098 3886 1244 3959 αὐτῷ
1299 3887 1613 3960 γενόμενος·
1675 3888 1765 3941 καὶ
1825 3889 1853 3942 6
1918 3890 2012 3961 μὲν

356 3981 481 4040 νοῦς
512 3976 675 4047 ἐστιν,
708 3978 822 4031 οἷον
854 3974 1022 4052 λόγος
1055 3975 1425 4051 έγκείμενος·ὁ
1460 3974 1516 4030 δὲ
1548 3975 1714 4051 λόγος
1747 3981 1867 4037 νοῦς
1902 3979 2014 4050 (15)

359 4064 685 4142 προπηδῶν·
713 4066 802 4120 καὶ
859 4064 1169 4139 μεθίσταται
1224 4067 1317 4138 μὲν
1352 4067 1379 4119 6
1411 4070 1537 4127 νοῦς
1588 4065 1665 4127 είς
1694 4067 1785 4119 τὸν
1821 4065 2013 4140 λόγον,

363 4156 392 4211 6
422 4153 480 4211 δὲ
511 4154 680 4230 λόγος
718 4156 808 4209 τὸν
856 4159 985 4224 ,νοῦν
1028 4154 1106 4216 είς
1147 4153 1276 4216 τούς
1309 4155 1575 4230 ἀκροατὰς
1608 4153 1883 4230 ἐγκυκλεῖ.
1915 4153 2017 4210 Καὶ

364 4244 537 4307 οὕτως
597 4246 626 4299 ὁ
682 4248 807 4306 νοῦς
867 4241 956 4298 διὰ
1012 4248 1109 4299 τοῦ
1169 4241 1339 4317 λόγου
1392 4248 1511 4306 ταῖς
1554 4248 1658 4296 τῶν
1710 4244 2015 4299 ἀκουόντων

363 4337 571 4411 ψυχαῖς
602 4331 901 4408 ἆνιδρύεται
931 4336 1065 4407 (16),
1100 4334 1377 4387 συνεισιὼν
1420 4338 1501 4403 τῷ
1544 4330 1715 4407 λόγῳ·
1758 4332 1845 4387 καὶ
1879 4329 2020 4388 ἔστιν

364 4424 393 4479 6
429 4425 524 4499 μὲν
553 4423 666 4478 οἷον
698 4423 877 4498 πατὴρ
909 4424 937 4478 6
966 4426 1093 4485 νοῦς
1138 4426 1241 4477 τοῦ
1286 4420 1477 4498 λόγου,
1512 4418 1585 4475 ὢν
1632 4422 1714 4500 ἔφ’
1745 4422 1954 4477 ἑαυτοῦ·
1990 4424 2019 4477 6

435 4606 481 4641 ⁸³
510 4605 661 4664 Psal.
688 4621 835 4676 κων,
864 4608 919 4663 2.

2122 2202 2210 2251 est
2242 2197 2453 2251 mentis
2494 2197 2805 2265 emanatio,
2840 2202 2895 2252 et
2926 2198 3014 2268 (ut
3062 2198 3323 2253 humano
3356 2215 3517 2255 more
3571 2196 3777 2269 loqua-

2122 2285 2277 2356 mur)
2301 2302 2368 2340 ex
2400 2286 2569 2339 corde
2601 2301 2704 2356 per
2725 2303 2789 2340 os
2822 2287 3130 2341 emittitur.
3158 2287 3323 2343 Mens
3352 2304 3486 2343 vero
3518 2303 3645 2359 quae
3678 2302 3783 2359 per

2122 2373 2385 2446 linguam
2419 2375 2664 2445 prosilit,
2690 2374 2917 2430 diversa
2946 2379 3035 2431 est
3064 2394 3097 2431 a
3119 2377 3293 2431 verbo
3326 2377 3479 2447 quod
3512 2376 3571 2431 in
3607 2376 3782 2432 corde

2122 2464 2351 2519 exsistit
2380 2479 2391 2516 :
2420 2464 2576 2518 istud
2602 2464 2757 2518 enim
2781 2469 3094 2536 postquam
3123 2465 3268 2520 illud
3304 2466 3669 2537 praemiserit,
3696 2481 3781 2521 re-
3810 2508 3815 2515 .

2122 2558 2341 2620 manet,
2375 2556 2431 2607 et
2462 2557 2550 2607 est
2580 2552 2751 2624 quale
2782 2558 2950 2609 antea
2980 2558 3103 2609 erat
3135 2570 3147 2607 :
3181 2554 3324 2609 illud
3361 2570 3492 2610 vero
3519 2553 3782 2627 praemis-

2122 2660 2253 2697 sum
2315 2641 2503 2696 evolat
2554 2646 2609 2696 et
2662 2642 3120 2714 circumquaque
3178 2644 3403 2699 fertur:
3441 2648 3496 2699 et
3552 2643 3635 2699 sic
3691 2647 3783 2700 est

2124 2736 2441 2802 utrumque
2466 2732 2523 2784 in
2551 2730 2753 2801 altero,
2770 2732 3004 2787 tametsi
3028 2731 3324 2788 diversum
3347 2737 3434 2789 est
3459 2733 3530 2788 ab
3553 2731 3735 2789 altero
3762 2750 3777 2792 :

2121 2824 2178 2875 et
2208 2838 2391 2875 unum
2424 2825 2583 2890 sunt,
2620 2821 2753 2877 licet
2784 2821 2900 2876 duo
2932 2821 3072 2878 sint.
3106 2822 3200 2877 Sic
3243 2838 3500 2895 namque
3531 2822 3697 2877 Pater
3724 2825 3782 2879 et

2126 2910 2304 2965 Filius
2332 2926 2519 2965 unum
2551 2914 2709 2977 sunt,
2737 2914 2793 2964 et
2820 2910 2878 2963 in
2912 2926 2974 2965 se
3014 2911 3263 2965 invicem
3296 2909 3428 2966 illos
3460 2925 3588 2966 esse
3619 2925 3781 2966 com-

2121 2999 2432 3071 probatum
2460 3004 2565 3055 est.
2594 3022 2621 3049 »
2648 3001 2709 3054 In
2734 3000 2992 3054 secundo
3016 3004 3213 3054 autem
3236 2999 3384 3055 libro
3410 3000 3529 3055 haec
3558 2999 3776 3057 habet:

2122 3111 2148 3139 ‹‹
2185 3088 2256 3143 Ut
2286 3088 2441 3144 enim
2466 3105 2631 3143 mens
2665 3092 2865 3143 nostra
2895 3093 3120 3143 eructat
3149 3108 3183 3144 a
3205 3089 3398 3161 seipsa
3420 3088 3684 3157 verbum,
3709 3091 3777 3145 ut

2121 3178 2202 3232 ait
2222 3178 2509 3249 Propheta
2533 3196 2545 3231 :
2573 3180 2849 3233 Eructavz't
2878 3194 2974 3233 cor
2995 3194 3177 3234 meum
3206 3178 3430 3234 verbum
3459 3179 3663 3233 bonum
3683 3178 3729 3213 ⁸⁸
3756 3193 3771 3235 :

2120 3272 2329 3338 estque
2361 3272 2676 3338 utrumque
2700 3266 2947 3321 alterum
2980 3268 3049 3321 ab
3074 3267 3275 3337 altero,
3298 3266 3599 3339 proprium
3623 3267 3773 3323 etab

2122 3355 2301 3411 altero
2320 3358 2661 3411 distinctum
2684 3357 2955 3411 obtinens
2978 3355 3189 3424 locum,
3208 3373 3341 3412 cum
3364 3356 3509 3412 illud
3532 3356 3773 3428 quidem

2120 3446 2180 3499 in
2213 3446 2403 3516 corde,
2427 3445 2585 3501 istud
2618 3446 2675 3499 in
2707 3444 2910 3517 lingua
2938 3450 2994 3500 et
3015 3463 3111 3501 ore
3141 3450 3537 3501 commoretur
3566 3450 3625 3502 et
3655 3462 3777 3502 mo-

2041 3516 2083 3581 ί)
2121 3539 2327 3590 veatur
2359 3552 2371 3588 :
2406 3552 2522 3589 non
2573 3539 2768 3589 tamen
2806 3516 3066 3590 (alterum
3098 3537 3171 3590 ab
3203 3534 3383 3590 altero
3432 3535 3636 3604 distat,
3669 3552 3775 3593 nec

2124 3640 2185 3679 se
2215 3623 2461 3679 invicem
2496 3623 2798 3695 privantur
2832 3642 2843 3679 :
2874 3641 3065 3696 neque
3100 3641 3267 3679 mens
3299 3624 3427 3680 sine
3456 3624 3632 3681 verbo
3664 3628 3773 3698 est,

2124 3729 2313 3785 neque
2340 3714 2583 3767 verbum
2631 3714 2756 3769 sine
2788 3718 3018 3769 mente:
3055 3714 3156 3768 sed
3199 3729 3368 3769 mens
3411 3714 3653 3769 verbum
3685 3713 3777 3769 fa-

2124 3802 2222 3868 cit,
2254 3805 2311 3857 et
2337 3802 2398 3856 in
2429 3802 2556 3873 ipso
2586 3807 2848 3874 apparet,
2873 3808 2929 3857 et
2957 3802 3197 3857 verbum
3230 3806 3489 3857 mentem
3520 3802 3777 3869 exhibet,

2124 3890 2184 3945 in
2218 3908 2331 3961 qua
2360 3892 2577 3945 factum
2611 3895 2698 3946 est
2724 3909 2737 3946 :
2769 3907 3051 3963 mensque
3082 3895 3171 3947 est
3201 3890 3369 3962 quasi
3397 3892 3639 3947 verbum
3672 3891 3781 3946 im-

2126 3995 2392 4045 manens,
2418 3980 2659 4034 verbum
2720 3984 2914 4034 autem
2966 3980 3133 4051 quasi
3194 3996 3359 4035 mens
3417 3979 3777 4052 prosiliens:

2126 4085 2293 4124 mens
2315 4068 2374 4123 in
2395 4069 2637 4123 verbum
2662 4070 3154 4133 transit,verbum
3179 4074 3436 4125 mentem
3454 4070 3514 4126 in
3533 4070 3784 4126 circum-

2128 4160 2351 4213 stantes
2408 4157 2705 4213 auditores
2762 4158 3025 4213 insinuat
3059 4174 3071 4211 :
3106 4163 3161 4214 et
3190 4158 3275 4214 sic
3331 4174 3497 4215 meus
3532 4176 3634 4231 per
3660 4174 3783 4215 ver-

2127 4246 2269 4301 bum
2304 4246 2362 4299 in
2394 4246 2729 4301 auditorum
2762 4246 2977 4300 animis
3017 4246 3357 4318 collocatur,
3383 4254 3439 4303 et
3479 4265 3599 4303 una
3646 4262 3782 4303 cum

2126 4335 2300 4390 verbo
2321 4335 2518 4389 intrat.
2544 4337 2621 4388 Ac
2647 4350 2812 4391 mens
2834 4335 3073 4405 quidem
3096 4340 3186 4391 est
3207 4336 3376 4409 quasi
3406 4341 3571 4409 pater
3596 4335 3781 4407 verbi,

2128 4424 2189 4479 in
2213 4423 2408 4495 seipsa
2429 4423 2713 4479 exsistens
2737 4440 2749 4478 :
2770 4424 3012 4479 verbum
3036 4427 3231 4480 autem
3253 4426 3421 4496 quasi
3443 4424 3604 4481 ﬁlius
3625 4439 3788 4482 men-

441 4805 516 4892 (6)
547 4804 720 4892 Begu
746 4804 817 4892 de
849 4820 1031 4892 more,
1060 4800 1411 4892 Θρυλοῦντας.
1446 4805 1583 4892 Mox
1606 4804 1845 4892 Taurin,
1880 4802 2014 4892 Jes.,

2134 4802 2391 4892 est,\Alii
2434 4809 2490 4860 et
2520 4800 3064 4892 tediti,hézt.ély'ﬁr,‘cuv~.‘
3090 4803 3564 4892 Ibﬂidnemuompes
3614 4818 3787 4892 mem,

369 4852 475 4959 πρξ
500 4852 982 4959 l“trium?I,b_i‘dem,__.<3
1013 4852 1146 4959 ante
1176 4852 1410 4959 ᾌρειοξ,
1429 4877 1592 4934 deest
1618 4882 1673 4934 in
1700 4878 1895 4946 editis,
1920 4852 2023 4934 sed

372 4922 1153 5020 Βὶᾗεέιῖιὶ-’ἓιῗὲιέξῖᾙῖῖιᾷἑῖἦ
1188 4922 1361 5020 (ἷοῆἓῖ
1372 4922 1496 5004 3ξεῖ

445 5016 1169 5145 (ἷ)1ἓωθ,καὶ’ἀλλότὲιός
1223 5017 1355 5089 ἐστι,
1410 5022 1646 5103 desunt,
1694 5021 1753 5076 in
1793 5020 2029 5106 Taurin.

445 5119 446 5136 ι
521 5135 533 5145 .
602 5107 684 5145 es.
719 5096 776 5145 et
830 5090 921 5145 Fr.
957 5093 1009 5145 1.
1086 5093 1154 5145 ed
1214 5091 1506 5145 habentur
1562 5111 1620 5145 1n
1681 5093 1811 5145 Reg.
1860 5097 1917 5145 et
1972 5110 2029 5145 1n

284 5137 297 5147 .
374 5090 533 5173 Gothi.
566 5092 684 5147 Jes.
719 5096 776 5148 et
830 5090 921 5147 Fr.
957 5093 1009 5149 1.
1042 5090 1154 5147 Sed
1214 5091 1506 5147 habentur
1562 5094 1620 5148 in
1681 5093 1811 5166 Reg.
1860 5097 1917 5149 et
1972 5093 2031 5147 in

380 5162 587 5299 adigi-6')
619 5233 863 5288 Taurin.
894 5233 1055 5289 Colb.
1087 5235 1186 5289 Jes
1220 5277 1231 5301 ,
1263 5232 1441 5295 αύτός.

446 5236 559 5376 (10)
586 5306 831 5376 Ταυτὶη.
855 5306 1015 5361 Colb.
1042 5306 1183 5376 Jes.,
1205 5305 1294 5358 καὶ
1327 5306 1441 5358 ἁπάη

475 5307 559 5377 10)
585 5306 831 5379 Taurin.
855 5306 1015 5361 Colb.
1042 5306 1183 5376 Jes.,
1205 5305 1294 5358 καὶ
1327 5306 1595 5362 ἁπάντων.
1631 5311 1757 5361 Mox
1789 5303 1866 5375 δέ,
1902 5312 2035 5379 post

377 5374 648 5457 ποῖαμάει
684 5378 845 5457 degat
877 5378 1127 5457 in_09'.b-
1168 5374 1190 5457 1

449 5450 559 5520 (11)
592 5449 687 5503 Sic
747 5449 883 5537 Reg.
921 5449 1095 5536 Basil.
1144 5453 1199 5503 et
1255 5449 1418 5503 editi.
1474 5449 1713 5537 Taurin.
1774 5455 1831 5505 et
1888 5450 2032 5517 Jes.,

406 5515 524 5570 ἶπεν
572 5518 680 5571 ἀπο
729 5518 952 5579 καρδίας
1002 5520 1089 5573 διὰ
1137 5517 1405 5579 στόματος
1467 5518 1793 5579 ἐξογευεται.
1848 5521 1936 5575 Fr.
1982 5523 2032 5579 1.

381 5535 524 5570 ειπεν
572 5535 680 5571 απο
729 5535 952 5594 καροιας
1002 5535 1089 5573 οια
1137 5535 1405 5590 στόματος
1467 5535 1793 5593 εξοχευεται.
1848 5535 1936 5575 r'r.
1982 5535 2033 5585 1,

382 5587 543 5665 εἶπεν,
579 5589 679 5643 ὑπὸ
709 5588 933 5665 καρδίας
968 5588 1055 5644 διὰ
1084 5590 1353 5662 στόματος
1389 5590 1685 5665 εξέρχεται.
1712 5592 1869 5649 Colb,
1896 5593 2035 5648 item

413 5658 462 5689 ΓΔ
532 5657 537 5659 >
782 5657 790 5665 '
1187 5657 1195 5662 '
1428 5657 1436 5659 -
1476 5657 1483 5665 1
1512 5657 1549 5665 vv

382 5657 694 5861 ὲῖξέῗτὲζί
728 5735 891 5790 deest
937 5734 998 5790 in
1035 5732 1273 5789 Taurin.
1308 5734 1469 5788 Colb.
1502 5733 1646 5805 Jes.,
1682 5736 1783 5789 sed
1816 5736 1873 5789 in
1907 5735 2039 5790 aliis

383 5802 422 5861 h
505 5808 652 5861 etur.
688 5808 816 5861 Mox
845 5807 1008 5861 Rea”
1043 5802 1407 5861 ἐλέγγθτισαν.
1442 5822 1615 5861 auem
1647 5807 1814 5861 seoui
1846 5806 2039 5861 visum

383 5802 652 5867 habetur.
688 5808 816 5861 Mox
845 5807 1008 5879 Reg,
1043 5802 1407 5879 ἐλέγχθησαν,
1442 5822 1615 5880 quem
1631 5802 1814 5878 sequi
1846 5806 2040 5863 visum

710 5933 975 5999 Puson.
1023 5933 1134 5997 Gn.
1182 5932 1373 5998 XXV.

2136 4876 2195 4951 ἐν.
2222 4873 2277 4929 δὲ
2306 4866 2873 4951 τῷβτετάρτῳέΕόίίῖ,
3008 4872 3073 4951 δὲ
3104 4879 3181 4951 τῷ
3300 4881 3429 4932 Mox
3459 4871 3632 4947 λέγει,
3656 4866 3791 4947 post

2137 4945 2330 5017 οὕτως,
2358 4945 2633 5004 ἀειθειὶο
2654 4948 2896 5015 Taurin,
2930 4948 3089 5004 Colb.
3119 4945 3234 5004 Jes'.

2212 5021 2328 5088 (13)
2359 5019 2596 5075 Taurin.
2631 5020 2776 5092 Jes.,
2810 5023 3119 5092 στερῶνται.

2215 5087 2327 5163 (14)
2354 5092 2591 5163 Taurin.
2619 5087 2777 5146 Colbl
2802 5087 2945 5163 Jes.,
2970 5092 3271 5162 mendose,
3299 5089 3488 5161 ἑαυτῷ.
3512 5092 3640 5145 Mox
3669 5087 3790 5145 Jes.

2144 5162 2325 5231 solus,
2359 5162 2553 5233 ἑαυτῷ,
2588 5164 2883 5233 mendose.

2216 5226 2328 5305 (15)
2362 5226 2514 5304 Reg]
2534 5226 2717 5299 solus,
2751 5233 2778 5285 6
2808 5230 2875 5305 δὲ
2904 5236 3030 5305 νοῦς
3063 5230 3251 5305 λόγος,
3288 5232 3459 5305 male.
3490 5232 3643 5299 Mox,
3678 5226 3797 5305 681

2145 5300 2424 5378 λόγοι’τὸν
2446 5300 2579 5378 *νοῦν
2632 5324 2708 5364 εις
2739 5303 2865 5378 τοὺς
2901 5300 3163 5376 ἀκροατὰς
3199 5300 3471 5378 έγκυκλείί,
3497 5320 3680 5376 genus
3710 5300 3797 5378 Ιρτ

2145 5373 2361 5447 quendi
2395 5395 2427 5432 a
2458 5376 2749 5431 Clemente
2798 5373 3193 5447 Alexandrino
3239 5373 3701 5447 'trequentatum.
3726 5373 3798 5447 Δεἰ

2146 5441 2539 5523 Προτρεπτηρ.
2574 5449 2643 5500 50
2681 5465 2693 5502 :
2726 5445 3013 5523 Ἐγκυκλει
3054 5451 3139 5523 τῷ
3186 5441 3402 5523 θεάτρῳ.
3439 5446 3565 5523 τοὺς
3594 5441 3796 5523 ’θεούφ

2146 5515 2277 5590 Deos
2298 5515 2383 5576 'z'n
2433 5515 2710 5574 theatrum
2737 5515 2967 5573 inducit.
3002 5515 3181 5586 Alias,
3216 5515 3499 5590 ἐγκυκλέίν
3531 5516 3647 5590 τοῖς
3677 5517 3797 5569 θεα-

2145 5588 2285 5660 ταῖ¹ς,
2320 5591 2707 5662 spectatoribus
2750 5592 3058 5662 insinuare.
3091 5588 3263 5662 _Apud
3294 5591 3492 5660 ipsum
3532 5589 3799 5645 Clemen-

2148 5656 2280 5719 tem
2301 5656 2652 5733 quandoque
2674 5656 3224 5733 rlegiturtxxoxhé’iv.

2219 5726 2339 5807 (16)
2366 5726 2709 5807 Reg._B_asil.
2740 5726 2799 5787 Et
2828 5730 2991 5799 editi,
3023 5726 3338 5805 ἐνιδρύεται,
3364 5729 3608 5787 Taurin.
3642 5728 3801 5788 Colb.

2220 5771 2310 5804 μυ
2366 5771 2502 5807 ηιμ).
2536 5771 2709 5787 uas...
2743 5771 2799 5787 υυ

2148 5804 2266 5862 Jes.
2301 5771 2394 5863 Fr.
2425 5807 2477 5875 1,
2510 5799 2799 5879 ἐνίδρυται,

3455 5930 3528 5993 17
