4148 6408
367 430 486 492 815
906 427 973 489 S.
1018 422 1442 488 ATHANASII
1486 419 1659 486 OPP.
1705 421 1910 483 PARS
1955 421 2003 482 Ι.
2037 455 2114 466 -
2146 420 2571 484 HISTORICA
2614 421 2718 485 ET
2762 418 3256 486 DOGMATICA.
3673 424 3796 487 516

373 564 473 632 tis,
499 578 616 619 non
639 565 773 617 ante
802 561 995 634 ipsam
1023 558 1282 632 quidem,
1306 557 1406 613 sed
1436 571 1628 628 neque
1657 560 1817 611 extra
1835 553 2026 626 ipsam

2156 550 2201 609 Ξὲ
2225 556 2462 629 καθάπερ
2493 555 2631 624 υἱὸς,
2673 555 2702 610 6
2742 551 2931 630 λόγος,
2979 559 3077 611 τοῦ
3118 558 3233 610 νοῦ·
3283 553 3390 630 πρὸ
3444 552 3649 611 ἐκείνου
3704 554 3800 630 μὶν

376 653 600 709 factum
623 667 753 706 esse
774 655 984 723 potest,
999 650 1098 706 sed
1128 663 1262 703 cum
1288 647 1418 719 ipsa
1446 645 1692 714 exsistit,
1716 651 1773 701 et
1799 647 1870 700 ab
1903 645 2032 717 ipsa

2156 642 2417 716 ἰδύνατον,
2472 642 2596 699 ἀλλ’
2646 642 2773 700 οὐδὲ
2821 642 3009 716 ἔξωθέν
3053 647 3214 700 ποθεν
3261 643 3352 700 σὺν
3404 644 3599 719 ἐκείνῳ
3645 644 3803 721 γενό-

377 740 746 816 germinavit.
772 739 986 794 Eodem
1034 752 1268 808 quoque
1312 735 1484 790 modo
1525 735 1694 790 Pater
1723 734 1820 790 ille
1847 734 2030 802 maxi-

2156 755 2323 804 αενος,
2380 732 2691 808 βλαστήσας
2741 732 2798 790 δὲ
2853 736 2943 790 ἀπ’
2991 734 3176 793 αὐτοῦ.
3216 733 3408 799 Οὕτως
3457 736 3486 790 6
3535 736 3729 812 Πατὴρ
3773 735 3804 792 6

380 847 539 899 mus,
570 833 629 886 et
676 845 841 884 mens
881 826 981 883 illa
1019 824 1385 894 universalis,
1419 829 1555 881 ante
1585 823 1783 880 omnia
1819 822 2031 878 Filium

2156 824 2398 897 αέγιστος
2449 825 2561 898 (17)
2609 823 2699 878 καὶ
2753 821 2994 880 καθόλου
3051 829 3199 898 νοῦς,
3257 828 3474 902 πρῶτον
3527 824 3622 880 τὸν
3676 824 3802 881 Υἱὸν

380 919 576 987 habet,
609 918 887 986 Verbum,
921 917 1299 988 interpretem
1331 919 1388 970 et
1418 914 1693 988 angelum
1727 929 1922 969 suum.
1951 934 1979 962 »

2156 911 2316 988 λόγον
2351 913 2591 988 έρμηνέα
2618 912 2709 968 καὶ
2741 911 2976 990 ἄγγελον
3009 914 3201 970 ἑαυτοῦ
3227 912 3366 990 ἔχει.
3400 937 3428 966 ››

447 1008 537 1065 24.
562 1007 693 1063 Haec
723 1006 813 1062 vel
844 1021 1148 1078 nunquam
1180 1004 1402 1060 audivit
1444 1005 1642 1071 Arius,
1671 1002 1754 1058 vel
1787 1002 1836 1058 si
1867 1001 2033 1057 audi-

379 1098 460 1155 vit
490 1114 606 1153 non
636 1095 922 1152 intellexit
945 1095 1119 1152 homo
1150 1094 1425 1151 indoctus
1451 1111 1462 1149 :
1490 1109 1624 1150 nam
1649 1093 1695 1148 si
1721 1091 2036 1147 intellexis-

2213 1091 2302 1146 24.
2333 1086 2546 1144 Τούτων
2570 1091 2605 1160 ἢ
2641 1089 2740 1145 οὐκ
2781 1086 2985 1160 ἤκουσέ
3023 1112 3159 1147 ποτε
3206 1093 3445 1169 Ἀρειος,
3495 1092 3532 1162 ἢ
3567 1091 3804 1156 ἀκούσας

383 1191 492 1254 set,
516 1203 631 1243 non
662 1189 828 1242 tanta
859 1184 1167 1241 mendacia
1195 1185 1265 1240 de
1297 1183 1570 1255 episcOpo
1600 1181 2032 1254 pervulgasset;

2156 1177 2242 1232 >ὖκ
2299 1177 2515 1248 ἐνόησεν
2547 1181 2658 1253 (18)
2717 1180 2745 1233 6
2805 1180 3040 1254 ἀμαθής·
3103 1179 3202 1236 οὐκ
3250 1181 3310 1236 ἂν
3362 1182 3490 1258 γὰρ,
3540 1179 3688 1260 εἷ’περ
3738 1185 3804 1252 ἦν

381 1277 500 1332 imo
530 1276 727 1348 potius
756 1274 950 1343 illum,
983 1278 1049 1329 ut
1091 1290 1220 1342 nos,
1255 1273 1325 1329 ob
1359 1273 1605 1329 insitum
1639 1272 1697 1326 in
1733 1271 2034 1328 veritatem

2156 1270 2241 1338 θοή
2253 1288 2378 1338 σας,
2434 1267 2791 1343 κατεψεύδετο
2841 1275 3099 1326 τοσοῦτον
3152 1271 3288 1326 κατὰ
3332 1275 3431 1326 τοῦ
3482 1270 3802 1328 ἐπισκόπουο

382 1365 587 1423 odium
609 1364 879 1422 convitiis
901 1363 1226 1420 insectatus
1249 1362 1476 1418 fuisset.
1500 1361 1646 1416 Nam
1669 1377 1803 1416 cum
1817 1359 2036 1415 Christi

2156 1354 2292 1412 ὶλλὰ
2338 1359 2553 1421 πάντως
2601 1358 2691 1414 καὶ
2741 1357 2900 1414 αὐτὰν
2955 1360 3031 1422 ὡς
3075 1363 3226 1434 ἡμᾶς
3277 1357 3550 1437 ἐλοιδόρει
3607 1358 3696 1416 διὰ
3740 1363 3803 1417 τὸ

378 1454 456 1512 sit
484 1453 694 1521 hostis,
729 1452 1120 1509 libentissime
1170 1455 1559 1524 persequetur
1586 1449 1739 1517 illos,
1765 1449 1865 1521 qui
1908 1465 2036 1521 quas

2156 1445 2282 1520 πρὸς
2312 1447 2412 1515 τὴν
2444 1444 2702 1518 ἀλήθειαν
2760 1454 2938 1522 μῖσος.
2966 1451 3360 1527 Χριστομάχος
3410 1451 3516 1526 γὰρ
3562 1448 3661 1523 ὢν,
3711 1448 3812 1506 οὐκ

379 1543 597 1611 Christi
630 1545 770 1598 sunt
800 1543 1142 1614 sapiunt,ut
1171 1540 1298 1612 ipse
1319 1538 1585 1612 praedixit
1619 1539 1900 1594 Dominus
1931 1555 1945 1592 ε
1977 1538 2040 1593 Si

2156 1534 2366 1606 ὀκνήσει
2395 1536 2645 1600 καὶτοὺς
2673 1539 2740 1592 τὰ
2783 1539 3020 1615 Χριστοῦ
3069 1543 3399 1617 φρονοῦντας
3447 1536 3690 1609 διώκειν,
3736 1539 3812 1602 ὡς

379 1649 467 1690 me
494 1632 768 1706 persecuti
796 1635 947 1699 sunt,
969 1639 1020 1687 et
1049 1646 1139 1687 vos
1169 1628 1642 1702 persequentur“.
1676 1633 1790 1683 Aut
1829 1628 1879 1684 si
1928 1644 2035 1699 pu-

2156 1624 2308 1688 αὐτὸς
2369 1626 2397 1680 6
2456 1625 2653 1702 Κύριος
2710 1627 3066 1704 προείρηκεν·
3128 1628 3195 1705 Εἰ
3255 1627 3352 1702 ἐμὲ
3411 1625 3658 1703 ἐδίωξαν,
3718 1628 3810 1684 καὶ

382 1726 511 1777 tant
542 1720 864 1793 impietatis
911 1720 1139 1793 patroni
1174 1735 1373 1776 secum
1427 1719 1644 1774 sentire
1676 1717 2036 1790 Dionysium,

384 1812 590 1868 eadem
622 1827 749 1883 quae
778 1809 876 1866 ille
900 1809 1178 1877 scribant,
1213 1810 1416 1865 eadem
1452 1809 1862 1880 proﬁteantur;
1898 1806 2038 1862 scri-

383 1900 530 1957 bant
555 1899 821 1972 exempla
850 1898 969 1966 illa,
1006 1899 1077 1954 de
1107 1899 1273 1954 vinea
1303 1914 1514 1969 nempe
1557 1902 1616 1952 et
1659 1896 1935 1969 agricola,
1968 1896 2038 1951 de

383 1989 606 2062 scapha
633 1992 692 2044 et
721 1989 914 2055 fabro;
941 1991 998 2043 et
1029 2005 1147 2043 una
1177 1988 1568 2042 confiteantur
1598 2003 1724 2058 quae
1752 1985 1876 2057 ipse
1907 2002 2038 2041 con-

385 2076 904 2134 substantialitatis
933 2076 1369 2150 prapugnandaa
1397 2092 1576 2132 causa
1605 2076 1884 2132 tradidit:
1911 2091 2040 2131 sen-

383 2167 630 2223 tentiam
659 2167 800 2223 item
853 2182 970 2237 qua
1000 2165 1158 2232 dicit,
1189 2164 1402 2220 Filium
1449 2182 1578 2221 esse
1608 2182 1676 2221 ex
1707 2164 2042 2221 substantia

385 2255 596 2323 Patris,
618 2271 844 2312 necnon
867 2255 1252 2310 aeternitatem
1275 2255 1422 2325 ejus,
1449 2255 1857 2327 cognationem
1882 2271 2042 2310 men-

385 2344 466 2402 tis
495 2361 628 2401 cum
659 2344 858 2413 verbo,
890 2343 1071 2400 fontis
1101 2359 1234 2399 cum
1266 2342 1442 2400 ﬂuvio
1481 2348 1539 2400 et
1586 2349 1818 2413 caetera;
1855 2348 1921 2399 ut
1949 2344 2039 2400 vel

389 2450 460 2492 ex
516 2434 645 2506 ipsa
702 2450 898 2489 rerum
959 2432 1356 2504 discrepantia
1425 2432 1692 2489 noverint
1747 2433 2040 2505 quomodo

383 2523 585 2597 priora
617 2523 857 2596 quidem
905 2521 1006 2578 illa
1057 2538 1161 2594 per
1199 2521 1583 2578 oeconomiam
1636 2523 1874 2590 dixerit;
1921 2523 2043 2579 haec

383 2629 542 2681 vero,
574 2618 642 2669 ut
680 2611 787 2686 piae
818 2612 954 2668 ﬁdei
1001 2610 1260 2684 postulat
1289 2612 1460 2667 ratio.
1493 2618 1575 2667 Ac
1617 2611 1894 2685 deinceps
1923 2611 2045 2668 haec

386 2702 749 2777 profitentes,
780 2702 930 2759 205
965 2718 1105 2757 suas
1155 2700 1248 2756 his
1298 2701 1672 2757 adversantes
1721 2701 2044 2758 sententias

389 2790 721 2863 repudient.
753 2791 903 2858 Quid
941 2791 1098 2848 enim
1127 2789 1217 2846 vel
1257 2791 1590 2862 proximum
1621 2790 1896 2846 habuerit
1925 2791 2046 2846 Arii

393 2879 747 2953 malignitati
769 2880 1030 2951 Dionysii
1061 2879 1250 2936 ﬁdes?
1283 2879 1486 2937 Nonne
1514 2879 1687 2935 Arius
1718 2881 2046 2936 secundum

392 2971 690 3044 cogitandi
721 2969 962 3026 modum
986 2971 1270 3026 duntaxat
1287 2969 1546 3026 Verbum
1569 2985 1698 3025 esse
1722 2969 1886 3036 dicit,
1913 2968 2045 3024 Dio-

393 3059 599 3134 nysius
631 3064 826 3116 autem
858 3076 987 3116 vere
1017 3063 1074 3116 et
1102 3070 1312 3115 natura
1333 3076 1442 3115 sua
1461 3058 1719 3114 Verbum
1755 3058 1848 3113 Dei
1879 3056 2047 3115 esse?

388 3148 491 3205 llle
519 3149 773 3204 Verbum
805 3147 958 3203 Patri
993 3152 1334 3204 extraneum
1362 3146 1505 3202 dicit
1535 3163 1548 3202 :
1582 3146 1677 3201 hic
1719 3147 1889 3202 docet
1917 3161 2047 3202 esse

389 3237 692 3311 proprium
728 3241 785 3293 et
825 3236 1182 3293 indivisibile
1209 3253 1243 3292 a
1270 3236 1463 3292 Patris
1511 3235 1862 3303 substantia,
1894 3235 2047 3291 sicut

2151 1715 2291 1788 ὑμᾶς
2323 1712 2628 1787 διώξουσιν.
2680 1718 2749 1771 Ἢ
2803 1718 2849 1773 εἰ
2901 1717 3217 1791 νομίζουσιν
3269 1719 3322 1772 οἱ
3369 1719 3672 1796 προστάται
3711 1724 3816 1789 τῆς

2152 1799 2396 1867 ἀσεϐείας
2472 1805 2756 1884 ὁμόφρονα
2827 1808 2918 1862 τὸν
2999 1806 3278 1863 Διονύσιον
3349 1808 3564 1871 ἑαυτοῖς
3639 1806 3813 1881 εἶναι,

2151 1896 2508 1968 γραψάτωσαν
2554 1901 2723 1951 ταῦτα
2770 1896 2859 1951 καὶ
2919 1895 3390 1973 ὁμολογείτωσαν·
3445 1899 3813 1974 γραψάτωσαν

2144 1985 2243 2052 τὴν
2301 1981 2547 2056 ἄμπελον
2601 1985 2691 2040 καὶ
2739 1984 2832 2042 τδν
2887 1985 3154 2063 γεωργὸν,
3203 1985 3266 2042 τὰ
3319 1987 3522 2065 σκάφος
3577 1987 3670 2042 καὶ
3717 1987 3812 2043 τὸν

2147 2073 2448 2148 ναυπηγόν.
2507 2073 2606 2129 Καὶ
2658 2075 2772 2149 ἅμα
2823 2073 3271 2151 ὁμολογείτωσαν
3332 2077 3424 2132 καὶ
3475 2077 3614 2154 ἅπερ
3666 2075 3814 2132 εἶπεν

2150 2161 2603 2237 ἀπολογούμενος
2633 2166 2749 2239 (19)
2776 2165 2840 2220 τὸ
2893 2163 3210 2239 ὀμοούσιον·
3257 2164 3348 2222 καὶ
3386 2167 3450 2222 τὸ
3502 2165 3561 2221 ἐκ
3588 2172 3693 2236 τῆς
3723 2164 3818 2222 ού-

2149 2252 2266 2315 σίας
2298 2252 2430 2307 εἶναι
2458 2253 2548 2308 τὸν
2582 2254 2729 2325 Υἱὸν,
2758 2254 2850 2309 καὶ
2880 2255 2942 2309 τὸ
2989 2253 3186 2329 ἀΐδιον,
3226 2255 3317 2311 καὶ
3353 2256 3445 2312 τὸν
3496 2258 3623 2311 νοῦν
3666 2255 3806 2333 πρὸς

2149 2342 2240 2396 τὸν
2275 2339 2464 2418 λόγον,
2511 2344 2610 2412 τὴν
2659 2364 2719 2399 τε
2762 2345 2974 2419 πηγὴν,
3023 2343 3113 2400 καὶ
3161 2345 3253 2400 τὸν
3299 2344 3581 2420 ποταμὸν,
3629 2343 3720 2400 καί
3746 2344 3816 2399 τὰ

2152 2429 2316 2487 ἄλλον
2370 2429 2465 2486 ’ἱνα
2513 2431 2609 2487 κᾶν
2672 2435 2786 2508 (20)
2847 2433 2907 2489 ἐκ
2959 2439 3062 2504 τῆς
3122 2431 3386 2514 διαφορᾶς
3445 2438 3640 2512 γνῶσι,
3698 2437 3818 2498 πῶς

2153 2521 2325 2576 έκεῖνα
2359 2521 2452 2595 μὶν
2503 2523 2620 2576 κατ’
2674 2523 3014 2598 οἰκονομίαν,
3065 2527 3234 2580 ταῦτα
3273 2521 3353 2595 δὲ,
3399 2525 3474 2588 ὡς
3521 2526 3551 2580 6
3579 2531 3684 2595 τῆς
3729 2522 3817 2581 εὖ·

2154 2606 2346 2673 σεϐοῦς
2374 2609 2610 2674 πίστεως
2662 2611 2917 2689 βούλεται
2971 2611 3162 2690 λόγος,
3210 2611 3416 2685 εἴρηκε.
3469 2614 3567 2670 Καὶ
3618 2613 3820 2670 λοιπὸν

2154 2704 2323 2755 ταῦτα
2401 2698 2656 2776 λέγοντες
2735 2702 3018 2776 ἀναιρῶσιν
3093 2704 3208 2777 (21)
3279 2704 3415 2782 ἅπερ
3467 2704 3584 2759 κατ’
3642 2701 3823 2759 αὐτῶν

2154 2788 2359 2845 τούτων
2421 2789 2717 2869 ἐφρόνησαν
2755 2835 2769 2848 .
2834 2792 2896 2846 Τί
2971 2792 3074 2868 γὰρ
3134 2792 3231 2848 κᾶν
3309 2791 3474 2870 ἐγγὺς
3533 2789 3650 2870 ἔχει
3710 2796 3823 2849 τῶν

2153 2878 2370 2954 ’Δρείου
2435 2883 2614 2934 κακῶν
2683 2882 2718 2950 ἡ
2790 2881 3073 2936 Διονυσίου
3127 2879 3310 2945 πίστις
3373 2909 3388 2954 ς
3443 2881 3563 2958 Οὐχ
3626 2883 3656 2938 6
3722 2882 3820 2956 μὲν

2157 2967 2376 3043 ’Δρειος
2405 2968 2522 3023 κατ’
2553 2967 2792 3024 ἐπίνοιαν
2827 2966 2979 3044 λέγει
3015 2970 3106 3026 τὸν
3151 2970 3355 3046 Λόγον,
3389 2971 3418 3027 6
3445 2967 3505 3026 δὲ
3534 2970 3823 3036 Διονύσιος

2157 3056 2413 3126 ἀληθινὸν
2447 3058 2536 3112 καὶ
2563 3057 2720 3136 φύσει
2748 3057 2928 3134 Λόγον
2967 3063 3070 3115 τοῦ
3108 3064 3243 3116 Θεοῦ
3276 3078 3291 3130 ;
3324 3059 3424 3115 Καί
3455 3063 3484 3116 6
3537 3060 3634 3135 μὶν
3685 3060 3823 3116 ἀποο

2156 3147 2298 3217 ξενοῖ
2341 3149 2431 3203 τὸν
2493 3146 2660 3224 λόγον
2715 3148 2821 3204 ἀπὸ
2873 3154 2973 3205 τοῦ
3032 3149 3267 3224 Πατρός·
3331 3152 3361 3207 6
3422 3147 3480 3206 δὲ
3539 3147 3678 3207 ἴδιον
3733 3150 3825 3206 καὶ

2156 3233 2456 3313 ἀδιαίρετον
2487 3241 2590 3312 τῇς
2635 3243 2731 3292 τοῦ
2785 3239 2996 3314 Πατρὸς
3045 3238 3230 3303 οὐσίας
3285 3238 3444 3296 αὐτὸν
3479 3238 3616 3296 εἶναι
3666 3236 3822 3295 διδά-

386 3328 634 3384 verbum
664 3344 700 3383 a
729 3331 944 3393 mente,
975 3331 1032 3381 et
1077 3327 1298 3382 ﬂumen
1329 3343 1364 3382 a
1395 3326 1570 3381 fonte.
1604 3324 1663 3381 Si
1697 3326 1831 3398 quis
1861 3325 2040 3397 igitur

2156 3312 2401 3389 UXEt'tDQ
2449 3323 2588 3382 ἔστιν
2638 3328 2666 3382 ὁ
2699 3324 2866 3404 λόγος
2905 3312 3051 3404 πρὸς
3095 3313 3188 3384 τὸν
3236 3332 3388 3401 νοῦν,
3437 3329 3529 3385 καὶ
3570 3327 3823 3402 ποταμὸς

389 3417 603 3490 poterit
633 3416 890 3472 dividere
932 3419 990 3472 et
1033 3415 1288 3472 alienare
1335 3415 1577 3470 verbum
1628 3430 1661 3468 a
1709 3418 1924 3485 mente,
1956 3412 2046 3470 vel

392 3506 639 3563 ﬂuvium
671 3522 706 3562 a
735 3506 893 3562 fonte
930 3521 1222 3586 separare,
1257 3508 1314 3560 et
1342 3504 1512 3576 quasi
1551 3519 1720 3559 muro
1751 3507 2045 3558 exstructo

389 3595 697 3664 dirimere;
722 3597 808 3651 vel
841 3593 995 3651 ausit
1014 3594 1206 3650 dicere
1235 3594 1477 3649 ﬂuvium
1499 3592 1738 3648 diversae
1769 3593 2044 3648 substan-

389 3686 485 3742 tim
516 3703 550 3743 a
578 3686 757 3753 fonte,
793 3685 863 3740 ad
915 3685 1210 3741 diversam
1262 3684 1334 3739 ab
1384 3701 1450 3740 eo
1496 3698 1710 3754 aquam
1742 3698 2044 3738 common-

392 3781 612 3845 strare;
642 3775 732 3832 vel
782 3773 1154 3848 splendorem
1186 3793 1221 3830 ιι
1249 3773 1378 3829 luce
1429 3772 1730 3840 dirimere;
1782 3777 1838 3828 et
1885 3771 2044 3827 affir-

392 3882 555 3923 mare
585 3881 655 3922 ex
683 3864 874 3921 aliena
902 3863 1236 3920 substantia
1273 3879 1403 3919 esse
1448 3862 1842 3934 splendorem,
1874 3878 1980 3918 nec
2010 3879 2046 3918 a

387 3954 521 4010 luce
544 3953 798 4027 prodire,
817 3953 867 4009 is
888 3970 1022 4009 cum
1048 3952 1174 4009 Ario
1197 3951 1487 4007 insaniat:
1513 3951 1804 4022 ejusmodi
1827 3951 2046 4024 quippe

387 4043 571 4101 homo
603 4059 674 4098 ne
705 4046 965 4099 mentem
1011 4041 1248 4113 quidem
1281 4039 1602 4095 humanam
1634 4039 1848 4095 habere
1890 4039 2046 4096 ultra

390 4131 708 4189 videbitur.
735 4131 898 4198 Quod
927 4130 977 4187 si
1005 4131 1129 4187 haec
1172 4128 1554 4185 indivisibilia
1587 4144 1717 4185 esse
1737 4129 1868 4201 ipsa
1882 4128 2046 4184 novit

390 4224 626 4291 natura,
687 4236 1009 4294 eorumque
1058 4218 1252 4292 proles
1307 4218 1454 4292 ipsis
1506 4218 1742 4290 propria
1794 4225 1911 4287 est;
1970 4235 2044 4274 ne

391 4311 528 4383 quis
556 4309 740 4384 igitur
784 4309 1058 4382 deinceps
1089 4325 1222 4364 cum
1252 4307 1388 4364 Ario
1432 4307 1668 4375 sentiat,
1698 4311 1800 4363 aut
1829 4307 2044 4380 Diony-

385 4400 542 4458 sium
579 4398 929 4457 calumniari
959 4399 1148 4468 ausit;
1201 4400 1302 4455 sed
1335 4397 1524 4471 magis
1568 4397 1704 4453 hinc
1748 4398 1876 4468 ejus
1905 4413 2042 4454 cum

389 4490 678 4548 sermonis
707 4489 1212 4564 perspicuitatem,
1239 4493 1369 4545 tum
1400 4493 1617 4546 rectam
1649 4487 1826 4544 ﬁdem
1851 4487 2041 4545 admi-

389 4583 572 4637 retur.

453 4743 500 4779 “
528 4745 697 4800 Joan.
729 4760 822 4816 xv,
850 4742 941 4802 20.

2155 3416 2292 3490 πρὸς
2321 3417 2421 3485 τὴν
2462 3419 2670 3491 πηγήν.
2722 3416 2787 3472 Et
2822 3417 2915 3492 μὶν
2967 3415 3058 3472 οὗν
3101 3415 3329 3495 διαιρεῖν
3379 3419 3470 3474 καὶ
3521 3417 3816 3490 ἀποξενοῦν

2153 3503 2244 3559 τὸν
2278 3501 2444 3580 λόγον
2473 3504 2564 3560 καὶ
2591 3503 2683 3560 τόν
2733 3509 2857 3560 νοῦν
2905 3527 2989 3570 τις
3043 3503 3285 3581 δύναται,
3339 3507 3375 3578 ἢ
3423 3507 3515 3563 τὸν
3560 3507 3816 3582 ποταμὸν

2154 3599 2247 3648 καῖ
2287 3595 2388 3663 τήν
2433 3596 2618 3670 πηγὴν
2673 3594 2910 3672 μερίσαι,
2952 3595 3042 3651 καὶ
3095 3595 3343 3674 τειχίσας
3394 3592 3618 3652 διελεῖν·
3659 3596 3696 3665 ἢ
3725 3596 3818 3652 τὸν

2154 3704 2409 3758 ποταμην
2471 3683 2773 3758 έτερούσιον
2842 3684 3009 3740 εἰπεῖν
3078 3686 3214 3762 πρὸς
3269 3686 3370 3756 τήν
3423 3686 3612 3761 πηγὴν
3646 3729 3662 3754 ,
3725 3682 3822 3740 καὶ

2155 3773 2295 3844 ξένον
2344 3774 2407 3828 τὸ
2460 3771 2607 3852 ὕδωρ
2659 3771 2847 3845 δεῖξαι,
2897 3776 2932 3843 ἢ
2982 3773 3043 3830 τὸ
3094 3773 3430 3852 ἀπαύγασμα
3475 3772 3663 3848 τολμᾷ
3704 3775 3820 3849 (22)

2155 3859 2352 3918 διελεῖν
2399 3864 2503 3919 ἀπὸ
2539 3868 2637 3920 τοῦ
2691 3865 2873 3943 φωτὸς
2920 3861 3012 3920 καί
3064 3863 3233 3920 εἰπεῖν
3285 3863 3337 3937 ἐξ
3393 3865 3576 3939 ἑτέρας
3629 3861 3819 3926 οὐσίας

2156 3948 2289 4004 εἶναι
2315 3951 2378 4004 τὸ
2409 3950 2756 4026 ἀπαύγασμα,
2787 3952 2878 4006 καὶ
2929 3953 3004 4027 μή
3062 3951 3121 4008 έκ
3147 3957 3247 4009 τοῦ
3292 3953 3501 4030 φωτὸς,
3540 3951 3816 4026 μαινέσθω

2159 4039 2292 4112 μετὰ
2324 4039 2556 4114 ’Δρείου·
2593 4041 2622 4095 6
2646 4043 2750 4118 γὰρ
2796 4045 3048 4104 τοιοῦτος
3102 4039 3246 4116 μηδὲ
3292 4045 3423 4098 νοῦν
3473 4041 3850 4118 ἀνθρώπινον.

2151 4124 2298 4204 ἔχων
2333 4125 2410 4182 ἔτι
2451 4130 2563 4204 (23)
2593 4131 2907 4208 φανήσεται·
2943 4130 2989 4187 εἰ
3033 4127 3093 4187 δὲ
3138 4128 3420 4208 ἀδιαίρετα
3463 4133 3637 4188 ταῦτα
3667 4128 3813 4187 οἶδεν

2152 4219 2187 4285 ἡ
2222 4215 2401 4295 φύσις,
2431 4218 2521 4273 καὶ
2568 4219 2631 4275 τὸ
2659 4218 2864 4276 τούτων
2914 4223 3026 4296 (24)
3077 4221 3322 4297 γέννημα
3370 4217 3535 4292 ἴδιον,
3581 4221 3721 4294 μήτε
3747 4220 3819 4277 τὰ

2151 4305 2367 4383 Ἀρείου
2423 4329 2506 4372 τις
2560 4305 2639 4363 ἔτι
2697 4307 2890 4365 λοιπὸν
2951 4309 3220 4389 φρονείτω
3255 4353 3271 4381 ,
3335 4311 3475 4384 μήτε
3532 4309 3814 4366 Διονύσιον

2153 4389 2520 4453 διαϐαλλέτωο
2571 4395 2718 4454 ἀλλὰ
2766 4397 2858 4455 καί
2911 4397 3124 4475 μᾶλλον
3160 4398 3220 4456 ἐκ
3247 4399 3456 4456 τούτων
3648 4397 3816 4456 αὐτοῦ

2151 4486 2470 4559 θαυμαζέτω
2493 4488 2595 4558 τήν
2626 4509 2687 4544 τε
2711 4491 2810 4544 τοῦ
2842 4486 3015 4566 λόγου
3061 4488 3392 4563 λευκότητα,
3440 4488 3532 4546 καὶ
3561 4489 3662 4561 τὴν
3709 4494 3814 4560 τῆς

2150 4573 2387 4639 πίστεως
2420 4573 2710 4652 ὀρθότητα.

451 4915 566 4996 (1.7)
598 4914 1056 4996 Taurin.-Colb.,
1101 4912 1252 4996 dies:
1288 4912 1418 4996 soli,
1474 4911 1502 4969 ὁ
1532 4909 2030 4996 τωο-μέγιστος.

2156 4991 2187 4996 _
2216 4912 2328 4996 (22)
2359 4910 2524 4996 Reg,
2546 4911 2608 4974 τὸ
2639 4916 3106 4996 aipa,_rnendose.
3132 4912 3377 4996 Taurin.
3401 4912 3716 4996 Colb._Je_s.
3751 4923 3812 4996 et

376 4983 572 5062 Paulo;
588 4993 721 5062 post
758 4986 878 5062 gul,
912 4983 1051 5062 ante
1095 4983 1352 5062 ἄγγελον,
1385 4983 1549 5045 deest
1596 4989 1656 5044 in
1688 4983 1848 5062 Reg.
1881 4991 2033 5047 Tau-

377 5058 490 5186 φὶο.
534 5059 700 5115 Colb.
748 5059 865 5116 Jes.
919 5058 1258 5132 Opportune
1316 5064 1512 5116 tamen
1572 5058 1829 5132 positum
1876 5062 2034 5118 vide-

408 5147 497 5186 ur.

408 5147 497 5186 ur.

591 5201 827 5276 Taurin.
862 5199 1020 5276 Cglb.
1052 5202 1170 5276 J88.
1195 5203 1300 5276 _Fr.
1337 5203 1388 5266 1,
1423 5197 1716 5276 ἐνενόγηκεν.

441 5273 555 5396 (19)
588 5273 681 5355 Sic
715 5273 854 5346 Reg.
889 5275 1129 5357 Taurin.
1183 5273 1345 5328 Colb.
1378 5278 1494 5329 Jes.
1550 5275 1640 5329 Fr.
1763 5276 1823 5330 In
1857 5276 2032 5333 editis

493 5346 883 5396 deelderatur.
942 5346 1163 5396 Ibidem
1213 5349 1356 5396 εἶρε.-
1405 5341 1877 5396 ὁμολογούμενος-
1929 5365 2030 5396 nm

370 5341 461 5421 καί
483 5341 883 5421 desideratur.
942 5346 1163 5400 Ibidem
1213 5349 1357 5418 Jes.,
1405 5341 1878 5419 ὁμολογούμενος,
1928 5365 2030 5421 pro

373 5412 826 5489 ἀπολογούμενος
837 5461 848 5472 .

445 5487 822 5559 (20)⁷Τειυιιὶη.
856 5488 1190 5559 (3011)..Μεη
1223 5487 1379 5541 ἰκανά
1403 5488 1521 5542 κᾶν.

446 5557 559 5634 (gl)
581 5561 820 5634 Taurin.
839 5560 987 5634 _Je_s.,
1011 5557 1345 5634 ἀναιροῦσιν.
1363 5560 1683 5634 Moxiiidem
1706 5578 1838 5616 cum
1863 5561 2024 5634 Golb.

372 5631 431 5705 e_t
462 5629 554 5705 Fr.
582 5631 632 5705 lu,
655 5629 954 5705 κατ’-αᾷτῷν
983 5629 1203 5705 τοῦτον,
1223 5631 1446 5705 ibidem
1479 5633 1618 5705 Reg.
1642 5633 1881 5689 Taurin.
1905 5633 2024 5690 Jes.

368 5697 463 5782 lj‘r2
501 5700 552 5765 1,
599 5695 720 5782 ἔχῃ.
755 5701 948 5782 Ε.ρἥ
993 5698 1133 5778 ἔχει.
1186 5703 1318 5760 Mox
1373 5695 1614 5761 Taurin.
1663 5705 1826 5764 Colb.
1877 5706 2025 5782 Jes.,

371 5767 407 5860 ᾖ
440 5765 720 5826 Διονυσίου
753 5765 900 5845 δόξα.

2146 4987 2242 5065 Er.
2273 4987 2323 5065 1,
2356 4987 2542 5065 τολῇξί
2565 4987 2955 5065 τεοίο.Ἐὰἱῑὶ,
2987 4992 3129 5065 ἅμα.
3162 4993 3293 5049 Mox
3323 4989 3592 5065 hac,xal
3625 4987 3805 5065 Διεῖεπεῗν

2145 5034 2955 5139 ἓέἓτῖίραξέ”ἑ›”ιξςὶίέἔ”ἔξγῖι“’ξδ’
2987 5034 3467 5139 Ξξᾶζεγῖἕιῖαξῖξξ
3483 5034 3592 5139 ’ῖιῖ
3621 5034 3806 5139 ἱέᾮᾷ

2144 5108 2429 5217 φ’ωτόςῗιὶἶι
2457 5108 2645 5217 editis
2662 5137 2885 5217 omissa
2916 5108 3169 5217 fuerant:
3188 5108 3348 5217 ﬁcii
3382 5108 3616 5217 phrasis
3647 5136 3803 5217 esset

2143 5205 2489 5278 praecedenti
2537 5205 2979 5278 ὁμοιοτέλευτος.
3015 5209 3128 5264 Sed
3188 5205 3486 5264 habentur
3537 5207 3596 5262 in
3655 5205 3796 5276 Reg.

2141 5277 2380 5332 Taurin.
2408 5277 2718 5336 Colb.’Jes.
2759 5284 2845 5335 Fr.
2883 5284 2934 5334 1.

2214 5349 2325 5419 (23)
2358 5349 2452 5404 Sic
2505 5350 2643 5422 Reg.
2678 5352 2920 5407 Taurin.
2954 5350 3074 5406 Jes.
3108 5349 3172 5406 In
3219 5349 3394 5406 editis
3445 5339 3520 5401 ἔτι
3570 5343 3792 5400 deside-

2139 5425 2320 5474 ratur.
2361 5473 2364 5476 .

2210 5492 2323 5616 (24)
2353 5492 2445 5547 Sic
2489 5493 2628 5574 Beg.
2664 5493 3097 5584 Taurin.}lolb.
3131 5492 3276 5558 Jes.,
3306 5487 3522 5545 τούτου.
3559 5485 3710 5544 Editi
3739 5490 3800 5543 et

2210 5588 2213 5612 ι
2242 5564 2514 5616 ckmanm
2550 5566 2802 5616 codices.
2833 5584 3064 5616 τουτων.

2139 5563 2514 5637 Felckmanni
2550 5563 2803 5637 codices,
2833 5563 3064 5622 τούτων.

2209 5635 2322 5707 (25)
2354 5640 2491 5708 Reg.
2526 5637 2762 5708 Taurin.
2788 5629 2977 5695 'Colb.
3028 5638 3176 5708 Jes.,
3207 5632 3267 5689 ἑκ
3311 5629 3544 5705 τούτων,
3577 5629 3794 5689 rectius

2137 5704 2315 5780 quam
2345 5704 2507 5783 editi,
2541 5704 2601 5763 ἐκ
2626 5707 2842 5770 τόυτου.
