4148 6376
345 416 459 480 51Ἶ

1558 414 1659 473 DE
1703 411 2147 474 SENTENTIA
2193 413 2560 477 DIONYSII.

3644 424 3763 483 518

415 551 657 608 25.”Οτι
716 547 821 622 γὰρ
879 545 1015 621 πρὸς
1062 546 1161 614 τήν
1220 544 1409 617 μανίαν
1474 543 1687 619 Ἀρείου
1744 544 2001 617 λέγοντος

2186 546 2274 600 25.
2309 550 2468 612 Quod
2503 554 2723 621 spectat
2753 555 2949 607 autem
2976 550 3138 606 illam
3160 551 3282 606 Arii
3312 552 3624 622 insaniam,
3648 570 3768 626 qua

348 636 515 695 ἄλλον
551 637 683 693 εἶναι
713 638 804 691 τὸν
852 634 902 690 ἐν
934 640 1014 706 τῷ
1062 638 1176 705 Θεῷ
1210 633 1409 708 Λόγον,
1443 633 1531 687 καὶ
1584 630 1751 689 ἄλλον
1786 633 1908 708 περὶ
1940 630 2002 686 οὗ

346 750 509 808 φησιν
556 730 597 783 ’ὁ
656 727 905 795 Ἰωάννης
940 773 955 799 ,
1016 726 1097 779 Ἐν
1172 723 1319 799 ἀρχῇ
1398 724 1463 792 ἦν
1538 724 1565 776 6
1632 722 1851 797 Λόγος¹
1912 720 2002 775 καὶ

347 816 525 887 ἄλλην
556 819 671 890 (26)
707 817 799 889 μὲν
835 812 971 869 ἰδίαν
1026 812 1213 891 σοφίαν
1271 812 1403 867 εἶναι
1455 811 1505 867 ἐν
1538 817 1614 884 τῷ
1644 817 1781 884 Θεῷ,
1823 810 2000 881 ἄλλην

350 904 406 962 δὲ
436 906 560 980 περὶ
614 908 678 975 ἧς
730 926 889 983 φησιν
948 905 975 958 6
1026 901 1381 964 Ἀπόστολος·
1435 901 1665 977 Χριστὸς
1714 905 1852 956 Θεοῦ
1901 900 2001 956 Δύ-

348 1017 510 1070 ναμις
558 995 648 1050 καὶ
698 998 832 1049 Θεοῦ
882 992 1084 1071 Σοφία·
1136 991 1299 1047 πάλιν
1353 994 1380 1046 6
1434 991 1712 1053 Διονύσιος
1760 990 2003 1046 ἀνθίστα-

346 1106 434 1141 ται
463 1085 553 1140 καὶ
586 1078 877 1139 διαϐάλλει
919 1084 1018 1151 τήν
1063 1081 1318 1151 τοιαύτην
1364 1078 1704 1151 κακοδοξίαν·
1756 1080 1855 1156 δρα
1898 1082 2000 1135 πά-

348 1172 433 1229 λιν
462 1180 581 1237 πῶς
614 1174 665 1229 έν
696 1177 774 1245 τῷ
824 1170 1057 1246 δευτέρῳ
1112 1166 1314 1245 βιϐλίῳ
1342 1175 1453 1245 (27)
1485 1174 1676 1249 γράφει
1728 1169 1850 1245 περί
1880 1170 2003 1225 τού-

344 1285 453 1319 των
487 1262 681 1325 οὕτως·
719 1286 748 1313 ‹‹
782 1263 865 1316 Ἐν
924 1262 1070 1336 ἀρχῇ
1124 1262 1190 1330 ἦν
1244 1263 1270 1314 6
1331 1260 1528 1335 Λόγος·
1594 1258 1717 1314 ἀλλ’
1778 1260 1881 1313 οὐκ
1937 1263 1999 1327 ἦν

347 1352 671 1429 Λόγος
703 1352 731 1407 6
768 1351 858 1407 τὸν
890 1351 1063 1425 Λόγον
1112 1348 1435 1426 προέμενος·
1483 1350 1549 1418 ἦν
1596 1349 1697 1424 γὰρ
1749 1350 1776 1402 6
1828 1348 2003 1422 Λόγος

348 1440 485 1518 πρὸς
534 1443 625 1497 τὸν
677 1440 828 1497 Θεόν.
886 1440 1058 1518 Σοφία
1105 1440 1391 1514 γεγένηται
1443 1440 1470 1493 6
1520 1438 1737 1510 Κόριος’
1789 1438 1887 1492 οὐκ
1935 1438 2000 1505 ἦν

349 1528 439 1586 οὖν
500 1530 661 1609 σοφία
719 1532 747 1586 ὁ
798 1531 897 1599 τήν
958 1527 1146 1606 σοφίαν
1208 1528 1349 1590 ἀνείς
1384 1548 1395 1561 ·
1461 1529 1604 1602 Ἐγὼ
1662 1528 1765 1602 γὰρ
1825 1523 2002 1598 ἤμην,

351 1620 535 1698 φησὶν,
688 1618 1049 1695 προσέχαιρεν
1087 1663 1099 1675 .
1164 1614 1422 1687 Ἀλήθειά
1476 1616 1613 1671 ἐστιν
1676 1618 1703 1670 6
1752 1614 2000 1689 Χριστόςο

349 1706 673 1783 Εὐλογητὸς
723 1704 799 1777 δὲ,
852 1705 1033 1785 φησίν,
1095 1707 1123 1761 6
1172 1707 1302 1767 Θεὸς
1352 1712 1454 1773 τῆς
1500 1702 1779 1774 ἀληθείας·
1824 1730 1851 1755 ››
1889 1706 2004 1759 Ἐν-

348 1799 517 1853 ταῦθα
538 1797 627 1851 καὶ
660 1792 963 1852 Σαϐέλλιον
1008 1796 1097 1850 καὶ
1146 1797 1357 1871 ’Ἀρειον
1410 1794 1714 1869 ἀνατρέπει,
1761 1793 1849 1847 καὶ
1902 1794 2005 1866 ἀμ-

352 1887 579 1964 φοτέρας
608 1887 703 1947 τὰς
754 1886 985 1960 αἱρέσεις
1033 1882 1147 1945 ἴσας
1200 1883 1250 1938 ἐν
1304 1878 1521 1954 ἀσεϐείᾳ
1569 1880 1851 1937 δείκνυσιν’
1884 1880 2007 1938 οὔτε
2036 1914 2085 1980 Β

350 1977 455 2049 γὰρ
482 1974 659 2049 Λόγος
715 1974 853 2029 ἐστὶν
906 1974 934 2027 6
980 1976 1078 2028 τοῦ
1130 1971 1307 2047 Λόγου
1358 1973 1566 2044 Πατὴρ,
1620 1970 1743 2026 οὔτε
1790 1971 2009 2045 ποίημά

353 2063 464 2119 ἐστι
491 2064 554 2118 τὸ
588 2062 648 2118 ἐκ
676 2068 774 2117 τοῦ
809 2063 1042 2137 Πατρὸς,
1093 2060 1239 2115 ἀλλά
1288 2058 1425 2117 ἴδιον
1476 2069 1575 2131 τῆς
1627 2060 1811 2123 οὐσίας
1844 2060 2007 2115 αὐτοῦ

350 2154 614 2229 γέννημα.
663 2150 836 2208 Πάλιν
877 2173 936 2207 τε
988 2151 1086 2206 οὐκ
1130 2149 1241 2206 ἔστι
1278 2153 1463 2223 Πατὴρ
1514 2152 1541 2204 6
1592 2148 1874 2225 προελθὼν
1908 2150 2009 2205 Λό-

350 2261 470 2318 γος·
506 2239 632 2297 οὐδὲ
683 2240 847 2296 πάλιν
902 2240 961 2296 ἐκ
1007 2239 1232 2295 πολλῶν
1288 2242 1364 2302 εἷς
1417 2239 1555 2294 ἐστιν
1608 2241 1766 2302 οὗτος
1806 2239 2007 2315 Λόγος,

357 2328 503 2386 ἀλλά
540 2330 705 2404 μόνος
735 2328 845 2385 ἐστί
874 2334 969 2384 τοῦ
1018 2330 1227 2403 Πατρὸς
1278 2330 1424 2397 Υἱὸς,
1466 2328 1725 2399 ἀληθινὸς
1774 2330 1863 2383 καὶ
1914 2328 2010 2406 φύ-

355 2439 433 2475 σει
465 2421 714 2494 γνήσιος,
754 2421 782 2474 ὁ
828 2418 918 2473 καὶ
956 2423 1046 2473 νῦν
1094 2417 1165 2472 ὣν
1195 2420 1309 2489 (29)
1358 2418 1408 2473 ἐν
1460 2417 1627 2491 αὐτῷ,
1676 2418 1765 2472 καὶ
1821 2416 2011 2481 ἀϊδίως

352 2508 443 2563 καὶ
498 2507 817 2585 ἀδιαιρέτως
878 2506 949 2564 ὢν
1011 2508 1061 2578 ἐξ
1122 2508 1305 2565 αὐτοῦ.
1367 2507 1520 2562 Οὕτω
1577 2508 1665 2562 καὶ
1720 2507 1881 2585 σοφία
1922 2509 2011 2563 καὶ

356 2595 586 2668 ἀλήθειά
618 2597 755 2653 ἐστιν
808 2599 835 2652 6
880 2596 1098 2671 Κύριος,
1150 2597 1237 2651 καὶ
1287 2596 1385 2651 οὐκ
1417 2596 1554 2651 ἔστιν
1588 2594 1767 2666 ἄλλης
1822 2596 2012 2675 σοφίας

356 2682 625 2763 δεύτερος’
662 2684 809 2740 ἀλλὰ
861 2685 1025 2759 μόνος
1072 2686 1230 2748 οὗτός
1278 2685 1387 2740 ἐστι
1419 2683 1487 2740 δι’
1524 2686 1586 2739 οὗ
1616 2686 1683 2741 τὰ
1712 2684 1884 2740 πάντα
1913 2707 2011 2740 πε-

353 2775 582 2845 ποίηκεν
643 2778 671 2831 6
730 2777 961 2851 Πατήρ,
1022 2774 1111 2829 καὶ
1171 2774 1221 2829 ἐν
1284 2775 1430 2847 αὐτῷ
1488 2778 1846 2845 συνεστήσατο
1902 2780 2010 2829 τῶν

356 2870 600 2940 γενητῶν
631 2866 727 2928 τὰς
760 2864 1017 2927 ποικίλας
1066 2864 1273 2927 οὐσίας’
1321 2862 1390 2919 δι’
1442 2864 1605 2920 αὐτοῦ
1652 2886 1711 2919 τε
1750 2866 2010 2941 γνωρίζε-

352 2974 442 3009 ται
472 2956 555 3017 οἷς
589 2954 646 3009 ἂν
681 2954 859 3010 ἐθέλοι
885 2957 1025 3027 (30)·
1075 2956 1164 3009 καὶ
1217 2954 1267 3009 έν
1314 2954 1461 3026 αὐτῷ
1505 2955 1605 3023 τὴν
1653 2959 1758 3009 τῶν
1800 2958 2013 3009 πάντων

354 3043 612 3119 πρόνοιαν
668 3050 905 3098 ποιεῖται
936 3042 1023 3098 καί
1077 3043 1379 3118 ἐργάζεται.
1434 3043 1612 3099 Μόνον
1662 3044 1764 3119 γὰρ
1815 3048 2009 3098 τοῦτον

358 3130 470 3189 οἶδε
494 3137 592 3188 τοῦ
622 3138 755 3188 Θεοῦ
787 3134 964 3208 Λόγον
1014 3134 1104 3188 καὶ
1146 3133 1443 3195 Διονύσιος.
1479 3132 1623 3204 Αὕτη
1677 3138 1773 3187 τοῦ
1828 3141 2013 3188 Διονυ-

356 3221 475 3277 σίου
522 3225 556 3291 ἠ
609 3222 808 3284 πίστις·
866 3220 1031 3297 ὀλίγα
1079 3224 1181 3296 γὰρ
1233 3221 1291 3276 ἐκ
1336 3226 1443 3277 τῶν
1495 3221 1795 3277 ἐπιστολῶν
1847 3222 2011 3277 αὐτοῦ

2114 634 2273 701 dicit,
2310 636 2467 691 aliud
2500 655 2625 695 esse
2656 642 2809 711 quod
2843 641 2901 697 in
2944 641 3059 696 Deo
3098 646 3187 696 est
3214 641 3496 711 Verbum,
3520 647 3577 697 et
3605 642 3763 699 aliud

2112 723 2181 777 de
2211 740 2326 793 quo
2358 724 2586 783 locutus
2618 736 2705 783 est
2732 730 3024 785 Joannes:
3059 732 3123 787 In
3147 732 3437 802 principio
3474 740 3593 788 erat
3639 732 3767 787 Ver-

2114 811 2239 867 bum
2260 815 2303 848 δδ
2329 833 2339 869 :
2371 820 2427 870 et
2458 816 2632 871 aliam
2662 819 2959 890 propriam
2992 836 3120 875 esse
3150 819 3210 874 in
3242 820 3359 875 Deo
3391 820 3763 892 sapientiam,

2113 900 2286 957 aliam
2335 920 2467 959 vero
2517 907 2841 976 quam_,bis
2891 908 3082 963 verbis
3132 908 3352 965 indicat
3396 909 3761 982 Apostolus:

2114 991 2360 1047 Christus
2390 994 2489 1048 Dei
2520 996 2694 1050 Virtus
2719 1000 2769 1051 et
2804 998 2896 1051 Dei
2935 997 3223 1069 Sapientia
3244 999 3313 1066 ‘5;
3348 998 3496 1055 illud
3526 1015 3767 1056 summa

2111 1080 2167 1133 vi
2200 1080 2509 1155 impugnat
2555 1084 2887 1157 Dionysius,
2921 1104 3278 1159 pravamque
3318 1087 3481 1144 illam
3524 1092 3764 1145 senten-

2111 1170 2255 1225 tiam
2304 1176 2540 1227 strenue
2592 1174 2913 1230 insectatur
2947 1194 2958 1230 :
2992 1176 3142 1243 vide,
3176 1194 3393 1249 quaeso,
3428 1194 3544 1249 quo
3593 1182 3764 1251 pacto

2114 1258 2173 1313 in
2216 1262 2473 1316 secundo
2521 1261 2668 1317 libro
2718 1264 2809 1317 his
2841 1265 2911 1318 de
2961 1265 3135 1320 rebus
3177 1267 3353 1322 verba
3389 1267 3564 1322 faciat
3596 1283 3608 1323 :
3636 1290 3664 1318 «
3696 1271 3767 1324 In

2107 1350 2385 1420 principio
2416 1359 2536 1405 erat
2569 1353 2797 1406 Verbum
2828 1372 2846 1407 :
2877 1354 2977 1408 sed
3014 1371 3129 1409 non
3162 1360 3287 1410 erat
3314 1356 3573 1411 Verbum
3607 1356 3764 1428 quod

2114 1439 2371 1493 Verbum
2396 1439 2728 1510 protulerit;
2754 1450 2877 1497 erat
2903 1442 3059 1497 enim
3081 1442 3335 1499 Verbum
3363 1445 3518 1516 apud
3543 1444 3764 1502 Deum:

2114 1526 2402 1583 Dominus
2433 1529 2723 1599 sapientia
2760 1535 2881 1598 est;
2933 1548 3048 1586 non
3098 1536 3222 1587 erat
3262 1533 3446 1605 igitur
3474 1533 3769 1605 sapientia

2115 1616 2215 1687 qui
2247 1617 2597 1687 sapientiam
2642 1619 2917 1690 produxit
2949 1635 2960 1672 :
2998 1637 3155 1686 nam,
3188 1622 3301 1692 Ego
3330 1638 3507 1689 eram,
3551 1621 3766 1693 inquit,

2115 1722 2224 1776 qua
2253 1705 2624 1761 delectabatur
2642 1708 2705 1761 ⁸⁷.
2739 1707 2969 1764 Veritas
2999 1714 3088 1765 est
3117 1709 3384 1765 Christus
3411 1728 3423 1766 :
3448 1711 3771 1768 Benedictus

2114 1802 2316 1860 autem,
2366 1796 2466 1863 ait,
2517 1797 2657 1851 Deus
2706 1798 2952 1853 veritatis
2973 1799 3036 1853 ⁸³.
3064 1820 3091 1847 ››
3146 1798 3231 1853 Ibi
3283 1815 3399 1855 una
3448 1798 3770 1856 Sabellium

2115 1887 2172 1939 et
2202 1885 2405 1939 Arium
2438 1885 2659 1953 evertit,
2687 1886 3010 1958 ambasque
3040 1887 3291 1944 haereses
3321 1888 3478 1960 paris
3510 1887 3774 1961 impieta-

2120 1974 2195 2027 tis
2227 1973 2483 2029 declarat
2515 1991 2527 2027 :
2564 1991 2751 2047 neque
2786 1976 2942 2031 enim
2973 1976 3230 2033 Verbum
3262 1982 3351 2033 est
3379 1977 3555 2034 Verbi
3588 1982 3771 2051 pater,

2120 2078 2308 2133 neque
2340 2063 2557 2118 factum
2591 2069 2679 2119 est
2710 2066 2862 2136 quod
2900 2082 2967 2121 ex
2998 2066 3166 2121 Patre
3196 2067 3476 2139 procedit,
3501 2068 3603 2123 sed
3634 2082 3773 2140 pro-

2120 2152 2246 2223 pria
2275 2154 2403 2223 ejus
2451 2155 2794 2209 substantiae
2844 2155 3056 2227 proles.
3092 2155 3469 2229 Rursumque
3514 2157 3773 2213 Verbum

2120 2242 2440 2311 procedens
2500 2259 2614 2297 non
2673 2248 2760 2298 est
2815 2244 2980 2299 Pater
3032 2261 3045 2299 :
3114 2261 3220 2300 nec
3274 2244 3531 2301 Verbum
3589 2244 3771 2313 istud,

2125 2346 2306 2383 unum
2354 2347 2423 2385 ex
2472 2330 2675 2386 multis
2706 2336 2814 2398 est,
2846 2333 2948 2387 sed
2980 2332 3140 2389 solus
3187 2339 3275 2390 est
3325 2334 3515 2390 Patris
3564 2334 3770 2403 Filius,

2121 2434 2293 2473 verus
2323 2423 2381 2473 et
2412 2425 2624 2475 natura
2654 2422 2969 2493 genuinus,
3001 2423 3101 2493 qui
3132 2428 3189 2478 et
3231 2439 3386 2479 nunc
3418 2422 3477 2478 in
3509 2423 3637 2495 ipso
3667 2439 3772 2480 ex—

2123 2508 2301 2575 sistit,
2334 2514 2391 2562 et
2437 2508 2496 2563 in
2546 2515 2829 2566 aeternum
2880 2515 3054 2582 atque
3100 2511 3538 2568 indivisibiliter
3588 2528 3659 2569 ex
3703 2526 3772 2569 eo

2124 2602 2232 2653 est.
2265 2598 2357 2652 Sic
2415 2602 2471 2652 et
2529 2598 2829 2671 Sapientia
2857 2604 2913 2654 et
2954 2600 3183 2655 Veritas
3239 2605 3327 2657 est
3378 2600 3686 2673 Dominus,
3717 2604 3777 2657 et

2125 2703 2238 2741 non
2273 2691 2361 2741 est
2390 2686 2461 2741 ab
2494 2687 2607 2743 alia
2656 2688 2943 2760 sapientia
2973 2691 3302 2757 secundus;
3336 2691 3437 2746 sed
3470 2689 3630 2747 solus
3678 2688 3775 2746 hic

2123 2779 2209 2829 est
2256 2791 2360 2847 per
2408 2792 2583 2847 quem
2642 2777 2843 2832 omnia
2888 2777 3055 2833 Pater
3100 2778 3378 2849 condidit,
3412 2778 3472 2833 in
3528 2778 3779 2852 ipsoque

2125 2864 2483 2935 multiplices
2540 2882 2736 2921 rerum
2804 2867 3111 2923 constituit
3187 2868 3595 2937 substantias;
3673 2883 3781 2940 per

2123 2969 2299 3025 quem
2347 2954 2525 3009 etiam
2559 2955 2775 3025 quibus
2804 2954 2929 3011 vult
2959 2956 3310 3013 innotescit:
3347 2957 3407 3012 in
3456 2955 3584 3028 ipso
3632 2956 3778 3014 item

2124 3042 2388 3097 omnium
2448 3044 2872 3115 providentiam
2934 3046 3113 3117 gerit,
3186 3046 3386 3102 omnia
3457 3046 3597 3119 agit.
3657 3045 3777 3103 Hoc

2122 3132 2277 3187 enim
2311 3132 2550 3187 unicum
2599 3133 2700 3188 Dei
2749 3133 3005 3189 Verbum
3054 3135 3289 3206 agnovit
3334 3139 3392 3190 et
3437 3133 3774 3207 Dionysius.

2126 3221 2256 3277 Haec
2285 3224 2374 3277 est
2417 3222 2677 3294 Dionysii
2711 3223 2875 3278 ﬁdes.
2909 3228 3103 3279 Pauca
3132 3224 3288 3279 enim
3331 3238 3400 3279 ex
3446 3223 3574 3295 ejus
3621 3223 3777 3295 epis-

356 3310 673 3384 συναγαγὼν
729 3308 937 3385 ἔγραψα
970 3355 984 3380 ,
1046 3308 1315 3383 δυνάμενα
1388 3316 1688 3386 παρασχεῖν
1764 3332 1847 3365 σοι
1918 3312 2011 3385 μὲν

2130 3310 2262 3365 tolis
2320 3288 2967 3383 collecta-conscripsi;
3014 3329 3140 3383 quze
3196 3317 3393 3368 tamen
3448 3288 3621 3384 plura
3656 3288 3777 3369 -ad-

354 3398 607 3476 ἀφορμὴν
642 3399 718 3462 εἷς
747 3400 810 3455 τὸ
856 3398 1088 3455 πλείονα
1134 3402 1503 3475 προστιθέναι,
1531 3407 1649 3463 τοῖς
1702 3398 1757 3456 δὲ
1799 3403 2007 3476 Ἀρεια-

349 3492 465 3550 νοῖς
524 3487 787 3564 μεγίστην
839 3488 1102 3565 αἰσχύνην
1154 3488 1242 3545 διὰ
1288 3492 1387 3558 τήν
1440 3492 1575 3544 κατὰ
1623 3493 1734 3563 (31)
1762 3495 1859 3545 τοῦ
1902 3492 2014 3545 ἐπι-

351 3576 555 3631 σκόπου
606 3578 982 3656 συκοφαντίαν.
1027 3581 1111 3634 Ἐν
1158 3584 1289 3633 πᾶσι
1338 3580 1441 3654 γὰρ
1486 3578 1578 3633 καί
1624 3581 1740 3634 καθ’
1787 3578 2011 3635 ἕκαστον

354 3660 422 3719 δι’
476 3666 548 3720 ὧν
600 3661 854 3743 ἔγραψεν,
902 3665 1131 3743 ἤλεγξεν
1181 3667 1355 3723 αὐτῶν
1414 3670 1512 3738 τὴν
1575 3668 2009 3747 κακοφροσύνην,

350 3752 441 3810 καί
470 3756 569 3826 τὴν
602 3754 805 3833 α’ίρεσιν
829 3756 1004 3812 αὐτῶν
1040 3756 1437 3827 ἐστηλίτευσεν.

425 3847 518 3903 26.
552 3844 756 3901 Οὐκοῦν
804 3845 909 3901 ἀπὸ
956 3845 1161 3902 τούτων
1216 3844 1482 3903 δείκνυται
1531 3849 1621 3902 καὶ
1662 3851 1695 3918 ἡ
1726 3849 1865 3924 πρὸς
1912 3849 2013 3904 Εὐ·

358 3934 602 4012 φράνορα
652 3934 742 3989 καὶ
791 3936 1098 4009 Ἀρμώνιον
1146 3934 1431 4007 ἐπιστολὴ,
1486 3934 1696 4008 διανοίᾳ
1730 3935 1873 4011 ἄλλῃ
1906 3940 2017 4011 (32)

356 4022 474 4077 κατ’
509 4022 828 4097 οἰκονομίαν
877 4029 1146 4103 γραφεῖσα
1174 4026 1301 4101 παρ’
1333 4025 1517 4080 αὐτοῦ·
1570 4031 1731 4081 τοῦτο
1775 4028 1878 4100 γὰρ
1928 4028 2017 4081 καὶ

360 4113 396 4181 ἡ
430 4110 708 4188 ἀπολογία
758 4113 922 4169 αὐτοῦ
971 4111 1223 4172 δείκνυσι.
1260 4115 1358 4169 Καὶ
1405 4113 1543 4169 ἔστιν
1580 4113 1802 4184 ἀληθῶς
1850 4138 2019 4178 τυπος

363 4200 522 4264 οὗτος
556 4202 781 4264 πιθανὸς
811 4204 946 4280 πρὸς
981 4204 1286 4280 ἀνατροπὴν
1317 4211 1419 4273 τῆς
1459 4200 1769 4260 Σαϐελλίου
1805 4205 2019 4279 μανίας,

366 4289 505 4346 ὥστε
535 4292 627 4346 τὸν
657 4289 993 4367 βουλόμενον
1012 4295 1227 4369 ταχέως
1253 4290 1559 4369 διελέγχειν
1583 4294 1709 4357 τοὺς
1740 4295 2022 4357 τοιούτους

369 4381 447 4453 μή
501 4381 606 4435 ἀπὸ
664 4385 772 4436 τῶν
825 4382 1200 4456 σημαινόντων
1254 4384 1353 4451 τὴν
1407 4383 1637 4453 θεότητα
1690 4389 1785 4438 τοῦ
1844 4386 2024 4460 Λόγου

364 4471 633 4526 ποιεῖσθαι
690 4472 790 4539 τὴν
850 4471 1051 4547 ἀρχήν
1112 4470 1193 4526 ὅτι
1254 4470 1451 4545 Λόγος,
1504 4472 1593 4527 καὶ
1654 4471 1874 4551 Σοφία,
1935 4473 2024 4528 καὶ

370 4558 613 4633 Δόναμίς
646 4559 786 4615 ἐστιν
833 4561 861 4614 6
906 4562 1051 4630 Υἱὸς,
1098 4562 1188 4616 καὶ
1233 4560 1315 4615 ὅτι
1356 4562 1500 4637 Ἐγὼ
1548 4561 1636 4617 καὶ
1692 4564 1719 4617 6
1753 4565 1939 4639 Πατὴρ
1969 4561 2022 4618 ἓν

2122 3400 2295 3455 dendi
2356 3400 2460 3454 tibi
2520 3400 2888 3455 occasionem
2946 3401 3295 3472 praebeant:
3342 3400 3587 3458 Arianos
3639 3417 3777 3458 vero

2124 3490 2381 3545 maximo
2443 3489 2665 3559 pudore
2725 3489 3089 3560 suﬂ'undant,
3137 3490 3208 3545 ob
3266 3506 3436 3546 suam
3494 3490 3777 3548 adversus

2124 3580 2462 3650 episcopum
2512 3578 2889 3634 calumniam.
2938 3579 3001 3633 In
3052 3578 3327 3635 omnibus
3376 3579 3593 3652 quippe
3640 3578 3782 3636 scri-

2125 3668 2241 3739 ptis
2272 3668 2397 3724 suis
2429 3683 2631 3723 eorum
2664 3667 2948 3723 malitiam
2980 3668 3243 3741 coarguit
3273 3673 3332 3724 et
3360 3668 3632 3726 haeresim
3658 3673 3778 3726 tra-

2127 3758 2311 3812 duxit.

2197 3847 2286 3901 26.
2321 3846 2401 3901 Ex
2430 3845 2522 3901 his
2555 3847 2751 3918 itaque
2790 3852 2948 3919 patet
2991 3848 3300 3920 epistolam
3329 3848 3402 3905 ad
3431 3848 3783 3921 Euphrano-

2131 3952 2253 3991 rem
2285 3940 2342 3991 et
2372 3936 2754 3992 Ammonium
2779 3934 2897 3993 alia
2918 3941 3112 3993 mente
3134 3942 3190 3993 et
3210 3954 3278 3994 ex
3296 3937 3619 3995 ceconomia
3640 3952 3785 4010 qua-

2130 4025 2264 4081 dam
2298 4026 2369 4081 ab
2406 4026 2529 4096 ipso
2556 4026 2835 4098 scriptam
2866 4043 2995 4083 esse
3020 4044 3031 4082 :
3056 4027 3213 4099 quod
3243 4027 3385 4083 item
3406 4044 3476 4085 ex
3504 4028 3633 4100 ejus
3652 4044 3791 4100 apo-

2130 4114 2285 4186 logia
2328 4117 2764 4186 comprobatur.
2794 4115 2863 4171 Et
2892 4122 2982 4172 est
3024 4132 3157 4172 vere
3206 4121 3343 4189 apta
3393 4116 3787 4190 persuadendi

2135 4204 2289 4260 206
2321 4205 2530 4273 forma,
2560 4204 2631 4259 ad
2673 4204 2964 4260 insaniam
3016 4204 3254 4261 Sabellii
3296 4206 3688 4272 evertendam,
3722 4208 3791 4262 ut

2136 4294 2237 4365 qui
2270 4310 2551 4365 sequaces
2582 4292 2711 4363 ejus
2755 4294 2867 4348 cito
2918 4310 3232 4365 coarguere
3262 4294 3417 4363 velit,
3452 4311 3566 4351 non
3593 4293 3665 4350 ab
3695 4309 3789 4351 ar-

2136 4384 2438 4456 gumentis
2500 4384 2625 4453 ejus
2683 4382 3045 4438 divinitatem
3101 4382 3498 4439 indicantibus
3552 4381 3791 4439 initium

2136 4474 2341 4541 ducat;
2379 4488 2589 4544 nempe
2621 4470 2833 4526 Filium
2865 4488 2995 4527 esse
3024 4472 3306 4538 Verbum,
3329 4472 3714 4543 Sapientiam,
3734 4475 3795 4528 et

2136 4563 2453 4628 Virtutem,
2510 4577 2614 4616 nec
2672 4562 2743 4617 ab
2792 4560 2891 4616 illo
2938 4579 2950 4617 :
2990 4562 3102 4632 Ego
3148 4565 3196 4617 et
3245 4565 3414 4617 Pater
3466 4578 3642 4617 unum
3697 4575 3793 4617 su-

377 4644 555 4721 ἒσμεψ
602 4646 693 4703 ’ίνα
746 4651 844 4723 μὴ,
898 4651 965 4704 τὰ
1012 4649 1197 4713 καλῶς
1256 4650 1515 4724 εἰρημένα
1561 4651 2007 4727 παρεξηγούμενο

2139 4652 2358 4719 mus“;
2403 4668 2474 4707 ne
2531 4650 2614 4705 illi
2665 4666 2794 4722 quae
2825 4654 2977 4705 recte
3007 4650 3163 4707 dicta
3220 4656 3360 4707 sunt
3416 4652 3488 4707 ad
3548 4664 3796 4724 pravum

381 4736 598 4809 ἐκεῖνοι,
649 4738 916 4819 πρόφασιν
967 4747 1067 4811 τῆς
1119 4741 1475 4815 ἀναισχύντου
1527 4740 1857 4818 φιλονεικίας
1914 4743 2032 4797 ἑαυ-

2145 4758 2387 4799 sensum
2420 4742 2857 4811 detorquentes,
2883 4740 3245 4811 impudentis
3276 4741 3667 4797 contentionis
3700 4755 3798 4796 oc-

374 4829 504 4899 τῶν,
531 4829 599 4882 τὰ
629 4833 852 4885 τοιαῦτα
881 4828 1235 4905 πορίσωνται,
1288 4829 1596 4901 ἀκούοντες,
1632 4831 1715 4885 ὅτι
1747 4835 1860 4907 (33)
1893 4834 2011 4908 Ἐγιί

2145 4833 2439 4889 casionem
2473 4830 2611 4885 hinc
2640 4828 2944 4901 arripiant,
2969 4830 3111 4885 dum
3144 4830 3394 4886 audiunt
3427 4846 3442 4887 :
3473 4830 3584 4900 Ego
3611 4834 3667 4888 et
3694 4829 3802 4886 Pa-

447 4926 492 4961 ⁶⁵
521 4926 689 4984 Joan.
723 4947 783 4985 ι..
839 4930 883 4963 ⁸⁸
914 4929 935 4986 Ι
967 4929 1094 4987 Cor.
1123 4948 1162 4998 ι,
1189 4931 1278 4985 24.
1356 4931 1400 4965 ⁸⁷
1430 4931 1594 4987 Prov.
1626 4948 1745 5003 vm,
1782 4932 1870 4987 30.
1948 4934 1991 4968 ⁸⁸

2130 4932 2292 4989 Esdr.
2330 4947 2406 4998 ιν,
2441 4931 2491 4983 4.
2570 4930 2615 4963 π
2638 4928 2807 4984 Joan.
2837 4944 2894 4998 x,
2926 4927 3014 4983 30.

449 5044 563 5169 ρο)
595 5019 733 5117 Reg.
768 5045 1007 5101 Taurin.
1054 5046 1212 5102 Colb.
1245 5047 1364 5102 Jes.
1400 5047 1489 5101 Fr.
1526 5049 1576 5113 ι,
1610 5043 1810 5116 ἄλλην,
1856 5052 1914 5103 et
1952 5050 2039 5105 sic

380 5114 441 5170 in
474 5132 539 5170 ra
571 5116 669 5170 ubi
694 5123 946 5170 auatuor
974 5120 1255 5170 postremi
1279 5119 1507 5170 codices
1536 5116 1626 5170 καί
1659 5122 1886 5170 addunt
1908 5125 2039 5170 ante

474 5119 539 5170 ra
571 5116 669 5187 ubi
694 5116 946 5187 quatuor

379 5255 408 5310 6
440 5256 681 5311 Ἀπόστο
726 5278 806 5321 ος.

2222 5047 2335 5117 (30)
2382 5046 2477 5100 Sic
2536 5044 2677 5115 Reg.
2735 5045 2976 5101 Taurin.
3038 5043 3198 5101 Colb.
3258 5044 3377 5102 Jes.
3440 5044 3592 5101 Editi
3647 5060 3804 5114 vero,

406 5115 539 5170 nfra
571 5115 946 5187 ubiquatuor
1013 5120 1255 5173 ostremi
1279 5119 1507 5174 codices
1536 5116 1626 5172 καί
1659 5115 1886 5175 addunt
1908 5125 2011 5175 ant

400 5181 584 5243 ἱλλην.
614 5186 746 5243 Mox
777 5189 931 5243 idem
964 5135 1267 5243 ξΠαῦλος.
1289 5190 1389 5243 ubi
1423 5191 1561 5243 Reg.
1585 5191 1761 5243 Basil-
1788 5196 1844 5243 et
1873 5193 2011 5243 editi

2152 5115 2328 5190 ἐθέλῃζ

2226 5191 2328 5243 (ΒΓ

379 5181 584 5263 ᾅλλην..
614 5181 746 5243 ΜοΞι
777 5189 931 5244 idem
964 5181 992 5243 6
1026 5186 1267 5256 Παῦλος,
1289 5190 1389 5245 ubi
1423 5191 1561 5263 Reg.
1585 5191 1761 5263 Basil,
1788 5196 1844 5247 et
1873 5193 2037 5260 editi,

2226 5176 2335 5259 (3i)
2368 5180 2707 5260 Ka-cai‘deest
2762 5188 2818 5243 in
2878 5188 3051 5243 editis
3085 5204 3099 5242 :
3133 5188 3235 5260 sed
3292 5186 3506 5260 legitur
3553 5188 3614 5260 in
3664 5186 3802 5260 Reg.

2151 5261 2391 5317 Taurin.
2426 5259 2586 5315 Colb.
2632 5260 2749 5315 Jes.
2786 5260 2877 5315 Fr.
2913 5260 2963 5329 1,
2997 5264 3055 5314 et
3084 5276 3117 5315 a
3146 5259 3371 5316 Nannio
3403 5260 3541 5315 item
3590 5259 3807 5315 lectum

450 5331 567 5407 (_2_7)
596 5331 966 5407 SipTaurin.
1018 5332 1175 5389 Colb.
1222 5332 1340 5388 Jes.
1376 5334 1465 5387 Fr.
1502 5336 1551 5389 1.
1589 5335 1650 5389 In
1704 5334 1842 5407 Reg.
1878 5338 1935 5389 et
1982 5334 2043 5389 in
2153 5338 2262 5407 est.

376 5395 556 5474 editis
592 5395 797 5474 βιϐλΑρ
828 5405 1009 5459 deest.

2226 5403 2464 5476 (32)_Sic
2518 5403 2657 5473 Reg.
2709 5402 2892 5476 Basil.
2946 5406 3004 5457 et
3057 5401 3219 5476 editi,
3282 5406 3459 5473 atque
3515 5401 3811 5476 i_ta_Nan-

452 5473 665 5550 _(_28)_’In
700 5475 1154 5550 Ta_urin.nC_.olb.
1200 5474 1319 5531 Jes.
1348 5476 1376 5527 ὁ
1423 5480 1560 5550 ante
1609 5476 1822 5550 Λόγος,
1846 5478 1951 5532 Sed
1985 5477 2045 5532 in
2157 5473 2329 5550 nium
2355 5473 2566 5550 legisse
2599 5477 2774 5550 patet,
2797 5474 2895 5550 qui
2932 5474 3123 5550 vertit,
3147 5474 3271 5550 alia
3300 5481 3498 5550 ruente.
3524 5473 3635 5528 Sed
3668 5478 3814 5550 Tau-

380 5540 623 5625 reliquis
674 5551 732 5625 et
768 5547 839 5625 _in
890 5547 1065 5625 editis
1114 5549 1277 5602 deest
1326 5548 1632 5625 articulus.
1684 5540 1866 5625 Paulo
1916 5565 2011 5620 pos

2158 5548 2269 5625 riu.
2303 5540 2457 5625 Colb.
2486 5540 2617 5600 Jes:
2638 5547 2727 5600 Fr.
2756 5540 2936 5615 l,'sic,
2963 5540 3223 5611 ἐπιστολή
3254 5544 3327 5615 μή
3366 5541 3545 5619 φαύλῃ
3578 5542 3809 5620 οιανοίᾳ·

381 5614 721 5695 ίΙῖαυΓζϊιη-Θῐ
742 5618 905 5695 _Jes.,
938 5618 1280 5695 γεγέννηται..
1316 5619 1427 5674 Alii
1473 5636 1702 5692 omnes,
1732 5614 2044 5695 γεγένηται.

376 5685 708 5771 M93991?-
741 5689 835 5771 ξε·
871 5685 898 5771 .1'
910 5736 937 5771 ο.
952 5685 1325 5771 emetia-

456 5756 573 5847 (29)
604 5758 695 5818 Ὧν
729 5761 893 5823 deest
923 5762 982 5820 in
1019 5756 1182 5822 Colb.

2158 5615 2305 5673 ἀλΛα
2332 5615 2452 5671 κᾶν.

2232 5691 2348 5767 (33)
2370 5693 2485 5744 Ὀτι
2518 5689 2680 5747 deest
2707 5687 2765 5743 in
2797 5687 3036 5749 Taurin.
3064 5691 3177 5751 Jes.
3213 5687 3306 5744 Fr.
3346 5690 3394 5747 1.
