4148 6394
361 412 481 494 519

355 653 544 708 meum
562 639 607 673 ⁷ο
630 655 643 694 :
669 637 770 696 sed
801 635 1117 694 Salvatoris
1139 633 1402 706 exemplo
1435 633 1754 706 praemittat
1783 649 1851 689 ea
1879 649 2009 704 quas

356 727 619 800 humano
662 742 824 786 more
853 727 925 782 de
954 725 1053 781 illo
1102 724 1257 780 dicta
1303 723 1596 780 habentur
1629 738 1642 779 :
1676 721 2010 794 cujusmodi

359 821 520 889 sunt,
555 817 795 882 esurire,
829 815 1112 886 laborare,
1146 813 1299 886 quod
1330 812 1466 869 vitis
1496 812 1594 884 sit,
1628 813 1780 886 quod
1817 827 2010 869 orave-

359 905 437 962 rit
464 909 521 962 et
549 922 761 978 passus
792 905 869 962 sit
899 920 914 960 :
949 907 1169 976 quanto
1200 903 1357 960 enim
1386 902 1510 983 haec
1540 901 1700 961 dictu
1731 906 1873 960 sunt
1900 901 2010 958 hu-

360 994 610 1063 miliora,
631 998 794 1052 tanto
822 993 1108 1066 liquidius
1155 994 1598 1050 demonstratur
1629 991 1860 1048 Patrem
1892 1006 2008 1048 non

358 1101 489 1152 esse
511 1085 732 1142 factum
755 1083 1078 1144 hominem.
1105 1083 1421 1140 Necessum
1451 1086 1542 1140 est
1570 1082 1728 1139 enim
1750 1098 1884 1138 cum
1906 1080 2011 1138 Do-

359 1172 557 1230 minus
586 1173 721 1236 vitis
752 1172 1099 1246 appelletur,
1129 1171 1444 1245 agricolam
1482 1174 1710 1227 exstare
1743 1186 1757 1224 :
1790 1174 1847 1226 et
1875 1185 2010 1226 cum

358 1266 503 1334 oret,
535 1279 665 1334 esse
704 1263 804 1335 qui
854 1263 1156 1331 exaudiat;
1188 1277 1326 1319 cum
1373 1260 1626 1333 denique
1675 1263 1852 1332 petat,
1883 1275 2012 1316 esse

359 1352 462 1426 qui
485 1353 786 1420 concedat.
803 1351 1154 1424 Hujusmodi
1171 1351 1389 1424 quippe
1410 1349 1567 1407 dicta
1584 1349 1759 1422 longe
1781 1349 2012 1406 facilius

359 1441 830 1514 Sabellianorum
873 1441 1169 1498 insaniam
1199 1443 1685 1504 commonstrant,
1709 1440 1864 1512 quod
1909 1455 2010 1496 ne-

359 1549 523 1600 cesse
561 1532 804 1596 omnino
851 1531 930 1597 sit
957 1531 1140 1588 alium
1189 1545 1317 1588 esse
1366 1529 1464 1602 qui
1516 1533 1666 1595 orat,
1697 1528 1879 1585 alium
1912 1527 2013 1602 qui

360 1623 641 1685 exaudit:
675 1621 859 1682 alium
901 1621 1102 1688 vitem,
1136 1619 1317 1678 alium
1357 1619 1693 1692 agricolam.
1721 1619 2016 1691 Quotquot

363 1713 521 1774 enim
541 1713 719 1777 verba
736 1710 949 1772 Filium
973 1709 1144 1783 quasi
1166 1709 1424 1768 alienum
1447 1725 1480 1765 a
1494 1709 1662 1766 Patre
1683 1708 2010 1777 declarant;

362 1801 486 1864 hinc
516 1803 590 1864 ad
622 1817 858 1860 carnem
885 1801 1156 1867 attinent,
1185 1815 1363 1871 quam
1395 1798 1579 1855 nostri
1610 1815 1790 1856 causa
1819 1801 2014 1871 gesta-

360 1893 464 1951 vit.
498 1890 740 1964 Opiﬁcia
767 1890 984 1962 quippe
1009 1889 1335 1946 secundum
1362 1893 1636 1946 naturam
1667 1905 1702 1944 a
1730 1888 1845 1944 Deo
1875 1890 2015 1944 sunt

365 1982 560 2056 aliena
587 2000 600 2038 :
632 1980 763 2042 ideo
793 1996 928 2038 cum
963 1995 1098 2038 caro
1127 1979 1428 2051 opiﬁcium
1454 1978 1549 2045 sit,
1580 1979 1831 2046 Verbum,
1858 1977 2013 2048 quod

365 2076 432 2129 ut
460 2071 542 2134 ait
568 2071 846 2141 Joannes,
873 2084 999 2126 caro
1027 2071 1240 2140 factum
1267 2076 1344 2126 est
1362 2069 1497 2134 ἰι-⁷⁵⁸,
1524 2067 1661 2124 licet
1688 2066 2014 2125 secundum

365 2164 637 2224 naturam
667 2158 974 2231 praprium
1006 2158 1085 2216 sit
1126 2157 1304 2223 Patri,
1335 2162 1394 2212 et
1424 2157 1495 2216 ab
1527 2173 1592 2213 eo
1623 2154 2013 2224 indivisibile;

367 2253 624 2318 attamen
654 2248 706 2306 si
737 2264 871 2310 caro
902 2251 1215 2319 spectetur,
1250 2247 1418 2302 Pater
1446 2245 1663 2302 dicitur
1691 2246 1764 2302 ab
1795 2245 1893 2302 illo
1924 2262 2014 2301 re-

366 2343 562 2400 motus
591 2353 604 2397 :
636 2353 764 2410 quae
794 2335 951 2394 enim
984 2336 1146 2394 carni
1186 2334 1424 2408 propria
1451 2338 1615 2402 sunt,
1648 2335 1774 2405 ipse
1803 2351 2014 2391 conce-

364 2428 451 2490 dit
479 2431 547 2486 ut
591 2427 664 2484 de
702 2441 765 2488 se
795 2425 1096 2494 dicantur;
1130 2441 1246 2497 quo
1293 2424 1432 2480 hinc
1480 2422 1676 2497 palam
1727 2423 1848 2492 ﬁat,
1899 2439 2016 2478 non

365 2516 633 2584 alterius,
665 2515 768 2574 sed
799 2530 976 2574 suum
1006 2512 1239 2586 proprie
1268 2527 1482 2584 corpus
1510 2510 1714 2568 fuisse.
1737 2511 1884 2567 Cum
1904 2510 2018 2566 ita-

367 2622 481 2680 que
509 2605 632 2669 hinc
660 2621 727 2664 eo
775 2605 949 2661 modo
992 2602 1112 2664 sint
1159 2601 1558 2673 intelligenda,
1609 2599 1783 2656 citius
1815 2597 2015 2658 Sabel-

364 2695 483 2758 lius
511 2695 887 2757 convincetur
915 2709 1032 2750 non
1083 2707 1212 2750 esse
1242 2691 1474 2748 Patrem
1514 2691 1613 2763 qui
1645 2707 1780 2746 caro
1830 2689 2018 2746 factus

365 2788 490 2850 est;
521 2784 625 2842 sed
672 2783 800 2854 ejus
828 2781 1086 2842 Verbum
1115 2781 1272 2852 quod
1320 2779 1510 2836 illam'
1532 2780 1799 2850 redemit,
1833 2777 2017 2836 Patri-

367 2890 483 2946 que
513 2872 744 2931 obtulit.
777 2873 848 2930 Et
903 2871 1004 2930 ubi
1062 2870 1196 2942 quis
1242 2869 1411 2925 illum
1457 2869 1539 2925 ita
1567 2868 1898 2941 coarguerit
1952 2883 2019 2925 ac

365 2962 742 3036 persuaserit,
769 2961 906 3020 hinc
933 2959 1296 3018 divinitatem
1327 2975 1560 3031 quoque
1579 2957 1754 3014 Verbi
1787 2956 2018 3018 facilius

365 3050 631 3114 edocebit
663 3067 677 3108 :
710 3050 907 3123 ipsum
957 3064 1168 3121 nempe
1209 3063 1339 3104 esse
1367 3047 1624 3104 Verbum
1673 3051 1731 3104 et
1776 3048 2018 3120 Sapien-

364 3141 534 3210 tiam,
569 3139 778 3200 Filium
816 3144 876 3196 et
903 3137 1215 3204 Virtutem,
1247 3135 1618 3208 splendorem
1656 3140 1714 3193 et
1745 3136 2016 3209 ﬁguram.

361 3229 610 3289 Necesse
640 3227 858 3304 quippe
892 3231 982 3284 est
1003 3227 1130 3298 jam
1163 3227 1354 3282 denuo
1385 3224 1676 3298 colligere,
1709 3241 1843 3282 cum
1875 3226 2020 3282 Ver-

365 3319 508 3378 bum
539 3301 802 3390 exsistat,
835 3321 893 3376 et
920 3315 1094 3372 Verbi
1141 3315 1370 3373 Patrem
1409 3331 1538 3372 esse
1585 3321 1880 3387 oportere;
1911 3316 2014 3372 Sa-
2047 3301 2089 3369 C

365 3408 588 3482 pientia
613 3423 751 3464 cum
804 3407 901 3474 sit,
935 3405 1064 3477 ejus
1094 3407 1396 3477 parentem
1427 3419 1584 3472 esse;
1636 3408 1694 3459 et
1739 3403 2020 3476 splendor

365 3513 502 3556 cum
550 3497 646 3565 sit,
680 3511 808 3556 esse
839 3510 1075 3567 quoque
1106 3493 1320 3560 lucem,
1354 3497 1527 3565 atque
1576 3493 1659 3549 ita
1701 3492 1932 3549 Patrem
1963 3498 2022 3550 et

367 3585 583 3645 Filium
614 3601 801 3642 unum
833 3600 984 3642 esse.

434 3675 527 3732 27.
559 3678 693 3732 Haec
722 3690 858 3730 cum
902 3673 1082 3746 probe
1114 3673 1294 3730 sciret
1338 3672 1673 3745 Dionysius,
1707 3671 1809 3729 illa
1837 3671 2023 3729 edidit

367 3765 610 3837 scripta,
632 3764 1045 3836 prioribusque
1065 3763 1257 3817 verbis
1281 3761 1601 3818 Sabellium
1625 3761 1976 3833 compressit
2003 3777 2016 3817 :

365 3854 461 3912 his
488 3869 626 3912 vero
655 3852 931 3912 Arianam
965 3850 1282 3924 prosternit
1312 3851 1603 3907 haeresim.
1629 3851 1702 3908 Ut
1730 3851 1887 3906 enim
1917 3850 2023 3906 hu-

366 3959 547 4006 mana
558 3942 876 4004 Salvatoris
894 3945 1030 4013 apta
1046 3945 1184 3996 sunt
1197 3940 1266 3995 ad
1281 3940 1600 3997 Sabellium
1618 3941 2020 4009 evertendum,

369 4047 402 4087 e
435 4047 712 4092 converso
755 4031 814 4086 in
860 4029 1276 4096 Ariomanitas,
1310 4046 1427 4085 non
1477 4047 1546 4086 ex
1589 4029 1889 4098 humanis,
1921 4029 2023 4086 sed

369 4137 442 4182 ex
471 4120 544 4178 iis
595 4137 719 4192 quae
750 4119 922 4177 Verbi
951 4118 1317 4174 divinitatem
1358 4118 1643 4188 indicant,
1675 4124 2026 4191 argumenta

370 4214 513 4269 sunt
542 4210 858 4278 mutanda;
888 4213 956 4266 ut
985 4225 1057 4266 ne
1085 4207 1194 4275 illi,
1228 4225 1356 4280 quae
1388 4209 1458 4265 de
1490 4209 1737 4266 Domino
1765 4210 2024 4282 corporis

370 4317 553 4360 causa
607 4301 886 4356 dicuntur
931 4314 1106 4371 prave
1159 4297 1640 4371 interpretantes,
1689 4299 2027 4356 existiment

370 4390 666 4463 ejusmodi
697 4407 826 4448 esse
845 4389 1125 4458 Verbum,
1145 4387 1348 4461 quales
1371 4405 1477 4446 nos
1499 4388 1770 4446 homines
1791 4406 2024 4456 sumus,

372 4496 439 4538 ac
470 4481 711 4538 demum
741 4480 800 4536 in
833 4477 1065 4536 insania
1085 4495 1194 4534 sua
1214 4481 1729 4551 perseverent.Qui
1761 4479 1810 4535 si
1841 4481 1913 4537 de
1941 4479 2028 4536 di-

370 4571 610 4628 vinitate
648 4571 986 4636 doceantur,
1035 4584 1212 4625 suum
1260 4567 1374 4640 ipsi
1423 4584 1681 4625 errorem
1730 4568 2024 4640 improba-

371 4660 522 4717 bunt
553 4677 566 4717 :
600 4674 852 4731 cumque
901 4657 1218 4714 didicerint
1244 4656 1502 4714 Verbum
1533 4673 1772 4714 carnem
1806 4659 2026 4714 factum

372 4764 524 4818 esse,
555 4747 819 4806 humana
859 4747 919 4803 in
949 4751 1252 4820 posterum
1297 4746 1528 4804 facilius
1558 4747 1927 4820 distinguent
1957 4748 2030 4804 ab

442 4924 487 4960 7°
511 4923 683 4980 Joan.
714 4937 832 4988 xlv,
861 4921 918 4974 9.
994 4919 1112 4955 "'7'
1139 4919 1310 4978 Joan.
1343 4937 1384 4992 ι,
1422 4919 1508 4976 14.

443 5107 559 5182 (34)
589 5106 727 5182 Beg.
763 5106 1004 5182 Taurin.
1035 5110 1179 5182 δοες,
1221 5110 1434 5181 πεινῇν.
1475 5107 1606 5165 Mox
1645 5102 2030 5178 Taurinensis

369 5173 628 5253 Colbert.
661 5173 806 5253 Ῑθεη
837 5173 1302 5253 καὶ-ὃτι-ηὕχετο.
1357 5173 1365 5181 ’
1437 5252 1484 5253 η
1639 5199 1642 5202 ’

443 5255 554 5377 (35)
588 5251 828 5307 Taurin.
861 5250 1016 5332 _Colb.
1049 5249 1191 5319 Jes,‘
1224 5250 1389 5323 τόσῳ.
1434 5252 1565 5308 Mox
1608 5254 1774 5327 Reg,
1806 5251 1894 5308 καὶ
1927 5253 2030 5326 ἀμ-

416 5324 440 5379 ἑ
485 5343 567 5380 ου.
603 5324 663 5378 In
695 5323 938 5378 Taurin.
971 5321 1129 5378 Colb.
1160 5295 1306 5380 jesn
1337 5322 1427 5376 καί
1468 5325 1651 5380 deest.

373 5341 567 5380 πεΛου.
603 5341 663 5378 1n
696 5341 938 5378 '1'aurm.
971 5341 1129 5378 UOH).
1160 5341 1306 5388 JES.,
1337 5341 1427 5376 και
1468 5341 1651 5381 αεθεῑ.

445 5394 750 5469 (36)_Colb.
779 5395 902 5469 des.
941 5394 1032 5469 Er.
1069 5393 1502 5469 1,}75axoéovca.
1554 5397 1703 5452 Editi
1755 5403 1813 5453 et
1863 5397 2026 5469 Reg.,

377 5462 735 5538 ὑπακούοντα.
778 5467 910 5522 Mox
942 5465 1104 5538 Reg.,
1136 5462 1402 5538 Brachi-ai.

449 5535 773 5618 (3_7)'Colb.,
803 5539 930 5618 Jes._
945 5535 1058 5618 _Fr.
1080 5539 1145 5618 __i_,
1180 5536 1482 5618 ἐπακούων..
1519 5540 1656 5618 Reg.
1699 5540 1939 5618 'I‘_aurin.
1973 5545 2031 5618 et

375 5606 874 5681 9diti,61rctx06wv.
911 5608 1043 5664 Mox
1080 5610 1322 5666 Taurin.
1357 5611 1518 5667 Colb.
1571 5606 1688 5668 J33.
1727 5614 1818 5669 Fr.
1854 5614 1903 5681 1,
1936 5610 2026 5681 καὶ

372 5677 558 5755 ’ἕτερος
590 5679 915 5806 ὁοέεωργός.
948 5681 1063 5739 Alii
1110 5685 1178 5736 ut
1213 5682 1374 5738 editi.
1411 5685 1474 5740 In
1506 5683 1718 5742 iisdem
1768 5677 1904 5742 moi
1950 5677 2026 5747 ὣς

377 5750 560 5810 deest.
594 5749 636 5805 Il
684 5764 798 5824 em,
828 5748 1045 5829 λέγεται
1077 5752 1142 5829 ρή
1157 5771 1316 5826 ματα.

546 5791 560 5806 .
595 5770 798 5824 uuem,
831 5770 1045 5829 Λεγεται
1077 5770 1142 5830 ρη
1157 5771 1316 5826 ματα.

901 412 968 474 S.
1013 408 1444 472 ATHANASII
1488 407 1659 471 OPP.
1707 407 1911 472 PARS
1953 408 2002 468 Ι.
2036 441 2112 452 -
2147 407 2569 472 HISTORICA
2610 407 2712 470 ET
2754 406 3236 472 DOGMATIGA.

353 549 442 618 ter
471 564 644 604 unum
688 563 898 614 sumus,
930 549 1007 615 et,
1043 546 1159 618 Qui
1197 545 1334 600 vidit
1370 559 1478 616 me,
1510 542 1648 599 vidit
1693 551 1745 598 et
1792 544 2015 599 Patrem

2134 538 2217 596 καὶ
2276 540 2304 594 6
2376 541 2564 616 Πατὴρ
2637 539 2689 596 ἔν
2758 537 2917 616 ἐσμεν
2950 586 2964 613 ,
3031 539 3170 613 καὶ,

3241 542 3298 596 Ὁ
3361 541 3621 618 δωρακὼς
3689 541 3790 617 ἰμὶ

2121 630 2328 704 ἑώρακε
2383 631 2474 686 τὸν
2523 631 2756 706 Πατὲραι
2808 628 2956 696 ἀλλὰ
2999 631 3067 686 τὰ
3115 630 3470 709 ἀνθρωπίνως
3520 630 3788 707 εἰρημένα

2118 719 2366 792 περὶτοῦ
2418 725 2679 795 Σωτῆρος
2721 715 3081 794 προϐάλλειν,
3115 718 3296 796 ὥσπερ
3330 719 3491 784 αὐτὸς
3541 720 3783 793 πεποίη-

2116 829 2226 865 κεν·
2280 809 2369 866 οἷά
2425 809 2536 866 ἐστι
2589 809 2652 864 τὸ
2711 813 2895 880 πεινᾷν
2949 811 3086 885 (34),
3145 810 3208 866 τὸ
3268 813 3489 883 κοπιᾷν,
3533 809 3647 881 καὶ,
3696 809 3784 868 ὅτι

2118 895 2391 972 ἄμπελος.
2420 899 2512 958 καὶ
2564 893 2794 974 ηὔχετο,
2844 897 2936 954 καὶ
2982 899 3264 956 πέπονθεν·
3316 898 3430 974 ὅσῳ
3467 901 3572 976 γὰρ
3615 903 3784 957 ταῦτα

2115 989 2343 1046 ταπεινὰ
2373 986 2614 1064 λέγεται,
2661 988 2909 1062 τοσούτῳ
2956 991 3070 1064 (35)
3099 985 3372 1045 δείκνυται
3417 990 3494 1063 μὴ
3528 989 3561 1044 6
3593 991 3782 1067 Πατὴρ

2118 1077 2410 1152 γενόμενος
2465 1077 2746 1155 ἅνθρωπος
2778 1122 2792 1138 .
2853 1079 3091 1154 ’Δνάγκη
3163 1080 3268 1155 γὰρ
3303 1125 3322 1152 ,
3375 1077 3467 1136 καὶ
3528 1077 3782 1154 ἀμπέλου

2121 1167 2424 1242 λεγομένου
2453 1172 2550 1224 τοῦ
2582 1167 2803 1241 Κυρίου,
2849 1167 2984 1240 εἶναι
3034 1165 3125 1223 καῖ
3177 1167 3447 1247 μεωργόν·
3493 1169 3585 1225 καὶ
3615 1168 3784 1248 εὖχο-

2125 1256 2286 1329 μένου
2320 1255 2506 1332 αὐτοῦ,
2558 1257 2693 1318 εἶναι
2737 1258 2828 1314 τὸν
2879 1256 3218 1326 ἐπακούοντα
3263 1261 3400 1334 (36)·
3439 1259 3531 1320 καὶ
3561 1260 3783 1315 αἱτοῦνο

2118 1367 2211 1408 τος
2244 1345 2430 1414 αὐτοῦ,
2464 1345 2600 1418 εἶναι
2643 1347 2738 1402 τὸν
2789 1343 3028 1404 διδόντα.
3071 1349 3145 1402 Τὰ
3182 1345 3242 1404 Si
3287 1351 3514 1412 τοιαῦτα
3566 1346 3781 1424 μᾶλλον

2121 1434 2491 1512 εὐκολώτερον
2517 1437 2617 1506 τήν
2666 1439 2775 1494 τῶν
2817 1430 3208 1493 Σαϐελλιανῶν
3263 1436 3456 1510 μανίαν
3490 1433 3780 1498 δείκνυσιν

2121 1521 2474 1601 ὅτιὲτεροςθ
2526 1524 2848 1602 εὐχόμενος,
2897 1521 3082 1600 ἕτερος
3128 1527 3158 1581 6
3207 1524 3487 1592 ἐπακούων
3523 1529 3661 1603 (37),
3689 1525 3786 1584 καὶ

2123 1612 2296 1677 ἄλλος
2325 1617 2360 1684 ἡ
2394 1611 2665 1688 ἄμπελος,
2694 1615 2786 1670 καὶ
2815 1612 2992 1679 ἄλλος
3022 1616 3052 1672 6
3081 1615 3350 1692 γεωργός.
3385 1618 3521 1674 Ὅσα
3567 1617 3673 1694 γᾲρ
3704 1618 3784 1684 ὡς

2123 1704 2478 1775 ἁποξενοῦντα
2503 1705 2596 1760 τὸν
2643 1705 2766 1772 Υἱὸν
2817 1704 2924 1761 ἀπὸ
2975 1709 3075 1761 τοῦ
3116 1705 3333 1782 Πατρός
3366 1702 3585 1783 λέγεται
3621 1705 3781 1783 ῥητὰ,

2119 1798 2287 1849 ταῦτα
2318 1791 2406 1848 διὰ
2447 1795 2546 1864 τὴν
2598 1795 2789 1872 σάρκα,
2837 1794 2906 1865 ἢν
2957 1792 3027 1851 δι’
3071 1797 3221 1868 τί,μᾶ
3270 1793 3514 1874 ἰφόρεσε,
3561 1793 3786 1874 λέγεται

2044 1924 2092 1989 Β
2122 1883 2248 1959 περὶ
2297 1882 2498 1940 αὐτοῦ.
2545 1884 2696 1989 ξένα
2740 1885 2845 1960 γὰρ
2892 1884 2962 1941 τὰ
3005 1885 3210 1989 γενηέὶ
3261 1886 3398 1955 κατὰ
3451 1884 3609 1989 φύσιν
3643 1884 3783 1942 ’ἐστὶ

2122 1977 2219 2029 τοῦ
2264 1977 2419 2031 Θεοῦ.
2470 1974 2569 2029 Διά
2613 1977 2776 2030 τοῦτο
2823 1978 2954 2050 γοῦν
3006 1971 3193 2045 ἐπειδὴ
3240 1981 3346 2046 τῆς
3395 1975 3594 2053 σαρκὸς
3624 1995 3784 2052 γενηερ

2122 2071 2223 2133 τῆς
2267 2059 2436 2133 οὔσης
2481 2063 2726 2139 γέγονεν,
2777 2064 2854 2126 ὡς
2905 2065 2934 2119 6
2983 2063 3240 2135 Ἰωάννης
3291 2062 3478 2144 φησίν,
3523 2066 3555 2120 6
3600 2065 3784 2142 Λόγος

2125 2152 2455 2227 σὰρξ,καίτοι
2498 2153 2636 2208 κατὰ
2682 2152 2838 2232 φύσιν
2883 2150 3029 2217 ἵδιος
3075 2153 3167 2209 καὶ
3217 2151 3525 2231 ἀδιαίρετος
3569 2151 3646 2220 ὢν
3684 2158 3785 2224 τοῖν

2125 2243 2357 2319 Πατρὸς,
2411 2241 2566 2316 ὅμως
2616 2240 2685 2297 δι’
2735 2241 2901 2313 αὐτὴν
2957 2240 3177 2320 λὲγιται
3223 2243 3314 2300 καὶ
3365 2241 3396 2299 6
3444 2245 3635 2321 Πατὴρ
3688 2265 3788 2320 ματ

2123 2333 2253 2408 κρὰν
2288 2331 2378 2387 ἀπ’
2427 2331 2614 2394 αὐτοῦ’
2662 2333 2732 2387 τὰ
2775 2333 2880 2408 γὰρ
2919 2339 3021 2404 τῆς
3071 2333 3269 2410 σαρκὸς
3317 2330 3436 2389 ’ίδια
3483 2333 3646 2400 αὐτὸς
3692 2334 3786 2390 ἂν·

2126 2421 2308 2498 ἔχεται
2341 2423 2450 2496 (33)
2480 2422 2605 2498 περὶ
2658 2421 2825 2477 αὐτοῦ
2879 2420 3151 2498 Myso-01v
3179 2421 3273 2478 ἵνα
3319 2419 3537 2500 δειχθῇ,
3569 2422 3658 2488 ὅτι
3686 2423 3789 2481 οὐκ

2126 2509 2324 2581 ἄλλου,
2355 2508 2482 2566 ἀλλ’
2509 2510 2674 2566 αὐτοῦ
2702 2512 2770 2581 ἦν
2802 2508 2942 2568 ἴδιον
2970 2513 3034 2568 τὸ
3065 2517 3246 2587 σῶμα.
3278 2511 3549 2584 Τοιαύτης
3594 2510 3655 2569 δὲ
3681 2520 3786 2586 τῆς

2127 2597 2366 2662 διανοίας
2418 2597 2620 2674 οὔσης,
2659 2602 2960 2677 ταχύτερον
3007 2599 3401 2678 ἐλεγχθήσεται
3451 2596 3784 2676 Σαϐἑλλιος,

2127 2689 2212 2745 ὅτι
2248 2691 2321 2764 μὴ
2376 2687 2516 2744 ἔστιν
2552 2691 2581 2745 6
2612 2692 2801 2766 Πατὴρ
2834 2692 2862 2746 6
2895 2691 3190 2766 γενόμενος
3236 2691 3387 2768 σὰρξ,
3439 2689 3566 2748 ἀλλῗ
3597 2693 3627 2748 6
3654 2691 3782 2749 τού-

2124 2800 2222 2834 του
2297 2777 2475 2854 Λόγος
2547 2782 2682 2854 (39),
2744 2780 2772 2834 ὀ
2844 2781 2936 2836 καὶ
2990 2779 3192 2851 ταύτην
3266 2779 3637 2856 λυτρούμενος
3692 2781 3784 2839 καὶ

2126 2869 2422 2944 προσάγων
2468 2872 2549 2940 τῷ
2578 2869 2771 2944 Πατρί.
2819 2869 2974 2928 Οὕτω
3026 2867 3085 2926 δὲ
3115 2867 3395 2946 διελέγξας
3424 2872 3516 2926 καὶ
3566 2870 3777 2945 πείσας,

2128 2955 2322 3012 λοιπὸν
2354 2958 2445 3012 καὶ
2473 2957 2598 3033 περὶ
2626 2965 2728 3028 τῆς
2756 2963 2856 3014 τοῦ
2903 2958 3084 3036 Λόγου
3129 2959 3394 3032 θεότητος
3437 2958 3778 3038 ἑτοιμότερον

2130 3043 2352 3118 διδάξειο
2404 3045 2488 3102 ὅτι
2535 3047 2715 3124 Λόγος
2764 3050 2879 3123 (40)
2924 3049 3015 3116 καὶ
3070 3049 3270 3128 Σοφία,
3318 3049 3444 3114 Υἱὸς
3491 3050 3580 3106 καὶ
3623 3049 3787 3116 Δύνςο

2133 3157 2246 3210 μις,
2296 3135 2626 3211 ἀπαύγασμα
2667 3134 2756 3192 καί
2804 3141 3124 3215 ’χαρασκτήρ
3178 3183 3191 3197 .
3245 3140 3482 3216 ’Δνάγκη
3545 3140 3650 3216 γὰρ
3694 3139 3786 3196 καὶ

2131 3225 2354 3282 ἐνταῦθα
2410 3228 2522 3301 (41)
2579 3224 2744 3282 πάλιν
2798 3232 2964 3298 νοεῖν,
3027 3227 3132 3300 ὅττι,
3189 3232 3287 3284 τοῦ
3341 3228 3533 3304 Λόγου
3605 3223 3785 3304 ὄντος,

2130 3315 2264 3371 εἶναι
2304 3313 2386 3370 δεῖ
2423 3314 2512 3370 καὶ
2550 3315 2640 3375 τὸν
2683 3317 2896 3393 Πατέρα
2930 3321 3028 3372 τοῦ
3074 3317 3278 3392 Λόγου·
3318 3316 3410 3374 καὶ
3451 3318 3645 3398 σοφίας
3692 3316 3786 3374 οὕ-

2129 3426 2252 3476 ο-ης,
2299 3404 2549 3461 εἶναικαὶ
2605 3405 2697 3460 τὸν
2753 3405 2958 3476 ταύτης
3006 3407 3181 3482 γονέα·
3235 3406 3325 3462 καὶ
3357 3407 3787 3483 ἀπαυγασματος

2128 3490 2307 3565 ὄντος,
2341 3494 2472 3557 εἶναι
2517 3496 2610 3550 καὶ
2663 3496 2725 3550 τὸ
2771 3499 2906 3573 φῶς·
2961 3495 3052 3551 καὶ
3101 3493 3277 3566 οὕτως
3325 3495 3459 3560 εἶναι
3507 3497 3598 3564 τὸν
3656 3497 3781 3553 Υἱὸν

2128 3584 2218 3641 καὶ
2246 3586 2338 3640 τὸν
2365 3585 2581 3658 Πατέρα
2597 3581 2677 3643 ἓν.

2199 3677 2289 3732 27.
2322 3677 2498 3729 Ταῦτα
2554 3673 2834 3738 Διονύσιος
2900 3672 3059 3738 εἰδὼς
3127 3671 3332 3752 ἔγραψε
3371 3694 3386 3710 ο
3415 3675 3506 3744 καὶ
3543 3673 3598 3730 ἐν
3638 3671 3781 3731 ἑκεί-

2129 3785 2240 3826 νοις
2307 3764 2402 3837 μὲν
2462 3758 2767 3819 Σαϐἑλλιον
2829 3761 3122 3838 ἐφίμωσεν,
3183 3763 3236 3820 ἐν
3295 3762 3510 3834 τούτοις
3568 3761 3627 3826 δὲ
3681 3765 3783 3834 τὴν

2130 3853 2414 3927 ’Λρειανήν
2457 3850 2658 3928 α’ίρεσιν
2723 3853 3051 3929 κατέστρεψε
3115 3857 3249 3929 (42).
3303 3847 3406 3911 καὶ
3443 3854 3549 3930 γὰρ
3609 3851 3794 3931 ὥσπερ

2132 3942 2414 4018 ἀνατρέπει
2457 3936 2761 4000 Σαϐἐλλιον
2786 3944 2853 3997 τὰ
2883 3943 3197 4020 ἀνθρώπινα
3223 3947 3323 3998 τοῦ
3357 3941 3797 4020 Σαηῆροςρξίτω

2132 4032 2222 4087 καὶ
2272 4032 2408 4107 πρὸς
2455 4030 2585 4094 τοὺς
2627 4031 3044 4108 Ἀρειομανίτας
3089 4032 3190 4102 οὐκ
3237 4032 3344 4099 ἀπὸ
3371 4036 3481 4098 τῶν
3511 4029 3796 4108 ἀνθρωπί-

2133 4142 2262 4193 νων,
2319 4117 2447 4176 ἀλλ’
2504 4119 2609 4175 ἀπὸ
2668 4125 2776 4176 τῶν
2817 4119 3197 4195 σημαινόντων
3254 4121 3357 4191 τήν
3426 4120 3662 4192 θεότητα
3696 4123 3799 4180 vbis

2136 4209 2310 4285 Λόγου
2358 4211 2624 4266 ποιεῖσθαι
2675 4213 2788 4287 χρὴ
2819 4210 2949 4274 τοὺς
2997 4211 3113 4274 κατ’
3164 4209 3342 4272 αὐτῶν
3385 4208 3680 4288 ἰλίιγχους⁹
3714 4208 3803 4266 ἶνα

2139 4301 2214 4374 μὴ
2246 4299 2336 4355 καὶ
2397 4297 2568 4372 οὗτοι,
2625 4301 2694 4355 τὰ
2752 4297 2842 4356 διὰ
2893 4301 2956 4358 τὸ
3015 4304 3180 4376 σῷμα
3227 4299 3498 4377 λεχθᾶντα,
3533 4299 3660 4375 περὶ
3700 4302 3801 4356 τοῦ

2133 4389 2334 4466 Κυρίου
2363 4389 2856 4466 παρεξηγούμενοι,
2901 4391 3170 4466 νομίσωσι
3216 4394 3467 4448 τοιοῦτον
3517 4389 3654 4446 εἶναι
3700 4388 3798 4449 τᾶν

2135 4479 2337 4554 Λόγον,
2371 4479 2479 4536 οἶοί
2512 4481 2674 4554 ἐσμεν
2704 4483 2872 4554 ἡμεῖς
2902 4481 2956 4535 οἱ
2989 4479 3286 4558 ἅνθρωποι,
3335 4479 3426 4536 καὶ
3459 4478 3653 4536 λοιπὸν
3680 4478 3802 4536 ἐπι-

2141 4570 2364 4643 μείνωσι
2393 4573 2462 4645 τῇ
2489 4571 2690 4626 ἑαυτῶν
2728 4571 2910 4645 μανίᾳ.
2954 4576 3053 4626 "Av
3087 4568 3146 4627 δὲ
3195 4568 3496 4647 διδαχθῶσι
3527 4568 3620 4626 καὶ
3650 4565 3802 4625 οὗτοι

2061 4680 2106 4746 D
2135 4659 2262 4735 περί
2308 4666 2409 4730 τῆς
2464 4659 2742 4730 θεότητος,
2791 4659 3229 4735 καταγνώσονται
3278 4659 3372 4733 μὲν
3431 4665 3535 4728 τῆς
3591 4658 3800 4722 ἑαυτῶν

2137 4746 2448 4818 κακονοίας,
2506 4748 2878 4826 εύκογώτερον
2937 4746 2996 4804 δὲ
3064 4747 3346 4822 μαθόντες,
3415 4746 3500 4806 ὅτι
3554 4747 3583 4806 6
3621 4746 3804 4825 Λόγος

2237 5112 2328 5185 38)
2361 5111 2602 5173 Taurin.
2636 5111 2802 5174 Colb.
2833 5113 2923 5173 Fr.
2959 5115 3009 5186 1,
3044 5107 3382 5186 ἀναδέχεται.

2234 5182 2325 5260 39)
2358 5188 2597 5260 Taurin.
2630 5189 2774 5254 Jes.,
2804 5182 3005 5244 τούτου
3041 5192 3138 5244 τοῦ
3170 5182 3374 5260 Λόγου,
3409 5182 3710 5260 mendose.

2240 5248 2332 5330 40')
2364 5259 2454 5314 Sic
2485 5261 2726 5316 Taurin.
2755 5248 2916 5317 Colb.
2950 5261 3070 5316 Jes.
3101 5263 3176 5315 At
3206 5248 3432 5331 11:3ng
3446 5253 3618 5331 pediti,
3641 5248 3800 5331 6A3!»-

2180 5325 2260 5395 οξ,
2297 5325 2494 5406 minus
2537 5332 2880 5406 rec_te._Mox
2912 5331 3001 5388 καί
3033 5337 3167 5390 ante
3206 5325 3493 5406 χαρακτήρ
3524 5327 3691 5383 deest
3737 5325 3802 5382 in

2193 5416 2282 5459 σε.
2319 5403 2494 5457 Taur.
2528 5402 2687 5458 Colb.
2723 5404 2847 5459 Jes.

2206 5416 2282 5527 εἳ.
2319 5416 2494 5484 '1'a_ur.
2528 5416 2687 5458 uolo.
2723 5416 2847 5486 Jes.
3552 5468 3561 5478 ι
3601 5468 3612 5480 _

2206 5473 2232 5556 (
2275 5473 2324 5543 1)
2358 5473 2451 5528 Sic
2482 5473 2622 5546 Reg.
2655 5475 2894 5533 Taurin.
2924 5473 3084 5532 Colb.
3115 5475 3238 5532 Jes.
3264 5474 3356 5531 Fr.
3381 5473 3432 5527 1.
3459 5469 3615 5525 Editi
3639 5484 3804 5537 vero,

2136 5562 2326 5617 ταυτα,
2360 5561 2690 5617 perperam.

2207 5610 2339 5692 (42),
2361 5610 2645 5692 ’Ταῦτίηη
2674 5615 2937 5692 Etesiis-
2965 5617 3056 5673 καὶ
3078 5617 3216 5692 ,γὰρ
3276 5614 3456 5692 ὣσπὲρ
3517 5610 3803 5692 Missi".

2207 5631 2645 5700 (a2).'1"aur1n.,
2703 5631 2913 5702 ¹εγροιψε
2965 5631 3056 5673 και
3110 5631 3216 5692 γαρ
3276 5631 3456 5746 ωσπῖρ
3517 5631 3803 5705 ανξτρεψσ,

2137 5703 2374 5832 palaeae
2404 5690 2791 5748 intermedus.
2816 5690 3042 5766 Ibidem
3067 5689 3370 5748 Colb.Jes.
3437 5705 3485 5744 r.
3509 5686 3562 5768 1,
3604 5689 3804 5762 Apul.-

2139 5777 2316 5816 νικην.
