4148 6382
342 419 458 481 533

349 549 3127 595 W

1509 769 1634 815 ΤΟΥ
1688 767 1765 812 ΕΝ
1818 762 2031 810 ΑΓΙΟῘΣ

877 419 944 483 S.
988 421 1419 490 ATHANASII
1463 427 1638 490 OPP.
1689 429 1895 492 PARS
1938 429 1988 490 Ῑ.
2027 460 2104 475 -—
2133 429 2558 492 HISTORICA
2601 430 2704 492 ET
2745 427 3238 494 DOGMATICA.

2085 759 2336 811 ΠιΤΡΟΣ

3649 433 3777 499 894

3133 565 3775 600 m

2389 765 2574 814 ΗΜΩΝ

1559 958 2528 1091 ΑΘΑΝΑΣΙΟΥ

1284 1217 2042 1286 ΑΡΧΙΕΠΙΣΚΟΙἸΟΥ
2093 1217 2796 1287 ΛΑΕΞΑΝΔΡΕΙΑΣ

853 1445 1566 1559 ΕΠΙΣΤΟΛΗ
1685 1443 2050 1550 ΠΡΟΣ

2164 1434 3075 1555 ΔΡΑΚΟΝΤΙΟΝ
3107 1419 3243 1564 ί⁴⁷).

1159 1921 1308 2084 S.
1361 1929 1524 2082 P.
1578 1927 1760 2080 N.
1905 1923 2996 2086 ATHANASII

1473 2229 2077 2294 ARCHIEPISCOPI
2132 2228 2680 2292 ALEXANDRINI

906 2429 1716 2566 EPISTOLA
1802 2433 2010 2564 AD
2105 2426 3241 2574 DBACONTIUM.

446 2875 498 2932 1.
531 2875 741 2932 Hesito
789 2875 930 2947 quid
981 2876 1053 2932 ad
1103 2879 1162 2932 te
1207 2876 1502 2943 scribam;
1552 2880 1684 2933 tene
1714 2877 1872 2949 quod
1904 2877 2024 2950 epi-

2215 2877 2268 2930 1.
2304 2875 2522 2951 ’Δπορῶ
2551 2872 2606 2930 τί
2652 2875 2867 2950 γράψω.
2901 2877 3042 2950 ’Δρα
3091 2875 3194 2950 γὰρ
3243 2873 3321 2936 ὡς
3363 2873 3803 2948 παραιτούμενον

375 2966 683 3036 scopatum
731 2981 968 3022 recuses
1018 2965 1366 3039 vituperem,
1414 2983 1488 3022 an
1540 2967 1697 3038 quod
1745 2967 2030 3039 temporis

373 3057 604 3126 spectes
635 3053 1052 3127 conditionem,
1078 3055 1534 3128 Judaaorumque
1567 3061 1728 3112 metu
1759 3059 1815 3112 te
1845 3058 2032 3112 occul-

371 3141 507 3200 tes?
529 3141 890 3214 Quocunque
911 3160 1051 3200 sane
1075 3144 1246 3199 modo
1272 3160 1364 3199 res
1384 3147 1700 3216 Spectatur,
1719 3159 1834 3200 non
1859 3143 2034 3215 culpa

372 3235 542 3288 vacat
569 3230 629 3286 id
662 3233 817 3304 quod
849 3233 1042 3304 egisti,
1075 3232 1422 3288 charissime
1451 3233 1745 3289 Draconti.
1780 3233 1904 3288 Non
1939 3233 2030 3287 de-

377 3319 500 3377 cuit
557 3319 715 3376 enim
766 3325 824 3376 te
876 3337 1010 3376 cum
1069 3323 1318 3394 gratiam
1379 3323 1732 3394 accepisses,
1777 3321 2032 3378 latebras

377 3424 672 3481 qumrere:
699 3425 804 3465 nec
829 3409 1106 3481 debuisti,
1126 3411 1386 3482 prudens
1409 3427 1542 3466 cum
1567 3412 1671 3479 sis,
1689 3410 1820 3467 aliis
1844 3427 2037 3466 exem-

377 3497 544 3572 plum
593 3499 962 3570 capessendae
995 3498 1143 3572 fugae
1175 3499 1450 3571 praebere.
1485 3499 1686 3556 Multis
1716 3500 1896 3572 enim,
1929 3499 2035 3571 qui

379 3587 504 3644 haec
536 3585 794 3656 audiere,
827 3587 1104 3643 seandalo
1138 3588 1300 3643 fuisti
1336 3606 1349 3643 :
1400 3605 1515 3644 non
1566 3589 1722 3660 quod
1767 3589 1852 3644 sic
1893 3605 2034 3662 agas

382 3675 644 3748 quidem,
668 3677 769 3732 sed
793 3675 948 3748 quod
979 3681 1212 3749 tempus
1239 3693 1305 3732 ac
1336 3677 1744 3749 impendentes
1767 3677 2034 3734 Ecclesiae

382 3764 747 3822 calamitates
794 3765 1180 3838 prospiciens,
1233 3765 1316 3822 sic
1370 3783 1532 3839 agas.
1580 3770 1660 3823 Ac
1708 3783 1909 3823 vereor
1962 3784 2035 3824 ne

381 3855 525 3910 dum
552 3855 639 3910 tui
662 3871 842 3911 causa
864 3854 1037 3926 fugis,
1061 3854 1311 3911 aliorum
1339 3872 1518 3911 causa
1541 3857 1694 3928 apud
1718 3855 2034 3913 Dominum

379 3941 726 4015 periclitere.
761 3941 821 3998 Si
854 3941 1010 3997 enim
1040 3943 1091 3998 ei
1123 3945 1219 4013 qui
1247 3959 1422 3998 unum
1451 3944 1515 4000 de
1543 3946 1768 4016 pusillis
1795 3946 2031 4001 scanda-

385 4029 993 4101 lizaver-itmptabilius
1021 4033 1097 4086 sit
1125 4035 1186 4086 ut
1213 4033 1582 4104 suspendatur
1609 4035 1755 4090 mola
1785 4036 2035 4090 asinaria

379 4119 441 4176 in
469 4121 608 4176 collo
640 4121 780 4192 ejus,
812 4127 864 4175 et
889 4119 1237 4192 demergatur
1278 4124 1340 4176 in
1376 4123 1715 4194 profundum
1745 4125 1918 4179 maris
1945 4124 1992 4158 ⁷⁸
2017 4142 2031 4191 ;

380 4208 522 4282 quid
563 4209 635 4265 de
683 4213 741 4264 te
791 4209 1053 4265 futurum
1085 4215 1196 4279 est,
1235 4211 1334 4282 qui
1363 4215 1484 4266 tam
1517 4211 1721 4269 multis
1753 4213 2033 4268 scandala

377 4298 560 4356 fueris
580 4299 608 4354 ?
637 4297 863 4354 Etenim
887 4299 1272 4356 admirandus
1302 4300 1400 4356 ille
1420 4300 1794 4357 Alexandrini
1817 4302 1939 4375 agri
1973 4301 2033 4356 in

375 4391 434 4443 te
466 4387 733 4460 eligendo
759 4403 1101 4457 consensus,
1134 4389 1205 4445 ob
1236 4392 1403 4447 tuum
1440 4406 1738 4447 secessum
1771 4407 2036 4447 necessa-

379 4477 464 4532 rio
512 4476 572 4531 in
621 4475 1045 4548 complurimas
1101 4477 1392 4534 dividetur
1441 4480 1768 4536 factiones:
1826 4485 2033 4553 estque

375 4564 560 4636 hujus
587 4565 698 4621 loci
730 4566 1105 4638 episcopatus
1155 4584 1189 4622 a
1233 4567 1435 4624 multis
1469 4568 1875 4637 invadendus;
1929 4569 2031 4626 iis-

377 4669 492 4726 que
521 4670 638 4709 non
670 4654 823 4711 208
865 4654 1066 4726 probis
1119 4655 1279 4725 viris,
1335 4658 1436 4712 sed
1485 4673 1634 4728 quos
1685 4662 1804 4713 tute
1854 4660 2031 4731 probe

377 4742 552 4800 nosti.
595 4743 816 4799 Dehinc
863 4743 1093 4800 Ethnici
1145 4745 1244 4816 qui
1295 4745 1354 4799 in
1404 4750 1506 4801 tua
1553 4746 1922 4804 ordinatione
1971 4765 2034 4804 se

375 4830 740 4889 Christianos
796 4832 918 4888 fore
966 4832 1208 4904 polliciti
1260 4839 1417 4906 sunt,
1451 4835 1511 4891 in
1543 4835 1869 4908 gentilitate
1900 4854 2028 4910 per-

2061 4261 2111 4326 B

2147 2963 2435 3038 μέμψομαί
2481 2983 2558 3034 σε,
2607 2964 2642 3032 ἢ
2677 2963 2752 3025 ὡς
2779 2963 2871 3018 τὸν
2911 2964 3097 3034 καιρὸν
3148 2963 3378 3039 ὁρῶντα,
3423 2963 3513 3019 καὶ
3558 2962 3798 3035 κρυπτό-

2147 3074 2304 3126 μενον
2339 3051 2427 3108 διά
2456 3053 2545 3107 τὸν
2577 3048 2745 3130 φόϐον
2776 3057 2885 3108 τῶν
2920 3049 3196 3110 Ἰουδαίων
3221 3072 3234 3122 ;
3260 3049 3415 3122 Πλὴν
3446 3049 3552 3107 εἲίτε
3581 3049 3791 3122 ἄλλως,

2143 3140 2249 3198 εἴτε
2299 3140 2494 3210 οὕτως,
2546 3140 2689 3213 ἄξιον
2744 3143 3002 3216 μέμψεως
3050 3141 3113 3196 τὸ
3160 3142 3308 3218 παρὰ
3355 3145 3451 3198 σοῦ
3500 3141 3796 3215 γεγενημὲυ

2141 3252 2251 3302 νον,
2303 3232 2547 3307 ἀγαπητὶ
2598 3231 2905 3306 Δρακόντιε.
2958 3230 3030 3286 Οὐ
3081 3232 3184 3306 γὰρ
3233 3229 3433 3306 ἔπρεπε
3472 3224 3708 3285 λαϐόντα
3740 3251 3799 3287 σε

2139 3322 2237 3390 τὴν
2271 3322 2432 3396 χάριν
2458 3320 2805 3397 κρύπτεσθαι,
2829 3317 2954 3374 οὐδὲ
2979 3320 3239 3398 φρόνιμον
3260 3315 3407 3392 ὄντα,
3443 3316 3652 3374 διδόναι
3686 3320 3801 3392 (i8)

2142 3415 2258 3472 τοῖς
2294 3407 2489 3471 ἄλλοις
2521 3411 2821 3487 προφάσεις
2852 3416 3052 3487 φυγῆς.
3083 3406 3293 3464 Πολλοὶ
3339 3409 3444 3484 γάρ
3476 3407 3805 3471 ἀκούσαντες

2144 3496 2613 3567 σκανδαλίζονταιο
2649 3497 2757 3574 οὐχ
2802 3498 2877 3560 ὡς
2934 3495 3125 3560 ἀπλῶς
3165 3496 3326 3552 τοῦτό
3359 3517 3456 3552 σου
3487 3501 3802 3568 ποιοῦντος,

2145 3585 2292 3641 ἀλλὰ
2345 3592 2680 3664 συνορῶν-τος
2729 3587 2820 3642 τὸν
2870 3587 3057 3660 καιρὸν
3093 3631 3107 3655 ,
3152 3586 3243 3640 καὶ
3287 3586 3385 3648 τὰς
3457 3585 3800 3659 ἐπικειμένας

2143 3674 2358 3750 θλίψεις
2387 3681 2456 3750 τῇ
2488 3675 2807 3747 Ἐκκλησία.
2840 3675 2939 3731 Καὶ
2987 3670 3264 3753 φοϐοῦμαι
3320 3675 3419 3748 μή,
3471 3672 3560 3729 διὰ
3607 3674 3799 3729 σαυτὸν

2144 3763 2358 3843 φεύγων
2397 3809 2411 3834 ,
2463 3763 2532 3821 δι’
2590 3763 2797 3828 ἄλλους
2857 3765 3080 3840 εὑρεθῇς
3140 3762 3460 3820 κινδυνεύων
3519 3764 3669 3837 παρὰ
3721 3767 3804 3836 τῷ

2144 3853 2366 3930 Κυρίῳ.
2431 3843 2495 3910 Εἰ
2552 3855 2656 3930 γὰρ
2710 3855 2739 3908 ὁ
2795 3850 2889 3908 ἕνα
2943 3858 3051 3908 τῶν
3116 3858 3324 3927 μικρῶν
3385 3849 3752 3922 σκανδαλίζων
3787 3898 3804 3924 ,

2142 3940 2312 3998 ἕλοιτ’
2366 3942 2422 3998 ἂν
2489 3941 2661 4016 μύλον
2717 3942 2895 3998 ὀνικὸν
2954 3942 3078 4019 περὶ
3141 3939 3234 3997 τὸν
3293 3939 3578 4018 τράχηλον
3638 3939 3805 3996 αὐτοῦ

2143 4035 2516 4106 κρεμασθῆναι
2576 4075 2592 4100 ,
2649 4033 2739 4087 καὶ
2818 4033 3363 4102 καταποντισθῆναι·
3435 4029 3491 4086 τί
3570 4030 3629 4086 ἃν
3706 4030 3806 4085 πά-

2145 4124 2260 4183 θοις
2289 4123 2402 4194 (49)
2432 4122 2495 4176 σὺ
2523 4121 2805 4183 τοσούτοις
2855 4121 3138 4196 γινόμενος
3183 4117 3481 4175 σκάνδαλον
3519 4138 3534 4189 ;
3567 4119 3667 4174 Καὶ
3699 4118 3803 4194 γὰρ

2145 4213 2181 4279 ἡ
2224 4209 2284 4264 ἐκ
2331 4207 2635 4287 παραδόξου
2683 4211 2947 4285 γενομένη
3001 4210 3283 4288 συμφωνία
3332 4208 3382 4263 ἐν
3433 4212 3503 4282 τῇ
3553 4205 3806 4279 Ἀλεξανὸ

2146 4296 2313 4374 δρὲων
2347 4301 2526 4376 χώρᾳ,
2579 4299 2630 4354 ἐν
2661 4304 2729 4373 τῇ
2899 4300 3238 4368 καταστάσει,
3286 4298 3338 4369 ἐξ
3386 4296 3628 4372 ἀνάγκης
3678 4315 3804 4372 σχι-

2149 4389 2402 4459 σθήσεται
2434 4386 2521 4442 διὰ
2550 4389 2650 4458 τὴν
2685 4390 2781 4457 σήν
2829 4388 3202 4464 ἀναχώρησινο
3235 4386 3325 4442 καὶ
3374 4388 3409 4455 ἡ
3439 4385 3709 4455 ἐπισκοπή
3744 4381 3804 4440 δὶ

2143 4485 2242 4548 τῆς
2303 4479 2491 4555 χώρας
2549 4478 2718 4547 αὐτῆς
2779 4479 2881 4533 ὑπὸ
2936 4476 3164 4532 πολλῶν
3229 4477 3602 4551 ἀρπαγήσεται
3639 4493 3652 4506 ⁸
3709 4473 3802 4529 καὶ

2145 4565 2375 4623 πολλῶν
2408 4566 2507 4623 οὐκ
2539 4566 2738 4643 ὀρθῶν.
2771 4565 2896 4622 ἀλλ’
2926 4567 2999 4622 ὧν
3030 4563 3178 4630 οἶδας
3211 4564 3300 4621 καὶ
3331 4563 3494 4626 αὐτός
3525 4565 3661 4637 (50),
3703 4560 3805 4619 Καί

2147 4657 2344 4712 ἐθνικοὶ
2376 4654 2433 4711 δὲ
2464 4658 2514 4712 οἱ
2549 4654 3022 4732 ἐπαγγελλόμενοι
3072 4652 3385 4734 Χριστιανοὶ
3437 4653 3677 4728 γίνεσθαι
3713 4650 3804 4706 ἐπὶ

2144 4751 2212 4819 τῇ
2270 4751 2337 4819 σῇ
2390 4747 2732 4817 καταστάσει,
2781 4745 3144 4819 ἁπομενοῦσιν
3205 4740 3498 4814 Ἕλληνες,
3547 4747 3649 4810 τῆς
3698 4745 3801 4810 σῆς

2144 4830 2430 4899 εὐλαϐείας
2462 4835 2842 4907 ἐξουθενούσης
2873 4837 2973 4905 τήν
3007 4831 3247 4891 δοθεῖσαν
3277 4833 3462 4910 χάριν.

374 4922 722 4990 manebunt,
753 4925 855 4978 tua
881 4922 1096 4994 pietate
1125 4923 1377 4996 gratiam
1408 4923 1522 4981 sibi
1553 4925 1748 4983 datam
1779 4925 2195 5000 vilipendente.

443 5100 491 5137 ⁷³
518 5099 728 5159 Matth.
759 5116 922 5158 xvm.
954 5102 1010 5156 6.

440 5280 811 5356 ({7)_Scripta
861 5296 1013 5356 anno
1043 5280 1150 5356 354
1177 5280 1268 5337 vel
1304 5281 1430 5356 355;.
1465 5282 1529 5337 In
1557 5282 1783 5356 Anglic.
1818 5284 2027 5343 titulus

372 5352 457 5409 sic
486 5352 664 5442 habet
685 5349 1024 5442 ξ”ξὶπιστολή
1058 5351 1194 5442 πρὸς
1229 5350 1560 5442 Δρακόντιον
1596 5349 1903 5442 ἠῨοιζμενον
1935 5377 2026 5410 κα-

368 5423 657 5501 ταστάντα-
683 5422 996 5501 ἐπίσκοπον,
1025 5422 1119 5501 καὶ
1155 5422 1505 5501 άποςρυγόντα
1560 5422 1662 5493 τῆς
1722 5422 2024 5496 ἐπισκοπῆς

370 5489 564 5567 λάθρα.
600 5497 661 5550 1d
693 5501 800 5563 est,
830 5489 1073 5570 Epistbla
1117 5497 1187 5551 ad
1229 5489 1584 5554 D'racontz'um
1617 5489 2022 5570 'Hegumenun'z,

368 5581 465 5640 seu
510 5569 852 5640 monestarz'ii
873 5571 1224 5639 praefectum,
1259 5570 1356 5640 qui
1386 5571 1667 5640 episcopus
1710 5569 2021 5640 Ordinatus,

2180 5305 2318 5340 ασιν.

2140 5306 2606 5446 φ’(ίι9)ᾼ¹ῃς1ἰο.,
2658 5353 2822 5410 αὐτοῦ
2879 5355 3232 5423 κυτασθῆναι,
3287 5348 3802 5419 καταποντισθῆναι,

2135 5429 2187 5481 τί
2221 5429 2280 5482 ἅν
2312 5429 2512 5500 πάθῇς.

2180 5502 2318 5571 _(50)
2348 5504 2502 5570 HERC,
2528 5497 2617 5552 καὶ
2646 5495 2871 5552 πολλῶν
2905 5496 3005 5571 οὐκ
3035 5495 3230 5571 ὀρθῶν,
3257 5491 3386 5550 ἀλλ’
3416 5492 3494 5571 ᾧν
3525 5487 3677 5571 οἶδας
3707 5490 3801 5571 καὶ

2135 5565 2317 5638 αὐτός’,
2341 5565 2554 5627 desunt
2576 5572 2634 5626 in
2658 5571 2882 5642 Anglic.
2911 5570 3034 5642 solo
3057 5565 3274 5642 codice,
3302 5572 3360 5642 et
3381 5566 3453 5642 ab
3482 5565 3802 5642 interprete

369 5636 438 5715 ob
468 5634 949 5715 episcOpatu_c_l_d_m
968 5634 1282 5715 qufugeraf.
1311 5643 1371 5715 In
1398 5634 1850 5715 Ριθςηίέπιστολή
1885 5634 2023 5715 πρὸς
2132 5634 2313 5715 veteri
2333 5643 2481 5699 lecta
2501 5660 2617 5700 non
2641 5634 2798 5698 sunt.
2814 5641 2992 5700 Paulo
3014 5648 3146 5714 post
3167 5641 3359 5699 Felck.
3383 5639 3418 5695 3
3438 5634 3800 5706 annona—dno-

372 5704 906 5786 Aplaueldv'ftov.__Edit‘i
933 5704 1169 5786 addunt
1191 5711 1288 5777 τήν
1325 5704 1618 5786 ξαισκξπῆν
1659 5704 1948 5786 φεύγοντα.

446 5775 559 5847 (48)
588 5777 838 5847 Anglic.,
874 5774 1105 5835 διδόντα.
1156 5774 1282 5837 Mox
1329 5779 1520 5838 Felck.
1571 5774 1604 5840 3
1651 5774 1848 5854 duch"
1889 5784 2022 5858 πρό-

2136 5713 2374 5787 μένουσι.
