4148 6414
428 420 548 491 336

1580 420 1967 487 EPISTOLA
2009 423 2113 486 AD
2157 420 2701 490 DRACONTIUM.

3736 413 3857 479 526
3876 468 3879 473 ,

497 563 553 617 2.
585 556 727 617 Ποία
756 553 846 614 οὖν
879 552 967 614 ἐπὶ
994 560 1113 620 τοῖς
1153 555 1426 620 τοιούτοις
1476 554 1751 632 ἀπολογία
1797 558 1943 631 παρά
1982 562 2074 613 σοῦ

2260 563 2314 616 2.
2348 563 2675 628 Quamnam
2708 560 2888 634 igitur
2916 576 2979 615 es
3012 574 3115 631 pro
3146 557 3278 615 istis
3309 556 3750 615 excusationem
3773 555 3853 613 a1-

431 646 764 721 δοθήσεται;
811 648 999 711 Ποίοις
1048 645 1106 703 ἂν
1158 646 1517 721 ἀπονίψασθαι
1572 646 1661 702 καὶ
1710 646 2083 720 ἀπομάξασθαι

429 736 622 815 λόγοις
651 740 746 802 τὰς
778 738 1032 802 τοιαύτας
1064 738 1237 800 αἰτίας
1280 734 1483 811 δυνήσῃ
1516 755 1529 807 ;
1564 741 1690 799 Πῶς
1739 735 2083 812 θεραπεύσεις

424 828 554 892 τοὺς
587 827 676 885 διὰ
706 830 762 885 σὲ
792 828 1050 891 πεσόντας
1098 826 1187 883 καὶ
1238 824 1759 901 σκανδαλιζομένους
1800 832 1903 898 ,Ἦ
1941 830 2081 897 πῶς,

432 919 569 993 μετὰ
622 919 684 974 τὸ
732 920 1021 996 σχισθῆναι
1084 918 1184 987 τήν
1232 916 1493 991 εἰρήνην,
1556 916 1823 993 συρῥάψαι
1878 915 2079 987 ταύτην

428 1004 629 1083 δυνήσῃ
670 1013 779 1077 ;⁹Ω
839 1006 1086 1084 ἀγαπητὶ
1139 1004 1447 1083 Δρακόντιε,
1500 1006 1616 1061 ἀντὶ
1670 1011 1845 1082 χαρᾶς
1900 1003 2079 1077 λύπην

424 1096 562 1170 ἡμῖν
618 1099 729 1171 (51)
786 1097 1115 1168 πεποίηκας,
1174 1096 1290 1152 ἀντὶ
1347 1094 1694 1174 παραμυθίας
1754 1095 2078 1171 στεναγμόν.

422 1183 870 1262 Προσεδοκοῦμεν
903 1188 1007 1263 γὰρ
1060 1186 1403 1264 παραμυθίαν
1462 1184 1607 1263 ἔχειν
1642 1206 1701 1240 σε
1752 1186 1865 1260 μεθ’
1893 1188 2078 1259 ἡμῶν,

420 1276 511 1331 καὶ
539 1280 632 1333 νῦν
669 1275 944 1354 βλέπομεν
976 1276 1243 1355 φεύγοντά
1274 1296 1351 1347 σε,
1402 1276 1492 1330 καὶ
1546 1276 1780 1352 ὁρῶμεν,
1834 1274 1916 1330 ὅτι
1968 1295 2084 1349 κρι-

419 1364 652 1440 νόμενος
686 1366 780 1441 μὲν
814 1364 1151 1444 έλεγχθήσῃ,
1182 1363 1508 1421 κινδυνεύων
1542 1362 1599 1421 δὲ
1632 1362 2078 1440 μεταμεληθήσῃ.

421 1456 523 1512 Καὶ
569 1454 655 1519 τίς
705 1455 964 1535 φείσεται,
1016 1457 1092 1519 ὡς
1142 1458 1170 1512 6
1223 1459 1514 1536 προφήτης
1548 1454 1783 1532 εἴρηκεν,
1824 1455 1912 1510 ἐπὶ
1945 1454 2076 1524 σοί;

418 1546 513 1610 Τίς
546 1546 853 1622 ἀνακάμψει
885 1545 973 1602 ἐπὶ
1023 1546 1082 1603 σὲ
1134 1546 1212 1609 είς
1259 1545 1508 1623 εἰρήνην,
1561 1546 1701 1621 ὁρῶν
1749 1544 1878 1607 τοὺς
1926 1542 2081 1600 ἀδελ-

418 1633 577 1715 φοὺς,
611 1633 679 1691 δι’
704 1635 799 1698 οὓς
830 1636 1063 1712 Χριστὸς
1116 1635 1368 1704 ἀπέθανε,
1424 1629 1724 1711 βλαϐέντας
1773 1633 1860 1689 ἐπὶ
1908 1638 1976 1707 τῇ
2008 1638 2076 1709 σῇ

414 1728 563 1804 φυγῇ
596 1728 751 1798 (52);
787 1730 877 1781 Δεῖ
909 1726 1012 1802 γὰρ
1063 1723 1258 1782 εἰδέναι
1306 1745 1364 1780 σε
1406 1725 1497 1779 καὶ
1554 1725 1628 1797 μὴ
1681 1718 2074 1802 ἀμφιϐάλλειν,

413 1811 500 1873 ὅτι
548 1814 675 1888 πρὶν
735 1815 829 1888 μὶν
886 1816 1223 1889 κατασταθῇς
1283 1818 1462 1886 σαυτῷ
1507 1808 1672 1886 ἔζης,
1727 1813 2074 1876 κατασταθεὶς

420 1900 497 1976 δὶ,
559 1904 640 1967 οἷς
701 1906 1051 1975 κατεστάθης.
1098 1906 1197 1959 Καὶ
1255 1902 1379 1980 πρίν
1448 1903 1542 1977 μὲν
1602 1898 1773 1978 λάϐῃς
1825 1904 1925 1972 τήν
1972 1910 2073 1973 τῆς

417 1991 723 2064 ὶπισκοπῆς
781 1994 968 2070 χάριν,
1022 1990 1198 2056 οὐδεὶς
1250 1992 1511 2069 ἐγίνωσκέ
1567 2012 1643 2047 σε·
1692 1993 1980 2069 γενόμενον
2015 1990 2072 2048 δὲ

417 2077 636 2154 λοιπὸν,
686 2081 739 2137 οἱ
787 2079 912 2137 λαοὶ
962 2079 1309 2160 προσδοκῶσι
1357 2082 1589 2161 φέροντά
1626 2102 1684 2136 σε
1715 2084 1829 2155 (53)
1857 2083 2064 2160 τροφὴν

413 2169 622 2243 αὐτοῖς,
653 2172 754 2241 τὴν
785 2170 845 2227 ἐκ
869 2176 977 2227 τῶν
1029 2175 1254 2251 Γραφῶν
1303 2168 1671 2227 διδασκαλίαψ
1725 2170 1849 2226 ὅταν
1890 2170 2069 2226 τοίνυν

412 2262 469 2317 οἱ
494 2257 907 2337 προσδοκῶντες
937 2259 1279 2336 λιμώττωσι,
1314 2261 1376 2316 σὺ
1410 2258 1467 2316 δὲ
1515 2259 1705 2316 σαυτὸν
1757 2263 1870 2335 (54)
1905 2259 2067 2335 μόνον

408 2344 636 2428 τρέφῃς,
683 2351 774 2404 καὶ
825 2344 957 2425 ἔλθῃ
1008 2351 1037 2405 6
1090 2349 1290 2424 Κύριος
1339 2352 1499 2424 ἡμῶν
1551 2351 1763 2419 Ἰησοῦς
1816 2351 2067 2426 Χριστὸς,

411 2440 580 2512 ἡμεῖς
609 2458 670 2494 τε
700 2437 847 2511 αύτῷ
872 2442 1256 2514 παραστῶμεν,
1306 2438 1465 2495 ποίαν
1515 2438 1716 2516 σχοίης
1748 2438 2069 2515 ἀπολογίαν,

420 2528 659 2603 ὁρῶντος
690 2525 854 2584 αὐτοῦ
881 2530 949 2583 τὰ
984 2524 1103 2583 ἵδια
1147 2523 1393 2604 πρόϐατα
1442 2526 1790 2603 λιμώττοντα
1822 2548 1836 2598 ;
1867 2530 1932 2585 Εἰ
1975 2530 2069 2603 μὲν

411 2618 520 2693 γὰρ
557 2619 632 2690 μὴ
685 2614 932 2695 εἶλήφεις
979 2619 1048 2674 τὰ
1096 2616 1345 2693 δηνάρια,
1392 2617 1491 2674 οὐκ
1538 2618 1596 2673 ἃν
1650 2618 1933 2693 ἐμέμψατό
1984 2640 2069 2677 σε.

412 2700 656 2761 λαϐόντα
688 2704 745 2762 δὲ
775 2706 866 2761 καὶ
898 2708 1155 2783 χώσαντα
1184 2710 1296 2782 (55)
1327 2709 1417 2763 καὶ
1468 2707 1762 2784 κρύψαντα,
1812 2710 2071 2783 μέμψαιτ’

412 2793 474 2851 ἂν
506 2794 754 2866 εἰκότως,
789 2793 967 2871 λέγων
1018 2794 1195 2852 ἐκεῖνα
1237 2798 1306 2852 τὰ
1356 2796 1421 2873 ῥή
1435 2817 1596 2871 ματα,
1637 2796 1670 2851 ἃ
1718 2800 1791 2871 μὴ
1838 2799 2069 2873 γένοιτο,

409 2882 506 2940 κᾶν
567 2883 795 2941 ἀκοῦσαι
843 2886 944 2955 τὴν
1013 2886 1112 2955 σὴν
1174 2881 1455 2942 εὐλάϐειαν
1487 2906 1500 2920 ο
1560 2884 1707 2942 Ἔδει
1768 2908 1825 2942 σε
1888 2885 2073 2963 βαλεῖν

408 2973 479 3030 τὰ
527 2970 761 3051 δηνάριά
816 2996 919 3048 μου
968 2979 1084 3038 τοῖς
1131 2977 1515 3050 τραπεζίταις,
1555 2974 1649 3032 ἵνα
1697 2974 1869 3032 ἐλθὼν
1918 2977 2070 3053 κάγὼ

410 3062 541 3137 παρ’
573 3060 786 3118 ἐκείνων
820 3064 1125 3135 ἀπαιτήσω.

2195 650 2473 707 laturus?
2516 652 2739 718 Quibus
2777 652 2971 707 verbis
3003 649 3339 707 istiusmodi
3372 647 3576 719 culpas
3607 647 3850 704 abluere

2192 740 2279 797 vel
2313 742 2643 813 abstergere
2676 742 2890 812 poteris
2916 741 2942 796 ?
2972 741 3133 804 Quod
3166 738 3284 794 illis
3306 755 3368 794 es
3390 738 3715 793 remedium
3750 738 3846 793 ad-

2192 829 2510 898 hibiturus,
2536 830 2637 902 qui
2666 836 2721 887 te
2745 836 2981 886 auctore
3004 829 3155 902 lapsi
3178 833 3319 884 sunt
3339 832 3394 884 et
3422 826 3846 884 scandalizati?

2191 921 2303 976 Aut
2353 922 2646 992 quomodo
2686 925 2918 993 ruptam
2978 936 3181 992 pacem
3233 920 3423 975 denuo
3476 917 3846 989 componas?

2191 1010 2549 1067 Charissime
2598 1011 2888 1078 Draconti,
2922 1027 3025 1083 pro
3065 1009 3280 1083 gaudio
3312 1025 3616 1064 maerorem
3650 1006 3844 1076 nobis,

2192 1116 2296 1173 pro
2319 1099 2713 1157 consolatione
2735 1101 2959 1156 luctum
2982 1097 3253 1155 attulisti.
3272 1099 3667 1172 Sperabamus
3685 1096 3845 1153 enim

2170 1186 2247 1247 te
2276 1190 2447 1247 nobis
2478 1189 2862 1246 consolationi
2893 1190 3156 1245 futurum
3192 1206 3205 1245 :
3249 1193 3308 1245 at
3336 1204 3493 1244 nunc
3524 1191 3583 1243 te
3613 1186 3841 1260 fugien-

2190 1284 2310 1337 tem
2360 1280 2795 1353 conspicimus;
2830 1280 3217 1352 futurumque
3265 1278 3651 1351 praevidemus
3685 1280 3752 1333 ut
3782 1277 3844 1333 in

2182 1370 2478 1441 judicium
2507 1373 2769 1437 vocatus,
2801 1367 3163 1436 convincere,
3193 1368 3373 1440 inque
3412 1366 3670 1440 periculo
3702 1383 3843 1422 con-

2190 1460 2458 1529 stitutus,
2490 1463 2547 1515 te
2581 1459 2718 1514 facti
2750 1458 3047 1531 pmniteat.
3081 1458 3293 1530 Ecquis
3323 1458 3453 1521 tibi,
3488 1462 3553 1512 ut
3582 1456 3664 1512 ait
3704 1474 3837 1529 pro-

2189 1549 2366 1622 pheta
2395 1550 2459 1617 7‘,
2491 1548 2723 1605 veniam
2753 1548 3021 1603 tribuat?
3052 1548 3192 1615 Quis
3222 1549 3293 1603 ad
3333 1563 3537 1620 pacem
3568 1546 3675 1602 tibi
3705 1563 3846 1602 con-

2188 1639 2510 1695 cedendam
2559 1637 2827 1694 animum
2876 1637 3137 1704 inducat,
3187 1652 3322 1691 cum
3375 1636 3584 1692 fratres
3622 1636 3839 1706 videat,

2188 1745 2292 1802 pro
2324 1728 2542 1800 quibus
2574 1732 2845 1783 mortuus
2887 1732 2973 1783 est
3005 1726 3272 1781 Christus
3302 1726 3461 1798 gravi
3492 1726 3565 1781 ob
3612 1726 3837 1797 fugam,

2186 1822 2350 1873 tuam
2384 1818 2733 1873 detrimento
2766 1818 3002 1872 affectos
3023 1817 3051 1871 ?
3081 1820 3265 1871 Nosse
3296 1820 3351 1871 te
3382 1831 3447 1870 ac
3478 1814 3621 1871 nihil
3651 1815 3839 1870 ambi-

2185 1922 2319 1980 gere
2349 1906 2639 1975 convenit,
2672 1910 2729 1962 te
2759 1910 3077 1979 antequam
3110 1905 3447 1961 ordinarere
3477 1904 3582 1959 tibi
3612 1903 3727 1977 ipsi
3758 1903 3839 1960 vi-

2181 1996 2336 2052 xisse
2358 2022 2371 2064 ;
2395 1996 2752 2061 ordinatum,
2777 1996 2850 2051 iis
2873 1995 3088 2069 quibus
3111 2012 3173 2050 es
3195 1994 3520 2050 ordinatus.
3540 1994 3620 2049 Ac
3647 1994 3837 2065 prius-

2182 2102 2359 2158 quam
2392 2084 2640 2158 gratiam
2679 2084 3053 2157 episcopatus
3096 2082 3441 2154 accepisses,
3476 2079 3620 2136 nulli
3654 2084 3832 2137 notus

2180 2190 2309 2231 eras
2342 2191 2355 2230 :
2400 2176 2527 2246 jam
2574 2191 2731 2242 vero,
2765 2173 3071 2229 ordinatus
3110 2188 3245 2228 cum
3277 2170 3380 2237 sis,
3415 2174 3472 2226 te
3501 2168 3701 2242 populi
3731 2185 3831 2224 ex-

2180 2267 2469 2336 spectant,
2492 2267 2556 2319 ut
2577 2263 2770 2319 cibum
2794 2261 2910 2317 illis
2933 2260 3368 2328 subministres,
3392 2260 3830 2332 Scripturarum

2180 2370 2391 2426 nempe
2420 2352 2767 2409 doctrinam.
2804 2352 2911 2418 Qui
2943 2350 2993 2407 si
3024 2351 3165 2406 dum
3195 2353 3530 2422 exspectant
3560 2348 3712 2404 fame
3740 2346 3827 2403 la-

2181 2443 2411 2509 borent,
2443 2446 2617 2515 teque
2647 2440 2839 2498 solum
2883 2441 3009 2513 ipse
3061 2439 3205 2509 alas,
3239 2456 3304 2495 ao
3350 2438 3587 2495 interim
3639 2437 3833 2495 veniat

2182 2532 2470 2590 Dominus
2502 2536 2701 2588 noster
2728 2534 2899 2587 Jesus
2930 2530 3220 2600 Christus,
3250 2545 3476 2601 nosque
3522 2529 3651 2599 eius
3698 2543 3836 2583 con-

2184 2621 2412 2695 spectui
2444 2621 2727 2678 sistamus
2754 2639 2765 2689 ;
2800 2636 3000 2693 quam,
3033 2635 3251 2691 quaeso,
3283 2618 3545 2674 invenias
3574 2616 3662 2673 tui
3692 2633 3838 2690 pur-

2182 2712 2360 2785 gandi
2410 2712 2718 2777 rationem,
2770 2726 2905 2766 cum
2964 2711 3091 2781 ipse
3143 2708 3468 2765 esurientes
3517 2722 3656 2763 suas
3703 2722 3838 2763 oves

2183 2800 2547 2873 conspiciat?
2573 2800 2633 2856 Si
2659 2798 2931 2855 denarios
2955 2815 3073 2853 non
3094 2796 3440 2869 accepisses,
3459 2811 3835 2868 nequaquam

2180 2894 2239 2947 te
2269 2890 2368 2946 ille
2398 2890 2804 2962 objurgasset:
2838 2905 2971 2944 cum
3004 2891 3199 2943 autem
3232 2890 3497 2959 acceptos
3527 2885 3836 2943 sutl'oderis

2182 2984 2358 3053 atque
2410 2978 2742 3047 occultaris,
2769 2979 2906 3050 jure
2959 2993 3025 3033 ac
3075 2976 3282 3032 merito
3324 2980 3381 3031 te
3424 2976 3836 3048 increpaturus

2183 3074 2293 3132 est,
2326 3069 2418 3124 his
2448 3067 2729 3124 adhibitis
2758 3066 2975 3134 verbis,
3007 3083 3134 3139 quae
3177 3064 3333 3121 absit
3382 3069 3448 3121 ut
3495 3069 3598 3121 tua
3646 3064 3838 3136 pietas

411 3153 617 3210 audiat
648 3170 662 3209 :
706 3154 958 3225 Oportuit
986 3162 1036 3211 te
1061 3155 1327 3226 projicere
1357 3156 1616 3213 denarios
1644 3173 1794 3214 meo:
1826 3159 2136 3228 trapezitis,
2168 3167 2228 3215 ut
2254 3176 2351 3231 ego
2381 3174 2603 3214 vemens
2634 3158 2700 3212 ab
2732 3158 2848 3213 illi:
2877 3163 3177 3228 repeterem
3204 3155 3268 3210 ⁷⁵.
3522 3216 3530 3225 _

483 3241 537 3296 3.
598 3238 908 3313 Παρακαλῶ
964 3246 1141 3319 φεῖσαι
1190 3247 1415 3298 σεαυτοῦ
1478 3244 1568 3298 καὶ
1626 3246 1806 3317 ἡμῶν·
1870 3248 2066 3299 σαυτοῦ

2252 3249 2303 3303 3.
2339 3248 2613 3314 Obsecro,
2646 3246 2751 3301 tibi
2787 3245 3072 3316 nobisque
3125 3260 3371 3316 parcas;
3405 3243 3535 3310 tibi,
3570 3246 3637 3299 ut
3670 3259 3742 3299 ne
3770 3242 3832 3298 in

418 3325 659 3398 μὶν,⁹ίνα
692 3329 767 3403 μὴ
816 3327 1183 3405 κινδυνεύσῃςο
1235 3334 1397 3405 ἡμῶν
1445 3329 1637 3401 δὲ,⁹ίνα
1688 3334 1761 3406 μὴ
1814 3330 2071 3403 λυπηθῶ-

417 3436 511 3490 μεν
543 3415 632 3471 ἐπὶ
665 3417 770 3475 σοί.
807 3418 1071 3496 Φρόντιζε
1112 3427 1214 3489 τῆς
1258 3419 1701 3491 Ἐκκλησίαςξίνα
1751 3424 1825 3495 μὴ
1874 3420 1963 3487 διὰ
2013 3423 2071 3477 σὶ

410 3503 621 3562 πολλοι
648 3511 755 3563 τῶν
794 3513 1003 3583 μικρῶν
1058 3505 1328 3586 βλαϐῶσι,
1359 3511 1449 3566 καὶ
1481 3512 1533 3566 οἱ
1573 3509 1738 3567 ἄλλοι
1770 3509 1828 3567 δὲ
1858 3511 2070 3590 πρόφα-

413 3615 494 3651 σιν
528 3591 767 3652 λάϐωσιν
803 3598 879 3661 εἷς
917 3596 981 3654 τὰ
1037 3599 1362 3676 ἀναχωρεῖν.
1410 3601 1474 3655 Εἰ
1527 3601 1621 3674 μὲν
1672 3600 1763 3655 οὗν
1813 3602 1901 3657 τὸν
1952 3623 2070 3656 και-

414 3685 505 3762 ρὸν
536 3680 840 3763 ἐφοϐήθης,
888 3686 979 3742 καὶ
1026 3690 1369 3760 καταπτήξας
1417 3694 1580 3745 τσῦτο
1632 3690 1914 3762 ἐποίησας,
1975 3691 2073 3746 οὐκ

413 3772 665 3849 ἀνδρικὸν
720 3776 783 3831 τὸ
838 3776 1113 3855 φρόνημσο
1178 3775 1283 3834 ἔδει
1339 3780 1444 3855 γὰρ
1493 3778 1585 3835 τὸν
1645 3781 1782 3835 κατά
1831 3778 2063 3853 Χριστόν

416 3861 583 3934 ζῆλον
618 3862 671 3920 ἐν
700 3869 820 3928 τοῖς
861 3865 1137 3929 τοιούτοις
1187 3865 1582 3923 ἐπιδείκνυσθαι
1631 3872 1762 3943 (56),
1804 3869 1892 3923 καὶ
1928 3868 2071 3943 μᾶλ-

412 3949 509 4009 λον
570 3952 621 4008 ἐν
679 3958 801 4017 ταῖς
858 3956 1204 4030 περιστάσεσι
1250 3956 1733 4034 παρρησιάζεσθαι,
1785 3956 1966 4034 λέγειν
2014 3979 2073 4014 τε

409 4042 479 4098 τὰ
507 4046 605 4098 τοῦ
652 4044 920 4119 μακαρίου
974 4045 1195 4103 Παύλου
1243 4046 1482 4124 ῥήματα·
1518 4049 1603 4103 Ἐν
1650 4046 1868 4111 τούτοις
1910 4049 2070 4104 πᾶσιν

416 4132 813 4210 ὑπερνικῶμεν·
864 4136 954 4191 καὶ
1007 4132 1264 4210 μάλιστα,
1315 4136 1397 4192 ὅτι
1448 4136 1509 4193 οὐ
1559 4138 1869 4215 πρέπειτῷ
1898 4143 2073 4215 καιρῷ

415 4218 717 4294 δουλεύειν,
753 4221 900 4279 ἀλλὰ
935 4228 1016 4297 τῷ
1062 4224 1267 4303 Κυρίῳ*
1320 4227 1365 4282 εἶ
1410 4224 1468 4283 δὲ
1512 4231 1620 4283 τῶν
1666 4226 2002 4299 Ἐκκλησιῶν
2037 4230 2071 4299 ἡ

414 4308 657 4383 διάταξις
688 4311 788 4369 οὐκ
816 4314 1028 4389 ἀρέσκει
1058 4336 1167 4386 σοι,
1200 4313 1326 4371 οὐδὲ
1353 4316 1602 4391 νομίζεις
1624 4317 1686 4371 τὸ
1714 4324 1815 4387 τῆς
1856 4316 2074 4373 ἐπισκο-

412 4406 525 4471 πῆς
558 4398 941 4478 λειτούργημα
976 4405 1163 4478 μισθὸν
1196 4402 1368 4481 ἔχειν,
1400 4404 1548 4461 ἀλλὰ
1576 4408 1690 4480 (57)
1718 4412 2072 4486 καταφρονεῖν

412 4486 512 4545 τοῖ’)
540 4494 709 4546 ταῦτα
759 4487 1148 4567 διαταξαμένου
1200 4501 1462 4572 Σωτῆρος
1510 4494 1817 4565 πεποίηκας
1857 4496 2072 4552 σαυτόν·

414 4578 741 4657 παρακαλῶ,
800 4583 875 4655 μὴ
925 4587 1151 4638 τοιαῦτα
1199 4582 1466 4659 λογίζου,
1520 4580 1661 4658 μηδὲ
1708 4585 1909 4659 ἀνέχου
1964 4589 2072 4640 τῶν

414 4672 584 4724 ταῦτα
613 4664 1125 4744 συμϐουλευόντωνο
1160 4671 1222 4728 ού
1253 4673 1357 4749 γὰρ
1390 4669 1509 4744 ἄξια
1539 4673 1866 4749 Δρακοντίου
1887 4678 2072 4731 ταῦτα.

416 4758 489 4814 ’Δ
521 4758 625 4835 γὰρ
658 4759 687 4814 6
718 4758 917 4836 Κύριος
950 4758 1040 4816 διὰ
1068 4765 1176 4816 τῶν
1212 4759 1534 4818 ἀποστόλων
1582 4761 1880 4832 τετύπωκε,
1912 4768 2079 4818 ταῦτα

414 4843 563 4903 καλᾶ
606 4848 698 4903 καὶ
751 4844 943 4925 βέϐαια
993 4844 1138 4924 μένει
1172 4870 1184 4884 ·
1238 4852 1274 4922 ἡ
1326 4848 1383 4906 δὲ
1422 4855 1532 4907 τῶν
1592 4848 1840 4929 ἀδελφῶν
1902 4849 2080 4908 δειλία

418 4934 704 4994 παύσεται.

2182 3336 2509 3409 periculum
2564 3337 2892 3402 adducere;
2937 3332 3127 3405 nobis,
3162 3349 3233 3389 ne
3281 3334 3353 3388 ad
3402 3336 3461 3388 te
3507 3331 3833 3405 lugendum

2184 3425 2627 3496 compellamur.
2653 3423 2920 3480 Ecclesiae
2944 3439 3146 3478 curam
3176 3422 3410 3490 habeto,
3440 3438 3512 3478 ne
3540 3421 3627 3478 tui
3655 3438 3835 3479 causa

2183 3514 2353 3570 multi
2387 3532 2455 3570 ex
2486 3513 2722 3586 pusillis
2754 3514 2969 3568 damno
3017 3511 3354 3567 afficiantur
3383 3527 3396 3565 :
3454 3527 3567 3567 neu
3600 3509 3699 3565 alii
3728 3514 3832 3567 tuo

2182 3602 2447 3675 exemplo
2479 3605 2715 3674 captent
2744 3600 3111 3656 occasionem
3151 3600 3480 3656 secedendi.
3514 3600 3575 3655 Si
3605 3603 3834 3672 tempo-

2182 3692 2265 3748 ris
2286 3691 2678 3747 calamitatem
2706 3690 3146 3763 pertimescens,
3172 3706 3237 3744 ac
3262 3694 3420 3745 metu
3447 3687 3755 3762 perculsus
3775 3690 3834 3745 id

2183 3781 2393 3853 egeris,
2422 3784 2796 3852 nequaquam
2819 3779 3086 3853 generosi
3110 3779 3292 3835 animi
3324 3778 3467 3834 illud
3493 3778 3701 3834 fuerit:
3732 3795 3839 3850 par

2183 3871 2291 3925 fuit
2312 3871 2469 3927 enim
2496 3876 2666 3925 tuum
2698 3886 2801 3942 pro
2822 3868 3051 3925 Christo
3078 3869 3366 3936 studium,
3389 3868 3448 3923 in
3481 3867 3573 3925 his
3596 3867 3837 3924 calami-

2182 3959 2405 4016 tatibus
2426 3958 2718 4027 exhibere,
2742 3976 2807 4015 ac
2836 3958 3212 4032 potissimum
3234 3958 3293 4012 in
3317 3958 3836 4029 hujusmodi'tem-

2185 4049 2425 4121 poribus
2448 4053 2755 4122 assumpta
2776 4049 3011 4117 ﬁducia,
3032 4048 3153 4104 haec
3171 4047 3335 4104 Pauli
3357 4048 3534 4104 verba
3557 4048 3837 4120 proferre,

2184 4142 2244 4196 in
2275 4139 2360 4195 his
2389 4140 2642 4194 omnibus
2684 4154 3007 4210 superamus
3035 4139 3099 4205 ⁷⁸,
3149 4154 3284 4193 cum
3318 4137 3572 4194 maxime
3606 4155 3710 4194 nos
3738 4138 3839 4194 de-

2186 4234 2312 4287 ceat
2341 4245 2455 4285 non
2488 4227 2740 4300 tempori
2771 4228 2872 4283 sed
2905 4228 3152 4284 Domino
3185 4227 3420 4283 servire.
3453 4227 3552 4282 Sin
3583 4227 3690 4282 tibi
3723 4226 3838 4282 mi-

2186 4319 2345 4375 nime
2376 4318 2566 4390 placet
2594 4316 2986 4373 Ecclesiarum
3024 4316 3389 4383 constitutio,
3420 4331 3526 4372 nec
3556 4316 3842 4372 arbitrare

2186 4408 2560 4482 episcopatus
2592 4405 2987 4462 ministerium
3020 4423 3130 4461 sua
3162 4406 3426 4462 mercede
3456 4404 3798 4460 donandum
3824 4421 3837 4461 :

2188 4498 2289 4553 sed
2322 4513 2388 4552 eo
2421 4512 2609 4568 usque
2638 4495 2904 4551 animum
2938 4494 3218 4568 appulisti
3260 4499 3324 4549 ut
3351 4493 3707 4549 Salvatorem
3740 4493 3843 4566 qui

2188 4584 2532 4658 hujusmodi
2555 4602 2645 4641 res
2668 4583 2990 4655 constituit,
3009 4583 3355 4655 vilipendas.
3375 4582 3628 4641 Obsecro
3654 4598 3725 4638 ne
3746 4599 3840 4639 res

2188 4674 2531 4748 hujusmodi
2562 4674 2760 4730 animo
2788 4690 3006 4740 verses,
3042 4690 3155 4729 neu
3186 4672 3395 4730 toleres
3434 4687 3534 4729 eos
3583 4673 3683 4745 qui
3730 4671 3839 4728 tibi

2185 4765 2366 4837 hujus
2399 4764 2628 4820 consilii
2660 4768 2926 4819 auctores
2955 4767 3096 4818 sunt
3129 4777 3141 4817 :
3176 4779 3291 4818 non
3322 4762 3480 4818 enim
3510 4762 3633 4818 hac
3661 4761 3842 4835 digna

2187 4859 2333 4914 sunt
2354 4852 2681 4910 Dracontio.
2706 4853 2933 4909 Etenim
2957 4867 3084 4921 quae
3108 4850 3390 4908 Dominus
3420 4867 3523 4924 per
3542 4849 3842 4924 apostolos

2190 4944 2522 5015 constituit,
2555 4942 2678 4999 haec
2726 4942 2900 5012 bona,
2947 4940 3069 4997 haec
3118 4941 3291 4998 ﬁrma
3336 4944 3730 5014 perseverant.
3764 4941 3842 4998 Eo

416 5030 619 5087 autem
650 5030 825 5088 modo
856 5031 1124 5090 futurum
1154 5036 1246 5091 est
1277 5036 1341 5090 ut
1369 5033 1611 5091 fratrem
1644 5032 1893 5090 formido
1924 5037 2350 5108 compescatur.

490 5145 537 5182 '“
562 5145 781 5222 {eram
813 5165 908 5222 xv,
935 5150 993 5207 5.
1070 5150 1114 5187 ⁷⁵
1145 5150 1354 5208 Matth.
1395 5167 1528 5217 xxv,
1567 5150 1677 5219 27;
1730 5150 1873 5208 Luc.
1921 5169 2039 5221 xu,
2086 5152 2159 5209 23
2203 5153 2398 5211 eadem
2441 5152 2743 5217 sententia,
2787 5150 2880 5207 sed
2924 5165 3037 5205 non
3082 5147 3282 5205 iisdem
3322 5148 3529 5206 verbis.
3604 5148 3649 5187 ⁷⁸
3675 5145 3845 5204 Rom.

416 5233 545 5291 πη,
576 5218 668 5275 37.

491 5354 734 5440 (51)]319
783 5358 924 5440 Reg.
954 5356 1130 5440 ﬁngi:
1163 5355 1444 5440 etFelck.
1474 5358 1512 5412 7
1545 5374 1720 5440 anon.
1754 5358 1902 5440 Eiditl
1949 5375 2083 5440 cum

420 5424 782 5501 aliis,'iw.iic.
818 5424 951 5505 Mox
981 5424 1174 5505 lj‘elck.
1205 5430 1241 5486 3
1270 5446 1470 5501 anon.,
1500 5424 1939 5505 προσεδοκῶμεν.
1965 5430 2084 5487 Alii

421 5493 666 5573 omnes-,-
681 5493 1019 5573 προσεδοκοῦ
1027 5518 1121 5573 μιν
1131 5542 1143 5556 .

494 5570 611 5641 (52)
642 5565 896 5650 Anglic”
930 5565 1308 5650 Slé‘ﬁv_a91v
1340 5574 1547 5650 φυγή-ν.
1581 5572 1879 5650 ἔαρι-θᾶὶξὶ
1913 5589 2086 5630 men-

427 5638 1130 5713 dose,'p.tv'xacdna0cl<L
1164 5638 1305 5719 Reg.
1354 5638 1527 5719 λόει.
1580 5644 1772 5704 Felck.
1824 5647 1858 5701 3
1904 5661 2078 5702 anon.

427 5713 787 5767 κατασταθῆς.

424 5726 663 5769 ιαταστα

500 5714 915 5861 δουβτ
945 5786 1010 5855 in
1039 5787 1185 5867 Reg.

2267 5358 2382 5427 (53)
2400 5362 2579 5432 ﬁeg.,
2612 5354 2853 5432 σεαυτόν.
2896 5355 3041 5412 Ibid.
3076 5353 3599 5432 Anglicivjpézpuc.

2398 5421 2931 5504 Re§.,'¢uxcbcavra,
2952 5421 3571 5504 mendose..'lbid_'._lfteg.
3587 5427 3648 5504 et_
3658 5421 3850 5482 Felck.

2190 5503 2225 5557 3
2252 5493 2451 5569 anon,
2480 5493 2571 5575 κάξ
2594 5493 2897 5575 ’κρυψαντα
2919 5493 2926 5496 ⁷
2944 5496 3201 5571 μέμψαιτ’
3241 5493 3325 5554 ἄν.
3360 5493 3547 5566 Εᾶίιὶξ
3562 5494 3654 5550 καὶ
3682 5514 3846 5551 κατα-

2190 5575 2468 5647 κρυψαντρι
2490 5572 2731 5647 eieil}?
2763 5572 2840 5625 ἄν·

2264 5637 2377 5717 (56)
2411 5637 2911 5717 Fel'cli._'1_3_anon._,
2946 5637 3271 5717 δείκνυσθαιἒ

2224 5708 2377 5843 6(57)
2409 5717 2574 5792 Reg,
2616 5711 2759 5770 ἀλλὰ
2807 5713 2914 5770 ακί.
2968 5714 3101 5774 Mox
3128 5711 3379 5786 Anglia,
3410 5708 3670 5776 πέπεικας
3721 5728 3846 5765 σαυ-

2255 5806 2307 5843 ν.

2188 5806 2307 5846 τον.
