4148 6410
280 367 399 434 527

822 368 892 454 ἴ.
933 371 1365 439 ATHANASII
1408 374 1584 437 OPP.
1629 372 1833 438 PARS
1874 372 1926 436 Ι.
1955 402 2030 421 --
2064 371 2491 435 HISTORICA
2532 370 2633 434 ET
2674 364 3157 434 DOGMATIGA.

353 506 409 565 4.
443 504 505 564 Si
533 504 693 565 enim
718 523 922 565 omnes
944 510 1148 566 eodem
1182 526 1416 583 semper
1444 512 1637 565 mente
1659 508 1929 576 fuissent,

2120 506 2171 560 4.
2206 503 2267 559 Εἰ
2316 505 2422 581 γὰρ
2469 505 2561 560 τὸν
2611 502 2770 559 αὐτὸν
2817 506 2937 558 νοῦν
2996 502 3149 580 εἶχον
3187 497 3407 575 πάντες,
3436 498 3569 558 -οῖον
3614 504 3717 558 νῦν.

284 611 404 671 qua
456 612 614 654 nunc
660 597 981 654 consiliarii
1029 598 1115 654 tui
1164 604 1323 666 sunt,
1356 616 1472 672 qua
1517 598 1739 655 ratione
1768 597 1932 654 Chri-

281 685 516 743 stianus
564 690 631 742 tu
683 686 919 755 fuisses,
951 704 1067 743 non
1109 687 1476 744 exstantibus
1506 688 1796 761 episcopis
1818 687 1845 742 ?
1875 688 1937 744 Si

285 774 465 833 etiam
497 775 597 848 qui
630 777 1008 849 postmodum
1039 776 1222 832 futuri
1265 780 1426 848 sunt,
1457 778 1723 849 ejusdem
1754 761 1936 833 animi

283 863 522 934 fuerint,
556 881 673 937 qua
720 865 946 921 ratione
999 869 1266 922 constare
1316 869 1591 939 poterunt
1619 865 1939 922 Ecclesiae?

283 957 376 1009 An
408 953 771 1009 arbitrantur
811 953 1130 1011 consiliarii
1176 954 1261 1011 tui
1315 958 1373 1010 te
1424 955 1571 1012 nihil
1618 955 1933 1028 accepisse,

286 1041 389 1115 qui
411 1044 780 1100 contemnere
801 1043 1152 1101 videantur?
1173 1044 1283 1100 Sed
1307 1044 1752 1101 ballucinantur
1771 1050 1934 1101 sane.

286 1128 490 1188 Restat
509 1131 673 1205 enim.
699 1136 765 1188 ut
793 1133 1071 1205 baptismi
1100 1133 1350 1207 gratiam
1376 1134 1547 1191 nihili
1581 1135 1859 1207 pendant,
1888 1133 1939 1189 si

287 1220 530 1294 quidam
560 1221 927 1295 reperiantur
948 1223 1051 1297 qui
1072 1240 1200 1279 eam
1228 1224 1571 1297 despiciant.
1596 1225 1705 1280 Sed
1740 1240 1941 1281 revera

288 1309 586 1382 accepisti,
620 1311 1001 1369 dilectissime
1037 1313 1327 1369 Draconti.
1360 1315 1442 1369 Ne
1470 1313 1682 1370 toleres
1728 1313 1937 1386 hujus-

287 1399 450 1456 modi
499 1400 885 1470 consiliarios,
938 1419 1052 1459 neu
1099 1404 1407 1475 temetipse
1459 1403 1737 1475 decipias.
1783 1404 1937 1460 200

287 1487 393 1546 Est
423 1488 643 1563 quippe
674 1489 819 1546 illud
851 1508 885 1546 a
908 1496 1043 1561 Deo,
1067 1491 1169 1562 qui
1200 1492 1381 1563 dedit,
1406 1493 1806 1565 repetendum.
1829 1494 1943 1548 An-

288 1593 408 1634 non
438 1577 659 1635 audisti
686 1580 1034 1652 Apostolum
1066 1580 1187 1637 haec
1226 1580 1582 1653 loquentem,
1615 1582 1741 1637 Noli
1768 1582 1945 1651 negli-

288 1681 415 1739 gere
440 1669 685 1737 gratiam
712 1683 840 1741 quae
868 1678 950 1725 est
978 1671 1037 1726 in
1066 1674 1118 1727 te
1148 1670 1191 1705 ⁷⁷
1217 1671 1245 1725 ?
1282 1672 1368 1726 An
1401 1688 1517 1726 non
1549 1670 1766 1745 legisti,
1798 1687 1941 1742 quo-

289 1756 466 1815 modo
515 1773 651 1813 eum
701 1758 804 1830 qui
848 1759 1158 1831 pecuniam
1190 1759 1573 1833 duplicasset,
1605 1777 1739 1816 cum
1770 1761 1945 1816 laude

290 1845 594 1918 suscepit;
628 1845 1186 1919 qui'abscondisset,
1221 1849 1678 1905 condemnavit?
1707 1849 1942 1906 Utinam

291 1932 734 2009 quamprimum
758 1938 1066 2004 revertare,
1083 1939 1151 1990 ut
1165 1952 1235 1992 ex
1251 1952 1455 1992 eorum
1478 1952 1723 1993 numero
1742 1936 1824 1991 sis
1844 1935 1946 2009 qui

290 2019 997 2080 laudabuntur.Autdicto
1016 2024 1284 2096 mihi,cuj
1293 2042 1363 2081 us
1378 2029 1435 2081 te
1452 2042 1581 2081 esse
1596 2026 1950 2082 imitatorem

290 2111 500 2169 volunt
529 2111 712 2185 hujus
733 2113 964 2169 consilii
988 2118 1264 2171 auctores
1283 2115 1311 2170 ?
1340 2114 1581 2188 Oportet
1600 2116 1818 2189 quippe
1845 2133 1952 2173 nos

288 2201 460 2274 juxta
480 2205 821 2258 sanctorum
853 2207 911 2258 et
928 2207 1169 2259 Patrum
1196 2220 1441 2276 scopum
1474 2205 1657 2261 vitam
1685 2210 1950 2262 nostram

297 2289 607 2359 moderari,
640 2289 890 2365 illosque
929 2292 1169 2349 imitari.
1203 2294 1319 2349 Nec
1347 2293 1762 2366 ignorandum,
1796 2294 1846 2352 si
1878 2296 1950 2351 ab

296 2375 418 2437 illis
469 2380 836 2450 secedamus,
872 2382 990 2438 fore
1033 2398 1142 2438 nos
1183 2383 1256 2439 ab
1300 2400 1503 2440 eorum
1536 2385 1952 2442 communione

299 2467 542 2525 alienos.
566 2470 887 2542 Cujusnam
918 2474 975 2527 te
1002 2471 1359 2529 imitatorem
1382 2489 1511 2529 esse
1542 2474 1792 2530 suadent
1820 2472 1953 2530 illi?

298 2556 518 2630 Ejusne
549 2559 649 2631 qui
680 2558 934 2628 haesitat,
958 2563 1016 2616 et
1044 2560 1210 2633 sequi
1240 2564 1421 2633 optat,
1446 2562 1549 2619 sed
1580 2578 1705 2618 rem
1737 2563 1948 2630 differt,

299 2650 359 2703 et
380 2646 453 2703 ob
480 2648 842 2721 propinquos
862 2666 1002 2705 suos
1026 2650 1271 2707 consilia
1291 2651 1503 2725 agitat;
1528 2668 1602 2708 an
1623 2651 1775 2708 beati
1789 2651 1951 2708 Pauli

299 2735 402 2808 qui
421 2740 657 2809 accepto
679 2737 1062 2810 dispensandi
1090 2755 1353 2808 munere,
1379 2757 1495 2796 non
1527 2740 1679 2796 ultra
1704 2740 1954 2797 adhaesit

296 2824 460 2883 carni
488 2830 547 2882 et
575 2825 900 2900 sanguini?
928 2827 1075 2882 Nam
1118 2830 1353 2884 tametsi
1384 2829 1650 2897 dixisset,
1679 2830 1798 2887 Non
1826 2847 1953 2887 sum

294 2914 505 2989 dignus
532 2918 727 2972 vocari
755 2916 1041 2989 Apostolus
1070 2917 1135 2990 ⁷⁸,
1168 2935 1302 2974 cum
1338 2924 1541 2980 nosset
1568 2925 1764 2977 tamen
1796 2922 1951 2993 quod

297 3008 625 3076 acceperat,
654 3021 759 3061 nec
788 3005 1033 3077 ignarus
1063 3007 1285 3063 datoris
1315 3013 1488 3076 esset,
1521 3007 1644 3064 hanc
1673 3008 1911 3082 scripsit
1936 3026 1948 3065 :

295 3093 388 3151 γε
406 3095 558 3150 enim
581 3094 726 3150 mihi
743 3104 841 3165 est,
865 3097 918 3151 si
946 3111 1058 3151 non
1086 3098 1529 3169 evangelixavero
1549 3099 1616 3153 7°.
1652 3098 1725 3154 Ut
1755 3104 1951 3154 autem

291 3197 374 3241 va
405 3180 493 3237 illi
523 3181 734 3240 fuisset
764 3183 812 3238 si
846 3200 961 3239 non
992 3184 1468 3258 evangelizasset,
1500 3186 1585 3243 sic
1616 3187 1847 3244 docenti
1885 3205 1949 3244 ac

2052 588 2272 669 ἔχουσιν
2331 594 2386 648 οἱ
2434 588 2902 667 συμϐουλεύοντές
2949 613 3075 666 σοι,
3124 595 3241 655 πῶς
3296 588 3357 647 ἃν
3406 588 3591 666 ἐγένου
3643 588 3707 648 σὺ

2044 683 2406 757 Χριστιανὸς,
2459 682 2765 738 ἐπισκόπων
2830 684 2905 756 μὴ
2960 677 3129 737 ὄντων
3166 701 3181 752 ;
3216 682 3335 737 Ἐἀν
3398 677 3456 736 δὲ
3513 681 3605 736 καὶ
3654 681 3708 737 οἱ

2051 773 2163 845 μεθ’
2220 774 2370 845 ἡμᾶς
2422 767 2748 828 ἀναλάϐωσι
2806 772 2897 827 τὸν
2957 775 3206 827 τοιοῦτον
3258 775 3407 846 νοῦν,
3466 774 3586 834 πῶς
3643 769 3704 826 ἂν

2047 868 2308 931 συστῆναι
2356 859 2691 932 δυνήσωνται
2741 863 2855 937 (58)
2901 862 2957 916 αἱ
3008 857 3329 932 Ἐκκλησίαι
3379 879 3394 932 ;
3435 865 3502 917 Ἠ
3548 858 3706 934 νομί-

2050 954 2228 1019 ζουσιν
2263 951 2316 1005 οἱ
2348 946 2819 1024 συμϐουλεύοντές
2848 972 2932 1006 σοι
2968 947 3136 1025 μηδὲν
3189 947 3471 1028 εἰληφέναι
3510 969 3591 1017 σε,
3622 947 3707 1006 ὅτι

2044 1044 2474 1117 καταφρονοῦσιν
2509 1059 2524 1110 ;
2558 1038 2736 1095 Ἀλλὰ
2776 1039 2868 1095 καὶ
2915 1044 3076 1096 τοῦτο
3129 1036 3345 1114 ψευδῶς
3389 1041 3525 1116 (59).
3569 1040 3709 1114 Ὥρα

2048 1129 2152 1204 γὰρ
2185 1128 2382 1191 αὐτοὺς
2409 1129 2653 1204 νομίζειν
2711 1127 2880 1204 μηδὲν
2929 1129 3065 1185 εἶναι
3122 1126 3263 1204 μηδὲ
3303 1129 3405 1200 τήν
3449 1132 3547 1184 τοῦ
3576 1127 3711 1185 λου-

2046 1222 2179 1293 τροῦ
2238 1220 2424 1296 χάριν,
2482 1219 2570 1275 έάν
2619 1240 2763 1283 τινες
2817 1218 3014 1275 τούτου
3071 1222 3484 1298 καταφρονῶσι.
3548 1215 3709 1274 ’Δλλ⁹

2050 1304 2306 1386 εἴληφας,
2341 1308 2385 1362 ὧ
2418 1308 2665 1384 ἀγαπητὲ
2696 1307 3003 1385 Δρακόντιε·
3043 1309 3118 1382 μὴ
3171 1308 3371 1384 ἀνέχου
3412 1311 3521 1363 τῶν
3572 1306 3709 1381 συμ-

2050 1390 2424 1452 ϐουλευόντων
2474 1419 2580 1470 σοι,
2634 1395 2776 1472 μηδὲ
2824 1398 3004 1453 ἀπάτα
3052 1397 3266 1455 σαυτόν.
3319 1397 3716 1468 Ἀπαιτηθήσι-

2048 1506 2139 1541 ται
2195 1488 2298 1562 γὰρ
2356 1492 2519 1543 τοῦτο
2576 1489 2723 1562 παρά
2777 1492 2877 1543 τοῦ
2937 1484 3240 1550 δεδωκότος
3297 1491 3454 1544 Θεοῦ.
3503 1492 3572 1544 Ἦ
3617 1486 3719 1543 οὐκ

2051 1571 2291 1645 ἤκουσας
2340 1580 2438 1631 τοῦ
2491 1573 2831 1632 Ἀποστόλου
2886 1574 3163 1653 λέγοντος·
3213 1576 3310 1658 μὴ
3374 1572 3569 1649 ἀμέλει
3618 1578 3718 1631 τοῦ

2054 1662 2107 1718 ἒν
2159 1666 2243 1721 σοὶ
2293 1665 2636 1741 χαρίσματος
2684 1684 2698 1735 ;
2738 1671 2805 1723 Ἢ
2853 1664 2952 1721 οὐκ
3002 1665 3265 1741 ἀνέγνως,
3306 1667 3428 1728 πῶς
3482 1665 3577 1740 μὶν
3625 1664 3719 1741 τὸν

2056 1750 2394 1810 διπλάσαντα
2439 1756 2552 1830 (60)
2609 1752 2963 1832 ἀποδέχεται,
3018 1752 3111 1810 τὸν
3169 1751 3228 1810 δὲ
3275 1753 3554 1830 κρύψαντα
3599 1773 3724 1811 κατ-

2056 1840 2271 1898 εδίκασε
2303 1864 2317 1914 ;
2351 1844 2570 1899 Γένοιτο
2604 1841 2662 1900 δὲ
2686 1846 2905 1922 ταχέως
2955 1841 3265 1900 ἐπανελθεῖν
3312 1864 3394 1917 σε,
3418 1840 3509 1899 ἵνα
3536 1843 3627 1899 καὶ
3659 1834 3724 1900 αὖ

2059 1937 2167 1988 τῶν
2219 1932 2623 2008 ἐπαινουμένων
2656 1935 2806 2010 γένῃ·
2859 1935 2928 1990 Ἢ
2979 1933 3118 2003 εἰπὲ,
3170 1932 3319 1995 τίνος
3372 1954 3431 1988 σε
3478 1929 3726 1989 θέλουσιν

2062 2020 2198 2077 εἶναι
2232 2024 2481 2097 μιμητὴν
2516 2023 2569 2077 οἱ
2613 2017 3084 2096 συμϐουλεύοντές
3135 2042 3220 2078 σοι
3255 2040 3269 2092 ;
3305 2026 3399 2079 Δεῖ
3425 2021 3530 2098 γὰρ
3570 2023 3722 2095 ἡμᾶς

2061 2112 2199 2167 κατὰ
2228 2112 2428 2169 σκοπὸν
2458 2117 2565 2168 τῶν
2624 2111 2795 2188 ἁγίων
2844 2109 2935 2167 καί
2982 2115 3088 2166 τῶν
3136 2112 3391 2185 Πατέρων
3440 2107 3725 2166 πολιτεύε-

2061 2201 2205 2272 σθαι,
2235 2201 2325 2257 καὶ
2354 2201 2583 2265 τούτους
2633 2203 2932 2277 μιμεῖσθαι·
2986 2198 3186 2257 εἰδέναι
3233 2197 3311 2275 δὲ,
3362 2197 3469 2275 δτι,
3515 2198 3722 2257 τούτων

2061 2288 2440 2369 ἀφιστάμενοι,
2473 2288 2763 2367 ἀλλότριοι
2796 2288 2889 2346 καί
2932 2297 3035 2360 τῆς
3064 2289 3272 2347 τούτων
3304 2288 3594 2353 κοινωνίας
3624 2308 3715 2365 γε·

2058 2378 2281 2453 νόμεθα.
2315 2379 2443 2435 Τίνα
2475 2381 2569 2455 μὲν
2604 2381 2717 2454 (61)
2771 2378 3053 2455 μιμεῖσθαί
3103 2400 3161 2435 σε
3189 2377 3438 2436 θέλουσιν
3472 2377 3666 2436 ἐκεῖνοι
3701 2396 3719 2451 ς

2059 2469 2158 2524 Τὸν
2192 2467 2511 2545 διστάζοντα
2555 2468 2647 2525 καὶ
2696 2467 2928 2525 θέλοντα
2982 2468 3076 2543 μὶν
3129 2466 3520 2543 ἀκολουθῆσαι,
3561 2468 3723 2545 ὓπερ-

2060 2559 2340 2632 τιθέμενον
2371 2556 2428 2614 δὲ
2460 2559 2552 2614 καὶ
2602 2553 3114 2632 συμϐουλευόμενον
3167 2555 3256 2613 διὰ
3299 2556 3429 2621 τοὺς
3463 2555 3658 2620 ἰδίους·
3683 2556 3720 2629 ἢ

2059 2648 2151 2702 τὸν
2207 2649 2471 2723 μακάριον
2521 2645 2763 2717 Παῦλον,
2810 2649 2901 2703 τὸν
2962 2648 3077 2721 ἅμα
3120 2652 3200 2720 τῷ
3243 2648 3343 2718 τὴν
3404 2645 3720 2722 οἰκονομίαν

2063 2736 2493 2814 ἐγχειρισθῆναι,
2531 2739 2607 2811 μὴ
2655 2737 3124 2813 προσαναθέμενον
3168 2736 3327 2814 σαρκὶ
3355 2735 3445 2791 καὶ
3478 2734 3668 2812 αἵματι
3704 2753 3721 2807 ;

2064 2827 2129 2883 Δῖ
2156 2828 2260 2904 γὰρ
2307 2826 2397 2881 καὶ
2448 2824 2655 2903 ἔλεγεν,
2706 2825 2816 2882 Οὐκ
2864 2825 2979 2900 εἷμί
3032 2826 3215 2889 ἱκανὸς
3265 2823 3546 2882 καλεῖσθαι
3591 2824 3724 2882 ἀπό-

2064 2913 2283 2986 στολος,
2313 2914 2467 2990 ὅμως
2499 2917 2782 2989 γινώσκων
2815 2915 2845 2969 ’ὁ
2878 2910 3063 2985 ἔλαϐε,
3113 2915 3203 2970 καὶ
3253 2913 3353 2970 οὐκ
3394 2916 3602 2992 ἀγνοῶν
3627 2915 3718 2971 τὸν

2062 3002 2376 3078 δεδωκότα,
2423 3003 2650 3083 ἔγραφεν
2680 3026 2692 3039 ·
2744 3003 2876 3059 Ούαί
2925 3003 3174 3079 γὰρ’μοί
3234 3001 3375 3059 ἐστιν
3435 3004 3571 3078 (62),
3627 3002 3716 3059 ἐὰν

2067 3096 2142 3169 μή
2178 3091 2642 3170 εὐαγγελίζωμαι·
2696 3091 2877 3168 ὥσπερ
2928 3089 2987 3148 δὲ
3012 3093 3075 3148 τὸ
3106 3091 3230 3148 οὐαί
3284 3098 3378 3168 μοι
3429 3092 3527 3149 οὐκ
3555 3091 3712 3169 εύαγ-

2060 3181 2441 3260 γελιζόμενος,
2476 3182 2650 3246 οὕτως
2684 3180 2949 3238 διδάσκων
2980 3182 3071 3238 καὶ
3101 3180 3387 3260 κηρύσσων
3429 3183 3492 3239 τὸ
3533 3181 3720 3259 Εὔαγ-

291 3271 633 3346 Ρτωίίἰεειιιί
660 3272 942 3346 gaudium
974 3278 1032 3330 et
1060 3291 1274 3330 corona
1297 3274 1570 3347 discipuli
1600 3276 1780 3332 fuere.
1805 3276 1945 3333 Hinc

2061 3270 2270 3349 γέλιον,
2330 3272 2506 3349 χαρὰν
2552 3271 2643 3327 καὶ
2692 3272 2949 3350 στέφανον
2997 3272 3113 3349 εἶχε
3167 3271 3295 3335 τοὺς
3352 3271 3721 3347 μαθητευομέ-

288 3358 392 3416 illa
421 3364 624 3416 sancto
657 3360 779 3417 viro
801 3378 943 3419 cura
963 3362 1076 3419 fuit
1098 3379 1287 3435 usque
1313 3364 1385 3418 ad
1418 3363 1713 3437 Illyricum
1742 3365 1949 3438 praedi-

290 3448 463 3507 candi
494 3450 559 3521 ⁸ο,
592 3466 699 3506 nec
753 3451 1040 3508 dubitavit
1086 3451 1178 3508 vel
1229 3452 1474 3508 Romam
1519 3454 1831 3526 proﬁcisci,
1862 3454 1952 3511 vel

290 3554 483 3612 usque
512 3540 585 3596 ad
615 3537 926 3612 Hispanias
956 3557 1290 3615 praperare,
1325 3546 1391 3597 ut
1420 3558 1537 3615 quo
1566 3543 1757 3616 magis
1789 3543 1949 3600 labo-

289 3631 500 3697 rasset,
550 3644 618 3685 eo
677 3628 1024 3703 ampliorem
1082 3630 1411 3687 mercedem
1469 3636 1947 3704 consequeretur.

290 3716 668 3775 Gloriabatur
728 3734 866 3792 ergo
928 3736 992 3776 se
1050 3720 1270 3775 bonum
1324 3724 1623 3777 certamen
1671 3726 1947 3791 certasse,

225 3801 229 3806 ’
288 3807 686 3881 sperabatque
707 3824 985 3883 magnam
1019 3825 1081 3865 se
1113 3826 1387 3867 coronam
1411 3814 1810 3883 accepturum.
1838 3813 1947 3869 Ita-

288 3913 429 3970 que,
458 3897 810 3955 charissime
861 3899 1157 3968 Draconti,
1202 3918 1519 3973 quemnam
1569 3901 1679 3959 hoc
1726 3904 1949 3976 agendo

286 3987 521 4044 imitare
541 3986 571 4042 ?
600 3986 875 4056 Illumne,
901 4006 974 4046 an
1006 4005 1106 4047 eos
1139 3990 1239 4062 qui
1268 3989 1385 4063 ipsi
1418 3995 1555 4047 sunt
1587 3991 1951 4049 dissimiles?

287 4076 408 4151 Ego
434 4092 576 4132 sane
603 4080 661 4132 te
694 4081 752 4132 et
777 4077 1073 4150 meipsum
1096 4079 1364 4135 omnium
1388 4084 1724 4137 sanctorum
1752 4081 1948 4138 imita-

287 4167 450 4222 tores
479 4179 609 4221 esse
637 4166 1015 4239 peroptarim.

358 4253 417 4309 5.
452 4255 540 4311 An
571 4254 720 4311 forte
751 4254 993 4329 quidam
1023 4255 1110 4312 tui
1142 4255 1473 4315 occultandi
1503 4258 1633 4315 ideo
1683 4263 1949 4317 auctores

292 4341 475 4412 fuere,
508 4343 664 4417 quod
694 4359 812 4400 non
844 4343 1037 4407 solum
1067 4346 1242 4403 verbo
1275 4348 1374 4404 sed
1405 4347 1581 4404 etiam
1607 4349 1947 4421 jurameuto

288 4431 704 4502 affirmaris,te
723 4432 774 4489 si
792 4433 1084 4491 ordinaris
1101 4451 1475 4508 nequaquam
1494 4438 1950 4494 remansurum?

290 4519 425 4577 Hac
456 4520 614 4577 enim
645 4519 780 4578 illos
810 4522 985 4580 audio
1019 4523 1141 4581 tuis
1181 4524 1424 4581 auribus
1472 4525 1944 4597 obmurmurare,

290 4607 413 4665 imo
444 4608 505 4664 in
537 4624 606 4666 ea
636 4626 697 4665 re
739 4627 802 4667 se
833 4612 1141 4685 religiosos
1170 4613 1509 4669 existimare
1543 4629 1557 4669 :
1603 4615 1704 4671 sed
1737 4615 1787 4671 si
1816 4632 1947 4674 vere
1976 4635 2024 4701 D

292 4695 554 4771 religiosi
585 4702 802 4768 essent,
826 4704 1009 4756 Deum
1039 4702 1100 4756 in
1130 4701 1341 4776 primis
1364 4701 1465 4775 qui
1496 4702 1605 4758 hoc
1634 4703 1743 4759 tibi
1778 4704 1946 4761 mini-

286 4786 536 4844 sterium
587 4787 855 4857 contulit,
888 4789 1186 4847 timerent.
1222 4792 1384 4856 Quod
1428 4791 1479 4847 si
1511 4791 1738 4849 divinas
1768 4792 1943 4868 legis-

356 4884 401 4920 ⁷⁷
429 4882 451 4941 Ι
484 4884 637 4943 Tim.
670 4902 749 4956 xv,
785 4889 871 4944 14.
949 4891 994 4925 ⁷⁸
1024 4890 1047 4947 Ι
1076 4891 1204 4947 Cor.
1238 4908 1331 4963 xv,
1360 4892 1417 4946 9.
1493 4892 1537 4927 7'
1565 4891 1588 4948 Ι
1620 4891 1748 4949 Cor.
1785 4910 1863 4964 IX,
1898 4894 1985 4950 16.

498 5001 665 5076 393.,
699 4999 1045 5076 δυνήσονται.

375 5001 468 5070 58)
500 5001 665 5076 393.,
699 5001 1045 5074 δυνήσονται.

338 5001 467 5202 ί(59)
498 5073 561 5129 In
610 5075 837 5148 Anglic.
888 5077 1033 5147 haec,
1080 5074 1226 5132 ἀλλὰ
1262 5077 1353 5132 καὶ
1383 5082 1546 5133 τοῦτο
1578 5074 1808 5152 ψευδῶς,
1842 5081 1944 5138 de-

379 5148 638 5202 arantur.
675 5145 853 5202 Paulo
882 5155 1018 5202 nost
1049 5150 1216 5202 Rem.
1249 5148 1619 5202 ἀπαιτῃθῆστι.

350 5145 638 5203 iocantur.
675 5145 853 5204 Paulo
882 5145 1025 5221 post
1049 5150 1216 5224 Reg.,
1249 5145 1619 5224 ἀπαιτηθήσῂ.

350 5217 444 5289 (60
496 5217 725 5293 Anglic.
758 5224 816 5275 et
844 5220 1039 5278 Felck.
1071 5225 1108 5276 2
1138 5238 1340 5290 anon.,
1371 5218 1759 5279 διαπλάσαντα.

374 5289 440 5344 61
498 5288 607 5343 Μέν
635 5290 801 5347 deest
828 5292 889 5350 in
922 5293 1115 5349 Felck.
1148 5295 1183 5350 3
1215 5311 1392 5351 anon.

376 5360 448 5415 62
497 5360 675 5417 Ἔστιν
709 5362 874 5420 deest
903 5364 964 5421 in
1006 5364 1199 5422 Felck.
1232 5367 1265 5421 3
1295 5383 1473 5426 anon.

386 5438 409 5503 ς
474 5430 747 5503 Ανὶιίαιιιε
764 5434 859 5491 hic
876 5435 1040 5493 locus
1059 5442 1148 5494 est
1168 5439 1226 5494 in
1245 5438 1524 5495 omnibus
1537 5437 1759 5503 editis,r

374 5288 468 5351 61)
498 5288 620 5343 Μέκῖ
635 5290 801 5347 deest
828 5292 889 5350 in
922 5293 1115 5349 Felck.
1148 5295 1183 5350 3
1215 5288 1392 5351 anon.

376 5360 469 5426 62)
497 5360 675 5417 Ἔστιν
709 5362 874 5420 deest
903 5364 964 5421 in
1006 5364 1199 5422 Felck.
1232 5367 1265 5421 3
1295 5383 1473 5426 anon.

408 5430 747 5507 3)_Vitiatﬁus
764 5434 859 5491 hic
876 5435 1040 5493 locus
1059 5442 1148 5494 est
1168 5439 1226 5494 in
1245 5438 1524 5495 omnibus
1537 5437 1942 5507 editis,manu-

353 5290 371 5500 ἓ

284 5500 639 5584 scriptisque
656 5506 892 5584 Gracia.
912 5508 1063 5584 Editi
1090 5525 1345 5584 namque
1367 5526 1572 5584 omnes
1592 5500 1831 5584 habent,
1851 5506 1941 5563 διὰ

283 5573 446 5655 τοῦτο
501 5573 589 5626 καὶ
649 5573 864 5657 σπουδῇ.
916 5573 1483 5657 1®v_éviwv._péxpt
1541 5585 1638 5635 τοῦ
1699 5573 1936 5657 Ἰλλυρι-

282 5648 383 5726 κοῦ
411 5661 555 5726 κηρυ
584 5664 748 5726 ττειν,
780 5648 990 5726 καὶ-μὴ
1036 5648 1236 5726 όκνίεῖν,
1294 5648 1489 5726 inepte
1545 5648 1934 5726 sanes‘Reg”

285 5708 376 5767 διὰ
403 5708 567 5770 who
594 5716 684 5770 καὶ
715 5708 926 5791 σπουδῆ
955 5708 1062 5776 τῶν
1116 5708 1284 5800 ἁγίων
1697 5708 1939 5811 Ἰλλυξιξ
2047 5722 2106 5782 δὶ

2059 3382 2207 3425 νους·
2267 3359 2357 3417 διὰ
2400 3366 2563 3417 τοῦτο
2615 3360 2705 3416 καὶ
2759 3358 2968 3431 σπουδὴ
3016 3364 3125 3417 τῶν
3176 3361 3347 3437 ἁγίων
3402 3357 3568 3440 μέχρι
3623 3364 3721 3417 τοῦ

2059 3449 2374 3525 Ἰλλυρικοῦ
2421 3448 2709 3526 κηρύττειν
2754 3452 2896 3524 (63),
2946 3449 3037 3505 καὶ
3091 3451 3166 3523 μὴ
3223 3449 3398 3506 ὀκνεῖν
3452 3446 3593 3525 μηδὲ
3628 3449 3720 3513 εἷς

2057 3541 2156 3610 τὴν
2190 3540 2410 3613 Ῥώμην
2445 3537 2721 3609 ἀπελθεῖν,
2772 3536 2913 3613 μηδὲ
2962 3538 3039 3602 εἰς
3086 3539 3182 3601 τὰς
3229 3538 3468 3602 Σπανίας
3520 3533 3723 3609 ἀναϐῆ-

2057 3650 2167 3699 ναι,
2195 3626 2290 3684 ’ίνα
2319 3627 2444 3684 ὅσον
2475 3632 2924 3700 κοπιᾷ,τοσοῦτον
2953 3627 3044 3683 καὶ
3073 3631 3171 3684 τοῦ
3200 3627 3372 3683 κόπου
3400 3628 3491 3683 τὸν
3528 3627 3716 3701 μισθὸν

2063 3719 2287 3793 μείζονα
2317 3712 2570 3793 ἀπολάϐῃ
2600 3720 2737 3793 (64).
2771 3719 3075 3795 Ἐκαυχᾰτο
3120 3714 3210 3772 οῦν
3259 3717 3350 3772 τὸν
3401 3716 3585 3791 ἀγῶνα
3622 3713 3718 3771 τὸν

2057 3805 2224 3864 καλὸν
2259 3807 2690 3884 ἀγωνισάμενος,
2720 3807 2811 3862 καὶ
2859 3802 3070 3883 ἐθάρρει
3119 3805 3208 3862 τὸν
3247 3806 3414 3881 μέγαν
3464 3805 3722 3883 στέφανον

2059 3896 2511 3971 ἀποληψόμενος.
2546 3895 2773 3969 Οὐκοῦν,
2825 3895 3074 3971 ἆγαπητὶ
3118 3895 3427 3971 Δρακόντιε,
3474 3892 3596 3949 τίνα
3628 3915 3719 3968 μις

2062 3986 2336 4062 μούμενος
2366 3990 2528 4042 τοῦτο
2558 3991 2735 4049 ποιεῖς
2771 4005 2784 4055 ;
2815 3989 3032 4053 τοῦτον,
3063 3984 3099 4053 ἢ
3130 3984 3258 4047 τοὺς
3290 3985 3364 4057 μή
3398 3981 3717 4054 τοιούτους;

2056 4077 2202 4152 Ἐγὼ
2237 4075 2331 4149 μὲν
2365 4071 2602 4151 εὔχομαί
2634 4096 2693 4130 σε
2738 4073 2828 4130 καὶ
2879 4072 3112 4146 ἐμαυτὸν
3144 4073 3360 4128 πάντων
3401 4075 3508 4126 τῶν
3542 4070 3714 4147 ἁγίων

2061 4165 2311 4239 μιμητὴν
2346 4163 2610 4239 γενέσθαι.

2125 4255 2180 4311 5.
2213 4259 2280 4311 Ἦ
2310 4254 2456 4329 τάχα
2481 4253 2623 4317 τινὲς
2670 4250 2719 4307 oi
2771 4249 2861 4309 διὰ
2902 4254 3064 4307 τοῦτο
3114 4243 3583 4325 συμϐουλεύοντες
3630 4269 3718 4311 σοι

2055 4343 2401 4420 κρύπτεσθαι,
2448 4343 2525 4407 ὡς
2569 4341 2736 4419 λόγον
2786 4342 2876 4398 καὶ
2924 4339 3084 4417 ὅρκον
3140 4361 3236 4395 σου
3288 4335 3592 4402 δεδωκότος
3636 4340 3714 4415 μὴ

2057 4440 2268 4508 στῆναι,
2319 4432 2405 4489 ἐὰν
2450 4435 2789 4506 κατασταθῇς
2846 4450 2860 4501 ;
2905 4435 3137 4488 Τοιαῦτα
3355 4431 3459 4507 γὰρ
3518 4427 3715 4492 αὐτοὺς

2055 4522 2238 4579 ἀκούω
2294 4516 2651 4599 περιϐομϐεῖν
2678 4527 2797 4585 ταῖς
2829 4521 3037 4593 ἀκοαῖς,
3095 4519 3186 4576 καὶ
3219 4516 3396 4581 δοκεῖν
3422 4514 3473 4581 ἐν
3497 4516 3717 4581 τούτοις

2062 4607 2438 4668 εὐλαϐεῖσθαι·
2491 4610 2617 4667 ἀλλ’
2658 4610 2703 4667 εἷ
2752 4612 2885 4681 ἦσαν
2940 4608 3162 4680 ἀληθῶς
3215 4603 3487 4681 εὐλαϐεῖς,
3539 4606 3715 4677 ηύλα-

2057 4697 2299 4774 ϐήθησαν
2352 4701 2411 4756 ἂν
2467 4698 2704 4777 μάλιστα
2753 4699 2844 4755 τὸν
2896 4699 3147 4757 ἐπιθέντα
3194 4717 3277 4752 σοι
3326 4696 3454 4754 Θεὸν
3498 4696 3564 4757 τὸ
3602 4693 3714 4757 λειε

2052 4790 2385 4868 τούργημα.
2445 4790 2510 4846 Εἰ
2571 4787 2629 4845 δὲ
2673 4788 2995 4865 ἀναγνόντες
3051 4790 3186 4857 ἦσαν
3247 4787 3369 4862 (66),
3414 4785 3511 4848 τὰς
3568 4781 3714 4847 θείας

2060 4894 2106 4930 ⁸ο
2137 4893 2304 4949 Rom.
2336 4909 2430 4959 xv,
2465 4891 2551 4947 19.

2051 5012 2152 5064 κοῦ
2200 5005 2479 5083 κηρύττει,
2530 5005 2622 5083 καὶ
2646 5008 2775 5083 ’μὴν
2815 5004 3119 5083 ὀκνεῖνᾏΕΐ.
3149 5001 3397 5083 sicufere
3425 4998 3529 5083 alii
3554 4999 3713 5059 cadi:-

2052 5097 2167 5149 ces,
2201 5072 2305 5154 qu'i
2336 5072 2546 5154 tamen
2566 5072 2787 5154 habent
2828 5072 3576 5154 nou§ﬁ._Angl_ic._au§m,
3607 5090 3710 5154 κη-

2056 5143 2387 5228 ρπτεῖν-καὶι
2416 5151 2490 5228 μη
2524 5148 2689 5205 ὀκνεῖ.
2713 5148 2946 5228 Optime
2963 5143 3428 5228 legissoﬁideiu-r
3444 5143 3714 5228 Nannius

2097 5226 2155 5281 ui
2186 5224 2365 5280 habet
2396 5216 2426 5277 ε’
2446 5216 2793 5295 Quapropter
2821 5216 3069 5295 studius}:
3103 5220 3216 5295 fuit
3234 5220 3432 5295 sancto
3462 5216 3593 5273 vim
3611 5216 3712 5289 (τῷ

2090 5295 2221 5370 γίῳ)
2252 5311 2421 5368 usque
2462 5290 2534 5351 ad
2562 5290 2869 5379 Ἰιὶεξτίσαηξ
2893 5293 3037 5379 illud
3060 5290 3713 5379 pfwdfcoie_,_nﬁquf__sf:

2087 5359 2519 5439 ἠεὲόενεξηθᾳιιε
2537 5359 2810 5423 omittere.
2833 5365 3010 5423 Juxta
3028 5359 3200 5436 cujus
3218 5359 3535 5420 lectionem
3555 5359 3715 5439 hunc

2072 5457 2244 5498 ccum
2273 5438 2579 5496 vertimus.
3699 5438 3705 5445 ’

2141 5514 2232 5585 64)
2265 5509 2518 5585 ᾼῐιεξὶοη
2552 5504 2828 5577 ἀπολαύῃ.

2139 5579 2230 5647 65)
2266 5579 2460 5639 Ρθὶόὶς.
2492 5582 2525 5638 3
2557 5597 2760 5647 anon.,
2788 5579 3066 5640 τοιαύτας.
3360 5646 3369 5647 ί
3433 5644 3443 5647 _
3669 5633 3683 5647 _.

2138 5643 2232 5731 66)
2253 5654 2342 5731 Sic
2360 5653 2500 5731 Reg.
2517 5643 2833 5731 Αοεῌοξθι-
2848 5650 3022 5731 Felck
3039 5650 3074 5707 3
3094 5643 3705 5731 anon.~Editiysro;8}

2155 5717 2232 5803 μή
2280 5717 2645 5804 ὅιγνοῆσατιςυ
2660 5730 2819 5800 ἦσαν,
2868 5724 3069 5791 minus
3122 5724 3299 5786 τοοιο.
3341 5717 3535 5791 Ριιιιοζ
3568 5721 3707 5796 ΡΜ

2118 5514 2139 5728 ἓ
