4148 6376
365 360 485 436 829

1513 361 1902 428 EPISTULA
1942 361 2045 425 AD
2088 359 2638 429 DRACONTIUM.

3668 350 3792 419 530

371 498 715 582 Γραφᾶς,οόκ
746 497 804 556 ἂν
845 498 991 574 παρὰ
1037 494 1235 560 ταύτας
1284 490 1692 554 συνεϐούλευον.
1744 499 1882 571 Ὥρα
1922 496 2026 572 γάρ

2156 501 2273 553 sent
2302 497 2659 569 Scripturas,
2692 512 2810 553 non
2838 496 3119 553 adversus
3148 491 3282 552 illas
3311 491 3369 550 id
3411 490 3644 551 consilii
3674 490 3784 549 da-

372 590 567 653 αὐτοὺς
624 590 713 645 καὶ
779 589 870 645 τὸν
941 586 1203 662 Ἰερεμίαν
1254 586 1730 665 καταμέμφεσθαι,
1788 587 1878 641 καὶ
1934 586 2025 640 τὸν

379 680 545 758 μέγαν
579 680 849 734 αἰτιᾶσθαι
900 684 1125 750 Μωσῆν,
1178 677 1263 733 ὅτι
1308 678 1407 746 την
1453 676 1659 731 τούτων
1711 673 2029 749 συμϐουλὴν

378 772 476 828 οὐκ
503 768 765 839 ἤκουσαν,
801 766 947 824 ἀλλὰ
974 769 1065 822 τὸν
1115 768 1242 823 Θεὸν
1295 761 1645 847 φοϐηθέντες,
1694 768 1793 836 τὴν
1846 764 2028 821 διακο-

372 861 485 916 νίαν
532 858 799 927 ἐτέλεσαν,
851 857 939 913 καὶ
985 857 1419 936 προφητεύοντες
1476 854 1888 926 ἐτελειώθησαν.
1930 856 2031 912 Καὶ

375 952 478 1028 γὰρ
510 948 668 1005 αὐτοὶ
700 946 1119 1021 ἀποσταλέντες,
1174 946 1263 1003 καί
1315 940 1575 1010 λαϐόντες
1624 944 1731 1017 ἤδη
1781 947 1879 1015 τὴν
1930 952 2031 1015 τῆς

374 1038 712 1116 προφητείας
763 1035 949 1113 χάριν,
1000 1039 1382 1111 παρῃτήσαντο
1435 1037 1552 1111 μὲν,
1599 1030 1941 1115 ἐφοϐήθησαν
1978 1032 2035 1090 δὶ

384 1129 520 1203 μετὰ
546 1132 736 1198 ταῦτα,
785 1127 875 1181 καὶ
924 1125 1024 1182 οὐκ
1076 1128 1186 1200 (67)
1240 1123 1595 1197 ἐξουδένωσαν
1644 1126 1734 1181 τὸν
1784 1122 2033 1180 ἀποστεί-

376 1215 565 1275 λαντα.
600 1214 725 1273 Εἴτε
755 1216 937 1272 τοίνυν
963 1215 1306 1295 ἰσχνόφωνος
1341 1214 1407 1290 εἴ,
1445 1215 1535 1271 καὶ
1590 1212 2035 1293 βραὸύγλωσσος,

377 1304 525 1363 ἀλλὰ
554 1300 831 1385 φοϐήθητι
859 1305 951 1360 τὸν
994 1303 1278 1361 πλάσαντά
1326 1326 1383 1361 σε
1426 1304 1575 1361 Θεόν*
1632 1302 1739 1360 εἴτε
1782 1305 2039 1380 νεώτερον

377 1397 570 1451 σαυτὸν
625 1392 808 1471 λέγεις
858 1393 1000 1471 πρὸς
1047 1396 1111 1449 τὸ
1161 1396 1443 1472 κήρυγμα,
1494 1392 1622 1449 ἀλλ’
1666 1388 1900 1450 εὐλαϐοῦ
1945 1395 2034 1448 τὸν

378 1482 723 1561 γινώσκοντά
767 1505 825 1540 σε
870 1486 976 1561 πρὸ
1018 1488 1116 1540 τοῦ
1163 1482 1490 1554 πλασθῆναι·
1534 1482 1641 1540 εἷ’τε
1669 1482 1834 1558 λόγον
1871 1480 2038 1539 δέδω-

378 1596 479 1637 κας
513 1576 562 1648 (ὁ
596 1571 656 1631 δὲ
685 1572 854 1649 λόγος
884 1579 1001 1636 τοῖς
1034 1573 1215 1651 ἁγίοις
1254 1573 1328 1637 ὡς
1379 1572 1541 1650 ὅρκος
1586 1572 1696 1647 ἦν),
1730 1571 1874 1629 ἀλλᾶ
1914 1573 2039 1628 ἀνά-

378 1663 551 1740 γνωθι
580 1664 672 1719 τὸν
702 1664 994 1740 Ἰερεμίαν,
1026 1667 1142 1727 πῶς
1194 1664 1286 1719 καὶ
1338 1664 1499 1725 αὐτὸς
1544 1662 1799 1738 εἰρηκὼς,
1848 1661 1919 1717 Οὐ
1964 1663 2038 1735 μὴ

382 1751 638 1825 ὀνομάσω
666 1753 729 1808 τὸ
762 1748 934 1827 ὄνομα
978 1751 1199 1830 Κυρίου,
1236 1751 1454 1827 ὕστερον
1506 1749 1564 1807 δὲ
1593 1745 1851 1831 φοϐηθεὶς
1895 1752 1957 1807 τὸ
1989 1751 2039 1808 ἐν

2140 592 2290 644 rent.
2324 587 2523 643 Restat
2558 591 2753 643 autem
2802 585 2936 643 illos
2966 586 3165 660 ipsum
3218 584 3573 642 Hieremiam
3620 598 3784 639 coar-

2139 693 2339 751 guere,
2373 694 2773 751 magnumque
2805 679 3040 751 Moysen
3102 675 3401 743 simulare,
3457 674 3613 747 quod
3659 689 3791 729 con-

2141 767 2272 825 silio
2305 784 2411 823 suo
2429 784 2542 823 non
2575 768 3051 840 obtemperarint,
3085 766 3185 824 sed
3220 764 3405 822 Deum
3442 763 3633 831 veriti,
3668 762 3779 819 mi-

2142 856 2449 915 nisterium
2482 874 2655 913 suum
2701 857 3090 930 impleverint,
3141 861 3317 929 atque
3364 854 3782 928 prophetantes

2144 947 2261 1005 sint
2291 948 2703 1003 consummati.
2737 946 2827 1004 Illi
2858 947 3151 1021 siquidem
3184 945 3375 1015 missi,
3434 948 3790 1017 acceptaque

2146 1036 2465 1111 prophetia
2497 1036 2685 1109 gratia
2715 1038 3068 1093 recusabant
3084 1035 3306 1093 statim:
3342 1037 3399 1091 at
3428 1051 3546 1107 prae
3574 1033 3791 1089 timore

2146 1131 2368 1200 postea,
2404 1126 2727 1183 mittentem
2763 1143 2825 1183 se
2854 1124 3231 1200 vilipendere,
3263 1125 3633 1197 abnuereque
3662 1121 3793 1181 ausi

2146 1234 2263 1273 non
2298 1220 2457 1271 sunt.
2491 1215 2619 1272 Sive
2647 1216 2831 1291 igitur
2857 1234 2920 1273 es
2949 1214 3152 1291 gracili
3177 1232 3340 1284 voce,
3373 1214 3494 1272 sive
3538 1212 3795 1269 tardiore

2146 1306 2352 1379 lingua
2381 1306 2451 1373 εί,
2485 1309 2545 1361 at
2572 1306 2657 1362 tui
2718 1305 3077 1362 conditorem
3119 1310 3300 1362 Deum
3334 1302 3576 1361 metuito
3613 1317 3626 1357 :
3660 1296 3717 1358 si
3742 1304 3801 1358 te

2140 1396 2441 1469 juniorem
2473 1396 2545 1451 ad
2578 1394 3014 1468 praedicandum
3047 1394 3209 1451 dicas
3255 1397 3315 1451 at
3342 1393 3485 1450 time
3525 1408 3661 1449 eum
3694 1391 3796 1465 qui

2148 1491 2205 1541 te
2234 1490 2475 1541 noverat
2505 1490 2827 1559 antequam
2859 1485 3178 1542 formarere
3206 1502 3219 1541 ε
3254 1484 3304 1540 si
3336 1483 3578 1541 verbum
3601 1482 3799 1539 adver-

2151 1591 2285 1632 sum
2318 1574 2653 1648 protuleris,
2686 1579 2892 1647 estque
2937 1575 3181 1631 verbum
3240 1573 3459 1631 sanctis
3513 1589 3616 1646 pro
3640 1572 3802 1643 jura-

2153 1669 2349 1721 mento
2386 1682 2398 1733 ;
2435 1665 2559 1737 lege
2588 1665 2903 1722 Jeremiam
2938 1664 3039 1738 qui
3070 1680 3203 1720 cum
3237 1662 3500 1728 dixisset,
3550 1662 3667 1718 Non
3695 1674 3800 1715 no-

2151 1755 2373 1810 minabo
2402 1771 2603 1811 nomen
2634 1756 2855 1810 Domini
2880 1755 3013 1822 “,at
3044 1757 3247 1827 postea
3275 1769 3410 1808 cum
3440 1751 3599 1807 intra
3629 1765 3692 1807 se
3717 1764 3807 1805 ac-

382 1841 530 1915 αὖτῷ
697 1846 803 1919 πῦρ
834 1840 1359 1918 γενόμενον,οὗκέτι,
1382 1842 1458 1904 ὡς
1485 1838 1693 1917 εἷ’ρηκε,
1722 1841 2041 1914 πεποίηκεν,

2156 1859 2397 1901 censum
2429 1845 2625 1916 ignem
2657 1844 3066 1901 reformidaret
3095 1858 3471 1917 nequaquam
3492 1839 3665 1897 dictis
3682 1837 3806 1896 suis

382 1928 511 1987 οὐδὲ
543 1931 620 1993 ὡς
650 1932 995 2010 προληφθεὶς
1023 1935 1105 2004 τῷ
1133 1930 1282 2007 ὅρκῳ
1313 1924 1541 2007 ἐκρύϐη·
1567 1928 1712 1986 ἀλλά
1738 1932 1829 1987 τὸν
1863 1930 2046 2008 ἐγχει-

382 2019 609 2096 ρίσαντα
664 2015 1111 2096 εὐλαϐούμενος,
1164 2018 1487 2077 τετελείωκε
1540 2022 1639 2090 τὴν
1688 2021 2046 2099 προφητείαν.

381 2110 454 2165 Ἥ
486 2108 585 2164 οὐκ
615 2107 791 2183 οἶδας,
846 2111 1115 2186 ἆγαπητὲ,
1148 2108 1229 2165 ὅτι
1277 2111 1369 2166 καὶ
1410 2116 1592 2172 Ἰωνᾶς
1645 2108 1856 2189 φεύγων
1913 2112 2047 2183 (69),

388 2198 585 2275 γέγονε
620 2199 741 2272 μὶν,
770 2200 846 2262 ὡς
878 2200 1091 2276 γέγονε,
1127 2200 1261 2273 μετά
1291 2196 1349 2254 δὲ
1392 2203 1561 2253 ταῦτα
1612 2196 1776 2254 πάλιν
1809 2201 2050 2278 προεφή-

390 2308 573 2344 τευσεν
604 2305 618 2358 ;

463 2469 517 2523 6.
553 2468 642 2537 Μή
674 2467 859 2523 τοίνυν
890 2464 1037 2523 ἄλλα
1064 2469 1212 2542 παρᾶ
1237 2472 1405 2524 ταῦτα
1434 2464 1835 2543 συμϐουλεύου.
1885 2465 2052 2526 Μᾶλ-

392 2551 491 2612 λον
522 2558 628 2632 γὰρ
658 2559 817 2631 ἡμῶν
874 2554 1014 2613 οἶδεν
1049 2559 1077 2613 ὁ
1108 2556 1304 2634 Κύριος
1343 2559 1411 2614 τὰ
1438 2560 1623 2633 ἡμῶν,
1647 2558 1736 2613 καὶ
1769 2557 1881 2614 οἶδε
1908 2556 2046 2613 τίσιν

391 2644 688 2721 ἐγχειρίζει
764 2647 860 2708 τὰς
939 2647 1130 2702 ἑαυτοῦ
1204 2646 1531 2717 Ἐκκλησίας
1567 2692 1579 2703 .
1640 2646 1743 2703 Κᾶν
1805 2648 1908 2723 γὰρ
1971 2649 2045 2721 μὴ

388 2732 536 2805 ἄξιός
567 2755 652 2798 τις
686 2736 952 2813 τυγχάνῃ,
1005 2734 1153 2791 ἀλλὰ
1204 2737 1279 2809 μή
1332 2739 1442 2811 (70)
1493 2737 1628 2814 πρὸς
1658 2734 1750 2792 τὸν
1782 2737 2045 2813 πρότερον

392 2823 508 2901 βίον
538 2819 921 2896 ἀποϐλεπέτω,
973 2822 1119 2880 ἀλλὰ
1163 2827 1262 2895 την
1318 2823 1590 2881 διακονίαν
1626 2820 1932 2882 ἐκτελείτω·
1960 2825 2049 2881 ’ίνα

391 2915 467 2987 μή
500 2914 636 2989 πρὸς
672 2918 753 2986 τῷ
808 2907 913 2989 βίῳ
958 2914 1047 2970 καὶ
1099 2916 1200 2984 τήν
1254 2914 1315 2971 ἐκ
1358 2922 1461 2985 τῆς
1507 2914 1765 2990 ἀμελείας
1816 2917 2049 2992 κατάραν

386 3002 770 3079 ἀπενέγκηται.
830 3004 974 3078 Ἀρα
1019 3005 1147 3081 γὰρ,
1206 3006 1451 3081 άγαπητὶ
1511 3006 1832 3079 Δρακόντιε,
1882 3010 2049 3061 ταῦτα

385 3094 671 3169 γινώσκων
723 3094 815 3148 καὶ
864 3094 1080 3157 συνετὸς
1130 3096 1440 3170 τυγχάνων,
1493 3095 1554 3150 οὗ
1607 3094 1905 3169 κατανύττῃ
1950 3096 2049 3164 την

385 3185 573 3260 ψυχήν
607 3202 621 3251 ;
658 3182 732 3238 Οὑ
756 3182 1063 3261 φροντίζεις
1099 3185 1172 3257 μή
1210 3183 1485 3253 ἀπόληταί
1522 3206 1606 3247 τις
1649 3188 1757 3239 τῶν
1810 3184 2048 3262 ἐγχειρι-

2159 1934 2438 1989 standum
2489 1933 2720 1990 censuit
2776 1950 2880 1989 nec
2933 1932 3102 2006 quasi
3149 1933 3488 2004 juramento
3544 1928 3808 2003 illigatus

2159 2038 2288 2079 sese
2319 2022 2545 2078 abdidit
2579 2048 2593 2093 ;
2622 2024 2723 2079 sed
2755 2039 2888 2078 eum
2924 2023 3025 2096 qui
3061 2021 3174 2079 sibi
3208 2019 3602 2078 ministerium
3632 2015 3811 2073 tradi-

2158 2112 2323 2168 derat
2375 2112 2597 2168 veritus
2654 2111 3041 2185 praphetandi
3100 2127 3319 2168 munus
3375 2107 3663 2182 implevit.
3718 2108 3809 2164 An

2160 2201 2416 2275 ignoras,
2450 2201 2681 2272 dilecte,
2714 2202 2959 2275 fugienti
3001 2202 3164 2259 Jonas
3216 2218 3284 2257 ea
3311 2216 3440 2274 quas
3470 2202 3600 2255 tute
3627 2195 3808 2272 probo

2159 2291 2316 2347 nosti
2347 2290 2647 2359 rccidisse,
2681 2291 2781 2348 sed
2806 2307 2943 2348 eum
2973 2293 3171 2348 noster
3230 2286 3619 2347 nihilominus
3675 2301 3809 2360 pro-

2159 2378 2433 2453 phetasse
2463 2381 2491 2435 ?

2230 2470 2284 2524 6.
2317 2469 2434 2526 Nec
2457 2469 2637 2542 igitur
2686 2470 2916 2527 diversa
2945 2468 3177 2526 abistis
3236 2466 3481 2524 consilia
3537 2480 3807 2539 sequare.

2160 2557 2371 2615 Melius
2400 2558 2557 2614 enim
2589 2576 2769 2632 quam
2801 2558 3024 2632 nosipsi
3052 2575 3181 2631 qum
3211 2573 3317 2614 nos
3339 2559 3626 2629 spectant,
3649 2552 3813 2611 novit

2160 2646 2450 2704 Dominus
2484 2664 2496 2701 :
2533 2664 2637 2703 nec
2666 2647 2901 2720 ignorat
2930 2646 3287 2721 quibusdam
3311 2662 3449 2702 suas
3478 2643 3813 2701 committat

2160 2735 2465 2792 Ecclesias.
2499 2736 2646 2792 Nam
2680 2738 2835 2793 210
2868 2735 2916 2792 si
2950 2736 3084 2808 quis
3114 2736 3330 2809 dignus
3374 2751 3490 2790 non
3531 2732 3728 2801 fuerit,
3759 2730 3812 2788 is

2160 2843 2231 2881 ne
2254 2825 2604 2898 prateritam
2639 2830 2859 2898 spectet
2883 2825 3011 2880 vita:
3045 2826 3332 2881 rationem
3387 2824 3489 2880 sed
3548 2821 3810 2879 officium

2158 2914 2402 2987 impleat
2424 2930 2600 2970 suum
2635 2931 2706 2970 ne
2728 2916 2904 2986 juxta
2930 2914 3062 2970 vitae
3094 2929 3217 2971 suos
3243 2918 3419 2989 atque
3440 2911 3810 2986 negligentiae

2159 3002 2627 3059 maledictionem
2661 3003 2890 3059 referat.
2924 3008 3056 3060 Haec
3087 3020 3222 3060 cum
3254 3003 3427 3070 scias,
3460 3001 3809 3059 charissima

2158 3092 2454 3163 Draconti,
2489 3093 2869 3166 prudensque
2918 3104 3053 3149 cum
3099 3093 3202 3163 sis,
3236 3108 3379 3149 num
3435 3090 3633 3147 animo
3689 3092 3807 3146 non

2158 3182 2575 3254 compungeris
2605 3181 2633 3236 Ἰ
2662 3181 2788 3238 Non
2817 3198 2989 3238 curas
3032 3198 3104 3238 ne
3151 3182 3286 3254 quis
3332 3195 3535 3238 eorum
3567 3178 3665 3252 qui
3698 3177 3809 3235 tibi

653 3292 736 3326 σοι
769 3255 892 3343 ξ’οὐ
923 3255 1108 3351 φλέγῃὴ
1130 3273 1206 3335 ὡς
1254 3272 1359 3329 διπὸ
1391 3276 1511 3347 (71)
1547 3272 1719 3348 πυρὸς
1747 3255 2041 3329 τοῦ-συνει-

2161 3271 2462 3327 commissi
2493 3274 2632 3326 sunt
2662 3271 2906 3343 pereat?
2952 3270 3077 3329 Non
3110 3271 3279 3326 ardes
3310 3268 3477 3341 quasi
3506 3267 3808 3325 conscien-

388 3357 545 3422 δότος
580 3380 594 3431 ;
629 3360 703 3415 Οὐ
735 3356 881 3441 φοϐῇ
922 3363 1023 3432 τὴν
1076 3363 1287 3438 ἡμέραν
1337 3369 1438 3432 τῆς
1484 3363 1736 3437 κρίσεως,
1773 3364 1825 3419 ἐν
1924 3360 2047 3418 οὖδ-

388 3450 465 3511 εὶς
490 3453 601 3503 τῶν
649 3445 1135 3524 συμϐουλευόντων
1186 3456 1278 3506 νῦν
1314 3449 1426 3507 ἐκεῖ
1454 3454 1736 3527 γενήσεται
1795 3452 1999 3529 βοηθός
2030 3469 2044 3520 ;

385 3538 651 3600 Ἕκαστος
712 3540 818 3616 γὰρ
866 3544 976 3595 τῶι
1026 3540 1475 3617 ἐγχειρισθέντων
1528 3540 1673 3613 αὖτῷ
1727 3541 1817 3596 καὶ
1877 3540 2045 3617 λόγον

385 3624 678 3682 ἀποδώσει.
729 3628 790 3682 Ῥί
841 3630 944 3707 γὰρ
996 3624 1174 3699 ὤνησε
1214 3630 1307 3685 τὸν
1359 3628 1639 3706 κρύψαντα
1682 3631 1745 3685 τὸ
1793 3628 2045 3705 δηνάριον

382 3718 418 3786 ἠ
474 3716 745 3795 πρόφασις
787 3735 805 3787 ;
851 3722 918 3773 Ἦ
974 3718 1028 3773 τί
1087 3714 1343 3797 ὠφέλησε
1395 3720 1489 3774 τὸν
1551 3716 1731 3793 Ἀδάμ
1767 3720 2043 3793 εἰρηκότα,

382 3807 446 3862 Ἡ
501 3808 639 3881 γυνή
704 3828 771 3881 με
850 3809 1130 3878 ἠπάτησεν
1187 3826 1202 3877 ;
1263 3808 1545 3884 ’Δγαπητέ
1601 3808 1936 3885 Δρακόντιε,
1999 3811 2045 3866 εἰ

381 3895 472 3950 καὶ
502 3893 726 3965 ἀληθῶς
775 3897 1006 3967 ἀσθενὴς
1044 3898 1359 3974 τυγχάνεις,
1409 3896 1555 3953 ἀλλὰ
1603 3893 1891 3953 ἀναλαϐεῖν
1933 3902 2046 3973 (72)

382 4003 440 4039 σε
466 3986 567 4053 τὴν
597 3983 861 4064 φροντίδα
890 3988 1108 4063 πρέπει,
1135 3985 1228 4041 ’ίνα
1262 3988 1361 4060 μή,
1417 3994 1523 4057 τῆς
1561 3985 1886 4058 Ἐκκλησίας
1920 3988 2047 4065 ἐρή-

384 4093 490 4147 μου
522 4074 932 4152 τυγχανούσης.
961 4076 1015 4131 οἳ
1047 4075 1237 4153 ἐχθροῖ
1267 4074 1469 4147 ταύτην
1506 4074 1781 4153 βλάψωσι,
1832 4077 2043 4156 πρόφα-

380 4182 461 4216 σιν
498 4163 749 4239 εὑρόντες
772 4166 877 4235 τὴν
920 4166 1020 4234 σ’ἧν
1072 4168 1269 4244 φυγήν.
1306 4166 1508 4240 Πρέπει
1557 4187 1614 4221 σε
1653 4167 2043 4238 ἀναζώσασθαι,

375 4245 469 4305 ἵνα
502 4252 577 4323 μὴ
630 4250 833 4324 μόνους
881 4254 1038 4322 ἡμᾶς
1088 4254 1230 4332 ἀφῇς
1284 4252 1335 4309 ἐν
1384 4258 1462 4326 τῷ
1509 4256 1699 4330 ἀγῶνιο
1749 4252 1945 4333 πρέπει
1988 4277 2047 4312 σε

379 4345 678 4415 συγκαμεῖν
731 4342 896 4415 (73),
943 4339 1037 4396 ’ἕνα
1088 4344 1223 4416 μετὰ
1285 4345 1498 4398 πάντων
1556 4344 1647 4399 καὶ
1701 4343 1795 4401 τὸν
1858 4347 2042 4419 μισθὸν

380 4423 693 4504 ἆπολάϐῃς.

450 4519 507 4577 7.
543 4515 765 4577 Σπεῦδει
799 4524 1131 4597 τοιγαροῦν,
1174 4522 1442 4595 ἂγαπητὶ,
1492 4523 1686 4595 μηκέτι
1741 4519 2042 4598 βραδύνων,

2158 3359 2250 3415 tim
2282 3359 2462 3434 igne?
2506 3361 2714 3416 Annon
2746 3359 2901 3417 diem
2936 3358 3144 3432 judicii
3176 3358 3544 3428 reformidas,
3579 3358 3641 3413 in
3690 3372 3810 3429 qua

2156 3448 2359 3505 nullus
2380 3449 2591 3505 horum
2617 3449 3083 3506 consiliariorum
3107 3448 3423 3521 opitulator
3438 3446 3811 3504 aderit‘ISin-

2156 3537 2279 3611 guli
2313 3555 2569 3610 namque
2600 3539 2672 3595 de
2702 3539 2812 3594 sibi
2834 3538 3183 3595 concreditis
3210 3538 3492 3595 rationem
3518 3536 3805 3593 reddituri

2156 3632 2317 3684 sunt.
2342 3628 2489 3692 Quid
2522 3629 2678 3684 enim
2712 3628 2931 3701 profuit
2951 3628 3001 3684 ei
3032 3628 3133 3700 qui
3155 3627 3462 3684 denarium
3486 3625 3808 3684 occultave-

2156 3722 2248 3772 rat
2301 3734 2411 3773 sua
2456 3715 2801 3774 excusatio?
2847 3719 2962 3773 Aut
3013 3717 3152 3789 quid
3202 3717 3547 3789 profuerunt
3583 3716 3805 3772 Adamo

2154 3807 2331 3862 verba
2374 3806 2497 3875 illa,
2548 3808 2745 3864 Mulier
2792 3823 2879 3863 me
2927 3807 3137 3880 decepit
3163 3807 3255 3862 93?
3300 3805 3561 3864 Tametsi
3607 3821 3807 3863 revera

2156 3896 2430 3953 infirmus
2460 3914 2542 3964 es,
2569 3897 2948 3953 dilectissime
2969 3897 3241 3954 Draconti
3268 3914 3281 3966 ;
3312 3896 3417 3953 sed
3436 3899 3492 3953 te
3520 3895 3672 3952 hanc
3700 3911 3802 3952 cu-

2156 4001 2282 4040 ram
2312 3986 2611 4059 suscipere
2633 3986 2921 4057 convenit,
2944 4001 3017 4042 ne
3042 3987 3275 4043 deserta
3297 3985 3572 4054 Ecclesia,
3596 3985 3669 4041 ab
3697 3984 3807 4040 ini-

2156 4074 2348 4139 micis,
2379 4075 2745 4132 occasionem
2777 4092 2846 4132 ex
2876 4077 3015 4151 fuga
3045 4081 3147 4132 tua
3179 4075 3385 4145 nectis,
3409 4075 3672 4131 lmdatur.
3696 4074 3808 4130 Par

2154 4167 2245 4220 est
2274 4168 2339 4220 ut
2366 4169 2423 4221 te
2455 4164 2749 4238 accingas,
2773 4182 2847 4222 ne
2877 4182 2985 4221 nos
3016 4165 3173 4223 solos
3202 4166 3263 4221 in
3294 4164 3614 4222 certamine
3642 4164 3805 4220 dese-

2155 4269 2257 4310 ras
2283 4270 2295 4308 :
2343 4255 2507 4311 decet
2534 4258 2591 4311 te
2624 4271 2742 4311 una
2771 4270 2907 4311 cum
2936 4254 3069 4311 aliis
3098 4254 3383 4322 laborare,
3418 4257 3485 4311 ut
3513 4268 3646 4311 cum
3677 4268 3804 4309 om-

2155 4342 2330 4401 nibus
2360 4343 2557 4401 debita
2585 4345 2853 4401 mercede
2883 4344 3139 4401 doneris.

2222 4522 2277 4576 '7.
2312 4522 2548 4580 Matura
2576 4522 2776 4595 igitur,
2810 4520 3038 4589 dilecte,
3069 4538 3149 4579 ne
3180 4520 3338 4579 ultra
3365 4520 3631 4589 moreris,
3665 4537 3810 4580 neve

389 4604 537 4680 μηδὲ
564 4608 902 4697 ἀνέχουιτῷν
945 4629 1004 4665 σε
1043 4609 1392 4684 κωλυοντων,
1425 4608 1573 4667 ἀλλὰ
1614 4616 1711 4668 τοῦ
1742 4609 2041 4677 δεδωκότος

2156 4628 2254 4669 eos
2286 4613 2387 4685 qui
2418 4612 2524 4668 tibi
2558 4611 2982 4685 impedimento
3014 4616 3175 4682 sunt,
3209 4610 3428 4667 toleres
3462 4630 3477 4667 :
3528 4611 3631 4669 scd
3683 4627 3806 4669 me-

385 4698 678 4769 ινδήσθητι·
710 4696 803 4753 καὶ
852 4695 1010 4771 διῦρο
1050 4699 1187 4775 πρὸς
1235 4702 1389 4773 ἡμᾶς
1427 4699 1558 4763 τοὺς
1608 4701 1934 4777 ἀγαπῶντάς
1962 4725 2040 4777 σε,

2156 4707 2353 4758 mento
2384 4703 2513 4773 ejus
2563 4702 2663 4774 qui
2715 4701 2825 4758 hoc
2869 4702 2974 4758 tibi
3017 4700 3415 4759 ministerium
3440 4701 3713 4758 tradidit..
3737 4701 3808 4759 Et

379 4783 508 4849 τοὺς
568 4781 1045 4861 συμϐουλεύοντάς
1095 4809 1179 4843 σοι
1224 4790 1292 4843 τὰ
1332 4792 1439 4844 τῶν
1489 4794 1717 4870 Γραφῶν
1770 4793 1903 4864 (74),
1948 4790 2041 4848 ’ἱνα

2156 4791 2268 4847 huc
2299 4808 2547 4865 pr0pera
2577 4792 2648 4847 ad
2681 4808 2787 4848 nos
2819 4791 2917 4864 qui
2950 4796 3007 4848 te
3037 4790 3365 4865 diligimus,
3397 4790 3498 4862 qui
3537 4790 3644 4846 tibi
3676 4806 3806 4863 quae

379 4874 473 4929 καὶ
505 4876 820 4950 παρ’ήμῶν
871 4879 1259 4957 προπεμφθῇς,
1308 4879 1398 4933 καὶ
1442 4875 1777 4956 λειτουργῶν
1820 4879 1871 4937 έν
1921 4887 2041 4946 ταῖς

2156 4881 2585 4954 Scripturarum
2618 4885 2760 4937 sunt
2789 4881 3155 4949 suademus;
3184 4884 3253 4937 ut.
3276 4897 3311 4936 a
3340 4879 3512 4938 nobis
3537 4896 3679 4937 cum
3704 4878 3806 4936 ho-

364 5010 365 5013 ‘
441 5002 702 5068 “"Exod.
735 5022 814 5082 ιν,
849 5008 937 5069 10.
1025 5011 1220 5070 lMler.
1253 5028 1359 5087 xx,
1381 5014 1436 5070 9.
1537 5013 1565 5051 ⁸
1589 5014 1803 5074 Genes.
1836 5019 2037 5085 111,12.

368 5140 929 5230 Ροξςξςῖιςι-..Ζᾶρποηκ
1070 5145 1325 5230 Ἱερεμίᾳ.
1349 5219 1390 5230 _
1430 5218 1443 5230 .
1483 5221 1502 5230 _
1577 5219 1613 5230 Δ,
1884 5222 2032 5230 _____

2156 5149 2248 5219 τὴν
2286 5154 2421 5230 τῇς,
2461 5150 2682 5230 omisso
2733 5168 2811 5210 εκ.
2872 5151 3059 5209 Felck.
3110 5151 3146 5209 3
3202 5162 3377 5208 anon.
3436 5147 3583 5209 ibid.
3637 5148 3801 5204 κατά-

438 5189 1060 5298 (ὄῆᾜῇ
1348 5218 1551 5289 Felck,
1575 5219 1615 5277 3
1658 5237 1836 5296 anon,
1884 5222 2036 5281 Editi
2149 5189 2713 5298 ,

370 5290 681 5372 “metu
723 5362 738 5372 .
796 5290 849 5372 ζ
1150 5290 1211 5372 ,⁷
1241 5359 1258 5372 .
1368 5360 1382 5372 .
1431 5364 1461 5372 _
1818 5290 1831 5296 ⁷

2156 5290 2163 5298 ’
2362 5294 2512 5372 Reg;
2536 5294 2720 5372 solus,
2749 5294 2839 5372 καὶ
2870 5290 3245 5372 οὖ-φ-λέγῃᾷὡς
3277 5291 3434 5372 ὕπο.-
3456 5363 3514 5372 m
3585 5366 3601 5372 _
3660 5368 3661 5371 η

460 5359 782 5493 33)“Ξθιοις.
814 5361 851 5418 3
882 5377 1084 5455 anop.,
1113 5361 1213 5418 τὸν
1238 5359 1291 5420 ιν
1325 5360 1493 5436 αότῷ.
2216 5359 2330 5453 (72)
2360 5359 2618 5440 Sio’Reg.
2640 5359 2815 5441 Angl.
2839 5371 2899 5425 et
2917 5359 3181 5427 Félck'IB'
3205 5382 3379 5424 anon.
3406 5363 3519 5424 Alii
3546 5366 3605 5426 et
3634 5362 3801 5434 editi,

638 5433 839 5493 Παιιο..
872 5451 1084 5493 φυγων.
2148 5431 2362 5493 λαϐειν.

580 5448 1222 5590 ἓὲῗὲθξὶξδὲἷϐυεξοιὶη.
1253 5509 1315 5590 et
1341 5522 1548 5566 omnes
1578 5508 1846 5590 mss.Sed
1868 5509 2033 5590 gari-

2156 5448 2603 5590 Ᾱαᾶἓῖξαεζίοὲ
2636 5507 2985 5590 συγκάμνειν.
3016 5509 3168 5590 _Mox_
3202 5509 3427 5590 id_em.,_
3451 5501 3765 5590 ἁτενλξῦῃε.

362 5571 777 5662 Eleusis-edit”
807 5575 968 5662 9131c:
1005 5578 1105 5662 μῄ,
1148 5579 1455 5662 notissimus
1481 5596 1599 5653 qua
1660 5580 2029 5662 auctoritate.

2156 5645 2170 5662 ,
2212 5571 2603 5662 (74),Ὲ’9)“ὀ1ιι.
2632 5571 2830 5662 auom,
2858 5578 2942 5636 σοὶ
2970 5580 3071 5651 τὴν
3100 5583 3208 5662 τῷν
3241 5571 3469 5662 Γραφῖὗν
3496 5571 3801 5662 eguit”.

360 5643 662 5724 ἕρῆιῖοε.
696 5643 874 5724 Basil.
903 5643 1169 5724 Anglici
1199 5650 1391 5709 Felck.
1422 5652 1457 5709 3
1485 5643 1693 5723 sinam,
1714 5650 2029 5713 ἐκτελείτω.

451 5646 662 5736 ξεῆοε.
696 5645 874 5736 B‘asil‘.
903 5645 1169 5736 Αηβιζθτ
1199 5650 1391 5709 Felck.
1422 5652 1457 5709 3
1485 5645 1693 5736 ἀπο-ηρ,
1714 5650 2029 5736 ἐκτελείτω.

2156 5645 2230 5709 (νοὶ
2250 5645 2363 5711 κάί.
2394 5656 2524 5713 Mox
2552 5645 3235 5736 Αηειὶο.,’προπεμφθείς.

361 5717 517 5779 lditi
570 5717 729 5796 véro,
787 5717 1106 5802 ὂκλιγιίξω,
1155 5738 1488 5801 perperam.
1565 5717 1723 5789 Ibid;
1770 5725 2027 5803 Anglia,
