2074 3191
177 196 235 232 831

448 200 482 234 S.
504 200 721 234 ATHANASII
742 201 831 233 OPP.
854 200 954 233 PARS
976 200 1000 232 Ῑ.
1015 216 1056 224 -
1076 199 1288 234 HISTORICA
1307 201 1359 233 ET
1380 200 1622 236 DOGMA’I‘ICA.

1831 202 1891 238 U3!

177 276 249 297 nore
263 268 418 303 deducere,
430 272 458 300 et
473 271 543 300 dum
559 270 589 300 in
604 271 734 300 ecclesiis
750 280 833 300 sacra
848 271 936 301 facies
951 281 1003 301 no-

1065 266 1237 303 Ἐκκλησίαις
1267 269 1455 308 μνημονεύσῃς
1470 270 1525 308 (75)
1554 270 1599 298 καὶ
1629 269 1694 308 ὑπὶρ
1853 270 1889 301 06

180 313 235 342 Itri
250 315 423 344 memoriam
439 324 518 353 agas.
536 316 635 353 Neque
649 316 726 345 enim
745 318 778 345 tu
794 316 875 346 solus
891 326 925 345 ex
940 326 1005 346 mo-

179 359 281 388 nachis
297 368 329 389 es
343 361 494 390 ordinatus
512 370 519 390 :
540 370 635 399 neque
648 365 680 390 tu
695 365 811 392 tantum
827 364 1005 392 monasterio

179 405 332 441 prefuisti,
349 407 397 434 vel
412 406 492 435 solus
513 416 531 436 a
550 408 703 437 monachis
729 408 855 437 dilectus
870 417 901 437 es
918 418 924 438 :
953 410 1003 438 sed

178 449 256 477 nosti
272 450 461 486 Serapionem
477 453 656 481 monachum
672 461 747 487 esse,
764 456 793 482 et
814 456 876 482 tam
902 454 1005 483 multis

177 494 329 530 prefuisse
342 496 505 525 monachis.
517 499 576 525 Nec
586 499 615 525 te
627 498 754 534 praeterit
764 500 836 534 quot
846 499 1004 527 monacho-

177 546 243 567 rum
268 541 351 575 pater
375 541 462 569 fuerit
485 541 615 578 Apollos.
636 542 718 571 Nosti
742 543 935 579 Agathonem,
951 552 1005 572 nec

176 582 295 619 ignoras
306 585 484 620 Aristonem,
496 595 530 615 ac
546 587 707 616 meministi
718 589 866 616 Ammonii
879 597 945 617 cum
957 589 1005 617 Se-

175 628 296 664 rapione
308 638 428 667 peregre
440 632 572 667 protecti.
584 633 729 661 Fortassis
739 633 827 662 etiam
844 634 878 662 ad
894 636 922 662 te
938 642 1003 671 per-

175 673 256 702 venit
266 674 345 703 fama
356 675 441 704 Muiti
456 676 486 704 in
503 677 646 713 superiori
657 678 804 707 Thebaide
819 687 1004 707 commoran-

175 718 225 754 tis,
238 721 326 755 atque
341 720 455 749 discere
470 722 592 758 potuisti
610 723 680 758 quid
692 723 799 751 Paulus
814 724 864 759 qui
875 724 936 752 Lati
952 724 1002 752 de-

175 763 273 800 gebat,
289 765 381 800 egerit
394 774 400 793 :
418 774 452 794 ac
467 766 605 795 similiter
620 767 668 796 alii
684 768 883 804 complurimi,
893 769 943 804 qui
959 771 1003 797 ta-

174 815 243 837 men
258 809 397 845 ordinati,
413 808 471 839 non
488 814 707 848 repugnarunt;
725 813 775 841 sed
792 813 885 841 Elisaai
906 821 1002 841 exem-

175 852 225 889 plo
241 853 332 888 ducti,
348 862 401 883 nec
416 855 584 892 ignorantes
605 857 675 893 quid
700 857 791 894 egerit
805 857 893 893 Elias,
919 858 1003 894 gnari

176 905 294 934 quoque
309 906 407 927 rerum
422 900 458 929 ab
479 901 620 936 apostolis
635 904 796 938 gestarum,
812 902 887 930 hanc
903 910 1003 931 susce-

176 950 245 979 pere
269 951 380 978 curam,
398 952 451 973 nec
475 945 673 974 ministerium
700 947 848 983 aspernati
864 949 943 983 sunt,
959 947 1003 975 vel
1018 961 1043 994 Β

173 989 329 1024 propterea
343 988 448 1024 seipsis
463 990 623 1019 deteriores
638 991 705 1019 facti
723 994 792 1020 sunt
807 1001 813 1026 ;
836 993 887 1020 sed
903 992 1002 1028 potius

172 1040 240 1060 eum
256 1032 365 1062 laboris
382 1035 545 1063 mercedem
561 1038 739 1073 exspectent,
756 1036 813 1073 ipsi
838 1037 867 1064 in
895 1036 1002 1065 melius

172 1077 340 1113 proﬁciunt,
357 1078 428 1107 dum
454 1079 528 1108 alios
553 1081 589 1109 ad
616 1081 781 1117 profectum
797 1081 999 1110 cohortantur.

173 1121 248 1154 Quot
257 1121 300 1150 illi
313 1126 500 1160 quantosque
509 1125 545 1153 ab
557 1125 703 1154 idolorum
715 1126 794 1154 cultu
806 1127 1002 1155 revocarunt?

174 1166 250 1200 Quot
265 1175 282 1195 ει
296 1168 475 1197 ᾱωωοηὶεοο
486 1171 700 1199 consuetudine
713 1171 833 1199 monitis
847 1172 908 1200 suis
921 1180 1002 1200 aver-

173 1211 299 1240 terunt?
313 1213 390 1246 Quot
401 1214 523 1243 Domino
537 1215 684 1244 adduxere
698 1224 806 1249 servos,
819 1217 891 1244 adeo
907 1218 938 1244 ut
951 1217 1002 1252 qui

173 1255 231 1285 ista
246 1256 331 1293 signa
344 1257 472 1293 videant,
490 1260 684 1289 admiratione
699 1261 776 1297 capti
793 1261 877 1290 sint?
898 1262 1002 1290 Annon

173 1300 278 1338 ingens
289 1301 419 1339 signum,
429 1303 558 1340 puellam
570 1305 606 1333 ad
619 1305 828 1342 virginitatem,
838 1305 1003 1335 adolescen-

173 1347 234 1374 tem
249 1346 286 1375 ad
301 1347 522 1384 continentiam,
535 1349 720 1379 idololatram
734 1351 770 1379 ad
782 1350 891 1379 Christi
903 1351 1002 1388 cogni-

174 1389 286 1419 tionem
302 1391 355 1420 ded
361 1400 445 1421 ucere
453 1393 468 1420 ?

211 1448 240 1477 8.
256 1448 306 1489 Ne‘
325 1449 378 1478 tibi
406 1451 498 1487 igitur
524 1452 660 1481 monachi
691 1453 902 1490 impedimento
931 1454 1002 1489 sint,

178 1494 264 1530 quasi
279 1502 346 1523 vero
369 1495 450 1524 solus
473 1505 508 1525 ex
533 1498 686 1526 monachis
711 1499 880 1527 ordinaris:
909 1507 1004 1536 neque

176 1537 241 1575 ipse
256 1540 472 1569 excusationem
488 1542 602 1575 afferas,
619 1543 697 1578 quod
721 1543 789 1571 hinc
812 1544 854 1572 sis
878 1544 1006 1572 deterior

178 1591 320 1613 evasurus
332 1593 338 1613 :
353 1587 435 1621 potes
447 1586 526 1614 enim
538 1587 626 1615 etiam
643 1587 746 1616 melior
756 1588 828 1621 ﬁeri,
841 1588 865 1616 si
879 1588 1004 1617 Paulum

178 1628 314 1663 imiteris,
329 1631 358 1658 et
372 1632 545 1659 Sanctorum
561 1631 699 1660 simulare
709 1634 810 1668 gesta.
827 1633 910 1661 Nosti
925 1633 1004 1661 enim
1020 1650 1043 1684 α

179 1673 246 1684 ...__
287 1674 336 1684 ηι,
372 1675 395 1684 ,.
417 1683 446 1684 η
510 1678 516 1684 ,
685 1679 690 1684 .
729 1677 734 1683 .
986 1678 1003 1684 ..

179 1673 257 1706 Illos,
286 1674 337 1702 ubi
366 1675 587 1712 dispensatores
617 1677 823 1713 mysteriorum
852 1678 1006 1706 constituti

178 1718 270 1754 fuere,
285 1718 408 1747 rectiore
431 1719 478 1748 via
497 1720 532 1748 ad
548 1729 681 1756 superne
696 1722 857 1750 vocationis
873 1722 1007 1750 brevium

179 1763 375 1792 contendisse.
388 1765 580 1797 Quandonam
592 1766 700 1794 Paulus
715 1767 889 1803 martyrium
905 1767 1007 1800 subiit,

179 1809 209 1835 et
229 1816 367 1836 coronam
395 1818 426 1837 se
451 1813 638 1846 accepturum
655 1812 841 1847 exspectavit,
858 1811 915 1840 nisi
940 1820 1008 1839 cum

179 1852 286 1881 fuisset
307 1853 344 1881 ad
364 1853 528 1883 docendum
545 1855 655 1884 missus
667 1855 681 1884 ?
696 1856 888 1888 Quandouam
905 1856 1009 1884 Petrus

181 1897 335 1926 confessus
349 1900 404 1932 est,
416 1899 475 1927 uisi
490 1907 557 1927 cum
573 1899 764 1936 Evangelium
780 1900 962 1936 praedicaret,
977 1909 1010 1929 ac

181 1941 233 1970 ubi
247 1942 377 1978 piscator
386 1943 543 1972 hominum
555 1944 650 1973 factus
661 1946 727 1974 est?
743 1945 820 1973 Elias
831 1946 950 1981 quando
963 1954 1010 1973 as-

183 1989 321 2023 sumptus
333 1989 388 2021 est,
397 1988 453 2016 nisi
465 1997 533 2016 cum
545 1989 711 2017 universam
726 1989 911 2026 prophetiam
924 1998 1010 2018 suam

183 2030 397 2067 adimplesset?
412 2032 486 2061 211
506 2033 699 2066 Quandonam
714 2034 836 2062 Elisseus
858 2035 888 2062 in
905 2035 1011 2070 spiritu

185 2075 276 2111 dupla
290 2076 425 2111 obtinuit,
447 2077 504 2106 nisi
532 2080 700 2114 postquam,
724 2079 863 2108 omnibus
888 2079 1011 2112 relictis,

183 2119 278 2149 Eliam
295 2123 414 2149 secutus
430 2122 498 2150 est?
519 2121 577 2150 Cur
591 2122 752 2160 discipulos
768 2123 855 2160 elegit
869 2123 1011 2157 Salvator,

184 2164 242 2193 nisi
257 2166 291 2193 ut
304 2164 373 2194 illos
387 2166 540 2195 mitteret?

218 2222 246 2251 9.
263 2223 456 2260 Quapropter,
473 2232 539 2253 cum
555 2224 629 2253 tales
643 2225 696 2253 tibi
711 2225 765 2253 viri
787 2225 817 2253 in
843 2225 1012 2262 exemplum

185 2267 246 2296 sint
255 2267 408 2304 propositi,
420 2268 524 2297 dilecte
534 2269 681 2305 Draconti,
691 2278 727 2298 ne
739 2270 830 2304 dicas,
843 2279 899 2299 neu
910 2271 1012 2298 credas

185 2311 222 2339 iis
233 2311 284 2347 qui
294 2311 397 2340 dicunt
407 2313 610 2350 episcopatum
622 2322 687 2342 esse
701 2314 811 2351 peccati
825 2323 957 2350 causam,
969 2317 1013 2343 at—

1061 313 1112 350 γὰρ
1129 313 1161 341 σὺ
1178 313 1261 351 μόνος
1277 314 1307 342 ἐκ
1331 317 1458 354 μοναχῶν
1483 316 1659 352 κατεστάθης,
1679 314 1743 344 οὐδὲ
1758 317 1789 344 σὺ
1807 316 1889 354 μόνος

1059 358 1195 396 προέστης
1213 360 1409 398 μοναστηρίου,
1424 360 1442 395 ἢ
1461 360 1543 397 μόνος
1560 361 1611 389 ὑπὸ
1629 363 1758 400 μοναχῶν
1782 362 1890 399 ἠγαπή-

1060 404 1119 438 θης·
1136 402 1200 431 ἀλλ’
1216 403 1301 441 οἶδας,
1318 404 1359 432 ὅτι
1375 404 1420 432 καί
1446 406 1587 443 Σεραπίων
1609 407 1666 443 (76)
1684 406 1806 445 μοναχός
1821 406 1888 443 ἐστι,

1059 448 1104 476 καὶ
1128 448 1214 476 τόσων
1241 452 1369 488 μοναχῶν
1391 450 1522 488 προέστη·
1544 450 1595 479 οὐκ
1618 449 1697 479 ἔλαθέ
1726 461 1766 486 σε,
1795 451 1887 480 πόσων

1062 495 1190 531 μοναχῶν
1215 494 1305 532 πατὴρ
1335 492 1444 532 γέγονεν
1475 494 1634 527 ’Δπολλώς.
1664 494 1745 527 οἶδας
1769 496 1888 534 ’Δγάθω-

1058 548 1089 566 να
1117 539 1194 575 (77),
1221 538 1266 566 καὶ
1295 538 1345 567 ούκ
1373 540 1480 577 ἀγνοεῖς
1511 539 1672 578 ’Δρίστωνα-
1705 540 1887 578 μνημονεύεις

1058 583 1232 620 ’Δμμωνίου,
1255 585 1303 611 τοῦ
1333 584 1400 620 μετὰ
1429 584 1605 623 Σαραπίωνος
1634 583 1866 622 ἀποδημήσαντος
1878 595 1885 603 ·

1058 625 1124 659 ἴσως
1150 626 1179 656 δὲ
1201 627 1322 662 ἤκουσας
1346 628 1392 656 καὶ
1413 629 1475 666 περὶ
1503 628 1623 658 Μουίτου
1648 631 1704 668 (78)
1730 629 1756 659 ἐν
1780 632 1815 668 τῇ
1831 629 1886 659 ἅνω

1058 670 1186 709 Θηϐαίδι,
1215 673 1260 700 καὶ
1291 672 1403 702 δύνάσαι
1433 675 1526 711 μαθεῖν
1555 674 1618 713 περί
1646 673 1758 704 Παύλου
1787 677 1835 703 τοῦ
1859 675 1885 704 έν

1057 719 1097 754 τῷ
1121 720 1201 755 Λατῷ
1224 719 1290 755 (79).
1306 719 1351 746 καὶ
1373 719 1436 757 περὶ
1464 718 1557 747 ἄλλων
1580 718 1706 749 πολλῶν.
1735 721 1786 748 Καὶ
1810 720 1888 757 ὅμως

1058 762 1144 797 οὗτοι,
1160 764 1378 800 κατασταθέντες,
1396 764 1445 792 οὐκ
1466 764 1666 802 ἀντειρήκασιν,
1689 764 1755 793 ἀλλ’
1775 763 1888 803 ’ἔχοντες

1057 807 1141 835 τύπον
1166 808 1211 835 τὸν
1236 807 1402 844 Ἐλισσαῖον,
1429 810 1474 837 καὶ
1503 807 1605 841 εῗδότες
1632 810 1667 837 τὰ
1687 810 1757 838 κατὰ
1780 809 1887 846 Ἑλίαν,

1060 851 1189 889 μαθόντες
1204 863 1234 881 τε
1251 853 1286 881 τὰ
1308 854 1376 881 κατὰ
1400 853 1464 885 τοὺς
1493 854 1616 891 μαθητὰς
1637 854 1683 882 καὶ
1705 853 1887 891 ἀποστόλους,

1058 894 1238 925 ἀντελάϐοντο
1253 900 1304 933 τῆς
1330 896 1486 938 φροντίδος,
1500 898 1546 926 καὶ
1573 898 1604 927 ού
1619 898 1821 939 κατεφρόνησαν
1836 902 1888 934 τῆς

1058 940 1290 980 λειτουργίας,καὶ
1306 941 1368 971 οὔτε
1383 942 1494 981 χείρους
1519 943 1620 972 ἑαυτῶν
1643 943 1798 982 γεγόνασιν,
1815 942 1889 971 ἀλλὰ

1057 987 1102 1015 καὶ
1132 986 1239 1024 μᾶλλον
1268 990 1319 1015 τοῦ
1348 989 1471 1025 καμάτου
1499 989 1546 1016 τὸν
1577 989 1670 1025 μισθὸν
1701 987 1886 1027 προσδοκῶσι,

1056 1031 1257 1069 προκόπτοντες
1278 1033 1323 1060 καὶ
1352 1032 1517 1070 προκόπτειν
1548 1032 1653 1065 ἄλλους
1687 1034 1886 1065 νουθετοῦντες.

1056 1076 1161 1108 Πόσους
1191 1077 1243 1105 ἀπὸ
1264 1079 1317 1105 τῶν
1345 1076 1469 1105 εἰδώλων
1495 1076 1657 1116 ἐπέστρεψαν
1676 1087 1684 1114 ;
1700 1077 1805 1110 Πόσους
1832 1077 1885 1106 ἀπὸ

1056 1124 1107 1157 τῆς
1136 1120 1335 1159 δαιμονιώδους
1362 1123 1504 1157 συνηθείας
1530 1122 1647 1151 ἔπαυσαν
1675 1124 1886 1158 νουθετοῦντες;

1056 1167 1162 1198 Πόσους
1189 1168 1360 1205 παρέστησαν
1388 1169 1428 1204 τῷ
1454 1168 1547 1205 Κυρίῳ
1574 1166 1716 1204 δούλους,
1745 1167 1815 1196 ὥστε
1841 1167 1887 1196 καὶ

1055 1211 1120 1243 τοὺς
1136 1212 1254 1249 δρῶντας
1277 1213 1311 1239 τὰ
1333 1215 1435 1249 σημεῖα
1457 1214 1542 1241 ταῦτα
1570 1212 1722 1250 βλέποντας
1745 1214 1803 1250 (80)
1825 1213 1888 1241 θαυ-

1059 1257 1151 1294 μάζειν
1169 1265 1177 1292 ;
1192 1257 1227 1285 Ἣ
1242 1256 1306 1295 οὐχὶ
1330 1256 1400 1295 μέγα
1425 1260 1538 1294 σημεῖον
1553 1257 1639 1295 κόρην
1659 1260 1773 1293 ποιῆσαι
1788 1258 1887 1296 παρθε-

1055 1300 1152 1336 νεύειν,
1170 1301 1215 1329 καὶ
1230 1301 1361 1339 νεώτερον
1387 1301 1604 1339 ἐγκρατεύεσθαι,
1620 1302 1665 1331 καὶ
1681 1300 1888 1341 είδωλολάτρην

1058 1346 1202 1384 ἐπιγνῶναι
1217 1346 1262 1374 τὸν
1275 1345 1388 1384 Χριστόν
1406 1347 1462 1384 (81)
1478 1356 1486 1382 ;

1092 1451 1120 1479 8.
1137 1450 1181 1485 Μὴ
1197 1449 1287 1478 τοίνυν
1303 1448 1483 1478 κωλυέτωσάν
1499 1460 1529 1478 σε
1558 1451 1687 1489 μοναχοὶ,
1705 1451 1742 1483 ὡς
1760 1451 1842 1489 μόνον
1859 1451 1889 1480 ἐκ

1060 1496 1191 1533 μοναχῶν
1217 1495 1430 1531 κατασταθέντα,
1462 1493 1533 1532 μηδὶ
1548 1495 1580 1523 σὺ
1607 1496 1777 1536 προφασίζου
1805 1497 1887 1533 (82),

1059 1540 1096 1571 ὡς
1126 1539 1227 1578 χείρων
1258 1542 1370 1568 σεαυτοῦ
1403 1539 1532 1577 ἐσόμενος
1548 1550 1554 1557 ·
1572 1539 1683 1568 δύνασαι
1711 1541 1762 1579 γὰρ
1781 1540 1826 1568 καὶ
1841 1550 1887 1568 κα-

1059 1584 1127 1612 Αίων
1158 1584 1279 1621 γενέσθαι
1311 1583 1482 1621 μιμούμενος
1496 1584 1541 1612 τὸν
1560 1584 1680 1619 Παῦλον,
1711 1584 1802 1620 ζηλῶν
1829 1585 1886 1622 (83)

1060 1632 1113 1657 τῶν
1131 1628 1216 1666 ἁγίων
1241 1629 1290 1660 τὰς
1314 1629 1435 1667 πράξεις.
1452 1627 1533 1661 Οἶδας
1553 1630 1617 1668 γὰρ,
1647 1628 1689 1657 ὅτι
1717 1630 1743 1657 οἱ
1757 1631 1891 1665 τοιοῦτοι,

1063 1673 1207 1710 οἰκονόμοι
1246 1676 1300 1701 τῶν
1342 1674 1498 1711 μυστηρίων
1526 1674 1732 1706 κατασταθέντες
1751 1697 1758 1710 ,
1788 1673 1895 1711 μᾶλλον

1061 1719 1131 1746 κατὰ
1146 1719 1247 1745 σκοπὸν
1264 1716 1377 1746 ἐδίωκον
1395 1718 1434 1750 είς
1459 1719 1490 1746 τὸ
1517 1716 1643 1756 βραϐεῖον
1666 1722 1718 1754 τῆς
1740 1718 1796 1747 ἅνω
1824 1718 1896 1755 κλή-

1064 1773 1142 1794 σεως,
1175 1762 1245 1791 Πότε
1274 1762 1384 1794 Παῦλος
1415 1762 1598 1801 ἐμαρτύρησε,
1625 1763 1670 1791 καὶ
1696 1763 1742 1791 τὸν
1765 1764 1895 1803 στέφανον

1064 1805 1157 1836 λαϐεῖν
1181 1808 1239 1845 (84)
1253 1807 1467 1845 προσεδόκησεν,
1493 1808 1515 1835 εἰ
1546 1809 1584 1845 μὴ
1614 1807 1660 1836 ὅτε
1688 1807 1827 1845 ἀπεστάλη
1858 1806 1897 1835 δι-

1065 1851 1171 1881 δάσκειν
1185 1861 1193 1887 ;
1211 1852 1281 1880 Πότε
1295 1852 1397 1890 Πέτρος
1412 1851 1606 1890 ὡμολόγησεν,
1623 1852 1646 1881 εί
1663 1853 1701 1890 μὴ
1718 1852 1763 1881 ὅτε
1777 1852 1894 1891 εὐηγγε-

1064 1897 1158 1933 λίζετο
1175 1918 1182 1931 ,
1211 1897 1257 1925 καὶ
1283 1896 1377 1928 ἁλιεὺς
1416 1898 1471 1934 (85)
1510 1898 1660 1936 ἀνθρώπων
1695 1897 1810 1936 γέγονες
1827 1897 1898 1926 Πότε

1064 1941 1160 1974 Ἠλίας
1186 1941 1340 1981 ἀνελήφθη,
1367 1941 1390 1969 εἰ
1417 1942 1455 1979 μὴ
1480 1941 1525 1969 ὅτε
1548 1945 1633 1970 πᾶσαν
1657 1943 1707 1978 τὴν
1728 1942 1896 1982 προφητείαν

1066 1986 1212 2026 ἐπλήρωσε
1227 1996 1235 2021 ;
1252 1987 1322 2015 Πότε
1335 1985 1488 2018 Ἐλισσαῖος
1515 1986 1541 2015 ἐν
1566 1986 1701 2024 πνεύματι
1722 1985 1786 2025 ἔσχε
1800 1985 1897 2022 διπλᾶ,

1065 2031 1088 2059 εί
1116 2032 1153 2068 μή
1175 2031 1221 2059 ὅτε
1243 2032 1329 2059 πάντα
1351 2030 1510 2059 καταλιπὼν
1535 2030 1709 2068 ἠκολούθησε
1729 2034 1769 2068 τῷ
1791 2030 1896 2067 Ἦλίᾳ;

1066 2077 1116 2104 Διὰ
1129 2076 1156 2103 τί
1173 2074 1202 2104 δὲ
1229 2075 1274 2103 καὶ
1291 2075 1428 2112 ἐξελέξατο
1455 2077 1578 2113 μαθητὰς
1603 2077 1617 2105 ὁ
1632 2077 1743 2115 Σωτὴρ,
1759 2076 1783 2105 εὶ
1800 2077 1837 2114 μὴ
1849 2075 1896 2104 ’ίνα

1065 2120 1111 2149 καὶ
1127 2119 1275 2158 ἀποστείλῃ
1286 2129 1293 2155 ς

1101 2224 1128 2252 9.
1145 2223 1234 2258 Ὅθεν,
1259 2222 1373 2254 τούτους
1397 2222 1470 2261 ἔχων
1493 2223 1577 2251 τύπον
1605 2223 1673 2260 (86),
1693 2223 1818 2261 ἀγαπητὶ
1833 2226 1900 2260 Δρα-

1066 2267 1167 2302 κόντιε,
1187 2268 1224 2305 μὴ
1242 2266 1319 2305 λέγε,
1346 2266 1416 2304 μηδὲ
1431 2267 1525 2295 πείθου
1539 2270 1598 2299 τοῖς
1615 2266 1741 2306 λέγουσιν
1765 2266 1898 2306 ἁμαρτίας

1069 2312 1134 2341 εἶναι
1164 2312 1297 2352 πρόφασιν
1324 2312 1374 2346 τήν
1394 2312 1556 2347 ἐπισκοπὴν,
1584 2311 1655 2350 μηδὲ
1683 2311 1726 2341 ὅτι
1745 2312 1776 2341 ἐκ
1798 2311 1900 2348 ταύτης

241 2339 251 2347 ι
530 2339 610 2342 ____
625 2339 685 2342 --η
723 2339 811 2342 πθ-.-
827 2339 957 2350 ___-__,
970 2339 998 2343 _.

186 2363 245 2392 que
270 2355 338 2385 hinc
362 2339 841 2393 peccandi‘occasionesroboriri.
858 2359 936 2388 Licet
960 2359 1008 2388 tibi

1068 2339 1191 2397 tem
1209 2339 1266 2385 z'os
1283 2339 1446 2395 ἁμαρτάνειν
1466 2339 1556 2385 ent:
1573 2339 1677 2393 -ἓέέσὲι
1688 2339 1823 2395 ’,δέκα
1837 2339 1899 2385 ιιιἑέ

231 2453 279 2493 Ζξ)
292 2455 418 2493 Anglico.
437 2455 623 2493 μνημονεύῃς-

232 2490 418 2537 16)Anglie..
433 2490 591 2528 Σαραπίωνζ
610 2493 683 2522 Ibid.
699 2492 813 2530 Anglic.
835 2496 865 2523 et
886 2493 981 2523 Felck.
997 2495 1015 2522 3

185 2526 284 2560 anon.,
301 2526 350 2553 καῖ
360 2526 463 2555 πόσων.

222 2563 417 2602 (77.).Αῐ1ᾖ)ίο.,
431 2563 580 2602 Ἀγρὶθωνα.
595 2564 716 2602 [tectius
730 2573 818 2602 quam
827 2564 884 2602 alii
900 2565 950 2602 qui
964 2565 1015 2595 ha-

185 2598 255 2637 bent
266 2598 390 2635 ’Λγαθόπμ
405 2598 587 2635 Agathonem
603 2598 774 2636 legimus-in
789 2598 1014 2637 subscriptioni-

185 2634 241 2676 bus
252 2634 454 2676 @gyptiopum
468 2634 688 2676 episcoporum,
696 2645 764 2676 c_u_m
778 2634 1014 2676 §ardicensibus,

184 2672 247 2732 tum
265 2671 466 2706 Tyriensibus.
482 2671 569 2699 Paulo
585 2674 651 2708 post
667 2672 764 2701 Felck.
781 2673 798 2701 3
813 2681 913 2708 anon.,
930 2675 1015 2709 Σερα-

184 2714 204 2732 π
217 2716 297 2732 ωνος.

183 2714 297 2736 πιωνος.

212 2742 278 2782 ,(78)
292 2742 420 2782 Felclr._3
434 2751 522 2782 anon:
539 2742 715 2782 s9]us,_mp_l_
730 2743 821 2782 liccat.
839 2745 873 2773 Et
888 2745 929 2772 ita
945 2744 1016 2782 legit

184 2777 317 2815 Nannius
328 2779 378 2815 qui
394 2778 492 2812 habet,
504 2778 537 2806 de
546 2780 611 2807 Cue.
626 2777 765 2808 Proclivis
776 2783 820 2808 est
833 2777 1015 2809 transmuta-

184 2813 227 2841 tio
241 2814 291 2840 τοῦ
309 2813 378 2849 μ“ὶιι
401 2824 427 2849 κ,
443 2814 474 2843 in
489 2814 650 2844 codicibus.
667 2815 757 2847 Μουίς
773 2815 881 2853 legitur
896 2817 926 2845 iu
943 2817 1015 2845 sub-

184 2848 390 2876 crintionibus.

184 2855 390 2877 οτιῠιιοιιιῡιιε.

1088 2457 1150 2491 lic.,
1166 2458 1276 2485 Λατῶν.

1105 2494 1164 2535 (ερ)
1178 2493 1225 2522 Sic
1243 2493 1314 2535 Reg.
1330 2494 1370 2535 et.
1382 2492 1471 2535 Basil.
1487 2493 1565 2535 Εὰὶιὶ
1587 2500 1656 2535 vero
1675 2490 1899 2535 male,__p)ttnov-

1105 2500 1151 2530 (δυ
1178 2500 1225 2522 sic
1243 2500 1284 2522 ne
1307 2514 1314 2521 .
1330 2500 1360 2521 et
1383 2500 1471 2522 uasu.
1487 2500 1565 2522 nam
1587 2500 1656 2522 vero
1675 2500 1762 2529 male,
1781 2500 1847 2531 βλιπ

1068 2539 1131 2570 τεςζ
1140 2500 1207 2570 tiae
1220 2537 1274 2570 vox
1285 2500 1474 2570 accideratur
1488 2537 1517 2557 in
1533 2528 1696 2570 Anglicum
1716 2529 1826 2570 codice.
1840 2563 1847 2570 '

1105 2566 1163 2602 (81)
1177 2564 1305 2602 Anglic.,
1319 2564 1500 2602 TBVLKLSPLOV,
1516 2566 1546 2593 et
1567 2564 1609 2602 ita
1628 2565 1739 2602 legerat
1753 2564 1897 2595 Nannius.

1105 2598 1162 2640 (ξὲ)
1178 2598 1305 2640 ecf-ilice
1323 2598 1394 2637 μηδὲ
1409 2598 1646 2640 σύεμτερίὶφασίξουι

1105 2635 1162 2678 ea)
1177 2635 1272 2678 εειειε-
1288 2637 1306 2678 δῖ
1321 2635 1421 2678 me,
1434 2635 1538 2678 ςηλρδι

1106 2669 1162 2712 (ξι)
1178 2669 1373 2712 sedisset
1387 2669 1419 2701 ίιί
1434 2669 1540 2712 seu;
1785 2707 1795 2712 _
1860 2706 1881 2712 ..

1106 2706 1162 2744 (85)
1178 2709 1225 2737 Sic
1240 2708 1312 2744 edit.
1327 2708 1500 2744 Commelin.
1517 2710 1546 2737 et
1569 2717 1672 2738 omnes
1696 2716 1768 2738 mss.
1785 2707 1816 2737 In
1836 2706 1898 2736 edi-

1070 2742 1269 2780 tio-ne'Parisw
1289 2742 1381 2775 ἀλεύς.

1106 2780 1227 2826 (86)“8ἱσ
1245 2780 1314 2822 edit.
1331 2780 1523 2826 Commel.ret
1545 2779 1901 2826 οφιιοεγωιρτιςᾴἱιρξςε

1069 2825 1137 2845 vero
1155 2815 1342 2845 ‘Parisienses
1367 2825 1521 2855 perperam
1545 2825 1671 2854 posuere
1699 2816 1818 2849 τύπους.
1834 2815 1901 2846 Mox

1071 2852 1198 2890 Anglia,
1217 2850 1288 2891 μηδὲ
1306 2851 1380 2891 λέγι.

1179 2873 1198 2890 .,
1217 2873 1288 2892 μην..
1306 2873 1380 2892 μη-.

1153 2639 1162 2745 ξ

251 2884 278 2919 9)
292 2884 433 2923 Τθε.,τοῦ
449 2894 474 2912 εν
487 2887 539 2915 τῶ.
553 2887 585 2916 In
601 2886 698 2924 editis,
710 2888 759 2916 τοῦ
775 2888 858 2919 deest
872 2888 947 2919 Ibid.
959 2890 1017 2918 An-
1063 2896 1067 2900 ·
