2074 3204
208 218 266 253 833

207 298 307 316 σκοπον
324 283 388 316 ὄντα
403 297 431 316 σε
445 289 550 324 πεινᾷν,
566 286 611 315 καὶ
637 285 729 324 διψῆν,
746 287 783 318 ὡς
808 288 822 314 ὁ
842 286 962 317 Παῦλος²
989 284 1034 313 δύ-
1050 285 1078 319 Α

205 343 283 361 νασαι
299 333 336 370 μὴ
353 335 424 360 πιεῖν
443 332 534 368 οἶνον,
563 333 600 364 ὡς
624 333 638 360 ὁ
660 332 800 369 Τιμόθεος·
826 332 872 360 καὶ
896 329 1033 366 νηστεύειν

205 378 252 406 καὶ
268 377 349 409 αὐτὸς
378 379 499 416 συνεχῶς
527 378 595 414 (87),
626 377 663 408 ὡς
693 378 707 404 ὁ
732 376 841 408 Παῦλος
867 375 964 404 ἐποίει·
991 374 1038 402 ἵνα

206 425 264 450 κατ’
293 422 394 450 ἐκεῖνον
421 422 507 454 οὕτως
537 421 674 457 νηστεύων
693 445 700 457 ,
727 423 862 460 χορτάζῃς
885 419 989 452 ἄλλους
1010 420 1036 448 ἐν

208 470 268 499 τοῖς
284 467 391 505 λόγοις,
407 467 452 494 καὶ
479 465 563 504 διψῶν
589 467 614 495 ἐν
639 469 679 503 τῷ
697 467 733 504 μὴ
754 469 837 502 πιεῖν,
853 466 965 503 ποτίζῃς
988 463 1038 492 ἄλ-

211 511 279 544 λους
308 511 441 540 διδάσκων
460 534 467 542 ,
494 513 538 547 Μὴ
566 512 612 540 οὖν
636 514 720 540 ταῦτα
754 509 984 549 προϐαλλέτωσαν
1012 510 1038 537 οἱ

211 554 446 594 συμϐουλεύοντες
475 567 518 585 σοι
535 577 542 585 .
572 555 688 594 Οἴδαμεν
715 557 768 595 γὰρ
800 556 845 584 καὶ
875 555 1038 587 ἐπισκόπους

211 602 402 637 νηστεύοντας,
431 601 475 629 καὶ
504 601 642 640 μοναχοὺς
667 602 813 633 ἐσθίοντας.
839 599 955 638 οἷ¹δαμεν

210 646 257 675 καὶ
271 645 435 677 ἐπισκόπους
458 646 495 683 μὴ
521 646 649 678 πίνοντας
672 646 754 681 οἶνον,
778 645 917 684 μοναχοὺς
942 644 971 673 δὲ
993 644 1039 672 πί-

208 701 313 722 νοντας·
337 689 448 728 οἴδαμεν
475 691 521 719 καὶ
549 693 652 728 σημεῖα
679 693 822 722 ποιοῦντας
851 689 1037 726 ἐπισκόπους,

212 736 352 774 μοναχοὺς
365 735 394 764 δὲ
411 736 448 773 μὴ
464 738 621 767 ποιοῦντας.
638 734 745 764 Πολλοὶ
768 735 797 763 δὲ
812 738 865 763 τῶν
882 734 1038 763 ἐπισκόπων

210 779 274 809 οὖδὶ
289 782 474 819 γεγαμήκασι,
502 780 620 819 μοναχοὶ
646 779 675 808 δὲ
700 781 814 818 πατέρες
836 780 935 808 τέκνων
959 779 1039 817 γεγό-

210 834 295 854 νασιν·
325 825 415 864 ὥσπερ
439 826 485 854 καὶ
515 826 679 857 ἐπισκόπους
707 826 824 864 πατέρας
852 826 965 858 τέκνων,
993 823 1039 852 καὶ

211 870 351 908 μοναχοὺς
368 869 394 906 ἐξ
410 869 569 909 ὁλοκλήρου
584 870 679 909 γένους
693 869 945 908 τυγχάνοντας.Καὶ
955 869 1038 896 πάλιν

210 918 322 957 οἴδαμεν
340 921 398 957 (89)
416 920 569 958 κληρικοὺς
591 921 749 956 πεινῶντας,
777 918 915 957 μοναχοὺς
941 917 969 946 δὲ
993 929 1040 954 νη-

210 964 350 995 στεύοντας
369 986 375 992 .
401 965 505 1000 Ἔξεστι
530 965 582 1003 γὰρ
606 963 652 992 καί
676 964 774 1001 οὕτως,
799 964 844 992 καὶ
873 962 982 995 ἐκείνως
1008 963 1039 991 οὐ
1054 976 1079 1010 Β

210 1008 363 1037 κεκώλυται
394 1010 451 1046 (90)
469 1030 476 1037 .
500 1008 589 1037 Ἀλλά
615 1011 758 1047 πανταχοῦ
785 1020 827 1040 τις
857 1008 1038 1046 ἀγωνιζέσθω·

210 1053 256 1081 καὶ
280 1054 333 1092 γὰρ
358 1055 372 1082 ὁ
395 1055 525 1094 στέφανος
541 1053 573 1082 οὗ
597 1054 666 1082 κατᾶ
686 1054 780 1091 τόπον,
807 1052 881 1081 ἀλλά
898 1054 967 1081 κατὰ
989 1053 1039 1087 τήν

214 1097 310 1138 πρᾶξιν
327 1097 496 1127 ἀποδίδοται.

249 1189 294 1217 10.
310 1187 412 1216 Οὐκοῦν
428 1189 466 1225 μή
482 1187 581 1226 ἀνέχου
595 1189 649 1216 τῶν
660 1169 738 1227 ἕτερα
748 1189 912 1226 παρὰταῦτα
922 1185 1043 1225 συμϐους

212 1231 358 1270 λευόντων,
379 1232 453 1261 ἀλλὰ
479 1232 585 1270 μᾶλλον
602 1233 722 1271 ἐπείγου,
743 1233 788 1261 καὶ
816 1234 854 1270 μὴ
875 1231 971 1270 μέλλε·
994 1233 1044 1269 μά-

212 1277 295 1305 λιστα
314 1277 356 1306 ὅτι
372 1278 417 1305 καὶ
432 1278 450 1312 ἡ
467 1277 532 1315 ἁγία
554 1278 634 1316 ἐορτή
654 1277 823 1316 ἐγγίζει,“ίνα
839 1278 876 1314 μὴ
894 1278 982 1315 χωρὶς
995 1279 1042 1305 σοῦ

216 1322 243 1349 οἾ.
257 1321 321 1350 λαοὶ
331 1323 381 1357 τὴν
402 1322 497 1361 ἑορτὴν
510 1323 659 1359 ποιήσωσι,
676 1323 722 1351 καὶ
743 1323 826 1361 μέγαν
839 1321 963 1350 κίνδυνον
984 1322 1042 1350 ἐπι-

214 1366 302 1404 σπάσῃ
335 1367 404 1394 κατὰ
432 1369 530 1395 σαυτοῦ
551 1389 558 1397 .
583 1367 629 1398 Τίς
654 1368 706 1405 γὰρ
726 1367 819 1398 αὐτοῖς
839 1366 1044 1405 εύαγγελίσεται

213 1412 272 1447 (91)
290 1411 322 1438 τὸ
341 1411 439 1449 Πάσχα
471 1412 508 1448 μὴ
538 1411 675 1450 παρόντος
705 1422 753 1440 σου
773 1421 781 1446 ;
801 1411 848 1443 Τίς
878 1411 970 1442 αὐτοῖς
993 1412 1043 1446 τὴν

213 1456 320 1492 ἡμέραν
355 1454 501 1494 ἀναγγελεῖ
537 1459 589 1491 τῆς
626 1456 794 1488 ἀναστάσεως
820 1479 826 1491 ,
854 1456 1044 1495 κρυπτομένου

216 1509 288 1534 σου;
314 1500 360 1531 Τίς
389 1500 481 1531 αὐτοῖς
511 1497 710 1537 συμϐουλεύσει
739 1499 855 1532 δεόντως
884 1500 1020 1539 ἑορτάζειν
1038 1523 1045 1536 ,

218 1544 367 1584 φεύγοντάς
393 1555 440 1572 σου
458 1558 465 1579 ;
481 1545 513 1572 Ὢ
528 1544 607 1572 πόσοι
625 1546 672 1582 μὲν
694 1544 921 1584 ὠφεληθήσονται
935 1546 1045 1581 (92)πα-

221 1585 492 1627 ραγενομένου’σου,
520 1589 601 1616 πόσοι
629 1588 658 1616 δὲ
684 1587 869 1627 βλαϐήσονται
898 1589 1045 1628 φεύγοντάς

221 1643 269 1661 σου
287 1633 293 1661 i
310 1633 360 1661 Καὶ
383 1633 425 1664 τίς
447 1633 490 1661 ἐπὶ
514 1633 622 1664 τούτοις
645 1632 801 1669 ἀποδέξεται
826 1644 855 1661 σε
872 1634 941 1668 ;Καὶ
962 1633 1006 1661 διὰ
1019 1633 1046 1661 τί

223 1674 441 1713 συμϐουλεύουσι
466 1688 508 1705 σοι
530 1678 567 1715 μή
597 1666 841 1714 ἀντιλαμϐάνεσθαί
865 1666 893 1706 σε
915 1682 966 1714 τῆς
991 1666 1084 1706 ἐπι-ϐ

223 1725 339 1758 σκοπῆς,
356 1722 433 1749 αὐτοὶ
457 1722 581 1754 θέλοντες
607 1721 679 1760 ἔχειν
703 1720 900 1761 πρεσϐυτέρους
915 1733 922 1757 ;
939 1723 971 1751 Εἰ
995 1724 1047 1762 γὰρ

222 1765 327 1805 φαῦλος
352 1767 508 1805 τυγχάνεις,
537 1768 574 1804 μὴ
602 1768 768 1795 συνέστωσάν
789 1778 842 1795 σοι·
860 1768 882 1795 εἷ
898 1766 927 1795 δὲ
950 1767 1047 1803 ἐπιτή-

221 1809 292 1839 δειον
318 1811 385 1839 εἶναί
415 1822 443 1840 σε
469 1811 689 1849 ἐπιγινώσκουσι,
717 1812 753 1849 μή
784 1812 963 1852 φθονείτωσαν
989 1815 1048 1844 τοῖς

219 1854 328 1887 ἄλλοις
357 1856 380 1883 εί
395 1857 446 1894 γὰρ
465 1856 497 1884 τό
522 1855 656 1884 διδάσκειν
679 1856 725 1885 καὶ
740 1856 917 1894 προΐστασθαι
942 1857 1047 1897 πρόφα-

217 1900 260 1931 σίς
275 1899 345 1928 ἐστιν
371 1900 506 1938 ἁμαρτίας
530 1902 588 1929 κατ’
613 1901 743 1937 ἐκείνους,
771 1902 808 1938 μὴ
833 1900 1046 1930 διδασκέσθωσαν

217 1944 305 1981 αὐτοὶ,
333 1944 403 1982 μηδὲ
427 1943 626 1984 πρεσϐυτέρους
643 1946 791 1984 ἐχέτωσαν,
812 1945 859 1974 ’ίνα
875 1947 913 1983 μή
935 1946 1046 1985 χείρους

217 1988 318 2017 ἱαυτῶν
334 1990 464 2028 γένωνται
487 1989 564 2018 αὐτοί
588 2001 618 2018 τε
632 1990 677 2018 καὶ
704 1991 730 2018 οἱ
746 1989 917 2022 διδάσκοντες
937 1991 1045 2023 αὐτούς.

218 2033 307 2062 Ἀλλὰ
324 2034 361 2071 μή
383 2034 503 2073 πρόσεχε
525 2034 632 2066 τούτοις
653 2037 713 2066 τοῖς
737 2035 915 2072 ἀνθρωπίνοις
931 2035 1046 2073 ῥήμασι,

220 2077 290 2115 μηδὲ.
311 2078 408 2117 ἀνέχου
423 2081 477 2106 τῶν
499 2081 583 2107 ταῦτα
606 2077 861 2117 συμϐουλευόντων,
885 2081 953 2108 καθὰ
974 2089 1045 2108 ποΛ-

217 2122 297 2154 λάκις
324 2126 455 2162 προεῖπον
472 2132 479 2140 ’
505 2123 603 2152 σπεῦδε
629 2123 657 2152 δὲ
690 2123 796 2161 μᾶλλον
829 2125 874 2153 καὶ
904 2124 1046 2165 ἐπίστρεφε

216 2168 285 2205 πρὸς
308 2168 353 2196 τὸν
382 2170 438 2206 (93)
467 2168 565 2206 Κύριον
583 2192 590 2205 ,
616 2168 673 2204 ἵνα,
702 2171 756 2196 τῶν
786 2167 932 2207 προϐάτων
962 2170 1046 2198 αὐτοῦ

216 2212 379 2251 φροντίζων,
397 2212 587 2250 μνημονεύσῃς
612 2213 658 2241 καὶ
682 2215 774 2250 ἡμῶν.
797 2214 899 2242 Τούτου
917 2213 946 2242 δὶ
965 2215 1045 2253 χάριν

214 2258 426 2295 προετρεψάμην
450 2257 537 2285 ἐλθεῖν
562 2258 626 2290 τοὺς
651 2257 811 2296 ἀγαπητοὺς
840 2260 920 2295 ἡμῶν
944 2259 1047 2297 Ἰέρακα

213 2300 259 2329 τὸν
284 2299 478 2341 πρεσϐύτερον,
502 2303 548 2330 καὶ
572 2303 696 2340 Μάξιμον
720 2303 766 2330 τὸν
792 2303 978 2341 ἀναγνώστην·
1000 2303 1047 2331 ’ίνα

783 217 976 252 EPISTULA
997 217 1051 250 AD
1072 217 1343 254 DRACONTIUM.

1861 221 1923 255 53‘

1093 286 1182 315 etiam
1192 287 1222 315 in
1231 288 1400 325 episcopatu
1410 289 1522 318 esurire
1530 291 1558 318 et
1567 289 1658 325 sitire,
1667 291 1919 327 quemadmodum

1092 331 1277 368 egitPaulus.
1288 335 1373 362 Potes
1384 334 1485 362 vinum
1497 343 1554 363 non
1567 335 1676 371 bibere,
1686 338 1718 364 ut
1727 336 1919 366 Timotheus:

1093 377 1329 412 frequentissime
1336 379 1480 415 jejunare,
1488 379 1531 407 uti
1542 380 1654 409 solebat
1665 380 1773 410 Paulus
1785 389 1792 409 :
1805 383 1837 410 ut
1848 383 1920 411 dum

1092 422 1156 458 ejus
1171 422 1302 459 exemplo
1315 424 1442 459 jejunas,
1456 424 1528 453 alios
1539 425 1673 454 doctrina
1683 428 1736 455 tua
1754 426 1863 456 satiare
1877 435 1924 456 va-

1093 466 1173 495 leas:
1190 469 1218 495 et
1234 468 1306 496 dum
1319 468 1492 498 abstinendo
1508 478 1525 498 a
1539 472 1609 506 potu
1624 470 1705 499 sitim
1723 471 1842 506 toleras,
1855 471 1921 501 aliis

1094 513 1224 540 docendo
1245 515 1346 549 potum
1370 514 1509 549 praebeas.
1525 515 1567 543 Ne
1581 515 1635 544 tibi
1651 516 1741 552 igitur
1756 516 1828 545 talia
1843 516 1919 553 obji-

1094 557 1173 586 ciant
1183 557 1342 586 consiliarii
1353 558 1406 586 tui.
1417 559 1557 588 Novimus
1568 560 1647 588 enim
1661 562 1689 588 et
1702 560 1854 598 episcopos
1866 561 1919 598 qui

1091 602 1236 638 jejunent,
1251 604 1280 630 et
1296 602 1454 631 monachos
1464 604 1515 639 qui
1529 605 1692 633 comedent.
1704 605 1844 634 Novimus
1857 606 1919 643 epi-

1094 656 1198 684 scopos
1214 647 1264 684 qui
1279 647 1345 676 vino
1361 648 1538 683 abstineant,
1549 651 1582 677 ut
1596 651 1625 678 et
1641 650 1800 679 monachos
1811 651 1862 687 qui
1879 650 1921 679 bi-

1094 693 1166 721 bant
1178 702 1184 727 ;
1202 692 1354 729 episcopos
1366 693 1455 721 etiam
1471 693 1606 722 novimus
1617 695 1667 731 qui
1680 695 1766 732 signa
1780 695 1880 730 edant,
1891 697 1921 724 et

1094 737 1255 765 monachos
1266 737 1316 773 qui
1331 738 1360 765 id
1376 737 1499 766 minime
1513 741 1659 775 praestent.
1671 741 1745 768 Sunt
1756 748 1875 776 quoque
1885 748 1920 768 ex

1094 782 1241 819 episcopis
1265 782 1350 810 multi
1365 783 1416 819 qui
1432 791 1585 819 nunquam
1600 784 1765 819 nupserint,
1781 784 1919 813 monachi

1095 828 1193 855 autem
1207 827 1394 863 reperiuntur
1404 827 1454 864 qui
1466 828 1542 856 ﬁlios
1553 836 1718 865 suscepere,
1731 830 1921 866 quemadmo-

1095 871 1166 900 dum
1174 871 1304 900 vicissim
1314 873 1467 909 episcopos
1474 872 1602 902 flliorum
1611 874 1920 910 parentes,monachos

1093 922 1161 945 vero
1176 916 1288 945 nullam
1303 917 1504 954 posteritatem
1518 918 1659 947 habuisse
1669 919 1828 948 cernimus.
1840 919 1920 948 Vidi-

1094 969 1162 989 mus
1178 970 1296 991 rursum
1307 962 1428 992 clericos
1444 963 1495 1000 qui
1512 964 1619 992 famem
1634 963 1804 998 tolerarent,
1815 966 1844 993 et
1857 972 1920 993 mo-

1096 1006 1207 1035 nachos
1222 1006 1272 1043 qui
1284 1007 1463 1044 jejunarent.
1476 1008 1535 1037 Hoc
1549 1009 1627 1037 enim
1642 1009 1730 1037 modo
1746 1008 1814 1037 licet
1824 1017 1920 1046 agere,

1095 1052 1125 1079 et
1140 1050 1196 1078 alio
1212 1051 1284 1079 nihil
1308 1052 1390 1080 vitat.
1406 1052 1462 1081 Sed
1488 1061 1590 1081 omnes
1614 1053 1724 1090 ubique
1748 1054 1897 1083 decertant
1914 1062 1921 1082 :

1096 1103 1204 1124 corona
1219 1096 1326 1133 quippe
1340 1105 1398 1125 non
1414 1105 1465 1133 pro
1488 1098 1543 1126 loci
1570 1098 1621 1127 sed
1644 1106 1696 1135 pro
1716 1097 1861 1127 factorum
1876 1106 1923 1127 ra.

1096 1139 1175 1168 tione
1190 1140 1341 1170 tribuitur.

1134 1185 1177 1213 10.
1192 1185 1234 1214 Ne
1244 1186 1348 1214 audias
1359 1186 1459 1223 itaque
1471 1195 1520 1216 eos
1533 1187 1584 1223 qui
1595 1186 1642 1216 bis
1652 1187 1775 1216 adversa
1783 1186 1838 1216 tibi
1851 1187 1923 1216 dant

1097 1229 1230 1263 consilia.
1246 1230 1305 1258 imo
1327 1230 1426 1267 potius
1440 1233 1567 1266 matura,
1583 1239 1654 1260 neve
1669 1232 1922 1268 comperendines,

1098 1282 1165 1303 cum
1182 1274 1369 1311 potissimum
1383 1275 1473 1304 instet
1487 1284 1571 1304 sacra
1585 1276 1768 1311 solemnitas,
1781 1284 1818 1305 ne
1833 1276 1864 1305 in
1878 1276 1923 1305 tui

1097 1319 1233 1348 absentia
1242 1319 1321 1347 hunc
1336 1320 1442 1348 festum
1459 1320 1537 1349 diem
1553 1320 1652 1357 populi
1669 1320 1882 1356 concelebrent,
1892 1321 1924 1349 in

1099 1363 1260 1392 maximum
1273 1372 1344 1392 sane
1358 1365 1401 1392 tui
1412 1365 1517 1401 capitis
1533 1365 1704 1401 periculum.
1719 1365 1790 1399 Quis
1801 1365 1880 1394 enim
1895 1367 1925 1394 te

1098 1408 1219 1437 absente
1229 1409 1379 1437 Paschatis
1390 1409 1497 1438 festum
1514 1409 1705 1445 praedicabit?
1719 1409 1790 1443 Quis
1806 1409 1865 1438 illis
1880 1417 1925 1438 re-

1099 1453 1289 1482 surrectionis
1298 1454 1375 1482 diem
1386 1456 1415 1482 te
1425 1454 1535 1483 latente
1543 1454 1772 1483 annuntiaturus
1781 1454 1846 1483 est?
1855 1454 1925 1487 Quis

1098 1500 1128 1526 te
1143 1497 1271 1534 fugiente
1286 1498 1458 1527 hortaturus
1482 1500 1515 1526 ut
1538 1507 1669 1535 congrua
1692 1499 1800 1536 pietate
1817 1499 1925 1527 festum

1101 1543 1211 1580 agant?
1226 1543 1248 1571 0
1259 1551 1348 1579 quam
1362 1543 1464 1571 multis
1476 1543 1558 1572 utilis
1572 1544 1714 1572 adventus
1729 1546 1799 1572 tuus
1811 1544 1817 1572 Ι
1834 1552 1924 1581 quam

1102 1587 1202 1615 multis
1218 1588 1305 1615 noxia
1319 1588 1389 1624 fuga
1408 1592 1458 1616 tua
1480 1588 1578 1616 futura
1601 1588 1664 1616 est!
1681 1588 1788 1624 Ecquis
1812 1590 1840 1617 te
1864 1589 1924 1617 hac

1102 1634 1237 1669 agentem
1252 1632 1445 1668 approbarit?
1460 1634 1516 1660 Cur
1530 1633 1583 1661 tibi
1599 1635 1731 1662 auctores
1748 1636 1829 1667 sunt,
1844 1635 1877 1661 ut
1891 1642 1928 1662 ne

1103 1676 1305 1713 episcopatum
1321 1680 1463 1713 acceptos,
1479 1685 1546 1705 cum
1566 1679 1719 1713 peroptent
1732 1677 1789 1713 ipsi
1804 1678 1928 1714 presby-

1103 1723 1181 1749 teros
1195 1721 1302 1749 habere
1313 1721 1327 1749 ?
1344 1721 1374 1749 Si
1389 1722 1467 1749 enim
1484 1721 1579 1749 malus
1595 1730 1636 1757 es,
1649 1730 1685 1749 ne
1698 1724 1797 1750 tecum
1811 1730 1929 1751 versen-

1103 1768 1170 1800 tur;
1187 1766 1233 1794 sin
1248 1768 1276 1794 te
1290 1766 1429 1794 idoneum
1444 1768 1618 1802 agnoscunt,
1636 1775 1672 1795 ne
1687 1766 1753 1795 aliis
1767 1767 1927 1795 invideant.

1103 1810 1176 1839 Nam
1192 1811 1217 1838 si
1233 1819 1267 1838 ex
1281 1811 1399 1839 illorum
1415 1810 1561 1839 sententia
1575 1811 1678 1839 docere
1693 1820 1726 1839 ac
1742 1819 1866 1848 praeesse
1881 1820 1928 1839 oc-

1103 1856 1182 1884 casio
1207 1855 1345 1891 peccandi
1371 1855 1477 1889 fuerit;
1503 1864 1539 1884 ne
1564 1856 1724 1884 doceantur
1747 1856 1813 1893 ipsi,
1833 1864 1928 1893 neque

1103 1901 1288 1937 presbyteros
1304 1900 1450 1934 habeant;
1467 1908 1503 1928 ne
1524 1908 1591 1928 cum
1607 1900 1662 1937 ipsi
1678 1902 1741 1929 tum
1757 1909 1858 1929 eorum
1874 1901 1928 1929 do-

1102 1947 1197 1973 ctoros
1214 1944 1372 1973 deteriores
1388 1945 1521 1973 evadant.
1538 1946 1646 1973 Verum
1670 1946 1704 1973 tu
1730 1953 1766 1973 ne
1789 1945 1928 1973 humanis

1102 1989 1274 2024 hujusmodi
1289 1989 1386 2018 verbis
1402 1990 1534 2017 animum
1551 1989 1702 2024 adhibeas,
1720 1997 1815 2026 neque
1837 1990 1929 2025 hujus

1102 2034 1215 2062 consilii
1227 2034 1397 2062 auctoribus
1408 2042 1510 2063 aurem
1523 2034 1664 2070 praebeas,
1674 2035 1717 2062 uti
1733 2034 1839 2071 saepius
1851 2034 1910 2062 dixi
1922 2042 1928 2062 :

1102 2079 1152 2107 sed
1169 2079 1266 2115 potius
1283 2079 1398 2113 festina,
1411 2079 1446 2107 ad
1461 2079 1678 2116 Dominamque
1688 2081 1886 2113 revertertere,
1898 2081 1931 2107 ut

1101 2124 1172 2152 dum
1184 2124 1282 2152 ovium
1293 2124 1357 2160 ejus
1369 2132 1468 2152 curam
1484 2132 1577 2160 geres,
1589 2123 1682 2152 nostri
1694 2132 1811 2160 quoque
1822 2131 1930 2152 memo-

1100 2168 1174 2196 riam
1192 2168 1292 2196 facias.
1310 2168 1369 2196 Hac
1391 2168 1427 2196 de
1451 2176 1542 2196 causa
1556 2168 1678 2196 dilectos
1695 2170 1813 2196 nostros
1826 2167 1929 2196 Hiera-

1101 2220 1165 2241 cem
1179 2212 1393 2250 presbyterum,
1404 2215 1432 2241 et
1444 2212 1607 2241 Maximum
1620 2212 1757 2241 lectorem
1771 2213 1884 2246 monui,
1895 2214 1929 2241 ut

1101 2260 1129 2286 te
1145 2258 1261 2291 adeant,
1278 2257 1328 2294 qui
1344 2260 1372 2286 te
1386 2257 1483 2286 verbis
1497 2257 1586 2285 etiam
1601 2257 1801 2290 cohortentur,
1817 2259 1850 2285 ut
1864 2257 1925 2285 edi-

1103 2311 1183 2331 scere
1198 2303 1295 2331 valeas
1311 2311 1368 2339 quo
1383 2303 1444 2331 haec
1460 2301 1629 2338 scripserim
1645 2301 1749 2330 affectu
1767 2310 1774 2330 :
1798 2303 1828 2330 et
1850 2302 1929 2338 quod

213 2344 258 2373 καί
284 2345 329 2374 διὰ
353 2345 444 2385 λόγων
472 2358 501 2375 σε
523 2348 742 2384 προτρέψωνται,
765 2347 810 2375 καί
842 2348 933 2384 μαθεῖν
965 2347 1042 2384 δυνη-

1103 2347 1142 2376 sit
1156 2347 1229 2376 illud
1250 2347 1415 2384 periculum
1431 2346 1634 2376 ecclesiasticae
1650 2346 1793 2376 obsistere
1808 2346 1929 2375 ordina-

213 2390 264 2427 θῇς
294 2391 324 2418 ἐκ
350 2391 449 2419 τούτου
476 2392 526 2427 τήν
556 2402 586 2419 τε
614 2390 729 2420 διάθεσιν
757 2392 788 2427 ἣν
819 2391 892 2431 ἔχων
918 2390 1044 2431 ἔγραψα,

211 2435 318 2507 κῗῖδτὸν
333 2434 363 2463 ἐκ
380 2438 429 2464 τοῦ
453 2435 604 2475 ἀντιλέγειν
628 2438 663 2474 τῇ
687 2435 900 2475 ἐκκλησιαστικῇ
927 2436 1046 2474 διατάξει

212 2488 256 2507 κν
277 2489 348 2508 υνον.

244 2570 305 2609 »(ξῖ)
315 2570 447 2609 Anglice
454 2571 581 2609 ,συχγῷς-

248 2604 305 2643 (88)
315 2604 824 2646 EditJEai-is.,'Ei’8auev,_Commelin.,
832 2606 888 2646 εἰξδο
893 2618 951 2645 μεν.
959 2610 1029 2646 Reg.
1035 2630 1043 2644 ,

210 2639 322 2679 ἴδομεν,
335 2642 432 2679 ΕΘΙοιε.
448 2643 465 2671 3
480 2639 579 2677 anon.,
596 2641 721 2679 οἴδαμεν.
733 2644 799 2672 Mox
815 2639 1041 2674 edit.'Comm'e'l:

209 2677 364 2723 ethParisu
390 2677 510 2715 εἴδομεν.
539 2679 610 2716 Reg.
640 2677 747 2716 ἴδομεν.
775 2680 871 2709 Felck.
899 2682 916 2709 3
940 2689 1041 2717 anon.,

208 2711 400 2786 οιῗὲξῖνέίοεη
415 2748 521 2794 ἴδομεν.
533 2750 769 2794 'Edri‘t.‘(‘:om‘mel.
787 2753 815 2779 et
824 2752 935 2794 Parim,
963 2750 1041 2794 εἴδα-

210 2793 269 2820 μεν,
286 2785 349 2821 quis
362 2785 419 2814 Vox
434 2785 517 2814 deest
530 2787 560 2829 in
577 2785 672 2814 Felck.
690 2787 707 2814 3
722 2795 808 2815 anon.
824 2788 896 2829 Ibid.
910 2788 1039 2830 Anglic.,

208 2818 320 2860 οἵδαμεν
347 2821 393 2860 κμί
421 2831 560 2860 μοναχους
587 2821 778 2860 νηστεύοντας.
800 2824 872 2860 Ινὺιά.
903 2824 1036 2853 Nannius

207 2854 329 2896 legerat,
344 2854 667 2896 ulnpixobc"n_ivovtac_,_
676 2858 731 2896 qu_i_
745 2859 845 2896 vertit,
856 2860 970 2888 clerico:
995 2861 1036 2888 bi-

211 2891 291 2920 bisse.
302 2894 366 2921 Mox
378 2891 431 2932 γάρ
444 2894 526 2923 deest
540 2893 570 2922 in
581 2891 696 2931 Anglic:
711 2893 785 2924 Ibid.
799 2891 894 2925 Felck.
905 2896 923 2924 3
934 2904 1033 2931 auom,

1100 2392 1184 2421 tioni.

1099 2571 1177 2602 οὗτος
1192 2568 1239 2598 καὶ
1258 2568 1372 2600 ἐκεῖνος.

1134 2599 1191 2644 (90)
1206 2606 1254 2635 Sic
1276 2599 1467 2642 RegﬁtEditiI
1476 2610 1543 2632 vero
1567 2604 1721 2636 mendose,
1745 2611 1794 2629 ουκ
1822 2599 1929 2629 ἱκώλυ-

1096 2654 1188 2719 ταξξὶέι)
1206 2679 1303 2719 Reg,“
1312 2673 1694 2719 εὐαγγελίσηται..-Αῐιειίοτ,
1713 2670 1931 2719 ειξαγγελίξεῇαξ.

1096 2707 1186 2744 Ρούὶό
1223 2707 1268 2741 ost
1282 2707 1355 2749 Reg.
1367 2707 1458 2741 'B'asil.
1471 2707 1829 2748 ’Λοειὶο.,“συμ6ουλεῦσει.
1841 2708 1930 2743 Editi,

1096 2724 1286 2778 συμϐουλεύει.

1094 2749 1286 2787 συμϐουλεύει.
1654 2781 1660 2788 .

1131 2788 1186 2823 (92)
1204 2785 1316 2823 Anglic.
1330 2784 1513 2822 ὠφθήσονται,
1527 2781 1614 2810 male.
1628 2782 1702 2810 Hinc
1712 2781 1846 2811 Nannius
1859 2789 1926 2811 ver-

1094 2823 1130 2852 tit

1129 2823 1365 2894 (ὅέδρῗιξθξιίέὲῗόι
1379 2854 1477 2884 Felck.
1494 2854 1511 2883 3
1526 2862 1612 2883 anon.
1628 2852 1674 2882 τόν
1690 2853 1783 2883 deest.
