4148 6408
330 402 452 465 539

863 397 931 463 S.
979 399 1408 463 ATHANASII
1451 397 1626 461 OPP.
1672 397 1878 460 PARS
1922 396 1972 458 Ι.
2005 429 2083 443 -
2113 397 2539 461 HISTORICA
2580 400 2677 464 ET
2719 397 3204 464 DOGMA'I‘ICA.

3630 399 3754 465 540

329 535 538 594 tiavit:
570 536 884 609 Βαθανθωί
925 534 1420 607 pseudopropheta:
1464 542 1518 589 et
1559 531 1978 604 pseudochristi,

2102 536 2370 608 προφῆται
2425 531 2516 586 καὶ
2574 528 2964 609 ψευδόχριστοι
2997 577 3010 604 ,
3071 533 3162 588 καὶ
3239 532 3472 589 δώσουσι
3545 540 3760 607 σημεῖα-

331 636 382 684 el
413 626 634 683 dabunt
663 625 826 698 signa
854 641 1060 694 magna
1081 627 1136 679 et
1155 623 1445 696 prodigia,
1467 625 1548 678 ita
1564 633 1625 678 ut
1649 623 1707 678 in
1721 639 1982 678 errorem

330 719 716 782 inducantur,
747 717 800 772 si
817 715 1148 787 ﬁeripossit,
1166 716 1341 769 etiam
1363 714 1533 768 electi
1557 731 1569 769 :
1589 729 1711 770 ecce
1725 712 1986 785 praedixi

331 806 569 863 vobis“.
616 804 796 861 Multa
841 820 982 861 sane
1029 819 1095 859 ac
1126 820 1306 875 supra
1333 802 1634 860 hominem
1669 807 1807 859 sunt
1837 820 1982 874 prae-

334 899 502 968 cepta
530 899 588 950 et
618 893 900 950 beneficia
932 910 1062 965 quae
1094 892 1179 947 illi
1211 893 1271 947 in
1303 893 1473 948 nobis
1523 892 1746 966 placuit
1776 909 1981 948 recon-

333 985 470 1042 dere
499 1002 511 1053 ;
536 1000 604 1040 ea
634 983 856 1039 scilicet
885 987 1024 1038 sunt
1047 981 1303 1038 ccelestis
1333 983 1460 1038 vita;
1493 983 1700 1048 forma,
1724 987 1982 1054 potestas

331 1075 611 1132 adversus
647 1073 965 1138 demones,
998 1071 1256 1144 adoptio,
1285 1076 1346 1128 et
1375 1073 1530 1144 quod
1561 1089 1733 1128 omne
1765 1071 1978 1128 beneﬁ-

331 1163 487 1221 cium
516 1166 754 1236 superat
799 1162 1276 1235 praecipuumque
1319 1166 1427 1233 est,
1481 1161 1671 1218 Patris
1708 1167 1766 1219 et
1793 1160 1980 1234 ipsius

330 1252 504 1310 Verbi
537 1251 811 1326 cognitio,
845 1256 1019 1324 atque
1063 1250 1315 1324 Spiritus
1365 1252 1552 1308 sancti
1600 1252 1842 1307 donum.
1877 1251 1982 1307 Ve-

333 1359 463 1400 rum
493 1341 756 1398 humana
786 1357 954 1396 mens
985 1341 1055 1396 ad
1091 1339 1315 1396 malum
1334 1340 1501 1397 valde
1549 1339 1820 1414 proclivis
1851 1346 1977 1397 est:

332 1431 702 1490 adversarius
714 1447 950 1503 quoque
967 1429 1449 1486 nosterdiabolus
1466 1434 1627 1486 tanta
1643 1430 1814 1485 nobis
1829 1430 1982 1487 bona

334 1521 604 1578 invidens
634 1519 844 1576 circuit
872 1524 929 1576 et
957 1519 1242 1593 vigilat",
1274 1523 1339 1575 ut
1370 1537 1496 1592 qua:
1527 1519 1587 1574 in
1630 1519 1798 1575 nobis
1827 1519 1981 1576 exsi-

334 1613 499 1668 stunt
523 1608 683 1666 verbi
713 1609 941 1665 semina
970 1609 1197 1666 auferat
1243 1609 1390 1664 Hinc
1411 1625 1545 1682 ergo
1568 1607 1852 1665 Dominus
1874 1625 1982 1665 sua

333 1702 641 1773 praecepta,
664 1698 840 1754 veluti
862 1701 1164 1772 proprium
1181 1697 1550 1767 thesaurum,
1573 1698 1631 1752 in
1652 1699 1822 1755 nobis
1844 1715 1984 1772 pras-

333 1787 942 1861 dictione‘obsignans
972 1789 1091 1844 ait:
1131 1789 1329 1845 Videte
1360 1805 1430 1844 ne
1459 1790 1588 1861 quis
1618 1805 1707 1844 vos
1725 1791 1978 1844 seducet.

329 1877 509 1938 Mulli
532 1879 682 1935 enim
713 1879 935 1934 venient
965 1879 1027 1934 in
1073 1879 1302 1934 nomine
1357 1894 1500 1946 meo,
1559 1879 1808 1935 dicentes
1855 1883 1978 1952 Ego

327 1985 453 2026 sum
479 1986 492 2024 :
525 1975 579 2024 et
595 1977 814 2041 tempus
833 1969 1346 2040 appropinquavit.
1371 1967 1562 2024 Nolite
1580 1984 1715 2040 ergo
1743 1969 1837 2024 ire
1850 1976 1979 2041 post

325 2073 421 2116 eos
434 2057 498 2113 ³⁸.
520 2056 799 2131 Magnum
822 2073 963 2113 sane
977 2055 1199 2129 aliquid
1215 2057 1383 2113 nobis
1403 2057 1676 2130 praestitit
1694 2057 1974 2126 Verbum,

329 2153 396 2204 ut
415 2147 638 2204 scilicet
667 2163 734 2203 ex
764 2147 895 2219 ipsa
922 2162 1122 2202 rerum
1153 2147 1346 2219 specie
1377 2163 1492 2202 non
1525 2147 1934 2220 deciperemur
1961 2165 1976 2216 ;

330 2236 432 2293 sed
464 2237 682 2310 potius,
715 2235 850 2292 licet
880 2235 1002 2291 haec
1033 2245 1234 2308 operta
1263 2236 1383 2292 sint
1415 2237 1468 2292 ei
1520 2238 1768 2303 obtecta,
1797 2235 1978 2308 Spiri-

327 2329 425 2382 tus
455 2325 643 2400 gratia
672 2341 982 2398 possemus
1042 2326 1393 2382 discernere.
1444 2325 1592 2391 Quia
1634 2325 1790 2382 enim
1821 2330 1981 2382 totus

329 2431 432 2488 per
457 2431 521 2472 se
551 2413 684 2471 odio
709 2413 926 2487 dignus
945 2417 1036 2470 est
1066 2412 1300 2470 malitias
1333 2415 1597 2470 inventor
1626 2420 1683 2471 et
1726 2431 1978 2487 magnus

328 2505 556 2562 daemon
579 2502 872 2572 diabolus,
898 2502 1218 2576 statimque
1241 2521 1306 2560 ac
1323 2504 1677 2577 apparuerit,
1699 2505 1771 2562 ab
1793 2504 1980 2560 omni-

328 2594 440 2651 bus
471 2592 790 2666 repellitur,
828 2598 897 2649 ut
927 2609 1188 2666 serpens,
1221 2595 1499 2660 utdraco,
1522 2599 1587 2648 ut
1603 2593 1690 2650 leo
1711 2610 1980 2666 quaerens

330 2700 481 2756 quos
511 2681 698 2756 rapiat
728 2686 784 2738 et
812 2683 1082 2739 devoret:
1115 2683 1332 2740 idcirco
1380 2683 1536 2755 quod
1586 2683 1710 2755 ipse
1739 2683 1980 2755 quidem

330 2777 422 2829 est
451 2773 602 2829 celat
628 2776 684 2828 et
714 2770 1007 2841 occultat;
1037 2776 1097 2828 at
1142 2789 1377 2843 nomen,
1428 2772 1580 2844 quod
1637 2788 1840 2828 omnes
1873 2771 1977 2828 ha-

329 2861 477 2932 bent
529 2859 837 2926 desiderio,
871 2861 1027 2917 214
1073 2865 1265 2917 astute
1295 2878 1411 2932 pres
1469 2878 1532 2916 se
1591 2861 1718 2929 fert,
1751 2865 1816 2916 ut
1843 2877 1980 2916 cum

332 2947 604 3006 homines
632 2947 780 3006 falsa
815 2948 1008 3022 specie
1038 2948 1337 3016 deluserit,
1362 2949 1490 3020 jam
1543 2949 1816 3022 deceptos
1846 2965 1979 3022 pro-

336 3037 484 3110 priis
513 3037 804 3106 astringat
829 3036 1102 3094 vinculis.
1134 3035 1353 3109 Nempe
1400 3038 1900 3109 quemadmodum
1931 3037 1978 3094 si

335 3126 470 3199 quis
499 3125 722 3183 alienos
749 3125 966 3184 liberos
1013 3127 1073 3182 in
1121 3127 1518 3199 captivitatem
1551 3127 1841 3184 attrahere
1872 3145 1980 3184 cu-

335 3216 525 3289 piens,
558 3215 896 3273 absentium
929 3221 1239 3289 parentum
1272 3216 1524 3273 similem
1557 3216 1826 3274 indueret
1857 3234 1984 3289 spe-

2097 617 2309 694 μεγάλα
2363 620 2453 676 καὶ
2510 621 2726 696 τέρατα,
2782 621 2921 678 ὥστε
2975 620 3277 678 πλανᾶσθαι
3336 624 3487 698 (98),
3546 622 3592 678 εἱ
3653 621 3746 678 δυ-

2089 709 2268 780 νατὸν,
2329 710 2419 764 καὶ
2479 711 2607 774 τοὺς
2671 709 2997 774 ἐκλεπτούςο
3063 709 3180 768 ἰδοὺ
3233 711 3538 788 προείρηκα
3595 713 3745 787 ὑμῖν.

2090 799 2165 852 Τὰ
2221 798 2314 871 μὶν
2348 800 2450 874 γὰρ
2493 797 2544 854 ἐν
2600 801 2736 873 ἡμῖν
2794 801 3118 856 ἀποτεθέντα
3176 803 3472 875 μαθήματά
3524 822 3583 859 τε
3635 805 3746 877 (99)

2089 886 2178 941 καὶ
2229 887 2544 964 χαρίσματα
2581 891 2708 965 παρ’
2757 889 2922 946 αὐτοῦ
2968 888 3156 946 πολλὰ
3207 891 3296 946 καὶ
3347 891 3478 966 ὑπὲρ
3535 889 3744 965 ἅνθρω-

2090 977 2190 1031 πόν
2235 975 2395 1031 ἐστιν’
2449 976 2702 1053 οὐρανίου
2753 980 2859 1055 γάρ
2912 977 3194 1043 πολιτείας
3240 979 3431 1049 τύπος,
3463 978 3554 1036 καί
3585 977 3745 1037 δύνα-

2098 1088 2188 1140 μις
2219 1067 2355 1122 κατὰ
2411 1065 2707 1140 δαιμόνων,
2758 1068 3071 1141 υἱοποίησίς
3121 1091 3182 1126 τε
3234 1072 3312 1144 (1)
3358 1070 3448 1125 καὶ
3500 1071 3562 1125 τὸ
3614 1071 3743 1148 ὑπὲρ

2091 1162 2193 1210 πᾶν
2224 1158 2473 1232 χάρισμα
2519 1156 2610 1212 καὶ
2660 1155 2946 1234 ἐξαίρετον,
2995 1161 3029 1228 ἡ
3075 1158 3198 1233 περὶ
3228 1163 3324 1214 τοῦ
3369 1159 3578 1232 Πατρὸς
3611 1165 3744 1235 γνῶ-

2091 1266 2174 1308 σις
2204 1245 2294 1300 καὶ
2328 1245 2492 1301 αὐτοῦ
2522 1251 2620 1302 τοῦ
2651 1246 2950 1323 Λόγου,καὶ
2982 1245 3160 1324 δωρεὰ
3198 1247 3514 1323 Πνεύματος
3564 1249 3742 1324 ἁγίου.

2091 1336 2154 1391 Ἠ
2213 1333 2272 1392 δὲ
2317 1341 2424 1392 τῶν
2476 1337 2776 1413 ἀνθρώπων
2822 1335 3032 1393 διάνοια
3080 1335 3360 1412 ἐπιμελῶς
3411 1335 3498 1394 ἐπὶ
3546 1338 3615 1393 τὰ
3643 1359 3745 1394 πο-

2089 1427 2227 1502 νηρὰ
2255 1423 2492 1501 ἔγκειται
2523 1428 2623 1498 (2)*
2656 1425 2746 1481 καὶ
2789 1429 2896 1500 μὴν
2952 1428 2980 1482 6
3027 1423 3297 1503 ἀντίδικος
3347 1428 3508 1500 ¹ἡμῶν
3563 1421 3748 1482 διάϐο⁴

2091 1509 2427 1592 λος,φθονῶν
2462 1515 2550 1572 ἐπὶ
2597 1521 2716 1578 τοῖς
2763 1515 3044 1579 τοσούτοις
3078 1519 3214 1591 ἡμῖν
3263 1517 3487 1593 ἀγαθοῖς
3516 1518 3747 1592 γενομε-

2090 1624 2228 1676 νοις,
2260 1604 2610 1682 περιέρχεται
2671 1608 2845 1676 ζητῶν
2908 1607 3141 1682 ἁρπάσαι
3200 1607 3268 1662 τὰ
3325 1607 3401 1670 εἰς
3454 1608 3605 1680 ἡμᾶς
3647 1609 3747 1662 τοῦ

2092 1694 2277 1768 Λόγου
2327 1694 2628 1771 σπέρματα.
2673 1696 2770 1750 Διὰ
2824 1700 2984 1752 τοῦτο
3033 1699 3186 1772 γοῦν,
3247 1695 3426 1773 ὥσπερ
3477 1693 3589 1752 ἴδια
3633 1716 3746 1751 κει-

2097 1780 2274 1855 μήλια
2329 1785 2398 1838 τὰ
2457 1785 2751 1858 μαθήματα
2822 1785 3134 1864 σφραγίζων
3191 1783 3242 1842 ἰν
3306 1788 3441 1860 ἡμῖν
3501 1783 3591 1841 διὰ
3643 1791 3746 1855 τῆς

2091 1871 2450 1948 προρρήσεως
2485 1919 2499 1945 ,
2561 1870 2746 1948 ἔλεγεν
2815 1876 2842 1928 6
2902 1874 3145 1951 Κύριος·
3204 1875 3447 1934 Βλέπετε
3513 1876 3588 1950 μή
3662 1895 3747 1938 τις

2095 1961 2235 2034 ὑμᾶς
2293 1961 2595 2036 πλανήσῃ.
2655 1961 2867 2019 Πολλοὶ
2942 1965 3045 2040 γὰρ
3121 1963 3432 2021 ἐλεύσονται
3511 1964 3599 2021 ἐπὶ
3668 1969 3748 2038 τῷ

2094 2050 2322 2124 ὀνόματί
2385 2073 2510 2126 μου,
2572 2050 2864 2128 λέγοντες’
2919 2054 3064 2130 Ἐγὼ
3125 2053 3259 2128 εἶμι·
3319 2054 3409 2110 καὶ
3469 2055 3497 2109 6
3555 2055 3749 2132 καιρὸς

2088 2137 2334 2215 ἤγγικε,
2413 2141 2503 2196 καὶ
2576 2139 2824 2204 πολλοὺς
2901 2139 3292 2214 πλανήσουσι⁶
3354 2145 3430 2218 μή
3502 2141 3593 2200 οὖν
3670 2145 3750 2218 (3)

2088 2231 2391 2306 πορευθῆτε
2437 2230 2612 2286 ὀπίσω
2662 2231 2861 2289 αὐτῶν.
2913 2233 3067 2308 Μέγα
3112 2254 3168 2288 τι
3216 2234 3465 2311 χάρισμα
3518 2231 3743 2290 δέδωκεν

2089 2321 2225 2392 ἡμῖν
2276 2319 2304 2374 6
2332 2319 2531 2394 Λόγος,
2583 2319 2722 2376 ὥστε
2757 2323 2832 2395 μὴ
2895 2319 2954 2376 ἐκ
3003 2326 3110 2377 τῶν
3167 2323 3504 2401 φαινομένων
3545 2325 3745 2379 ἀπατᾶ-

2091 2409 2230 2480 σθαι,
2290 2406 2437 2463 ἀλλὰ
2483 2408 2572 2463 καὶ
2619 2407 2858 2483 μᾶλλον,
2907 2411 3003 2467 κᾶν
3047 2415 3215 2466 ταῦτα
3253 2410 3643 2487 κεκαλυμμένα
3671 2414 3749 2488 (4)

2089 2498 2354 2574 τυγχάνῃ,
2389 2495 2674 2574 διακρίνειν
2705 2503 2774 2574 τῇ
2805 2504 2902 2555 τοῦ
2935 2499 3250 2574 [Ιτεύματος
3283 2505 3492 2579 χάριτι.
3523 2499 3745 2573 Ἐπειδὴ

2089 2587 2192 2663 γὰρ
2221 2585 2352 2650 ὅλος
2397 2586 2509 2642 ἐστὶ
2562 2589 2790 2661 μισητὸς
2822 2590 2850 2644 6
2879 2596 2980 2659 τῆς
3031 2589 3222 2654 κακίας
3273 2592 3496 2667 εὑρετὴς
3525 2591 3617 2646 καί
3651 2592 3747 2665 μέ-

2089 2697 2189 2751 γας
2220 2673 2430 2751 δαίμων
2461 2678 2489 2732 6
2522 2673 2805 2752 διάϐολος,
2843 2678 3007 2753 μόνον
3038 2699 3097 2735 τε
3128 2679 3453 2758 φαινόμενος
3484 2678 3747 2756 βάλλεται

2089 2767 2235 2841 παρὰ
2262 2767 2471 2822 πάντων
2501 2770 2603 2841 (5),
2637 2767 2710 2830 ὡς
2762 2763 2909 2847 ὄφις,
2941 2769 3016 2832 ὡς
3069 2767 3304 2846 δράκων,
3356 2771 3430 2834 ὡς
3473 2768 3613 2826 λὲων
3650 2775 3747 2843 ζη-

2088 2859 2194 2910 τῶν
2229 2877 2379 2918 τινας
2425 2857 2656 2933 ἁρπάσαι
2708 2857 2797 2912 καὶ
2847 2864 3125 2914 καταπιεῖν
3158 2881 3170 2896 ο
3228 2856 3318 2915 διὰ
3357 2863 3518 2916 τοῦτο
3567 2861 3596 2915 ὃ
3649 2861 3744 2934 μὲν

2092 2940 2230 3000 ἔστιν
2285 2942 2446 3007 αὐτὸς
2483 2989 2498 3014 ,
2555 2946 2885 3022 ὑποκρύπτει
2943 2948 3032 3003 καὶ
3079 2949 3261 3005 σκέπει
3296 2996 3310 3022 ,
3367 2947 3430 3004 τὸ
3489 2947 3546 3005 δὲ
3601 2950 3748 3026 παρὰ

2090 3035 2304 3091 πάντων
2366 3035 2702 3109 ποθούμενον
2761 3033 2937 3111 ὄνομα
3003 3038 3347 3115 ὑποκρίνεται
3422 3039 3748 3115 πανούργως

2091 3125 2191 3197 (6),
2218 3120 2332 3195 ἵνα,
2367 3124 2649 3195 ἀπατήσας
2694 3129 2762 3200 τῇ
2814 3126 3092 3203 φαντασίᾳ,
3145 3125 3337 3182 λοιπὸν
3366 3126 3494 3191 τοὺς
3538 3128 3750 3199 πλανη-

2091 3213 2274 3276 θὲντας
2304 3219 2422 3276 τοῖς
2467 3210 2628 3276 ἰδίοις
2679 3216 2968 3292 περιπείρῃ
3017 3213 3261 3290 δεσμοῖς.
3307 3217 3406 3272 Καὶ
3457 3217 3638 3293 ὥσπερ
3689 3217 3750 3273 ἂν

335 3305 509 3375 ciem,
537 3321 722 3378 eoque
752 3305 998 3362 artiﬁcio
1029 3304 1202 3374 ﬁlios,
1245 3310 1443 3378 utpote
1493 3312 1803 3379 parentum
1835 3306 1984 3362 desi-

2102 3305 2172 3377 (7)
2205 3300 2257 3357 εἷ’
2278 3323 2383 3372 τις,
2436 3301 2923 3380 ἀνδραποδίσασθαι
2966 3303 3138 3360 θέλων
3169 3304 3498 3381 ἀλλοτρίους
3529 3305 3754 3379 παῖδας,

335 3395 496 3452 derio
524 3394 862 3468 ﬂagrantes,
913 3393 1140 3451 illectos
1189 3395 1392 3467 procul
1439 3396 1776 3466 abduceret,
1809 3397 1985 3453 mise-

335 3500 549 3557 rosque
571 3485 969 3541 interimeret:
1003 3485 1086 3540 ita
1116 3485 1374 3557 profecto
1396 3485 1702 3558 improbus
1733 3487 1986 3556 daemon,

334 3578 756 3647 tortuosusque
786 3579 843 3630 et
869 3573 1167 3646 malignus
1197 3573 1492 3640 diabolus,
1515 3592 1577 3630 se
1601 3591 1703 3647 per
1723 3575 1985 3648 seipsum

335 3663 608 3721 exhibere
639 3664 879 3736 quidem
911 3680 1028 3720 non
1059 3664 1236 3720 audet
1262 3689 1276 3728 ς
1309 3664 1409 3720 sed
1441 3681 1576 3720 cum
1610 3681 1725 3720 non
1757 3663 1988 3736 ignoret

334 3770 517 3827 quam
547 3753 820 3811 homines
851 3753 970 3810 sint
997 3753 1260 3811 veritatis
1292 3759 1578 3823 amantes,
1611 3753 1763 3810 hanc
1794 3753 1987 3826 specie

330 3847 504 3900 tenus
537 3843 598 3900 in
634 3859 695 3902 se
727 3843 917 3918 fingit,
951 3849 1129 3916 atque
1161 3843 1270 3900 hoc
1301 3848 1469 3917 pacto
1497 3843 1801 3916 proprium
1822 3859 1989 3901 vene-

334 3948 480 3989 num
510 3931 572 3988 in
607 3936 920 4004 sequentes
951 3949 1015 3988 se
1044 3931 1291 4006 spargit.

407 4109 465 4165 2.
497 4109 592 4166 Sic
620 4107 717 4166 ille
747 4109 927 4166 Evam
957 4109 1097 4167 olim
1128 4109 1344 4184 decipit
1399 4127 1514 4168 non
1573 4111 1810 4186 propria
1838 4111 1988 4169 scili-

2098 3388 2533 3466 ἀποδημούντων
2611 3397 2721 3448 τῶν
2797 3393 3003 3468 γονέων
3037 3441 3051 3468 ,
3113 3393 3468 3471 ὑποκρίνηται
3525 3400 3604 3472 (8)
3657 3397 3755 3460 τὰς

2098 3479 2315 3536 ἐκείνων
2363 3475 2536 3555 ὄψεις,
2591 3483 2680 3536 καὶ
2737 3483 3037 3546 ποθοῦντας
3089 3482 3217 3546 τοὺς
3275 3484 3426 3548 υἱοὺς
3483 3485 3754 3560 ἀπατήσῃ,

2095 3570 2186 3624 καὶ
2225 3567 2420 3625 λοιπὸν
2471 3570 2768 3646 ἀπαγαγὼν
2824 3570 3019 3635 αὐτοὺς
3072 3572 3301 3650 μακρὰν,
3355 3573 3614 3650 ἀπολέσῃο
3660 3575 3754 3629 τὸν

2097 3658 2256 3714 αὐτὸν
2281 3659 2485 3734 τρόπον
2516 3660 2607 3714 καὶ
2640 3661 2668 3714 6
2697 3658 3050 3734 κακοδαίμων
3077 3661 3168 3717 καὶ
3215 3660 3435 3726 σκολιὰς
3467 3658 3748 3730 διάϐολος,

2099 3748 2198 3804 οὐκ
2228 3745 2371 3825 ἔχων
2411 3748 2506 3822 μὲν
2542 3748 2702 3812 αὐτὸς
2751 3748 3084 3827 παρρησίαν,
3134 3749 3294 3814 εἰδὼς
3325 3750 3380 3807 δὲ
3421 3751 3508 3807 τὸν
3544 3750 3618 3814 εἷς
3647 3752 3747 3821 τὴν

2098 3837 2356 3910 ἀλήθειαν
2416 3834 2593 3914 ἔρωτα
2666 3843 2775 3894 τῶν
2825 3839 3124 3916 ἀνθρώπων
3159 3885 3174 3910 ,
3235 3839 3578 3919 ὑποκρίνεται
3659 3839 3752 3914 μὶν

2095 3927 2297 4000 ταύτην
2329 3931 2398 4001 τῇ
2445 3927 2710 4006 φαντασίᾳ
2759 3930 2858 4003 (9),
2903 3929 2994 3984 τὸν
3043 3926 3101 3985 δὶ
3150 3927 3285 3986 ἴδιον
3339 3931 3417 3987 ἰὸν
3469 3926 3758 3987 ἐπιϐάλλει

2093 4023 2213 4080 τοῖς
2247 4015 2748 4088 ἐπακολουθήσασιν
2776 4017 2944 4091 αὐτῷ.

2166 4109 2224 4164 2.
2257 4105 2444 4169 Οὕτως
2476 4104 2567 4161 καὶ
2613 4107 2713 4176 τήν
2760 4103 2898 4163 Εὔαν
2939 4109 3236 4182 ἠπάτησεν,
3288 4107 3350 4164 ού
3396 4110 3464 4165 τὰ
3510 4107 3623 4166 ἴδια
3654 4107 3759 4166 λα-

409 4235 457 4274 “
488 4235 694 4294 Matth.
752 4253 906 4303 xxxv,
961 4237 1054 4305 24,
1083 4236 1175 4292 25.
1233 4237 1278 4274 ⁸⁷
1310 4238 1333 4293 Ι
1389 4241 1544 4294 Petr.
1578 4255 1632 4311 ν,
1692 4239 1727 4294 8
1753 4238 1798 4276 ⁸⁸
1851 4239 1992 4295 Luc.
2029 4251 2148 4303 xxx,
2178 4234 2234 4290 8.

376 4379 670 4470 .,,(9§2_Si9.
699 4379 952 4470 53.33%-
988 4379 1208 4470 “rvit:
1248 4379 1785 4470 G°b.'£‘.'h.c°"?9”.t-
1832 4383 1984 4470 ξΓδιΞ·

2103 4393 2344 4470 Taurin.
2375 4393 2496 4470 Jes.
2530 4394 2760 4452 Gobler.
2795 4395 3048 4454 Felckm.
3084 4400 3109 4454 1
3135 4415 3310 4470 anon,
3335 4402 3392 4455 et
3414 4397 3506 4455 Fr.
3534 4400 3584 4470 1,
3607 4399 3758 4461 τινὰς

341 4449 455 4552 ti}?-
487 4449 584 4552 Fr;
617 4449 1455 4552 Ξῖ..ξέ¹ἓ¹ξξ¹ῐ¹·ηἷ.δὲ999·.ὲ1ἱί
1477 4456 1758 4552 ειοεξῑιίν
1789 4449 1999 4522 πλανῆ-

341 4522 972 4666 ea:1,9513%pigialouposi.F
977 4539 1266 4652 l‘seiqugnlsb
1279 4525 1452 4653 αἰγεεῶ
1476 4543 1510 4581 a
1538 4522 1750 4653 B_asilé'
1773 4596 1830 4654 ω
1975 4604 2000 4655 t

342 4596 600 4720 Feickm.
635 4666 661 4720 1
692 4611 1158 4720 angoirAliive'ro
1171 4613 1244 4720 Oet
1271 4614 1413 4720 gitti
1444 4614 1997 4720 :éuggliittuont.e;1:x

342 4663 600 4738 Felckm.
635 4666 661 4721 1
692 4663 996 4738 anonAlii
1025 4683 1158 4724 vero
1187 4673 1244 4724 et
1274 4669 1413 4723 editi
1444 4667 1503 4722 τὲ
1534 4669 1838 4727 omittunt.
1869 4673 1999 4738 Mox

343 4736 607 4804 Seguer.,
637 4734 825 4791 πολλά
843 4756 922 4793 τε.

444 4808 627 4892 1)mSic_
648 4808 1129 4892 Seguer..Jesuit.
1164 4809 1417 4892 Cplbert.
1451 4811 1694 4868 Taurin.
1728 4817 1784 4870 et
1815 4812 1904 4870 Fr.
1939 4810 1992 4872 4.

341 4879 545 4935 ΑῒίθῙὶί
579 4885 636 4936 et
665 4879 826 4948 editi,
859 4880 1170 4950 υἱοποίησις
1201 4879 1278 4938 δέ.

418 4951 501 5023 (2)
531 4950 622 5007 Fr.
657 4955 710 5024 1,
737 4953 985 5009 Colbert.
1016 4949 1284 5024 Taurin.,
1315 4949 1594 5024 ἐπιμελῶς
1626 4951 1712 5009 ἐπὶ
1741 4955 1803 5009 τὸ
1831 4957 1993 5013 κακὸν

343 5018 601 5096 ἔκκειταιο
625 5022 715 5077 καὶ
751 5024 857 5096 μήν
882 5024 971 5078 καὶ
1003 5023 1030 5078 6
1060 5018 1354 5094 ἀντίοικος,
1385 5018 1494 5082 etc.

435 5095 763 5184 ειγεςευθη
796 5096 1008 5184 Jesuit.
1037 5096 1290 5184 qo‘lbert.
1315 5101 1372 5154 et
1401 5098 1640 5154 Taurin.
1675 5099 1904 5159 Gobler.
1937 5107 1996 5160 et

336 5165 531 5222 Felck.
567 5165 802 5224 1'anon.
837 5165 928 5220 οὖν
964 5169 1260 5225 omittunt.

410 5239 520 5312 (4)_
553 5235 927 5312 εθεηηᾶλλδι
997 5236 1210 5310 μᾶλλον
1274 5238 1366 5294 καὶ
1441 5243 1610 5295 ταῦτα
1675 5239 1770 5297 κᾶν
1834 5265 1994 5299 κεκα-

336 5307 798 5383 λυμμέναλὺίμά.
835 5307 1063 5383 Gobler.
1099 5318 1155 5368 et
1179 5312 1370 5368 Felck.
1433 5313 1457 5368 1
1490 5331 1688 5383 anon.,
1742 5316 1832 5370 καὶ
1863 5321 1992 5371 ταῦ-

332 5377 838 5504 ἓῖἓιξκαλυμμένα.
891 5382 1073 5439 Paulo
1104 5390 1238 5456 post
1268 5385 1360 5440 Fr.
1397 5385 1421 5438 1
1485 5377 1859 5459 habet'b'kwq,
1890 5407 1995 5462 pro

533 5524 626 5581 Sic
681 5525 921 5600 Seguer.
975 5529 1092 5584 Jes.
1153 5526 1400 5584 Colbert.
1457 5527 1696 5612 Taurin.
1738 5533 1992 5620 .Gobler:

413 5594 537 5648 :ck.
575 5601 598 5648 1
635 5596 660 5648 1
697 5615 867 5648 anon.
905 5602 963 5648 et.
995 5597 1086 5648 Fr.
1125 5599 1173 5648 1-
1206 5605 1350 5648 utet
1382 5600 1518 5648 lem!
1561 5603 1826 5648 Nnnnnm
1888 5604 1992 5648 Aln

343 5592 598 5686 Each}
635 5592 867 5686 1"‘a‘n'on.
905 5602 963 5654 et
995 5597 1086 5686 Fr.
1125 5599 1175 5668 1,
1206 5605 1271 5682 ut
1293 5606 1350 5655 et
1380 5600 1518 5686 legit
1549 5603 1847 5686 .l‘lannius.
1881 5604 1996 5663 Alii

342 5669 403 5756 et
431 5666 596 5756 editi,
651 5663 879 5756 ᾅλλὲταξ
946 5667 1086 5756 πρὸς
1147 5663 1630 5756 πάντας,.ἶξ.ςίίίι
1695 5679 1994 5756 ἰηροτηηβε,

339 5739 525 5817 atque
553 5737 636 5798 ita
663 5737 805 5818 legit
833 5737 1225 5804 Omnibonus.
1284 5737 1434 5806 Ibid.
1469 5745 1709 5821 Seguer.
1739 5737 1993 5812 Colbert:

2109 4465 2460 4545 dendo-armi
2489 4471 2799 4545 καταπιεῖνἱ
2826 4469 2937 4545 ᾼΙὶἱ
2969 4475 3166 4545 autem
3202 4477 3259 4526 et
3294 4465 3629 4545 ’θάῇῒὶλτίνα
3659 4470 3759 4545 ἁρ-

2105 4536 2366 4612 πάσῃ-καὶ
2395 4536 2650 4612 καταπίῃ.
2708 4539 2962 4612 Felckm.
2992 4543 3029 4597 5
3058 4559 3255 4612 anon.,
3316 4541 3405 4596 καὶ
3435 4536 3558 4596 τίνα
3597 4536 3760 4596 κατα-

2105 4608 2223 4683 πίῃ.
2253 4610 2384 4687 M01;
2412 4608 2642 4687 Gobler.
2677 4617 2736 4668 et
2791 4611 3045 4670 Felckm.
3081 4617 3106 4670 1
3141 4608 3338 4684 anon.,
3387 4613 3512 4687 περὶ
3540 4613 3756 4668 πάντων

2106 4680 2227 4756 pro
2239 4680 2386 4756 παρὰ
2414 4680 2644 4756 πάντων.

2180 4753 2376 4826 (6)ίδῖο
2405 4754 2645 4826 Seguer,
2697 4755 2905 4813 Jesuit.
2941 4756 3188 4813 Colbert.
3249 4758 3488 4813 Taurin.
3523 4757 3758 4816 Gobler.

2105 4831 2163 4882 et
2185 4825 2450 4904 ‘Eelciim‘.
2486 4825 2511 4879 1
2546 4825 2725 4904 an0n_.
2753 4827 3034 4904 Ataliipt
3061 4829 3286 4904 editi,_6
3309 4832 3650 4904 πανοῦργος,

2177 4898 2255 4968 (7)
2287 4897 2382 4952 Sic
2412 4902 2648 4970 Seguer.
2681 4899 2922 4957 Taurin.
2949 4901 3160 4958 Jesuit.
3211 4897 3452 4958 Gobler.
3494 4897 3757 4958 Felckm.

2108 4971 2133 5024 1
2171 4985 2341 5030 anon.
2374 4974 2432 5023 et
2465 4971 2553 5024 Fr.
2591 4973 2639 5025 1.
2672 4971 2871 5026 Ceteri
2904 4978 3100 5028 autem
3134 4978 3192 5028 et
3209 4973 3349 5028 editi
3368 4992 3428 5026 αν
3451 4973 3756 5029 omittunt.

2104 5041 2236 5097 Mox
2268 5040 2501 5096 Gobler.
2535 5047 2592 5096 et
2620 5041 2874 5098 Felckm.
2910 5045 2935 5098 1
2971 5041 3366 5113 anon.,dman
3381 5042 3626 5116 μούντων
3652 5042 3757 5099 ἀπὸ

2104 5115 2210 5165 τῶν
2234 5111 2455 5165 γονέων.

2102 5130 2210 5165 των
2234 5130 2327 5166 γον
2336 5130 2455 5166 εων.

2176 5131 2648 5255 ἔδευον.
2697 5186 2908 5242 Jesuit.
2941 5185 3192 5244 Colbert.
3226 5189 3464 5244 Taurin.
3499 5193 3557 5244 et
3580 5187 3673 5244 Fr.
3704 5186 3758 5255 1,

2176 5199 2253 5254 (ὅ)
2285 5199 2378 5240 διο
2410 5199 2648 5310 segnem
2697 5199 2908 5242 δϐευιῐ.
2941 5199 3192 5244 υΟΙῸΘΓῖ.
3226 5199 3464 5244 Taurin.
3499 5199 3557 5244 et
3580 5199 3673 5244 Fr.
3704 5199 3758 5255 1,

2105 5255 2206 5337 qui
2237 5261 2294 5337 et
2323 5273 2456 5337 moi;
2509 5257 2754 5337 πατήσῃ,
2788 5263 2844 5312 et
2873 5259 3133 5337 (excepto
3170 5261 3258 5315 Fr.
3288 5260 3345 5337 _1)
3389 5256 3663 5337 ᾀπολέσῃκ
3685 5263 3763 5337 {tt

2105 5316 2203 5402 alii
2234 5333 2292 5382 et
2312 5328 2477 5402 editi,
2503 5316 3068 5402 ὑποκρίνεταιξάπατῗή
3079 5349 3180 5401 σει,
3201 5337 3259 5387 et
3280 5316 3559 5386 ἀπολέσει.
3581 5316 3756 5396 1Βὶ(1.,

2102 5395 2569 5526 κῗὶῧκακοδαίμων
2598 5395 2688 5453 κάί
2719 5395 2934 5457 desunt
2964 5402 3022 5456 in
3058 5395 3312 5459 'Go'bler.
3345 5410 3403 5459 et
3440 5402 3694 5460 Felckm.
3732 5395 3759 5457 1

2103 5487 2134 5526 e
2256 5489 2430 5526 anon.

2103 5487 2161 5526 Θῐο
2188 5487 2224 5526 ἶ)
2256 5489 2430 5526 anon.

2176 5542 2254 5612 (9)
2286 5544 2380 5618 Sic
2412 5544 2649 5616 Seguer.
2669 5549 2760 5618 _At
2817 5543 3070 5618 Felckm.
3100 5548 3137 5602 5
3186 5563 3387 5618 anon.,
3418 5543 3621 5614 ταύτην
3654 5545 3755 5618 τήν

2104 5611 2419 5743 φαντασίαν.
2485 5611 2684 5672 Castori
2748 5621 2806 5672 et
2873 5617 3034 5700 editi,
3098 5616 3268 5696 ταύτῃ
3337 5611 3406 5695 τῇ
3475 5611 3757 5702 φαντασία.

2147 5706 2183 5743 η
2214 5691 2411 5743 tamen
2443 5687 2609 5743 abest
2638 5688 2710 5743 ab
2739 5687 3086 5743 Annlicano.

2147 5686 2183 5767 ᾗ
2214 5691 2411 5747 tamen
2443 5687 2609 5751 abest
2638 5688 2710 5747 ab
2739 5687 3086 5764 Anglicano.
