4148 6374
348 396 459 465 561
1134 389 1519 455 EPISTOLA
1560 392 1666 454 AD
1712 388 2139 453 EPISCOPOS
2181 382 2497 452 JEGYPTI
2542 389 2643 450 ET
2685 382 2972 452 LIBYE.
3648 388 3770 455 543

351 535 489 603 λῶν,
520 527 645 587 ἀλλ’
694 524 1120 601 ὑποκρινόμενος
1175 526 1269 600 μὶν
1320 526 1387 580 τὰ
1432 528 1529 579 τοῦ
1579 527 1712 580 Θεοῦ
1762 521 2001 600 ῥήματα,
2034 526 2058 592 Α

2178 527 2208 578 :t
2236 522 2503 595 loquens,
2536 524 2638 579 sed
2669 523 2847 579 verba
2895 524 2992 579 Dei
3022 524 3155 580 ﬁcte
3184 542 3501 600 usurpans,
3532 542 3770 583 eorum-

348 624 450 692 τὴν
510 618 569 676 δὲ
627 617 862 675 διάνοιαν
917 616 1091 673 αὐτῶν
1148 619 1501 691 παραποιῶν⁸
1561 613 1703 670 οὕτω
1758 613 1849 669 καὶ
1903 613 2004 682 τὴν

2178 627 2232 667 ie
2262 610 2601 669 adulterans
2630 629 2893 669 sensum.
2926 612 3018 669 Sic
3046 614 3222 672 etiam
3246 632 3483 672 uxorem
3501 618 3606 672 Job
3629 615 3770 672 sub-

354 715 580 787 γυναῖκα
625 712 722 764 τοῦ
770 702 894 764 Ἰὼϐ
944 701 1182 763 ὑπέϐαλε
1231 709 1367 781 (10),
1412 704 1600 767 πείσας
1650 702 1817 773 αὐτὴν
1872 703 2009 759 ὑπο-

2178 701 2367 768 -navit,
2400 701 2483 757 illi
2516 718 2726 774 nempe
2757 703 3013 759 suadens
3039 708 3106 760 ut
3134 722 3396 762 amorem
3424 705 3531 764 viri
3560 722 3676 778 pre
3707 722 3771 762 se

354 800 633 878 κρίνασθαι
668 800 762 873 μὶν
813 796 1155 878 φιλανδρίαν,
1190 793 1405 867 διδάξας
1454 792 1512 851 δὲ
1555 793 1899 873 βλασφημεῖν
1934 789 2011 855 εἰς

2182 794 2315 862 rret,
2350 794 2410 846 at
2438 807 2635 847 revera
2664 807 2795 847 eam
2822 792 3036 849 docens
3066 793 3468 868 blasphemiae
3494 795 3554 851 in
3584 794 3772 851 Deum

356 891 447 946 τὸν
481 888 632 945 Θεόν’
666 887 839 951 οὕτως
868 886 997 950 τοὺς
1046 888 1364 962 ἀνθρώπους
1396 886 1425 940 6
1456 882 1644 947 δόλιος
1683 882 1863 953 παίζει
1893 886 2014 945 ταῖς

2178 896 2318 935 μευω
2351 880 2628 952 proferre.
2661 880 2755 936 Sic
2787 880 3037 955 denique
3079 883 3349 942 homines
3400 889 3641 941 externa
3688 900 3778 940 re-

361 979 693 1059 φαντασίαις,
746 976 1103 1059 ὑποκλέπτων
1149 978 1239 1031 καὶ
1298 974 1474 1051 σύρων
1532 972 1753 1031 ἕκαστον
1805 972 1882 1035 εἰς
1921 971 2013 1027 τὸν

2178 986 2259 1025 im
2291 969 2483 1059 specie
2512 975 2784 1027 Versutus
2806 970 3034 1028 deludit
3053 977 3112 1029 et
3136 974 3373 1048 decipit,
3397 973 3782 1048 singulosque

360 1058 499 1125 ἴδιον
556 1075 659 1138 τῆς
705 1058 897 1131 κακίας
948 1064 1163 1143 βόθρον.
1219 1063 1399 1120 Πάλαι
1452 1064 1547 1139 μὶν
1594 1061 1686 1119 οὗν
1738 1063 2017 1133 ἀπατήσας

2178 1077 2189 1114 ι
2220 1058 2523 1132 proprium
2556 1058 2794 1116 malitiae
2826 1064 3072 1134 puteum
3097 1064 3352 1137 subripit
3374 1068 3433 1121 et
3452 1064 3655 1120 trahit.
3679 1065 3788 1120 Ita-

361 1160 453 1215 τὸν
502 1162 719 1235 πρῶτον
771 1153 1053 1235 ἄνθρωπον
1098 1157 1190 1212 τὸν
1232 1157 1350 1230 (11)
1399 1151 1610 1229 Ἀδὰμ,
1656 1154 1745 1208 καὶ
1791 1150 2020 1227 νομίσας

2178 1164 2245 1204 ue
2265 1152 2579 1221 postquam
2603 1149 2743 1206 olim
2767 1150 3025 1223 primum
3048 1152 3352 1209 hominem
3379 1152 3787 1225 circumvenit,

366 1245 435 1303 δι’
469 1246 674 1303 ἐκείνου
708 1245 1063 1322 ὑποχειρίους
1116 1243 1407 1321 ἐσχηκέναι
1455 1242 1583 1306 τοὺς
1635 1242 1841 1305 πάντας
1884 1242 2020 1315 (12),

2178 1254 2339 1295 mnes
2370 1254 2474 1311 per
2502 1237 2669 1295 illum
2695 1240 2777 1296 ita
2807 1257 2917 1297 sua
2945 1246 3230 1314 potestate
3261 1247 3318 1298 et
3346 1242 3566 1299 ditione
3587 1248 3792 1299 tenere

370 1334 636 1408 ὶνήλΛετο
686 1333 1085 1412 θρασυνόμενος
1128 1332 1218 1388 καὶ
1267 1329 1469 1409 λέγων.
1528 1333 1637 1402 Τὴν
1698 1330 2022 1405 οἰκουμένην

2178 1333 2323 1397 atus,
2359 1327 2515 1384 ferox
2545 1332 2603 1384 et
2635 1330 2929 1403 superbus
2958 1330 3304 1402 hujusmodi
3332 1331 3797 1390 verbisinsulta-

370 1425 507 1496 ὅλην
567 1422 963 1500 καταλήψομαι
1018 1426 1088 1498 τῇ
1145 1420 1295 1500 χειρί
1353 1422 1430 1485 ὡς
1488 1422 1748 1494 νοσσιὰν,
1805 1422 1897 1477 καὶ
1951 1419 2027 1482 ὡς

2182 1422 2273 1474 at:
2312 1418 2639 1476 Universum
2668 1419 2852 1475 orbem
2881 1421 3029 1476 velut
3080 1422 3280 1477 nidum
3321 1438 3492 1479 manu
3538 1437 3795 1492 compre-

368 1513 847 1589 καταλελειμμένα
903 1513 987 1569 ὦά
1041 1514 1203 1591 ἀρῶ,
1259 1511 1351 1568 καὶ
1430 1511 1528 1569 οὐκ
1597 1510 1737 1569 ἔστιν
1797 1510 1859 1573 ὃς
1911 1507 2029 1565 δια·

2181 1506 2398 1578 endam,
2431 1512 2484 1564 et
2510 1510 2778 1580 tanquam
2808 1510 3079 1565 derelicta
3098 1526 3200 1567 ova
3228 1511 3445 1581 tollam,
3473 1528 3572 1568 nec
3591 1518 3669 1568 est
3700 1513 3797 1583 qui

374 1604 617 1685 φεύξεταί
673 1625 759 1679 με,
803 1604 841 1673 ἢ
890 1602 1116 1678 ἀντείπῃ
1168 1622 1282 1677 μοι.
1333 1604 1459 1657 Ὀτε
1506 1600 1565 1659 δὲ
1612 1603 1641 1658 6
1699 1598 1893 1677 Κύριος
1941 1598 2035 1655 έπ-

2178 1612 2228 1653 ze
2257 1598 2493 1671 eﬂugiat
2519 1602 2617 1653 aut
2644 1598 2988 1655 contradicat
3034 1600 3097 1654 ³⁸.
3144 1603 3364 1657 Verum
3414 1601 3514 1657 ubi
3563 1601 3798 1658 advenit

375 1693 641 1769 εδήμησε,
672 1692 762 1749 καὶ
792 1698 980 1771 πεῖραν
1032 1690 1185 1771 ἔσχεν
1216 1693 1245 1748 6
1278 1691 1473 1769 ἐχθρός
1524 1694 1638 1766 (13)
1684 1697 1785 1760 τῆς
1833 1692 2037 1767 ἀνθρω·

2178 1687 2454 1756 lominus,
2489 1687 2933 1761 humanamque
2962 1692 3091 1761 ejus
3111 1690 3613 1764 dispensationem
3636 1706 3801 1763 expe-

374 1782 539 1855 πίνης
589 1782 908 1857 οἰκονομίας
954 1782 1138 1854 αὐτοῦ,
1196 1783 1270 1855 μή
1325 1779 1567 1851 δυνηθεὶς
1619 1781 1890 1850 ἀπατῆσαι
1934 1780 2035 1848 τήν

2178 1776 2360 1832 ientia
2390 1777 2667 1833 inimicus
2699 1780 2988 1852 cognovit,
3020 1796 3155 1835 cum
3189 1797 3305 1836 non
3338 1784 3537 1852 posset
3566 1796 3804 1836 carnem

381 1873 470 1928 ὑπ’
500 1871 666 1928 αὑτοῦ
714 1872 1056 1949 φορουμένην
1109 1872 1301 1948 σάρκα,
1345 1870 1469 1925 τότε
1516 1868 1581 1939 δὴ
1636 1871 1664 1923 6
1711 1870 1811 1939 τήν
1855 1868 2036 1923 οἰκου-

433 1962 443 1977 Ι
578 1960 627 1977 Il‘
741 1961 755 1977 Ω
948 1958 968 1977 \
988 1958 1007 1977 Χ
1040 1960 1053 1977 Ι
1384 1957 1404 1977 ‘
1506 1954 1537 1977 ρ
1558 1961 1568 1977 Ι
1706 1957 1725 1977 ‘
1847 1959 1861 1977 ἱ
1930 1962 1969 1977 ιι
1994 1961 2035 1977 l\

2178 1866 2436 1938 lecipere,
2463 1884 2641 1939 quam
2672 1870 2940 1939 gestabat
2961 1869 3231 1926 Christus
3253 1888 3265 1938 ;
3291 1869 3541 1927 tuncille
3562 1870 3661 1941 qui
3686 1868 3812 1925 uni-

384 1962 549 2036 μένην
574 1960 712 2033 ὅλην
738 1958 1224 2036 ἐπαγγελλόμενος
1245 1954 1683 2033 καταλαμϐάνειν
1706 1957 1898 2014 λοιπὸν
1925 1961 2038 2032 (14)

382 2050 433 2121 έξ
465 2049 671 2106 ἐκείνου
699 2049 789 2105 καὶ
835 2047 904 2105 δι’
949 2048 1147 2105 ἐκεῖνον
1192 2050 1440 2119 παίζεται
1485 2048 1576 2103 καὶ
1631 2049 1733 2103 ὑπὸ
1780 2045 2036 2119 παιδίων,

382 2138 459 2203 ὡς
490 2138 793 2216 στρουθίον,
824 2139 853 2194 6
886 2138 1250 2217 ὑπερήφανος.
1302 2135 1524 2194 Παιδίον
1577 2140 1680 2214 γὰρ
1718 2141 1810 2192 νῦν
1844 2140 2038 2208 νήπιον

384 2227 461 2291 εἰς
511 2225 777 2305 τρώγλην
808 2230 918 2302 (15)
973 2225 1213 2283 ἀσπίδων
1262 2224 1469 2304 βάλλον
1515 2228 1616 2296 τὴν
1667 2231 1848 2303 χεῖρα,
1904 2224 2045 2301 γελᾷ

382 2317 474 2372 τὸν
525 2314 875 2388 ἀπατήσαντα
919 2317 1019 2385 τὴν
1072 2313 1231 2371 Εὕανο
1272 2313 1361 2371 καί
1410 2316 1606 2378 πάντες
1658 2313 1716 2370 δὲ
1769 2316 1821 2370 ο¹ι
1870 2313 2045 2389 ὀρθῶς

386 2402 729 2467 πιστεύοντες
762 2405 839 2468 εἰς
869 2406 986 2479 (16)
1037 2406 1127 2461 τὸν
1178 2403 1374 2481 Κύριον
1406 2409 1633 2461 πατοῦσι
1681 2404 1773 2460 τὸν
1803 2403 2044 2460 εἰπόντα·

391 2496 644 2569 Θήσομαι
698 2495 789 2550 τὸν
866 2494 1057 2569 θρόνον
1144 2516 1249 2569 μου
1328 2493 1511 2551 ἐπάνω
1585 2498 1694 2549 τῶν
1752 2492 1996 2573 νεφελῶν
2030 2540 2046 2566 ,

396 2578 792 2657 ἀναϐήσομαι,
852 2582 1047 2657 ὅμοιος
1121 2581 1317 2658 ἔσομαι
1388 2588 1469 2656 τῷ
1538 2583 1771 2658 ’Υψίστῳ
1806 2628 1818 2642 .
1896 2582 2051 2638 Οὕτω

400 2672 493 2745 μὲν
522 2668 613 2727 οὖν
660 2672 861 2748 πάσχει
916 2679 1031 2746 μετ’
1079 2672 1341 2749 αἰσχύνης
1394 2671 1618 2736 ἐκεῖνος·
1675 2670 1831 2746 ὅμως
1881 2669 1959 2743 δὲ,
2006 2672 2053 2728 εἰ

393 2761 486 2817 καὶ
515 2758 701 2835 τολμᾷ
729 2759 895 2817 πάλιν
929 2762 958 2817 6
990 2760 1347 2838 ἀναίσχυντος
1403 2760 1855 2839 σχηματίζεσθαι,
1909 2759 2056 2817 ἀλλὰ

403 2852 727 2926 γινώσκεται
775 2849 866 2906 καί
914 2855 1002 2906 νῦν
1062 2848 1275 2925 μᾶλλον
1309 2852 1337 2906 6
1367 2850 1538 2915 τάλας
1583 2852 1685 2906 ὑπὸ
1724 2855 1833 2906 τῶν
1863 2851 1926 2905 τὸ
1955 2871 2055 2921 ση-

408 2944 558 3012 μεῖον
611 2940 663 2995 έν
711 2943 791 3012 τῷ
842 2940 1082 3015 μετώπῳ
1123 2939 1434 3019 φορούντων
1470 2942 1602 3015 (17),
1634 2940 1724 2995 καὶ
1756 2937 2054 3015 δεινότερον

404 3029 795 3109 ἀποστρέφεται
869 3031 1334 3103 τεταπεινωμένος
1398 3030 1489 3085 καὶ
1554 3030 2010 3106 κατῃσχυμμένος
2041 3069 2056 3085 .

403 3117 510 3173 Κᾶν
541 3138 600 3173 τε
625 3120 729 3194 γὰρ
766 3118 843 3180 ὡς
872 3114 997 3196 ὄφις
1029 3122 1118 3173 νῦν
1146 3115 1325 3192 ἕρπων
1386 3139 1631 3195 μετασχη
1645 3119 1937 3193 ματίσηται
1983 3118 2061 3182 εἰς

403 3204 637 3282 ἄγγελον
671 3207 871 3285 φωτὸς,
905 3205 1033 3261 ἀλλ’
1063 3207 1161 3262 οὐκ
1193 3207 1268 3269 εἰς
1301 3203 1485 3279 ὄνησιν
1534 3205 1638 3279 ἕξει
1686 3210 1785 3278 τὴν
1835 3208 2059 3285 ὑπόκρι-

2148 1971 2382 2011 versum
2416 1957 2617 2011 orbem
2649 1973 2711 2013 se
2741 1958 3311 2029 comprehensurum
3342 1957 3643 2033 pollicitus
3687 1956 3802 2014 sibi

2152 2044 2359 2112 fuerat,
2386 2046 2513 2115 jam
2545 2044 2682 2101 inde
2713 2051 2951 2118 pr0pter
3009 2046 3311 2104 Christum
3354 2048 3530 2104 etiam
3584 2046 3803 2121 pueris,

2151 2139 2435 2205 tanquam
2487 2150 2708 2206 passer,
2769 2137 3061 2207 superbus
3116 2138 3291 2210 cmpit
3350 2154 3476 2194 esse
3524 2135 3801 2193 ludibrio.

2153 2223 2319 2279 Nunc
2340 2222 2495 2279 enim
2520 2223 2683 2295 pueri
2698 2223 3160 2293 infautes,manu
3176 2225 3235 2283 in
3253 2226 3514 2283 foramen
3528 2226 3804 2299 aspidum

2155 2313 2374 2383 injecta
2399 2313 2464 2381 9°,
2496 2312 2663 2368 illum
2696 2314 2797 2385 qui
2830 2314 3007 2370 Evam
3027 2314 3234 2371 fefellit
3255 2316 3541 2385 derident,
3570 2332 3805 2372 omnes-

2159 2418 2272 2474 que
2293 2402 2393 2473 qui
2420 2407 2571 2458 recte
2592 2401 2652 2457 in
2677 2404 2986 2459 Dominum
3010 2405 3277 2471 credunt,
3304 2404 3651 2462 conculcant
3670 2421 3809 2461 eum

2160 2491 2261 2563 qui
2294 2491 2473 2547 dixit:
2507 2492 2687 2563 Supra
2716 2493 2883 2549 nubes
2906 2510 3112 2565 ponam
3139 2495 3346 2550 solium
3373 2511 3581 2563 meum,
3624 2510 3815 2551 ascen-

2160 2580 2289 2635 dam
2308 2588 2360 2636 ει
2386 2596 2476 2636 ero
2504 2580 3013 2639 simitisAltiuimo
3043 2583 3109 2637 θί.
3145 2583 3275 2640 Haec
3321 2584 3503 2657 igitur
3550 2584 3648 2641 ille
3698 2602 3815 2641 non

2164 2670 2292 2725 sine
2323 2671 2535 2726 rubore
2568 2669 2807 2741 patitur,
2828 2672 2928 2743 qui
2959 2672 3009 2727 si
3033 2689 3240 2730 rursus
3264 2690 3366 2745 pro
3388 2690 3457 2730 ea
3491 2691 3609 2747 qua
3637 2674 3821 2747 pollet

2164 2759 2552 2830 impudentia,
2585 2758 2835 2815 formam
2868 2767 3097 2817 mutare
3147 2763 3381 2831 audeat,
3432 2763 3819 2821 nihilominus

2167 2847 2369 2903 infelix
2398 2847 2517 2903 illis
2550 2848 2726 2905 latere
2759 2866 3052 2923 nusquam
3085 2856 3295 2922 potest,
3329 2853 3429 2925 qui
3464 2854 3698 2924 signum
3756 2854 3818 2909 in

2169 2938 2357 2993 fronte
2388 2942 2622 3009 gerunt,
2652 2938 2751 2993 sed
2786 2938 2857 2993 ab
2889 2939 2975 2995 eis
3004 2954 3071 2995 eo
3102 2940 3283 2996 etiam
3310 2942 3581 2999 acerbius
3630 2942 3817 3015 repel-

2169 3026 2311 3083 litur
2326 3043 2460 3087 cum
2486 3042 2699 3100 magno
2721 3029 2813 3082 sui
2836 3028 3117 3086 dedecore
3138 3034 3196 3085 et
3218 3030 3457 3103 pudore.
3485 3031 3640 3088 Licet
3658 3033 3818 3089 enim

2172 3133 2351 3184 nunc,
2381 3116 2570 3172 instar
2599 3115 2822 3172 colubri
2847 3120 3158 3190 serpentis,
3192 3120 3389 3176 fictam
3422 3120 3613 3194 angeli
3666 3121 3822 3179 lucis

2172 3208 2421 3262 formam
2452 3206 2729 3277 induerit,
2762 3206 2905 3262 nihil
2936 3212 3134 3265 tamen
3166 3208 3278 3281 ipsi
3307 3212 3587 3282 prodesse
3606 3212 3827 3284 poterit

402 3314 505 3353 σιν·
539 3284 944 3369 πεπαιδεύμεθα
991 3298 1117 3373 γὰρ,
1168 3295 1253 3351 ὅτι
1285 3300 1397 3371 (18)
1450 3297 1545 3352 κᾶν
1599 3294 1835 3373 ἅγγελος
1882 3297 1933 3368 ἐξ
1966 3284 2058 3353 ού-

2178 3297 2518 3369 hujusmodi
2560 3296 2859 3353 simulatio
2886 3314 2898 3353 :
2929 3299 3145 3371 quippe
3193 3315 3328 3355 cum
3377 3301 3566 3357 edocti
3607 3301 3818 3371 simus,

405 3387 569 3461 ρανοῦ
624 3383 1047 3460 εὐαγγελίσηται
1114 3388 1263 3458 ἡμᾶς
1340 3386 1469 3462 παρ’
1526 3386 1555 3441 ὃ
1619 3382 2003 3463 παρελάϐομεν
2037 3432 2055 3455 ,

406 3472 646 3547 ἀνάθεμα
667 3477 857 3529 τοῦτον
892 3473 1045 3529 εἶναι.

476 3564 529 3618 3.
565 3563 684 3618 Ἐὰν
726 3559 785 3617 δὲ
831 3561 921 3618 καὶ
960 3560 1124 3618 πάλιν
1172 3564 1234 3619 τὸ
1282 3561 1419 3619 ἴδιον
1470 3564 1648 3641 κρύψῃ
1699 3562 1918 3639 ψεῦδος,
1969 3565 2058 3621 καὶ

407 3647 596 3706 λαλεῖν
631 3650 987 3727 ὑποκρίνηται
1035 3650 1123 3708 διὰ
1169 3650 1405 3729 χειλέων
1450 3655 1551 3723 τήν
1600 3652 1887 3725 ἀλήθειαν·
1933 3653 2061 3709 ἀλλ’

408 3738 507 3796 ούκ
534 3739 854 3817 ἀγνοοῦντες
904 3739 1069 3797 αὑτοῦ
1119 3743 1187 3796 τὰ
1241 3745 1515 3816 νοήματα,
1567 3741 1839 3817 δυνάμεθα
1879 3742 2058 3819 λέγειν

407 3832 521 3904 (19)
550 3830 618 3884 τὰ
646 3827 751 3886 ὑπὸ
796 3833 894 3886 τοῦ
947 3830 1263 3905 Πνεύματος
1312 3830 1386 3893 εἰς
1436 3830 1594 3887 αὐτὸν
1648 3831 1924 3909 εἰρημέναο
1975 3837 2063 3905 Τῷ

2169 3386 2304 3443 licet
2330 3384 2575 3459 angelus
2605 3402 2636 3441 e
2679 3385 2823 3442 caelo
2874 3387 3042 3443 nobis
3090 3389 3448 3461 evangelizet
3495 3396 3703 3463 praeter
3759 3392 3819 3448 id

2170 3476 2326 3548 quod
2358 3476 2714 3546 accepimus,
2743 3476 3057 3532 anathema
3088 3492 3213 3533 esse
3243 3479 3305 3533 θ’.

2238 3568 2293 3621 3.
2325 3564 2485 3627 Quod
2519 3564 2567 3620 si
2599 3565 2809 3620 iterum
2844 3567 3148 3639 proprium
3180 3568 3321 3625 velit
3348 3574 3543 3643 tegere
3578 3572 3819 3629 menda-

2171 3656 2350 3721 cium,
2381 3658 2439 3709 et
2468 3654 2767 3710 veritatem
2791 3654 2961 3711 labiis
2992 3656 3151 3728 loqui
3182 3658 3445 3727 simulet,
3476 3677 3594 3733 qua
3623 3667 3820 3719 mente

2172 3745 2229 3799 id
2262 3744 2435 3799 faciat
2464 3760 2580 3798 non
2613 3744 2825 3816 ignari,
2866 3762 2993 3817 qua
3021 3747 3296 3820 aSpiritu
3329 3755 3533 3806 sancto
3560 3750 3621 3807 in
3652 3750 3823 3808 illum

2173 3835 2332 3889 dicta
2378 3838 2520 3888 sunt
2549 3833 2756 3888 merito
2787 3836 3213 3907 usurpabimus
3244 3855 3257 3893 :
3302 3839 3587 3897 ‘Peccatori
3635 3848 3828 3899 autem

479 3991 527 4027 ⁸ο
555 3990 666 4051 Isa.
700 4011 754 4062 ι,
788 3994 877 4051 14.
910 3995 955 4030 ⁹⁰
980 3995 1093 4052 lsa.
1124 4011 1204 4052 χι.
1236 3996 1289 4050 8.
1325 3996 1364 4031 ⁰¹
1394 3996 1502 4052 lsa.
1526 4012 1642 4068 xxv,
1668 3996 1757 4053 44.
1781 3996 2027 4055 "Galat.
2053 3996 2172 4067 1,8.

479 4171 861 4252 (lO)_Jes_uit.,
886 4176 990 4252 τῷ.
1026 4175 1110 4231 Id.
1146 4175 1293 4252 Ibid.
1317 4182 1376 4252 et
1405 4179 1643 4252 Seguer.
1676 4176 1916 4252 Taurin.
1950 4177 2063 4234 Go-

2175 4177 2201 4233 1
2236 4194 2411 4254 anon,
2444 4180 2527 4254 At
2546 4177 2723 4254 Basil.
2757 4177 2987 4254 Anglic.
3020 4183 3077 4236 et
3136 4181 3392 4240 Felckm.
3420 4185 3456 4240 5
3484 4202 3683 4254 anon.,
3734 4184 3826 4240 ἐπὶ

402 4243 555 4329 thier,
576 4243 841 4329 Ἰῖςειιιιξιςιξ]ζ
876 4246 901 4301 1
935 4243 1203 4329 (tuomet
1225 4247 1315 4304 Fr.
1351 4250 1404 4322 1,
1427 4243 1692 4329 evagatae.
1716 4248 1826 4329 Alii
1846 4265 1980 4329 vero
2000 4253 2058 4329 el

2178 4243 2453 4329 retortis;
2489 4251 2662 4329 Editi:
2687 4248 2775 4329 έῑτὲ
2798 4243 3077 4329 γλῖἒττης»
3102 4257 3167 4329 Iit
3190 4258 3247 4329 et
3266 4243 3826 4329 leseryntOmﬁibo-

407 4309 901 4393 ρόἱιὶ,ν.ὑπέϐαλλε.
935 4318 1069 4374 Mox
1097 4320 1274 4393 iidem
1298 4309 1505 4393 préter
1534 4321 1625 4393 Fr.
1652 4322 1677 4375 1
1712 4326 1770 4376 et
1789 4320 2059 4393 Golbert.,

410 4384 787 4464 ὖποκρίνασθε,
811 4392 869 4445 et
884 4384 1412 4516 (praetereades'uit.
1442 4392 1681 4473 Taurin.
1714 4392 1963 4447 Colbert.
1995 4384 2063 4449 ac

410 4463 646 4516 Seguer.
683 4458 778 4516 μέν
806 4461 877 4516 ad
925 4467 1051 4516 unt.
1084 4465 1197 4516 Alii
1226 4479 1361 4516 vero
1391 4470 1448 4516 et
1476 4465 1619 4516 editi
1652 4463 1869 4516 habent
1928 4463 2059 4516 ὑπο-

403 4458 646 4555 Βθβιίεξ.
683 4458 778 4555 μέν
806 4458 1051 4555 addunt.
1084 4463 1197 4518 Alii
1226 4479 1361 4520 vero
1391 4470 1448 4520 et
1476 4464 1619 4522 editi
1652 4463 1869 4519 habent
1928 4463 2059 4519 ὑπο-

405 4530 653 4605 κρῖγςσθε
674 4530 899 4605 absque
934 4532 1048 4604 μέν·

444 4599 454 4605 ⁷
480 4603 594 4730 (11)
623 4599 724 4656 Τόν
755 4599 923 4659 abest
936 4599 985 4661 'a
1010 4603 1216 4663 Jesuit.
1245 4604 1497 4662 Colbert.
1528 4605 1766 4662 Taurin.
1827 4604 2059 4664 Gobler.

413 4672 489 4730 Fe
516 4673 668 4730 ckm.
703 4674 730 4729 1
763 4679 821 4731 et
848 4674 886 4729 5
914 4692 1090 4731 anon.

516 4690 668 4730 cum.
703 4690 730 4729 ι
763 4690 821 4731 οι
848 4690 886 4729 0
914 4692 1090 4733 anon.

481 4746 596 4819 (12)
625 4744 719 4802 Sic
749 4746 990 4819 seguer.
1021 4747 1271 4805 Colbert.
1305 4750 1540 4805 Taurin.
1573 4754 1628 4805 et
1654 4749 1863 4805 Jesuit.
1916 4748 2060 4803 Ηάν-

408 4832 771 4890 ca<_quoque
801 4818 1021 4890 habent
1049 4819 1281 4890 Gobler.
1316 4821 1573 4890 Felckm.
1609 4822 1634 4876 1
1670 4838 1843 4877 anon.
1876 4826 1934 4877 et
1964 4821 2057 4878 Fr.

501 4888 651 4961 Editi
676 4888 738 4961 et
762 4889 885 4959 alii,
915 4889 1044 4952 τοὺς
1077 4888 1314 4952 ἅπαντας
1337 4888 1630 4961 ένήλλατο.
1659 4893 1791 4948 Mox
1810 4892 2056 4949 Colbert.

410 4959 776 5038 'I‘aurin..Fr.
810 4962 863 5029 1,
889 4964 961 5038 τῇ
993 4960 1141 5038 χείρί
1179 4982 1302 5035 μου.
1340 4959 1485 5020 Ibid.
1521 4964 1698 5021 Basil.
1728 4980 1862 5021 cum
1919 4964 2057 5020 edit.

411 5029 720 5104 Commel.,
753 5029 955 5087 νοσιάνξ

480 5104 596 5229 (13)
625 5103 717 5159 Sic
748 5108 981 5231 Segsuer.
1016 5104 1266 5162 Colbert.
1303 5107 1522 5191 Taurin
1576 5106 1781 5162 Jesuit.
1828 5106 2058 5190 Gobler:

408 5173 485 5231 Fe
511 5175 667 5232 ckm.
703 5176 727 5231 1
763 5180 821 5232 et
907 5193 1081 5233 anon.
1115 5183 1173 5232 et
1203 5177 1292 5232 Fr.
1329 5180 1379 5233 1.
1412 5180 1527 5232 Alii
1574 5183 1771 5233 autem
1818 5185 1875 5233 et
1919 5180 2061 5233 editi

408 5253 523 5325 art,
555 5246 585 5299 6
615 5248 916 5325 omittunt.
946 5248 1290 5325 (Paulo‘post
1321 5266 1423 5320 pro
1456 5248 1824 5325 φορουμένην,
1844 5250 2055 5306 Jesuit.

406 5318 661 5396 Colbert.
696 5324 754 5374 et
780 5319 1021 5396 Taurin.
1053 5318 1284 5396 haiient
1304 5318 1737 5396 qipouvbuﬁvjw

479 5392 593 5462 (14)
623 5388 829 5443 Λοιπόν
862 5392 1025 5446 deest
1051 5392 1108 5446 in
1144 5388 1373 5462 Gobler.
1429 5398 1486 5447 et
1526 5388 1777 5447 Felckm.
1814 5394 1839 5448 1
1883 5410 2059 5450 anon.

411 5459 554 5516 Ibid.
594 5462 845 5518 Felckm.
877 5464 1117 5518 5anon.
1174 5481 1274 5529 pro
1324 5459 1393 5516 δι⁶
1442 5463 1664 5529 ἐκεῖνον,
1720 5470 1785 5519 ut
1824 5465 1882 5519 in
1932 5464 2063 5521 aliis

407 5537 467 5586 et
494 5533 668 5588 editis
698 5533 936 5602 legitur,
970 5534 1146 5590 habet
1176 5533 1245 5588 δι’
1279 5533 1505 5590 ἐκείνου.
1559 5536 1701 5590 Item
1753 5535 1895 5591 ibid.
1950 5538 2063 5592 Go-

409 5602 675 5727 vet
732 5602 1051 5663 Felckm.1
1114 5624 1312 5675 anon.,
1373 5624 1477 5680 pro
1524 5602 1781 5674 παιδίων,
1840 5607 2065 5664 habent

408 5692 642 5731 παιοων.

484 5745 708 5835 (15)Sio
737 5747 977 5827 Seguer.
1002 5748 1243 5810 Taurin.
1266 5750 1391 5812 Jes.
1438 5748 1668 5809 Gobler.
1707 5754 1765 5809 et
1803 5750 2061 5814 Felckm.

2172 4321 2373 4379 nus‘et
2398 4322 2683 4398 Nannius.
2718 4321 3085 4398 Mo’xjesuit.
3119 4321 3374 4398 Colbert.
3400 4328 3666 4398 Taurin.,
3689 4328 3823 4382 πάν-

2170 4411 2259 4453 τες
2287 4411 2366 4448 τε.
2402 4394 2548 4449 Ibid.
2582 4394 2819 4453 Seguer.
2855 4388 2911 4445 δέ
2942 4394 3178 4450 omittit.

2242 4466 2361 4534 (l6)
2388 4465 2598 4541 Jesuit.
2633 4464 2883 4541 Colbert.
2910 4465 3151 4541 Taurin.
3180 4466 3339 4541 πρός.
3373 4469 3558 4527 Iidem
3589 4487 3725 4527 mox
3769 4474 3826 4527 et

2088 4506 2138 4571 υ
2172 4506 2415 4619 sagis:
2428 4506 3155 4619 νᾱδινμεμῖνῑρῑεῖέηῖέῖῖξίξ
3177 4506 3351 4619 agi;
3373 4506 3822 4619 ςῖιξῖῖζξτῖσιῑῖ

2175 4606 2425 4695 Ibidem,
2456 4613 2595 4695 post
2612 4606 3225 4695 dvaowico'paiﬁeguer.
3251 4611 3547 4695 Goble‘ret
3566 4606 3823 4695 ξῖξεξζοὶίςιῐιἑ

2180 4679 2205 4732 1
2240 4696 2415 4757 anon.
2449 4679 2674 4757 addunt
2699 4679 2809 4733 καί.
2846 4679 2987 4735 Item
3021 4679 3193 4752 Ibid.,
3224 4698 3325 4740 oro
3347 4683 3549 4757 ἐπάνω,
3574 4685 3765 4743 Felck.
3789 4688 3826 4741 5

2170 4767 2344 4806 anon.
2379 4750 2556 4807 habet
2585 4748 2696 4806 ἑπῖ.

2241 4823 2355 4894 (17)
2386 4822 2481 4878 Sic
2511 4824 2751 4894 Seguer,
2779 4821 2989 4879 Jesuit.
3028 4823 3285 4881 Golbert.
3314 4827 3555 4884 Taurin.
3588 4828 3821 4885 Gobler.

2170 4893 2419 4975 Felclim.
2455 4895 2480 4948 1
2514 4893 2687 4975 anon.
2711 4900 2768 4975 et
2792 4895 2895 4975 Fr.
2985 4901 3060 4950 At
3083 4896 3336 4975 Felclim.
3358 4900 3395 4952 5
3414 4917 3824 4975 εηηοηηπερι-

2172 4964 2528 5043 φορούντων,
2562 4965 2673 5020 Alii
2696 4970 2758 5043 et
2785 4965 2946 5043 editi,
2978 4967 3401 5043 περιφερύντων,
3436 4974 3537 5043 qui
3568 4978 3625 5028 et
3643 4964 3826 5043 rom-it-

2172 5033 2308 5112 t'uilt
2339 5033 2661 5112 BStViJA‘tEpOV.
2696 5037 2827 5093 Mox
2854 5033 3079 5112 Anglia.
3113 5033 3218 5112 pio
3247 5038 3343 5094 κᾶν
3386 5033 3472 5096 ’τί
3506 5042 3681 5100 hobet
3728 5042 3830 5097 οὐκ

2171 5104 2229 5160 ἄν
2259 5125 2335 5161 τε.
2374 5109 2518 5186 Ibid.
2547 5104 3383 5186 'Seguer.___Colhert_."Taurin.
3437 5114 3669 5186 Jesuit...
3734 5134 3828 5186 με·

2169 5179 2678 5307 τασχημίτίσηται·
2743 5179 2854 5234 Alii
2902 5185 2959 5238 et
3007 5182 3172 5256 editi,
3252 5179 3825 5259 μετασχηματίζηται,

2176 5268 2376 5306 minus
2448 5269 2576 5307 ene.

2176 5268 2376 5306 minus
2407 5268 2576 5308 bene.

2245 5325 2355 5394 (18)
2387 5324 2477 5379 Sic
2508 5324 2750 5395 Seguer.
2783 5322 2939 5378 Colb.
2973 5324 3213 5380 Taurin.
3244 5325 3438 5383 Jesuit
3492 5328 3670 5385 Basil.
3707 5334 3825 5395 An-

2211 5393 2307 5449 lic.
2334 5401 2392 5449 et
2415 5393 2664 5450 l"elck{n.
2685 5396 2720 5449 5
2740 5412 2916 5450 anon.
2937 5396 3011 5450 At
3029 5396 3086 5450 in
3114 5396 3246 5452 aliis
3267 5404 3324 5454 et
3343 5398 3516 5456 editis
3534 5401 3699 5457 deest
3718 5394 3824 5456 ὅτι.

2202 5467 2395 5521 bidem
2430 5466 2682 5522 Felckm.
2714 5468 2749 5520 5
2774 5483 2977 5539 anon.,
3006 5466 3168 5539 ᾑμῒν.

2243 5539 2354 5608 (19)
2385 5539 2614 5615 Gobler.
2668 5542 2731 5615 et
2772 5534 3087 5615 Fe_l_c_kfn,1
3141 5556 3313 5594 anon.
3368 5536 3571 5615 λέγειν.
3632 5546 3720 5615 Τῷ
3768 5534 3826 5596 δέ

2173 5605 2501 5684 ἀμᾲρίωλῷ,
2532 5614 2643 5674 etc,
2676 5608 3013 5684 Mexiidem
3044 5616 3103 5684 et
3142 5616 3378 5684 Seguer.
3429 5605 3671 5671 Taurin.
3692 5605 3703 5615 ’
3728 5616 3828 5671 Je-

2172 5677 2313 5763 spit'.
2348 5677 2666 5763 ξἰιζ1λΊνει
2694 5677 2861 5763 τὶ-σύ.
2904 5680 3107 5739 Ceteri
3161 5677 3244 5739 et'
3264 5682 3430 5757 editi,
3482 5685 3582 5744 Διά
3626 5685 3678 5747 τί
3741 5684 3829 5751 σύ.

2172 5750 2320 5809 Ibid.
2350 5746 2589 5826 Jesuit.,
2622 5746 2815 5831 διηγῆ.
