4148 6408
371 447 489 511 543

913 445 980 510 S.
1026 445 1451 509 ATHANASII
1496 446 1670 508 OPP.
1715 445 1916 506 PARS
1964 444 2010 505 Ι.
2046 476 2121 488 -
2154 443 2574 508 HISTOBICA
2617 446 2719 508 ET
2764 443 3244 510 DOGMATICA.

3676 450 3797 514 5M

373 581 526 638 diluit
552 581 731 638 Deus:
763 579 946 650 Quare
973 587 1032 636 tu
1059 595 1288 637 enarra:
1309 581 1558 652 justitias
1580 579 1729 637 215
1760 595 1910 635 meas
1939 577 2012 634 θδῖ

2135 573 2193 631 δὲ
2261 575 2574 654 ἀμαρτωλῷ
2643 577 2784 634 εἶπεν
2854 578 2881 633 6
2939 575 3091 641 Θεός·
3150 579 3266 632 Ἵνα
3318 576 3372 634 τί
3431 579 3493 635 σὺ
3558 579 3796 660 έκδιηγῇ

374 675 452 742 et,
484 676 607 730 Non
636 679 714 727 est
741 672 982 744 speciosa
1010 671 1132 725 laus
1163 672 1225 726 in
1278 685 1371 726 ore
1407 671 1712 742 peccatoris
1758 671 1822 724 κ.
1869 668 2018 724 Nam

374 777 482 817 nec
501 760 734 818 etiamsi
752 760 1055 818 veritatem
1079 759 1254 830 dicat,
1278 758 1400 815 ulla
1421 760 1534 815 fide
1556 759 1772 831 dignus
1792 763 1881 814 est
1893 774 2021 814 ver-

373 848 618 923 sipellis,
652 856 718 908 ut
745 867 814 909 ex
843 849 1145 922 Scriptura
1171 849 1479 921 discimus,
1511 865 1637 922 quas
1669 847 2019 922 perversita-

382 944 525 1007 tem,
550 956 668 1013 qua
697 940 978 996 adversus
1009 938 1183 994 Evam
1217 955 1365 994 usus
1413 943 1523 1004 est,
1573 940 2015 994 commemorat.

375 1029 519 1100 Ejus
549 1045 782 1102 quoque
812 1028 1117 1086 audaciam
1150 1027 1430 1102 repressit
1457 1027 1764 1098 Dominus,
1798 1043 1863 1082 ac
1895 1026 2019 1100 pri-

375 1133 542 1175 mum
572 1119 812 1192 quidem
844 1119 905 1174 in
937 1122 1154 1186 monte,
1198 1118 1301 1175 ubi
1348 1117 1537 1174 varios
1587 1119 1716 1188 ejus
1767 1115 2018 1194 pectoris

368 1207 538 1265 sinus
566 1207 892 1282 explicavit,
925 1207 1299 1279 ostenditque
1321 1207 1596 1279 quisnam
1621 1209 1777 1262 esset
1797 1209 2018 1261 vetera-

367 1301 460 1354 tor
487 1296 604 1370 ille,
638 1313 848 1370 nempe
867 1314 986 1354 non
1008 1314 1144 1354 eum
1167 1297 1426 1369 aliquem
1449 1311 1479 1352 e
1503 1295 1745 1363 sanctis,
1769 1293 1871 1351 sed
1889 1309 2018 1350 esse

366 1387 645 1445 Satanam
675 1391 1022 1456 tentantem,
1053 1387 1309 1458 hincque
1339 1385 1456 1442 ait:
1489 1385 1590 1441 Abi
1617 1392 1738 1458 post
1763 1399 1870 1450 me,
1916 1383 2017 1438 Sa-

367 1484 537 1549 tana;
579 1479 851 1550 scriptum
890 1484 974 1533 est
1015 1478 1204 1532 enim:
1257 1474 1550 1532 Dominum
1619 1475 1793 1530 Deum
1861 1475 2019 1528 taum

366 1565 652 1636 adorabis,
675 1575 726 1624 et
747 1567 839 1623 illi
855 1566 964 1623 soli
997 1565 1307 1622 servies”:
1359 1581 1465 1621 nec
1513 1581 1629 1620 non
1672 1563 1836 1629 item,
1882 1577 2019 1618 cum

367 1656 662 1713 daemones
691 1672 723 1713 e
755 1655 1158 1712 monumentis
1205 1654 1587 1711 vociferantes
1616 1651 1790 1709 silere
1812 1649 2013 1723 jussit.

367 1743 586 1804 Verum
617 1745 854 1818 quidem
885 1748 1010 1802 erat
1036 1745 1188 1817 quod
1221 1743 1306 1800 illi
1336 1743 1690 1812 clamabant,
1723 1757 1830 1798 nec
1851 1755 2014 1796 men-

361 1835 662 1892 tiebantur
686 1839 828 1892 tunc
857 1834 1114 1892 aientes:
1149 1835 1222 1891 Tu
1253 1850 1308 1891 es
1353 1835 1530 1889 Filius
1555 1833 1657 1888 Dei
1686 1835 1738 1889 et
1783 1831 2017 1887 Sanctus

367 1925 567 1982 Dei”:
599 1929 661 1982 at
689 1925 926 1982 nolebat
948 1941 1053 1998 per
1091 1941 1157 1980 os
1212 1924 1588 1980 immundum
1643 1921 2013 1993 maximeque

363 2031 470 2089 per
497 2013 630 2072 illos
650 2015 952 2072 veritatem
976 2015 1241 2089 proferri,
1266 2031 1339 2070 ne
1361 2014 1542 2086 hujus
1554 2012 1858 2069 occasione
1879 2026 2010 2082 pro-

363 2104 556 2178 prium
587 2121 707 2162 suae
738 2103 974 2161 malitiae
1028 2104 1390 2161 voluntatem
1430 2103 1847 2170 admiscentes,
1880 2116 2010 2156 eam

361 2192 794 2250 dormientibus
805 2192 1148 2249 hominibus
1165 2191 1708 2264 superseminarent
1722 2187 2010 2246 ".Idcirco

361 2297 550 2354 neque
570 2283 696 2356 ipse
725 2299 824 2339 eos
853 2281 936 2338 ita
963 2281 1128 2355 loqui
1158 2298 1372 2355 passus
1402 2286 1512 2347 est,
1544 2295 1732 2352 neque
1761 2295 1869 2334 nos
1888 2276 2010 2333 haec

361 2372 513 2428 ferre
545 2371 909 2445 permittens,
941 2387 1046 2445 per
1075 2372 1334 2444 seipsum
1381 2370 1475 2426 his
1520 2369 1715 2426 verbis
1765 2383 2009 2441 praemo-

360 2461 493 2517 nuit
517 2478 531 2518 :
563 2461 836 2518 Attendite
865 2476 901 2514 a
925 2461 1088 2532 falsis
1111 2461 1414 2532 prophetis,
1443 2459 1540 2531 qui
1564 2459 1796 2514 veniunt
1831 2458 1902 2512 ad
1920 2472 2011 2512 vos

359 2551 423 2607 in
447 2552 786 2606 vestimentis
813 2552 1021 2617 ovium,
1051 2551 1383 2605 intrinsecus
1413 2553 1595 2604 autem
1612 2555 1741 2603 sunt
1770 2547 1890 2618 lupi
1914 2562 2010 2601 ra-

355 2655 520 2711 paces
547 2639 610 2697 ⁸³.
669 2641 741 2696 Et
797 2655 900 2712 per
955 2642 1189 2696 sanctos
1238 2636 1579 2711 apostolos:
1627 2637 1809 2694 Nolite
1862 2634 2013 2690 omni

359 2731 593 2801 spiritui
619 2728 835 2786 credere
861 2729 925 2784 ⁸⁸.
959 2731 1039 2784 Ea
1067 2728 1361 2800 siquidem
1391 2731 1482 2784 est
1500 2725 2011 2784 indolesadversa-

359 2818 467 2875 riae
485 2817 975 2891 operationis,nec
997 2817 1112 2872 alia
1135 2821 1223 2873 est
1235 2816 1524 2874 hmresum
1547 2813 2007 2888 coagmentatio:

361 2906 613 2981 singulm
631 2907 790 2964 enim
815 2907 1048 2980 proprie
1060 2905 1611 2978 commentipatrem
1635 2910 1691 2961 et
1711 2907 2010 2960 auctorem

365 2998 712 3054 mendacem
743 2997 1068 3052 daemonem
1099 2995 1337 3066 habent,
1371 2995 1472 3068 qui
1503 2993 1758 3051 abinitio
1782 3009 2011 3066 perver-

365 3103 490 3157 sus,
523 3085 819 3144 homicida
846 3085 1038 3142 factus
1068 3090 1193 3142 est:
1229 3085 1399 3156 cujus
1428 3100 1564 3139 cum
1596 3083 2012 3139 detestandum

363 3192 577 3233 nomen
602 3176 758 3248 ipsas
780 3175 1039 3248 proferre
1060 3174 1296 3247 pudeat,
1320 3172 1593 3246 praeclaro
1615 3171 2011 3243 omnibusque

361 3265 768 3338 prestantiore
797 3262 1110 3320 Salvatoris
1142 3263 1380 3318 nomine
1402 3279 1465 3318 se
1489 3262 1634 3317 falso
1656 3260 2006 3334 insigniunt,

2126 667 2194 720 τὰ
2233 663 2576 740 δικαιώματά
2618 687 2769 742 μους
2811 667 2924 739 καὶ,
2973 667 3092 744 Οὐχ
3131 667 3335 745 ὡραῖος
3403 668 3553 734 α’ίνος
3607 671 3660 728 ἐν
3717 679 3799 748 τῷ

2130 755 2358 830 στόματι
2409 761 2506 812 τοῦ
2717 755 3051 834 ἁμαρτωλοῦ
3085 799 3098 813 .
3136 755 3273 813 Οὐδὲ
3324 759 3429 836 γὰρ
3488 762 3588 830 τήν
3648 759 3797 836 ἀλή-

2127 846 2270 900 θειαν
2328 843 2506 921 λέγων
2579 846 2888 918 ἀξιόπιστός
2968 845 3108 902 ἐστιν
3169 846 3197 901 6
3273 852 3584 926 πανοῦργος
3621 896 3633 909 .
3695 852 3796 910 Καὶ

2126 937 2289 989 τοῦτο
2319 929 2484 1006 ἔδειξε
2509 934 2602 1008 μὲν
2638 937 2673 1006 ἡ
2709 937 2894 1014 Γραφὴ
2949 932 3290 1012 διηγουμένη
3321 937 3422 1008 τὴν
3466 936 3518 993 έν
3569 943 3650 1012 τῷ
3689 961 3792 997 πα-

2130 1020 2364 1099 ραδείσῳ
2412 1024 2550 1098 πρὸς
2597 1027 2696 1096 τὴν
2754 1022 2893 1080 Εὕαν
2943 1024 3106 1081 αὐτοῦ
3154 1023 3512 1105 κακοτεχνίαν
3547 1050 3559 1064 ο
3592 1026 3793 1108 ἤλεγξε

2129 1109 2187 1167 δὲ
2218 1111 2376 1169 αὐτὸν
2406 1113 2496 1169 καὶ
2537 1115 2648 1189 (21)
2696 1116 2726 1170 6
2781 1113 3004 1193 Κύριος,
3048 1117 3264 1190 πρῶτον
3309 1115 3407 1190 μὲν
3460 1116 3512 1173 έν
3541 1123 3623 1191 τῷ
3651 1113 3786 1197 ὄρει,

2129 1198 2352 1278 διαιρῶν
2384 1204 2483 1274 τὴν
2526 1203 2712 1275 πτύειν
2761 1209 2859 1260 τοῦ
2911 1206 3160 1282 θώρακος
3206 1205 3393 1280 αὐτοῦ,
3441 1206 3532 1262 καὶ
3582 1205 3787 1278 δεικνὺς

2127 1290 2274 1355 ὅστις
2306 1290 2444 1348 ἐστὶν
2501 1293 2530 1348 6
2578 1291 2767 1358 δόλιος
2796 1296 2936 1369 (22),
2966 1294 3058 1350 καὶ
3109 1293 3382 1372 ἐλέγχων,
3433 1296 3517 1352 ὅτι
3572 1300 3648 1372 μή
3679 1303 3786 1356 τῶν

2128 1380 2298 1457 ἁγίων
2333 1381 2408 1445 εἷς
2461 1380 2624 1456 ἐστιν,
2659 1381 2805 1438 ἀλλὰ
2853 1389 3093 1454 Σατανᾶς
3143 1383 3283 1440 ἐστιν
3335 1385 3363 1441 6
3411 1372 3705 1462 πειράζων,
3735 1385 3787 1444 ἐν

2124 1473 2205 1542 τῷ
2252 1467 2430 1547 λέγειν
2465 1488 2480 1503 ⁸
2526 1473 2734 1548 Ὕπαγε
2785 1471 2964 1528 ὀπίσω
3016 1492 3144 1548 μου,
3197 1479 3426 1530 Σατανεὶ⁹
3485 1477 3790 1553 γέγραπται

2126 1560 2231 1634 γάρ
2273 1577 2286 1592 ·
2343 1559 2544 1636 ’Κύριον
2622 1562 2714 1617 τὸν
2798 1559 2925 1618 Θεόν
3004 1583 3099 1618 σου
3182 1566 3580 1639 προσκυνήσεις
3621 1613 3637 1640 ,
3699 1565 3790 1623 καὶ

2125 1649 2275 1723 αύτῷ
2329 1649 2478 1724 μόνῳ
2539 1647 2873 1728 λατρεύσειςο
2928 1653 3019 1708 καὶ
3078 1650 3169 1721 ὅτε
3219 1651 3277 1709 δὲ
3332 1655 3632 1730 κράζοντας
3685 1657 3790 1714 ἀπὸ

2123 1743 2231 1794 τῶν
2269 1739 2551 1813 μνημείων
2585 1738 2829 1819 ἐφίμωσε
2873 1741 3003 1805 τοὺς
3033 1739 3334 1817 ¹δαίμονας.
3389 1748 3486 1800 Ἦν
3543 1746 3640 1820 μὲν
3685 1748 3788 1826 γὰρ

2127 1826 2327 1898 ἀληθὲς
2354 1830 2416 1883 τὸ
2461 1831 2587 1906 παρ’
2634 1829 2809 1886 αὐτῶν
2852 1828 3175 1907 λεγόμενον,
3228 1831 3318 1888 καὶ
3359 1831 3460 1889 οὐκ
3501 1832 3786 1909 ἐψεύδοντο

2122 1916 2246 1972 τότε
2275 1921 2390 1994 (23)
2421 1917 2699 1995 λέγοντες,
2741 1919 2823 1975 ὅτι
2877 1920 2952 1976 Σὺ
2985 1921 3036 1976 εἴ
3061 1923 3089 1976 6
3120 1922 3246 1985 Υἱὸς
3285 1925 3382 1978 τοῦ
3428 1927 3586 1995 Θεοῦ,
3634 1924 3724 1980 καὶ
3755 1922 3786 1982 ὁ

2121 2007 2278 2083 ἅγιος
2323 2011 2421 2062 τοῦ
2460 2013 2619 2064 Θεοῦ·
2669 2007 2797 2064 ἀλλ’
2844 2009 2944 2065 οὐκ
2987 2008 3152 2080 ἤθελε
3198 2009 3266 2067 δι’
3305 2013 3612 2092 ἀκαθάρτου
3660 2012 3784 2071 στό-

2124 2117 2293 2171 ματος
2341 2099 2442 2167 τὴν
2497 2096 2756 2170 ἀλήθειαν
2809 2101 2930 2173 (24)
2977 2100 3336 2180 προφέρεσθαι
3393 2103 3486 2158 καὶ
3541 2101 3779 2177 μάλιστα

2121 2183 2190 2241 δι’
2246 2185 2483 2259 ἐκείνων,
2527 2185 2620 2242 ἵνα
2681 2190 2782 2262 μὴ,
2828 2191 3095 2269 προφάσει
3150 2189 3352 2263 ταύτης
3432 2191 3778 2267 ἐπιμίξαντες

2117 2276 2179 2331 τὸ
2212 2273 2348 2333 ἴδιον
2381 2275 2601 2352 θέλημα
2628 2285 2730 2350 τῆς
2777 2279 2990 2348 κακίας,
3015 2279 3372 2356 έπισπείρωσι
3400 2286 3564 2338 τοῦτο
3593 2283 3782 2339 καθεύ-

2120 2363 2270 2421 δουσι
2301 2372 2419 2430 τοῖς
2450 2367 2778 2442 ἀνθρώποις.
2831 2369 2929 2424 Διά
2973 2373 3136 2426 τοῦτο
3332 2367 3455 2428 οὔτε
3493 2371 3653 2436 αὐτὸς
3685 2373 3783 2444 ἠν-

2119 2455 2312 2532 έσχετο
2341 2460 2566 2512 τοιαῦτα
2594 2453 2913 2513 λαλούντων
2963 2459 3162 2529 αὐτῶν,
3214 2458 3340 2516 οὐδὲ
3367 2464 3519 2536 ἡμᾶς
3550 2462 3779 2540 ἀνασχέ-

2120 2545 2239 2598 σθαι
2271 2546 2384 2619 (26)
2435 2549 2544 2600 τῶν
2592 2544 2856 2601 τοιούτων
2912 2544 3272 2622 βουλόμενος,
3323 2547 3670 2626 παρήγγειλε
3715 2547 3786 2605 δι’

2119 2632 2313 2687 ἑαυτοῦ
2376 2633 2492 2707 μὲν,
2553 2634 2906 2711 Προσέχετε,
2966 2630 3191 2712 λέγων,
3258 2636 3364 2692 ἀπὸ
3421 2641 3530 2693 τῶν
3588 2636 3785 2714 ψευδο-

2118 2726 2418 2801 προφητῶν
2450 2769 2463 2794 ,
2527 2720 2720 2787 οἵτινες
2787 2722 3041 2801 ἔρχονται
3110 2726 3266 2805 πρὸς.
3323 2725 3463 2802 ὑμᾶς
3522 2727 3574 2783 έν
3635 2725 3786 2784 ἐνδύ-

2125 2831 2253 2885 μασι
2309 2807 2601 2889 προϐατων
2635 2855 2651 2880 ,
2702 2809 2896 2868 ἔσωθεν
2967 2811 3025 2869 δέ
3092 2814 3192 2870 εἰσι
3253 2812 3412 2871 λύκοι
3491 2816 3732 2894 ἅρπαγες
3763 2836 3778 2852 ο

2121 2898 2211 2956 διὰ
2249 2897 2307 2957 δὲ
2349 2905 2458 2956 τῶν
2522 2901 2690 2976 ἁγίων
2751 2902 3092 2959 ἀποστόλωνο
3154 2905 3244 2975 Μὴ
3302 2904 3461 2961 παντῖ
3511 2906 3780 2982 πνεύματι

2118 2989 2416 3049 πιστεύετε.
2463 2996 2720 3055 Τοιοῦτος
2751 2993 2856 3070 γὰρ
3063 2995 3091 3049 6
3137 2993 3342 3069 τρόπος
3393 3003 3495 3066 τῆς
3544 2997 3778 3054 ἀντικει-

2127 3081 2293 3154 μένης
2339 3080 2610 3158 ἐνεργείας
2669 3081 2799 3137 ἐστί·
2849 3086 3073 3138 τοιαῦτα
3123 3080 3181 3138 δὲ
3236 3085 3304 3140 τὰ
3353 3088 3462 3140 τῶν
3519 3085 3775 3161 αἱρέσεων

2117 3173 2388 3246 συγκροτη
2402 3191 2543 3245 ματα
2712 3173 2995 3250 τυγχάνει·
3042 3174 3250 3251 πατέρα
3295 3173 3398 3249 γὰρ
3445 3173 3642 3246 ἒκάστη
3673 3182 3780 3247 τῆς

2121 3257 2261 3322 ἰδίας
2293 3258 2536 3323 ἐπινοίας
2568 3258 2773 3335 ἔχουσα
2817 3262 2910 3316 τὸν
2959 3260 3010 3332 ἐξ
3043 3263 3220 3339 ἀρχῆς
3270 3265 3540 3340 τραπέντα
3567 3265 3659 3320 καὶ
3689 3285 3780 3340 γε·

359 3333 417 3412 ἐι
442 3354 634 3411 verbis
663 3353 1104 3426 Scripturarum
1133 3369 1196 3408 se
1227 3352 1447 3408 audent
1468 3351 1772 3407 adornare.
1790 3333 1882 3405 iAt
1909 3367 2007 3406 vo-

2129 3349 2342 3424 νόμενον
2395 3349 2829 3423 ἀνθρωποκτόνον
2892 3350 2982 3404 καὶ
3042 3350 3274 3425 ψεύστην
3313 3353 3404 3407 τὸν
3463 3333 3726 3410 διάϐολον
3759 3397 3777 3428 ,

362 3461 458 3501 ces
471 3444 712 3516 quidem
735 3444 1059 3516 proferunt,
1074 3458 1277 3498 verum
1299 3446 1494 3497 autem
1517 3439 1708 3497 celant
1726 3457 1967 3496 sensum
1993 3455 2006 3496 ε

366 3538 540 3606 atque
569 3533 677 3589 hoc
717 3538 884 3605 pacto
914 3531 1181 3604 singulae,
1212 3529 1446 3603 proprio
1477 3534 1811 3586 commento
1869 3529 2010 3586 insi-

362 3622 525 3678 diose
554 3622 804 3693 obtecto,
835 3638 1058 3693 eorum,
1121 3636 1270 3692 quos
1313 3621 1373 3675 in
1424 3635 1680 3676 errorem
1719 3618 2012 3675 inducunt

360 3711 513 3767 ﬁunt
538 3709 865 3767 homicidae.

2119 3438 2210 3494 καὶ
2268 3438 2634 3516 αἰσχυνομένη
2693 3440 2756 3494 τὸ
2812 3438 3008 3495 τούτου
3081 3440 3310 3515 μισητὸν
3387 3438 3564 3517 ὄνομα
3633 3463 3775 3520 προ-

2120 3527 2297 3606 φέρειν
2329 3572 2344 3596 ,
2401 3528 2746 3606 ὑποκρίνεται
2806 3529 2868 3584 τὸ
2925 3527 3094 3585 καλὸν
3147 3530 3239 3586 καὶ
3301 3531 3433 3611 ὑπὲρ
3492 3538 3596 3588 πᾶν
3650 3530 3773 3589 ὄνο-

2124 3639 2198 3692 μα
2252 3623 2350 3673 τοῦ
2399 3624 2684 3694 Σωτῆρος,
2741 3620 2839 3682 τάς
2889 3640 2948 3675 τε
3001 3623 3109 3676 τῶν
3167 3626 3391 3699 Γραφῶν
3453 3621 3626 3694 λέξεις
3682 3642 3771 3678 πεο

2120 3701 2460 3781 ριϐάλλεται.
2530 3708 2630 3762 Καὶ
2699 3708 2848 3784 λέγει
2922 3709 3015 3783 μὶν
3081 3710 3148 3764 τὰ
3215 3709 3482 3787 ῥήματα,
3548 3709 3764 3767 κλέπτει

357 3795 416 3854 δὶ
451 3800 552 3869 τήν
592 3796 832 3854 διάνοιαν
871 3819 970 3870 την
1012 3796 1371 3872 ἀληθῆ
1412 3796 1503 3852 καὶ
1560 3794 1778 3867 λοιπὸν,
1839 3797 1906 3866 ἢν
1971 3791 2199 3852 ἔπλασεν
2270 3795 2408 3853 ἰδίαν
2477 3795 2718 3854 ἐπίνοιαν
2789 3799 2864 3861 ὡς
2933 3798 2984 3854 ἐν
3057 3797 3208 3874 δόλῳ
3272 3802 3380 3856 τινὶ
3448 3802 3768 3870 σκεπάσασα,

361 3888 803 3964 ἀνθρωποκτόνος
835 3889 926 3944 καὶ
958 3888 1092 3956 αὖτή
1121 3887 1328 3963 γίνεται
1353 3891 1465 3942 τῶν
1495 3884 1891 3960 πλανωμένων.

440 3980 493 4035 4.
517 3979 826 4036 Enimvero
857 3980 998 4052 quid
1021 3979 1300 4034 Marcioni
1327 3983 1384 4034 et
1410 3979 1745 4047 Manichaee,
1779 3979 1881 4050 qui
1929 3979 2011 4034 le-

358 4083 495 4141 gem
527 4073 765 4142 negant,
801 4068 1088 4142 profuerit
1135 4066 1551 4140 Evangelium;
1601 4067 1894 4140 siquidem
1943 4084 2012 4123 ex

357 4157 655 4214 veteribus
684 4175 832 4214 nova
862 4162 1002 4214 sunt
1045 4162 1264 4226 exorta,
1315 4161 1372 4212 et
1411 4156 1669 4213 vicissim
1717 4158 2012 4214 veteribus

356 4263 517 4304 nova
537 4245 846 4322 perhibent
863 4246 1268 4304 testimonium
1288 4245 1317 4302 ?
1346 4245 1455 4314 Qui
1475 4262 1609 4320 ergo
1656 4251 1851 4304 vetera
1881 4248 2014 4320 reji-

356 4342 548 4407 clunt,
581 4337 874 4411 quomodo
918 4352 1046 4410 qum
1103 4352 1172 4393 ex
1213 4335 1332 4392 illis
1379 4352 1721 4394 emanavere
1766 4353 2012 4410 possum

430 4490 491 4564 ξ’.
511 4488 664 4564 Psal.
695 4506 853 4564 xmx,
883 4491 972 4564 16.
1011 4489 1088 4564 _°‘_
1102 4487 1275 4546 Eccli.
1308 4505 1402 4557 xv,
1423 4497 1442 4564 f
1473 4531 1488 4547 .
1553 4490 1598 4525 ⁸⁵
1627 4487 1835 4546 Matth.
1869 4480 1946 4553 ιν,
1981 4487 2006 4544 1

2145 4487 2189 4525 9°
2219 4486 2428 4545 Matth.
2458 4504 2587 4558 vm,
2616 4488 2727 4559 29;
2775 4489 2952 4548 Marc.
2984 4506 3024 4558 ι,
3051 4490 3148 4547 24.
3215 4491 3260 4526 ⁸⁷
3285 4490 3491 4549 Matth.
3522 4507 3651 4564 xm,
3679 4489 3776 4549 25.
3890 4529 3895 4533 -

245 4578 252 4585 ·
360 4560 404 4596 ⁸⁸
436 4561 644 4620 Matth.
675 4578 776 4631 vn,
811 4563 897 4618 15.
933 4561 978 4598 ’θ
1008 4562 1030 4618 Ι
1057 4561 1271 4618 Joann.
1301 4578 1377 4632 1v,
1411 4563 1462 4617 1.

2191 3979 2241 4033 4.
2278 3975 2428 4032 Ἐπεὶ
2466 3977 2628 4032 πόθεν
2685 3977 2964 4055 Μαρκίωνι
3020 3978 3110 4034 καὶ
3169 3980 3463 4058 Μανιχαίῳ
3499 3981 3563 4036 τὸ
3602 3979 3775 4056 Εὐαγ-

2120 4063 2329 4141 γέλιον,
2371 4067 2722 4140 ἀρνουμένοις
2760 4069 2850 4122 τὸν
2893 4068 3060 4143 νόμον
3099 4070 3252 4144 (30);
3287 4069 3347 4125 ἐκ
3385 4071 3488 4147 γὰρ
3527 4074 3637 4126 τῶν
3674 4091 3776 4126 πα-

2123 4152 2294 4209 λαιῶν
2332 4156 2400 4209 τὰ
2437 4155 2547 4226 νέα,
2587 4155 2676 4208 καὶ
2717 4156 2784 4210 τὰ
2838 4157 2932 4212 νέα
2986 4163 3105 4220 τοῖς
3162 4156 3425 4222 παλαιοῖς
3489 4163 3775 4237 μαρτυρεῖ.

2122 4244 2186 4296 Οἱ
2223 4243 2402 4298 τοίνυν
2445 4242 2769 4318 ἀρνούμενοι
2809 4251 2980 4301 ταῦτα
3012 4251 3129 4310 πῶς
3172 4245 3586 4324 ὁμολογήσουσι
3625 4250 3693 4305 τὰ

2123 4332 2388 4403 έκείνων;
2443 4331 2661 4397 Παῦλος
2719 4335 2823 4410 γὰρ
2890 4335 3197 4400 ἀπόστολος
3260 4339 3375 4412 (31)
3433 4335 3779 4414 Εὐαγγιλίου

362 4714 475 4786 (20.)
504 4715 677 4794 1:113‘8'.’
726 4713 1054 4794 (toﬁuabest
1083 4731 1116 4770 a
1137 4712 1351 4794 2lesuit.
1398 4716 1458 4769 et
1507 4709 1745 4768 Taurin.
1806 4710 1910 4785 qui
1957 4714 2014 4769 et
2042 4720 2091 4786 Β
2125 4709 2555 4794 (2ῖλξὶάρρδεει
2583 4727 2618 4767 a
2647 4711 2887 4794 Seguer.

361 4780 745 4860 ineghqbent
774 4780 910 4839 Οὐδὲ
931 4785 1034 4860 γὰρ
1066 4781 1210 4860 ουδ-έ.

432 4856 546 4930 (21)
579 4856 674 4930 ξ»ιο
712 4854 954 4930 Seguer.
978 4854 1045 4913 A't
1073 4858 1184 4930 alii
1203 4854 1295 4912 καὶ
1323 4854 1625 4930 omittunt.

432 4923 547 5003 (22)
573 4927 674 5003 __Sic
705 4923 1059 5003 seéuerrAt
1086 4929 1343 5003 _Colbert.
1370 4934 1439 5003 et
1469 4927 1734 5003 Taurin._,
1773 4923 2004 5003 _Ssmfave

2129 4927 2434 5003 I_le_lipiana_
2512 4928 2734 5003 omittit
2801 4929 3244 5003 συγκροτήματα.

2780 4785 2972 4863 aurip.
3004 4785 3215 4863 ὄρεξίς.
3247 4786 3478 4863 Anglic.
3539 4785 3774 4863 Gobler.

2121 4855 2375 4911 Felckm.
2407 4856 2433 4910 1
2471 4855 2590 4912 et’5
2605 4872 2780 4912 anon.
2813 4862 2870 4912 et
2901 4857 2991 4914 Fr.
3027 4859 3079 4914 1.
3117 4860 3303 4916 Editio
3340 4855 3551 4917 autem
3598 4859 3776 4916 Com-

3327 4931 3459 4988 Mox
3539 4931 3774 4989 Gobler.

2192 4783 2304 4910 (28)
2334 4783 2429 4840 Sic
2459 4784 2698 4856 Seguer.

2192 4856 2375 4910 lckm.
2407 4856 2433 4910 1
2471 4861 2528 4910 et
2553 4857 2698 4910 5am

360 4997 893 5080 αὺτὸνὸστιςέᾶτιν
1024 4997 1248 5080 δόλιος.
1300 4999 1530 5080 Gobler.
1586 4998 2012 5080 et_.l7elqkm._1

2129 4998 2380 5080 Felckm.
2413 5000 2583 5055 iet5
2620 5017 2797 5056 anon.
2856 4997 3095 5071 habent,
3143 5002 3349 5078 πατέρα
3405 5003 3508 5077 γάρ
3570 4999 3774 5077 αἵρεσις

362 5087 538 5128 anon.
593 5071 879 5128 omittunt
933 5073 961 5127 6
1020 5069 1229 5133 δόλιος.
1288 5071 1402 5128 Alii
1460 5077 1518 5126 et
1573 5071 1735 5126 editi.
1805 5066 2012 5132 δεικνὺς

2129 5068 2324 5138 ἑκάστη
2337 5090 2349 5103 ’

362 5141 523 5197 αὐτὸν
581 5140 732 5204 ὅστις
792 5142 932 5198 ἐστίν
965 5143 994 5196 ὁ
1027 5138 1312 5203 διάϐολος.
1365 5149 1408 5197 Α
1463 5141 1717 5199 Felekm.
1749 5142 1785 5196 5
1837 5160 2013 5198 anon.

2193 5142 2307 5230 (29)
2336 5143 2574 5216 Seguer.
2604 5141 2843 5199 Taurin.
2877 5145 3124 5201 Colbert.
3157 5144 3393 5213 Jesuit.,
3425 5146 3526 5215 τήν
3585 5141 3764 5215 ἀληθῆ

362 5214 527 5289 abest
557 5213 691 5270 ἑστῖ.
725 5216 858 5273 Mox
886 5234 990 5289 pro
1025 5213 1103 5278 sic
1133 5216 1340 5273 Jesuit.
1402 5219 1459 5270 et
1506 5214 1748 5270 Taurin.
1796 5213 2012 5271 habent

2129 5209 2382 5289 senatus

357 5304 549 5429 τι(23)
575 5358 706 5414 Τὸτε
736 5360 904 5429 abest
933 5377 966 5416 a
993 5359 1206 5417 Gobler
1235 5363 1294 5416 et
1321 5356 1574 5414 Felckm.
1609 5357 1636 5412 1
1655 5373 1848 5429 (anon.

2195 5286 2308 5356 (30)
2340 5286 2432 5341 Sic
2455 5285 2696 5358 Seguer.
2730 5285 2982 5358 Colbert,
3003 5288 3244 5343 Taurin.
3279 5287 3490 5344 Jesuit.
3528 5289 3770 5345 Gobler.
3843 5327 3848 5332 -

2124 5357 2378 5435 Felckm.
2477 5357 2652 5435 an’pn.
2687 5361 2746 5412 et
2777 5359 2868 5413 Fr.
2905 5357 3064 5415 1.At
3093 5361 3238 5416 editt
3263 5367 3318 5415 et
3349 5361 3470 5429 alii,
3534 5359 3779 5435 ἀρνουμσ

430 5427 544 5501 (24)
596 5431 704 5500 Τήν
765 5427 1022 5500 ἀλήθειαν
1069 5434 1234 5489 deest
1278 5431 1332 5487 in
1384 5430 1589 5485 .lesuit.
1639 5428 1892 5485 Colbert.
1956 5433 2012 5485 et

2129 5448 2235 5488 νοις
2267 5428 2357 5481 καί
2393 5427 2484 5481 τὸν
2508 5427 2697 5500 νόμον*

358 5498 477 5556 Ταυ
488 5503 531 5555 ri
540 5519 574 5556 n
591 5544 602 5558 .

2192 5502 2303 5572 (31)
2333 5501 2425 5555 sic
2454 5506 2685 5573 Seguer.
2722 5501 2962 5573 Taurin.
2992 5502 3239 5558 Colbert.
3272 5508 3330 5560 et
3381 5503 3597 5560 Jesuit.
3655 5501 3777 5573 Alii

429 5573 544 5649 (_25.)
576 5548 708 5649 nec
733 5576 931 5649 verba,
982 5571 1301 5629 καθεύδουσι
1355 5576 1474 5634 τοῖς
1526 5571 1849 5646 ἀνθρώποις.
1911 5571 2011 5626 Διά

2129 5548 2314 5649 μυξιξςὲ)
2334 5548 3481 5649 Sj'eéi't‘fIEAEca-‘z'o‘idc:iiﬁcisegne}:
3492 5548 3597 5628 ἓόξέ
3621 5548 3777 5649 ἰέύαῖ

357 5644 542 5707 τοῦτο,
575 5645 789 5702 desunt
817 5645 1103 5703 inJesuit.

433 5714 546 5788 _(26)
573 5715 666 5770 Sic
692 5718 1208 5788 SegnerrColbert.
1258 5717 1500 5778 Taurin.
1559 5716 1771 5774 Jesuit.
1821 5716 1915 5774 Fr.
1954 5717 2006 5776 1.

364 5783 704 5862 lditi'voro,
735 5783 1038 5865 ἀνέχεσθαι*

2117 5640 2339 5775 ἒὲὶὲὶὲἔ,
2366 5644 2509 5770 gem
2540 5640 2708 5713 ibid.,
2739 5662 2843 5720 pro
2893 5646 3205 5716 0'5,Jesuit,
3232 5640 3391 5706 οδω.
3419 5640 3478 5705 et
3521 5640 3776 5707 Taurini
