4148 6390
344 429 465 491 545

386 578 566 633 εγονεν
602 603 615 627 ,

345 581 566 635 γεγονεν
602 603 615 627 ,
678 581 739 613 ου
815 581 1291 633 προεπηγγειΛατο
1365 581 1454 609 οια
1508 581 1617 609 των
1698 581 1995 631 προφητων

346 647 510 702 αὐτοῦ
558 646 609 701 έν
653 651 887 722 Γραφαῖς
944 645 1143 721 ἀγίαις.
1198 646 1254 697 '0
1315 641 1372 699 δὲ
1423 644 1615 718 Κύριος
1666 642 1825 704 αὐτὸς
1882 638 1998 697 ἔλε-

344 754 454 812 γεν·
514 736 793 811 Ἐρευνᾶτε
848 734 943 796 τὰς
1003 736 1215 811 Γραφάς
1417 778 1430 803 ,
1494 730 1575 786 ὅτι
1651 730 1805 785 αὐταί
1871 730 2001 785 εἷ’σιν

346 825 399 879 αἱ
463 828 832 901 μαρτυροῦσαι
881 823 1004 899 περὶ
1061 822 1215 895 ἐμοῦ.
1276 825 1401 882 Πῶς
1450 819 1541 875 οῦν
1587 818 2003 893 ὁμολογήσουσι

344 912 437 968 τὸν
490 911 709 987 Κύριον,
773 914 847 985 μὴ
900 916 1329 987 προερευνῶντες
1379 911 1491 982 (33)
1537 910 1633 970 τὰς
1678 908 1800 983 περὶ
1842 907 2005 962 αὐτοῦ

348 998 559 1079 Γραφάς
591 1021 604 1070 ;
635 1003 729 1054 "Ov
776 1001 880 1076 γάρ
932 999 1133 1075 ἔγραψε
1182 1005 1419 1066 Μωυσῆς
1468 998 1557 1051 καὶ
1605 998 1656 1051 o't
1706 999 2002 1073 προφῆται,

345 1094 537 1144 τοῦτον
598 1087 880 1165 εύρηκέναι
939 1088 1190 1162 λέγουσιν
1246 1087 1297 1140 οἳ
1357 1084 1623 1158 μαθηταί.
1682 1084 1742 1137 Τί
1803 1082 1860 1138 δέ
1916 1085 2004 1138 καὶ

350 1176 741 1240 Σαδδουκαίοις
770 1179 799 1233 ὁ
829 1178 999 1251 νόμος
1037 1178 1111 1250 μή
1147 1174 1473 1252 δεχομένοις
1501 1174 1629 1235 τοὺς
1680 1176 1964 1251 προφήτας
1991 1192 2005 1241 ;

348 1273 403 1322 Ὁ
442 1268 542 1343 γάρ
595 1268 685 1322 τὸν
734 1267 902 1340 νόμον
957 1262 1210 1326 δεδωκὼς
1270 1265 1417 1334 Θεὸς,
1467 1263 1624 1323 αὐτὸς
1676 1260 1900 1337 ἐγείρειν
1954 1260 2004 1315 ἐν

346 1361 427 1428 τῷ
456 1355 615 1429 νόμῳ
646 1356 736 1409 καὶ
765 1356 1051 1431 προφήτας
1085 1350 1470 1428 ἐπηγγείλατο,
1515 1348 1653 1404 ὥστε
1700 1350 1791 1404 τὸν
1847 1348 2005 1402 αὐτὸν

351 1444 486 1500 εἶναι
537 1444 732 1520 Κύριον
782 1447 879 1499 τοῦ
928 1464 987 1498 τε
1027 1442 1203 1515 νόμου
1249 1440 1339 1495 καὶ
1386 1444 1492 1494 τῶν
1542 1442 1865 1515 προφητῶν,
1917 1435 2006 1491 καὶ

347 1533 439 1589 τὸν
472 1532 799 1609 ἀρνούμενον
832 1531 1051 1607 θάτερον
1079 1530 1276 1585 ηύτῶν
1331 1529 1603 1600 ἀρνεῖσθαι
1652 1526 1868 1587 πάντως
1918 1525 2008 1578 καὶ

348 1622 411 1675 τὸ
439 1618 647 1698 ἕτερον.
677 1620 737 1675 Τί
770 1618 828 1675 δὲ
869 1620 960 1674 καὶ
1006 1616 1294 1676 Ἰουδαίοις
1345 1614 1539 1670 λοιπὸν
1571 1618 1606 1684 ἠ
1643 1614 1877 1681 Παλαιά,
1931 1614 2006 1685 μή

354 1709 687 1785 ἐπεγνωκόσι
743 1709 834 1764 τὸν
895 1708 946 1779 ἐξ
1018 1708 1184 1776 αὐτῆς
1243 1702 1696 1781 προσδοκώμενον
1766 1703 2007 1774 Κύριον;

354 1799 418 1854 Εἰ
476 1799 580 1874 γὰρ
642 1797 916 1853 ἐπίστευον
968 1802 1088 1857 τοῖς
1156 1795 1429 1861 Μωυσέως
1490 1794 1827 1868 γράμμασιν,
1888 1790 2013 1846 ἐπί-ι

354 1909 573 1943 στευσαν
622 1888 682 1943 ἂν
713 1892 831 1950 τοῖς
860 1892 957 1941 τοῦ
1006 1885 1202 1961 Κυρίου
1252 1883 1481 1960 ῥήμασι.
1532 1884 1662 1959 Περί
1706 1883 1810 1957 γὰρ
1850 1880 2005 1954 ἐμοῦ,

356 1977 540 2055 φησὶν,
592 1975 794 2038 ἐκεῖνος
845 1973 1064 2051 ἔγραψε.
1114 1973 1173 2027 Τί
1229 1970 1286 2028 δὲ
1331 1973 1419 2027 καὶ
1467 1977 1546 2043 τῷ
1599 1976 1908 2043 Σαμοσατεῖ
1946 1972 2014 2025 τά

353 2070 462 2121 τῶν
498 2068 745 2143 Γραφῶν,
783 2064 1100 2140 ἀρνουμένῳ
1127 2063 1218 2117 τὸν
1249 2066 1346 2116 τοῦ
1376 2065 1509 2115 Θεοῦ
1540 2060 1737 2136 Λόγον,
1782 2060 1871 2114 καὶ
1910 2060 2009 2127 τὴν

358 2155 409 2225 ἐξ
468 2152 791 2232 ἀμφοτέρων
840 2160 944 2221 τῆς
999 2172 1058 2206 τε
1113 2149 1356 2212 Παλαιᾶς
1413 2150 1504 2203 καὶ
1555 2152 1752 2217 Καινῆς
1813 2150 2011 2218 Διαθή-

354 2265 458 2315 κης
512 2244 625 2316 (34)
687 2239 1092 2315 σημαινομένην
1170 2240 1259 2293 καὶ
1340 2237 1691 2311 δεικνυμένην
1757 2236 2011 2311 ἔνσαρκον

354 2336 452 2387 τοῦ
504 2330 681 2407 Λόγου
728 2329 1025 2403 παρουσίαν
1064 2347 1077 2398 ;
1110 2328 1169 2383 Τί
1220 2325 1277 2382 δὲ
1324 2328 1413 2382 καὶ
1458 2332 1576 2389 τοῖς
1633 2328 1929 2399 Ἀρειανοῖς
1962 2326 2014 2379 αἱ

360 2418 591 2497 Γραφαὶ,
624 2418 715 2473 καὶ
763 2418 815 2471 τί
855 2417 1050 2480 ταύτας
1103 2418 1252 2472 οὗτοι
1303 2417 1685 2494 προφέρουσιν,
1739 2412 2017 2490 ἄνθρωποι

360 2507 562 2581 κτίσμα
591 2505 839 2583 λέγοντες
874 2506 1007 2561 εἶναι
1037 2506 1128 2561 τὸν
1162 2510 1297 2561 Θεοῦ
1337 2505 1535 2581 Λόγον,
1562 2506 1651 2559 καὶ
1702 2506 1775 2566 ὡς
1810 2504 1869 2558 ἂν
1904 2506 2016 2578 (35)

359 2594 653 2667 Ἕλληνες,
717 2594 1065 2673 λατρεύοντες
1112 2599 1182 2669 τῇ
1234 2594 1401 2649 κτίσει
1453 2595 1598 2667 παρά
1642 2595 1732 2648 τὸν
1766 2592 2018 2649 κτίσαντα

362 2686 490 2742 Θεόν
528 2704 541 2754 ;
570 2686 715 2761 Πρὸς
750 2686 843 2757 μὲν
875 2686 976 2760 γάρ
1007 2686 1105 2754 τὴν
1165 2681 1302 2738 ἰδίαν
1350 2687 1449 2752 τῆς
1481 2682 1721 2745 ἐπινοίας
1774 2678 2014 2737 ἀσέϐειαν

364 2776 559 2845 ἑκάστη
593 2774 799 2829 τούτων
830 2777 938 2829 τῶν
989 2772 1244 2848 αἱρέσεων
1297 2770 1448 2827 οὐδὲν
1497 2773 1675 2827 κοινὸν
1728 2768 1845 2847 ἔχει
1881 2772 2019 2847 πρὸς

362 2866 458 2925 τάς
490 2864 721 2941 Γραφάςο
767 2864 1046 2917 καὶτοῦτο
1098 2858 1239 2916 ἴσασι
1288 2862 1377 2915 καὶ
1428 2863 1479 2915 οἱ
1517 2862 1583 2916 τὰ
1629 2860 1836 2916 τούτων
1887 2882 2017 2937 πρε-

363 2947 663 3019 σϐεύοντες,
680 2949 1165 3023 δτιπολὺ,μ’άλλον
1190 2948 1247 3005 δὲ
1267 2950 1456 3024 τὸ
1480 2949 1609 3005 ὅλον
1635 2949 1766 3005 εἰσὶν
1791 2949 2018 3005 ἐναντίαι

363 3042 501 3116 πρὸς
530 3041 593 3095 τὸ
626 3041 855 3111 ἑκάστης
896 3039 1111 3094 ἐκείνων
1165 3038 1441 3117 φρόνημα·
1496 3038 1704 3109 ἀπάτης
1753 3036 1809 3093 δὲ
1858 3040 2017 3115 χάριν

363 3134 471 3184 τῶν
525 3127 925 3204 ἁπλουστέρων,
966 3126 1079 3182 οἷοί
1134 3127 1234 3181 εἰσι
1285 3127 1409 3203 περὶ
1464 3128 1538 3181 ὧν
1590 3127 1640 3182 ἐν
1696 3126 2022 3202 Παροιμίαις

371 3219 671 3295 γέγραπται
709 3238 720 3250 ο
781 3217 1017 3276 Ἀκακος
1072 3215 1312 3270 πιστεύει
1387 3216 1546 3270 παντὶ
1614 3214 1769 3291 λόγῳ
1806 3236 1818 3248 ’
1878 3236 2019 3291 σχη-

1141 425 1523 487 EPISTOLA
1568 426 1672 484 AD
1719 423 2141 485 EPISCOPOS
2187 423 2497 485 )EGYPTI
2547 424 2644 484 ET
2690 424 2968 486 LIBY/E.

678 558 739 613 οῦ
815 556 1291 633 προεπηγγείλατο
1365 554 1454 609 διὰ
1508 559 1617 609 τῶν
1698 557 1995 631 προφητῶν

2142 554 2464 611 .dmittere?
2510 555 2799 611 Nimirum
2832 556 3051 613 Paulus
3090 558 3278 614 factus
3328 564 3417 614 est
3462 561 3766 632 apostolus

3645 433 3764 491 546

2114 643 2407 715 Evangelii
2450 644 2573 714 Dei,
2606 646 2747 715 quod
2799 653 2924 700 ante
2970 649 3307 717 promiserat
3338 664 3435 719 per
3478 650 3768 720 prophetas

2113 748 2245 786 suos
2274 734 2337 787 in
2377 732 2675 803 Scripturi:
2724 736 2932 789 sanctis
2958 738 2996 789 ι.
3026 736 3158 807 Ipse
3203 752 3434 807 quoque
3482 736 3769 792 Dominus

2116 820 2309 875 dixit:
2353 821 2702 876 Scrutamz'm’
2726 823 3068 894 Scripturas,
3116 826 3245 896 quia
3293 827 3428 897 ipsw
3476 830 3604 880 sunt
3651 840 3771 896 quae

2116 910 2487 965 testimonium
2514 910 2802 980 perhibent
2828 914 2899 966 de
2930 928 3016 966 me
3042 912 3083 965 ⁵³.
3115 914 3416 976 Quomodo
3449 914 3630 985 igitur
3659 912 3769 967 Do-

2118 997 2343 1051 minum
2386 1003 2661 1068 poterunt
2708 1000 2991 1066 confiteri,
3027 1001 3075 1055 si
3107 1018 3233 1071 quae
3283 1003 3353 1057 de
3404 1002 3501 1057 illo
3551 1002 3771 1072 scripta

2119 1089 2257 1141 sunt
2287 1103 2403 1141 non
2435 1086 2601 1157 prius
2634 1089 3007 1143 scrutentur?
3037 1089 3183 1144 Nam
3214 1091 3285 1145 de
3314 1106 3430 1161 quo
3460 1094 3685 1162 Moyses
3716 1093 3773 1144 et

2118 1174 2413 1245 pr0phetaa
2433 1176 2818 1246 scripserunt,
2836 1192 2970 1231 eum
2991 1194 3051 1231 se
3070 1178 3361 1233 invenisse
3380 1177 3771 1233 afﬁrmantdi-

2118 1262 2327 1334 scipuli
2349 1263 2391 1315 ⁸.
2416 1263 2563 1327 Quid
2597 1265 2772 1319 etiam
2804 1263 2991 1336 legem
3024 1267 3321 1321 Sadducaei
3364 1268 3636 1334 retinent,
3671 1266 3772 1338 qui

2120 1350 2231 1421 ipsi
2265 1351 2579 1422 prophetas
2611 1352 2961 1422 repudiant?
2983 1353 3137 1409 Deus
3157 1355 3314 1409 enim
3337 1354 3439 1426 qui
3463 1354 3651 1427 legem
3673 1354 3772 1408 de-

2119 1438 2224 1503 dit,
2245 1438 2369 1510 ipse
2392 1456 2454 1494 se
2482 1439 2542 1494 in
2576 1438 2700 1512 lege
2734 1440 3048 1511 prophetas
3071 1442 3455 1497 excitaturum
3486 1447 3575 1498 est
3606 1441 3769 1513 polli-

2120 1526 2292 1594 citus,
2318 1528 2397 1582 ita
2430 1532 2493 1582 ut
2521 1528 2646 1599 ipse
2676 1532 2733 1582 et
2761 1528 2908 1599 legis
2937 1534 2994 1584 et
3026 1529 3443 1600 prophetarum
3474 1531 3550 1585 sit
3580 1530 3773 1585 Domi-

2121 1632 2255 1681 nus,
2281 1620 2456 1687 atque
2479 1616 2622 1671 adeo
2646 1616 2746 1687 qui
2772 1616 2983 1672 horum
3008 1634 3193 1671 unum
3217 1618 3500 1687 rejecerit,
3521 1617 3771 1673 alterum

2121 1719 2355 1775 quoque
2387 1705 2625 1775 rejicere
2655 1721 2893 1761 necesse
2925 1705 3020 1760 sit.
3041 1705 3188 1767 Quid
3216 1705 3358 1762 item
3380 1706 3600 1762 Judaeis
3620 1722 3775 1762 emo-

2119 1792 2367 1848 lumenti
2399 1794 2585 1865 possit
2605 1809 2734 1849 esse
2754 1793 2936 1849 Vetus
2960 1796 3425 1863 Testamentum,
3449 1796 3546 1866 qui
3575 1796 3772 1850 Domi-

2122 1881 2475 1952 num,cujus
2498 1882 2781 1937 adventus
2814 1881 2871 1937 in
2904 1899 2969 1938 eo
3001 1884 3356 1955 praedicitur,
3383 1900 3497 1939 non
3521 1899 3775 1955 agnove-

2120 1968 2300 2025 runt?
2323 1969 2467 2024 Nam
2501 1969 2550 2024 si
2573 1969 2789 2042 Moysis
2811 1970 3047 2042 scriptis
3070 1972 3394 2040 crederent,
3417 1973 3608 2028 verbis
3631 1988 3775 2043 quo-

2122 2074 2235 2130 que
2266 2057 2498 2113 Domini
2529 2058 2935 2115 credidissent.
2963 2065 3047 2115 De
3093 2077 3179 2115 me
3227 2062 3399 2128 enim,
3436 2060 3649 2133 inquit,
3680 2062 3777 2115 ille

2120 2148 2406 2218 scripsit‘.
2438 2146 2585 2209 Quid
2616 2146 2888 2203 similiter
2929 2148 3201 2204 utilitatis
3231 2167 3261 2205 e
3292 2149 3614 2222 Scripturis
3640 2166 3775 2221 per-

2123 2235 2303 2308 cipiat
2331 2236 2783 2307 Samosatensis,
2808 2236 2909 2309 qui
2951 2238 3052 2293 Dei
3083 2238 3360 2304 Verbum,
3396 2255 3776 2310 corporeum-

2125 2342 2240 2396 que
2278 2325 2406 2395 ejus
2453 2324 2767 2379 adventum
2799 2331 3045 2397 utroque
3079 2327 3231 2382 216
3260 2328 3465 2383 Vetere
3513 2332 3571 2381 et
3618 2327 3774 2382 Novo

2125 2415 2497 2469 Testamento
2528 2413 2925 2485 significatum
2955 2431 3020 2469 ac
3062 2414 3385 2470 indicatum
3418 2432 3630 2487 negare
3658 2431 3774 2470 non

2124 2501 2399 2559 veretur?
2427 2502 2575 2566 Quid
2607 2502 2861 2573 denique
2890 2504 3141 2559 Arianos
3175 2505 3388 2575 juvant
3416 2504 3725 2576 Scriptura
3747 2503 3775 2557 ?

2128 2592 2268 2663 quid
2303 2591 2413 2662 ipsi
2459 2588 2591 2646 illas
2623 2596 2989 2662 proponunt;
3039 2593 3173 2663 ipsi,
3226 2594 3491 2665 inquam,
3523 2593 3625 2663 qui
3672 2591 3775 2647 Dei

2132 2680 2338 2736 Filium
2369 2696 2492 2735 rem
2525 2684 2778 2735 creatam
2809 2696 2937 2735 esse
2968 2682 3344 2750 contendunt,
3374 2687 3431 2736 et
3460 2700 3574 2737 non
3606 2698 3776 2737 secus

2129 2787 2192 2825 ac
2224 2768 2492 2843 gentiles,
2528 2769 2609 2823 rei
2658 2774 2862 2824 creatas
2896 2770 3091 2842 potius
3138 2787 3315 2842 quam
3366 2772 3608 2826 creatori
3664 2776 3776 2827 Deo

2129 2859 2391 2915 serviunt
2412 2858 2470 2911 5‘?
2496 2858 2714 2929 Nempe
2744 2857 2853 2913 illos
2885 2858 3135 2914 haereses
3166 2861 3226 2914 in
3256 2877 3363 2915 sua
3394 2877 3638 2931 quaeque
3668 2861 3778 2915 im-

2129 2948 2341 3021 pietate
2390 2946 2533 3001 nihil
2584 2963 2897 3002 commune
2955 2965 3089 3002 cum
3149 2948 3467 3020 Scripturis
3524 2949 3776 3017 habent;

2132 3036 2285 3108 quod
2309 3052 2448 3091 sane
2471 3052 2585 3090 non
2617 3035 2889 3107 ignorant
2919 3035 3152 3091 illarum
3186 3038 3780 3110 patroni,Scripturas

2132 3125 2353 3181 scilicet
2375 3123 2719 3195 plurimum,
2734 3123 2851 3180 imo
2872 3141 3000 3179 vero
3021 3125 3251 3197 penitus
3270 3127 3564 3182 adversari
3587 3127 3780 3197 cujus-

2133 3231 2246 3287 que
2276 3214 2509 3269 illarum
2535 3213 2820 3269 hmresum
2844 3214 3138 3269 doctrinae.
3168 3215 3282 3286 Ipsi
3308 3215 3695 3271 nihilominus
3714 3219 3780 3271 ut

377 3290 692 3380 ματίζονται
728 3302 953 3378 μελετᾷν
985 3304 1075 3358 καὶ
1125 3302 1303 3379 λέγειν
1357 3304 1451 3365 τὰς
1500 3290 1797 3376 λέξεις,ὡς
1852 3306 1879 3358 ὁ
1914 3290 2025 3359 πα-

2142 3306 2195 3359 in
2229 3304 2492 3359 fraudem
2524 3301 2829 3375 impellant
2862 3302 3271 3375 simpliciores,
3296 3304 3494 3376 quales
3528 3304 3609 3359 illi
3642 3310 3781 3360 sunt

372 3397 477 3472 τήρ
509 3394 685 3449 αὐτῶν
737 3388 997 3455 διάϐολος
1030 3395 1164 3466 (37),
1193 3392 1285 3447 ’ίνα
1333 3393 1392 3448 ἐκ
1417 3398 1524 3448 τῶν
1576 3391 1770 3464 λέξεων
1805 3392 2028 3465 δόξωσιν

376 3484 536 3561 ὀρθὸν
579 3481 725 3558 ἔχειν
758 3482 848 3537 καὶ
877 3484 939 3536 τὸ
970 3476 1246 3559 φρόνημα,
1279 3482 1367 3536 καὶ
1400 3481 1591 3537 λοιπὸν
1622 3483 1845 3538 πείσωσι
1886 3485 2030 3559 παρά

372 3574 470 3636 τάς
494 3573 708 3650 Γραφάς
731 3577 946 3650 φρονεῖν
979 3570 1108 3634 τοὺς
1130 3569 1518 3648 ταλαιπώρους
1561 3572 2028 3648 ἀνθρώπους

377 3659 601 3735 Ἀμέλει
652 3661 704 3715 ἐν
754 3658 985 3735 ἑκάστῃ,
1035 3664 1143 3714 τῶν
1190 3661 1444 3736 αἱρέσεων
1498 3661 1640 3715 οὕτω
1692 3663 2034 3737 σχηματισά-

380 3772 539 3825 μενος
572 3751 601 3805 ὁ
631 3744 893 3812 διάϐολος
919 3751 1055 3823 (39),
1083 3748 1252 3820 λέξεις
1288 3744 1526 3805 ὑπέϐαλε
1559 3751 1752 3822 μεστὰς
1782 3748 2035 3821 δολιότη-

375 3860 489 3903 τος*
550 3838 673 3914 περὶ
729 3841 830 3916 γὰρ
877 3838 1085 3893 τούτων
1148 3840 1175 3893 ὁ
1231 3838 1428 3915 Κύριος
1488 3837 1700 3913 εἷ’ρηκεν
1745 3842 1895 3914 (40),
1951 3840 2035 3896 ὅτι

379 3930 607 4006 Ἐγερθή
617 3949 799 3984 σονται
923 3925 1311 4003 ψευδόχριστοι
1430 3928 1519 3983 καὶ
1626 3926 1984 4008 ψευδοπροφῆ
2013 3964 2036 3973 -

378 4040 487 4090 τοι,
547 4016 686 4072 ὥστε
741 4015 1017 4087 πλανῆσαι
1069 4015 1317 4079 πολλούς
1354 4039 1365 4051 ·
1424 4022 1712 4093 τοιγαροῦν
1773 4019 1800 4072 ὁ
1855 4014 2038 4074 διάϐο-

381 4106 479 4170 λος
529 4106 685 4179 ἦλθε,
740 4104 916 4182 λέγων
974 4103 1045 4160 δι’
1102 4106 1349 4177 ἑκάστης·
1384 4107 1525 4182 Ἐγώ
1576 4106 1687 4180 εἰμι
1721 4109 1749 4162 ὁ
1788 4111 2036 4183 χριστὸς,

380 4197 469 4251 καὶ
524 4196 651 4270 παρ’
708 4194 831 4269 ἐμοὶ
889 4193 952 4250 1d
1002 4193 1203 4265 ἀληθές
1262 4194 1392 4251 ἐστι·
1451 4196 1540 4250 καὶ
1589 4195 1763 4260 πάσας
1812 4196 1923 4270 ἰδίᾳ
1950 4201 2041 4253 καὶ

385 4289 543 4359 κοινῇ
574 4284 843 4353 πεποίηκε
872 4286 983 4357 (41)
1034 4282 1315 4353 ψεύδεσθαι
1367 4286 1394 4338 ὁ
1450 4287 1809 4364 συκοφάντης.
1854 4289 1950 4342 Καὶ
1980 4288 2042 4344 τό

2138 3394 2209 3449 de
2238 3393 2453 3465 quibus
2487 3393 2546 3446 in
2572 3392 2895 3447 Proverbiis
2936 3392 3220 3463 scriptum
3243 3400 3350 3461 est,
3374 3395 3636 3451 Innocens
3665 3411 3782 3451 cre-

2138 3483 2219 3538 dit
2247 3484 2403 3539 omni
2432 3481 2592 3536 verbo
2613 3482 2667 3549 ες
2700 3482 3010 3553 Scriptores
3040 3498 3205 3537 voces
3237 3483 3504 3539 meditari
3535 3489 3591 3540 et
3611 3502 3786 3539 usur-

2140 3588 2277 3645 pare
2308 3570 2612 3635 simulant,
2636 3586 2751 3625 non
2780 3569 2950 3626 aliter
2975 3587 3152 3643 quam
3182 3571 3445 3643 ipsarum
3478 3579 3643 3645 pater
3672 3574 3789 3629 dia-

2142 3661 2332 3731 bolus,
2367 3663 2432 3715 ut
2462 3660 2683 3715 scilicet
2728 3677 2796 3715 ex
2835 3661 3144 3715 verborum
3179 3678 3322 3717 sono
3370 3669 3523 3718 recte
3573 3663 3791 3718 sentire

2142 3751 2470 3818 videantur,
2495 3748 2823 3820 deindeque
2850 3749 3096 3805 miseros
3118 3750 3385 3806 homines
3416 3752 3696 3808 inducant
3730 3758 3795 3807 ut

2145 3839 2465 3896 sententias
2495 3856 2529 3894 a
2561 3839 2880 3910 Scripturis
2909 3839 3132 3895 alienas
3163 3840 3609 3912 amplectantur.
3633 3842 3798 3897 Certe

2147 3928 2229 3985 sic
2261 3945 2323 3984 se
2354 3927 2622 3983 diabolus
2652 3928 2711 3981 in
2739 3926 2987 3998 singulis
3034 3928 3357 3985 haeresibus
3388 3930 3663 3986 simulate
3694 3945 3800 4002 ge-

2149 4032 2485 4089 rens,voces
2506 4015 2637 4072 dolo
2660 4015 2864 4087 plenas
2885 4016 3009 4089 ipse
3032 4019 3522 4089 subministravit,
3544 4019 3799 4091 hincque

2150 4108 2233 4163 ait
2263 4106 2550 4162 Dominus
2575 4123 2587 4161 :
2613 4106 2922 4177 Exsul-gent
2966 4108 3371 4178 pseudochristi
3395 4113 3447 4164 et
3475 4108 3802 4181 pseud0pro-

2149 4199 2347 4270 phetaz',
2384 4198 2464 4251 ita
2493 4207 2553 4251 ut
2584 4197 2751 4250 multi
2780 4199 2840 4250 in
2874 4212 3116 4252 errorem
3164 4199 3509 4255 inducantur
3532 4200 3570 4253 ⁷.
3606 4204 3804 4268 Itaque

2152 4288 2311 4343 venit
2338 4284 2628 4351 diabolus,
2653 4290 2711 4340 et
2756 4302 2857 4356 per
2887 4285 3151 4358 singulas
3183 4286 3433 4344 haereses
3464 4287 3605 4343 dixit
3638 4305 3649 4343 :
3684 4288 3803 4359 Ego

458 4416 473 4449 ι
508 4415 673 4467 Rom.
708 4427 747 4478 1,
778 4412 833 4465 2.
913 4411 934 4444 ²
965 4410 1136 4467 Joan.
1167 4427 1224 4478 v,
1255 4412 1345 4467 39.
1424 4414 1444 4446 ³
1473 4413 1643 4467 Joan.
1695 4432 1735 4481 1,
1786 4415 1875 4469 45.
1952 4416 2026 4473 ⁸.]

2142 4437 2171 4471 ι.
2221 4432 2273 4484 ν,
2325 4413 2413 4465 46.
2491 4411 2511 4443 δ
2544 4414 2709 4465 Rom.
2740 4427 2778 4481 1,
2810 4411 2899 4465 25.
2976 4412 2996 4445 ⁸
3023 4414 3190 4465 Prov.
3231 4430 3345 4481 xw,
3380 4413 3465 4466 15.
3544 4414 3561 4446 ⁷
3596 4411 3805 4468 Matth.

383 4501 535 4553 χειν,
566 4484 658 4538 24.

473 4606 711 4691 (32)ὶὲἱο
759 4605 1000 4691 ξεευεξῐι.
1041 4605 1410 4691 Col‘bert.~et‘
1446 4607 1949 4691 Taurinafxtﬂalii
1999 4616 2056 4667 et
2083 4619 2131 4684 1)
2162 4609 2271 4691 alii
2293 4624 2437 4691 ‘vero
2478 4610 2534 4661 et
2583 4606 2721 4661 editi
2751 4604 2812 4658 τό
2843 4606 3144 4663 omittunt.
3179 4606 3247 4659 Τό
3281 4624 3532 4679 sequens
3582 4610 3747 4665 abest
3777 4627 3812 4666 a

387 4676 567 4754 editi,
587 4676 871 4754 Ἐρευνᾶτέ
897 4676 993 4754 τδές
1017 4676 1148 4754 περὶ
1180 4676 1343 4754 αὑτορ
1375 4676 1611 4754 ξ’ραφάς.
1637 4680 1782 4736 Ibid.
1809 4681 2048 4754 Segner.

386 4747 661 4806 Taurin.'
685 4749 897 4806 Jesuit.
931 4747 1161 4804 Gobler.
1195 4753 1251 4804 et
1304 4747 1555 4806 Felckm.
1593 4752 1617 4806 1
1652 4768 1825 4807 anon.
1875 4747 2052 4810 οῖύταί.

397 4822 573 4898 _Ed_iti,
603 4818 780 4898 αῦται.
832 4825 961 4898 διξοκ
1011 4819 1260 4876 Felckm.
1303 4821 1339 4873 5
1385 4836 1559 4877 anon.
1612 4839 1714 4894 pro
1765 4827 1888 4884 Πῶς
1938 4822 2053 4898 οὖν,

396 4893 577 4948 habet
605 4892 789 4952 Ὃπως
822 4890 936 4946 οὖν.

474 4964 588 5035 (33)
618 4961 1109 5035 δεευίῐνϐοιὺοτι.
1143 4966 1202 5018 et
1242 4962 1492 5035 fl‘aurin.
1524 4961 1864 5035 ἐρευνῶντες.
1909 4966 2053 5020 Ibid.

399 5032 645 5107 Seguer.
680 5034 921 5107 'llaurin.
951 5032 1199 5107 Colbert.
1232 5033 1440 5107 .lesuit.
1465 5032 1695 5107 Gobler.
1721 5038 1976 5093 Felckm.
2003 5039 2054 5092 1.

396 5102 579 5183 anan:
611 5111 670 5183 et
699 5106 877 5183 Fr_.n1,
907 5104 1004 5165 τάς
1042 5102 1184 5183 περὶ.
1210 5102 1372 5183 αύῌτοῦ
1418 5106 1651 5183 Γραφάς.
1700 5109 1809 5163 Alii
1862 5114 2057 5164 autem

397 5185 457 5235 et
490 5177 631 5233 editi
666 5176 946 5248 omittunt
973 5173 1313 5248 περὶάύτοῦ.

477 5250 592 5322 (34)
627 5247 859 5322 Gobler.
893 5254 951 5304 et
990 5247 1243 5322 Felckm.
1274 5250 1297 5322 1
1334 5266 1505 5322 anon.
1541 5250 1835 5319 Διαθήκης.
1861 5252 2059 5308 Castori

399 5319 691 5397 et'editio
741 5319 1225 5397 Qommeliniana,
1273 5319 1418 5381 θείας
1460 5325 1697 5397 Γραφῆς.
1750 5322 1880 5379 Mox
1927 5324 2059 5395 Seg.

397 5397 497 5447 τοῦ
532 5395 665 5466 Θεοῦ
698 5388 873 5466 Λόγου
904 5388 1222 5466 παρουσίαν.

480 5466 595 5535 (35)
627 5459 877 5535 seguer.
902 5459 961 5515 ἄν
985 5459 1414 5535 ὀωῇῐὶίμίᾲεω
1445 5468 1501 5518 et
1524 5464 1752 5520 Gohler.
1783 5471 1839 5521 et
1870 5465 2061 5521 Felck.

408 5538 443 5609 17
475 5531 648 5591 anon.
685 5531 1029 5609 Xazpedougz.
1060 5534 1193 5609 M011
1233 5534 1417 5609 iidem
1468 5535 1776 5609 et_.lesuit.
1810 5536 2063 5592 Colbert.

401 5606 647 5677 Taurin.
694 5600 811 5677 117g;
854 5600 1096 5666 ἀσεϐείας
1156 5604 1414 5660 ἐπίνοιαν.
1472 5606 1580 5661 Alii
1641 5613 1697 5663 et
1754 5609 1917 5677 editi,
1963 5614 2063 5677 τῆς

409 5675 652 5737 ἐπινοίας
682 5670 948 5731 ἀσέϐειαν.

481 5749 598 5826 (36)
628 5747 725 5805 Sic
753 5751 992 5821 Seguer.
1020 5745 1271 5805 Colbert.
1296 5748 1536 5807 Taurin.
1568 5749 1777 5809 Jesuit.
1810 5754 1869 5810 et
1890 5750 1983 5808 Fr.
2014 5752 2065 5811 1.

684 5874 957 5941 P111101.
1004 5876 1117 5941 Gs.
1163 5874 1348 5947 XXV.

2165 4681 2351 4737 Felck.
2384 4680 2419 4733 ἓ»
2448 4695 2623 4733 anon.

2236 4752 2469 4837 (Βῖλβὶο
2500 4751 2737 4837 §eguer.
2772 4750 2936 4805 Gobl.
2971 4755 3027 4806 et
3059 4750 3307 4807 Felckm.
3345 4754 3368 4805 1
3408 4769 3580 4808 anon.
3611 4756 3685 4807 At
3717 4751 3814 4808 alii

2164 4829 2220 4880 et
2242 4819 2411 4886 'editi,
2445 4821 2472 4873 ὁ
2505 4819 2786 4881 διάοολος.

2236 4896 2347 4961 (38)
2374 4894 2585 4950 Jesuit.
2634 4893 2791 4949 Golb.
2844 4894 3084 4949 Taurin.
3118 4897 3175 4949 et
3211 4895 3296 4949 Fr.
3328 4896 3352 4949 1
3388 4896 3671 4950 omittunt
3717 4893 3816 4947 ἀν-

2166 4965 2439 5024 θρώπους.

2201 4985 2477 5109 ρῗέτῷῗυὲίο
2522 5036 2651 5108 Seg.
2688 5034 2845 5090 Colb.
2883 5037 3138 5109 Taurin.
3189 5037 3396 5092 Jesnit.
3428 5043 3481 5092 et
3514 5038 3605 5093 Fr.
3643 5039 3690 5106 1,
3718 5036 3818 5109 qui

2168 5103 2406 5165 et'mox
2464 5103 2679 5178 habe‘nt
2738 5106 2932 5178 μεστὰς
2982 5103 3331 5178 δολιότητος.
3366 5109 3480 5163 Alii
3539 5116 3595 5164 et
3653 5103 3817 5178 editi,

2170 5176 2669 5261 σχηματιζόμενος,
2698 5175 2944 5261 θῐημετὰ
2976 5175 3318 5261 δολιότητοςζ

2240 5245 2352 5323 (710)
2385 5245 2513 5306 Haec
2543 5245 2737 5323 verba.
2762 5245 2997 5323 εἴρηκεν,
3021 5258 3155 5320 etc.,
3183 5245 3254 5307 ad
3289 5245 3547 5311 διάϐολος
3580 5250 3820 5318 inclus.,

2169 5324 2385 5377 desunt
2436 5323 2491 5376 in
2545 5322 2780 5392 Seguer.
2834 5322 3086 5377 Felckm.
3127 5326 3148 5378 1
3194 5329 3249 5378 et
3294 5326 3328 5376 2
3376 5340 3548 5377 anon.
3578 5323 3823 5379 Taurin.

2170 5400 2227 5449 et
2256 5393 2463 5449 Jesuit.
2496 5393 2597 5463 qui
2626 5400 2819 5448 tamen
2864 5394 2980 5449 duo
3020 5394 3209 5449 ultimi
3243 5410 3439 5450 vocem
3474 5412 3683 5465 ειρηκεν
3718 5395 3825 5451 ha-

2172 5468 2329 5520 bent.

2246 5537 2621 5611 (1’11)Seg_uer.
2655 5536 2906 5611 _(_}oblo_r,
2948 5542 3003 5590 et
3048 5537 3298 5611 Felckmi.
3338 5539 3361 5591 ·1
3400 5556 3572 5594 anon.
3623 5535 3826 5611 ψεύσα-

2178 5606 2298 5669 σθαι
2334 5606 2618 5673 πεποίηκε.
2655 5606 2784 5660 Mox
2833 5608 3007 5662 iidem
3056 5625 3189 5663 cum
3240 5610 3480 5664 Taurin.
3514 5616 3570 5666 et
3615 5606 3823 5667 Jesuit.

2176 5679 2396 5737 habent
2425 5678 2480 5732 at
2511 5675 2762 5759 αἱρέσεις.
2797 5678 2909 5736 Sed
2941 5677 3041 5738 alii
3074 5686 3130 5739 et
3160 5680 3299 5739 editi
3331 5679 3383 5736 αἱ
3416 5684 3718 5742 omittunt.

3474 5885 3551 5949 18
