4148 6390
382 7 489 20 -μὲι--ἠ
504 8 845 22 animum:

378 407 494 468 54⁵1

914 404 979 466 S.
1026 398 1457 465 ATHANASII
1500 398 1674 463 OPP.
1721 397 1922 460 PARS
1966 397 2016 459 Ι.
2056 426 2126 442 ——
2162 399 2581 463 HISTORICA
2626 402 2731 463 ET
2772 400 3249 465 DOGMATICA.

3666 409 3785 469 548

374 554 509 595 sum
540 536 832 607 Christus,
860 541 917 594 et
953 535 1110 609 apud
1141 551 1236 592 me
1264 538 1354 591 est
1382 533 1629 602 veritas;
1660 536 2021 603 cunctasque

2136 551 2192 606 γε
2220 532 2542 607 παράδοξον,
2574 538 2740 588 πᾶσαι
2788 533 2926 607 πρὸς
2978 534 3167 597 ἑαυτάς
3215 534 3270 589 αἱ
3319 533 3551 611 αἱρέσεις
3604 536 3787 614 μαχό-

372 642 617 700 prorsus
646 642 782 683 cum
813 626 1134 699 separatim
1182 629 1308 679 tum
1362 620 1755 679 communiter
1786 620 2016 676 mentiri

373 716 566 790 coegit
591 718 879 772 veterator
903 731 916 771 :
942 718 999 769 et
1027 713 1182 786 quod
1216 712 1473 785 profecto
1505 711 1721 766 mirum
1754 715 1863 776 est,
1885 725 2020 764 cum

375 821 581 862 omnes
611 805 861 861 haereses
892 804 1175 859 adversus
1203 802 1431 873 seipsas
1452 800 1756 865 dimicent,
1782 803 1846 853 ut
1876 814 2021 852 una-

376 909 623 966 quaeque
659 908 728 949 ea
772 909 900 965 quae
930 895 1266 949 commenta
1312 893 1403 947 est
1448 893 1705 959 tueatur,
1738 886 1930 943 solum
1963 886 2023 941 in

377 982 712 1038 mentiendo
742 980 895 1037 inter
940 996 1004 1036 se
1047 978 1427 1037 consentiunt
1459 995 1472 1034 :
1506 977 1788 1034 nimirum
1838 991 2025 1031 unum

376 1086 580 1128 omnes
610 1074 834 1142 patrem
858 1069 1098 1137 habent,
1122 1069 1224 1141 qui
1247 1067 1623 1124 mendacium
1648 1066 1796 1139 ipsis
1821 1081 2026 1136 super-

375 1158 687 1215 seminavit
703 1158 746 1214 ⁸.
781 1158 964 1231 Igitur
991 1157 1262 1230 quisquis
1294 1156 1494 1213 ﬁdelis
1529 1159 1618 1212 est
1646 1161 1704 1210 et
1734 1152 2028 1225 Evangelii

372 1245 721 1320 discipulus,
753 1263 820 1303 ac
847 1247 1001 1302 dono
1052 1245 1386 1319 spiritualia
1414 1244 1785 1301 discernendi
1819 1242 2026 1315 pradi-

371 1340 489 1404 tus,
512 1335 732 1408 quique
753 1352 924 1392 suam
955 1335 1090 1392 ﬁdei
1119 1336 1363 1391 domum
1393 1334 1453 1390 in
1478 1340 1641 1407 petra
1659 1332 1963 1388 aediﬁcavit
1981 1332 2028 1400 ⁸,

371 1429 490 1482 stat
516 1425 747 1494 ﬁrmus,
779 1429 838 1481 et
878 1428 1045 1481 tutus
1077 1424 1150 1480 ab
1182 1423 1419 1480 illorum
1472 1423 1677 1479 fraude
1706 1424 1922 1477 manet.
1955 1424 2033 1474 At

371 1513 474 1587 qui
502 1512 753 1586 simplex
780 1516 892 1582 est,
913 1516 979 1569 ut
1006 1511 1147 1582 dixi,
1171 1528 1277 1569 nec
1298 1512 1465 1568 valde
1486 1512 1841 1577 instructus;
1871 1509 1923 1565 is
1955 1508 2028 1563 ad

369 1603 548 1659 verba
574 1604 862 1659 duntaxat
883 1602 1214 1672 attendens,
1236 1618 1342 1657 nec
1369 1616 1612 1657 sensum
1644 1599 2027 1672 perspiciens,

373 1690 684 1749 confestim
739 1689 1148 1747 hereticorum
1198 1688 1463 1746 artiﬁciis
1511 1688 1846 1745 attrahitur.
1878 1690 2032 1752 Quo-

375 1778 532 1837 circa
561 1795 729 1836 orare
765 1783 823 1835 et
870 1779 1142 1835 convenit
1171 1783 1229 1834 et
1259 1794 1493 1834 necesse
1523 1783 1635 1850 est,
1669 1781 1734 1833 ut
1781 1777 2031 1849 gratiam

376 1868 745 1925 discernendi
771 1868 1016 1941 spiritus
1039 1871 1576 1940 consequamur,ut
1598 1866 2032 1937 unusquisque,
2065 1909 2112 1973 B

376 1957 877 2030 quemadmodum
908 1961 1109 2013 monet
1127 1956 1405 2029 Joannes,
1429 1961 1764 2029 cognoscat,
1790 1954 2032 2027 quinam

377 2047 617 2121 quidem
646 2045 968 2118 rejiciendi,
1001 2045 1242 2117 quinam
1273 2062 1409 2101 vero
1453 2050 1739 2117 tanquam
1770 2043 1945 2099 amici
1975 2047 2034 2099 et

373 2136 639 2207 ejusdem
687 2134 825 2191 ﬁdei
868 2140 1192 2203 consortes,
1243 2134 1364 2190 sint
1421 2134 1793 2189 admittendi.
1851 2132 2034 2188 Multa

370 2241 515 2282 sane
542 2225 604 2280 in
633 2224 786 2280 hanc
826 2239 951 2279 rem
999 2222 1201 2281 liceret
1231 2222 1510 2294 scribere,
1542 2223 1592 2279 si
1624 2223 1720 2278 cui
1772 2224 1888 2278 ista
1936 2239 2033 2277 ac-

280 2306 283 2313 ’
369 2318 570 2371 curate
597 2318 849 2371 tractare
890 2318 1049 2370 esset
1076 2313 1333 2369 animus.
1366 2312 1515 2369 Nam
1568 2311 1738 2367 facile
1787 2327 2034 2383 appare-

372 2403 481 2474 bit,
503 2419 683 2475 quam
717 2402 902 2459 multa
927 2402 1205 2475 variaque
1234 2403 1314 2458 sit
1336 2401 1628 2457 haeresum
1662 2401 1937 2473 impietas
1967 2417 2034 2456 ac

374 2493 749 2565 perversitas,
782 2506 1077 2564 quamque
1126 2491 1441 2547 metuenda
1488 2489 1819 2546 fallentium
1873 2496 2034 2545 astu-

376 2581 480 2638 tia.
512 2585 731 2638 Verum
785 2580 925 2653 quia
975 2580 1175 2636 divina
1226 2580 1527 2652 Scriptura
1582 2580 1752 2653 longe
1811 2579 2036 2635 caeteris

378 2671 656 2729 omnibus
707 2673 967 2743 praestat,
998 2670 1215 2726 idcirco
1246 2668 1338 2725 his
1370 2669 1471 2741 qui
1520 2667 1691 2741 plura
1720 2668 1829 2725 hac
1875 2669 1945 2724 de
1976 2684 2038 2724 re

379 2759 597 2816 habere
623 2758 937 2828 voluerint,
958 2763 1163 2815 auctor
1190 2758 1316 2831 ipse
1341 2774 1475 2814 sum
1506 2762 1568 2813 ut
1590 2756 1819 2813 divinos
1855 2755 2037 2812 libros

2133 639 2287 691 μεναι
2317 620 2439 694 περὶ
2473 620 2546 675 ὧν
2579 617 2808 677 ἔπλασεν
2860 625 2971 697 (42)
3021 622 3216 692 ἑκάστη
3271 628 3473 695 κακῶν,
3528 623 3580 679 ὲν
3636 626 3790 701 μόνῳ

2128 711 2207 779 τῷ
2235 705 2518 782 ψεύδεσθαι
2570 708 2921 779 συνεδέθησαν
2972 709 3271 782 ἀλλήλαις·
3304 708 3396 767 ἕνα
3442 712 3546 788 γὰρ
3571 704 3789 790 ’ἔχουσι

2131 796 2334 871 πατέρα
2379 798 2471 853 τὸν
2524 797 2721 861 πάσαις
2771 798 3155 874 ἐπισπείραντα
3208 799 3271 854 τὸ
3324 798 3541 875 ψεῦδος.
3593 802 3649 856 Ὀ
3693 803 3790 877 μὲν

2133 882 2223 939 οὖν
2256 886 2447 947 πιστὸς
2477 887 2566 941 καὶ
2594 892 2691 941 τοῦ
2723 886 3062 964 Εὐαγγελίου
3111 884 3394 962 μαθητὴς,
3428 888 3574 966 ἔχων
3628 893 3792 968 χάριν

2130 978 2227 1028 τοῦ
2252 977 2366 1048 (43)
2412 972 2705 1053 διακρίνειν
2752 978 2820 1032 τὰ
2865 979 3225 1052 πνευματικὰ,
3273 979 3365 1034 καὶ
3416 978 3505 1035 ἐπὶ
3548 980 3649 1050 τὴν
3696 982 3794 1037 πέ-

2131 1082 2260 1137 τραν
2314 1061 2686 1137 οἰκοδομήσας
2735 1066 2926 1121 ἑαυτοῦ
2989 1068 3089 1136 τὴν
3140 1074 3242 1138 τῆς
3301 1067 3537 1133 πίστεως
3593 1070 3794 1142 οὶκίαν,

2136 1148 2353 1222 ἕστηκεν
2401 1150 2613 1228 ἑδραῖος
2661 1153 2749 1209 καὶ
2790 1154 2998 1224 ἀσαλὴς
3047 1156 3153 1211 ἀπὸ
3183 1164 3287 1226 τῆς
3335 1156 3542 1213 τούτων
3578 1159 3789 1231 ἀπάτης

2137 1238 2423 1313 διαμένων·
2484 1242 2512 1297 ἆ
2570 1239 2628 1297 δὲ
2681 1241 2907 1315 ἁπλοῦς,
2963 1244 3037 1306 ὡς
3082 1251 3343 1322 προεῖπον
3392 1249 3525 1322 (44),
3576 1248 3668 1303 καὶ
3715 1250 3790 1321 μὴ

2137 1331 2473 1405 κπηχηθεῖς
2526 1331 2791 1407 ἰσχυρῶς,
2843 1334 2871 1387 ὁ
2903 1338 3153 1397 τοιοῦτος
3206 1336 3273 1389 τὰ
3326 1334 3599 1414 λεγόμενα
3632 1337 3796 1411 μόνον

2098 1476 2101 1477 ,
2140 1424 2376 1492 σκοπῶν,
2425 1419 2516 1474 καὶ
2552 1420 2627 1493 μὴ
2670 1422 2769 1490 τὴν
2822 1418 3060 1477 διάνοιαν
3112 1425 3353 1499 θεωρῶν,
3403 1424 3559 1490 εὐθὺς
3594 1425 3799 1481 ὑποσύ-

2141 1528 2286 1584 ρεται
2312 1514 2430 1570 ταῖς
2461 1507 2678 1563 ἐκείνων
2734 1507 3079 1583 μεθοδείαιςρ
3110 1513 3208 1567 Διὰ
3255 1517 3417 1568 τοῦτο
3469 1512 3638 1573 καλόν
3682 1514 3798 1570 ἐστι

2138 1597 2230 1652 καὶ
2280 1597 2564 1673 ἀναγκαῖον
2625 1595 2878 1673 εὔχεσθαι
2923 1594 3221 1673 λαμϐάνειν
3281 1599 3533 1679 χάρισμα
3589 1602 3802 1681 διακρί-

2142 1706 2276 1748 σεως
2325 1686 2645 1759 πνευμάτων
2684 1730 2698 1757 ,
2747 1683 2839 1741 ’ίνα
2910 1683 3134 1751 ἕκαστος
3210 1691 3448 1767 γινώσκῃ
3504 1694 3641 1748 κατὰ
3695 1697 3798 1748 τοῦ

2137 1775 2397 1849 ξΙωάννου
2450 1773 2839 1851 παραγγελίαν,
2896 1776 3044 1840 τίνας
3106 1778 3201 1851 μὲν
3257 1774 3593 1836 ἀποϐάλλειν
3644 1782 3799 1861 ὀφεί-

2144 1860 2226 1917 λει
2258 1865 2392 1937 (45),
2444 1862 2596 1925 τίνας
2645 1861 2702 1919 δὲ
2749 1861 3287 1941 προσλαμϐάνεσθαι,
3340 1868 3417 1933 ὡς
3464 1869 3658 1948 φίλους
3690 1860 3802 1927 Ῠκαὶ

2141 1959 2244 2021 τῆς
2294 1951 2461 2022 αὐτῆς
2520 1948 2676 2016 ὄντας
2734 1954 2986 2017 πίστεως.
3047 1955 3241 2013 Πολλᾶ
3299 1958 3393 2031 μὲν
3446 1958 3536 2015 οὖν
3606 1962 3665 2015 ἄν
3716 1983 3802 2025 τις

2142 2042 2416 2117 γράψειεν,
2464 2041 2511 2096 εἰ
2572 2042 2831 2118 βούλοιτο
2889 2045 3015 2120 περὶ
3065 2045 3273 2102 τούτων
3329 2047 3798 2126 ἐπεξεργάσασθαι·

2142 2128 2328 2200 πολλή
2362 2132 2466 2207 γὰρ
2496 2131 2585 2186 καὶ
2617 2132 2847 2204 ποικίλη
2882 2138 2988 2188 τῶν
3038 2134 3295 2212 αἱρέσεων
3340 2138 3375 2206 ἡ
3425 2140 3545 2208 (46)
3583 2135 3804 2197 ἀσέϐεια

2142 2220 2297 2290 καὶὴ
2339 2220 2714 2299 κακοφροσύνη
2766 2225 3082 2299 φανήσεται,
3129 2224 3220 2280 καὶ
3275 2222 3424 2295 δεινὴ
3471 2226 3592 2283 λίαν
3623 2231 3657 2299 ἡ
3691 2234 3802 2285 τῶν

2143 2309 2495 2399 ἀπατώντων,
2529 2312 2855 2387 πανουργία.
2926 2310 3147 2383 Ἐπειδὴ
3228 2311 3285 2369 δὲ
3335 2317 3370 2385 ἠ
3429 2316 3546 2372 θεία
3612 2322 3801 2399 Γραφὴ

2143 2399 2358 2453 πάντων
2394 2396 2531 2452 ἐστὶν
2566 2399 2883 2476 ἱκανωτέρα,
2935 2401 3131 2457 τούτου
3164 2404 3324 2479 χάριν
3374 2410 3492 2468 τοῖς
3530 2396 3806 2483 βουλομέ-

2144 2508 2258 2550 νοις
2287 2488 2356 2542 τά
2403 2485 2591 2543 πολλὰ
2628 2488 2750 2562 περὶ
2801 2489 3009 2544 τούτων
3057 2492 3341 2568 γινώσκειν
3391 2492 3806 2568 συμϐουλεύσας

2147 2576 2493 2652 ἐντυγχάνειν
2552 2582 2671 2639 τοῖς
2731 2576 2898 2642 θείοις
2958 2577 3147 2656 λόγοις
3200 2584 3333 2656 (47),
3394 2583 3556 2649 αὐτὸς
3603 2592 3695 2641 νῦν
3742 2589 3809 2644 τὸ

2146 2672 2458 2742 κατεπεῖγον
2495 2664 2800 2722 ἐσπούδασα
2847 2664 3117 2743 δηλῶσαι,
3167 2668 3251 2726 διὸ
3304 2672 3540 2746 μάλιστα
3586 2676 3675 2731 καὶ
3718 2677 3811 2733 οὕ-

2145 2776 2254 2817 τως
2284 2751 2516 2831 ἔγραψα.

377 2848 587 2906 sedulo
614 2846 815 2922 legant
846 2864 860 2904 :
893 2864 1000 2922 ego
1029 2864 1166 2904 vero
1195 2864 1374 2912 nunc,
1406 2849 1564 2920 quod
1595 2846 1778 2903 instat
1806 2846 2107 2919 properavi
2139 2846 2420 2914 indicare,
2452 2846 2630 2920 idque
2668 2847 3048 2920 potissimum
3082 2867 3176 2907 me
3206 2852 3443 2926 impulit
3474 2860 3539 2911 ut
3570 2854 3691 2913 haec
3722 2857 3814 2914 ita

376 2937 719 2996 scriberem.

446 3027 502 3085 5.
531 3028 597 3084 In
644 3027 806 3085 hisce
856 3026 1198 3101 regionibus
1254 3042 1628 3084 commorans
1674 3026 1890 3097 audivi,
1940 3025 2025 3081 uti

2184 3026 2260 3110 ,5.
2317 3025 2557 3079 ’Ήκουσα
2612 3024 2664 3080 ἐν
2723 3031 2839 3089 τοῖς
2903 3022 3091 3104 μέρεσι
3163 3029 3377 3094 τούτοις
3444 3028 3739 3110 διατρίϐων
3779 3082 3797 3107 ,

373 3116 641 3190 germani
660 3121 718 3174 et
736 3116 1045 3173 orthodoxi
1075 3117 1284 3173 fratres
1314 3115 1685 3185 nuntiarunt,
1707 3115 1936 3188 aliquos
1958 3132 2027 3171 ex

371 3206 498 3263 Arii
527 3206 915 3263 sectatoribus
937 3205 1118 3262 simul
1140 3205 1503 3273 convenisse,
1518 3222 1584 3261 ac
1607 3208 1678 3261 de
1700 3205 1833 3270 ﬁde,
1855 3208 2029 3276 prout

369 3293 700 3365 voluerunt,
724 3294 1057 3368 scripsisse,
1076 3294 1340 3367 velleque
1371 3295 1518 3351 217
1556 3296 1627 3351 ad
1669 3311 1769 3350 vos
1800 3294 2024 3351 litteras

369 3385 622 3453 mittere,
662 3389 726 3441 ut
773 3384 883 3451 vel,
916 3384 1419 3456 quemadmodum
1478 3385 1624 3455 ipsis
1680 3383 1887 3456 placet,
1921 3400 2023 3440 seu

369 3473 567 3546 potius
594 3480 660 3530 ut
687 3473 808 3530 illis
836 3473 1134 3547 suggessit
1154 3473 1445 3540 diabolus,
1479 3472 1903 3541 subscribatis;
1936 3471 2024 3529 vel

370 3562 472 3636 qui
518 3562 958 3629 contradixerit,
1001 3562 1062 3619 in
1113 3562 1387 3619 exsilium
1436 3561 1723 3633 ejiciatur.
1758 3561 2025 3634 Namque

368 3652 517 3725 ipsis
547 3653 727 3709 etiam
768 3652 1059 3725 episcOpis
1108 3652 1391 3708 harumce
1438 3650 1745 3724 regionum
1794 3650 2024 3707 molesti

359 3741 489 3815 jam
510 3757 640 3798 esse
659 3741 953 3814 incipiunt
975 3758 989 3798 :
1013 3742 1171 3815 quod
1197 3741 1400 3813 utique
1421 3757 1614 3797 mores
1636 3740 2022 3797 scribentium

367 3829 681 3888 manifeste
725 3830 940 3903 prodit.
962 3831 1073 3898 Qui
1110 3829 1271 3886 enim
1317 3828 1402 3885 ita
1453 3828 1738 3900 scribunt,
1771 3832 1839 3884 ut
1883 3845 2021 3886 sua-

435 3995 458 4031 ⁸
486 3996 697 4055 Matth.
726 4014 854 4067 xm,
883 3999 976 4055 25.
1054 3999 1077 4033 θ
1108 3997 1319 4055 Matth.
1353 4013 1456 4067 vn,
1488 3997 1580 4053 24.

437 4165 679 4249 (42)ν8ξο
733 4165 973 4241 Seguer.
1029 4168 1104 4225 At
1157 4165 1397 4223 Taurin.
1458 4159 1739 4222 ἔπλασσεν.
1795 4165 1911 4222 Alii
1968 4173 2027 4224 et

364 4233 504 4297 editi
515 4233 544 4303 ,’
560 4233 664 4291 ἔπλ
672 4233 824 4294 ασανξ

437 4309 550 4391 (43)
576 4310 818 4391 Ξεευθιξ
851 4310 1100 4391 χάρισμα
1127 4307 1211 4365 τό.
1243 4308 1456 4391 δεερὶς,
1488 4308 1745 4391 Cglbert.
1779 4309 2023 4391 Taurin.

365 4378 683 4457 χαρίσματᾶ
723 4378 1035 4466 τοῦᾙςΜοιί
1067 4387 1306 4456 Seguer.
1338 4381 1500 4437 Colb.
1535 4382 1774 4437 Taurin.
1807 4381 2023 4464 rlesuit.

367 4460 425 4510 et
452 4452 544 4529 Fr,
578 4454 632 4529 _1,
663 4452 753 4529 καὶ
795 4451 883 4529 ἐπι
929 4453 1129 4529 πέτραν
1160 4449 1555 4529 οἰκοδομήσας,
1584 4458 1697 4529 ιειιιοἒ
1729 4454 1847 4529 Alii
1893 4469 2027 4507 vero

366 4529 423 4597 et
453 4498 632 4597 editi,’
649 4522 738 4579 καί
769 4525 1009 4597 omisso,
1033 4496 1259 4582 [habent
1300 4496 1398 4597 έπῗ
1417 4496 2025 4597 ’πιέξηννῲκοδάμησεν

366 4593 542 4671 αὐτοῦ,
561 4595 660 4671 τὴν
691 4599 792 4671 τῇς
820 4591 1055 4671 πίστεως
1086 4596 1284 4671 οίκίαν,
1315 4594 1409 4671 καῖ
1433 4591 1682 4671 ἕστηκεν.

438 4667 551 4740 (44)
580 4666 816 4741 Seguer.
868 4668 1051 4744 ὥσπερ
1086 4667 1260 4723 εἶπον.
1311 4667 1542 4724 Gobler.
1595 4672 1654 4723 et
1703 4666 1959 4723 Felckm.
2000 4668 2024 4722 1

438 4755 519 4781 inn
577 4737 653 4781 ,Ἆρ’
704 4737 855 4781 εἶτ-ην
930 4742 1057 4781 Μηγ
1108 4742 1329 4781 Romam
1381 4739 1594 4781 anhlnr
1659 4744 1716 4781 nt.
1766 4738 2015 4781 Fnlnkm,

367 4738 543 4795 που.
577 4738 680 4800 ὥ(
704 4738 876 4797 εἶπον.
929 4738 1060 4797 Mox
1108 4742 1347 4815 Seguer.
1381 4739 1612 4796 Gobler.
1659 4744 1716 4793 et
1766 4738 2018 4794 Felckm.

369 4811 394 4866 1
431 4827 611 4887 anon1
642 4809 902 4887 ἰσχυρῶς.
935 4812 1051 4887 Alii
1083 4819 1278 4887 autem
1311 4815 1368 4867 et
1396 4806 1905 4887 θῴιί,ςῑισφαλῶς.⁸
1991 4879 1999 4887 _

436 4879 788 4958 (45),.iesuit;
812 4885 1048 4940 Taurin.
1076 4884 1324 4958 Colbert.
1349 4883 1528 4958 et
1560 4883 1612 4948 1,
1639 4879 1859 4958 omisso
1881 4879 2024 4958 ὀφείυ

368 4946 476 5028 λεί,
509 4946 736 5028 addunt
764 4951 847 5028 δεῖ
875 4961 1007 5028 post
1035 4954 1288 5028 πίστεως,
1326 4958 1396 5028 ut
1422 4946 1608 5028 iidem
1641 4953 1860 5028 habent
1890 4946 2023 5009 cum

369 5024 610 5109 Seguer.
636 5027 811 5082 Basil.
836 5024 1062 5109 {nglicr
1087 5027 1317 5109 gobler.
1356 5024 1611 5109 Felckf‘n:
1638 5026 1665 5080 1
1700 5031 1756 5080 et
1783 5027 2022 5109 ὅμηρος

369 5095 489 5168 quo
521 5099 695 5153 etiam
726 5099 898 5154 modo
928 5095 1067 5172 legit
1086 5098 1475 5155 Omnibonus.
1500 5095 1611 5151 Alii
1634 5112 1767 5151 vero
1799 5103 1855 5152 et
1885 5096 2024 5152 editi

369 5184 475 5226 ιιι-ο
504 5166 739 5226 πίστεως
773 5169 991 5226 habent
1029 5169 1260 5226 φύσεως.
1294 5173 1420 5223 Mox
1451 5168 1690 5226 Seguer.
1721 5167 1934 5225 Jesuit.
1968 5174 2027 5225 et

396 5185 475 5225 IPO
504 5185 739 5229 πιστεως
774 5185 991 5227 ηοοοοῐ
1029 5185 1260 5229 φυσεως.
1294 5185 1420 5223 MOX
1451 5185 1690 5229 δοεζυοιυ.
1721 5185 1934 5225 δοευη.
1968 5186 1997 5224 8

369 5184 475 5294 FPO
504 5184 739 5229 πίστεως
774 5184 991 5227 habent
1029 5184 1260 5246 φύσεως.
1294 5184 1420 5223 mox
1451 5184 1690 5239 Seguer.
1721 5184 1788 5223 δε

415 5240 550 5315 ι’,Α1,
581 5237 943 5315 εῑᾼβοᾼύλοιτο.
979 5243 1091 5315 Alii
1123 5256 1181 5297 et
1208 5241 1371 5315 editi,
1502 5236 1788 5315 βούλοιτο..

362 5378 373 5387 ρ
406 5311 555 5397 ..(46)
585 5310 680 5397 Sic
711 5311 951 5397 ﬁeguer.
982 5314 1229 5397 Col-bent.
1257 5310 1511 5397 Taurqu
1532 5315 1591 5367 et
1619 5310 1828 5366 Jesuit.
1858 5313 1936 5397 'At
1963 5312 2023 5366 in

370 5382 501 5439 aliis
556 5389 616 5439 et
671 5382 844 5441 editis
892 5386 927 5454 ἡ
984 5384 1298 5441 omittitur.
1356 5383 1479 5439 Ibid
1568 5399 1669 5454 pro
1731 5382 2023 5454 φανήσεται

366 5457 459 5529 Fr.
496 5455 545 5529 1.
575 5456 816 5512 Taurin.
847 5453 923 5529 et
950 5457 1224 5529 Colbert._
1255 5456 1475 5529 habent
1519 5453 1793 5529 φαίνεται,
1817 5460 1874 5529 et
1922 5471 2024 5529 pro

368 5523 699 5601 ἀπατώντων
730 5528 960 5601 Anglic.
998 5528 1175 5584 habet
1202 5523 1585 5591 ἀπαντώντων,
1618 5531 1674 5581 et
1703 5523 1956 5601 Felclirri.
1989 5527 2027 5581 5

367 5613 541 5653 anon.
595 5595 869 5657 ἁπάντων.
902 5599 1079 5657 Basil.
1128 5601 1268 5655 item
1326 5615 1432 5672 pro
1489 5595 1793 5671 πανουργία
1848 5596 2028 5654 habet

367 5665 687 5720 κακουργία.

364 5685 687 5743 “meum

439 5738 553 5823 (47)
586 5738 675 5800 Fr.
709 5741 737 5798 1
770 5746 823 5798 et
874 5743 1112 5804 Taurin.
1161 5739 1399 5823 λογίοις.
1434 5738 1582 5799 Ibid.
1608 5752 1615 5756 '
1638 5740 1876 5817 Seguer.
1911 5741 2023 5801 Go-

2137 3109 2364 3191 ἀδελφοὶ
2393 3114 2493 3190 γάρ
2525 3118 2639 3189 (48)
2675 3118 2889 3192 γνήσιοι
2936 3117 3025 3172 καὶ
3067 3121 3165 3187 τῆς
3214 3120 3380 3193 ὀρθῆς
3428 3109 3591 3194 δόξης
3641 3118 3797 3189 ὅντες

2139 3202 2500 3279 ἀπήγγειλαν,
2533 3204 2607 3267 ὡς
2642 3202 2743 3281 ἄρα
2766 3206 2901 3269 τινὲς
2936 3206 3282 3273 συνελθόντες
3323 3215 3431 3266 τῶν
3479 3214 3547 3267 τὰ
3575 3214 3799 3288 ’Δρείου

2137 3292 2479 3369 φρονούντων
2515 3292 2747 3370 ἔγραψαν
2781 3292 2938 3364 δῆθεν
2989 3297 3113 3373 περὶ
3158 3297 3414 3372 πίστεως,
3467 3302 3542 3365 ὡς
3584 3295 3798 3374 ἦθέλη-

2137 3402 2228 3435 σαν
2262 3384 2394 3455 (49),
2427 3383 2517 3437 καὶ
2572 3382 2818 3438 θέλουσιν
2875 3385 3191 3464 ἀποστεῖλαι
3239 3390 3376 3463 πρὸς
3428 3391 3589 3464 ὑμᾶς,
3636 3390 3730 3449 ’ίνα
3758 3395 3795 3464 ἢ

2137 3470 2492 3546 ὑπογράψητε
2521 3472 2656 3527 κατά
2683 3472 2746 3528 τὸ
2791 3471 2982 3530 δοκοῦν
3017 3462 3236 3549 ἀύτοῖς,
3292 3462 3507 3551 μᾶλλον
3561 3478 3619 3537 δὲ
3664 3462 3799 3538 καθδ

2136 3559 2440 3615 ἐνέπνευσεν
2475 3560 2661 3625 αὐτοῖς
2692 3563 2720 3617 ὁ
2751 3558 3012 3627 διάϐολος
3209 3567 3243 3637 ἢ
3276 3569 3303 3623 ὁ
3336 3569 3636 3646 ἀντιλέγων
3683 3575 3797 3647 (51)

2137 3649 2421 3725 ὑπερόριος
2450 3649 2690 3726 γένηται.
2726 3652 2823 3707 Καὶ
2864 3652 2968 3730 γὰρ
3014 3655 3104 3709 καὶ
3152 3655 3280 3719 τοὺς
3326 3655 3653 3723 ἐπισκόπους
3682 3666 3787 3716 τῶν

2138 3743 2314 3813 μερῶν
2346 3740 2550 3795 τούτων
2583 3738 2691 3812 ἤδη
2752 3738 2989 3798 διοχλεῖν
3196 3742 3482 3822 ἄρχονται.
3523 3751 3792 3805 Ἐντεῦθεν

2134 3827 2224 3883 οὗν
2261 3828 2289 3883 ὁ
2319 3827 2524 3904 τρόπος
2552 3833 2660 3885 τῶν
2711 3830 3027 3910 γραφόντων
3079 3830 3253 3904 δῆλος
3305 3834 3532 3912 γίνεται.
3584 3838 3647 3894 Οἱ
3692 3837 3797 3919 γὰρ

2134 4168 2282 4224 bler.
2315 4173 2374 4224 et
2410 4169 2666 4225 Felckm.
2701 4171 2726 4226 1
2761 4188 2937 4228 anon.
2982 4170 3144 4236 αὐτὸς
3191 4179 3282 4229 νῦν
3310 4174 3394 4234 τό.
3428 4180 3638 4237 Jesuit.
3673 4181 3794 4238 Col.

2136 4241 2285 4327 hert.
2318 4240 2555 4365 Tgurin.
2587 4247 2646 4297 et
2679 4243 2765 4299 Fr.
2816 4246 2867 4312 1,
2917 4242 3078 4306 αὐτὸς
3127 4244 3326 4304 τοίνυν.
3363 4251 3512 4307 Editi
3564 4257 3621 4309 et
3671 4254 3798 4324 alii,

2136 4330 2298 4365 αυτος
2324 4331 2354 4363 τ
2396 4355 2409 4365 .

2136 4330 2659 4477 abest
2685 4386 3342 4477 aAgesuit.‘Colbert.wet
3370 4393 3797 4477 Taurinalbid.

2136 4458 2369 4525 Seguer.
2405 4455 2634 4511 Gobler.
2680 4456 2934 4515 Felckm.
2969 4462 2995 4516 1
3042 4478 3213 4518 anon.
3248 4457 3394 4525 ὄντες
3426 4460 3588 4534 δόξης
3621 4463 3795 4541 ἐγνώ-

2140 4544 2320 4669 ριῖἷξ)
2352 4598 2447 4653 Sic
2481 4598 2719 4669 Seguer.
2743 4599 2951 4656 Jesuit.
2973 4603 3133 4659 Colb.
3159 4606 3400 4661 Taurin.
3425 4608 3517 4664 Fr.
3544 4609 3594 4664 ι.
3621 4610 3790 4666 Gobl.

2135 4669 2387 4794 S‘gégkm.
2422 4670 2446 4725 1
2483 4675 2540 4725 et
2568 4673 2603 4724 5
2632 4689 2808 4727 anon.
2841 4673 2952 4728 Alii
2982 4693 3117 4731 vero
3146 4683 3204 4732 et
3235 4680 3373 4733 editi
3405 4681 3691 4737 omittunt
3719 4680 3799 4744 ὡς

2161 4776 2168 4794 ι
2260 4761 2436 4794 θησαν.

2477 4814 2607 4887 Seg.
2631 4814 2842 4870 Jesuit.
2865 4816 3023 4872 Colb.
3052 4820 3227 4874 Taur.
3258 4821 3425 4877 Gobl.
3455 4822 3604 4878 Felc.
3636 4824 3661 4878 1
3697 4841 3792 4880 an.

2133 4890 2191 4941 et
2221 4886 2310 4961 Er.
2334 4886 2610 4961 _1.‘Caeteri
2638 4891 2695 4961 e_t
2716 4887 2849 4941 edili
2884 4891 3168 4961 omittunt
3188 4886 3245 4961 ἤ.
3275 4893 3421 4949 ibid.
3448 4894 3569 4950 haec
3593 4895 3789 4961 verba,

2132 4956 2270 5010 κατὰ
2294 4955 2362 5029 fre
2391 4952 2584 5029 δοκοῦν
2618 4955 2821 5028 αὐτοῖς,
2856 4956 3071 5029 μᾶλλον
3108 4958 3165 5015 δὲ
3194 4952 3325 5026 καθὸ
3360 4963 3665 5019 ἐνέπνευσεν
3698 4952 3791 5020 cui;

2132 5031 2250 5088 τοῖς
2283 5027 2311 5080 ὁ
2343 5021 2622 5106 διάϐολος,
2653 5021 2870 5106 (1θὲαὸὶ
2892 5034 2957 5106 Ain
2990 5034 3121 5106 Seg.
3149 5021 3360 5091 Jesuit.
3386 5038 3553 5094 Gobl.
3588 5038 3732 5093 Felc.
3759 5037 3783 5091 1

2135 5116 2308 5156 anon.
2342 5100 2593 5155 Colbert.
2628 5105 2685 5155 et
2728 5101 2967 5158 Taurin.

2341 5174 2589 5296 Seguer.
2632 5171 2861 5229 Gobler.
2914 5179 2970 5230 et
3016 5176 3270 5234 Felckm.
3308 5181 3332 5235 1
3368 5197 3542 5237 anon.
3576 5179 3611 5248 ἢ
3643 5177 3777 5232 ἀντι-

2352 5280 2473 5393 ἓῖὲ,
2495 5315 2621 5386 ερε.
2658 5314 2823 5393 opm.
2870 5321 2948 5393 et,
2976 5319 3187 5393 Felc._1
3223 5323 3528 5393 an.__Editi,
3559 5320 3655 5393 Kai
3676 5317 3781 5393 γὰρ

2132 5383 2248 5469 τοῖς
2281 5383 2606 5469 ,ἐπισκόποις
2652 5389 2758 5469 Etim
2813 5392 2990 5469 μερῶν
3040 5389 3250 5445 τούτων
3293 5390 3402 5462 ἤδη
3459 5383 3785 5467 διενοχλέῖν.

2133 5457 2343 5537 Jesuit.
2377 5456 2829 5537 901b.etTauur:.
2865 5456 2962 5537 καὶ
3011 5462 3115 5537 γάρ
3166 5464 3255 5517 καὶ
3303 5456 3419 5528 τοῖς
3474 5456 3794 5524 ἐπισκόποις

2120 5532 2253 5611 ﬁcii?“
2276 5531 2453 5611 μερῶν
2498 5525 2704 5611 τούτων
2755 5525 2864 5598 ἤδη
2917 5525 3183 5611 διοχλεῖν.
3226 5538 3372 5592 Ibid.
3405 5525 3642 5611 Seguer.
3674 5536 3800 5588 Ἐν-

2133 5596 2315 5653 τεῦθεν
2347 5596 2445 5667 ’μὲν
2480 5596 2593 5655 οὖν.
2630 5596 2787 5656 ΜΘΠὶ
2836 5596 2893 5657 et
2941 5596 3150 5662 Jesuit.
3181 5608 3431 5667 Colbert.
3465 5596 3707 5664 Taurin.
3744 5612 3807 5663 et

2134 5671 2567 5833 gazivhahent
2613 5671 2953 5750 γραφόντων.
3003 5677 3117 5735 Alii
3164 5697 3299 5738 vero
3347 5686 3404 5740 et
3451 5680 3616 5754 editi,
3664 5698 3805 5759 γρα-
