4148 6410
303 483 422 543 549

1104 478 1488 539 EPISTOLA
1535 479 1640 538 AD
1687 476 2118 540 EPISCOPOS
2162 478 2477 541 JEGYPTI
2522 481 2622 541 ET
2667 480 2947 541 LIBYE.

3612 482 3734 544 550

307 612 450 667 οὕτω
507 612 830 689 γράφοντες,
863 607 1001 665 ὥστε
1046 611 1108 664 τὸ
1146 608 1307 672 τέλος
1336 614 1445 665 τῶν
1479 612 1817 684 γραμμάτων
1853 612 1963 683 (53)

2112 629 2208 666 um
2236 612 2561 667 litterarum
2592 613 2728 668 ﬁnis
2751 613 2829 669 sit
2850 612 3124 668 exsilium
3147 611 3342 668 aliave
3365 630 3544 685 poenae
3569 630 3582 667 :
3610 615 3737 685 qui-

302 700 479 754 αύτῶν
548 698 832 776 ἐξορισμὸν
892 699 981 754 καὶ
1044 697 1218 761 ἄλλας
1275 699 1546 774 τιμωρίας
1602 697 1771 774 ἔχειν,
1803 698 1856 753 τί
1910 698 1968 754 ἂν

299 789 400 842 εἶεν
436 790 489 842 οἱ
516 794 759 843 τοιοῦτοι
808 787 842 855 ἢ
898 791 1235 860 Χριστιανῶν
1293 787 1386 860 μὲν
1440 785 1749 864 ἀλλότριοι,
1785 783 1971 842 διαϐό-

299 874 399 931 λου
431 874 488 931 δὲ
522 878 611 931 καὶ
648 881 756 931 τῶν
794 875 1000 930 ἐκείνου
1034 874 1306 949 δαιμόνων
1354 873 1543 953 φίλοι;
1583 874 1819 949 μάλιστα
1866 875 1970 948 ὅτι,

296 970 396 1020 τοῦ
451 960 871 1020 θεοσεϐεστάτου
921 967 1035 1037 (54)
1084 962 1353 1039 βασιλέως
1412 964 1785 1019 Κωνσταντίου
1841 963 1973 1043 φιλ-

314 1055 605 1129 ανθρώπου
654 1048 833 1121 ὄντος,
867 1053 1012 1129 παρὰ
1064 1053 1295 1127 γνώμην
1347 1052 1511 1107 αὐτοῦ
1560 1052 1886 1124 θρυλλοῦσιν
1943 1053 1975 1107 ἃ

314 1140 561 1197 θέλουσιν
624 1141 815 1196 αὐτοί·
873 1141 962 1196 καὶ
1016 1143 1118 1217 γὰρ
1178 1140 1267 1195 καὶ
1318 1146 1480 1197 τοῦτο
1551 1147 1769 1196 ποιοῦσι
1842 1144 1977 1216 μετὰ

293 1229 515 1301 πολλῆς
554 1232 646 1305 μὲν
679 1230 1036 1305 πανουργίας,
1073 1227 1179 1284 δύο
1211 1227 1267 1283 δὲ
1309 1230 1519 1284 τούτων
1580 1228 1816 1303 μάλιστα
1870 1232 1973 1306 χά-

303 1341 407 1394 ριν,
444 1320 518 1382 ὥς
579 1321 642 1395 γέ
704 1341 796 1393 μοι
846 1319 1131 1397 φαίνεταιο
1194 1319 1310 1381 ἐνὸς
1366 1319 1481 1391 μὲν,
1521 1317 1611 1373 ’ἱνα
1665 1320 1776 1389 καὶ,
1823 1321 1974 1387 ὑμῶν

306 1410 771 1484 ὑπογραψάντων,
826 1406 1021 1479 δόξωσι
1079 1408 1267 1463 παύειν
1327 1409 1419 1481 μὲν
1470 1409 1569 1478 τὴν
1620 1408 1832 1483 Ἀρείου
1880 1430 1975 1463 κα-

295 1498 598 1571 κωνυμίαν,
634 1497 912 1553 λανθάνειν
948 1495 1004 1552 δὲ
1035 1497 1187 1551 αὐτοὶ
1221 1498 1297 1559 ὡς
1329 1498 1402 1570 μὴ
1457 1498 1522 1552 τὰ
1572 1497 1789 1573 Ἀρείου
1839 1518 1969 1575 φρο-

299 1592 516 1649 νοῦντες
544 1609 555 1621 ·
592 1588 777 1664 ἑτέρου
811 1585 867 1641 δὲ
898 1590 1033 1661 (55),
1062 1586 1155 1640 ’ἶνα
1184 1592 1353 1641 ταῦτα
1411 1587 1741 1664 γράφοντες,
1776 1584 1977 1659 δόξωσι

305 1675 471 1731 πάλιν
506 1676 851 1752 ἐπικρύπτειν
877 1677 976 1744 τὴν
1019 1674 1070 1729 ἐν
1121 1678 1318 1745 Νικαίᾳ
1364 1675 1664 1749 γενομένην
1722 1674 1979 1761 σύνοδον,

309 1768 399 1819 καὶ
449 1766 549 1835 τὴν
599 1764 894 1820 ἐκτεθεῖσαν
928 1764 980 1819 ἐν
1013 1764 1150 1838 αὐτῇ
1209 1766 1345 1818 κατὰ
1401 1771 1503 1833 τῆς
1538 1765 1822 1839 ’Δρειανῆς
1857 1767 1969 1838 (56)

300 1854 563 1929 αἱρέσεως
594 1853 795 1911 πίστιν.
829 1852 1009 1909 Ἀλλά
1036 1852 1128 1907 καὶ
1158 1856 1321 1907 τοῦτο
1358 1851 1571 1925 μᾶλλον
1607 1851 1830 1929 ἐλέγχει
1883 1853 1980 1907 αὐ·

297 1947 405 1996 τῶν
436 1944 533 2011 τὴν
561 1945 884 2013 κακοήθειαν
918 1943 1007 1996 καὶ
1037 1942 1138 2009 τὴν
1202 1938 1565 2017 ἑτεροδοξίαν⁸
1621 1941 1667 1996 εἴ
1718 1944 1818 2017 γὰρ
1864 1940 1979 1996 ἐπί-

302 2052 487 2085 στευον
570 2031 764 2105 ὀρθῶς,
828 2032 1095 2105 ἠρκοῦντο
1169 2033 1238 2103 τῇ
1317 2030 1367 2084 ἐν
1437 2030 1632 2101 Νικαίᾳ
1692 2029 1959 2104 ἐκτεθείσῃ

302 2120 477 2175 πίστει
538 2122 682 2197 παρὰ
724 2122 902 2191 πάσης
947 2127 1048 2189 τῆς
1119 2119 1505 2191 οἷκουμενικῆς
1558 2118 1822 2175 συνόδου·
1869 2120 1960 2175 καὶ

306 2209 350 2266 εἷ
398 2210 647 2284 ἐνόμιζον
691 2209 913 2271 ἑαυτοὺς
948 2210 1389 2287 συκοφαντεῖσθαι
1435 2209 1525 2263 καὶ
1576 2210 1749 2280 μάτην
1803 2207 1963 2283 λεγο-

309 2301 506 2373 μένους
549 2298 888 2375 Ἀρειανοὺς,
922 2297 1093 2374 ἐχρῆν
1147 2296 1346 2359 αὐτοὺς
1379 2300 1489 2371 (57)
1521 2299 1595 2370 μὴ
1648 2296 1964 2366 σπουδάζειν

306 2386 646 2443 ἐναλλάττειν
701 2388 770 2442 τὰ
821 2388 957 2441 κατά
1007 2384 1222 2461 Ἀρείου
1282 2384 1697 2463 γραφέντα,⁹ίνα
1758 2388 1833 2460 μὴ
1895 2386 1969 2447 ὡς

307 2477 424 2531 κατ’
481 2476 657 2531 αὐτῶν
937 2476 1217 2549 ὁρισθέντα
1281 2476 1348 2529 τὰ
1396 2480 1510 2529 κατ’
1568 2474 1777 2529 ἐκείνου
1834 2495 1970 2551 γρα-

312 2566 495 2642 φέντα.
547 2568 651 2619 Νῦν
704 2562 761 2618 δὲ
812 2568 971 2618 τοῦτο
1021 2564 1116 2636 μὲν
1176 2563 1237 2617 ού
1289 2562 1561 2635 ποίοῦσιν,
1596 2565 1671 2625 ὡς
1731 2561 1789 2617 δὲ
1822 2563 1975 2622 αὐτοὶ

307 2650 457 2715 ὄντες
489 2654 718 2727 ’Λρειος
752 2652 883 2728 ὑπὲρ
918 2652 1120 2707 ἑαυτῶν
1155 2652 1533 2727 ἀγωνίζονται.
1567 2659 1831 2707 Σκοπεῖτε
1862 2654 1977 2726 (59)

311 2742 414 2817 γὰρ
448 2740 523 2802 ὡς
555 2739 657 2794 ούκ
693 2738 952 2809 ἀληθείας
987 2739 1141 2813 μέλει
1198 2739 1441 2812 τούτοις,
1477 2738 1623 2795 ἀλλά
1669 2741 1844 2795 πάντα
1894 2738 1984 2795 διὰ

326 2831 425 2899 τὴν
461 2830 741 2904 Ἀρειανὴν
797 2826 998 2905 α’ίρεσιν
1060 2829 1149 2883 καὶ
1208 2826 1431 2903 λέγουσι
1489 2829 1577 2883 καὶ
1632 2831 1982 2906 πράττουσιν.

332 2919 393 2971 Οἱ
424 2918 526 2992 γὰρ
575 2917 894 2991 τολμῶντες
954 2913 1270 2972 διαϐάλλειν
1321 2919 1388 2972 τὰ
1434 2916 1620 2980 καλῶς
1680 2920 1985 2994 ὁρισθέντα,

329 3007 419 3061 καὶ
451 3008 674 3085 γράφειν
710 3007 1114 3083 ἐπιχειροῦντες
1170 3004 1316 3061 ἄλλα
1363 3014 1487 3082 παρ’
1539 3007 1734 3077 ἐκεῖνα,
1764 3008 1818 3062 τί
1874 3005 1988 3062 ἓτε-

330 3116 423 3171 ρον
479 3100 749 3166 ποιοῦσιν,
783 3096 818 3164 ἢ
850 3100 1209 3171 κατηγιροῦσι
1264 3096 1357 3168 μὲν
1413 3097 1525 3169 (60)
1556 3100 1661 3150 τῶν
1714 3096 1987 3173 Πατέρων,

328 3181 683 3261 προΐστανται
741 3182 799 3237 δὲ
854 3190 955 3251 τῆς
1017 3183 1297 3257 αἱρέσεως,
1332 3184 1447 3236 καθ’
1477 3186 1543 3251 ἧς
1596 3183 1786 3239 ἐκεῖνοι
1831 3185 1991 3259 γεγό-

330 3272 450 3327 νασί
478 3292 537 3326 τε
582 3270 671 3325 καὶ
708 3271 1080 3347 ἀπεφήναντο;
1129 3270 1226 3324 Καὶ
1275 3271 1377 3347 γὰρ
1426 3271 1516 3325 καὶ
1564 3277 1651 3326 νῦν
1688 3272 1720 3325 ἃ
1748 3274 1993 3349 γράφου-

2012 1992 2060 2056 Β

2082 718 2215 755 nam
2251 702 2467 771 hujus"
2537 703 2595 757 di
2626 703 2894 758 homines
2917 703 3191 758 censendi
3213 707 3353 757 sunt
3378 719 3553 774 quam
3577 703 3739 759 Chri-

2082 790 2411 844 stianorum
2444 790 2691 854 inimici,
2716 791 2886 846 amici
2917 808 3049 846 vero
3077 791 3318 857 diaboli,
3345 792 3591 863 ejusque
3622 792 3738 847 daa-

2083 895 2346 949 monum,
2374 879 2697 951 praesertim
2721 897 2855 935 cum
2888 886 3091 935 contra
3119 884 3375 936 mentem
3408 879 3741 936 Constantii

2083 968 2336 1039 piissimi
2386 968 2947 1040 clementissimique
2999 970 3544 1041 imperatoris,quaa
3592 969 3739 1041 ipsis

2084 1056 2316 1128 placent
2347 1058 2601 1112 audeant
2632 1057 3051 1129 promulgare?
3081 1058 3242 1124 Quod
3266 1063 3323 1114 et
3352 1059 3548 1130 ipsum
3580 1076 3741 1114 sum-

2087 1162 2182 1200 ma
2228 1161 2362 1199 cum
2412 1145 2733 1200 calliditate
2783 1146 3023 1215 faciunt,
3075 1147 3442 1218 duabusque,
3477 1152 3543 1202 ut
3592 1147 3737 1202 mihi

2086 1234 2320 1304 quidem
2352 1234 2603 1299 videtur,
2643 1235 3019 1306 potissimum
3051 1235 3121 1291 de
3154 1236 3367 1291 causis.
3403 1235 3596 1290 Prima
3625 1240 3734 1302 est,

2087 1328 2152 1377 ut
2179 1323 2342 1378 vobis
2373 1323 2905 1392 subscribentibus,
2938 1324 3052 1394 ipsi
3084 1324 3288 1379 infami
3340 1324 3461 1379 Arii
3502 1326 3739 1379 nomine

2088 1412 2275 1466 notari
2309 1413 2602 1479 desinant,
2630 1429 2735 1468 nec
2759 1429 2891 1467 cum
2918 1412 3050 1467 Ario
3073 1413 3288 1470 sentire
3311 1412 3735 1469 existimentur.

2089 1499 2284 1555 Altera
2315 1506 2423 1567 est,
2451 1507 2516 1555 ut
2566 1501 2648 1556 ita
2678 1501 3008 1571 scribendo,
3031 1500 3323 1556 Nieaanarn
3364 1502 3653 1573 synodum
3684 1505 3741 1556 et

2090 1589 2264 1644 fidem
2297 1606 2425 1660 quae
2462 1590 2517 1643 in
2568 1606 2635 1644 ea
2680 1591 2963 1645 adversus
3009 1589 3287 1644 Arianam
3334 1588 3603 1645 haeresim
3652 1593 3744 1645 est

2090 1678 2373 1749 exposita,
2405 1679 2713 1733 videantur
2743 1680 3077 1734 obscurare.
3097 1677 3312 1732 Verum
3343 1677 3403 1732 id
3426 1677 3599 1734 etiam
3633 1678 3745 1734 evi-

2092 1766 2329 1822 dentius
2380 1768 2817 1838 perversitatem
2856 1766 3092 1821 illorum
3127 1783 3483 1839 pravamque
3531 1766 3743 1822 doctri-

2092 1872 2229 1909 nam
2261 1856 2456 1927 arguit
2490 1873 2501 1909 :
2536 1855 2584 1910 si
2618 1856 2775 1909 enim
2807 1861 2959 1910 recte
2990 1856 3295 1915 crederent
3326 1855 3461 1921 ﬁde,
3494 1870 3623 1925 quae
3652 1854 3747 1909 Ni-

2093 1960 2218 1999 czeae
2251 1945 2323 1998 ab
2356 1944 2627 1999 universa
2658 1944 2933 2015 generali,
2969 1945 3189 2016 synodo
3221 1942 3485 2015 exposita
3514 1948 3623 2009 est,
3654 1958 3744 1998 es-

2094 2038 2222 2087 sent
2253 2033 2510 2088 contenti
2557 2033 2836 2087 Similiter
2856 2033 2905 2089 si
2936 2050 3039 2104 per
3060 2031 3416 2088 calumniam
3447 2036 3505 2087 et
3534 2031 3743 2086 imme-

2072 2121 2184 2176 rito
2233 2122 2478 2177 Arianos
2532 2139 2593 2176 se
2644 2123 2836 2177 vocari
2898 2122 3347 2188 arbitrarentur,
3378 2137 3494 2177 non
3562 2119 3744 2175 tantis

2075 2211 2387 2265 conatibus
2419 2211 2837 2266 contenderent
2882 2227 2949 2265 ea
2999 2210 3317 2265 immutare
3366 2226 3491 2281 quae
3541 2212 3746 2265 contra

2079 2300 2285 2354 Arium
2318 2304 2456 2354 sunt
2486 2301 2736 2365 decreta,
2762 2317 2833 2354 ne
2862 2298 3129 2354 videlicet
3152 2315 3277 2369 quas
3310 2298 3368 2352 in
3401 2297 3571 2353 illum
3604 2301 3744 2353 sunt

2084 2388 2346 2455 deﬁnita,
2379 2405 2447 2443 ea
2491 2393 2773 2460 tanquam
2809 2389 3087 2443 adversus
3139 2404 3199 2442 se
3247 2387 3472 2442 sancita
3501 2386 3742 2441 fuerint.

2084 2477 2251 2532 Nunc
2284 2482 2479 2532 autem
2512 2478 2570 2532 in
2602 2477 2839 2548 quidem
2890 2494 3005 2531 non
3042 2481 3244 2548 agunt,
3275 2476 3375 2531 sed
3428 2476 3598 2546 quasi
3630 2473 3747 2547 ipsi

2088 2568 2261 2621 Arius
2310 2572 2526 2631 essent,
2564 2584 2667 2638 pro
2718 2566 2929 2637 seipsis
2982 2568 3268 2637 pugnant.
3323 2565 3492 2625 Nam.
3526 2580 3747 2636 quaeso,

2092 2657 2373 2711 attendite
2406 2655 2551 2709 nihil
2602 2655 2733 2710 illos
2764 2656 2834 2709 de
2863 2655 3109 2709 veritate
3157 2669 3384 2719 curare,
3415 2653 3517 2708 sed
3550 2652 3753 2707 omnia

2093 2744 2322 2798 Arianae
2372 2744 2607 2798 heresis
2658 2743 3095 2815 propugnandw
3146 2758 3325 2797 causa
3367 2746 3424 2796 et
3471 2740 3664 2795 dicere
3696 2744 3755 2794 et

2095 2834 2302 2888 facere.
2329 2833 2435 2896 Qui
2458 2834 2613 2887 enim
2647 2849 2714 2887 ea
2740 2850 2866 2904 quae
2900 2838 3051 2903 recte
3084 2831 3326 2886 definita
3352 2835 3511 2897 sunt,
3537 2830 3755 2885 audent

2098 2921 2541 2992 reprehendere,
2573 2921 2803 2992 aliaque
2837 2927 3045 2991 praeter
3091 2919 3194 2974 illa
3245 2924 3499 2974 statuere
3530 2935 3750 2974 conan-

2097 3017 2212 3077 tur,
2240 3010 2376 3081 quid
2412 3010 2566 3065 aliud
2604 3015 2785 3082 agunt
2815 3027 2992 3081 quam
3044 3010 3200 3081 quod
3237 3008 3433 3063 Patres
3466 3008 3627 3078 ipsos
3658 3023 3752 3061 ac-

2099 3104 2327 3165 cusant,
2360 3104 2417 3153 et
2466 3100 2593 3170 ejus
2650 3098 2885 3154 haresis
2944 3098 3334 3170 patrocinium
3394 3095 3749 3167 suscipiunt,

2101 3190 2381 3243 adversus
2411 3204 2589 3258 quam
2622 3187 2705 3242 illi
2737 3192 3029 3242 steterunt
3059 3191 3116 3241 et
3147 3201 3374 3257 equam
3409 3182 3750 3256 pronuntia-

2102 3283 2240 3332 runt
2280 3276 2673 3331 sententiam?
2720 3276 2865 3330 Nam
2914 3293 3040 3346 qua
3093 3275 3264 3329 modo
3314 3273 3599 3339 scribunt,
3634 3288 3751 3327 non

332 3383 411 3415 σιν
460 3362 593 3432 (61),
637 3358 735 3413 οὐκ
783 3357 1044 3427 ἀληθείας
1090 3359 1465 3436 φροντίζοντες
1514 3361 1803 3439 γράφουσι,
1852 3364 1988 3416 καθά

2109 3366 2359 3422 veritatis
2389 3365 2607 3431 studio,
2641 3366 2723 3419 uti
2765 3365 2889 3435 jam
2946 3364 3086 3430 dixi,
3120 3363 3220 3417 sed
3262 3361 3459 3434 potius
3509 3365 3642 3415 astu
3695 3364 3753 3416 et

331 3454 615 3524 προεῖπον,
649 3445 794 3502 ἀλλὰ
851 3446 1061 3521 μᾶλλον
1117 3447 1399 3516 παίζοντες
1458 3448 1546 3502 καὶ
1602 3450 1771 3525 τέχνη
1820 3455 1982 3505 τοῦτο

334 3541 636 3608 ποιοῦντες,
670 3538 808 3612 πρὸς
865 3536 1075 3605 ἀπάτην
1128 3541 1237 3591 τῶν
1293 3538 1617 3613 ἀνθρώπων,
1662 3537 1735 3591 τίν’
1795 3538 1845 3593 ἐν
1908 3545 1986 3611 τῷ

338 3624 851 3699 διαπέμπεσθαιτὰς
882 3624 1193 3697 ἐπιστολὰς,
1227 3626 1320 3687 τὰς
1358 3626 1450 3699 μὲν
1483 3631 1588 3680 τῶν
1643 3626 1786 3683 λαῶν
1821 3628 1985 3690 ἀκοὰς

337 3713 769 3790 ἀπασχολεῖσθαι
808 3718 922 3788 (62)
972 3714 1095 3791 περὶ
1143 3719 1311 3769 ταῦτα
1352 3718 1647 3787 ποιήσωσι,
1689 3714 1987 3790 κερδαίνωσι

339 3803 396 3859 δὲ
424 3804 517 3859 τὸν
552 3803 752 3879 χρόνον
782 3808 879 3859 τοῦ
905 3805 1322 3879 κατηγορεῖσθαι
1380 3804 1556 3867 αὐτοὶ.
1587 3805 1677 3860 καὶ
1737 3807 1989 3868 λαθόντες

341 3894 417 3956 ὡς
450 3888 793 3965 ἀσεϐοῦντες,
826 3890 996 3968 ἔχωσι
1047 3894 1234 3969 χώραν
1288 3893 1585 3948 ἐπεκτεῖναι
1619 3896 1732 3968 (63)
1761 3896 1859 3965 τὴν
1907 3893 1990 3949 ατί-

342 4004 508 4060 ρεσιν,
541 3983 617 4044 ὡς
646 3981 988 4059 γάγγραιναν,
1021 3977 1252 4059 ἔχουσαν
1286 3984 1462 4055 νομὴν
1492 3989 1795 4059 πανταχοῦ.

408 4075 461 4129 6.
497 4073 677 4127 Πάντα
731 4076 859 4147 γοῦν
918 4076 1125 4126 κινοῦσι
1183 4072 1273 4126 καὶ
1329 4073 1673 4147 ταράττουσι,
1726 4073 1815 4127 καὶ
1874 4071 1999 4129 οὐδε

340 4160 485 4216 οὕτω
560 4165 679 4223 τοῖς
744 4161 945 4216 ἑαυτῶν
1021 4162 1340 4237 ἀρκοῦνται⁶
1400 4163 1517 4217 κατ’
1576 4161 1814 4217 ἐνιαυτὸν
1871 4165 1996 4241 γὰρ,

341 4251 417 4312 ὡς
476 4251 589 4323 (64)
651 4250 703 4303 οἱ
798 4251 859 4312 ὰς
920 4247 1177 4321 διαθήκας
1232 4250 1548 4328 γράφοντες,
1608 4252 2000 4328 συνερχόμενοι

346 4338 437 4393 καὶ
468 4337 645 4409 αὐτοὶ,
679 4342 1107 4413 προσποιοῦνται
1137 4339 1260 4415 περὶ
1319 4338 1551 4401 πίστεως
1610 4343 1857 4418 γράφειν,
1913 4340 2005 4396 ⁹ίνα

341 4427 433 4482 καὶ
475 4425 527 4480 ἐν
558 4425 737 4498 τούτῳ
768 4424 985 4501 γέλωτα
1019 4425 1232 4499 μᾶλλον
1278 4427 1367 4481 καὶ
1424 4428 1685 4503 αἰσχύνην
1744 4428 2005 4507 ὀφλήσω-

418 4589 534 4663 (53)
563 4592 695 4663 Seg.
726 4591 973 4663 I‘paqaébv.
1000 4588 1132 4643 Mox
1144 4587 1316 4663 idem
1349 4606 1481 4663 cum
1514 4589 1634 4645 Col.
1661 4592 1836 4646 Taur.
1862 4592 2008 4649 Gob.
2043 4597 2088 4662 D

345 4659 808 4736 Jesuit._Felc.'1
845 4659 1017 4736 anon.
1053 4665 1110 4714 et
1139 4661 1233 4716 Fr.
1270 4660 1322 4728 1,
1354 4660 1387 4728 ἤ
1422 4665 1781 4736 Χριστιανῶν.
1815 4664 1925 4718 Alii
1957 4669 2013 4721 et

349 4731 511 4797 editi,
543 4729 595 4783 oi
628 4733 988 4803 Χριστιανῶν.

425 4786 539 4879 (ὃᾷ)
558 4786 688 4879 Reg:
716 4786 1156 4879 θεοφιλεστάτου.
1183 4800 1331 4879 Ibid.
1350 4806 1394 4879 _A
1408 4802 1583 4879 nglic.
1601 4804 2019 4879 Colb._Taurin.

357 4873 611 4929 Felckm.
639 4873 675 4927 2
708 4878 763 4927 et
789 4873 833 4928 5'
857 4891 1031 4929 anon.
1059 4890 1191 4928 cum
1220 4873 1475 4928 editione
1501 4875 1848 4931 Commelin.
1878 4882 2025 4930 Κων-

357 4941 660 5011 σταντίνου,
695 4950 758 4999 ut
786 4949 844 4999 et
872 4946 1047 4999 habet
1080 4945 1467 5000 Omnibonus.
1506 4951 1575 5000 At
1608 4945 1705 5000 alii
1742 4952 2020 5001 Κωνσταν-

356 5013 498 5091 τίου,
536 5020 607 5091 ut
629 5020 686 5069 et
714 5015 856 5088 legit
884 5015 1149 5071 Nannius
1185 5033 1197 5070 :
1232 5033 1417 5087 eaque
1457 5034 1592 5073 vera
1640 5023 1698 5073 et
1745 5036 2025 5091 germana

357 5086 745 5244 θῗξέξῗὲῗέω,
780 5163 835 5212 et
861 5158 1014 5244 Felc.
1044 5154 1445 5244 ‘1’an‘.‘$tepov.
1472 5159 1612 5244 “Mo‘x
1658 5160 1779 5242 haec
1827 5163 2021 5244 verba,

359 5228 458 5296 τὴν
496 5226 547 5282 ἐν
577 5226 789 5297 Νικαία,
825 5234 958 5291 etc.,
991 5231 1060 5284 ad
1096 5226 1437 5283 ἐναλλάττειν
1468 5230 1777 5299 inclusive,
1811 5226 2027 5289 desunt

360 5301 419 5355 in
454 5300 616 5356 Gobl.
653 5306 710 5355 et
736 5300 923 5355 Felck.
962 5302 988 5355 1
1025 5318 1196 5356 anon.

437 5373 551 5445 (56)
580 5372 790 5427 Jesuit.
825 5372 1071 5428 Colbert.
1130 5372 1369 5428 Taurin.
1417 5374 1783 5445 Ἀρειανικῆς,
1833 5380 1890 5431 et
1940 5377 2027 5431 in.

370 5444 474 5498 fra.

440 5514 553 5597 (5])
582 5514 674 5597 Sic
722 5516 854 5597 Seg.
879 5514 1105 5597 ‘Jesuit.
1138 5514 1297 5597 Colb.
1334 5518 1392 5597 et
1420 5514 1659 5571 Taurin.
1695 5518 1843 5573 Editi
1896 5536 2030 5575 vero

367 5588 426 5639 et
449 5582 578 5660 alii,
614 5582 784 5660 ἐχρῆν
801 5582 898 5658 ’μή
943 5582 1186 5638 σπεύδειν
1220 5583 1435 5660 αὐτούς.

442 5656 554 5729 (58)
614 5656 852 5729 Séguer.
914 5658 1164 5729 Colbert.
1225 5657 1464 5729 Taurin.
1521 5656 1735 5714 Jesuit.
1797 5660 2026 5716 Gobler.

372 5724 628 5805 _F_elckm.
667 5724 901 5787 fanon-
926 5728 1015 5801 ἦν.
1050 5729 1194 5787 Ibid.
1221 5746 1324 5802 pro
1357 5724 1587 5800 ἐκείνου,
1612 5730 1832 5805 Anglic.
1857 5732 2034 5791 habet

368 5797 611 5891 Ἄρειοι).

2094 3455 2228 3510 dolo
2260 3455 2545 3519 scribunt,
2578 3459 2643 3508 ut
2690 3454 2958 3509 homines
2989 3454 3048 3507 in
3080 3468 3336 3507 errarem
3386 3450 3617 3522 possint
3646 3449 3742 3504 in-

2096 3547 2327 3609 ducere,
2350 3550 2413 3597 ut
2434 3543 2657 3598 scilicet
2678 3543 2737 3596 in
2762 3542 3062 3597 mittendis
3083 3540 3368 3613 epistolis,
3392 3539 3551 3612 vulgi
3576 3555 3749 3594 aures

2097 3634 2257 3689 hisce
2288 3632 2464 3687 rebus
2494 3636 2799 3702 occupent,
2835 3630 3187 3702 interimque
3234 3629 3515 3701 temporis
3549 3643 3750 3699 proro-

2099 3722 2333 3795 gatione
2390 3720 2821 3775 accusationem
2881 3719 2995 3790 ipsi
3053 3719 3302 3788 evitent,
3363 3732 3588 3788 suaque
3644 3715 3754 3771 hoc

2102 3816 2271 3884 pacto
2330 3808 2621 3864 occultata
2679 3808 3000 3880 impietate,
3062 3808 3322 3870 haeresis,
3382 3822 3508 3877 qua
3567 3804 3757 3859 instar

2103 3915 2427 3973 gangraena
2455 3897 2655 3953 omnia
2683 3895 3000 3964 consumit,
3026 3896 3416 3969 propagandae
3440 3894 3635 3949 locum
3665 3892 3765 3947 ha-

2106 3989 2303 4043 beant.

2178 4077 2231 4130 6.
2268 4076 2469 4147 Itaque
2492 4073 2686 4130 omnia
2715 4079 2949 4130 movent
2969 4078 3026 4129 et
3048 4073 3422 4139 conturbant,
3441 4088 3546 4127 nec
3568 4076 3768 4127 tamen

2111 4165 2235 4221 suis
2268 4164 2514 4218 decretis
2546 4162 2659 4234 ipsi
2691 4167 2831 4217 sunt
2869 4162 3128 4218 contenti
3164 4179 3176 4217 :
3213 4178 3349 4216 nam
3382 4160 3633 4232 singulis
3665 4177 3770 4215 an-

2115 4254 2226 4322 nis,
2260 4252 2419 4308 velut
2446 4253 2547 4323 qui
2599 4256 2766 4323 pacta
2809 4251 3093 4315 scribunt,
3129 4250 3245 4322 ipsi
3296 4265 3529 4321 quoque
3560 4263 3769 4303 conve-

2116 4344 2305 4412 niunt,
2340 4345 2396 4395 et
2426 4342 2495 4395 de
2528 4340 2640 4395 fide
2672 4345 2928 4395 statuere
2975 4339 3280 4407 simulant,
3314 4344 3379 4393 ut
3428 4338 3605 4393 etiam
3636 4337 3775 4391 inde

2119 4430 2266 4486 nihil
2299 4429 2411 4485 nisi
2456 4430 2642 4486 risum
2689 4436 2746 4484 et
2787 4429 3039 4484 dedecus
3071 4428 3344 4495 referant,
3379 4426 3599 4498 quippe
3630 4441 3779 4496 quo-

2192 4592 2306 4663 (59)
2361 4589 2454 4663 Sic
2511 4590 2747 4659 Seguer.
2807 4589 3071 4663 Colbert.
3116 4587 3355 4663 Taurin.
3416 4585 3610 4663 Jesuit
3644 4584 3780 4663 ρο-

2123 4652 2267 4719 bler.
2290 4652 2551 4718 'Felckm.
2588 4652 2615 4716 1
2650 4678 2823 4717 anon.
2858 4667 2914 4716 et
2935 4660 3027 4715 Fr.
3055 4662 3103 4715 1.
3137 4659 3338 4717 Caeteri
3376 4663 3433 4713 et
3462 4652 3783 4725 editi,2x6-

2129 4754 2245 4789 πει.

2202 4805 2313 4877 (60)
2343 4804 2496 4877 Gob.)
2547 4807 2605 4857 et
2657 4802 2848 4859 Felck.
2905 4805 2931 4857 1
2991 4820 3166 4859 anon.
3223 4801 3503 4858 omittunt
3556 4798 3593 4867 ἢ
3652 4817 3781 4852 κατ-

2132 4874 2241 4949 ηγο
2253 4874 2416 4950 ροῦσι
2438 4874 2555 4950 μὲν,

2204 4937 2318 5019 (61)
2378 4937 2468 5002 Fr.
2542 4947 2567 5000 1
2638 4944 2869 5000 Colbert
2945 4946 3184 5000 Taurin.
3251 4942 3341 4997 καὶ
3408 4940 3442 4995 ἃ
3506 4945 3596 4995 νῦν
3655 4937 3790 5013 γρά-

2175 5039 2311 5072 ουσι.

2134 5040 2321 5161 φοῖἕὲ)
2355 5089 2449 5143 Sic
2480 5089 2718 5161 Seguer.
2769 5087 3033 5161 Taurin._
3058 5087 3267 5161 Jesuit.
3302 5086 3445 5161 Gob.
3482 5084 3599 5161 Fel1
3632 5086 3787 5161 igan.

2136 5166 2192 5217 et
2213 5154 2314 5215 ῬΙ-ξ
2350 5162 2399 5213 1.
2436 5154 2714 5232 ΑΙὶίννθΓρ
2744 5164 2802 5214 et
2830 5160 2991 5232 editi,
3011 5154 3455 5232 ἀποσχολξῖσθαι.
3483 5155 3624 5232 Ibid.
3656 5158 3786 5232 Sgg.

2136 5234 2298 5288 Colb.
2326 5232 2567 5285 Taurin.
2601 5236 2657 5284 et
2684 5229 2893 5284 Jesuit.
2927 5225 3219 5298 ποιήσωσὶ.
3248 5230 3421 5298 Editi,
3453 5225 3793 5280 «mazme

2137 5304 2281 5359 bler.
2316 5306 2374 5357 et
2406 5302 2665 5373 Felckm.
2699 5303 2723 5355 1
2760 5318 2933 5357 anon.
2966 5298 3302 5373 κερδάνουσι.
3328 5301 3628 5369 lidemque
3658 5312 3795 5353 mox

2139 5384 2193 5431 et
2225 5376 2463 5445 Seguer.
2501 5371 2874 5432 λανθάνοντες.

2211 5440 2329 5517 (63)
2358 5444 2608 5517 Felckm.
2653 5445 2688 5497 5
2741 5461 2913 5517 anon.
2974 5442 3323 5517 saeutstvsut
3366 5442 3499 5517 Mox
3553 5440 3793 5517 Seguer.

2139 5506 2347 5573 Jesuit.
2408 5515 2637 5585 Anglic.
2672 5520 2730 5569 et
2772 5516 2858 5569 Fr.
2895 5516 2944 5583 1,
2997 5515 3232 5570 Colbert
3280 5514 3519 5568 Taurin.
3566 5506 3797 5585 ἔχουσαν

2140 5588 2316 5713 νοίμῆν
2348 5580 2652 5659 παντοῖχοῦ.
2686 5586 2797 5640 Alii
2831 5591 2887 5642 et
2918 5580 3082 5652 editi,
3133 5603 3362 5657 εχουσαν
3400 5580 3683 5656 πανταχοῦ
3715 5580 3805 5654 ὁρ-

2145 5682 2323 5734 μιν],,
2369 5730 2420 5734 __
2515 5728 2544 5734 _
2794 5728 2824 5734 ,
2865 5728 2901 5734 ,,
3085 5728 3130 5734 _
3244 5727 3255 5734 .
3300 5722 3308 5728 .
3384 5727 3419 5734 _
3517 5727 3527 5734 .
3597 5723 3621 5734 ς
3738 5722 3770 5734 ..

2146 5723 2157 5734 ’
2209 5723 2331 5862 (64)
2365 5730 2459 5785 Sic
2512 5728 2749 5799 Seguer.
2786 5728 3036 5812 Qolbert.
3085 5723 3325 5810 Taurin.
3380 5727 3472 5782 Fr.
3508 5727 3559 5795 1,
3590 5723 3798 5781 Jesuit.

2142 5803 2219 5867 Fc
2245 5802 2399 5864 0km.
2428 5801 2466 5860 5
2494 5815 2668 5860 anon.
2698 5802 2772 5861 At
2802 5817 2863 5861 in
2893 5799 3026 5862 alus
3054 5804 3112 5860 et
3139 5799 3313 5861 editis
3343 5799 3506 5861 deest
3531 5795 3652 5884 γάρ.
3742 5816 3745 5817 ν
