4148 6406
374 478 485 538 551

919 473 983 533 S.
1032 469 1456 532 ATHANASII
1501 468 1674 528 OPP.
1723 468 1929 527 PARS
1978 467 2023 526 Ι.
2057 495 2135 511 -
2167 467 2593 528 HISTORICA
2637 467 2736 528 ET
2781 467 3269 529 DOGMATICA.

3671 467 3792 528 552

378 623 511 662 rum
543 607 776 660 decreta
804 620 920 659 non
952 603 1023 657 ab
1046 600 1178 656 aliis
1202 601 1302 656 sed
1334 601 1404 654 ab
1425 599 1571 670 ipsis
1595 598 2021 654 rescindantur.

2159 615 2250 664 rw,
2283 593 2365 649 ὅτι
2398 597 2472 668 μή
2506 601 2629 672 παρ’
2660 596 2876 670 ἑτέρων,
2910 593 3057 651 ἀλλά
3110 597 3237 673 παρ’
3283 595 3457 651 αὐτῶν
3502 599 3570 651 τὰ
3612 596 3791 652 αὐτῶν

377 695 439 752 Si
469 695 627 751 enim
659 693 752 749 his
782 709 910 764 quae
942 690 1106 763 prius
1127 689 1480 746 deﬁnierunt
1509 688 1887 754 conﬁderent,
1907 685 2029 742 nol-

378 782 501 839 lent
530 783 785 854 profecto
816 780 929 837 alia
967 779 1246 835 deﬁnire:
1274 794 1379 833 nec
1411 793 1618 832 rursus
1663 775 1780 832 illis
1815 775 2025 830 dimis-

381 872 486 940 sis,
510 887 578 928 ea
607 887 762 927 nunc
788 869 1119 935 deﬁnirent,
1147 884 1297 939 quis,
1323 871 1387 922 ut
1417 865 1530 938 ipsi
1561 869 1715 920 certe
1747 863 2029 919 meditan-

379 965 498 1028 tur,
531 964 662 1032 post
708 957 944 1030 aliquod
991 962 1227 1028 tempus
1260 956 1412 1012 218
1446 959 1585 1010 sunt
1633 953 2027 1017 immutaturi,

382 1064 517 1104 cum
549 1064 756 1103 novam
797 1046 1020 1102 scilicet
1064 1062 1270 1101 ansam
1319 1044 1585 1110 insidias,
1639 1048 1701 1098 ut
1749 1042 2027 1108 assolent,

381 1135 558 1192 alicui
587 1133 853 1191 struendi
883 1135 1034 1190 nacti
1063 1134 1298 1189 fuerint.
1325 1133 1629 1205 Siquidem
1659 1136 1798 1186 tunc
1829 1131 1887 1185 in
1919 1130 2033 1202 pri-

381 1225 496 1282 mis
527 1241 660 1282 cum
696 1223 942 1280 insidias
987 1222 1159 1279 alicui
1207 1227 1435 1294 parant,
1469 1222 1701 1294 ﬁngunt
1729 1237 1791 1276 se
1820 1220 1890 1274 de
1919 1219 2032 1275 ﬁde

383 1313 654 1382 scribere,
687 1317 773 1385 ut,
806 1313 1307 1384 quemadmodum
1357 1311 1578 1366 Pilatus
1630 1325 1843 1364 manus
1871 1307 2032 1375 lavit,

383 1402 470 1458 sic
490 1407 548 1459 et
568 1402 652 1457 illi
673 1401 1002 1469 scribendo,
1016 1402 1144 1472 pios
1162 1399 1374 1456 Christi
1396 1399 1646 1455 cultores
1667 1398 2033 1463 interimant,

383 1496 443 1548 et
471 1495 556 1559 ut,
589 1492 743 1562 quod
797 1489 1036 1562 quidem
1085 1489 1299 1561 smpius
1325 1489 1463 1560 dixi,
1495 1493 1775 1559 tanquam
1824 1488 1923 1559 qui
1974 1488 2032 1542 in

384 1579 500 1636 ﬁde
529 1579 860 1635 deﬁnienda
889 1578 1010 1633 sint
1039 1578 1300 1642 distenti,
1334 1576 1572 1633 haeresis
1601 1577 2033 1633 accusationem

386 1668 617 1740 possint
638 1666 949 1722 declinare.
972 1666 1190 1721 Verum
1213 1683 1318 1722 nec
1346 1667 1545 1734 latere,
1571 1681 1676 1721 nec
1704 1666 1901 1738 fugere
1934 1682 2034 1735 po-

387 1760 588 1814 terunt
610 1773 622 1810 :
644 1756 909 1827 quandin
939 1755 1096 1811 enim
1129 1771 1191 1811 se
1221 1755 1333 1827 ipsi
1367 1755 1477 1810 sibi
1509 1756 1792 1810 duntaxat
1822 1771 2034 1827 purga-

388 1847 559 1916 bunt,
592 1846 684 1900 sui
716 1860 946 1916 semper
975 1850 1147 1900 erunt
1175 1848 1562 1910 accusatores,
1587 1847 1643 1899 et
1674 1843 1880 1899 merito
1913 1843 2037 1916 qui-

390 1935 546 2003 dem,
572 1950 706 1989 cum
729 1933 845 1989 illis
869 1949 982 1988 non
1007 1933 1396 2004 respondeant
1415 1950 1448 1988 a
1466 1933 1681 2004 quibus
1707 1949 2035 2004 coarguun-
2066 1969 2116 2035 Β

327 2073 330 2075 Α
391 2027 508 2089 tur,
540 2021 644 2077 sed
692 2021 805 2076 sibi
855 2025 1087 2076 tantum
1120 2021 1404 2092 quidquid
1456 2020 1748 2076 voluerint
1797 2038 2038 2092 persua-

393 2111 587 2168 deant.
612 2110 752 2176 Quis
782 2109 963 2182 igitur
986 2126 1250 2180 unquam
1282 2127 1416 2166 reus
1449 2109 1791 2180 absolvitur,
1814 2111 1912 2182 qui
1947 2110 2041 2166 sui

391 2199 584 2272 ipsius
615 2200 692 2255 sit
715 2199 937 2270 judex?
967 2199 1115 2254 Hinc
1144 2215 1277 2269 ergo
1309 2216 1604 2271 nusquam
1635 2203 1868 2255 cessant
1898 2199 2039 2255 scri-

391 2290 527 2343 bere
570 2291 744 2359 atque
796 2288 877 2343 ita
924 2304 1033 2343 sua
1075 2292 1357 2359 perpetuo
1408 2292 1723 2356 mutantes,
1759 2290 2041 2345 incertam

391 2377 570 2432 ﬁdem
599 2376 688 2432 vel
721 2377 915 2448 potius
946 2381 1165 2432 certam
1207 2376 1702 2448 manifestamque
1730 2378 2040 2434 inﬁdelita-

387 2470 507 2521 tem
537 2469 597 2520 et
625 2465 969 2536 pravitatem
1000 2465 1237 2536 habent,
1275 2466 1428 2537 quod
1469 2467 1706 2538 quidem
1741 2467 1898 2522 haud
1929 2468 2042 2523 im-

391 2554 599 2610 merito
631 2553 745 2609 illis
795 2554 1055 2610 accidere
1084 2554 1230 2609 mihi
1260 2554 1508 2610 videtur.
1543 2556 1689 2621 Quia
1737 2557 1893 2611 enim
1942 2557 2042 2611 de-

393 2642 710 2699 sciscentes
757 2659 792 2698 a
837 2642 1098 2706 veritate,
1129 2645 1188 2698 et
1234 2643 1432 2713 ﬁdem,
1467 2660 1593 2715 quae
1639 2644 1837 2700 Nicaeae
1890 2649 2044 2700 recte

393 2732 551 2787 edita
577 2736 686 2800 est,
716 2731 997 2804 abrogare
1025 2731 1087 2786 in
1120 2731 1314 2787 animo
1353 2732 1659 2801 habentes,
1693 2733 2039 2803 dilexerunt,

394 2820 892 2892 quemadmodum
923 2820 1207 2892 scriptum
1239 2824 1328 2877 est
1351 2822 1414 2888 ιο,
1456 2838 1667 2878 movere
1697 2823 1858 2895 pedes
1885 2839 2043 2887 suos;

394 2909 526 2964 ideo
556 2908 642 2963 illi
683 2924 797 2963 non
842 2925 1011 2964 secus
1060 2925 1127 2963 ac
1174 2908 1315 2965 olim
1346 2909 1694 2979 Jerusalem,
1728 2911 2042 2968 moliendis

397 2996 822 3052 mutationibus
871 2997 1088 3053 sudant
1143 3001 1202 3053 et
1255 2997 1544 3066 laborant,
1576 2999 1837 3072 aliasque
1885 3000 2043 3056 aliud

394 3085 685 3154 scribunt,
717 3101 848 3141 eam
890 3090 1123 3142 tantum
1173 3088 1245 3142 ob
1297 3103 1534 3143 causam
1583 3093 1647 3144 ut
1689 3094 1923 3161 tempus
1953 3089 2043 3145 lu-

395 3178 651 3246 crentur,
675 3178 733 3231 et
751 3174 970 3232 Christi
999 3176 1200 3232 hostes
1231 3182 1632 3248 permaneant,
1657 3178 2044 3251 hominesque

393 3264 689 3320 abducant
717 3281 752 3320 a
777 3263 1034 3321 veritate.

2139 677 2485 738 έκϐάλλεται.
2520 686 2583 739 Εἰ
2615 685 2717 760 γὰρ
2751 684 3007 762 έθάῤῥουν
3067 688 3155 748 οἷς
3200 681 3428 764 ἔγραφον
3478 687 3792 763 προτέροις,

2139 771 2238 825 ούκ
2269 772 2326 826 ἂν
2361 770 2583 849 δεύτερα
2607 773 2830 852 γράφειν
2873 774 3096 844 ἐζήτουν
3125 796 3137 809 ο
3190 772 3319 829 οὐδὲ
3357 773 3522 830 πάλιν
3567 774 3796 853 ἀφόντες

2140 859 2333 932 ἐκεῖνα,
2366 866 2537 916 ταῦτα
2587 867 2680 916 νῦν
2741 858 2970 940 ἔγραφον
3027 864 3183 939 ἅπερ,
3222 863 3438 926 πάντως
3487 866 3601 938 (65)
3629 869 3794 920 τοῦτο

2143 947 2560 1022 μελετήσαντες,
2619 949 2782 1005 πάλιν
2853 954 2966 1025 (66)
3023 950 3372 1025 ἀλλάξουσιν,
3433 952 3521 1007 ἐὰν
3599 951 3796 1029 ὀλίγος

2139 1037 2277 1092 πάνυ
2308 1037 2550 1115 παρέλθῃ
2582 1040 2805 1116 χρόνος,
2837 1040 2928 1094 καὶ
2957 1040 3225 1118 πρόφασιν
3262 1036 3475 1096 λάϐωσι
3524 1045 3623 1097 τοῦ
3670 1064 3796 1097 συν-

2140 1129 2289 1197 ήθως
2363 1127 2500 1182 τισὶν
2561 1123 2958 1187 ἐπιϐουλεύειν.
3020 1129 3151 1185 Τότε
3206 1131 3330 1207 γὰρ,
3389 1129 3513 1186 ὅταν
3575 1125 3798 1187 ἐπιϐου-

2142 1214 2375 1271 λεύσωσι
2431 1219 2565 1290 (67),
2601 1215 2837 1290 μάλιστα
2893 1223 3321 1293 προσποιοῦνται
3377 1219 3501 1294 περὶ
3561 1219 3810 1284 πίστεως·

2141 1307 2388 1383 γράφειν,
2415 1305 2524 1378 ἵνα,
2559 1307 2635 1368 ὡς
2667 1309 2695 1362 ὁ
2727 1306 2964 1370 Πιλᾶτος
2997 1307 3213 1382 ἐνίψατο
3251 1309 3346 1370 τὰς
3400 1314 3616 1386 χεῖρας,
3649 1309 3794 1365 οὕτω

2140 1395 2230 1450 καὶ
2287 1398 2437 1450 οὗτοι
2494 1393 2781 1472 δράκοντες
2824 1395 3182 1452 ἀποκτείνωσι
3237 1397 3364 1459 τοὺς
3433 1398 3509 1460 είς
3567 1397 3799 1473 Χριστὸν

2145 1479 2495 1547 εὐσεϐοῦντας
2723 1485 2814 1540 καὶ
2855 1485 2968 1558 τίνα,
3001 1487 3075 1548 ὡς
3127 1487 3250 1562 περὶ
3296 1487 3530 1550 πίστεως
3583 1488 3802 1565 ὁρίζον-

2143 1595 2228 1635 τες
2265 1570 2513 1644 δόξωσιν,
2544 1574 2620 1635 ὡς
2669 1572 2943 1636 πολλάκις
2995 1574 3166 1644 εἶπον,
3198 1575 3414 1652 φεύγειν
3447 1578 3561 1650 (69)
3589 1577 3650 1631 τὸ
3696 1579 3800 1646 τῆς

2146 1660 2481 1738 ἑτεροδοξίας
2515 1658 2794 1738 ἔγκλημα.
2829 1661 2985 1718 Ἀλλ’
3034 1660 3157 1719 οὕτε
3205 1661 3413 1735 λαθεῖν,
3444 1662 3568 1721 οὔτε
3615 1671 3800 1744 φυγεῖν

2146 1749 2501 1822 δυνήσονταν
2560 1748 2666 1813 ἕως
2714 1752 2818 1826 γὰρ
2871 1752 3082 1815 ἑαυτοῖς
3141 1752 3561 1830 ἀπολογοῦνται,
3593 1756 3799 1811 ἑαυτῶν

2145 1839 2223 1894 ἀεὶ
2256 1843 2368 1914 (70)
2410 1843 2709 1916 κατήγοροι
2760 1840 3019 1916 γίνονται,
3049 1841 3139 1896 καὶ
3188 1839 3411 1906 δικαίως
3440 1863 3537 1920 γε’
3586 1843 3648 1899 οὗ
3691 1845 3799 1922 γὰρ

2145 1936 2262 1992 τοῖς
2296 1927 2614 2007 ἐλέγχουσιν
2669 1929 2862 1993 αὐτοὺς
2922 1930 3326 2005 ἀποκρίνονται,
3386 1931 3515 2005 ἀλλ,
3551 1933 3798 2004 ἑαυτοὺς,

2149 2019 2223 2080 ὡς
2259 2016 2572 2093 βούλονται,
2605 2019 2869 2078 πείθουσι.
2896 2021 3035 2075 Πότε
3065 2018 3175 2094 οὖν,
3206 2026 3302 2076 τοῦ
3335 2023 3630 2078 ὑπευθύνου
3677 2024 3804 2100 κρί-

2147 2128 2337 2169 νοντος
2392 2109 2504 2181 (71)
2554 2107 2762 2178 ἑαυτὸν,
2793 2106 2947 2170 λύσις
3003 2109 3207 2185 γίνεται
3256 2116 3353 2165 τοῦ
3410 2111 3804 2188 ἐγκλήματος;

2151 2197 2248 2250 Διὰ
2293 2200 2454 2251 τοῦτο
2497 2201 2624 2270 γοῦν
2666 2195 2747 2251 ἀεὶ
2778 2196 3064 2275 γράφουσι,
3097 2197 3188 2252 καί
3235 2199 3315 2254 ἀεὶ
3359 2201 3426 2254 τὰ
3482 2198 3594 2256 ἴδια
3647 2223 3808 2275 μετα-

2150 2290 2452 2356 ποιοῦντες,
2488 2282 2692 2355 ἄδηλον
2729 2283 2917 2361 ἔχουσι
2946 2287 3045 2354 τὴν
3073 2287 3271 2356 πίστιν,
3309 2287 3520 2362 μᾶλλον
3554 2287 3612 2346 δὲ
3642 2312 3804 2370 φανε-

2152 2373 2245 2450 ρὰν
2281 2372 2466 2448 ἔχουσι
2499 2375 2597 2441 τὴν
2641 2373 2890 2428 ἀπιστίαν
2923 2377 3036 2449 (72)
3065 2376 3152 2430 καὶ
3205 2378 3306 2446 τὴν
3366 2381 3806 2457 κακοφροσύνην.

2151 2464 2388 2538 Πάσχειν
2413 2460 2470 2517 δέ
2505 2484 2599 2536 μοι
2629 2467 2789 2517 τοῦτο
2824 2459 3071 2518 δοκοῦσιν
3123 2465 3366 2529 εἰκότως.
3401 2465 3624 2537 Ἐπειδή
3675 2471 3805 2545 γὰρ,

2148 2558 2247 2622 τῆς
2311 2550 2570 2621 ἀληθείας
2628 2551 2977 2621 ἀποστάντες,
3037 2553 3127 2608 καὶ
3203 2552 3452 2620 θέλοντες
3512 2558 3808 2635 ἀνατρέψαι

2148 2641 2249 2708 τήν
2306 2639 2357 2694 ἐν
2419 2640 2614 2711 Νικαίᾳ
2668 2640 2848 2695 πίστιν
2903 2647 3197 2720 γραφεῖσαν
3243 2643 3450 2717 καλῶς,
3484 2646 3804 2721 ἠγάπησαν,

2150 2729 2287 2782 κατὰ
2339 2729 2400 2782 τὸ
2458 2728 2858 2805 γεγραμμένον,
2914 2737 3079 2786 κινεῖν
3158 2731 3328 2795 πόδας
3389 2735 3591 2790 ἑαυτῶν
3652 2739 3808 2813 (73)°

2153 2814 2242 2871 διὰ
2289 2822 2450 2873 τοῦτο
2500 2818 2591 2872 καὶ
2641 2819 2813 2891 οὗτοι,
2847 2819 2922 2882 ὡς
2973 2819 3008 2889 ἥ
3059 2841 3192 2876 ποτε
3231 2823 3617 2898 Ἰερουσαλὴμ.
3650 2846 3809 2881 κεκο-

2151 2907 2373 2961 πιάκασι
2421 2907 2509 2960 καὶ
2567 2907 2860 2980 κάμνουσιν
2922 2906 2973 2962 ἐν
3026 2915 3144 2972 ταῖς
3203 2906 3557 2986 μεταϐολαῖς,
3603 2911 3812 2970 ἄλλοτε

2154 2994 2299 3052 ἄλλα
2327 2995 2648 3074 γράφοντες,
2685 2995 2844 3069 μόνον
2872 2994 2962 3052 τίνα
3005 2997 3134 3060 τοὺς
3189 3000 3426 3076 χρόνους
3479 2999 3812 3078 κερδάνωσι,

2151 3086 2240 3142 καὶ
2302 3083 2619 3158 διαμείνωσι
2678 3087 3050 3164 χριστομάχοι
3107 3087 3237 3152 τοὺς
3295 3090 3615 3167 ἀνθρώπους
3669 3090 3813 3149 πλα-

2151 3196 2370 3238 νωντες.

467 3355 522 3409 7.
557 3353 697 3417 Quis
727 3369 864 3426 ergo
895 3353 990 3409 cui
1036 3354 1250 3410 veritas
1281 3355 1532 3412 maxime
1563 3357 1721 3413 cordi
1772 3363 1879 3426 est,
1910 3358 2043 3417 illos

2223 3357 2278 3410 7.
2309 3352 2400 3415 Τίς
2433 3349 2546 3422 οὖν,
2579 3353 2624 3418 ᾧ
2659 3350 2895 3426 μάλιστα
2927 3351 3080 3427 μέλει
3113 3351 3373 3425 ἀληθείας
3403 3358 3536 3432 (74),
3573 3355 3651 3415 ἔτι
3687 3361 3814 3418 τού..

397 3442 591 3499 adhuc
621 3443 770 3499 ferre
800 3443 1048 3515 poterit?
1079 3444 1234 3509 Quis'
1266 3461 1365 3500 eos
1404 3445 1726 3503 scribentes
1773 3465 1887 3503 non
1912 3450 2044 3519 jure

396 3531 800 3588 aversabitur?
827 3531 967 3599 Quis
988 3531 1224 3588 illorum
1244 3549 1361 3588 non
1384 3534 1800 3591 condemnabit
1819 3539 2047 3593 temeri-

395 3621 622 3677 tatem?
642 3620 731 3676 Illi
763 3620 1043 3676 nimirum
1075 3620 1246 3693 pauci
1277 3638 1541 3693 numero,
1565 3640 1674 3680 sua
1697 3623 1831 3696 plus
1863 3627 2048 3682 omni-

400 3709 513 3765 bus
543 3708 734 3766 valere
755 3708 975 3778 volunt,
991 3709 1092 3781 qui
1121 3714 1178 3765 et
1208 3727 1346 3766 suos
1377 3727 1690 3768 consessus
1719 3713 1780 3768 in
1813 3715 2047 3786 angulis

401 3798 635 3855 habitos
652 3802 1074 3871 suspectosque
1092 3799 1210 3855 vim
1231 3799 1444 3857 habere
1465 3805 1828 3873 exoptantes,
1842 3821 2049 3862 nervos

403 3903 606 3944 omnes
628 3888 991 3945 contendunt
1009 3891 1074 3943 ut
1087 3887 1441 3960 generalem,
1457 3889 1745 3946 sinceram
1763 3897 1821 3949 et
1840 3909 2048 3966 puram

404 3977 694 4050 synodum
723 3977 968 4042 solvant,
992 3993 1056 4031 ac
1085 3976 1312 4032 irritam
1344 3978 1620 4048 reddant;
1652 3979 1758 4051 illi,
1781 3982 2050 4055 inquam,

474 4075 520 4109 ¹⁰
549 4074 763 4130 Jerem.
789 4090 905 4141 11v,
939 4075 1026 4128 10.

480 4172 594 4245 (65)
626 4171 718 4245 Sic
751 4172 991 4245 Seguer.
1021 4170 1271 4245 Colbert.
1302 4173 1539 4230 Taurin.
1571 4179 1628 4231 et
1651 4175 1864 4234 Jesuit.
1897 4180 2052 4235 Editi

404 4239 728 4323 vepo,'o_§8’,
770 4239 857 4323 pii;
899 4240 1062 4323 πάλιν
1087 4248 1090 4250 ⁷
1119 4240 1370 4323 ἔγραφον
1412 4248 1525 4315 νῦν,
1574 4245 1792 4323 ἀφέντες
1853 4248 2050 4323 ἐκεῖνα,

405 4309 573 4388 ταῦτα
603 4309 736 4388 ἅπερ
767 4309 1028 4388 ἔγραψαν,
1054 4309 1293 4388 ,πάντωέ⁷
1322 4319 1431 4372 etc.

479 4387 593 4471 (66)
625 4387 720 4471 Sic
767 4387 1004 4471 Seguer.
1037 4387 1568 4471 Golbert_._Taurin.
1601 4391 1909 4471 et_Jesuit.
1931 4392 2054 4471 lilii

407 4455 692 4533 autem_et
722 4455 882 4533 editi,
916 4455 998 4533 ὅτι
1029 4455 1232 4533 πάλ-ιν.-
1260 4459 1398 4533 Mox_
1419 4460 1608 4533 iidem
1655 4462 1892 4533 Seguer.
1924 4463 2053 4518 Col-

407 4531 555 4605 bert.
582 4530 825 4605 Taurini
846 4535 903 4585 et
929 4530 1120 4605 .lesuit
1141 4529 1360 4605 habent
1384 4529 1468 4605 tim
1497 4528 1684 4605 ὀλίγος
1711 4528 1867 4587 iam.
1893 4536 1966 4588 At
1993 4534 2053 4588 in

409 4601 539 4656 aliis
587 4605 644 4655 et
690 4601 860 4658 editis
910 4602 1073 4656 deest
1125 4600 1284 4655 πάνυ.
1315 4602 1460 4657 Ibid.
1496 4600 1749 4658 Felckm.
1794 4606 1830 4659 5
1876 4622 2052 4660 anon.

407 4667 690 4744 παρέλθοι.
726 4673 869 4728 Item
901 4673 1139 4744 ibidem,
1174 4673 1512 4744 Seguerian.
1539 4674 1787 4730 Colbert.
1812 4676 2052 4731 Taurin.

2150 3465 2257 3498 των
2318 3442 2601 3517 ἀνέχεσθαι
2650 3438 2902 3512 θελήσει;
2954 3441 3046 3505 Τίς
3105 3444 3406 3522 γράφοντας
3453 3445 3650 3511 αὐτοὺς
3708 3449 3811 3507 οὐκ

2155 3529 2625 3608 ἀποστραφήσεται
2693 3526 2952 3599 Simiam;
3021 3531 3112 3594 Τίς
3188 3531 3288 3587 οὐκ
3352 3535 3411 3588 ἃν
3469 3540 3811 3612 καταγνώσε-

2152 3643 2242 3696 ται,
2271 3622 2385 3694 (75)
2410 3625 2512 3688 τῆς
2551 3616 2770 3691 τόλμης
2821 3618 3038 3689 αὐτῶνς
3071 3618 3279 3697 Ὀλίγοι
3337 3624 3443 3700 γὰρ
3504 3621 3655 3689 ὄντες
3711 3627 3801 3681 τὸν

2157 3710 2407 3787 ἀριθμὸν,
2449 3705 2666 3772 θέλουσι
2721 3708 2788 3762 τὰ
2844 3708 3048 3764 ἑαυτῶν
3108 3709 3240 3784 ὑπὲρ
3293 3709 3511 3768 πάντων
3563 3713 3808 3790 ἰσχύειν·

2155 3800 2222 3854 τά
2248 3819 2308 3854 τε
2336 3799 2536 3853 ἑαυτῶν
2571 3798 2837 3872 συγκροτή
2852 3818 2992 3870 ματα
3033 3797 3084 3854 ἐν
3135 3799 3362 3874 γωνίαις
3413 3801 3671 3878 γινόμενα
3698 3805 3817 3879 (76)

2157 3888 2246 3944 καὶ
2277 3887 2493 3942 ὕποπτα
2545 3886 2892 3962 τυγχάνοντα
2943 3886 3274 3962 βουλόμενοι
3319 3897 3559 3968 κρατεῖν,
3598 3891 3819 3968 βιάζον-

2158 4001 2246 4034 ται
2286 3977 2434 4033 λύειν
2482 3975 2576 4030 καὶ
2608 3975 2837 4050 ἀκυροῦν
2865 3978 2981 4052 (77)
3004 3978 3104 4047 τήν
3155 3978 3542 4054 οἷκουμενικῆν
3595 3981 3820 4058 γενομέ-

2162 4177 2305 4232 bler.
2339 4176 2428 4229 Fr.
2465 4174 2488 4228 1
2525 4178 2584 4229 et
2608 4173 2799 4230 Felck.
2836 4176 2863 4229 1
2898 4191 3073 4232 anon.
3101 4177 3174 4231 At
3215 4177 3275 4232 in
3312 4178 3431 4235 Jes.
3465 4179 3626 4237 Colb.
3657 4181 3830 4237 Tau-

2163 4248 2366 4332 rip‘.‘et
2394 4246 2486 4332 Ἐξ(
2515 4247 2565 4313 1,
2598 4250 2732 4332 post
2757 4246 2985 4332 φανεράν
3013 4248 3314 4332 omittitur
3342 4246 3552 4324 ἔχουσι.
3586 4252 3824 4332 Anglic.

2168 4315 2400 4390 μᾶλλον-
2440 4312 2496 4369 δὲ
2540 4312 2650 4390 ιτῆν
2705 4312 2975 4390 ἀπιστίαν.
3008 4318 3259 4376 Felckm.
3285 4322 3320 4374 5
3358 4312 3532 4390 ᾇῇοη.
3563 4312 3828 4390 τήνυάπι-

2165 4384 2415 4468 στίανῌδὲ
2461 4384 3017 4468 καὶηκακοιφροσύνην
3078 4389 3306 4468 φανερὰν
3354 4388 3564 4468 ἔχουσι.
3617 4384 3824 4452 ὸωῐθτί

2162 4467 2222 4549 et
2269 4459 2429 4530 editi,
2468 4455 2679 4530 μᾶλλον
2732 4443 2796 4513 διὲ
2833 4459 2923 4513 καὶ
2973 4443 3506 4534 ἀπιάτίανῄκαὶνθτῆν
3539 4443 3822 4543 καιῖἆῷξᾶῖ

2164 4552 2350 4585 συνπν.

2405 4602 2640 4675 Seguer.
2703 4601 2949 4659 Colbert.
2998 4605 3250 4675 ,Taurin.
3314 4607 3524 4664 Jesuit.
3584 4608 3820 4666 Gobler.

2166 4675 2258 4729 Fr.
2294 4673 2411 4729 1‘et
2435 4673 2688 4728 Felckm.
2727 4675 2751 4728 1
2786 4691 2959 4729 anon.
2995 4674 3218 4731 ἑαυτῶν.
3245 4679 3412 4745 Editi,
3438 4677 3635 4736 αὐτῶν.
3669 4681 3820 4738 Ibid.

407 4721 645 4824 nisi;
652 4721 880 4824 cana:
901 4721 1148 4824 regis,
1159 4721 1732 4824 iifja's'aabat'na'
1751 4721 2043 4824 155,23;

2169 4747 2256 4800 Fr.
2293 4750 2342 4824 1_.
2377 4745 2546 4824 Col_b._
2570 4745 2811 4824 Taprin.
2861 4746 3335 4824 Segper._.lesu_it.
3369 4721 3549 4824 animt
3571 4721 3818 4824 ρὲφ“”ἑξὶ

406 4814 749 4891 Aliiautem
781 4820 837 4891 et
865 4813 1025 4884 editi,
1059 4811 1344 4891 καῖπάλιν
1378 4814 1665 4891 πρόφασιν.

481 4885 592 4956 (67)
645 4886 738 4940 Sic
786 4890 1022 4957 Seguer.
1081 4884 1332 4941 Colbert.
1386 4884 1627 4942 Taurin.
1682 4888 1890 4944 Jesuit.
1943 4891 2053 4946 Go-

406 4955 655 5080 pler.et
708 4955 957 5012 Felckii
1019 4974 1191 5012 anon.
1226 4962 1300 5011 At
1348 4957 1446 5013 alii
1503 4964 1560 5013 et
1612 4959 1770 5029 editi,
1835 4958 2055 5014 έπιοου-

447 5045 630 5080 ευωσι.

447 5045 630 5081 ευωσι.

477 5098 588 5171 (68)
619 5097 1001 5171 Anglicanus,
1037 5092 1369 5171 ἀσεϐοῦντες.
1405 5099 1539 5171 Mox
1582 5101 1758 5157 editio
1789 5104 2056 5159 Comme-

405 5167 523 5244 liri.
546 5167 651 5244 pro
679 5167 810 5244 περί
833 5167 1088 5244 πίστεως,
1122 5170 1297 5226 habet
1325 5170 1446 5244 περὶ
1479 5169 1678 5244 πίστιν.

477 5240 590 5332 ((59)
620 5240 759 5313 868(
780 5241 901 5297 Col.
937 5241 1126 5297 Felck.
1164 5245 1188 5296 1
1219 5240 1684 5318 αηοηξφεύγωσι.
1709 5244 1890 5302 Iidem
1921 5262 2057 5301 mox

403 5332 710 5457 (Pegasvéic
749 5384 996 5457 Seguer.
1018 5383 1266 5439 Colbert.
1301 5385 1539 5440 Taurin.
1574 5385 1784 5441 Jesuit.
1818 5386 2050 5457 Gobler.

403 5453 807 5538 Fr.._1_,“Felck.
832 5453 868 5508 ‘1
903 5459 960 5510 et
987 5455 1022 5508 5
1051 5471 1224 5511 anon.
1256 5460 1331 5510 At
1378 5457 1439 5511 in
1484 5457 1616 5512 aliis
1661 5463 1715 5512 et
1745 5457 1939 5526 editis,
1971 5455 2053 5510 ἀεί

404 5530 712 5582 omittitur.

405 5597 1008 5669 ,_(71)_Si_c_Seguer.
1066 5595 1312 5652 Colbert.
1374 5598 1611 5653 Taurin.
1679 5599 1887 5655 Jesuit.
1940 5604 2052 5654 Go-

399 5665 873 5723 bler.'Felckm.'
916 5672 942 5723 1
1002 5685 1176 5723 anon.
1231 5669 1345 5723 Alii
1401 5687 1535 5726 vero
1593 5674 1652 5726 ct
1705 5671 1870 5742 editi,
1928 5669 2050 5744 κρί-

397 5757 612 5800 ναντος.

393 5809 400 5817 ’
466 5810 584 5898 (72)
613 5807 708 5868 Sic
736 5808 974 5885 Seguer.
1016 5809 1264 5872 Colbert.
1297 5812 1533 5872 Taurin.
1562 5813 1683 5873 Jes.
1725 5813 1900 5875 Basil.
1933 5813 2051 5873 Go-

2164 4835 2270 4940 ἧοι.
2305 4819 2445 4939 Ltpm
2471 4815 2612 4871 ibid.
2637 4815 2866 4874 Gobler.
2893 4815 3222 4874 efFelckm.
3251 4822 3275 4875 1
3313 4838 3490 4878 anon.
3519 4815 3594 4884 ὡς
3627 4819 3657 4876 ὅ
3685 4841 3822 4877 ποτε

2209 4906 2342 4940 coal
2395 4929 2406 4940 .

2209 4907 2406 4957 σραηΛ.

2258 4961 2350 5036 74)
2383 4958 2585 5036 Jesuit.
2610 4957 2860 5036 golbert.
2896 4960 3135 5036 Taurin.
3181 4963 3304 5036 περὶ
3347 4960 3634 5033 ἀληθείας.
3667 4966 3815 5022 Ibid.

2167 5029 2404 5086 Taurin.
2442 5037 2499 5084 et
2529 5029 2777 5084 Colbert.
2809 5029 3154 5094 ἀνασγέσθαι.

2238 5104 2349 5182 (Τῷ)
2381 5101 2588 5182 Jesuit.
2640 5101 2888 5156 Colbert.
2921 5101 3135 5182 Taurin
3182 5105 3376 5182 et_Fr.
3396 5108 3465 5182 A1,
3496 5104 3808 5182 xataTv-oip.

2167 5173 2421 5251 lielckm.
2462 5174 2498 5226 5
2541 5173 3161 5251 αηοηεκαταγνώσεται.
3211 5176 3343 5251 Mox
3373 5173 3656 5251 _Seguer_.'
3682 5173 3806 5251 61:39

2164 5243 2232 5366 {at
2274 5245 2515 5333 πάντων.
2547 5243 2755 5300 Jesuit.
2807 5243 3055 5301 Colbert.
3105 5251 3163 5302 et
3210 5243 3566 5305 Taurin.":a‘:
3613 5243 3802 5302 ἑαυτῶν

2187 5333 2392 5366 σ’νυειν-

2187 5333 2392 5372 σγυειν.

2224 5335 2616 5460 (Ξῖὅῗὲθευθῐκ
2648 5383 2924 5460 γενόμενα.

2258 5390 2347 5454 76)
2378 5390 2616 5458 Seguer.
2648 5390 2924 5460 γενόμενα.

2236 5390 2348 5538 (π)
2379 5459 2488 5513 Sic.
2513 5462 2748 5538 Seguer.
2773 5458 3022 5538 Colbert.
3046 5461 3529 5538 Taurin._Jesui_t._
3549 5460 3814 5538 et_Fr._1_.

2163 5527 2278 5606 alii
2322 5527 2487 5606 vero_
2503 5534 2560 5584 et
2593 5527 2763 5606 iediti,
2798 5531 3075 5606 omittunt
3123 5531 3376 5606 ἀκυροῦν.
3411 5535 3559 5606 Ibid.
3601 5531 3821 5606 Jesuit.

2163 5599 2411 5679 Colbert.
2442 5600 2773 5679 Taurinaet
2803 5602 2988 5679 Enni,
3012 5599 3426 5679 ἄδολονξπίστιν
3454 5605 3546 5679 καὶ
3577 5603 3821 5679 καθαρὰν

2164 5667 2408 5755 σύνοξδον.
2442 5671 2585 5755 Ibid.
2620 5669 2709 5724 καί
2739 5676 2872 5730 ante
2902 5667 3174 5755 ἄνθρωποι
3207 5676 3374 5738 deest
3401 5678 3461 5738 in
3494 5667 3728 5743 Gobleri
3766 5681 3832 5741 et

2161 5742 2414 5802 Felckm.
2444 5744 2465 5800 1
2506 5759 2679 5806 anon.
