4148 6380
326 402 444 472 853

1109 405 1496 475 EPISTOLA
1537 409 1641 473 AD
1685 408 2116 475 EPISGOPOS
2161 411 2476 476 JEGYPTI
2519 413 2620 477 ET
2662 411 2949 478 LIBYE.

3629 411 3751 478 554

325 563 424 612 νην
453 536 653 610 ἄδολον
683 536 774 596 καὶ
823 538 1059 619 καθαρὰν
1096 540 1339 598 σύνοδονο
1397 544 1486 598 καὶ
1546 541 1842 618 ἄνθρωποι,
1902 537 1979 596 διὸ

2106 547 2246 618 quid
2281 548 2434 620 quod
2467 547 2707 604 haeresis
2728 548 2956 605 Christo
2983 542 3324 605 adversaria
3354 545 3748 620 patrocinium

325 628 388 686 τὸ
439 637 759 708 συνηγορεῖν
809 635 878 706 τῇ
934 634 1305 708 χριστομάχῳ
1371 633 1573 710 αἱρέσει
1622 632 1985 708 προαχθέντες

329 719 476 797 παρᾶ
525 725 633 775 τῶν
696 719 820 793 περὶ
878 715 1137 776 Εὐσέϐιον
1176 764 1191 790 ,
1246 720 1528 794 τολμῶσιν
1603 722 1802 798 ὁρίζειν
1862 720 1988 796 περὶ

329 807 584 881 πίστεως,
612 808 702 864 καὶ
738 806 1051 887 ὀφείλοντες
1084 810 1160 872 ὡς
1194 810 1478 865 ὑπεύθυνοι
1526 810 1815 887 κρίνεσθαι,
1867 809 1984 885 κρί-

326 918 458 968 νειν,
492 898 566 961 ὡς
603 899 654 952 οἱ
683 899 806 972 περὶ
839 900 1101 976 Καϊάφαν,
1156 899 1496 976 ἐπιχειροῦσι
1545 900 1634 954 καὶ
1666 898 1818 955 αὐτοί
1847 901 1984 969 (78)·

325 987 417 1042 καὶ
466 987 665 1043 Θαλίαν
722 992 941 1042 ποιοῦσι
999 987 1337 1044 πιστεύεσθαι
1398 987 1668 1059 θέλοντες,
1732 989 1782 1043 οἱ
1845 986 1987 1060 μηδὲ

327 1080 444 1138 πῶς
475 1075 785 1131 πιστεύουσι
818 1077 1170 1152 γινώσκοντες
1223 1081 1353 1152 (79).
1404 1078 1496 1140 Τίς
1548 1078 1648 1153 γὰρ
1682 1077 1780 1132 οὐκ
1821 1075 1982 1147 οἶδεν,

330 1162 536 1220 δτιδιὰ
588 1166 688 1234 τὴν
741 1169 838 1220 τοῦ
899 1165 1116 1237 Ἀρείου
1181 1167 1372 1239 μανίαν
1437 1164 1737 1228 Σεκοῦνδος
1801 1167 1894 1240 μὲν
1956 1167 1983 1221 ὁ

327 1251 764 1327 Πενταπολίτης,
795 1256 823 1308 ὁ
855 1253 1024 1310 πάλαι
1056 1252 1331 1318 πολλάκις
1378 1256 1732 1332 καθαιρεθεὶς,
1784 1252 1981 1330 ἐδέχθη

325 1349 450 1419 παρ’
497 1343 696 1414 αὐτῶν,
751 1338 1175 1419 προεϐλήθησαν
1233 1346 1344 1418 (80)
1398 1341 1454 1398 δὲ
1504 1345 1795 1420 Γεώργιος,
1829 1345 1856 1396 ὁ
1895 1348 1981 1398 νῦν

327 1432 378 1488 ἐν
403 1431 712 1504 Λαοδικείᾳ,
762 1431 852 1486 καὶ
906 1431 1160 1495 Λεόντιος
1211 1434 1238 1487 ὁ
1289 1432 1592 1501 ἀπόκοπος,
1636 1433 1726 1487 καὶ
1756 1433 1862 1507 πρὸ
1893 1431 1986 1486 αὑ-

323 1526 426 1577 τοῦ
476 1520 788 1600 Στέφανος,
839 1522 930 1576 καὶ
979 1519 1261 1595 Θεόδωρος
1305 1523 1333 1576 ὁ
1382 1524 1496 1592 (81)
1545 1522 1596 1576 ἐν
1645 1519 1981 1595 Ἡρακλείᾳ;

325 1611 426 1666 Καὶ
483 1611 584 1687 γὰρ
640 1611 731 1665 καὶ
773 1609 1036 1687 πρότερον
1101 1610 1208 1665 ἀπὸ
1259 1615 1356 1665 τοῦ
1413 1605 1804 1686 πρεσϐυτερίου
1858 1621 1985 1672 καθ-

328 1700 624 1777 αιρεθέντες
657 1747 672 1773 ,
733 1697 955 1774 ὕστερον
1038 1697 1127 1754 διὰ
1181 1701 1281 1769 τὴν
1357 1694 1598 1754 ἀσέϐειαν
1677 1697 1981 1769 ἐκλήθησαν

326 1787 614 1843 ἐπίσκοποι
645 1787 942 1863 Οὑρσάκιός
990 1811 1049 1843 τε
1096 1789 1185 1844 καὶ
1235 1790 1477 1859 Οὐάλης,
1524 1787 1718 1850 οἳτινες
1763 1790 1854 1843 καὶ
1883 1791 1981 1858 τὴν

2100 637 2482 708 susceperint,
2507 639 2578 692 ab
2603 637 2947 693 Eusebianis
2972 638 3210 694 fuerunt
3239 635 3510 709 promoti,
3533 638 3604 692 de
3634 636 3750 694 fide

2099 727 2315 780 audent
2348 727 2655 782 decernere
2685 746 2698 794 ;
2737 732 2794 783 et
2825 727 2925 798 qui
2951 732 3234 799 tanquam
3262 726 3344 782 rei
3369 726 3626 798 judicari
3647 727 3746 782 de-

2096 815 2318 882 berent,
2349 815 2429 886 bi,
2465 819 2530 870 ut
2561 815 2700 870 olim
2730 815 2999 889 Caiphae,
3023 817 3095 871 ad
3118 816 3511 886 judicandum
3532 832 3747 889 aggre-

2098 905 2362 970 diuntur,
2396 904 2626 977 sibique
2659 905 2911 960 Thaliam
2940 906 3429 977 componentibus
3459 905 3616 960 credi
3646 921 3746 961 vo-

2096 991 2247 1060 lunt,
2273 993 2374 1064 qui
2407 1010 2510 1048 nec
2541 993 2654 1065 ipsi
2687 993 2925 1064 quidem
2949 995 3141 1050 sciunt
3160 994 3454 1065 quomodo
3481 994 3744 1049 credant.

2096 1082 2236 1147 Quis
2270 1082 2422 1137 enim
2458 1081 2689 1154 ignorat
2717 1083 3053 1137 Secundum
3077 1082 3607 1155 Pentapolitanum,
3641 1081 3743 1154 qui

2095 1169 2230 1226 olim
2264 1171 2336 1226 ob
2368 1171 2637 1226 insanam
2665 1170 2788 1226 Arii
2819 1171 3084 1226 haeresim
3120 1172 3334 1243 saepius
3364 1170 3475 1226 fuit
3504 1170 3747 1242 deposi-

2093 1263 2213 1327 tus,
2236 1261 2308 1315 ab
2340 1260 2484 1332 ipsis
2506 1264 2846 1333 susceptum
2880 1276 3007 1316 esse
3036 1277 3048 1314 :
3085 1265 3382 1332 promotos
3414 1259 3550 1316 item
3577 1263 3748 1316 Geor-

2095 1350 2280 1421 gium,
2314 1350 2414 1420 qui
2444 1367 2601 1404 nunc
2636 1349 2931 1405 Laodiceae
2978 1353 3067 1406 est
3115 1351 3448 1421 episcopus,
3478 1353 3535 1405 et
3562 1349 3744 1404 Leon-

2093 1440 2242 1494 tium
2267 1444 2610 1506 castratum,
2638 1445 2694 1494 et
2724 1445 2860 1495 ante
2882 1457 3041 1509 eum,
3065 1440 3454 1510 Stephanum,
3477 1443 3533 1494 et
3558 1439 3745 1495 Theo-

2095 1529 2302 1583 dorum
2335 1528 2766 1584 Heracliensem
2795 1527 3179 1599 episcopum?
3209 1527 3538 1590 Quinetiam
3570 1527 3744 1583 Ursa-

2096 1619 2223 1673 cius
2273 1622 2328 1673 et
2375 1617 2610 1689 Valens,
2645 1634 2791 1687 quos
2841 1618 2912 1672 ab
2957 1617 3084 1690 ipso
3114 1617 3288 1672 etiam
3319 1615 3509 1683 initio,
3542 1620 3744 1688 utpote

2087 1707 2376 1778 juniores,
2411 1706 2712 1778 religionis
2745 1705 3101 1761 rudimentis
3143 1705 3357 1761 imbuit
3397 1704 3522 1776 ipse
3549 1705 3742 1774 Arius,

2097 1812 2229 1850 cum
2281 1796 2351 1850 de
2402 1796 2587 1868 gradu
2641 1795 2989 1868 presbyterii
3033 1795 3286 1850 fuissent
3316 1798 3487 1849 antea
3517 1794 3745 1866 dejecti,

325 1876 504 1953 ἀρχὴν
543 1879 697 1949 (82),
739 1877 814 1938 ὡς
865 1878 1161 1952 νεώτεροι,
1211 1879 1338 1952 παρ’
1387 1877 1604 1954 Ἀρείου
1653 1880 1979 1953 κατηχήθη-

498 1967 546 1984 ς.
614 1965 625 1984 ι
706 1964 719 1984 ι
805 1966 914 1984 ιη...
1153 1967 1165 1982 ς
1231 1973 1268 1984 η
1396 1967 1407 1984 ι
1480 1966 1499 1984 κ
1699 1967 1819 1984 .-.ι

2096 1885 2470 1956 postmodum
2497 1885 2570 1940 ob
2600 1885 2959 1955 impietatem
2986 1883 3244 1956 episcopi
3271 1887 3411 1939 sunt
3430 1883 3743 1954 designati.

324 1987 439 2021 σανο
498 1964 752 2027 Ἀκάκιός
801 1966 917 2038 (83)
973 1987 1033 2020 τε
1079 1967 1169 2020 καὶ
1231 1966 1577 2045 Πατρόφιλος
1625 1967 1715 2022 καὶ
1748 1967 1983 2043 Νάρκισ-

325 2076 436 2126 σος,
496 2056 548 2109 οἱ
606 2054 741 2128 πρὸς
798 2059 968 2108 πᾶσαν
1049 2050 1293 2110 ἀσέϐειαν
1351 2055 1761 2132 τολμηρότατοι
1822 2058 1978 2129 (84)·

325 2142 475 2198 οὗτοι
512 2145 606 2218 μὲν
640 2140 732 2198 οὖν
764 2144 854 2198 καὶ
885 2142 935 2197 ἐν
967 2148 1037 2218 τῇ
1079 2146 1215 2200 κατὰ
1261 2143 1532 2220 Σαρδικὴν
1582 2145 1849 2221 γενομένῃ
1885 2166 1979 2218 με-

326 2233 470 2308 γάλῃ
516 2229 726 2305 συνόδῳ
774 2233 1156 2308 καθῃρέθησαν·
1233 2233 1524 2296 Εὐστάθιός
1590 2255 1650 2288 τε
1697 2236 1724 2289 ὁ
1789 2239 1880 2288 νῦν
1927 2234 1978 2288 ἐν

327 2317 642 2393 Σεϐαστείᾳ,
705 2317 1029 2397 Δημόφιλός
1081 2344 1141 2377 τε
1195 2323 1284 2377 καὶ
1337 2323 1627 2399 Γερμίνιος
1687 2326 1832 2397 (85),
1892 2321 1981 2377 καί

325 2406 604 2482 Εὖδόξιος,
637 2410 728 2464 καὶ
761 2409 1068 2480 Βασίλειος,
1119 2414 1416 2487 συνήγοροι
1463 2420 1564 2481 τῆς
1616 2407 1858 2474 ἀσεϐείας
1891 2407 1979 2466 ὅν-

323 2520 434 2570 τες,
483 2501 559 2562 εἰς
607 2503 768 2554 τοῦτο
815 2501 1196 2577 προήχθησαν.
1249 2501 1381 2577 Περὶ
1429 2502 1534 2577 γὰρ
1583 2506 1690 2555 τῶν
1740 2506 1827 2556 νῦν
1889 2508 1984 2556 Κε-

323 2589 553 2666 κροπίου
612 2590 764 2662 (86),
825 2589 912 2642 καὶ
971 2594 1068 2644 τοῦ
1143 2587 1441 2666 λεγομένου
1501 2589 1786 2661 Αὑξεντίου
1820 2635 1832 2658 ,
1892 2592 1982 2645 καὶ

324 2680 650 2749 Ἐπικτήτου
679 2680 776 2732 τοῦ
828 2677 1144 2755 ὑποκριτοῦ,
1195 2675 1451 2756 περιττόν
1506 2679 1614 2734 ἐστι
1656 2679 1745 2734 καὶ
1780 2677 1981 2754 λέγειν,

323 2772 554 2847 φανεροῦ
611 2773 771 2822 πᾶσιν
833 2764 1022 2842 ὄντος,
1083 2773 1201 2830 πῶς
1259 2769 1350 2823 καὶ
1409 2766 1498 2823 διὰ
1552 2769 1714 2831 ποίας
1772 2769 1984 2847 προφά-

321 2878 432 2919 σεις
474 2859 586 2930 (87)
618 2857 708 2911 καὶ
739 2859 884 2934 παρά
911 2856 1074 2912 τίνων
1125 2856 1337 2934 ἐχθρῶν
1372 2857 1462 2914 καὶ
1514 2858 1663 2913 οὗτοι
1703 2853 1984 2934 προεϐλή-

322 2948 488 3017 θησαν
549 2946 939 3021 ὑποκρίνασθαι
984 2947 1080 3008 τὰς
1149 2947 1286 3001 κατά
1331 2951 1437 3001 τῶν
1487 2942 1981 3003 ἐπιϐουλευθέντων

329 3033 640 3091 ἐπισκόπων
686 3031 987 3112 ὀρθοδόξων
1050 3035 1439 3112 συκοφαντίαςο
1502 3034 1584 3090 ὅτι
1643 3036 1732 3090 καὶ
1784 3035 1934 3090 οὗτοι
1967 3081 1981 3106 ,

319 3122 634 3179 καίτοιάπὸ
667 3121 1007 3199 ὀγδοήκοντα
1059 3129 1238 3197 μονῶν
1292 3127 1406 3195 (88)
1452 3125 1842 3200 τυγχάνοντες,
1892 3126 1983 3180 καὶ

327 3214 404 3286 μή
435 3211 834 3288 γινωσκόμενοι
861 3213 1008 3285 παρὰ
1035 3216 1142 3266 τῶν
1179 3211 1347 3283 λαῶν,
1399 3212 1550 3285 ὅμως
1604 3211 1693 3268 διὰ
1731 3217 1828 3282 τήν
1863 3214 1983 3269 ἀσέ-

2093 1973 2194 2029 His
2224 1973 2372 2028 adde
2399 1975 2674 2029 Acacium
2708 1973 3234 2046 Patrophiiumque
3273 1978 3329 2028 et
3378 1971 3744 2044 Narcissum,

2091 2063 2248 2118 viros
2269 2062 2342 2117 ad
2367 2079 2601 2118 omnem
2624 2062 2985 2134 impietatem
3010 2061 3472 2129 audacissimos;
3497 2061 3597 2133 qui
3621 2060 3746 2133 qui-

2093 2153 2225 2206 dem
2275 2168 2479 2207 omnes
2520 2152 2580 2206 in
2633 2169 2849 2224 magna
2891 2151 3223 2208 Sardicensi
3257 2150 3476 2224 synodo
3510 2151 3749 2207 fuerunt

2092 2240 2364 2313 depositi.
2389 2241 2732 2296 Eustathius
2756 2257 3012 2312 quoque,
3035 2240 3135 2312 qui
3164 2241 3338 2296 modo
3364 2241 3632 2296 Sehastes
3657 2244 3748 2296 est

2093 2331 2245 2385 219
2278 2330 2611 2402 episcopus,
2663 2331 2960 2386 Eudoxius
3017 2334 3072 2385 et
3125 2329 3372 2385 Basilius
3421 2327 3743 2400 impietatis

2092 2419 2320 2490 patroni
2353 2420 2424 2474 ad
2456 2419 2608 2475 idem
2635 2437 2851 2474 munus
2878 2424 3018 2474 sunt
3045 2419 3244 2475 evecti.
3268 2423 3415 2473 Nam
3445 2419 3515 2473 de
3536 2420 3739 2474 Cecro-

2094 2508 2207 2580 pio,
2242 2513 2299 2563 et
2351 2524 2417 2563 eo
2475 2525 2650 2580 quem
2705 2513 2912 2564 vocant
2954 2508 3332 2574 Auxentium,
3375 2511 3434 2562 et
3480 2506 3738 2578 Epicteto

2092 2597 2379 2652 histrione
2409 2597 2600 2653 dicere
2632 2613 3126 2668 supervacaneum
3154 2597 3346 2664 fuerit,
3380 2612 3513 2651 cum
3546 2595 3741 2651 omni-

2093 2687 2204 2742 bus
2237 2689 2441 2741 notum
2473 2685 2569 2753 sit,
2605 2687 2921 2758 quomodo,
2953 2703 3250 2758 quamque
3296 2686 3369 2742 ob
3418 2699 3656 2740 causam
3688 2687 3747 2740 et

2094 2793 2128 2830 a
2157 2774 2372 2846 quibus
2402 2773 2675 2830 hostibus
2706 2779 2762 2829 et
2793 2774 2892 2830 isti
2923 2774 3137 2829 fuerint
3170 2774 3446 2846 promoti,
3471 2777 3538 2829 ut
3566 2771 3746 2828 nimi-

2095 2879 2226 2918 rum
2250 2861 2578 2918 calumnias
2601 2863 2882 2918 adversus
2905 2863 3257 2919 orthodoxos
3279 2863 3604 2935 episcopos,
3620 2861 3749 2934 qui-

2094 2952 2206 3007 bus
2238 2952 2491 3006 tendunt
2520 2951 2791 3018 insidias,
2824 2953 3130 3024 ﬁngerent.
3164 2952 3233 3020 Hi
3264 2951 3419 3008 enim
3454 2950 3750 3024 octoginta

2093 3041 2228 3096 licet
2250 3040 2659 3096 mansionibus
2682 3040 2990 3111 distantes,
3011 3058 3116 3096 nec
3139 3039 3352 3113 populo
3379 3041 3522 3105 noti,
3549 3044 3749 3095 tamen

2097 3146 2263 3185 suam
2290 3125 2527 3201 propter
2557 3129 2919 3200 impietatem
2945 3129 3200 3201 episcopi
3226 3145 3438 3184 nomen
3472 3128 3582 3183 sibi
3609 3129 3751 3183 sunt

2096 3219 2325 3274 lucrati.
2361 3219 2506 3273 Hinc
2555 3235 2690 3291 ergo
2742 3219 2916 3274 etiam
2959 3218 3278 3289 quemdam
3321 3217 3631 3287 Georgium
3680 3233 3751 3273 ea

322 3296 470 3355 ϐειαν
503 3299 1014 3376 ἐπραγματεύσαντο
1064 3302 1274 3364 ἑαυτοῖς
1317 3302 1380 3356 τὸ
1427 3296 1603 3374 ὄνομα
1639 3307 1736 3357 τοῦ
1770 3303 1979 3358 ἐπισκό-

2096 3306 2461 3380 Cappadocia
2492 3308 2758 3362 mercede
2787 3309 3140 3362 conductum
3181 3308 3253 3362 ad
3294 3324 3396 3362 vos
3443 3323 3597 3361 nunc
3646 3323 3746 3362 vo-

322 3411 472 3446 1t0u.
531 3390 629 3443 Διὰ
682 3395 845 3444 τοῦτο
904 3395 1035 3465 γοῦν
1079 3392 1191 3464 (89)
1249 3391 1337 3444 καὶ
1395 3391 1661 3466 Γεώργιον
1718 3393 1823 3447 ἀπὸ
1878 3401 1977 3462 τῆς

323 3475 714 3542 Καππαδοκίας
766 3479 888 3533 τινὰ
940 3478 1383 3552 μισθωσάμενοι,
1445 3480 1662 3543 θέλουσι
1716 3486 1807 3535 νῦν
1868 3485 1979 3557 (90)

322 3563 641 3622 ἀποστεῖλαι
669 3568 807 3644 πρὸς
840 3569 1002 3641 ὑμᾶς.
1052 3566 1208 3622 Ἀλλ’
1257 3566 1381 3624 οὐδὲ
1411 3570 1536 3645 περὶ
1583 3569 1780 3626 τούτου
1814 3567 1977 3648 λόγος

325 3653 523 3719 οὐδείς.
557 3659 729 3730 Φήμη
763 3659 876 3730 (91)
905 3658 1006 3733 γὰρ
1059 3656 1110 3711 ἐν
1158 3663 1278 3720 τοῖς
1324 3656 1536 3734 μέρεσίν
1584 3659 1695 3714 ἐστι
1741 3660 1976 3733 τούτοις,

404 3781 525 3860 (78).
547 3782 787 3860 Seguer.
821 3781 1050 3860 Gobler.
1085 3783 1338 3860 Felckm.
1376 3787 1400 3839 1
1437 3801 1612 3860 anon.
1646 3782 1986 3860 ἐπιχειροῦσι

329 3851 419 3905 καὶ
468 3851 652 3926 αὐτοίἷ
678 3852 780 3926 ⁸καὶ
829 3851 1051 3908 Θαλίαν.
1097 3859 1333 3926 Seguer.
1366 3852 1616 3922 Θαλείαν,
1649 3851 1885 3913 θίοῗῐδν.
1932 3861 1982 3914 1.

329 3925 570 4001 Taurin.
597 3923 848 4001 Colbert.
879 3931 937 3981 et
958 3923 1534 4001 Jesuit.—enixetpqﬁct
1565 3927 1654 3980 καὶ
1688 3926 1983 4001 αὐτοί-,καὶ

333 3995 471 4071 βίαν⁵
488 3999 706 4071 ποιοῦσι
739 3994 856 4051 λίαν
909 3995 1269 4071 πιστεύεσθαι.
1292 3994 1683 4071 ’Ᾰῐὶείὶεᾶῐιυ8,
1717 4000 1806 4053 καὶ
1859 3999 1983 4053 άπι-

328 4063 578 4148 στα].ίαν
609 4066 1222 4148 ποιοῦσιλπιστεύεσθαι.
1260 4069 1368 4127 Alii
1394 4063 1456 4126 Et
1484 4072 1644 4141 editi,
1670 4063 1981 4148 ἐπιχειροῦ-

327 4159 397 4192 σι.
433 4138 533 4192 Καὶ
564 4137 718 4194 αὐτοὶ
752 4136 976 4206 Θαλίαν,
1015 4144 1124 4198 etc.
1632 4134 1642 4141 ’
1767 4134 1802 4146 ﬁ

397 4210 1050 4287 (79)_S_eguer._Qolbert.
1084 4213 1326 4269 Taurin.
1358 4218 1415 4269 et
1442 4213 1652 4270 Jesuit.
1685 4215 1980 4287 γικώσκον-

326 4279 431 4342 τες.
465 4279 669 4354 Aliiét
697 4283 859 4354 editi,
891 4279 1113 4343 εῗδότες.

668 4355 908 4426 Seguer.
931 4354 1140 4410 Jesuit.
1165 4359 1222 4410 et
1250 4356 1340 4410 Fr.
1376 4357 1424 4410 1.
1449 4355 1557 4411 Alii
1589 4375 1723 4414 vero
1754 4362 1812 4413 et
1841 4359 1981 4414 editi

321 4443 572 4501 πρφέεφλῖἴ

2091 3396 2221 3451 lunt
2252 3396 2505 3450 mittere.
2540 3396 2644 3450 Sed
2681 3395 2846 3450 nulla
2876 3395 3054 3467 hujus
3086 3395 3232 3451 ratio
3271 3395 3473 3451 haberi
3523 3394 3695 3450 debet
3727 3410 3742 3450 :

2091 3487 2382 3557 siquidem
2420 3484 2575 3539 fama
2623 3491 2712 3539 est
2759 3485 2818 3538 in
2869 3484 3028 3540 hisce
3078 3484 3436 3556 regionibus,
3469 3482 3638 3539 illum
3671 3499 3745 3538 ne

2092 3573 2491 3629 Christianum
2535 3573 2776 3645 quidem
2831 3590 2977 3643 esse,
3011 3573 3112 3628 sed
3162 3575 3356 3645 potius
3404 3570 3745 3627 idololatriae

2094 3662 2392 3718 addictum
2425 3663 2810 3732 barbarisque
2853 3678 2982 3717 esse
3028 3663 3293 3718 moribus
3344 3666 3401 3717 et
3451 3659 3745 3717 carniﬁcis

2097 3787 2310 3859 desunt
2338 3785 2395 3839 in
2429 3784 2560 3841 aliis
2589 3790 2644 3841 et
2677 3785 2816 3842 edit.
2851 3785 3192 3842 Commelin.
3228 3803 3331 3842 nec
3381 3785 3524 3859 legit
3567 3784 3744 3842 etiam

2097 3858 2485 3913 Omnibonus.

2166 3929 2279 3999 (86)
2313 3929 2405 3983 Sic
2438 3930 2674 4000 Seguer.
2716 3927 2947 3984 Colbert
2991 3929 3228 3984 Taurin.
3282 3928 3471 3985 Jesuit
3516 3927 3742 4000 Anglic.

2096 4000 2322 4055 Gobler.
2360 4000 2552 4056 Felck.
2589 4002 2611 4054 1
2654 4005 2710 4054 et
2737 4001 2774 4054 5
2805 4018 2978 4055 anon.
3013 4004 3070 4055 et
3109 4003 3192 4056 Fr.
3230 4001 3278 4055 1.
3316 4001 3421 4056 Alii
3451 4005 3652 4057 autem
3684 4001 3744 4053 et

2094 4072 2238 4145 editi
2267 4068 2563 4145 Κεκρόπου.
2621 4070 2886 4145 Μοξί-καί
2937 4077 3072 4127 ante
3120 4072 3445 4145 Ἐπικτήτου
3489 4073 3652 4129 deest
3681 4068 3742 4145 in

2093 4143 2347 4218 Felckm.
2473 4160 2645 4218 anon.
2674 4143 2957 4218 _lbidem,_
2983 4147 3079 4218 τοὺ
3113 4143 3407 4218 ὑποκριτοῦ
3438 4145 3654 4217 legitur
3680 4141 3742 4218 in

2093 4215 2331 4286 Seguer.
2367 4215 2542 4286 Taur.
2577 4214 2634 4269 in
2664 4215 2783 4286 Jes.
2816 4213 3339 4271 Gobler.'Felckm.
3378 4218 3402 4270 1
3457 4213 3633 4272 anon.
3667 4213 3741 4267 At

2092 4284 2150 4340 in
2175 4283 2439 4340 editione
2467 4283 2809 4340 Commelin.
2860 4291 2965 4340 art.
3023 4288 3118 4337 τοῦ
3167 4287 3348 4342 deest.
3401 4289 3543 4342 Item
3593 4287 3736 4349 ibid.

2092 4357 2331 4444 Seguer.
2360 4356 2882 4444 gqbleque'lckm.
2934 4359 2992 4444 1“
3015 4374 3191 4444 anqln.
3220 4355 3354 4444 ‘é'crti
3399 4356 3513 4444 καὶ
3535 4354 3733 4444 λέγειν,

2087 4423 2298 4501 Jesuit.
2337 4429 2515 4501 _C_o_lb.
2565 4433 2622 4483 et
2675 4428 2914 4483 Taurin.
2967 4425 3025 4479 ἃν
3082 4423 3164 4496 εἷή
3220 4425 3422 4501 λέγειν.
3472 4423 3625 4488 Editi
3683 4439 3743 4492 et

397 4445 880 4572 'Jegsuit.
912 4499 1147 4572 Seguer.
1182 4499 1239 4551 et
1268 4496 1357 4572 Fr.
1393 4497 1443 4572 1_.
1476 4501 1552 4552 At
1590 4497 1685 4572 alii
1733 4503 1791 4553 et
1838 4499 1978 4572 editi

2096 4445 2298 4483 Jesmt.
2357 4445 2515 4482 U010.

2096 4499 2210 4563 alii,
2230 4497 2353 4572 ficti
2385 4495 2560 4572 λέγειν

325 4566 354 4619 ὁ
386 4566 687 4624 emittunt.
718 4568 790 4624 Se

325 4583 354 4619 ο
386 4583 687 4624 omittunt.
718 4583 955 4693 Seguer.
978 4583 1218 4636 lniuem,
1244 4583 1342 4620 και
1373 4583 1476 4641 γαρ
1508 4583 1794 4642 προτερον.
1819 4583 1977 4625 luem

323 4638 634 4719 item_cu_rn
676 4639 804 4719 (iob
825 4643 1015 4719 er.“et
1035 4637 1350 4719 “Felck.“1_
1383 4634 1977 4719 anon._7rpaa6u-cépou.

324 4709 1126 4786 Jesuit._Basil_.__Anglic.
1180 4711 1204 4763 1
1261 4709 1516 4786 Felckm.
1561 4712 1597 4764 5
1635 4709 1812 4767 anon.
1843 4709 1980 4786 πρε-

327 4775 633 4856 σϐυτερίου.
664 4782 775 4856 Alii
808 4775 951 4856 cum
975 4781 1167 4856 editis,
1197 4775 1584 4856 πρεσϐυτέρου.

395 4851 508 4925 (82)
539 4853 632 4908 Sic
673 4854 879 4910 Jesuit.
922 4851 1098 4925 Basil.
1132 4851 1622 4925 Anglic.rGob_ler.
1658 4853 1911 4908 Felckm.
1948 4856 1973 4909 1

323 4922 498 4997 anon.
534 4929 598 4997 et
620 4925 720 4997 Fr._
749 4927 800 4981 1.
833 4924 1033 4997 Atalii
1061 4941 1202 4997 cum
1229 4922 1542 4997 editisto't.
1577 4925 1708 4980 Mox
1737 4931 1973 4997 Seguer.

320 4994 536 5051 Jesuit.
571 4994 748 5050 Basil.
781 4996 1000 5067 Anglic.
1045 4995 1274 5052 Gobler.
1328 5000 1386 5051 et
1432 4996 1682 5052 Felckm.
1720 4997 1743 5050 1
1797 4994 1972 5051 anon.

320 5071 376 5122 et
407 5067 596 5141 Fr._i,
640 5067 772 5141 ,παρ’
813 5064 1029 5141 Ἃρείου
1059 5067 1478 5140 κατηχήθησαν.
1509 5068 1742 5141 Gobler.
1768 5072 1973 5141 tamen

323 5155 458 5212 cum
502 5138 757 5194 Felckm.
805 5138 946 5212 _1A_‘et
995 5141 1030 5192 2
1078 5138 1255 5212 anon.
1303 5139 1969 5212 xamxvgtlncav._Jesuit.

317 5209 868 5285 κατήχθησανᾷμᾼὶίἱ
928 5225 1063 5264 cum
1120 5209 1326 5285 editis,
1390 5208 1515 5285 παρ’
1549 5208 1778 5285 -Ἂρείῳ
1843 5230 1970 5285 κατ-

319 5277 633 5407 ηξήθησαν.
668 5281 812 5337 lbid.
865 5297 969 5353 pro
1017 5277 1383 5357 Πατρόφιλος,
1417 5277 1669 5338 Εόίοῑςωζ
1719 5277 1777 5352 5⁷,
1828 5281 1971 5356 Πρό-

319 5373 378 5407 cm
421 5373 497 5407 ος.

364 5373 497 5414 ιΛος.

319 5373 502 5496 φιῖἕῖξ)
529 5425 674 5480 Vide
703 5440 884 5496 supra
915 5439 1044 5496 pag.
1074 5423 1203 5496 127,
1237 5426 1358 5478 not.

389 5495 502 5569 (84)
530 5496 620 5569 Sic
651 5495 889 5569 Seguer.
923 5495 1144 5569 Jesuit,
1162 5499 1219 5550 et
1249 5496 1340 5569 Fr.
1376 5496 1426 5550 1.
1451 5495 1879 5569 Caeteriautem
1912 5499 1969 5551 et

315 5563 805 5690 θᾶὶἓίςτολμηρῦί.
835 5567 968 5623 Mox
998 5565 1252 5622 Felckm.
1283 5567 1320 5621 5
1348 5584 1520 5622 anon.
1553 5565 1690 5622 κατὰ
1721 5563 1962 5642 Σαρδικῇ

315 5655 400 5690 γεν
445 5657 615 5690 μενοι.

309 5655 615 5710 γενομενοι.

384 5708 742 5779 (85)_Jesuit.
773 5709 1024 5766 Colbert.
1059 5707 1299 5764 Taurin.
1333 5713 1390 5764 et
1421 5709 1510 5763 Fr.
1545 5710 1570 5762 1
1598 5709 1830 5779 addunt
1861 5716 1962 5778 Δη-

833 4583 955 4622 uer.
978 4538 1218 4658 ilbid‘etln‘,
1244 4564 1342 4658 Καὶ
1373 4566 1476 4641 γὰρ
1508 4566 1794 4658 πρότεροί.
1819 4569 1979 4658 I’dem

2699 4568 2904 4658 Felck‘.‘
2941 4571 2965 4624 1
3016 4586 3194 4658 ‘anqn.
3234 4568 3744 4658 appetisse)chon

2088 4639 2493 4716 JeSuit._Colb_.
2535 4642 2709 4696 Taur.
2757 4647 2814 4696 et
2864 4642 2955 4696 Fr.
3010 4643 3060 4709 1,
3114 4639 3515 4716 ὑποκρίνεσθαι.
3549 4646 3656 4702 Alii
3687 4655 3745 4705 et

2091 4714 2252 4787 editi,
2295 4712 2701 4787 ὑποκρίνασθαι.
2859 4779 2861 4782 γ

2163 4779 2276 4851 (88)
2307 4779 2446 4859 Seg;
2478 4779 2869 4859 cydovjxcv-La;
2896 4781 3109 4859 (adven.
3168 4783 3330 4838 Colb.
3402 4781 3741 4859 ᾦγδοήκοντα

2087 4859 2337 4930 tantum:
2387 4853 2733 4930 Gobler._et
2779 4853 3032 4930 Felckm.
3092 4857 3116 4909 1
3170 4872 3344 4911 anon.
3397 4853 3740 4930 ὀγδοήκοντα

2092 4925 2278 5000 μόνον.
2313 4928 2424 4982 Sed
2460 4927 2764 5000 legendum
2801 4922 3137 5000 ὀγδοήκοντα
3184 4931 3388 5000 μονῶν,
3420 4922 3487 4983 lit
3534 4922 3632 4986 alii
3679 4938 3737 4989 et

2085 4999 2224 5070 editi
2250 4999 2484 5054 habent.
2505 4997 2725 5070 Nempe
2746 4997 3126 5069 conqueritur
3143 4997 3199 5070 S.
3220 4999 3577 5058 Athanasius
3600 5003 3734 5060 illos

2085 5069 2499 5142 Ecclesiarum,
2533 5069 2688 5126 unde
2737 5069 3276 5142 totimansionibus
3323 5071 3642 5142 distabant,
3674 5081 3733 5131 et

2083 5141 2296 5216 quibus
2329 5158 2433 5196 nec
2465 5142 2584 5216 noti
2617 5141 3017 5216 eraqtﬁactos
3049 5141 3230 5216 fcisse
3261 5142 3586 5216 episcopos.

2153 5213 2268 5282 (89)
2302 5216 2431 5265 Γοῦν
2462 5215 2627 5268 abest
2657 5231 2691 5268 a
2720 5213 2949 5268 Gobler.
2984 5217 3042 5268 et
3073 5212 3324 5268 Felckm'.
3361 5215 3385 5268 1
3423 5212 3596 5271 anon.

2153 5285 2268 5350 (90)
2297 5284 2507 5339 Jesuit.
2558 5284 2801 5339 Colbert.
2862 5284 3098 5338 Taurin.
3155 5289 3213 5338 et
3264 5285 3356 5339 Fr.
3414 5287 3465 5352 1,
3513 5283 3729 5340 θέλουσι

2078 5357 2193 5408 νῦν.
2227 5355 2376 5409 Editi
2413 5361 2470 5410 et
2502 5356 2598 5410 alii
2627 5359 2717 5408 νῦν
2749 5355 3049 5410 omittunt.
3083 5359 3210 5410 Mox
3242 5355 3370 5414 Sea.
3404 5356 3524 5412 Jes.
3558 5358 3722 5414 Gobl.

2079 5425 2269 5480 Felck.
2297 5428 2322 5480 1
2358 5443 2530 5481 anon.
2554 5427 2802 5497 Colbert.
2833 5427 3072 5480 Taurin.
3097 5430 3156 5481 et
3189 5426 3279 5481 Fr.
3316 5423 3367 5497 1,
3391 5423 3549 5482 Ἀλλ’
3579 5426 3723 5486 οὐδέ.

2078 5497 2224 5551 Editi
2259 5502 2316 5552 et
2347 5497 2464 5563 alii,
2495 5495 2654 5551 Ἀλλ’
2685 5493 2767 5552 οὗ.

2146 5570 2257 5641 (91)
2289 5570 2382 5624 Sic
2410 5569 2619 5624 Jesuit.
2657 5568 2906 5641 Colbert.
2957 5567 3196 5641 Taurin.
3221 5568 3466 5641 _Anglic.
3518 5577 3577 5628 et
3623 5571 3716 5628 Fr.

2075 5641 2124 5692 1.
2155 5637 2281 5694 ’Alii
2332 5657 2461 5694 vero
2517 5645 2570 5696 et
2619 5639 2778 5711 editi,
2833 5637 3417 5711 Φημὶᾼγαρηῦεευὶι.
3463 5642 3719 5700 Colbert.

2072 5711 2310 5766 Taurin.
2337 5711 2475 5767 ibid.
2509 5715 2638 5781 post
2674 5709 2883 5782 μέρεσιν
2918 5706 3142 5765 addunt
3168 5706 3300 5781 ἐστί,
3325 5714 3518 5769 οωιοτῑ
3549 5713 3720 5770 omit-

315 5776 552 5859 μόφιλός
595 5799 654 5834 τε
689 5779 780 5834 καὶ
827 5779 1134 5856 Γερμίνιος.
1181 5781 1274 5838 Fr.
1326 5782 1380 5847 1,
1431 5777 1744 5853 Γαρμίνιος.
1790 5786 1864 5837 At
1894 5776 1962 5838 ea

2096 5786 2219 5838 unt.
