4148 6406
305 427 426 489 559

843 419 910 483 S.
954 416 1378 484 ATHANASII
1421 413 1596 485 OPP.
1639 419 1845 483 PARS
1889 417 1938 480 l.
1973 447 2053 462 —
2083 413 2510 479 HISTORICA
2551 411 2654 475 ET
2697 407 3190 475 DOGMATICA.

3610 400 3738 467 660

309 557 580 633 quamvis
609 556 798 632 legem
837 571 953 632 prae
1011 555 1185 613 labiis
1241 555 1541 621 haberent,
1575 551 1834 610 Salvator
1862 551 1961 606 his

2095 552 2222 601 ιαῖοι
2249 546 2339 601 καὶ
2371 547 2423 601 oi
2455 542 2800 622 Ἡρωδιανοὶ,
2833 541 3026 618 καίπερ
3054 541 3148 597 τὸν
3172 537 3340 614 νόμον
3375 533 3467 595 διὰ
3495 535 3737 633 χειλέων

308 648 502 705 verbis
562 647 840 719 repressit
911 663 924 702 :
1002 647 1237 711 Erratis,
1295 644 1594 698 nescientes
1646 643 1964 712 Scripturas

310 754 486 810 neque
531 739 793 793 virtutem
837 737 937 791 Dei
971 736 1034 789 ιε.
1107 734 1368 808 Iliaeque
1399 731 1592 803 palam
1627 731 1843 786 factum
1876 733 1966 785 est

312 827 446 883 illos
476 825 653 881 etiam
686 825 787 895 qui
815 823 1005 880 verbis
1035 823 1180 894 legis
1212 820 1318 876 niti
1349 821 1962 889 videbantur,senten-

313 917 398 972 tia
450 915 751 970 haereticos
809 916 865 967 et
922 913 1023 967 Dei
1081 911 1280 970 hostes
1339 926 1485 965 esse.
1537 909 1698 966 Alios
1728 907 1966 980 quidem

316 1004 402 1060 illi
435 1001 774 1073 hujusmodi
805 1001 1178 1057 sermonibus
1202 1000 1259 1054 in
1291 1015 1546 1055 errorem
1571 999 1964 1054 induxerunt:

316 1097 377 1150 at
431 1092 744 1148 Dominum
778 1090 1077 1145 hominem
1113 1090 1331 1144 factum
1363 1104 1478 1143 non
1511 1091 1830 1158 potuerunt
1861 1085 1967 1141 fal-

314 1182 431 1238 lere
467 1206 482 1247 ;
514 1180 769 1235 Verbum
801 1179 956 1234 enim
991 1194 1124 1232 caro
1158 1179 1375 1232 factum
1408 1182 1535 1244 est;
1569 1177 1848 1241 Verbum,
1879 1174 1968 1230 in-

315 1285 517 1342 quam,
549 1268 640 1323 cui
692 1284 806 1322 non
865 1267 1008 1322 latet
1030 1283 1209 1321 vanas
1241 1283 1368 1322 esse
1411 1265 1720 1321 hominum
1753 1263 1970 1336 cogita-

315 1357 504 1416 tiones
536 1357 596 1411 “.
630 1356 722 1411 Sic
751 1355 909 1412 enim
942 1359 1000 1410 et
1029 1355 1264 1410 Judaeos
1297 1355 1643 1410 insidiantes
1675 1353 1802 1425 ipse
1833 1368 1970 1407 con-

316 1447 524 1503 futavit
557 1463 569 1500 :
598 1447 664 1502 Si
693 1447 834 1500 Deus
869 1450 1036 1500 Pater
1097 1449 1268 1500 vester
1320 1447 1477 1510 esset,
1508 1459 1596 1497 me
1625 1443 1811 1512 utique
1840 1439 1970 1496 dili-

315 1537 520 1605 geretis
552 1551 564 1588 :
597 1551 693 1603 ego
722 1535 873 1589 enim
903 1549 973 1590 ea:
1010 1535 1172 1588 Patre
1209 1534 1382 1599 exivi,
1413 1537 1464 1588 et
1493 1533 1648 1587 venio
1677 1530 1754 1585 ad
1782 1546 1873 1585 vos
1908 1530 1970 1583 ιδ.

318 1625 480 1680 Idem
512 1640 669 1678 nunc
699 1627 756 1678 et
785 1621 883 1677 isti
915 1621 1061 1676 mihi
1095 1637 1267 1692 agere
1299 1621 1572 1676 videntur
1603 1637 1616 1674 :
1651 1635 1778 1691 quae
1815 1617 1971 1674 enim

322 1713 603 1779 sentiunt,
640 1711 752 1782 ipsi
783 1709 1097 1775 occultant,
1131 1725 1197 1765 ac
1225 1709 1433 1765 deinde
1464 1713 1530 1763 ut
1559 1707 1839 1771 scribant,
1871 1723 1974 1762 vo-

324 1818 422 1858 ces
481 1819 516 1856 a
570 1799 887 1872 Scripturis
945 1797 1152 1854 callide
1219 1801 1542 1867 mutuatur,
1574 1801 1641 1852 ut
1693 1795 1974 1851 nimirum

325 1889 420 1945 his
479 1895 757 1960 tanquam
816 1902 951 1942 esea
997 1885 1221 1942 illectos
1269 1886 1549 1959 ingnaros
1585 1886 1644 1941 in
1677 1884 1973 1957 propriam
2004 1921 2053 1986 B

329 1977 626 2035 attrahant
654 1975 999 2048 nequitiam.

403 2157 548 2214 πει
589 2155 676 2210 10.
709 2155 878 2220 Nam,
909 2171 1128 2226 quaso,
1161 2154 1444 2211 attendite
1473 2170 1664 2210 annon
1695 2153 1777 2208 ita
1806 2169 1867 2209 se
1883 2167 1976 2208 res

327 2244 560 2301 habeat.
586 2243 645 2300 Si
673 2243 829 2298 enim
854 2243 1014 2298 nulla
1039 2242 1373 2315 impellente
1392 2259 1570 2298 causa
1597 2243 1668 2298 de
1692 2242 1803 2298 fide
1834 2242 1977 2297 scri-

326 2333 494 2399 bunt,
528 2349 649 2388 rem
677 2336 859 2404 agunt
887 2337 1043 2388 certe
1073 2331 1346 2387 inutilem
1379 2331 1643 2404 forteque
1688 2329 1978 2403 periculo-

326 2437 474 2489 sam,
508 2421 723 2493 quippe
754 2437 888 2474 cum
922 2419 1086 2475 nulla
1116 2425 1275 2476 mota
1306 2419 1612 2490 quastione,
1637 2435 1843 2475 ansam
1866 2417 1979 2490 ipsi

325 2509 713 2565 contentionis
746 2509 1324 2580 suppeditent,atque
1347 2509 1430 2564 ita
1449 2509 1701 2564 candida
1729 2508 1979 2563 fratrum

326 2598 504 2653 corda
531 2598 890 2668 perturbent,
952 2613 1134 2668 eaque
1175 2597 1566 2652 disseminent
1595 2613 1722 2668 quas
1755 2596 1814 2650 in
1849 2594 1980 2650 illo-

327 2701 460 2741 rum
491 2689 746 2740 mentem
780 2702 1083 2758 nunquam
1115 2702 1345 2741 venere.
1406 2685 1498 2740 Sin
1530 2689 1726 2740 autem
1758 2688 1824 2739 ut
1855 2699 1982 2738 sese

329 2774 401 2828 de
431 2773 649 2829 Ariana
703 2773 909 2830 heresi
941 2778 1277 2845 purgarent,
1341 2773 1594 2829 scribere
1650 2771 1981 2837 voluerunt,

333 2852 596 2926 profecto
627 2855 855 2908 semina
913 2853 1200 2908 malorum
1236 2869 1365 2924 que
1397 2857 1598 2908 exorta
1625 2857 1782 2920 sunt,
1818 2851 1984 2924 prius

334 2944 504 2997 erant
558 2941 876 3008 evellenda,
920 2941 1099 3013 hique
1157 2941 1478 2997 damnandi
1509 2941 1608 3013 qui
1639 2941 1983 3013 hujusmodi

336 3029 565 3085 semina
594 3029 1122 3085 subministrarunt
1151 3053 1164 3096 ;
1195 3045 1261 3084 ac
1322 3028 1563 3100 proinde
1619 3029 1833 3084 licebat
1875 3028 1985 3084 hoc

337 3121 505 3188 pacto
535 3117 817 3173 adversus
846 3133 945 3172 eos
977 3120 1133 3172 recta
1162 3116 1415 3172 scribere
1449 3134 1460 3171 :
1494 3116 1584 3172 vel
1615 3122 1768 3173 certe
1798 3117 1984 3173 satius

328 3205 540 3262 fuisset
567 3206 688 3260 Arii
719 3207 1069 3262 sententiam
1113 3211 1313 3280 aperte
1345 3224 1626 3277 asserere,
1668 3213 1730 3264 ut
1762 3207 1986 3264 scilicet

2076 634 2294 711 ἔχοντες
2345 633 2702 710 ἐνετράπησαν
2747 631 2894 708 παρᾶ
2955 635 3053 687 τοῦ
3100 631 3216 703 (13)
3267 635 3526 703 Σωτῆρος
3573 626 3736 683 ἀκοῦ-

2076 745 2286 784 σαντες·
2348 722 2628 779 Πλανᾶσθε
2710 722 2786 794 μὴ
2874 716 3076 782 εἰδότες
3137 718 3235 780 τὰς
3310 716 3522 795 Γραφὰς
3591 713 3738 789 μηδὲ

2074 809 2173 880 τῆν
2251 809 2479 884 δύναμιν
2552 814 2650 865 τοῦ
2705 813 2858 866 Θεοῦ.
2921 806 3018 862 Καὶ
3080 803 3344 862 δέδεικται
3411 809 3593 876 πᾶσιν,
3648 802 3735 858 δτι

2075 901 2165 956 καὶ
2198 901 2250 954 oi
2281 897 2560 961 δοκοῦντες
2609 899 2700 954 τὸν
2758 897 2924 971 νόμον
2981 894 3168 952 λαλεῖν
3223 893 3579 970 ἠλέγχθησαν
3633 893 3738 961 τήν

2078 987 2317 1045 διάνοιαν
2359 985 2504 1050 ὄντες
2560 988 2822 1064 αἱρετικοὶ
2878 984 2968 1040 καί
3027 984 3318 1060 Θεομάχοι.
3349 981 3591 1044 ’Ἄλλους
3641 981 3740 1054 μὶν

2079 1076 2170 1133 οῦν
2200 1081 2312 1152 (14)
2344 1077 2648 1147 ἐπλάνησαν
2691 1079 2916 1131 τοιαῦτα
2969 1073 3250 1150 λέγοντες⁶
3295 1071 3388 1126 τὸν
3437 1068 3496 1126 δὲ
3543 1071 3742 1147 Κύριον

2078 1167 2364 1243 γενόμενον
2423 1165 2704 1242 ἄνθρωπον
2762 1163 2862 1219 οὐκ
2928 1160 3274 1233 ἠδυνήθησαν
3341 1160 3656 1230 ἀπατῆσαι·
3710 1160 3740 1213 6

2079 1255 2252 1332 Λόγος
2297 1255 2398 1332 γὰρ
2458 1255 2585 1331 σὰρξ
2649 1253 2872 1330 ἐγένετο,
2934 1254 2963 1307 6
3019 1252 3300 1328 γινώσκων
3354 1248 3482 1312 τοὺς
3554 1247 3743 1306 διαλο-

2077 1344 2308 1422 γισμοὺς
2334 1348 2442 1399 τῶν
2483 1344 2780 1419 ἀνθρώπων
2820 1343 2954 1416 (15),
2989 1340 3072 1396 ὅτι
3119 1339 3220 1396 εἶσὶ
3274 1337 3494 1411 μάταιοι
3525 1359 3538 1374 ο
3595 1337 3743 1394 οὕτω

2079 1433 2180 1509 γὰρ
2236 1433 2326 1487 καὶ
2385 1428 2674 1492 Ἰουδαίους
2747 1429 3150 1508 ὑφαρπάζοντας
3225 1425 3442 1503 ἤλεγξε,
3523 1425 3696 1503 λέγων
3726 1448 3740 1462 ο

2082 1521 2201 1576 Εἰὸ
2255 1522 2383 1583 Θεὸς
2442 1521 2628 1596 Πατὴρ
2689 1521 2840 1592 ὑμῶν
2894 1519 2981 1589 ἦν,
3037 1516 3282 1593 ἠγαπᾶτέ
3343 1537 3411 1589 με
3466 1513 3527 1570 ἄν
3559 1537 3573 1551 ’
3629 1515 3740 1592 ἐγὼ

2080 1611 2182 1686 γάρ
2236 1611 2296 1666 ἐκ
2347 1615 2444 1665 τοῦ
2503 1609 2712 1685 Πατρὸς
2769 1607 3015 1679 ἐξῆλθον,
3066 1606 3156 1661 καὶ
3210 1605 3333 1674 ἥκω
3389 1605 3528 1680 πρὸς
3577 1605 3738 1678 ὑμᾶς.

2084 1699 2238 1753 Οὕτω
2281 1720 2373 1772 μοι
2422 1696 2512 1752 καί
2558 1701 2650 1752 νῦν
2698 1697 2854 1752 οὗτοι
2901 1698 3015 1769 (16)
3047 1692 3270 1750 δοκοῦσι
3322 1698 3498 1750 ποιεῖν
3529 1711 3543 1726 ⁸
3604 1693 3740 1769 κρύ-

2081 1808 2274 1842 πτουσι
2331 1787 2432 1862 γάρ
2462 1786 2496 1840 ἃ
2529 1789 2805 1864 φρονοῦσι,
2861 1785 2950 1840 καὶ
3012 1785 3206 1840 λοιπὸν
3262 1781 3338 1844 εἷς
3395 1782 3460 1838 τὸ
3513 1781 3738 1860 γράφειν

2083 1881 2326 1953 χρῶνται
2358 1875 2505 1952 παρά
2533 1879 2640 1930 τῶν
2666 1877 2891 1952 Γραφῶν
2943 1873 3037 1934 τὰς
3095 1871 3285 1944 λέξεις,
3311 1870 3383 1926 ἵν’
3443 1870 3497 1927 ἐν
3555 1870 3742 1932 αὐταῖς

2083 1968 2198 2040 (17)
2250 1962 2592 2026 δελεάσαντες
2651 1963 2994 2036 ὑποσῦρωσιν
3055 1960 3129 2023 εἴς
3193 1961 3294 2029 τὴν
3354 1958 3491 2016 ίδίαν
3549 1961 3741 2016 κακίαν

2082 2053 2209 2116 τοὺς
2241 2055 2582 2129 ἀγνοοῦντας.

2159 2145 2246 2200 10.
2279 2141 2544 2198 Θεάσασθε
2601 2138 2680 2211 δὲ,
2734 2139 2779 2195 εἶ
2829 2140 2905 2212 μὴ
2958 2137 3130 2200 οὕτως
3181 2135 3319 2214 ἔχει.
3370 2137 3435 2194 Εἰ
3487 2138 3583 2212 μὶν
3625 2138 3755 2214 γὰρ,

2091 2229 2323 2304 μηδενὸς
2369 2229 2749 2304 ὑποκειμένου,
2782 2231 3052 2308 γράφουσι
3099 2228 3225 2304 περὶ
3273 2227 3526 2299 πίστεως,
3559 2247 3747 2304 περιτ-

2085 2322 2178 2376 τὸν
2206 2321 2270 2376 τὸ
2328 2319 2687 2395 ἐπιχείρημα,
2717 2317 2863 2393 τάχα
2891 2319 3004 2392 (18)
3035 2315 3093 2372 δὶ
3143 2318 3234 2372 καὶ
3294 2311 3608 2388 ἐπιϐλαόὶς,
3641 2316 3750 2388 ὅτι,

2093 2407 2367 2482 μηδεμιᾶς
2439 2410 2717 2479 ζητήσεως
2791 2404 2978 2478 οὔσης,
3049 2405 3202 2462 αὐτοὶ
3262 2406 3528 2484 πρόφασιν
3586 2405 3752 2482 λογο-

2094 2498 2298 2573 μαχίας
2330 2497 2663 2573 παρέχουσιν
2710 2495 3156 2564 ἀνασκευάζοντες
3206 2495 3300 2557 τὰς
3354 2494 3587 2556 ἀκάκους
3640 2499 3754 2550 τῶν

2090 2584 2338 2664 ἀδελφῶν
2370 2583 2614 2660 καρδίας,
2647 2584 2736 2639 καὶ
2768 2582 3222 2659 παρασπείροντες
3256 2583 3292 2638 ἃ
3324 2580 3466 2657 μηδὲ
3518 2583 3594 2646 εἷς
3621 2586 3749 2639 νοῦν

2089 2674 2265 2730 αὐτῶν
2299 2695 2432 2729 ποτε
2469 2669 2631 2744 ἀνέϐη
2658 2691 2670 2704 ·
2721 2673 2766 2727 εἰ
2815 2671 2873 2727 δὲ
2924 2669 3013 2727 διὰ
3057 2673 3156 2740 τὴν
3209 2673 3491 2748 Ἀρειανήν
3537 2670 3750 2748 α’ίρεσιν

2091 2761 2531 2838 ἀπολογούμενοι
2589 2761 2810 2839 γράφειν
2868 2760 3257 2838 ἐπιχειροῦσιν,
3309 2757 3416 2816 ἔδει
3463 2765 3573 2816 τῶν
3620 2760 3751 2838 φόν-

2090 2873 2198 2907 των
2256 2857 2435 2906 κακῶν
2468 2854 2582 2925 (19)
2635 2851 2703 2905 τὰ
2761 2849 3043 2925 σπέρματα
3099 2848 3444 2926 προανελεῖν,
3474 2849 3564 2904 καὶ
3621 2849 3753 2911 τοὺς

2091 2943 2159 2996 τὰ
2197 2939 2478 3016 σπέρματα
2535 2939 2914 3016 παρασχόντας
2987 2937 3358 3011 στηλιτεῦσαι,
3418 2938 3508 2994 καὶ
3575 2938 3754 3002 οὕτως

2091 3031 2159 3085 τὰ
2209 3030 2322 3085 ἀντ’
2369 3028 2581 3084 ἐκείνων
2627 3028 2848 3106 γράφειν
2895 3028 3089 3103 ὀρθῶς,
3139 3028 3175 3096 ἢ
3225 3025 3454 3084 ἐκδικεῖν
3510 3032 3754 3106 φανερῶς

2091 3118 2158 3172 τὰ
2190 3116 2421 3194 ’Δρείου,
2448 3115 2543 3172 ’ίνα
2598 3118 2674 3190 μή
2732 3115 3118 3192 κεκρυμμένως
3149 3117 3281 3190 (20),
3316 3113 3464 3172 ἀλλὰ
3511 3121 3755 3193 φανερῶς

2097 3206 2473 3284 χριστομάχοι
2527 3203 2898 3276 δεικνύωνται,
2930 3205 3021 3260 καὶ
3069 3204 3262 3267 πάντες
3295 3203 3489 3267 αὐτοὺς
3537 3205 3752 3284 φεύγω-

326 3309 444 3349 non
476 3294 627 3350 clam
659 3295 759 3350 sed
794 3295 987 3367 palam
1033 3297 1192 3368 ipsos
1248 3296 1464 3352 Christi
1496 3296 1694 3354 hostes
1724 3313 1852 3354 esse
1873 3313 1976 3368 ap-

2095 3317 2174 3351 σιν
2224 3296 2298 3356 ὡς
2346 3295 2453 3350 ἀπὸ
2502 3296 2800 3370 προσώπου
2849 3292 3043 3372 ὄφεως.
3078 3298 3185 3350 Νῦν
3233 3290 3292 3350 δὲ
3350 3293 3569 3349 κάκεῖνα
3625 3294 3754 3372 κρύ-

327 3387 578 3453 pareret,
612 3383 923 3455 cunctique
969 3384 1043 3440 ab
1073 3383 1190 3441 illis
1222 3401 1337 3440 non
1369 3384 1538 3440 aliter
1567 3402 1740 3457 quam
1774 3403 1808 3440 a
1841 3401 1976 3442 con-

2095 3406 2305 3456 πτουσι,
2342 3384 2431 3439 καὶ
2488 3384 2612 3460 περὶ
2672 3381 2859 3439 ἄλλων
2915 3383 3382 3459 προσποιούμενοι
3437 3383 3748 3462 γράφουσι*

327 3475 528 3542 spectu
559 3472 852 3543 serpentis
883 3473 1084 3543 procul
1106 3471 1476 3546 diffugerant.
1511 3474 1678 3530 Nunc
1708 3491 1841 3530 vero
1861 3472 1976 3529 Arii

2095 3474 2179 3528 καὶ
2211 3471 2394 3550 ὥσπερ
2454 3472 2637 3549 ἰατρὸς
2687 3470 2914 3542 κληθεὶς
2973 3473 3112 3549 πρὸς
3169 3471 3448 3549 πληγέντα
3505 3473 3597 3528 καὶ
3653 3473 3751 3528 κά-

328 3560 568 3633 quidem
599 3560 928 3615 doctrinam
959 3560 1170 3628 celant,
1220 3578 1398 3634 seque
1427 3562 1718 3618 simulant
1747 3563 1818 3619 de
1850 3561 1976 3618 aliis

2095 3583 2309 3636 μνοντα,
2338 3562 2427 3618 καὶ
2483 3560 2741 3626 εἰσελθὼν
2801 3563 2924 3638 περὶ
2988 3563 3236 3636 μὲν.τῶν
3279 3561 3608 3639 τραυμάτων
3634 3565 3748 3637 (21)

325 3649 505 3704 rebus
531 3649 783 3727 scribere
816 3665 828 3704 :
863 3665 928 3704 ac
957 3651 1417 3721 quemamodum
1472 3651 1520 3707 si
1552 3653 1688 3722 quis
1720 3651 1976 3708 medicus

2095 3648 2263 3724 μηδὲν
2295 3649 2470 3726 λέγοι,
2503 3651 2627 3726 περὶ
2678 3647 2736 3705 δὲ
2780 3655 2888 3705 τῶν
2941 3650 3286 3727 ὑγιαινόντων
3338 3650 3522 3723 μελῶν
3569 3647 3746 3706 διαλέ-

325 3738 398 3793 ad
422 3726 691 3793 saucium
717 3737 968 3808 aliquem
1002 3743 1059 3794 et
1088 3743 1369 3812 aegrotum
1400 3741 1826 3809 accersitus,de
1855 3740 1982 3796 vul-

326 3829 568 3884 neribus
601 3828 751 3883 nihil
783 3829 1020 3900 diceret,
1054 3830 1156 3885 sed
1187 3831 1258 3884 de
1291 3831 1452 3889 sanis
1482 3831 1766 3887 membris
1796 3831 1980 3887 disse-

323 3921 502 3984 reret,
534 3934 621 3972 naa
654 3916 753 3973 ille
783 3917 948 3972 valde
978 3919 1254 3989 stupidus
1284 3919 1617 3987 haberetur,
1651 3924 1852 3992 utpote
1882 3920 1980 3991 qui

326 4006 398 4061 de
449 4005 544 4061 his
596 4005 794 4061 sileret
824 4023 1076 4078 quorum
1121 4007 1308 4078 gratia
1358 4007 1636 4075 venisset,
1667 4012 1727 4064 et
1751 4009 1823 4063 de
1852 4007 1983 4064 aliis

323 4110 453 4167 quea
499 4093 601 4149 illo
663 4094 905 4149 minime
965 4094 1313 4167 indigerent,
1372 4101 1721 4169 praepostere
1769 4096 1984 4168 dispu-

320 4187 472 4238 taret
503 4199 516 4238 :
552 4182 638 4238 sic
667 4187 724 4238 et
754 4181 838 4238 illi
870 4188 1073 4256 agunt,
1107 4183 1208 4256 qui
1243 4200 1451 4257 nempe
1481 4201 1549 4241 ea
1579 4203 1706 4258 qum
1738 4185 1811 4242 ad
1857 4185 1980 4241 hae-

371 4307 442 4346 -“
500 4307 704 4363 Matth.
764 4324 901 4375 χιιι,
951 4308 1041 4362 29.

397 4451 510 4524 (13)
569 4449 666 4506 Sic
713 4451 948 4524 Seguer.
984 4451 1225 4507 Taurin.
1257 4451 1449 4524 Jesuit
1478 4452 1708 4510 Gobler.
1747 4457 1804 4509 et
1831 4452 1980 4510 Felc.

325 4523 352 4575 1
386 4527 444 4577 et
475 4523 510 4577 5
539 4539 713 4578 anon.
747 4523 858 4578 Alii
893 4527 1086 4578 autem
1118 4527 1174 4579 et
1204 4523 1341 4579 editi
1369 4527 1466 4577 τοῦ
1500 4525 1799 4580 omittunt.

397 4594 510 4665 (1(1)
541 4597 776 4665 Seguer.
830 4590 920 4665 οῦν
980 4595 1380 4665 omittit._Mox
1405 4595 1616 4651 Jesuit.
1651 4601 1709 4652 et
1739 4597 1978 4652 Taurin.

327 4660 416 4738 τὸν
453 4660 510 4738 δέ
539 4660 802 4738 Κυριακὸν
846 4661 1134 4738 ,ἄνθρωπον
1191 4661 1290 4718 οὒκ
1317 4661 1686 4736 ἠδυνήθησαν,
1721 4673 1828 4723 etc.
1864 4669 1979 4722 lbi-

320 4733 451 4811 dem
488 4733 732 4811 seguer:
762 4733 1201 4811 ColbfTaurin.
1226 4733 1639 4811 JesuitaAn’gl.
1673 4733 1838 4811 Gobl.
1863 4739 1978 4795 Fel.

325 4805 381 4883 1,.
410 4807 438 4858 ὁ
471 4805 777 4883 iii-{99759
820 4807 968 4882 σάρξ,
1026 4814 1246 4883 etc._At
1278 4809 1336 4883 in
1371 4809 1501 4883 aliis
1531 4805 1594 4867 et
1612 4809 1986 4883 editisdeest

318 4877 440 4957 γάρ.
473 4879 539 4957 in
563 4877 730 4957 Colb.
750 4877 961 4957 autem
981 4881 1277 4957 mendose
1297 4955 1302 4957 Α
1321 4880 1554 4957 legitur,
1613 4879 1976 4957 ἐλέγχθτβαν,

315 4949 594 5034 ἀπατήσειν
621 4970 632 4982 ο
666 4950 694 5002 6
726 4949 902 5023 Λόγος
934 4950 1036 5024 γὰρ
1070 4951 1221 5026 σάρξ,
1255 4949 1977 5010 θῐο.ἾΠὶθΓωθᾶὶἱέόωἱ8-ἕ

317 5039 420 5080 818.

395 5095 506 5164 (16)
529 5091 624 5149 Sic
660 5096 896 5166 Seguer.
926 5092 1084 5148 Colb.
1116 5093 1583 5150 Taurin.Jesuit.
1617 5099 1674 5151 et
1700 5097 1850 5165 Fr.1,
1873 5099 1980 5150 τῶν

320 5185 526 5220 σοφων.

389 5185 628 5310 ἵῖίόῗδίο
658 5240 894 5310 Seguer.
928 5234 1176 5310 Colbert.
1218 5235 1474 5310 _Taurjn.
1507 5246 1586 5310 Aet
1612 5237 1820 5294 Jesuit.
1864 5239 1982 5295 Cea-

317 5304 425 5381 teri
459 5304 592 5381 vero
622 5312 678 5364 et
707 5304 848 5381 editi
881 5307 1162 5381 omittunt
1182 5304 1355 5381 οῦτοι.
1383 5307 1561 5364 Paulo
1582 5311 1978 5381 ante,Seguer.

318 5379 495 5436 habet.
525 5380 775 5452 ἠγαπᾶτε
822 5376 880 5431 ἂν
917 5375 1035 5448 ἐμέ,
1097 5383 1162 5432 ut
1215 5377 1275 5433 in
1334 5384 1492 5435 textu
1543 5375 1737 5438 Graeco
1795 5375 1980 5438 Evan-

310 5452 444 5521 gelii
478 5453 708 5522 legitur.

386 5522 499 5592 (18)
531 5518 766 5591 Seguer.
804 5520 1058 5592 ,Gobler.
1120 5518 1268 5575 Felc.
1306 5523 1357 5588 1,
1408 5539 1606 5590 anon.,
1636 5519 1726 5576 τίνα
1759 5523 1809 5577 ἐν
1857 5523 1976 5577 ἑαυ-

314 5595 454 5650 ταῖς.
517 5593 723 5664 Jpsuit.
787 5591 1035 5664 Colbert.
1077 5593 1292 5646 Taurin
1327 5600 1383 5648 et
1414 5594 1505 5648 Fr.
1542 5597 1592 5664 1,
1646 5591 1697 5646 ἐν
1729 5593 1976 5656 ταύταις.

386 5665 498 5732 (18)
531 5663 622 5716 Sic
679 5666 908 5733 Seguer.
943 5662 1099 5719 Colb.
1157 5664 1401 5731 Taurin;
1435 5665 1554 5722 Jes.
1580 5662 1819 5723 'Gobler.
1859 5666 1973 5724 Fel.

319 5735 344 5788 1
380 5737 437 5787 et
468 5733 556 5785 Fr.
598 5734 643 5800 1,
676 5739 742 5787 ut
771 5739 826 5788 et
856 5734 996 5804 legit
1025 5734 1311 5790 Nannius.
1345 5738 1416 5792 At
1448 5737 1546 5792 alii
1579 5743 1634 5794 et
1665 5738 1803 5794 editi
1834 5736 1977 5814 τάχα

2090 3761 2263 3816 γοιτο,
2326 3738 2546 3810 πολλῆς
2605 3738 2663 3793 ἂν
2725 3733 3120 3815 ἐμϐροντησίας
3177 3740 3603 3814 καταγνωσθείη,
3661 3737 3744 3795 ὅτι

2091 3829 2166 3883 ὧν
2204 3828 2299 3901 μὲν
2343 3827 2506 3904 χάριν
2542 3827 2787 3896 εἰσῆλθε,
2819 3833 3019 3899 σιωπᾷ,
3049 3833 3156 3883 τῶν
3191 3825 3249 3883 δὲ
3279 3827 3489 3900 ἄλλων,
3522 3829 3597 3884 ὧν
3651 3827 3751 3885 οὐκ

2091 3915 2201 3972 ἔστι
2234 3916 2397 3992 χρεία
2429 3916 2616 3988 αὐτοῦ,
2651 3914 2954 3993 διαλέγεται
3180 3917 3274 3972 τὸν
3329 3917 3490 3973 αὐτὸν
3544 3917 3747 3993 τρόπον

2090 4006 2180 4060 καὶ
2233 4006 2384 4060 οὗτοι
2435 4006 2503 4060 τὰ
2553 4006 2647 4078 μὲν
2698 4013 2798 4075 τῆς
2841 4004 3097 4081 αἱρέσεως
3144 4005 3321 4062 αὐτῶν
3360 4007 3597 4085 ἀφιᾶσιν,
3628 4004 3746 4063 ⁴ἕτε-

2094 4115 2160 4169 ρα
2191 4091 2250 4148 δὲ
2297 4092 2518 4170 γράφειν
2564 4093 2954 4170 ἐπιχειροῦσιν.
2987 4092 3133 4151 Ἔδει
3179 4093 3237 4150 δὲ
3265 4097 3400 4169 (23),
3433 4092 3582 4172 εἷ’περ
3626 4096 3752 4173 περὶ

2091 4181 2323 4242 πίστεως
2374 4180 2709 4259 ἐφρόντιζον,
2759 4183 2850 4237 καὶ
2899 4183 2994 4238 τὸν
3042 4183 3274 4259 Χριστὸν
3319 4182 3569 4260 ἠγάπων,
3601 4190 3756 4262 πρῶ-

1148 4307 1296 4365 Psal.
1352 4325 1513 4378 xcm,
1565 4311 1651 4366 11.
1730 4311 1773 4346 ³⁸
1800 4310 1970 4368 Joan.
2002 4325 2126 4378 vm,
2160 4309 2249 4363 41.

2016 4454 2064 4520 D
2091 4446 2150 4505 δέ
2177 4449 2687 4525 omittunthaulo
2719 4455 2852 4524 post
2900 4453 3140 4525 Seguer.
3172 4451 3607 4525 Colb.,Taurin.
3635 4453 3758 4510 Jes.

2095 4528 2156 4610 ei,
2184 4521 2507 4611 Felckin..5
2537 4521 2936 4611 ari9g;—OBUZ)‘C,
2969 4521 3160 4611 ἆέτοί..
3203 4523 3356 4611 Editi
3388 4541 3522 4582 vero
3552 4528 3612 4611 et
3638 4525 3758 4611 alii,

2095 4594 2260 4663 οὔσης
2322 4594 2530 4654 αὐτοῖς.
2592 4594 2717 4650 lbid
2771 4594 2928 4650 Colb.
2989 4595 3227 4652 Taurin.
3279 4601 3514 4668 Seguer.
3546 4594 3757 4654 Jesuit.

2099 4672 2156 4722 et
2191 4668 2417 4740 Fragm.
2449 4667 2499 4740 1,
2533 4665 2888 4740 παρέχουσιν.
2913 4671 2991 4740 Α]
3011 4665 3109 4740 alii
3133 4672 3192 4722 et
3214 4665 3757 4740 editi,1tepiéxooatv.

2099 4683 2156 4722 et
2191 4683 2417 4739 rragm.
2449 4683 2499 4733 1,
2533 4683 2888 4740 παρεχουσιν.
2913 4683 2991 4722 At
3011 4683 3192 4722 amet.
3214 4683 3452 4738 contigue
3495 4683 3758 4742 ιεχουσιν.

2172 4739 2285 4806 (19)
2342 4737 2436 4792 Sic
2467 4737 2704 4806 Seguer.
2748 4739 2907 4794 Colb.
2941 4739 3181 4794 Taurin.
3220 4737 3340 4794 Jes.
3374 4686 3606 4796 60%161‘.
3637 4739 3754 4797 Fel.

2102 4811 2219 4893 1‘et
2257 4811 2482 4880 Fragm.

2094 4900 2223 4935 των.

2171 4951 2410 5024 (20)_Sic
2439 4953 2569 5024 Seg.
2605 4950 2747 5024 βοὶ).
2781 4955 2838 5008 et
2871 4952 2985 5009 Fel.
3023 4954 3046 5024 _1
3084 4952 3190 5024 Alii
3220 4969 3354 5009 vero
3384 4957 3445 5010 et
3473 4954 3640 5020 editi,
3669 4973 3759 5008 κε-

2096 5019 2417 5147 ἓρυμμένοι.
2478 5019 2659 5079 Paulo
2690 5028 2824 5078 ante
2885 5041 2989 5096 pro
3019 5019 3271 5093 ἐκδικεῖν,
3302 5024 3465 5081 Colb.
3497 5030 3554 5082 et
3582 5027 3754 5083 Taur.

2137 5111 2406 5147 ιεκοικειν.

2137 5111 2246 5148 ιεκο
2258 5114 2334 5148 ικε
2344 5116 2385 5147 ιν
2394 5138 2406 5150 .

2571 4849 2585 4863 .
2638 4809 2789 4864 Editi
2819 4813 3016 4866 autem
3047 4815 3105 4867 et
3135 4809 3255 4877 alii,
3304 4813 3411 4864 τῶν
3443 4814 3624 4865 κακῶν
3657 4831 3756 4888 φυο

2169 5169 2281 5238 (21)
2309 5173 2438 5239 Seg.
2473 5167 2653 5239 Colb._
2688 5165 2926 5221 Taurin.
2960 5165 3128 5222 Gobl.
3183 5171 3243 5222 et
3298 5166 3488 5239 Felck.
3549 5170 3620 5239 1,,
3648 5171 3747 5239 τῶν

2096 5236 2454 5364 πραγμάτων.
2512 5236 2694 5295 Paulo
2730 5243 2861 5309 post
2918 5255 3021 5310 pro
3064 5237 3492 5313 καταγνωσθείη,
3525 5237 3745 5297 Gobler.

2097 5316 2172 5366 et.
2235 5310 2399 5366 ‘elck.
2435 5312 2459 5365 1
2496 5309 2716 5366 habent
2742 5308 3114 5371 κατακριθείη.

2169 5354 2172 5365 .
2214 5328 2399 5366 relcx.
2435 5328 2459 5365 1
2496 5328 2716 5366 habent
2742 5328 3114 5383 κατακριθειη.

2169 5383 2278 5453 (22)
2339 5383 2573 5453 Seguer.
2628 5380 2852 5452 Anglic.
2882 5381 3112 5453 Gobler.
3145 5386 3203 5437 et
3242 5380 3434 5437 Felck.
3487 5383 3540 5453 1.
3572 5374 3751 5453 διαλέ-

2094 5449 2271 5526 γοιτοζ
2301 5449 2440 5526 Mei
2461 5453 2662 5526 iidem,
2695 5449 2932 5526 eicepto
2963 5451 3300 5526 Anglicano,
3321 5471 3423 5526 pro
3453 5449 3754 5526 0510t,ha-_

2095 5523 2234 5598 bent
2285 5523 2458 5598 αῦτοί,
2491 5530 2548 5598 et
2578 5523 2752 5598 αὐτῶν
2785 5523 3235 5598 οξῃὶῐέυῐιῐ-ροει
3288 5523 3566 5598 αἱρέσεως,
3599 5523 3760 5595 quod

2095 5597 2269 5651 etiam
2301 5597 2466 5652 deest
2495 5597 2554 5652 in
2586 5596 2775 5652 Jesuit
2811 5595 2896 5649 Fr.
2932 5597 2984 5660 1,
3011 5594 3258 5651 Colbert.
3292 5594 3356 5652 et
3374 5596 3620 5652 Taurin.

2165 5667 2282 5738 (23)
2310 5667 2537 5724 Gobler.
2571 5673 2628 5724 et
2659 5665 2908 5738 Felckm.
2945 5669 2996 5733 1,
3031 5661 3173 5720 Ἔδει
3207 5662 3321 5722 οὖν.
3354 5667 3540 5724 Iidem
3574 5671 3633 5724 et
3658 5665 3763 5723 Se-

2093 5737 2263 5813 guer.
2292 5739 2434 5796 ibid.
2470 5738 2515 5793 εί
2546 5738 2671 5814 περὶ
2701 5737 2956 5808 πίστεως,
2990 5743 3103 5801 etc,
