4148 6396
392 400 506 465 561

1180 399 1563 467 EPISTULA
1603 401 1707 467 AD
1753 397 2179 466 EPISCOPOS
2226 398 2539 464 JEGYPTI
2584 398 2685 462 ET
2728 394 3011 462 LIBYAE.

3681 394 3801 462 562

391 556 483 592 τον
541 534 610 592 τὰ
666 533 781 593 κατ’
831 532 996 593 αὐτοῦ
1047 535 1348 615 βλάσφημα
1400 536 1617 613 ῥήματα
1663 538 1771 609 (24)
1832 556 2033 610 προαν-

2161 534 2327 590 resim
2377 539 2659 606 spectant,
2707 533 3006 602 omittunt,
3057 534 3115 587 et
3164 526 3334 603 plane
3377 528 3492 587 alia
3548 531 3805 587 scribere

392 622 559 695 ελεῖν,
590 626 677 681 καὶ
731 624 903 687 οὕτως
950 626 1061 681 ἀντ’
1108 625 1321 680 ἐκείνων
1372 627 1499 687 τοὺς
1551 623 1810 701 ὑγιεινοὺς
1861 622 2033 699 λέγειν

390 734 449 769 τε
476 715 565 769 καὶ
594 713 816 791 γράφειν
851 714 1071 789 λόγους.
1107 714 1261 772 Ἀλλ’
1291 712 1414 770 οὔτε
1446 714 1598 769 αὐτοὶ
1644 718 1803 769 τοῦτο
1854 716 2039 767 ποιοῦ-

393 823 497 873 σιν,
530 799 654 858 οὔτε
697 803 824 866 τοὺς
870 804 1125 866 θέλοντας
1172 810 1349 859 ποιεῖν
1390 803 1791 879 ἐπιτρέπουσιν,
1819 804 1853 871 ἢ
1888 801 2040 877 ἀγνο-

393 895 592 963 οῦντες,
622 890 658 962 ἤ
688 893 854 970 τέχνῃ
882 893 1205 971 πανουργίας
1236 894 1545 970 χρώμενοι.

2150 624 2493 679 moliuntur.
2554 623 2768 678 Verum
2841 622 2891 677 si
2958 620 3154 693 aliqua
3214 620 3331 675 illis
3382 620 3453 675 de
3504 618 3616 674 ﬁde
3666 636 3807 675 cura

2148 717 2322 783 esset,
2382 712 2748 768 Christumve
2802 710 3131 782 diligerent,
3180 710 3363 782 impia
3411 710 3470 764 in
3521 725 3654 764 eum
3704 726 3803 765 vo-

2149 801 2356 858 cabula
2384 801 2570 872 primo
2602 801 2854 855 fuissent
2886 798 3159 866 tollenda,
3204 816 3271 853 ac
3318 798 3529 853 deinde
3563 797 3799 853 illorum

2146 890 2273 946 loco
2302 890 2428 945 sani
2460 890 2688 944 dicendi
2722 889 3090 945 scribendive
3121 904 3442 944 sermones.
3475 887 3651 958 Atqui
3702 903 3805 942 ne-

390 998 505 1054 que
535 982 689 1039 istud
720 984 833 1056 ipsi
870 986 1108 1053 faciunt,
1143 1002 1330 1057 neque
1360 984 1509 1040 alios
1555 984 1900 1056 permittunt
1949 983 2156 1050 facere,
2192 980 2367 1051 idque
2401 980 2486 1035 vel
2548 996 2659 1051 praa
2717 979 3067 1051 ignorantia,
3100 977 3186 1033 vel
3219 978 3355 1049 quia
3387 975 3518 1032 dolo
3568 982 3625 1032 et
3666 975 3808 1031 arti-

394 1070 525 1126 ﬁcio
555 1076 821 1128 utuntur.

465 1161 547 1214 11.
582 1159 646 1214 Εἰ
706 1161 800 1233 μὲν
861 1160 1093 1235 οὖν
1152 1162 1466 1238 ἀγνοοῦντες
1518 1166 1682 1217 τοῦτο
1741 1160 2039 1237 πάσχουσι,

392 1248 711 1322 προπετείας
769 1250 827 1304 ἃν
879 1250 1223 1325 ἐγκολοῖντο,
1272 1250 1356 1306 ὅτι
1402 1252 1525 1327 περὶ
1586 1253 1659 1305 ὧν
1718 1250 1817 1305 οὐκ
1876 1248 2040 1323 ἴσασι,

393 1331 861 1394 διαϐεϐαιοῦνται·
923 1340 969 1395 εἰ
1028 1338 1086 1395 δὲ
1143 1342 1498 1415 γινώσκοντες
1546 1341 1579 1395 ἃ
1618 1345 2039 1416 προσποιοῦνται

392 1426 525 1498 (26),
563 1427 759 1499 μείζων
822 1430 938 1484 κατ’
970 1429 1143 1485 αὐτῶν
1175 1433 1210 1499 ἡ
1246 1432 1595 1506 κατάγνωσις,
1626 1428 1710 1484 ὅτι
1768 1430 1892 1504 περὶ
1946 1429 2040 1501 μὲν

391 1518 500 1568 τῶν
558 1512 710 1571 ἰδίων
772 1514 1183 1593 βουλευόμενοι,
1225 1522 1492 1596 πάρεργον
1555 1517 1706 1575 οὐδὲν
1765 1517 2038 1573 τίθενται·

388 1602 513 1677 περὶ
544 1601 603 1659 δὲ
630 1612 730 1675 τῆς
780 1606 854 1669 εἰς
899 1609 991 1663 τὸν
1039 1609 1234 1684 Κύριον
1274 1612 1436 1681 ἡμῶν
1624 1608 1854 1668 πίστεως
1905 1606 2043 1681 γρά-

391 1712 598 1769 φοντες,
632 1694 907 1765 παίζουσι,
940 1718 1027 1773 καὶ
1088 1697 1261 1752 πάντα
1321 1697 1539 1770 μᾶλλον
1586 1695 1621 1766 ἤ
1670 1695 2039 1766 ἀληθεύουσι·

388 1782 477 1835 καὶ
533 1782 832 1858 κρύπτουσι
898 1786 1015 1858 μὲν,
1048 1786 1172 1863 περὶ
1232 1786 1305 1840 ὧν
1339 1789 1373 1856 ἡ
1405 1784 1606 1861 α’ίρεσις
1664 1784 1837 1840 αὐτῶν
1895 1784 2045 1861 ἐγκα-

390 1866 588 1941 λεῖται,
623 1869 845 1947 λέγουσι
879 1872 937 1929 δε
966 1875 1063 1937 τὰς
1094 1874 1201 1929 ἀπὸ
1241 1880 1350 1930 τῶν
1402 1880 1627 1953 Γραφῶν
1670 1874 1859 1945 λέξεις.
1892 1877 2043 1929 Ἔστι

389 1955 447 2012 δὲ
504 1964 667 2016 τοῦτο
723 1960 907 2031 κλοπὴ
952 1970 1052 2032 τῆς
1101 1964 1354 2034 ἀληθείας
1400 1962 1668 2041 ἄντικρυς,
1716 1964 1806 2019 καὶ
1864 1962 2042 2033 πάσης

396 2043 607 2110 ἀδικίας
662 2050 854 2121 μεστόν
883 2070 896 2083 '
942 2052 1030 2106 καὶ
1080 2021 1241 2107 τοῦτο
1301 2050 1357 2107 εὖ
1557 2021 1679 2107 ὀἷδ’
1738 2052 1821 2107 ὅτι
1868 2052 1956 2107 καὶ
1999 2021 2045 2121 ¹ἡ
2079 2021 2126 2086 Β

395 2134 629 2213 ὑμετέρα
669 2137 943 2195 θεοσέϐεια
999 2147 1225 2217 συνορᾷν
1276 2142 1334 2197 ἐκ
1384 2142 1591 2197 τούτων
1648 2141 1833 2204 καλῶς
1884 2138 2044 2210 δυνή-

394 2244 562 2283 σεται.
592 2224 778 2301 ῼύδείς
822 2230 925 2303 γὰρ
975 2229 1373 2306 ἐγκαλούμενος
1422 2232 1542 2307 περὶ
1597 2230 1848 2305 μοιχείας
1906 2231 2044 2284 ἀπο-

394 2310 635 2387 λογεῖται
667 2317 791 2391 περὶ
824 2318 1061 2389 κλοπῆς,
1097 2316 1221 2373 ούδέ
1271 2318 1437 2396 φόνου
1484 2340 1569 2381 τις
1618 2315 1869 2395 ἔγκλημα
1918 2315 2048 2372 διώ-

390 2421 500 2456 κων
550 2402 799 2479 ἀνέχεται
857 2410 963 2460 τῶν
1026 2408 1545 2483 κατηγορουμένων,
1578 2406 1623 2461 εἰ
1681 2406 2047 2481 ἀπολογοῖντο

392 2486 661 2564 λέγοντες,
713 2491 811 2545 οὐκ
858 2492 1309 2569 ἐπιωρκήσαμεν,
1344 2494 1489 2551 ἀλλά
1536 2495 1625 2549 καὶ
1670 2496 1770 2563 τὴν
1812 2515 2050 2571 παρακα-

387 2580 631 2650 ταθήκην
692 2580 1065 2659 ἐφυλάξαμεν·
1126 2584 1339 2655 μᾶλλον
1393 2584 1496 2660 γάρ
1551 2584 1663 2639 ἐστι
1714 2590 1875 2639 τοῦτο
1928 2583 2049 2639 παί-

388 2688 535 2742 γνιον
736 2668 773 2739 ἤ
827 2670 980 2733 λύσις
1037 2671 1388 2747 ἐγκλήματος
1447 2674 1535 2728 καὶ
1591 2673 1855 2744 ἀληθείας
1910 2674 2045 2728 ἀπό-

392 2753 573 2828 δειξις.
630 2759 691 2813 Τί
744 2760 845 2836 γὰρ
903 2760 1063 2839 φόνος
1130 2762 1266 2837 πρὸς
1338 2764 1838 2839 παρακαταθήκην;
1901 2762 1938 2832 ἥ
1998 2762 2050 2817 τί

395 2845 620 2921 μοιχεία
650 2848 788 2925 πρὸς
817 2849 1033 2920 κλοπήν
1064 2869 1077 2919 ;
1120 2850 1180 2906 Εἰ
1213 2852 1317 2927 γὰρ
1364 2851 1456 2906 καὶ
1506 2850 1772 2922 ἀλλήλων
1830 2849 2048 2928 ἔχονται

391 2936 448 2990 αἱ
504 2937 687 2991 κακίαι
747 2938 805 2993 ἐκ
855 2946 955 3008 τῆς
994 2939 1161 3009 αὐτῆς
1219 2938 1445 3017 καρδίας
1506 2940 1883 3016 ἐξερχόμεναι,
1922 2940 2048 2996 ἀλλ’

391 3024 469 3087 ὡς
498 3027 634 3101 πρὸς
661 3028 723 3082 τὸ
756 3027 914 3083 λῦσαι
944 3029 1007 3083 τὸ
1036 3027 1468 3103 πλημμεληθὲν,
1494 3027 1749 3102 οὐδεμίαν
1781 3030 1856 3092 εἰς
1889 3036 2049 3085 τοῦτο

388 3112 528 3190 πρὸς
588 3115 779 3178 ἑαυτὰς
834 3114 1023 3191 ἔχουσι
1080 3118 1181 3185 τὴν
1237 3118 1543 3173 κοινωνίαν.
1590 3122 1644 3171 '0
1704 3117 1794 3173 οὖν
1845 3121 2045 3195 Ἀχαρ,

390 3204 467 3265 ὡς
516 3202 568 3259 ἐν
618 3209 699 3276 τῷ
729 3206 910 3275 Ἰησοῦ
958 3211 1038 3278 τῷ
1083 3211 1181 3261 τοῦ
1228 3213 1377 3276 Ναυῆ
1425 3206 1741 3283 γέγραπται,
1789 3208 2051 3284 ἐγκαλού-

393 3312 548 3364 μενος
577 3293 701 3367 περὶ
726 3292 965 3365 γλοπῆς,
1000 3293 1063 3349 οὗ
1116 3296 1216 3364 τὴν
1251 3294 1301 3349 ἐν
1334 3300 1450 3356 τοῖς
1508 3294 1779 3369 πολέμοις
1839 3294 2043 3353 εὔνοιαν

2230 1160 2315 1214 11.
2348 1158 2509 1224 Quod
2547 1158 2594 1214 si
2628 1176 2743 1230 prae
2776 1158 3107 1229 ignorantia
3133 1157 3242 1213 hoc
3273 1161 3468 1228 agant,
3508 1155 3804 1212 temerita-

2154 1248 2231 1303 tis
2261 1253 2318 1303 et
2349 1248 2856 1303 inconsiderantiae
2888 1252 3028 1301 sunt
3058 1247 3373 1301 accusandi
3408 1246 3507 1317 qui
3540 1261 3608 1300 ea
3646 1261 3803 1300 asse-

2152 1342 2355 1392 verent
2387 1354 2514 1409 quae
2548 1337 2659 1408 ipsi
2686 1336 2977 1407 ignorant.
3008 1335 3108 1391 Sin
3137 1340 3329 1390 autem
3356 1336 3605 1390 scientes
3627 1333 3807 1389 simu-

2152 1424 2296 1493 lant,
2330 1427 2538 1496 majori
2570 1425 2944 1489 damnatione
2975 1430 3113 1479 sunt
3144 1424 3326 1496 digni,
3381 1425 3480 1496 qui
3524 1423 3803 1479 nimirum

2154 1531 2289 1570 cum
2317 1515 2388 1569 de
2419 1514 2546 1570 suis
2577 1515 2753 1569 rebus
2788 1512 3286 1583 deliberant,nihil
3310 1530 3802 1585 supervacaneum

2154 1603 2627 1658 aestimantzcum
2656 1608 2851 1658 autem
2875 1604 2946 1659 de
2968 1602 3080 1657 fide
3110 1602 3168 1656 in
3203 1600 3516 1657 Dominum
3542 1608 3807 1657 nostrum

2154 1695 2427 1760 tractant,
2452 1692 2686 1761 ludunt,
2721 1699 2775 1747 et
2806 1692 3043 1764 quidvis
3076 1691 3270 1763 potius
3302 1695 3483 1762 agunt
3510 1707 3687 1762 quam
3713 1705 3807 1745 ve-

2154 1798 2285 1836 rum
2318 1782 2536 1849 dicant,
2567 1783 2710 1836 dum
2744 1781 2966 1836 scilicet
2997 1786 3053 1836 et
3085 1797 3152 1835 ea
3182 1779 3561 1835 dissimulant
3586 1780 3659 1834 ob
3682 1796 3808 1851 quae

2152 1869 2387 1925 illorum
2421 1870 2658 1925 haeresis
2694 1870 3163 1942 reprehenditur,
3195 1874 3251 1925 et
3294 1886 3459 1924 voces
3490 1886 3519 1924 e
3549 1868 3809 1940 Scriptu-

2156 1960 2239 2015 ris
2270 1959 2513 2015 selectae
2541 1959 2845 2031 proferunt
2880 1976 2891 2013 ε
2928 1959 3084 2029 quod
3118 1958 3321 2030 utique
3353 1962 3511 2031 patet
3540 1972 3669 2013 esse
3717 1974 3809 2013 ve-

2158 2048 2347 2105 ritatis
2378 2049 2910 2120 furtum,omnique
2940 2047 3252 2119 iniquitate
3276 2047 3512 2119 plenum
3540 2063 3552 2102 :
3580 2063 3685 2102 nec
3703 2048 3810 2102 du-

2157 2138 2277 2193 bito
2308 2138 2449 2210 quin
2482 2143 2675 2194 vestra
2705 2137 2889 2210 pietas
2920 2138 2977 2193 id
3011 2154 3077 2192 ex
3109 2137 3203 2191 his
3234 2142 3389 2191 recte
3419 2137 3604 2209 possit
3643 2136 3811 2191 intel-

2158 2226 2357 2299 ligere.
2389 2228 2571 2282 Nemo
2604 2227 2757 2282 enim
2785 2228 2855 2281 de
2887 2225 3171 2281 adulterio
3194 2231 3525 2293 accusatus,
3558 2226 3629 2281 de
3659 2225 3813 2281 furto

2159 2333 2222 2372 se
2254 2321 2467 2389 purgat
2498 2332 2510 2372 :
2547 2332 2737 2387 neque
2784 2316 2883 2387 qui
2934 2315 3107 2369 caadis
3155 2315 3383 2387 aliquos
3432 2314 3810 2385 accusaverit,

2160 2407 2413 2479 patietur
2454 2421 2585 2462 reos
2629 2407 2687 2460 in
2739 2406 2829 2460 sui
2881 2405 3217 2460 defensione
3266 2406 3634 2476 respondere.
3686 2404 3811 2460 Non

2160 2496 2571 2566 pejeravimus,
2605 2496 2704 2549 sed
2737 2494 2911 2549 etiam
2943 2494 3273 2566 depositum
3306 2494 3683 2549 servavimus.
3718 2494 3813 2549 Si-

2160 2584 2395 2656 quidem
2427 2584 2537 2639 hoc
2568 2584 2761 2655 potius
2796 2584 2969 2638 ludus
2999 2588 3107 2650 est,
3141 2600 3319 2655 quam
3343 2583 3607 2639 criminis
3638 2600 3813 2639 excu-

2161 2672 2308 2729 satio
2357 2678 2413 2728 et
2464 2673 2722 2728 veritatis
2768 2673 3096 2744 patefactio.
3131 2672 3278 2736 Quid
3321 2672 3478 2728 enim
3512 2672 3649 2727 caedi
3680 2688 3814 2727 cum

2160 2761 2445 2833 deposito,
2480 2766 2583 2817 aut
2614 2760 2901 2817 adulterio
2948 2778 3081 2816 cum
3131 2762 3325 2816 furto?
3356 2761 3633 2825 Quamvis
3658 2762 3816 2817 enim

2159 2852 2302 2906 vitia
2326 2868 2394 2907 cx
2420 2853 2620 2907 eodem
2656 2851 2827 2906 corde
2858 2855 3057 2905 exorta
3089 2850 3243 2905 inter
3286 2866 3349 2906 se
3397 2850 3815 2917 cohaerescant;

2160 2946 2357 2997 tamen
2390 2942 2459 2996 ad
2488 2940 2707 2995 crimen
2736 2940 3121 2995 commissum
3153 2939 3519 3007 diluendum,
3544 2939 3689 2994 nihil
3714 2940 3817 2994 ha-

2160 3029 2301 3085 bent
2329 3046 2660 3085 commune.
2694 3028 2841 3083 Hinc
2878 3028 3082 3094 Achar,
3116 3032 3179 3083 ut
3213 3029 3367 3099 apud
3394 3028 3596 3085 Jesum
3660 3028 3820 3083 Nave

2162 3118 2349 3174 ﬁlium
2381 3118 2663 3190 scriptum
2694 3122 2802 3183 est,
2837 3118 2976 3172 furti
3009 3121 3340 3183 accusatus,
3363 3117 3583 3173 bellicae
3615 3116 3812 3173 indul-

2161 3209 2367 3280 gentiae
2399 3207 2772 3263 excusatione
2804 3206 3045 3262 minime
3077 3224 3220 3262 usus
3252 3210 3367 3272 est;
3408 3208 3505 3263 sed
3553 3207 3612 3261 in
3664 3208 3817 3262 furto

2162 3297 2484 3364 convictus,
2535 3296 2834 3367 lapidibus
2883 3296 2953 3350 ab
3000 3296 3277 3351 omnibus
3319 3301 3409 3351 est
3459 3296 3705 3352 obrutus
3750 3297 3817 3351 ¹“¹.

386 3378 675 3458 προφέρων
706 3380 1048 3459 ἀπελογεῖτο,
1082 3382 1210 3440 ἀλλ’
1239 3380 1523 3459 ἐλεγχθεὶς
1552 3384 1603 3438 ἐν
1630 3390 1710 3456 τῷ
1764 3384 2043 3459 κλέμματι

2162 3386 2300 3443 Saul
2334 3402 2568 3457 quoque
2599 3387 2669 3441 de
2700 3384 3057 3457 negligentia
3103 3389 3159 3440 et
3210 3386 3279 3440 de
3325 3384 3535 3441 violata
3566 3385 3692 3458 lege
3723 3402 3817 3441 re-

385 3470 520 3542 (30),
554 3467 739 3532 λίθοις
768 3464 982 3543 ἐϐλήθη
1014 3472 1161 3547 παρά
1189 3471 1426 3527 πάντων.
1463 3473 1561 3527 Καὶ
1594 3472 1775 3528 Σαοὺλ
1828 3472 1885 3530 δὲ
1936 3475 2051 3530 ὀλι-

384 3556 588 3632 γωρίας
635 3558 724 3612 καὶ
773 3559 1116 3635 παρανομίας
1174 3559 1589 3636 ἐγκαλούμενος,
1626 3560 1777 3618 οὐδὲν
1839 3560 2045 3635 ὤνησεν

388 3643 439 3700 ἐν
474 3643 671 3709 ἄλλοις
706 3648 821 3721 (31)
852 3648 1345 3727 προφασιζόμενος.
1384 3647 1520 3705 Οὐδὲ
1544 3650 1645 3727 γὰρ
1677 3654 1711 3721 ἡ
1759 3651 1809 3706 ἐν
1858 3651 2051 3716 ἄλλοις

387 3733 660 3811 ἀπολογία
718 3735 871 3793 λύσιν
914 3736 1102 3793 ἄλλων
1155 3736 1521 3813 ἐγκλημάτων
1577 3739 1889 3815 ἐργάζεται·
1923 3742 2051 3800 ἀλλ’

389 3822 436 3878 εἰ
462 3821 565 3899 ἄρα
594 3822 678 3880 δεῖ
846 3826 1099 3899 νομίμως
1141 3828 1232 3881 καὶ
1267 3825 1491 3889 δικαίως
1546 3829 1717 3883 πάντα
1772 3830 2046 3906 πράττειν,

386 3915 653 3986 προσήκει
706 3913 831 3989 περὶ
891 3916 963 3969 ὧν
1026 3914 1334 3991 ἐγκαλεῖταί
1391 3937 1493 3986 τις,
1546 3918 1669 3994 περὶ
1718 3920 1926 3974 τούτων
1959 3921 2048 3975 καὶ

385 3998 803 4075 ἀπολογεῖσθαι,
838 4004 928 4059 καὶ
982 4002 1019 4073 ἤ
1071 4002 1349 4077 δεικνύειν,
1398 4004 1482 4060 ὅτι
1536 4008 1612 4079 μὴ
1663 4008 2048 4081 πεποίηκεν,ἤ

385 4090 702 4167 ὁμολογεῖν,
738 4092 783 4148 εἶ
815 4092 1128 4170 ἐλέγχοιτο,
1165 4095 1361 4168 μηκέτι
1421 4092 1548 4171 δρᾷν
1601 4095 1743 4169 μηδὲ
1796 4101 2047 4169 ποιήσειν

386 4181 596 4254 (33)τὰ
623 4179 780 4240 αύτά.
816 4183 916 4240 Ἀν
960 4181 1019 4239 δὲ
1065 4182 1168 4261 ἄρα
1218 4184 1490 4255 πεποίηκε
1540 4186 1629 4240 καὶ
1684 4183 1927 4264 δέδρακε,
1960 4191 2051 4244 καὶ

454 4306 497 4341 ¹⁷
527 4309 651 4363 Jos.
681 4324 784 4379 vn,
814 4309 906 4363 26.

452 4448 569 4521 (24)
589 4446 695 4522 Δδίο
724 4447 889 4522 εει-ε.
920 4449 1162 4522 Taurin.
1198 4454 1256 4507 et
1279 4452 1402 4508 Jes.
1436 4455 1510 4508 At
1540 4453 1598 4508 in
1623 4452 1757 4509 aliis
1778 4459 1834 4510 et
1853 4455 2050 4522 editis,

588 4517 602 4538 Ω

2161 3477 2510 3548 prehensus,
2544 3474 2689 3529 nihil
2722 3474 2966 3545 profecit
2996 3490 3129 3529 cum
3162 3474 3276 3529 alia
3307 3476 3459 3531 222
3493 3476 3820 3546 praetende-

2161 3568 2266 3619 ret.
2318 3565 2435 3621 Nec
2486 3564 2642 3619 enim
2698 3564 2768 3617 de
2817 3562 3013 3633 aliquo
3063 3563 3305 3618 crimine
3350 3564 3637 3635 purgatio,
3669 3564 3821 3619 alius

2160 3658 2249 3709 est
2305 3652 2595 3709 absolutio
2645 3668 2656 3708 :
2708 3653 2808 3707 scd
2858 3658 2923 3707 ut
2974 3653 3173 3707 omnia
3222 3654 3383 3723 juste
3439 3670 3505 3708 ac
3562 3653 3819 3725 legitime

2161 3748 2433 3814 agantur,
2464 3747 2692 3813 oportet
2722 3758 2855 3797 eum
2889 3741 2989 3813 qui
3038 3742 3108 3796 de
3150 3758 3211 3797 re
3262 3742 3459 3814 aliqua
3486 3748 3817 3807 accusatur,

2161 3832 2233 3887 de
2263 3832 2463 3887 eadem
2497 3831 2868 3902 respondere,
2903 3836 3079 3901 atque
3108 3830 3197 3887 vel
3230 3832 3477 3902 probare
3519 3848 3582 3887 se
3613 3833 3669 3887 id
3704 3848 3817 3887 non

2161 3921 2389 3990 fecisse,
2440 3919 2529 3975 vel
2582 3920 2912 3975 convictum
2973 3919 3234 3991 polliceri
3282 3937 3344 3976 se
3390 3938 3506 3976 non
3563 3922 3821 3993 amplius

2162 4010 2475 4065 facturum.
2511 4011 2671 4075 Quod
2706 4009 2754 4064 si
2786 4009 2842 4063 id
2888 4009 2958 4063 de
2988 4026 3104 4079 quo
3135 4015 3462 4078 accusatur,
3498 4010 3718 4079 fecerit,
3763 4014 3821 4064 et

2160 4099 2543 4165 commiserit,
2576 4116 2682 4154 nec
2712 4103 2909 4153 tamen
2942 4098 3109 4154 fateri
3140 4098 3301 4169 velit,
3333 4101 3433 4156 sed
3484 4104 3549 4155 ut
3599 4100 3819 4157 factum

2159 4187 2433 4254 occultet,
2492 4186 2609 4243 alia
2666 4203 2769 4258 pro
2824 4186 2955 4244 aliis
3005 4189 3401 4259 responderit;
3445 4188 3819 4261 perspicuum

2237 4457 2351 4527 (31)
2384 4456 2621 4527 Seguer.
2672 4454 2790 4527 Jes_._
2843 4452 3029 4527 Colb.,
3052 4455 3294 4527 Taurin.
3327 4454 3551 4527 Anglic.
3574 4454 3813 4527 AGobler.

380 4518 1211 4597 deest'pﬁpara.:lbid,_iidem
1262 4527 1321 4578 et
1372 4523 1601 4597 Gobler.
1648 4518 2043 4582 Felckm.1el

2166 4518 2259 4583 Fr‘.
2312 4518 2363 4591 ί,
2414 4518 2603 4597 Εξιοις.
2658 4522 2961 4597 1,-ᾤνησεν
3013 4523 3062 4577 ἐν
3115 4522 3331 4597 ἄλλοις,
3371 4518 3479 4581 etB.
3525 4525 3633 4581 Alii
3683 4543 3817 4583 vero

377 4590 435 4657 5,
460 4590 781 4669 καξςοῧτως.
832 4592 894 4647 In
946 4591 1077 4649 aliis
1128 4609 1263 4649 vero
1314 4599 1373 4650 et
1423 4596 1595 4651 editis
1646 4597 1934 4669 particula
1961 4597 2051 4651 καί

380 4663 694 4719 omittitur.

473 4735 567 4803 25)
596 4731 699 4788 Οὗν
730 4734 960 4807 abest_a
989 4735 1229 4807 seguer.

473 4807 566 4877 26)
595 4807 691 4879 _Sic
722 4806 858 4879 Seg.
882 4805 1000 4879 Jes.
1028 4804 1196 4863 <3be.
1231 4804 1349 4863 Fel.
1385 4807 1436 4863 1.
1470 4812 1545 4863 At
1571 4808 1755 4865 Col.et
1784 4811 1960 4867 Taur.
1994 4810 2039 4864 εἰ

381 4870 847 4953 δέ’γ-ινώσκοχτξς
903 4876 1462 4953 ἀποπροσποιοῦνται,
1524 4885 1633 4936 etc.
1696 4881 1846 4937 Editi
1905 4899 2039 4939 vero

382 4952 439 5002 et
482 4944 605 5024 alii,
638 4947 683 5024 εἰ
716 4944 781 5024 δε,
798 4944 1156 5024 γινώσκοντες
1207 4948 1256 5024 ἃ,
1287 4944 1731 5024 προσποιοῦνται,
1767 4952 1963 5024 μείζων
2001 4956 2035 5023 ἡ

378 5018 495 5072 κατ’
526 5017 704 5095 αὐτῷν
728 5016 822 5095 εἰη
843 5020 1211 5095 κατάγνωσις.
1236 5023 1297 5079 In
1332 5016 1565 5095 Gobler.
1591 5016 1729 5079 item
1758 5016 1813 5081 et
1837 5016 2037 5081 F'elck;

376 5106 596 5148 manno
629 5093 654 5146 1
691 5091 903 5164 legitur
944 5091 1145 5164 μείζων
1192 5094 1227 5161 ἡ
1281 5094 1396 5149 κατ’
1448 5092 1622 5148 αὐτῶν
1673 5097 1708 5164 ἡ
1760 5095 2038 5169 κατάγνω-

376 5181 479 5223 σις.

444 5234 559 5309 (27)
590 5234 684 5290 Sic
710 5235 947 5309 Seguer.
980 5236 1225 5309 Golbert.
1250 5238 1519 5309 ~Taurin.
1574 5239 1666 5295 Fr.
1724 5241 1775 5309 1,
1821 5241 2032 5297 Jesuit.

371 5305 691 5380 Editi'_vero
722 5310 779 5380 et
793 5305 1041 5380 ἐιη-εἷς
1073 5307 1301 5380 Χριστὸν
1330 5309 1513 5380 ἡμῶν.

443 5378 560 5450 (28)
602 5378 877 5453 $ic__$eg.
926 5378 1060 5453 Jes.
1098 5378 1261 5453 Golrb.
1322 5378 1561 5453 Taurin2
1613 5381 1840 5453 Anglic.
1875 5387 1949 5437 At
1978 5378 2035 5435 εὖ

376 5449 547 5535 pbeﬂst
574 5449 815 5535 ab'aliis.
833 5449 1119 5535 ’eteditis,
1152 5452 1283 5535 Mox
1314 5458 1445 5535 post
1474 5449 1675 5520 οὐδεὶς,
1719 5449 1823 5528 γάρ
1872 5453 2037 5510 deest

376 5521 436 5575 in
468 5521 601 5592 Seg.
631 5521 843 5577 Jesuit.
874 5521 1033 5578 Colb.
1067 5527 1125 5579 et
1152 5521 1393 5579 Taurin.

592 5597 721 5668 Seg.
754 5598 813 5668 et
841 5593 1083 5649 Taurin.
1112 5596 1274 5648 τοῦτο
1304 5593 1367 5647 τὸ
1398 5594 1666 5668 παίγνιον.
1707 5595 1938 5653 Gobler.
1977 5601 2035 5651 et

376 5658 567 5736 F6191};
601 5658 926 5736 _1,_1tai1v1_a.

450 5733 564 5805 (30)
594 5730 830 5807 Seguer.
863 5730 1191 5811 ἐγκλήματι.

2163 4605 2221 4675 et
2250 4597 2410 4675 editi,
2441 4594 2657 4675 ἤνυσεν,
2688 4594 2904 4675 ἀλλοις,
2937 4602 3045 4652 etc.
3082 4594 3325 4670 Legitur
3346 4602 3539 4653 tamen
3582 4616 3817 4671 quoque

2162 4667 2213 4722 ἐν
2249 4666 2443 4729 ἄλλοις
2476 4670 2534 4723 in
2568 4669 2817 4723 Felckm.
2851 4670 2904 4723 5.

2250 4743 2341 4807 32)
2370 4742 2459 4795 sic
2494 4741 2732 4813 Seguer.
2769 4740 3019 4813 Colbert.
3052 4740 3532 4813 Taurin.Jesuit.
3581 4741 3809 4813 Anglic.

2150 4811 2382 4868 Gobler.
2416 4812 2534 4867 Fel.
2572 4811 2596 4866 1
2627 4818 2684 4867 et
2714 4812 2804 4867 Fr.
2832 4814 2882 4878 1,
2905 4811 3203 4882 iidemque
3235 4812 3451 4869 ibidem
3474 4817 3532 4868 et
3552 4811 3734 4869 Felﬁ‘z
3756 4817 3814 4868 et

2146 4885 2207 4957 5,
2236 4883 2509 4957 πράττειν.
2544 4884 2832 4957 At_Basi_l._
2877 4882 2922 4935 εἰ
2954 4880 3074 4957 ,ἄρα
3108 4879 3229 4957 δή,
3250 4890 3359 4939 etc.
3412 4884 3562 4939 Editi
3595 4890 3651 4941 et
3690 4884 3811 4953 alii,

2152 4953 2211 5029 Ei
2236 4950 2338 5029 ἄρα
2526 4954 2909 5029 πράττειτΜοΧ
2937 4950 3324 5029 ἤρεμα-(σεε.
3361 4957 3611 5029 Οοιὺειιι.
3656 4950 3810 5029 Τᾳυὲ

2149 5023 2530 5100 ξὶιιίίλῖοωεικΔ
2559 5023 2615 5080 et
2639 5026 2826 5083 Felck.
2864 5028 2913 5093 1,
2948 5023 3362 5100 ἀπολογεῖσθαι.
3398 5027 3509 5082 Alii
3541 5034 3599 5083 et
3644 5028 3807 5091 editi,

2146 5096 2621 5171 ἀπολογήσασθαι.
2708 5104 2709 5107 “

2220 5169 2468 5240 (33)’8ὶο
2512 5170 2750 5241 Seguer.
2798 5169 3051 5223 Colbert.
3107 5171 3323 5225 Taurin
3373 5172 3581 5227 Jesuit.
3630 5172 3809 5227 Basil.

2145 5241 2375 5313 Anglic.
2410 5240 2611 5313 Felclg.’
2634 5243 2752 5313 ὄξει
2785 5241 2875 5295 Fr.
2914 5242 2969 5313 1,.
2999 5241 3147 5295 Editi
3178 5259 3309 5297 vero
3357 5248 3412 5296 et
3457 5243 3577 5307 alii,
3614 5242 3809 5313 μηκέτι

2146 5306 2417 5385 ποιήσειν,
2451 5306 2807 5385 ,μη-δὲ-Αδρᾷν.
2858 5312 3027 5385 Ibid,
3054 5314 3291 5385 Seguer.
3333 5313 3499 5385 __Colb.
3564 5306 3805 5369 Taurin.

2143 5384 2264 5458 ges.
2319 5380 2485 5458 Gobl,
2540 5380 2757 5458 Felk.'_1
2793 5387 2851 5458 et
2886 5383 2971 5458 Fr,
3010 5380 3297 5458 1,_‘Kv_§z’
3327 5382 3448 5457 ἄρα.
3480 5384 3622 5458 Ibid.
3674 5390 3801 5458 Seg.

2147 5450 2371 5529 δέδρακε
2400 5452 2489 5529 καὶ
2527 5454 2664 5529 μήτε
2696 5450 3180 5529 ὁμολογοίη-,σεε
3210 5450 3649 5529 Τᾳυιέζηηῼοὺι.
3684 5450 3802 5513 Fel.

2146 5521 2265 5599 148i:
2296 5527 2485 5599 Fr.__i,
2528 5521 2754 5599 δέδρακε
2812 5521 3327 5599 μήθ’ᾘὸᾳμολογοίη,
3370 5527 3521 5599 Editi
3566 5545 3697 5584 vero
3747 5534 3803 5584 et

2145 5597 2267 5670 .alii:
2293 5596 2360 5670 ,ἂν
2394 5593 2496 5670 ἄρα
2526 5593 2790 5670 ﬁliolum:
2815 5593 2906 5670 κᾳὶ
2952 5593 3203 5670 δέδρακεν
3228 5618 3239 5630 ’
3264 5596 3323 5670 ,εἰ
3372 5594 3439 5665 δὴ
3475 5600 3623 5670 ,μήθ’
3663 5599 3800 5670 ὁμο-

2146 5666 2363 5743 λογοίη.
2394 5666 2545 5743 ᾼΜοκ
2572 5668 2709 5743 _Jes.
2761 5667 2919 5743 Golb.
2970 5666 3142 5743 Taur.
3177 5674 3233 5743 et
3261 5669 3350 5743 Fr.
3388 5672 3437 5738 1,
3469 5666 3624 5742 ’ἕτερα
3668 5666 3799 5742 μήθ’

2143 5736 2361 5815 ἑτέρων.
2391 5741 2535 5798 Item
2569 5738 2787 5796 ibidem
2812 5742 2931 5796 Jes.
2964 5745 3021 5797 et
3052 5740 3182 5813 Seg.
3212 5736 3363 5813 λέγῃ.
