2074 3206
152 206 211 238 567

424 208 457 240 S.
480 205 696 241 ATHANASII
719 209 803 242 OPP.
827 210 929 242 PARS
951 210 975 241 Ῑ.
991 227 1031 234 -
1047 209 1258 243 HISTORIGA
1279 211 1329 243 ET
1350 210 1592 243 DOGMATIGA.

1804 208 1864 242 568

152 275 385 311 cogitando,tum
401 278 511 305 rectam
526 277 614 305 ﬁdem
628 277 798 305 ﬁrmissime
814 278 975 313 retinendo,

1038 288 1097 312 των,
1122 278 1166 305 καὶ
1192 280 1296 316 κρατῶν
1321 278 1371 312 τήν
1399 281 1451 313 τῆς
1478 274 1615 309 εὐσεϐείας
1640 274 1760 306 διάνοιαν
1776 297 1796 305 ..
1813 276 1865 305 Καὶ

152 319 267 347 Etenim
283 320 340 357 ipsi
356 329 471 358 quoque
488 322 885 358 omneseoiscopiinNicaena
895 332 979 359 syno-

153 364 190 391 do
205 365 336 401 undique
352 367 530 403 congregati,
547 368 582 395 ad
599 367 660 395 hac
674 367 763 395 verba
784 376 868 395 aures
884 368 978 396 conti-

155 409 273 441 nebant.
293 418 454 447 omnesque
473 414 627 448 propterea
643 420 700 440 uno
730 420 873 440 consensu
904 412 979 440 hanc

154 453 289 482 haeresim
306 456 546 490 condemnavere,
556 459 643 492 atque
658 457 843 485 anathemate
858 465 979 493 percus-

153 506 354 535 sere,eamque
369 500 405 528 ab
421 501 620 529 ecclesiastica
636 502 693 529 [ide
708 501 835 529 alienam
851 504 879 530 et
886 510 978 529 remo-

153 543 213 569 tam
229 551 294 571 esse
309 545 466 573 sancivere.
483 545 568 573 Nulla
584 548 681 574 autem
694 546 854 574 necessitas
864 546 980 581 judices

153 587 189 613 ad
205 587 279 615 hanc
296 590 470 617 sententiam
487 590 673 623 adduxit,sed
691 599 792 618 omnes
809 599 863 618 sua
876 593 979 626 sponte

152 632 303 660 veritatem
320 633 373 661 ulti
390 635 561 670 sunt,idque
572 636 640 670 jure
654 637 683 662 et
698 635 811 663 merito.
829 635 978 671 Siquidem

151 685 186 704 ex
199 677 371 712 hujusmodi
387 680 577 715 opinionibus
592 680 857 716 summaimpietas
868 679 910 707 vel
928 689 977 716 po-

152 722 212 749 tius
220 722 353 751 Judaism
360 732 393 751 us
400 724 434 751 ad
440 732 541 752 versus
551 724 718 760 Scripturas
725 725 773 752 ind
780 725 883 757 ucitur,
891 733 978 760 quem

152 767 276 802 propius
291 771 434 803 sequatur
449 769 615 804 gentilitas:
627 769 697 796 adeo
713 771 746 796 ut
761 769 882 805 quiipsa
892 769 981 797 sentit

154 811 380 840 neChristianus
389 813 507 848 quidem
516 813 644 849 amplius
651 814 754 841 debeat
760 813 979 850 appellariﬁaac

153 855 230 883 enim
248 857 348 884 omnia
363 857 521 894 Scripturis
538 861 608 886 sunt
623 859 778 886 contraria.
794 859 867 886 Nam
891 859 979 886 Joan-

153 909 206 928 nes
221 900 341 936 quidem
357 901 428 930 dicit
443 912 453 929 :
468 904 498 930 In
512 904 650 939 principio
665 905 726 931 erat
749 904 863 931 Verbum
880 904 901 921 ¹⁰
914 913 920 937 ;
936 903 979 930 illi

154 947 251 973 autem
276 946 378 974 dicunt
396 955 402 975 :
418 947 480 975 Non
507 950 570 976 erat
597 950 755 984 antequam
785 948 902 984 genitus
923 950 977 984 est,

154 989 234 1018 Idem
250 999 365 1027 quoque
380 992 507 1020 Joannes
524 992 643 1028 scripsit
659 1001 665 1020 :
684 994 717 1021 Et
737 1001 832 1020 sumus
847 994 876 1020 in
906 1001 977 1026 vero,

154 1035 185 1061 in
199 1035 271 1063 Filio
285 1036 345 1071 ejus
353 1036 430 1064 Iesus
445 1037 553 1065 Christo
567 1046 578 1064 :
593 1038 651 1073 ipse
665 1042 706 1065 est
715 1046 796 1065 verus
807 1038 876 1065 Deus
888 1039 913 1065 et
923 1038 980 1065 vita

156 1081 262 1107 a‘terna
278 1080 357 1108 ".llli
373 1089 441 1109 vero
455 1084 595 1117 tanquam
607 1082 785 1109 reluctantes
800 1082 883 1109 aiunt
897 1082 979 1110 Chri-

154 1126 233 1151 stum
250 1132 308 1152 non
324 1134 388 1153 esse
403 1134 504 1154 verum
521 1126 680 1160 Deum,sed
698 1129 731 1154 ut
746 1127 824 1155 224
839 1135 885 1154 res
901 1129 981 1154 caete-

154 1177 202 1196 ras
217 1168 313 1204 ipsum
331 1178 447 1206 quoque
466 1171 582 1199 nonnisi
607 1171 872 1199 communicatione
887 1171 980 1199 Deum

153 1213 404 1242 vocari.Praeterea
427 1215 586 1252 Apostolus
601 1215 736 1252 gentiles,
750 1216 825 1252 quod
844 1224 890 1243 res
900 1224 980 1243 crea-

155 1260 201 1286 tas
215 1261 398 1291 venerentur,
417 1260 465 1288 his
479 1261 577 1289 verbis
593 1260 783 1297 reprehendit
799 1269 805 1288 :
823 1261 983 1288 Servierunt

154 1305 286 1331 creatum
299 1305 390 1339 potius
405 1313 489 1340 quam
504 1306 557 1332 Deo
585 1306 705 1333 creatori
732 1306 766 1333 ²¹.
797 1306 833 1333 At
847 1304 888 1332 illi
913 1313 981 1333 cum

158 1347 316 1376 Dominum
332 1351 462 1376 creatum
479 1357 543 1377 esse
571 1352 714 1385 pugnant,
739 1349 824 1385 eique
839 1351 980 1385 tanquam

157 1395 253 1419 creato
269 1392 410 1426 serviunt,
423 1393 640 1429 quid,qumso,a
654 1393 812 1430 gentilibus
824 1393 982 1421 differunt?

155 1436 210 1469 Qui
225 1437 343 1470 enim,si
359 1438 398 1465 ita
413 1438 593 1472 sentiunt,ad
610 1438 677 1466 illos
691 1446 749 1466 non
763 1438 911 1474 pertinent
921 1438 981 1466 haec

158 1481 247 1508 verba
261 1483 290 1509 et
306 1481 471 1518 objurgatio
487 1483 826 1513 beatiPauli?Dominus
841 1485 981 1519 praeterea

155 1525 227 1552 dicit
244 1533 249 1552 :
266 1526 323 1561 Ego
337 1529 364 1554 et
393 1527 475 1555 Pater
502 1535 587 1555 unum
617 1536 712 1555 sumus
728 1528 750 1544 ²²
767 1536 773 1561 ς
789 1530 818 1555 et
834 1536 840 1554 :
865 1527 919 1561 Qui
938 1535 982 1554 me

154 1570 235 1603 vidit,
251 1570 318 1597 vidit
333 1571 446 1598 Patrem
462 1571 493 1598 ²³.
507 1573 572 1607 Ipse
588 1580 704 1607 quoque
727 1571 883 1607 Apostolus
897 1571 932 1598 ab
948 1579 981 1599 eo

155 1614 192 1642 ad
207 1615 427 1650 praedicandum
443 1615 554 1643 missus
567 1616 669 1644 scribit
685 1624 691 1644 :
709 1616 833 1650 Quicum
842 1617 879 1643 sit
889 1616 980 1651 splen-

155 1658 206 1687 dor
219 1660 324 1695 gloriz,
341 1664 367 1688 et
376 1660 469 1695 ﬁgura,
483 1661 647 1689 substantia?
664 1663 725 1697 ejus
740 1661 771 1688 ³⁵.
788 1662 821 1688 At
839 1660 880 1687 illi
912 1668 981 1688 con-
996 1651 1018 1685 C

153 1705 211 1738 tra,
227 1712 294 1732 eum
311 1704 440 1732 dividere
456 1705 644 1741 alienumque
665 1714 682 1732 θ.
697 1705 792 1733 Patris
816 1705 984 1733 substantia

155 1749 184 1775 et
193 1748 353 1776 aeternitate
363 1749 559 1785 dicere.atque
571 1749 743 1777 mutabilem
752 1750 862 1786 ﬁngere
874 1749 984 1777 audent

155 1792 302 1828 impii,qui
314 1802 372 1821 non
388 1794 625 1822 animadvertunt
640 1802 670 1822 se
681 1794 728 1822 bis
738 1794 835 1821 verbis
845 1801 912 1821 eum
925 1802 983 1821 non

156 1845 249 1865 unum
265 1846 331 1865 cum
349 1838 496 1871 Patre,sed
508 1847 573 1866 cum
586 1838 674 1866 rebus
686 1838 792 1866 creatis
803 1838 984 1871 facere.Quis

155 1882 233 1909 enim
249 1890 306 1910 non
323 1882 401 1910 videt
412 1883 597 1918 splendorem
617 1883 707 1911 aluce
719 1892 775 1911 non
786 1891 851 1911 esse
870 1891 985 1919 separa-

155 1925 244 1954 bilem
261 1939 268 1960 ;
285 1927 335 1955 sed
353 1935 419 1955 cum
436 1927 486 1955 illa
501 1930 644 1963 tanquam
655 1927 749 1963 ipsius
764 1927 911 1963 propriam
929 1936 983 1955 na-

154 1973 221 1999 tura
256 1971 345 1999 simul
379 1972 529 2006 exsistere,
569 1980 622 1999 nec
663 1972 809 2007 posterius
843 1971 985 2000 exoriri?

156 2015 275 2048 Deinde,
290 2024 356 2043 cum
370 2018 455 2043 Pater
470 2016 558 2050 dicat,
575 2016 623 2043 Hic
646 2020 687 2043 est
712 2016 798 2044 Filius
827 2024 903 2043 meus
918 2017 985 2043 dile-

156 2062 215 2087 ctus
230 2060 252 2076 ’⁵
270 2069 275 2092 ;
293 2069 359 2087 cum
376 2061 445 2087 item
463 2060 618 2096 Scriptum
635 2061 783 2088 declarent
808 2061 905 2097 ipsum
922 2069 985 2088 esse

193 2133 215 2149 ’θ
230 2131 315 2164 Joau,
332 2141 350 2165 1,
370 2132 395 2159 1.

157 2168 179 2185 ²⁵
195 2168 299 2195 Matth.
315 2176 383 2201 xvu,
399 2168 430 2212 5.~

454 2132 475 2149 2°
490 2133 500 2160 Ι
515 2132 599 2160 Joan.
617 2141 642 2165 ν,
655 2133 700 2159 20.
755 2133 777 2150 ³1
795 2132 878 2160 Rom.
896 2142 916 2166 Ι,
932 2133 976 2160 25.

191 2239 247 2274 (56)
264 2239 363 2269 Πάντες
380 2240 462 2267 deest
478 2240 507 2266 in
522 2240 625 2267 Jesuit.
642 2240 768 2268 Colbert.
786 2242 813 2267 et
827 2240 947 2267 'l‘aurin.

191 2275 311 2310 (57)Καὶ
338 2274 527 2310 ἀνεθεμάτισαν
549 2277 631 2303 deest
655 2276 682 2302 in
711 2276 816 2303 Jesuit.
847 2275 927 2303 Golb.
958 2277 986 2301 et

1033 322 1085 360 γὰρ
1114 322 1158 350 καί
1183 321 1208 350 ἐν
1231 324 1266 360 τῇ
1289 323 1357 350 κατά
1382 322 1492 350 Νίκαιαν
1517 321 1622 359 συνόδῳ
1638 323 1664 350 οἳ
1691 321 1864 353 συνελθόντες

1032 366 1129 398 πάντες
1145 367 1385 405 πανταχόθεν
1407 366 1550 395 ἐπίσκοποι
1573 367 1621 398 τὰς
1649 366 1696 403 μὲν
1720 366 1803 398 ἀκοὰς
1819 365 1865 394 ἐπὶ

1032 411 1139 443 τούτοις
1156 411 1296 450 ἐκράτουν,
1312 412 1459 451 παμψηφεί
1485 410 1515 439 δὲ
1537 411 1634 443 πάντες
1660 411 1705 439 καὶ
1722 410 1766 439 διὰ
1780 413 1866 439 ταῦτα

1032 456 1189 494 κατέκριναν
1228 457 1278 491 τήν
1316 456 1419 494 αἳρεσιν
1454 456 1554 492 ταύτην
1583 480 1590 492 ,
1618 455 1663 484 καί
1704 456 1865 493 ἀνεθεμάτι-

1033 511 1079 528 σαν
1098 501 1165 537 (57),
1183 500 1302 532 εἰπόντες
1324 500 1473 539 ἀλλοτρῗαν
1500 501 1567 528 εἶναι
1591 500 1636 528 καὶ
1662 498 1739 536 ξένην
1764 500 1866 536 ταύτην

1032 548 1083 580 τῆς
1108 544 1338 580 ἐκκλησιαστικῆς
1358 545 1495 576 πίστεως.
1523 545 1588 573 Ούκ·
1613 545 1715 583 ἀνάγκη
1747 543 1776 573 δὲ
1799 544 1865 576 τοὺς

1032 590 1170 628 κρίναντας
1284 590 1349 627 ἦγεν
1380 590 1422 617 ἐπὶ
1452 592 1543 626 τοῦτο,
1570 589 1644 618 ἀλλὰ
1672 590 1768 621 πάντες
1796 599 1864 625 προ-

1033 634 1133 672 αιρέσει
1149 635 1198 669 τήν
1215 634 1346 669 ἀλήθειαν
1370 633 1513 670 ἐξεδίκουψ
1539 635 1704 669 πεποιήκασι
1730 632 1759 661 δὲ
1783 636 1864 661 τοῦτο

1034 677 1146 710 δικαίως
1176 679 1220 706 καὶ
1248 679 1357 716 ὀρθῶς.
1387 679 1515 714 Ἀθεότης
1540 679 1591 717 γὰρ
1622 678 1651 706 ὲκ
1678 678 1782 706 τούτων
1812 678 1865 706 εἶσ-

1034 725 1137 761 άγεται,
1169 723 1213 750 καὶ
1245 723 1350 760 μᾶλλον
1375 724 1448 760 παρὰ
1471 724 1520 755 τὰς
1549 724 1655 763 Γραφὰς
1680 722 1864 760 Ἰουδαϊσμὸς,

1035 767 1106 806 ἔχων
1138 767 1218 805 ἐγγὺς
1244 767 1480 796 ἐπακολουθοῦντα
1507 768 1552 796 τὸν
1573 767 1770 805 Ἑλληνισμὸν,
1797 767 1867 796 ὥστε

1032 813 1078 841 τὸν
1105 815 1189 840 ταῦτα
1213 815 1363 851 φρονοῦντα
1399 813 1496 849 μηκέτι
1524 813 1580 850 (59)
1608 812 1678 850 μηδὲ
1706 813 1864 850 Χριστιανὸν

1033 856 1185 889 καλεῖσθαι·
1201 859 1286 885 ταῦτα
1300 857 1352 896 γὰρ
1376 857 1463 885 πάντα
1486 859 1540 885 τῶν
1564 859 1677 896 Γραφῶν
1703 856 1773 885 ἐστιν
1788 857 1865 885 ἐναν-

1032 902 1087 930 τία.
1103 904 1131 929 Ὁ
1148 902 1195 938 μὲν
1211 903 1280 939 (59")
1294 902 1344 940 γὰρ
1368 901 1493 937 Ἰωάννης
1519 901 1611 941 φησίν·
1636 905 1678 929 Ἐν
1705 902 1779 940 ἀρχῇ
1800 903 1833 936 ἦν
1851 902 1865 929 ὁ

1033 946 1132 984 Λύγος·
1158 946 1238 973 οὗτοι
1264 944 1292 973 δὲ
1318 945 1475 985 φάσκουσιν·
1501 946 1557 974 Οὐκ
1577 947 1622 981 ἦν,
1648 946 1711 984 πρὶν
1736 947 1865 984 γεννηθῇ.

1034 991 1083 1018 Καὶ
1109 990 1189 1022 αὐτὸς
1207 989 1236 1018 ’δὲ
1259 990 1341 1018 πάλιν
1369 990 1476 1029 ἔγραψε·
1503 991 1552 1018 Καί
1579 991 1658 1028 ἐσμεν
1682 990 1708 1018 ἐν
1733 993 1773 1027 τῷ
1796 991 1865 1026 ἀλη-

1034 1036 1120 1071 θινῷ,
1151 1035 1176 1063 ἐν
1214 1038 1253 1072 τῷ
1298 1035 1352 1072 Υἱῷ
1391 1035 1473 1063 αὐτοῦ
1511 1036 1602 1071 Ἰησοῦ
1640 1037 1756 1073 Χριστῷ
1788 1035 1867 1066 οὗτός

1035 1079 1104 1107 ἐστιν
1134 1080 1147 1107 ὁ
1176 1080 1307 1115 ἀληθινὸς
1335 1080 1392 1116 (60)
1421 1080 1486 1111 Θεὸς
1513 1080 1557 1107 καὶ
1582 1081 1599 1114 ἡ
1626 1080 1683 1115 ζωὴ
1709 1081 1726 1115 ή
1743 1080 1866 1110 αἰώνιος.

1035 1124 1114 1152 Οὗτοι
1127 1123 1155 1152 δὲ
1171 1124 1261 1162 ὥσπερ
1276 1124 1493 1162 ἀντιμαχόμενοι
1516 1124 1647 1163 φάσκουσι
1673 1124 1711 1161 μὴ
1735 1124 1802 1151 εἶναι
1818 1123 1865 1151 τὸν

1035 1169 1149 1206 Χριστὸν
1163 1168 1293 1204 ἀληθινὸν
1318 1168 1394 1203 Θεὸν,
1421 1167 1494 1196 ἀλλὰ
1518 1169 1586 1196 κατὰ
1613 1169 1735 1207 μετοχὴν
1760 1168 1805 1196 καὶ
1820 1168 1868 1196 αὖ·

1034 1214 1080 1241 τὸν
1097 1214 1135 1245 ὡς
1149 1214 1183 1241 τὰ
1197 1214 1282 1241 πάντα
1297 1214 1353 1250 (61)
1379 1212 1505 1251 λέγεσθαι
1528 1213 1602 1241 Θεόν.
1621 1214 1670 1241 Καὶ
1693 1214 1708 1240 ὁ
1725 1214 1772 1250 μὲν
1786 1213 1868 1241 Ἀπό-

1036 1258 1134 1289 στολος
1150 1258 1268 1285 αἲτιᾶται
1282 1258 1348 1289 τοὺς
1362 1256 1513 1293 Ἕλληνας,
1530 1257 1572 1285 ὅτι
1588 1257 1722 1295 κτίσματα
1746 1255 1867 1294 σέϐουσι,

1036 1302 1135 1341 λέγων’
1164 1301 1342 1340 Ἐλάτρευσαν
1371 1304 1405 1339 τῇ
1432 1302 1516 1330 κτίσει
1547 1303 1603 1340 (62)
1632 1303 1706 1341 παρὰ
1733 1302 1779 1330 τὸν
1808 1301 1868 1330 κτί-

1036 1357 1118 1375 σαντα
1143 1347 1217 1375 Θεόν·
1248 1346 1323 1374 οὗτοι
1354 1345 1383 1374 δὲ
1414 1346 1515 1383 κτίσμα
1544 1345 1668 1385 λέγοντες
1697 1346 1742 1374 τὸν
1769 1346 1868 1385 Κύριον

1036 1392 1103 1420 εἶναι
1130 1393 1197 1429 (63),
1216 1392 1270 1419 ’καὶ
1298 1392 1335 1422 ὡς
1364 1391 1492 1428 κτίσματι
1520 1391 1695 1429 λατρεύοντες
1723 1391 1815 1428 αὐτῷ,
1840 1391 1869 1419 τί

1037 1435 1207 1476 διαφέρουσιν
1222 1435 1364 1471 Ἑλλήνων
1382 1445 1389 1471 ;
1406 1438 1468 1467 Πῶς
1485 1435 1546 1474 γὰρ,
1564 1436 1586 1464 εἱ
1600 1438 1684 1463 τοῦτο
1709 1438 1865 1475 φρονοῦσιν,

1036 1481 1101 1519 οὐχὶ
1126 1480 1171 1508 καὶ
1198 1483 1256 1508 κατ’
1271 1480 1359 1508 αὐτῶν
1386 1479 1441 1507 ἐστι
1464 1480 1496 1507 τὸ
1520 1480 1695 1518 ἀνάγνωσμα,
1706 1480 1751 1508 καὶ
1766 1481 1804 1511 ὡς
1820 1480 1869 1508 αὖ-

1035 1525 1099 1556 τοὺς
1128 1526 1185 1562 (64)
1216 1524 1389 1563 μεμφόμενός
1418 1524 1489 1552 ἐστιν
1518 1525 1532 1552 ὁ
1563 1525 1696 1562 μακάριος
1733 1524 1867 1559 Παῦλος;

1037 1570 1087 1597 Καὶ
1118 1570 1132 1597 ὁ
1164 1570 1210 1606 μὲν
1240 1569 1338 1607 Κύριός
1368 1578 1471 1608 φησιν’
1500 1570 1570 1608 Ἐγὼ
1598 1569 1643 1597 καὶ
1673 1570 1687 1597 ὁ
1717 1569 1812 1606 ΙΙατήρ
1842 1568 1869 1596 ἔν

1037 1614 1127 1652 ἐσμεν·
1157 1614 1213 1650 καὶ,
1244 1614 1272 1641 '0
1301 1613 1350 1650 ἐμὲ
1379 1614 1505 1652 ἑωρακὼς
1535 1614 1639 1652 ἑώρακε
1671 1614 1716 1641 τὸν
1750 1613 1869 1652 Πατέρα·

1037 1659 1112 1686 καὶὸ
1135 1659 1198 1696 παρ’
1222 1658 1304 1686 αὐτοῦ
1329 1657 1358 1685 δὲ
1382 1657 1524 1696 κηρύττειν
1549 1658 1711 1689 ἀποσταλεὶς
1736 1658 1869 1687 Ἀπόστο-

1038 1702 1086 1735 λος
1122 1703 1243 1742 γράφει·
1271 1704 1317 1730 Ὃς
1348 1701 1384 1730 ὢν
1416 1702 1581 1740 ἀπαύγασμα
1607 1706 1657 1738 τῆς
1688 1701 1772 1738 δόξης
1790 1726 1797 1739 ,
1826 1703 1872 1730 καὶ

1038 1748 1181 1786 χαρακτὴρ
1209 1751 1259 1782 τῆς
1290 1747 1461 1778 ὑποστάσεως
1489 1747 1572 1775 αὐτοῦ
1589 1757 1595 1763 ·
1627 1747 1702 1775 οὗτοι
1742 1746 1780 1775 δὲ·
1806 1746 1871 1775 τολ-

1040 1795 1110 1830 μὼςι
1126 1792 1249 1830 διαιρεῖν,
1265 1791 1310 1819 καὶ
1336 1789 1484 1828 ἀλλότριον
1509 1788 1590 1819 αὐτόν
1614 1795 1664 1827 τῆς
1687 1794 1736 1819 τοῦ
1762 1792 1869 1830 ΙΙατρὸς

1038 1837 1129 1868 οὐσίας
1153 1837 1198 1864 καὶ
1223 1835 1380 1871 ἀϊδιότητος
1407 1836 1496 1874 λέγειν
1519 1837 1586 1873 (65),
1611 1836 1656 1863 καὶ
1679 1836 1792 1874 τρεπτὸν
1813 1836 1866 1863 εἰσ-

1039 1884 1110 1921 άγειν
1137 1882 1163 1909 οἳ
1189 1880 1274 1916 ἄθεοι,
1300 1880 1331 1908 οὐ
1363 1879 1521 1918 βλέποντες,
1545 1880 1599 1917 ὅτι,
1625 1882 1710 1908 ταῦτα
1734 1879 1868 1918 λέγοντες,

1039 1926 1129 1954 οὐκέτι
1143 1928 1266 1954 ποιοῦσιν
1281 1925 1360 1952 αὐτὸν
1377 1924 1405 1952 ’ὲν
1422 1925 1489 1962 μετά
1500 1927 1549 1952 τοῦ
1565 1925 1681 1963 ΙΙατρὸς,
1706 1924 1780 1952 ἀλλὰ
1804 1925 1872 1962 μετὰ

1037 1973 1090 1998 τῶν
1105 1971 1270 2007 κτισμάτων.
1295 1969 1340 2001 Τίς
1361 1969 1412 2008 γὰρ
1437 1969 1491 2007 οὐχ
1506 1969 1566 2007 ὁρᾷ,
1591 1969 1634 1997 ὅτι
1648 1968 1800 2007 ἀδιαίρετόν

1041 2015 1094 2043 ἐστι
1124 2015 1155 2042 τὸ
1184 2014 1349 2051 ἀπαύγασμα
1373 2014 1440 2051 πρὸς
1465 2014 1496 2041 τὸ
1521 2016 1599 2052 φῶς,
1625 2014 1669 2041 καὶ
1696 2012 1765 2041 ἴδιον
1790 2013 1872 2041 αὖτοῦ

1041 2060 1211 2096 συνυπάρχον
1239 2059 1328 2094 τούτῳ
1353 2059 1444 2097 φύσει,
1470 2059 1515 2085 καὶ
1541 2059 1590 2086 οὐκ
1615 2059 1769 2096 ἐπιγεγονεν
1795 2058 1871 2086 ὕστε-

1035 2133 1058 2150 ²θ
1075 2132 1159 2159 Joan.
1190 2140 1217 2165 x,
1234 2132 1278 2158 30.
1336 2132 1357 2147 ²ι¹
1372 2131 1456 2159 Joan.
1487 2140 1542 2166 xxv,
1559 2132 1586 2158 9.
1645 2131 1668 2149 ³⁵
1684 2131 1771 2159 Hebr.
1804 2140 1823 2159 ι.
1841 2132 1869 2160 3.

1042 2241 1080 2265 At
1098 2238 1263 2274 Fragment.
1281 2237 1371 2275 ὥσπερ
1382 2238 1416 2264 τὰ
1431 2237 1526 2265 πάντα.
1550 2238 1650 2275 Caeteri
1671 2240 1700 2266 et
1723 2237 1805 2271 editi,
1830 2237 1868 2268 ὡς

1041 2274 1150 2303 πάντας.
1167 2275 1232 2302 Mox
1247 2275 1365 2309 Seguer.
1384 2277 1412 2301 et
1442 2275 1558 2310 Fragm.
1588 2274 1696 2301 habent
1724 2283 1869 2310 κτισματα.

154 2311 355 2354 Taurip.‘Mo§
373 2309 489 2354 SegNuer.
507 2312 623 2339 Gobler.
641 2315 668 2339 et
692 2312 818 2339 Felckm.
846 2315 872 2346 1,
889 2311 933 2337 καὶ
948 2309 980 2345 Ξέ-

1042 2310 1198 2354 Editi‘vrero
1210 2313 1242 2354 et
1258 2311 1306 2337 alii
1322 2309 1432 2354 κτέσρζα.

156 2357 204 2380 νην
221 2346 303 2379 αὐτὴν
323 2347 388 2373 εἶναι
402 2350 462 2381 τῆς.

203 2383 248 2419 58)
272 2386 389 2419 chuer.
415 2382 566 2419 κρίναντας.
594 2382 667 2410 Editi
688 2385 716 2410 et
741 2382 800 2415 alii,
830 2381 981 2419 κρίνοντας.

202 2420 248 2454 59)
264 2419 310 2446 Sic
327 2419 391 2455 Sag.
409 2419 490 2446 Gobl.
509 2423 535 2446 ct
553 2419 648 2446 l’elrk.
666 2419 730 2445 1.At
747 2419 793 2445 alii
807 2422 835 2446 et
849 2419 918 2446 editi
933 2428 984 2452 μη-

157 2453 184 2481 δὲ
195 2453 349 2482 omittunt.

191 2491 260 2526 (ὗεν)
276 2491 341 2517 Hzec
357 2499 419 2526 qum
432 2493 597 2526 sequuntur
607 2491 642 2517 ad
657 2498 813 2526 numerum
827 2490 858 2517 18
870 2489 898 2516 in
912 2490 981 2517 editi

154 2528 232 2554 torno
250 2526 272 2553 Il
289 2525 371 2553 editJ
386 2525 539 2557 Commel.,
566 2534 631 2561 pag.
658 2527 703 2558 30,
734 2525 825 2552 Paris.
853 2534 918 2561 pag.
936 2526 980 2559 2‘2,

155 2563 261 2590 iterum
278 2562 425 2589 habentur
450 2563 504 2589 sub
528 2562 581 2589 hoc
612 2561 718 2589 titulo:
737 2561 809 2587 Κατά
837 2562 980 2597 Ἀρειανῶν

155 2597 238 2635 λόγος
254 2597 395 2632 σύντομος,
412 2599 496 2635 cujus
513 2597 640 2631 initium,
656 2597 683 2622 Ὁ
709 2597 756 2631 μὲν
783 2597 909 2635 ’ἰωαυνης
926 2608 980 2635 φη-

155 2633 205 2660 σί·ι”
224 2634 265 2660 Ἐν
283 2634 356 2670 ἀρχῇ
370 2634 402 2667 ἦν
421 2634 434 2659 ὁ
452 2633 547 2670 λόγος,
564 2634 686 2665 etc.,sed
703 2642 815 2660 merum
833 2633 980 2670 fragmen-

154 2673 217 2697 tum
234 2672 279 2697 est
294 2668 417 2705 hujusce
433 2669 662 2705 epistolee,cujus
674 2678 739 2696 cum
757 2668 905 2696 nonnullae
922 2669 982 2696 sint

154 2706 239 2733 varia;
252 2706 400 2737 lectiones,
417 2714 464 2732 eas
477 2713 592 2739 quoque
606 2705 743 2740 deinceps
757 2705 925 2732 referemus.

191 2742 246 2776 (60)
261 2742 307 2769 Sic
323 2742 443 2777 Seguer.
460 2741 589 2777 Calbcrt.
603 2741 722 2768 Taurin.
757 2740 841 2768 Basil.
867 2740 979 2775 Anglic.

155 2777 270 2804 Gobler.
286 2776 379 2804 Felck’.
398 2778 410 2803 1
427 2779 455 2804 et
469 2778 496 2810 5,
511 2776 615 2804 Jesuit.
641 2777 686 2804 Fr.
710 2777 736 2807 1,
767 2779 795 2803 et
823 2778 980 2812 Fragmen-

155 2815 229 2874 ἓυὲη,
244 2814 276 2874 utt
291 2815 319 2839 et
339 2812 445 2847 legitur
461 2812 536 2848 apud
553 2813 706 2839 Joannem.
723 2813 754 2839 In
771 2811 837 2839 aliis
853 2811 980 2839 et'editis

207 2855 255 2874 ees
272 2868 277 2873 .

207 2850 277 2875 eest.

191 2883 247 2918 (6t)
262 2883 309 2910 Sic
324 2882 434 2918 Seguer
467 2883 547 2911 Colb.
569 2883 691 2911 Taurin.
714 2883 809 2911 Jesuit.
832 2885 861 2910 et
884 2883 929 2910 Fr.
955 2884 979 2910 1.

1076 2347 1130 2380 (62)
1147 2347 1194 2373 Sic.
1210 2347 1330 2382 Seguer,
1349 2346 1473 2373 Colbcrt.
1491 2345 1612 2373 Taurin.
1630 2345 1735 2373 Jesuit.
1752 2344 1868 2382 Anglic.

1039 2382 1154 2409 Gobler.
1174 2382 1301 2409 li‘elckm.
1320 2383 1331 2409 1
1351 2385 1378 2409 et
1398 2383 1424 2413 5,
1445 2382 1557 2417 Fragm.
1577 2384 1608 2408 ut
1624 2383 1652 2408 et
1667 2384 1763 2409 exstat
1788 2381 1869 2417 apud

1039 2417 1175 2445 Paulum.
1193 2420 1224 2444 At
1236 2418 1285 2445 alii
1303 2420 1330 2445 et
1346 2418 1427 2449 editi,
1443 2417 1491 2450 τὴν
1503 2416 1604 2443 γκτίσιν.

1145 2453 1193 2479 Τὸν
1210 2453 1305 2489 Κύριον
1328 2452 1394 2479 εἶναι
1411 2454 1491 2480 deest
1516 2453 1545 2480 in
1571 2452 1675 2480 Jesuit.
1698 2452 1869 2489 Colbert.‘_et

1038 2485 1346 2533 Τί]ὐ(·ἱη.1κίοῖί’ϋάθιη
1369 2491 1397 2517 et
1424 2489 1466 2516 l’r.
1494 2489 1520 2521 1,
1542 2488 1652 2516 habent
1678 2487 1765 2523 αὐτῷ,
1791 2485 1866 2515 οὐδὲν

1038 2534 1208 2552 οιαωεοουσιν
1215 2546 1220 2552 .

1215 2549 1335 2596 Seguer.
1362 2560 1467 2588 Jesuit.
1494 2559 1723 2596 Colb.ﬂTaurin.
1740 2560 1862 2596 AFrggm.

1038 2593 1133 2624 Felck.
1151 2598 1177 2631 5,
1195 2599 1223 2623 et
1240 2593 1284 2623 Fr.
1305 2597 1328 2623 1.
1346 2596 1421 2623 Editi
1438 2604 1504 2624 vero
1520 2598 1549 2623 et
1566 2595 1666 2631 alii,u’)<
1681 2593 1772 2626 αὑτός,
1788 2593 1858 2622 ibid.

1038 2632 1107 2658 ἐστίν
1121 2633 1203 2660 abest
1216 2641 1232 2659 a
1249 2632 1376 2659 Felckm.
1393 2633 1419 2659 5.

1073 2669 1129 2711 (65)
1146 2666 1424 2711 Eragnientummal
1451 2665 1614 2711 ὀιλλοτριοῦν
1640 2665 1718 2693 αὐτὸν
1742 2667 1791 2699 τῆς
1810 2665 1861 2711 ,τοῦ

1037 2703 1141 2741 Πατρός
1159 2702 1297 2738 ἰδιᾶτητος
1312 2703 1355 2730 καί
1372 2702 1485 2740 τρεπτὸν
1503 2702 1618 2741 εἰσάγειν
1648 2705 1676 2741 et
1698 2709 1762 2741 eum
1775 2708 1792 2727 ιι
1808 2703 1861 2741 P_a-

1036 2741 1088 2768 (ris
1097 2737 1270 2776 proprietate
1284 2737 1421 2776 separare,
1438 2747 1471 2776 ac
1485 2737 1862 2776 multibiiem‘inducere,_etc.

1037 2771 1110 2803 lbid'.
1129 2771 1179 2811 pro
1194 2771 1359 2810 ἀιδιότητος,
1379 2775 1498 2802 Taurin.
1515 2777 1543 2802 et
1555 2774 1634 2802 Coll).
1651 2771 1865 2807 ἷδιότητοςΜοι

1037 2812 1062 2837 οἳ
1081 2810 1155 2842 ἄθεοι
1171 2812 1254 2847 abest
1269 2812 1305 2839 ab
1321 2811 1490 2847 Anglicano.

1073 2849 1130 2883 (66)
1149 2846 1314 2885 Ἀδιαίρετόν
1332 2845 1386 2874 {rx-c1
1402 2846 1548 2875 omittitur
1562 2846 1592 2873 in
1607 2845 1721 2881 Anglic.
