4148 6426
924 393 992 455 S.
1035 390 1465 453 ATHANASII
1509 390 1682 451 OPP.
1728 388 1933 450 PARS
1975 389 2025 448 Ι.
2056 420 2129 434 -
2163 388 2587 452 HISTORICA
2632 391 2732 453 ET
2775 389 3256 455 DOGMATIGA.

387 397 505 458 579
924 393 992 455 S.
1035 390 1465 453 ATHANASII
1509 390 1682 451 OPP.
1728 389 1933 450 PARS
1975 389 2025 448 Ι.
2056 420 2129 434 --
2163 389 2587 452 HISTORICA
2632 391 2732 453 ET
2775 389 3256 455 DOGMATIGA.
3678 389 3809 454 580

386 529 626 601 quidem
647 542 808 584 error
838 526 950 582 fuit
976 524 1336 581 Judaeorum.
1367 527 1499 579 Haec
1520 525 1715 578 autem
1738 521 1885 589 sola,
1907 537 2031 578 ma-

2150 524 2240 574 τοῦ
2270 519 2470 597 Κυρίου
2500 520 2837 595 πλανῶνται,
2892 524 2949 578 αἱ
2998 523 3091 596 μὲν
3145 520 3339 595 οὕτως,
3388 521 3443 576 αἱ
3487 518 3545 576 δὲ
3576 519 3807 586 ἐκείνως

380 618 500 690 jori
545 617 699 675 228
741 616 981 673 incitata
1031 614 1248 682 furore,
1294 629 1439 670 ausa
1486 615 1575 668 est
1615 612 1807 681 ipsam
1850 610 2028 666 etiam

2150 608 2626 685 ιαταψευδόμεναι,
2660 614 2694 680 ἢ
2748 609 3009 686 μηδόλως
3055 608 3516 684 ἐπιδεδημηκέναι
3561 610 3654 666 τὸν
3687 610 3801 666 Κύ-

389 706 763 763 Divinitatem
820 703 1080 778 aggredi,
1140 707 1430 775 quatenus
1478 717 1688 774 nempe
1736 699 2032 757 contendit

2150 718 2282 774 ριον,
2316 700 2391 762 ὡς
2435 699 2685 758 Ἰουδαῖοι
2735 701 3049 775 νομίζοντες
3099 699 3499 772 ἐπλανήθησαν·
3552 699 3686 771 αὕτη
3739 697 3803 756 δὲ

384 796 648 852 Verbum
664 794 901 851 omnino
925 810 1041 850 non
1059 792 1373 858 fuisse,nec
1394 791 1579 848 Deum
1602 806 1833 862 semper
1852 788 2032 845 fuisse

2150 788 2283 862 μόνη
2333 792 2699 869 μανικώτερον
2732 790 2808 854 εἷς
2853 791 3018 861 αὐτὴν
3069 792 3169 860 τὴν
3213 789 3443 861 θεότητα
3490 791 3604 865 (22)
3634 809 3801 846 κατα-

389 885 660 957 Patrem;
695 883 969 957 quocirca
998 899 1114 938 non
1136 881 1431 937 immerito
1481 880 1615 952 quis
1664 878 1874 935 dixerit
1930 878 2032 933 ad-

2150 876 2468 951 ιετόλμηκε,
2503 878 2740 956 λέγουσα
2791 879 3054 954 μηδόλως
3105 880 3236 934 εἶναι
3282 881 3373 934 τὸν
3406 878 3607 956 Λόγον,
3653 876 3800 953 μηδὶ

385 956 591 1032 versus
620 956 1026 1045 eosscriptum
1055 987 1184 1029 esse
1212 970 1370 1026 hunc
1399 969 1698 1042 psalmum
1724 984 1736 1024 :
1770 969 1925 1023 Dixit
1946 969 2032 1022 in-

2150 968 2233 1021 τὸν
2268 968 2478 1043 Πατέρα
2518 969 2599 1024 ἀεὶ
2649 971 2862 1041 Πατέρα
2913 968 3066 1025 εἶναι.
3116 970 3271 1027 ⁸Οθεν
3323 966 3568 1044 εὐλόγως
3619 967 3678 1024 ἂν
3710 989 3803 1032 τις

385 1066 597 1137 sipiens
624 1066 683 1120 in
713 1063 880 1119 corde
908 1078 1005 1118 suo
1025 1082 1045 1117 .-
1066 1062 1180 1117 Non
1192 1063 1269 1117 est
1290 1061 1461 1116 Deus:
1484 1060 1731 1129 corrupti
1803 1061 1928 1112 sunt
1986 1059 2032 1112 et

2150 1057 2258 1111 κατ’
2288 1056 2461 1112 αὐτῶν
2513 1058 2713 1113 ἐκεῖνον
2758 1061 2872 1132 (23)
2913 1055 3055 1113 εἷ’ποι
3086 1058 3385 1135 γεγράφθαι
3427 1058 3520 1112 τὸν
3551 1055 3801 1132 ψαλμόν·

386 1151 789 1210 abominabiles
806 1153 943 1220 facti
970 1150 1179 1206 suntin
1206 1149 1410 1205 studiis
1439 1150 1556 1204 suis
1577 1148 1642 1203 ⁸⁵.

2150 1145 2305 1201 Εἶπεν
2367 1144 2550 1222 ἄφρων
2627 1146 2679 1203 ἐν
2740 1144 2936 1223 καρδίᾳ
3011 1146 3175 1203 αὐτοῦ
3204 1192 3219 1219 ,
3281 1147 3396 1205 Ούκ
3453 1142 3564 1202 ἔστι
3618 1144 3752 1210 Θεός
3787 1164 3805 1180 ⁸

388 1237 744 1317 διεφθάρησαν
776 1239 867 1294 καὶ
897 1231 1303 1315 ἐϐδελύχθησαν
1333 1236 1384 1291 ἐν
1416 1237 1533 1299 τοὶς
1565 1232 1985 1309 ἐπιτηδεύμασιν
2015 1233 2206 1293 αὐτῶν.

459 1441 546 1497 18.
581 1437 778 1512 Atqui,
812 1436 1111 1510 inquiunt,
1160 1434 1424 1491 valemus
1454 1437 1510 1490 et
1555 1449 1875 1506 possumus
1922 1432 2032 1488 fal-

2218 1435 2306 1489 18.
2344 1429 2520 1486 Ἀλλά
2549 1432 2638 1487 καὶ
2692 1432 2977 1509 ίσχύομεν,
3028 1431 3155 1511 φασὶ
3206 1434 3339 1507 (24),
3390 1432 3480 1487 καὶ
3529 1428 3806 1506 δυνάμεθα

387 1529 553 1587 laciis
581 1526 893 1584 defendere
924 1528 1187 1581 nostram
1218 1523 1506 1580 haeresim.
1556 1526 1772 1577 Verum
1821 1521 2032 1577 melius

2150 1525 2287 1583 ταῖς·
2316 1521 2671 1596 πανουργίαις
2706 1528 3020 1596 ’προστῆναι
3069 1527 3171 1590 τῆς
3228 1521 3509 1597 αἱρέσεως.
3558 1518 3803 1578 Βελτίων

386 1617 506 1693 ipsi
533 1633 595 1673 se
623 1614 1023 1682 defenderent,
1064 1613 1114 1668 si
1161 1628 1276 1667 non
1326 1612 1580 1684 quodam
1628 1611 1872 1668 artiﬁcio
1929 1627 2032 1667 nec

2150 1606 2193 1663 δ’
2222 1608 2281 1664 ἃν
2316 1610 2524 1684 γένοιτο
2556 1610 2730 1666 αὐτῶν
2781 1615 2817 1680 ἡ
2864 1608 3160 1686 ἀπολογία,
3212 1609 3299 1665 ἐὰν
3355 1612 3429 1684 μὴ
3480 1609 3647 1686 τέχνῃ
3693 1611 3808 1668 τινὶ

386 1706 655 1782 profanis
676 1702 1083 1775 sophismatis,
1116 1703 1216 1757 sed
1240 1700 1490 1773 simplici
1510 1702 1623 1757 ﬁde
1644 1717 1774 1757 eam
1796 1704 2032 1774 possent

2153 1695 2291 1771 μηδὲ
2342 1698 2663 1777 σοφίσμασιν
2708 1697 3082 1771 Ἑλληνικοῖς,
3131 1696 3260 1755 ἀλλ’
3315 1698 3466 1774 ἁπλῇ
3509 1704 3579 1775 τῇ
3622 1699 3808 1756 πίστει

391 1793 1018 1870 propugnare.Itaque,
1040 1790 1089 1847 si
1113 1790 1263 1846 hanc
1279 1789 1734 1845 ecclesiasticam
1756 1807 1884 1846 esse
1907 1807 2039 1846 con-

390 1885 585 1941 ﬁdunt
615 1888 673 1939 et
699 1881 1053 1951 existimant,
1113 1896 1281 1935 suam
1313 1878 1665 1934 sententiam
1705 1884 1902 1951 aperte
1939 1879 2037 1935 de-

392 1974 632 2031 clarent.
666 1973 847 2030 Nemo
877 1970 1032 2027 enim
1053 1984 1359 2025 accensam
1388 1967 1689 2024 lucernam
1712 1968 1822 2024 sub
1844 1968 2038 2023 modio

2145 1786 2349 1857 ταύτης
2396 1796 2694 1864 προστῆναι
2743 1786 3010 1846 δύνανται.
3070 1789 3274 1844 Ούκοῦν
3339 1789 3385 1845 εἷ
3440 1788 3808 1866 τεθαῤῥήκασι

2146 1876 2235 1931 καὶ
2266 1877 2626 1952 γινώσκουσιν
2679 1876 3135 1949 ἐκκλησιαστικὴν
3188 1878 3321 1934 εἶναι
3368 1877 3591 1951 ταύτην,
3644 1876 3807 1955 λεγέ-

2146 1986 2320 2021 τωσαν
2356 1972 2599 2045 φανερῶς
2628 1968 2691 2022 τὸ
2740 1968 3016 2046 φρόνημα·
3070 1965 3247 2031 οὐδεὶς
3278 1970 3382 2044 γὰρ
3414 1969 3554 2042 ἅψας
3591 1966 3804 2045 λύχνον

393 2064 579 2139 ponit,
604 2064 708 2120 sed
740 2076 921 2134 supra
943 2058 1379 2126 candelabrum,
1416 2061 1480 2113 ut
1509 2058 1785 2113 omnibus
1804 2057 2032 2113 venien-

2150 2055 2354 2126 τίθησιν
2387 2055 2545 2111 αὐτὸν
2747 2057 2847 2112 ὑπὸ
2890 2058 2982 2112 τὸν
3037 2054 3245 2130 μόδιον,
3281 2054 3407 2111 ἀλλ’
3455 2055 3544 2112 ἐπὶ
3570 2058 3672 2126 τὴν
3706 2055 3808 2112 λυ-

390 2154 553 2210 tibus
581 2151 865 2208 luceat“.
899 2149 959 2204 Si
1019 2164 1155 2222 ergo
1203 2163 1373 2202 suam
1421 2144 1506 2201 illi
1560 2145 1828 2202 haeresim
1886 2146 2039 2202 tueri

393 2245 665 2317 possunt,
696 2239 957 2296 scribant
985 2255 1113 2312 qua
1145 2253 1326 2309 supra
1354 2235 1530 2292 allata
1560 2240 1721 2304 sunt,
1751 2252 2039 2308 suamque

392 2330 666 2388 heresim
696 2329 919 2385 nudam
949 2326 1246 2397 omnibus,
1278 2329 1563 2398 tanquam
1594 2324 1916 2393 lucernam,
1940 2341 2037 2381 ex-

396 2420 639 2480 hibeant
661 2417 1148 2474 :Alexandrinum
1165 2415 1346 2470 beatae
1365 2415 1659 2471 memoria
1672 2415 2038 2487 episcopum,

393 2513 593 2582 aperte
640 2507 1047 2564 criminentur.
1084 2506 1286 2561 Arium
1347 2520 1415 2560 ea
1463 2505 1751 2561 dicentem
1799 2504 2042 2575 ejecisse

393 2599 617 2671 injuste
640 2615 653 2653 :
679 2598 1118 2668 conquerantur
1141 2584 1213 2650 de
1241 2592 1473 2650 Nicaana
1492 2593 1735 2665 synodo,
1755 2609 1906 2664 quae,
1930 2593 2041 2649 im-

395 2686 739 2744 immediate
782 2686 1013 2755 rejecta,
1047 2682 1205 2755 piam
1236 2682 1543 2738 substituit
1561 2686 1619 2737 et
1638 2682 1821 2737 edidit
1843 2682 2040 2737 fidem.

393 2777 612 2834 Verum
638 2775 697 2830 id
728 2789 827 2830 eos
871 2789 987 2829 non
1042 2771 1297 2827 facturos
1350 2787 1455 2843 pro
1485 2775 1640 2826 certo
1669 2770 1875 2827 habeo.
1928 2771 2045 2827 Nec

397 2866 558 2922 enim
589 2864 732 2921 adeo
779 2866 919 2919 sunt
972 2860 1161 2933 ignari
1210 2859 1500 2916 malorum
1549 2876 1678 2932 quae
1727 2860 2042 2916 commenti

398 2957 543 3011 sunt
568 2956 627 3010 et
657 2966 931 3025 spargere
961 2950 1267 3005 nituntur:
1301 2949 1402 3005 sed
1431 2949 1612 3021 probe
1642 2949 1858 3017 sciunt,
1907 2948 2046 3006 licet

397 3042 566 3101 initio
596 3039 984 3112 simpliciores
1011 3055 1159 3094 vano
1172 3036 1563 3109 surripuerint
1585 3037 1850 3108 artiﬁcio,
1874 3053 2044 3093 suam

396 3137 594 3189 tamen
614 3128 967 3187 sententiam
989 3126 1145 3183 illico
1168 3132 1450 3198 tanquam
1476 3126 1798 3199 impiorum
1818 3125 2041 3197 lumen,

396 3219 906 3293 exstinguendam,
938 3233 1118 3288 seque
1146 3214 1364 3287 ubique
1390 3214 1548 3271 velut
1560 3216 1819 3272 veritatis
1844 3216 2044 3272 hostes

396 3308 722 3383 ignominia
744 3323 873 3363 esse
902 3306 1211 3362 notandos.
1245 3304 1392 3361 Hinc
1420 3309 1510 3361 est
1538 3304 1719 3379 igitur
1756 3306 1912 3377 quod
1934 3304 2040 3377 illi,

2146 2143 2323 2220 χνίαν,
2356 2145 2446 2199 καὶ
2476 2142 2685 2219 λάμπει
2727 2147 2854 2200 πᾶσι
2899 2151 3018 2208 τοῖς
3069 2142 3497 2223 εἰσερχομένοις.
3532 2146 3599 2201 Ei.
3625 2144 3807 2201 τοίνυν

2146 2233 2236 2288 καὶ
2278 2233 2426 2288 οὗτοι
2470 2241 2770 2311 προστῆναι
2821 2232 3091 2306 δύνανται,
3144 2236 3506 2311 γραψάτωσαν
3553 2235 3623 2290 τὰ
3669 2254 3812 2311 προ-

2150 2325 2430 2398 ειρημένα,
2461 2324 2551 2379 καὶ
2601 2322 2924 2395 δειξάτωσαν
2968 2330 3154 2394 πᾶσιν,
3186 2325 3262 2387 ὡς
3301 2322 3504 2401 λύχνον
3539 2325 3673 2399 (26),
3703 2345 3810 2401 γυ·-

2155 2413 2291 2485 μνὴν
2322 2414 2421 2482 τήν
2456 2413 2658 2468 ἑαυτῶν
2689 2411 2915 2490 α’ίρεσιν·
2960 2418 3202 2491 φανερῶς
3248 2433 3308 2468 τε
3353 2413 3444 2469 καὶ
3484 2412 3815 2489 κατηγορεί-

2148 2521 2324 2556 τωσαν
2381 2499 2738 2572 Ἀλεξάνδροῦ
2790 2507 2888 2558 τοῦ
2949 2502 3246 2577 μακαρίτου
3460 2502 3759 2559 ἐπισκόπου
3787 2545 3807 2575 ,

2152 2590 2227 2652 ὡς
2261 2588 2463 2653 ἀδίκως
2486 2586 2812 2654 ἐκϐαλόντος
2840 2590 2932 2647 τὸν
2967 2594 3181 2666 Ἀρειον
3215 2588 3452 2667 λέγοντα
3492 2595 3680 2665 ταῦτα,
3713 2591 3808 2647 καὶ

2157 2680 2544 2758 μεμφέπθωσαν
2594 2682 2695 2750 τὴν
2745 2680 2797 2736 ἐν
2850 2680 3048 2753 Νικαίᾳ
3089 2678 3336 2752 σύνοδον,
3388 2681 3503 2737 ἀντὶ
3550 2688 3654 2751 τῆς
3684 2682 3809 2737 ἀσε-

2154 2763 2305 2831 ϐείας
2337 2769 2721 2842 ὑπομνήσασαν
2766 2769 2856 2825 καὶ
2902 2771 3177 2846 γράψασαν
3225 2772 3323 2840 τήν
3376 2765 3569 2841 εὐσεϐῆ
3599 2768 3806 2826 πίστιν.
3910 2841 3919 2847 _

2156 2855 2311 2914 Ἀλλ’
2356 2858 2418 2913 ού
2461 2860 2812 2931 ποιήσουσιν,
2865 2857 2921 2913 εῦ
2969 2856 3110 2931 οῖδα,
3160 2858 3245 2914 ὅτι
3292 2858 3400 2935 ούχ
3448 2859 3623 2923 οὕτως
3672 2858 3804 2916 εῗσίν

2155 2947 2392 3021 ἀγνῶτες
2449 2950 2563 3022 (28)
2610 2949 2683 3002 ὧν
2740 2945 3043 3004 ἐπλάσαντο
3094 2948 3186 3004 καὶ
3237 2946 3635 3027 φιλονεικοῦσιν
3685 2948 3805 3006 ἐπι-

2155 3041 2369 3111 σπεῖραι
2410 3041 2622 3092 κακῶν
2686 3035 2831 3092 ἀλλά
2882 3037 2973 3093 καὶ
3035 3036 3185 3113 μάλα
3239 3040 3638 3115 γινώσκουσιν,
3696 3038 3805 3112 ὅτι,

2148 3125 2247 3180 κᾶν
2298 3126 2434 3181 κατά
2476 3128 2575 3196 τὴν
2626 3127 2804 3204 ἀρχὴν
2852 3127 2981 3190 τοὺς
3030 3126 3315 3202 ἀκεραίους
3363 3126 3453 3184 διὰ
3496 3136 3663 3200 κενῆς
3692 3131 3809 3205 (29)

2153 3214 2364 3286 ἀπάτης
2397 3216 2803 3294 ὑφαρπάσωσιν,
2855 3214 2979 3272 ἀλλ’
3025 3216 3179 3281 εὐθὺς
3231 3220 3266 3287 ἡ
3300 3212 3473 3274 "ewouz
3516 3218 3695 3275 αὐτῶν
3728 3219 3808 3283 ὡς

2153 3309 2269 3383 φῶς
2318 3299 2525 3360 ἀσεϐῶν
2570 3308 2684 3380 (30)
2737 3304 3038 3381 σϐέννυται,
3085 3304 3178 3362 καί
3233 3305 3647 3378 στηλιτεύονται
3674 3328 3810 3364 παν-

397 3398 499 3472 qui
527 3396 707 3455 stulte
736 3400 919 3469 agunt
947 3395 1165 3461 omnia,
1198 3398 1256 3450 et
1284 3400 1349 3450 ut
1376 3393 1541 3450 stulti
1586 3393 1930 3466 loquuntur,
1980 3394 2032 3449 in

2150 3397 2347 3470 ταχοῦ,
2378 3394 2455 3457 ὡς
2478 3401 2579 3464 τῆς
2611 3393 2871 3465 ἀληθείας
2910 3395 3119 3471 ἐχθροί.
3176 3397 3274 3451 Διὰ
3318 3400 3480 3453 τοῦτο
3528 3400 3660 3473 γοῦν
3693 3399 3808 3473 (31)

396 3446 1253 3557 ἓξἰἐέλῖζιίἶι“ἒῖῥιῖιὶιὲἰιῖὲιῖ,“
1287 3446 1352 3538 {ii
1376 3446 2032 3555 ἔιῖἵέέεὶιῖιῖίῖέὲὲέιιέῇ

2165 3446 2347 3470 -ηιιπι
2385 3446 2453 3457 ητ
2492 3446 2577 3464 vn
2616 3446 2868 3465 ""‘r'm‘
2914 3446 3119 3471 τινι-ν’
3176 3446 3273 3451 —'"
3330 3446 3476 3453 ’ν’-ν
3542 3446 3653 3473 ινν·
3694 3446 3807 3473 \"‘l

2151 3483 2322 3538 πάντα
2372 3487 2574 3560 μωρῶς
2622 3488 2930 3554 ποιοῦντες,
2978 3485 3069 3539 καὶ
3121 3485 3198 3548 ὡς
3255 3486 3434 3561 μωροὶ
3486 3484 3808 3559 λαλοῦντες,

398 3576 555 3649 quod
586 3575 697 3631 sub
714 3572 975 3629 modium
990 3572 1292 3628 lucernam
1307 3572 1671 3628 abscondant
1689 3587 1858 3628 suam
1880 3574 1945 3638 ιδ,
1977 3575 2045 3628 ut

399 3680 679 3738 apparere
707 3661 1090 3730 existimetur,
1122 3665 1180 3716 et
1207 3678 1300 3731 ne,
1332 3662 1382 3717 si
1411 3665 1737 3733 appareret,
1780 3661 2044 3733 cognita-

397 3756 457 3811 et
510 3752 818 3825 reprobate
869 3749 1353 3822 exstingueretur.
1399 3750 1665 3821 Namque
1720 3749 1849 3821 ipse
1875 3750 2046 3807 Arius

401 3844 521 3899 dux
547 3842 797 3914 hujusce
824 3838 1084 3905 haeresis,
1116 3843 1174 3894 et
1213 3837 1450 3894 Eusebii
1496 3837 1712 3907 socius,
1764 3839 2042 3896 Eusebia-

400 3947 613 3990 norum
643 3946 821 4003 opera
847 3932 907 3985 et
934 3928 1115 3984 beatae
1144 3928 1437 3983 memoriae
1496 3927 1878 3985 Constantino
1927 3934 2044 3985 Au-

472 4117 520 4152 ⁴³
538 4115 690 4173 Psal.
719 4131 815 4171 LII.
844 4116 897 4170 1.
927 4116 983 4170 2.
1034 4113 1081 4149 ἰδ
1121 4112 1325 4169 Matth.
1354 4129 1408 4185 ν,
1469 4113 1556 4170 15.
1587 4113 1632 4149 ⁸⁵
1658 4118 1791 4171 Luc.
1841 4132 1956 4185 xw,
1981 4115 2037 4172 8.

467 4303 581 4379 (22)
612 4302 715 4379 Sic
748 4302 997 4379 Segue_r._
1040 4302 1553 4379 _Fragm._Jesuit.__
1576 4302 1738 4379 Colb.
1796 4303 2037 4379 Taurin.

391 4372 486 4448 Frl
519 4372 573 4448 1,
614 4372 855 4448 (ἓοωειιζ
905 4372 1222 4448 Εειοίίωῇ
1257 4377 1315 4429 et
1340 4375 1394 4429 5.
1452 4374 1607 4448 Editi
1652 4379 1889 4448 verost
1917 4374 2034 4448 alii.

391 4444 566 4516 αὐτήν
621 4444 869 4528 θεότητα.
904 4445 1080 4528 ibid:
1156 4444 1920 4528 Seguer.nGobler_._Felck.

388 4512 857 4589 κατατετόλμηίκε.
887 4516 1088 4589 ΑΙῙῘνθῑ
1116 4512 1618 4589 θάὶῐῖὗετόλμηκε.
1659 4520 1789 4589 Mox
1824 4516 2033 4589 Jesuit.

387 4590 630 4670 Taurin.,
663 4584 1137 4670 golbert.-“Fr:u1
1188 4592 1247 4670 et
1275 4584 1527 4670 Fragm.,
1589 4584 1721 4670 ρηδρ
1774 4586 1866 4670 τόν
1921 4592 2034 4670 βα-

382 4658 521 4733 τόρα
550 4658 632 4713 ἀεί
662 4659 891 4731 Πατέρα.
922 4662 995 4714 At
1025 4658 1125 4714 alii
1170 4663 1227 4715 et
1273 4657 1433 4727 editi,
1458 4657 1555 4713 ’τόν
1590 4657 1738 4713 ’Θεόν
1798 4658 2030 4735 ῌατέρα,

385 4731 521 4783 εἴναι
554 4730 728 4783 Ὅθεν-
759 4736 867 4783 etc.

385 4730 463 4785 εῒν
470 4751 521 4785 αι
554 4730 728 4801 Ὅθεν,
759 4730 867 4787 etc.

2149 3577 2311 3627 τοῦτο
2347 3573 2532 3646 μόνον,
2565 3573 2643 3636 ὡς
2675 3573 2783 3628 υἱοὶ
2812 3579 2912 3629 τοῦ
2942 3574 3139 3637 αἰῶνος
3170 3569 3319 3637 ὄντες
3346 3574 3564 3650 τούτου,
3616 3575 3806 3654 φρονί-

2157 3681 2274 3734 μως
2303 3663 2655 3733 πεποιήκασι,
2705 3661 3032 3738 κρύπτοντες
3066 3662 3169 3718 ὑπὸ
3206 3665 3299 3718 τὸν
3335 3660 3526 3737 μόδιον
3557 3664 3646 3720 τὸν
3677 3664 3800 3720 ἑαυ-

2149 3754 2258 3805 τῶν
2293 3748 2522 3826 λύχνον,
2550 3748 2643 3806 ’ίνα
2689 3751 2984 3825 νομίζηται
3027 3751 3255 3831 φαίνειν,
3299 3752 3390 3807 καὶ
3443 3755 3520 3827 μὴ
3552 3752 3807 3831 φαινόμε-

2149 3860 2247 3904 νος
2278 3835 2582 3914 ἀποσϐεσθῇ
2624 3841 3188 3916 καταγινωσκόμενος.
3242 3842 3343 3897 Καὶ
3400 3844 3505 3920 γὰρ
3562 3843 3653 3898 καὶ
3706 3841 3804 3898 αὖ·

2147 3930 2241 3992 τὸς
2271 3931 2490 4006 ’Ἄρειος
2534 3931 2647 4005 (32)
2695 3931 2724 3985 ὁ
2769 3936 2869 4000 τῆς
2920 3931 3014 4005 μὲν
3074 3932 3335 4007 αἱρέσεως
3393 3928 3646 4010 ἔξαρχος,
3700 3931 3806 3989 Εὖ-

2146 4300 2778 4378 καίῗκατη-γορεῖτωσανε
2797 4307 2876 4360 At
2896 4303 2965 4378 in
2996 4303 3128 4378 aliis
3158 4308 3216 4361 et
3246 4306 3420 4365 editis
3448 4306 3540 4363 καί
3573 4309 3765 4367 deest.

2218 4374 2451 4460 causa:
2467 4374 2716 4460 §eguer.
2748 4374 2958 4460 {eguit
2990 4375 3152 4433 Colb.
3184 4381 3243 4460 et
3269 4378 3361 4438 Fr.
3400 4381 3451 4436 1.
3482 4384 3558 4438 At
3597 4380 3800 4455 Taur.,

2150 4446 2438 4520 μακαρίου.
2464 4446 2616 4503 Editi
2647 4452 2705 4503 et
2735 4447 2858 4514 alii,
2893 4447 3330 4521 μακαριωτάτου·
3779 4446 3798 4455 ⁷

2194 4520 2327 4603 (2.8)
2360 4518 2454 4603 Sic
2502 4523 2736 4603 Seguer.
2773 4518 3037 4603 'Zl‘a‘urifn.
3086 4523 3147 4575 et
3196 4522 3434 4603 Je_s_uit._
3462 4522 3693 4603 AtAalii
3739 4526 3803 4603 et

2143 4590 2315 4663 editi,
2364 4590 2712 4663 ἀγνοοῦντες.
2746 4590 2919 4663 ibid.
2951 4591 3208 4663 §eguer.
3257 4592 3503 4649 Taurin.
3544 4594 3798 4663 Colbert.

2142 4661 2233 4717 Fr.
2267 4663 2318 4730 1,
2378 4660 2607 4735 Anglic.
2658 4661 2889 4735 Gobler.
2950 4660 3206 4735 Eelckm.
3240 4664 3355 4721 1st
3384 4666 3441 4733 5,
3493 4668 3561 4718 ῶι
3619 4662 3796 4719 ἐπλά-

2142 4751 2298 4786 σαντο
2345 4730 2899 4816 ’καξξφιλονεικοῦσιν
2981 4730 3294 4816 ἐπισπεεραι
3363 4730 3544 4791 κυκῶν
3626 4736 3781 4794 Editi

457 4803 569 4876 (23)
600 4798 861 4876 Sgg'uerw
889 4798 1125 4857 ἐκείνων.
1176 4805 1323 4869 Mox,
1384 4807 1517 4874 post
1573 4799 1672 4855 ούκ
1714 4801 1825 4855 ἐστι
1874 4798 2025 4870 Θεός,

2150 4820 2273 4861 vero
2304 4808 2365 4876 et
2392 4798 2524 4872 alii,
2544 4806 2609 4876 ῇν
2644 4801 3018 4861 ἐπλάσαντο...
3050 4798 3265 4860 κακίαν.

382 4873 1068 4946 ἀοέὶῠίῐᾟῦαςωθηῷυηξ.

472 4945 563 5019 24)
594 4940 892 5019 _Segu'er.,_
926 4942 1090 5019 ’_A_ai_
1127 4940 1385 5019 ίσχύομεν
1434 4942 1598 5019 φησί.
1652 4943 1828 5019 Paulo
1887 4947 2019 5018 post

376 5010 726 5089 Goblerjan:
742 5020 799 5071 et
846 5010 1025 5089 Felck
1055 5015 1124 5089 Α,
1174 5010 1394 5089 Ῐίελτιον
1430 5010 1477 5069 δ”
1506 5010 1566 5068 ἄν
1606 5016 1841 5089 γένοιτο,
1887 5010 2012 5072 ὀίο.

375 5087 533 5143 Infra
567 5086 775 5142 Jesuit.
834 5085 995 5141 Colb.
1054 5085 1294 5141 Taurin.
1353 5091 1410 5142 et
1460 5089 1547 5144 Fr.
1604 5085 1654 5156 1,
1711 5093 2013 5162 προστῆναι

378 5154 665 5211 δύνωσται.
1504 5207 1513 5211 _

414 5175 665 5213 υνωσται.
1504 5207 1513 5216 .

442 5230 554 5301 (25)
581 5229 676 5301 Sic
706 5226 1459 5301 Seguer.A__Colb._gTaurin,
1507 5230 1715 5285 Jesuit.
1779 5228 2010 5285 Gobler.

371 5305 433 5357 et
451 5298 714 5357 ’Felckm.
746 5298 809 5353 1f
827 5303 902 5354 At
921 5298 1018 5355 alii
1045 5303 1103 5353 et
1117 5299 1255 5354 editi
1282 5299 1440 5354 αύτόν
1472 5301 1768 5357 omittunt.

436 5372 549 5444 (26)
581 5371 845 5444 Seguer.
877 5370 1144 5444 ~Taurin.
1173 5371 1424 5444 “Jesuit.
1507 5373 1597 5429 Fr.
1663 5374 1714 5426 1.
1785 5371 2008 5444 Anglic.

360 5438 943 5517 At'Go'blerilf‘elgk.
1043 5447 1103 5498 et
1169 5442 1223 5510 5,
1281 5438 1625 5517 δειξάτωσαν
1664 5438 1906 5517 πρῶτοί
1934 5444 2012 5517 ώς

362 5509 589 5587 λύχνον.
621 5512 798 5587 Editi,
850 5508 1173 5587 astga'rcwcaj
1210 5508 1443 5587 πρῶτον
1496 5512 1585 5587 είς,
1612 5508 2008 5587 λύχνονᾳῐὺίά.

358 5583 596 5655 Seguer,
619 5584 829 5640 Jesuit.
856 5584 1104 5655 Colbert,
1129 5583 1368 5640 Taurin.
1389 5586 1538 5654 Fr.1,
1560 5583 1789 5642 Gobler.
1815 5584 2007 5642 Felck.

364 5660 423 5730 et
443 5654 503 5730 5,
531 5655 749 5730 γνμυήν
780 5655 903 5730 τήν-
931 5654 1177 5730 ἑαυτῶν.
1212 5656 1326 5712 Alii
1355 5673 1491 5730 gero
1511 5662 1581 5730 et
1609 5658 1751 5713 editi
1791 5657 2005 5730 γυμνήν

346 5723 615 5791 mittunt.
640 5723 787 5782 Item
825 5726 971 5783 Ibid.
1000 5731 1241 5806 Seguer.
1270 5732 1330 5789 et
1357 5727 1596 5799 Jesuit.,
1629 5723 1892 5809 φανερῶς
1949 5723 2009 5791 τε

2206 4876 2318 4947 (29)
2349 4875 2443 4931 Sic
2499 4876 2734 4948 Seguer.
2793 4875 3002 4948 Jesuit.
3062 4880 3120 4931 et
3151 4877 3330 4933 editio
3390 4879 3673 4937 Commel.
3722 4880 3797 4935 At

2128 4947 2393 5020 Taurin.,
2422 4947 2638 5014 καινῆς,
2673 4951 2740 5003 ut
2769 4947 3304 5020 etvideturlegisse
3325 4948 3629 5019 Nannius;
3655 4964 3794 5007 nam

2124 5019 2319 5094 vertit,
2345 5020 2552 5094 recenti
2582 5021 2894 5094 impostyra
2924 5018 3201 5088 Colbertl,
3233 5022 3430 5094 κακῇς.

2196 5082 2316 5163 (305
2341 5082 2864 5163 Sesuer-.-&e$55’<-

2196 5158 2542 5233 (31))Jes'uit.
2586 5158 2851 5229 'Colbert.
2908 5161 3177 5233 Taurin.,
3210 5160 3533 5233 Διάγτοῦτο
3595 5158 3642 5215 δ’
3669 5162 3781 5233 νῦν.

2122 5230 2568 5316 Ihi‘dLiidem~et
2596 5233 2835 5321 Seguer.
2894 5231 3125 5321 Goblen.
3159 5230 3221 5316 et
3254 5232 3453 5321 Felclf;
3504 5237 3555 5304 1,
3614 5230 3782 5321 πᾴξα

2127 5306 2327 5377 μωρῶς
2349 5306 2617 5372 ποιοῦσιν,
2653 5299 2729 5364 ώς
2793 5301 2971 5375 μωροί
3021 5300 3346 5365 λαλοῦντες.
3397 5299 3551 5360 Mox'
3582 5299 3778 5355 τούτου

2122 5374 2288 5430 abest
2317 5392 2351 5431 a
2380 5376 2611 5445 Seguer.
2653 5376 2863 5430 Jesuit.
2910 5376 3000 5430 Fr.
3036 5376 3087 5441 1,
3117 5374 3368 5432 Colbert.
3401 5376 3470 5445 1,_
3496 5372 3737 5445 Taurin.

2192 5419 2583 5518 (ἕρῖῖπέἐῗλῖὗ
2600 5419 2871 5518 ’Ἰτζιῖιξὲὶζ
2910 5419 3781 5518 ‘cblia’eé't:"i;£o€;_’6236ﬁ"23:.

2118 5515 2586 5589 ταγινωσκὸμενος
2617 5516 2719 5589 γάρ
2789 5515 2878 5589 καὶ
2933 5515 3094 5578 αὐτὸς
3148 5515 3371 5589 ’Ᾱρειος
3423 5516 3526 5573 Hic
3578 5515 3781 5589 autem

2119 5587 2283 5643 locus
2301 5605 2368 5643 ex
2392 5592 2447 5642 Β.
2472 5587 2791 5644 Athanasio
2813 5588 3063 5644 habetur
3084 5587 3239 5645 apud
3261 5592 3656 5645 Sozomenum
3671 5587 3781 5644 lib.

2118 5676 2186 5734 ιι,
2208 5676 2333 5734 cap.
2363 5661 2464 5734 _20,_
2480 5658 2751 5734 editionis
2771 5659 3008 5718 Valesii.
3036 5655 3275 5723 Gobler.
3299 5664 3360 5721 et
3381 5660 3589 5722 Felbk.
3620 5655 3783 5734 1,Καῐ

2116 5727 2221 5810 γᾶρ
2254 5727 2417 5796 αὐτὸς
2444 5731 2679 5808 "Apenas.
