4148 6398
295 448 410 512 587

366 583 432 642 21
507 585 897 650 Quamobrem
942 604 1042 642 vos
1085 603 1205 655 oro,
1255 590 1315 641 ut
1359 586 1647 641 Niczenam
1708 587 1882 642 ﬁnem
1914 604 1948 642 a
1977 589 2032 654 Α

297 673 571 732 Patribus
618 675 834 731 editam
882 692 997 747 prae
1051 675 1324 732 manibus
1368 675 1668 747 habentes,
1701 693 1948 748 eamque

299 781 536 822 summa
565 763 746 820 animi
781 764 1079 820 alacritate
1108 770 1165 820 et
1194 765 1535 822 fortitudine
1565 783 1631 821 ac
1658 766 1948 822 constanti

298 854 360 910 in
394 853 706 910 Dominum
738 854 955 909 ﬁducia
985 856 1726 927 propugnantes,omnibus
1757 871 1948 912 exem-

299 943 429 1016 plar
471 943 832 1009 el'ﬁciamini,
881 943 1224 1016 cunctisque
1272 945 1594 1000 ostendatis
1655 963 1810 1000 nunc
1847 962 1950 1016 pro

299 1031 541 1089 veritate
588 1032 869 1088 adversus
918 1032 1188 1089 haeresim
1239 1050 1367 1089 esse
1397 1035 1760 1104 certandum,
1797 1037 1944 1092 23l

297 1121 608 1194 variasque
639 1125 796 1177 artes
818 1121 1041 1178 inimici
1073 1139 1219 1180 esse.
1255 1124 1370 1179 Nec
1401 1125 1557 1180 enim
1591 1125 1782 1180 solum
1814 1125 1952 1182 thus

301 1211 422 1269 aris
451 1211 739 1266 idolorum
770 1228 886 1266 non
918 1212 1142 1284 offerre,
1177 1217 1461 1285 martyres
1491 1213 1671 1270 efﬁcit
1704 1231 1717 1269 :
1751 1231 1951 1270 verum

301 1300 478 1358 etiam
508 1300 683 1355 ﬁdem
726 1316 842 1356 non
887 1317 1121 1374 negare,
1168 1301 1399 1358 illustre
1453 1309 1542 1359 est
1584 1303 1951 1360 conscientias

299 1389 667 1462 martyrium.
700 1389 814 1445 Nec
842 1389 881 1444 ii
912 1394 1143 1446 tantum
1198 1392 1301 1464 qui
1341 1392 1492 1448 idola
1524 1394 1857 1462 adoravere,
1888 1397 1954 1448 ut

301 1477 479 1534 alieni
531 1481 673 1533 sunt
711 1479 1105 1549 condemnati,
1161 1482 1261 1536 sed
1293 1480 1468 1536 etiam
1523 1483 1622 1553 qui
1651 1483 1952 1538 veritatem

304 1566 789 1641 prodidere.Hinc
817 1567 1002 1623 Judas
1025 1569 1096 1624 ab
1116 1569 1434 1640 epostolica
1462 1571 1725 1642 dejectus
1758 1571 1954 1645 digni—

301 1659 424 1713 tate
451 1659 560 1727 est,
592 1673 708 1712 non
766 1658 922 1728 quod
983 1659 1331 1714 sacriﬁcavit
1356 1660 1457 1714 sed
1511 1661 1667 1731 quod
1698 1661 1958 1733 proditor

307 1745 438 1802 luit.
488 1746 837 1818 Hymenaeus
887 1763 1124 1818 quoque
1187 1752 1242 1802 et
1270 1747 1595 1804 Alexander
1641 1767 1676 1804 a
1729 1749 1955 1806 Christo

307 1834 573 1891 defecere
617 1851 732 1891 non
778 1836 849 1890 ad
902 1835 1058 1892 idola
1087 1834 1509 1907 abeundogsed
1551 1839 1701 1894 facto
1730 1839 1790 1894 in
1840 1839 1956 1894 ﬁde

307 1923 616 1996 naufragio
663 1924 726 1978 ³³.
787 1923 1068 1981 Similiter
1112 1925 1406 1982 Abraham
1460 1927 1810 1998 patriarcha,
1869 1933 1957 1984 ta-

311 2013 484 2070 metsi
517 2029 632 2069 non
659 2013 912 2080 occisus,
953 2019 1266 2070 coronatus
1305 2019 1501 2072 tamen
1533 2021 1641 2088 est,
1675 2018 1814 2089 quia
1843 2021 1957 2072 Deo

312 2101 501 2159 ﬁdelis
531 2103 662 2159 fuit.
692 2101 802 2158 Alii
833 2103 975 2159 item
1008 2105 1194 2160 sancti
1225 2105 1353 2172 viri,
1386 2107 1458 2161 de
1487 2106 1704 2178 quibus
1741 2106 1959 2163 Paulus

211 2228 220 2233 -
307 2191 588 2264 loquitur,
617 2192 849 2249 Gedeon
881 2193 1954 2268 nimirum,Barac,Samson,Jephthe,

308 2281 489 2340 David
521 2284 580 2338 et
607 2282 842 2339 Samuel
900 2284 964 2354 ⁵³,
1024 2284 1351 2357 οωίοτὶίιυο,
1405 2302 1520 2341 non
1563 2286 1847 2358 sanguine
1877 2287 1960 2342 ef-

308 2372 440 2428 fuso
490 2376 742 2428 mortem
784 2372 1078 2441 obierunt,
1130 2374 1229 2429 sed
1285 2390 1389 2446 per
1431 2375 1604 2431 ﬁdem
1641 2376 1790 2447 justi
1822 2380 1963 2432 sunt

306 2461 515 2530 effecti,
545 2464 722 2530 atque
750 2461 825 2517 ab
873 2462 982 2517 hoc
1013 2479 1201 2534 usque
1242 2467 1478 2536 tempus
1509 2464 1960 2521 admirationem

305 2551 729 2622 movent,quod
761 2567 866 2622 pro
899 2568 1008 2606 sua
1039 2552 1094 2606 in
1121 2552 1435 2608 Dominum
1469 2555 1683 2626 pietate
1714 2559 1963 2610 mortem

308 2638 512 2696 subire
534 2639 751 2695 fuerint
779 2641 1062 2712 parati.Si
1093 2658 1225 2698 vero
1253 2643 1312 2697 id
1343 2642 1519 2698 etiam
1553 2643 1723 2699 liceat
1752 2643 1966 2700 addere

308 2730 463 2801 quod
512 2734 714 2785 nostro
763 2734 1028 2802 tempore
1077 2731 1307 2800 accidit,
1363 2733 1550 2788 nostis
1631 2749 1745 2804 quo
1795 2737 1966 2804 pacto

305 2817 492 2874 beatae
523 2817 818 2874 memoriae
839 2817 1164 2875 Alexander
1193 2837 1382 2892 usque
1398 2821 1469 2876 ad
1493 2825 1740 2876 mortem
1764 2825 1968 2876 contra

307 2907 460 2964 hanc
508 2906 779 2964 haeresim
849 2907 1174 2978 certaverit,
1247 2914 1508 2981 quotque
1579 2909 1967 2966 afﬁctationes

304 2999 627 3068 quantosve
705 2995 953 3064 labores,
1025 2997 1294 3069 quamvis
1369 3015 1563 3069 senex,
1614 2997 1965 3074 toleraverit,

308 3085 527 3158 quibus
557 3085 999 3157 perfunctus,in
1033 3090 1297 3144 extrema
1327 3091 1626 3144 senectute
1659 3088 1967 3160 appositus

306 3177 398 3230 est
425 3178 482 3230 et
509 3175 636 3246 ipse
664 3175 737 3230 ad
771 3179 965 3246 patres
997 3192 1157 3232 suos.
1192 3177 1342 3240 Quot
1383 3176 1522 3232 item
1554 3175 1674 3244 alii,
1727 3193 1854 3232 sese
1885 3175 1966 3231 ei-

306 3263 440 3320 dem
468 3263 780 3336 impietiati
811 3268 1175 3336 opponentes
1205 3282 1384 3337 quam
1407 3265 1572 3321 valde
1603 3265 1961 3334 laboravere,

831 450 894 513 S.
941 452 1369 514 ATHANASII
1415 453 1586 514 OPP.
1636 453 1840 514 PARS
1885 453 1932 513 Ι.
1972 485 2047 498 --
2079 450 2503 515 HISTORICA
2547 452 2646 514 ET
2691 451 3179 515 DOGMATICA.

3595 452 3716 520 588

2129 587 2218 640 21.
2254 583 2356 638 ma
2385 588 2569 653 τοῦτο,
2602 581 2920 659 παρακαλῶ,
2954 581 3172 659 ἔχοντες
3209 584 3342 659 μετὰ
3372 591 3566 664 χεῖρας
3608 588 3708 658 τὴν

2060 671 2112 727 ἐν
2147 673 2342 744 Νικαίᾳ
2387 674 2533 749 παρὰ
2569 678 2675 728 τῶν
2726 674 2978 748 Πατέρων
3030 680 3322 752 γραφεῖσαν
3376 675 3581 749 πίστιν,
3623 675 3716 732 καὶ

2058 761 2258 832 ταύτην
2291 760 2626 824 ἐκδικοῦντες
2674 760 2862 837 πολλῇ
2910 766 2978 836 τῇ
3024 764 3304 839 προθυμίᾳ
3351 767 3487 840 (66),
3529 765 3619 821 καὶ
3647 769 3716 842 τῇ

2061 851 2135 914 εἷς
2166 853 2256 906 τὸν
2311 851 2504 925 Κύριον
2555 855 2896 923 πεποιθήσει,
2944 850 3115 915 τύπος
3162 854 3376 928 γένεσθε
3419 860 3538 918 τοῖς
3577 876 3714 911 παν-

2058 945 2256 1017 ταχοῦ,
2315 939 2614 1004 δεικνύντες
2664 943 2848 1017 ἀγῶνα
2902 943 3216 1016 προκεῖσθαι
3276 947 3366 998 νῦν
3425 945 3562 1020 πρὸς
3613 946 3714 1014 τὴν

2060 1029 2261 1106 α’ίρεσιν
2318 1031 2450 1107 ὑπὲρ
2497 1038 2596 1099 τῆς
2649 1029 2928 1103 ἀληθείας,
2977 1032 3067 1086 καὶ
3118 1029 3378 1097 ποικίλας
3429 1034 3564 1089 εἶναι
3618 1038 3715 1090 τοῦ

2062 1119 2262 1197 έχθροῦ
2294 1122 2403 1194 (67)
2433 1122 2529 1182 τὰς
2580 1118 2882 1194 μεθοδείας.
2940 1120 3012 1176 Ού
3056 1123 3160 1198 γὰρ
3210 1122 3371 1196 μόνον
3403 1124 3465 1178 τὸ
3513 1125 3587 1197 μὴ
3620 1126 3717 1179 θῦ-

2064 1231 2150 1264 σαι
2182 1204 2405 1264 λίϐανον
2451 1207 2686 1264 δείκνυσι
2741 1211 3036 1287 μάρτυρας’
3089 1209 3236 1266 ἀλλὰ
3279 1212 3369 1267 καὶ
3400 1213 3462 1268 τὸ
3502 1214 3576 1287 μὴ
3614 1213 3717 1289 ἀρ-

2061 1301 2318 1370 νήσασθαι
2349 1301 2447 1369 τήν
2481 1299 2684 1368 πίστιν,
2736 1307 2886 1355 ποιεῖ
2930 1300 2994 1355 τὸ
3053 1300 3345 1376 μαρτύριον
3394 1309 3496 1372 τῆς
3547 1323 3717 1358 συνει-

2064 1386 2273 1459 δήσεως
2307 1387 2578 1465 λαμπρόν.
2615 1389 2712 1444 Καὶ
2745 1389 2851 1466 οὐχ
2882 1390 2935 1444 οἱ
2981 1389 3260 1453 κλίναντες
3459 1390 3534 1453 εἷς
3565 1388 3719 1447 εἴδω-

2063 1476 2136 1532 λα
2183 1478 2346 1551 μόνον
2395 1479 2780 1555 κατεκρίθησαν
2833 1479 2909 1542 ὡς
2965 1476 3274 1555 ἀλλότριοι,
3333 1479 3479 1536 ἀλλὰ
3527 1482 3617 1536 καὶ
3666 1482 3720 1536 οἱ

2063 1565 2470 1644 προδεδωκότες
2515 1570 2614 1637 τήν
2676 1570 2956 1640 ἀλήθειαν.
3020 1567 3243 1633 Ἰούδας,
3285 1573 3414 1645 γοῦν
3468 1569 3528 1624 οὐ
3558 1568 3720 1632 θύσας

2066 1651 2348 1728 ἀπεϐλήθη
2383 1665 2485 1726 τῆς
2516 1656 2886 1728 ἀποπολικῆς
2916 1665 3111 1731 τιμῆς,
3143 1657 3291 1714 ἀλλὰ
3328 1655 3606 1733 προδότης
3634 1679 3724 1732 γε-

2065 1745 2308 1819 νόμενος.
2344 1748 2442 1801 Καὶ
2483 1747 2762 1820 Ὑμέναιος
2815 1745 2872 1801 δὲ
2919 1747 3007 1802 καὶ
3058 1750 3173 1821 (69)
3217 1745 3574 1824 Ἀλέξανδρος
3623 1746 3727 1802 οὐκ

2068 1835 2144 1897 εἰς
2177 1833 2382 1890 εἶ’δωλα
2409 1836 2698 1912 τραπέντες
2749 1833 3127 1910 ἀπεπήδησαν,
3179 1834 3303 1892 ἀλλ’
3337 1837 3418 1893 ὅτι
3468 1836 3593 1912 περὶ
3621 1839 3721 1906 τὴν

2066 1925 2245 1980 πίστιν
2283 1924 2636 2000 ἐναυάγησαν.
2688 1923 2858 1980 Πάλιν
2910 1928 3022 1999 (70)
3051 1946 3110 1980 τε
3159 1921 3414 2002 Ἀϐραὰμ
3454 1927 3483 1982 6
3531 1946 3726 2003 πατρι-

2071 2015 2252 2091 άρχης
2301 2014 2400 2069 ούκ
2451 2015 2744 2089 ἀναιρεθεὶς
2797 2013 3160 2092 ἐστεφανώθη,
3211 2013 3338 2070 ἀλλ’
3396 2014 3480 2070 ὅτι
3536 2016 3728 2078 πιστὸς

2068 2104 2259 2180 γέγονε
2286 2109 2365 2176 τῷ
2398 2108 2535 2175 Θεῷ.
2570 2101 2632 2157 Ο⁹ί
2661 2124 2720 2158 τε
2768 2100 2932 2158 ἄλλοι
2967 2105 3136 2179 ἅγιοι,
3189 2104 3315 2180 περὶ
3345 2105 3418 2159 ὧν
3452 2105 3481 2159 6
3507 2102 3728 2167 Παῦλός

2071 2215 2224 2271 φησι,
2255 2190 2482 2262 Γεδεὼν,
2516 2194 2714 2267 Βαρὰκ,
2750 2193 3016 2267 Σαμψὼν,
3065 2193 3288 2272 Ἰεφθαὲ,
3341 2188 3508 2249 Δαϐίδ
3549 2214 3610 2248 τε
3636 2194 3728 2248 καὶ

2073 2279 2362 2356 Σαμουὴλ,
2394 2280 2483 2336 καί
2513 2283 2566 2337 οὶ
2597 2281 2689 2337 σὺν
2736 2281 3058 2358 αὐτοῖς,οὐχ
3106 2280 3337 2355 α’ίματος
3386 2280 3726 2359 ἐκχυθέντος,

2072 2369 2486 2441 ἐτελειώθησαν,
2546 2369 2691 2426 ἀλλὰ
2747 2369 2836 2426 διὰ
2885 2371 3122 2434 πίστεως
3170 2368 3584 2442 έδικαιώθησαν,
3635 2371 3728 2427 καὶ

2077 2462 2242 2537 μέχρι
2291 2465 2380 2514 νῦν
2441 2462 2842 2534 θαυμάζονται,
2894 2459 2976 2515 ὅτι
3024 2461 3113 2516 καὶ
3163 2461 3384 2516 θάνατον
3439 2461 3726 2535 ὑπομένειν

2071 2551 2206 2620 ἦσαν
2235 2547 2451 2622 ἓτοίμοι
2501 2548 2591 2604 διὰ
2637 2552 2737 2619 τήν
2785 2549 2862 2612 εἷς
2891 2550 2982 2604 τὸν
3015 2552 3214 2625 Κύριον
3250 2545 3542 2607 εὐσέϐειαν.
3575 2551 3639 2606 Ei
3671 2547 3731 2605 δὲ

2075 2637 2158 2693 δεῖ
2187 2641 2501 2712 προσθεῖναι
2533 2639 2622 2692 καὶ
2652 2639 2713 2693 τὸ
2746 2638 3032 2713 γενόμενον
3084 2638 3162 2717 ἐφ’
3190 2641 3326 2713 ἡμῖν
3376 2642 3512 2714 (71),
3550 2637 3732 2694 οἷ’δατε

2073 2731 2191 2789 πῶς
2239 2729 2266 2782 6
2323 2726 2630 2804 μακαρίτης
2674 2725 3030 2801 Ἀλέξανδρος
3087 2729 3254 2803 μέχρι
3309 2729 3538 2784 θανάτου
3594 2729 3731 2784 κατά

2073 2823 2176 2885 τῆς
2235 2815 2490 2892 αἱρέσεως
2548 2815 2750 2886 ταύτης
2807 2817 3138 2891 ἠγωνίσατο,
3194 2819 3285 2872 καὶ
3345 2815 3470 2882 ὅσας
3515 2816 3732 2893 θλίψεις

2075 2905 2165 2960 καὶ
2194 2903 2469 2976 πηλίκους
2499 2904 2899 2978 πόνους,καίτοι
2931 2906 3106 2980 γέρων
3132 2904 3229 2976 ὢν,
3267 2906 3563 2980 ὑπομείνας
3596 2909 3732 2980 (72),

2077 2993 2129 3049 έν
2161 2998 2229 3068 τῇ
2281 2989 2613 3069 πρεσϐυτικῇ
2665 2993 2859 3066 ἡλικίᾳ
2906 2997 3202 3070 προσετέθη
3257 2997 3348 3052 καὶ
3395 2995 3557 3057 αὐτὸς
3594 2995 3730 3068 πρὸς

2075 3085 2212 3151 τοὺς
2233 3081 2469 3160 πατέρας
2526 3083 2707 3138 αὐτοῦ.
2761 3083 2929 3138 Πόσοι
2983 3081 3040 3139 δὲ
3069 3085 3158 3140 καὶ
3191 3082 3355 3140 ἄλλοι
3385 3081 3586 3142 πόσους
3617 3085 3730 3155 (73)

2075 3165 2354 3246 καμάτους
2385 3171 2670 3248 ἐσχήκασι,
2725 3174 2862 3228 κατὰ
2908 3180 3008 3243 τῆς
3055 3168 3299 3232 ἀσεϐείας
3345 3167 3547 3239 ταύτης
3581 3166 3729 3224 διδά-

2076 3283 2312 3332 σκοντες,
2345 3263 2436 3316 καὶ
2484 3263 2545 3316 τὸ
2587 3261 2855 3338 καύχημα
2901 3270 3002 3332 τῆς
3047 3259 3349 3334 ὁμολογίας
3410 3257 3627 3334 ἔχουσιν
3673 3257 3727 3314 ἐν

303 3351 406 3424 qui
436 3353 673 3423 quidem
699 3369 820 3409 sua:
850 3353 1234 3409 confessionis
1264 3354 1670 3427 gloriationem
1704 3355 1759 3409 in
1794 3353 1957 3411 Chri-

2074 3355 2307 3426 Χριστῷ.
2343 3350 2547 3405 Οὐκοῦν
2596 3353 2686 3407 καὶ
2735 3355 2901 3425 ἡμεῖς
2947 3352 3080 3423 (74),
3132 3349 3206 3409 ὡς
3231 3353 3335 3425 ’τοῦ
3374 3347 3497 3424 περὶ
3529 3349 3729 3411 παντὸς

307 3445 398 3498 sto
428 3441 664 3497 habent.
699 3441 815 3500 Nos
847 3443 1027 3514 igitur
1057 3443 1350 3511 similiter,
1378 3443 1858 3515 quandoquidem
1893 3445 1964 3499 de

307 3547 544 3587 summa
566 3546 762 3587 rerum
794 3536 1132 3587 nostrarum
1162 3532 1375 3603 agitur,
1401 3533 1666 3604 ﬁdesque
1696 3549 1852 3587 nunc
1874 3532 1962 3588 vel

303 3621 575 3693 neganda
603 3620 954 3693 proponitur
982 3619 1070 3676 vel
1105 3621 1529 3686 servanda,hoc
1552 3621 1742 3676 simus
1764 3622 1962 3678 animo

303 3713 360 3764 et
387 3708 709 3779 voluntate,
741 3714 806 3764 ut
837 3726 965 3781 quae
1015 3709 1352 3781 accepimus
1403 3710 1831 3776 custodiamus,
1866 3727 1960 3766 eo-

303 3813 554 3870 rumque
577 3797 757 3854 veluti
777 3802 1227 3854 monumentum
1260 3798 1434 3852 ﬁdem
1458 3798 1656 3852 Nicaeae
1678 3798 1958 3870 scriptam

302 3889 612 3942 teneamus
645 3903 658 3940 :
691 3886 774 3941 ita
804 3890 871 3942 ut
893 3885 1212 3957 repudiatis
1243 3885 1620 3956 novitatibus,
1644 3887 1958 3943 doceamus

307 3973 656 4045 populos,ne
688 3975 995 4047 spiritibus
1026 3975 1241 4030 erroris
1273 3979 1524 4030 attentos
1559 3991 1619 4031 se
1642 3976 1955 4048 praebeant,

307 4063 410 4118 sed
457 4066 523 4118 ut
569 4057 645 4117 ab
712 4063 1062 4118 Arianorum
1130 4063 1427 4135 impietate
1479 4069 1536 4119 et
1601 4081 1636 4120 a
1682 4065 1958 4121 societate

307 4165 490 4222 quam
506 4165 643 4204 cum
657 4149 774 4206 illis
790 4150 1050 4206 inierunt
1071 4151 1628 4220 Meletiani,omnino
1642 4153 1952 4210 declinent.

376 4293 422 4328 ⁵³
452 4292 474 4349 Ι
506 4291 658 4350 Tim.
680 4309 719 4362 ι,
751 4295 844 4350 20.
921 4293 964 4328 ⁵³
993 4293 1164 4350 Hebr.
1196 4311 1274 4362 x1,
1297 4295 1370 4348 32
1397 4311 1561 4368 seqq.

375 4435 487 4507 (66)
517 4434 610 4490 Sic
634 4452 870 4510 _omn_es
915 4451 1058 4510 mss.
1095 4435 1161 4510 _si
1212 4435 1466 4510 Felckm.
1501 4439 1546 4510 2Δ
1581 4438 1860 4510 excipias.
1893 4439 1953 4493 in

305 4523 420 4577 quo
452 4506 604 4578 utet
631 4506 690 4561 in
722 4507 894 4563 editis
915 4506 1047 4578 _haac
1078 4507 1313 4574 desunt,
1334 4509 1422 4562 καὶ
1452 4507 1650 4578 ταύτην
1686 4506 1956 4562 ἐκδικοῦν-

302 4574 686 4653 τες-πολλῇτῇ
716 4575 980 4653 πρθυμία.
1019 4579 1231 4634 Eadem
1272 4579 1540 4653 legerunt
1565 4574 1953 4653 _Omnibonus

303 4653 362 4704 et
389 4649 675 4725 Nannius.
720 4653 810 4704 Mo
841 4651 1111 4725 xSeguer.
1150 4655 1217 4725 et
1237 4649 1484 4725 Anglic”
1515 4650 1683 4725 τύπος
1716 4653 1948 4725 γένεσθε.

2074 3435 2227 3502 ὄντος
2257 3441 2392 3512 ⁴ἱεμῖν
2436 3441 2670 3515 ἀγῶνος,
2719 3441 2810 3496 καὶ
2857 3437 3214 3514 προκειμένου
3261 3441 3354 3493 νῦν
3407 3437 3442 3507 ἢ
3495 3438 3731 3513 ἀρνήσα-

2075 3530 2195 3582 σθαι
2227 3528 2261 3596 ἢ
2290 3535 2529 3604 τηρῆσαι
2575 3531 2675 3599 τήν
2721 3528 2922 3596 πίστιν,
2969 3523 3210 3596 σπουδὴν
3241 3525 3441 3596 ταύτην
3473 3527 3564 3580 καὶ
3593 3525 3730 3602 πρό-

2069 3619 2210 3672 θεσιν
2268 3615 2484 3692 ἔχωμεν
2534 3621 2668 3691 (75),
2729 3616 2760 3671 ἂ
2809 3617 2903 3689 μὲν
2961 3611 3345 3691 παρελάϐομεν
3404 3613 3730 3694 φυλάττειν,

2070 3702 2288 3781 ἔχοντες
2347 3708 2484 3780 πρὸς
2540 3706 2843 3779 ὑπόμνησιν
2903 3705 3002 3772 τήν
3066 3702 3118 3758 ἐν
3185 3703 3381 3775 Νικαίᾳ
3436 3708 3731 3780 γραφεῖσαν

2068 3795 2267 3850 πίστιν·
2299 3797 2395 3857 τὰς
2447 3793 2506 3850 δὲ
2552 3793 2909 3866 καινοτομίας
2949 3791 3400 3870 ἀποστρέφεσθαι,
3450 3791 3540 3846 καὶ
3591 3788 3739 3847 διδά-

2069 3905 2210 3939 σκειν
2238 3885 2365 3946 τοὺς
2399 3883 2566 3945 λαοὺς
2600 3885 2674 3957 μὴ
2707 3883 2997 3958 προσέχειν
3029 3880 3299 3954 πνεύμασι
3328 3879 3544 3951 πλάνης
3583 3883 3718 3956 (76),

2069 3970 2214 4028 ἀλλὰ
2243 3971 2526 4034 παντελῶς
2578 3970 2842 4026 ἐκκλίνειν
2896 3971 3002 4026 ἀπὸ
3052 3977 3152 4040 τῆς
3188 3965 3433 4034 ἀσεϐείας
3478 3977 3581 4040 τῆς
3608 3974 3720 4026 τῶν

2065 4065 2516 4135 Ἀρειομανιτῶν,
2545 4061 2765 4128 καὶτῆς
2808 4064 2918 4114 τῶν
2951 4058 3288 4115 Μελιτιανῶν
3333 4060 3470 4135 πρὸς
3525 4058 3719 4122 αὐτοὺς

2065 4149 2430 4223 συνωμοσίας.
2993 4152 2998 4156 ’

2136 4436 2246 4508 (92)
2269 4435 2362 4491 Sic
2385 4440 2622 4508 Seguer.
2655 4433 2903 4508 Colbert,
2937 4435 3026 4508 Fr.
3061 4437 3111 4504 1,
3144 4436 3350 4508 Jesuit.
3383 4436 3713 4508 et_Taur_in.

2245 4522 2383 4580 vero
2407 4503 2614 4574 et'alii,
2645 4504 2845 4580 πόνους
2877 4505 3153 4578 ύπέμεινε,
3183 4506 3364 4580 καίτοι
3410 4505 3584 4580 γέρων
3615 4503 3717 4580 ὢν,

2061 4578 2157 4651 καὶ⁸
2184 4578 2286 4651 ύπο
2297 4576 2615 4648 μείναςβῐο.
2811 4575 3049 4651 Seguer.
3074 4575 3178 4651 pro
3198 4575 3504 4651 πηλίκους,
3541 4577 3719 4651 habet

2069 4647 2453 4719 τηλικουτους.
2487 4655 2630 4705 ltem
2661 4649 2802 4704 ibid.
2851 4647 3094 4706 Jésuitf
3117 4649 3278 4706 Colb.
3325 4650 3418 4706 Fr.
3455 4651 3506 4718 1,
3539 4649 3715 4706 Taur.

301 4719 506 4796 J_esuit.
538 4723 596 4775 et
614 4708 1023 4796 _Taur.,_~c'$7_i6¢
1047 4720 1274 4796 γίνεσθε.
1308 4708 1487 4796 δο]ὶ).,
1519 4708 1711 4796 τύποίς
1730 4708 1957 4796 γίνεσθε.

2073 4708 2239 4796 ab???
2264 4708 2542 4796 emittunt
2571 4726 2704 4796 post
2728 4720 2982 4796 πατέρας.

305 4792 399 4848 Fr.
462 4793 512 4859 1,

305 4862 446 4917 σθαι.

307 5000 332 5058 Β
520 4935 729 4992 Jesuit.
771 4935 861 4990 Fr.
905 4938 955 5007 1,
998 4935 1246 4992 Colbert.
1309 4942 1366 4992 et
1412 4937 1814 5005 Taurinensis,
1857 4940 1952 4990 τοῦ

339 5025 392 5058 ια
433 5025 460 5057 Ο
505 5025 588 5059 Ου.

303 5017 758 5150 οιῗὲἓ)οὲόᾳυοῐι.
786 5078 990 5135 Jesuit.
1026 5083 1115 5133 Fr.
1153 5080 1200 5147 1,
1233 5079 1478 5134 Colbert.
1503 5083 1573 5150 _et
1606 5080 1806 5144 Taur.,
1837 5076 1955 5132 κλί-

300 5147 503 5224 voveat,
541 5147 764 5224 et'mox
794 5151 1050 5224 (Seguer.
1084 5153 1343 5224 excepto)
1388 5147 1758 5224 προδιδόντες.
1792 5151 1947 5206 Colb.

300 5219 444 5293 ibid.
478 5238 582 5293 pro
616 5219 809 5292 μόνον,
852 5219 1029 5277 habet
1063 5219 1239 5292 μόνοιξ

298 5291 718 5420 ML(6%);(‘3138uit
781 5293 1029 5349 Colbert.
1063 5291 1119 5349 et
1147 5293 1504 5360 Taurin.,xui
1532 5294 1817 5365 ἰ’μὲναιος
1855 5314 1948 5365 μεν

317 5403 687 5526 Μᾶῶῖνξίάλιν
700 5453 774 5526 ,τε
805 5436 992 5526 abest‘
1027 5453 1060 5492 a
1090 5436 1332 5526 ‘Gobler;
1383 5441 1440 5522 et
1471 5435 1724 5520 Felclim:
1769 5440 1817 5519 1,
1842 5437 1950 5526 Aqui

303 5507 664 5628 mminiidem,
698 5507 876 5581 Βαράκ
905 5507 993 5561 καὶ
1055 5507 1104 5560 οἱ
1138 5507 1228 5560 σὺν
1264 5507 1468 5573 αὐτοῖς,
1510 5508 1745 5564 omissis
1775 5507 1951 5564 inter-

303 5591 420 5630 mef
441 5593 534 5630 118.

302 5591 608 5720 Τῗξίιξὲὶο
639 5648 876 5720 Seguer.
898 5651 1117 5720 (Jesuit.
1149 5651 1394 5708 Colbert.
1430 5653 1604 5707 Taur.
1639 5651 1866 5708 Gobler.
1898 5655 1954 5706 et

303 5717 562 5806 Felc'km.
598 5719 647 5772 1.
675 5717 744 5774 At
771 5719 910 5775 editi
941 5727 998 5778 et
1029 5721 1148 5789 alii,
1180 5723 1447 5798 ἔφ’ἡμῶν.
1483 5725 1610 5781 Mox
1639 5729 1900 5796 Seguer.,
1926 5721 1952 5775 ὁ

307 5807 567 5863 μακαρια.

565 4789 735 4852 τύπος
787 4789 1070 4865 γίνεσθαιβ
1101 4794 1252 4849 Editi
1310 4800 1367 4850 et
1419 4789 1537 4865 alii,
1585 4789 1757 4855 τύπος
1805 4813 1951 4868 γενε-

2135 4793 2247 4864 (73)
2278 4792 2370 4848 Sic
2402 4791 2639 4864 Seguér.
2674 4791 2881 4848 Jesuit.
2911 4791 3712 4864 colbert.Taurin.__Felckm.

2067 4859 2308 4951 1"et'5.
2367 4869 2440 4920 At
2478 4859 2675 4920 —editio
2733 4863 3038 4934 Commel.,
3093 4861 3260 4916 Πόσοι
3317 4860 3376 4917 δὲ
3423 4859 3592 4917 ἄλλοι
3623 4862 3717 4916 καὶ

2061 4955 2284 4996 ποσους.

2134 5009 2246 5079 (74)
2278 5004 2376 5060 Καὶ
2408 5007 2570 5076 ἡμεῖς
2599 5006 2759 5079 deest
2781 5005 2839 5079 in
2870 5004 3112 5079 Taurin.
3144 5005 3395 5079 Colbert.
3420 5011 3478 5062 et
3504 5006 3712 5079 Jesuit.

2069 5072 2487 5150 Ibideeguer.
2535 5076 2748 5134 Jesuit.
2793 5077 3032 5150 Taurin.
3056 5082 3114 5133 et
3145 5079 3232 5132 Fr.
3270 5079 3319 5150 1.
3353 5072 3509 5139 ὄντος
3540 5078 3700 5149 ἡμῖν,

2061 5149 2662 5216 Colbertymendose,
2713 5151 2871 5208 οὗτος
2923 5149 3081 5220 ἡμῖν.
3133 5149 3287 5205 Editi
3333 5153 3392 5206 et
3437 5150 3534 5205 alii
3573 5151 3709 5220 ήμῖν

2061 5223 2362 5278 omittunt.
2398 5221 2555 5292 Idem
2582 5219 2724 5275 ibid.
2755 5217 3304 5278 Jesuit.‘Colbert.et
3331 5217 3712 5292 Taurin.,vUvi

2060 5292 2388 5369 ἀρνήσασθαι
2407 5290 2452 5369 Δῆ
2483 5313 2548 5360 τη
2559 5297 2740 5369 ρῆσαι,
2774 5295 2882 5369 etc.

2133 5361 2244 5437 (7⁷5)
2276 5365 2370 5420 Sic
2399 5361 2880 5437 Seguertlesuit.
2927 5361 3180 5437 Golbert.
3229 5367 3289 5419 et
3336 5364 3443 5437 FrL
3480 5362 3529 5429 1,
3563 5362 3629 5415 ut
3648 5361 3714 5437 _et

2060 5430 2437 5523 emendatum
2458 5430 2547 5492 e'st
2567 5436 2627 5491 in
2649 5434 3216 5506 Taurinensi,Editio
3240 5451 3374 5491 vero
3404 5430 3709 5503 Commel.,

2062 5527 2159 5562 ΞΥΟ
2171 5527 2263 5562 μεν
2274 5550 2285 5562 .

2094 5527 2510 5651 Ᾰῗίϐῗέοευθιυ.
2537 5578 2744 5634 Jesuit.
2779 5578 2870 5633 Fr.
2906 5579 2956 5647 1,
2995 5578 3245 5651 Colbert.
3277 5575 3537 5651 Taurin.,
3563 5570 3712 5651 χιλά-

2062 5640 2194 5711 νοίς,
2226 5640 2382 5706 ’Μοεῖ
2397 5650 2573 5706 iidem
2604 5651 2856 5721 (Seguer.
2889 5640 3150 5722 excepto)
3188 5647 3299 5722 uno
3328 5653 3430 5722 τῆς
3461 5640 3710 5722 ἀσεϐείας

2061 5728 2161 5794 τῆς
2211 5726 2314 5775 τῶν
2363 5717 2808 5794 ’Δρειομανιτῖῦν.
2869 5717 3271 5794 Εάἱίῗθῐάίὶἰ,
3323 5719 3428 5774 ἀπὸ
3447 5724 3548 5790 τῆς
3582 5717 3714 5772 ἀσε-

2065 5787 2211 5856 ϐεἷας
2243 5797 2348 5848 τῶν
2383 5787 2828 5868 ’Ᾰρειομανινῶν.
