4148 6384
309 427 427 493 597

1338 425 1728 493 APOLOGIA
1771 428 1877 491 AD
1922 427 2483 492 CONSTANTIUM
2527 428 2689 490 IMP.

3599 419 3718 488 598

310 561 675 642 ἀπεφήναντο.
738 561 872 619 Ἀπὸ
935 561 1026 637 μὲν
1088 562 1177 618 οῦν
1235 562 1439 619 τούτων
1501 560 1671 633 οἶδας,
1729 562 1811 617 ὅτι
1867 560 1957 615 καὶ

2075 563 2245 634 vinis,
2272 564 2479 619 deinde
2510 564 2725 619 nostris
2778 561 2984 637 egibus
3011 559 3365 618 decernitur.
3398 558 3543 615 Hinc
3575 574 3716 616 sane

307 656 342 723 ἡ
378 655 447 723 σή
500 648 755 708 εὐλάϐεια
807 656 902 727 (9),
953 650 1268 732 φιλαλήθης
1327 651 1458 707 οὐσα
1508 652 1597 707 καὶ
1655 649 1907 729 φιλόθεος
1942 695 1956 720 ,

306 744 461 814 ἡμᾶς
524 743 618 815 μὲν
680 740 991 818 ἐλευθέρους
1051 743 1154 797 ἀπὸ
1212 744 1390 813 πάσης
1451 742 1681 815 ὑποψίας
1742 744 1959 814 συνορᾷ,

304 832 439 893 τοὺς
497 828 554 886 δὲ
608 833 724 887 καθ’
800 834 960 905 ἡμῶν
1029 833 1352 907 γενομένους
1416 832 1747 910 συκοφάντας
1825 830 1959 885 ἀπο-

307 918 507 999 φαίνει.

376 1012 436 1067 2.
468 1011 600 1086 Περὶ
634 1009 691 1067 δὲ
718 1016 821 1081 τῆς
869 1006 1135 1081 διαϐολῆς
1176 1018 1278 1081 τῆς
1325 1018 1437 1067 κατ’
1479 1010 1612 1084 ἐμοῦ
1660 1010 1962 1085 γενομένης

305 1100 458 1175 παρὰ
483 1104 552 1173 τῇ
604 1104 670 1174 σῇ
720 1098 1101 1178 φιλανθρωπίᾳ
1149 1098 1238 1155 διὰ
1284 1102 1373 1156 τὸν
1425 1096 1798 1156 εὐσεϐέστατον
1853 1097 1961 1154 Αὕ-

307 1208 539 1263 γουστον
573 1189 662 1244 καὶ
692 1188 959 1264 μακαρίας
994 1192 1221 1264 μνήμης
1260 1189 1349 1245 καὶ
1394 1190 1617 1245 αίωνίου
1643 1190 1965 1245 Κώνσταντα

306 1275 400 1332 τόν
435 1276 666 1356 ἀδελφόν
718 1301 813 1334 σου
858 1284 1039 1351 (τοῦτο
1069 1282 1172 1354 γὰρ
1205 1281 1257 1334 οἱ
1306 1280 1492 1356 ἐχθροὶ
1542 1278 1823 1355 θρυλοῦσι,
1872 1278 1962 1333 καὶ

307 1365 517 1444 γράψαι
571 1366 1019 1441 τετολμήκασιν),
1080 1370 1235 1424 ἱκανὰ
1290 1369 1357 1423 τὰ
1408 1374 1601 1443 πρῶτα
1660 1366 1826 1439 δεῖξαι
1872 1368 1961 1423 καὶ

308 1460 479 1510 ταῦτα
512 1458 587 1529 μή
621 1456 824 1527 ἀληθῆ.
852 1457 912 1512 Εἰ
947 1459 1040 1529 μὲν
1066 1460 1169 1532 γὰρ
1202 1455 1371 1512 ἄλλοι
1400 1459 1542 1519 τινὲς
1570 1458 1703 1526 ἦσαν
1757 1458 1809 1510 οἱ
1837 1460 1963 1510 tbi”)-

307 1565 371 1599 το
398 1543 673 1619 λέγοντες,
709 1544 993 1620 δικάσιμον
1044 1548 1111 1617 ἦν
1161 1548 1223 1602 τὸ
1276 1553 1524 1621 πρᾶγμα,
1557 1546 1716 1622 χρεία
1752 1567 1810 1601 τε
1851 1549 1962 1619 (10)

309 1631 531 1703 πολλῆς
565 1633 911 1708 ἀποδείξεως,
944 1637 1034 1691 καὶ
1064 1640 1170 1691 τῶν
1227 1636 1303 1698 εἷς
1351 1636 1641 1710 πρόσωπον
1691 1633 1959 1711 ἐλέγχων·

310 1722 358 1777 εἴ
390 1719 448 1778 δὶ
480 1724 635 1778 οὶ-τὰ
679 1729 872 1799 πρῶτα
917 1723 1219 1787 πλάσαντες
1275 1725 1427 1780 αὐτοὶ
1471 1724 1559 1779 καὶ
1612 1728 1780 1779 ταῦτα
1838 1745 1960 1779 συν-

310 1809 527 1885 έθηκαν,
559 1817 678 1875 πῶς
698 1813 821 1875 οὐκ
873 1813 924 1885 ἐξ
973 1813 1191 1869 ἐκείνων
1242 1814 1464 1876 εἰκότως
1513 1812 1603 1868 καὶ
1650 1818 1817 1867 ταῦτα
1864 1833 1958 1867 πε-

308 1898 598 1969 πλασμένα
624 1898 892 1957 δείκνυται
926 1920 939 1971 ;
975 1904 1073 1957 Διά
1117 1906 1277 1957 τοῦτο
1326 1904 1429 1977 γὰρ
1479 1901 1642 1957 πάλιν
1686 1904 1828 1975 ,κατὰ
1862 1902 1959 1976 μό-
1993 1940 2041 2004 Β

436 1987 454 2004 ς
510 1988 528 2004 ς
579 1994 606 2004 ,.
837 1991 882 2004 ,μ
1088 1991 1102 2004 .
1284 1992 1333 2004 ,μ
1456 1988 1511 2004 κ,
1621 1992 1642 2004 ..
1779 1992 1791 2004 .
1908 1993 1919 2004 .

308 2010 403 2052 νας
436 1987 686 2062 λαλοῦσι,
718 1991 1029 2062 νομίζοντες
1084 1991 1409 2069 ὑφαρπάζειν
1453 1988 1703 2045 δύνασθαι
1732 1992 1831 2059 τὴν
1863 1993 1960 2060 σὴν

309 2073 635 2135 θεοσέϐειαν.
697 2077 853 2134 Ἀλλ’
903 2076 1247 2157 ἐσφάλησαν¹
1287 2080 1347 2134 οὐ
1407 2081 1509 2155 γὰρ
1558 2080 1634 2142 ὡς
1692 2078 1964 2151 ἠθέλησαν

313 2165 575 2241 ἤκουσας,
610 2166 756 2223 ἀλλὰ
778 2175 845 2238 τῆ
885 2168 1231 2243 μακροθυμίᾳ
1263 2166 1502 2230 δέδωκας
1551 2170 1641 2223 καὶ
1687 2171 1821 2242 ἡμῖν
1852 2171 1963 2242 (41)

312 2256 501 2330 χώραν
534 2257 945 2330 ἀπολογεῖσθαι.
995 2258 1065 2311 Τὸ
1115 2258 1217 2332 γὰρ
1271 2259 1345 2330 μὴ
1397 2258 1699 2331 παραυτίκα
1739 2260 1964 2327 κινηθῇ.

312 2365 422 2416 ναι,
452 2343 542 2398 καὶ
570 2344 841 2420 τιμωρίαν
895 2346 1209 2418 ἀπαιτῆσαι,
1256 2344 1408 2401 οὐδὲν
1456 2347 1522 2414 ἧν
1554 2343 1760 2421 ἓτερον,
1884 2349 1964 2410 ὡς

314 2429 519 2487 δίκαιον
576 2430 820 2508 βασιλέα,
850 2438 1159 2510 περιμεῖναι
1204 2437 1293 2490 καὶ
1340 2437 1439 2505 τήν
1493 2441 1591 2490 τοῦ
1642 2431 1962 2507 διαϐληθέν-

309 2541 404 2584 τος
436 2519 755 2597 ἀπολογίαν·
788 2524 854 2594 ᾗς
896 2522 982 2577 ἐὰν
1027 2524 1362 2598 καταξιώσῃς
1408 2526 1651 2595 ἀκοῦσαι,
1698 2523 1961 2600 τεθάρση-

313 2630 400 2681 κα,
435 2610 510 2672 ὡς
541 2610 630 2665 καὶ
663 2609 715 2666 ἐν
746 2610 961 2674 τούτοις
1010 2614 1330 2687 καταγνώσῃ
1376 2618 1480 2669 τῶν
1528 2617 1962 2689 προπετευσαμέ-

310 2719 417 2753 νων
483 2701 642 2773 (12),
699 2701 790 2755 καὶ
879 2702 954 2773 μὴ
1024 2696 1366 2780 φοϐηθέντων
1423 2702 1516 2757 τὸν
1584 2705 1729 2775 Θεὸν,
1799 2703 1960 2759 ἐντει-

312 2788 545 2861 Λάμενον
610 2786 777 2862 μηδὲν
838 2788 1033 2863 ψεῦδος
1088 2791 1191 2845 ἀπὸ
1268 2790 1534 2865 στόματος
1589 2791 1803 2867 βασιλεῖ
1871 2792 1961 2848 λέ-

310 2878 515 2952 γεσθαι.

381 2968 436 3024 3.
470 2966 814 3042 Αἰσχύνομαι
849 2968 943 3040 μὲν
976 2966 1065 3023 οὗν
1099 2967 1323 3040 ἀληθῶς
1369 2969 1458 3025 καὶ
1510 2968 1961 3045 ἀπολογούμενος

310 3054 435 3129 περὶ
482 3054 773 3126 τδιούτων,
829 3056 954 3131 περὶ
1002 3059 1076 3111 ὧν
1127 3056 1257 3115 οὐδὲ
1303 3058 1461 3113 αὐτὸν
1511 3060 1663 3133 οἶμαι
1710 3061 1801 3114 τὸν
1832 3081 1960 3115 κατ-

311 3145 518 3220 ήγορον
554 3142 633 3199 ἔτι
675 3144 956 3220 παρόντων
1008 3149 1168 3218 ἡμῶν
1225 3147 1636 3221 μνημονεύσειν.
1687 3147 1812 3204 Οἵδε
1857 3150 1960 3225 γὰρ

311 3227 579 3308 ἀκριϐῶς,
637 3231 718 3286 ὅτι
774 3254 833 3288 τε
890 3233 1050 3297 αὐτὸς
1088 3233 1361 3308 ψεύδεται,
1420 3238 1509 3291 καὶ
1582 3234 1701 3292 οὔτε
1759 3237 1960 3310 ἐμάνην

2032 694 2037 699 .
2069 653 2332 709 futurum
2363 658 2470 720 est,
2506 659 2568 708 ut
2614 653 2800 725 pietas
2852 657 2975 717 tua,
3005 652 3105 707 Dei
3139 652 3309 723 juxta
3360 666 3426 705 ac
3456 648 3719 705 veritatis

2071 743 2498 811 amantissima,
2534 760 2639 797 nos
2686 743 2845 797 omni
2884 741 3217 813 suspicione
3264 741 3481 796 liberos
3510 740 3715 811 depre-

2070 832 2291 888 hendat
2325 858 2338 889 :
2371 832 2733 888 adversarios
2754 836 2983 888 nostros
3014 830 3404 904 sycophantas
3426 846 3555 885 esse
3586 844 3716 901 pro-

2070 923 2318 979 nuntiet.

2140 1014 2194 1067 2.
2229 1012 2537 1068 Calumnia
2557 1015 2749 1067 autem
2783 1011 2853 1066 ab
2872 1010 3124 1066 inimicis
3143 1010 3289 1066 meis
3311 1011 3383 1065 ad
3405 1012 3570 1065 tuam
3599 1006 3719 1080 pie-

2072 1106 2251 1158 tatem
2273 1100 2485 1172 delata,
2508 1105 2746 1173 pr0pter
2769 1100 3103 1172 piissimum
3124 1100 3459 1170 Augustum
3485 1114 3551 1153 ac
3581 1097 3723 1152 bea-

2072 1197 2144 1247 ta
2167 1196 2514 1262 aeternaque
2546 1189 2838 1245 memoriae
2855 1190 3045 1244 virum
3077 1192 3452 1245 Constantem
3476 1187 3719 1241 fratrem

2072 1285 2265 1348 tuum,
2296 1280 2428 1335 licet
2474 1280 2546 1335 ab
2577 1278 2693 1335 illis
2742 1278 2960 1350 ubique
2987 1277 3337 1351 ’pervulgata
3382 1293 3448 1332 ac
3497 1276 3714 1347 scripto

2072 1370 2284 1425 tradita
2314 1369 2411 1434 sit,
2443 1385 2594 1423 vana
2620 1371 2817 1423 tamen
2850 1367 3170 1438 futilisque,
3192 1365 3282 1423 vel
3312 1367 3573 1437 priorum
3604 1364 3717 1419 eri-

2072 1458 2462 1514 minationum
2494 1457 2748 1513 falsitate
2772 1459 3227 1512 demonstratur.
3253 1455 3535 1527 Equidem
3559 1455 3609 1510 si
3642 1454 3714 1509 ab

2072 1548 2202 1604 aliis
2246 1549 2517 1616 deferrer,
2551 1564 2644 1602 res
2675 1548 2734 1601 in
2776 1548 2879 1617 jus
2922 1546 3114 1601 vocari
3163 1549 3378 1617 posset,
3412 1544 3715 1615 multaque

2072 1637 2413 1710 probatione
2450 1654 2597 1708 opus
2628 1640 2803 1702 esset,
2836 1640 3011 1707 atque
3062 1652 3257 1691 coram
3289 1634 3719 1689 convincendus

2071 1742 2261 1784 essem
2287 1745 2298 1794 ;
2328 1726 2417 1782 sin
2441 1744 2475 1781 a
2495 1726 2757 1799 priorum
2782 1726 3212 1781 calumniarum
3240 1723 3578 1779 auctoribus
3597 1722 3720 1777 hac

2072 1831 2303 1888 quoque
2354 1816 2589 1887 prodiit,
2621 1815 2742 1886 qui,
2778 1831 2995 1885 quaso,
3030 1814 3167 1869 hinc
3198 1812 3394 1885 palam
3442 1828 3555 1867 non
3588 1810 3718 1878 erit,

2072 1904 2181 1960 hoc
2214 1920 2441 1960 merum
2474 1921 2676 1959 eorum
2708 1920 2837 1959 esse
2886 1906 3283 1958 commentum
3304 1902 3332 1957 ?
3360 1903 3722 1973 Quapropter

2074 1994 2223 2049 clam
2258 2010 2351 2049 me
2380 1994 2501 2049 hac
2530 1993 2947 2064 obloquuntur,
2981 1992 3089 2047 rati
3122 2008 3183 2046 se
3213 1995 3377 2046 tuam
3412 2005 3585 2062 posse
3614 1989 3721 2044 de-

2073 2083 2264 2155 cipere
2296 2083 2592 2154 pietatem.
2624 2088 2699 2137 At
2746 2098 2839 2137 res
2869 2098 3039 2137 secus
3090 2080 3205 2135 illis
3244 2080 3419 2136 cessit
3450 2096 3461 2133 :
3499 2093 3721 2149 nequa-

2074 2188 2253 2243 quam
2276 2172 2432 2227 enim
2451 2188 2554 2243 pro
2575 2170 3033 2227 corumlibidine
3051 2186 3252 2225 aurem
3275 2166 3592 2241 praebuisti,
3619 2167 3720 2221 sed

2075 2277 2178 2332 pro
2206 2264 2308 2316 tua
2338 2260 2517 2316 animi
2557 2260 2866 2315 tolerantia
2913 2258 3263 2330 depellenda
3295 2255 3721 2312 criminationis

2073 2349 2302 2421 copiam
2326 2350 2534 2405 fecisti.
2553 2350 2713 2415 Quod
2736 2350 2890 2405 enim
2916 2365 3031 2404 non
3055 2347 3253 2403 statim
3276 2350 3605 2402 commotus
3632 2361 3717 2412 es,

2075 2454 2180 2494 nec
2218 2456 2419 2511 poenas
2468 2439 2781 2511 expetiisti,
2818 2438 2967 2493 nihil
3011 2432 3169 2491 aliud
3221 2435 3366 2490 illud
3418 2439 3509 2490 est
3539 2450 3717 2506 quam

2074 2529 2228 2600 quod
2280 2533 2344 2583 ut
2374 2544 2605 2599 aquum
2654 2528 2818 2583 decet
2881 2527 3313 2599 imperatorem,
3343 2524 3453 2579 viri
3502 2524 3722 2595 injuste

2074 2615 2249 2670 delati
2301 2616 2696 2672 defensionem
2746 2616 3092 2687 exspectasti
3133 2632 3146 2669 :
3190 2630 3368 2686 quam
3418 2612 3468 2669 si
3517 2612 3721 2668 audire

2072 2702 2351 2775 dignatus
2383 2706 2585 2775 fueris,
2611 2706 2839 2761 conﬁdo
2872 2707 2993 2760 fore
3015 2710 3080 2759 ut
3108 2720 3310 2758 eorum
3331 2702 3724 2758 temeritatem

2074 2794 2224 2850 285
2271 2794 2536 2862 damnes,
2571 2796 2671 2866 qui
2704 2795 2887 2849 Deum
2937 2811 3055 2850 non
3086 2797 3378 2860 metuunt,
3409 2790 3726 2863 prohiben-

2071 2886 2211 2951 tem,
2248 2888 2311 2939 ut
2340 2900 2412 2939 ne
2444 2885 2817 2939 mendacium
2851 2885 3006 2956 apud
3048 2898 3242 2955 regem
3276 2897 3374 2937 ore
3406 2882 3724 2953 proferant.

2144 2973 2369 3028 3.Haud
2402 2974 2528 3029 sine
2557 2976 2778 3045 pudore
2808 2990 2907 3028 eas
2952 2972 3239 3044 depellere
3270 2968 3595 3026 calumnias
3627 2984 3729 3040 ag-

2071 3061 2321 3133 gredior,
2351 3079 2498 3133 quas
2531 3080 2603 3119 ne
2651 3063 2846 3134 ipsum
2895 3063 3145 3118 arbitror
3196 3064 3593 3116 accusatorem
3626 3073 3723 3112 co-

2075 3166 2201 3204 ram
2235 3152 2405 3207 nobis
2454 3153 2709 3225 proferre
2738 3152 2892 3207 ultra
2940 3166 3245 3206 ausurum.
3279 3150 3375 3204 Na
3414 3147 3511 3202 ille
3542 3148 3721 3218 probe

2076 3240 2234 3295 novit
2284 3247 2339 3295 et
2388 3258 2449 3297 se
2497 3242 2754 3306 mentiri,
2788 3246 2843 3295 et
2892 3257 2984 3296 me
3034 3257 3147 3295 non
3197 3256 3385 3310 usque
3433 3238 3575 3293 adeo
3628 3236 3724 3291 in-

311 3306 442 3395 ἐγῶ,
497 3318 621 3376 οὔτε
666 3326 774 3376 τῶν
824 3328 1029 3400 φρενῶν
1064 3306 1337 3395 ἐξέστηκα,
1371 3323 1462 3380 τίνα
1492 3326 1586 3380 κᾶν
1621 3327 1696 3388 ὡς
1729 3306 1958 3400 ἐνθυμη-

2080 3347 2291 3386 sanum
2339 3348 2405 3386 ac
2455 3335 2649 3386 mente
2695 3336 2931 3402 captum
2980 3329 3181 3398 fuisse,
3211 3332 3276 3383 ut
3325 3325 3467 3381 talia
3510 3325 3598 3380 vel
3631 3341 3727 3380 co-

311 3408 421 3471 θείς
452 3430 505 3464 τι
533 3415 780 3466 τοιοῦτον
830 3413 1138 3481 ὑπονοηθῶ.
1192 3415 1284 3469 Διὸ
1334 3412 1443 3470 οὐδ’
1490 3414 1548 3470 ἂν
1591 3412 1787 3477 ἄλλοις
1830 3415 1967 3489 ἐρω-

306 3500 470 3552 τῶσιν
496 3496 893 3573 ἀπεκρινάμην,
936 3500 1025 3555 ’ίνα
1078 3500 1218 3574 μηδὲ
1265 3503 1315 3557 ἐν
1364 3508 1444 3575 τῷ
1474 3503 1658 3579 χρόνῳ
1686 3511 1789 3573 τῆς
1826 3505 1968 3559 ἀπο-

310 3582 502 3661 λογίας
533 3587 586 3642 οἱ
618 3588 901 3651 ἀκούοντες
947 3591 1308 3667 κρεμωμένην
1359 3594 1471 3665 (13)
1504 3590 1671 3668 ἔχωσι
1701 3594 1799 3662 τὴν
1847 3591 1963 3648 διά-

304 3694 469 3729 νοιαψ
528 3679 595 3749 τῇ
652 3674 709 3730 δὲ
762 3682 828 3751 σῇ
881 3673 1139 3751 εὐλαϐείᾳ
1200 3676 1414 3755 μεγάλῃ
1463 3681 1554 3734 καὶ
1614 3679 1843 3757 λαμπρᾷ
1894 3686 1962 3755 τῇ

307 3766 463 3841 φωνῇ
495 3762 902 3840 ἀπολογοῦμαι,
957 3769 1046 3822 καὶ
1094 3770 1194 3837 τήν
1226 3774 1386 3846 χεῖρα
1432 3768 1689 3841 ἐκτείνας,
1724 3772 1753 3825 '6
1788 3772 1962 3844 μεμά-

308 3854 450 3922 θηκα
503 3855 650 3929 παρὰ
722 3859 819 3910 τοῦ
889 3854 1230 3911 Ἀποστόλου
1263 3905 1279 3931 ,
1344 3859 1588 3935 μάρτυρα
1664 3859 1753 3913 τὸν
1833 3861 1959 3915 Θεὸν

310 3936 678 4015 ἐπικαλοῦμαι
732 3941 819 3997 ἐπὶ
874 3945 973 4013 τὴν
1045 3944 1281 4019 ἐμαυτοῦ
1339 3945 1641 4021 ψυχήνσκαί
1674 3992 1690 4019 ,
1739 3949 1814 4010 ὡς
1871 3944 1959 4023 γέσ

305 4048 541 4104 γραπται
600 4029 653 4086 ἐν
712 4038 831 4095 ταῖς
892 4031 1207 4097 Βασιλικαῖς
1257 4035 1543 4111 ἱστορίαις·
1602 4038 1805 4111 μάρτυς
1852 4036 1956 4093 Κύ-

305 4137 422 4190 ριος
458 4162 472 4189 ,
529 4119 619 4174 καὶ
693 4123 897 4199 μάρτυς
952 4123 979 4177 6
1036 4121 1266 4200 Χριστὸς
1340 4123 1503 4179 αὐτοῦ
1583 4126 1773 4199 (κάμοὶ
1831 4147 1960 4202 συγ-

303 4207 564 4282 χώρησον
595 4209 807 4283 εἷπεῖν),
843 4210 971 4266 οὐδέ
999 4213 1223 4268 πώποτε
1265 4214 1388 4289 περὶ
1418 4220 1517 4283 τῆς
1563 4222 1661 4283 σῆς
1690 4210 1959 4278 εὐσεϐείας

303 4299 488 4359 κακῶς
543 4295 917 4371 ἐμνημόνευσα
972 4302 1118 4374 παρά
1177 4306 1257 4373 τῷ
1314 4290 1535 4379 ἀδελφῷ
1582 4325 1679 4358 σου
1735 4308 1815 4376 τῷ
1858 4312 1959 4374 τῆς

310 4383 575 4458 μακαρίας
641 4389 869 4459 μνήμης
927 4389 1253 4461 Κώνσταντι,
1311 4396 1391 4462 τῷ
1440 4394 1552 4465 (14)
1598 4388 1962 4466 εὐσεϐεστάτῳ

304 4472 627 4546 Αὐγούστῳ.
663 4474 725 4530 οὐ
774 4476 1066 4549 παρώξυνα
1119 4482 1332 4547 τοῦτον,
1366 4480 1440 4540 ὡς
1485 4480 1635 4535 οὗτοι
1666 4478 1963 4551 διαϐεϐλή-

302 4580 478 4616 κασιν·
532 4560 660 4618 ἀλλ’
705 4561 758 4618 εἷ’
781 4585 915 4619 ποτε
960 4564 1051 4619 καὶ
1105 4564 1452 4622 εἰσελθόντων
1498 4571 1659 4641 ἡμῶν
1698 4570 1832 4642 πρὸς
1864 4570 1957 4625 αὐ-

2078 3419 2294 3491 gitasse
2327 3419 2385 3473 in
2420 3419 2813 3490 suspicionem
2838 3417 3031 3473 venire
3062 3416 3303 3487 possim.
3339 3414 3731 3480 Quamobrem

2077 3507 2695 3577 aliisasciscitantibus
2744 3522 3120 3578 nequaquam
3165 3504 3623 3576 respondissem,
3666 3505 3733 3557 ut

2077 3613 2149 3652 ne
2204 3597 2292 3652 vel
2342 3598 2469 3669 ipso
2527 3596 2883 3652 defensionis
2934 3611 3071 3649 mea
3119 3600 3380 3665 tempore
3428 3592 3723 3647 auditores

2075 3686 2256 3742 animi
2286 3688 2624 3759 penderent.
2648 3686 2861 3741 Verum
2885 3685 3039 3755 apud
3064 3689 3222 3738 tuam
3255 3682 3531 3754 pietatem
3562 3678 3721 3735 clara

2073 3781 2130 3831 et
2160 3792 2374 3849 magna
2404 3792 2541 3831 voce
2572 3791 2762 3830 meam
2795 3789 3099 3845 propugno
3132 3786 3373 3827 causam
3408 3786 3421 3824 :
3457 3776 3724 3825 extensa-

2075 3882 2188 3936 que
2210 3882 2410 3931 manu,
2436 3869 2501 3920 ut
2529 3865 2602 3918 ab
2622 3862 2899 3935 Apostolo
2921 3862 3119 3932 didici,
3138 3862 3306 3916 Deum
3321 3867 3508 3915 testem
3528 3858 3724 3913 advoco

2073 3957 2135 4009 in
2184 3958 2439 4011 animam
2485 3970 2665 4010 meam
2693 3956 2734 3987 θί
2794 3957 2915 4019 :et,
2970 3956 3034 4007 ut
3081 3955 3140 4005 in
3182 3949 3446 4005 historiis
3497 3948 3723 4020 Regum

2073 4044 2362 4115 scriptum
2410 4044 2659 4099 habetur
2688 4044 2733 4077 (⁵³
2759 4061 2770 4098 :
2798 4044 2946 4097 testis
2976 4050 3055 4097 est
3098 4041 3382 4109 Dominus,
3407 4039 3552 4094 testis
3573 4044 3648 4092 est
3676 4044 3728 4092 et

2071 4134 2319 4190 Christus
2348 4136 2463 4205 ejus
2513 4134 2693 4204 (quod
2728 4136 2784 4187 et
2831 4131 2997 4199 mihi,
3032 4146 3246 4202 quaso,
3280 4129 3471 4184 dicere
3521 4143 3723 4183 conce-

2072 4222 2199 4292 das)
2231 4238 2324 4276 me
2355 4237 2662 4293 nunquam
2690 4222 2759 4276 de
2791 4225 2892 4275 tua
2917 4221 3129 4292 pietate
3159 4219 3217 4273 in
3250 4216 3465 4273 malam
3496 4219 3722 4288 partem

2070 4312 2246 4366 verba
2277 4311 2480 4367 fecisse
2524 4311 2678 4382 apud
2728 4311 2966 4365 fratrem
2997 4313 3167 4363 tuum
3217 4308 3395 4363 beata
3426 4304 3719 4361 memoria

2071 4403 2463 4464 Constantem,
2488 4399 2826 4471 piissimum
2858 4401 3428 4469 Augustumzneque
3458 4392 3723 4460 illum,ut

2072 4489 2508 4545 calumniantur
2536 4488 2653 4552 isti,
2679 4488 2739 4542 in
2770 4492 2825 4542 te
2856 4486 3199 4542 concitasse.
3230 4489 3374 4551 Imo,
3407 4482 3457 4537 si
3488 4481 3723 4553 quando

2074 4578 2243 4634 nobis
2266 4578 2462 4650 ipsum
2481 4576 2859 4642 adeuntibus,
2879 4576 2949 4630 de
2969 4580 3073 4630 tua
3091 4572 3459 4628 humanitate
3481 4569 3728 4625 mentio-

302 4648 394 4739 τὸν
428 4648 830 4739 ἐμνημόνευσεν
863 4652 1024 4716 αὐτὸς
1055 4660 1153 4725 τῆς
1188 4662 1287 4724 σῆς
1320 4654 1748 4734 φιλανθρωπίας,
1800 4658 1958 4732 ἐμνη-

2075 4684 2206 4723 nem
2240 4648 2365 4739 ipse
2393 4667 2647 4731 faceret;
2679 4670 2819 4720 tunc
2842 4668 3037 4721 autem
3068 4662 3204 4718 fecit
3231 4678 3366 4717 cum
3399 4657 3725 4716 Thalassus

305 4737 527 4811 μόνευσε
557 4738 615 4795 δὲ
652 4743 743 4797 καὶ
787 4741 877 4798 ὅτε
928 4743 982 4798 οἱ
1027 4744 1151 4817 περὶ
1202 4742 1478 4801 Θάλασσον
1510 4749 1623 4821 (15)
1652 4746 1823 4817 ἧλσον
1876 4749 1951 4812 εἷς

299 4828 399 4897 τήν
428 4825 761 4901 Πιτυϐίωνα,
804 4832 894 4886 καὶ
947 4835 1113 4906 ἡμεῖς
1163 4832 1214 4889 ἐν
1263 4839 1332 4908 τῇ
1367 4834 1636 4907 ’Δκυληίᾳ
1683 4834 1951 4913 διετρίϐο-

305 4934 421 4990 μεν⁶
487 4919 691 4995 μάρτυς
743 4922 771 4976 6
820 4920 1042 4996 Κύριος,
1090 4920 1242 4986 ὅπως
1292 4923 1663 4998 ἐμνημόνευον
1711 4926 1820 5003 ἐγὼ
1848 4934 1948 4996 τῆς

298 5012 398 5076 σῆς
431 5003 753 5082 θεοσεϐείας,
798 5009 889 5065 καὶ
930 5014 1098 5065 ταῦτα
1138 5008 1353 5089 ἔλεγον,
1404 5014 1538 5088 ἅπερ
1586 5017 1700 5090 (16)
1750 5017 1777 5071 6
1820 5018 1947 5079 Θεὸς

366 5115 410 5153 ⁸1
443 5116 496 5172 ΙΙ
528 5118 654 5174 Cor.
688 5135 729 5185 Ι,
758 5119 849 5175 23.
924 5120 969 5155 ⁶²
1000 5120 1021 5175 Ι
1054 5120 1192 5193 Reg.
1226 5138 1326 5196 xu,
1358 5123 1412 5177 5.

385 5222 454 5349 9))
474 5223 636 5305 1165.,
670 5219 929 5278 εὐσέϐεια.

387 5295 413 5349 1
460 5294 597 5349 iSlc
648 5297 784 5349 Rea.
834 5298 929 5349 Bai

387 5294 475 5377 1.0)
502 5294 784 5377 SichReg.
834 5296 1009 5377 Basil.
1056 5302 1114 5377 et
1143 5299 1281 5355 edit.
1313 5301 1561 5377 _Comm.
1612 5302 1758 5358 Edit.
1808 5320 1942 5361 vero

290 5364 477 5442 Paris.
506 5370 565 5442 et
593 5364 817 5442 Colon,
850 5367 1011 5442 χρεία
1039 5368 1123 5442 τό,
1158 5373 1458 5429 mendose.

362 5438 602 5516 (11)_§ic
647 5440 791 5516 Reg.
823 5438 904 5496 et"
928 5438 1104 5516 Basil.
1138 5442 1293 5499 Editi
1343 5449 1563 5514 autem,
1598 5443 1748 5516 ὑμῖν,
1781 5463 1940 5504 men-

293 5505 812 5587 assuesce.
843 5512 1108 5587 παραυτά-

364 5578 475 5651 (12)
534 5578 1216 5659 Εὰἰῐὶ,”περευσαμένων.
1271 5586 1445 5641 Basil.
1502 5590 1934 5659 πετευσαμένων.

292 5647 467 5720 Reg,
502 5670 543 5704 π
580 5647 1045 5727 οπετευσαμένων,
1094 5664 1266 5714 recte.
1320 5659 1470 5727 Mox,
1517 5658 1622 5712 ἀπὸ
1668 5647 1937 5733 πόματος

288 5716 509 5850 Βασιλεῖ
546 5670 824 5799 ςέγεσθαι.
877 5727 1205 5785 Pleonasmi
1263 5730 1552 5850 eiusmodi
1606 5734 1937 5805 exemplum

333 5793 471 5850 abes
520 5799 675 5850 apud
722 5799 1162 5850 Xenonhontem
1214 5803 1257 5850 Ῑ.
1322 5802 1368 5850 Π
1399 5805 1937 5850 Ἀποιω-Αιιηνευιιά.

332 5738 508 5799 ασιΛει
556 5738 653 5799 Λεγ

333 5746 508 5777 uomat
556 5746 824 5799 Λεγεσῠαι.
877 5746 1205 5785 rieonasml
1263 5746 1552 5787 6118111001
1606 5746 1937 5805 exemplum

333 5793 471 5855 abes
520 5799 675 5873 apud
721 5799 1164 5874 Xenophontem
1213 5746 1368 5860 L111
1399 5805 1939 5880 Ἀπομνημονευμά-

2068 4756 2429 4828 Pitybionem
2480 4772 2542 4811 se
2590 4754 2882 4811 contulit:
2929 4769 3044 4825 quo
3094 4757 3357 4822 tempore
3407 4766 3513 4804 nos
3544 4748 3722 4820 Aqui-

2062 4844 2188 4901 leia
2218 4845 2619 4901 versabamur.
2654 4843 2846 4899 Testis
2877 4847 2967 4897 est
2998 4841 3141 4896 mihi
3175 4839 3481 4905 Dominus,
3512 4853 3716 4892 eorum

2061 4951 2189 5006 qua
2220 4938 2360 4989 tunc
2390 4935 2461 4989 de
2491 4938 2592 4989 tua
2614 4932 2979 4988 humanitate
3004 4929 3221 5003 protuli
3251 4946 3264 4984 :
3291 4944 3356 4983 ac
3388 4927 3614 4983 utinam
3648 4941 3717 4982 ea

2057 5022 2211 5079 Deus
2242 5022 2450 5079 anima
2494 5028 2604 5077 tua
2638 5021 2889 5078 revelare
2918 5019 3074 5086 velit,
3107 5022 3171 5074 ut
3218 5018 3355 5073 hinc
3406 5015 3705 5089 explorata

2051 5257 2158 5290 των
2275 5238 2383 5323 ’ἶ73
2418 5253 2430 5290 :
2465 5233 2635 5288 Οὐκᾶν
2684 5231 2872 5308 ἔχοιμί
2922 5253 3004 5286 σοι
3039 5226 3208 5293 ὅντως
3242 5250 3304 5304 γε
3354 5229 3457 5283 ἀπὸ
3496 5226 3700 5299 στόμα-

2050 5328 2377 5452 τοῗιῗῗεὲἷὲ
2426 5379 2565 5452 Ριεᾶ
2598 5380 2655 5452 et
2696 5376 2872 5432 Basil.
2924 5377 3076 5433 Editi
3117 5392 3269 5443 vero,
3322 5371 3695 5447 κρεμαμένην.

2051 5444 2179 5509 Mox
2213 5444 2379 5524 Heg.,
2414 5444 2670 5524 εὐσεϐεία.

2120 5526 2232 5596 (14)
2262 5514 2545 5578 Ti‘b'deest
2574 5522 2632 5577 in
2666 5520 2859 5589 editis,
2898 5521 2997 5576 sed
3048 5520 3106 5573 iu
3143 5519 3281 5589 Reg.
3317 5520 3374 5572 et
3401 5514 3578 5571 Basil.
3612 5515 3693 5571 le-

2045 5596 2223 5668 gitur.

2118 5669 2230 5739 (15)
2282 5666 2432 5739 Edit.
2483 5664 2783 5735 Commel.,
2836 5660 3126 5729 θάλασσαν,
3181 5661 3479 5716 mendose.
3534 5658 3691 5714 Idem

658 5727 824 5810 εσθαι.
877 5727 1237 5810 Pleon_asmi_
1263 5730 1552 5810 ejusmodi
1606 5727 1937 5810 exemplum

2075 5727 2578 5810 06X,;HLTU01LD(J.¢.
2609 5783 2626 5793 η

2120 5775 3049 5883 (fers‘igtzgftr33.5.1.Ed...
3097 5822 3251 5875 vero,
3304 5798 3484 5879 εὕπερ,
3528 5816 3693 5860 men-
