4148 6390
415 455 536 517 599

950 459 1016 520 S.
1061 457 1484 522 ATHANASlI
1529 458 1702 524 OPP.
1750 460 1953 524 PARS
1997 460 2044 522 1.
2084 493 2158 505 -
2189 459 2612 524 HISTORICA
2655 458 2756 522 ET
2802 453 3288 523 DOGMATICA.

3704 459 3828 523 600

414 588 522 646 tibi
553 590 629 668 sit
659 607 923 647 meorum
953 591 1407 648 obtrectatorum
1455 594 1768 651 calumnia.
1803 599 2064 667 Ignosce,

2184 591 2509 666 ἀποκαλύψῃ
2566 598 2634 660 τῆ
2669 596 2736 666 σῇ
2950 635 2969 664 ,
3014 589 3106 645 ’ἱνα
3133 592 3412 665 καταγνῷς
3440 596 3542 660 τῆς
3574 610 3836 670 συκοφαν-

419 695 635 752 quaeso,
672 681 816 736 mihi
845 681 987 736 talia
1033 682 1270 754 dicenti,
1303 683 1732 740 humanissime
1787 690 2062 758 Auguste,

418 769 853 842 plurimamque
879 771 1267 826 mihiveniam
1300 774 1619 829 concedito.
1644 775 1768 829 Non
1800 774 1956 830 enim
1986 774 2068 829 ita

417 858 606 915 facilis
658 863 781 916 erat
827 860 915 914 vir
961 859 1056 915 ille
1107 860 1319 916 Christi
1370 863 1838 934 amantissimus,
1880 880 2067 934 neque

417 947 564 1002 tanti
598 963 756 1002 eram
816 964 944 1021 ego,
979 954 1044 1004 ut
1075 951 1145 1005 de
1177 951 1349 1006 rebus
1398 952 1738 1023 hujusmodi
1775 951 2067 1024 colloquia

414 1033 661 1090 invicem
694 1035 1076 1092 misceremus
1110 1054 1122 1091 :
1154 1043 1334 1109 utque
1367 1041 1604 1095 fratrem
1639 1042 1791 1112 apud
1828 1042 2062 1096 fratrem

415 1138 589 1178 suum
613 1123 958 1180 calumniari
983 1127 1258 1182 auderem
1285 1145 1296 1182 :
1324 1129 1590 1201 nihilque
1611 1147 1836 1185 vererer
1865 1131 1935 1185 de
1955 1129 2065 1184 im-

413 1215 676 1284 peratore
707 1214 861 1285 apud
915 1215 1326 1287 imperatorem
1360 1218 1414 1272 in
1467 1218 1682 1274 malam
1731 1223 1954 1290 partem
1987 1218 2066 1274 lo-

413 1302 535 1372 qui.
559 1301 944 1375 Nequaquam
967 1305 1221 1374 insanio,
1246 1306 1582 1380 imperator,
1602 1325 1708 1363 nec
1742 1308 1822 1362 fui
1856 1308 2062 1362 divinas

410 1390 570 1446 vocis
600 1391 842 1464 ignarus
872 1392 1118 1449 dicentis
1151 1412 1162 1448 :
1198 1396 1261 1448 Et
1290 1397 1350 1450 in
1383 1398 1714 1451 conscientia
1762 1405 1857 1452 tua
1885 1411 2066 1466 regem

411 1495 484 1535 ne
512 1483 830 1550 exsecreris,
863 1487 914 1538 et
961 1485 1022 1538 in
1053 1485 1351 1540 recessibus
1397 1487 1638 1541 cubiculi
1666 1489 1752 1541 tui
1798 1502 1866 1541 ne
1892 1486 2064 1540 male-

412 1568 620 1626 dixeris
649 1570 847 1633 diviti;
878 1573 1010 1643 quia
1048 1574 1284 1629 volucris
1327 1575 1450 1630 caeli
1480 1591 1658 1630 vocem
1699 1584 1850 1631 tuam
1877 1579 2063 1646 porta-

413 1659 510 1724 bit,
544 1667 597 1714 et
631 1659 746 1715 ales
791 1663 1153 1716 annuntiabit
1196 1679 1504 1720 sermonem
1535 1669 1691 1720 tuum
1720 1665 1784 1720 ⁸³.
1818 1665 1981 1730 Quod
2013 1663 2064 1718 si

412 1762 486 1803 ne
515 1747 618 1803 illa
640 1748 877 1820 quidem
910 1766 1037 1821 qua
1055 1752 1365 1808 adversum
1386 1770 1485 1808 vos
1505 1753 1886 1825 imperatores
1910 1752 2063 1808 clam

413 1837 808 1909 proferuntur,
842 1839 1014 1896 celari
1063 1846 1306 1912 queunt,
1341 1859 1534 1898 annon
1588 1835 1928 1899 incredibile
1953 1842 2065 1898 erit

413 1930 698 2000 praesente
745 1929 1114 2000 imperatore,
1161 1935 1442 2002 tantoque
1491 1936 1717 1988 astante
1765 1936 1936 1998 ccetu,
1971 1948 2064 1987 me

414 2017 724 2073 adversum
751 2021 807 2073 te
831 2019 1005 2074 verba
1031 2019 1234 2076 fecisse
1253 2021 1280 2075 ?
1311 2022 1623 2093 Nunquam
1643 2021 1798 2078 enim
1823 2021 2060 2077 fratrem

414 2110 586 2162 tuum
616 2105 806 2162 solum
837 2109 976 2176 vidi,
997 2125 1101 2164 nec
1135 2126 1226 2165 me
1247 2109 1343 2165 ille
1376 2127 1640 2183 unquam
1665 2110 1854 2166 solum
1877 2114 1966 2166 est
1989 2109 2066 2166 al-

413 2194 682 2264 locutus;
717 2198 815 2252 sed
849 2214 1083 2270 semper
1113 2200 1325 2255 comite
1355 2202 1628 2273 episcopo
1660 2200 1824 2256 urbis
1855 2199 1912 2254 in
1947 2216 2063 2271 qua

411 2286 551 2339 tunc
572 2285 875 2358 degebam,
891 2286 1135 2360 aliisque
1159 2288 1256 2359 qui
1278 2293 1403 2344 tum
1428 2290 1571 2345 forte
1585 2291 1846 2354 aderant,
1866 2289 2061 2361 ipsum

413 2372 528 2429 adii
567 2391 579 2429 :
612 2373 684 2430 iis
720 2374 961 2446 inquam
994 2377 1307 2434 comitibus
1356 2378 1594 2447 accessi,
1630 2380 1702 2434 iis
1749 2379 2062 2434 comitibus

411 2462 645 2520 recessi.
679 2465 937 2536 Hujusce
972 2467 1052 2523 rei
1082 2467 1249 2524 testis
1281 2472 1370 2523 est
1399 2468 1851 2524 Fortunatianus
1881 2467 2062 2538 Aqui-

409 2549 534 2606 leiae
564 2551 1027 2624 episcopus:hoc
1057 2556 1250 2628 ipsum
1274 2561 1465 2629 potest
1493 2557 1681 2613 Patris
1711 2557 1875 2612 Hosii
1897 2555 2060 2612 testi-

413 2641 610 2697 monio
666 2643 1020 2699 conﬁrmari.
1053 2645 1243 2702 Testis
1292 2647 1430 2702 item
1477 2647 1781 2719 Crispinus
1822 2644 2061 2713 Patavii,

411 2729 667 2785 Lucillus
687 2731 948 2800 Verona,
972 2734 1282 2807 Dionysius
1314 2736 1529 2803 Leidis,
1557 2739 1614 2790 et
1643 2734 1976 2791 Vincentius
2001 2733 2060 2787 in

414 2820 732 2891 Campania
761 2822 1090 2895 episcopus.
1121 2826 1190 2880 Et
1237 2825 1377 2898 quia
1424 2825 1683 2880 defuncti
1714 2828 1853 2879 sunt
1880 2823 2062 2879 Maxi-

415 2908 616 2965 minus
637 2911 1016 2980 Trevirensis,
1044 2917 1100 2969 et
1119 2915 1420 2970 Protasius
1447 2913 1899 2970 Mediolanensis
1929 2938 1942 2979 ;
1970 2929 2064 2984 po-

404 2989 527 3053 test
542 2997 799 3071 idipsum
822 3001 1120 3058 testiﬁcari
1142 3004 1437 3075 Eugenius
1458 3008 1598 3058 tunc
1621 3003 1936 3074 magister:
1961 3001 2063 3073 qui

415 3089 693 3159 quoniam
745 3093 878 3146 ante
922 3092 1116 3147 velum
1166 3097 1291 3148 tum
1343 3092 1624 3164 temporis
1674 3092 1886 3157 stabat,
1928 3107 2063 3146 cum

303 3224 312 3232 .
413 3177 709 3249 postulata
738 3184 962 3248 nostra,
993 3184 1122 3237 tum
1167 3198 1295 3254 quae
1326 3181 1496 3240 nobis
1544 3181 1642 3236 ille
1671 3181 1946 3253 dignatus
1977 3183 2067 3235 est

413 3265 553 3322 dare
600 3283 901 3338 responsa,
951 3270 1151 3326 audire
1198 3271 1406 3342 potuit.
1461 3272 1589 3326 Haec
1637 3269 1873 3325 tametsi
1919 3269 2064 3324 satis

2174 681 2293 744 τίας
2323 686 2428 736 τῶν
2467 703 2533 755 με
2581 676 2946 736 διαϐαλόντων
2996 681 3142 755 παρᾶ
3187 678 3291 733 σοί.
3337 679 3715 756 Συγχώρησον
3751 681 3828 737 εί·-

2173 770 2330 826 πόντι
2396 792 2489 844 μοι
2547 775 2756 844 ταῦτα,
2817 767 3296 848 φιλανθρωπότατε
3373 765 3676 843 Αὕγουστε,
3735 771 3828 826 καὶ

2175 858 2392 930 πολλήν
2433 881 2524 933 μοι
2557 860 2884 936 συγγνώμην
2917 857 3027 921 δός.
3053 858 3125 912 Ού
3152 859 3255 934 γὰρ
3289 857 3464 921 οὕτως
3492 861 3557 927 ἦν
3593 859 3829 936 εὐχερὴς

2176 951 2203 1004 6
2235 947 2592 1028 φιλόχριστος
2649 949 2872 1021 ἐκεῖνος,
2934 945 3059 1004 οὐδὲ
3111 946 3443 1016 τηλικοῦτος
3490 945 3644 1020 ἤμην
3695 948 3826 1025 ἐγὼ,

2170 1035 2262 1092 ἵνα
2292 1040 2414 1114 περὶ
2442 1038 2706 1093 τοιούτων
2741 1035 3255 1111 ἐκοινολογούμεθα,
3280 1035 3370 1091 καὶ
3401 1033 3633 1116 ἀδελφὸν
3667 1036 3830 1093 ἀδελ-

2175 1132 2260 1205 φῷ
2311 1122 2602 1182 διέϐαλλον
2651 1129 2786 1200 (17),
2835 1127 2870 1196 ἢ
2922 1127 3066 1200 παρᾷ
3120 1123 3335 1202 βασιλεῖ
3378 1124 3504 1200 περὶ
3559 1126 3830 1200 βασιλέως

2173 1220 2355 1278 κακῶς
2391 1215 2774 1290 μνημονεύσω.
2825 1215 2897 1270 Ού
2948 1215 3234 1288 μαίνομαι,
3289 1211 3532 1288 βασιλεῖ’),
3574 1213 3696 1270 οὐδὲ
3726 1215 3821 1271 ἐπ-

2175 1303 2450 1378 ελαθόμην
2482 1313 2584 1376 τῆς
2617 1306 2761 1368 θείας
2813 1312 3000 1382 φωνῆς
3046 1302 3336 1380 λεγούσης·
3371 1303 3468 1358 Καὶ
3516 1325 3578 1380 γε
3614 1304 3665 1360 ἐν
3699 1326 3821 1359 συν-

2176 1393 2379 1464 ειδήσει
2445 1417 2541 1450 σου
2633 1394 2864 1470 βασιλέα
2932 1395 3006 1467 μή
3074 1394 3384 1468 καταράσῃ,
3453 1394 3543 1448 καὶ
3610 1394 3660 1448 ἐν
3725 1415 3820 1449 τα-

2179 1483 2352 1556 μείοις
2441 1483 2706 1545 κοιτῶνός
2799 1504 2894 1538 σου
2994 1484 3068 1556 μὴ
3151 1483 3426 1559 καταράσῃ
3503 1481 3766 1538 πλούσιον
3807 1500 3822 1516 ο

2172 1571 2255 1627 ὅτι
2313 1572 2553 1628 πετεινὸν
2608 1576 2705 1626 τοῦ
2781 1571 3010 1646 ούρανοῦ
3083 1570 3295 1625 ἀποίσει
3372 1591 3467 1624 σου
3536 1572 3638 1641 τὴν
3709 1593 3822 1650 φω-

2171 1663 2267 1730 νῆν
2305 1704 2320 1730 ,
2372 1662 2462 1716 καὶ
2523 1663 2551 1715 6
2611 1663 2721 1734 (18)
2777 1663 2874 1722 τὰς
2940 1661 3211 1735 πτέρυγας
3288 1657 3592 1735 ἀπαγγελεῖ
3657 1658 3824 1736 λόγον

2173 1771 2288 1808 σου.
2345 1751 2407 1805 Εἰ
2470 1748 2528 1805 δὲ
2582 1751 2650 1805 τὰ
2705 1748 2948 1804 κατιδίαν
3010 1748 3284 1824 λεγόμενα
3338 1749 3456 1804 καθ’
3505 1750 3657 1822 ὑμῶν
3715 1755 3824 1806 τῶν

2177 1837 2441 1914 βασιλέων
2475 1839 2537 1894 ού
2592 1837 2903 1914 κρύπτεται,
2957 1842 3076 1900 πῶς
3117 1837 3216 1893 οὔκ
3266 1834 3488 1894 ἄπισπν
3538 1839 3583 1892 εἰ
3626 1839 3826 1915 παρόν-

2171 1948 2264 1991 τος
2317 1926 2611 2004 βασιλὲως,
2669 1928 2758 1981 καὶ
2805 1927 3078 1982 τοσούτων
3130 1927 3401 1997 ἑστώτων,
3452 1922 3645 2002 ἔλεγον
3693 1929 3832 1984 κατὰ

2177 2022 2270 2072 σοῦ
2298 2038 2310 2088 ;
2342 2017 2414 2072 Οὐ
2463 2018 2566 2092 γὰρ
2621 2015 2784 2090 μόνος
2835 2016 3050 2089 ἓώρακά
3094 2033 3228 2071 ποτε
3268 2017 3359 2071 τὸν
3410 2009 3642 2093 ἀδελφόν
3694 2037 3826 2089 σου,

2173 2105 2298 2162 οὐδὲ
2333 2106 2483 2180 μόνῳ
2518 2105 2610 2179 μοί
2641 2125 2775 2160 ποτε
2805 2103 3008 2166 ἐκεῖνος
3059 2102 3362 2177 ὡμίλησεν·
3405 2103 3532 2161 ἀλλ’
3579 2104 3662 2160 ἀεὶ
3698 2105 3832 2178 μετὰ

2171 2201 2267 2251 τοῦ
2299 2195 2596 2250 ἐπισκόπου
2645 2201 2746 2264 τῆς
2794 2191 3012 2256 πόλεως
3063 2190 3187 2249 ἔνθα
3232 2194 3323 2264 ἧν,
3366 2193 3457 2248 καὶ
3501 2191 3687 2249 ἄλλων
3717 2199 3827 2250 τῶν

2173 2283 2283 2340 ἐκεῖ
2337 2283 2874 2360 παρατυγχανόντων
2923 2281 3286 2358 εἷ’σηρχόμην·
3347 2286 3505 2356 κοινῇ
3557 2302 3617 2336 τε
3667 2282 3826 2337 αὐτὸν

2173 2371 2498 2448 ἐϐλέπομεν,
2557 2373 2646 2428 καὶ
2708 2377 2867 2446 κοινῇ
2916 2370 3078 2426 πάλιν
3131 2372 3549 2449 ἀνεχωροῦμεν·
3609 2369 3826 2427 δύναται

2173 2463 2670 2538 Φουρτουνατιανὸς
2723 2464 2751 2516 6
2797 2469 2898 2530 τῆς
2940 2458 3239 2532 ’Δκυληΐας
3290 2459 3581 2523 ἐπίσκοπος
3622 2480 3825 2535 μαρτυ-

2173 2560 2336 2628 ρῆσαι
2364 2553 2486 2626 περὶ
2515 2552 2732 2624 τούτου,
2788 2550 2968 2614 ἱκανός
3015 2549 3154 2605 ἐστιν
3201 2552 3230 2605 6
3275 2549 3462 2625 Πατήρ
3511 2552 3700 2611 ’Ὀσιος
3751 2549 3826 2604 εί-

2171 2648 2313 2711 πεῖν,
2362 2641 2453 2696 καὶ
2502 2645 2795 2716 Κρισπῖνος
2826 2641 2988 2708 ὁτῆς
3038 2633 3322 2708 Ηατάϐων,
3379 2637 3470 2692 καὶ
3510 2636 3826 2701 Λούκιλλος

2173 2733 2202 2786 6
2233 2730 2285 2786 ἐν
2332 2731 2560 2804 Βερωνὶ,
2610 2728 2700 2784 καί
2750 2727 3027 2788 Διονύσιος
3079 2728 3107 2781 6
3159 2725 3211 2781 ἐν
3262 2723 3448 2798 Αηΐδι,
3498 2725 3589 2780 καὶ
3638 2727 3830 2781 Βικὲν-

2169 2841 2288 2882 τιος
2337 2822 2448 2893 (19)
2482 2820 2510 2872 6
2544 2817 2596 2872 ἐν
2645 2818 2936 2890 Καμπανίᾳ
2985 2814 3299 2877 ἐπίσκοπος.
3358 2814 3456 2870 Καὶ
3501 2811 3688 2883 ἐπειδὴ
3739 2835 3827 2870 τε-

2171 2908 2527 2978 τελευτήκασι
2575 2907 2878 2980 Μαξιμῖνος
2925 2907 2954 2959 6
3009 2901 3334 2980 Τριϐἐρεως,
3384 2905 3474 2958 καὶ
3524 2904 3830 2978 Προτάσιος

2174 2999 2202 3052 6
2231 3004 2333 3067 τῆς
2382 2993 2740 3068 Μεδιολάνου,
2787 2992 3006 3050 δύναται
3051 2993 3141 3048 καὶ
3190 2991 3446 3067 Εὐγὲνιος
3476 2993 3504 3046 6
3535 2990 3828 3066 γενόμενος

2179 3089 2474 3163 μάγιστρος
2530 3091 2888 3160 μαρτυρῆσαι·
2935 3083 3096 3144 αὐτὸς
3138 3083 3242 3157 γὰρ
3294 3081 3531 3151 εἱστήκει
3577 3081 3684 3156 πρὸ
3728 3085 3823 3136 τοῦ

2179 3175 2377 3252 βηλοῦ,
2430 3174 2521 3230 καὶ
2579 3173 2776 3244 ἤκουεν
2825 3175 2938 3247 (20)
2993 3172 3128 3248 ἅπερ
3186 3171 3446 3245 ἠξιοῦμεν
3500 3169 3680 3243 αὐτὸν,
3736 3170 3823 3224 καὶ

2178 3261 2311 3340 ἅπερ
2369 3263 2529 3325 αὐτὸς
2575 3260 2834 3333 κατηξίου
2883 3258 3065 3337 λέγειν
3108 3263 3266 3334 ἡμῖν.
3317 3264 3493 3315 Ταῦτα
3546 3259 3724 3314 τοίνυν
3781 3257 3828 3313 εί

413 3359 556 3411 sunt
585 3357 655 3410 ad
688 3357 766 3412 rei
818 3341 1402 3428 demonstrationem,
1436 3359 1738 3416 concedito
1770 3363 1967 3414 tamen
1999 3362 2065 3412 ut

2178 3353 2264 3408 καὶ
2313 3354 2469 3408 ἱκανὰ
2525 3353 2662 3429 πρὸς
2719 3349 2992 3421 ἀπόδειξίν
3048 3351 3194 3422 ἐστι,
3254 3349 3616 3425 συγχώρησον
3678 3347 3832 3421 ὅμως

413 3445 898 3516 peregrinationis
929 3464 1070 3503 mea:
1102 3449 1385 3504 rationem
1425 3449 1628 3505 ordine
1659 3447 1768 3504 tibi
1800 3463 2064 3503 recense-

416 3549 508 3588 am
536 3551 548 3600 ;
583 3539 649 3588 ut
673 3533 809 3590 hinc
854 3536 1051 3592 futiles
1082 3538 1536 3594 obtrectatorum
1569 3553 1833 3594 meorum
1867 3536 2066 3592 crimi-

413 3623 679 3680 nationes
708 3624 1111 3696 deprehendas
1145 3632 1320 3699 atque
1351 3629 1725 3684 condemnes.

487 3712 640 3768 286
687 3714 738 3768 4.
775 3714 1124 3771 Alexandria
1176 3719 1470 3788 profectus
1519 3734 1675 3782 sum,
1707 3732 1823 3772 non
1875 3719 1942 3771 ut
1993 3715 2062 3772 ad

413 3801 733 3857 exercitum
767 3804 964 3859 fratris
993 3806 1078 3858 tui
1102 3805 1190 3860 vel
1220 3807 1290 3860 ad
1313 3805 1458 3861 alios
1489 3805 1775 3875 quosdam
1803 3820 1898 3860 me
1927 3820 2065 3860 con-

413 3889 666 3958 ferrem;
706 3893 805 3946 sed
856 3898 921 3946 ut
966 3893 1212 3948 Romam
1261 3897 1517 3964 peterem
1552 3909 1564 3945 :
1599 3898 1776 3963 atque
1820 3891 1901 3947 ibi
1931 3909 2065 3947 cum

414 3995 483 4036 ea
537 3997 660 4049 qua
714 3997 846 4036 mea
901 3982 1220 4036 intererant
1265 3981 1532 4036 Ecclesia
1557 3983 2067 4038 commendassem

413 4067 592 4139 [quod
627 4085 811 4123 unum
846 4070 988 4124 mihi
1021 4086 1174 4124 curae
1197 4070 1362 4140 erat),
1392 4067 1805 4125 ecclesiasticis
1826 4086 2069 4126 conven-

414 4155 576 4212 tibus
605 4158 904 4212 vacabam.
937 4158 1123 4214 Fratri
1155 4162 1352 4226 autem
1384 4161 1485 4214 tuo
1515 4174 1887 4229 nequaquam
1920 4159 2068 4214 scri-

419 4245 534 4317 psi,
567 4246 680 4301 nisi
713 4251 1024 4318 postquam
1055 4247 1370 4302 Eusebiani
1411 4247 1610 4302 missis
1642 4247 1952 4302 adversum
1975 4261 2070 4300 me

420 4333 652 4402 litteris,
709 4337 1116 4393 necessitatem
1173 4336 1319 4392 mihi
1369 4335 1615 4392 attulere
1677 4352 1813 4391 cum
1878 4334 2070 4390 adhuc

421 4423 781 4481 Alexandriae
796 4426 1062 4497 degerem
1074 4442 1297 4493 ,eorum
1320 4425 1647 4482 calumnias
1661 4421 2066 4497 propulsandi:

415 4513 770 4586 iterumque,
795 4517 1187 4586 cumjubente
1212 4515 1334 4583 illo,
1356 4519 1422 4568 ut
1451 4515 1780 4570 divinarum
1804 4512 2071 4584 Scriptu-

419 4619 618 4658 rarum
650 4603 897 4660 tabellas
927 4606 1294 4672 adornarem,
1318 4603 1609 4659 confectas
1640 4619 1738 4658 eas
1770 4603 1841 4658 ad
1873 4601 2070 4674 ipsum

2176 3440 2539 3517 διηγήσασθαι
2580 3443 2671 3496 καὶ
2720 3441 2832 3514 (21)
2891 3439 2982 3494 τὸν
3043 3437 3312 3512 λογισμὸν
3359 3443 3463 3505 τῆς
3493 3433 3835 3508 ἀποδημίας,

2169 3529 2262 3586 *ίνα
2289 3531 2380 3585 καὶ
2412 3531 2471 3586 ἐκ
2497 3530 2707 3586 τούτων
2733 3532 3018 3602 καταγνῷς
3060 3531 3169 3580 τῶν
3221 3519 3631 3580 διαϐαλλόντων
3680 3527 3833 3595 ἡμᾶς

2222 3642 2375 3690 ατην.

2180 3643 2597 3778 μαίιτζηῖέξελθὼν
2659 3705 2763 3760 ἀπὸ
2820 3710 2922 3772 τῆς
2972 3697 3421 3775 Ἀλεξανδρείας,
3478 3697 3578 3752 οὐκ
3634 3697 3709 3760 εἷς
3765 3701 3829 3754 τὸ

2176 3794 2533 3872 στρατόπεδον
2560 3799 2658 3850 τοῦ
2691 3790 2929 3869 ἀδελφοῦ
2951 3810 3068 3858 σου,
3097 3785 3223 3843 οὐδὲ
3251 3787 3388 3863 πρὸς
3419 3783 3626 3848 ἄλλους
3653 3788 3830 3857 τινὰς,

2175 3889 2212 3957 ἢ
2251 3886 2412 3958 μόνον
2459 3885 2536 3946 εἷς
2578 3885 2676 3951 τήν
2736 3881 2956 3953 Ῥώμην
3006 3878 3262 3947 ἀνῆλθον·
3297 3876 3386 3930 καὶ
3432 3879 3502 3950 τῇ
3533 3874 3832 3948 Ἐκκλησία

2174 3977 2242 4031 τὰ
2264 3975 2380 4029 κατ’
2413 3973 2642 4046 ἐμαυτὸν
2695 3968 3068 4044 παραθέμενος
3117 3963 3332 4040 (τούτου
3380 3965 3484 4039 γὰρ
3535 3963 3701 4038 μόνου
3736 3983 3833 4037 μοι

2177 4064 2398 4142 φροντὶς
2446 4061 2558 4132 ἦν),
2611 4056 2914 4134 ἐσχόλαζον
2961 4060 3081 4117 ταῖς
3142 4054 3441 4142 συνάξεσι.)
3473 4056 3560 4142 Τι’ί)
3608 4050 3832 4142 ἀδελφῷ

2177 4137 2273 4206 σου
2305 4151 2403 4204 οὐκ
2447 4147 2674 4224 ἔγραψα,
2705 4147 2741 4216 ἢ
2779 4145 2940 4219 μόνον
2989 4144 3079 4200 ὅτε
3127 4143 3332 4220 οἱπερὶ
3380 4137 3636 4198 Εὐσέϐιον
3673 4137 3834 4217 ἔγρα-

2176 4245 2279 4314 ψαν
2326 4238 2473 4310 αὐτῷ
2519 4238 2636 4292 κατ’
2685 4235 2842 4309 ἐμοῦ,
2889 4236 2981 4290 καὶ
3031 4230 3268 4308 ἀνάγκην
3321 4229 3483 4309 ἔσχον
3543 4225 3624 4287 ἔτι
3669 4228 3743 4286 ὢν
3777 4231 3830 4287 ἐν

2175 4332 2245 4400 τῇ
2306 4323 2685 4399 Ἀλεξανδρείᾳ
2740 4321 3233 4397 ἀπολογήσασθαι·
3290 4320 3382 4376 καὶ
3439 4319 3530 4377 ὅτε
3561 4363 3576 4389 ,
3633 4320 3838 4376 πυκτία

2176 4422 2284 4473 τῶν
2317 4415 2472 4470 θείων
2509 4419 2732 4492 Γραφῶν
2782 4410 3138 4472 κελεύσαντος
3181 4409 3346 4465 αὐτοῦ
3381 4430 3474 4483 μοι
3504 4411 3834 4464 κατασκευά-

2180 4527 2266 4562 σαι
2287 4508 2421 4578 (2.2),
2453 4509 2620 4559 ταῦτα
2648 4505 2882 4572 ποιήσας
2915 4497 3226 4556 ἀπέστειλα·
3251 4500 3364 4575 χρὴ
3389 4499 3493 4574 γὰρ
3519 4496 3834 4573 ἀπολογού-

2183 4595 2340 4668 μενόν
2387 4615 2454 4667 με
2502 4591 2787 4663 ἀληθεύειν
2846 4594 2914 4664 τῇ
2969 4594 3036 4663 σῇ
3087 4582 3379 4659 θεοσεϐείᾳ.
3431 4591 3604 4663 Τριῶν
3651 4586 3833 4642 τοίνυν

418 4692 722 4748 transmisi
749 4711 762 4747 :
795 4710 902 4764 par
931 4694 1148 4766 quippe
1176 4697 1268 4748 est
1298 4709 1391 4748 me
1416 4692 1515 4763 qui
1549 4707 1739 4747 meam
1767 4705 2065 4762 propugnc

2179 4684 2312 4740 ἐτῶν
2372 4680 2749 4758 παρελθόντων
2778 4726 2792 4750 ,
2843 4676 3085 4754 τετάρτῳ
3143 4675 3370 4775 ἐνιζαυτῷ
3419 4674 3614 4775 γράφει
3653 4674 3836 4775 κελεύ-

419 4797 680 4848 causam,
711 4785 825 4836 tua;
875 4782 1076 4853 pietati
1113 4797 1252 4836 vera
1294 4781 1504 4836 dicere.
1540 4779 1814 4836 Triennio
1844 4783 2064 4845 exacto,

421 4875 628 4941 quarto
660 4887 812 4926 anno
836 4871 1039 4927 missis
1067 4871 1276 4926 litteris
1303 4885 1396 4925 me
1418 4869 1646 4935 accivit,
1671 4884 1786 4938 quo
1807 4871 2071 4939 tempore

417 4957 518 5014 ille
575 4958 886 5016 Mediolani
956 4959 1315 5016 versabatur.
1379 4952 1496 5031 Ego
1547 4973 1680 5013 vero
1730 4955 2072 5013 sciscitabar

493 5066 539 5102 ⁸³
568 5065 754 5123 Eccle.
788 5084 844 5138 x,
873 5068 964 5122 20.

419 5176 562 5232 dose
595 5191 608 5230 :
634 5190 769 5248 quae
799 5192 894 5248 του
918 5193 972 5227 ευ
1003 5174 1062 5228 in
1095 5168 2071 5248 az_trans_mutati-o,frequentissime

420 5240 695 5339 occurrit.
731 5244 909 5302 Paulo
959 5249 1090 5317 post
1120 5246 1258 5317 Reg.
1292 5240 1644 5314 ἀποκαλύψῃ.
1681 5240 1829 5297 Editi
1863 5241 2072 5294 ἀποκα-

475 5318 488 5339 ¹
541 5337 608 5374 ει.
961 5316 976 5317 ί
1212 5316 1224 5317 ί

655 5390 820 5461 Reg”
835 5385 1133 5461 ,τοιούτων
1165 5383 1678 5461 ἐκοινολογούμεθα,
1691 5381 1796 5461 ,καθ
1831 5378 2071 5461 *ἀδερφρν

519 5427 571 5445 ι.
655 5427 735 5446 μυ
782 5431 794 5445 .
861 5427 1109 5442 “nec...”
1165 5427 1411 5442 μνη-,ην
1457 5427 1515 5439 υ-
1568 5427 1657 5440 ν-..

428 5427 953 5532 ἀδελιέῷιδιῖϐἀλον.
989 5459 1160 5532 Editi,
1189 5427 1450 5514 τοιούτων
1482 5427 1618 5532 πρὸς
1651 5427 1684 5510 ἀ

425 5480 673 5608 ξὲῗλὲιῖε

431 5674 637 5728 eodem
661 5673 802 5743 πρός
835 5673 1017 5730 deest.

508 5743 619 5817 (18)
649 5739 742 5796 Sic
771 5743 947 5817 Basil.
982 5750 1038 5817 et
1065 5745 1225 5817 editi.
1250 5749 1313 5800 In
1346 5745 1486 5817 Reg.
1520 5743 1551 5817 ό
1579 5744 1761 5799 deest.
1794 5740 1860 5796 In
1882 5739 2078 5817 Graeco

435 5812 750 5884 Scriptum
782 5816 940 5871 textu
970 5815 1074 5883 sic,
1107 5815 1135 5870 ὁ
1166 5813 1307 5890 ἔχων
1336 5812 1749 5895 τὰς’πτέρυγας.
1773 5817 1903 5873 Mox
1936 5813 2078 5885 Reg.

1689 5451 1880 5532 δελφὸς
1913 5449 2075 5507 aea-

679 5529 872 5588 αλλον.
900 5533 963 5587 In
996 5527 1172 5588 Basil'.
1207 5534 1338 5604 post
1352 5527 1623 5604 τοιούτων
1657 5527 1917 5604 spatium
1950 5543 2076 5604 era-

429 5589 564 5678 sum
596 5604 1020 5678 sic..._~{dipaiia,
1044 5589 1259 5659 lectuin
1283 5603 1450 5658 initio
1483 5589 1979 5672 ἐκοινολόγώμεθα.
2012 5598 2076 5652 In

2177 4793 2271 4835 σας
2305 4771 2607 4840 ἀπαντῆσαί
2644 4789 2709 4842 με
2738 4766 2877 4842 πρὸς
2909 4766 3089 4822 αὐτόν·
3115 4767 3182 4834 ἧν
3208 4763 3268 4819 δὲ
3305 4763 3356 4820 ἐν
3387 4768 3456 4838 τῇ
3487 4761 3833 4837 Μεδιολάνῳ.

2180 4863 2322 4937 Ἐγὼ
2363 4859 2438 4931 δὲ,
2492 4859 2765 4936 διερωτῶν
2822 4858 2922 4925 τὴν
2982 4855 3155 4910 αἰτίαν
3212 4853 3298 4927 (ού
3356 4855 3460 4929 γὰρ
3518 4852 3832 4928 ἐγίνωσκον,

2184 4950 2387 5026 μάρτυς
2418 4951 2446 5005 6
2478 4949 2720 5022 Κύριος),
2765 4943 2964 5020 ἔμαθον
3011 4943 3094 5000 ὅτι
3146 4941 3436 5000 ἐπίσκοπνί
3463 4962 3624 5013 τινες,
3672 4941 3836 4998 ἀνελ-

2180 5159 2478 5239 post_si_8é
2507 5162 2696 5239 habet,
2709 5157 2826 5239 καί.

2253 5237 2368 5306 (19)
2399 5235 2564 5308 Reg”
2596 5226 2894 5308 Κιϐεντιον.

2255 5293 2368 5380 (20)
2399 5293 2583 5380 Paris.
2616 5309 2673 5361 et
2697 5302 2919 5380 C_<Jlon.,
2954 5302 3256 5380 mendose,
3284 5301 3383 5380 τος)
3411 5293 3626 5380 incum.

2395 5378 2495 5503 ἓὶο
2545 5377 2685 5450 Reg.
2717 5373 2872 5434 Editi
2905 5365 3056 5431 ’νει-ο
3106 5365 3250 5431 ante
3279 5367 3370 5426 καί
3420 5365 3636 5430 habent
3662 5365 3833 5431 ὅλως.

2257 5467 2316 5505 ιει
2350 5493 2362 5505 .
2433 5468 2570 5505 μως.
2908 5487 2912 5492 .

2186 5448 2362 5508 Ba'sil.
2395 5448 2570 5512 ὅμως.
2635 5448 2654 5450 ⁷
2908 5487 2912 5492 ς
3757 5510 3760 5512 ν

2256 5469 2362 5506 ιειι.
2395 5469 2570 5522 ομως.
2908 5487 2912 5492 “
3757 5510 3760 5512 ν

2256 5523 2371 5591 (22)
2401 5523 2550 5578 Sunt
2578 5519 2678 5591 qui
2729 5515 2978 5573 tabellas
2995 5515 3151 5591 istas
3188 5512 3840 5591 existiment‘esseSy-

2187 5585 2398 5680 πορεῙή
2431 5585 2742 5680 Scriptura?
2764 5585 3842 5680 sacras.ﬁetvidesisqgajnngimo:

2185 5658 2403 5721 nitiane
2429 5667 2490 5720 in
2533 5658 2836 5735 _Synopsin,
2870 5675 2939 5735 ea
2967 5660 3039 5715 de
3085 5675 3146 5714 re
3172 5658 3574 5735 disputamus.
3609 5659 3751 5732 Reg.
3783 5661 3844 5716 et

2187 5735 2387 5806 Basil.,
2419 5739 2498 5808 τῷ
2530 5725 2778 5806 ἐνιαυτῷ,
2811 5725 3030 5791 emisso
3057 5725 3321 5806 τετάρτῴ.
