4148 6410
344 383 458 447 601

1382 379 1776 440 APOLOGIA
1817 379 1921 438 AD
1966 375 2525 450 CONSTANTIUM
2575 379 2736 440 lMP.

3634 389 3755 452 602

347 515 550 586 θόντες,
583 511 817 584 ἠξίωσαν
867 509 1025 566 αὐτὸν
1075 507 1277 584 γράψαι
1325 512 1393 582 τῇ
1447 513 1514 583 σῇ
1561 504 1819 579 εὐσεϐείᾳ,
1861 506 1998 563 ὥστε

2125 509 2251 580 quid
2279 527 2464 565 causa
2492 517 2644 568 esset
2665 514 2816 584 quod
2842 530 3184 583 accerserer,
3202 534 3316 572 non
3338 535 3538 574 noram
3571 521 3752 590 enim,

347 603 569 661 σύνοδον
626 601 889 677 γενέσθαι.
950 599 1197 668 Πίστευε,
1257 596 1500 674 βασιλεῦ,
1563 597 1704 653 οὕτω
1765 599 1993 672 γέγονε,

344 693 529 752 καὶού
561 689 851 766 ψεύδομαι.
896 687 1182 745 Κατελθὼν
1231 687 1410 743 τοίνυν
1461 687 1535 749 εἷς
1583 689 1682 756 τήν
1729 683 1996 742 Μεδιόλα-

344 805 459 857 νον,
534 780 675 838 εἶδον
725 779 943 850 πολλὴν
1015 776 1422 856 φιλανθρωπίαν
1458 797 1470 810 ·
1522 775 1825 847 κατηξίωσε
1894 776 1996 850 γὰρ

347 871 477 929 ἰδεῖν
512 893 598 945 με,
629 871 718 926 καὶ
768 871 960 940 εἰπεῖν,
1013 867 1096 922 ὅτι
1148 866 1348 942 ἔγραψε
1398 867 1488 921 καὶ
1537 863 1820 922 ἀπέστειλε
1862 866 1998 940 πρὸς

345 963 424 1036 σὲ,
474 962 633 1034 ἀξιῶν
694 957 916 1016 σύνοδον
976 958 1242 1033 γενέσθαι.
1296 958 1561 1032 Διάγοντα
1609 954 1666 1010 δέ
1720 976 1785 1029 με
1829 954 1880 1009 ἐν
1929 958 1997 1028 τῇ

343 1048 714 1126 προειρημένῃ
743 1051 856 1122 (23)
904 1045 1088 1116 πόλει,
1147 1047 1527 1120 μετεπέμψατο
1579 1046 1743 1100 πάλιν
1798 1044 1873 1105 εἷς
1902 1044 1999 1105 τὰς

347 1139 609 1210 Γαλλίας,
644 1138 754 1194 ἐκεῖ
803 1139 906 1213 γὰρ
953 1138 1042 1192 καὶ
1091 1139 1118 1193 ὁ
1171 1137 1358 1210 Πατὴρ
1407 1137 1597 1196 ’Ἡσιος
1642 1131 1872 1208 ἤρχετο,
1909 1130 2001 1186 ⁹ίνα

349 1229 546 1285 ἐκεῖθεν
600 1228 676 1290 εἷς
729 1228 828 1296 τήν
881 1224 1156 1303 Σαρδικὴν
1208 1223 1537 1297 ὁδεύσωμεν.
1586 1223 1732 1277 Μετὰ
1791 1219 1849 1276 δὲ
1899 1222 1998 1290 τὴν

349 1315 597 1389 σύνοδον,
631 1317 680 1372 έν
712 1320 780 1390 τῇ
814 1321 1032 1388 Ναϊσσῷ
1065 1338 1158 1390 μοι
1191 1314 1430 1390 διάγοντι
1460 1313 1674 1388 γράφει·
1717 1309 1806 1365 καί
1843 1308 1998 1365 ἀνελ-

348 1409 454 1462 θὼν
488 1407 540 1462 ἐν
571 1405 840 1478 Ἀκυληίᾳ
871 1403 1063 1460 λοιπὸν
1111 1399 1400 1481 διέτριϐον,
1450 1402 1572 1457 ἔνθα
1623 1423 1688 1476 με
1715 1402 1781 1455 τὰ
1821 1401 2000 1474 γράμ-

353 1517 494 1572 ματα
545 1503 648 1566 τῆς
705 1503 804 1564 σῆς
857 1497 966 1568 (24)
1021 1489 1324 1556 θεοσεϐείας
1376 1485 1688 1547 κατέλαϐεν.
1751 1490 1999 1544 Κάκεῖθεν

347 1584 571 1657 κληθεὶς
602 1583 766 1640 πάλιν
812 1585 957 1660 παρά
1000 1588 1096 1638 τοῦ
1149 1581 1467 1659 μακαρίτου,
1515 1580 1603 1634 καὶ
1655 1577 1890 1633 ἀνελθὼν
1927 1577 2002 1638 εἷς

346 1676 441 1738 τὰς
476 1672 739 1743 Γαλλίας,
785 1671 958 1734 οὕτως
1001 1671 1171 1741 ἦλθον
1223 1672 1368 1746 παρὰ
1412 1672 1511 1738 τὴν
1563 1670 1659 1738 σὴν
1707 1661 2000 1722 εὐσέϐειαν.

2108 599 2276 654 testis
2306 599 2452 654 mihi
2486 602 2765 657 Dominus
2810 608 2898 659 est
2931 621 2945 659 :
2979 603 3274 677 didicique
3302 609 3590 679 quosdam
3633 610 3751 682 epi-

2110 705 2337 758 scopos,
2370 689 2470 760 qui
2501 705 2566 745 eo
2597 697 3024 759 concesserant,
3058 710 3294 766 rogasse
3327 695 3515 768 illum,
3549 689 3613 752 ut
3642 703 3756 754 tua

2111 776 2310 849 pietati
2345 795 2449 848 pro
2481 781 2700 850 synodo
2741 783 3000 852 cogenda
3039 784 3339 840 scriberet.
3374 784 3554 842 Crede
3585 788 3755 856 mihi,

2108 865 2443 936 imperator,
2473 867 2555 921 sic
2585 873 2750 938 gesta
2781 885 2872 924 res
2904 875 3010 938 est,
3042 889 3229 945 neque
3261 876 3754 932 mentior.Medio-

2107 954 2309 1010 lanum
2334 955 2515 1026 igitur
2541 973 2674 1011 cum
2698 960 3094 1031 accessissem,
3116 979 3390 1034 magnam
3412 964 3540 1034 ejus
3564 981 3761 1037 exper-

2111 1048 2206 1098 tus
2239 1060 2371 1099 sum
2405 1045 2830 1100 humanitatem
2859 1064 2870 1100 :
2897 1064 2989 1103 me
3016 1049 3232 1121 quippe
3259 1051 3534 1123 dignatus
3567 1058 3654 1108 est
3685 1055 3758 1110 ad

2111 1135 2486 1204 conspectum
2520 1134 2825 1189 admittere
2859 1153 3030 1192 suu'n
3059 1155 3070 1192 :
3096 1138 3490 1212 indicavitque
3523 1141 3667 1196 mihi
3698 1159 3759 1198 se

2111 1221 2437 1293 scripsisse,
2462 1227 2516 1277 et
2548 1224 2618 1277 ad
2653 1228 2710 1279 te
2743 1224 2994 1295 misisse,
3024 1244 3374 1299 rogasseque
3403 1234 3466 1284 ut
3496 1233 3759 1303 synodus

2112 1316 2541 1367 convocaretur.
2568 1316 2653 1368 Me
2703 1318 2896 1368 autem
2937 1321 3138 1386 postea
3185 1317 3244 1372 in
3296 1319 3568 1390 pradicta
3618 1322 3758 1378 urbe

2112 1400 2418 1472 degentem
2467 1401 2679 1455 iterum
2731 1402 2892 1456 misit
2921 1402 2979 1456 in
3014 1404 3249 1476 Gallias,
3282 1424 3347 1462 eo
3391 1409 3547 1464 enim
3598 1415 3760 1481 pater

2114 1505 2346 1560 quoque
2379 1491 2592 1544 Hosius
2629 1497 3016 1564 concesserat,
3050 1499 3114 1548 ut
3148 1511 3265 1549 una
3295 1496 3429 1552 inde
3459 1498 3757 1554 Serdicam

2113 1581 2467 1649 peteremus.
2501 1582 2636 1634 Post
2685 1584 2979 1650 peractam
3021 1599 3152 1636 vero
3199 1585 3488 1654 synodum
3535 1587 3760 1644 litteras

2115 1665 2255 1720 mihi
2292 1672 2417 1721 tum
2449 1667 2656 1723 Naisso
2687 1669 2921 1740 degenti
2969 1670 3130 1726 misit
3163 1689 3174 1724 :
3210 1677 3382 1743 atque
3413 1673 3548 1729 hinc
3581 1677 3762 1746 profe-

347 1770 499 1833 ctus,
530 1763 806 1835 Aquileia
837 1767 1040 1836 postea
1067 1766 1465 1820 commoratus
1495 1776 1652 1827 sum,
1684 1757 1785 1814 ubi
1815 1756 2052 1812 reddita
2084 1753 2229 1809 mihi
2261 1759 2400 1809 sunt
2430 1759 2539 1810 tua
2573 1757 2803 1828 pietatis
2835 1757 3059 1813 littera.
3092 1759 3326 1815 Accitus
3358 1761 3492 1816 inde
3527 1779 3758 1821 rursum

349 1873 385 1912 α
415 1856 595 1911 beata
627 1853 920 1909 memoria
951 1853 1096 1919 viro,
1131 1853 1191 1907 in
1223 1850 1441 1907 Gallias
1470 1848 1580 1904 iter
1609 1847 1838 1904 institui
1871 1864 1883 1902 :
1917 1845 2170 1915 hincque
2200 1845 2439 1900 demum
2468 1851 2632 1900 tuam
2664 1846 2780 1901 adii
2809 1847 3104 1918 pietatem.

419 1943 475 1998 5.
512 1946 675 1996 Ποῖον
723 1939 901 1994 τοίνυν
942 1939 1130 2009 τόπον,
1228 1938 1350 1994 τίνα
1395 1936 1595 2014 χρόνον
1649 1935 1809 2014 φησὶν
1852 1935 1880 1988 ὁ
1909 1954 2004 1988 κα·
2037 1935 2084 2000 Β

348 2033 611 2106 τήγορος,
664 2029 716 2084 έν
766 2030 812 2101 ᾧ
861 2030 1086 2084 τοιαῦτά
1137 2049 1203 2101 με
1262 2027 1530 2104 εἰρηκέναι
1591 2020 1874 2081 διέϐαλλεν
1921 2022 2003 2092 ;ἣ

350 2119 499 2182 τίνος
555 2119 822 2196 παρόντος
867 2117 1068 2192 έμάνην
1121 2117 1440 2196 φθέγξασθαι
1489 2120 1736 2184 τοιαῦτα,
1796 2114 1882 2167 οἶα
1931 2113 2005 2174 ὡς

356 2209 601 2272 εἰπόντος
640 2230 743 2282 μου
787 2207 1150 2281 κατεψεύσατο
1186 2227 1199 2274 ;
1234 2207 1269 2275 ἢ
1300 2206 1383 2268 τίς
1437 2204 1575 2260 ἐστιν
1605 2205 1632 2259 ὁ
1661 2203 1840 2276 τούτῳ
1886 2223 2006 2256 συν-

354 2302 575 2374 ηγορῶν
633 2297 722 2351 καὶ
781 2299 1065 2371 μαρτυρῶν
1111 2314 1124 2364 ;
1181 2294 1213 2349 ἃ
1269 2296 1371 2370 γὰρ
1432 2291 1570 2349 εἶδον
1620 2295 1672 2347 οἱ
1732 2289 2007 2370 ὀφθαλμοὶ

358 2385 542 2457 αὐτοῦ,
589 2389 756 2439 ταῦτα
793 2383 882 2438 καὶ
933 2383 1110 2459 λέγειν
1169 2381 1398 2461 ὀφείλει,
1450 2383 1524 2436 ὡς
1571 2385 1605 2451 ἡ
1658 2382 1774 2436 θεία
1820 2381 2004 2457 Γραφή

355 2473 748 2549 παρήγγειλεν.
779 2469 982 2526 Οὐδένα
1033 2472 1126 2545 μὲν
1181 2470 1271 2526 οὖν
1319 2471 1474 2533 οὗτος
1506 2471 1720 2543 εὑρήσει
1767 2470 2009 2546 μάρτυρα

354 2567 462 2618 τῶν
501 2563 576 2636 μὴ
628 2560 959 2638 γενομένων·
1007 2560 1116 2637 ἐγὼ
1167 2559 1242 2633 δὲ,
1296 2561 1379 2615 ὅτι
1425 2560 1486 2615 οὗ
1535 2557 1825 2634 ψεύδομαι,
1872 2560 2006 2635 μάρ-

354 2672 492 2726 τυρα
525 2653 658 2725 μετά
701 2659 802 2721 τῆς
848 2650 1108 2720 ἀληθείας
1155 2650 1244 2705 καὶ
1291 2652 1388 2719 τὴν
1441 2651 1539 2718 σὴν
1574 2644 1841 2703 εὐσέϐειαν
1872 2647 2008 2724 ἔχω.

359 2740 526 2811 Ἀξιῶ
583 2741 686 2816 γὰρ
741 2786 754 2811 ,
813 2740 1094 2814 γινώσκων
1165 2760 1222 2793 σε
1295 2739 1776 2812 μνημονικώτατον
1808 2784 1821 2809 ,
1883 2739 2007 2792 ἀνα-

364 2830 664 2903 μνησθῆναι
693 2833 798 2882 τῶν
851 2826 1056 2904 λόγων,
1111 2825 1184 2881 ὧν
1241 2829 1494 2905 ἀνέφερον
1553 2827 1694 2900 τότε,
1755 2825 1845 2880 ὅτε
1887 2847 2011 2881 κατ-

359 2917 598 2989 ηξίωσας
632 2915 761 2972 ἰδεῖν
794 2938 877 2992 με·
911 2921 1126 2993 πρῶτον
1165 2917 1258 2990 μὲν
1306 2915 1358 2971 ἐν
1408 2916 1734 2990 Βιμινακίῳ,
1765 2913 2008 2992 δεύτερον

367 3004 425 3062 δὲ
482 3006 534 3062 έν
596 3006 885 3082 Καισαρείᾳ
940 3013 1041 3076 τῆς
1098 3003 1502 3076 Καππαδοκίας,
1561 3008 1651 3061 καὶ
1719 3005 1898 3080 τρίτον
1961 3004 2010 3060 ἐν

369 3094 684 3171 ’Δντιοχείᾳ
733 3098 865 3169 (25)·
921 3095 968 3148 εἴ
1013 3094 1110 3149 κᾶν
1160 3098 1266 3148 τῶν
1318 3095 1440 3170 περὶ
1486 3089 1741 3149 Εὐσέϐιον
1789 3100 1896 3149 τῶν
1950 3116 2015 3168 με

369 3183 729 3255 λυπησάντων
785 3188 966 3246 κακῶς
1024 3183 1404 3256 ἐμνημόνευσα
1457 3185 1604 3259 παρά
1656 3184 1780 3252 σοὶ,
1831 3183 1875 3238 εἰ
1933 3182 2012 3238 δι-

2185 1934 2238 1988 5.
2264 1934 2386 1997 Quo
2409 1932 2588 2004 igitur
2616 1934 2760 2001 loco,
2785 1940 2886 1990 aut
2908 1952 3022 2006 quo
3044 1941 3324 2009 tempore,
3347 1956 3439 1995 me
3460 1945 3763 1998 accusator

2116 2021 2404 2092 ejusmodi
2430 2022 2745 2093 protulisse
2769 2023 2942 2079 verba
2963 2025 3345 2082 criminatur?
3366 2034 3467 2083 aut
3490 2046 3604 2101 quo
3625 2048 3764 2103 pra-

2117 2114 2278 2166 sente
2324 2127 2390 2166 eo
2434 2112 2673 2166 insania
2706 2129 3050 2184 progressus
3088 2132 3241 2181 sum,
3269 2121 3333 2171 ut
3380 2134 3448 2173 ea
3494 2118 3764 2191 loquerer

2117 2216 2243 2271 qua
2277 2216 2369 2254 me
2397 2199 2495 2254 ille
2527 2199 2742 2256 dixisse
2786 2203 3108 2257 mentitur?
3157 2205 3436 2270 Quisnam
3487 2207 3567 2262 illi
3621 2209 3764 2267 talia

2117 2289 2332 2344 dicenti
2367 2289 2760 2360 astipulatur?
2808 2291 2939 2362 quis
2983 2309 3113 2347 cum
3161 2293 3259 2348 illo
3308 2296 3618 2352 adversum
3669 2315 3763 2354 me

2115 2378 2282 2434 testis
2313 2379 2512 2434 adest?
2542 2379 2684 2435 Nam
2718 2396 2843 2451 qua
2875 2381 3025 2435 oculi
3070 2383 3198 2453 ejus
3226 2384 3499 2440 viderunt
3527 2386 3647 2442 hac
3679 2387 3764 2443 di-

2119 2484 2246 2524 cere
2305 2469 2492 2534 debet,
2543 2473 2608 2522 ut
2661 2469 2857 2525 divina
2907 2473 3178 2543 pracepit
3205 2473 3578 2544 Scriptura“.
3615 2482 3763 2534 Sane

2119 2573 2313 2611 rerum
2356 2574 2660 2628 nunquam
2695 2562 2990 2629 gestarum
3040 2576 3110 2615 ne
3162 2577 3342 2616 unum
3378 2564 3613 2633 quidem
3664 2566 3762 2622 ille

2119 2650 2328 2701 testem
2375 2647 2642 2717 reperiet.
2694 2647 2781 2702 Me
2829 2653 3022 2702 autem
3082 2666 3453 2723 nequaquam
3505 2655 3760 2727 mentiri,

2119 2735 2286 2790 testis
2336 2753 2453 2790 una
2500 2752 2630 2790 cum
2682 2736 2941 2804 veritate,
2975 2737 3103 2809 ipsa
3133 2755 3362 2812 quoque
3402 2742 3591 2814 pietas
3639 2748 3761 2801 tua.

2120 2829 2260 2878 Cum
2293 2824 2450 2878 enim
2483 2828 2538 2879 te
2582 2824 2872 2879 memoria
2912 2827 3298 2883 tenacissima
3332 2830 3540 2900 norim,
3576 2848 3764 2888 recor-

2121 2914 2278 2983 dare,
2312 2930 2528 2985 quaso,
2573 2913 2884 2970 verborum
2947 2931 3072 2986 qua
3127 2919 3253 2971 tum
3309 2922 3500 2974 tecum
3562 2921 3764 2993 habui,

2123 3020 2255 3058 cum
2289 3021 2380 3058 me
2408 3003 2632 3058 vultum
2665 3003 2863 3058 subire
2893 3009 3062 3058 tuum
3112 3005 3388 3078 dignatus
3433 3025 3496 3064 es
3529 3027 3541 3064 :
3577 3011 3766 3081 primo

2121 3092 2463 3159 Viminacii;
2498 3093 2774 3161 secundo,
2823 3095 3089 3149 Casarea
3119 3097 3530 3167 Cappadocia;
3570 3099 3763 3168 tertio,

2123 3181 2467 3249 Antiochia;
2513 3199 2586 3236 an
2633 3181 2724 3236 vel
2769 3181 2840 3236 de
2889 3183 3250 3248 Eusebianis,
3284 3202 3621 3259 quanquam
3673 3205 3766 3246 me

367 3269 602 3328 έϐαλλόν
634 3294 782 3334 τινας
812 3276 918 3326 τῶν
974 3269 1340 3341 ἀδικησάντων
1387 3293 1472 3344 με.
1523 3272 1584 3326 El
1635 3269 1691 3326 δὲ
1726 3270 1867 3345 μηδὲ
1895 3274 2010 3328 καθ’

2125 3273 2327 3329 acerbe
2357 3275 2682 3335 vexassent,
2714 3270 2772 3325 in
2808 3271 3022 3326 malam
3066 3277 3288 3344 partem
3321 3276 3474 3346 apud
3505 3280 3562 3332 te
3589 3277 3767 3333 verba

364 3362 436 3416 ὧν
471 3358 576 3416 ἔδει
613 3382 679 3435 με
708 3359 887 3436 λέγειν
933 3359 1162 3422 τούτους
1217 3357 1491 3430 διέϐαλον,
1524 3359 1682 3415 ποίαν
1726 3361 1873 3437 εἶχον
1907 3383 2009 3435 μα-

363 3449 478 3504 νίαν
514 3448 741 3526 βασιλέα
775 3447 989 3524 βασιλεῖ
1019 3445 1360 3520 διαϐάλλειν,
1391 3447 1480 3503 καὶ
1531 3446 1760 3526 ἀδελφὸν
1788 3448 2010 3527 ἀδελφῷ

367 3542 697 3615 συγκροῦσαι
753 3558 766 3610 ;
829 3535 1136 3614 Παρακαλῶ
1167 3583 1181 3608 ,
1239 3537 1275 3606 ἢ
1333 3537 1573 3614 παρόντα
1653 3560 1717 3612 με
1785 3539 2014 3610 ποίησον

365 3626 717 3705 ἐλεγχθῆναι,
773 3627 808 3697 ἢ
867 3628 1171 3703 κατάγνωθι
1220 3632 1325 3682 τῶν
1379 3622 1672 3682 διαϐολῶν·
1715 3629 1804 3684 καὶ
1839 3628 2015 3702 μίμη-

364 3737 453 3772 σαι
509 3717 600 3772 τὸν
660 3711 826 3772 Δαϐὶδ
883 3715 1157 3792 λέγοντα·
1215 3717 1314 3771 Τὸν
1373 3714 1785 3772 καταλαλοῦντα
1844 3716 2019 3795 λάθρα

362 3810 461 3862 τοῦ
516 3804 778 3877 πλησίον,
835 3810 1027 3860 τοῦτον
1070 3803 1390 3876 έξεδίωκον¹
1452 3806 1521 3860 Τὸ
1579 3806 1672 3878 μὶν
1731 3809 1834 3883 γὰρ
1893 3807 2016 3862 ὅσον

367 3895 446 3958 εἷς
477 3894 671 3957 αὐτοὺς
718 3898 818 3964 ἧκε
865 3895 1150 3972 ἐφόνευσαν
1202 3898 1332 3968 (26)·
1384 3894 1559 3967 στόμα
1612 3896 1716 3970 γὰρ
1768 3899 1880 3969 (27)
1923 3917 2020 3951 κα-

362 3985 762 4058 ταψευσάμενον
839 3982 1020 4038 ἀνεῖλε
1084 3985 1268 4059 ψυχήν
1303 4027 1314 4039 .
1376 3985 1438 4037 Ἡ
1497 3981 1553 4037 δὲ
1619 3985 1684 4053 σὴ
1750 3987 2018 4061 μακροθυ-

368 4071 466 4145 μία
520 4071 770 4142 νενίκηκε
801 4118 815 4145 ,
874 4076 1233 4148 παρασχοῦσα
1290 4069 1594 4146 παρρησίαν
1665 4069 1970 4146 ἀπολογίας
2004 4117 2018 4143 ,

357 4158 450 4216 ’ίνα
477 4161 568 4216 καὶ
599 4163 1043 4237 καταγνωσθῆναι
1092 4158 1416 4234 δυνηθῶσιν,
1470 4161 1545 4222 ὡς
1596 4158 1899 4237 φιλόνεικοι
1928 4161 2018 4215 καὶ

362 4247 709 4328 συκοφάνται.
745 4250 876 4325 Περὶ
927 4251 1020 4324 μὲν
1064 4255 1161 4304 τοῦ
1209 4244 1590 4304 εὐσεϐεστάτου
1639 4270 1733 4304 σου
1779 4247 2018 4328 ἀδελφοῦ

358 4344 457 4395 τοῦ
489 4346 592 4409 τῆς
652 4339 918 4411 μακαοίας
954 4341 1177 4412 μνήμης
1223 4343 1409 4393 ταῦτα’
1463 4335 1683 4392 δύνασαι
1731 4339 1841 4416 γὰρ.
1884 4341 2018 4393 κατὰ

359 4430 460 4497 τήν
496 4425 738 4483 δοθεῖσάν
773 4447 857 4481 σοι
905 4425 1094 4504 σοφίαν
1144 4427 1290 4499 παρὰ
1336 4431 1470 4480 Θεοῦ
1500 4422 1907 4500 προλαμϐάνειν
1952 4428 2017 4482 τὰ

2120 3362 2354 3418 fecerim
2380 3377 2391 3414 :
2418 3359 2506 3414 vel
2538 3359 2585 3413 si
2621 3359 2927 3430 quospiam
2952 3359 3052 3430 qui
3083 3376 3175 3416 me
3205 3361 3424 3432 injuste
3454 3363 3766 3435 lasissent,

2128 3449 2473 3506 accusarim.
2509 3449 2669 3512 Quod
2711 3447 2760 3503 si
2811 3465 2884 3503 ne
2936 3447 3067 3504 illos
3129 3449 3366 3521 quidem
3427 3453 3778 3510 criminatus

2128 3556 2282 3609 sum,
2307 3554 2455 3609 quos
2487 3535 2836 3591 criminandi
2869 3553 3047 3591 causa
3076 3538 3296 3608 aderat,
3323 3556 3578 3611 quanam
3608 3542 3775 3598 insa-

2128 3628 2226 3684 nia
2256 3628 2467 3682 ductus
2513 3625 2923 3696 imperatorem
2955 3626 3110 3697 apud
3143 3627 3552 3699 imperatorem
3602 3648 3774 3687 accu-

2128 3731 2375 3785 sassem,
2399 3716 2756 3785 fratremque
2785 3715 3171 3770 concitassem
3204 3717 3262 3770 in
3285 3718 3524 3774 fratrem
3556 3720 3774 3776 suum?

2128 3807 2380 3862 Obsecro
2411 3802 2497 3859 vel
2528 3819 2620 3857 me
2645 3819 2840 3858 coram
2872 3803 3133 3859 convinci
3165 3795 3391 3875 iubeas,
3416 3814 3520 3864 aut
3551 3809 3774 3866 calum-

2130 3894 2260 3949 nias
2293 3908 2576 3964 agnoscas
2606 3896 2780 3963 atque
2809 3892 3183 3960 condemnes,
3218 3895 3611 3969 Davidemque
3643 3897 3776 3952 imi-

2129 3983 2268 4038 teris
2308 3981 2408 4053 qui
2467 3982 2549 4035 ait
2597 3996 2611 4036 :
2662 3981 3048 4036 Detrahentem
3097 3987 3303 4040 secreto
3349 3989 3605 4057 proximo
3657 4004 3775 4053 suo,

2131 4073 2275 4127 hunc
2318 4070 2762 4142 persequebar“.
2793 4069 3093 4141 Siquidem
3126 4074 3317 4144 quoad
3371 4076 3777 4132 obtrectatori-

2131 4162 2241 4216 bus
2288 4159 2473 4226 licuit,
2508 4159 2721 4213 cadem
2770 4158 2856 4213 illi
2900 4167 3307 4232 perpetrarunt
3341 4180 3351 4218 :
3389 4181 3523 4220 nam
3555 4181 3610 4222 os
3639 4166 3778 4238 quod

2127 4253 2390 4307 mentitur
2437 4248 2631 4303 occidit
2676 4251 3008 4304 animum“.
3041 4252 3112 4304 At
3141 4255 3246 4306 tua
3293 4253 3428 4307 vicit
3475 4255 3775 4326 patientia,

2128 4341 2268 4394 dum
2304 4337 2448 4393 mihi
2482 4337 2756 4392 ﬁduciam
2793 4337 3043 4408 prabuit
3086 4340 3158 4394 ad
3207 4341 3470 4397 criminis
3502 4343 3774 4399 remotio—

2129 4445 2294 4496 nem;
2328 4432 2393 4481 ut
2421 4425 2556 4480 hinc
2589 4425 2905 4481 adversarii
2937 4426 3053 4482 mei
3102 4433 3167 4482 ut
3206 4429 3549 4486 contentiosi
3580 4447 3647 4486 ac
3678 4448 3777 4503 sy-

360 4514 550 4571 πολλά
609 4515 669 4571 ἐκ
724 4519 831 4570 τῶν
893 4513 1098 4590 ὀλίγων
1157 4514 1386 4584 τούτων,
1443 4515 1533 4570 καὶ
1587 4517 1869 4590 γινώσκειν
1919 4519 2010 4585 τὴν

2128 4518 2430 4589 cophanta
2461 4513 2726 4570 damnari
2760 4515 3005 4586 possint.
3045 4517 3172 4571 [lac
3203 4517 3272 4572 de
3302 4517 3570 4589 piissimo
3599 4519 3776 4574 fratre

361 4602 690 4659 πλασθεῖσαν
723 4603 1078 4679 κατηγορίαν.

2048 4567 2095 4632 D

2130 4615 2250 4674 tuo,
2289 4607 2470 4662 beata
2502 4604 2797 4660 memoria
2845 4605 2968 4658 viro
3002 4604 3156 4660 dicta
3185 4605 3342 4661 sint:
3377 4623 3514 4664 nam
3548 4624 3650 4680 pro
3681 4624 3774 4663 sa-

363 4694 585 4768 pientia
612 4713 647 4752 a
676 4695 792 4751 Deo
822 4695 928 4751 tibi
980 4696 1137 4762 data,
1169 4712 1237 4750 ex
1289 4694 1494 4766 paucis
1542 4695 1671 4751 istis
1717 4694 1976 4767 plurima
2021 4711 2425 4773 praoccupare
2455 4693 2690 4766 poteris,
2724 4692 3147 4766 conﬁctamque
3197 4696 3630 4752 accusationem
3679 4697 3776 4752 de-

361 4783 744 4857 prehendere.

432 4875 486 4928 6.
515 4873 646 4949 Περὶ
679 4869 738 4928 δὲ
764 4879 866 4942 τῆς
898 4873 1080 4949 ἑτέρας
1114 4867 1405 4945 διαϐολῆς,
1456 4871 1501 4925 εί
1549 4875 1662 4945 (2:5)
1705 4867 1913 4948 ἔγραψα
1939 4880 2020 4948 τῷ

362 4961 610 5033 τυράννῳ
639 4959 902 5035 (τοῦνομα
931 4963 1033 5037 γὰρ
1083 4958 1208 5016 οὐδὲ
1252 4961 1431 5036 λέγειν
1485 4957 1804 5034 βούλομαι),
1853 4983 2022 5039 παρα-

363 5047 545 5118 καλῶ,
591 5051 667 5112 ὡς
716 5048 891 5113 θέλεις
940 5051 1030 5106 καὶ
1081 5049 1149 5105 δι’
1200 5051 1273 5104 ὦν
1326 5048 1383 5104 ἂν
1437 5046 1762 5123 δοκιμάσῃς,
1815 5050 2023 5122 ἐξέταζε

362 5138 453 5194 καὶ
486 5139 753 5214 ἀνάκρινε·
786 5142 820 5210 ἡ
856 5141 958 5214 γὰρ
993 5135 1271 5216 ὑπερϐολὴ
1321 5145 1420 5208 τῆς
1468 5133 1735 5208 διαϐολῆς
1782 5139 2020 5211 έξίστησί

433 5240 481 5275 ⁸*
505 5239 670 5295 Prov.
703 5256 835 5311 xxv,
867 5242 921 5295 8.
999 5241 1044 5276 ⁸⁵
1072 5241 1226 5296 Psal.
1262 5255 1312 5305 c,
1345 5240 1399 5293 5.
1476 5240 1519 5274 ⁶⁶
1550 5239 1681 5311 Sap.
1717 5257 1758 5308 ι,
1793 5241 1879 5294 11.

435 5365 551 5436 (23)
599 5364 691 5420 Sic
749 5365 888 5439 Reg.
949 5370 1005 5422 et
1061 5365 1236 5422 Basil.
1298 5363 1362 5420 In
1416 5364 1590 5420 editis
1644 5365 2018 5440 προειρημένῃ

367 5436 554 5581 (1.323288
584 5510 696 5581 Εῇς
725 5508 889 5564 deest
917 5509 976 5581 in
1011 5508 1149 5581 Reg.
1178 5507 1308 5581 Mox
1339 5507 1502 5581 Reg,
1532 5499 1847 5581 κατέλαϐεν,
1876 5508 2014 5581 Edi-

365 5574 811 5718 satam».
870 5580 1027 5635 Infra
1079 5574 1240 5648 e'diti,
1292 5574 1588 5646 mendose,
1647 5574 1812 5654 ἦλθεν
1854 5579 2013 5682 'Reg.

438 5719 548 5802 (25)
579 5719 743 5797 Βθε.,
778 5719 829 5780 ἂν
857 5725 925 5801 τῇ
959 5723 1100 5782 Ἀντ.

2203 4877 2349 4934 287
2386 4876 2438 4927 6.
2469 4872 2631 4938 Quod
2666 4887 2798 4927 vero
2830 4872 3038 4926 attinet
3087 4873 3157 4927 ad
3209 4874 3529 4930 secundam
3561 4873 3778 4930 calum«

2133 4968 2314 5034 niam,
2368 4981 2440 5018 an
2491 4961 2714 5017 scilicet
2760 4959 2985 5016 litteras
3031 4965 3277 5030 tyranno
3338 4963 3601 5018 miserim
3651 4965 3777 5035 (no-

2131 5072 2266 5111 men
2300 5054 2515 5125 quippe
2544 5051 2672 5121 ejus
2714 5067 2786 5104 ne
2830 5050 3085 5121 proferre
3115 5052 3352 5122 quidem
3382 5052 3601 5120 velim),
3632 5056 3777 5122 tute,

2131 5161 2350 5217 quaso,
2375 5147 2439 5197 ut
2482 5138 2732 5196 volueris
2763 5143 2818 5194 et
2860 5155 2963 5210 per
2994 5156 3142 5211 quos
3189 5158 3422 5214 aquum
3457 5141 3776 5209 censueris,

2197 5367 2308 5438 (26)
2342 5365 2405 5438 In
2437 5364 2572 5438 Reg.
2609 5359 2898 5438 ἐφόνευσαν
2933 5363 3315 5419 desideratur.

2222 5434 2311 5505 27)
2338 5437 2444 5508 Γᾴρ
2476 5434 2730 5508 ᾀθεεῌῐ]
2768 5434 2906 5508 Reg.

2198 5505 2622 5580 ('28)7Ei'__deest
2677 5506 2758 5580 in,
2796 5507 2932 5580 edit.
2968 5505 3147 5580 Paris.
3176 5511 3257 5580 _et
3315 5505 3512 5562 Colon.
3545 5505 3656 5562 Sed
3714 5505 3773 5580 in

2127 5575 2267 5652 Reg.
2296 5575 2602 5652 'BaASil._et
2648 5576 2788 5652 edit,
2821 5575 3043 5630 Comm.
3077 5576 3309 5650 legitur,
3344 5583 3400 5634 et
3445 5583 3601 5634 recte
3649 5577 3773 5651 qui-

2124 5645 2280 5710 dem.
2311 5649 2470 5708 Infra
2498 5647 2663 5722 Reg,
2696 5645 2994 5724 ἀνάκριναι.
