4148 6388
432 371 546 430 603

965 365 1029 425 S.
1079 363 1505 426 ATHANASII
1548 362 1722 424 OPP.
1768 357 1972 423 PARS
2018 359 2068 421 Ι.
2100 393 2178 407 --
2209 360 2631 422 HlSTORlCA
2672 361 2769 425 ET
2811 357 3296 422 DOGMATICA.

3723 359 3853 421 604

431 518 558 558 rem
589 499 856 572 inquiras
898 515 964 553 ac
992 497 1276 569 dijudices
1302 516 1313 553 :
1337 495 1639 551 calumniae
1671 495 1827 550 enim
1875 492 2054 550 atroci

2195 512 2280 565 με,
2312 490 2400 545 καὶ
2433 491 2507 552 εἷς
2556 487 2776 559 πολλὴν
2827 489 3079 568 ἀσάφειαν
3133 485 3271 564 ἄγει.
3322 487 3420 543 Καὶ
3459 487 3699 557 πίστευε,
3731 491 3852 545 θεο-

431 597 526 647 tas
555 590 613 645 in
645 594 946 661 stuporem
980 603 1073 641 me
1102 586 1419 658 ingentem,
1444 584 1502 638 in
1529 599 1923 656 magnamque
1947 581 2082 638 cali-

432 680 629 754 ginem
660 677 918 748 conjicit.
951 676 1126 731 Crede
1157 673 1322 740 mihi,
1354 673 1793 745 religiosissime
1825 673 2079 744 impera-

431 777 543 835 tor,
593 769 651 823 id
700 783 852 838 saepe
899 781 1128 820 mecum
1176 763 1561 835 perpendens,
1608 762 1699 816 vix
1749 761 1891 816 mihi
1946 778 2074 833 per-

431 859 678 914 suadere
707 856 992 925 valebam,
1018 852 1354 925 quempiam
1380 868 1446 908 eo
1477 851 1717 907 insaniae
1751 851 2072 918 devenisse,

430 952 496 1003 ut
527 963 647 1002 rem
675 942 966 1016 ejusmodi
998 942 1557 998 comminisceretur.
1577 942 1649 995 At
1679 939 1818 1011 quia
1847 939 1905 994 id
1939 937 2076 994 etfu-

426 1037 650 1092 tiebant
679 1033 901 1102 Ariani,
933 1048 997 1087 ac
1030 1048 1092 1086 se
1139 1029 1434 1102 exemplar
1475 1027 1731 1102 epistola
1759 1028 2074 1084 tradidisse

416 1124 788 1196 jactitabant,
821 1120 1150 1176 vehementi
1182 1136 1316 1174 sum
1348 1118 1585 1174 horrore
1628 1118 1900 1190 perfusus
1935 1136 1948 1173 :
1982 1117 2071 1172 in-

418 1227 774 1284 somnesque
832 1214 1031 1265 noctes
1089 1209 1340 1278 ducens,
1395 1224 1528 1262 cum
1584 1205 2070 1262 obtrectatoribus

415 1302 844 1366 concertabam,
870 1298 1038 1370 quasi
1066 1302 1204 1352 tunc
1236 1296 1321 1350 illi
1349 1312 1544 1351 coram
1568 1295 1852 1350 fuissent:
1881 1311 1946 1349 ac
1977 1295 2070 1350 de-

415 1395 652 1463 repente
684 1391 977 1462 ingentem
1012 1386 1167 1442 edidi
1213 1385 1548 1455 clamorem,
1582 1384 1901 1455 statimque
1931 1400 2066 1438 cum

415 1479 688 1552 lacrymis
721 1495 785 1534 ac
815 1476 1132 1549 gemitibus
1171 1476 1486 1530 Dominum
1524 1473 1741 1546 rogavi,
1778 1477 1841 1528 ut
1871 1472 2064 1545 propi-

416 1568 508 1625 tiae
540 1568 685 1624 mihi
717 1567 906 1622 forent
955 1581 1124 1620 aures
1154 1568 1287 1619 tuaa.
1322 1563 1483 1628 Quod
1529 1579 1662 1617 cum
1713 1561 1822 1617 sim
1869 1562 2066 1616 divina

416 1658 604 1730 gratia
633 1660 1004 1721 consecutus,
1036 1669 1272 1708 rursum
1305 1651 1508 1707 haesito
1543 1651 1841 1723 quodnam
1875 1650 2066 1722 apolo-

414 1747 523 1818 giaa
541 1745 774 1801 initium
793 1745 1004 1799 faciam
1021 1758 1034 1798 :
1051 1759 1186 1797 nam
1205 1740 1668 1812 quotiescunque
1684 1739 1844 1811 loqui
1864 1756 2065 1813 aggre-

413 1835 560 1902 dior,
584 1835 778 1890 obstat
804 1833 861 1887 in
889 1848 980 1886 me
1003 1830 1178 1886 delati
1202 1829 1474 1884 facinoris
1504 1829 1729 1884 horror.
1755 1828 2060 1886 Enimvero

409 1924 565 1996 quod
598 1923 833 1978 fratrem
866 1926 1034 1976 tuum
1057 1923 1298 1991 spectat,
1323 1919 1523 1974 aderat
1547 1917 1921 1990 sycophantis
1953 1917 2056 1972 ali-

408 2013 544 2084 quis
575 2011 781 2067 saltem
813 2010 969 2065 haud
1012 2025 1145 2063 vero
1189 2007 1495 2063 dissimilis
1543 2008 1847 2078 obtentus;
1898 2007 2055 2078 quod

407 2117 618 2173 nempe
649 2101 923 2172 dignatus
954 2097 1048 2152 ille
1079 2097 1156 2152 sit
1183 2113 1289 2152 nos
1330 2096 1401 2151 ad
1433 2102 1809 2166 conspectum
1842 2095 2054 2152 admit-

406 2195 527 2245 tere
555 2206 730 2245 suum
757 2205 769 2244 :
796 2191 948 2260 quod
981 2203 1083 2258 pro
1117 2186 1285 2240 nobis
1316 2186 1386 2240 ad
1419 2185 1740 2240 fraternum
1774 2190 1941 2240 tuum
1974 2186 2054 2241 af-

405 2279 620 2335 fectum
652 2277 875 2332 litteras
921 2275 1147 2331 miserit
1179 2293 1192 2328 :
1229 2274 1383 2346 quod
1421 2278 1735 2346 praesentes
1763 2292 1916 2347 saepe
1947 2292 2052 2331 nos

403 2366 723 2434 honorarit,
750 2367 1019 2421 absentes
1049 2364 1340 2419 acciverit.
1367 2362 1673 2418 Diabolum
1705 2369 1898 2419 autem
1932 2365 2052 2419 Ma-

401 2455 730 2528 gnentium,
745 2454 912 2510 testis
936 2452 1080 2508 mihi
1102 2457 1191 2507 est
1214 2452 1513 2517 Dominus,
1529 2451 1697 2507 testis
1713 2456 1770 2507 et
1786 2452 2054 2509 Christus

403 2546 550 2616 ejus,
585 2561 678 2600 me
731 2560 974 2615 prorsus
1025 2542 1315 2614 ignorare,
1348 2558 1413 2596 ac
1460 2541 1798 2597 nullatenus
1857 2559 2049 2597 nosse.

403 2636 679 2700 Quianam
711 2633 891 2704 igitur
919 2631 1282 2688 consuetudo
1312 2631 1491 2703 ignoti
1517 2647 1651 2686 cum
1674 2631 1784 2686 sibi
1816 2631 2054 2703 ignoto?

402 2727 504 2778 aut
535 2738 789 2793 quanam
821 2722 1032 2776 ductus
1059 2721 1361 2777 occasione
1382 2719 1502 2775 viro
1532 2720 1873 2790 hujusmodi
1905 2719 2053 2776 litte—

402 2829 499 2867 ras
531 2810 868 2866 misissem?
908 2810 1141 2881 Ecquod
1183 2810 1452 2864 fecissem
1483 2808 1739 2880 epistolae
1771 2809 1843 2864 ad
1876 2808 2050 2865 talem

399 2901 591 2956 virum
624 2899 920 2955 mittendae
942 2898 1284 2954 exordium?
1333 2915 1474 2952 num
1511 2897 1656 2953 illud
1679 2899 1706 2952 ?
1756 2898 1934 2954 Probe
1966 2900 2051 2954 fe-

401 2988 530 3045 cisti
564 3006 699 3046 eum
744 2988 1061 3044 occidendo
1095 2987 1195 3059 qui
1229 3004 1322 3042 me
1361 3004 1494 3042 cum
1545 2987 1764 3043 honore
1790 2987 2053 3060 excipere

399 3078 645 3147 solebat,
669 3082 726 3134 et
747 3079 916 3149 cujus
938 3077 1353 3133 beneﬁciorum
1377 3093 1679 3148 nunquam
1702 3077 2012 3132 obliviscar
2035 3093 2046 3132 :

397 3172 570 3239 teque
625 3168 801 3223 laudo
834 3168 988 3240 quod
1026 3166 1180 3222 viros
1239 3166 1406 3222 nobis
1461 3165 1802 3235 familiares,
1836 3183 2050 3238 eosque

2189 582 2470 657 φικέστατε
2503 577 2746 656 βασιλεῦ,
2800 577 3072 642 πολλάκις
3118 580 3234 633 κατ’
3275 577 3504 651 ἐμαυτὸν
3540 576 3842 653 λογιζόμε-

2186 691 2278 732 νος
2307 671 2592 741 ἠπίστουν,
2645 669 2694 723 εἴ
2741 667 2843 746 ἄρα
2881 691 2965 731 τις
3019 668 3188 742 ἐμάνη
3237 671 3517 740 τοσοῦτον,
3571 663 3711 724 ὥστε
3748 669 3844 725 καὶ

2183 763 2407 814 τοιαῦτα
2453 758 2761 832 ψεύσασθαι.
2816 756 3034 828 Ἐπειδή
3084 755 3142 812 δὲ
3191 758 3337 832 παρὰ
3382 762 3490 812 τῶν
3543 759 3839 834 ’Δρειανῶν

2186 846 2462 922 ἐθρυλεῖτο
2491 847 2581 902 καὶ
2626 852 2809 917 τοῦτο,
2858 849 2947 902 καὶ
2994 847 3070 909 ὡς
3119 845 3272 902 αὐτοὶ
3303 844 3692 910 ἐπιδεδωκότες

2183 935 2506 1015 ἀντίγραφον
2559 935 2852 1006 ἐπιπολῆς
2902 936 3214 1012 έκαυχῶντο
3245 981 3257 1005 ,
3310 934 3598 1009 ἐξιστάμην
3656 937 3839 1010 μειζό-

2181 1047 2312 1093 νως,
2341 1027 2431 1080 καὶ
2475 1025 2708 1088 ἀύπνους
2757 1025 2950 1088 νύκτας
3001 1022 3287 1097 διατελῶν,
3328 1025 3402 1087 ὡς
3451 1025 3588 1100 πρὸς
3636 1026 3837 1104 παρόν-

2179 1134 2275 1178 τας
2331 1114 2457 1177 τοὺς
2516 1114 2866 1178 κατειπόντας
2922 1114 3240 1190 ἐμαχόμην·
3299 1113 3391 1170 καὶ
3449 1117 3693 1191 κραυγὴν
3750 1115 3831 1188 ἐξ·

2180 1205 2438 1267 απιναίως
2471 1204 2650 1283 ἠφίειν
2689 1203 2958 1280 μεγάλην,
2991 1204 3080 1259 καὶ
3111 1203 3373 1280 ηὐχόμην
3427 1203 3603 1275 εὐθὺς,
3643 1207 3826 1260 στενά-

2181 1299 2284 1363 ζων
2331 1296 2464 1368 μετά
2511 1292 2780 1370 δακρύων,
2830 1294 3001 1369 εὑρεῖν
3047 1295 3144 1356 τάς
3197 1294 3292 1356 σάς
3345 1294 3509 1356 ἀκοὰς
3563 1293 3828 1367 εὐμενεῖς.

2178 1382 2355 1438 Ἀλλά
2399 1384 2488 1439 καὶ
2537 1383 2681 1438 οὕτω
2727 1388 2794 1458 τῇ
2845 1385 3033 1460 χάριτι
3078 1388 3176 1438 τοῦ
3225 1383 3426 1458 Κυρίου
3473 1381 3674 1446 ταύτας
3719 1386 3832 1456 (30)

2177 1474 2369 1549 εὑρὼν,
2421 1471 2584 1528 πάλιν
2643 1474 2853 1549 ἀπορῶ,
2913 1473 3070 1528 ποίαν
3133 1473 3309 1549 ἀρχὴν
3358 1479 3465 1543 τῆς
3521 1470 3832 1549 ἀπολογίας

2173 1565 2499 1636 ποιήσομαι·
2559 1564 2741 1625 ὁσάκις
2800 1563 2903 1638 γάρ
2964 1562 3022 1618 ἂν
3078 1557 3431 1635 ἐπιϐάλωμαι
3479 1560 3684 1638 λέγειν,
3732 1561 3831 1637 ἐμ-

2173 1649 2470 1726 ποδίζομαι
2518 1650 2606 1706 διὰ
2655 1654 2754 1721 τήν
2802 1657 2899 1708 τοῦ
2945 1655 3269 1728 πράγματος
3317 1649 3602 1722 ἔκπληξιν.
3646 1651 3834 1716 ’Ὀλως

2177 1741 2270 1813 μὲν
2307 1742 2410 1817 γάρ
2464 1742 2588 1817 περὶ
2631 1747 2730 1796 τοῦ
2790 1741 3088 1816 μακαρίτου
3136 1763 3232 1797 σου
3277 1739 3513 1820 ἀδελφοῦ
3560 1741 3834 1818 πρόφασις

2170 1831 2237 1900 ἧν
2284 1833 2482 1900 πιθανῆ
2533 1837 2651 1893 τοῖς
2699 1830 3054 1910 συκοφάνταις
3099 1877 3112 1902 ,
3172 1830 3256 1886 ὅτι
3313 1851 3372 1886 τε
3428 1830 3836 1906 κατηξιούμεθα

2172 1918 2393 1995 βλέπειν
2446 1919 2622 1990 αὐτὸν,
2671 1921 2762 1975 καὶ
2811 1923 2935 1998 περὶ
2992 1923 3154 1994 ἡμῶν
3218 1920 3374 1991 ἠξίου
3431 1919 3658 1999 γράφειν
3717 1922 3835 1995 (31)

2164 2010 2300 2085 πρὸς
2331 2012 2430 2079 την
2485 2011 2581 2079 σήν
2624 2007 2920 2088 ἀδελφικὴν
2968 2007 3222 2081 διάθεσιν,
3267 2009 3359 2064 καὶ
3409 2009 3681 2086 παρόντας
3731 2010 3830 2084 μὲν

2167 2097 2327 2172 ἐτίμα
2372 2096 2683 2171 πολλάκις,
2732 2099 2821 2153 καὶ
2867 2099 3098 2161 ἀπόντας
3147 2096 3205 2154 δὲ
3269 2100 3662 2173 μετεπέμπετοο
3722 2100 3816 2155 τὸν

2166 2185 2222 2243 δὲ
2253 2184 2510 2243 διάϐολον
2558 2189 2917 2263 Μαγνέντιον,
2965 2189 3170 2264 μάρτυς
3220 2189 3249 2243 6
3293 2187 3512 2265 Κύριος,
3555 2188 3646 2243 καὶ
3694 2190 3829 2266 μάρ-

2162 2299 2255 2340 τυς
2315 2279 2343 2332 ὁ
2402 2279 2629 2352 Χριστὸς
2690 2279 2896 2348 αὐτοῦ,
2958 2276 3080 2332 οὔτε
3133 2278 3428 2354 γινώσκω,
3489 2274 3613 2332 οὔτε
3671 2276 3822 2343 ὅλως

2163 2367 2481 2440 ἠπιστάμην
2514 2365 2694 2425 αὐτόν.
2728 2367 2868 2423 Ποία
2913 2367 3089 2422 τοίνυν
3141 2369 3393 2438 συνήθεια
3420 2371 3500 2439 τῷ
3545 2369 3620 2441 μὴ
3653 2388 3820 2443 γινω-

2165 2457 2414 2530 σκομένῳ
2444 2457 2580 2531 πρὸς
2608 2457 2698 2511 τὸν
2738 2458 2811 2530 μὴ
2847 2456 3178 2532 γινώσκοντα
3212 2475 3226 2526 ;
3258 2456 3391 2511 ποία
3441 2477 3508 2530 με
3547 2456 3820 2535 πρόφασις

2164 2544 2311 2600 εἷλκε
2343 2547 2546 2622 γράψαι
2584 2551 2664 2618 τῷ
2710 2546 2945 2620 τοιούτῳ
2978 2566 2992 2616 ;
3027 2553 3193 2603 Ποῖον
3226 2547 3524 2624 προοίμιον
3554 2554 3655 2618 τῆς
3707 2546 3821 2603 ἐπι-

2163 2633 2364 2704 στολῆς
2418 2631 2635 2690 ἔτασσον
2672 2681 2685 2706 ,
2737 2637 2958 2715 γράφων
3001 2637 3147 2710 αύτῷ
3182 2655 3195 2706 ;
3231 2639 3386 2691 Ὅτι’
3427 2637 3524 2691 Τὸν
3571 2638 3824 2710 τιμῶντά

2167 2744 2253 2796 με,
2303 2725 2366 2778 οὗ
2408 2729 2515 2778 τῶν
2567 2727 2681 2798 (3‘2)
2732 2725 3048 2800 εὐεργεσιῶν
3101 2725 3199 2781 οὐκ
3247 2723 3305 2780 ἄν
3358 2746 3490 2781 ποτε
3535 2723 3818 2781 ἐπιλαθοί-

2167 2834 2297 2885 μην,
2319 2817 2509 2868 τοῦτον
2543 2813 2804 2892 φονεύσας
2854 2813 3036 2877 καλῶς
3084 2815 3344 2885 ἐποίησας
3377 2834 3391 2885 ;
3423 2815 3513 2870 καὶ
3545 2812 3819 2891 ἀποδέχο-

2167 2900 2262 2974 μαί
2295 2923 2351 2956 σε
2378 2903 2506 2964 τοὺς
2539 2903 2849 2979 γνωρίμους
2899 2906 3058 2977 ἡμῶν
3117 2903 3470 2979 Χριστιανοὺς
3498 2905 3588 2960 καὶ
3627 2926 3817 2961 πιστο-

2159 2992 2354 3054 τάτους
2405 2990 2603 3069 ἄνδρας
2669 2991 2931 3048 ἀνελόντα
2965 3012 2978 3063 ;
3010 2994 3100 3049 καί
3168 2992 3515 3071 ἀποδέχομαί
3589 3016 3646 3050 σε

2163 3081 2428 3157 σφάξαντα
2464 3081 2590 3145 τοὺς
2647 3081 2698 3136 έν
2744 3083 2930 3158 Ῥώμῃ
2982 3082 3221 3158 γνησίως
3269 3085 3420 3158 ἡμᾶς
3475 3081 3803 3156 ὑποδοξαμέ-

2160 3190 2307 3238 νους,
2356 3173 2455 3240 τήν
2523 3171 2786 3248 μακαρίαν
2848 3194 2942 3228 σου
3000 3172 3144 3229 θείαν
3192 3175 3292 3243 τὴν
3348 3171 3568 3245 ἀληθῶς
3618 3170 3812 3247 Εὐτρό-

395 3256 776 3326 Christianos,
802 3274 868 3312 ac
899 3256 1276 3312 ﬁdelissimos
1307 3255 1637 3311 sustuleris.
1662 3256 1742 3311 Te
1769 3257 2046 3329 acceptis-

2167 3279 2279 3313 πιον
2303 3263 2441 3333 (34),
2486 3262 2576 3316 καὶ
2627 3257 2983 3337 Ἀϐουτγίριον
3037 3264 3130 3318 τὸν
3171 3265 3391 3338 γνήσιον
3449 3261 3674 3335 ἐκεῖνον,
3723 3260 3813 3316 καὶ

395 3345 612 3401 simum
645 3346 851 3413 habeo,
880 3347 1035 3417 quod
1081 3362 1178 3401 eos
1225 3345 1418 3401 Romae
1450 3345 1820 3401 obtruncaris
1851 3362 1884 3401 a
1914 3345 2044 3418 qui-

395 3435 508 3491 bus
540 3435 980 3508 perhumaniter
1000 3439 1274 3507 exceptus
1303 3435 1413 3502 fui;
1441 3436 1670 3490 beatam
1697 3450 1906 3506 nempe
1928 3451 2048 3490 ma-

2159 3350 2508 3422 Σπειράντιον
2540 3351 2630 3406 τὸν
2679 3351 3021 3421 πιστότατον,
3055 3352 3145 3405 καὶ
3177 3348 3382 3413 ἄλλους
3431 3349 3678 3413 πολλοὺς
3720 3371 3816 3404 κα-

2158 3435 2336 3500 λούς;

393 3528 671 3580 terteram
703 3529 866 3579 tuam
900 3541 957 3580 re
987 3530 1044 3579 et
1074 3524 1311 3579 nomine
1341 3523 1708 3594 Eutropium,
1732 3523 1788 3578 id
1816 3528 1904 3578 est
1931 3525 2130 3596 probis
2159 3533 2424 3585 ornatam
2458 3531 2742 3598 moribus,
2772 3529 3235 3600 Abuteriumque
3266 3529 3590 3600 ingenuum
3623 3526 3816 3596 illum,

393 3629 500 3669 nec
533 3631 647 3670 non
678 3613 1050 3686 Sperantium
1082 3612 1517 3683 ﬁdelissimum,
1551 3611 1816 3684 aliosque
1850 3613 2000 3685 frugi
2030 3613 2299 3674 homines
2325 3617 2670 3690 permultos.

463 3703 518 3757 7.
535 3703 741 3759 Annon
763 3702 1062 3758 furibundi
1081 3706 1169 3757 est
1190 3701 1732 3773 accusatoris,quod
1753 3702 2046 3772 ejusmodi

394 3808 429 3847 a
448 3807 540 3847 me
561 3796 862 3864 peractum
885 3791 1110 3847 facinus
1130 3791 1216 3846 vel
1238 3791 1610 3862 suspicetur?
1633 3789 1882 3853 Quinam
1903 3789 2045 3845 mihi

393 3881 547 3952 apud
573 3881 887 3936 scelestum
922 3880 1086 3935 illum
1109 3873 1337 3934 ﬁduciis
1366 3877 1569 3933 locus?
1590 3878 1953 3949 Ecquidnam
1985 3880 2044 3934 in

392 3970 521 4040 ejus
553 3969 748 4024 animo
781 3967 1116 4024 securitatis
1147 3965 1536 4021 adverterim?
1566 3965 1719 4020 Num
1751 3969 1908 4037 quod
1941 3969 2044 4023 do-

393 4057 622 4113 minum
654 4073 832 4112 suum
866 4054 1268 4111 obtruncarit?
1299 4055 1454 4125 quod
1489 4069 1626 4125 erga
1654 4056 1872 4111 amicos
1905 4073 2045 4113 suos

393 4146 654 4220 perﬁdus
685 4145 880 4213 fuerit,
903 4146 1244 4216 juramenta
1271 4142 1522 4212 violarit,
1555 4160 1693 4216 erga
1724 4144 1908 4200 Deum
1940 4146 2047 4200 im-

391 4235 525 4308 pius
547 4234 760 4291 fuerit?
783 4235 939 4306 quod
962 4237 1162 4289 contra
1179 4232 1280 4288 Dei
1299 4233 1534 4303 jussum
1557 4234 1830 4290 veneﬁcis
1851 4234 2046 4290 incan-

390 4325 803 4396 tatoribusque
823 4325 900 4380 sit
924 4322 1105 4379 usus?
1126 4323 1390 4388 Quanam
1413 4323 1770 4379 conscientia
1792 4323 2042 4380 salutem

389 4413 475 4468 illi
508 4413 809 4480 dixissem,
833 4414 1003 4484 cujus
1036 4413 1196 4468 furor
1224 4417 1400 4483 atque
1431 4412 1764 4482 crudelitas,
1801 4430 1916 4468 non
1949 4429 2042 4469 me

391 4502 604 4575 solum,
625 4505 725 4559 sed
756 4509 811 4558 et
841 4507 1027 4559 totum
1050 4507 1336 4558 terrarum
1363 4503 1560 4558 orbem
1586 4519 1820 4558 summo
1853 4502 2044 4559 aﬂ'ecit

2225 3709 2280 3760 7.
2315 3706 2434 3772 Ἆρ’
2465 3704 2598 3780 οὐχὶ
2630 3704 2718 3759 καὶ
2766 3705 2827 3757 τὸ
2879 3702 3042 3775 μόνον
3094 3699 3411 3757 ὑποπτεύειν
3451 3697 3575 3775 περὶ
3604 3696 3810 3753 τούτων

2154 3794 2244 3848 τὸν
2276 3795 2604 3869 κατήγορον,
2658 3791 2768 3846 ἐστὶ
2804 3790 3025 3864 μανικόν
3062 3809 3076 3860 ;
3108 3789 3168 3844 Τί
3225 3787 3328 3866 γάρ
3367 3810 3433 3861 με
3487 3784 3652 3842 πάλιν
3684 3785 3814 3862 θαρ-

2158 3883 2267 3958 ῥεῖν
2321 3877 2523 3936 ἔπειθεν
2594 3880 2741 3953 αὐτῷ
2775 3898 2789 3949 ;
2824 3879 2988 3934 Ποίαν
3048 3877 3211 3934 αὐτοῦ
3272 3877 3506 3933 διάθεσιν
3575 3871 3809 3931 ἔϐλεπον

2169 3973 2181 3986 ς
2345 3977 2370 3988 η
2485 3973 2495 3986 ν
2779 3965 2829 3988 ἸΝ
2972 3965 2996 3985 ἢ
3289 3969 3303 3984 ﬁ
3372 3972 3394 3982 ν
3614 3965 3627 3984 κ
3794 3963 3808 3980 ‘

2157 3969 2423 4049 ασφαλη;
2473 3973 2592 4024 Ὀτι
2639 3969 2730 4023 τόν
2781 3985 2915 4023 ιοιον
2968 3967 3233 4037 οεσπότην
3279 3965 3480 4037 ανειλε,
3539 3986 3630 4020 και
3686 3984 3812 4040 περι

2152 4059 2281 4121 τοὺς
2312 4061 2502 4114 ἑαυτοῦ
2549 4056 2746 4136 φίλους
2803 4055 3028 4120 ἄπιστος
3071 4058 3285 4133 γέγονε,
3335 4056 3425 4111 καὶ
3474 4053 3670 4130 ὅρκους
3715 4053 3809 4126 μὶν

2153 4143 2391 4223 παρέϐη,
2451 4147 2527 4210 εἷς
2579 4146 2636 4202 δὲ
2682 4147 2773 4202 τὸν
2828 4146 2954 4202 Θεὸν
3006 4141 3276 4217 ἠσέϐησε,
3329 4143 3650 4224 φαρμακοὺς
3718 4141 3809 4196 καὶ

2155 4235 2442 4298 ἐπαοιδοὺς
2483 4235 2712 4292 ἐπινοῶν
2756 4236 2893 4292 κατά
2921 4241 3024 4305 τῆς
3053 4238 3151 4290 τοῦ
3181 4239 3314 4291 Θεοῦ
3346 4233 3578 4309 κρίσεως
3610 4251 3625 4302 ;
3659 4229 3814 4304 Ποίῳ

2155 4323 2212 4380 δὲ
2242 4323 2506 4380 συνειδότι
2536 4326 2746 4401 χαίρειν
2792 4322 2984 4400 ἓλεγον
3016 4323 3218 4397 τούτῳ,
3252 4325 3313 4379 οὗ
3347 4327 3381 4394 ἡ
3443 4321 3606 4398 μανία
3651 4319 3743 4375 καὶ
3773 4320 3810 4388 ἡ

2153 4414 2378 4488 ὠμότης
2436 4414 2534 4470 οὐκ
2591 4415 2687 4489 ἐμὲ
2750 4414 2934 4488 μόνον,
2999 4411 3144 4470 ἀλλά
3199 4416 3289 4469 καὶ
3346 4419 3518 4469 πᾶσαν
3566 4411 3666 4481 τὴν
3694 4409 3814 4464 καθ’

2151 4507 2299 4578 ἡμᾶς
2358 4504 2682 4578 οἰκουμένην
2739 4502 2980 4572 ἐλύπησε
3029 4521 3043 4572 ;
3090 4500 3350 4578 Μεγάλην
3403 4522 3466 4577 γε
3513 4501 3674 4577 χάριν
3723 4494 3815 4552 καὶ

390 4591 624 4648 dolore?
654 4596 920 4665 Magnam
955 4592 1174 4649 scilicet
1213 4592 1647 4664 plurimamque
1678 4592 1763 4647 illi
1793 4592 2042 4665 gratiam

2167 4590 2370 4662 πολλὴν
2427 4592 2486 4648 ἐκ
2530 4592 2735 4647 τούτων
2780 4587 3018 4670 ὤφειλον
3060 4594 3175 4665 (35)
3223 4590 3426 4663 τούτῳ,
3489 4588 3571 4644 ὅτι
3632 4589 3661 4643 6
3716 4587 3810 4660 μὲν

391 4681 593 4746 habui,
617 4683 772 4753 quod
808 4683 985 4736 beata
1018 4681 1310 4737 memoriae
1342 4682 1578 4736 fratrem
1611 4685 1802 4751 tuum,
1826 4682 1926 4754 qui
1957 4698 2046 4738 ec-

391 4768 598 4826 clesias
631 4770 800 4826 donis
831 4770 955 4825 suis
999 4770 1350 4837 cumularat,
1386 4786 1747 4841 muneraque
1778 4771 2041 4841 miserat,

383 4858 692 4930 jugularit.
708 4858 814 4922 Qui
843 4858 1040 4926 homo,
1069 4876 1210 4914 sane
1231 4859 1744 4928 sceleratissimus,
1767 4876 1898 4915 cum
1921 4860 2042 4915 haec

392 4946 521 5018 ipsa
545 4947 925 5019 conspiceret,
949 4947 1095 5002 nihil
1129 4952 1324 5003 tamen
1357 4953 1447 5004 est
1477 4949 1696 5004 veritus
1726 4965 1738 5003 :
1773 4966 1877 5004 nec
1907 4966 2042 5004 eum

391 5038 707 5092 absterruit
727 5037 916 5108 gratia
938 5039 1113 5092 beatae
1137 5036 1432 5092 memoriae
1464 5037 1585 5092 viro
1609 5037 1666 5091 in
1690 5037 2043 5109 baptismate

392 5126 530 5181 data
561 5142 573 5180 :
611 5127 712 5182 sed
745 5125 915 5197 quasi
947 5125 1174 5181 daemon
1207 5126 1447 5196 quidam
1480 5125 1776 5195 exitiosus,
1801 5125 2044 5182 diaboli-

390 5231 632 5287 cusque,
658 5215 877 5271 furiose
908 5214 1075 5269 illum
1107 5215 1348 5270 adortus
1381 5218 1505 5270 est:
1537 5231 1651 5286 quo
1682 5215 1898 5270 factum
1929 5221 2039 5288 est,

463 5340 574 5413 (29)
601 5341 765 5412 863.,
801 5333 1117 5413 δεδωκότες.

457 5409 572 5484 (30)
605 5409 1020 5484 ῌθέηῂταύταές.
1054 5410 1227 5484 ῌάἱῐὶ,
1261 5431 1445 5466 ταυτα.

462 5418 552 5484 (30
605 5418 769 5484 Reg.,
800 5418 1020 5470 ταύτας.
1054 5418 1227 5479 Editi,
1261 5431 1445 5466 ταυτα.

462 5418 574 5554 (31ί
609 5483 670 5572 in
701 5481 874 5572 editis
918 5479 1221 5572 75236953?
1271 5483 1732 5572 fpoqnmendose
1783 5485 2042 5556 positum

389 5571 494 5627 pro
524 5553 719 5637 γράφει
742 5553 876 5624 πρὸς
916 5553 940 5607 ;⁷
962 5553 1129 5634 deest
1157 5553 1554 5637 illudinBeg.
1783 5553 1801 5556 ⁷

389 5695 429 5704 __
462 5625 572 5696 (32)
605 5629 698 5704 βε)
730 5623 1166 5704 ΡεοεκοιιΒειειί.
1211 5627 1274 5681 In
1307 5627 1496 5704 editis
1523 5629 1648 5704 _u‘by
1698 5627 1876 5704 deest.
1913 5628 2044 5686 Mox

389 5691 533 5769 Reg.
558 5691 625 5753 "et
650 5691 851 5767 Basili,
885 5691 1272 5769 ἐπιλαθοίμην.
1305 5697 1483 5766 Editi,
1513 5694 1921 5772 ἀπολαθοίμην.

2156 4681 2462 4757 μακαρίτης
2514 4679 2748 4760 ἀδελφός
2797 4703 2892 4736 σου
2939 4683 3034 4743 τάς
3095 4679 3392 4752 ἐκκλησίας
3453 4677 3813 4751 ἀναθημάτων

2155 4771 2495 4845 ἐπλήρωσεν,
2548 4769 2706 4832 οὗτος
2755 4767 2810 4825 δὲ
2841 4769 2998 4824 αὐτὸν
3053 4766 3456 4824 ἀποστέλλοντο
3495 4765 3812 4844 πεφόνευκε.

2152 4861 2251 4916 Καὶ
2304 4858 2426 4916 οὕτε
2470 4864 2640 4916 ταῦτα
2694 4857 2909 4934 βλέπων
2958 4859 2986 4913 ὁ
3042 4859 3235 4933 μιαρὸς
3285 4855 3513 4932 ᾐδέσθη,
3559 4851 3684 4909 οὔτε
3712 4854 3812 4923 τὴν

2153 4949 2394 5006 δοθεῖσαν
2450 4951 2616 5025 χάριν
2674 4955 2753 5021 τῷ
2810 4947 3080 5023 μακαρίτῃ
3137 4945 3226 5002 διά
3279 4951 3376 5001 τοῦ
3433 4942 3810 5022 βαπτίσματος

2152 5036 2479 5119 πεφόϐηται·
2516 5037 2642 5094 ἀλλ’
2672 5039 2748 5101 ὡς
2797 5036 3008 5111 δαίμων
3055 5059 3139 5099 τις
3189 5035 3444 5111 ἀλάστωρ
3488 5034 3580 5088 καὶ
3629 5026 3814 5087 διαϐο-

2153 5129 2512 5204 λικὸς,έμάνη
2543 5129 2659 5184 κατ’
2691 5128 2877 5184 αὐτοῦ.
2927 5131 3013 5198 Τῷ
3067 5127 3160 5200 μὲν
3196 5123 3286 5180 οὖν
3343 5122 3612 5198 μακαρίτῃ
3652 5124 3810 5175 τοῦτο

2152 5220 2372 5296 γέγονεν
2403 5219 2477 5280 εἷς
2536 5216 2846 5292 μαρτύριον·
2900 5215 3100 5278 ἐκεῖνος
3151 5212 3208 5270 δὲ
3238 5212 3431 5268 λοιπὸν
3481 5211 3559 5274 ὡς
3590 5207 3806 5281 δέσμιος

2223 5347 2337 5426 (ἓβ)
2371 5346 2534 5426 ἓεέεη
2567 5339 2912 5426 “aeratam
2947 5361 3024 5396 σε·
3221 5406 3293 5426 ,ην
3605 5403 3732 5426 ..__.

2223 5348 2314 5419 (33
2371 5347 2534 5418 363.,
2567 5347 2912 5426 θαυμάζομέν
2947 5361 3024 5396 σε.
3268 5408 3280 5426 ἱ
3721 5403 3732 5414 .

2217 5347 2337 5504 ,(34ί
2389 5415 3181 5506 δίθηίῗῗέηὶζηθθεξρδῗίῗξῬζ
3220 5406 3524 5506 Ετέῖεἶθῖξῗὲ
3577 5402 3810 5506 ,θὲῗξὲζ

2152 5477 2440 5563 Εὔτρόπιν.
2491 5491 2620 5542 Mox
2675 5491 2814 5558 Reg.
2869 5477 3222 5561 τΑϐουήριον.
3254 5477 3522 5540 Nannius
3577 5477 3816 5552 scripsit

2151 5562 2453 5617 Abu’creon.

2226 5632 2336 5706 (35)
2368 5635 2533 5704 1163.,
2569 5624 2806 5708 ὤφελον.
