  <div class='ocr_page' id='page_1' title='image "/cluster/home/n/w/nwhite01/storage/ocr_20150623/25:no.1/coo.31924054873066/596.png"; bbox 0 0 4148 6380; ppageno 0'>
   <div class='ocr_carea' id='block_1_1' title="bbox 321 356 437 416">
    <p class='ocr_par' dir='ltr' id='par_1_1' title="bbox 321 356 437 416">
     <span class='ocr_line' id='line_1_1' title="bbox 321 356 437 416; baseline 0 0"><span class='ocrx_word' id='word_1_1' title='bbox 321 356 437 416; x_wconf 77' lang='lat'>605</span> 
     </span>
    </p>
   </div>
   <div class='ocr_carea' id='block_1_2' title="bbox 1359 336 2708 406">
    <p class='ocr_par' dir='ltr' id='par_1_2' title="bbox 1359 336 2708 406">
     <span class='ocr_line' id='line_1_2' title="bbox 1359 336 2708 406; baseline -0.007 0"><span class='ocrx_word' id='word_1_2' title='bbox 1359 342 1750 406; x_wconf 80' lang='lat' dir='ltr'>APOLOGIA</span> <span class='ocrx_word' id='word_1_3' title='bbox 1791 342 1896 402; x_wconf 83' lang='lat' dir='ltr'>AD</span> <span class='ocrx_word' id='word_1_4' title='bbox 1941 337 2500 401; x_wconf 87' lang='lat' dir='ltr'>CONSTANTIUM</span> <span class='ocrx_word' id='word_1_5' title='bbox 2543 336 2708 398; x_wconf 89' lang='lat' dir='ltr'>1MP.</span> 
     </span>
    </p>
   </div>
   <div class='ocr_carea' id='block_1_3' title="bbox 3613 342 3734 404">
    <p class='ocr_par' dir='ltr' id='par_1_3' title="bbox 3613 342 3734 404">
     <span class='ocr_line' id='line_1_3' title="bbox 3613 342 3734 404; baseline 0 0"><span class='ocrx_word' id='word_1_6' title='bbox 3613 342 3734 404; x_wconf 82' lang='lat'>606</span> 
     </span>
    </p>
   </div>
   <div class='ocr_carea' id='block_1_4' title="bbox 320 469 2024 551">
    <p class='ocr_par' dir='ltr' id='par_1_4' title="bbox 320 469 2024 551">
     <span class='ocr_line' id='line_1_4' title="bbox 320 469 2024 551; baseline -0.009 -11"><span class='ocrx_word' id='word_1_7' title='bbox 320 485 457 540; x_wconf 84' lang='grc' dir='ltr'>κατᾶ</span> <span class='ocrx_word' id='word_1_8' title='bbox 481 483 571 538; x_wconf 86' lang='grc' dir='ltr'>τὸν</span> <span class='ocrx_word' id='word_1_9' title='bbox 607 481 735 536; x_wconf 79' lang='grc' dir='ltr'>Κάΐν</span> <span class='ocrx_word' id='word_1_10' title='bbox 787 479 982 535; x_wconf 81' lang='grc' dir='ltr'>στένων</span> <span class='ocrx_word' id='word_1_11' title='bbox 1033 477 1122 531; x_wconf 74' lang='grc' dir='ltr'>καὶ</span> <span class='ocrx_word' id='word_1_12' title='bbox 1171 477 1384 551; x_wconf 84' lang='grc' dir='ltr'>τρέμων</span> <span class='ocrx_word' id='word_1_13' title='bbox 1443 472 1716 543; x_wconf 77' lang='grc' dir='ltr'>ἐδιώκετο,</span> <span class='ocrx_word' id='word_1_14' title='bbox 1745 469 1836 526; x_wconf 70' lang='grc' dir='ltr'>’ίνα</span> <span class='ocrx_word' id='word_1_15' title='bbox 1879 471 1971 526; x_wconf 81' lang='grc' dir='ltr'>καὶ</span> <span class='ocrx_word' id='word_1_16' title='bbox 2004 480 2024 541; x_wconf 56' lang='grc' dir='ltr'><em>Α</em></span> 
     </span>
    </p>
   </div>
   <div class='ocr_carea' id='block_1_5' title="bbox 2135 469 3734 551">
    <p class='ocr_par' dir='ltr' id='par_1_5' title="bbox 2135 469 3734 544">
     <span class='ocr_line' id='line_1_5' title="bbox 2135 469 3734 544; baseline 0.004 -19"><span class='ocrx_word' id='word_1_17' title='bbox 2135 475 2150 525; x_wconf 85' lang='lat' dir='ltr'>t</span> <span class='ocrx_word' id='word_1_18' title='bbox 2179 472 2381 526; x_wconf 72' lang='lat' dir='ltr'>faustas</span> <span class='ocrx_word' id='word_1_19' title='bbox 2410 471 2497 525; x_wconf 84' lang='lat' dir='ltr'>vir</span> <span class='ocrx_word' id='word_1_20' title='bbox 2528 469 2820 526; x_wconf 64' lang='lat' dir='ltr'>memoria</span> <span class='ocrx_word' id='word_1_21' title='bbox 2868 471 3215 544; x_wconf 82' lang='lat' dir='ltr'>martyrium</span> <span class='ocrx_word' id='word_1_22' title='bbox 3248 472 3324 528; x_wconf 90' lang='lat' dir='ltr'>sit</span> <span class='ocrx_word' id='word_1_23' title='bbox 3363 479 3734 532; x_wconf 84' lang='lat' dir='ltr'>consecutus.</span> 
     </span>
    </p>
   </div>
   <div class='ocr_carea' id='block_1_6' title="bbox 323 561 1980 640">
    <p class='ocr_par' dir='ltr' id='par_1_6' title="bbox 323 561 1980 640">
     <span class='ocr_line' id='line_1_6' title="bbox 323 561 1980 640; baseline -0.009 -12"><span class='ocrx_word' id='word_1_24' title='bbox 323 573 413 629; x_wconf 86' lang='grc' dir='ltr'>τὸν</span> <span class='ocrx_word' id='word_1_25' title='bbox 467 569 668 626; x_wconf 76' lang='grc' dir='ltr'>Ἰούδαν</span> <span class='ocrx_word' id='word_1_26' title='bbox 725 569 776 624; x_wconf 88' lang='grc' dir='ltr'>ἐν</span> <span class='ocrx_word' id='word_1_27' title='bbox 822 573 899 640; x_wconf 77' lang='grc' dir='ltr'>τῷ</span> <span class='ocrx_word' id='word_1_28' title='bbox 955 568 1167 638; x_wconf 82' lang='grc' dir='ltr'>Θανάτῳ</span> <span class='ocrx_word' id='word_1_29' title='bbox 1233 567 1562 638; x_wconf 72' lang='grc' dir='ltr'>μιμησηται,</span> <span class='ocrx_word' id='word_1_30' title='bbox 1615 561 1817 635; x_wconf 77' lang='grc' dir='ltr'>δήμιος</span> <span class='ocrx_word' id='word_1_31' title='bbox 1865 561 1980 614; x_wconf 88' lang='grc' dir='ltr'>καθ’</span> 
     </span>
    </p>
   </div>
   <div class='ocr_carea' id='block_1_7' title="bbox 327 651 1980 735">
    <p class='ocr_par' dir='ltr' id='par_1_7' title="bbox 327 651 1980 735">
     <span class='ocr_line' id='line_1_7' title="bbox 327 651 1980 735; baseline -0.008 -19"><span class='ocrx_word' id='word_1_32' title='bbox 327 663 518 716; x_wconf 69' lang='grc' dir='ltr'>ἑαυτοῦ</span> <span class='ocrx_word' id='word_1_33' title='bbox 562 659 876 735; x_wconf 82' lang='grc' dir='ltr'>γινόμενος,</span> <span class='ocrx_word' id='word_1_34' title='bbox 910 657 1000 711; x_wconf 85' lang='grc' dir='ltr'>καὶ</span> <span class='ocrx_word' id='word_1_35' title='bbox 1051 653 1250 724; x_wconf 74' lang='grc' dir='ltr'>διπλῆν</span> <span class='ocrx_word' id='word_1_36' title='bbox 1304 653 1585 722; x_wconf 84' lang='grc' dir='ltr'>ἐποίσηται</span> <span class='ocrx_word' id='word_1_37' title='bbox 1627 653 1740 706; x_wconf 84' lang='grc' dir='ltr'>καθ’</span> <span class='ocrx_word' id='word_1_38' title='bbox 1790 651 1980 704; x_wconf 74' lang='grc' dir='ltr'>ἐαυτοῦ</span> 
     </span>
    </p>
   </div>
   <div class='ocr_carea' id='block_1_8' title="bbox 325 743 1496 826">
    <p class='ocr_par' dir='ltr' id='par_1_8' title="bbox 325 743 1496 826">
     <span class='ocr_line' id='line_1_8' title="bbox 325 743 1496 826; baseline -0.006 -20"><span class='ocrx_word' id='word_1_39' title='bbox 325 752 424 820; x_wconf 79' lang='grc' dir='ltr'>τήν</span> <span class='ocrx_word' id='word_1_40' title='bbox 454 748 724 826; x_wconf 83' lang='grc' dir='ltr'>τιμωρίαν</span> <span class='ocrx_word' id='word_1_41' title='bbox 753 747 802 802; x_wconf 87' lang='grc' dir='ltr'>ἐν</span> <span class='ocrx_word' id='word_1_42' title='bbox 828 751 898 820; x_wconf 80' lang='grc' dir='ltr'>τῇ</span> <span class='ocrx_word' id='word_1_43' title='bbox 935 746 1068 820; x_wconf 85' lang='grc' dir='ltr'>μετά</span> <span class='ocrx_word' id='word_1_44' title='bbox 1096 749 1264 799; x_wconf 87' lang='grc' dir='ltr'>ταῦτα</span> <span class='ocrx_word' id='word_1_45' title='bbox 1295 743 1496 818; x_wconf 84' lang='grc' dir='ltr'>κρίσει.</span> 
     </span>
    </p>
   </div>
   <div class='ocr_carea' id='block_1_9' title="bbox 404 919 1987 1004">
    <p class='ocr_par' dir='ltr' id='par_1_9' title="bbox 404 919 1987 1004">
     <span class='ocr_line' id='line_1_9' title="bbox 404 919 1987 1004; baseline -0.01 -18"><span class='ocrx_word' id='word_1_46' title='bbox 404 932 458 986; x_wconf 89' lang='grc'>8.</span> <span class='ocrx_word' id='word_1_47' title='bbox 491 928 733 1000; x_wconf 70' lang='grc' dir='ltr'>Τοιοῦτῳ</span> <span class='ocrx_word' id='word_1_48' title='bbox 769 947 834 1000; x_wconf 91' lang='grc' dir='ltr'>με</span> <span class='ocrx_word' id='word_1_49' title='bbox 867 924 1024 1004; x_wconf 71' lang='grc' dir='ltr'>φίλον</span> <span class='ocrx_word' id='word_1_50' title='bbox 1072 926 1100 978; x_wconf 86' lang='grc' dir='ltr'>ὁ</span> <span class='ocrx_word' id='word_1_51' title='bbox 1151 919 1422 978; x_wconf 76' lang='grc' dir='ltr'>διαϐαλὼν</span> <span class='ocrx_word' id='word_1_52' title='bbox 1475 920 1690 994; x_wconf 81' lang='grc' dir='ltr'>ἐνόμισε</span> <span class='ocrx_word' id='word_1_53' title='bbox 1729 924 1987 994; x_wconf 75' lang='grc' dir='ltr'>γεγενῆσ-</span> 
     </span>
    </p>
   </div>
   <div class='ocr_carea' id='block_1_10' title="bbox 335 1007 1988 1092">
    <p class='ocr_par' dir='ltr' id='par_1_10' title="bbox 335 1007 1988 1092">
     <span class='ocr_line' id='line_1_10' title="bbox 335 1007 1988 1092; baseline -0.008 -19"><span class='ocrx_word' id='word_1_54' title='bbox 335 1021 442 1074; x_wconf 75' lang='grc' dir='ltr'>θαιο</span> <span class='ocrx_word' id='word_1_55' title='bbox 476 1018 512 1086; x_wconf 73' lang='grc' dir='ltr'><strong>ἢ</strong></span> <span class='ocrx_word' id='word_1_56' title='bbox 560 1018 705 1092; x_wconf 91' lang='grc' dir='ltr'>τάχα</span> <span class='ocrx_word' id='word_1_57' title='bbox 757 1013 881 1070; x_wconf 77' lang='grc' dir='ltr'>οὐδὲ</span> <span class='ocrx_word' id='word_1_58' title='bbox 1104 1013 1409 1086; x_wconf 77' lang='grc' dir='ltr'>νενόμικεν,</span> <span class='ocrx_word' id='word_1_59' title='bbox 1474 1009 1599 1065; x_wconf 88' lang='grc' dir='ltr'>ἀλλ’</span> <span class='ocrx_word' id='word_1_60' title='bbox 1659 1010 1734 1070; x_wconf 89' lang='grc' dir='ltr'>ὡς</span> <span class='ocrx_word' id='word_1_61' title='bbox 1795 1007 1988 1082; x_wconf 74' lang='grc' dir='ltr'>ἐχθρὸς</span> 
     </span>
    </p>
   </div>
   <div class='ocr_carea' id='block_1_11' title="bbox 341 1095 1989 1178">
    <p class='ocr_par' dir='ltr' id='par_1_11' title="bbox 341 1095 1989 1178">
     <span class='ocr_line' id='line_1_11' title="bbox 341 1095 1989 1178; baseline -0.009 -15"><span class='ocrx_word' id='word_1_62' title='bbox 341 1108 612 1168; x_wconf 76' lang='grc' dir='ltr'>ἀπιθάνως</span> <span class='ocrx_word' id='word_1_63' title='bbox 645 1103 935 1160; x_wconf 79' lang='grc' dir='ltr'>ἐπλάσατο·</span> <span class='ocrx_word' id='word_1_64' title='bbox 990 1101 1102 1158; x_wconf 77' lang='grc' dir='ltr'>οἶδε</span> <span class='ocrx_word' id='word_1_65' title='bbox 1145 1103 1250 1178; x_wconf 70' lang='grc' dir='ltr'>γὰρ</span> <span class='ocrx_word' id='word_1_66' title='bbox 1295 1096 1557 1173; x_wconf 75' lang='grc' dir='ltr'>ἀκριϐῶς,</span> <span class='ocrx_word' id='word_1_67' title='bbox 1609 1098 1690 1153; x_wconf 73' lang='grc' dir='ltr'>ὅτι</span> <span class='ocrx_word' id='word_1_68' title='bbox 1730 1095 1989 1169; x_wconf 68' lang='grc' dir='ltr'>κατεψεύ-</span> 
     </span>
    </p>
   </div>
   <div class='ocr_carea' id='block_1_12' title="bbox 342 1185 1994 1268">
    <p class='ocr_par' dir='ltr' id='par_1_12' title="bbox 342 1185 1994 1268">
     <span class='ocr_line' id='line_1_12' title="bbox 342 1185 1994 1268; baseline -0.009 -16"><span class='ocrx_word' id='word_1_69' title='bbox 342 1218 493 1253; x_wconf 90' lang='grc' dir='ltr'>σατο.</span> <span class='ocrx_word' id='word_1_70' title='bbox 552 1191 898 1268; x_wconf 75' lang='grc' dir='ltr'>Ἐϐουλόμην</span> <span class='ocrx_word' id='word_1_71' title='bbox 962 1191 1019 1247; x_wconf 73' lang='grc' dir='ltr'>δὲ</span> <span class='ocrx_word' id='word_1_72' title='bbox 1074 1190 1270 1258; x_wconf 73' lang='grc' dir='ltr'>αὐτὸν,</span> <span class='ocrx_word' id='word_1_73' title='bbox 1329 1190 1476 1251; x_wconf 81' lang='grc' dir='ltr'>ὅστις</span> <span class='ocrx_word' id='word_1_74' title='bbox 1532 1188 1710 1255; x_wconf 82' lang='grc' dir='ltr'>ἐστὶν,</span> <span class='ocrx_word' id='word_1_75' title='bbox 1772 1185 1994 1240; x_wconf 86' lang='grc' dir='ltr'>ἐνταῦθα</span> 
     </span>
    </p>
   </div>
   <div class='ocr_carea' id='block_1_13' title="bbox 341 1272 1995 1362">
    <p class='ocr_par' dir='ltr' id='par_1_13' title="bbox 341 1272 1995 1362">
     <span class='ocr_line' id='line_1_13' title="bbox 341 1272 1995 1362; baseline -0.008 -21"><span class='ocrx_word' id='word_1_76' title='bbox 341 1282 705 1362; x_wconf 76' lang='grc' dir='ltr'>παρεῖναι,καῖ</span> <span class='ocrx_word' id='word_1_77' title='bbox 763 1282 844 1338; x_wconf 85' lang='grc' dir='ltr'>ἐπ’</span> <span class='ocrx_word' id='word_1_78' title='bbox 902 1282 1070 1352; x_wconf 80' lang='grc' dir='ltr'>αὐτῆς</span> <span class='ocrx_word' id='word_1_79' title='bbox 1126 1287 1224 1350; x_wconf 78' lang='grc' dir='ltr'>τῆς</span> <span class='ocrx_word' id='word_1_80' title='bbox 1286 1277 1544 1348; x_wconf 75' lang='grc' dir='ltr'>ἀληθείας</span> <span class='ocrx_word' id='word_1_81' title='bbox 1618 1277 1889 1353; x_wconf 73' lang='grc' dir='ltr'>ἐρωτῆσαι</span> <span class='ocrx_word' id='word_1_82' title='bbox 1938 1272 1995 1344; x_wconf 79' lang='grc' dir='ltr'>(ἓι</span> 
     </span>
    </p>
   </div>
   <div class='ocr_carea' id='block_1_14' title="bbox 344 1361 1999 1450">
    <p class='ocr_par' dir='ltr' id='par_1_14' title="bbox 344 1361 1999 1450">
     <span class='ocr_line' id='line_1_14' title="bbox 344 1361 1999 1450; baseline -0.006 -23"><span class='ocrx_word' id='word_1_83' title='bbox 344 1361 448 1450; x_wconf 81' lang='grc' dir='ltr'>γὰρ</span> <span class='ocrx_word' id='word_1_84' title='bbox 481 1373 555 1435; x_wconf 86' lang='grc' dir='ltr'>ὡς</span> <span class='ocrx_word' id='word_1_85' title='bbox 587 1377 721 1428; x_wconf 91' lang='grc' dir='ltr'>Θεοῦ</span> <span class='ocrx_word' id='word_1_86' title='bbox 751 1370 1018 1445; x_wconf 83' lang='grc' dir='ltr'>παρόντος</span> <span class='ocrx_word' id='word_1_87' title='bbox 1073 1368 1375 1442; x_wconf 74' lang='grc' dir='ltr'>λαλοῦμεν,</span> <span class='ocrx_word' id='word_1_88' title='bbox 1428 1372 1616 1422; x_wconf 86' lang='grc' dir='ltr'>τοῦτον</span> <span class='ocrx_word' id='word_1_89' title='bbox 1671 1365 1832 1440; x_wconf 76' lang='grc' dir='ltr'>ὅρκον</span> <span class='ocrx_word' id='word_1_90' title='bbox 1874 1361 1999 1436; x_wconf 83' lang='grc' dir='ltr'>ἔχο-</span> 
     </span>
    </p>
   </div>
   <div class='ocr_carea' id='block_1_15' title="bbox 349 1453 1997 1536">
    <p class='ocr_par' dir='ltr' id='par_1_15' title="bbox 349 1453 1997 1536">
     <span class='ocr_line' id='line_1_15' title="bbox 349 1453 1997 1536; baseline -0.008 -19"><span class='ocrx_word' id='word_1_91' title='bbox 349 1483 442 1536; x_wconf 90' lang='grc' dir='ltr'>μεν</span> <span class='ocrx_word' id='word_1_92' title='bbox 475 1464 639 1535; x_wconf 80' lang='grc' dir='ltr'>ἡμεῖς</span> <span class='ocrx_word' id='word_1_93' title='bbox 693 1462 745 1515; x_wconf 69' lang='grc' dir='ltr'>οἳ</span> <span class='ocrx_word' id='word_1_94' title='bbox 792 1458 1125 1532; x_wconf 85' lang='grc' dir='ltr'>Χριστιανοί)</span> <span class='ocrx_word' id='word_1_95' title='bbox 1173 1457 1400 1533; x_wconf 89' lang='grc' dir='ltr'>πότερος</span> <span class='ocrx_word' id='word_1_96' title='bbox 1449 1459 1607 1528; x_wconf 77' lang='grc' dir='ltr'>ἡμῶν</span> <span class='ocrx_word' id='word_1_97' title='bbox 1643 1453 1847 1530; x_wconf 75' lang='grc' dir='ltr'>ἔχαιρε,</span> <span class='ocrx_word' id='word_1_98' title='bbox 1901 1454 1997 1506; x_wconf 87' lang='grc' dir='ltr'>τοῦ</span> 
     </span>
    </p>
   </div>
   <div class='ocr_carea' id='block_1_16' title="bbox 350 1539 2000 1626">
    <p class='ocr_par' dir='ltr' id='par_1_16' title="bbox 350 1539 2000 1626">
     <span class='ocr_line' id='line_1_16' title="bbox 350 1539 2000 1626; baseline -0.008 -20"><span class='ocrx_word' id='word_1_99' title='bbox 350 1549 649 1626; x_wconf 78' lang='grc' dir='ltr'>μακαρίτου</span> <span class='ocrx_word' id='word_1_100' title='bbox 694 1551 1041 1610; x_wconf 72' lang='grc' dir='ltr'>Κώνπαντος</span> <span class='ocrx_word' id='word_1_101' title='bbox 1070 1552 1290 1620; x_wconf 77' lang='grc' dir='ltr'>ζῶντος,</span> <span class='ocrx_word' id='word_1_102' title='bbox 1323 1546 1412 1600; x_wconf 82' lang='grc' dir='ltr'>καὶ</span> <span class='ocrx_word' id='word_1_103' title='bbox 1459 1546 1541 1607; x_wconf 84' lang='grc' dir='ltr'>τίς</span> <span class='ocrx_word' id='word_1_104' title='bbox 1578 1541 1788 1618; x_wconf 77' lang='grc' dir='ltr'>μᾶλλον</span> <span class='ocrx_word' id='word_1_105' title='bbox 1831 1539 2000 1615; x_wconf 62' lang='grc' dir='ltr'>ηὔχε-</span> 
     </span>
    </p>
   </div>
   <div class='ocr_carea' id='block_1_17' title="bbox 345 1632 1999 1716">
    <p class='ocr_par' dir='ltr' id='par_1_17' title="bbox 345 1632 1999 1716">
     <span class='ocr_line' id='line_1_17' title="bbox 345 1632 1999 1716; baseline -0.008 -20"><span class='ocrx_word' id='word_1_106' title='bbox 345 1661 429 1696; x_wconf 88' lang='grc' dir='ltr'>το·</span> <span class='ocrx_word' id='word_1_107' title='bbox 461 1640 615 1708; x_wconf 78' lang='grc' dir='ltr'>καὶὴ</span> <span class='ocrx_word' id='word_1_108' title='bbox 659 1640 849 1716; x_wconf 84' lang='grc' dir='ltr'>πρώτη</span> <span class='ocrx_word' id='word_1_109' title='bbox 903 1632 1135 1706; x_wconf 80' lang='grc' dir='ltr'>διαϐολή</span> <span class='ocrx_word' id='word_1_110' title='bbox 1191 1634 1446 1702; x_wconf 86' lang='grc' dir='ltr'>δείκνυσι,</span> <span class='ocrx_word' id='word_1_111' title='bbox 1495 1634 1583 1688; x_wconf 87' lang='grc' dir='ltr'>καὶ</span> <span class='ocrx_word' id='word_1_112' title='bbox 1632 1632 1791 1686; x_wconf 83' lang='grc' dir='ltr'>παντὶ</span> <span class='ocrx_word' id='word_1_113' title='bbox 1839 1634 1999 1684; x_wconf 89' lang='grc' dir='ltr'>τοῦτο</span> 
     </span>
    </p>
   </div>
   <div class='ocr_carea' id='block_1_18' title="bbox 353 1717 1999 1800">
    <p class='ocr_par' dir='ltr' id='par_1_18' title="bbox 353 1717 1999 1800">
     <span class='ocr_line' id='line_1_18' title="bbox 353 1717 1999 1800; baseline -0.008 -15"><span class='ocrx_word' id='word_1_114' title='bbox 353 1728 522 1800; x_wconf 87' lang='grc' dir='ltr'>δῆλόν</span> <span class='ocrx_word' id='word_1_115' title='bbox 558 1729 719 1785; x_wconf 82' lang='grc' dir='ltr'>ἐστιν.</span> <span class='ocrx_word' id='word_1_116' title='bbox 751 1728 813 1782; x_wconf 82' lang='grc' dir='ltr'>Εἰ</span> <span class='ocrx_word' id='word_1_117' title='bbox 847 1725 903 1782; x_wconf 78' lang='grc' dir='ltr'>δὲ</span> <span class='ocrx_word' id='word_1_118' title='bbox 929 1727 1019 1781; x_wconf 87' lang='grc' dir='ltr'>καὶ</span> <span class='ocrx_word' id='word_1_119' title='bbox 1069 1725 1226 1788; x_wconf 78' lang='grc' dir='ltr'>αὐτὸς</span> <span class='ocrx_word' id='word_1_120' title='bbox 1276 1723 1415 1780; x_wconf 74' lang='grc' dir='ltr'>οἶδεν</span> <span class='ocrx_word' id='word_1_121' title='bbox 1470 1717 1728 1795; x_wconf 73' lang='grc' dir='ltr'>ἀκριϐῶς,</span> <span class='ocrx_word' id='word_1_122' title='bbox 1762 1719 1845 1775; x_wconf 80' lang='grc' dir='ltr'>ὅτι</span> <span class='ocrx_word' id='word_1_123' title='bbox 1891 1723 1999 1774; x_wconf 80' lang='grc' dir='ltr'>τῶν</span> 
     </span>
    </p>
   </div>
   <div class='ocr_carea' id='block_1_19' title="bbox 2091 560 3738 637">
    <p class='ocr_par' dir='ltr' id='par_1_19' title="bbox 2091 560 3738 637">
     <span class='ocr_line' id='line_1_19' title="bbox 2091 560 3738 637; baseline 0.003 -22"><span class='ocrx_word' id='word_1_124' title='bbox 2091 563 2158 615; x_wconf 87' lang='lat' dir='ltr'>At</span> <span class='ocrx_word' id='word_1_125' title='bbox 2189 560 2285 615; x_wconf 91' lang='lat' dir='ltr'>ille</span> <span class='ocrx_word' id='word_1_126' title='bbox 2315 561 2588 630; x_wconf 86' lang='lat' dir='ltr'>deinceps</span> <span class='ocrx_word' id='word_1_127' title='bbox 2641 561 2808 630; x_wconf 89' lang='lat' dir='ltr'>quasi</span> <span class='ocrx_word' id='word_1_128' title='bbox 2839 560 3092 626; x_wconf 86' lang='lat' dir='ltr'>vinctus,</span> <span class='ocrx_word' id='word_1_129' title='bbox 3124 561 3396 634; x_wconf 90' lang='lat' dir='ltr'>velutque</span> <span class='ocrx_word' id='word_1_130' title='bbox 3444 563 3582 618; x_wconf 89' lang='lat' dir='ltr'>Cain</span> <span class='ocrx_word' id='word_1_131' title='bbox 3636 581 3738 637; x_wconf 87' lang='lat' dir='ltr'>ge-</span> 
     </span>
    </p>
   </div>
   <div class='ocr_carea' id='block_1_20' title="bbox 2094 650 3737 722">
    <p class='ocr_par' dir='ltr' id='par_1_20' title="bbox 2094 650 3737 722">
     <span class='ocr_line' id='line_1_20' title="bbox 2094 650 3737 722; baseline 0.003 -18"><span class='ocrx_word' id='word_1_132' title='bbox 2094 666 2261 704; x_wconf 83' lang='lat' dir='ltr'>mens</span> <span class='ocrx_word' id='word_1_133' title='bbox 2293 666 2357 703; x_wconf 92' lang='lat' dir='ltr'>ac</span> <span class='ocrx_word' id='word_1_134' title='bbox 2372 650 2794 705; x_wconf 89' lang='lat' dir='ltr'>tremebundus</span> <span class='ocrx_word' id='word_1_135' title='bbox 2813 651 3076 721; x_wconf 77' lang='lat' dir='ltr'>undique</span> <span class='ocrx_word' id='word_1_136' title='bbox 3096 650 3304 722; x_wconf 89' lang='lat' dir='ltr'>pulsus</span> <span class='ocrx_word' id='word_1_137' title='bbox 3323 656 3414 707; x_wconf 92' lang='lat' dir='ltr'>est</span> <span class='ocrx_word' id='word_1_138' title='bbox 3431 656 3495 707; x_wconf 86' lang='lat' dir='ltr'>ut</span> <span class='ocrx_word' id='word_1_139' title='bbox 3521 653 3737 709; x_wconf 89' lang='lat' dir='ltr'>Judam</span> 
     </span>
    </p>
   </div>
   <div class='ocr_carea' id='block_1_21' title="bbox 2095 737 3742 810">
    <p class='ocr_par' dir='ltr' id='par_1_21' title="bbox 2095 737 3742 810">
     <span class='ocr_line' id='line_1_21' title="bbox 2095 737 3742 810; baseline 0.003 -18"><span class='ocrx_word' id='word_1_140' title='bbox 2095 739 2154 792; x_wconf 90' lang='lat' dir='ltr'>in</span> <span class='ocrx_word' id='word_1_141' title='bbox 2178 743 2363 792; x_wconf 89' lang='lat' dir='ltr'>morte</span> <span class='ocrx_word' id='word_1_142' title='bbox 2385 737 2670 802; x_wconf 82' lang='lat' dir='ltr'>imitatus,</span> <span class='ocrx_word' id='word_1_143' title='bbox 2686 738 2893 810; x_wconf 89' lang='lat' dir='ltr'>suique</span> <span class='ocrx_word' id='word_1_144' title='bbox 2914 739 3039 810; x_wconf 86' lang='lat' dir='ltr'>ipse</span> <span class='ocrx_word' id='word_1_145' title='bbox 3060 739 3315 796; x_wconf 82' lang='lat' dir='ltr'>carnifex</span> <span class='ocrx_word' id='word_1_146' title='bbox 3335 741 3610 798; x_wconf 74' lang='lat' dir='ltr'>effectus:</span> <span class='ocrx_word' id='word_1_147' title='bbox 3637 743 3742 797; x_wconf 88' lang='lat' dir='ltr'>du-</span> 
     </span>
    </p>
   </div>
   <div class='ocr_carea' id='block_1_22' title="bbox 2097 825 3741 902">
    <p class='ocr_par' dir='ltr' id='par_1_22' title="bbox 2097 825 3741 902">
     <span class='ocr_line' id='line_1_22' title="bbox 2097 825 3741 902; baseline 0.004 -21"><span class='ocrx_word' id='word_1_148' title='bbox 2097 827 2232 899; x_wconf 91' lang='lat' dir='ltr'>plici</span> <span class='ocrx_word' id='word_1_149' title='bbox 2265 825 2550 898; x_wconf 82' lang='lat' dir='ltr'>supplicio</span> <span class='ocrx_word' id='word_1_150' title='bbox 2581 827 2676 881; x_wconf 89' lang='lat' dir='ltr'>hic</span> <span class='ocrx_word' id='word_1_151' title='bbox 2702 833 2788 882; x_wconf 87' lang='lat' dir='ltr'>est</span> <span class='ocrx_word' id='word_1_152' title='bbox 2818 828 2874 882; x_wconf 94' lang='lat' dir='ltr'>in</span> <span class='ocrx_word' id='word_1_153' title='bbox 2901 830 3095 884; x_wconf 77' lang='lat' dir='ltr'>futuro</span> <span class='ocrx_word' id='word_1_154' title='bbox 3121 829 3344 899; x_wconf 89' lang='lat' dir='ltr'>judicio</span> <span class='ocrx_word' id='word_1_155' title='bbox 3376 830 3741 902; x_wconf 84' lang='lat' dir='ltr'>plecteretur.</span> 
     </span>
    </p>
   </div>
   <div class='ocr_carea' id='block_1_23' title="bbox 2169 916 3744 986">
    <p class='ocr_par' dir='ltr' id='par_1_23' title="bbox 2169 916 3744 986">
     <span class='ocr_line' id='line_1_23' title="bbox 2169 916 3744 986; baseline 0.002 -14"><span class='ocrx_word' id='word_1_156' title='bbox 2169 916 2343 972; x_wconf 72' lang='lat'>238.</span> <span class='ocrx_word' id='word_1_157' title='bbox 2372 919 2424 970; x_wconf 86' lang='lat'>8.</span> <span class='ocrx_word' id='word_1_158' title='bbox 2449 916 2940 986; x_wconf 65' lang='lat' dir='ltr'>Hujusmodijviro</span> <span class='ocrx_word' id='word_1_159' title='bbox 2964 934 3055 973; x_wconf 91' lang='lat' dir='ltr'>me</span> <span class='ocrx_word' id='word_1_160' title='bbox 3077 918 3468 974; x_wconf 81' lang='lat' dir='ltr'>calumniator</span> <span class='ocrx_word' id='word_1_161' title='bbox 3486 919 3744 976; x_wconf 87' lang='lat' dir='ltr'>amicum</span> 
     </span>
    </p>
   </div>
   <div class='ocr_carea' id='block_1_24' title="bbox 2101 1007 3744 1080">
    <p class='ocr_par' dir='ltr' id='par_1_24' title="bbox 2101 1007 3744 1080">
     <span class='ocr_line' id='line_1_24' title="bbox 2101 1007 3744 1080; baseline 0.002 -19"><span class='ocrx_word' id='word_1_162' title='bbox 2101 1007 2416 1062; x_wconf 79' lang='lat' dir='ltr'>arbitratus</span> <span class='ocrx_word' id='word_1_163' title='bbox 2447 1010 2535 1060; x_wconf 86' lang='lat' dir='ltr'>est</span> <span class='ocrx_word' id='word_1_164' title='bbox 2559 1021 2570 1058; x_wconf 89' lang='lat'><strong>:</strong></span> <span class='ocrx_word' id='word_1_165' title='bbox 2597 1010 2696 1059; x_wconf 90' lang='lat' dir='ltr'>aut</span> <span class='ocrx_word' id='word_1_166' title='bbox 2723 1007 3264 1079; x_wconf 86' lang='lat' dir='ltr'>fortenequaquam</span> <span class='ocrx_word' id='word_1_167' title='bbox 3291 1008 3373 1064; x_wconf 91' lang='lat' dir='ltr'>ita</span> <span class='ocrx_word' id='word_1_168' title='bbox 3402 1009 3744 1080; x_wconf 83' lang='lat' dir='ltr'>arbitratus,</span> 
     </span>
    </p>
   </div>
   <div class='ocr_carea' id='block_1_25' title="bbox 2102 1093 3748 1169">
    <p class='ocr_par' dir='ltr' id='par_1_25' title="bbox 2102 1093 3748 1169">
     <span class='ocr_line' id='line_1_25' title="bbox 2102 1093 3748 1169; baseline 0.002 -19"><span class='ocrx_word' id='word_1_169' title='bbox 2102 1096 2202 1150; x_wconf 91' lang='lat' dir='ltr'>sed</span> <span class='ocrx_word' id='word_1_170' title='bbox 2230 1098 2428 1166; x_wconf 88' lang='lat' dir='ltr'>utpote</span> <span class='ocrx_word' id='word_1_171' title='bbox 2450 1093 2894 1150; x_wconf 89' lang='lat' dir='ltr'>inimicissimus</span> <span class='ocrx_word' id='word_1_172' title='bbox 2914 1112 3035 1150; x_wconf 90' lang='lat' dir='ltr'>rem</span> <span class='ocrx_word' id='word_1_173' title='bbox 3066 1096 3226 1151; x_wconf 85' lang='lat' dir='ltr'>illam</span> <span class='ocrx_word' id='word_1_174' title='bbox 3250 1098 3628 1169; x_wconf 86' lang='lat' dir='ltr'>quantumvis</span> <span class='ocrx_word' id='word_1_175' title='bbox 3658 1097 3748 1154; x_wconf 86' lang='lat' dir='ltr'>in-</span> 
     </span>
    </p>
   </div>
   <div class='ocr_carea' id='block_1_26' title="bbox 2103 1182 3750 1259">
    <p class='ocr_par' dir='ltr' id='par_1_26' title="bbox 2103 1182 3750 1259">
     <span class='ocr_line' id='line_1_26' title="bbox 2103 1182 3750 1259; baseline 0.002 -19"><span class='ocrx_word' id='word_1_176' title='bbox 2103 1182 2442 1240; x_wconf 85' lang='lat' dir='ltr'>credibilem</span> <span class='ocrx_word' id='word_1_177' title='bbox 2473 1188 2840 1238; x_wconf 90' lang='lat' dir='ltr'>commentus</span> <span class='ocrx_word' id='word_1_178' title='bbox 2872 1189 2978 1251; x_wconf 88' lang='lat' dir='ltr'>est,</span> <span class='ocrx_word' id='word_1_179' title='bbox 3012 1185 3148 1241; x_wconf 89' lang='lat' dir='ltr'>licet</span> <span class='ocrx_word' id='word_1_180' title='bbox 3194 1188 3457 1259; x_wconf 88' lang='lat' dir='ltr'>apprime</span> <span class='ocrx_word' id='word_1_181' title='bbox 3507 1188 3662 1243; x_wconf 92' lang='lat' dir='ltr'>norit</span> <span class='ocrx_word' id='word_1_182' title='bbox 3686 1203 3750 1244; x_wconf 87' lang='lat' dir='ltr'>se</span> 
     </span>
    </p>
   </div>
   <div class='ocr_carea' id='block_1_27' title="bbox 2105 1260 3748 1344">
    <p class='ocr_par' dir='ltr' id='par_1_27' title="bbox 2105 1260 3748 1344">
     <span class='ocr_line' id='line_1_27' title="bbox 2105 1260 3748 1344; baseline 0.002 -15"><span class='ocrx_word' id='word_1_183' title='bbox 2105 1260 2418 1329; x_wconf 85' lang='lat' dir='ltr'>mentitum</span> <span class='ocrx_word' id='word_1_184' title='bbox 2477 1288 2624 1327; x_wconf 90' lang='lat' dir='ltr'>esse.</span> <span class='ocrx_word' id='word_1_185' title='bbox 2674 1272 3026 1342; x_wconf 86' lang='lat' dir='ltr'>Peroptarim</span> <span class='ocrx_word' id='word_1_186' title='bbox 3077 1291 3217 1330; x_wconf 86' lang='lat' dir='ltr'>sane</span> <span class='ocrx_word' id='word_1_187' title='bbox 3275 1281 3339 1331; x_wconf 85' lang='lat' dir='ltr'>ut</span> <span class='ocrx_word' id='word_1_188' title='bbox 3396 1276 3493 1332; x_wconf 92' lang='lat' dir='ltr'>ille</span> <span class='ocrx_word' id='word_1_189' title='bbox 3547 1277 3748 1344; x_wconf 90' lang='lat' dir='ltr'>homo,</span> 
     </span>
    </p>
   </div>
   <div class='ocr_carea' id='block_1_28' title="bbox 2107 1360 3754 1439">
    <p class='ocr_par' dir='ltr' id='par_1_28' title="bbox 2107 1360 3754 1439">
     <span class='ocr_line' id='line_1_28' title="bbox 2107 1360 3754 1439; baseline 0.005 -24"><span class='ocrx_word' id='word_1_190' title='bbox 2107 1360 2377 1433; x_wconf 85' lang='lat' dir='ltr'>quisquis</span> <span class='ocrx_word' id='word_1_191' title='bbox 2405 1361 2643 1416; x_wconf 88' lang='lat' dir='ltr'>tandem</span> <span class='ocrx_word' id='word_1_192' title='bbox 2667 1361 2761 1428; x_wconf 87' lang='lat' dir='ltr'>sit,</span> <span class='ocrx_word' id='word_1_193' title='bbox 2786 1361 2879 1416; x_wconf 92' lang='lat' dir='ltr'>hic</span> <span class='ocrx_word' id='word_1_194' title='bbox 2901 1379 3094 1417; x_wconf 91' lang='lat' dir='ltr'>coram</span> <span class='ocrx_word' id='word_1_195' title='bbox 3123 1365 3374 1436; x_wconf 83' lang='lat' dir='ltr'>adesset,</span> <span class='ocrx_word' id='word_1_196' title='bbox 3393 1372 3459 1420; x_wconf 91' lang='lat' dir='ltr'>ut</span> <span class='ocrx_word' id='word_1_197' title='bbox 3484 1383 3617 1422; x_wconf 91' lang='lat' dir='ltr'>eum</span> <span class='ocrx_word' id='word_1_198' title='bbox 3650 1383 3754 1439; x_wconf 88' lang='lat' dir='ltr'>per</span> 
     </span>
    </p>
   </div>
   <div class='ocr_carea' id='block_1_29' title="bbox 2105 1450 3752 1527">
    <p class='ocr_par' dir='ltr' id='par_1_29' title="bbox 2105 1450 3752 1527">
     <span class='ocr_line' id='line_1_29' title="bbox 2105 1450 3752 1527; baseline 0.004 -22"><span class='ocrx_word' id='word_1_199' title='bbox 2105 1451 2735 1522; x_wconf 87' lang='lat' dir='ltr'>ipsammetveritatem</span> <span class='ocrx_word' id='word_1_200' title='bbox 2759 1450 3177 1522; x_wconf 87' lang='lat' dir='ltr'>interrogarem</span> <span class='ocrx_word' id='word_1_201' title='bbox 3192 1455 3574 1527; x_wconf 72' lang='lat' dir='ltr'>(quaecunque</span> <span class='ocrx_word' id='word_1_202' title='bbox 3594 1456 3752 1512; x_wconf 88' lang='lat' dir='ltr'>enim</span> 
     </span>
    </p>
   </div>
   <div class='ocr_carea' id='block_1_30' title="bbox 2109 1538 3755 1611">
    <p class='ocr_par' dir='ltr' id='par_1_30' title="bbox 2109 1538 3755 1611">
     <span class='ocr_line' id='line_1_30' title="bbox 2109 1538 3755 1611; baseline 0.004 -17"><span class='ocrx_word' id='word_1_203' title='bbox 2109 1539 2276 1611; x_wconf 88' lang='lat' dir='ltr'>quasi</span> <span class='ocrx_word' id='word_1_204' title='bbox 2305 1539 2420 1594; x_wconf 89' lang='lat' dir='ltr'>Deo</span> <span class='ocrx_word' id='word_1_205' title='bbox 2443 1544 2725 1609; x_wconf 71' lang='lat' dir='ltr'>przesente</span> <span class='ocrx_word' id='word_1_206' title='bbox 2753 1538 3070 1610; x_wconf 85' lang='lat' dir='ltr'>loquimur,</span> <span class='ocrx_word' id='word_1_207' title='bbox 3089 1541 3197 1596; x_wconf 91' lang='lat' dir='ltr'>hoc</span> <span class='ocrx_word' id='word_1_208' title='bbox 3219 1543 3386 1598; x_wconf 90' lang='lat' dir='ltr'>nobis</span> <span class='ocrx_word' id='word_1_209' title='bbox 3405 1544 3755 1602; x_wconf 86' lang='lat' dir='ltr'>Christianis</span> 
     </span>
    </p>
   </div>
   <div class='ocr_carea' id='block_1_31' title="bbox 2104 1627 3754 1700">
    <p class='ocr_par' dir='ltr' id='par_1_31' title="bbox 2104 1627 3754 1700">
     <span class='ocr_line' id='line_1_31' title="bbox 2104 1627 3754 1700; baseline 0.005 -18"><span class='ocrx_word' id='word_1_210' title='bbox 2104 1629 2427 1700; x_wconf 90' lang='lat' dir='ltr'>juramenti</span> <span class='ocrx_word' id='word_1_211' title='bbox 2456 1627 2580 1682; x_wconf 95' lang='lat' dir='ltr'>loco</span> <span class='ocrx_word' id='word_1_212' title='bbox 2613 1629 2722 1698; x_wconf 87' lang='lat' dir='ltr'>est)</span> <span class='ocrx_word' id='word_1_213' title='bbox 2754 1634 2886 1683; x_wconf 90' lang='lat' dir='ltr'>uter</span> <span class='ocrx_word' id='word_1_214' title='bbox 2915 1635 3179 1685; x_wconf 89' lang='lat' dir='ltr'>nostrum</span> <span class='ocrx_word' id='word_1_215' title='bbox 3211 1632 3280 1686; x_wconf 93' lang='lat' dir='ltr'>de</span> <span class='ocrx_word' id='word_1_216' title='bbox 3322 1633 3502 1688; x_wconf 72' lang='lat' dir='ltr'>beataa</span> <span class='ocrx_word' id='word_1_217' title='bbox 3534 1651 3754 1690; x_wconf 88' lang='lat' dir='ltr'>memo-</span> 
     </span>
    </p>
   </div>
   <div class='ocr_carea' id='block_1_32' title="bbox 2114 1715 3760 1795">
    <p class='ocr_par' dir='ltr' id='par_1_32' title="bbox 2114 1715 3760 1795">
     <span class='ocr_line' id='line_1_32' title="bbox 2114 1715 3760 1795; baseline 0.004 -24"><span class='ocrx_word' id='word_1_218' title='bbox 2114 1718 2209 1772; x_wconf 67' lang='lat' dir='ltr'>ria:</span> <span class='ocrx_word' id='word_1_219' title='bbox 2242 1717 2576 1772; x_wconf 83' lang='lat' dir='ltr'>Constantis</span> <span class='ocrx_word' id='word_1_220' title='bbox 2605 1715 3008 1773; x_wconf 87' lang='lat' dir='ltr'>incolumitate</span> <span class='ocrx_word' id='word_1_221' title='bbox 3039 1720 3355 1790; x_wconf 89' lang='lat' dir='ltr'>gauderet:</span> <span class='ocrx_word' id='word_1_222' title='bbox 3382 1725 3510 1777; x_wconf 89' lang='lat' dir='ltr'>uter</span> <span class='ocrx_word' id='word_1_223' title='bbox 3539 1722 3760 1795; x_wconf 85' lang='lat' dir='ltr'>impen-</span> 
     </span>
    </p>
   </div>
   <div class='ocr_carea' id='block_1_33' title="bbox 355 1805 2024 1913">
    <p class='ocr_par' dir='ltr' id='par_1_33' title="bbox 355 1807 2024 1913">
     <span class='ocr_line' id='line_1_33' title="bbox 355 1807 2024 1913; baseline -0.007 -40"><span class='ocrx_word' id='word_1_224' title='bbox 355 1819 498 1874; x_wconf 77' lang='grc' dir='ltr'>οὕτω</span> <span class='ocrx_word' id='word_1_225' title='bbox 551 1815 926 1890; x_wconf 74' lang='grc' dir='ltr'>διακειμένων,</span> <span class='ocrx_word' id='word_1_226' title='bbox 976 1816 1065 1870; x_wconf 85' lang='grc' dir='ltr'>καὶ</span> <span class='ocrx_word' id='word_1_227' title='bbox 1117 1813 1169 1870; x_wconf 78' lang='grc' dir='ltr'>εἷ’</span> <span class='ocrx_word' id='word_1_228' title='bbox 1211 1836 1295 1876; x_wconf 89' lang='grc' dir='ltr'>τις</span> <span class='ocrx_word' id='word_1_229' title='bbox 1344 1815 1531 1887; x_wconf 79' lang='grc' dir='ltr'>ἦγάπα</span> <span class='ocrx_word' id='word_1_230' title='bbox 1572 1812 1662 1866; x_wconf 86' lang='grc' dir='ltr'>τὸν</span> <span class='ocrx_word' id='word_1_231' title='bbox 1700 1807 2024 1913; x_wconf 77' lang='grc' dir='ltr'>μακαρίτηνΙ</span> 
     </span>
    </p>
   </div>
   <div class='ocr_carea' id='block_1_34' title="bbox 2135 1805 3761 1913">
    <p class='ocr_par' dir='ltr' id='par_1_34' title="bbox 2135 1805 3761 1880">
     <span class='ocr_line' id='line_1_34' title="bbox 2135 1805 3761 1880; baseline 0.006 -21"><span class='ocrx_word' id='word_1_232' title='bbox 2135 1807 2239 1862; x_wconf 73' lang='grc' dir='ltr'>ιίυε</span> <span class='ocrx_word' id='word_1_233' title='bbox 2272 1823 2373 1877; x_wconf 92' lang='lat' dir='ltr'>pro</span> <span class='ocrx_word' id='word_1_234' title='bbox 2407 1805 2504 1860; x_wconf 92' lang='lat' dir='ltr'>illo</span> <span class='ocrx_word' id='word_1_235' title='bbox 2526 1811 2752 1860; x_wconf 88' lang='lat' dir='ltr'>oraret:</span> <span class='ocrx_word' id='word_1_236' title='bbox 2780 1807 2835 1861; x_wconf 91' lang='lat' dir='ltr'>id</span> <span class='ocrx_word' id='word_1_237' title='bbox 2870 1824 3009 1862; x_wconf 86' lang='lat' dir='ltr'>sane</span> <span class='ocrx_word' id='word_1_238' title='bbox 3032 1808 3117 1863; x_wconf 88' lang='lat' dir='ltr'>vel</span> <span class='ocrx_word' id='word_1_239' title='bbox 3153 1809 3328 1880; x_wconf 88' lang='lat' dir='ltr'>priori</span> <span class='ocrx_word' id='word_1_240' title='bbox 3358 1811 3415 1866; x_wconf 92' lang='lat' dir='ltr'>in</span> <span class='ocrx_word' id='word_1_241' title='bbox 3449 1828 3541 1866; x_wconf 91' lang='lat' dir='ltr'>me</span> <span class='ocrx_word' id='word_1_242' title='bbox 3570 1812 3761 1868; x_wconf 85' lang='lat' dir='ltr'>delata</span> 
     </span>
    </p>
   </div>
   <div class='ocr_carea' id='block_1_35' title="bbox 356 1898 2004 1980">
    <p class='ocr_par' dir='ltr' id='par_1_35' title="bbox 356 1898 2004 1980">
     <span class='ocr_line' id='line_1_35' title="bbox 356 1898 2004 1980; baseline -0.008 -17"><span class='ocrx_word' id='word_1_243' title='bbox 356 1910 695 1975; x_wconf 84' lang='grc' dir='ltr'>Κώνσταντα,</span> <span class='ocrx_word' id='word_1_244' title='bbox 747 1906 844 1960; x_wconf 74' lang='grc' dir='ltr'>οὐκ</span> <span class='ocrx_word' id='word_1_245' title='bbox 896 1904 1138 1979; x_wconf 85' lang='grc' dir='ltr'>ἐγίγνετο</span> <span class='ocrx_word' id='word_1_246' title='bbox 1183 1901 1342 1980; x_wconf 71' lang='grc' dir='ltr'>φίλος</span> <span class='ocrx_word' id='word_1_247' title='bbox 1390 1907 1468 1972; x_wconf 80' lang='grc' dir='ltr'>τῷ</span> <span class='ocrx_word' id='word_1_248' title='bbox 1497 1901 1612 1954; x_wconf 87' lang='grc' dir='ltr'>κατ’</span> <span class='ocrx_word' id='word_1_249' title='bbox 1661 1898 1865 1954; x_wconf 88' lang='grc' dir='ltr'>ἐκείνου</span> <span class='ocrx_word' id='word_1_250' title='bbox 1915 1917 2004 1972; x_wconf 82' lang='grc' dir='ltr'>γε·</span> 
     </span>
    </p>
   </div>
   <div class='ocr_carea' id='block_1_36' title="bbox 355 1982 2006 2070">
    <p class='ocr_par' dir='ltr' id='par_1_36' title="bbox 355 1982 2006 2070">
     <span class='ocr_line' id='line_1_36' title="bbox 355 1982 2006 2070; baseline -0.008 -18"><span class='ocrx_word' id='word_1_251' title='bbox 355 1998 591 2070; x_wconf 74' lang='grc' dir='ltr'>νομένῳο</span> <span class='ocrx_word' id='word_1_252' title='bbox 622 1996 668 2051; x_wconf 79' lang='grc' dir='ltr'>εἰ</span> <span class='ocrx_word' id='word_1_253' title='bbox 712 1993 769 2050; x_wconf 78' lang='grc' dir='ltr'>δὲ</span> <span class='ocrx_word' id='word_1_254' title='bbox 820 1992 1006 2055; x_wconf 77' lang='grc' dir='ltr'>ἄλλως</span> <span class='ocrx_word' id='word_1_255' title='bbox 1041 1991 1269 2047; x_wconf 85' lang='grc' dir='ltr'>διέκειτο</span> <span class='ocrx_word' id='word_1_256' title='bbox 1312 1992 1347 2060; x_wconf 74' lang='grc' dir='ltr'><strong>ἢ</strong></span> <span class='ocrx_word' id='word_1_257' title='bbox 1382 1993 1455 2052; x_wconf 86' lang='grc' dir='ltr'>ὡς</span> <span class='ocrx_word' id='word_1_258' title='bbox 1489 1993 1674 2063; x_wconf 81' lang='grc' dir='ltr'>ἡμεῖς,</span> <span class='ocrx_word' id='word_1_259' title='bbox 1709 1982 2006 2066; x_wconf 72' lang='grc' dir='ltr'>φοϐοῦμαι,</span> 
     </span>
    </p>
   </div>
   <div class='ocr_carea' id='block_1_37' title="bbox 363 2079 2005 2162">
    <p class='ocr_par' dir='ltr' id='par_1_37' title="bbox 363 2079 2005 2162">
     <span class='ocr_line' id='line_1_37' title="bbox 363 2079 2005 2162; baseline -0.007 -21"><span class='ocrx_word' id='word_1_260' title='bbox 363 2089 437 2161; x_wconf 78' lang='grc' dir='ltr'>μὴ</span> <span class='ocrx_word' id='word_1_261' title='bbox 481 2087 614 2162; x_wconf 81' lang='grc' dir='ltr'>ἅπερ</span> <span class='ocrx_word' id='word_1_262' title='bbox 667 2086 694 2139; x_wconf 78' lang='grc' dir='ltr'>ὁ</span> <span class='ocrx_word' id='word_1_263' title='bbox 745 2088 916 2158; x_wconf 78' lang='grc' dir='ltr'>μισῶν</span> <span class='ocrx_word' id='word_1_264' title='bbox 967 2082 1167 2137; x_wconf 86' lang='grc' dir='ltr'>ἐκεῖνον</span> <span class='ocrx_word' id='word_1_265' title='bbox 1224 2079 1600 2154; x_wconf 80' lang='grc' dir='ltr'>ἐντεθύμηται,</span> <span class='ocrx_word' id='word_1_266' title='bbox 1658 2083 1825 2132; x_wconf 87' lang='grc' dir='ltr'>ταῦτα</span> <span class='ocrx_word' id='word_1_267' title='bbox 1879 2096 2005 2130; x_wconf 85' lang='grc' dir='ltr'>κατ-</span> 
     </span>
    </p>
   </div>
   <div class='ocr_carea' id='block_1_38' title="bbox 359 2173 948 2250">
    <p class='ocr_par' dir='ltr' id='par_1_38' title="bbox 359 2173 948 2250">
     <span class='ocr_line' id='line_1_38' title="bbox 359 2173 948 2250; baseline -0.008 -19"><span class='ocrx_word' id='word_1_268' title='bbox 359 2173 618 2250; x_wconf 73' lang='grc' dir='ltr'>εψεύσατο</span> <span class='ocrx_word' id='word_1_269' title='bbox 647 2174 763 2228; x_wconf 83' lang='grc' dir='ltr'>κατ’</span> <span class='ocrx_word' id='word_1_270' title='bbox 794 2173 948 2246; x_wconf 83' lang='grc' dir='ltr'>ἐμοῦ.</span> 
     </span>
    </p>
   </div>
   <div class='ocr_carea' id='block_1_39' title="bbox 2117 1896 3763 1972">
    <p class='ocr_par' dir='ltr' id='par_1_39' title="bbox 2117 1896 3763 1972">
     <span class='ocr_line' id='line_1_39' title="bbox 2117 1896 3763 1972; baseline 0.004 -22"><span class='ocrx_word' id='word_1_271' title='bbox 2117 1896 2524 1951; x_wconf 88' lang='lat' dir='ltr'>criminatione</span> <span class='ocrx_word' id='word_1_272' title='bbox 2556 1896 2858 1966; x_wconf 86' lang='lat' dir='ltr'>declarari,</span> <span class='ocrx_word' id='word_1_273' title='bbox 2893 1913 2958 1951; x_wconf 88' lang='lat' dir='ltr'>ac</span> <span class='ocrx_word' id='word_1_274' title='bbox 3003 1897 3148 1952; x_wconf 90' lang='lat' dir='ltr'>nulli</span> <span class='ocrx_word' id='word_1_275' title='bbox 3195 1916 3306 1954; x_wconf 91' lang='lat' dir='ltr'>non</span> <span class='ocrx_word' id='word_1_276' title='bbox 3360 1901 3601 1972; x_wconf 90' lang='lat' dir='ltr'>planum</span> <span class='ocrx_word' id='word_1_277' title='bbox 3634 1917 3763 1958; x_wconf 87' lang='lat' dir='ltr'>esse</span> 
     </span>
    </p>
   </div>
   <div class='ocr_carea' id='block_1_40' title="bbox 2118 1985 3763 2063">
    <p class='ocr_par' dir='ltr' id='par_1_40' title="bbox 2118 1985 3763 2063">
     <span class='ocr_line' id='line_1_40' title="bbox 2118 1985 3763 2063; baseline 0.004 -23"><span class='ocrx_word' id='word_1_278' title='bbox 2118 1985 2389 2040; x_wconf 86' lang='lat' dir='ltr'>arbitror.</span> <span class='ocrx_word' id='word_1_279' title='bbox 2421 1985 2580 2048; x_wconf 84' lang='lat' dir='ltr'>Quod</span> <span class='ocrx_word' id='word_1_280' title='bbox 2615 1985 2663 2040; x_wconf 89' lang='lat' dir='ltr'>si</span> <span class='ocrx_word' id='word_1_281' title='bbox 2697 1989 2759 2039; x_wconf 91' lang='lat' dir='ltr'>ut</span> <span class='ocrx_word' id='word_1_282' title='bbox 2806 1987 2952 2041; x_wconf 91' lang='lat' dir='ltr'>bene</span> <span class='ocrx_word' id='word_1_283' title='bbox 3001 1988 3159 2042; x_wconf 91' lang='lat' dir='ltr'>novit</span> <span class='ocrx_word' id='word_1_284' title='bbox 3207 1987 3331 2060; x_wconf 88' lang='lat' dir='ltr'>ipse</span> <span class='ocrx_word' id='word_1_285' title='bbox 3380 1991 3763 2063; x_wconf 85' lang='lat' dir='ltr'>sycophanta,</span> 
     </span>
    </p>
   </div>
   <div class='ocr_carea' id='block_1_41' title="bbox 2119 2074 3766 2145">
    <p class='ocr_par' dir='ltr' id='par_1_41' title="bbox 2119 2074 3766 2145">
     <span class='ocr_line' id='line_1_41' title="bbox 2119 2074 3766 2145; baseline 0.004 -16"><span class='ocrx_word' id='word_1_286' title='bbox 2119 2074 2440 2129; x_wconf 90' lang='lat' dir='ltr'>absurdum</span> <span class='ocrx_word' id='word_1_287' title='bbox 2473 2076 2626 2129; x_wconf 83' lang='lat' dir='ltr'>esset</span> <span class='ocrx_word' id='word_1_288' title='bbox 2655 2075 2907 2145; x_wconf 87' lang='lat' dir='ltr'>cogitare</span> <span class='ocrx_word' id='word_1_289' title='bbox 2951 2076 3248 2133; x_wconf 89' lang='lat' dir='ltr'>hominem</span> <span class='ocrx_word' id='word_1_290' title='bbox 3281 2078 3364 2135; x_wconf 89' lang='lat' dir='ltr'>sic</span> <span class='ocrx_word' id='word_1_291' title='bbox 3395 2079 3668 2136; x_wconf 71' lang='lat' dir='ltr'>affectum</span> <span class='ocrx_word' id='word_1_292' title='bbox 3699 2097 3766 2136; x_wconf 87' lang='lat' dir='ltr'>ac</span> 
     </span>
    </p>
   </div>
   <div class='ocr_carea' id='block_1_42' title="bbox 2120 2163 3768 2239">
    <p class='ocr_par' dir='ltr' id='par_1_42' title="bbox 2120 2163 3768 2239">
     <span class='ocr_line' id='line_1_42' title="bbox 2120 2163 3768 2239; baseline 0.004 -20"><span class='ocrx_word' id='word_1_293' title='bbox 2120 2165 2300 2219; x_wconf 70' lang='lat' dir='ltr'>beatae</span> <span class='ocrx_word' id='word_1_294' title='bbox 2355 2163 2646 2218; x_wconf 64' lang='lat' dir='ltr'>memoriae</span> <span class='ocrx_word' id='word_1_295' title='bbox 2697 2164 3028 2221; x_wconf 88' lang='lat' dir='ltr'>Constantis</span> <span class='ocrx_word' id='word_1_296' title='bbox 3075 2169 3574 2239; x_wconf 88' lang='lat' dir='ltr'>amantissimum,</span> <span class='ocrx_word' id='word_1_297' title='bbox 3607 2169 3768 2226; x_wconf 82' lang='lat' dir='ltr'>illius</span> 
     </span>
    </p>
   </div>
   <div class='ocr_carea' id='block_1_43' title="bbox 361 2252 3772 2331">
    <p class='ocr_par' dir='ltr' id='par_1_43' title="bbox 361 2252 3772 2331">
     <span class='ocr_line' id='line_1_43' title="bbox 361 2252 3772 2331; baseline -0.002 -10"><span class='ocrx_word' id='word_1_298' title='bbox 361 2263 695 2322; x_wconf 84' lang='lat' dir='ltr'>adversario</span> <span class='ocrx_word' id='word_1_299' title='bbox 727 2264 982 2319; x_wconf 89' lang='lat' dir='ltr'>amicum</span> <span class='ocrx_word' id='word_1_300' title='bbox 1015 2262 1230 2328; x_wconf 85' lang='lat' dir='ltr'>fuisse;</span> <span class='ocrx_word' id='word_1_301' title='bbox 1254 2265 1407 2316; x_wconf 90' lang='lat' dir='ltr'>certe</span> <span class='ocrx_word' id='word_1_302' title='bbox 1438 2259 1537 2331; x_wconf 92' lang='lat' dir='ltr'>qui</span> <span class='ocrx_word' id='word_1_303' title='bbox 1569 2259 1679 2314; x_wconf 90' lang='lat' dir='ltr'>alio</span> <span class='ocrx_word' id='word_1_304' title='bbox 1703 2275 1769 2314; x_wconf 91' lang='lat' dir='ltr'>ac</span> <span class='ocrx_word' id='word_1_305' title='bbox 1800 2274 1904 2312; x_wconf 91' lang='lat' dir='ltr'>nos</span> <span class='ocrx_word' id='word_1_306' title='bbox 1927 2254 2122 2311; x_wconf 91' lang='lat' dir='ltr'>animo</span> <span class='ocrx_word' id='word_1_307' title='bbox 2147 2254 2385 2308; x_wconf 73' lang='lat' dir='ltr'>affectus</span> <span class='ocrx_word' id='word_1_308' title='bbox 2417 2252 2911 2320; x_wconf 83' lang='lat' dir='ltr'>fuerit,vereor,ne</span> <span class='ocrx_word' id='word_1_309' title='bbox 2933 2271 3059 2326; x_wconf 75' lang='lat' dir='ltr'>quae</span> <span class='ocrx_word' id='word_1_310' title='bbox 3090 2256 3440 2330; x_wconf 85' lang='lat' dir='ltr'>ipse,utpote</span> <span class='ocrx_word' id='word_1_311' title='bbox 3469 2258 3772 2315; x_wconf 89' lang='lat' dir='ltr'>Constanti</span> 
     </span>
    </p>
   </div>
   <div class='ocr_carea' id='block_1_44' title="bbox 359 2343 2133 2421">
    <p class='ocr_par' dir='ltr' id='par_1_44' title="bbox 359 2343 2133 2421">
     <span class='ocr_line' id='line_1_44' title="bbox 359 2343 2133 2421; baseline -0.007 -11"><span class='ocrx_word' id='word_1_312' title='bbox 359 2355 659 2421; x_wconf 89' lang='lat' dir='ltr'>inimicus,</span> <span class='ocrx_word' id='word_1_313' title='bbox 693 2352 1064 2408; x_wconf 85' lang='lat' dir='ltr'>machinatus</span> <span class='ocrx_word' id='word_1_314' title='bbox 1094 2355 1204 2416; x_wconf 90' lang='lat' dir='ltr'>est,</span> <span class='ocrx_word' id='word_1_315' title='bbox 1235 2351 1438 2406; x_wconf 89' lang='lat' dir='ltr'>eadem</span> <span class='ocrx_word' id='word_1_316' title='bbox 1470 2349 1613 2404; x_wconf 92' lang='lat' dir='ltr'>mihi</span> <span class='ocrx_word' id='word_1_317' title='bbox 1647 2347 1793 2403; x_wconf 84' lang='lat' dir='ltr'>falso</span> <span class='ocrx_word' id='word_1_318' title='bbox 1823 2343 2133 2402; x_wconf 83' lang='lat' dir='ltr'>afﬁnxerit.</span> 
     </span>
    </p>
   </div>
   <div class='ocr_carea' id='block_1_45' title="bbox 432 2433 2013 2515">
    <p class='ocr_par' dir='ltr' id='par_1_45' title="bbox 432 2433 2013 2515">
     <span class='ocr_line' id='line_1_45' title="bbox 432 2433 2013 2515; baseline -0.006 -19"><span class='ocrx_word' id='word_1_319' title='bbox 432 2443 488 2496; x_wconf 90' lang='lat'>9.</span> <span class='ocrx_word' id='word_1_320' title='bbox 523 2440 668 2515; x_wconf 86' lang='grc' dir='ltr'>Ἐγὼ</span> <span class='ocrx_word' id='word_1_321' title='bbox 703 2439 796 2513; x_wconf 77' lang='grc' dir='ltr'>μὶν</span> <span class='ocrx_word' id='word_1_322' title='bbox 844 2435 959 2510; x_wconf 86' lang='grc' dir='ltr'>οῦν,</span> <span class='ocrx_word' id='word_1_323' title='bbox 992 2437 1079 2492; x_wconf 86' lang='grc' dir='ltr'>ἐπὶ</span> <span class='ocrx_word' id='word_1_324' title='bbox 1121 2437 1299 2510; x_wconf 81' lang='grc' dir='ltr'>τούτῳ</span> <span class='ocrx_word' id='word_1_325' title='bbox 1347 2435 1703 2509; x_wconf 79' lang='grc' dir='ltr'>ξενιζόμενος,</span> <span class='ocrx_word' id='word_1_326' title='bbox 1755 2433 1852 2489; x_wconf 74' lang='grc' dir='ltr'>ὅσα</span> <span class='ocrx_word' id='word_1_327' title='bbox 1902 2433 2013 2509; x_wconf 79' lang='grc' dir='ltr'>χρὴ</span> 
     </span>
    </p>
   </div>
   <div class='ocr_carea' id='block_1_46' title="bbox 365 2523 2018 2604">
    <p class='ocr_par' dir='ltr' id='par_1_46' title="bbox 365 2523 2018 2604">
     <span class='ocr_line' id='line_1_46' title="bbox 365 2523 2018 2604; baseline -0.005 -20"><span class='ocrx_word' id='word_1_328' title='bbox 365 2528 545 2604; x_wconf 70' lang='grc' dir='ltr'>λέγειν</span> <span class='ocrx_word' id='word_1_329' title='bbox 607 2526 1076 2602; x_wconf 74' lang='grc' dir='ltr'>ἀπολογούμενον,</span> <span class='ocrx_word' id='word_1_330' title='bbox 1137 2526 1354 2601; x_wconf 80' lang='grc' dir='ltr'>ἀπορῶ·</span> <span class='ocrx_word' id='word_1_331' title='bbox 1413 2525 1502 2580; x_wconf 88' lang='grc' dir='ltr'>καὶ</span> <span class='ocrx_word' id='word_1_332' title='bbox 1565 2525 1726 2597; x_wconf 90' lang='grc' dir='ltr'>μόνον</span> <span class='ocrx_word' id='word_1_333' title='bbox 1785 2523 2018 2595; x_wconf 79' lang='grc' dir='ltr'>ἐμαυτοῦ</span> 
     </span>
    </p>
   </div>
   <div class='ocr_carea' id='block_1_47' title="bbox 372 2609 2018 2694">
    <p class='ocr_par' dir='ltr' id='par_1_47' title="bbox 372 2609 2018 2694">
     <span class='ocr_line' id='line_1_47' title="bbox 372 2609 2018 2694; baseline -0.005 -21"><span class='ocrx_word' id='word_1_334' title='bbox 372 2617 600 2694; x_wconf 83' lang='grc' dir='ltr'>μυρίους</span> <span class='ocrx_word' id='word_1_335' title='bbox 642 2616 1091 2694; x_wconf 78' lang='grc' dir='ltr'>καταψηφίζομαι</span> <span class='ocrx_word' id='word_1_336' title='bbox 1139 2617 1421 2682; x_wconf 80' lang='grc' dir='ltr'>θανάτους,</span> <span class='ocrx_word' id='word_1_337' title='bbox 1474 2614 1560 2669; x_wconf 73' lang='grc' dir='ltr'>ἐὰν</span> <span class='ocrx_word' id='word_1_338' title='bbox 1611 2615 1701 2668; x_wconf 85' lang='grc' dir='ltr'>καὶ</span> <span class='ocrx_word' id='word_1_339' title='bbox 1746 2612 1892 2674; x_wconf 80' lang='grc' dir='ltr'>ὅλως</span> <span class='ocrx_word' id='word_1_340' title='bbox 1924 2609 2018 2666; x_wconf 71' lang='grc' dir='ltr'>κᾶν</span> 
     </span>
    </p>
   </div>
   <div class='ocr_carea' id='block_1_48' title="bbox 371 2699 2020 2781">
    <p class='ocr_par' dir='ltr' id='par_1_48' title="bbox 371 2699 2020 2781">
     <span class='ocr_line' id='line_1_48' title="bbox 371 2699 2020 2781; baseline -0.007 -17"><span class='ocrx_word' id='word_1_341' title='bbox 371 2707 575 2781; x_wconf 81' lang='grc' dir='ltr'>ὑποψία</span> <span class='ocrx_word' id='word_1_342' title='bbox 601 2728 684 2768; x_wconf 86' lang='grc' dir='ltr'>τις</span> <span class='ocrx_word' id='word_1_343' title='bbox 718 2705 792 2768; x_wconf 80' lang='grc' dir='ltr'>εἷς</span> <span class='ocrx_word' id='word_1_344' title='bbox 826 2706 923 2779; x_wconf 73' lang='grc' dir='ltr'>ἐμὲ</span> <span class='ocrx_word' id='word_1_345' title='bbox 969 2706 1093 2781; x_wconf 83' lang='grc' dir='ltr'>περὶ</span> <span class='ocrx_word' id='word_1_346' title='bbox 1141 2704 1335 2760; x_wconf 74' lang='grc' dir='ltr'>τούτου</span> <span class='ocrx_word' id='word_1_347' title='bbox 1379 2706 1619 2779; x_wconf 77' lang='grc' dir='ltr'>γενηται·</span> <span class='ocrx_word' id='word_1_348' title='bbox 1655 2702 1739 2756; x_wconf 86' lang='grc' dir='ltr'>σοὶ</span> <span class='ocrx_word' id='word_1_349' title='bbox 1785 2699 1861 2771; x_wconf 73' lang='grc' dir='ltr'>δὲ,</span> <span class='ocrx_word' id='word_1_350' title='bbox 1895 2699 2020 2774; x_wconf 76' lang='grc' dir='ltr'>φιλ-</span> 
     </span>
    </p>
   </div>
   <div class='ocr_carea' id='block_1_49' title="bbox 371 2788 2022 2872">
    <p class='ocr_par' dir='ltr' id='par_1_49' title="bbox 371 2788 2022 2872">
     <span class='ocr_line' id='line_1_49' title="bbox 371 2788 2022 2872; baseline -0.005 -20"><span class='ocrx_word' id='word_1_351' title='bbox 371 2794 571 2866; x_wconf 86' lang='grc' dir='ltr'>άληθες</span> <span class='ocrx_word' id='word_1_352' title='bbox 633 2796 889 2872; x_wconf 87' lang='grc' dir='ltr'>βασιλεῦ,</span> <span class='ocrx_word' id='word_1_353' title='bbox 949 2794 1160 2871; x_wconf 69' lang='grc' dir='ltr'>θαρρῶν</span> <span class='ocrx_word' id='word_1_354' title='bbox 1222 2791 1604 2868; x_wconf 81' lang='grc' dir='ltr'>ἀπολογοῦμαι</span> <span class='ocrx_word' id='word_1_355' title='bbox 1639 2810 1652 2822; x_wconf 83' lang='lat'><strong><em>°</em></strong></span> <span class='ocrx_word' id='word_1_356' title='bbox 1699 2788 2022 2867; x_wconf 80' lang='grc' dir='ltr'>παρακαλῶ,</span> 
     </span>
    </p>
   </div>
   <div class='ocr_carea' id='block_1_50' title="bbox 370 2880 2026 2960">
    <p class='ocr_par' dir='ltr' id='par_1_50' title="bbox 370 2880 2026 2960">
     <span class='ocr_line' id='line_1_50' title="bbox 370 2880 2026 2960; baseline -0.005 -19"><span class='ocrx_word' id='word_1_357' title='bbox 370 2886 507 2942; x_wconf 82' lang='grc' dir='ltr'>καθά</span> <span class='ocrx_word' id='word_1_358' title='bbox 582 2891 890 2960; x_wconf 85' lang='grc' dir='ltr'>προεῖπον,</span> <span class='ocrx_word' id='word_1_359' title='bbox 953 2883 1181 2954; x_wconf 72' lang='grc' dir='ltr'>ἐξέταζεο</span> <span class='ocrx_word' id='word_1_360' title='bbox 1256 2884 1346 2938; x_wconf 81' lang='grc' dir='ltr'>καὶ</span> <span class='ocrx_word' id='word_1_361' title='bbox 1437 2880 1671 2956; x_wconf 82' lang='grc' dir='ltr'>μάλιστα</span> <span class='ocrx_word' id='word_1_362' title='bbox 1753 2881 2026 2954; x_wconf 84' lang='grc' dir='ltr'>μάρτυρας</span> 
     </span>
    </p>
   </div>
   <div class='ocr_carea' id='block_1_51' title="bbox 376 2968 2028 3052">
    <p class='ocr_par' dir='ltr' id='par_1_51' title="bbox 376 2968 2028 3052">
     <span class='ocr_line' id='line_1_51' title="bbox 376 2968 2028 3052; baseline -0.005 -21"><span class='ocrx_word' id='word_1_363' title='bbox 376 2975 520 3052; x_wconf 83' lang='grc' dir='ltr'>ἔχων</span> <span class='ocrx_word' id='word_1_364' title='bbox 569 2974 699 3038; x_wconf 80' lang='grc' dir='ltr'>τοὺς</span> <span class='ocrx_word' id='word_1_365' title='bbox 751 2973 1153 3036; x_wconf 70' lang='grc' dir='ltr'>ἀποσταλέντας</span> <span class='ocrx_word' id='word_1_366' title='bbox 1199 2974 1332 3028; x_wconf 74' lang='grc' dir='ltr'>ποτὶ</span> <span class='ocrx_word' id='word_1_367' title='bbox 1377 2974 1501 3048; x_wconf 83' lang='grc' dir='ltr'>παρ’</span> <span class='ocrx_word' id='word_1_368' title='bbox 1559 2971 1759 3026; x_wconf 71' lang='grc' dir='ltr'>ἐκείνου</span> <span class='ocrx_word' id='word_1_369' title='bbox 1790 2969 1927 3046; x_wconf 89' lang='grc' dir='ltr'>πρὸς</span> <span class='ocrx_word' id='word_1_370' title='bbox 1971 2968 2028 3022; x_wconf 74' lang='grc' dir='ltr'>σὲ</span> 
     </span>
    </p>
   </div>
   <div class='ocr_carea' id='block_1_52' title="bbox 374 3056 2029 3142">
    <p class='ocr_par' dir='ltr' id='par_1_52' title="bbox 374 3056 2029 3142">
     <span class='ocr_line' id='line_1_52' title="bbox 374 3056 2029 3142; baseline -0.007 -22"><span class='ocrx_word' id='word_1_371' title='bbox 374 3059 627 3142; x_wconf 72' lang='grc' dir='ltr'>πρέσϐεις</span> <span class='ocrx_word' id='word_1_372' title='bbox 661 3084 674 3096; x_wconf 75' lang='grc' dir='ltr'><strong>ο</strong></span> <span class='ocrx_word' id='word_1_373' title='bbox 738 3063 840 3118; x_wconf 82' lang='grc' dir='ltr'>εἶσὶ</span> <span class='ocrx_word' id='word_1_374' title='bbox 897 3061 954 3118; x_wconf 75' lang='grc' dir='ltr'>δὲ</span> <span class='ocrx_word' id='word_1_375' title='bbox 1014 3057 1316 3138; x_wconf 76' lang='grc' dir='ltr'>Σαρϐάτιος</span> <span class='ocrx_word' id='word_1_376' title='bbox 1355 3065 1468 3135; x_wconf 86' lang='grc'>(37)</span> <span class='ocrx_word' id='word_1_377' title='bbox 1527 3061 1615 3116; x_wconf 83' lang='grc' dir='ltr'>καὶ</span> <span class='ocrx_word' id='word_1_378' title='bbox 1671 3059 1916 3131; x_wconf 80' lang='grc' dir='ltr'>Μάξιμος</span> <span class='ocrx_word' id='word_1_379' title='bbox 1977 3056 2029 3110; x_wconf 75' lang='grc' dir='ltr'>οἱ</span> 
     </span>
    </p>
   </div>
   <div class='ocr_carea' id='block_1_53' title="bbox 377 3145 2026 3226">
    <p class='ocr_par' dir='ltr' id='par_1_53' title="bbox 377 3145 2026 3226">
     <span class='ocr_line' id='line_1_53' title="bbox 377 3145 2026 3226; baseline -0.007 -16"><span class='ocrx_word' id='word_1_380' title='bbox 377 3153 685 3226; x_wconf 82' lang='grc' dir='ltr'>ἐπίσκοποι,</span> <span class='ocrx_word' id='word_1_381' title='bbox 738 3152 828 3207; x_wconf 86' lang='grc' dir='ltr'>καὶ</span> <span class='ocrx_word' id='word_1_382' title='bbox 883 3154 936 3206; x_wconf 78' lang='grc' dir='ltr'>οἱ</span> <span class='ocrx_word' id='word_1_383' title='bbox 985 3151 1076 3206; x_wconf 81' lang='grc' dir='ltr'>σὺν</span> <span class='ocrx_word' id='word_1_384' title='bbox 1136 3151 1350 3213; x_wconf 75' lang='grc' dir='ltr'>αὐτοῖς’</span> <span class='ocrx_word' id='word_1_385' title='bbox 1401 3151 1489 3206; x_wconf 84' lang='grc' dir='ltr'>καὶ</span> <span class='ocrx_word' id='word_1_386' title='bbox 1551 3149 1888 3222; x_wconf 78' lang='grc' dir='ltr'>Κλημέντιος</span> <span class='ocrx_word' id='word_1_387' title='bbox 1936 3145 2026 3200; x_wconf 85' lang='grc' dir='ltr'>καὶ</span> 
     </span>
    </p>
   </div>
   <div class='ocr_carea' id='block_1_54' title="bbox 2197 2431 3772 2507">
    <p class='ocr_par' dir='ltr' id='par_1_54' title="bbox 2197 2431 3772 2507">
     <span class='ocr_line' id='line_1_54' title="bbox 2197 2431 3772 2507; baseline 0.005 -22"><span class='ocrx_word' id='word_1_388' title='bbox 2197 2434 2251 2487; x_wconf 80' lang='lat'>9.</span> <span class='ocrx_word' id='word_1_389' title='bbox 2286 2432 2569 2502; x_wconf 89' lang='lat' dir='ltr'>Equidem</span> <span class='ocrx_word' id='word_1_390' title='bbox 2600 2431 2900 2487; x_wconf 88' lang='lat' dir='ltr'>atrocitate</span> <span class='ocrx_word' id='word_1_391' title='bbox 2922 2433 3227 2489; x_wconf 71' lang='lat' dir='ltr'>calumniae</span> <span class='ocrx_word' id='word_1_392' title='bbox 3249 2435 3554 2507; x_wconf 87' lang='lat' dir='ltr'>perculsus</span> <span class='ocrx_word' id='word_1_393' title='bbox 3584 2437 3772 2493; x_wconf 67' lang='lat' dir='ltr'>hmreo</span> 
     </span>
    </p>
   </div>
   <div class='ocr_carea' id='block_1_55' title="bbox 2132 2522 3774 2594">
    <p class='ocr_par' dir='ltr' id='par_1_55' title="bbox 2132 2522 3774 2594">
     <span class='ocr_line' id='line_1_55' title="bbox 2132 2522 3774 2594; baseline 0.004 -18"><span class='ocrx_word' id='word_1_394' title='bbox 2132 2523 2271 2594; x_wconf 90' lang='lat' dir='ltr'>quid</span> <span class='ocrx_word' id='word_1_395' title='bbox 2305 2522 2376 2574; x_wconf 92' lang='lat' dir='ltr'>ad</span> <span class='ocrx_word' id='word_1_396' title='bbox 2408 2538 2534 2576; x_wconf 86' lang='lat' dir='ltr'>eam</span> <span class='ocrx_word' id='word_1_397' title='bbox 2586 2522 2983 2592; x_wconf 90' lang='lat' dir='ltr'>depellendam</span> <span class='ocrx_word' id='word_1_398' title='bbox 3018 2524 3219 2579; x_wconf 75' lang='lat' dir='ltr'>afferre</span> <span class='ocrx_word' id='word_1_399' title='bbox 3269 2525 3532 2592; x_wconf 89' lang='lat' dir='ltr'>debeam,</span> <span class='ocrx_word' id='word_1_400' title='bbox 3567 2543 3634 2582; x_wconf 89' lang='lat' dir='ltr'>ac</span> <span class='ocrx_word' id='word_1_401' title='bbox 3681 2543 3774 2582; x_wconf 90' lang='lat' dir='ltr'>me</span> 
     </span>
    </p>
   </div>
   <div class='ocr_carea' id='block_1_56' title="bbox 2130 2611 3778 2683">
    <p class='ocr_par' dir='ltr' id='par_1_56' title="bbox 2130 2611 3778 2683">
     <span class='ocr_line' id='line_1_56' title="bbox 2130 2611 3778 2683; baseline 0.003 -18"><span class='ocrx_word' id='word_1_402' title='bbox 2130 2612 2254 2683; x_wconf 89' lang='lat' dir='ltr'>ipse</span> <span class='ocrx_word' id='word_1_403' title='bbox 2286 2611 2355 2666; x_wconf 90' lang='lat' dir='ltr'>ad</span> <span class='ocrx_word' id='word_1_404' title='bbox 2390 2616 2687 2665; x_wconf 82' lang='lat' dir='ltr'>sexcentas</span> <span class='ocrx_word' id='word_1_405' title='bbox 2719 2616 2934 2666; x_wconf 88' lang='lat' dir='ltr'>mortes</span> <span class='ocrx_word' id='word_1_406' title='bbox 2965 2613 3180 2667; x_wconf 89' lang='lat' dir='ltr'>damno</span> <span class='ocrx_word' id='word_1_407' title='bbox 3201 2613 3249 2668; x_wconf 90' lang='lat' dir='ltr'>si</span> <span class='ocrx_word' id='word_1_408' title='bbox 3280 2613 3368 2668; x_wconf 89' lang='lat' dir='ltr'>vel</span> <span class='ocrx_word' id='word_1_409' title='bbox 3400 2614 3645 2670; x_wconf 87' lang='lat' dir='ltr'>minima</span> <span class='ocrx_word' id='word_1_410' title='bbox 3672 2614 3778 2670; x_wconf 85' lang='lat' dir='ltr'>hu-</span> 
     </span>
    </p>
   </div>
   <div class='ocr_carea' id='block_1_57' title="bbox 2123 2699 3778 2773">
    <p class='ocr_par' dir='ltr' id='par_1_57' title="bbox 2123 2699 3778 2773">
     <span class='ocr_line' id='line_1_57' title="bbox 2123 2699 3778 2773; baseline 0.002 -18"><span class='ocrx_word' id='word_1_411' title='bbox 2123 2701 2294 2772; x_wconf 86' lang='lat' dir='ltr'>jusce</span> <span class='ocrx_word' id='word_1_412' title='bbox 2325 2700 2403 2753; x_wconf 88' lang='lat' dir='ltr'>rei</span> <span class='ocrx_word' id='word_1_413' title='bbox 2436 2699 2494 2754; x_wconf 91' lang='lat' dir='ltr'>in</span> <span class='ocrx_word' id='word_1_414' title='bbox 2531 2715 2621 2754; x_wconf 89' lang='lat' dir='ltr'>me</span> <span class='ocrx_word' id='word_1_415' title='bbox 2652 2700 2819 2754; x_wconf 84' lang='lat' dir='ltr'>cadat</span> <span class='ocrx_word' id='word_1_416' title='bbox 2849 2701 3125 2772; x_wconf 88' lang='lat' dir='ltr'>suspicio.</span> <span class='ocrx_word' id='word_1_417' title='bbox 3145 2704 3315 2773; x_wconf 83' lang='lat' dir='ltr'>Apud</span> <span class='ocrx_word' id='word_1_418' title='bbox 3337 2709 3393 2758; x_wconf 93' lang='lat' dir='ltr'>te</span> <span class='ocrx_word' id='word_1_419' title='bbox 3419 2709 3636 2773; x_wconf 90' lang='lat' dir='ltr'>autem,</span> <span class='ocrx_word' id='word_1_420' title='bbox 3659 2704 3778 2760; x_wconf 89' lang='lat' dir='ltr'>veri</span> 
     </span>
    </p>
   </div>
   <div class='ocr_carea' id='block_1_58' title="bbox 2133 2788 3780 2865">
    <p class='ocr_par' dir='ltr' id='par_1_58' title="bbox 2133 2788 3780 2865">
     <span class='ocr_line' id='line_1_58' title="bbox 2133 2788 3780 2865; baseline 0.002 -20"><span class='ocrx_word' id='word_1_421' title='bbox 2133 2789 2395 2845; x_wconf 90' lang='lat' dir='ltr'>studiose</span> <span class='ocrx_word' id='word_1_422' title='bbox 2443 2788 2780 2860; x_wconf 89' lang='lat' dir='ltr'>imperator,</span> <span class='ocrx_word' id='word_1_423' title='bbox 2813 2806 2947 2844; x_wconf 90' lang='lat' dir='ltr'>cum</span> <span class='ocrx_word' id='word_1_424' title='bbox 2999 2791 3214 2846; x_wconf 80' lang='lat' dir='ltr'>fiducia</span> <span class='ocrx_word' id='word_1_425' title='bbox 3255 2809 3446 2848; x_wconf 89' lang='lat' dir='ltr'>meam</span> <span class='ocrx_word' id='word_1_426' title='bbox 3476 2809 3780 2865; x_wconf 87' lang='lat' dir='ltr'>propugno</span> 
     </span>
    </p>
   </div>
   <div class='ocr_carea' id='block_1_59' title="bbox 2134 2880 3784 2955">
    <p class='ocr_par' dir='ltr' id='par_1_59' title="bbox 2134 2880 3784 2955">
     <span class='ocr_line' id='line_1_59' title="bbox 2134 2880 3784 2955; baseline 0.002 -21"><span class='ocrx_word' id='word_1_427' title='bbox 2134 2895 2373 2934; x_wconf 85' lang='lat' dir='ltr'>causam</span> <span class='ocrx_word' id='word_1_428' title='bbox 2407 2894 2420 2932; x_wconf 90' lang='lat'>:</span> <span class='ocrx_word' id='word_1_429' title='bbox 2456 2893 2712 2949; x_wconf 91' lang='lat' dir='ltr'>rogoque</span> <span class='ocrx_word' id='word_1_430' title='bbox 2740 2883 2814 2949; x_wconf 90' lang='lat' dir='ltr'>te,</span> <span class='ocrx_word' id='word_1_431' title='bbox 2849 2880 2933 2934; x_wconf 88' lang='lat' dir='ltr'>uti</span> <span class='ocrx_word' id='word_1_432' title='bbox 2960 2881 3083 2948; x_wconf 87' lang='lat' dir='ltr'>jam</span> <span class='ocrx_word' id='word_1_433' title='bbox 3125 2881 3287 2947; x_wconf 86' lang='lat' dir='ltr'>duxi,</span> <span class='ocrx_word' id='word_1_434' title='bbox 3318 2898 3441 2937; x_wconf 91' lang='lat' dir='ltr'>rem</span> <span class='ocrx_word' id='word_1_435' title='bbox 3474 2881 3784 2955; x_wconf 80' lang='lat' dir='ltr'>diligenter</span> 
     </span>
    </p>
   </div>
   <div class='ocr_carea' id='block_1_60' title="bbox 2136 2966 3781 3043">
    <p class='ocr_par' dir='ltr' id='par_1_60' title="bbox 2136 2966 3781 3043">
     <span class='ocr_line' id='line_1_60' title="bbox 2136 2966 3781 3043; baseline 0.004 -21"><span class='ocrx_word' id='word_1_436' title='bbox 2136 2966 2398 3039; x_wconf 87' lang='lat' dir='ltr'>explores</span> <span class='ocrx_word' id='word_1_437' title='bbox 2431 2984 2442 3020; x_wconf 94' lang='lat'>:</span> <span class='ocrx_word' id='word_1_438' title='bbox 2481 2983 2614 3021; x_wconf 90' lang='lat' dir='ltr'>cum</span> <span class='ocrx_word' id='word_1_439' title='bbox 2662 2967 3037 3038; x_wconf 89' lang='lat' dir='ltr'>potissimum</span> <span class='ocrx_word' id='word_1_440' title='bbox 3069 2974 3248 3026; x_wconf 89' lang='lat' dir='ltr'>testes</span> <span class='ocrx_word' id='word_1_441' title='bbox 3293 2970 3507 3027; x_wconf 86' lang='lat' dir='ltr'>habeas</span> <span class='ocrx_word' id='word_1_442' title='bbox 3537 2970 3781 3043; x_wconf 86' lang='lat' dir='ltr'>legatos,</span> 
     </span>
    </p>
   </div>
   <div class='ocr_carea' id='block_1_61' title="bbox 2140 3055 3785 3124">
    <p class='ocr_par' dir='ltr' id='par_1_61' title="bbox 2140 3055 3785 3124">
     <span class='ocr_line' id='line_1_61' title="bbox 2140 3055 3785 3124; baseline 0.003 -14"><span class='ocrx_word' id='word_1_443' title='bbox 2140 3057 2209 3110; x_wconf 91' lang='lat' dir='ltr'>ad</span> <span class='ocrx_word' id='word_1_444' title='bbox 2248 3061 2302 3110; x_wconf 93' lang='lat' dir='ltr'>te</span> <span class='ocrx_word' id='word_1_445' title='bbox 2351 3055 2489 3111; x_wconf 90' lang='lat' dir='ltr'>olim</span> <span class='ocrx_word' id='word_1_446' title='bbox 2539 3055 2612 3110; x_wconf 89' lang='lat' dir='ltr'>ab</span> <span class='ocrx_word' id='word_1_447' title='bbox 2660 3055 2761 3111; x_wconf 92' lang='lat' dir='ltr'>illo</span> <span class='ocrx_word' id='word_1_448' title='bbox 2819 3057 3061 3124; x_wconf 90' lang='lat' dir='ltr'>missos;</span> <span class='ocrx_word' id='word_1_449' title='bbox 3093 3059 3416 3114; x_wconf 87' lang='lat' dir='ltr'>Servatium</span> <span class='ocrx_word' id='word_1_450' title='bbox 3476 3059 3698 3116; x_wconf 88' lang='lat' dir='ltr'>scilicet</span> <span class='ocrx_word' id='word_1_451' title='bbox 3727 3065 3785 3117; x_wconf 90' lang='lat' dir='ltr'>et</span> 
     </span>
    </p>
   </div>
   <div class='ocr_carea' id='block_1_62' title="bbox 2142 3145 3787 3216">
    <p class='ocr_par' dir='ltr' id='par_1_62' title="bbox 2142 3145 3787 3216">
     <span class='ocr_line' id='line_1_62' title="bbox 2142 3145 3787 3216; baseline 0.004 -18"><span class='ocrx_word' id='word_1_452' title='bbox 2142 3145 2460 3199; x_wconf 83' lang='lat' dir='ltr'>Maximum</span> <span class='ocrx_word' id='word_1_453' title='bbox 2493 3146 2798 3216; x_wconf 89' lang='lat' dir='ltr'>episcopos</span> <span class='ocrx_word' id='word_1_454' title='bbox 2825 3162 2959 3200; x_wconf 90' lang='lat' dir='ltr'>cum</span> <span class='ocrx_word' id='word_1_455' title='bbox 2989 3147 3302 3203; x_wconf 91' lang='lat' dir='ltr'>comitibus</span> <span class='ocrx_word' id='word_1_456' title='bbox 3332 3149 3454 3204; x_wconf 90' lang='lat' dir='ltr'>suis</span> <span class='ocrx_word' id='word_1_457' title='bbox 3482 3167 3494 3204; x_wconf 92' lang='lat'><strong>:</strong></span> <span class='ocrx_word' id='word_1_458' title='bbox 3526 3149 3787 3205; x_wconf 87' lang='lat' dir='ltr'>Clemen-</span> 
     </span>
    </p>
   </div>
   <div class='ocr_carea' id='block_1_63' title="bbox 380 3208 2024 3315">
    <p class='ocr_par' dir='ltr' id='par_1_63' title="bbox 380 3208 2024 3315">
     <span class='ocr_line' id='line_1_63' title="bbox 380 3208 2024 3315; baseline -0.004 -18"><span class='ocrx_word' id='word_1_459' title='bbox 380 3208 580 3312; x_wconf 66' lang='lat' dir='ltr'>llailmc.</span> <span class='ocrx_word' id='word_1_460' title='bbox 614 3208 778 3311; x_wconf 70' lang='grc' dir='ltr'>Μάθε,</span> <span class='ocrx_word' id='word_1_461' title='bbox 813 3239 1135 3313; x_wconf 80' lang='grc' dir='ltr'>παρακαλῶ,</span> <span class='ocrx_word' id='word_1_462' title='bbox 1171 3240 1216 3294; x_wconf 86' lang='grc' dir='ltr'>εί</span> <span class='ocrx_word' id='word_1_463' title='bbox 1249 3208 1549 3315; x_wconf 82' lang='grc' dir='ltr'>γράμματά</span> <span class='ocrx_word' id='word_1_464' title='bbox 1731 3208 2024 3309; x_wconf 84' lang='grc' dir='ltr'>κεκομίκα-</span> 
     </span>
    </p>
   </div>
   <div class='ocr_carea' id='block_1_64' title="bbox 2135 3208 3787 3315">
    <p class='ocr_par' dir='ltr' id='par_1_64' title="bbox 2143 3208 3787 3308">
     <span class='ocr_line' id='line_1_64' title="bbox 2143 3208 3787 3308; baseline 0.004 -20"><span class='ocrx_word' id='word_1_465' title='bbox 2143 3235 2291 3288; x_wconf 90' lang='lat' dir='ltr'>tium</span> <span class='ocrx_word' id='word_1_466' title='bbox 2323 3234 2462 3288; x_wconf 87' lang='lat' dir='ltr'>item</span> <span class='ocrx_word' id='word_1_467' title='bbox 2495 3208 2552 3288; x_wconf 79' lang='lat' dir='ltr'>et</span> <span class='ocrx_word' id='word_1_468' title='bbox 2582 3208 2901 3290; x_wconf 78' lang='lat' dir='ltr'>Valentem-</span> <span class='ocrx_word' id='word_1_469' title='bbox 2936 3235 3121 3304; x_wconf 90' lang='lat' dir='ltr'>Disce,</span> <span class='ocrx_word' id='word_1_470' title='bbox 3145 3253 3362 3308; x_wconf 60' lang='lat' dir='ltr'>quaso,</span> <span class='ocrx_word' id='word_1_471' title='bbox 3387 3254 3530 3292; x_wconf 91' lang='lat' dir='ltr'>num</span> <span class='ocrx_word' id='word_1_472' title='bbox 3561 3237 3787 3294; x_wconf 86' lang='lat' dir='ltr'>litteras</span> 
     </span>
    </p>
   </div>
   <div class='ocr_carea' id='block_1_65' title="bbox 379 3327 2030 3405">
    <p class='ocr_par' dir='ltr' id='par_1_65' title="bbox 379 3327 2030 3405">
     <span class='ocr_line' id='line_1_65' title="bbox 379 3327 2030 3405; baseline -0.002 -22"><span class='ocrx_word' id='word_1_473' title='bbox 379 3348 482 3384; x_wconf 85' lang='grc' dir='ltr'>σιν·</span> <span class='ocrx_word' id='word_1_474' title='bbox 514 3333 681 3383; x_wconf 87' lang='grc' dir='ltr'>ταῦτα</span> <span class='ocrx_word' id='word_1_475' title='bbox 710 3330 813 3404; x_wconf 78' lang='grc' dir='ltr'>γὰρ</span> <span class='ocrx_word' id='word_1_476' title='bbox 861 3334 1095 3404; x_wconf 82' lang='grc' dir='ltr'>παρεῖχε</span> <span class='ocrx_word' id='word_1_477' title='bbox 1146 3328 1412 3405; x_wconf 74' lang='grc' dir='ltr'>πρόφασιν</span> <span class='ocrx_word' id='word_1_478' title='bbox 1463 3327 1632 3400; x_wconf 83' lang='grc' dir='ltr'>κάμοὶ</span> <span class='ocrx_word' id='word_1_479' title='bbox 1680 3331 1777 3381; x_wconf 86' lang='grc' dir='ltr'>τοῦ</span> <span class='ocrx_word' id='word_1_480' title='bbox 1808 3327 2030 3402; x_wconf 75' lang='grc' dir='ltr'>γράφειν</span> 
     </span>
    </p>
   </div>
   <div class='ocr_carea' id='block_1_66' title="bbox 382 3414 2032 3493">
    <p class='ocr_par' dir='ltr' id='par_1_66' title="bbox 382 3414 2032 3493">
     <span class='ocr_line' id='line_1_66' title="bbox 382 3414 2032 3493; baseline -0.002 -21"><span class='ocrx_word' id='word_1_481' title='bbox 382 3417 589 3490; x_wconf 79' lang='grc' dir='ltr'>ἐκείνῳ.</span> <span class='ocrx_word' id='word_1_482' title='bbox 650 3417 713 3472; x_wconf 74' lang='grc' dir='ltr'>Εἰ</span> <span class='ocrx_word' id='word_1_483' title='bbox 763 3414 820 3472; x_wconf 73' lang='grc' dir='ltr'>δὲ</span> <span class='ocrx_word' id='word_1_484' title='bbox 873 3419 946 3490; x_wconf 79' lang='grc' dir='ltr'>μή</span> <span class='ocrx_word' id='word_1_485' title='bbox 993 3415 1216 3493; x_wconf 81' lang='grc' dir='ltr'>ἔγραψε,</span> <span class='ocrx_word' id='word_1_486' title='bbox 1269 3414 1410 3490; x_wconf 79' lang='grc' dir='ltr'>μηδέ</span> <span class='ocrx_word' id='word_1_487' title='bbox 1455 3415 1715 3491; x_wconf 75' lang='grc' dir='ltr'>ἐγίνωσκε</span> <span class='ocrx_word' id='word_1_488' title='bbox 1772 3435 1860 3488; x_wconf 89' lang='grc' dir='ltr'>με,</span> <span class='ocrx_word' id='word_1_489' title='bbox 1916 3419 2032 3477; x_wconf 82' lang='grc' dir='ltr'>πῶς</span> 
     </span>
    </p>
   </div>
   <div class='ocr_carea' id='block_1_67' title="bbox 386 3502 2035 3584">
    <p class='ocr_par' dir='ltr' id='par_1_67' title="bbox 386 3502 2035 3584">
     <span class='ocr_line' id='line_1_67' title="bbox 386 3502 2035 3584; baseline -0.003 -22"><span class='ocrx_word' id='word_1_490' title='bbox 386 3504 618 3584; x_wconf 79' lang='grc' dir='ltr'>ἔγραφον</span> <span class='ocrx_word' id='word_1_491' title='bbox 671 3505 780 3581; x_wconf 80' lang='grc' dir='ltr'>ἐγὼ</span> <span class='ocrx_word' id='word_1_492' title='bbox 843 3508 917 3580; x_wconf 80' lang='grc' dir='ltr'>μὴ</span> <span class='ocrx_word' id='word_1_493' title='bbox 967 3505 1321 3580; x_wconf 83' lang='grc' dir='ltr'>ἐπιστάμενος</span> <span class='ocrx_word' id='word_1_494' title='bbox 1373 3505 1579 3574; x_wconf 78' lang='grc' dir='ltr'>αὐτόν;</span> <span class='ocrx_word' id='word_1_495' title='bbox 1631 3505 1938 3580; x_wconf 86' lang='grc' dir='ltr'>Ἐρώτησον</span> <span class='ocrx_word' id='word_1_496' title='bbox 1989 3502 2035 3557; x_wconf 80' lang='grc' dir='ltr'>εἰ</span> 
     </span>
    </p>
   </div>
   <div class='ocr_carea' id='block_1_68' title="bbox 392 3593 2033 3670">
    <p class='ocr_par' dir='ltr' id='par_1_68' title="bbox 392 3593 2033 3670">
     <span class='ocr_line' id='line_1_68' title="bbox 392 3593 2033 3670; baseline -0.002 -20"><span class='ocrx_word' id='word_1_497' title='bbox 392 3597 490 3670; x_wconf 78' lang='grc' dir='ltr'>μὴ,</span> <span class='ocrx_word' id='word_1_498' title='bbox 524 3596 780 3670; x_wconf 71' lang='grc' dir='ltr'>ἑωρακὼς</span> <span class='ocrx_word' id='word_1_499' title='bbox 827 3594 953 3657; x_wconf 79' lang='grc' dir='ltr'>τοὺς</span> <span class='ocrx_word' id='word_1_500' title='bbox 1003 3595 1126 3668; x_wconf 80' lang='grc' dir='ltr'>περὶ</span> <span class='ocrx_word' id='word_1_501' title='bbox 1175 3593 1512 3669; x_wconf 80' lang='grc' dir='ltr'>Κλημέντιον</span> <span class='ocrx_word' id='word_1_502' title='bbox 1571 3595 1705 3666; x_wconf 88' lang='grc'>(38),</span> <span class='ocrx_word' id='word_1_503' title='bbox 1762 3593 2033 3666; x_wconf 73' lang='grc' dir='ltr'>ἐμνήσθην</span> 
     </span>
    </p>
   </div>
   <div class='ocr_carea' id='block_1_69' title="bbox 385 3682 2038 3762">
    <p class='ocr_par' dir='ltr' id='par_1_69' title="bbox 385 3682 2038 3762">
     <span class='ocr_line' id='line_1_69' title="bbox 385 3682 2038 3762; baseline -0.004 -21"><span class='ocrx_word' id='word_1_504' title='bbox 385 3690 482 3741; x_wconf 90' lang='grc' dir='ltr'>τοῦ</span> <span class='ocrx_word' id='word_1_505' title='bbox 528 3692 630 3755; x_wconf 80' lang='grc' dir='ltr'>τῆς</span> <span class='ocrx_word' id='word_1_506' title='bbox 685 3684 951 3762; x_wconf 89' lang='grc' dir='ltr'>μακαρίας</span> <span class='ocrx_word' id='word_1_507' title='bbox 1007 3685 1250 3758; x_wconf 79' lang='grc' dir='ltr'>μνήμης,</span> <span class='ocrx_word' id='word_1_508' title='bbox 1299 3685 1389 3738; x_wconf 83' lang='grc' dir='ltr'>καὶ</span> <span class='ocrx_word' id='word_1_509' title='bbox 1436 3685 1572 3738; x_wconf 84' lang='grc' dir='ltr'>κατᾶ</span> <span class='ocrx_word' id='word_1_510' title='bbox 1616 3682 1678 3738; x_wconf 84' lang='grc' dir='ltr'>τὸ</span> <span class='ocrx_word' id='word_1_511' title='bbox 1725 3683 2038 3758; x_wconf 84' lang='grc' dir='ltr'>γεγραμμέ-</span> 
     </span>
    </p>
   </div>
   <div class='ocr_carea' id='block_1_70' title="bbox 387 3768 2039 3850">
    <p class='ocr_par' dir='ltr' id='par_1_70' title="bbox 387 3768 2039 3850">
     <span class='ocr_line' id='line_1_70' title="bbox 387 3768 2039 3850; baseline -0.004 -19"><span class='ocrx_word' id='word_1_512' title='bbox 387 3796 501 3847; x_wconf 87' lang='grc' dir='ltr'>νον,</span> <span class='ocrx_word' id='word_1_513' title='bbox 552 3774 602 3830; x_wconf 83' lang='grc' dir='ltr'>ἐν</span> <span class='ocrx_word' id='word_1_514' title='bbox 660 3772 882 3850; x_wconf 88' lang='grc' dir='ltr'>δάκρυσί</span> <span class='ocrx_word' id='word_1_515' title='bbox 935 3795 1038 3848; x_wconf 90' lang='grc' dir='ltr'>μου</span> <span class='ocrx_word' id='word_1_516' title='bbox 1080 3774 1148 3828; x_wconf 81' lang='grc' dir='ltr'>τά</span> <span class='ocrx_word' id='word_1_517' title='bbox 1195 3775 1386 3848; x_wconf 76' lang='grc' dir='ltr'>ἱμάτια</span> <span class='ocrx_word' id='word_1_518' title='bbox 1433 3768 1740 3849; x_wconf 77' lang='grc' dir='ltr'>διέϐρεχον,</span> <span class='ocrx_word' id='word_1_519' title='bbox 1783 3769 2039 3845; x_wconf 79' lang='grc' dir='ltr'>ἐνθυμού-</span> 
     </span>
    </p>
   </div>
   <div class='ocr_carea' id='block_1_71' title="bbox 396 3859 2040 3941">
    <p class='ocr_par' dir='ltr' id='par_1_71' title="bbox 396 3859 2040 3941">
     <span class='ocr_line' id='line_1_71' title="bbox 396 3859 2040 3941; baseline -0.002 -23"><span class='ocrx_word' id='word_1_520' title='bbox 396 3885 557 3939; x_wconf 91' lang='grc' dir='ltr'>μενος</span> <span class='ocrx_word' id='word_1_521' title='bbox 587 3866 685 3933; x_wconf 82' lang='grc' dir='ltr'>τήν</span> <span class='ocrx_word' id='word_1_522' title='bbox 741 3861 1150 3941; x_wconf 72' lang='grc' dir='ltr'>φιλανθρωπίαν</span> <span class='ocrx_word' id='word_1_523' title='bbox 1195 3862 1285 3917; x_wconf 84' lang='grc' dir='ltr'>καὶ</span> <span class='ocrx_word' id='word_1_524' title='bbox 1331 3864 1430 3932; x_wconf 81' lang='grc' dir='ltr'>τήν</span> <span class='ocrx_word' id='word_1_525' title='bbox 1483 3859 1838 3940; x_wconf 79' lang='grc' dir='ltr'>φιλόχριστον</span> <span class='ocrx_word' id='word_1_526' title='bbox 1877 3860 2040 3916; x_wconf 76' lang='grc' dir='ltr'>αὐτοῦ</span> 
     </span>
    </p>
   </div>
   <div class='ocr_carea' id='block_1_72' title="bbox 384 3951 2040 4029">
    <p class='ocr_par' dir='ltr' id='par_1_72' title="bbox 384 3951 2040 4029">
     <span class='ocr_line' id='line_1_72' title="bbox 384 3951 2040 4029; baseline -0.002 -22"><span class='ocrx_word' id='word_1_527' title='bbox 384 3955 592 4029; x_wconf 78' lang='grc' dir='ltr'>ψυχήν.</span> <span class='ocrx_word' id='word_1_528' title='bbox 649 3951 797 4007; x_wconf 73' lang='lat' dir='ltr'>Maiae</span> <span class='ocrx_word' id='word_1_529' title='bbox 842 3956 983 4016; x_wconf 78' lang='grc' dir='ltr'>πῶς,</span> <span class='ocrx_word' id='word_1_530' title='bbox 1034 3951 1268 4014; x_wconf 73' lang='grc' dir='ltr'>ἀκούσας</span> <span class='ocrx_word' id='word_1_531' title='bbox 1320 3951 1577 4026; x_wconf 76' lang='grc' dir='ltr'>περὶτῆς</span> <span class='ocrx_word' id='word_1_532' title='bbox 1626 3951 1916 4023; x_wconf 89' lang='grc' dir='ltr'>ὠμότητος</span> <span class='ocrx_word' id='word_1_533' title='bbox 1943 3954 2040 4004; x_wconf 86' lang='grc' dir='ltr'>τοῦ</span> 
     </span>
    </p>
   </div>
   <div class='ocr_carea' id='block_1_73' title="bbox 383 4034 2039 4116">
    <p class='ocr_par' dir='ltr' id='par_1_73' title="bbox 383 4034 2039 4116">
     <span class='ocr_line' id='line_1_73' title="bbox 383 4034 2039 4116; baseline -0.002 -20"><span class='ocrx_word' id='word_1_534' title='bbox 383 4042 598 4116; x_wconf 88' lang='grc' dir='ltr'>θηρίου,</span> <span class='ocrx_word' id='word_1_535' title='bbox 631 4041 720 4096; x_wconf 84' lang='grc' dir='ltr'>καὶ</span> <span class='ocrx_word' id='word_1_536' title='bbox 752 4038 882 4095; x_wconf 75' lang='grc' dir='ltr'>ῗδὼν</span> <span class='ocrx_word' id='word_1_537' title='bbox 909 4040 1038 4104; x_wconf 76' lang='grc' dir='ltr'>τοὺς</span> <span class='ocrx_word' id='word_1_538' title='bbox 1089 4041 1213 4116; x_wconf 79' lang='grc' dir='ltr'>περέ⁵</span> <span class='ocrx_word' id='word_1_539' title='bbox 1261 4038 1505 4098; x_wconf 88' lang='grc' dir='ltr'>Βάλεντα</span> <span class='ocrx_word' id='word_1_540' title='bbox 1556 4038 1645 4095; x_wconf 83' lang='grc' dir='ltr'>διὰ</span> <span class='ocrx_word' id='word_1_541' title='bbox 1689 4047 1790 4110; x_wconf 80' lang='grc' dir='ltr'>τῆς</span> <span class='ocrx_word' id='word_1_542' title='bbox 1831 4034 2039 4109; x_wconf 78' lang='grc' dir='ltr'>Λιϐύης</span> 
     </span>
    </p>
   </div>
   <div class='ocr_carea' id='block_1_74' title="bbox 389 4125 2042 4208">
    <p class='ocr_par' dir='ltr' id='par_1_74' title="bbox 389 4125 2042 4208">
     <span class='ocr_line' id='line_1_74' title="bbox 389 4125 2042 4208; baseline -0.008 -11"><span class='ocrx_word' id='word_1_543' title='bbox 389 4129 666 4204; x_wconf 66' lang='grc' dir='ltr'>ἐλθόντας,</span> <span class='ocrx_word' id='word_1_544' title='bbox 728 4125 1050 4208; x_wconf 77' lang='grc' dir='ltr'>ἐφοϐούμην</span> <span class='ocrx_word' id='word_1_545' title='bbox 1105 4133 1180 4205; x_wconf 84' lang='grc' dir='ltr'>μή</span> <span class='ocrx_word' id='word_1_546' title='bbox 1239 4131 1488 4194; x_wconf 86' lang='grc' dir='ltr'>κάκεῖνος</span> <span class='ocrx_word' id='word_1_547' title='bbox 1543 4131 1772 4206; x_wconf 80' lang='grc' dir='ltr'>πειράσῃ</span> <span class='ocrx_word' id='word_1_548' title='bbox 1825 4127 2042 4202; x_wconf 84' lang='grc' dir='ltr'>τολμῆ-</span> 
     </span>
    </p>
   </div>
   <div class='ocr_carea' id='block_1_75' title="bbox 458 4301 882 4373">
    <p class='ocr_par' dir='ltr' id='par_1_75' title="bbox 458 4301 882 4373">
     <span class='ocr_line' id='line_1_75' title="bbox 458 4301 882 4373; baseline -0.007 -14"><span class='ocrx_word' id='word_1_549' title='bbox 458 4303 501 4338; x_wconf 74' lang='grc' dir='ltr'>⁶τ</span> <span class='ocrx_word' id='word_1_550' title='bbox 531 4301 682 4359; x_wconf 83' lang='lat' dir='ltr'>Psal.</span> <span class='ocrx_word' id='word_1_551' title='bbox 717 4319 796 4373; x_wconf 77' lang='lat' dir='ltr'>v1,</span> <span class='ocrx_word' id='word_1_552' title='bbox 827 4303 882 4356; x_wconf 90' lang='lat'>7.</span> 
     </span>
    </p>
   </div>
   <div class='ocr_carea' id='block_1_76' title="bbox 459 4466 2043 4542">
    <p class='ocr_par' dir='ltr' id='par_1_76' title="bbox 459 4466 2043 4542">
     <span class='ocr_line' id='line_1_76' title="bbox 459 4466 2043 4542; baseline 0.003 -17"><span class='ocrx_word' id='word_1_553' title='bbox 459 4471 577 4542; x_wconf 86' lang='grc'>(36)</span> <span class='ocrx_word' id='word_1_554' title='bbox 595 4470 750 4542; x_wconf 26' lang='lat' dir='ltr'>kBeg.</span> <span class='ocrx_word' id='word_1_555' title='bbox 783 4485 833 4525; x_wconf 91' lang='lat' dir='ltr'>e.</span> <span class='ocrx_word' id='word_1_556' title='bbox 868 4468 1071 4542; x_wconf 63' lang='lat' dir='ltr'>Basil.,</span> <span class='ocrx_word' id='word_1_557' title='bbox 1103 4466 1247 4526; x_wconf 71' lang='grc' dir='ltr'>οὐδὲ.</span> <span class='ocrx_word' id='word_1_558' title='bbox 1298 4470 1468 4542; x_wconf 91' lang='lat' dir='ltr'>Editi,</span> <span class='ocrx_word' id='word_1_559' title='bbox 1501 4472 1652 4528; x_wconf 90' lang='lat' dir='ltr'>male</span> <span class='ocrx_word' id='word_1_560' title='bbox 1701 4468 1876 4526; x_wconf 76' lang='grc' dir='ltr'>οὐδὲν.</span> <span class='ocrx_word' id='word_1_561' title='bbox 1912 4473 2043 4529; x_wconf 86' lang='lat' dir='ltr'>Mox</span> 
     </span>
    </p>
   </div>
   <div class='ocr_carea' id='block_1_77' title="bbox 394 4536 1034 4668">
    <p class='ocr_par' dir='ltr' id='par_1_77' title="bbox 394 4536 1034 4668">
     <span class='ocr_line' id='line_1_77' title="bbox 394 4536 1034 4668; baseline -0.005 -70"><span class='ocrx_word' id='word_1_562' title='bbox 394 4536 726 4668; x_wconf 43' lang='lat' dir='ltr'>litigatis;</span> <span class='ocrx_word' id='word_1_563' title='bbox 738 4558 840 4613; x_wconf 90' lang='lat' dir='ltr'>pro</span> <span class='ocrx_word' id='word_1_564' title='bbox 872 4537 1034 4595; x_wconf 76' lang='grc' dir='ltr'>οἶδεν.</span> 
     </span>
     <span class='ocr_line' id='line_1_78' title="bbox 464 4613 1034 4668; baseline 0 0"><span class='ocrx_word' id='word_1_565' title='bbox 464 4615 479 4668; x_wconf 89' lang='lat'><strong><em>(</em></strong></span> <span class='ocrx_word' id='word_1_566' title='bbox 560 4613 755 4668; x_wconf 80' lang='lat' dir='ltr'>lEdit.</span> <span class='ocrx_word' id='word_1_567' title='bbox 813 4614 1034 4668; x_wconf 87' lang='lat' dir='ltr'>Comm.</span> 
     </span>
    </p>
   </div>
   <div class='ocr_carea' id='block_1_78' title="bbox 464 4605 1383 4696">
    <p class='ocr_par' dir='ltr' id='par_1_78' title="bbox 464 4605 1383 4696">
     <span class='ocr_line' id='line_1_79' title="bbox 464 4605 1383 4696; baseline -0.004 -28"><span class='ocrx_word' id='word_1_568' title='bbox 607 4605 756 4696; x_wconf 58' lang='lat' dir='ltr'>Edit:</span> <span class='ocrx_word' id='word_1_569' title='bbox 813 4614 1090 4696; x_wconf 46' lang='lat' dir='ltr'>Commg’</span> <span class='ocrx_word' id='word_1_570' title='bbox 1117 4605 1383 4696; x_wconf 40' lang='grc' dir='ltr'>ΣαϐάΞιοος</span> 
     </span>
    </p>
   </div>
   <div class='ocr_carea' id='block_1_79' title="bbox 393 4681 2039 4759">
    <p class='ocr_par' dir='ltr' id='par_1_79' title="bbox 393 4681 2039 4759">
     <span class='ocr_line' id='line_1_80' title="bbox 393 4681 2039 4759; baseline 0 -17"><span class='ocrx_word' id='word_1_571' title='bbox 393 4681 531 4742; x_wconf 88' lang='lat' dir='ltr'>editi</span> <span class='ocrx_word' id='word_1_572' title='bbox 561 4681 876 4759; x_wconf 17' lang='lat' dir='ltr'>&#39;et__mss.,i</span> <span class='ocrx_word' id='word_1_573' title='bbox 909 4681 1232 4759; x_wconf 75' lang='grc' dir='ltr'>Σαρϐάτιος.</span> <span class='ocrx_word' id='word_1_574' title='bbox 1265 4684 1573 4759; x_wconf 83' lang='lat' dir='ltr'>Existimat</span> <span class='ocrx_word' id='word_1_575' title='bbox 1624 4685 1908 4759; x_wconf 75' lang='lat' dir='ltr'>Beronius</span> <span class='ocrx_word' id='word_1_576' title='bbox 1967 4687 2039 4742; x_wconf 91' lang='lat' dir='ltr'>ad</span> 
     </span>
    </p>
   </div>
   <div class='ocr_carea' id='block_1_80' title="bbox 392 4755 2040 4830">
    <p class='ocr_par' dir='ltr' id='par_1_80' title="bbox 392 4755 2040 4830">
     <span class='ocr_line' id='line_1_81' title="bbox 392 4755 2040 4830; baseline -0.001 -16"><span class='ocrx_word' id='word_1_577' title='bbox 392 4772 614 4830; x_wconf 86' lang='lat' dir='ltr'>annum</span> <span class='ocrx_word' id='word_1_578' title='bbox 643 4756 768 4826; x_wconf 86' lang='lat'>350,</span> <span class='ocrx_word' id='word_1_579' title='bbox 801 4758 945 4830; x_wconf 81' lang='lat'>§28,</span> <span class='ocrx_word' id='word_1_580' title='bbox 979 4755 1135 4813; x_wconf 89' lang='lat' dir='ltr'>hunc</span> <span class='ocrx_word' id='word_1_581' title='bbox 1178 4755 1530 4826; x_wconf 89' lang='lat' dir='ltr'>Sarvatium,</span> <span class='ocrx_word' id='word_1_582' title='bbox 1559 4772 1666 4830; x_wconf 81' lang='lat' dir='ltr'>seu</span> <span class='ocrx_word' id='word_1_583' title='bbox 1714 4757 2040 4813; x_wconf 88' lang='lat' dir='ltr'>Servatium</span> 
     </span>
    </p>
   </div>
   <div class='ocr_carea' id='block_1_81' title="bbox 393 4829 2042 4911">
    <p class='ocr_par' dir='ltr' id='par_1_81' title="bbox 393 4829 2042 4911">
     <span class='ocr_line' id='line_1_82' title="bbox 393 4829 2042 4911; baseline -0.001 -26"><span class='ocrx_word' id='word_1_584' title='bbox 393 4829 733 4911; x_wconf 66' lang='lat' dir='ltr'>episcopum</span> <span class='ocrx_word' id='word_1_585' title='bbox 764 4845 893 4885; x_wconf 91' lang='lat' dir='ltr'>esse</span> <span class='ocrx_word' id='word_1_586' title='bbox 937 4834 1337 4911; x_wconf 68' lang='lat' dir='ltr'>Tungrensem</span> <span class='ocrx_word' id='word_1_587' title='bbox 1371 4845 1386 4883; x_wconf 83' lang='grc'>;</span> <span class='ocrx_word' id='word_1_588' title='bbox 1423 4829 1576 4911; x_wconf 81' lang='lat' dir='ltr'>quod</span> <span class='ocrx_word' id='word_1_589' title='bbox 1625 4845 1765 4911; x_wconf 75' lang='lat' dir='ltr'>sane</span> <span class='ocrx_word' id='word_1_590' title='bbox 1791 4834 1884 4911; x_wconf 63' lang='lat' dir='ltr'>est</span> <span class='ocrx_word' id='word_1_591' title='bbox 1908 4846 2042 4911; x_wconf 75' lang='lat' dir='ltr'>vero</span> 
     </span>
    </p>
   </div>
   <div class='ocr_carea' id='block_1_82' title="bbox 396 4898 2042 4974">
    <p class='ocr_par' dir='ltr' id='par_1_82' title="bbox 396 4898 2042 4974">
     <span class='ocr_line' id='line_1_83' title="bbox 396 4898 2042 4974; baseline -0.002 -17"><span class='ocrx_word' id='word_1_592' title='bbox 396 4898 765 4974; x_wconf 76' lang='lat' dir='ltr'>simillimum</span> <span class='ocrx_word' id='word_1_593' title='bbox 800 4918 812 4956; x_wconf 91' lang='lat'>:</span> <span class='ocrx_word' id='word_1_594' title='bbox 848 4898 1263 4974; x_wconf 55' lang='lat' dir='ltr'>unusq—uippe</span> <span class='ocrx_word' id='word_1_595' title='bbox 1303 4898 1600 4974; x_wconf 71' lang='lat' dir='ltr'>Servatius</span> <span class='ocrx_word' id='word_1_596' title='bbox 1649 4898 2042 4974; x_wconf 17' lang='lat' dir='ltr'>interﬂGallia:</span> 
     </span>
    </p>
   </div>
   <div class='ocr_carea' id='block_1_83' title="bbox 399 4971 2043 5046">
    <p class='ocr_par' dir='ltr' id='par_1_83' title="bbox 399 4971 2043 5046">
     <span class='ocr_line' id='line_1_84' title="bbox 399 4971 2043 5046; baseline 0 -20"><span class='ocrx_word' id='word_1_597' title='bbox 399 4971 706 5046; x_wconf 82' lang='lat' dir='ltr'>episcopos</span> <span class='ocrx_word' id='word_1_598' title='bbox 752 4971 968 5046; x_wconf 89' lang='lat' dir='ltr'>legitur</span> <span class='ocrx_word' id='word_1_599' title='bbox 1013 4971 1083 5028; x_wconf 43' lang='lat' dir='ltr'>in‘</span> <span class='ocrx_word' id='word_1_600' title='bbox 1123 4971 1656 5046; x_wconf 80' lang='lat' dir='ltr'>subscriptionibus</span> <span class='ocrx_word' id='word_1_601' title='bbox 1685 4972 2043 5046; x_wconf 85' lang='lat' dir='ltr'>Sardicensi-</span> 
     </span>
    </p>
   </div>
   <div class='ocr_carea' id='block_1_84' title="bbox 397 5043 2040 5114">
    <p class='ocr_par' dir='ltr' id='par_1_84' title="bbox 397 5043 2040 5114">
     <span class='ocr_line' id='line_1_85' title="bbox 397 5043 2040 5114; baseline 0.001 -15"><span class='ocrx_word' id='word_1_602' title='bbox 397 5043 509 5099; x_wconf 77' lang='lat' dir='ltr'>hiis</span> <span class='ocrx_word' id='word_1_603' title='bbox 567 5043 835 5114; x_wconf 76' lang='lat' dir='ltr'>Apologid</span> <span class='ocrx_word' id='word_1_604' title='bbox 877 5052 1067 5099; x_wconf 82' lang='lat' dir='ltr'>contra</span> <span class='ocrx_word' id='word_1_605' title='bbox 1114 5045 1365 5109; x_wconf 71' lang='lat' dir='ltr'>Arianos,</span> <span class='ocrx_word' id='word_1_606' title='bbox 1398 5060 1456 5097; x_wconf 93' lang='lat' dir='ltr'>n.</span> <span class='ocrx_word' id='word_1_607' title='bbox 1491 5043 1580 5114; x_wconf 81' lang='lat'>50,</span> <span class='ocrx_word' id='word_1_608' title='bbox 1615 5059 1788 5113; x_wconf 90' lang='lat' dir='ltr'>quem</span> <span class='ocrx_word' id='word_1_609' title='bbox 1838 5044 2040 5114; x_wconf 89' lang='lat' dir='ltr'>opina-</span> 
     </span>
    </p>
   </div>
   <div class='ocr_carea' id='block_1_85' title="bbox 399 5115 2043 5188">
    <p class='ocr_par' dir='ltr' id='par_1_85' title="bbox 399 5115 2043 5188">
     <span class='ocr_line' id='line_1_86' title="bbox 399 5115 2043 5188; baseline 0 -18"><span class='ocrx_word' id='word_1_610' title='bbox 399 5131 534 5170; x_wconf 89' lang='lat' dir='ltr'>mur</span> <span class='ocrx_word' id='word_1_611' title='bbox 561 5115 719 5188; x_wconf 14' lang='lat' dir='ltr'>hgunc</span> <span class='ocrx_word' id='word_1_612' title='bbox 748 5116 944 5188; x_wconf 89' lang='lat' dir='ltr'>ipsum</span> <span class='ocrx_word' id='word_1_613' title='bbox 987 5132 1134 5172; x_wconf 91' lang='lat' dir='ltr'>esse.</span> <span class='ocrx_word' id='word_1_614' title='bbox 1166 5119 1682 5188; x_wconf 35' lang='lat' dir='ltr'>Sequentem‘vero</span> <span class='ocrx_word' id='word_1_615' title='bbox 1720 5115 2043 5170; x_wconf 82' lang='lat' dir='ltr'>maximum</span> 
     </span>
    </p>
   </div>
   <div class='ocr_carea' id='block_1_86' title="bbox 393 5185 2046 5259">
    <p class='ocr_par' dir='ltr' id='par_1_86' title="bbox 393 5185 2046 5259">
     <span class='ocr_line' id='line_1_87' title="bbox 393 5185 2046 5259; baseline -0.001 -17"><span class='ocrx_word' id='word_1_616' title='bbox 393 5190 565 5259; x_wconf 85' lang='lat' dir='ltr'>putat</span> <span class='ocrx_word' id='word_1_617' title='bbox 593 5185 877 5242; x_wconf 49' lang='lat' dir='ltr'>Baron&#39;ius</span> <span class='ocrx_word' id='word_1_618' title='bbox 906 5204 1035 5243; x_wconf 88' lang='lat' dir='ltr'>esse</span> <span class='ocrx_word' id='word_1_619' title='bbox 1073 5185 1454 5243; x_wconf 84' lang='lat' dir='ltr'>Maximinum</span> <span class='ocrx_word' id='word_1_620' title='bbox 1505 5185 1903 5259; x_wconf 90' lang='lat' dir='ltr'>Trevirensem</span> <span class='ocrx_word' id='word_1_621' title='bbox 1941 5190 2046 5259; x_wconf 17' lang='lat' dir='ltr'>:Aat</span> 
     </span>
    </p>
   </div>
   <div class='ocr_carea' id='block_1_87' title="bbox 397 5257 2042 5332">
    <p class='ocr_par' dir='ltr' id='par_1_87' title="bbox 397 5257 2042 5332">
     <span class='ocr_line' id='line_1_88' title="bbox 397 5257 2042 5332; baseline -0.001 -20"><span class='ocrx_word' id='word_1_622' title='bbox 397 5257 789 5332; x_wconf 67' lang='lat' dir='ltr'>praeterquam</span> <span class='ocrx_word' id='word_1_623' title='bbox 818 5260 974 5332; x_wconf 89' lang='lat' dir='ltr'>quod</span> <span class='ocrx_word' id='word_1_624' title='bbox 1007 5275 1220 5332; x_wconf 85' lang='lat' dir='ltr'>nomen</span> <span class='ocrx_word' id='word_1_625' title='bbox 1249 5274 1385 5332; x_wconf 19' lang='lat' dir='ltr'>Anon</span> <span class='ocrx_word' id='word_1_626' title='bbox 1433 5258 1672 5332; x_wconf 77' lang='lat' dir='ltr'>omnino</span> <span class='ocrx_word' id='word_1_627' title='bbox 1719 5257 2042 5332; x_wconf 70' lang='lat' dir='ltr'>consentit;</span> 
     </span>
    </p>
   </div>
   <div class='ocr_carea' id='block_1_88' title="bbox 400 5328 2045 5400">
    <p class='ocr_par' dir='ltr' id='par_1_88' title="bbox 400 5328 2045 5400">
     <span class='ocr_line' id='line_1_89' title="bbox 400 5328 2045 5400; baseline -0.001 -14"><span class='ocrx_word' id='word_1_628' title='bbox 400 5328 589 5386; x_wconf 79' lang='lat' dir='ltr'>exstat</span> <span class='ocrx_word' id='word_1_629' title='bbox 625 5328 702 5383; x_wconf 15' lang='lat' dir='ltr'>lin</span> <span class='ocrx_word' id='word_1_630' title='bbox 755 5328 963 5385; x_wconf 86' lang='lat' dir='ltr'>iisdem</span> <span class='ocrx_word' id='word_1_631' title='bbox 1037 5328 1568 5400; x_wconf 84' lang='lat' dir='ltr'>subscriptionibus</span> <span class='ocrx_word' id='word_1_632' title='bbox 1641 5329 1792 5384; x_wconf 88' lang='lat' dir='ltr'>inter</span> <span class='ocrx_word' id='word_1_633' title='bbox 1850 5328 2045 5384; x_wconf 74' lang='lat' dir='ltr'>Galliai</span> 
     </span>
    </p>
   </div>
   <div class='ocr_carea' id='block_1_89' title="bbox 400 5399 2042 5474">
    <p class='ocr_par' dir='ltr' id='par_1_89' title="bbox 400 5399 2042 5474">
     <span class='ocr_line' id='line_1_90' title="bbox 400 5399 2042 5474; baseline -0.002 -17"><span class='ocrx_word' id='word_1_634' title='bbox 400 5401 706 5474; x_wconf 82' lang='lat' dir='ltr'>episcopos</span> <span class='ocrx_word' id='word_1_635' title='bbox 764 5401 1205 5474; x_wconf 9' lang='lat' dir='ltr'>Maximusqqui</span> <span class='ocrx_word' id='word_1_636' title='bbox 1264 5399 1597 5474; x_wconf 69' lang='lat' dir='ltr'>postremus</span> <span class='ocrx_word' id='word_1_637' title='bbox 1646 5401 1727 5454; x_wconf 89' lang='lat' dir='ltr'>ibi</span> <span class='ocrx_word' id='word_1_638' title='bbox 1776 5399 2042 5474; x_wconf 74' lang='lat' dir='ltr'>legitur;</span> 
     </span>
    </p>
   </div>
   <div class='ocr_carea' id='block_1_90' title="bbox 402 5471 2049 5544">
    <p class='ocr_par' dir='ltr' id='par_1_90' title="bbox 402 5471 2049 5544">
     <span class='ocr_line' id='line_1_91' title="bbox 402 5471 2049 5544; baseline -0.001 -16"><span class='ocrx_word' id='word_1_639' title='bbox 402 5471 619 5544; x_wconf 76' lang='lat' dir='ltr'>quique</span> <span class='ocrx_word' id='word_1_640' title='bbox 649 5473 916 5544; x_wconf 68' lang='lat' dir='ltr'>fortassis</span> <span class='ocrx_word' id='word_1_641' title='bbox 948 5473 1043 5528; x_wconf 93' lang='lat' dir='ltr'>hic</span> <span class='ocrx_word' id='word_1_642' title='bbox 1074 5471 1200 5544; x_wconf 83' lang='lat' dir='ltr'>ipse</span> <span class='ocrx_word' id='word_1_643' title='bbox 1228 5471 1338 5527; x_wconf 84' lang='lat' dir='ltr'>est.</span> <span class='ocrx_word' id='word_1_644' title='bbox 1366 5472 1756 5526; x_wconf 82' lang='lat' dir='ltr'>Maximianus</span> <span class='ocrx_word' id='word_1_645' title='bbox 1784 5471 1917 5527; x_wconf 86' lang='lat' dir='ltr'>vero</span> <span class='ocrx_word' id='word_1_646' title='bbox 1948 5473 2049 5543; x_wconf 92' lang='lat' dir='ltr'>qui</span> 
     </span>
    </p>
   </div>
   <div class='ocr_carea' id='block_1_91' title="bbox 403 5543 2050 5615">
    <p class='ocr_par' dir='ltr' id='par_1_91' title="bbox 403 5543 2050 5615">
     <span class='ocr_line' id='line_1_92' title="bbox 403 5543 2050 5615; baseline 0.001 -18"><span class='ocrx_word' id='word_1_647' title='bbox 403 5543 631 5615; x_wconf 83' lang='lat' dir='ltr'>primus</span> <span class='ocrx_word' id='word_1_648' title='bbox 659 5543 778 5600; x_wconf 91' lang='lat' dir='ltr'>illic</span> <span class='ocrx_word' id='word_1_649' title='bbox 809 5544 1076 5611; x_wconf 89' lang='lat' dir='ltr'>habetur,</span> <span class='ocrx_word' id='word_1_650' title='bbox 1102 5543 1337 5599; x_wconf 82' lang='lat' dir='ltr'>videtur</span> <span class='ocrx_word' id='word_1_651' title='bbox 1377 5559 1517 5615; x_wconf 76' lang='lat' dir='ltr'>esse</span> <span class='ocrx_word' id='word_1_652' title='bbox 1533 5544 1884 5615; x_wconf 72' lang='lat' dir='ltr'>Maximinus</span> <span class='ocrx_word' id='word_1_653' title='bbox 1912 5544 2050 5598; x_wconf 91' lang='lat' dir='ltr'>Tre-</span> 
     </span>
    </p>
   </div>
   <div class='ocr_carea' id='block_1_92' title="bbox 403 5612 2054 5688">
    <p class='ocr_par' dir='ltr' id='par_1_92' title="bbox 403 5612 2054 5688">
     <span class='ocr_line' id='line_1_93' title="bbox 403 5612 2054 5688; baseline 0.001 -19"><span class='ocrx_word' id='word_1_654' title='bbox 403 5612 673 5688; x_wconf 72' lang='lat' dir='ltr'>virensis,</span> <span class='ocrx_word' id='word_1_655' title='bbox 707 5616 806 5688; x_wconf 90' lang='lat' dir='ltr'>qui</span> <span class='ocrx_word' id='word_1_656' title='bbox 856 5634 987 5672; x_wconf 83' lang='lat' dir='ltr'>cum</span> <span class='ocrx_word' id='word_1_657' title='bbox 1019 5615 1386 5688; x_wconf 88' lang='lat' dir='ltr'>Trevirorum</span> <span class='ocrx_word' id='word_1_658' title='bbox 1419 5612 1616 5688; x_wconf 68' lang='lat' dir='ltr'>Gallia:</span> <span class='ocrx_word' id='word_1_659' title='bbox 1665 5615 2054 5688; x_wconf 73' lang='lat' dir='ltr'>metropoleos</span> 
     </span>
    </p>
   </div>
   <div class='ocr_carea' id='block_1_93' title="bbox 404 5685 2055 5764">
    <p class='ocr_par' dir='ltr' id='par_1_93' title="bbox 404 5685 2055 5764">
     <span class='ocr_line' id='line_1_94' title="bbox 404 5685 2055 5764; baseline 0.003 -19"><span class='ocrx_word' id='word_1_660' title='bbox 404 5685 934 5764; x_wconf 59' lang='lat' dir='ltr'>episcopus’esset,</span> <span class='ocrx_word' id='word_1_661' title='bbox 976 5705 1042 5752; x_wconf 82' lang='lat' dir='ltr'>eo</span> <span class='ocrx_word' id='word_1_662' title='bbox 1087 5686 1325 5750; x_wconf 85' lang='lat' dir='ltr'>nomine</span> <span class='ocrx_word' id='word_1_663' title='bbox 1382 5685 1604 5762; x_wconf 83' lang='lat' dir='ltr'>primas</span> <span class='ocrx_word' id='word_1_664' title='bbox 1661 5685 1781 5744; x_wconf 88' lang='lat' dir='ltr'>illic</span> <span class='ocrx_word' id='word_1_665' title='bbox 1843 5685 2055 5750; x_wconf 78' lang='lat' dir='ltr'>habeat</span> 
     </span>
    </p>
   </div>
   <div class='ocr_carea' id='block_1_94' title="bbox 2145 3322 3791 3396">
    <p class='ocr_par' dir='ltr' id='par_1_94' title="bbox 2145 3322 3791 3396">
     <span class='ocr_line' id='line_1_95' title="bbox 2145 3322 3791 3396; baseline 0.003 -18"><span class='ocrx_word' id='word_1_666' title='bbox 2145 3324 2215 3378; x_wconf 88' lang='lat' dir='ltr'>ad</span> <span class='ocrx_word' id='word_1_667' title='bbox 2251 3339 2341 3376; x_wconf 91' lang='lat' dir='ltr'>me</span> <span class='ocrx_word' id='word_1_668' title='bbox 2371 3322 2722 3378; x_wconf 89' lang='lat' dir='ltr'>detulerint:</span> <span class='ocrx_word' id='word_1_669' title='bbox 2751 3323 2859 3378; x_wconf 63' lang='lat' dir='ltr'>illa;</span> <span class='ocrx_word' id='word_1_670' title='bbox 2882 3325 3098 3396; x_wconf 91' lang='lat' dir='ltr'>quippe</span> <span class='ocrx_word' id='word_1_671' title='bbox 3118 3327 3346 3381; x_wconf 91' lang='lat' dir='ltr'>occasio</span> <span class='ocrx_word' id='word_1_672' title='bbox 3372 3327 3516 3382; x_wconf 89' lang='lat' dir='ltr'>mihi</span> <span class='ocrx_word' id='word_1_673' title='bbox 3541 3327 3791 3384; x_wconf 81' lang='lat' dir='ltr'>fuissent</span> 
     </span>
    </p>
   </div>
   <div class='ocr_carea' id='block_1_95' title="bbox 2145 3411 3789 3488">
    <p class='ocr_par' dir='ltr' id='par_1_95' title="bbox 2145 3411 3789 3488">
     <span class='ocr_line' id='line_1_96' title="bbox 2145 3411 3789 3488; baseline 0.002 -21"><span class='ocrx_word' id='word_1_674' title='bbox 2145 3413 2216 3468; x_wconf 90' lang='lat' dir='ltr'>ad</span> <span class='ocrx_word' id='word_1_675' title='bbox 2247 3428 2384 3466; x_wconf 90' lang='lat' dir='ltr'>eum</span> <span class='ocrx_word' id='word_1_676' title='bbox 2418 3411 2794 3468; x_wconf 90' lang='lat' dir='ltr'>rescribendi.</span> <span class='ocrx_word' id='word_1_677' title='bbox 2815 3413 2976 3478; x_wconf 85' lang='lat' dir='ltr'>Quod</span> <span class='ocrx_word' id='word_1_678' title='bbox 3008 3413 3058 3469; x_wconf 87' lang='lat' dir='ltr'>si</span> <span class='ocrx_word' id='word_1_679' title='bbox 3089 3431 3191 3469; x_wconf 93' lang='lat' dir='ltr'>nec</span> <span class='ocrx_word' id='word_1_680' title='bbox 3225 3415 3368 3470; x_wconf 89' lang='lat' dir='ltr'>mihi</span> <span class='ocrx_word' id='word_1_681' title='bbox 3400 3416 3658 3488; x_wconf 90' lang='lat' dir='ltr'>scripsit,</span> <span class='ocrx_word' id='word_1_682' title='bbox 3688 3433 3789 3471; x_wconf 89' lang='lat' dir='ltr'>ne-</span> 
     </span>
    </p>
   </div>
   <div class='ocr_carea' id='block_1_96' title="bbox 2146 3501 3786 3573">
    <p class='ocr_par' dir='ltr' id='par_1_96' title="bbox 2146 3501 3786 3573">
     <span class='ocr_line' id='line_1_97' title="bbox 2146 3501 3786 3573; baseline 0.003 -18"><span class='ocrx_word' id='word_1_683' title='bbox 2146 3518 2260 3572; x_wconf 93' lang='lat' dir='ltr'>que</span> <span class='ocrx_word' id='word_1_684' title='bbox 2290 3517 2381 3555; x_wconf 92' lang='lat' dir='ltr'>me</span> <span class='ocrx_word' id='word_1_685' title='bbox 2411 3501 2591 3565; x_wconf 92' lang='lat' dir='ltr'>novit,</span> <span class='ocrx_word' id='word_1_686' title='bbox 2625 3517 2800 3570; x_wconf 87' lang='lat' dir='ltr'>quare</span> <span class='ocrx_word' id='word_1_687' title='bbox 2840 3501 2911 3556; x_wconf 92' lang='lat' dir='ltr'>ad</span> <span class='ocrx_word' id='word_1_688' title='bbox 2957 3502 3222 3573; x_wconf 88' lang='lat' dir='ltr'>ignotum</span> <span class='ocrx_word' id='word_1_689' title='bbox 3249 3504 3440 3560; x_wconf 90' lang='lat' dir='ltr'>virum</span> <span class='ocrx_word' id='word_1_690' title='bbox 3487 3504 3786 3560; x_wconf 90' lang='lat' dir='ltr'>misissem</span> 
     </span>
    </p>
   </div>
   <div class='ocr_carea' id='block_1_97' title="bbox 2145 3589 3790 3664">
    <p class='ocr_par' dir='ltr' id='par_1_97' title="bbox 2145 3589 3790 3664">
     <span class='ocr_line' id='line_1_98' title="bbox 2145 3589 3790 3664; baseline 0.004 -20"><span class='ocrx_word' id='word_1_691' title='bbox 2145 3589 2413 3646; x_wconf 85' lang='lat' dir='ltr'>litteras?</span> <span class='ocrx_word' id='word_1_692' title='bbox 2457 3589 2764 3645; x_wconf 87' lang='lat' dir='ltr'>Sciscitare</span> <span class='ocrx_word' id='word_1_693' title='bbox 2795 3608 2868 3645; x_wconf 90' lang='lat' dir='ltr'>an</span> <span class='ocrx_word' id='word_1_694' title='bbox 2909 3591 3029 3646; x_wconf 90' lang='lat' dir='ltr'>viso</span> <span class='ocrx_word' id='word_1_695' title='bbox 3068 3592 3408 3664; x_wconf 79' lang='lat' dir='ltr'>Clementia,</span> <span class='ocrx_word' id='word_1_696' title='bbox 3439 3595 3618 3651; x_wconf 65' lang='lat' dir='ltr'>beatae</span> <span class='ocrx_word' id='word_1_697' title='bbox 3669 3610 3790 3650; x_wconf 89' lang='lat' dir='ltr'>me-</span> 
     </span>
    </p>
   </div>
   <div class='ocr_carea' id='block_1_98' title="bbox 2149 3679 3792 3755">
    <p class='ocr_par' dir='ltr' id='par_1_98' title="bbox 2149 3679 3792 3755">
     <span class='ocr_line' id='line_1_99' title="bbox 2149 3679 3792 3755; baseline 0.004 -21"><span class='ocrx_word' id='word_1_698' title='bbox 2149 3679 2345 3734; x_wconf 65' lang='lat' dir='ltr'>moriae</span> <span class='ocrx_word' id='word_1_699' title='bbox 2363 3679 2479 3733; x_wconf 86' lang='lat' dir='ltr'>Viri</span> <span class='ocrx_word' id='word_1_700' title='bbox 2505 3679 2858 3734; x_wconf 87' lang='lat' dir='ltr'>mentionem</span> <span class='ocrx_word' id='word_1_701' title='bbox 2877 3697 2992 3735; x_wconf 91' lang='lat' dir='ltr'>non</span> <span class='ocrx_word' id='word_1_702' title='bbox 3016 3681 3248 3737; x_wconf 81' lang='lat' dir='ltr'>fecerim</span> <span class='ocrx_word' id='word_1_703' title='bbox 3271 3700 3284 3738; x_wconf 88' lang='lat'>:</span> <span class='ocrx_word' id='word_1_704' title='bbox 3305 3701 3376 3739; x_wconf 90' lang='lat' dir='ltr'>an</span> <span class='ocrx_word' id='word_1_705' title='bbox 3395 3683 3479 3739; x_wconf 89' lang='lat' dir='ltr'>uti</span> <span class='ocrx_word' id='word_1_706' title='bbox 3505 3685 3792 3755; x_wconf 89' lang='lat' dir='ltr'>scriptum</span> 
     </span>
    </p>
   </div>
   <div class='ocr_carea' id='block_1_99' title="bbox 2149 3767 3792 3845">
    <p class='ocr_par' dir='ltr' id='par_1_99' title="bbox 2149 3767 3792 3845">
     <span class='ocr_line' id='line_1_100' title="bbox 2149 3767 3792 3845; baseline 0.003 -21"><span class='ocrx_word' id='word_1_707' title='bbox 2149 3773 2238 3824; x_wconf 86' lang='lat' dir='ltr'>est</span> <span class='ocrx_word' id='word_1_708' title='bbox 2257 3770 2320 3834; x_wconf 68' lang='lat'>67,</span> <span class='ocrx_word' id='word_1_709' title='bbox 2353 3767 2628 3840; x_wconf 83' lang='lat' dir='ltr'>lacrymis</span> <span class='ocrx_word' id='word_1_710' title='bbox 2659 3767 2806 3824; x_wconf 89' lang='lat' dir='ltr'>meis</span> <span class='ocrx_word' id='word_1_711' title='bbox 2857 3770 3203 3826; x_wconf 90' lang='lat' dir='ltr'>vestimenta</span> <span class='ocrx_word' id='word_1_712' title='bbox 3249 3789 3363 3827; x_wconf 93' lang='lat' dir='ltr'>non</span> <span class='ocrx_word' id='word_1_713' title='bbox 3414 3773 3792 3845; x_wconf 88' lang='lat' dir='ltr'>perfuderim,</span> 
     </span>
    </p>
   </div>
   <div class='ocr_carea' id='block_1_100' title="bbox 2151 3856 3794 3932">
    <p class='ocr_par' dir='ltr' id='par_1_100' title="bbox 2151 3856 3794 3932">
     <span class='ocr_line' id='line_1_101' title="bbox 2151 3856 3794 3932; baseline 0.003 -20"><span class='ocrx_word' id='word_1_714' title='bbox 2151 3858 2293 3912; x_wconf 90' lang='lat' dir='ltr'>dum</span> <span class='ocrx_word' id='word_1_715' title='bbox 2325 3856 2754 3912; x_wconf 87' lang='lat' dir='ltr'>humanitatem</span> <span class='ocrx_word' id='word_1_716' title='bbox 2799 3858 2948 3929; x_wconf 89' lang='lat' dir='ltr'>ejus,</span> <span class='ocrx_word' id='word_1_717' title='bbox 2981 3858 3356 3932; x_wconf 89' lang='lat' dir='ltr'>animamque</span> <span class='ocrx_word' id='word_1_718' title='bbox 3386 3861 3549 3916; x_wconf 89' lang='lat' dir='ltr'>illam</span> <span class='ocrx_word' id='word_1_719' title='bbox 3580 3861 3794 3918; x_wconf 89' lang='lat' dir='ltr'>Christi</span> 
     </span>
    </p>
   </div>
   <div class='ocr_carea' id='block_1_101' title="bbox 2151 3946 3793 4024">
    <p class='ocr_par' dir='ltr' id='par_1_101' title="bbox 2151 3946 3793 4024">
     <span class='ocr_line' id='line_1_102' title="bbox 2151 3946 3793 4024; baseline 0.004 -22"><span class='ocrx_word' id='word_1_720' title='bbox 2151 3946 2624 4002; x_wconf 88' lang='lat' dir='ltr'>amantissimam</span> <span class='ocrx_word' id='word_1_721' title='bbox 2675 3947 2734 4001; x_wconf 92' lang='lat' dir='ltr'>in</span> <span class='ocrx_word' id='word_1_722' title='bbox 2783 3952 2978 4003; x_wconf 87' lang='lat' dir='ltr'>mente</span> <span class='ocrx_word' id='word_1_723' title='bbox 3006 3965 3318 4006; x_wconf 89' lang='lat' dir='ltr'>versarcm.</span> <span class='ocrx_word' id='word_1_724' title='bbox 3352 3951 3543 4019; x_wconf 86' lang='lat' dir='ltr'>Disce,</span> <span class='ocrx_word' id='word_1_725' title='bbox 3575 3968 3793 4024; x_wconf 63' lang='lat' dir='ltr'>quasso,</span> 
     </span>
    </p>
   </div>
   <div class='ocr_carea' id='block_1_102' title="bbox 2153 4034 3797 4110">
    <p class='ocr_par' dir='ltr' id='par_1_102' title="bbox 2153 4034 3797 4110">
     <span class='ocr_line' id='line_1_103' title="bbox 2153 4034 3797 4110; baseline 0.005 -20"><span class='ocrx_word' id='word_1_726' title='bbox 2153 4040 2374 4108; x_wconf 86' lang='lat' dir='ltr'>quanta</span> <span class='ocrx_word' id='word_1_727' title='bbox 2395 4034 2704 4091; x_wconf 86' lang='lat' dir='ltr'>formidine</span> <span class='ocrx_word' id='word_1_728' title='bbox 2720 4051 3035 4108; x_wconf 87' lang='lat' dir='ltr'>percussus</span> <span class='ocrx_word' id='word_1_729' title='bbox 3052 4039 3395 4110; x_wconf 88' lang='lat' dir='ltr'>sim,audita</span> <span class='ocrx_word' id='word_1_730' title='bbox 3411 4041 3616 4097; x_wconf 58' lang='lat' dir='ltr'>belluas</span> <span class='ocrx_word' id='word_1_731' title='bbox 3635 4040 3797 4098; x_wconf 77' lang='lat' dir='ltr'>illius</span> 
     </span>
    </p>
   </div>
   <div class='ocr_carea' id='block_1_103' title="bbox 2152 4123 3798 4202">
    <p class='ocr_par' dir='ltr' id='par_1_103' title="bbox 2152 4123 3798 4202">
     <span class='ocr_line' id='line_1_104' title="bbox 2152 4123 3798 4202; baseline 0.004 -21"><span class='ocrx_word' id='word_1_732' title='bbox 2152 4124 2399 4194; x_wconf 89' lang='lat' dir='ltr'>feritate,</span> <span class='ocrx_word' id='word_1_733' title='bbox 2425 4141 2559 4181; x_wconf 91' lang='lat' dir='ltr'>cum</span> <span class='ocrx_word' id='word_1_734' title='bbox 2588 4123 2891 4183; x_wconf 85' lang='lat' dir='ltr'>Valentem</span> <span class='ocrx_word' id='word_1_735' title='bbox 2915 4144 3018 4201; x_wconf 89' lang='lat' dir='ltr'>per</span> <span class='ocrx_word' id='word_1_736' title='bbox 3036 4128 3274 4202; x_wconf 80' lang='lat' dir='ltr'>Libyam</span> <span class='ocrx_word' id='word_1_737' title='bbox 3297 4130 3406 4187; x_wconf 92' lang='lat' dir='ltr'>iter</span> <span class='ocrx_word' id='word_1_738' title='bbox 3427 4130 3640 4188; x_wconf 86' lang='lat' dir='ltr'>habere</span> <span class='ocrx_word' id='word_1_739' title='bbox 3661 4147 3798 4188; x_wconf 85' lang='lat' dir='ltr'>con-</span> 
     </span>
    </p>
   </div>
   <div class='ocr_carea' id='block_1_104' title="bbox 2153 4468 3801 4541">
    <p class='ocr_par' dir='ltr' id='par_1_104' title="bbox 2153 4468 3801 4541">
     <span class='ocr_line' id='line_1_105' title="bbox 2153 4468 3801 4541; baseline 0 -15"><span class='ocrx_word' id='word_1_740' title='bbox 2153 4468 2531 4541; x_wconf 86' lang='lat' dir='ltr'>Hermantius</span> <span class='ocrx_word' id='word_1_741' title='bbox 2567 4487 2736 4541; x_wconf 86' lang='lat' dir='ltr'>porro</span> <span class='ocrx_word' id='word_1_742' title='bbox 2779 4470 2835 4524; x_wconf 89' lang='lat' dir='ltr'>in</span> <span class='ocrx_word' id='word_1_743' title='bbox 2882 4471 3176 4528; x_wconf 74' lang='lat' dir='ltr'>Athanasii</span> <span class='ocrx_word' id='word_1_744' title='bbox 3220 4473 3353 4536; x_wconf 77' lang='lat' dir='ltr'>Vita,</span> <span class='ocrx_word' id='word_1_745' title='bbox 3385 4470 3486 4526; x_wconf 91' lang='lat' dir='ltr'>lib.</span> <span class='ocrx_word' id='word_1_746' title='bbox 3519 4487 3594 4537; x_wconf 85' lang='lat' dir='ltr'>v1,</span> <span class='ocrx_word' id='word_1_747' title='bbox 3628 4487 3678 4526; x_wconf 94' lang='lat' dir='ltr'>c.</span> <span class='ocrx_word' id='word_1_748' title='bbox 3714 4472 3801 4537; x_wconf 85' lang='grc'>15,</span> 
     </span>
    </p>
   </div>
   <div class='ocr_carea' id='block_1_105' title="bbox 2194 4540 3793 4612">
    <p class='ocr_par' dir='ltr' id='par_1_105' title="bbox 2194 4540 3793 4612">
     <span class='ocr_line' id='line_1_106' title="bbox 2194 4540 3793 4612; baseline 0.001 -15"><span class='ocrx_word' id='word_1_749' title='bbox 2194 4546 2318 4597; x_wconf 91' lang='lat' dir='ltr'>utat</span> <span class='ocrx_word' id='word_1_750' title='bbox 2348 4540 2657 4596; x_wconf 78' lang='lat' dir='ltr'>Paulinum</span> <span class='ocrx_word' id='word_1_751' title='bbox 2691 4541 2790 4612; x_wconf 92' lang='lat' dir='ltr'>qui</span> <span class='ocrx_word' id='word_1_752' title='bbox 2822 4541 3040 4598; x_wconf 89' lang='lat' dir='ltr'>Ursacii</span> <span class='ocrx_word' id='word_1_753' title='bbox 3084 4549 3140 4598; x_wconf 90' lang='lat' dir='ltr'>et</span> <span class='ocrx_word' id='word_1_754' title='bbox 3177 4542 3434 4599; x_wconf 85' lang='lat' dir='ltr'>Valentis</span> <span class='ocrx_word' id='word_1_755' title='bbox 3465 4543 3537 4598; x_wconf 88' lang='lat' dir='ltr'>ad</span> <span class='ocrx_word' id='word_1_756' title='bbox 3567 4541 3793 4598; x_wconf 88' lang='lat' dir='ltr'>Julium</span> 
     </span>
    </p>
   </div>
   <div class='ocr_carea' id='block_1_106' title="bbox 1434 4559 3794 4684">
    <p class='ocr_par' dir='ltr' id='par_1_106' title="bbox 1434 4559 3794 4684">
     <span class='ocr_line' id='line_1_107' title="bbox 2194 4559 3793 4612; baseline 0.001 -16"><span class='ocrx_word' id='word_1_757' title='bbox 2194 4559 2318 4597; x_wconf 70' lang='lat' dir='ltr'>utan</span> <span class='ocrx_word' id='word_1_758' title='bbox 2348 4559 2657 4596; x_wconf 69' lang='lat' dir='ltr'>raunnnm</span> <span class='ocrx_word' id='word_1_759' title='bbox 2691 4559 2790 4612; x_wconf 87' lang='lat' dir='ltr'>qui</span> <span class='ocrx_word' id='word_1_760' title='bbox 2826 4559 3040 4598; x_wconf 86' lang='lat' dir='ltr'>ursacn</span> <span class='ocrx_word' id='word_1_761' title='bbox 3084 4559 3140 4598; x_wconf 78' lang='lat' dir='ltr'>et</span> <span class='ocrx_word' id='word_1_762' title='bbox 3184 4559 3434 4599; x_wconf 77' lang='lat' dir='ltr'>valentis</span> <span class='ocrx_word' id='word_1_763' title='bbox 3465 4559 3537 4598; x_wconf 82' lang='lat' dir='ltr'>ad</span> <span class='ocrx_word' id='word_1_764' title='bbox 3567 4559 3793 4598; x_wconf 72' lang='lat' dir='ltr'>Juuum</span> 
     </span>
     <span class='ocr_line' id='line_1_108' title="bbox 1434 4559 3794 4684; baseline 0 -16"><span class='ocrx_word' id='word_1_765' title='bbox 1434 4631 1446 4668; x_wconf 93' lang='lat'>:</span> <span class='ocrx_word' id='word_1_766' title='bbox 1497 4612 1598 4668; x_wconf 89' lang='lat' dir='ltr'>alii</span> <span class='ocrx_word' id='word_1_767' title='bbox 1646 4629 1779 4668; x_wconf 90' lang='lat' dir='ltr'>vero</span> <span class='ocrx_word' id='word_1_768' title='bbox 1836 4631 2040 4671; x_wconf 90' lang='lat' dir='ltr'>omnes</span> <span class='ocrx_word' id='word_1_769' title='bbox 2072 4588 2118 4653; x_wconf 75' lang='grc' dir='ltr'>Π</span> <span class='ocrx_word' id='word_1_770' title='bbox 2148 4559 2371 4668; x_wconf 76' lang='lat' dir='ltr'>iitteras</span> <span class='ocrx_word' id='word_1_771' title='bbox 2403 4612 2722 4667; x_wconf 89' lang='lat' dir='ltr'>Athanasio</span> <span class='ocrx_word' id='word_1_772' title='bbox 2754 4613 3030 4684; x_wconf 82' lang='lat' dir='ltr'>misisset,</span> <span class='ocrx_word' id='word_1_773' title='bbox 3054 4615 3207 4670; x_wconf 89' lang='lat' dir='ltr'>circa</span> <span class='ocrx_word' id='word_1_774' title='bbox 3225 4631 3448 4670; x_wconf 89' lang='lat' dir='ltr'>annum</span> <span class='ocrx_word' id='word_1_775' title='bbox 3478 4615 3582 4670; x_wconf 82' lang='lat'>350</span> <span class='ocrx_word' id='word_1_776' title='bbox 3614 4615 3794 4669; x_wconf 79' lang='lat' dir='ltr'>fuisse</span> 
     </span>
    </p>
   </div>
   <div class='ocr_carea' id='block_1_107' title="bbox 2150 4685 3796 4757">
    <p class='ocr_par' dir='ltr' id='par_1_107' title="bbox 2150 4685 3796 4757">
     <span class='ocr_line' id='line_1_109' title="bbox 2150 4685 3796 4757; baseline 0.001 -17"><span class='ocrx_word' id='word_1_777' title='bbox 2150 4702 2239 4756; x_wconf 91' lang='lat' dir='ltr'>ep.</span> <span class='ocrx_word' id='word_1_778' title='bbox 2273 4685 2670 4739; x_wconf 89' lang='lat' dir='ltr'>Trevirensem</span> <span class='ocrx_word' id='word_1_779' title='bbox 2706 4701 2717 4737; x_wconf 91' lang='lat'><strong>:</strong></span> <span class='ocrx_word' id='word_1_780' title='bbox 2761 4687 2916 4757; x_wconf 84' lang='lat' dir='ltr'>unde</span> <span class='ocrx_word' id='word_1_781' title='bbox 2964 4686 3204 4757; x_wconf 86' lang='lat' dir='ltr'>colligit,</span> <span class='ocrx_word' id='word_1_782' title='bbox 3249 4688 3375 4757; x_wconf 89' lang='lat' dir='ltr'>jam</span> <span class='ocrx_word' id='word_1_783' title='bbox 3419 4703 3484 4742; x_wconf 91' lang='lat' dir='ltr'>eo</span> <span class='ocrx_word' id='word_1_784' title='bbox 3534 4691 3796 4757; x_wconf 87' lang='lat' dir='ltr'>tempore</span> 
     </span>
    </p>
   </div>
   <div class='ocr_carea' id='block_1_108' title="bbox 2151 4755 3798 4814">
    <p class='ocr_par' dir='ltr' id='par_1_108' title="bbox 2151 4755 3798 4814">
     <span class='ocr_line' id='line_1_110' title="bbox 2151 4755 3798 4814; baseline 0.001 -3"><span class='ocrx_word' id='word_1_785' title='bbox 2151 4755 2494 4812; x_wconf 80' lang='lat' dir='ltr'>defunctum</span> <span class='ocrx_word' id='word_1_786' title='bbox 2566 4755 2946 4812; x_wconf 80' lang='lat' dir='ltr'>Maximinum</span> <span class='ocrx_word' id='word_1_787' title='bbox 2998 4755 3399 4814; x_wconf 81' lang='lat' dir='ltr'>Trevirensem</span> <span class='ocrx_word' id='word_1_788' title='bbox 3449 4755 3798 4813; x_wconf 48' lang='lat' dir='ltr'>fuisseISed</span> 
     </span>
    </p>
   </div>
   <div class='ocr_carea' id='block_1_109' title="bbox 2153 4826 3796 4901">
    <p class='ocr_par' dir='ltr' id='par_1_109' title="bbox 2153 4826 3796 4901">
     <span class='ocr_line' id='line_1_111' title="bbox 2153 4826 3796 4901; baseline 0 -19"><span class='ocrx_word' id='word_1_789' title='bbox 2153 4828 2209 4882; x_wconf 91' lang='lat' dir='ltr'>in</span> <span class='ocrx_word' id='word_1_790' title='bbox 2243 4826 2519 4901; x_wconf 76' lang='lat' dir='ltr'>omnibus</span> <span class='ocrx_word' id='word_1_791' title='bbox 2566 4828 2737 4882; x_wconf 88' lang='lat' dir='ltr'>editis</span> <span class='ocrx_word' id='word_1_792' title='bbox 2782 4832 2837 4901; x_wconf 80' lang='lat' dir='ltr'>et</span> <span class='ocrx_word' id='word_1_793' title='bbox 2886 4846 3027 4885; x_wconf 88' lang='lat' dir='ltr'>mss.</span> <span class='ocrx_word' id='word_1_794' title='bbox 3063 4829 3389 4901; x_wconf 70' lang='lat' dir='ltr'>Athanasii,</span> <span class='ocrx_word' id='word_1_795' title='bbox 3419 4829 3572 4901; x_wconf 83' lang='lat' dir='ltr'>Apol.</span> <span class='ocrx_word' id='word_1_796' title='bbox 3602 4838 3796 4884; x_wconf 64' lang='lat' dir='ltr'>contra</span> 
     </span>
    </p>
   </div>
   <div class='ocr_carea' id='block_1_110' title="bbox 2153 4899 3798 4972">
    <p class='ocr_par' dir='ltr' id='par_1_110' title="bbox 2153 4899 3798 4972">
     <span class='ocr_line' id='line_1_112' title="bbox 2153 4899 3798 4972; baseline 0.001 -19"><span class='ocrx_word' id='word_1_797' title='bbox 2153 4901 2404 4964; x_wconf 81' lang='lat' dir='ltr'>Arianos,</span> <span class='ocrx_word' id='word_1_798' title='bbox 2448 4899 2661 4970; x_wconf 84' lang='lat' dir='ltr'>legitur</span> <span class='ocrx_word' id='word_1_799' title='bbox 2706 4899 2964 4971; x_wconf 77' lang='grc' dir='ltr'>Τιοέρων,</span> <span class='ocrx_word' id='word_1_800' title='bbox 2993 4899 3281 4972; x_wconf 88' lang='lat' dir='ltr'>vertitque</span> <span class='ocrx_word' id='word_1_801' title='bbox 3329 4899 3614 4972; x_wconf 81' lang='lat' dir='ltr'>Nannius.</span> <span class='ocrx_word' id='word_1_802' title='bbox 3645 4901 3798 4972; x_wconf 79' lang='lat' dir='ltr'>Pau—</span> 
     </span>
    </p>
   </div>
   <div class='ocr_carea' id='block_1_111' title="bbox 2154 4971 3794 5043">
    <p class='ocr_par' dir='ltr' id='par_1_111' title="bbox 2154 4971 3794 5043">
     <span class='ocr_line' id='line_1_113' title="bbox 2154 4971 3794 5043; baseline 0 -18"><span class='ocrx_word' id='word_1_803' title='bbox 2154 4972 2267 5026; x_wconf 79' lang='lat' dir='ltr'>lino</span> <span class='ocrx_word' id='word_1_804' title='bbox 2298 4974 2540 5041; x_wconf 82' lang='lat' dir='ltr'>episcopo</span> <span class='ocrx_word' id='word_1_805' title='bbox 2573 4972 2820 5043; x_wconf 79' lang='lat' dir='ltr'>Tyburis,</span> <span class='ocrx_word' id='word_1_806' title='bbox 2856 4989 3031 5042; x_wconf 89' lang='lat' dir='ltr'>quem</span> <span class='ocrx_word' id='word_1_807' title='bbox 3072 4971 3307 5028; x_wconf 80' lang='lat' dir='ltr'>secutus</span> <span class='ocrx_word' id='word_1_808' title='bbox 3353 4976 3443 5028; x_wconf 90' lang='lat' dir='ltr'>est</span> <span class='ocrx_word' id='word_1_809' title='bbox 3489 4971 3794 5026; x_wconf 88' lang='lat' dir='ltr'>Baronius.</span> 
     </span>
    </p>
   </div>
   <div class='ocr_carea' id='block_1_112' title="bbox 2153 5043 3798 5115">
    <p class='ocr_par' dir='ltr' id='par_1_112' title="bbox 2153 5043 3798 5115">
     <span class='ocr_line' id='line_1_114' title="bbox 2153 5043 3798 5115; baseline 0.002 -19"><span class='ocrx_word' id='word_1_810' title='bbox 2153 5045 2224 5096; x_wconf 88' lang='lat' dir='ltr'>At</span> <span class='ocrx_word' id='word_1_811' title='bbox 2252 5043 2605 5098; x_wconf 87' lang='lat' dir='ltr'>Parisienses</span> <span class='ocrx_word' id='word_1_812' title='bbox 2647 5043 2896 5115; x_wconf 80' lang='lat' dir='ltr'>editores</span> <span class='ocrx_word' id='word_1_813' title='bbox 2945 5062 3050 5100; x_wconf 89' lang='lat' dir='ltr'>suo</span> <span class='ocrx_word' id='word_1_814' title='bbox 3098 5049 3283 5099; x_wconf 91' lang='lat' dir='ltr'>marte</span> <span class='ocrx_word' id='word_1_815' title='bbox 3328 5045 3595 5115; x_wconf 11' lang='lat' dir='ltr'>episcopo,</span> <span class='ocrx_word' id='word_1_816' title='bbox 3622 5043 3798 5099; x_wconf 83' lang='lat' dir='ltr'>Trevi-</span> 
     </span>
    </p>
   </div>
   <div class='ocr_carea' id='block_1_113' title="bbox 2155 5113 3799 5186">
    <p class='ocr_par' dir='ltr' id='par_1_113' title="bbox 2155 5113 3799 5186">
     <span class='ocr_line' id='line_1_115' title="bbox 2155 5113 3799 5186; baseline 0.001 -18"><span class='ocrx_word' id='word_1_817' title='bbox 2155 5115 2306 5169; x_wconf 75' lang='grc' dir='ltr'>νεηδὶ</span> <span class='ocrx_word' id='word_1_818' title='bbox 2334 5119 2672 5185; x_wconf 89' lang='lat' dir='ltr'>posuerunt.</span> <span class='ocrx_word' id='word_1_819' title='bbox 2708 5114 2855 5168; x_wconf 88' lang='lat' dir='ltr'>Vero</span> <span class='ocrx_word' id='word_1_820' title='bbox 2902 5132 3044 5172; x_wconf 88' lang='lat' dir='ltr'>sane</span> <span class='ocrx_word' id='word_1_821' title='bbox 3075 5115 3332 5170; x_wconf 89' lang='lat' dir='ltr'>similius</span> <span class='ocrx_word' id='word_1_822' title='bbox 3358 5113 3464 5170; x_wconf 37' lang='lat' dir='ltr'>‘est</span> <span class='ocrx_word' id='word_1_823' title='bbox 3500 5113 3799 5186; x_wconf 8' lang='lat' dir='ltr'>Tybuﬁren-</span> 
     </span>
    </p>
   </div>
   <div class='ocr_carea' id='block_1_114' title="bbox 2157 5184 3801 5258">
    <p class='ocr_par' dir='ltr' id='par_1_114' title="bbox 2157 5184 3801 5258">
     <span class='ocr_line' id='line_1_116' title="bbox 2157 5184 3801 5258; baseline -0.001 -18"><span class='ocrx_word' id='word_1_824' title='bbox 2157 5202 2302 5258; x_wconf 87' lang='lat' dir='ltr'>sem,</span> <span class='ocrx_word' id='word_1_825' title='bbox 2336 5184 2513 5255; x_wconf 87' lang='lat' dir='ltr'>quam</span> <span class='ocrx_word' id='word_1_826' title='bbox 2562 5186 2962 5258; x_wconf 84' lang='lat' dir='ltr'>Trevirensem</span> <span class='ocrx_word' id='word_1_827' title='bbox 3005 5187 3343 5258; x_wconf 88' lang='lat' dir='ltr'>episcopum</span> <span class='ocrx_word' id='word_1_828' title='bbox 3394 5184 3617 5258; x_wconf 74' lang='lat' dir='ltr'>litteras</span> <span class='ocrx_word' id='word_1_829' title='bbox 3644 5184 3801 5241; x_wconf 90' lang='lat' dir='ltr'>Julio</span> 
     </span>
    </p>
   </div>
   <div class='ocr_carea' id='block_1_115' title="bbox 2158 5256 3804 5320">
    <p class='ocr_par' dir='ltr' id='par_1_115' title="bbox 2158 5256 3804 5320">
     <span class='ocr_line' id='line_1_117' title="bbox 2158 5256 3804 5320; baseline 0 -8"><span class='ocrx_word' id='word_1_830' title='bbox 2158 5257 2418 5312; x_wconf 80' lang='lat' dir='ltr'>Romano</span> <span class='ocrx_word' id='word_1_831' title='bbox 2469 5258 2634 5312; x_wconf 82' lang='lat' dir='ltr'>datas</span> <span class='ocrx_word' id='word_1_832' title='bbox 2674 5257 2993 5312; x_wconf 88' lang='lat' dir='ltr'>Athanasio</span> <span class='ocrx_word' id='word_1_833' title='bbox 3040 5256 3470 5320; x_wconf 73' lang='lat' dir='ltr'>transmisisse,</span> <span class='ocrx_word' id='word_1_834' title='bbox 3521 5256 3655 5312; x_wconf 89' lang='lat' dir='ltr'>licet</span> <span class='ocrx_word' id='word_1_835' title='bbox 3711 5273 3804 5313; x_wconf 89' lang='lat' dir='ltr'>res</span> 
     </span>
    </p>
   </div>
   <div class='ocr_carea' id='block_1_116' title="bbox 2159 5327 3805 5399">
    <p class='ocr_par' dir='ltr' id='par_1_116' title="bbox 2159 5327 3805 5399">
     <span class='ocr_line' id='line_1_118' title="bbox 2159 5327 3805 5399; baseline -0.001 -16"><span class='ocrx_word' id='word_1_836' title='bbox 2159 5329 2396 5383; x_wconf 91' lang='lat' dir='ltr'>omnino</span> <span class='ocrx_word' id='word_1_837' title='bbox 2446 5329 2739 5399; x_wconf 79' lang='lat' dir='ltr'>explorata</span> <span class='ocrx_word' id='word_1_838' title='bbox 2779 5345 2894 5383; x_wconf 91' lang='lat' dir='ltr'>non</span> <span class='ocrx_word' id='word_1_839' title='bbox 2944 5329 3038 5396; x_wconf 90' lang='lat' dir='ltr'>sit,</span> <span class='ocrx_word' id='word_1_840' title='bbox 3073 5335 3138 5384; x_wconf 89' lang='lat' dir='ltr'>ut</span> <span class='ocrx_word' id='word_1_841' title='bbox 3171 5329 3335 5383; x_wconf 87' lang='lat' dir='ltr'>fateri</span> <span class='ocrx_word' id='word_1_842' title='bbox 3383 5329 3614 5384; x_wconf 90' lang='lat' dir='ltr'>videtur</span> <span class='ocrx_word' id='word_1_843' title='bbox 3663 5327 3805 5382; x_wconf 79' lang='lat' dir='ltr'>Her-</span> 
     </span>
    </p>
   </div>
   <div class='ocr_carea' id='block_1_117' title="bbox 2161 5399 3806 5483">
    <p class='ocr_par' dir='ltr' id='par_1_117' title="bbox 2161 5399 3806 5483">
     <span class='ocr_line' id='line_1_119' title="bbox 2161 5399 3806 5483; baseline -0.001 -30"><span class='ocrx_word' id='word_1_844' title='bbox 2161 5399 2610 5483; x_wconf 46' lang='lat' dir='ltr'>mantiusnipse.</span> <span class='ocrx_word' id='word_1_845' title='bbox 2639 5400 2724 5480; x_wconf 41' lang='lat' dir='ltr'>.In</span> <span class='ocrx_word' id='word_1_846' title='bbox 2784 5399 3316 5483; x_wconf 76' lang='lat' dir='ltr'>subscriptionibus</span> <span class='ocrx_word' id='word_1_847' title='bbox 3365 5399 3806 5483; x_wconf 44' lang='lat' dir='ltr'>Sardice‘nsibus</span> 
     </span>
    </p>
   </div>
   <div class='ocr_carea' id='block_1_118' title="bbox 2161 5469 3804 5552">
    <p class='ocr_par' dir='ltr' id='par_1_118' title="bbox 2161 5469 3804 5552">
     <span class='ocr_line' id='line_1_120' title="bbox 2161 5469 3804 5552; baseline 0.001 -27"><span class='ocrx_word' id='word_1_848' title='bbox 2161 5471 2312 5552; x_wconf 67' lang='lat' dir='ltr'>inter</span> <span class='ocrx_word' id='word_1_849' title='bbox 2341 5469 2517 5552; x_wconf 67' lang='lat' dir='ltr'>italiae</span> <span class='ocrx_word' id='word_1_850' title='bbox 2561 5471 2886 5552; x_wconf 65' lang='lat' dir='ltr'>episcopos.</span> <span class='ocrx_word' id='word_1_851' title='bbox 2918 5469 3131 5543; x_wconf 85' lang='lat' dir='ltr'>legitur</span> <span class='ocrx_word' id='word_1_852' title='bbox 3177 5471 3419 5542; x_wconf 86' lang='lat' dir='ltr'>quidam</span> <span class='ocrx_word' id='word_1_853' title='bbox 3466 5469 3804 5542; x_wconf 78' lang='lat' dir='ltr'>Paulianus,</span> 
     </span>
    </p>
   </div>
   <div class='ocr_carea' id='block_1_119' title="bbox 2164 5543 2949 5613">
    <p class='ocr_par' dir='ltr' id='par_1_119' title="bbox 2164 5543 2949 5613">
     <span class='ocr_line' id='line_1_121' title="bbox 2164 5543 2949 5613; baseline 0 -15"><span class='ocrx_word' id='word_1_854' title='bbox 2164 5544 2307 5598; x_wconf 81' lang='lat' dir='ltr'>forte</span> <span class='ocrx_word' id='word_1_855' title='bbox 2340 5543 2492 5596; x_wconf 89' lang='lat' dir='ltr'>idem</span> <span class='ocrx_word' id='word_1_856' title='bbox 2519 5543 2631 5613; x_wconf 78' lang='lat' dir='ltr'>qui</span> <span class='ocrx_word' id='word_1_857' title='bbox 2650 5543 2949 5613; x_wconf 88' lang='lat' dir='ltr'>Paulinus.</span> 
     </span>
    </p>
   </div>
   <div class='ocr_carea' id='block_1_120' title="bbox 2233 5610 2914 5687">
    <p class='ocr_par' dir='ltr' id='par_1_120' title="bbox 2233 5610 2914 5687">
     <span class='ocr_line' id='line_1_122' title="bbox 2233 5610 2914 5687; baseline 0.001 -18"><span class='ocrx_word' id='word_1_858' title='bbox 2233 5615 2345 5686; x_wconf 86' lang='lat'>(38)</span> <span class='ocrx_word' id='word_1_859' title='bbox 2379 5610 2553 5687; x_wconf 60' lang='lat' dir='ltr'>Reg;</span> <span class='ocrx_word' id='word_1_860' title='bbox 2576 5610 2914 5686; x_wconf 82' lang='grc' dir='ltr'>Κλημάτιον.</span> 
     </span>
    </p>
   </div>
  </div>
