4148 6384
435 323 550 382 607

971 317 1037 378 S.
1084 310 1516 376 ATHANASII
1560 311 1736 373 OPP.
1784 310 1982 373 PARS
2028 310 2186 372 1.-
2227 307 2649 372 HISTORICA
2689 295 2790 370 ET
2834 307 3314 374 DOGMATICA.

3731 315 3852 381 608

435 453 742 525 spicerem,
760 449 981 505 veritus
1003 447 1226 505 scilicet
1255 462 1328 502 ne
1358 443 1660 521 quidpiam
1687 443 1782 500 ille
1809 443 2063 500 facinori:

2197 461 2284 496 σαι
2313 442 2449 515 (39),
2479 439 2570 496 καὶ
2600 440 2676 503 ὠς
2706 438 2911 516 λῃστὴς
2960 440 3187 519 φονεύσῃ
3235 442 3361 506 τοὺς
3393 444 3718 520 ἀγαπῶντας
3757 451 3852 504 καὶ

433 541 868 615 aggrederetur,
890 554 1004 594 neu
1035 535 1201 609 quasi
1236 535 1381 590 latro
1408 533 1540 589 illos
1567 533 1958 604 obtruncaret,
1984 533 2087 605 qui

431 632 671 688 beatum
694 629 886 684 virum
913 642 1109 683 amore
1130 629 1186 681 et
1208 623 1493 679 memoria
1519 622 2050 695 complecterentur
2077 640 2089 678 :

432 720 584 777 inter
610 735 758 790 quos
789 735 881 774 me
912 715 1055 772 nulli
1088 714 1412 770 secundum
1446 713 1701 768 afﬁrmo.

505 810 592 865 10.
624 808 766 862 Cum
809 805 1248 862 reformidarem
1300 803 1498 874 itaque
1530 818 1602 856 ne
1634 817 1699 856 eo
1752 800 1838 855 illi
1890 800 2087 856 animo

430 904 648 968 essent,
671 914 744 953 an
768 895 929 968 potui
962 911 1064 966 pro
1097 897 1200 948 tua
1228 891 1595 947 humanitate
1627 890 1944 946 ferventius
1969 906 2084 945 non

429 986 630 1043 orare?
662 991 749 1040 An
781 982 1083 1057 parricidae
1113 980 1361 1049 amicus,
1395 979 1502 1034 tibi
1534 996 1666 1038 vero
1697 978 1874 1035 occisi
1905 984 2087 1034 Cons-

428 1075 641 1134 stantis
671 1073 857 1141 fratri,
891 1089 956 1128 ac
1008 1071 1166 1127 necis
1201 1069 1395 1138 ultori,
1431 1068 1682 1124 infestus
1709 1067 1921 1124 fuerim
1942 1067 1969 1123 ‘I
1999 1072 2088 1122 An

427 1164 573 1220 mihi
593 1169 713 1220 tam
745 1162 1004 1219 immane
1024 1161 1252 1216 facinus
1275 1157 1434 1214 cordi
1456 1173 1590 1213 cum
1615 1161 1788 1228 esset,
1814 1160 1926 1212 tuas
1949 1172 2088 1228 ergo

424 1271 520 1310 me
541 1251 932 1309 beneficentia:
955 1249 1172 1305 oblitus
1197 1263 1361 1314 sum;
1396 1263 1574 1319 quam
1600 1250 1730 1318 post
1755 1246 1935 1301 beatae
1968 1258 2092 1301 me'

425 1343 620 1399 moriar
652 1340 758 1396 viri
789 1341 1016 1396 obitum
1047 1337 1222 1393 talem
1256 1353 1392 1410 erga
1441 1353 1534 1392 me
1583 1335 1722 1403 fore,
1759 1334 1950 1407 qualis
1983 1333 2084 1390 illo

424 1430 739 1504 superstite
761 1430 971 1501 fuerat,
990 1427 1201 1482 litteris
1218 1427 1337 1482 tuis
1360 1425 1506 1481 mihi
1528 1425 1784 1480 indicare
1807 1424 2084 1496 dignatus

422 1521 529 1578 es?
561 1520 925 1585 Quibusnam
967 1516 1154 1574 oculis
1196 1515 1553 1571 homicidam
1590 1513 1757 1570 illum
1791 1513 2084 1585 respexis-

422 1609 593 1666 sem?
622 1612 736 1665 Aut
765 1607 867 1679 qui
898 1607 1022 1663 fieri
1068 1609 1244 1678 queat
1295 1609 1361 1660 ut
1404 1621 1537 1659 cum
1588 1619 1692 1675 pro
1741 1607 1844 1658 tua
1890 1601 2083 1658 salute

417 1703 554 1756 vota
585 1698 755 1764 facio,
788 1698 1028 1753 beatum
1061 1694 1229 1750 illum
1264 1711 1354 1750 me
1385 1692 1720 1764 conspicere
1753 1709 1869 1747 non
1907 1696 2078 1764 puta-

2204 530 2642 604 μνημονεύοντας
2696 535 2792 586 τοῦ
2853 531 3118 607 μακαρίου
3151 551 3164 565 ⁸
3198 533 3271 588 ὧν
3333 531 3566 608 ἐμαυτὸν
3628 534 3852 602 οὐδενὸς

2201 619 2334 676 εἶναι
2365 618 2610 696 δεύτερον
2640 620 2854 694 τίθημι.

2274 802 2357 854 10.
2393 803 2561 854 Τοῦτο
2606 796 2697 854 οὖν
2731 796 2922 862 δεδιὼς
2970 803 3298 878 φρονοῦντας
3345 801 3603 872 ἐκείνους,
3643 804 3735 860 καὶ
3788 806 3850 862 οὐ

2203 884 2416 961 μᾶλλον
2448 887 2706 964 ηὐχόμνη
2741 889 2866 965 περὶ
2894 895 2995 958 τῆς
3027 895 3124 958 σῆς
3157 887 3568 967 φιλανθρωπίας
3601 911 3615 960 ;
3645 893 3848 951 καὶτὸν

2203 978 2297 1050 μὲν
2323 977 2654 1055 φονεύσαντα
2699 978 2899 1032 ἐκεῖνον
2948 979 3200 1053 ἠγάπων,
3256 978 3333 1041 είς
3383 981 3501 1053 (40)
3553 981 3610 1036 σὲ
3656 978 3715 1038 δὲ
3757 983 3850 1040 τὸν

2201 1063 2432 1140 ἀδελφὸν
2483 1062 2648 1138 ὄντα,
2698 1068 2789 1122 καὶ
2840 1063 3153 1122 ἐκδικοῦντα
3207 1069 3298 1123 τὸν
3361 1067 3564 1124 ἐκείνου
3621 1072 3846 1129 θάνατον

2199 1153 2518 1230 ἐλυπούμην
2551 1175 2564 1225 ;
2598 1155 2756 1214 Ἀλλ’
2784 1155 2989 1212 ἐκείνου
3042 1158 3136 1231 μὲν
3163 1163 3263 1228 τῆς
3303 1160 3648 1236 παρανομίας
3679 1161 3847 1236 ἐμνη-

2201 1243 2448 1318 μόνευον,
2480 1252 2582 1315 τῆς
2614 1243 2672 1300 δὲ
2693 1252 2792 1315 σῆς
2815 1245 3121 1322 εὐεργέσίας
3144 1245 3586 1322 ἐπεκανθανόμην
3606 1251 3842 1327 (41-42),

2195 1335 2261 1404 ἦν
2293 1335 2383 1390 καὶ
2418 1337 2552 1409 μετά
2573 1333 2796 1390 θάνατον
2843 1339 2941 1391 τοῦ
2992 1336 3290 1413 μακαρίτου
3335 1337 3594 1409 τοιαύτην
3638 1337 3847 1396 ἔσεσθαι

2194 1423 2318 1499 περὶ
2350 1423 2467 1497 ἐμὲ,
2500 1421 2588 1480 οἵα
2615 1426 2682 1494 ἦν
2730 1426 2819 1480 καὶ
2874 1425 3156 1502 περιόντος
3209 1425 3436 1497 ἐκείνου,
3471 1424 3561 1482 διὰ
3590 1431 3846 1506 γραμμά-

2190 1532 2299 1568 των
2332 1510 2576 1584 δηλῶσαι
2624 1514 2964 1585 κατηξίωσας
3000 1533 3012 1584 ;
3046 1515 3236 1578 Ποίοις
3284 1510 3498 1589 ὄμμασι
3537 1517 3628 1572 τὸν
3660 1517 3850 1595 ἀνδρο-

2193 1601 2354 1677 φόνον
2411 1598 2638 1658 ἒϐλεπον
2689 1622 2703 1672 ;
2746 1605 2813 1659 Ἣ
2855 1607 2974 1666 πῶς
3035 1603 3160 1679 οὐχ,
3221 1603 3352 1681 ὑπὲρ
3409 1612 3511 1674 σῆς
3569 1607 3846 1685 σωτηρίας

2191 1689 2513 1766 εὐχόμενος,
2545 1689 2793 1764 ἐνόμιζον
2847 1691 2937 1746 καὶ
2966 1692 3056 1746 τὸν
3094 1691 3395 1768 μακαρίτην
3435 1692 3638 1749 ἐκεῖνον
3667 1696 3795 1769 ὁρᾷν
3827 1716 3843 1767 ;

417 1788 530 1844 rim
551 1787 579 1842 ?
610 1788 842 1843 Fratres
881 1787 1098 1858 quippe
1129 1785 1201 1839 ob
1233 1787 1454 1839 natura;
1488 1781 1839 1838 affinitatem
1870 1787 2063 1836 mutue

2187 1777 2444 1857 Ἀδελφοὶ
2474 1782 2577 1856 γὰρ
2611 1777 2700 1836 διὰ
2727 1782 2826 1850 τήν
2871 1780 3024 1860 φύσιν
3077 1778 3344 1853 ἀλλήλων
3399 1781 3502 1838 εἶσὶ
3541 1785 3840 1863 κάτοπτρα,

2202 1876 2217 1890 Δ
2266 1870 2280 1885 ⁸
2411 1874 2436 1884 ’ν
2633 1869 2646 1886 ‘
2740 1869 2760 1890 Χ
2829 1867 2884 1890 n‘
2909 1871 2919 1890 Ι
3109 1869 3123 1890 9
3218 1869 3232 1890 3
3311 1870 3324 1890 Ι
3521 1869 3549 1890 ,Ι
3783 1875 3809 1890 ιι

420 1881 562 1935 sunt
592 1875 845 1949 specula.
873 1873 1283 1939 Quamobrem,
1316 1887 1451 1926 cum
1482 1875 1538 1926 te
1569 1870 1629 1925 in
1663 1868 1764 1925 illo
1797 1870 2075 1938 intuerer,

418 1982 726 2038 nunquam
758 1979 992 2036 possem
1024 1966 1080 2018 te
1103 1959 1418 2018 calumniis
1448 1959 1719 2033 vellicare
1749 1978 1760 2014 :
1791 1958 2081 2031 illumque

417 2072 626 2112 rursus
657 2071 790 2109 cum
824 2053 882 2108 in
915 2054 970 2108 te
997 2051 1418 2123 conspicerem,
1455 2065 1828 2122 nequaquam
1857 2047 2080 2104 voluis-

415 2163 540 2202 sem
559 2146 630 2201 ad
650 2141 912 2215 eum,qui
933 2141 1210 2197 inimicus
1229 2139 1315 2194 illi
1339 2139 1545 2206 fuerat,
1565 2137 1790 2194 litteras
1815 2137 2077 2216 mittere,

415 2235 569 2292 289
603 2235 703 2290 sed
735 2234 930 2306 potius
971 2248 1075 2304 pro
1104 2233 1208 2284 tua
1237 2229 1427 2285 salute
1457 2227 1772 2284 Dominum
1826 2227 2076 2299 precari.

416 2324 642 2380 Horum
674 2322 819 2378 mihi
851 2325 1030 2377 testes
1062 2326 1217 2386 sunt,
1243 2318 1430 2390 primo
1451 2316 1756 2385 Dominus,
1782 2315 1882 2388 qui
1905 2331 2079 2370 exau-

411 2413 556 2469 divit
587 2429 700 2483 me,
726 2427 790 2466 ac
819 2415 1006 2466 totum
1039 2407 1147 2463 tibi
1178 2425 1212 2464 a
1237 2406 1564 2478 majoribus
1585 2405 1924 2461 devolutum
1955 2409 2074 2458 tra-

411 2503 562 2558 didit
605 2500 972 2571 imperium:
1007 2502 1188 2554 testes
1234 2513 1468 2568 quoque
1517 2494 1617 2567 qui
1650 2500 1776 2550 tum
1829 2495 2076 2550 aderant

409 2590 814 2647 Felicissimus
841 2589 980 2644 olim
1014 2589 1134 2643 dux
1168 2586 1416 2659 Egypti,
1440 2584 1712 2650 Ruﬁnus,
1744 2588 1802 2638 et
1831 2583 2073 2656 Stepha-

408 2698 544 2748 nus,
577 2696 832 2752 quorum
864 2677 962 2733 ille
993 2675 1336 2745 catholicus,
1363 2675 1459 2729 hic
1491 2674 1773 2746 magister
1803 2672 1884 2728 ibi
1915 2675 2069 2746 erat;

406 2770 676 2827 Asterius
703 2769 843 2824 item
874 2783 1091 2833 comes,
1123 2764 1422 2821 Palladius
1451 2763 1550 2836 qui
1583 2763 1692 2818 fuit
1723 2762 1925 2834 palatii
1948 2779 2070 2818 ma-

407 2860 612 2932 gister,
665 2855 990 2912 Antiochus
1037 2859 1094 2911 et
1138 2854 1442 2927 Evagrius,
1476 2856 1713 2925 agentes
1757 2851 1818 2907 in
1872 2851 2068 2908 rebus.

409 2950 539 3004 Haac
568 2947 726 3003 enim
763 2945 957 3002 solum
990 2943 1209 3017 protuli
1237 2962 1250 2999 :
1284 2943 1532 2999 Oremus
1576 2959 1678 3014 pro
1710 2941 1900 2996 salute
1927 2940 2069 3014 piis-

407 3037 544 3095 simi
583 3035 834 3109 Augusti
884 3033 1231 3090 Constantii.
1264 3031 1597 3104 Omnisque
1647 3029 1905 3103 populus
1952 3047 2071 3086 una

403 3142 543 3184 voce
575 3127 771 3182 statim
805 3121 1166 3187 acclamavit,
1190 3122 1434 3189 Christe,
1469 3119 1747 3176 auxiliare
1780 3119 2064 3176 Constan-

407 3216 488 3272 tio
524 3234 537 3272 :
570 3221 629 3271 et
657 3214 778 3270 haec
807 3212 1098 3287 precando
1129 3211 1228 3268 diu
1259 3208 1664 3283 perseveravit.

479 3306 566 3360 11.
601 3305 763 3369 Quod
796 3308 990 3359 autem
1038 3302 1266 3358 littera
1296 3316 1600 3372 nunquam
1630 3298 1718 3355 vel
1766 3299 1837 3354 ad
1889 3297 2053 3354 illum

407 3394 692 3466 miserim,
723 3392 811 3448 vel
853 3393 925 3448 ab
968 3409 1035 3448 eo
1083 3390 1429 3463 acceperim,
1461 3389 1644 3445 Deum
1695 3392 1751 3444 et
1797 3386 2052 3443 Verbum

403 3485 532 3555 ejus
546 3481 914 3555 unigenitum
928 3481 1241 3537 Dominum
1256 3483 1522 3536 nostrum
1535 3479 1565 3535 J
1572 3493 1740 3534 esum
1753 3475 2050 3534 Christum

403 3573 464 3629 in
485 3576 695 3629 testem
717 3573 951 3628 advoco.
970 3573 1400 3640 Accusatorem,
1425 3585 1643 3640 quaeso,
1669 3569 1888 3634 meum,
1911 3582 2051 3621 con-

401 3662 562 3726 cede,
585 3667 651 3718 ut
678 3661 787 3717 hac
817 3661 889 3716 de
918 3675 979 3716 re
1008 3675 1243 3732 quoque
1272 3657 1476 3730 paucis
1500 3657 1852 3728 interrogem
1889 3671 1902 3708 :
1937 3671 2047 3709 un-

401 3753 612 3808 denam
634 3751 705 3807 ad
733 3750 983 3822 hujusce
1011 3749 1091 3805 rei
1124 3747 1393 3804 notitiam
1416 3744 1685 3801 devenit?
1713 3746 1800 3798 An
1831 3742 2046 3815 episto-

397 3839 466 3896 lae
498 3839 854 3913 exemplaria
873 3855 935 3894 se
967 3837 1178 3894 habere
1206 3834 1452 3891 dixerit?
1481 3833 1640 3890 hunc
1663 3831 1820 3887 enim
1853 3846 2047 3886 rumo-

397 3946 521 3986 rem
553 3934 619 3985 ut
647 3929 989 4001 spargerent
1015 3924 1213 3981 Ariani
1257 3937 1632 3992 summopere
1659 3918 1852 3976 conati
1885 3923 2042 3974 sunt.

397 4017 592 4074 Primo
613 4018 849 4089 quidem
871 4015 1101 4069 litteras
1129 4011 1335 4068 saltem
1359 4009 1579 4064 nostris
1601 4007 1824 4065 similes
1854 4008 2041 4080 profe-

399 4110 505 4162 rat.
529 4109 602 4162 At
631 4119 1004 4176 nequaquam
1027 4106 1220 4156 tutum
1242 4098 1386 4154 illud
1412 4097 1605 4164 fuerit,
1631 4096 1860 4152 falsiﬁci
1886 4097 2041 4152 enim

399 4199 558 4264 sunt,
576 4198 798 4250 vestras
821 4192 1038 4264 quippe
1059 4190 1475 4261 imperatorum
1501 4203 1712 4243 manus
1734 4203 1885 4258 saepe
1905 4189 2045 4242 sunt

395 4282 608 4338 imitati
643 4299 655 4338 :
690 4282 846 4337 unde
876 4279 1200 4335 similitudo
1229 4277 1331 4334 illa
1369 4277 1606 4349 scriptis
1637 4276 2040 4332 auctoritatem

396 4373 641 4427 minime
673 4370 915 4439 dederit,
948 4369 1059 4424 nisi
1084 4367 1184 4440 qui
1215 4365 1504 4438 ejusmodi
1535 4366 1759 4422 litteras
1789 4365 2042 4422 scribere

394 4463 843 4528 consueverunt,
867 4458 1086 4530 scripta
1130 4455 1467 4512 testimonio
1498 4473 1605 4512 suo
1637 4455 2038 4527 comprobent.

2191 1870 2290 1923 Διά
2343 1874 2504 1924 τοῦτο
2559 1869 2650 1924 καὶ
2710 1869 2767 1924 σὲ
2828 1867 3045 1944 βλέπων
3106 1869 3168 1925 ἐν.
3215 1869 3426 1946 ἐκείνῳ,
3487 1869 3550 1928 οὔ
3603 1893 3736 1930 ποτε
3781 1875 3842 1930 ἂν

2191 1953 2467 2014 διέϐαλον
2528 1959 2772 2015 κάκεῖνον
2836 1957 2887 2013 ἐν
2939 1959 3024 2014 σοὶ
3081 1957 3248 2014 πάλιν
3300 1961 3463 2036 ὁρῶν,
3514 1959 3578 2017 οὗ
3617 1984 3750 2020 ποτε
3781 1964 3841 2020 ἂν

2191 2044 2400 2124 ἔγραψα
2457 2053 2536 2121 τῷ
2590 2049 2707 2104 κατ’
2773 2047 2979 2104 ἐκείνου
3047 2049 3350 2124 γενομένῳ,
3425 2049 3570 2107 ἀλλὰ
3629 2051 3841 2126 μᾶλλον

2189 2136 2312 2213 περὶ
2342 2144 2444 2206 τῆς
2476 2143 2574 2206 σῆς
2609 2136 2884 2214 σωτηρίας
2933 2137 3217 2212 ηὐχόμην.
3268 2138 3367 2195 Καὶ
3429 2141 3696 2218 μάρτυρες
3723 2146 3846 2199 τού-

2185 2245 2293 2279 των
2336 2227 2772 2301 προηγουμένως
2821 2225 2914 2299 μὲν
2961 2226 2990 2281 ὁ
3037 2226 3275 2301 Κύριος,
3325 2229 3354 2283 6
3403 2228 3703 2295 ἐπακούσας
3748 2234 3839 2288 καὶ

2187 2315 2554 2390 χαρισάμενος
2606 2314 2916 2392 ὁλόκληρόν
2969 2337 3049 2379 ςοι
3097 2318 3196 2386 τήν
3248 2315 3307 2372 ἐκ
3348 2319 3634 2395 προγόνων
3682 2321 3840 2398 βασι-

2187 2401 2358 2458 λείαν·
2397 2406 2662 2481 μάρτυρες
2694 2402 2752 2460 δὲ
2799 2403 2889 2460 καί
2941 2406 2993 2460 οἱ
3037 2405 3162 2461 τότε
3206 2405 3490 2482 παρόντες,
3523 2407 3838 2484 Φιληκτςσι-

2189 2514 2291 2566 μος
2322 2495 2350 2548 ὁ
2380 2494 2678 2569 γενόμενος
2731 2491 2854 2566 δοὺξ
2905 2501 3006 2565 τῆς
3054 2494 3354 2570 Αἰγύπτου,
3407 2499 3496 2553 καὶ
3535 2500 3836 2580 Ῥουφῖνος,

2182 2582 2272 2636 καὶ
2319 2583 2612 2661 Στέφανος,
2642 2584 2715 2638 ὧν
2760 2584 2789 2639 6
2841 2584 2934 2657 μὲν
2984 2582 3298 2656 καθολικὸς,
3350 2587 3378 2641 ὁ
3428 2585 3486 2643 δὲ
3537 2589 3836 2666 μάγιστρος

2182 2674 2246 2741 ἦν
2303 2670 2432 2726 ἐκεῖ·
2486 2673 2574 2726 καὶ
2627 2673 2902 2747 Ἀστέριος
2961 2673 2989 2728 6
3045 2672 3252 2747 κόμης,
3310 2675 3400 2730 καὶ
3460 2675 3835 2742 Παλλάδιοςὸ

2181 2759 2473 2836 γενόμενος
2503 2765 2600 2816 τοῦ
2629 2759 2900 2818 παλατίου
2953 2763 3274 2838 μάγιστρος,
3323 2765 3610 2841 ’Δντίοχός
3653 2788 3713 2823 τε
3741 2769 3832 2824 καὶ

2180 2849 2450 2926 Εὐάγριος
2505 2851 2557 2904 οἱ
2606 2847 3053 2927 ἀγεντισηρίϐους
3089 2854 3220 2927 (43).
3255 2852 3428 2909 Μόνον
3478 2856 3581 2931 γὰρ
3614 2853 3826 2935 ἔλεγονο

2179 2938 2473 3014 Εύξώμεθα
2512 2940 2642 3017 ,περὶ
2693 2947 2794 3010 τῆς
2841 2940 3114 3018 σωτηρίας
3161 2945 3258 2997 τοῦ
3307 2939 3686 3002 εὐσεϐεστάτου
3717 2947 3826 3003 Δύο

2178 3027 2411 3104 γούστου
2472 3030 2860 3086 Κωνσταντίου·
2921 3031 3011 3086 καὶ
3069 3037 3174 3094 πᾶς
3233 3032 3262 3087 6
3321 3030 3455 3096 λαὸς
3515 3035 3667 3100 εὐθὺς
3730 3043 3825 3111 μιᾷ

2178 3123 2332 3197 φωνῇ
2367 3114 2513 3174 ἐϐόα·
2545 3120 2760 3197 Χριστὲ,
2799 3122 2984 3196 βοήθει
3043 3120 3412 3196 Κωνσταντίῳ·
3458 3125 3548 3181 καὶ
3580 3123 3815 3201 διέμενεν

2089 3197 2132 3265 C
2171 3208 2343 3272 οὕτως
2386 3209 2705 3285 εὐχόμενος.

2239 3301 2325 3355 11.
2361 3300 2477 3354 Ὂτι
2513 3298 2605 3372 μὲν
2659 3297 2750 3354 οῦν
2800 3303 2939 3374 μήτε
2988 3297 3199 3378 ἔγραψά
3248 3325 3381 3361 ποτε
3425 3304 3637 3377 ἐκείνῳ,
3684 3306 3825 3379 μήτε

2165 3385 2428 3460 ἐδεξάμην
2496 3389 2628 3444 ποτέ
2693 3391 2819 3466 παρ’
2886 3387 3051 3444 αὐτοῦ
3085 3435 3100 3460 ,
3174 3393 3419 3468 μάρτυρα
3483 3394 3574 3448 τὸν
3639 3394 3768 3450 Θεὸν
3805 3437 3820 3464 ,

2161 3477 2251 3532 καὶ
2308 3478 2398 3533 τὸν
2451 3477 2649 3534 τούτου
2722 3477 2898 3553 Λόγον
2968 3479 3060 3533 τὸν
3125 3488 3393 3554 μονογενῆ
3467 3481 3634 3536 αὐτοῦ
3694 3480 3821 3537 Υἱὸν

2157 3566 2248 3620 τὸν
2305 3565 2500 3642 Κύριον
2560 3569 2720 3640 ⁴ἡμῶν
2783 3567 2992 3636 Ἰησοῦν
3053 3570 3280 3642 Χριστὸν
3355 3567 3768 3640 ἐπεκαλεσάμην
3803 3587 3820 3602 ο

2155 3655 2246 3710 τὸν
2297 3654 2354 3710 δὲ
2409 3655 2732 3711 κατειπόντα
2765 3697 2780 3723 ,
2839 3655 2929 3710 καὶ
2986 3656 3112 3730 περὶ
3181 3657 3378 3712 τούτου
3450 3655 3815 3731 συγχώρησον

2158 3735 2504 3820 ἐρωτηθῆναι
2549 3743 2619 3799 δι’
2670 3741 2902 3818 ὀλίγων,
2951 3742 3111 3798 πόθεν
3142 3744 3219 3806 εἷς
3265 3748 3428 3800 τοῦτο
3479 3741 3757 3818 παρῆλθεν
3794 3763 3809 3814 ;

2151 3831 2486 3902 Ἐπιστολῆς
2565 3831 2868 3910 ἀντίγραφα
2935 3834 3152 3910 φήσειεν
3213 3827 3359 3909 ἔχειν
3419 3851 3434 3903 ;
3492 3835 3652 3887 τοῦτο
3710 3834 3814 3908 γὰρ

2150 3922 2443 3996 ἆπάκαμον
2478 3921 2532 3976 οἱ
2573 3919 2844 3996 Ἀρειανοὶ
2892 3919 3241 3996 θρυλοῦντες.
3299 3927 3522 3997 Πρῶτον
3577 3923 3672 3996 μὲν
3723 3923 3817 3978 οὗν

2150 4009 2245 4066 κᾶν
2300 4011 2368 4064 τὰ
2419 4010 2719 4086 γράμματα
2793 4014 2912 4072 τοῖς
2977 4011 3270 4086 ἡμετέροις
3326 4010 3495 4085 ὅμοια
3555 4008 3768 4087 δεικνύῃ
3800 4060 3816 4086 ,

2163 4097 2325 4154 οὔπω
2353 4119 2412 4152 τε
2459 4094 2697 4176 ἀσφαλὲς
2746 4095 2862 4174 ἔχει
2919 4101 3053 4173 (44)·
3108 4098 3523 4180 πλαστογράφοι
3551 4101 3656 4176 γὰρ
3687 4101 3820 4157 εἰσὶν

2152 4187 2352 4248 οἵτινες
2383 4186 2596 4249 καὶτὰς
2629 4187 2778 4260 ὑμῶν
2823 4192 2930 4242 τῶν
2983 4187 3250 4262 βασιλέων
3297 4196 3490 4266 χεῖρας
3543 4187 3815 4254 πολλάκις

2152 4277 2513 4350 ἐμιμήσαντο·
2546 4275 2635 4330 καὶ
2689 4275 2796 4350 οὐχ
2841 4279 2876 4346 ἡ
2934 4276 3166 4350 μίμησις
3217 4279 3447 4356 παρέχει
3475 4285 3600 4344 τοῖς
3627 4279 3814 4355 γράμ-

2155 4385 2284 4440 μασι
2331 4365 2393 4419 τὸ
2439 4367 2632 4439 κῦρος,
2697 4362 2784 4418 ἐὰν
2842 4366 2914 4438 μὴ
2950 4366 3039 4420 καὶ
3094 4366 3146 4420 οἱ
3195 4369 3263 4421 τὰ
3308 4373 3534 4423 τοιαῦτα
3580 4369 3805 4446 γράφειν

2149 4453 2399 4515 εἰωθότες
2458 4472 2770 4526 μαρτυρωσι
2817 4459 2937 4515 ταῖς
2987 4452 3342 4518 ἐπιστολαῖς.
3404 4463 3574 4514 Τοῦτο
3629 4455 3812 4512 τοίνυν

395 4549 558 4605 Libet
586 4565 822 4605 rursum
862 4563 932 4602 ex
978 4544 1353 4620 schphantis
1401 4544 1685 4601 sciscitari
1719 4561 1730 4600 :
1766 4543 2038 4615 quisnam

2176 4543 2244 4599 ιαὶ
2274 4542 2401 4604 τούς
2433 4537 2791 4604 διαϐαλόντας
2821 4541 2986 4598 πάλιν
3019 4542 3289 4617 ἐρωτῆσαι
3337 4544 3634 4622 βούλομαι,
3665 4545 3752 4609 τίς
3783 4548 3812 4601 6

395 4638 532 4694 illas
547 4638 708 4694 dedit
723 4637 1034 4704 litteras,et
1051 4636 1345 4692 undenam
1363 4633 1475 4689 illae
1494 4631 2051 4706 suntdeprehensze?

2176 4632 2460 4709 παρασχὼν
2519 4632 2687 4686 ταῦτά
2740 4652 2872 4687 ποτε
2905 4680 2920 4706 ,
2978 4633 3066 4688 καὶ
3123 4633 3285 4690 πόθεν
3346 4636 3536 4711 εὑρέθη
3597 4640 3766 4692 ταῦτα
3798 4657 3810 4671 ⁸

398 4728 547 4786 Nam
575 4731 634 4783 et
664 4726 810 4782 mihi
842 4727 1154 4798 scriptores
1194 4725 1373 4792 fuere,
1398 4729 1455 4779 et
1493 4728 1738 4796 tyranno
1771 4720 2044 4790 ministri,

391 4816 492 4888 qui
523 4833 558 4873 a
586 4814 907 4872 tabellariis
952 4815 1178 4872 litteras
1210 4814 1563 4887 acciperent,
1597 4812 1826 4885 ipsique
1854 4812 2046 4867 trade-

391 4910 541 4961 rent.
574 4905 808 4961 Adsunt
838 4904 1059 4976 nostri;
1084 4909 1141 4960 et
1170 4903 1324 4971 illos,
1346 4919 1564 4974 quaeso,
1592 4918 1875 4968 arcessas,
1896 4917 2045 4973 quos

390 4993 709 5050 verisimile
739 4997 828 5050 est
857 4993 1047 5050 adhuc
1067 5010 1196 5050 esse
1225 4993 1573 5065 superstites
1597 5009 1609 5047 :
1636 5007 1702 5046 ac
1732 4991 1802 5047 de
1832 4989 2043 5046 litteris

600 5227 694 5309 Sic
740 5227 878 5309 Reg.
933 5227 1080 5309 Edit.
1109 5243 1244 5309 vero
1300 5225 1524 5309 Comm.
1581 5224 2040 5309 liari'siens'ismct

385 5293 728 5372 Basiliensis
743 5293 944 5367 codex,
976 5298 1243 5372 xdxsivoq
1262 5297 1512 5372 πειράσαι
1540 5293 1816 5368 τολμήσῃ.
1850 5295 2038 5352 Editio

386 5370 582 5460 (30,193.
594 5371 854 5460 ,nxéze'ivp
884 5365 1132 5444 πειράσαι
1161 5365 1436 5442 τολ

453 5441 872 5587 ﬁgitﬁgit};
907 5509 1369 5585 ἐπελανθανόμην.
1401 5512 1552 5568 Editi
1595 5529 1730 5568 vero
1773 5507 2030 5565 ἐπελαθό-

387 5601 566 5732 μηίῖθ)
597 5649 746 5712 Edit.
779 5656 1028 5732 Comm.,
1076 5655 1544 5735 ἀγεντισηρίκους,
1593 5655 1857 5716 Nannius
1902 5672 2027 5713 ver.

2157 4723 2245 4778 καὶ
2277 4723 2380 4797 γὰρ
2411 4721 2564 4796 κάγὼ
2590 4721 2718 4784 τοὺς
2768 4723 3070 4800 γράφοντας
3121 4725 3295 4800 εἶχον,
3347 4727 3597 4790 κάκεῖνος
3643 4727 3810 4782 πάλιν

2153 4810 2284 4874 τούς
2346 4805 2720 4885 λαμϐάνοντας
2779 4813 2926 4889 παρὰ
2981 4817 3088 4868 τῶν
3147 4815 3488 4889 κομιζόντων
3548 4817 3640 4872 καὶ
3690 4815 3811 4872 ἐπι-

2156 4897 2403 4963 διδόντας
2452 4901 2617 4974 αὑτῷ.
2663 4901 2726 4955 Ol
2778 4901 2871 4976 μὲν
2902 4900 2992 4958 οὗν
3037 4904 3300 4981 ἡμέτεροι
3345 4903 3563 4983 πάρεισι
3599 4927 3612 4939 ·
3645 4928 3812 4962 κατα-

2153 4989 2344 5061 ξίωσον
2410 4987 2468 5044 δὲ
2522 4988 2801 5052 κάκείνους
2851 4989 3090 5047 ’καλέσαι
3123 5011 3136 5026 ο
3175 4997 3270 5068 ζῇν
3336 4995 3440 5072 γὰρ
3498 4993 3717 5059 πάντως
3757 4993 3810 5066 ἔξ

2150 5228 2242 5309 tit,
2264 5227 2521 5309 ρῃκΐεςιὶ
2565 5228 2893 5309 ,ςςῖνὶιιονιυηζ
2923 5227 3160 5309 Regius,
3201 5229 3634 5309 Basiliensiset
3662 5230 3800 5309 edit:

2149 5297 2519 5376 Parisiensis,
2579 5297 3050 5376 ᾁγεντισηρίοουξ,
3099 5297 3168 5356 Et
3226 5307 3380 5376 recte
3414 5304 3711 5376 quidem,
3745 5302 3806 5358 id

2145 5374 2257 5439 est,
2291 5374 2528 5442 agentes
2576 5369 2636 5425 in
2681 5369 2983 5452 r_ebu9._ll_l
3028 5369 3806 5452 erant“palatii:_ofﬁciales,

2143 5457 2398 5513 quorum
2435 5458 2653 5496 munus
2687 5441 3041 5498 describitur
3091 5444 3150 5500 in
3196 5441 3391 5502 codice
3440 5441 3808 5504 Theodosiano

2143 5530 2178 5568 a
2203 5513 2420 5568 Jacobo
2449 5511 2800 5568 Gothofredo
2834 5513 3146 5568 illustrato.
3179 5533 3234 5568 v1
3265 5518 3428 5568 Cod..
3455 5520 3546 5568 tit.
3571 5519 3662 5568 27.
3696 5518 3804 5568 Ed.

2142 5530 2178 5568 a
2203 5518 2420 5568 Jacobo
2449 5518 2800 5569 Gothofredo
2834 5518 3146 5585 illustrato,
3179 5533 3234 5572 v1
3265 5518 3428 5586 Cod.,
3455 5520 3546 5574 tit.
3571 5519 3662 5574 27.
3695 5518 3804 5577 Ed.

2140 5583 2792 5657 ΟοΙοῐιηίᾶγεντήσρικοι,
2827 5584 3000 5657 male,
3120 5652 3141 5657 Α.

2209 5657 2322 5731 (44)
2346 5651 2519 5732 Reg"
2555 5651 2708 5713 οὔπω
2735 5651 2816 5712 τῶ
2845 5653 3082 5738 ἀσφαλες
3117 5652 3242 5737 ἔχῃ.
