4148 6376
327 401 448 459 609

326 551 475 584 εστιν
508 527 704 589 αὐτούς
731 550 741 560 ·

320 640 453 691 των,
489 617 731 689 ἐξέτασον
783 618 856 679 ὡς
910 616 1169 687 ἀληθείας
1224 637 1307 670 σοι
1364 614 1792 688 συμπαρούσης·
1857 611 1990 680 αὕτη

319 709 421 782 γὰρ
477 707 770 783 βασιλέων,
823 705 914 760 καί
971 705 1208 779 μάλιστα
1263 708 1621 778 Χριστιανῶν,
1658 701 1767 756 ἐστὶ
1819 699 1990 778 φυλα-

325 798 593 874 κτήριον·
648 796 782 870 μετὰ
832 795 1034 866 ταύτης
1093 793 1396 871 βασιλεύειν
1448 793 1586 866 ὑμᾶς
1640 791 1778 846 ἐστιν
1821 791 1992 867 ἀσφα-

326 886 436 956 λὲς,
474 884 744 962 λεγούσης
784 888 884 955 τῆς
936 884 1080 948 θείας
1143 886 1399 962 Γραφῆς·
1456 881 1838 955 Ἐλεημοσύνη
1899 879 1988 934 καὶ

323 973 576 1046 ἀλήθεια,
655 975 870 1051 φυλακὴ
948 972 1183 1050 βασιλεῖ,
1263 973 1350 1028 καὶ
1433 970 1836 1048 περικυκλώσει
1935 968 1985 1023 ἐν

325 1062 642 1139 δικαιοσύνῃ
699 1066 790 1120 τὸν
867 1063 1058 1139 Θρόνον
1139 1063 1323 1118 αὐτοῦ.

323 1150 622 1228 Ὀροϐάϐελ
653 1157 766 1227 (45)
809 1155 836 1208 ὁ
889 1155 1054 1232 σοιρὸς
1113 1153 1394 1223 νενίκηκε·
1457 1151 1547 1205 καὶ
1604 1155 1707 1213 πᾶς
1768 1151 1794 1203 ὁ
1854 1148 1985 1211 λαὸς

321 1243 567 1320 ἐφώνησε
593 1264 604 1275 ·
640 1242 864 1319 Μεγάλη
899 1246 934 1313 ἠ
968 1243 1200 1314 ἀλήθεια
1232 1243 1322 1297 καὶ
1358 1241 1697 1317 ὑπερισχύει.

400 1339 480 1391 12.
515 1333 576 1388 Ei.
615 1334 708 1406 μὲν
744 1331 833 1388 οὖν
879 1334 1003 1409 παρ’
1056 1331 1252 1395 ἄλλοις
1305 1330 1457 1404 ’ἥμην
1512 1325 1850 1400 διαϐληθεὶς,
1882 1329 1979 1395 την

1287 1422 1360 1483 ὡς
1413 1422 1439 1474 ὁ
1498 1418 1837 1480 Ἀπόστολος
1888 1416 1982 1472 ἐπ-

1263 973 1350 1028 καὶ

1405 1063 1612 1132 Ταύτην
1689 1055 1984 1136 προϐαλὼν

320 1424 417 1491 σὴν
479 1419 749 1479 εὐσέϐειαν
803 1422 1186 1494 ἐπεκαλούμην
1222 1440 1232 1451 ·

319 1511 611 1568 ἐκαλέσατο
688 1513 811 1568 τότε
890 1513 980 1567 τὸν
1062 1512 1319 1586 Καίσαρα,
1381 1509 1471 1565 καὶ
1539 1508 1805 1565 πέπαυται
1872 1512 1979 1561 τῶν

315 1600 531 1678 ἐχθρῶν
557 1604 592 1672 ἡ
625 1603 741 1656 κατ’
773 1600 938 1657 αὐτοῦ
998 1595 1269 1671 ἐπιϐουλή
1297 1620 1308 1632 ·
1372 1596 1560 1667 ἐπειδὴ
1616 1596 1673 1653 δὲ
1721 1598 1866 1672 παρὰ
1896 1597 1979 1650 σοὶ

308 1689 683 1764 τετολμήκασι
729 1697 1028 1760 κατειπεῖν,
1060 1691 1182 1744 τίνα
1231 1690 1336 1744 ἀπὸ
1390 1694 1484 1743 σοῦ
1542 1686 1976 1760 ἐπικαλέσομαις

307 1780 400 1834 τὸν
447 1781 660 1858 Πατέρα
708 1785 805 1836 τοῦ
853 1779 1129 1856 λέγοντος,
1166 1781 1306 1854 Ἐγώ
1359 1778 1473 1851 εἰμι
1524 1781 1557 1846 ἡ
1608 1776 1859 1849 ἀλήθεια,
1889 1774 1980 1829 ’ίνα

1363 393 1758 453 APOLOGIA
1805 392 1908 449 AD
1956 391 2519 452 CONS'l‘ANTlUM
2571 393 2732 450 1MP.

794 527 882 582 καὶ
935 525 1070 602 μάθε
1131 527 1253 602 περὶ
1307 524 1514 581 τούτων
1575 529 1680 578 τῶν
1732 520 1976 599 γραμμά-

2114 523 2230 578 illis
2264 525 2580 593 sciscitare,
2607 525 2687 580 ita
2719 541 2838 580 rem
2871 525 3155 598 inquiras,
3192 543 3256 582 ac
3287 528 3334 582 si
3368 528 3475 584 tibi
3509 530 3635 602 ipsa
3665 549 3764 587 co-

3643 401 3762 460 610

2109 629 2231 666 ram
2268 614 2500 667 adesset
2528 613 2764 667 veritas.
2801 612 2905 668 Illa
2956 615 3176 686 quippe
3226 614 3670 687 imperatorum,
3704 618 3764 673 in

2105 701 2313 771 primis
2349 701 2835 774 Christianorum,
2868 707 2956 757 est
2987 703 3328 774 prasidium
3364 721 3376 758 :
3419 705 3522 760 illa
3552 707 3765 762 comite

2103 807 2204 845 vos
2237 790 2524 862 imperare
2549 792 2916 847 tutissimum
2945 798 3054 860 est,
3078 810 3213 849 cum
3241 794 3439 850 divina
3459 796 3764 869 Scriptura

2105 879 2263 935 dicat
2297 896 2309 933 :
2363 879 2738 936 Misericordia
2782 885 2835 936 et
2877 885 3080 938 veritas
3113 885 3231 954 regi
3257 885 3509 941 custodia
3541 889 3619 941 est
3646 905 3665 941 .'
3712 891 3763 944 et

2101 969 2462 1024 circumdabit
2511 973 2570 1025 in
2609 972 2835 1042 justilia
2877 971 3141 1045 throan
3183 974 3299 1045 ejus
3324 974 3388 1027 ⁸⁸.
3433 974 3589 1030 Hanc
3621 992 3757 1031 cum

2097 1059 2410 1114 Zorobabel
2444 1061 2678 1131 sapiens
2723 1059 2818 1116 ille
2860 1061 2948 1118 vir
2986 1059 3212 1117 caetEris
3244 1064 3573 1136 anteferret,
3607 1065 3753 1122 alios

2099 1149 2418 1220 superavit,
2461 1148 2890 1220 universusque
2938 1150 3191 1222 p0pnlus
3243 1153 3302 1207 in
3351 1152 3500 1208 hanc
3547 1171 3748 1211 vocem

2097 1237 2362 1310 prorupit
2400 1255 2412 1293 :
2451 1238 2648 1308 Magna
2679 1242 2751 1294 est
2783 1241 2976 1295 veritas
3007 1245 3059 1294 et
3085 1243 3353 1312 praevalet
3375 1244 3439 1298 69.

2171 1329 2255 1381 12.
2291 1327 2349 1382 Si
2373 1344 2562 1383 essem
2589 1328 2786 1400 itaque
2809 1330 2962 1401 apud
2990 1329 3135 1386 alios
3157 1331 3402 1399 delatus,
3419 1337 3582 1388 tuam
3606 1351 3747 1391 sane

2093 1416 2370 1487 pietatem
2396 1416 2749 1489 appellarem
2777 1435 2788 1472 :
2823 1420 3324 1489 quemadmodum
3347 1426 3486 1477 tunc
3506 1425 3745 1495 Aposto-

2094 1504 2186 1560 lus
2214 1506 2499 1560 Cznsarem
2532 1504 2846 1577 appellavit
2867 1507 2930 1572 το,
2957 1509 3286 1580 Ξ)θάἂὶἑὲςοεὲ
3318 1515 3458 1565 sunt
3485 1510 3745 1567 inimico-

2093 1610 2222 1648 rum
2248 1595 2376 1665 ejus
2404 1594 2666 1663 insidize;
2701 1599 2760 1650 at
2791 1597 3028 1668 quando
3057 1598 3210 1669 apud
3242 1602 3297 1653 te
3329 1615 3420 1654 me
3451 1599 3578 1655 ausi
3605 1606 3747 1658 sunt

2093 1682 2460 1756 insimulare,
2487 1700 2663 1755 quem
2687 1686 2918 1756 amabo,
2945 1685 3124 1741 alium
3156 1705 3189 1742 a
3218 1692 3274 1744 te
3296 1689 3608 1760 appellem,
3631 1692 3744 1747 nisi

2091 1773 2318 1829 Patrem
2362 1774 2491 1842 ejus
2535 1774 2634 1845 qui
2682 1774 2846 1839 dixit,
2881 1777 2988 1844 Ego
3034 1793 3156 1832 sum
3207 1780 3407 1834 veritas
3437 1781 3502 1849 ⁷1,
3539 1784 3602 1834 ut
3650 1799 3748 1836 cor

310 1890 406 1924 σου
475 1871 574 1938 την
659 1868 883 1946 καρδίαν
967 1870 1044 1933 εἰς
1125 1869 1402 1942 εὐμένειαν
1474 1864 1657 1940 κλίνῃ.
1739 1865 1976 1921 Δέσποτα

2095 1862 2125 1914 .l
2148 1861 2375 1918 letuum
2392 1863 2460 1917 ad
2477 1862 2846 1919 clementiam
2862 1867 3082 1921 vertat?
3095 1867 3340 1923 Domine
3352 1868 3746 1940 omnipotens,

311 1959 704 2036 παντοκράτορ,
763 1958 985 2036 βασιλεῦ
1048 1963 1155 2014 τῶν
1235 1957 1472 2027 αἰώνων,
1534 1957 1561 2010 ὁ
1618 1957 1805 2030 Πατὴρ
1880 1959 1976 2010 τοῦ

317 2048 518 2124 Κυρίου
563 2051 721 2122 ἡμῶν
775 2050 955 2118 Ἰησοῦ
1006 2052 1260 2124 Χριστοῦ,
1297 2047 1359 2102 σὺ
1412 2045 1501 2101 διά
1541 2050 1638 2101 τοῦ
1671 2051 1764 2100 σοῦ
1797 2044 1976 2121 Λόγου

312 2139 411 2206 τὴν
451 2136 725 2215 βασιλείαν
752 2138 953 2208 ταύτην
1008 2142 1087 2209 τῷ
1145 2143 1222 2209 σῷ
1273 2138 1560 2214 θεράποντι
1623 2135 1976 2207 Κωνσταντίῳ

317 2224 594 2290 δέδωκας·
648 2229 710 2282 σὺ
773 2227 990 2300 λάμψον
1055 2225 1132 2288 εἰς
1189 2227 1286 2294 την
1346 2223 1568 2299 καρδίαν
1630 2224 1816 2296 αύτοῦ,
1861 2222 1973 2295 ἵνα,

316 2316 480 2391 γνοὺς
510 2317 608 2385 τὴν
643 2318 760 2371 καθ’
792 2319 954 2388 ἡμῶν
1016 2313 1396 2393 συκοφαντίαν,
1432 2314 1671 2388 εὐμενῶς
1735 2315 1829 2386 μὲν
1880 2313 1973 2368 αὖ·

314 2405 410 2468 τὸς
461 2402 676 2478 δέξηται
725 2406 824 2473 τὴν
875 2404 1212 2480 ἀπολογίαν·
1257 2404 1456 2466 πάντας
1507 2407 1620 2477 (46)
1660 2401 1715 2458 δὲ
1773 2405 1977 2476 ποιήσῃ

315 2497 538 2569 γνῶναι,
583 2493 666 2549 ὅτι
727 2495 781 2548 αἱ
840 2493 996 2548 ἀκοαὶ
1054 2492 1218 2548 αὐτοῦ
1267 2491 1676 2572 ἠσφαλίσθησαν
1728 2491 1780 2546 ἐν
1833 2490 1970 2562 ἀλη-

313 2583 446 2656 θείᾳ.
479 2584 576 2638 Καὶ
609 2583 744 2638 κατᾶ
774 2583 836 2638 τὸ
869 2584 1248 2660 γεγραμμένον
1275 2603 1287 2614 ·
1345 2583 1496 2638 Μόνα
1550 2580 1764 2656 βασιλεῖ
1813 2579 1972 2636 δεκτὰ

310 2673 476 2748 χείλη
536 2671 715 2727 δίκαιά
788 2672 951 2728 ἐστιν.
1016 2671 1169 2726 Οὕτω
1252 2671 1352 2748 γὰρ
1433 2671 1520 2726 καὶ
1579 2673 1969 2747 κατορθοῦσθαι

307 2763 402 2818 τὸν
465 2761 655 2838 θρόνον
713 2769 814 2831 τῆς
872 2760 1151 2839 βασιλείας
1183 2758 1272 2816 διὰ
1305 2760 1669 2835 Σολομῶντος
1705 2758 1972 2836 λεχθῆναι

308 2851 634 2922 πεποίηκας.
699 2851 903 2906 Οὐκοῦν
966 2850 1112 2913 ὅλως
1186 2849 1485 2927 ἐρώτησον,
1549 2849 1859 2923 μαθέτωσαν
1920 2849 1971 2903 οἱ

309 2942 711 3019 κατειρηκότες,
747 2941 830 2997 ὅτι
867 2963 950 2996 σοι
1004 2939 1159 3015 μέλει
1203 2941 1328 3016 περὶ
1387 2944 1486 3010 τῆς
1546 2939 1805 3011 ἀληθείας
1871 2960 1972 3013 μαη

312 3038 442 3095 θεῖν.
496 3032 594 3086 Καὶ
645 3031 689 3086 εἰ
732 3033 845 3105 (47)
898 3031 974 3104 μὴ
1041 3053 1122 3103 τῳ
1188 3031 1446 3106 χρώματι
1516 3035 1612 3084 τοῦ
1673 3029 1971 3106 προσώπου

312 3120 540 3192 δείξουσι
593 3122 690 3190 τὴν
747 3119 1140 3196 συκοφαντίαν·
1191 3125 1353 3174 τοῦτο
1418 3120 1519 3196 γὰρ
1585 3124 1682 3174 τοῦ
1729 3116 1967 3174 συνειδό-

311 3233 404 3272 τος
436 3207 664 3286 ἓλεγχός
723 3208 856 3278 ἐστι,
914 3207 1003 3262 καὶ
1061 3206 1392 3284 γέγραπται·
1458 3205 1687 3285 Καρδίας
1748 3208 1968 3286 εὐφραι-

311 3299 550 3373 νομένης
630 3297 922 3375 πρόσωπον
1003 3296 1234 3362 θάλλει·

317 3388 712 3463 σκυθρωπάζει.
760 3387 914 3441 Οὕτω
971 3387 1098 3449 τοὺς
1158 3387 1253 3459 μὲν
1313 3389 1424 3462 (48)
1478 3382 1966 3443 ἐπιϐουλεύσαντας

313 3482 392 3550 τῷ
421 3479 624 3556 Ἰωσὴφ
654 3480 688 3547 ἡ
725 3474 1030 3546 συνείδησις
1061 3475 1260 3552 ’ἤλεγξε
1286 3497 1296 3508 ·
1331 3481 1432 3531 τοῦ
1460 3474 1517 3531 δὲ
1549 3472 1728 3531 Λάϐαν
1768 3479 1801 3546 ἡ
1835 3477 1970 3531 κατὰ

312 3571 410 3622 τοῦ
466 3563 658 3622 Ἰακὼϐ
719 3566 958 3641 πονηρία
1016 3565 1075 3620 ἐκ
1128 3571 1226 3620 τοῦ
1302 3566 1598 3641 προσώπου
1681 3563 1967 3624 δέδεικται.

315 3658 472 3734 Ὁρᾷς
501 3661 630 3732 γοῦν
664 3655 880 3712 ἐκείνων
935 3656 1029 3729 μὲν
1073 3657 1172 3724 τήν
1223 3655 1476 3730 ὑποψίαν,
1528 3656 1830 3734 φευγόντων
1880 3655 1969 3710 καὶ

315 3745 726 3824 κρυπτομένων,
767 3749 928 3819 ἡμῶν
979 3743 1037 3800 δὲ
1082 3746 1180 3814 τήν
1234 3745 1535 3820 ἐλευθερίαν
1585 3742 1969 3820 ἀπολογουμέ-

314 3857 442 3894 νων.
477 3835 550 3889 Ού
593 3839 694 3913 γὰρ
741 3836 866 3909 περὶ
909 3835 1202 3908 κτημάτων
1236 3839 1326 3888 νῦν
1356 3836 1390 3904 ἡ
1424 3835 1621 3908 κρίσις,
1655 3832 1801 3890 ἀλλὰ
1847 3834 1972 3910 περὶ

319 3921 478 3994 δόξης
510 3925 611 3995 τῆς
645 3923 990 3994 Ἐκκλησίας,
1027 3926 1082 3978 Ὁ
1113 3923 1251 3997 λίθῳ
1291 3924 1622 3999 κρουόμενος
1677 3929 1828 3994 ζητεῖ
1879 3924 1970 3978 τὸν

318 4012 537 4089 ἷατρόν’
588 4019 694 4069 τῶν
747 4011 805 4069 δὲ
838 4013 1006 4069 λίθων
1063 4013 1285 4090 ὀξύτερα
1326 4013 1394 4068 τὰ
1444 4013 1502 4068 ἐκ
1557 4021 1657 4083 τῆς
1709 4008 1974 4081 διαϐολῆς

318 4102 429 4159 ἐστι
506 4103 841 4181 πλήγματα·
917 4101 1182 4159 Ῥόπαλόν
1263 4101 1400 4158 ἐστιν
1462 4106 1496 4173 ἡ
1568 4098 1824 4174 διαϐολὴ,
1885 4103 1972 4157 καὶ

321 4194 588 4270 μάχαιρα,
619 4193 708 4249 καὶ
757 4193 995 4267 τόξευμα
1041 4190 1330 4267 ἀκιδωτὸν,
1363 4193 1438 4256 ὡς
1497 4193 1612 4249 εἶπε
1661 4191 1930 4266 Σολομών
1960 4213 1973 4226 ·

318 4282 409 4338 καὶ
437 4286 606 4337 ταῦτα
653 4282 788 4354 μόνη
823 4285 856 4351 ἡ
889 4282 1125 4353 ἀλήθεια
1157 4283 1337 4338 ἰᾶσθαι
1368 4280 1586 4338 δύναται
1613 4301 1624 4314 ⁶
1675 4283 1881 4354 ταύτης
1920 4279 1977 4336 δὲ

320 4370 740 4447 παρορωμένης,
775 4369 983 4440 αὐξάνει
1013 4367 1311 4448 δεινότερον
1343 4372 1410 4426 τὰ
1437 4371 1740 4448 τραύματα.

398 4464 483 4517 13.
517 4460 617 4514 Διὰ
641 4463 807 4514 ταῦτα
836 4460 1008 4512 πάντα
1033 4460 1101 4513 τὰ
1157 4464 1439 4536 πανταχοῦ
1494 4465 1601 4515 τῶν
1637 4461 1975 4530 Ἐκκλησιῶν

323 4550 664 4622 τετάρακται,
719 4547 816 4602 Καὶ
875 4549 1172 4625 προφάσεις
1237 4549 1330 4621 μὲν
1395 4548 1711 4620 ἐπενόησαν,
1771 4549 1980 4606 ἐπίσκο-

2091 1953 2208 2007 Rex
2239 1953 2609 2017 saeculorum,
2644 1954 2812 2009 Pater
2841 1955 3073 2010 Domini
3107 1957 3292 2011 nostri
3330 1961 3470 2014 Jesu
3504 1959 3742 2029 Christi,

2088 2044 2149 2096 tu
2178 2059 2278 2113 per
2295 2043 2550 2098 Verbum
2573 2049 2738 2098 tuum
2762 2044 2871 2098 hoc
2895 2045 3209 2116 imperium
3233 2047 3460 2103 famulo
3482 2054 3582 2104 tuo
3599 2050 3744 2106 Con-

2087 2133 2306 2186 stantia
2329 2132 2662 2187 contulisti:
2691 2132 2961 2188 illumina
2986 2151 3084 2190 cor
3108 2136 3256 2205 ejus,
3286 2140 3351 2191 ut
3373 2138 3741 2209 deprehensa

2087 2220 2384 2276 calumnia
2414 2222 2724 2277 adversum
2758 2239 2851 2278 me
2890 2228 3133 2295 structa,
3166 2225 3611 2296 perhumaniter
3639 2228 3737 2286 ille

2087 2311 2486 2367 defensionem
2517 2328 2711 2367 meam
2742 2312 2992 2384 excipiat
3027 2331 3039 2368 :
3090 2315 3483 2388 omnibusque
3531 2321 3736 2373 notum

2088 2400 2261 2455 faciat
2300 2418 2470 2457 aures
2515 2418 2655 2457 suas
2704 2419 2832 2458 esse
2879 2402 2936 2456 in
2986 2403 3227 2459 veritate
3258 2405 3541 2461 ﬁrmatas.
3578 2407 3644 2461 Et
3674 2411 3740 2461 ut

2087 2491 2304 2561 scriptu
2318 2508 2370 2544 m
2410 2494 2497 2546 est
2531 2507 2542 2545 :
2596 2491 2730 2546 Sola.
2760 2491 2906 2547 labia
2933 2493 3078 2560 iusta
3107 2495 3226 2562 regi
3255 2503 3472 2565 accepta
3516 2504 3644 2551 sunt
3671 2497 3738 2549 ⁷³.

2086 2583 2162 2634 Eo
2194 2580 2350 2635 enim
2386 2581 2559 2636 modo
2592 2580 2872 2636 thronum
2904 2583 3066 2654 regni
3104 2600 3452 2656 prosperum
3486 2585 3610 2640 fieri
3642 2602 3744 2658 per

2097 2669 2472 2725 Salomonem
2506 2687 2612 2725 nos
2643 2670 2892 2726 docuisti
2923 2672 2987 2725 ⁷³.
3034 2673 3395 2745 Quapropter
3425 2674 3748 2743 sciscitare,

2085 2775 2318 2830 quaeso;
2349 2759 2583 2814 discant
2607 2766 2976 2816 accusatores
2999 2761 3103 2816 tibi
3123 2762 3382 2819 veritatis
3403 2763 3749 2837 indagandae

2084 2864 2213 2904 esse
2247 2865 2474 2903 curam.
2501 2850 2576 2903 Et
2605 2850 2872 2918 observa,
2895 2867 3036 2905 num
3069 2851 3154 2906 vel
3181 2851 3309 2923 ipso
3337 2853 3536 2909 vultus
3558 2853 3748 2910 colore

2083 2938 2444 2994 calumniam
2478 2939 2776 3011 prodant:
2835 2945 2924 2995 est
2973 2940 3129 2995 enim
3185 2941 3330 2996 illud
3379 2945 3746 3000 conscientiae

2083 3028 2390 3095 indicium,
2444 3029 2732 3101 scriptum
2793 3029 3012 3102 quippe
3065 3035 3199 3086 est:
3253 3031 3423 3087 Corde
3469 3035 3744 3102 gaudente

2083 3116 2439 3173 exhilaralur
2484 3120 2654 3189 facies
2686 3136 2705 3174 :
2752 3119 2881 3173 dum
2913 3125 3100 3174 autem
3129 3122 3190 3174 in
3223 3135 3457 3177 maerore
3484 3126 3562 3177 est
3591 3123 3739 3185 deji-

2080 3208 2315 3262 citur".
2369 3207 2462 3261 Sic
2502 3207 2772 3263 homines
2825 3209 2924 3279 qui
2974 3209 3230 3282 Josepho
3263 3211 3417 3266 240
3470 3212 3735 3268 insidiati

1295 3298 1344 3352 ἐν
1408 3295 1464 3352 δὲ
1522 3297 1721 3360 λύπαις
1801 3295 1966 3369 οὔσης

2095 3297 2312 3353 :‘uerant
2340 3297 2403 3365 ⁷³,
2445 3296 2576 3368 ipsa
2603 3297 2960 3352 conscientia
2990 3297 3246 3370 prodidit
3278 3317 3292 3354 :
3343 3300 3559 3356 Labani
3594 3318 3726 3357 vero

2079 3404 2291 3458 pravus
2343 3385 2401 3441 in
2450 3386 2737 3442 Jacobum
2773 3387 3005 3441 animus
3037 3405 3102 3442 ex
3132 3388 3296 3444 vultu
3328 3390 3733 3460 deprehensus

2079 3481 2168 3532 est
2183 3476 2408 3532 75.Tute
2430 3477 2610 3548 igitur
2631 3476 2819 3533 cernis
2837 3494 2971 3532 cum
2993 3477 3230 3532 illorum
3256 3479 3733 3551 trepidationem,

2081 3565 2296 3638 quippe
2315 3565 2412 3636 qui
2436 3566 2664 3638 fugiant
2681 3572 2737 3622 et
2754 3565 3010 3621 latebras
3023 3572 3307 3639 quaerant,
3323 3573 3447 3624 tum
3468 3574 3732 3626 nostram

2081 3655 2140 3710 in
2175 3654 2521 3727 depellenda
2554 3655 2853 3710 calumnia
2881 3655 3231 3713 libertatem.
3277 3657 3452 3713 Nulla
3489 3660 3614 3729 jam
3665 3659 3736 3714 de

2083 3744 2332 3800 fortunis
2359 3744 2752 3800 controversia
2773 3751 2882 3810 est,
2910 3746 3010 3801 sed
3044 3746 3114 3800 de
3143 3746 3412 3802 Ecclesiae
3436 3747 3734 3803 existima-

2082 3834 2261 3890 tione.
2319 3835 2426 3898 Qui
2489 3834 2680 3906 lapide
2737 3835 3063 3907 percutitur
3119 3837 3327 3906 quaerit
3388 3837 3729 3892 medicum:

2084 3925 2236 3979 ictus
2270 3924 2578 3979 calumniae
2610 3929 2750 3980 sunt
2780 3924 3044 3998 lapidum
3095 3926 3307 3982 ictibus
3360 3927 3687 3982 acerbiores
3717 3943 3730 3981 :

2088 4014 2254 4069 Clava
2306 4022 2382 4069 est
2429 4015 2743 4081 calumnia,
2777 4019 2826 4069 et
2872 4015 3093 4084 gladius
3135 4021 3186 4071 et
3218 4016 3462 4084 iaculum
3493 4023 3735 4086 acutum,

2085 4104 2168 4159 ait
2189 4102 2463 4159 Salomon
2493 4105 2535 4137 7"
2565 4122 2576 4158 :
2613 4103 2822 4176 hisque
2849 4104 2975 4160 sola
3006 4105 3222 4162 veritas
3253 4107 3473 4162 mederi
3506 4110 3694 4178 potest
3724 4119 3737 4159 :

2086 4210 2212 4264 quae
2246 4193 2293 4248 si
2340 4192 2686 4265 negligatur,
2720 4194 2987 4265 graviora
3015 4196 3270 4251 evadunt
3299 4195 3558 4252 vulnera.

2161 4463 2248 4516 13.
2281 4461 2411 4517 Haec
2438 4478 2578 4517 sane
2605 4463 2744 4516 sunt
2768 4477 2898 4532 quae
2920 4464 3142 4517 tantam
3176 4463 3351 4518 rebus
3375 4463 3592 4534 ubique
3622 4468 3740 4519 ter-

2090 4567 2290 4607 rarum
2324 4550 2734 4606 ecclesiasticis
2777 4551 3029 4606 afferunt
3081 4551 3598 4622 perturbationem.
3633 4555 3740 4608 Oc-

324 4659 418 4693 ποι
475 4635 532 4693 δὲ
578 4636 901 4707 τηλικοῦτοι
964 4636 1053 4692 καὶ
1117 4636 1402 4699 πολυετεῖς
1452 4637 1839 4712 ἐξωρίσθησαν,
1895 4637 1976 4695 διὰ

2095 4641 2357 4696 casiones
2383 4639 2468 4694 illi
2502 4638 2924 4710 excogitarunt,
2950 4639 3204 4712 hincque
3226 4641 3442 4696 factum
3477 4647 3542 4696 ut
3569 4645 3655 4697 tot
3687 4646 3744 4697 et

321 4729 421 4798 τὴν
455 4727 593 4804 πρὸς
627 4726 724 4800 ἐμὲ
764 4726 1071 4783 κοινωνίαν.
1105 4726 1203 4781 Καὶ
1257 4727 1301 4781 εἰ
1357 4727 1450 4800 μὲν
1507 4727 1670 4805 μέχρι
1717 4728 1981 4784 τοσούτου

323 4822 485 4874 τοῦτο
513 4817 778 4894 ἐγίγνετο,
810 4813 1110 4890 προσδοκία
1159 4838 1243 4879 τις
1289 4818 1356 4886 ἦν
1403 4816 1574 4892 ἀγαθή
1606 4836 1619 4850 ⁶
1668 4816 1983 4896 φιλάνθρω-

326 4928 426 4969 πος
454 4907 554 4983 γὰρ
587 4907 662 4961 εἷ·
690 4905 783 4960 τίνα
809 4903 866 4961 δὲ
909 4909 984 4979 μη
1033 4906 1121 4960 καὶ
1177 4908 1312 4978 μετὰ
1356 4911 1524 4961 ταῦτα
1569 4902 1731 4981 διαϐῇ
1780 4907 1843 4961 τὸ
1889 4927 1983 4962 κα-

325 4997 442 5066 κὸν,
495 4996 760 5072 κρατείτω
818 4998 852 5065 ἡ
908 4994 1137 5066 ἀλήθεια
1198 4997 1344 5073 παρὰ
1387 4996 1504 5050 Coa.
1574 4997 1662 5050 καί
1717 4997 1791 5069 μή
1843 4996 1983 5073 ἀφῇς

330 5086 583 5141 ὑπόνοιαν
673 5087 808 5140 κατά
887 5087 1065 5156 πάσης
1150 5084 1479 5157 Ἐκκλησίας
1563 5085 1823 5162 γενέσθαι,
1912 5087 1986 5148 ὡς

323 5181 550 5231 τοιαῦτα
613 5174 1025 5252 βουλευομένων
1069 5176 1160 5230 καὶ
1203 5175 1518 5253 γραφόντων
1575 5179 1683 5230 τῶν
1736 5181 1987 5252 Χριστια-

395 5349 438 5383 ⁶⁸
471 5353 639 5404 Prov.
668 5364 762 5413 xx,
794 5347 884 5402 28.

961 5349 1006 5382 ‘9
1038 5348 1113 5402 ΙΙΙ
1143 5348 1310 5403 Esdr.
1336 5365 1411 5419 ιν,
1437 5349 1523 5403 41.

330 5421 376 5456 ⁷⁴
406 5420 572 5477 Prov.
606 5437 700 5489 xv,
735 5421 820 5475 13.

898 5419 943 5454 ⁷⁵
970 5423 1112 5476 Gen.
1143 5437 1280 5488 xm,
1314 5421 1404 5475 21.
1482 5421 1526 5454 ⁷⁸
1556 5419 1700 5475 Gen.
1733 5437 1888 5492 xxxi,
1919 5422 1974 5476 5.

404 5588 515 5661 (45)
547 5583 1063 5664 Ῑλθεθᾲζοροβάϐελ.
1098 5591 1191 5646 Sic
1223 5589 1428 5664 Basin
1462 5587 1717 5646 Felckm.
1749 5592 1785 5646 7
1816 5607 1991 5647 anon.

334 5665 392 5720 et
409 5653 820 5736 qufm_es"editi',
854 5663 1018 5736 Reg.,
1049 5653 1402 5736 Ῥοζοοςιϐελ.

404 5733 516 5813 (46)
547 5733 714 5813 Βθε.,
746 5732 972 5801 πάνταςῖ
1002 5734 1173 5809 Editi,
1206 5732 1426 5800 πάντες.

661 5865 924 5928 Parnm.
975 5865 1084 5927 Ga.
1135 5864 1324 5928 XXV.

1602 5348 1646 5382 7°
1679 5351 1806 5403 Act.
1829 5365 1961 5417 xxv,
1987 5350 2074 5404 11.
2153 5349 2194 5384 ’τί
2223 5349 2395 5404 Joan.
2426 5365 2540 5414 xw,
2571 5369 2574 5391 ‹

1602 5437 1700 5475 en.
1733 5437 1888 5486 xxxi,
1919 5422 1974 5476 5.
2052 5422 2095 5457 ⁷⁷
2123 5425 2290 5476 Prov.
2323 5437 2454 5486 xxv,
2489 5420 2574 5474 18.

2095 4735 2214 4786 tam
2246 4730 2537 4803 grandaevi
2571 4728 2850 4801 episcopi,
2885 4730 3037 4800 quod
3081 4746 3310 4785 mecum
3343 4732 3740 4787 communica-

2095 4825 2242 4888 rent,
2267 4820 2324 4874 in
2355 4818 2623 4874 exsilium
2653 4818 2772 4874 sint
2793 4819 2927 4874 acti.
2954 4820 3114 4884 Quod
3149 4819 3197 4874 si
3233 4836 3298 4875 eo
3332 4837 3520 4891 usque
3551 4820 3742 4875 solum

2096 4927 2187 4966 res
2221 4909 2587 4982 processerit,
2612 4909 2766 4963 bona
2796 4925 2926 4979 spes
2953 4913 3127 4978 esset,
3152 4909 3449 4965 humanus
3472 4927 3606 4965 cum
3639 4910 3741 4966 sis.

2095 5000 2168 5055 Ut
2215 5003 2409 5054 autem
2467 4997 2688 5054 malum
2744 5015 2860 5053 non
2911 4998 3158 5054 ulterius
3206 4999 3500 5070 pervadat,
3535 4999 3745 5055 veritas

2097 5089 2249 5160 apud
2287 5093 2342 5143 te
2371 5087 2582 5159 vigeat.
2618 5087 2718 5154 Ne,
2753 5103 2969 5157 quaeso,
3006 5089 3333 5159 permittas,
3365 5087 3502 5143 huic
3551 5089 3745 5160 suspi-

2097 5179 2271 5250 cioni,
2298 5178 2356 5232 in
2379 5193 2554 5249 grave
2575 5177 2756 5232 totius
2778 5176 3046 5233 Ecclesia:
3073 5178 3346 5247 dedecus,
3367 5177 3559 5232 locum
3583 5193 3712 5233 esse

2153 5349 2194 5384 ’τί
2223 5349 2395 5404 Joan.
2426 5365 2540 5414 xw,
2571 5349 2625 5402 6.
2704 5348 2749 5382 79
2780 5347 2943 5402 Prov.
2971 5365 3084 5417 xvr,
3112 5349 3197 5403 13.
3274 5349 3319 5383 ⁷³
3348 5348 3513 5404 Prov.
3539 5367 3670 5419 xxv,
3692 5349 3749 5403 5.

2201 5591 2290 5662 47)
2323 5589 2486 5662 Reg.)
2519 5585 2698 5662 Καὶᾼεῖ
2733 5586 2806 5662 μὴ
2839 5584 2950 5662 καί.

2201 5591 2266 5644 47
2323 5590 2486 5662 Reg.,
2519 5590 2620 5641 Καὶ
2653 5590 2698 5640 εἰ
2733 5590 2806 5659 μὴ
2839 5590 2950 5643 καί.

2176 5590 2291 5739 148)
2321 5661 2416 5720 Sic
2448 5660 2588 5734 Reg.
2621 5660 2686 5718 In
2715 5659 2890 5718 editis
2923 5656 3017 5737 μέν
3053 5660 3232 5718 deest.
