4148 6384
303 393 422 455 617

1334 388 1728 453 APOLOGIA
1769 389 1874 449 AD
1920 386 2486 454 CONSTANTIUM
2532 392 2695 454 IMP.

3600 394 3720 456 618

297 529 459 583 τοῦτο
488 523 576 581 καὶ
610 521 661 580 ἐν
693 527 810 587 τοῖς
841 526 956 584 σοῖς
1007 519 1198 596 νόμοις
1251 517 1515 592 διαϐέϐλη
1529 543 1643 594 μαι.
1674 520 1947 590 Μειζόνως

2069 539 2273 578 ansam
2307 525 2625 591 dedissem,
2688 543 2753 582 ac
2813 526 3023 582 fuisset
3107 526 3351 598 egitima
3408 527 3723 584 accusandi

298 619 401 694 γὰρ
436 617 493 671 ἂν
528 609 848 685 διεϐλήθην,
883 613 970 669 καὶ
1003 615 1068 682 ἦν
1098 611 1319 683 ἀληθῶς
1354 610 1631 688 ἔγκλημα,
1662 612 1704 666 εἷ
1746 613 1801 665 ὃν
1839 614 1949 683 ((30)

299 704 627 780 ᾠκοδόμησε
665 705 829 759 τόπον
864 705 890 757 6
928 702 1183 779 βασιλεὺς
1233 702 1655 776 παρηρχόμεθα,
1690 703 1777 755 καὶ
1826 701 1953 775 ἔρη-

304 818 402 870 μον
482 795 779 868 ἐζητοῦμεν
845 794 920 855 εἷς
998 793 1191 867 εὐχήν.
1252 797 1375 854 Πῶς
1439 792 1496 845 ἃν
1560 793 1586 844 6
1643 793 1954 865 κατήγορος

301 883 610 964 ἐφλυάρησε
638 884 795 939 τότεῐ
839 888 957 945 πῶς
1009 883 1067 936 ἂν
1112 883 1178 950 ἧν
1232 882 1456 945 πιθανὸς
1510 881 1684 956 λέγων
1714 900 1724 912 ·
1776 883 1953 952 Ἐξου-

297 975 485 1045 θένησέ
517 995 612 1028 σου
643 974 734 1028 τὸν
762 974 929 1028 τόπον
959 995 970 1006 ·
1023 973 1170 1048 παρᾶ
1226 973 1454 1046 γνώμην
1511 970 1650 1026 ἐστὶν
1699 971 1864 1025 αὐτοῦ
1892 971 1955 1024 τὸ

296 1064 620 1140 γινόμενονο
673 1063 898 1138 ἐγέλασε
959 1061 1414 1137 παρερχόμενος·
1466 1059 1627 1132 ἔδειξε
1673 1063 1770 1128 τὴν
1830 1057 1955 1135 ἔρη-

302 1175 401 1228 μον
436 1152 750 1229 πληροῦσαν
781 1157 879 1207 τοῦ
907 1151 1081 1206 τόπου
1112 1152 1211 1219 την
1247 1149 1435 1226 χρείαν
1467 1172 1477 1184 ι
1513 1150 1772 1212 θέλοντα-ς
1804 1146 1953 1220 εὔξα-

295 1243 411 1298 σθαι
473 1242 641 1304 λαοὺς
688 1241 988 1297 κεκώλυκε.
1041 1245 1216 1294 Ταῦτα
1279 1238 1472 1309 ἤθελεν
1535 1239 1743 1306 εἰπεῖν’,
1791 1243 1957 1293 ταῦτα

298 1332 517 1403 ἐζήτει·
561 1333 651 1387 καὶ
707 1333 781 1405 μὴ
838 1331 1008 1407 εὑρὼν
1059 1329 1305 1406 ἄχθεται,
1357 1328 1447 1383 καὶ
1507 1328 1698 1383 λοιπὸν
1755 1328 1955 1401 λόγους

297 1423 543 1480 πλάττει.
575 1426 751 1477 Ταῦτα
796 1423 897 1498 γὰρ
948 1420 994 1476 εί
1040 1417 1250 1494 ἐλεγεν,
1307 1417 1569 1474 ἐδυσώπει
1623 1421 1733 1490 (70)
1777 1417 1953 1488 κάμέο

301 1511 480 1588 ὥσπερ
537 1516 628 1566 νῦν
689 1509 884 1582 ἀδικεῖ,
915 1511 1004 1564 τὸν
1068 1504 1330 1565 διαϐόλου
1387 1508 1586 1578 τρόπον
1646 1502 1955 1576 ἀναλαϐὼν,

299 1601 389 1656 καὶ
431 1599 922 1677 παρατηρούμενος
966 1599 1094 1660 τοὺς
1145 1597 1661 1674 προσευχομένους·
1717 1594 1802 1650 διὸ
1868 1597 1957 1649 καὶ

300 1690 504 1768 ἐσφάλη
539 1691 851 1767 παραγνοὺς
882 1691 944 1744 τὸ
973 1694 1070 1744 106
1102 1688 1309 1758 Δανιήλ
1337 1709 1349 1722 ·
1387 1687 1604 1758 ἐνόμισε
1627 1687 1727 1761 γὰρ
1757 1688 1784 1739 6
1817 1686 1957 1758 ἀμα-

303 1781 423 1851 θής,
455 1779 538 1835 ὅτι
564 1779 655 1835 καὶ
689 1779 775 1834 ἐπὶ
811 1783 906 1834 σοῦ
946 1781 1012 1834 τὰ
1057 1783 1164 1834 τῶν
1215 1772 1577 1832 Βαϐυλωνίων
1630 1781 1832 1851 κρατεῖ,
1868 1776 1955 1829 καὶ

301 1869 400 1924 οὐκ
429 1867 587 1946 ἔγνω,
615 1867 696 1924 ὅτι
730 1869 890 1947 φίλος
923 1868 971 1923 εἴ
999 1871 1111 1940 (71)
1142 1872 1238 1922 106
1272 1865 1540 1942 μακαρίου
1572 1865 1815 1962 Δανιήλι·
1867 1865 1954 1919 καὶ
1991 1897 2039 1962 Β

297 1959 388 2014 τὸν
440 1957 598 2013 αὐτὸν
647 1959 792 2030 αὐτῷ
851 1956 980 2013 Θεὸν
1047 1962 1394 2033 προσκυνεῖς,
1442 1955 1531 2010 καὶ
1587 1955 1648 2009 ού
1698 1953 1954 2027 κωλύεις,

299 2046 446 2104 ἀλλὰ
475 2047 652 2112 θέλεις
681 2047 884 2110 πάντας
916 2043 1188 2123 εὔχεσθαι,
1222 2045 1404 2118 εἰδὼς,
1437 2044 1519 2100 ὅτι
1551 2045 1765 2099 πάντων
1817 2044 1956 2099 ἐστὶν

301 2138 463 2213 εὐχὴ,
498 2137 762 2208 σώζεσθαί
813 2159 870 2193 σε
911 2137 1002 2192 καὶ
1053 2135 1357 2213 βασιλεύειν
1411 2136 1462 2190 ἐν
1517 2135 1703 2209 εἰρήνῃ
1735 2132 1958 2189 διαπαν-

300 2227 415 2290 τός.

288 2423 290 2425 ‘
375 2407 462 2462 18.
497 2406 640 2480 Ἐγὼ
675 2406 770 2478 μὲν
821 2403 912 2460 οὖν
961 2403 1050 2459 καὶ
1097 2409 1264 2459 ταῦτα
1316 2405 1455 2480 πρὸς
1492 2405 1583 2458 τὸν
1638 2405 1958 2459 κατειπόντα

306 2491 652 2570 ἀποδύρομαι
680 2512 691 2525 ’
727 2493 790 2548 σὺ
837 2491 913 2564 δὲ,
977 2492 1356 2571 θεοφιλέστατε
1407 2488 1703 2566 Αὕγουστε,
1740 2496 1953 2563 ζήσειας

305 2582 544 2645 πολλαῖς
593 2583 724 2638 ἐτῶν
778 2581 1074 2660 περιόδοις,
1125 2582 1212 2637 καὶ
1275 2583 1342 2637 τὰ
1410 2581 1648 2657 ἐγκαίνια
1714 2580 1953 2637 ἐπιτελέ-

302 2693 467 2735 σειας.
500 2673 568 2728 Αἱ
600 2674 704 2748 γὰρ
735 2672 1019 2748 γενόμεναι
1073 2673 1219 2746 παρᾶ
1266 2673 1481 2726 πάντων
1536 2671 1660 2747 περὶ
1709 2678 1808 2740 τῆς
1858 2674 1953 2739 σῆς

300 2761 573 2837 σωτηρίας
604 2761 762 2836 εὐχαὶ
805 2761 914 2836 οὐχ
961 2759 1312 2834 ἐμποδίζουσι
1361 2762 1460 2829 τὴν
1505 2765 1611 2816 τῶν
1667 2761 1948 2835 ἐγκαινίων

298 2854 620 2928 πανήγυριν.
654 2853 746 2920 Μὴ
776 2857 938 2906 τοῦτο
969 2849 1345 2925 ψευδέσθωσαν
1386 2851 1437 2904 οἱ
1486 2851 1713 2924 ἀμαθεῖς
1740 2869 1753 2882 ’
1808 2848 1953 2905 ἀλλὰ

298 2943 442 3014 παρὰ
477 2942 569 3015 μὲν
612 2946 717 2996 τῶν
769 2942 1022 3018 Πατέρων
1079 2941 1415 3015 μαθέτωσαν,
1450 2940 1840 3016 ἀναγνώτωσαν
1895 2938 1952 2994 δὲ

296 3031 384 3086 καὶ
443 3032 538 3092 τὰς
586 3030 828 3108 Γραφάς·
885 3028 1097 3102 μᾶλλον
1146 3028 1204 3085 δὲ
1250 3031 1396 3105 παρᾶ
1454 3035 1549 3084 σοῦ
1611 3030 1947 3104 μαθέτωσαν,

296 3117 595 3197 φιλολόγος
648 3121 752 3194 γὰρ
804 3119 870 3187 εἴ,
904 3117 986 3173 ὅτι
1034 3118 1125 3173 καὶ
1177 3120 1388 3187 Ἰησοῦς
1419 3120 1446 3172 ὁ
1495 3124 1593 3173 106
1645 3117 1890 3175 Ἰωσεδὲκ
1921 3120 1948 3172 6

293 3208 488 3284 ἱερεὺς,
520 3205 610 3262 καὶ
640 3209 693 3262 οἱ
734 3205 960 3284 ἀδελφοὶ
1011 3207 1196 3274 αὐτοῦ,
1228 3208 1317 3261 καὶ
1367 3202 1674 3282 Ζοροϐάϐελ
1708 3209 1735 3261 6
1770 3207 1950 3263 Σαλα-

2067 629 2265 674 causa,
2305 615 2352 668 si
2408 615 2550 683 loco,
2606 633 2777 687 quem
2826 616 3147 688 imperator
3187 622 3550 673 exstruxerat
3584 636 3725 690 prae-

2070 705 2364 768 termisso,
2392 721 2654 760 eremum
2691 707 2757 759 ad
2794 709 3082 761 orandum
3114 708 3509 777 petiissemus.
3538 709 3722 771 Quam

2067 792 2325 847 multum
2369 801 2672 849 accusator
2720 801 2855 849 tunc
2896 795 3319 851 deblaterassct
3351 796 3362 851 !
3398 814 3575 868 quam
3610 799 3720 853 fide

2067 882 2280 953 dignus
2303 885 2461 938 visus
2489 885 2691 939 fuisset
2715 886 2957 940 dicendo
2985 903 2997 940 :
3027 887 3242 941 Locum
3269 892 3432 941 tuum
3458 892 3718 944 contem-

2069 973 2184 1043 psit
2212 989 2223 1026 :
2259 990 2404 1042 opus
2439 992 2552 1028 non
2587 976 2790 1045 probat
2823 982 2991 1030 tuum
3019 993 3032 1033 :
3067 976 3268 1031 derisit
3293 978 3716 1048 praetereundo,

2068 1062 2362 1116 desertum
2398 1064 2674 1117 indicavit
2695 1065 2843 1134 quod
2871 1064 2978 1118 loci
3012 1065 3344 1119 necessitati
3374 1065 3714 1137 suppleret:

2067 1151 2314 1222 populos
2349 1151 2548 1206 orandi
2584 1153 2825 1220 cupidos
2872 1153 3190 1223 impedivit.
3230 1155 3357 1208 Hac
3387 1160 3452 1209 ut
3484 1155 3595 1209 sibi
3628 1155 3718 1210 di-

2068 1241 2250 1294 cenda
2274 1245 2650 1312 suppeterent
2673 1244 3017 1312 peroptabat
3041 1243 3492 1315 inquirebatque
3522 1260 3533 1297 :
3561 1245 3717 1315 quod

2068 1347 2201 1384 cum
2235 1335 2540 1385 assecutus
2565 1348 2677 1384 non
2703 1331 2799 1400 sit,
2828 1347 3071 1385 mmrore
3094 1333 3333 1387 affectus
3367 1332 3724 1389 criminatio-

2069 1436 2170 1473 nes
2203 1419 2479 1490 deinceps
2510 1420 2996 1474 comminiscitur-
3034 1423 3102 1475 Et
3151 1438 3290 1476 sane
3322 1420 3370 1477 si
3403 1421 3503 1477 illa
3533 1423 3724 1478 dicere

2070 1512 2285 1578 posset,
2323 1510 2543 1579 pudore
2578 1526 2669 1563 me
2703 1511 3085 1576 suffunderet,
3123 1515 3186 1565 ut
3235 1527 3325 1566 me
3349 1513 3474 1582 jam
3507 1511 3724 1583 injuria

2073 1598 2273 1663 afficit,
2300 1615 2431 1653 cum
2468 1598 2686 1653 diaboli
2722 1615 2913 1653 mores
2945 1598 3230 1665 imitatus,
3259 1616 3357 1655 eos
3389 1600 3488 1670 qui
3517 1605 3726 1656 vacant

2071 1687 2321 1741 orationi
2354 1689 2654 1742 observat:
2690 1688 2949 1744 Danielis
2986 1689 3202 1760 quippe
3231 1689 3537 1744 historiam
3569 1692 3614 1724 8³
3647 1690 3727 1745 le-

2069 1777 2256 1847 gendo
2290 1794 2392 1848 spe
2450 1777 2634 1832 falsus
2697 1783 2820 1832 est:
2883 1778 3110 1848 putavit
3165 1778 3322 1833 enim
3355 1778 3596 1849 ignarus
3629 1779 3724 1835 ille

2069 1866 2524 1937 Babyloniorum
2556 1884 2747 1922 mores
2779 1869 2934 1938 apud
2985 1872 3039 1923 te
3092 1867 3308 1940 vigere,
3344 1884 3532 1940 neque
3564 1868 3725 1924 novit

2069 1972 2196 2010 esse
2227 1959 2280 2010 te
2313 1957 2464 2012 beati
2496 1957 2751 2012 Danielis
2794 1957 3321 2023 studiosissimum,
3352 1975 3418 2013 ac
3448 1959 3722 2014 eumdem

2069 2061 2241 2116 quem
2275 2045 2373 2100 ille
2399 2047 2582 2100 Deum
2627 2047 2868 2102 adorare
2900 2063 3004 2100 nec
3037 2047 3342 2118 impedire,
3376 2048 3496 2102 imo
3527 2048 3724 2119 potius

2068 2150 2439 2205 summopere
2471 2140 2672 2206 optare
2703 2141 2767 2189 ut
2798 2151 3002 2190 omnes
3053 2136 3304 2191 orationi
3336 2137 3722 2192 incumbant:

2068 2239 2203 2278 cum
2239 2224 2390 2278 scias
2443 2224 2711 2279 omnium
2761 2225 3054 2280 orationes
3099 2230 3153 2280 et
3201 2229 3336 2281 vota
3380 2242 3447 2291 ea
3477 2241 3624 2294 esse,
3659 2229 3727 2280 ut

2069 2312 2381 2369 incolumis
2408 2318 2462 2368 et
2490 2330 2622 2369 cum
2656 2331 2795 2386 pace
2828 2320 3103 2386 perpetuo
3130 2314 3402 2386 imperes.

2146 2405 2228 2456 18.
2263 2403 2548 2474 Equidem
2601 2404 2721 2459 haec
2769 2405 3048 2459 adversus
3102 2406 3548 2460 obtrectatorem
3580 2421 3722 2459 con-

2067 2508 2297 2563 queror.
2333 2494 2419 2548 Tu
2466 2510 2616 2559 vero,
2669 2494 3110 2564 religiosissime
3158 2497 3440 2565 Auguste,
3492 2493 3719 2549 utinam

2066 2581 2267 2636 multis
2302 2600 2590 2637 annorum
2624 2583 2856 2638 circulis
2895 2584 3126 2650 vixeris,
3181 2600 3246 2638 ac
3297 2585 3448 2640 243
3483 2583 3716 2639 dedica-

2062 2671 2239 2726 tionis
2272 2671 2557 2726 solemnia
2583 2672 2960 2727 celebraveris
2987 2677 2996 2728 !
3033 2673 3180 2727 Nam
3213 2678 3367 2728 certe
3408 2689 3607 2745 preces
3641 2673 3714 2728 ab

2062 2761 2339 2816 omnibus
2371 2779 2473 2833 pro
2505 2766 2605 2816 tua
2637 2761 2824 2816 salute
2848 2763 3009 2829 fusze,
3040 2763 3186 2816 nihil
3218 2763 3453 2817 obstant
3481 2762 3717 2817 dedica-

2059 2850 2237 2905 tionis
2295 2851 2637 2906 celebrilali.
2700 2853 2781 2906 Ne
2838 2851 2977 2906 talia
3033 2852 3285 2923 imperiti
3325 2851 3408 2906 illi
3443 2851 3715 2907 homines

2061 2941 2364 2995 mendacia
2398 2942 2727 3012 proferant:
2793 2943 2892 2997 sed
2926 2959 2958 2996 a
2988 2943 3258 2998 Patribus
3315 2942 3373 2996 id
3428 2942 3710 3008 ediscant,

2061 3030 2508 3101 Scripturasque
2532 3031 2817 3098 cvolvant,
2850 3031 2936 3086 vel
2967 3032 3160 3102 potius
3194 3049 3225 3086 a
3256 3037 3310 3086 te
3341 3031 3468 3102 ipso
3494 3031 3714 3085 littera-

2059 3136 2191 3174 rum
2225 3119 2660 3174 studiosissimo
2711 3122 3099 3175 edoceantur:
3133 3120 3336 3176 Jesum
3369 3119 3590 3175 scilicet
3622 3136 3714 3174 sa-

2064 3209 2355 3264 cerdotem
2388 3209 2654 3263 Josedeci
2682 3210 2870 3264 lilium
2900 3213 2956 3264 et
2987 3211 3193 3264 fratres
3216 3211 3364 3280 ejus,
3391 3209 3714 3264 Zorobabe-

298 3273 429 3366 066,1
549 3297 736 3374 σοφὸς,
768 3273 1145 3371 καὶιἜσδρας
1195 3297 1222 3350 6
1275 3273 1451 3372 ἱερεὺς
1502 3296 1592 3351 καὶ
1639 3301 1735 3351 106
1783 3297 1952 3369 νόμου

2069 3297 2179 3353 lem
2240 3299 2428 3352 filium
2491 3298 2827 3354 Salathielis
2895 3299 3217 3370 sapientem
3243 3273 3441 3353 villum
3500 3297 3715 3365 virum,

297 3385 676 3462 γραμματεὺς,
724 3390 822 3440 106
873 3386 1023 3461 ἱεροῦ
1066 3388 1181 3458 (72)
1238 3387 1372 3458 μετὰ
1417 3386 1517 3454 τήν
1565 3385 1951 3460 αἰχμαλωσίαν

300 3472 791 3548 οἰκοδομουμένου,
867 3474 956 3528 καὶ
1043 3474 1299 3543 ἐνστάσης
1381 3482 1482 3543 τῆς

299 3565 484 3641 (ἑορτή
515 3561 572 3618 δὲ
600 3565 666 3634 ἧν
700 3564 833 3634 αὕτη
867 3565 956 3620 καὶ
986 3566 1290 3640 πανήγυρις
1321 3563 1409 3618 καὶ
1444 3564 1581 3639 εὐχή
1638 3562 1846 3640 μεγάλη
1902 3564 1952 3618 ἐν

297 3659 377 3726 τῷ
406 3653 674 3730 Ἰσραὴλ),
708 3656 1016 3729 συνήγαγον
1049 3654 1140 3708 τὸν
1186 3653 1318 3710 λαὸν
1369 3651 1723 3726 ὁμοθυμαδὸν
1774 3653 1852 3716 εἷς
1891 3655 1954 3708 τὸ

300 3743 616 3820 εὐρύχωρον
648 3748 747 3798 106
776 3744 998 3819 πρώτου
1030 3740 1281 3804 πυλῶνος
1323 3747 1420 3797 106
1463 3742 1600 3818 πρὸς
1643 3746 1712 3816 τῇ
1763 3743 1955 3797 ἀνατο-

301 3830 396 3904 λῇ,
428 3832 519 3887 καὶ
555 3832 620 3887 τὸ
669 3834 1052 3908 θυσιαστήριον
1095 3837 1192 3887 106
1242 3836 1376 3886 Θεοῦ
1420 3832 1747 3904 ἡτοίμασαν,
1801 3832 1956 3886 κάκεῖ

298 3923 693 3998 προσήνεγκαν,
762 3921 918 3977 κάκεῖ
990 3923 1089 3990 τὴν
1170 3922 1361 3997 ἑορτὴν
1439 3920 1776 3977 ἐπετέλεσαν.
1856 3921 1952 3976 Καὶ

297 4009 492 4067 λοιπὸν
574 4009 747 4073 οὕτως
816 4012 912 4073 τὰς
969 4011 1106 4065 κατά
1165 4005 1445 4066 Σάϐϐατον
1505 4009 1595 4064 καὶ
1655 4010 1951 4083 νουμηνίαν

291 4099 626 4178 προσέφερον
688 4098 893 4172 θυσίας,
953 4099 1041 4155 καὶ
1101 4100 1152 4154 οἱ
1212 4097 1338 4154 λαοὶ
1393 4100 1488 4161 τὰς
1547 4099 1711 4175 εὐχὰς
1779 4099 1951 4154 αὐτῶν

295 4189 569 4268 ἀνέφερον.
625 4190 724 4245 Καὶ
784 4194 1024 4268 φανερῶς
1082 4211 1242 4268 φησιν
1305 4193 1340 4260 ἡ
1403 4190 1614 4267 Γραφὴ,
1649 4189 1730 4244 ὅτι
1788 4194 1955 4244 ταῦτα

296 4279 556 4355 ἐγίγνετο,
588 4279 679 4334 καὶ
711 4279 738 4333 6
768 4279 893 4342 ναὸς
922 4284 1020 4334 106
1050 4275 1360 4334 Θεοῦοὕπω
1393 4278 1723 4352 ᾠκοδόμητο
1746 4301 1757 4313 ·
1810 4276 1957 4333 ἀλλὰ

302 4366 517 4442 μᾶλλον
568 4367 775 4422 τούτων
827 4366 1000 4429 οὕτως
1052 4367 1370 4441 εὐχομένων
1417 4369 1444 4421 6
1477 4370 1588 4441 (73)
1623 4368 1770 4429 οἶκος
1819 4388 1953 4441 προ-

299 4456 520 4513 έκοπτεν
544 4457 573 4511 6
604 4453 1076 4528 οἰκοδομούμενος
1105 4473 1119 4487 ⁸
1164 4458 1253 4510 καὶ
1285 4453 1408 4510 οὔτε
1438 4455 1528 4510 διὰ
1571 4457 1671 4524 τὴν
1723 4454 1955 4532 προσδο-

297 4545 418 4602 κίαν
463 4549 570 4600 τῶν
623 4543 902 4622 ἐγκαινίων
955 4543 1304 4616 ἐκωλύθησαν
1354 4545 1408 4598 αἱ
1454 4544 1632 4620 εὐχαὶ,
1681 4544 1803 4600 οὔτε
1868 4546 1956 4600 διὰ

1565 3474 1952 3550 Σκηνοπηγίας

2067 3387 2310 3441 Esdram
2347 3387 2484 3442 item
2532 3389 2894 3442 sacerdotem
2953 3393 3008 3442 et
3063 3386 3209 3458 legis
3269 3388 3545 3457 scribam,
3581 3403 3717 3442 cum

2066 3475 2353 3547 templum
2378 3481 2506 3547 post
2525 3476 2919 3547 captivitatem
2938 3476 3719 3547 mdilicareturﬁnstaretque

2067 3565 2443 3637 Scenopegia,
2469 3567 2523 3619 id
2555 3571 2643 3620 est
2668 3567 2877 3620 festum
2902 3566 3438 3621 Tabernaculorum
3465 3583 3477 3633 ;
3504 3581 3721 3637 magna

2066 3655 2430 3722 solemnitas,
2465 3655 2524 3709 in
2584 3673 2699 3726 qua
2757 3655 3052 3709 orationes
3109 3654 3353 3725 publicae
3419 3654 3479 3709 in
3540 3654 3716 3710 Israel

2066 3745 2492 3812 offerebantur;
2550 3744 2831 3816 pepulum
2882 3745 2940 3798 in
2989 3743 3181 3798 latiori
3213 3742 3500 3800 vestibulo
3542 3743 3716 3816 primi

2066 3834 2200 3888 ostii
2232 3851 2435 3888 versus
2468 3833 2760 3887 Orientem
2805 3832 2920 3898 siti,
2957 3832 3221 3886 unanimi
3255 3831 3545 3887 sententia
3576 3849 3715 3888 con-

2066 3927 2404 3996 gregarunt,
2436 3922 2837 3993 dispositoque
2867 3922 3096 3976 Domini
3131 3921 3322 3988 altari,
3347 3921 3465 3976 illic
3487 3921 3714 3976 obtule-

2065 4019 2239 4068 runt:
2275 4013 2597 4084 eodemque
2630 4012 2686 4067 in
2719 4016 2844 4067 toco
2876 4011 3164 4083 completa
3195 4011 3501 4066 celebritas
3532 4016 3621 4066 est
3647 4011 3712 4066 ³⁵.

2065 4103 2144 4156 Eo
2174 4101 2310 4155 item
2344 4102 2518 4155 modo
2550 4101 2607 4155 in
2642 4106 2942 4172 posterum
2994 4101 3218 4156 hostias
3270 4101 3327 4155 in
3372 4099 3628 4156 Sabbato
3658 4105 3716 4156 et

2066 4190 2386 4245 Neomenia
2411 4189 2613 4245 solitas
2639 4190 2978 4255 oiferebant,
3003 4191 3373 4262 populusque
3399 4189 3712 4246 Dominum

2066 4280 2432 4351 precabatur.
2468 4280 2855 4348 Testaturque
2887 4278 3083 4348 palam
3116 4279 3412 4349 Scriptura
3452 4278 3713 4333 nondum

2066 4372 2361 4422 exstructo
2389 4367 2485 4422 Dei
2520 4366 2741 4438 templo
2770 4366 2890 4420 Ι]ωο
2922 4370 3050 4420 acta
3082 4366 3298 4421 fuisse:
3347 4365 3466 4420 imo
3516 4365 3712 4437 potius

2065 4455 2183 4511 illis
2214 4457 2295 4512 ita
2325 4456 2630 4512 orantibus
2652 4455 3062 4510 cxstruebatur
3081 4454 3713 4524 domus,accrescebat-

2066 4563 2178 4617 que
2210 4547 2269 4600 in
2301 4546 2426 4600 dies
2453 4571 2467 4613 ;
2500 4546 2580 4599 ita
2610 4550 2674 4599 ut
2705 4560 2809 4599 nec
2832 4548 3066 4616 propter
3087 4542 3487 4598 Enceaniorum
3510 4558 3712 4613 exspe-

298 4635 396 4696 τὰς
418 4634 711 4711 γενομένας
769 4632 1024 4696 συνόδους
1066 4638 1174 4689 τῶν
1226 4633 1403 4709 εὐχῶν
1456 4633 1848 4707 ἐμπεπόδισται
1893 4637 1953 4689 τὰ

2069 4637 2380 4692 ctationem
2436 4634 2786 4689 intermissae
2843 4634 3171 4690 orationes:
3234 4647 3423 4703 neque
3479 4635 3716 4704 propter

303 4724 574 4800 ἐγκαίνιαο
634 4722 781 4781 ἀλλὰ
834 4723 923 4779 καὶ
955 4725 982 4778 6
1027 4721 1158 4786 λαὸς
1207 4722 1378 4786 οὕτως
1430 4720 1666 4800 ηὔχετο·
1727 4725 1816 4778 καὶ
1866 4723 1954 4779 ὅτε

300 4811 579 4870 τετέλεστο
653 4821 758 4877 πᾶς
817 4815 845 4867 ὁ
899 4814 1048 4876 οἶκος
1109 4813 1368 4884 ἐποίησαν
1426 4815 1494 4868 τὰ
1549 4813 1804 4889 ἐγκαίνια,
1863 4816 1952 4868 καὶ

299 4906 673 4980 προσήνεγκαν
726 4903 802 4967 εἷς
850 4903 939 4958 τὸν
993 4903 1366 4978 ἐγκαινισμὸν,
1415 4903 1503 4958 καὶ
1563 4902 1755 4964 πάντες
1819 4905 1953 4979 ἐώρ-

298 5015 462 5050 τασαν
520 4993 608 5048 ἐπὶ
665 4997 733 5068 τῇ
786 4991 1182 5070 τελεσιουργίᾳ.
1223 4997 1390 5048 Τοῦτο
1449 4991 1507 5048 δὲ
1562 4993 1726 5048 πάλιν
1787 4991 1876 5046 καὶ
1926 4995 1953 5047 6

303 5081 609 5158 μακαρίτης
640 5079 991 5156 Ἀλέξανδρος
1042 5083 1131 5138 καὶ
1171 5083 1222 5138 οἱ
1254 5080 1417 5138 ἄλλοι
1446 5082 1678 5158 Πατέρες
1718 5082 1950 5151 πεποιή-

296 5194 455 5230 κασι·
515 5171 898 5250 συναγαγόντες
928 5173 1033 5249 γὰρ
1082 5174 1171 5227 καὶ
1215 5171 1599 5234 τελειώσαντες
1654 5172 1716 5227 τὸ
1776 5169 1950 5248 ἔργον,

371 5311 416 5348 ⁸³
446 5311 594 5368 Dan.
625 5326 704 5366 v1.
736 5309 783 5345 ⁸⁴
814 5308 837 5365 Ι
866 5308 1034 5365 Esdr.
1069 5326 1156 5381 III,
1189 5309 1277 5376 10,
1312 5309 1398 5365 11.

395 5463 487 5535 69)
517 5457 763 5535 Reg.,_§i’
791 5456 907 5535 τόν.
941 5459 1071 5535 M03:
1093 5459 1390 5535 _i_d_em_,_mt
1409 5459 1508 5535 τῂν
1543 5453 1773 5535 ἔρημον.

395 5528 488 5617 70)
519 5528 1002 5617 ἐδυσώπειῖἈ
1027 5532 1205 5617 Editi,
1254 5528 1581 5588 ἐδυσσώπει.
1609 5528 1751 5588 Ibid.
1791 5531 1930 5602 Reg.
1939 5573 1956 5597 ,

305 5599 499 5677 ᾁδίκεῗ.
534 5599 702 5672 Εάἶιὶ,
733 5605 906 5677 male,
939 5599 1164 5660 ἀδικεῖν.

381 5678 494 5750 (71)
525 5671 693 5750 1163.,
731 5676 791 5744 ἦ.
849 5671 981 5750 Μοξ
1035 5677 1194 5750 idem
1252 5675 1343 5750 16v
1379 5671 1760 5750 6616:6616)
1821 5676 1957 5743 Θεῷ.

312 5742 533 5808 Ibidem
559 5742 698 5806 edit.
726 5742 1008 5807 Commel.
1041 5747 1189 5820 sola,
1218 5746 1308 5803 καὶ
1342 5742 1405 5802 οὒ
1434 5745 1697 5807 κελεύεις.

2065 4729 2384 4781 conventus
2441 4724 2733 4780 orantium
2789 4722 3053 4777 Enczenia
3107 4720 3340 4776 sublata
3396 4720 3551 4776 sint:
3586 4721 3710 4787 sed,

2061 4815 2197 4870 licet
2227 4819 2396 4869 antea
2425 4813 2541 4867 illic
2574 4813 2824 4884 populus
2871 4816 3116 4878 orasset,
3167 4809 3549 4864 nihilominus
3581 4813 3714 4880 post

2063 4905 2399 4960 absolutum
2431 4902 2743 4958 aedilicium
2778 4901 3070 4956 celebrata
3090 4898 3375 4954 dedicatio
3397 4901 3504 4964 est,
3531 4897 3710 4952 dona-

2064 5011 2176 5066 que
2209 5010 2312 5064 pro
2344 4992 2445 5047 illa
2475 4991 2805 5056 offerentes,
2838 5006 3043 5045 omnes
3078 5004 3179 5060 pro
3205 4985 3711 5044 consummatione

2065 5083 2258 5156 operis
2291 5081 2719 5138 solemnitatem
2743 5084 3007 5152 egerunt.
3034 5079 3296 5150 Idipsum
3329 5094 3362 5131 a
3386 5077 3566 5132 beata
3589 5091 3714 5130 me-

2065 5173 2263 5229 moria:
2296 5172 2618 5228 Alexandro
2648 5175 2704 5225 et
2733 5171 2804 5226 ab
2837 5169 2967 5225 aliis
2999 5167 3270 5224 Patribus
3318 5167 3537 5222 factum
3566 5163 3713 5220 vidi-

2137 5460 2252 5528 (72)
2286 5458 2689 5531 Importunam
2722 5469 2919 5510 vocem
2951 5450 3036 5531 ὅτι
3084 5455 3219 5508 ante
3258 5452 3354 5531 τοῦ
3387 5448 3557 5531 ἱεροῦ,
3587 5463 3715 5531 quae

2067 5532 2127 5585 in
2148 5525 2324 5586 editis
2348 5525 2612 5595 habetur,
2639 5542 2966 5599 expungere
2986 5525 3179 5582 visum
3203 5528 3327 5578 est:
3358 5526 3564 5593 estque
3587 5525 3718 5592 ipsa

2068 5603 2127 5657 in
2164 5602 2338 5675 Regio
2361 5599 2786 5675 codice_dele_t_a_.

2144 5665 2333 5744 (72)“0
2365 5675 2528 5730 deest
2556 5672 2614 5726 in
2645 5669 2838 5730 editis.
2872 5669 2931 5723 in
2962 5668 3100 5738 Reg.
3132 5665 3381 5722 habetur
