4148 6374
401 349 521 411 619

942 350 1009 414 S.
1055 350 1486 414 ATHANASII
1530 351 1703 414 OPP.
1756 351 1952 413 PARS
1996 350 2046 412 Ι.
2078 381 2158 396 -—
2186 350 2610 415 HISTORICA
2651 352 2755 415 ET
2797 351 3279 416 DOGMATIGA.

3704 352 3831 417 620

412 501 564 553 mus,
592 485 692 558 qui
720 501 853 542 cum
875 486 1002 558 jam
1034 485 1156 541 illic
1204 485 1487 559 populum
1536 486 1884 559 coegissent,
1917 502 2053 541 con-

2184 484 2580 560 ηὐχαρίστησαν
2656 490 2735 558 τῷ
2811 484 3013 562 Κυρίῳ,
3077 484 3317 562 ἐγκαίνια
3391 482 3825 551 ἐπιτελεσαντες.

406 580 703 631 summato
734 580 932 631 tamen
965 592 1158 647 opere,
1182 577 1403 647 gratias
1434 576 1680 631 Domino
1712 580 2058 647 egerunt,ac

404 665 830 721 dedicationem
864 665 1252 721 celebrarunt.
1275 667 1334 720 Id
1358 670 1413 720 te
1446 682 1678 738 quoque
1709 666 1897 720 facere
1928 682 2061 720 con-

403 755 833 827 venit,paratus
872 745 1028 811 enim
1074 754 1259 825 locus,
1308 756 1749 827 przemissisque
1781 755 2058 810 orationi-

409 845 522 901 bus
554 845 845 916 expiatus,
875 848 987 899 tua:
1019 844 1251 915 pietatis
1285 845 1654 916 praisentiam
1678 844 1975 917 postulat:
2001 843 2060 899 id

406 933 566 990 enim
599 932 696 988 illa
726 933 798 989 ad
831 932 1151 1006 perfectum
1185 939 1457 990 ornatum
1490 935 1672 990 deest.
1694 935 1812 989 Hoc
1836 934 2059 989 utinam

406 1022 662 1095 expleas,
696 1039 762 1078 ac
785 1028 919 1078 vota
946 1027 1049 1078 tua
1094 1023 1342 1080 Domino
1388 1024 1621 1092 reddas,
1658 1023 1751 1079 cui
1783 1024 1933 1079 hanc
1965 1024 2061 1078 do-

407 1128 574 1168 mum
604 1111 904 1168 excitastil
938 1112 1060 1168 haec
1089 1114 1306 1185 quippe
1336 1114 1599 1169 omnium
1632 1118 1764 1169 vota
1795 1117 1953 1168 sunt.

478 1204 567 1259 19.
599 1202 839 1261 Verum.
870 1219 1068 1275 quaeso
1099 1206 1178 1268 te,
1212 1203 1387 1259 aliam
1410 1202 1815 1275 disquiramus
1848 1201 2065 1257 calum~

410 1291 593 1360 niam,
626 1293 756 1364 ejus
787 1309 1021 1364 quoque
1053 1292 1467 1365 propulsandae
1490 1295 1718 1348 veniam
1744 1291 2060 1346 concedite.

412 1382 556 1437 Ausi
595 1385 734 1437 sunt
759 1381 913 1437 enim
976 1399 1069 1437 me
1128 1381 1496 1450 calumniari,
1558 1380 1729 1454 quasi
1768 1379 2065 1437 mandatis

416 1471 559 1536 tuis,
590 1470 807 1544 quibus
829 1472 1069 1543 jussum
1102 1471 1269 1526 aiunt
1308 1476 1372 1526 ut
1417 1471 1659 1527 ecclesia
1707 1471 2063 1535 excederem,

414 1578 533 1617 non
564 1562 1040 1633 obtemperarim.
1069 1562 1355 1632 Equidem
1388 1578 1501 1617 non
1536 1578 1779 1633 possum
1813 1577 1928 1615 non
1962 1559 2068 1615 mi-

415 1649 533 1705 rari
562 1666 662 1707 eos
693 1650 937 1705 minime
967 1651 1272 1723 defatigari
1294 1652 1355 1706 in
1378 1651 1780 1723 conﬁngendis
1805 1650 2059 1705 crimini-

412 1740 526 1796 bus
544 1756 557 1794 :
574 1755 681 1796 nec
699 1739 783 1796 sic
804 1744 999 1796 tamen
1021 1757 1124 1813 ego
1147 1741 1587 1808 deterreor,imo
1610 1740 1807 1812 potius
1822 1740 1986 1795 laetor
2005 1740 2064 1794 in

2167 579 2336 628 Τοῦτο
2368 576 2456 629 καὶ
2488 576 2545 630 σε
2579 580 2753 630 ποιεῖν
2804 575 3021 652 πρέπει,
3055 574 3491 655 φιλομαθέστατε
3555 574 3784 652 βασιλεῦ
3811 597 3824 611 ·

2167 660 2389 737 ἕτοιμος
2418 666 2519 742 γὰρ
2552 666 2579 719 ὁ
2609 665 2775 727 τόπος
2805 666 3182 741 προαγνισθεὶς
3229 671 3349 727 ταῖς
3396 668 3831 742 προγενομέναις

2172 752 2378 829 εὐχαῖς,
2418 759 2593 823 ζητῶν
2628 754 2926 831 παρουσίαν
2983 758 3080 823 τῆς
3139 757 3238 823 σῆς
3299 749 3607 817 εὐσεϐείας·
3664 759 3831 810 τοῦτο

2170 844 2274 919 γὰρ
2307 843 2453 916 αὐτῷ
2484 842 2659 899 λείπει
2692 844 2827 921 πρὸς
2857 844 2947 899 τὸν
2992 841 3202 900 τέλειον
3251 844 3477 918 κόσμον.
3507 848 3677 899 Τοῦτο
3732 844 3828 917 μὲν

2173 931 2264 987 οὖν
2297 932 2670 1009 πληρώσειας,
2700 935 2791 989 καὶ
2820 936 2918 1003 τὴν
2954 935 3122 1011 εὐχὴν
3156 932 3428 1007 ἀποδοίης
3482 939 3562 1007 τῷ
3622 934 3828 1011 Κυρίῳ,

2172 1023 2218 1095 ᾧ
2248 1023 2452 1077 καὶτὸν
2478 1024 2624 1079 οἶκον
2667 1025 2971 1096 πεποίηκας
2998 1044 3011 1057 ·
3064 1028 3225 1080 τοῦτο
3273 1025 3376 1101 γὰρ
3424 1025 3642 1080 πάντων
3690 1023 3833 1079 ἐστὶν

2174 1111 2336 1187 εὐχή.

2245 1205 2331 1260 19.
2367 1202 2465 1264 Δὸς
2504 1200 2595 1272 δὴ,
2644 1203 2733 1257 καὶ
2791 1204 2889 1272 τὴν
2938 1201 3116 1274 ἄλλην
3166 1201 3368 1277 ἴδωμεν
3417 1198 3707 1276 διαϐολὴν,
3737 1202 3825 1258 καὶ

2174 1292 2539 1367 συγχώρησον
2588 1290 3035 1369 ἀπολογήσασθαι
3082 1294 3172 1349 καὶ
3222 1294 3348 1369 περὶ
3392 1293 3582 1363 αὐτῆς.
3633 1290 3828 1347 Τετολ-

2179 1382 2384 1452 μήκασι
2440 1383 2541 1458 γὰρ
2591 1382 2681 1437 καὶ
2736 1387 2898 1437 τοῦτο
2952 1380 3295 1459 διαβάλλειν,
3347 1383 3422 1445 ὡς
3483 1383 3832 1447 ἀντιστάντος

2176 1469 2311 1543 ἐμοῦ
2341 1476 2455 1532 τοῖς
2504 1477 2620 1534 σοῖς
2669 1474 3102 1547 προστάγμασιν,
3137 1472 3276 1528 ὥστε
3329 1474 3404 1545 μή
3455 1469 3685 1543 ἐξελθεῖν
3729 1474 3831 1542 τὴν

2177 1557 2489 1631 ἐκκλησίαν.
2562 1561 2831 1623 Ἐκείνους
2909 1564 3003 1635 μὲν
3082 1560 3173 1617 οὖν
3247 1562 3507 1635 θαυμάζω
3570 1563 3646 1636 μὴ
3700 1562 3836 1617 ἀπο-

2174 1651 2481 1723 κάμνοντας
2512 1657 2630 1713 ταῖς
2661 1653 3080 1729 συκοφαντίαις·
3136 1650 3241 1728 ἐγὼ
3283 1649 3341 1706 δὲ
3371 1650 3527 1726 ὅμως
3578 1648 3705 1706 οὐδὲ
3735 1649 3831 1705 οὕ-

2174 1760 2282 1801 τως
2335 1740 2654 1814 ἀποκάμνω,
2713 1742 2895 1818 χαίρω
2956 1740 3012 1797 δὲ
3072 1739 3286 1815 μᾶλλον
3355 1738 3832 1817 ἀπολογούμενος.

410 1845 480 1885 ea
508 1828 856 1901 depellenda
909 1829 1351 1886 criminatione:
1415 1834 1634 1901 quanto
1679 1830 1832 1885 enim
1868 1829 2066 1902 plures

2184 1833 2321 1901 Ὀσῳ
2351 1830 2451 1906 γὰρ
2483 1830 2780 1907 ἀπολογίαι
2812 1830 3039 1903 πολλαὶ,
3071 1832 3315 1906 τοσούτῳ
3342 1830 3432 1887 καὶ
3478 1830 3645 1887 πλέον
3698 1829 3837 1885 ἐκεῖ·

411 1918 581 1974 edam
604 1918 926 1991 apologias,
986 1922 1144 1976 tanto
1202 1919 1434 1976 facilius
1491 1936 1694 1975 eorum
1728 1918 2065 1992 malignitas

414 2006 773 2079 deprehendi
821 2009 1208 2080 damnarique
1256 2009 1486 2081 poterit.
1536 2010 1916 2081 Nequaquam
1961 2010 2064 2065 ob-

413 2095 540 2152 stiti
570 2096 804 2168 pietatis
836 2102 947 2153 tuae
970 2099 1268 2167 mandato,
1301 2098 1486 2153 absit!
1523 2115 1638 2154 non
1669 2099 1818 2153 tanti
1849 2099 2065 2171 quippe

411 2202 547 2243 sum
580 2202 685 2259 ego
718 2191 783 2243 ut
811 2187 1095 2244 obsistam
1153 2188 1241 2243 vel
1301 2189 1576 2260 quaestori
1622 2188 1813 2259 Urbis,
1847 2189 2063 2244 nedum

409 2281 572 2331 tanto
604 2275 965 2348 imperatori.
999 2278 1199 2349 Neque
1230 2294 1378 2348 opus
1425 2282 1496 2332 ut
1539 2277 1649 2333 hac
1685 2279 1756 2333 de
1789 2294 1849 2333 re
1880 2277 2067 2333 multa

404 2366 582 2421 verba
610 2367 844 2433 faciam,
878 2366 1047 2423 testis
1103 2366 1320 2438 quippe
1371 2367 1516 2421 mihi
1566 2371 1657 2423 est
1682 2371 1806 2423 tota
1836 2366 2063 2422 civitas.

403 2455 668 2512 Concede
696 2459 898 2512 tamen
928 2460 993 2512 ut
1022 2457 1095 2511 ab
1125 2456 1295 2512 initio
1326 2473 1450 2512 rem
1483 2456 1567 2511 uti
1600 2461 1765 2528 gesta
1788 2463 1876 2512 est
1907 2474 2068 2512 enar-

406 2561 571 2601 rem:
606 2562 744 2601 nam
773 2549 851 2611 te,
886 2545 934 2600 si
962 2545 1242 2616 audieris,
1277 2545 1634 2601 miraturum
1667 2545 1921 2603 arbitror
1954 2545 2066 2600 ini-

411 2635 699 2691 micorum
730 2651 996 2691 meorum
1036 2634 1449 2690 temeritatem.
1492 2637 1804 2690 Montanus
1854 2634 2065 2690 Palati-

407 2741 521 2781 nus
549 2723 854 2795 epistolam
887 2725 959 2780 ad
995 2741 1087 2780 me
1119 2724 1345 2794 detulit,
1371 2724 1540 2795 quasi
1563 2740 1668 2796 ego
1700 2741 1733 2780 a
1765 2730 1819 2780 te
1850 2725 2067 2796 scripto

403 2813 799 2887 postulassem
833 2817 898 2869 ut
926 2813 1249 2883 in,Italiam
1290 2814 1435 2868 mihi
1481 2814 1797 2869 concedere
1827 2811 2064 2881 liceret;

402 2910 470 2961 ut
499 2921 626 2977 qua:
660 2904 832 2959 rebar
860 2902 1278 2959 ecclesiasticis
1330 2903 1505 2958 rebus
1556 2904 1803 2959 deiicere
1834 2903 2067 2959 instau-

403 2995 519 3050 rari
552 2998 810 3066 possent.
845 2994 915 3048 Et
944 3009 1085 3049 sane
1116 2992 1336 3065 gratias
1367 3009 1475 3064 ago
1508 2993 1708 3064 pietati
1742 2997 1875 3059 tuae,
1910 2993 2066 3063 quod

410 3084 616 3139 litteris
647 3099 796 3154 quas
822 3100 855 3137 a
877 3099 969 3138 me
999 3083 1287 3154 profectas
1319 3082 1636 3138 arbitratus
1659 3099 1721 3137 es
1751 3081 2064 3154 perhuma-

405 3174 558 3230 niter
589 3172 891 3239 annueris,
924 3189 1246 3244 curamque
1275 3172 1530 3243 gesseris
1561 3176 1626 3228 ut
1659 3171 1964 3227 commode
1995 3186 2061 3225 ac

2173 1941 2259 1973 νοι
2327 1916 2579 1974 δύνανται
2650 1924 2761 1995 (74)
2819 1922 3333 1997 καταγινώσκεσθαι.
3395 1921 3507 1976 Οὐκ
3571 1918 3833 1991 ἀντέστην

2172 2008 2553 2085 προστάγματι
2580 2013 2679 2080 τῆς
2711 2013 2808 2079 σῆς
2860 2006 3154 2082 εὐσεϐείας,
3193 2012 3268 2084 μὴ
3317 2011 3570 2087 γὲνοιτοί
3622 2009 3685 2064 οὐ
3727 2009 3833 2085 γὰρ

2171 2099 2501 2169 τηλικοῦτος
2541 2097 2717 2173 ἤμην,
2746 2099 2837 2155 ’ίνα
2884 2101 2972 2155 καὶ
3024 2098 3252 2177 λογιστῇ
3302 2098 3519 2162 πόλεως
3579 2098 3836 2167 ἀντιστῶ,

2178 2191 2376 2265 μήτιγε
2404 2187 2720 2262 τηλικούτῳ
2773 2190 3007 2266 βασιλεῖ,
3043 2191 3158 2264 (75)
3181 2189 3272 2244 καὶ
3329 2190 3454 2265 περὶ
3504 2188 3702 2244 τούτου
3746 2208 3840 2242 το-

2177 2278 2382 2333 σούτων
2417 2278 2687 2334 πλείστων
2722 2282 2848 2355 παρ’
2879 2280 3014 2353 ἐμοῦ
3046 2279 3226 2355 λόγων
3248 2302 3260 2315 ·
3310 2285 3455 2334 πᾶσα
3499 2278 3601 2355 γὰρ
3650 2281 3685 2347 ἡ
3730 2275 3838 2332 πό·-

2177 2367 2263 2430 λις
2298 2390 2389 2442 μοι
2426 2375 2707 2446 μαρτυρεῖ.
2741 2371 3114 2447 Συγχώρησον
3148 2368 3205 2425 δὲ
3235 2369 3388 2443 ὅμως
3416 2368 3505 2425 καὶ
3532 2373 3695 2424 τοῦτο
3739 2367 3844 2423 πά-

2177 2456 2263 2513 λιν
2299 2457 2349 2528 ἐξ
2377 2458 2554 2534 ἀρχῆς
2589 2456 2954 2535 διηγήσασθαι
2980 2459 3044 2515 τὸ
3076 2466 3334 2536 πρᾶγμα·
3383 2457 3474 2513 καὶ
3522 2459 3623 2534 γὰρ
3677 2458 3842 2514 ἀκού-

2176 2568 2288 2617 σας,
2351 2549 2667 2621 θαυμάσεις,
2701 2546 2757 2603 εὖ
2808 2546 2909 2603 οἷδ’
2958 2546 3062 2621 ὅτι,
3093 2554 3200 2604 τῶν
3255 2547 3465 2625 ἐχθρῶν
3514 2549 3615 2616 τήν
3676 2547 3840 2625 εὐχέ-

2179 2656 2343 2711 ρειαν.
2401 2635 2679 2699 Μοντάνος
2710 2637 2737 2691 ὁ
2779 2636 3078 2699 Παλατινὸς
3134 2637 3275 2708 ἦλθε
3327 2637 3570 2710 κομίζων
3621 2637 3838 2694 ἐπιστο-

2180 2724 2305 2798 λὴν,
2340 2724 2413 2787 ὡς
2448 2724 2582 2798 ἐμοῦ
2612 2724 2942 2801 γράψαντος,
2971 2725 3063 2781 ’ἕνα
3113 2727 3188 2789 εἰς
3234 2728 3334 2797 τὴν
3370 2725 3597 2783 Ἰταλίαν
3650 2724 3796 2791 ἔλθω
3825 2746 3843 2765 θ

2176 2813 2265 2868 καὶ
2325 2813 2358 2867 ἃ
2409 2814 2620 2887 νομίζω
2680 2813 2884 2870 λείπειν
2944 2820 3061 2878 τοῖς
3120 2815 3618 2889 ἐκκλησίαστικοῖς,
3671 2822 3841 2873 ταῦτα

2177 2902 2543 2979 πληρωθῆναι
2576 2901 2801 2978 δυνηθῇ.
2834 2908 2911 2979 Τῇ
2949 2905 3045 2979 μὶν
3095 2903 3185 2960 οὖν
3239 2908 3306 2978 σῇ
3356 2900 3596 2977 εὐσεϐείᾳ
3650 2905 3833 2982 χάρις,

2178 2991 2262 3047 ὅτι
2320 2993 2673 3065 κατηξίωσεν,
2702 2994 2776 3056 ὡς
2837 2993 2972 3067 ἐμοῦ
3029 2994 3354 3071 γράψαντος,
3397 2993 3669 3051 ἐπίνεῦσαι
3698 2998 3831 3071 (76),

2176 3081 2264 3136 καὶ
2295 3085 2395 3151 τῆς
2425 3080 2554 3137 ὁδοῦ
2588 3081 2843 3158 πρόνοιαν
2873 3084 3170 3156 πεποίηκεν
3206 3085 3338 3163 ὑπὲρ
3367 3088 3466 3139 τοῦ
3512 3084 3712 3156 ταύτην
3740 3083 3826 3138 ἐλ-

2184 3177 2316 3245 θεῖν,
2347 3172 2438 3227 καὶ
2470 3173 2675 3246 ἀκμητὶ
2710 3170 2953 3229 διανῦσαί
3006 3196 3109 3249 με·
3164 3174 3293 3238 τοὺς
3353 3171 3412 3229 δὲ
3467 3174 3828 3249 ψευσαμένους

407 3263 533 3319 sine
562 3262 762 3319 labore
790 3263 901 3318 iter
930 3261 1322 3327 instituerem,
1357 3262 1427 3316 ad
1471 3266 1646 3333 teque
1677 3260 2058 3333 pervenirem.

2184 3263 2270 3325 τὰς
2306 3264 2399 3325 σὰς
2438 3263 2604 3326 ἀκοὰς
2651 3263 2964 3337 τεθαύμακα
3003 3238 3169 3321 πάλιν
3228 3265 3305 3337 μὴ
3366 3238 3721 3343 φοϐηθέντάς,
3755 3261 3836 3318 δτι

405 3357 484 3409 At
540 3357 695 3408 certe
745 3353 928 3407 miror
978 3367 1238 3418 rursum,
1274 3351 1429 3423 quod
1480 3350 1566 3406 vel
1618 3351 1691 3405 ad
1726 3366 1897 3405 aures
1928 3354 2064 3405 tuas

407 3442 645 3499 mentiri
675 3440 821 3497 nihil
854 3441 973 3497 sint
1016 3440 1201 3509 veriti,
1253 3457 1390 3495 cum
1444 3443 1641 3496 tamen
1687 3440 2064 3495 mendacium

410 3531 641 3589 diabolo
692 3531 770 3588 sit
816 3530 1142 3603 proprium,
1196 3530 1625 3602 mendacesque
1674 3530 1745 3585 ab
1786 3545 1853 3584 eo
1892 3527 2069 3584 alieni

416 3622 539 3679 sint
568 3621 669 3693 qui
702 3622 818 3677 ait:
853 3622 961 3692 Ego
989 3637 1115 3676 sum
1150 3622 1353 3675 veritas
1374 3619 1438 3674 8‘.
1486 3619 1614 3676 Non
1644 3618 1802 3675 enim
1836 3619 2068 3690 scripsi,

414 3728 522 3768 nec
552 3711 889 3768 istiusmodi
920 3708 1230 3783 epistolam
1282 3714 1589 3764 accusator
1633 3725 1895 3780 unquam
1937 3725 2069 3779 pro-

417 3802 569 3858 ferre
599 3801 829 3873 poterit.
860 3802 940 3854 Ac
967 3799 1080 3855 etsi
1111 3816 1218 3870 par
1267 3797 1412 3852 mihi
1462 3798 1668 3853 fuisset
1715 3796 1922 3853 litteris
1955 3814 1989 3852 a
2016 3802 2072 3852 te

415 3890 677 3963 quotidie
709 3888 1032 3962 postulare,
1063 3892 1129 3941 ut
1147 3886 1469 3956 benignum
1498 3884 1726 3939 vultum
1749 3889 1919 3940 tuum
1943 3901 2075 3941 con-

414 3980 637 4054 spicere
668 3979 905 4043 liceret;
952 3979 1109 4032 244
1149 3978 1555 4028 verumtamen
1608 3989 1714 4028 nec
1746 3975 1832 4029 fas
1862 3980 1952 4029 est
1981 3991 2073 4031 ec-

417 4068 628 4125 clesias
654 4068 940 4127 deserere,
975 4078 1080 4117 nec
1130 4076 1224 4116 me
1266 4059 1462 4114 decuit
1509 4060 1713 4132 pietati
1744 4066 1857 4115 tua:
1891 4062 2071 4117 mole-

417 4162 576 4214 stum
607 4170 757 4221 esse,
791 4168 927 4208 cum
958 4148 1358 4223 potissimum,
1393 4148 1564 4205 nobis
1604 4150 1780 4205 etiam
1812 4150 2073 4206 absenti-

2175 3350 2238 3405 τὸ
2269 3348 2466 3423 ψεῦδος
2500 3347 2635 3406 ἴδιόν
2670 3351 2782 3407 ἐστι
2813 3357 2911 3406 τοῦ
2943 3348 3228 3424 διαϐόλου,
3261 3352 3351 3407 καὶ
3402 3353 3455 3406 οἱ
3512 3349 3841 3424 ψευδόμενοι

2178 3438 2722 3516 ἀλλότριοίεῖσιτοῦ
2755 3441 3048 3518 λέγοντος·
3112 3441 3252 3516 Ἐγώ
3311 3438 3425 3511 εἲμι
3483 3442 3519 3507 ἡ
3580 3439 3836 3508 ἀλήθεια.

2179 3529 2253 3584 Οὐ
2312 3531 2416 3605 γὰρ
2477 3524 2710 3606 ἔγραψα,
2744 3527 2869 3585 οὐδὲ
2921 3529 3181 3599 τοιαύτην
3238 3523 3535 3593 ἐπιστολὴν
3596 3526 3767 3598 εὑρεῖν
3812 3527 3841 3579 ὁ

2180 3621 2492 3694 κατήγορος
2551 3617 2855 3690 δυνήσεται.
2889 3617 2955 3672 Εἰ
2994 3616 3085 3671 καὶ
3145 3614 3252 3671 ἔδει
3314 3636 3380 3687 με
3436 3612 3657 3689 γράφειν
3716 3613 3842 3665 καθ-

2182 3708 2414 3784 ημὲραν,
2445 3706 2534 3762 τίνα
2586 3708 2685 3776 τήν
2748 3708 2954 3780 ἀγαθήν
3012 3726 3107 3759 σου
3159 3702 3427 3779 πρόσοψιν
3608 3701 3798 3773 θεωρῶ
3823 3720 3836 3733 ο

2182 3795 2308 3852 ἀλλ’
2347 3795 2470 3851 οὕτε
2516 3796 2611 3857 τὰς
2657 3794 2982 3864 Ἐκκλησίας
3030 3792 3458 3865 καταλιμπάνειν
3511 3788 3680 3861 ὅσιον,
3714 3785 3841 3843 οὐδὲ

2184 3883 2252 3940 δι’
2281 3880 2459 3960 ὄχλου
2487 3887 2557 3957 τῇ
2593 3887 2658 3957 σῇ
2692 3877 2935 3953 εὐσεϐείᾳ
2963 3881 3199 3958 γίνεσθαι
3234 3879 3440 3936 δίκαιον
3467 3880 3534 3950 ἦν
3554 3901 3566 3914 ·
3603 3876 3841 3951 μάλιστα

2183 3971 2265 4026 ὅτι
2314 3972 2405 4025 καὶ
2453 3969 2702 4025 ἀπόντων
2760 3973 2923 4042 ἡμῶν
2981 3969 3241 4032 ἐπινεύεις
3284 3974 3402 4031 ταῖς
3456 3965 3841 4037 ἐκκλησιαστι-

2183 4066 2301 4121 καῖς
2350 4059 2651 4131 ἀξιώσεσιν.
2684 4060 2750 4113 Ἃ
2804 4059 2896 4132 μὲν
2947 4056 3038 4113 οὖν
3071 4062 3183 4133 (78)
3235 4057 3482 4114 ἐκέλευσε
3538 4052 3839 4129 Μοντάνος,

2184 4147 2440 4203 κέλευσον
2474 4147 2769 4221 ἀναγνῶναί
2805 4167 2899 4221 με’
2933 4144 3047 4203 ἐστι
3076 4149 3180 4224 γὰρ
3210 4152 3447 4205 ταῦτα...

424 4246 559 4314 bus,
587 4243 776 4300 soleas
807 4238 1221 4297 ecclesiasticis
1269 4238 1650 4312 petitionibus
1692 4255 1970 4295 annuere.
2002 4241 2074 4295 At
2111 4255 2241 4312 quae
2289 4238 2603 4294 Montanus
2641 4238 2845 4311 jussit,
2880 4255 2973 4295 me
3022 4238 3266 4295 recitare
3289 4238 3515 4310 jubeto,
3550 4253 3688 4293 nam
3720 4235 3847 4292 haec

418 4333 550 4407 ipsa
569 4337 779 4390 sunt...

492 4426 584 4480 20.
617 4422 727 4480 Sed
754 4420 1054 4477 undenam
1086 4418 1377 4489 ejusmodi
1413 4418 1720 4491 epistolam
1754 4415 1910 4473 nacti
1941 4419 2081 4471 sunt
2110 4420 2157 4485 1)

426 4515 844 4572 obtrectatores
876 4509 1038 4566 mei?
1066 4509 1248 4565 Nosse
1273 4507 1445 4564 velim
1478 4509 1754 4580 quisnam
1776 4507 1923 4580 ipsis
1949 4523 2078 4563 earn

424 4601 689 4659 tradidit.
720 4601 893 4670 Jube,
924 4615 1143 4671 quaeso,
1177 4602 1244 4652 ut
1291 4598 1718 4669 respondeant:
1754 4597 1890 4653 hinc
1920 4597 2079 4652 enim

430 4692 656 4748 ediscee
678 4690 836 4761 ipsos
860 4687 1011 4744 hanc
1034 4690 1398 4742 commentos
1424 4703 1553 4741 esse
1575 4685 2043 4742 criminationem
2067 4710 2082 4753 ;

432 4777 934 4852 quemadmodum
994 4775 1155 4831 illam
1205 4792 1334 4847 qua:
1391 4779 1615 4847 spectat
1659 4776 2084 4831 exsecrandum

434 4869 832 4942 Magnentium
859 4865 1004 4922 falso
1030 4865 1636 4938 pervulgarunt.Quod
1657 4864 1705 4920 si
1729 4864 1790 4920 in
1812 4864 1922 4920 hoc
1945 4881 2085 4936 quo-

431 4975 544 5031 que
575 4955 950 5030 sycophantae
982 4954 1519 5026 deprehendantur,
1552 4953 1625 5009 ad
1673 4969 1853 5026 quam
1882 4953 1943 5009 in
1975 4969 2083 5026 po-

429 5053 654 5106 sterum
687 5062 795 5102 nos
824 5044 1165 5118 pertrahent
1221 5043 1622 5099 defensionem
1645 5041 1672 5097 ‘?
1724 5046 1845 5099 Hoc
1874 5048 2088 5100 curant

502 5164 549 5200 ⁸⁵
576 5167 746 5221 Joan.
780 5178 898 5231 11v,
931 5161 987 5215 6.

509 5299 623 5373 (74)
653 5297 743 5373 Sic
776 5297 1007 5373 Beg._et
1026 5292 1211 5373 ABasil.
1243 5292 1398 5350 Editi
1425 5308 1579 5358 vero,
1611 5288 1893 5350 δύνωνται.

506 5367 622 5442 (75)
654 5370 847 5425 Lectio
869 5367 1096 5442 vitiata.

514 5432 627 5512 (76)
656 5442 751 5497 Sic
781 5442 917 5512 Reg.
950 5438 1102 5495 Editi
1134 5440 1326 5512 autern
1352 5432 1677 5512 ἐπιστεῖὲται.

516 5507 632 5581 (77)
665 5514 759 5567 Sic
790 5507 932 5583 Reg.
987 5516 1041 5565 et
1099 5510 1236 5564 edit.
1277 5508 1512 5583 _Comm.
1546 5507 1693 5562 Edit.
1738 5523 1875 5563 vero
1905 5509 2086 5564 Paris.

442 5588 501 5638 ct
528 5578 750 5649 Colom,
784 5578 1446 5654 ῐηθῖιάοξθιπροσόψονη
1651 5649 1691 5654 _
1742 5649 1751 5654 _
1855 5649 1868 5654 _
1979 5613 1982 5617 η

518 5656 628 5718 (78)
659 5656 751 5709 Sic
782 5656 945 5727 Reg,
977 5649 1077 5727 οὐν
1098 5649 1369 5727 ίῙιἈειΙὶῐίε
1417 5652 1599 5727 deest.
1651 5649 1920 5727 Epistola_
1956 5669 2090 5710 vero

447 5725 705 5782 Montani
738 5727 810 5780 de
839 5722 957 5795 q'ua
1003 5724 1117 5795 hic,
1166 5724 1312 5781 forte
1360 5722 1592 5789 excidit,
1635 5722 1727 5779 vel
1769 5724 1924 5795 quod
1954 5740 2088 5782 vero

2260 4416 2349 4471 20.
2384 4413 2551 4478 Πόθεν
2587 4411 2644 4470 δὲ
2673 4415 2777 4489 ἀρά
2813 4415 2902 4469 καὶ
2949 4414 3151 4486 ταύτην
3200 4416 3300 4483 τήν
3346 4411 3640 4482 ἐπιστολὴν
3688 4412 3846 4489 εὗρον

2192 4503 2245 4559 οἱ
2271 4503 2683 4577 κατειρηκότες;
2717 4498 3030 4577 ἐϐουλόμην
3089 4505 3216 4579 παρ’
3257 4502 3431 4557 αὐτῶν
3490 4502 3737 4573 ἀκοῦσαι,
3763 4500 3850 4564 τίς

2192 4592 2377 4655 αὐτοῖς
2426 4593 2516 4648 καὶ
2564 4593 2764 4664 ταύτην
2817 4589 3133 4651 ἐπιδέδωκε.
3186 4592 3424 4663 Ποίησον
3473 4590 3669 4653 αὐτοὺς
3717 4591 3853 4646 ἀπο-

2191 4681 2494 4759 κρίνασθαὶ.
2539 4684 2754 4757 Δυνήσῃ
2811 4682 2912 4758 γὰρ
2972 4682 3031 4737 ἐκ
3085 4682 3282 4737 τούτου
3343 4682 3553 4755 μαθεῖν,
3612 4679 3695 4735 ὅτι
3756 4679 3849 4735 καὶ

2192 4771 2392 4841 ταύτην
2427 4769 2683 4844 ἔπλασαν,
2712 4771 2891 4848 ὥσπερ
2932 4770 3187 4842 κάκείνην
3234 4770 3537 4847 ἐθρύλησαν
3580 4769 3703 4845 περὶ
3747 4772 3851 4823 τοῦ

2196 4859 2519 4933 δυσωνύμου
2570 4861 2922 4938 Μαγνεντῖου.
2978 4861 3452 4937 Καταγνωσθέντες
3514 4856 3572 4914 δὲ
3614 4857 3708 4914 καὶ
3753 4878 3851 4913 πει

2199 4952 2250 5026 ρὶ
2280 4950 2496 5023 τῖούτσς,
2530 4951 2606 5014 εἷς
2639 4951 2796 5006 ποίαν
2837 4953 2940 5026 ἀρα
2991 4951 3125 5024 μετά
3169 4954 3338 5004 ταῦτα
3382 4947 3549 5003 πάλιν
3593 4944 3847 5004 ἕλκουσιν

2196 5043 2347 5115 ἡμᾶς
2378 5039 2720 5117 ἀπολογίαν;
2769 5044 2938 5094 Τοῦτο
2988 5039 3089 5117 γὰρ
3137 5036 3563 5113 μεμελετήκασι,
3590 5036 3681 5092 καὶ
3725 5036 3855 5093 ταύ-

2199 5295 2456 5352 similius
2486 5297 2575 5351 est
2625 5294 2698 5350 ab
2757 5292 3077 5349 Athanasio
3137 5304 3443 5362 nunquam
3474 5288 3592 5345 huc
3622 5286 3851 5362 adjecta

2200 5369 2341 5437 fuit;
2364 5384 2499 5422 nam
2524 5382 2656 5422 cum
2679 5382 2877 5421 coram
2900 5361 3858 5437 Constantiosuipurgandicausa

2200 5430 2357 5495 esset
2385 5443 2681 5505 oraturus,
2716 5438 2908 5509 potuit
2933 5436 3113 5509 hujus
3162 5430 3420 5506 epistolis
3453 5430 3752 5509 ciemplar
3780 5430 3857 5486 ab

2198 5512 2471 5585 Apologia
2504 5503 2837 5585 sejunctum
2871 5503 3114 5575 deferre,
3139 5503 3211 5585 ut
3232 5504 3568 5585 Constantio
3599 5503 3861 5585 perlege-

2201 5574 2308 5639 rét.
2370 5574 2533 5638 Alias
2562 5574 2731 5653 'quid
2791 5597 2980 5636 causae
3037 5574 3192 5635 esSet
3243 5577 3396 5649 quod
3452 5574 3675 5633 omissa
3708 5574 3858 5632 fuis-

2201 5658 2290 5711 set
2309 5655 2336 5708 ‘?
