4132 6408
387 451 503 512 623

934 447 1000 509 S.
1045 446 1473 509 ATHANASII
1516 446 1691 509 OPP.
1738 442 1942 506 PARS
1987 438 2039 501 Ι.
2078 470 2158 484 -
2189 437 2611 505 HISTORICA
2658 438 2760 503 ET
2803 439 3287 504 DOGMATICA.

3705 439 3828 505 ϐυ

387 583 449 640 in
482 587 758 641 mutuum
788 581 1057 639 venimus
1087 583 1237 640 345
1281 586 1692 653 conspectum;
1736 596 1842 636 nec
1873 577 2043 650 quid-

2178 571 2284 627 ιῦτε
2315 572 2389 634 ὡς
2440 572 2783 649 προστάξεως
2830 569 2997 645 οὔσης
3040 570 3338 629 ἐνετείλατό
3391 592 3505 647 μοι·
3540 572 3688 631 ἀλλὰ
3733 573 3825 633 καὶ

388 673 547 747 piam
581 678 699 729 ate
739 674 978 743 jussum
1031 672 1173 727 mihi
1208 670 1303 727 ille
1335 670 1704 744 signiﬁcavit.
1741 674 1865 724 Imo
1915 685 2047 724 cum

391 764 675 836 Syrianus
706 763 825 818 dux
857 761 1142 817 exercitus
1166 761 1577 816 Alexandriam
1604 762 1906 833 ingressus
1938 763 2047 825 est,

392 852 623 910 Arianis
655 869 920 908 rumores
942 852 1229 925 quosdam
1254 851 1689 923 spargentibus,
1715 867 1781 905 ac
1803 866 1864 905 se
1896 849 2050 904 arbi-

394 947 551 1000 tratu
583 960 689 999 suo
738 947 976 999 acturos
1024 941 1543 1008 denuntiantibus;
1594 940 1939 996 sciscitabar
1985 956 2053 994 ex

396 1048 464 1090 eo
495 1049 639 1088 num
669 1050 768 1088 eas
798 1050 947 1104 quas
976 1030 1061 1086 illi
1084 1032 1440 1102 jactitabant
1487 1030 1714 1086 litteras
1764 1030 2004 1085 haberet
2035 1044 2049 1084 :

395 1122 582 1179 fateor
611 1122 828 1195 quippe
858 1138 952 1177 me
974 1121 1268 1194 jussionis
1298 1125 1410 1177 tua;
1444 1121 1669 1177 litteras
1700 1119 2049 1193 postulasse.

394 1212 542 1268 Cum
573 1216 771 1268 autem
802 1228 864 1267 se
895 1228 1011 1266 non
1063 1211 1280 1267 habere
1325 1209 1590 1278 dixisset,
1628 1210 1823 1281 rogavi
1874 1214 1937 1265 ut
1965 1209 2052 1265 vel

394 1302 540 1373 ipse,
566 1301 870 1374 Syrianus,
895 1300 983 1357 vel
1013 1300 1308 1356 Maximus
1346 1302 1653 1373 praefectus
1683 1300 1909 1373 Egypti
1943 1300 2053 1355 hoc

396 1390 540 1448 mihi
564 1392 805 1461 jussum
835 1390 1057 1463 scripto
1083 1391 1401 1445 traderent.
1429 1391 1543 1445 Hoc
1570 1394 1766 1455 autem
1800 1390 1926 1445 ideo
1957 1407 2056 1461 po-

398 1480 630 1550 stulavi,
665 1480 821 1552 quod
846 1484 949 1535 tua
991 1479 1135 1534 mihi
1169 1479 1510 1535 humanitas
1544 1479 1899 1551 scripsisset,
1929 1483 1993 1534 ut
2023 1496 2058 1535 a

399 1569 564 1628 nullo
603 1570 893 1637 turbarer,
927 1586 1119 1640 neque
1168 1568 1240 1625 iis
1289 1568 1392 1639 qui
1443 1585 1535 1624 me
1585 1573 1800 1625 terrere
1843 1568 2059 1624 vellent

402 1659 761 1718 attenderem
792 1676 804 1712 :
841 1659 941 1714 sed
973 1659 1033 1713 in
1066 1658 1328 1713 ecclesiis
1372 1658 1641 1730 degerem
1673 1657 1818 1713 citra
1866 1657 2054 1713 ullum

404 1753 629 1805 metum
661 1746 751 1805 vel
782 1746 1262 1803 sollicitudinem.
1296 1747 1402 1814 Qui
1447 1754 1641 1803 autem
1676 1763 1803 1802 eam
1836 1748 2056 1820 episto-

404 1838 524 1895 lam
554 1836 833 1907 detulere,
855 1842 996 1893 sunt
1016 1835 1316 1892 Palladius
1349 1836 1488 1892 olim
1521 1836 1720 1908 palatii
1755 1836 2054 1910 magister,

2162 661 2251 718 ὅτε
2283 664 2545 739 Συριανὸς
2577 666 2604 719 ὁ
2638 663 3018 740 στρατηλάτης
3051 662 3408 732 εἷ’σὴλθενκεῖς
3437 665 3540 735 τήν
3568 665 3825 738 Ἀλεξάν-

2164 750 2342 829 δρειαν
2378 798 2391 823 ,
2443 751 2631 823 ἐπειδὴ
2692 754 2838 827 παρὰ
2884 758 2993 809 τῶν
3053 754 3346 829 Ἀρειανῶν
3402 753 3681 832 ἐθρυλεῖτό
3739 778 3825 812 τι-

2160 863 2269 914 να,
2329 842 2417 897 καὶ
2481 844 2614 919 ἅπερ
2675 838 2999 915 ἐϐούλοντο,
3062 842 3475 919 ἐπηγγέλλοντο
3536 844 3775 920 γίνεσθαι
3811 892 3825 918 ,

2162 934 2395 1009 ἠρώτων
2425 932 2470 988 εἰ
2520 932 2820 1009 γράμματα
2867 928 2984 1008 ἔχει
3032 933 3157 1009 περὶ
3203 934 3277 988 ὧν
3330 932 3613 1009 θρυλοῦσι·
3653 934 3831 1012 γράμ-

2168 1043 2310 1095 ματα
2367 1024 2471 1098 γὰρ
2529 1022 2818 1095 ἀπῄτουν,
2882 1021 3145 1098 ὁμολογῶ
3179 1068 3192 1094 ,
3250 1029 3353 1092 τῆς
3431 1026 3778 1100 προστάξεως
3814 1067 3827 1079 .

2163 1109 2383 1181 Ἐπειδή
2437 1109 2494 1166 δὲ
2550 1114 2625 1185 μή
2693 1110 2838 1188 ἔχειν
2891 1109 3070 1189 ἔλεγεν
3104 1115 3238 1185 (84),
3290 1112 3475 1183 ἠξίουν
3522 1112 3619 1169 κᾶν
3671 1113 3831 1170 αὐτὸν

2166 1201 2448 1278 Συριανὸν,
2481 1202 2517 1270 ἢ
2548 1202 2640 1257 τὸν
2675 1196 2917 1279 ἔπαρχον
2947 1204 3044 1271 τῆς
3079 1202 3361 1277 Αἰγύπτου
3410 1203 3658 1277 Μάξιμον
3693 1206 3824 1279 γρά-

2162 1295 2258 1366 ψαι
2295 1313 2387 1365 μοι
2417 1291 2541 1366 περὶ
2572 1291 2789 1346 τούτου.
2823 1296 2993 1347 Τοῦτο
3044 1289 3102 1346 δὲ
3153 1291 3329 1355 οὕτως
3378 1292 3645 1367 ἀπῄτουν,
3688 1293 3826 1349 ἐπει-

2166 1379 2233 1451 δὴ
2284 1382 2533 1458 γάρψασά
2580 1402 2675 1455 μοι
2723 1382 2789 1451 ἦν
2835 1383 2870 1451 ἡ
2920 1383 2986 1452 cn)
3041 1380 3440 1460 φιλανθρωπία,
3494 1381 3637 1439 ὥστε
3683 1386 3832 1460 παρὰ

2169 1469 2402 1545 μηδενός
2440 1494 2507 1545 με
2534 1472 2905 1549 ταράττεσθαι,
2959 1469 3099 1544 μηδὲ
3150 1472 3438 1547 ἀνέχεσθαι
3486 1477 3595 1528 τῶν
3637 1471 3828 1529 θελόν-

2164 1582 2271 1615 των
2301 1563 2450 1633 ἡμᾶς
2481 1559 2840 1632 πτοεῖνβιλλὰ
2873 1561 3048 1635 μένειν
3083 1561 3133 1617 έν
3164 1567 3285 1625 ταῖς
3318 1561 3634 1634 ἐκκλησίαις
3695 1562 3832 1637 ἀμε-

2168 1649 2396 1727 ρίμνως.
2430 1652 2494 1703 Ol
2529 1651 2624 1724 μὲν
2653 1652 2744 1707 οὖν
2792 1650 3118 1725 κομίσαντες
3166 1653 3267 1721 τὴν
3316 1652 3572 1724 τοιαύτην
3618 1653 3834 1709 ἐπιστο-

2170 1739 2272 1810 λήν
2307 1740 2409 1795 εἶσι
2458 1739 2794 1813 Παλλάδιος,
2826 1743 2855 1797 ὁ
2888 1741 3183 1816 γενόμενος
3230 1746 3329 1797 τοῦ
3356 1740 3624 1799 παλατίου
3667 1745 3831 1820 μάγι-

2167 1850 2349 1906 στρος,
2382 1830 2471 1886 καὶ
2505 1830 2782 1906 ’Δστέριος
2815 1833 2843 1886 ὁ
2893 1831 3188 1907 γενόμενος
3237 1829 3365 1903 δοὺξ
3414 1829 3725 1910 ’Δρμενίας.
3758 1832 3831 1889 Τὸ

404 1932 463 1984 et
489 1926 752 1983 Asterius
773 1926 873 1998 qui
896 1925 1009 1981 fuit
1036 1926 1155 1981 dux
1187 1926 1494 1982 Armeniae.
1520 1926 1831 1999 Exemplar
1859 1931 2055 1984 autem

2178 1917 2225 1975 δὲ
2254 1920 2582 1999 ἀντίγραφον
2616 1928 2719 1991 τῆς
2759 1920 3057 1992 ἐπιπολῆς
3113 1922 3475 1999 συγχώρησον
3527 1923 3834 1997 ἀναγνῶναί

402 2014 661 2090 epistolas
690 2019 757 2070 ut
784 2013 1078 2088 perlegam
1112 2015 1381 2081 concede,
1416 2015 1501 2071 sic
1532 2015 1688 2072 enim
1721 2016 1902 2073 habet
1937 2034 1949 2073 :

471 2107 563 2162 23.
597 2105 906 2178 Exemplar
934 2105 1193 2179 epistolae
1226 2104 1382 2177 quod
1417 2104 1499 2160 sic
1529 2105 1706 2161 habet
1740 2122 1753 2161 :

610 2196 966 2251 Constantius
1002 2196 1182 2251 Victor
1210 2195 1486 2266 Augustus
1527 2196 1862 2252 Athanasio.

474 2284 721 2356 Optasse
746 2300 841 2340 me
871 2299 1106 2354 semper
1126 2287 1189 2339 ut
1210 2284 1410 2340 omnia
1442 2284 1633 2340 fausta
1654 2285 1929 2341 defuncto
1954 2285 2064 2341 fra-

402 2373 479 2430 tri
511 2389 641 2428 meo
662 2373 961 2429 Constanti
1002 2373 1355 2439 acciderent,
1384 2374 1705 2446 prudentiae
1741 2378 1853 2429 tua:
1884 2374 2064 2430 latere

407 2480 525 2520 non
556 2462 1035 2526 arbitror.Quem
1087 2479 1221 2518 cum
1272 2461 1860 2519 sceleratissimorum
1909 2463 2062 2520 viro-

408 2568 544 2610 rum
571 2551 706 2607 dolo
757 2551 1061 2607 sublatum
1092 2552 1514 2623 cognovissem,
1548 2570 1663 2625 quo
1704 2570 1950 2609 maerore
1979 2553 2063 2608 af-

410 2642 600 2698 fectus
656 2640 804 2709 sim,
864 2640 1034 2696 facile
1080 2646 1275 2698 vestra
1330 2643 1642 2715 prudentia
1689 2642 2062 2714 judicaverit.

410 2729 626 2787 Verum
656 2729 796 2802 quia
825 2729 935 2785 hoc
963 2735 1224 2803 tempore
1255 2731 1523 2787 nonnulli
1555 2737 1611 2788 te
1640 2735 1761 2787 tam
1797 2732 2065 2789 luctuoso

411 2819 781 2891 negotiorum
815 2819 1067 2875 decursu
1107 2824 1326 2876 terrere
1358 2826 1666 2892 conantur,
1704 2821 1811 2877 has
1840 2821 2065 2878 litteras

413 2908 483 2964 ad
514 2911 679 2963 tuam
708 2908 1093 2964 reverentiam
1118 2909 1807 2967 mittendas'existimavi.
1833 2911 2067 2968 Hortor-

411 3013 526 3070 que
554 3000 632 3067 te,
654 3000 738 3065 ut,
765 2998 1264 3069 quemadmodum
1301 2999 1641 3072 episcopum
1670 3001 1854 3072 decet,
1879 3018 2063 3074 popu-

407 3086 532 3142 lum
560 3086 770 3142 doceas
802 3086 874 3142 ad
905 3086 1230 3157 legitimam
1274 3089 1580 3145 convenire
1610 3088 1973 3165 religionem,
2006 3094 2064 3147 et
2104 3092 2109 3095 ’

407 3192 543 3232 cum
573 3173 675 3230 illo
706 3175 778 3231 de
819 3192 980 3231 more
1010 3176 1374 3234 orationibus
1426 3178 1733 3236 incumbas
1767 3198 1780 3236 :
1815 3182 1869 3236 id
1905 3181 2063 3237 enim

408 3263 577 3321 nobis
607 3264 816 3336 placet.
849 3265 994 3321 Nam
1042 3268 1199 3338 quod
1252 3272 1477 3340 spectat
1523 3270 1875 3326 sententiam
1924 3288 2062 3328 nos-

2174 2031 2241 2084 με
2270 2005 2379 2065 ἔστι
2409 2010 2511 2087 γὰρ
2541 2014 2726 2065 τοῦτο·

2240 2102 2330 2156 23.
2367 2099 2722 2179 Ἀντίγραφον
2757 2099 3059 2170 ἐπιστολῆς
3091 2098 3267 2164 οὕτως
3298 2099 3451 2177 ἔχον.

2240 2191 2613 2252 Κωνστάντιος
2646 2191 2891 2261 Νικητὴς
2923 2187 3238 2265 Αὔγουστος
3266 2189 3580 2263 Ἀθανασίῳ.

2244 2280 2356 2352 (85)
2386 2277 2660 2354 Εὕχεσθαί
2696 2299 2763 2353 με
2792 2279 2877 2334 ἀεὶ
2911 2277 3049 2334 ὥστε
3098 2280 3271 2333 πάντα
3317 2275 3468 2335 αἶ’σια
3514 2273 3833 2335 ἀποϐαίνειν

2170 2372 2249 2439 τῷ
2278 2389 2410 2423 ποτε
2441 2366 2659 2444 ἀδελφῷ
2689 2367 2807 2443 ἐμῷ
2862 2369 3193 2440 Κωνστάντι,
3228 2366 3355 2424 οὐδὲ
3398 2370 3499 2439 τὴν
3533 2370 3633 2439 σὴν
3669 2370 3837 2445 ὑπερ-

2173 2452 2272 2527 έϐη
2324 2457 2554 2513 σύνεσιν.
2600 2460 2815 2513 Ὃντινα
2864 2455 3049 2527 ἐπειδή
3102 2457 3152 2531 ἐξ
3204 2458 3417 2529 ἀπάτης
3465 2458 3835 2516 ἀτοπωτάτων

2173 2548 2285 2622 (86)
2318 2548 2613 2623 ἀνῃρῆσθαι
2645 2546 2832 2624 ἔγνων,
2879 2547 3022 2623 πόσῃ
3071 2543 3563 2623 εἷ’μὶπεριϐληθεὶς
3612 2550 3837 2627 στυγνό-

2171 2657 2317 2709 τητι,
2355 2636 2595 2713 εὐχερῶς
2625 2639 2661 2707 ἡ
2692 2636 2922 2714 ὑμετέρα
2967 2636 3226 2717 φρόνησις
3272 2636 3560 2710 δυνήσεται
3607 2641 3828 2716 κρίνειν.

2174 2727 2273 2781 Καὶ
2306 2725 2491 2797 ἐπειδή
2521 2726 2664 2789 τινές
2706 2726 2860 2798 εἰσιν,
2908 2725 3103 2790 οἵτινες
3155 2728 3205 2783 ἐν
3254 2733 3335 2801 τῷ
3381 2728 3607 2805 παρόντι
3656 2736 3835 2809 καιρῷ

2171 2820 2252 2889 τῷ
2309 2815 2452 2871 οὕτω
2511 2813 2816 2893 δακρυτικῷ
2890 2813 3125 2893 δράματι
3200 2819 3315 2892 (87)
3389 2826 3713 2875 καταπτοεῖν
3774 2842 3832 2876 σε

2173 2907 2487 2982 πειράζουσι
2513 2951 2526 2977 ,
2579 2902 2670 2961 διὰ
2715 2910 2877 2961 τοῦτο
2923 2907 2991 2961 τὰ
3035 2906 3279 2983 παρόντα
3323 2913 3492 2963 ταῦτα
3533 2910 3829 2986 γράμματα

2171 2995 2308 3071 πρὸς
2357 2997 2457 3064 τὴν
2510 2996 2608 3066 σὴν
2651 2994 2948 3070 τιμιότητα
2995 2994 3205 3053 στεῖλαι
3258 2995 3460 3073 ἔκρινα·
3508 2998 3827 3077 προτρέπων

2174 3106 2232 3140 σε
2255 3083 2367 3156 τίνα,
2400 3085 2580 3163 ὥσπερ
2633 3086 2826 3163 πρέπει
2878 3085 3177 3162 ἐπισκόπῳ,
3213 3086 3290 3151 εἰς
3336 3089 3435 3158 τὴν
3481 3108 3820 3166 κεχρεωστη-

2177 3175 2341 3248 μένην
2424 3175 2711 3253 θρησκείαν
2792 3178 3107 3255 συντρέχειν
3195 3174 3463 3249 διδάξειας
3547 3179 3641 3235 τὸν
3726 3175 3820 3248 δῆ-

2178 3287 2301 3340 μον,
2380 3265 2470 3321 καὶ
2548 3267 2661 3340 μετ’
2740 3265 2906 3323 αὐτοῦ
2960 3268 3097 3323 κατᾶ
3150 3268 3213 3323 τὸ
3268 3266 3391 3332 ἔθος
3445 3273 3568 3331 ταῖς
3642 3267 3825 3345 εὐχαῖς

405 3357 581 3425 tram,
605 3358 661 3410 te
689 3354 850 3410 omni
891 3359 1152 3428 tempore
1182 3356 1241 3412 in
1274 3358 1393 3414 tuis
1443 3358 1683 3415 sedibus
1714 3361 2058 3435 episcopum

2178 3337 2718 3432 σχολάσειαςίὴμῖν
2776 3357 2878 3434 γὰρ
2933 3362 3096 3414 τοῦτο
3153 3358 3365 3434 ἀρέσκει
3420 3358 3523 3430 τὸ,
3584 3359 3643 3413 σὲ
3696 3337 3833 3414 κατὰ

406 3459 535 3501 esse
567 3444 859 3501 volumus.

478 3533 549 3588 Et
594 3531 708 3588 alia
737 3549 916 3588 manu
952 3550 966 3589 :
1001 3533 1284 3592 Divinitas
1314 3540 1505 3594 servet
1547 3542 1604 3595 te
1653 3538 1926 3612 plurimis
1956 3557 2058 3597 an-

407 3621 522 3693 nis,
557 3621 728 3677 Pater
763 3620 1164 3681 dilectissime.

475 3799 566 3854 24.
600 3797 681 3854 De
717 3798 826 3855 hac
857 3800 1105 3873 epistola
1143 3802 1231 3858 illi
1282 3803 1519 3876 quidem
1565 3822 1701 3861 cum
1754 3808 2061 3880 judicibus

403 3889 580 3945 verba
608 3888 815 3945 fecere.
845 3890 960 3964 Ego
979 3907 1115 3948 vero
1138 3908 1274 3947 cum
1297 3892 1607 3964 epistolam
1638 3895 1914 3953 haberem
1937 3900 1986 3971 ej
1997 3916 2060 3954 u-

407 3977 619 4042 smodi,
644 3994 839 4034 nonne
862 3980 996 4050 jure
1017 3979 1242 4035 litteras
1265 3979 1574 4051 postulavi,
1600 3999 1707 4038 nec
1737 3990 1953 4042 temere
1973 4004 2064 4044 eo-

407 4083 539 4121 rum
573 4067 1109 4123 machinationibus
1140 4066 1379 4122 adhibui
1407 4067 1712 4125 animum?
1744 4073 1831 4128 Illi
1864 4080 2061 4132 autem

408 4156 849 4227 cum‘jussatum
866 4157 1099 4228 pietatis
1114 4171 1489 4229 nequaquam
1502 4159 1852 4230 proferrent;
1869 4181 2064 4221 nonne

408 4244 580 4317 plane
611 4250 812 4300 contra
844 4245 1025 4316 hujus
1074 4243 1331 4316 epistolae
1381 4248 1734 4305 sententiam
1766 4252 2064 4324 agebant?

410 4333 691 4407 Equidem
725 4351 857 4390 cum
892 4333 1122 4390 litteras
1154 4334 1237 4389 illi
1270 4352 1385 4392 non
1419 4336 1648 4410 darent,
1682 4339 1839 4396 haud
1872 4341 2065 4398 simile

406 4439 541 4479 vero
572 4426 852 4496 putabam
881 4424 1059 4479 verba
1089 4423 1215 4480 sine
1246 4423 1456 4482 litteris
1482 4428 1554 4483 ad
1581 4444 1673 4485 me
1697 4431 2016 4487 transmitti
2048 4449 2060 4487 :

408 4512 752 4584 hujusmodi
770 4513 991 4586 quippe
1010 4513 1204 4570 verbis
1225 4530 1298 4570 ne
1320 4515 1584 4572 animum
1611 4518 1950 4577 adhiberem
1975 4520 2067 4576 lit-

408 4603 551 4659 teris
583 4602 710 4658 suis
730 4603 994 4674 jusserat
1034 4608 1138 4659 tua
1166 4604 1517 4662 humanitas.
1541 4610 1681 4664 Jure
1710 4608 1891 4681 igitur
1919 4610 2063 4667 illud

2166 3447 2266 3516 τὴν
2319 3447 2589 3521 ἡμετέραν
2642 3444 2931 3522 βούλησιν,
2990 3446 3041 3503 έν
3097 3447 3256 3502 παντῖ
3298 3451 3475 3522 καιρῷ
3523 3445 3576 3502 ἐν
3623 3451 3704 3518 τῷ
3754 3450 3835 3518 σῷ

2166 3535 2345 3609 τόπῳ,
2377 3534 2674 3591 ἐπίσκοπον
2708 3535 2841 3590 εἶναι
2878 3533 3217 3611 βουλόμεθα.
3248 3533 3347 3589 Καὶ
3376 3531 3521 3605 ἄλλῃ
3564 3533 3736 3609 χειρί·
3768 3536 3835 3590 Ἠ

2170 3624 2361 3695 Θεότης
2394 3624 2645 3702 φυλάξειέ
2683 3645 2743 3679 σε
2777 3620 3017 3685 πολλοῖς
3050 3623 3336 3693 ἐνιαυτοῖς,
3389 3620 3564 3696 Πάτερ
3595 3637 3832 3696 προσφι-

2171 3713 2395 3770 λέστατε
2424 3715 2553 3786 (88).

2238 3806 2327 3860 24.
2366 3801 2498 3878 Περὶ
2525 3799 2950 3871 ταύτης,έκεῖνοι
3007 3799 3101 3872 μὶν
3132 3798 3222 3853 καὶ
3252 3799 3366 3873 (89)
3393 3802 3512 3860 τοῖς
3552 3793 3831 3860 δικασταῖς

2171 3892 2472 3967 εἰρήκασιν·
2526 3891 2635 3966 ἐγὼ
2684 3887 2743 3945 δὲ
2787 3886 2988 3959 ταύτην
3036 3889 3136 3958 τήν
3188 3886 3483 3958 ἐπιστολὴν
3534 3885 3697 3964 ἔχων,
3744 3887 3830 3963 ἂρ’

2171 3980 2271 4036 οὐκ
2323 3978 2549 4041 εἷ’κότως
2596 3977 2840 4051 ἀπῄτουν
2902 3975 3221 4053 γράμματα,
3280 3975 3370 4032 καὶ
3421 3975 3483 4031 οὗ
3527 3980 3828 4052 προσεῖχον

2170 4069 2499 4146 προφάσεσιν
2571 4064 2761 4129 ἁπλῶς
2822 4085 2835 4136 ;
2899 4067 3127 4121 Ἐκεῖνοι
3200 4063 3257 4121 δὲ
3340 4066 3416 4140 μὴ
3495 4063 3828 4128 δεικνύοντες

2169 4157 2493 4233 πρόσταγμα
2541 4162 2643 4225 τῆς
2692 4162 2793 4224 σῆς
2844 4150 3140 4227 εὐσεϐείας,
3188 4155 3288 4211 οὐκ
3319 4153 3567 4231 ἄντικρυς
3615 4153 3829 4211 ἐναντία

2169 4244 2373 4314 ταύτης
2402 4251 2503 4315 τῆς
2554 4243 2851 4315 ἐπιστολῆς
2904 4240 3164 4322 ἔπραττον
3200 4263 3213 4315 ;
3244 4246 3384 4322 Ἐγὼ
3431 4242 3507 4316 δὲ,
3538 4242 3623 4299 ὅτι
3652 4244 3833 4320 γράμ-

2178 4355 2319 4409 ματα
2350 4332 2410 4389 οὐ
2442 4336 2556 4408 (90)
2583 4340 2874 4412 παρεῖχον,
2908 4334 3007 4390 οὐκ
3031 4332 3351 4399 ἀκολούθως
3380 4334 3638 4410 ἡγούμην
3676 4333 3832 4397 ἐκτὸς

2175 4423 2349 4480 αὐτῶν
2384 4423 2515 4480 εἶναι
2544 4423 2640 4488 τὰς
2692 4426 2897 4503 φάσεις·
2944 4428 3062 4487 τοῖς
3106 4424 3378 4487 τοιούτοις
3408 4425 3509 4501 γὰρ
3553 4425 3628 4497 μὴ
3660 4443 3834 4498 προσ-

2174 4515 2318 4590 έχειν
2354 4535 2420 4588 με
2464 4514 2820 4588 προσέταττεν
2851 4516 2886 4584 ἡ
2922 4512 3183 4583 ἐπιστολή
3232 4520 3336 4583 τῆς
3367 4520 3466 4583 σῆς
3516 4511 3833 4591 φιλανθρω-

2172 4605 2319 4668 πίας.
2377 4604 2608 4667 Δικαίως
2659 4603 2749 4658 οὖν
2800 4608 2961 4659 τοῦτο
3006 4602 3248 4672 ἐποίουν,
3294 4602 3674 4681 θεοφιλέστατε
3719 4598 3831 4659 Αύ-

408 4690 521 4764 egi,
553 4690 998 4764 religiosissime
1028 4698 1293 4766 Auguste
1318 4712 1330 4750 :
1357 4699 1421 4750 ut
1452 4696 1607 4752 sicut
1636 4715 1768 4754 cum
1802 4700 2061 4771 epistolis

2178 4716 2384 4772 γουστε,
2412 4692 2524 4763 τίνα,
2558 4692 2739 4771 ὥσπερ
2790 4691 2935 4768 ἔχων
2987 4691 3280 4755 ἐπιστολὰς
3330 4689 3585 4763 εἰσῆλθον
3627 4690 3702 4754 εἷς
3732 4692 3836 4761 τὴν

409 4780 715 4852 ingressus
735 4797 868 4837 sum
891 4780 949 4836 in
974 4781 1248 4855 patriam,
1263 4784 1347 4839 sic
1364 4802 1433 4840 ex
1449 4788 1726 4843 mandato
1744 4791 1845 4845 tuo
1869 4789 1943 4845 ab
1965 4789 2061 4846 illa

2178 4782 2439 4860 πατρίδα,
2488 4780 2663 4845 οὕτως
2717 4779 2860 4859 ἔχων
2911 4783 3200 4859 πρόσταξιν
3251 4782 3343 4837 ἀπ’
3390 4781 3557 4851 αὐτῆς
3607 4779 3831 4853 ἐξέλθω·

410 4869 775 4925 discederem
803 4887 816 4925 :
841 4887 912 4925 ne
945 4875 1145 4945 utpote
1169 4872 1269 4945 qui
1303 4874 1375 4929 ab
1398 4874 1655 4932 Ecclesia
1676 4877 2061 4951 aufugissem,

411 4958 473 5015 in
495 4958 792 5031 judicium
824 4958 1141 5032 aliquando
1172 4979 1410 5019 vocarer
1439 4980 1452 5018 :
1489 4965 1588 5020 sed
1612 4966 1840 5037 jussus,
1875 4970 2064 5040 profe-

630 5084 910 5176 SicA'l’iegI;
948 5088 1124 5144 Basil.
1174 5092 1232 5144 et
1290 5089 1429 5147 edit.
1463 5089 1686 5148 Comm.
1730 5092 1881 5149 Edit.
1931 5112 2065 5153 vero

414 5156 620 5235 Paris,
634 5156 828 5235 _male,
854 5156 1066 5235 ἔλεγον.

485 5230 597 5309 (βὸ)
628 5233 758 5309 Haec
790 5229 1115 5309 gonstantii
1138 5229 1412 5309 _epistola
1449 5231 1711 5309 habetur
1741 5252 1972 5309 quoque
2004 5237 2064 5294 in

412 5302 589 5374 Epist.
617 5302 695 5358 ad
719 5304 1022 5374 solitarius,
1054 5304 1157 5360 sed
1209 5319 1322 5359 non
1355 5304 1565 5360 iisdem
1599 5302 1810 5365 verbis.
1846 5302 1891 5363 A
1915 5310 2065 5365 Con-

412 5373 631 5446 stantio
661 5375 815 5431 enim
850 5373 1051 5433 Latine
1077 5374 1314 5446 scripta,
1340 5375 1429 5431 bis
1459 5375 1650 5433 Grazce
1680 5396 1846 5436 versa
1874 5386 1965 5436 est
1993 5382 2064 5436 ab

412 5443 730 5522 Athanasio
765 5465 778 5522 ;
813 5443 1234 5522 cujusiprima
1261 5445 1382 5522 haec
1431 5454 1520 5504 est
1564 5452 1773 5522 versio,
1807 5454 2067 5509 secunda

411 5530 545 5590 vero
575 5516 641 5590 in_
667 5516 909 5590 Epistold
938 5516 1188 5576 αάῖςοιίι.
1221 5518 1454 5590 legitur.

482 5586 575 5667 Ait
621 5586 847 5667 Lucifer
892 5586 1442 5667 Calaritauuslibti
1475 5609 1575 5667 pro
1631 5599 1833 5651 sancto
1882 5596 2066 5651 Atha-

413 5661 599 5738 nasio,
633 5661 863 5738 p._132,
915 5664 1320 5738 Constantium
1382 5661 1593 5738 litteris
1651 5666 1776 5722 suis
1826 5668 2067 5738 jurasse

411 5725 929 5856 IAallgzitt-Sin'clriuis,'se
952 5735 1097 5791 nihil
1119 5736 1392 5807 deinceps
1413 5735 1552 5792 mali
1577 5725 1868 5796 facturum
1893 5740 2066 5797 Atha-

2173 4877 2263 4931 καὶ
2316 4876 2392 4948 μὴ
2444 4874 2518 4936 ὡς
2563 4874 2748 4952 φυγὼν
2794 4874 2894 4940 τήν
2946 4870 3298 4944 Ἐκκλησίαν,
3359 4870 3653 4934 ὑπεύθυνός
3700 4891 3838 4927 ποτε

2178 4967 2443 5043 γένωμαι,
2476 4962 2602 5019 ἀλλ’
2633 4963 2708 5025 ὡς
2740 4960 3051 5026 κελευσθεὶς
3082 4957 3198 5037 ἔχω
3247 4961 3515 5041 πρόφασιν
3553 4968 3659 5031 τῆς
3710 4980 3837 5015 ανα-

2249 5092 2361 5166 (86)
2396 5091 2481 5147 Ita
2509 5090 2652 5166 Reg.
2674 5095 2731 5145 et
2758 5088 2840 5145 ita
2872 5088 3188 5166 legendum
3219 5089 3466 5166 videtur.
3500 5088 3680 5166 Editi,_
3708 5107 3834 5143 ατο-

2175 5159 2453 5233 πωτάτης.
2514 5159 2694 5235 Ρᾶῖιὶο
2748 5166 2881 5235 post
2928 5159 3077 5235 LReg.
3131 5166 3205 5235 et_
3243 5161 3445 5235 Basil.,
3486 5159 3829 5235 στυγνότητι.

2176 5178 2453 5233 πωτατης.
2514 5178 2694 5218 Paulo
2748 5178 2881 5234 posu
2939 5178 3077 5288 mag.
3131 5178 3188 5217 et
3243 5178 3445 5229 basu.,
3486 5178 3826 5235 στυγνοτητι.

2176 5236 2352 5310 Editi,
2380 5231 2695 5310 συγνύτητι,
2713 5233 2890 5310 male.
2926 5233 3009 5288 Ibi
3043 5232 3343 5310 ‘em_Reg.,
3376 5232 3632 5310 ὑμετέρα,
3656 5236 3826 5289 recte.

2173 5302 2351 5382 Editi,
2383 5302 2644 5382 ᾑμξετέραΖ
2676 5302 2806 5382 Mox
2836 5305 3013 5382 Reg.,_
3026 5302 3337 5382 _3?V1§0‘1j€dt
3367 5302 3570 5382 κρῖναί.

2246 5373 2361 5452 (87)
2393 5373 2567 5453 363.;
2622 5373 2877 5453 δράματι,
2924 5373 3111 5453 Editi.
3146 5373 3416 5450 δρώματιξ
3463 5377 3644 5434 Paulo
3703 5378 3839 5449 post

2176 5447 2352 5524 Reg;
2373 5447 2688 5524 τιμῖότητά.
2724 5447 2895 5517 Editi,
2926 5447 3218 5524 τιμότητα.

2248 5518 2363 5597 (88)
2395 5518 2728 5597 ΡὸΒι-ῌάτερ
2760 5518 3209 5597 προσφιλέστατε,
3239 5521 3379 5577 editi
3428 5520 3549 5597 haec
3588 5520 3833 5597 habent,

2173 5588 2355 5655 τέλος
2384 5600 2487 5662 τῆς
2535 5588 2925 5649 Κωνσταντίου’
2960 5588 3279 5661 ἐπιστολῆς,
3312 5609 3440 5665 quae
3488 5593 3549 5649 in
3598 5593 3741 5666 Reg.
3776 5588 3841 5649 et

2174 5666 2350 5723 Basil.
2383 5668 2616 5738 desunt,
2649 5669 2706 5721 et
2738 5666 3148 5738 expunximus.

2249 5740 2361 5809 (89)
2392 5736 2490 5791 Καί
2520 5738 2581 5794 in
2613 5738 2754 5808 Reg.
2784 5736 3019 5809 legitur.
3049 5737 3113 5809 In
3143 5736 3317 5794 editis
3346 5736 3527 5793 deest.

2250 5808 2362 5883 (90)
2392 5810 2631 5884 Ingﬂeg.
2665 5809 2726 5865 οὐ
2758 5808 2937 5881 deest,
2971 5808 3144 5866 male.
