4132 6424
432 427 549 491 625

1457 430 1851 494 APOLOGIA
1895 433 2000 494 AD
2045 431 2615 497 CONSTANTIUM
2657 431 2821 496 IMP.

3727 431 3849 494 626

435 562 756 639 χωρήσεως.
778 565 947 618 Τοῦτο
974 560 1063 617 καὶ
1097 562 1149 618 οἱ
1180 560 1305 618 λαοὶ
1337 561 1525 626 πάντες
1555 565 1688 637 μετὰ
1717 569 1821 618 τῶν
1857 560 2086 640 πρεσϐυ-

2207 568 2410 622 ctionis
2444 583 2682 623 causam
2703 566 2959 638 proferre
2988 580 3244 638 possem.
3265 563 3382 621 Hoc
3412 563 3606 638 ipsum
3639 581 3847 622 omnes

431 671 622 724 τερων,
655 651 744 706 καὶ
776 649 1029 721 ηλεῖστον
1064 649 1121 706 δὲ
1177 655 1275 721 τῆς
1336 653 1552 716 πόλεως
1619 653 1780 728 μέρος
1843 657 1956 727 μετ’
1989 655 2081 710 αὖ·

432 744 562 807 τῶν,
589 739 680 794 ’ίνα
715 742 788 813 μή
824 740 972 816 λέγω
1003 741 1192 814 πλέον,
1227 742 1554 806 ἀπελθόντες
1605 743 1741 819 πρὸς
1799 746 2082 820 Συριανὸν,

434 828 619 902 ἠξίουν
645 853 656 864 ·
693 830 803 885 ἐκεῖ
834 829 890 885 δὲ
1017 831 1104 886 καὶ
1140 833 1166 886 ὁ
1199 831 1440 908 ἔπαρχος
1472 837 1568 902 τῆς
1604 834 1884 908 Αἰγύπτου
1916 835 2084 905 Μάξι-

438 941 557 992 μος.
591 922 653 977 Ἠ
688 918 743 976 δὲ
773 921 994 993 ἀξίωσις
1023 925 1088 991 ἦν
1121 922 1156 991 ἢ
1215 921 1416 998 γράψαι
1445 924 1533 977 καὶ
1593 923 1909 980 ἀποστεῖλαί
1971 947 2086 998 μοι,

435 1008 470 1078 ἢ
509 1011 702 1082 μηκέτι
738 1007 985 1086 διοχλεῖν
1017 1017 1136 1074 ταῖς
1171 1011 1541 1083 Ἐκκλησίαις,
1573 1010 1674 1074 ἕως
1718 1013 1775 1068 ἂν
1834 1014 1984 1069 αὐτοὶ
2036 1015 2087 1068 οἳ

435 1096 560 1153 λαοὲ
594 1100 716 1174 περὶ
748 1100 944 1155 τούτου
996 1097 1398 1178 πρεσϐεύωνται
1449 1104 1593 1178 παρὰ
1642 1103 1742 1157 σοί.
1780 1105 1899 1158 Ἐπὶ
1944 1104 2087 1160 πολὺ

433 1189 613 1243 τοίνυν
671 1189 846 1244 αὐτῶν
881 1190 1193 1262 ἀξιούντων,
1228 1189 1455 1246 συνιδὼν
1515 1193 1777 1269 Συριανὸς
1809 1194 1870 1248 τὸ
1932 1190 2072 1249 εύλο-

432 1299 547 1354 γον,
585 1274 1010 1336 διεϐεϐαιώσατο
1049 1281 1456 1357 μαρτυρόμενος
1484 1283 1581 1350 τήν
1644 1284 1741 1353 σὴν
1795 1283 2087 1359 σωτηρίαν,

435 1370 524 1423 καὶ
557 1369 643 1425 ἐπὶ
674 1367 854 1442 τούτῳ
887 1374 1062 1447 παρ-ῆν
1122 1370 1245 1426 τότε
1302 1371 1389 1426 καὶ
1443 1371 1696 1448 Ἰλάριος,
1737 1373 1930 1445 μηκέτι
1994 1375 2087 1446 μὲν

434 1457 705 1534 διοχλεῖν,
739 1459 1016 1538 ἀναφέρειν
1052 1459 1108 1516 δὲ
1141 1461 1227 1516 ἐπὶ
1267 1464 1366 1531 τὴν
1417 1464 1513 1531 σὴν
1565 1457 1888 1526 θεοσέϐειαν.
1921 1467 2090 1517 Τοῦτο

440 1546 586 1604 οἶδεν
624 1551 658 1619 ἡ
702 1550 848 1620 τάξις
895 1556 993 1606 τοῦ
1044 1549 1257 1622 δουκὸς,
1288 1553 1376 1607 καὶ
1423 1556 1456 1622 ἡ
1506 1553 1654 1623 τάξις
1699 1557 1796 1607 τοῖ’)
1846 1552 2091 1630 ἐπάρχου

431 1639 532 1706 τῆς
579 1638 880 1713 Αἰγύπτου.
930 1640 1026 1694 Καὶ
1077 1642 1105 1696 ὁ
1154 1641 1413 1716 πρύτανις
1463 1639 1519 1696 δὲ
1560 1645 1659 1711 τῆς
1712 1639 1926 1703 πόλεως
1976 1639 2090 1716 ἔχει

432 1727 526 1788 τὰς
556 1729 755 1804 φωνὰς,
790 1729 878 1784 καὶ
939 1726 1165 1784 δύνασαι
1232 1737 1442 1804 μαθεῖν,
1476 1731 1558 1785 ὅτι
1619 1727 1742 1785 οὔτε
1797 1730 1920 1808 ἐγὼ,
1971 1729 2092 1787 οὔτε

431 1837 514 1878 τις
546 1813 728 1893 ἕτερος
762 1815 1057 1894 ἀντιλέγων
1085 1823 1151 1888 ἦν
1183 1824 1250 1894 τῇ
1279 1824 1345 1894 σῇ
1381 1820 1696 1896 προστάξει.

503 2085 593 2141 25.
631 2085 831 2148 Πάντες
866 2084 923 2140 δὲ
953 2086 1140 2159 ἠξίουν
1180 2087 1477 2164 γράμματα
1527 2085 1808 2164 δειχθῆναι
1847 2092 1946 2158 τῆς
1994 2095 2094 2159 σῆς

433 2167 728 2235 εὐσεϐείας.
755 2174 853 2229 Καὶ
887 2174 1044 2252 φάσις
1079 2176 1172 2249 μὲν
1204 2177 1306 2252 γὰρ
1341 2177 1478 2251 μόνη
1512 2181 1659 2254 παρά
1693 2177 1962 2254 βασιλέως
1991 2181 2091 2249 τήν

435 2261 603 2331 αὐτὴν
665 2260 780 2337 ἔχει
840 2260 1067 2337 δύναμιν
1116 2271 1231 2327 τοῖς
1280 2267 1669 2343 γραφομένοις,
1703 2266 1826 2322 ὅταν
1861 2267 2095 2341 μάλιστα

438 2350 639 2420 ταύτην
699 2352 726 2405 ὁ
784 2351 1030 2425 κομίζων
1095 2353 1268 2430 θαρρῇ
1325 2356 1413 2410 καὶ
1471 2361 1650 2434 γραφῇ
1709 2357 2090 2434 προσταχθέν·

444 2436 632 2507 ἐπειδή
667 2436 724 2494 δ”ε
757 2437 879 2496 οὔτε
911 2446 1153 2519 φανερῶς
1211 2439 1398 2520 ἔλεγον
1429 2446 1541 2517 (91)
1575 2445 1708 2500 εἶναι
1743 2445 2093 2522 πρόσταγμα,

442 2525 584 2596 οὔτε,
620 2527 752 2604 ὅπερ
783 2529 988 2602 ἠξίουν,
1022 2530 1302 2610 ἐγγράφως
1338 2533 1684 2607 ἐπέστελλον,
1717 2533 1843 2590 ἀλλ’
1886 2535 1960 2598 ὡς
2010 2536 2096 2611 ἀφ’

442 2618 643 2672 ἑαυτῶν
677 2620 846 2673 πάντα
876 2618 1202 2694 πράττοντες
1247 2625 1382 2692 ἦσαν
1411 2646 1422 2657 ·
1477 2623 1757 2700 ὁμολογῶ,
1790 2624 1880 2679 καὶ
1933 2630 2095 2680 τοῦτο

444 2704 588 2782 λέγω
621 2707 756 2778 μετὰ
780 2707 1108 2784 παρῥησίας,
1141 2710 1382 2774 ὕποπτος
1417 2711 1683 2786 ἐγενόμην
1748 2713 1823 2775 εἷς
1877 2713 2092 2776 αὐτούς.

443 2792 657 2850 Πολλοὶ
707 2798 807 2872 γὰρ
857 2800 991 2852 -Ῑσαν
1039 2801 1091 2853 οἱ
1142 2821 1208 2855 πε
1249 2801 1266 2854 ὶ
1359 2800 1410 2834 ’τ
1451 2801 1463 2838 ³
1560 2803 1682 2856 Ἀμε
1745 2826 1757 2842 ε
1812 2803 1824 2822 ‘
1949 2802 1972 2844 ν’

882 2843 891 2868 ,
1213 2821 1240 2875 ρ
1315 2822 1508 2864 αυιοδς
1629 2823 1848 2878 Ικυιοιθοι,
1881 2824 2095 2867 τοδτοις

440 2904 501 2939 τε
530 2887 840 2959 συνήσθιεν,
873 2887 961 2942 καὶ
997 2889 1133 2962 μετὰ
1163 2889 1370 2945 τούτων
1416 2887 1770 2946 ἐϐουλεύοντο
1797 2914 1809 2926 ·
1863 2892 1952 2946 καὶ
2004 2891 2095 2946 ού-

447 2971 533 3029 δὶν
597 2976 692 3048 μὲν
752 2978 886 3048 μετά
929 2977 1236 3053 παρρησίας
1295 2976 1579 3055 ἔπραττον,
1637 2979 1852 3056 ἐνέδρας
1904 2979 1962 3036 δὲ
2008 2981 2097 3036 καὶ

445 3061 643 3126 δόλους
694 3064 989 3141 ἐπιχειρεῖν
1039 3066 1309 3140 ἐμελέτων
1343 3071 1461 3124 κατ’
1506 3070 1661 3144 ἐμοῦ.
1695 3071 1792 3126 Καὶ
1841 3074 1953 3144 (92)
2005 3071 2096 3125 οὐ·

445 3150 528 3208 ὃὶν
586 3155 680 3226 μὲν
730 3156 804 3216 ὡς
861 3154 1128 3229 βασιλέως
1186 3159 1582 3234 προστάξαντος
1633 3159 1870 3230 ἐποίουν,
1920 3161 1993 3222 ὡς
2043 3159 2100 3215 δὲ

442 3243 568 3315 παρ’
602 3241 815 3318 ἐχθρῶν
844 3242 1172 3318 ἀξιούμενοι.
1207 3244 1456 3322 ἤλεγγον
1498 3249 1742 3311 ἑαυτούς.
1775 3255 1946 3305 Τοῦτο
1992 3252 2096 3326 γάρ

2195 656 2394 728 populi
2428 674 2559 711 cum
2595 656 2970 728 presbyteris,
2991 659 3048 711 et
3077 671 3210 710 cum
3237 653 3352 710 illis
3376 655 3633 710 maxima
3654 655 3849 710 civita-

2195 747 2270 803 tis
2296 764 2450 818 pars,
2468 765 2538 801 ne
2560 747 2697 817 quid
2721 746 2974 817 amplius
2995 745 3208 815 dicam,
3233 745 3546 817 Syrianum
3566 745 3848 800 adeuntes

2197 836 2609 908 postulabant:
2637 836 2867 907 illicque
2899 841 3025 890 tum
3063 835 3263 890 aderat
3279 834 3509 906 Egypti
3543 834 3848 905 praefectus

2196 926 2506 982 Maximus.
2541 931 2658 981 Hoc
2681 932 2872 980 autem
2897 926 3161 996 impense
3185 925 3488 997 rogabant,
3520 930 3584 978 ut
3601 923 3688 978 vel
3712 923 3853 978 scri-

2199 1017 2474 1070 berentur
2498 1017 2980 1085 mitterenturque
3011 1015 3081 1068 ad
3111 1029 3204 1067 me
3227 1012 3450 1079 litterae,
3483 1011 3570 1065 vel
3596 1029 3708 1067 non
3731 1029 3854 1067 am-

2199 1105 2354 1178 plius
2386 1105 2468 1158 illi
2500 1103 2784 1159 Ecclesiae
2817 1105 3252 1173 conturbarent,
3277 1102 3460 1157 donec
3484 1101 3592 1173 ipsi
3655 1100 3856 1174 populi

2199 1195 2309 1250 hac
2339 1196 2409 1249 de
2433 1211 2491 1249 re
2515 1193 2738 1265 legatos
2770 1195 2840 1248 ad
2885 1198 2938 1247 te
2962 1193 3283 1247 misissent.
3318 1191 3463 1246 Cum
3523 1191 3705 1264 igitur
3759 1207 3859 1246 ve-

2203 1284 2835 1350 hementerinstarent,
2871 1287 3242 1354 perspectum
3293 1281 3516 1337 habens
3575 1281 3859 1353 Syrianus

2202 1392 2378 1446 quam
2411 1391 2572 1444 aequa
2603 1377 2758 1428 esset
2780 1371 3118 1443 postulatio.
3153 1377 3316 1426 tuam
3351 1369 3604 1426 salutem
3660 1375 3858 1426 conte-

2203 1470 2391 1520 status
2417 1463 2711 1536 pollicitus
2735 1466 2842 1531 est,
2879 1466 3161 1533 praesente
3183 1465 3321 1515 tunc
3345 1459 3584 1530 Hilario,
3609 1476 3671 1515 se
3707 1458 3856 1514 nihil

2203 1553 2458 1626 amplius
2488 1551 2998 1619 conturbaturum,
3029 1550 3127 1605 sed
3163 1566 3282 1605 rem
3309 1550 3378 1604 ad
3410 1555 3570 1604 tuam
3623 1549 3856 1621 religio-

2204 1661 2334 1699 nem
2365 1643 2721 1698 delaturum.
2758 1641 2874 1696 Hoc
2907 1640 3044 1695 item
3078 1639 3255 1712 probe
3284 1643 3500 1694 norunt
3545 1639 3698 1695 246
3758 1655 3855 1694 co-

2204 1733 2342 1788 hors
2373 1731 2561 1798 ducis,
2594 1731 2805 1793 cohors
2835 1729 2974 1784 item
3034 1727 3288 1800 praefecti
3345 1727 3592 1800 .Egypti.
3651 1728 3856 1784 Prmfe-

2204 1825 2299 1877 tus
2332 1827 2528 1877 autem
2561 1820 2733 1876 Urbis
2760 1820 2869 1875 hoc
2892 1822 3342 1874 monumentum
3367 1817 3522 1889 apud
3573 1833 3631 1872 se
3679 1833 3862 1872 reser-

2203 1915 2317 1981 vat,
2343 1912 2498 1967 unde
2527 1909 2894 1983 exploratum
2940 1909 3158 1964 habeas
3217 1924 3323 1963 nec
3355 1923 3470 1975 me,
3524 1922 3628 1963 nec
3680 1905 3860 1962 alium

2206 2001 2544 2074 quempiam
2561 1999 2750 2072 jussis
2780 1998 3080 2054 obstitisse
3109 1997 3248 2054 tuis.

2273 2093 2363 2146 2-5.
2398 2090 2704 2162 Rogabant
2734 2089 2912 2161 igitur
2942 2104 3146 2144 omnes
3175 2090 3240 2142 ut
3288 2086 3690 2158 proferrentur
3745 2088 3856 2141 tuaa

2205 2180 2442 2254 pietatis
2465 2179 2689 2235 litterae.
2723 2179 2948 2233 Etenim
2967 2177 3099 2234 licet
3121 2176 3246 2232 sola
3266 2175 3637 2248 imperatoris
3658 2175 3856 2243 verba,

2205 2271 2407 2326 eadem
2442 2286 2558 2341 qua
2588 2269 2807 2340 scripta
2837 2267 2963 2338 ejus
2995 2267 3116 2323 sint
3147 2266 3513 2332 auctoritate,
3569 2264 3670 2320 ubi
3732 2281 3856 2320 ma-

2204 2360 2360 2416 xime
2390 2359 2488 2432 qui
2521 2358 2622 2412 illa
2646 2347 2832 2413 del‘ert
2859 2373 2979 2413 rem
3005 2357 3236 2428 jussam
3268 2355 3484 2426 scripto
3515 2354 3742 2410 tradere
3763 2371 3863 2409 au-

2207 2451 2338 2516 det;
2375 2454 2432 2504 at
2458 2465 2592 2503 cum
2625 2446 2707 2502 illi
2727 2463 2915 2518 neque
2937 2450 3134 2517 aperte
3156 2445 3672 2515 dicerent'jussum
3709 2442 3858 2499 illud

2209 2539 2409 2605 fuisse,
2444 2554 2653 2610 neque,
2688 2541 2754 2591 ut
2795 2536 3097 2608 rogabant,
3151 2533 3479 2606 jussionem
3532 2533 3863 2589 describere

2205 2627 2436 2694 vellent,
2475 2628 2573 2683 sed
2599 2627 2796 2682 omnia
2818 2631 3053 2697 agerent
3083 2624 3250 2698 quasi
3285 2641 3390 2681 suo
3441 2623 3713 2690 nomine;
3775 2622 3859 2677 fa-

2205 2721 2349 2782 teor,
2382 2721 2438 2772 et
2460 2716 2568 2771 hoc
2599 2733 2731 2770 cum
2764 2714 2978 2769 ﬁducia
3008 2714 3157 2779 dico,
3210 2729 3304 2768 me
3362 2712 3494 2768 illos
3556 2715 3861 2783 suspectos

2206 2807 2504 2862 habuisse.
2530 2805 2695 2860 Multi
2719 2805 2936 2878 quippe
2956 2804 3101 2875 ipsis
3123 2801 3572 2859 aderantAriani
3594 2801 3860 2869 comites,

2207 2896 2560 2968 quibuscum
2597 2912 2714 2949 una
2750 2893 3145 2965 epulabantur
3187 2897 3243 2947 et
3289 2891 3536 2948 consilia
3590 2891 3858 2946 inibant:

2209 2984 2472 3057 nihilque
2505 2984 2696 3056 palam
2731 2989 2788 3039 et
2818 3000 2952 3038 cum
3005 2982 3220 3038 ﬁducia
3263 2983 3552 3055 agebant;
3612 2981 3714 3037 sed
3755 2981 3857 3035 ad-

2206 3093 2438 3132 versum
2466 3091 2558 3129 me
2593 3073 2839 3129 insidias
2872 3073 3364 3128 machinabantur
3393 3076 3451 3126 et
3480 3069 3663 3126 dolos.
3707 3069 3862 3126 Nihil

2209 3169 2454 3236 egerunt
2485 3163 2653 3236 quasi
2685 3180 2752 3217 ex
2775 3163 3143 3234 imperatoris
3166 3161 3410 3233 placito:
3447 3160 3546 3215 sed
3579 3165 3643 3214 ut
3668 3176 3736 3214 ex
3767 3175 3860 3214 eo-

2210 3271 2339 3309 rum
2373 3253 2554 3326 gestis
2586 3252 3016 3323 deprehendere
3048 3250 3230 3318 licuit,
3263 3266 3331 3306 ea
3362 3248 3546 3304 solam
3580 3264 3707 3319 quas
3759 3248 3861 3303 ad-

447 3351 514 3402 με
573 3331 662 3384 καὶ
723 3329 936 3404 μᾶλλον
993 3334 1237 3390 ἆπαιτεῖτ
1270 3339 1380 3409 (93)
1409 3336 1706 3413 γράμματα
1747 3340 1874 3413 παρ’
1918 3339 2092 3394 αὐτῶν

2210 3344 2449 3399 versarii
2481 3343 2662 3397 nostri
2726 3340 3109 3413 postularent,
3169 3356 3295 3410 quae
3354 3337 3499 3393 mihi
3556 3335 3865 3408 potissima

442 3418 757 3496 ἠνάγκαζ,ν,
813 3420 1000 3492 ἐπειδὴ
1049 3424 1138 3478 καὶ
1205 3423 1422 3481 ὕποπτα
1466 3429 1531 3496 ἦν
1592 3428 1725 3504 ἅπερ
1784 3427 2102 3505 ἐπεχείρουν

443 3509 534 3564 καὶ
567 3508 888 3566 ἐσκέπτοντο
915 3529 927 3543 ·
981 3513 1071 3568 καὶ
1112 3512 1194 3568 ὅτι
1227 3514 1462 3591 ἀπρεπὲς
1507 3519 1597 3587 ἦν,
1648 3518 1782 3590 μετὰ
1826 3519 2098 3573 τοσούτων

441 3600 784 3675 γραμμάτων
837 3602 949 3675 (94)
1009 3599 1320 3659 εἰσελθόντα
1389 3626 1476 3678 με,
1519 3606 1699 3682 χωρὶς
1758 3609 2098 3683 γραμμάτων

442 3686 805 3765 ἀναχωρῆσαι
854 3696 955 3760 τῆς
1004 3689 1354 3762 Ἐκκλησίας,
1390 3700 1658 3771 Συριανοῦ
1705 3696 1882 3751 τοίνυν
1933 3696 2101 3774 ἐπαγ-

439 3775 790 3854 γειλαμένου,
822 3783 1121 3856 συνήγοντο
1178 3781 1372 3844 πάντες
1404 3782 1455 3838 ἐν
1487 3789 1606 3847 ταῖς
1637 3787 1749 3860 (95)
1782 3784 2098 3857 ἐκκλησίαις

449 3866 586 3938 μετὰ
638 3874 814 3944 χαρᾶς
868 3869 958 3924 καὶ
1016 3869 1363 3947 ἀμεριμνίας.
1424 3872 1600 3930 Ἀλλὰ
1652 3877 1785 3947 μετὰ
1831 3877 1876 3930 κ’
1922 3876 2012 3931 καὶ
2055 3879 2102 3954 γ’

447 3954 658 4032 ἡμέρας
703 3960 803 4026 τῆς
859 3957 1188 4035 ἐπαγγελίας
1237 3960 1525 4038 ἐπέρχεται
1580 3965 1714 4037 μετὰ
1757 3972 2101 4042 στρατιωτῶν

439 4049 507 4120 τῇ
542 4044 824 4120 ἐκκλησίᾳ,
856 4049 947 4104 καὶ
977 4051 1142 4123 ἡμεῖς
1188 4052 1281 4124 μὲν
1327 4052 1617 4129 ηὐχόμεθα
1671 4057 1920 4124 συνήθως
1947 4078 1958 4091 ·
2007 4056 2097 4110 οὕ-

436 4155 516 4190 τω
547 4135 651 4212 γᾶρ
683 4136 980 4206 ἑωράκασιν
1020 4141 1073 4194 οἱ
1121 4139 1457 4205 εἰσελθόντες
1490 4145 1624 4219 (96),
1661 4142 1848 4214 ἐπειδὴ
1897 4167 2097 4200 παννυ-

438 4223 531 4299 χὶς
578 4227 645 4294 ἦν
699 4225 965 4302 ἐσομένης
1045 4230 1330 4302 συνάξεως.
1392 4238 1623 4288 Τοιαῦτα
1683 4232 1740 4289 δὲ
1791 4234 1976 4312 γέγονε
2029 4239 2097 4309 τῇ

436 4311 588 4401 νυκτὶ
623 4311 816 4388 ἐκείνῃ,
849 4319 938 4370 οἷα
986 4314 1189 4385 ἤθελον
1237 4321 1326 4374 καὶ
1378 4311 1812 4398 ἐπηγγέλλοντο,
1841 4325 1967 4401 πρὶν
2008 4345 2097 4400 γε-

439 4400 645 4470 νέσθαι,
678 4403 731 4456 οἱ
778 4405 1086 4480 Ἀρειανοί-
1149 4408 1343 4470 αὐτοὺς
1395 4411 1498 4486 γὰρ
1544 4407 1689 4488 ἔχων
1741 4421 1855 4486 μεθ’
1889 4400 2100 4470 ἑαυτοῦ

439 4487 602 4578 ἦλθεν
638 4491 666 4545 ὁ
693 4492 1104 4568 στρατηλάτης·
1153 4496 1243 4550 καὶ
1275 4497 1428 4553 αὐτοὶ
1463 4503 1593 4568 ἦσαν
1637 4502 1689 4555 οἱ
1740 4500 1958 4578 ἔξαρχοι
2010 4503 2098 4559 καὶ

443 4573 751 4652 σύμϐουλοι
778 4589 880 4651 τῆς
909 4582 1168 4654 τοιαύτης
1229 4583 1444 4664 ἐφόδου.
1478 4589 1575 4643 Καὶ
1621 4573 1784 4645 τοῦτο
1832 4573 1933 4647 cli-it
1974 4591 2098 4648 ἄπι-

2211 3449 2390 3488 causa
2421 3433 2530 3486 fuit
2577 3431 2799 3486 litteras
2859 3430 2930 3485 ab
2988 3428 3108 3484 illis
3156 3427 3530 3500 postulandi;
3590 3428 3866 3498 suspecta

2212 3522 2430 3594 quippe
2465 3521 2607 3575 mihi
2635 3524 2802 3575 erant
2831 3535 3030 3573 eorum
3066 3516 3372 3573 molimina
3393 3521 3568 3587 atque
3590 3514 3857 3571 consilia.

2211 3610 2413 3681 Neque
2444 3610 2686 3665 decebat
2716 3625 2808 3663 me
2837 3607 2935 3679 qui
2969 3623 3102 3661 cum
3132 3610 3218 3662 tot
3245 3605 3453 3661 litteris
3491 3605 3551 3659 in
3610 3603 3859 3676 patriam

2211 3701 2538 3764 rediissem,
2573 3699 2794 3769 absque
2816 3696 3028 3753 litteris
3054 3697 3124 3752 ab
3151 3695 3406 3751 Ecclesia
3425 3694 3742 3750 discedere.
3768 3693 3867 3766 Sy-

2210 3790 2374 3846 riano
2400 3789 2596 3860 itaque
2619 3788 2793 3842 ﬁdem
2815 3787 3012 3857 dante,
3036 3784 3236 3858 populi
3260 3800 3464 3841 omnes
3488 3800 3622 3839 cum
3646 3783 3862 3856 gaudio

2209 3879 2270 3934 in
2296 3879 2561 3934 ecclesiis
2592 3881 2908 3933 conventus
2931 3876 3202 3947 agebant,
3226 3873 3387 3930 omni
3418 3873 3684 3946 deposito
3702 3876 3863 3928 metu

2210 3986 2276 4025 ac
2308 3968 2668 4040 suspicione.
2712 3967 2820 4022 Sed
2847 3970 2980 4038 post
3011 3965 3135 4020 dies
3164 3969 3282 4020 tres
3315 3967 3371 4019 et
3389 3962 3598 4036 viginti
3636 3979 3672 4018 a
3728 3962 3867 4017 data

2209 4059 2323 4114 ﬁde
2355 4075 2487 4113 cum
2520 4057 2809 4112 militibus
2831 4055 2926 4112 ille
2956 4055 3013 4110 in
3037 4054 3343 4111 ecclesiam
3375 4051 3668 4124 irrumpit,
3693 4051 3864 4108 nobis

2210 4150 2282 4205 de
2313 4165 2473 4203 more
2505 4147 2829 4214 orantibus,
2857 4145 3011 4218 quod
3043 4145 3218 4200 etiam
3245 4143 3520 4199 viderunt
3566 4141 3605 4196 ii
3639 4141 3741 4213 qui
3800 4141 3860 4196 in

2209 4237 2514 4294 ecclesiam
2544 4235 2792 4307 ingressi
2815 4241 2973 4298 sunt,
2993 4233 3292 4304 sequentis
3315 4232 3531 4304 quippe
3577 4244 3862 4302 synaxeos

2209 4333 2352 4384 tunc
2385 4324 2752 4398 pervigilium
2784 4323 3206 4379 celebrabatur.
3238 4321 3341 4376 Illa
3370 4326 3565 4376 autem
3597 4325 3764 4376 nocte
3795 4334 3862 4374 ea

2210 4421 2374 4490 gesta
2403 4420 2543 4471 sunt
2572 4431 2698 4486 qua:
2723 4413 2956 4469 Arianis
2981 4412 3270 4484 placuere,
3299 4425 3542 4482 quaeque
3563 4407 3649 4463 illi
3699 4412 3862 4463 ante-

2211 4523 2389 4579 quam
2420 4504 2718 4560 evenirent
2744 4503 2940 4557 futura
2962 4499 3443 4573 praenuntiarant,
3474 4498 3547 4552 iis
3567 4497 3723 4553 enim
3756 4497 3862 4553 sti-

2210 4601 2382 4670 patus
2416 4593 2661 4650 accessit
2690 4593 2808 4647 dux
2838 4591 3165 4646 exercitus:
3198 4593 3480 4660 erantque
3518 4586 3601 4642 illi
3660 4587 3862 4659 praefe-

443 4687 588 4740 στον,
625 4669 1009 4750 θεοφιλέστατε
1062 4673 1336 4750 Αὕγουστε
1359 4694 1370 4707 ·
1436 4677 1497 4730 ού
1549 4680 1653 4755 γὰρ
1686 4675 1922 4752 ¹ἔλαθον,
1956 4681 2092 4738 ἀλλᾶ

2210 4669 2285 4742 θὶὶ
2312 4691 2368 4742 et
2400 4688 2665 4740 auctores
2688 4681 2848 4737 illius
2872 4679 3212 4736 invasionis.
3244 4679 3408 4744 Quod
3439 4693 3579 4734 sane
3608 4676 3874 4733 incredi--

442 4765 726 4836 πανταχοῦ
772 4763 1120 4836 κεκήρυκται.
1179 4765 1318 4841 Ἐγὼ
1367 4765 1544 4821 τοίνυν
1595 4769 1813 4846 θεωρῶν
1860 4771 1958 4840 τήν
2013 4769 2100 4851 ἔφ-

445 4845 596 4920 οδον,
620 4849 1002 4927 παρακαλέσας
1032 4853 1296 4931 πρότερον
1330 4855 1681 4935 ἀναχωρῆσαι
1709 4845 1712 4846 ν
1737 4858 1864 4922 τοὺς
1909 4845 2095 4934 λαοὺς,

438 4938 564 4995 τότε
616 4940 768 5016 κάγὼ
832 4942 947 5014 μετ’
977 4941 1191 5016 αὐτοὺς,
1241 4949 1338 4999 τοῦ
1396 4951 1530 5001 Θεοῦ
1588 4946 1958 5013 καλύπτοντος
2008 4952 2097 5006 καὶ

443 5026 776 5103 ὁδηγοῦντος
812 5031 920 5105 (καὶ
952 5036 1113 5087 τοῦτο
1145 5033 1248 5112 γὰρ
1281 5036 1333 5089 οἱ
1361 5034 1485 5090 τότε
1520 5059 1612 5110 μοι
1647 5038 1892 5101 συνόντες
1926 5041 2096 5118 ἑωρά-

437 5121 638 5193 κασιν),
671 5119 998 5198 ἀνεχώρησα
1025 5139 1037 5152 ⁸
1088 5123 1177 5178 καὶ
1210 5126 1323 5199 (97)
1356 5124 1404 5198 ἐξ
1457 5125 1660 5181 ἐκείνου
1717 5130 1833 5183 κατ’
1866 5129 2096 5204 ἐμαυτὸν

439 5203 652 5283 ἔμεινα,
703 5206 847 5286 ἔχων
892 5210 1197 5288 παρρησίαν
1247 5213 1336 5269 καὶ
1395 5214 1693 5294 ἀπολογίαν
1743 5220 2098 5295 προηγουμέ-

507 5355 1017 5432 (91)ﬂlta_Reg._‘_et
1072 5357 1244 5414 Basil.
1306 5360 1459 5416 Editi
1511 5379 1668 5430 vero,
1732 5359 1916 5432 ἐπειδὴ
1977 5359 2101 5419 οὔτε

435 5423 680 5554 φανερῶς
708 5423 879 5481 πάντα
908 5423 1115 5504 ἔλεγον.
1651 5423 1664 5430 ’
1907 5423 1916 5432 ’

508 5501 564 5554 (9
603 5497 749 5554 )Καί
781 5501 943 5554 deest
973 5501 1032 5554 in
1069 5501 1210 5554 Rea.
1253 5503 1364 5554 Sed
1425 5505 1572 5554 bene
1632 5506 1887 5554 nnsitnm
1947 5507 1998 5554 vi

437 5497 621 5626 (“(92)
652 5497 749 5553 Καί
781 5501 943 5556 deest
973 5497 1032 5555 in
1069 5501 1210 5576 Reg.
1253 5503 1364 5559 Sed
1425 5505 1572 5563 bene
1630 5506 1890 5578 positum
1947 5507 2101 5564 vide-

511 5644 630 5716 (93)Δ
657 5644 796 5716 Reg.
831 5648 965 5716 post
1002 5642 1246 5700 ἀπαιτεῖν
1303 5647 1480 5706 habet
1527 5647 1719 5706 ἐποίει.
1780 5651 1847 5706 In
1895 5652 2100 5708 eodem

441 5714 899 5790 moajvéviatjev
933 5717 1117 5774 deest.

515 5788 628 5854 (94)
681 5787 820 5862 Reg.
885 5805 1060 5862 quem
1130 5791 1438 5863 sequimur
1488 5793 1852 5871 γραμμάτων,
1911 5795 2099 5852 deleto

2211 4775 2325 4830 bile
2373 4791 2488 4830 non
2557 4777 2663 4843 est,
2723 4769 3164 4842 religiosissime
3216 4770 3499 4842 Auguste,
3557 4783 3691 4822 cum
3745 4765 3862 4838 ipsi

2211 4865 2454 4921 minime
2477 4861 2770 4928 latuerint,
2805 4861 2903 4916 sed
2937 4859 3198 4930 undique
3215 4857 3450 4930 vulgata
3473 4873 3564 4912 res
3590 4857 3686 4911 sit.
3740 4855 3858 4926 Ego

2210 4955 2407 5024 itaque
2431 4956 2733 5024 perspecta
2754 4947 3045 5020 ejusmodi
3069 4947 3388 5017 invasione,
3414 4944 3781 5018 populosque
3798 4947 3864 4998 ut

2211 5043 2581 5100 discederent
2609 5041 2772 5113 prius
2806 5039 3070 5094 hortatus
3097 5054 3110 5106 ;
3144 5041 3275 5109 post
3296 5035 3427 5091 illos
3453 5036 3692 5090 demum
3747 5033 3863 5088 Deo

2211 5131 2541 5189 occultante
2584 5147 2649 5185 ac
2680 5130 2948 5194 ducente,
2983 5132 3050 5181 ut
3071 5126 3144 5181 ab
3175 5125 3450 5181 omnibus
3482 5123 3582 5196 qui
3631 5138 3863 5178 mecum

2210 5224 2454 5278 aderant
2485 5223 2864 5291 conspectum
2896 5220 3004 5284 est,
3034 5215 3251 5271 istbinc
3280 5230 3374 5269 me
3397 5210 3679 5286 proripui,
3703 5210 3863 5266 exin-

2208 5384 2329 5437 τυγ.
2364 5363 2512 5437 Edlti
2543 5357 3360 5437 verocuyypappairwv._Hi8t.
3395 5371 3650 5428 sequens
3696 5371 3862 5411 enar-

2209 5430 2374 5492 ratur
2405 5436 2543 5490 item
2569 5434 2628 5488 in
2660 5430 2918 5504 Apologia
2947 5430 3238 5504 sequenti.
3503 5458 3510 5465 -

2281 5509 2391 5580 (95)
2423 5507 2507 5559 ’Ev
2540 5509 2660 5580 ταῖς
2690 5502 2852 5580 ἀθεεὶ
2882 5502 2940 5556 in
2974 5503 3112 5580 Reg.

2284 5565 2394 5644 (96)
2425 5579 2640 5647 Regius
2671 5578 2932 5647 codexet
2977 5565 3152 5629 editio
3182 5576 3426 5641 Comm.,
3479 5565 3813 5630 εἰσελθόντες

2211 5654 2275 5709 In
2303 5651 2439 5707 edit.
2478 5645 2787 5706 P‘arisiensi
2819 5645 2871 5699 οἱ
2901 5646 3079 5701 deest.

2283 5724 2396 5793 (97)
2426 5722 2520 5779 Sic
2545 5722 2686 5793 Reg.
2715 5737 2728 5788 ;
2760 5717 2850 5772 καί
2879 5718 3042 5775 deest
3070 5717 3128 5773 in
3159 5715 3347 5772 editis.
