4132 6404
431 363 548 428 629

500 500 590 555 27.
644 499 818 551 Ταῦτα
896 500 1160 570 συνορῶν,
1214 494 1274 550 ού
1349 494 1740 571 κατεγίνωσκον

426 584 572 642 ἀλλά
619 587 708 640 καὶ
765 584 964 655 ταύτην
1028 584 1170 660 ἔχων
1229 587 1328 654 τήν
1386 585 1709 659 ἀπολογίαν,
1766 583 2076 659 ἠπειγόμην

427 677 563 753 πρὸς
594 677 692 745 την
728 677 824 743 σήν
857 669 1148 746 εὐσέϐειαν,
1184 673 1342 736 εἰδὼς
1373 677 1470 742 τὴν
1506 676 1601 742 σὴν
1647 673 2078 752 φιλανθρωπίαν,

428 763 517 821 διὰ
574 768 797 838 μνήμης
846 786 904 818 τε
957 762 1098 840 ἔχων
1150 765 1244 824 τὰς
1296 766 1388 826 σας
1435 762 1681 837 ἀψευδεῖς
1738 761 2079 837 ὑποσχέσεις,

426 857 515 910 καὶ
578 855 813 930 οαρέὡν,
850 854 953 926 ὅτι,
996 857 1132 908 κατὰ
1188 856 1249 907 τὸ
1306 855 1683 930 γεγραμμένον
1741 853 1790 907 ἐν
1845 856 1920 925 (4)
1962 858 2079 912 ταῖς

427 944 597 1008 θείαις
683 944 1048 1019 Παροιμίαις·
1138 946 1290 1019 Παρὰ
1387 942 1760 1019 φιλανθρώπῳ
1870 939 2083 1016 βασιλεῖ

427 1033 606 1090 δεκτοί
658 1033 788 1089 εἰσιν
833 1034 882 1088 οἰ
917 1031 1117 1087 δίκαιοι
1170 1033 1447 1109 λογισμοί.
1483 1031 1621 1101 Ἤδη
1685 1030 1740 1086 δέ
1793 1039 1892 1099 τῆς
1952 1029 2082 1085 ὁδοῦ

1138 946 1290 1019 Παρὰ
1387 942 1760 1021 φιλανθρώπῳ

430 1145 534 1198 μου
567 1119 878 1194 ἐπιϐάντος,
911 1123 999 1178 καὶ
1028 1124 1126 1190 την
1182 1121 1386 1198 ἔρημον
1440 1121 1770 1193 ἐξελθόντος,
1804 1121 1936 1190 ἀκοή
1997 1141 2079 1182 τις

424 1215 640 1290 γέγονεν
676 1213 927 1290 ἐξαίφνης
956 1231 967 1242 ·
1020 1211 1144 1281 ⁸ἥτις
1203 1215 1426 1274 ἄπιστος
1479 1213 1571 1284 μέν
1622 1211 1753 1265 εἶναι
1799 1213 1933 1264 κατά
1979 1211 2078 1278 τήν

425 1306 602 1380 ἀρχὴν
638 1301 831 1374 ἐδόκει,
871 1305 1001 1374 μετὰ
1035 1301 1090 1356 δὲ
1127 1307 1293 1356 ταῦτα
1344 1301 1557 1371 ἀληθὴς
1614 1299 1855 1376 ἐδείχθη.
1894 1302 2078 1375 Ἐθρυ-

423 1392 570 1449 λεῖτο
629 1395 729 1469 γάρ
788 1397 1091 1467 πανταχοῦ,
1150 1391 1230 1446 ὅτι

426 1483 744 1554 ἐπίσκοπος,
777 1482 866 1536 καὶ
900 1485 926 1536 ὁ
956 1486 1060 1536 τῶν
1119 1487 1369 1536 Σπανιῶν
1424 1485 1607 1541 "Octo:
1640 1482 1666 1534 ὁ
1721 1480 1905 1554 μέγας,
1942 1485 2079 1532 Παυ-

1314 1387 1567 1466 Λιϐέριος
1629 1392 1655 1443 ὁ
1711 1397 1808 1458 τῆς
1860 1390 2080 1460 Ῥώμης

425 1571 578 1633 λῖνός
606 1592 663 1625 τε
695 1573 721 1625 ὁ
753 1577 859 1625 τῶν
911 1568 1189 1639 Γαλλιῶν,
1220 1569 1307 1624 καῖ
1359 1570 1638 1631 Διονύσιος
1686 1570 1774 1623 καὶ
1823 1564 2078 1630 Εὐσέϐιος

422 1661 473 1714 οἱ
531 1668 632 1729 τῆς
687 1660 943 1730 Ἰταλίας,
1001 1661 1333 1738 Λουκίιρερός
1375 1682 1432 1714 τε
1493 1659 1594 1712 απὸ
1650 1655 1956 1731 Σαρδινίας,
1989 1658 2078 1711 καὶ

422 1747 585 1804 ἄλλοι
616 1751 760 1812 τινες
804 1750 1113 1819 ἐπίσκοποι,
1145 1751 1234 1804 καὶ
1283 1744 1661 1824 πρεσϐύτεροι,
1695 1748 1785 1801 καὶ
1837 1745 2076 1801 διάκονοι

421 1837 808 1916 ἐξωρίσοησαν,
858 1839 939 1893 ὅτι
996 1841 1069 1911 μη
1119 1839 1416 1913 ἠνέσχοντο
1463 1839 1581 1900 καθ’
1629 1840 1788 1910 ἡμῶν
1843 1837 2077 1912 ὑπογρά-
2112 1874 2158 1938 Β

1804 1924 1844 1943 Ἀκ
1913 1928 1924 1946 ς

590 1934 604 1948 r
650 1929 662 1945 ἴ
734 1928 793 1960 ν-
927 1929 949 1958 ξ.
1020 1927 1032 1942 3
1127 1928 1174 1960 ΑΙ
1244 1951 1254 1956 _
1489 1927 1548 1959 Ἰ...
1576 1928 1593 1958 1
1633 1949 1660 1958 -
1804 1927 1844 1943 T\\
1913 1928 1924 1946 ς
2018 1934 2044 1942 ς.

415 1931 532 2001 ψαι.
568 1935 665 1982 hau
700 1949 848 1982 ουιοι
887 1949 980 1998 μιν
1017 1929 1402 2002 εξωρισθησαν,
1438 1933 1747 1988 Ουικιν.ιος
1800 1947 1856 1980 οε
1905 1947 1932 1980 ο
1979 1948 2081 1994 της

427 2015 674 2085 Καπύης,
720 2016 809 2070 καὶ
861 2018 1360 2089 Φουρτουνατιανὸς
1412 2018 1438 2069 ὁ
1487 2025 1585 2085 τῆς
1639 2014 1937 2085 Ἀκυληίας

426 2106 683 2182 Ἡρέμιὸς
713 2128 772 2161 τε
802 2107 829 2159 ὁ
859 2114 957 2176 τῆς
1010 2104 1430 2177 Θεσσαλονίκης,
1464 2106 1552 2159 καὶ
1603 2105 1796 2167 πάντες
1848 2106 1899 2158 οἱ
1949 2105 2083 2158 κατα

425 2196 524 2263 τήν
560 2193 716 2250 Δύσιν
750 2194 1058 2266 ἐπίσκοποι,
1098 2195 1215 2270 βίαν
1253 2195 1313 2248 οὐ
1341 2197 1438 2263 την
1483 2199 1776 2270 τυχοῦσαν,
1812 2192 1955 2248 ἀλλα
1992 2195 2081 2247 καὶ

1220 2282 1242 2300 κ

426 2283 690 2354 πλείστην
753 2285 991 2359 ἀνάγκην
1051 2285 1139 2338 καὶ
1217 2282 1390 2346 δεινάς
1477 2280 1658 2360 ὕϐρεις
1730 2283 2079 2354 πεπόνθασιν,

425 2371 530 2435 ἕως
592 2373 1024 2448 ἐπαγγείλωντάι
1089 2375 1164 2446 μὴ
1223 2379 1499 2428 κοινωνεῖν
1577 2377 1733 2446 ἡμῖν.
1795 2374 1925 2427 Εἶτα
1983 2375 2079 2446 (6),

429 2462 812 2536 θαυμαζόντων
872 2465 1032 2535 ἡμῶν
1093 2463 1180 2517 καὶ
1226 2462 1633 2539 διαπορούντων
1697 2464 1783 2517 ἐπὶ
1839 2463 2078 2533 τούτοις,

430 2549 548 2619 ἰδοὺ
597 2551 760 2608 πάλιν
815 2553 970 2629 ἑτέρα
1015 2574 1100 2614 τις
1146 2548 1439 2607 κατέλαϐεν
1495 2554 1630 2622 ἁκοή
1674 2553 1932 2628 περὶτῶν
1965 2554 2080 2606 κατ’

424 2638 694 2717 Αἶγυπτον
729 2642 818 2695 καὶ
864 2643 961 2704 τὰς
1011 2637 1215 2703 Λιϐύας
1416 2642 1496 2696 ὅτι
1558 2644 1608 2695 οἱ
1643 2644 1736 2714 μέν
1793 2641 2078 2696 ἐπίσκοποι

425 2729 578 2806 ἐγγὺς
641 2732 961 2802 ἐνενήκοντα
1019 2729 1379 2808 ἐδιώχθησαν,
1416 2734 1467 2786 αἱ
1501 2730 1557 2787 δὲ
1590 2730 1906 2802 Ἐκκλησίαι
1964 2738 2081 2794 τοῖς

425 2820 760 2896 ὁμολογοῦσι
804 2821 872 2875 τὰ
920 2820 1134 2892 Ἀρείου
1184 2820 1558 2897 παρεδόθησαν
1592 2841 1602 2852 ·
1651 2822 1740 2875 καὶ
1789 2820 2081 2896 ἐξωρίσθη-

591 2910 613 2942 λ
685 2908 733 2943 «Α
909 2910 923 2930 \
955 2910 1010 2938 ην
1104 2916 1130 2925 υ
1212 2909 1253 2928 ’κκ
1296 2910 1318 2924 ν
1565 2913 1577 2930 ο
1677 2913 1689 2926 ς
1789 2911 1801 2929 ι)
1964 2908 2043 2938 «‘1

424 2931 516 2964 σαν
551 2932 643 2983 μιν
681 2927 808 2965 οεκα
836 2931 925 2964 και
961 2932 1031 2983 ες,
1064 2932 1171 2965 των
1208 2925 1264 2965 οε
1291 2910 1478 2967 αλλων
1532 2929 1584 2966 οι
1638 2933 1730 2985 μεν
1786 2931 2078 2988 εφυγαοευ-

423 2999 616 3069 θησαν,
680 3001 730 3053 οἱ
808 2998 864 3054 δὲ
948 3001 1355 3076 ἠναγκάσθησαν
1416 3003 1818 3077 ὑποκρίνασθαι.
1878 3007 2078 3056 Τοσοῦ-

421 3108 514 3149 τος
566 3090 666 3163 γάρ
715 3085 931 3164 ἐλέγετο
984 3088 1225 3164 διωγμὸς
1282 3089 1409 3158 ἐκεῖ,
1461 3091 1558 3161 ὡς,
1602 3089 1652 3143 ἐν
1706 3088 2081 3165 ’Δλεξανδρείᾳ

423 3175 736 3252 εὐχομένων
781 3181 889 3230 τῶν
925 3174 1170 3254 ἀδελφῶν
1207 3176 1256 3231 έν
1307 3183 1386 3249 τῷ
1439 3179 1630 3252 Πάσχα
1677 3178 1764 3231 καὶ
1814 3185 1934 3240 ταῖς
1983 3185 2082 3232 κυ-

1458 360 1853 425 APOLOGIA
1895 357 2002 421 AD
2046 355 2606 420 CONSTAN'I‘IUM
2649 356 2812 419 IMP.

1819 494 2075 566 ἔμειυτου,
2109 493 2161 559 Α

3730 358 3850 421 630

2263 496 2350 551 27.
2385 501 2513 551 Haec
2546 511 2679 550 cum
2713 511 2943 551 mecum
2975 492 3419 566 perpenderem,
3450 491 3511 547 in
3543 490 3720 565 culpa
3750 510 3843 550 me

2192 604 2319 642 esse
2369 604 2479 640 non
2533 587 2860 641 arbitrabar
2894 602 2905 639 :
2963 585 3064 639 sed
3111 600 3244 638 cum
3278 583 3386 637 hac
3419 583 3679 653 Apologia
3712 599 3843 638 mea

2194 677 2261 732 ad
2290 682 2447 730 tuam
2474 677 2748 746 pietatem
2771 675 3350 745 properabam,tuam
3367 677 3726 742 compertam
3744 672 3843 726 ha-

2194 769 2335 822 bens
2368 765 2758 834 clementiam,
2785 780 3124 835 memorque
3154 768 3390 816 tuarum
3417 761 3742 816 certissime
3769 761 3843 815 {i-

2193 857 2282 911 dei
2318 856 2796 928 promissionum,
2832 855 3131 908 conﬁdens
3162 852 3303 906 item
3340 851 3473 906 huic
3508 851 3840 906 divinorum

2194 945 2636 1002 Proverbiorum
2687 945 3032 999 sententiis:
3090 942 3244 1013 Apud
3303 942 3601 1012 benignum
3655 957 3842 1010 regem

2191 1037 2398 1106 accepti
2451 1043 2577 1089 sunt
2626 1035 2772 1104 justi
2824 1049 3098 1088 scr-mones
3128 1033 3190 1087 9‘.
3247 1032 3376 1086 Jam
3433 1047 3524 1085 me
3584 1031 3694 1085 iter
3751 1030 3840 1084 in-

2193 1127 2491 1188 stituente,
2535 1124 2849 1195 relictaque
2900 1139 3116 1191 eremo,
3160 1121 3316 1177 fama
3361 1121 3629 1192 quaedam
3675 1121 3840 1176 dere-

2192 1221 2362 1287 pente
2394 1214 2726 1285 percrebuit
2760 1229 2772 1266 :
2822 1231 2946 1283 quae
2979 1212 3144 1266 initio
3176 1212 3413 1281 quidem
3449 1227 3630 1280 supra
3662 1209 3837 1263 fidem

2189 1306 2332 1366 visa,
2363 1309 2491 1376 post
2513 1321 2644 1359 vera
2667 1303 3026 1374 deprehensa
3047 1306 3156 1356 est.
3184 1301 3407 1356 Rumor
3431 1300 3691 1371 undique
3713 1315 3838 1370 per-

2188 1395 2532 1466 vagabatur,
2584 1393 2878 1446 Liberium
2935 1392 3264 1446 Romanum
3315 1390 3676 1462 episcopum,
3714 1405 3836 1442 ma-

2191 1500 2490 1556 gnumque
2532 1481 2698 1536 illum
2748 1481 2988 1536 Hosium
3039 1481 3097 1535 in
3151 1479 3442 1551 Hispaniis
3474 1479 3834 1550 episcopum,

2195 1572 2501 1628 Paulinum
2537 1571 2885 1638 Galliarum,
2918 1570 3256 1642 Dionysium
3291 1585 3521 1640 quoque
3565 1573 3620 1623 ct
3659 1572 3837 1623 Euse-

2190 1664 2376 1726 bium,
2404 1662 2601 1730 Italize,
2628 1660 2955 1716 Luciferum
2979 1659 3280 1724 Sardiniae,
3305 1664 3362 1712 et
3384 1658 3528 1713 alios
3550 1658 3836 1728 quosdam

2190 1752 2514 1823 episcopos,
2541 1752 2912 1823 presbyteros
2938 1755 2994 1804 et
3023 1749 3322 1812 diaconos,
3346 1748 3496 1816 quod
3530 1749 3838 1802 adversum

2189 1859 2296 1896 nos
2345 1841 2714 1895 subscribere
2763 1839 3118 1908 renuissent,
3170 1837 3228 1891 in
3278 1836 3547 1892 exsilium
3604 1835 3837 1891 missos.

2193 1931 2566 1986 Vincentium
2598 1947 2729 1985 vero
2751 1934 3113 2001 Capuanum,
3148 1927 3636 1983 Fortunatianum
3665 1926 3838 1997 Aqui-

2193 2021 2491 2085 leienscm,
2523 2020 2856 2075 Heremium
2890 2018 3495 2086 Thessalonicensem,
3520 2032 3841 2086 omnesque

2193 2108 2594 2164 Occidentales
2613 2108 3002 2180 episcopos,vi
3028 2125 3141 2162 non
3165 2107 3432 2174 minima,
3449 2107 3565 2161 imo
3589 2105 3843 2160 maxima

2191 2198 2486 2261 violentia,
2521 2198 2914 2269 gravibusque
2945 2197 3176 2267 injuriis
3207 2196 3443 2250 allectos
3475 2211 3625 2260 esse,
3657 2195 3840 2250 donec

2192 2288 2606 2360 pollicerentur
2650 2304 2709 2341 se
2753 2287 2810 2340 in
2858 2291 3151 2358 posterum
3189 2285 3497 2340 nobiscum
3531 2301 3644 2339 non
3678 2300 3840 2338 com-

2192 2378 2613 2432 municaturos.
2634 2377 2776 2430 Hinc
2799 2375 2966 2431 nobis
2990 2375 3382 2446 stupentibus,
3399 2391 3464 2429 ac
3482 2391 3549 2429 ea
3570 2374 3641 2428 de
3662 2388 3843 2427 causa

2192 2466 2621 2531 haesitantibus,
2656 2466 2836 2520 altera
2866 2482 2994 2520 ecce
3026 2465 3181 2519 fama
3212 2463 3553 2535 perlabitur,
3585 2479 3684 2518 eos
3725 2460 3838 2516 sci-

2192 2555 2326 2611 licet
2353 2557 2451 2627 qui
2483 2557 2538 2609 in
2558 2557 2797 2627 zEgypto
2821 2559 2877 2609 et
2902 2553 3071 2625 Libya
3091 2557 3304 2618 essent,
3329 2552 3634 2623 episcopos
3663 2566 3839 2622 prope

2191 2645 2510 2717 nonaginta
2536 2645 2998 2716 persecutionem
3025 2660 3260 2714 passos:
3289 2641 3570 2697 Ecclesiae
3595 2641 3712 2696 Arii
3743 2656 3838 2696 se-

2192 2735 2477 2806 quacibus
2509 2735 2754 2789 traditas
2781 2751 2792 2789 :
2828 2735 2886 2788 in
2915 2733 3185 2788 exsilium
3216 2731 3416 2804 pulsos
3444 2730 3698 2786 sedecim
3723 2729 3838 2802 epi-

2191 2842 2399 2896 scopos
2426 2842 2437 2878 :
2474 2824 2619 2879 alios
2642 2823 2729 2877 vel
2752 2828 2958 2894 sponte
2989 2822 3312 2892 aufugisse,
3335 2820 3422 2875 vel
3454 2821 3524 2876 ad
3560 2817 3840 2874 simulan-

2191 2915 2333 2969 dum
2358 2915 2594 2968 adactos
2614 2930 2761 2968 esse.
2781 2915 3029 2968 Tantam
3054 2912 3208 2966 enim
3234 2910 3350 2966 illic
3375 2908 3837 2982 persecutionem

2190 3004 2372 3058 fuisse
2397 3003 2732 3066 narrabant,
2759 3007 2822 3056 ut
2849 3003 2988 3056 dum
3013 3000 3386 3056 Alexandrini
3415 3000 3623 3053 fratres
3650 2997 3709 3052 in
3732 2998 3839 3051 Pa-

2191 3093 2374 3147 schali
2429 3091 2801 3147 solemnitate
2850 3096 2906 3146 et
2959 3089 3280 3146 Dominicis
3331 3089 3387 3142 in
3445 3088 3569 3142 loco
3611 3089 3839 3142 deserto

2195 3197 2374 3253 prope
2406 3179 2798 3234 cmmeterium
2826 3179 3073 3234 orationi
3106 3179 3532 3244 incumberent,
3559 3178 3676 3231 dux
3705 3193 3839 3230 cum

425 3269 635 3339 ριακαῖς
669 3263 718 3318 ἐν
753 3263 947 3339 ἐρήμῳ
976 3265 1131 3337 τόπῳ
1161 3263 1397 3334 πλησίον
1436 3271 1533 3320 τοῦ
1579 3266 1950 3340 κοιμητηρίου
1982 3271 2079 3341 (8),

2197 3288 2407 3341 magna
2429 3287 2604 3324 manu
2632 3270 2762 3340 plus
2782 3286 2958 3340 quam
2979 3269 3155 3323 trium
3185 3267 3434 3321 millium
3459 3265 3839 3335 militum,ar-

420 3352 512 3405 τὸν
563 3351 941 3428 στρατηλάτην
998 3355 1132 3426 μετὰ
1186 3352 1433 3424 πλήθους
1492 3362 1835 3431 στρατιωτῶν
1888 3355 2077 3411 πλεῖον

420 3440 770 3517 τρισχιλίων,
823 3440 968 3496 ὅπλα
1016 3443 1105 3497 καὶ
1155 3443 1280 3521 ξίφη
1334 3445 1512 3518 γυμνά
1558 3444 1648 3498 καὶ
1703 3443 1837 3520 βέλη
1888 3446 2079 3523 φερόν-

420 3549 551 3601 των,
608 3529 853 3585 ἐπελθεῖν
923 3531 1059 3586 κατὰ
1132 3536 1240 3585 τῶν
1303 3538 1660 3607 Χριστιανῶν,
1719 3533 1809 3587 καὶ
1885 3533 2076 3590 λοιπὸν

418 3622 643 3673 τοιαῦτα
690 3620 953 3695 γενέσθαι,
1007 3621 1096 3674 οἷα
1155 3620 1212 3674 ἂν
1273 3620 1487 3695 γένοιτο
1552 3622 1612 3676 ἐκ
1665 3622 1923 3693 τοιαύτης
1969 3623 2080 3678 ἐπι-

421 3705 655 3782 δρομῆς,
711 3713 848 3764 κατά
895 3713 1164 3783 γυναικῶν
1225 3710 1314 3764 καὶ
1381 3708 1612 3782 παίδων,
1675 3709 1827 3766 οὐδέν
1906 3711 2076 3767 πλέον

419 3795 724 3851 ποιούντων
758 3797 792 3865 ἢ
828 3796 1141 3873 εὐχομένων
1191 3803 1270 3870 τῷ
1308 3803 1440 3870 Θεῷ.
1477 3806 1794 3875 Διηγεῖσθαι
1842 3798 1898 3856 δὲ
1947 3801 2081 3856 αὐτὰ

419 3889 511 3939 νῦν
562 3882 688 3948 ἴσως
761 3885 1016 3961 ἀπρεπὲς,
1075 3888 1151 3960 μή
1228 3889 1328 3963 ἄρα
1394 3889 1483 3942 καὶ
1553 3889 1715 3962 μόνον
1782 3890 1988 3944 τούτων
2042 3895 2076 3960 ἡ

424 3976 616 4046 μνήμη
661 3971 864 4049 δάκρυα
913 3982 1040 4030 πᾶσι
1091 3978 1305 4050 κινήσῃ.
1343 3977 1442 4030 Καὶ
1491 3979 1594 4053 γάρ
1642 3978 1878 4050 τοσαύτη
1931 3981 1996 4049 ἦν
2043 3984 2076 4050 ἡ

419 4062 671 4135 ὠμότης,
699 4064 774 4126 ὡς
806 4065 1101 4141 παρθένους
1156 4067 1249 4139 μὲν
1298 4070 1653 4142 γυμνοῦσθαι,
1685 4074 1790 4122 τῶν
1838 4067 1894 4123 δε
1943 4071 2076 4123 ἀπο-

417 4152 686 4207 Θανόντων
741 4151 792 4209 ἐν
840 4158 946 4208 τῶν
1000 4153 1230 4232 πληγῶν
1288 4154 1428 4228 μηδὲ
1469 4158 1537 4210 τά
1579 4158 1805 4231 σώματα
1834 4161 2081 4234 παραυτά

417 4238 646 4311 δοθῆναι
696 4243 771 4305 εἰς
814 4245 1012 4317 ταφὴν,
1064 4242 1191 4299 ἀλλ’
1227 4242 1326 4314 ἔξω
1379 4245 1676 4321 ῥιπτεῖσθαι
1713 4251 1788 4322 (9)
1831 4254 1948 4311 τοῖς
1991 4271 2080 4304 κυ-

419 4331 522 4401 σὶν,
573 4326 678 4391 ἕως
736 4333 870 4402 μετά
908 4331 1134 4401 πολλῆς
1187 4333 1387 4405 ζημίας
1435 4338 1826 4411 κεκρυμμένως
1863 4336 2079 4412 κλέψω-

419 4439 499 4472 σιν
533 4419 586 4472 οἱ
617 4417 808 4472 οἰκεῖοι
853 4419 920 4472 τὰ
965 4423 1073 4472 τῶν
1133 4417 1281 4474 ἰδίων
1332 4423 1580 4495 σώματα,
1614 4425 1702 4478 καὶ
1753 4425 1929 4489 πολὺς
1979 4429 2075 4482 κά-

424 4527 590 4580 ματος
621 4505 842 4582 γένηται
873 4511 971 4560 τοῦ
1007 4505 1214 4579 μηδένα
1244 4513 1444 4585 γνῶναι
1475 4512 1599 4586 περὶ
1630 4513 1860 4572 τούτων.

491 4599 580 4652 28.
616 4595 691 4650 Τὰ
724 4593 781 4650 δὲ
821 4592 966 4651 ἄλλα
996 4598 1062 4650 τὰ
1100 4600 1368 4652 γενόμενα
1421 4597 1550 4652 ἴσως
1604 4602 1695 4652 μὲν
1748 4600 1777 4652 ἄ

569 4641 580 4654 .
616 4602 691 4650 Τὰ
724 4602 781 4650 δὲ
821 4602 966 4651 ἄλλα
996 4602 1062 4650 τὰ
1100 4602 1368 4673 γενόμενα
1421 4602 1550 4663 ἴσως
1602 4602 1695 4674 μὲν
1748 4602 1945 4658 ἄπιστα
1991 4627 2078 4660 νο-
2107 4621 2156 4686 D

425 4687 770 4759 μισθήσεται,
801 4684 891 4740 καί
921 4687 1126 4749 πάντας
1169 4686 1428 4759 ἐκπλήξει
1481 4687 1569 4744 διὰ
1615 4693 1714 4761 τήν
1766 4689 2076 4769 ὑπερϐολήν

415 4779 514 4830 τοῦ
586 4775 814 4848 μύσους.
879 4777 1202 4852 ’Δναγκαῖον
1256 4775 1313 4832 δὲ
1356 4777 1507 4851 ὅμως
1552 4779 1742 4851 εἰπεῖν,
1781 4779 1873 4836 ’ίνα
2008 4787 2072 4854 σή

418 4863 780 4942 φιλόχριστος
811 4863 1022 4934 σπουδή
1067 4865 1156 4920 καὶ
1209 4863 1483 4922 θεοσέϐεια
1534 4871 1696 4943 μάθῃ,
1735 4871 1808 4933 ὡς
1858 4873 1911 4926 αἱ
1958 4875 2075 4927 καθ’

415 4955 579 5028 ἡμῶν
614 4949 868 5010 διαϐολαὶ
896 4955 987 5009 καὶ
1036 4955 1386 5035 συκοφαντίαι
1438 4955 1506 5011 δι’
1559 4956 1710 5013 οὐδὲν
1755 4956 1936 5037 ἕτερον
1987 4984 2073 5038 γε-

411 5043 629 5120 γόνασιν
682 5044 718 5112 ἢ
763 5041 857 5099 ’ίνα
897 5046 1048 5117 ἡμᾶς
1085 5046 1179 5119 μὲν
1225 5041 1497 5102 ἐκϐάλωσι
1546 5053 1653 5102 τῶν
1708 5047 2070 5124 Ἐκκλησιῶν,

410 5133 511 5202 τήν
553 5129 612 5187 δὲ
663 5130 799 5188 ἰδίαν
857 5128 1101 5190 ἀσέϐειαν
1153 5135 1569 5214 ἀντεισενεγκεῖν
1622 5135 1912 5209 δυνηθῶσι.
1955 5147 2070 5198 Τῶν

481 5277 528 5313 9‘
555 5280 723 5333 Prov.
755 5293 871 5347 xw,
905 5279 993 5334 13.

481 5421 558 5494 (4)
593 5422 679 5477 Ita
708 5421 848 5494 Reg.
884 5421 1154 5494 Ineditis
1184 5440 1320 5480 vero
1362 5422 1414 5477 ἐν
1447 5425 1632 5482 deest.

410 5491 754 5632 MEiLReg”
800 5491 903 5560 τῆς
957 5491 1274 5564 Ἀκυληίας.
1327 5497 1478 5552 Editi
1529 5515 1684 5568 vero,
1732 5500 1839 5552 τῶν
1895 5499 2062 5554 Ἀκυ-

413 5704 424 5717 ,
481 5636 561 5717 (εξ)
594 5636 658 5717 In
689 5635 863 5717 editis
892 5641 1028 5708 post
1058 5636 1189 5717 Εἶτα
1220 5638 1437 5713 legitur
1464 5638 1572 5709 καί,
1609 5642 1710 5698 sed
1745 5660 1879 5700 cum
1910 5644 2063 5702 desit

409 5707 469 5761 in
502 5707 965 5781 Regtomissu’m
994 5714 1104 5767 est.

2194 3378 2310 3424 ma,
2344 3360 2640 3414 districtos
2673 3359 2920 3430 gladios,
2955 3358 3185 3429 telaque
3217 3356 3549 3420 ferentium,
3585 3355 3642 3409 in
3674 3355 3840 3408 Chri-

2193 3451 2413 3504 stianos
2440 3449 2751 3521 irruperit:
2787 3466 2851 3502 ac
2880 3454 3081 3519 postea
3102 3445 3378 3501 taliaillic
3401 3449 3731 3516 perpetrata
3764 3444 3842 3499 fa-

2191 3539 2388 3594 cinora
2421 3539 2622 3604 fuisse,
2650 3536 2845 3609 qualia
2876 3536 3064 3592 solent
3094 3537 3150 3589 in
3183 3534 3474 3606 ejusmodi
3507 3533 3836 3588 invasione:

2191 3645 2375 3700 eaque
2408 3632 2610 3682 contra
2641 3625 2916 3681 mulieres
2949 3631 3003 3680 et
3037 3624 3306 3698 parvulos
3341 3629 3524 3694 gesta,
3557 3623 3657 3694 qui
3690 3622 3838 3677 nihil

2193 3718 2347 3773 aliud
2377 3717 2512 3770 mali
2541 3716 3130 3786 admisissent,quam
3155 3714 3309 3785 quod
3330 3714 3510 3768 Deum
3538 3728 3840 3784 precaren-

2190 3812 2308 3861 tur.
2343 3806 2472 3860 Ilaec
2502 3822 2656 3859 nunc
2687 3820 2955 3858 enarrare
2997 3805 3139 3858 forte
3180 3820 3293 3857 non
3347 3803 3548 3869 decet;
3600 3819 3671 3857 ne
3718 3801 3842 3857 sola

2191 3896 2398 3951 horum
2437 3893 2717 3950 memoria
2749 3894 3024 3949 omnibus
3055 3891 3342 3965 lacrymas
3374 3895 3621 3946 moveat.
3652 3891 3841 3944 Tanta

2191 3985 2406 4056 quippe
2439 3984 2590 4039 248
2625 3983 2724 4037 illa
2757 3982 2865 4036 fuit
2893 3981 3257 4048 immanitas,
3291 3985 3356 4034 ut
3401 3979 3656 4051 virgines
3701 3978 3839 4050 ipsae

2192 4076 2572 4138 nudarentur,
2606 4089 2847 4143 corpora
2887 4077 3081 4126 autem
3132 4087 3333 4125 eorum
3383 4069 3484 4142 qui
3538 4069 3589 4123 vi
3639 4067 3834 4140 plaga-

2192 4180 2318 4217 rum
2353 4161 2625 4216 exstincti
2670 4163 2920 4227 fuerant,
2954 4177 3065 4213 non
3101 4157 3300 4213 statim
3351 4159 3422 4212 ad
3474 4156 3838 4229 sepulturam

2189 4252 2576 4318 traderentur,
2603 4251 2701 4305 sed
2739 4249 2877 4304 foris
2909 4250 3153 4303 canibus
3189 4249 3629 4320 projicerentur,
3655 4247 3837 4301 donec

2190 4357 2323 4396 cum
2355 4341 2577 4412 ingenti
2610 4337 2866 4410 periculo
2888 4337 3119 4410 cognati
3152 4354 3392 4394 suorum
3416 4353 3658 4407 corpora
3687 4335 3836 4390 clam

2189 4430 2614 4485 subducerent:
2637 4428 2736 4499 qui
2759 4426 2914 4481 haud
2939 4427 3066 4482 sine
3089 4442 3300 4499 magno
3322 4425 3516 4479 labore
3534 4429 3834 4492 curarunt,

2189 4535 2261 4574 ne
2297 4517 2552 4588 cuipiam
2586 4522 2724 4570 nota
2755 4532 2845 4570 res
2876 4524 3048 4570 esset.

2258 4609 2348 4662 28.
2385 4606 2630 4678 Reliqua
2662 4612 2856 4660 autem
2889 4605 3104 4677 ﬂagitia
3133 4601 3423 4676 ejusmodi
3455 4606 3595 4657 sunt
3634 4605 3699 4657 ut
3746 4601 3833 4656 in-

2188 4696 2489 4753 credibilia
2521 4697 2664 4750 ferte
2696 4695 3024 4762 videantur,
3056 4694 3450 4763 omnibusque
3493 4691 3564 4747 ob
3615 4691 3833 4746 facino-

2187 4804 2317 4843 rum
2350 4785 2715 4842 atrocitatem
2749 4789 3044 4856 stuporem
3073 4784 3335 4838 afferant.
3362 4782 3607 4837 Necesse
3637 4785 3834 4836 tamen

2185 4883 2272 4932 est
2302 4894 2370 4931 ea
2399 4891 2694 4941 enarrare,
2727 4878 2792 4928 ut
2833 4879 2934 4929 tua
2972 4873 3196 4929 Christo
3229 4873 3462 4927 addicta
3509 4887 3651 4926 cura
3698 4870 3832 4926 reli-

2184 4966 2398 5039 gioque
2454 4964 2661 5034 discat,
2716 4961 3156 5018 criminationes
3213 4960 3657 5031 calumniasque
3717 4976 3833 5014 non

2183 5055 2296 5111 alio
2330 5058 2615 5126 Spectare,
2648 5068 2825 5125 quam
2857 5056 2923 5107 ut
2959 5067 3065 5107 nos
3096 5068 3165 5106 ex
3191 5049 3465 5106 Ecclesiis
3495 5047 3830 5113 deturbant,

2182 5160 2472 5216 suamque
2528 5143 2890 5215 impietatem
2945 5139 3317 5197 introducere
3372 5138 3626 5196 valeant.
3679 5137 3830 5194 Nam

2246 5432 2321 5502 (7)
2355 5430 2486 5485 Haec
2516 5433 2866 5502 enarrantur
2903 5427 3079 5502 etiam
3127 5428 3188 5502 in
3237 5426 3501 5502 sequenti
3533 5425 3824 5497 Apologia.

2174 5498 2546 5573 sedecimque
2574 5501 2658 5555 illi
2699 5501 2954 5572 episcopi
2986 5501 3238 5573 exsules,
3276 5498 3678 5554 nominantur.

2244 5576 2320 5645 (8)
2355 5570 2607 5645 Πλησίον
2623 5575 2718 5625 τοῦ
2736 5570 3032 5644 -κοιμητηρ
3044 5570 3145 5627 ίου.

2244 5642 2319 5718 (9)
2355 5646 2517 5718 Reg.,
2556 5642 2855 5720 ῥίπτεσθαι.
