2066 3188
0 2779 5 2812 ῑ
39 2809 42 2815 ς

0 2831 5 2855 ι
27 2849 45 2854 ν-

171 174 228 206 631

439 177 472 208 S.
495 177 711 209 ATHANASll
734 178 820 209 OPP.
845 178 945 210 PARS
967 178 992 210 Ῐ.
1010 194 1048 202 -
1064 179 1275 212 HISTORIGA
1296 182 1349 213 ET
1369 181 1614 215 DOGMATICA.

1823 183 1884 217 639

172 244 330 280 postquam
345 243 403 272 veri
421 246 449 272 et
471 245 615 280 grandaevi
633 245 772 282 episcopi,
790 246 837 274 alii
867 247 895 275 in
922 248 993 275 exsi-

1056 245 1107 283 γᾶρ
1124 246 1262 281 ἀληθινῶν
1278 247 1323 275 καὶ
1344 247 1484 276 πολυετῶν
1511 248 1664 277 ἐπισκόπων
1689 251 1744 277 τῶν
1769 249 1816 287 μὲν
1843 249 1884 287 ἐξ·

172 286 244 315 lium
261 288 349 325 pulsi,
365 289 414 317 alii
431 290 460 317 in
474 290 571 325 fugam
585 291 659 319 versi
676 294 782 326 essent,
795 292 900 320 ethnici
915 293 996 320 dein-

173 341 251 369 ceps,
268 334 480 367 catechumeni,
499 338 527 362 et
551 336 600 370 qui
623 336 733 371 primas
749 337 777 364 in
795 340 896 365 senatu
913 339 996 366 sedes

172 381 359 414 occuparent,
377 387 409 406 ac
434 379 483 415 qui
509 380 678 408 divitiarum
703 382 780 409 fama
802 382 930 410 celebres
950 391 995 410 es-

171 425 246 455 sent,
260 423 491 452 Christianorum
504 425 575 457 vice,
587 426 727 460 jubentur
741 426 817 462 piam
831 427 866 454 ab
882 428 996 456 Arionis

170 467 258 495 ﬁdem
274 469 413 497 ediscere.
430 471 486 497 Nec
514 469 602 503 ultra,
621 471 707 506 juxta
733 472 861 507 Apostoli
888 481 996 505 praece-

168 514 251 548 ptum
268 513 300 547 π,
328 515 523 549 quaerebatur,
550 525 619 543 num
646 517 712 552 quis
741 517 997 553 irreprehensibilz‘s

166 559 254 584 esset.
287 558 352 591 Sed,
384 567 464 586 more
493 560 663 596 impiissimi
690 561 858 590 Jeroboami
881 563 912 594 οδ,
944 561 995 598 qui

166 599 233 635 plus
244 602 307 629 auri
322 603 461 638 penderet
477 604 502 631 is
516 606 724 633 nominabatur
737 607 901 643 episcopus.
916 607 993 634 Nihil

165 646 308 674 curabant
323 647 417 683 impii,
434 648 457 676 si
483 648 526 676 vel
552 649 687 677 ethnicus
711 650 759 678 ille
784 654 872 683 esset,
888 661 993 679 aurum

167 691 255 718 modo
280 692 370 720 daret.
398 692 476 721 Pulsi
504 694 604 730 itaque
634 697 704 723 sunt
727 696 775 731 qui
801 697 928 733 episcopi
957 698 993 725 ab

167 734 330 764 Alexandro
359 737 485 766 ordinati
514 739 638 772 fuerant,
665 741 801 768 monachi
826 744 854 769 et
878 745 992 770 ascetaz.

167 779 212 807 Illi
223 782 332 815 autem,
349 782 446 810 callidi
464 792 534 811 sane
549 783 761 813 calumniarum
775 787 911 820 artiﬁces,
924 796 993 823 apo-

166 825 300 854 stolicam
316 826 555 856 constitutionem
572 832 715 864 quantum
738 830 821 858 licuit
836 831 992 866 violarunt,

166 870 363 907 ecclesiasque
391 873 635 901 contaminavere.
663 875 754 911 quue
783 874 845 903 suis
874 876 993 904 ellecere

166 913 334 949 calumniis,
351 917 383 943 ut
406 916 449 943 vel
472 916 544 953 ipsis
564 918 622 946 tuis
638 920 820 955 temporibus
837 920 914 956 leges
930 921 993 948 νιο-

166 958 237 992 lare,
253 961 341 996 atque
365 961 511 996 ejusmodi
538 962 668 991 facinora
693 964 848 992 admittere
870 965 993 993 facultas

167 1006 246 1032 esset
261 1012 267 1032 :
285 1005 318 1032 ut
331 1013 381 1033 eos
396 1008 529 1042 spectare
544 1007 677 1035 videatur
690 1008 761 1036 illud
777 1009 932 1046 Scriptura:
949 1010 992 1037 di-

168 1049 248 1076 ctum
266 1057 272 1077 :
301 1051 355 1078 Vx
371 1058 421 1086 per
435 1059 502 1086 quos
516 1060 616 1080 nomen
630 1061 722 1080 meum
744 1054 949 1090 blasphematur
962 1056 992 1082 in

167 1093 295 1129 gentibus
311 1094 342 1121 ³⁷.

201 1138 246 1166 29.
265 1139 364 1175 Itaque
388 1139 418 1167 hi
443 1149 510 1168 cum
536 1150 669 1170 rumores
690 1145 797 1178 essent,
816 1152 849 1171 ac
873 1152 924 1172 sus
946 1144 993 1171 de-

167 1191 225 1218 que
245 1184 344 1212 omnia
368 1184 489 1219 abirent,
508 1194 544 1214 ne
569 1187 611 1214 sic
635 1187 753 1222 quidem
777 1196 873 1216 meam
899 1189 991 1216 minui

165 1226 357 1261 alacritatem.
374 1230 423 1258 sed
442 1231 597 1267 pergebam
614 1232 650 1259 ad
666 1234 747 1260 tuam
763 1232 902 1268 pietatem
921 1240 926 1259 :
945 1241 991 1261 eo-

164 1280 221 1308 que
235 1272 408 1309 diligentius
424 1283 482 1311 quo
497 1276 673 1304 confiderem
696 1285 729 1304 ea
756 1280 860 1313 praeter
877 1278 992 1313 pietatis

164 1318 221 1344 tuos
238 1318 414 1346 sententiam
436 1321 619 1355 perpetrari:
646 1323 734 1357 atque
758 1322 808 1349 ubi
834 1330 880 1349 res
906 1325 992 1358 gesta:

165 1360 343 1390 humanitati
354 1365 412 1391 tua;
424 1366 578 1400 compertae
591 1365 694 1399 forent,
707 1368 735 1393 te
748 1375 784 1394 ne
797 1367 825 1394 in
842 1369 991 1402 posterum

165 1413 200 1433 ea
210 1406 313 1434 fierent
323 1410 494 1436 curaturum
506 1417 512 1437 :
529 1411 610 1437 ratus
622 1419 807 1446 nequaquam
822 1411 850 1439 id
863 1411 991 1447 religiosi

165 1457 230 1478 esse
253 1450 449 1486 imperatoris,
470 1455 503 1480 ut
526 1454 679 1490 episcopos
703 1455 846 1489 exsulare,
864 1456 991 1492 virgines

165 1495 281 1530 nudari,
298 1498 348 1523 aut
372 1496 431 1524 ullo
451 1498 538 1525 modo
562 1499 698 1527 ecclesias
725 1500 836 1528 turbari
852 1501 989 1536 patiatur.

163 1539 219 1567 Sed
235 1539 297 1568 hec
312 1541 396 1569 nobis
412 1541 510 1570 animo
525 1544 721 1577 versantibus,
740 1547 827 1581 atque
847 1545 902 1573 iter
927 1554 990 1581 per-

164 1591 250 1620 agere
265 1585 483 1619 festinantibus,
501 1595 567 1616 ecce
591 1589 676 1616 tertio
702 1590 822 1625 quidam
846 1590 990 1618 increbuit

164 1636 275 1662 rumor,
299 1629 411 1659 litteras
432 1632 598 1660 Auxumeos
620 1623 751 1669 tyrannis
767 1643 831 1662 esse
847 1635 941 1668 datas,
958 1637 991 1663 ut
1006 1623 1027 1656 C

165 1676 302 1701 curarent
317 1674 519 1704 Frumentium
535 1678 702 1706 Auxumeos
723 1679 893 1716 episcopum
910 1679 991 1708 illinc

166 1717 271 1746 abduci
288 1726 295 1745 :
313 1727 359 1747 me
375 1728 491 1756 quoque
507 1722 710 1757 perquirerent
724 1732 818 1760 usque
834 1725 869 1752 ad
886 1725 990 1753 barba-

165 1770 265 1790 rorum
280 1764 384 1798 terras,
401 1766 430 1792 et
445 1765 480 1793 ad
503 1768 705 1801 prefectorum
721 1770 943 1803 commentaria,
959 1771 993 1798 ut

165 1809 279 1842 vocant,
295 1809 530 1838 transmitterent
543 1819 549 1838 :
566 1812 690 1848 populos
704 1821 737 1841 ac
752 1814 873 1842 clericos
888 1823 991 1843 omnes

165 1851 317 1888 adigerent
329 1853 364 1880 ad
381 1856 660 1885 communicandum
672 1866 740 1886 cum
751 1859 858 1887 Ariana
868 1859 989 1887 haeresi:

164 1896 189 1924 si
207 1897 257 1932 qui
272 1905 330 1925 non
341 1906 452 1927 morem
467 1904 612 1936 gererent,
622 1901 689 1930 illos
699 1902 918 1931 interﬁciendos
932 1905 991 1932 sat-

165 1943 293 1977 agerent.
320 1942 356 1971 Ut
379 1946 476 1972 autem
492 1945 590 1981 palam
617 1945 668 1980 sit,
692 1946 768 1975 hanc
795 1947 916 1982 famam,
933 1956 992 1976 non

164 1986 253 2015 verbo
267 1989 395 2022 tantum,
410 1989 461 2017 sed
472 1991 561 2018 rebus
570 1989 662 2028 gestis
674 1991 893 2027 comprobatam
908 2000 990 2028 esse;

166 2038 233 2059 cum
246 2031 322 2060 bona
331 2032 528 2063 humanitatis
538 2036 596 2063 tua
606 2032 702 2067 venia,
713 2042 750 2062 en
766 2035 861 2072 ipsam
877 2036 991 2072 profero

166 2075 332 2112 epistolam,
346 2086 435 2114 quam
450 2075 496 2107 illi
509 2085 612 2107 necem
624 2079 782 2116 unicuique
797 2079 991 2110 interminan-

165 2121 210 2149 tes
225 2121 394 2158 frequenter
407 2122 587 2152 lectitarunt.

200 2211 245 2239 30.
261 2211 417 2249 Exemplar
439 2212 569 2250 epistolas
587 2221 593 2241 :
727 2247 730 2250 λ

204 2265 497 2296 νιαυτιυωαπιῑω
517 2267 654 2331 {tegulam
675 2268 812 2306 Augustus
835 2270 956 2300 Alexan-

577 2313 596 2331 η
609 2313 631 2331 S.

551 2312 631 2332 ηηῑς.

205 2346 280 2375 Urbs
295 2347 416 2384 quidem
429 2350 536 2383 vestra,
552 2349 647 2385 patrio
662 2358 753 2387 more,
766 2358 823 2379 non
839 2351 996 2380 immemor

167 2391 286 2420 virtutis
302 2392 487 2421 conditorum
509 2402 642 2431 suorum,
659 2403 689 2423 se
714 2396 934 2432 obsequentem,
951 2396 995 2424 uti

168 2435 289 2472 solebat,
308 2437 471 2465 etiamnum
487 2438 629 2467 exhibuit.
644 2439 703 2468 Nos
721 2448 789 2468 vero
813 2441 870 2469 nisi
895 2442 994 2478 ipsum

166 2481 362 2510 Alexandrum
378 2482 578 2512 benevolentia
593 2484 623 2512 in
643 2487 769 2513 vestram
785 2486 889 2514 urbem
905 2494 994 2523 supe-

165 2528 310 2561 raremus,
320 2535 378 2555 non
392 2528 576 2557 mediocriter
586 2529 671 2557 nobis
682 2537 803 2566 peccare
816 2530 992 2559 videremur.

162 2570 244 2599 Sicut
253 2571 332 2600 enim
345 2573 548 2608 temperantiae
558 2574 710 2610 proprium
720 2576 776 2607 est,
783 2583 814 2602 se
825 2576 993 2603 modestum

164 2614 194 2643 in
201 2615 279 2644 249
285 2616 425 2645 omnibus
435 2618 575 2653 praebere:
584 2618 626 2647 sic
636 2618 831 2655 imperatoriae
840 2620 994 2656 dignitatis

164 2660 365 2694 est,virtntem
371 2662 480 2698 (sinite,
489 2671 598 2699 quasso,
605 2663 712 2700 dicere)
722 2663 848 2693 maxime
858 2665 992 2693 omnium

1055 292 1226 327 ορισθέντων,
1256 294 1310 319 τῶν
1335 291 1363 320 δὲ
1387 293 1616 332 φυγαδευθέντων,
1642 294 1743 322 ἐθνικοὶ
1770 293 1881 333 λοιπὸν,

1052 336 1267 372 κατηχούμενοι,
1283 337 1328 364 καὶ
1345 338 1370 365 οἱ
1386 338 1419 365 τὰ
1434 341 1528 376 πρῶτα
1546 343 1596 374 τῆς
1630 339 1733 377 βουλῆς
1758 337 1881 378 ἔχοντες,

1051 380 1096 406 καὶ
1113 381 1138 407 οἱ
1155 380 1179 408 ἐν
1199 380 1312 418 πλούτῳ
1337 380 1479 418 διαϐόητοι
1510 383 1568 410 ἀντὶ
1591 386 1756 422 Χριστιανῶν
1782 381 1878 421 εὐσεϐῆ

1051 424 1140 452 πίστιν
1157 426 1393 464 παραγγέλλονται
1425 429 1497 464 παρὰ
1525 430 1578 455 τῶν
1605 429 1750 465 Ἀρειανῶν
1776 428 1879 466 ὁμιλή-

1052 480 1127 497 σωσι.
1146 470 1195 497 Καὶ
1212 471 1302 498 οὐκέτι
1328 472 1386 508 μὲν,
1404 473 1441 504 ὡς
1466 472 1649 511 παρήγγειλεν
1668 474 1681 501 ὁ
1697 472 1878 510 Ἀπόστολος,

1052 513 1078 541 εἷ’
1102 514 1144 546 τίς
1174 514 1243 542 ἐστιν
1275 516 1470 553 ἀνεπίληπτος,
1493 517 1614 552 ἐζητεῖτο
1643 519 1723 555 (10)·
1754 519 1792 550 ὡς
1821 516 1880 547 δὶὸ

1051 557 1228 591 ἀσεϐέστατος
1257 559 1400 599 Ὶεροϐοᾶμ
1432 562 1592 597 πεποίηκεν,
1621 563 1634 591 ὁ
1661 562 1756 591 πλεῖον
1788 562 1880 595 διδοὺς

1051 604 1163 642 χρυσίον
1187 605 1331 642 ὠνομάσθη
1358 606 1515 638 ἐπίσκοπος.
1543 608 1591 635 Καὶ
1622 607 1652 635 οὐ
1678 606 1797 647 διέφερεν
1828 607 1880 636 αὖ·

1048 652 1117 685 τοῖς,
1135 649 1157 677 εἷ
1172 649 1220 677 κᾶν
1240 651 1343 682 ἐθνικὸς
1370 651 1512 690 ἐτύγχανε,
1531 652 1614 689 μόνον
1631 652 1654 679 εἶ
1670 652 1784 691 χρυσίον
1808 663 1880 691 παρ-

1050 697 1118 731 εἶχε.
1150 695 1198 722 Καὶ
1223 696 1248 722 οἱ
1269 697 1323 733 (ll)
1357 698 1402 733 μὲν
1432 697 1485 724 ἀπὸ
1515 696 1692 736 Ἀλεξάνδρου
1722 697 1878 735 ἐπίσκοποι,

1052 739 1215 775 μονάζοντες
1239 741 1284 768 καὶ
1310 741 1437 776 ἀσκηταὶ,
1455 741 1656 780 ἐξωρίσθησαν³
1687 742 1712 769 cl.
1742 740 1771 769 δὲ
1799 740 1879 782 σοφοὶ

1049 785 1111 821 περὶ
1133 785 1180 816 τὰς
1207 783 1337 817 διαϐολὰς
1364 785 1526 825 διέφθειραν,
1553 786 1584 814 τὸ
1613 786 1675 814 ὅσον
1705 787 1747 814 ἐπ’
1773 786 1877 823 αὐτοῖς,

1048 829 1097 863 τήν
1141 829 1326 864 ἀποπολικῆν
1367 830 1506 867 διάταξιν,
1549 831 1592 858 καὶ
1638 832 1686 863 τὰς
1730 831 1877 867 ἐκκλησίας

1049 873 1171 910 ἐμίαναν,
1197 874 1307 912 Μεγάλαι
1335 886 1366 913 γε
1396 875 1542 915 ἐκέρδησαν
1569 876 1656 904 αὐτῶν
1686 877 1714 904 αἱ
1744 887 1877 916 συκοφαν-

1047 918 1173 954 τίαι,“ίνα
1271 920 1364 952 αὐτοῖς
1389 924 1569 958 παρανομεῖν,
1584 922 1629 948 καὶ
1654 924 1766 949 τοιαῦτα
1790 921 1878 959 πράτ-

1048 974 1102 991 τειν
1118 963 1143 991 ἐν
1160 967 1219 996 τοῖς
1235 967 1293 996 σοῖς
1305 967 1413 1003 καιροῖς
1424 976 1430 983 ·
1462 965 1531 993 ὥστε
1559 966 1617 993 κατ’
1634 965 1722 994 αὐτῶν
1752 966 1820 994 εἶναι
1846 965 1879 994 τὸ

1048 1010 1233 1047 γεγραμμέεον
1248 1019 1254 1024 ·
1279 1009 1345 1037 Οὐαὶ
1371 1009 1406 1037 δι’
1430 1010 1476 1042 οὒς
1501 1011 1533 1038 τὸ
1558 1009 1644 1048 ἕνομά
1670 1022 1722 1048 μου
1753 1011 1878 1051 βλασφη-

1051 1057 1139 1090 μεῖται
1157 1054 1182 1081 ἐν
1197 1057 1257 1085 τοῖς
1273 1053 1386 1087 ἔθνεσιν.

1141 829 1326 864 ἀποπολικῆν
1367 830 1506 867 διάταξιν,
1549 831 1592 858 καὶ

1082 1145 1126 1171 29.
1158 1143 1295 1171 Τοιούτων
1324 1143 1370 1171 οὖν
1398 1142 1482 1172 ὅντων
1512 1147 1567 1173 τῶν
1605 1143 1810 1183 θρυλουμένων,
1832 1146 1879 1174 καὶ

1046 1190 1099 1215 τῶν
1128 1190 1297 1226 πραγμάτων
1323 1189 1379 1216 ἅνω
1403 1190 1447 1217 καὶ
1472 1190 1546 1218 κάτω
1570 1189 1677 1218 πάντων
1709 1190 1877 1228 ἀνατετραμ-

1050 1233 1148 1269 μένων,
1165 1233 1241 1270 ὅμως
1258 1234 1308 1261 οὐκ
1323 1234 1440 1270 ἀπέστην
1467 1235 1522 1272 ἐγὼ
1545 1238 1595 1270 τῆς
1622 1234 1786 1273 προθυμίας,
1803 1233 1878 1263 ἀλλὰ

1047 1277 1129 1305 πάλιν
1147 1278 1265 1316 εἰχόμην
1282 1282 1332 1314 τῆς
1346 1278 1410 1306 ὁδοῦ
1426 1280 1494 1318 πρὸς
1510 1280 1559 1314 τὴν
1575 1280 1624 1314 σὴν
1652 1277 1790 1308 εὐσέϐειαν
1801 1289 1808 1295 ·
1830 1280 1877 1308 καὶ

1046 1324 1127 1349 τοῦτο
1156 1322 1261 1359 μᾶλλον
1292 1323 1503 1362 σπουδαιότερον
1533 1323 1676 1362 ἔπραττον,
1699 1324 1817 1363 autem,
1835 1324 1879 1353 ὅτι

1046 1367 1120 1401 παρὰ
1157 1367 1271 1405 γνώμην
1310 1369 1357 1404 μὲν
1396 1372 1447 1404 τῆς
1484 1372 1534 1404 σῆς
1564 1367 1700 1401 εὐσεϐείας
1730 1369 1878 1408 ἐπράττετο

1046 1414 1148 1439 ταῦτα·
1177 1412 1199 1439 εἰ
1217 1413 1300 1448 μάθοι
1316 1412 1344 1440 δὲ
1360 1414 1377 1448 ἡ
1394 1414 1427 1448 σὴ
1453 1413 1646 1452 φιλανθρωπία
1673 1414 1707 1442 τὰ
1735 1414 1876 1453 γενόμενα,

1046 1455 1164 1484 κωλύσει
1189 1459 1237 1485 τοῦ
1264 1456 1364 1485 λοιποῦ
1379 1458 1519 1497 γενέσθαι·
1552 1460 1590 1496 μή
1615 1460 1667 1496 γὰρ
1693 1458 1758 1487 εἶναι
1787 1459 1877 1488 θεοσε-

1047 1498 1113 1532 ϐοῦς
1141 1501 1276 1539 βασιλέως
1303 1501 1390 1530 θέλειν
1427 1502 1589 1541 ἐξορίζεσθαι
1627 1503 1802 1540 ἐπισκόπους,
1831 1503 1877 1533 καὶ

1046 1547 1211 1584 γυμνοῦσθαι
1238 1547 1394 1585 παρθένονς,
1424 1546 1443 1582 ἤ
1472 1547 1546 1580 ὅλως
1574 1549 1623 1580 τὰς
1652 1547 1799 1584 ἐκκλησίας
1827 1558 1875 1578 τω-

1047 1590 1196 1628 ράττεσθαι.
1228 1590 1316 1619 Ἀλλά
1343 1594 1455 1619 τοιαῦτα
1483 1591 1682 1630 λογιζομένους
1716 1593 1793 1630 ἡμᾶς
1830 1591 1875 1620 καὶ

1047 1633 1211 1667 σπεύδοντας
1233 1636 1258 1663 ἐν
1274 1638 1333 1668 ταῖς
1351 1635 1437 1674 ὁδοῖς,
1455 1635 1514 1664 ἰδοὺ
1538 1636 1620 1665 πάλιν
1645 1637 1723 1676 τρίτη
1744 1647 1788 1669 τις
1812 1647 1877 1666 κατ-

1047 1678 1142 1707 έλαϐεν
1159 1681 1240 1716 ἀκοὴ,
1259 1680 1299 1709 ὅτι
1316 1681 1463 1720 γέγραπται
1478 1684 1539 1713 τοῖς
1559 1680 1586 1710 ἐν
1610 1681 1746 1719 Δύξούμει
1761 1681 1818 1719 (12)
1832 1692 1879 1710 τυ-

1046 1724 1164 1763 ράννοις,
1182 1725 1251 1753 ὥστε
1267 1726 1452 1765 Φρουμέντιον
1468 1726 1515 1754 τὸν
1535 1725 1682 1754 ἐπίσκοπον
1706 1725 1756 1760 τῆς
1777 1725 1880 1760 A6506-

1047 1780 1120 1806 μεως
1137 1769 1235 1798 ἐκεῖθεν
1250 1770 1383 1809 ἀχθῆναι,
1399 1770 1445 1798 καὶ
1467 1770 1518 1808 έμὶ
1547 1770 1595 1807 μὶν
1627 1769 1711 1808 μέχρι
1737 1771 1788 1803 τῆς
1812 1769 1879 1806 βαρ-

1046 1812 1136 1853 ϐάρων
1169 1817 1318 1851 ζητεῖσθαι,
1346 1814 1394 1843 καὶ
1423 1814 1462 1846 εἷς
1490 1814 1524 1842 τὰ
1553 1813 1689 1852 λεγόμενα
1706 1812 1878 1850 Κομεντάρια

1044 1861 1098 1887 τῶν
1138 1859 1266 1898 ἐπάρχων
1295 1859 1536 1898 παραπέμπεσθαι,
1566 1856 1630 1888 τοὺς
1661 1855 1690 1884 δὲ
1718 1855 1802 1887 λαοὺς
1831 1856 1876 1883 καὶ

1044 1903 1109 1935 τοὺς
1136 1902 1289 1942 κληρικοδς
1316 1903 1420 1934 πάντας
1449 1901 1643 1940 ἀναγκάζεσθαι
1670 1903 1811 1929 κοινωνεῖν
1842 1903 1876 1937 τῇ

1045 1949 1168 1986 ’Δρειανῇ
1193 1948 1313 1987 αἱρέσει·
1339 1946 1384 1975 ἐὰν
1411 1945 1440 1974 δὲ
1465 1947 1504 1983 μή
1531 1945 1729 1980 ὑπακούσωσιν,
1755 1945 1875 1980 ἀποθνή-

1046 2003 1119 2020 σκειν
1133 1991 1198 2024 τοὺς
1219 1991 1372 2023 τοιούτους.
1390 1991 1440 2018 Καὶ
1465 1990 1506 2018 ὅτι
1532 1991 1562 2018 οὐ
1586 1990 1663 2027 λόγῳ
1691 1990 1772 2027 μόνον
1798 1989 1876 2028 ἐθρυ-

1046 2035 1122 2065 λεῖτο
1133 2038 1230 2072 ταῦτα,
1247 2034 1320 2064 ἀλλὰ
1335 2034 1364 2063 δὲ
1377 2035 1469 2067 αὐτοῖς
1483 2035 1574 2074 ἔργοις
1600 2034 1736 2063 ἐδείκνυτο
1749 2044 1754 2050 ·
1781 2033 1875 2069 ἐπειδή

1046 2081 1235 2120 συνεχώρησεν
1251 2081 1268 2115 ἡ
1285 2081 1318 2115 εινῆ
1335 2080 1535 2119 φιλανθρωπία,
1554 2079 1613 2107 ἰδοὺ
1629 2080 1673 2108 καὶ
1689 2082 1706 2115 ἡ
1724 2079 1855 2115 ἐπιστολή
1868 2091 1874 2098 ·

1044 2124 1147 2161 ταύτην
1173 2126 1225 2164 γὰρ
1256 2125 1353 2153 ἐκεῖνοι
1379 2127 1499 2163 συνεχῶς
1523 2125 1714 2163 ἀνεγίνωσκον,
1731 2124 1875 2153 ἀπειλοῦν-

1045 2180 1089 2198 τες
1103 2169 1208 2206 ἑκάστῳ
1223 2170 1337 2197 θάνατον
1345 2192 1349 2199 .

1081 2216 1126 2243 30.
1143 2215 1319 2255 Ἀντίγραφον
1336 2215 1484 2250 ἐπιπολῆς
1497 2223 1503 2231 ⁸

1146 2269 1268 2305 Νικητής
1284 2269 1469 2307 Κωνστάντιος
1486 2269 1617 2307 Μέγιστος
1639 2265 1773 2299 Σεϐαστὸς

1345 2303 1574 2343 Ἀλεξανδρεῦσιν.

1086 2350 1117 2377 Ἠ
1134 2350 1180 2387 μὶν
1206 2349 1287 2381 πόλις
1312 2350 1343 2377 τὸ
1370 2350 1483 2388 πάτριον
1512 2352 1609 2387 σχῆμα
1632 2347 1815 2388 φυλάττουσα,
1830 2358 1875 2376 και

1047 2398 1097 2430 τῆς
1113 2397 1166 2422 τῶν
1183 2395 1309 2422 οἰκιστῶν
1334 2395 1431 2432 ἀρετῆς
1458 2393 1632 2431 μεμνημένη,
1649 2393 1788 2429 πειθηνίαν
1813 2394 1874 2421 εαυ-

1047 2440 1097 2474 τήν
1120 2441 1241 2475 συνήθως
1265 2439 1309 2467 καὶ
1333 2441 1379 2467 νῦν
1404 2438 1598 2477 παρέσχηκεν·
1625 2440 1708 2475 ἡμεῖς
1737 2437 1811 2475 δὲ,εἱ
1837 2438 1877 2476 μὴ

1047 2484 1092 2511 καὶ
1119 2484 1164 2511 τὸν
1189 2483 1365 2521 Ἀλέξανδρον
1397 2483 1602 2522 ἀποκρύψαιμεν
1634 2482 1726 2519 εὐνοίᾳ
1753 2485 1787 2520 τῇ
1813 2482 1877 2521 περὶ

1046 2529 1095 2564 τήν
1112 2528 1192 2557 πόλιν
1207 2529 1257 2563 τὴν
1275 2528 1417 2567 ὑμετέραν,
1434 2528 1464 2556 οὐ
1490 2529 1524 2556 τὰ
1548 2528 1668 2567 τυχόντα
1696 2527 1878 2565 πλημμελεῖν

1048 2573 1234 2611 συνεισόμεθα.
1250 2574 1294 2604 Ὠς
1313 2574 1359 2611 μὲν
1376 2574 1429 2611 γὰρ
1454 2573 1634 2612 σωφροσύνης
1664 2571 1744 2609 ἴδιον,
1759 2572 1876 2609 κοσμίαν

1048 2620 1134 2655 ἑαυτῷ
1159 2617 1204 2646 διὰ
1232 2617 1338 2646 πάντων
1366 2619 1457 2657 ἄγειν*
1489 2617 1630 2656 βασιλείας
1645 2617 1675 2645 δὲ
1698 2621 1748 2653 τῆς
1777 2618 1875 2656 ἀρετῆς

1047 2663 1121 2701 (δότε
1145 2662 1174 2691 δὲ
1198 2663 1293 2700 εἰπεῖν)
1308 2667 1359 2699 τῆς
1389 2663 1521 2701 ὑμετέρας
1549 2663 1603 2701 πρὸ
1634 2662 1757 2691 ἁπάντων
1787 2663 1877 2691 ἀσπά-

201 2725 224 2744 ⁸⁸
237 2725 251 2754 Ι
264 2724 342 2754 Tim.
358 2733 404 2760 ιιι,
418 2726 446 2754 2.
485 2726 507 2744 ³⁵
522 2726 559 2755 IlI
573 2729 643 2764 Reg.
659 2735 710 2762 xn,
727 2727 772 2755 31.
809 2727 830 2746 ’⁷
846 2728 930 2756 Rom.
947 2737 980 2764 ιι,
995 2729 1041 2756 24.

201 2787 259 2824 (10)
270 2787 351 2826 Edit.
363 2788 456 2817 Paris.
472 2791 509 2826 et»
525 2789 625 2818 Colon.
642 2791 782 2820 mendose
805 2790 920 2826 ἐζητεῖν,
934 2790 991 2819 Alii

166 2824 355 2860 omnesgditi
369 2826 398 2860 et
412 2832 484 2860 mss.
501 2824 634 2860 ἐζητεῖτο.

202 2858 260 2896 (ii)
275 2859 360 2888 Forte
370 2859 413 2888 sic
421 2858 605 2898 intelligatur
616 2870 624 2893 :
636 2862 688 2900 qui
699 2872 716 2892 a
725 2865 858 2900 tempore
866 2863 990 2893 Alexan-

1046 2790 1091 2819 dri
1106 2789 1236 2826 episcopi
1251 2791 1344 2826 erant:

1081 2827 1139 2863 (12)
1153 2823 1236 2862 Regi,
1248 2823 1393 2862 ’⁵Αξιούμῃ.

1902 0 2066 593 l
