4132 6388
427 440 546 500 633

1458 431 1848 493 APOLOGIA
1890 432 1993 490 AD
2039 430 2603 492 CONSTAN'I‘IUM
2648 432 2812 492 IMP.

3729 441 3848 499 634

431 573 611 641 ζεσΟαι
640 590 652 604 ο
704 570 954 646 πρώτους
999 569 1092 641 μὲν
1151 565 1336 644 σοφίας
1384 564 1648 638 ἐξηγητάς
1702 561 2078 633 καταστάντας,

2226 568 2449 619 'estram
2482 565 2754 637 amplecti
2784 583 2796 622 :
2834 567 2989 639 quod
3016 566 3188 638 primi
3214 567 3510 639 sapientiae
3533 569 3850 641 magistros

428 662 679 737 πρώτους
711 657 768 715 δέ
798 660 925 715 Θεὸν
953 658 1044 713 τὸν
1076 660 1211 729 (12¹)
1237 655 1503 716 συνιέντας
1534 657 1665 729 (13),
1685 654 1734 707 οἳ
1765 653 1853 708 καὶ
1879 657 1986 707 τῶν
2010 653 2084 725 ἐξ-

431 755 652 826 ηγητῶν
681 749 808 810 τοῦς
841 749 1036 824 ἄκρους
1069 745 1292 816 ε’ίλεσΟε,
1324 746 1411 799 καὶ
1443 745 1542 813 την
1588 742 1854 818 ἡμετέραν
1904 745 2085 820 ψῆφον

430 839 639 903 ἑκόντες

431 927 654 991 δικαίως
705 925 1147 1005 ἀποστραφέντες,
1181 931 1297 986 τοῖς
1358 921 1414 978 δὲ
1473 927 1686 995 σεμνοῖς
1745 921 1832 974 καὶ
1889 920 2086 980 παντὸς

698 838 995 914 ἐστέρξατε,
1054 836 1146 890 τὸν
1199 836 1312 907 μὲν,
1375 836 1653 889 ἀπατεῶνα
1719 832 1808 886 καὶ
1887 831 2086 908 φένακα

431 1018 676 1073 ἐπέκεινα
723 1016 996 1089 Θαύματος
1056 1013 1286 1076 δεόντως
1344 1012 1722 1089 προσθέμενοι.
1775 1009 1961 1064 Καίτοι
2009 1009 2088 1070 τίς

435 1108 619 1183 ἀγνοεῖ
646 1107 736 1161 καὶ
764 1109 871 1160 τῶν
903 1107 997 1166 τάς
1038 1103 1289 1179 ἐσχατιάς
1321 1101 1615 1156 οἰκούντων
1676 1103 1774 1169 την
1827 1099 1911 1152 ἐπὶ
1970 1104 2088 1160 τοῖς

434 1202 727 1273 πραχθεῖσι
762 1194 1077 1271 φιλοτιμίαν
1108 1213 1120 1262 ;
1155 1194 1234 1254 οἷς
1267 1193 1365 1246 ούκ
1417 1189 1563 1263 ἴσμεν
1617 1191 1704 1244 καὶ
1753 1189 1804 1244 τί
1855 1187 1934 1243 δεῖ
1982 1209 2089 1242 πα-

440 1280 804 1363 ραϐάλλεσθαι
835 1285 907 1338 ὧν
941 1278 1303 1357 συμϐἐϐηκεν.
1333 1280 1708 1359 Ἐτύρλωττον
1743 1280 1836 1352 μὲν
1889 1279 1992 1354 γάρ
2039 1278 2089 1332 οἱ

434 1374 685 1430 πλεῖστοι
740 1378 850 1428 τῶν
906 1375 1041 1429 κατά
1086 1374 1186 1442 τὴν
1243 1371 1438 1426 πόλιν·
1504 1369 1781 1446 ἐπεκράτει
1843 1366 1899 1422 δε
1955 1368 2090 1442 ἀνὴρ

442 1464 723 1541 βαράθρων
774 1463 880 1517 ἀπὸ
923 1462 1166 1537 ἐσχάτων
1218 1462 1558 1534 ὁρμώμενος,
1593 1458 1771 1534 ὥσπερ
1824 1458 1874 1511 ἐν
1918 1455 2093 1527 σκότῳ

439 1553 569 1615 τοὺς
616 1561 717 1622 τῆς
765 1555 878 1626 (14)
929 1549 1189 1622 ἀληθείας
1243 1550 1553 1628 ἐφιεμένους
1612 1550 1746 1623 πρὸς
1795 1549 1855 1601 τὸ
1901 1543 2095 1620 ψεῦδος

443 1643 683 1713 ἀπατῶν,
735 1641 898 1718 λόγον
953 1642 1045 1714 μὲν
1099 1639 1364 1718 ἔγκαρπον
1426 1637 1686 1694 οὐδέποτε
1734 1635 2098 1713 παρασχόμε-

440 1754 546 1804 νος,
575 1731 849 1808 τερθρείας
907 1729 964 1786 δὲ
1011 1732 1099 1786 καὶ
1146 1729 1438 1799 τηνάλλως
1491 1730 1584 1790 τὰς
1630 1728 1809 1802 ψυχὰς
1855 1728 1972 1799 (15)
2005 1723 2098 1778 λι)-

443 1821 811 1895 μαινόμενος·
874 1822 924 1876 οἱ
990 1822 1084 1893 μὲν
1132 1819 1364 1880 κόλακες
1423 1812 1591 1872 ἐϐόων
1675 1816 1763 1870 καὶ
1825 1814 2095 1890 ἐκρότουν,

440 1909 854 1982 ἐξεπλήττοντο,
891 1909 981 1971 οῦς
1013 1906 1088 1963 ἔτι
1135 1907 1349 1984 γρύζειν
1399 1906 1544 1968 εἰκὸς
1599 1907 1700 1960 ὑπὸ
1751 1901 1986 1958 ὀδόντα·
2049 1904 2101 1956 οἱ
2135 1948 2182 2012 Β

450 1997 491 2012 με
578 1998 594 2012 ς
642 2005 665 2012 α
874 2002 900 2012 Α.
999 1997 1012 2012 9
1094 1995 1111 2012 ἱ
1233 1996 1242 2012 Ι
1497 1997 1509 2012 \
1643 1995 1656 2012 \
1790 1993 1802 2012 I
1966 1987 2024 2012 νυ

446 1997 504 2055 δὲ
534 1998 784 2054 πλεῖστοι
833 2002 941 2053 τῶν
989 1995 1382 2075 ἀφελεστέρων,
1414 1997 1550 2072 πρὸς
1604 1995 1665 2048 τὸ
1710 1993 1917 2048 τούτων
1966 1987 2099 2061 ἔζων

444 2087 722 2162 σύνθημα·
756 2087 822 2142 τὰ
871 2084 928 2141 δὲ
974 2085 1269 2162 πράγματα
1300 2086 1435 2139 κατά
1468 2084 1592 2160 ῥοῦν
1645 2082 1860 2160 ἐφέρετο
1920 2079 2102 2156 ὥσπερ

450 2177 502 2233 ἐν
587 2175 980 2250 κατακλυσμῷ,
1065 2176 1282 2230 πάντων
1368 2171 1536 2249 ἄρδην
1622 2171 2101 2248 ὀλιγωρουμένων.

442 2269 662 2341 Ἡγεῖτο
695 2263 752 2319 δὲ
793 2266 930 2341 ἀνὴρ
987 2269 1084 2318 τοῦ
1137 2261 1388 2334 πλήθους
1420 2264 1559 2336 (πῶς
1625 2260 1682 2315 ἂν
1741 2259 2104 2335 ἀληθέστερον

447 2355 575 2410 αὐτὸ
609 2352 795 2427 εἷ’πομι
822 2372 835 2423 ;
867 2356 883 2427 )
929 2350 1080 2408 οὐδὲν
1125 2357 1232 2406 τῶν
1290 2351 1568 2426 βαναύσων
1623 2348 1914 2428 διαφέρων,
1947 2353 2108 2403 τοῦτο

455 2444 617 2518 μόνον
650 2447 718 2516 τῇ
750 2440 910 2497 πόλει
963 2440 1345 2518 συναράμενος,
1378 2441 1439 2494 τὸ
1503 2441 1578 2513 μὴ
1626 2441 1762 2494 κατά
1826 2440 2107 2515 βαράθρων

454 2554 588 2587 ωσαι
645 2531 775 2594 τοὺς
825 2530 876 2585 ἐν
933 2529 1089 2604 αὐτῇ.
1141 2529 1297 2586 Ἀλλ’
1348 2531 1374 2584 ὁ
1423 2532 1663 2605 γενναῖος
1711 2527 1799 2582 καὶ
1854 2525 2112 2603 λαμπρὸς

455 2619 581 2676 οὐδὲ
629 2622 803 2697 κρίσιν
854 2615 1031 2693 ἔμεινε
1095 2621 1211 2673 κατ’
1255 2618 1439 2690 αὐτοῦ,
1495 2619 1666 2696 φυγὴν
1725 2619 1836 2691 (16)
1891 2616 1940 2671 ἐν
1994 2615 2114 2690 δίκῃ

462 2710 790 2785 καταγνούς·
840 2711 913 2770 ὡς
962 2705 1071 2764 ἔστι
1097 2731 1160 2784 γε
1189 2709 1278 2763 καὶ
1331 2708 1462 2784 ὑπὲρ
1511 2712 1618 2761 τῶν
1675 2702 1959 2783 βαρϐάρων
2015 2707 2112 2783 ὑφ-

464 2797 698 2872 ελέσθαι,
737 2800 810 2872 μή
844 2819 989 2860 τινας
1019 2797 1193 2852 αὐτῶν
1247 2792 1522 2851 δυσσεϐεῖν
1569 2796 1846 2870 ἀναπείσῃ,
1877 2797 2114 2868 καθάπερ

462 2889 513 2944 ἐν
568 2886 801 2966 δράματι
849 2888 985 2960 πρὸς
1041 2886 1168 2949 τοὺς
1233 2887 1486 2963 πρώτους
1538 2885 1956 2962 ἐντυγχάνοντας
2007 2888 2118 2957 (17)

467 2977 895 3056 ὀλοφυρόμενος.
944 2976 1130 3048 Τούτῳ
1179 2976 1271 3049 μὶν
1323 2975 1412 3029 οὖν
1461 2977 1667 3051 μακράν
1711 2975 1920 3051 χαίρειν
1967 2974 2117 3049 εἰρή-

463 3089 641 3122 σεταιι
678 3067 816 3140 ὑμᾶς
846 3063 902 3120 δέ
939 3086 1005 3138 με
1035 3067 1147 3142 χρὴ
1209 3066 1323 3138 μετ’
1376 3064 1580 3139 ὀλίγων
1636 3064 1865 3136 τάττειν,
1904 3062 2116 3135 μᾶλλον

463 3154 519 3211 δὲ
571 3156 768 3229 μόνους
827 3155 934 3230 πρὸ
988 3159 1094 3207 τῶν
1145 3152 1332 3209 ἄλλων
1384 3153 1685 3226 σεμνύνειν,
1721 3155 1803 3215 οἷς
1861 3158 2117 3207 τοσοῦτον

466 3247 659 3321 ἀρετῆς
705 3245 794 3298 καὶ
843 3248 938 3298 νοῦ
991 3242 1285 3320 περίεστιν,
1348 3241 1471 3296 ὅσον
1528 3244 1583 3296 αἱ
1635 3242 1850 3318 πράξεις
1917 3242 2120 3318 κηρύτ-

2195 655 2650 710 constitueritis:
2678 656 2849 727 primi
2875 658 3059 712 Deum
3084 658 3185 729 qui
3209 663 3298 712 est
3319 660 3712 730 agnoveritis:
3749 660 3851 732 qui

2197 743 2505 813 magistros
2533 745 2697 816 longe
2720 746 3238 816 praestantissimos
3257 747 3538 820 elegistis,
3555 749 3849 806 decretum

2199 838 2466 887 nostrum
2498 833 2745 888 libenter
2766 836 3113 907 excepistis;
3148 841 3204 892 et
3233 837 3304 891 ab
3360 838 3666 909 deceptore
3725 839 3854 910 qui-

2201 923 2329 977 dem
2364 922 2460 977 illo
2489 929 2543 978 et
2572 925 3036 996 impostorejure
3060 926 3264 994 aversi,
3301 926 3373 982 iis
3405 928 3505 998 qui
3539 945 3720 1000 supra
3743 927 3857 983 mi-

2202 1011 2466 1066 raculum
2498 1014 2858 1069 venerabiles
2889 1021 2946 1069 et
2971 1015 3159 1070 ornati
3193 1019 3378 1082 erant,
3411 1020 3478 1071 ut
3509 1017 3723 1084 decuit,
3759 1018 3859 1072 ad-

2202 1102 2477 1158 haesistis.
2512 1102 2652 1167 Quis
2683 1104 2838 1157 enim
2869 1103 2952 1157 vel
2994 1105 3236 1158 extremi
3269 1105 3427 1159 orbis
3473 1105 3662 1160 incola
3722 1123 3857 1162 con-

2203 1191 2512 1246 tentiosam
2547 1191 2605 1245 in
2631 1193 2804 1246 rebus
2834 1209 3018 1263 nuper
3037 1194 3218 1264 gestis
3241 1193 3600 1250 simultatem
3632 1195 3857 1266 ignora-

2202 1281 2391 1337 verit?
2449 1281 2662 1352 quibus
2720 1281 2912 1336 nescio
2973 1283 3113 1351 quid
3173 1299 3235 1336 ex
3289 1283 3359 1337 iis
3418 1300 3543 1355 quae
3596 1301 3858 1356 unquam

2206 1370 2552 1441 contigerint
2584 1371 2909 1442 comparari
2945 1372 3150 1443 possit.
3188 1372 3488 1443 Siquidem
3519 1373 3779 1444 plerique
3802 1373 3860 1427 in

2208 1461 2350 1516 urbe
2381 1459 2800 1514 caecutiebant:
2837 1461 3184 1532 praevalebat
3213 1461 3301 1516 vir
3330 1479 3398 1517 ex
3425 1462 3646 1517 inﬁmis
3697 1463 3865 1518 bara-

2210 1549 2359 1605 thris
2390 1565 2676 1618 emersus,
2713 1549 2812 1619 qui
2844 1547 3001 1604 velut
3022 1548 3081 1603 in
3112 1550 3390 1621 tenebris,
3420 1551 3686 1606 veritatis
3711 1551 3872 1623 cupi-

2211 1640 2316 1694 dos
2351 1638 2420 1693 ad
2454 1637 2827 1692 mendacium
2860 1638 3181 1708 abducens,
3251 1655 3582 1694 sermonem
3627 1639 3864 1710 quidem

2214 1729 2578 1783 fructuosum
2596 1744 2899 1799 nunquam
2917 1728 3339 1794 tribuebat,sed
3362 1728 3672 1801 praestigiis
3689 1733 3868 1784 teme-

2213 1835 2272 1873 re
2291 1818 2517 1872 animas
2544 1817 2976 1888 corrumpebat.
3003 1819 3412 1872 Assentatores
3437 1817 3676 1889 quidem
3692 1818 3872 1873 accla-

2215 1923 2394 1975 mare,
2429 1904 2801 1976 applaudere,
2857 1906 3275 1977 obstupeﬁeri:
3337 1923 3484 1978 quos
3547 1907 3870 1962 etiamnum

2214 1995 2530 2050 verisimile
2556 2000 2644 2050 est
2672 1995 2780 2050 sub
2815 1995 3092 2050 dentibus
3125 1995 3460 2051 mussitare.
3513 1994 3873 2068 Plurimique

2215 2101 2245 2139 e
2275 2084 2754 2154 simplicioribus,
2789 2084 2934 2155 ipsis
2980 2086 3442 2141 consentiebant.
3506 2086 3618 2142 Res
3678 2090 3874 2142 autem

2217 2175 2374 2229 fluxu
2407 2174 2661 2244 quodam
2705 2175 3040 2229 ferebantur
3093 2175 3263 2247 quasi
3319 2176 3378 2230 in
3435 2175 3678 2245 diluvio,
3740 2192 3874 2232 cum

2217 2279 2421 2318 omnes
2451 2262 2507 2316 id
2542 2280 2782 2333 prorsus
2812 2263 3194 2336 negligerent.
3229 2265 3478 2320 Praeerat
3508 2270 3705 2321 autem
3729 2265 3817 2320 vir
3845 2282 3876 2321 e

2219 2354 2392 2406 turba
2418 2351 2580 2422 {quid
2609 2351 2798 2406 verius
2826 2351 3015 2407 dicere
3040 2353 3258 2424 possim
3279 2353 3326 2424 ?)
3359 2354 3457 2425 qui
3479 2353 3624 2408 nihil
3643 2371 3676 2408 a
3697 2353 3875 2410 sellu-

2220 2439 2385 2494 lariis
2416 2441 2735 2506 differebat,
2770 2441 3059 2514 quippein
3091 2443 3200 2498 hoc
3231 2443 3424 2499 solum
3457 2444 3680 2498 civitati
3701 2461 3874 2516 opem

2224 2529 2460 2597 ferebat,
2485 2530 2640 2600 quod
2660 2528 2809 2585 cives
2831 2532 2959 2600 ejus
2982 2531 3038 2584 in
3066 2532 3342 2588 barathra
3372 2549 3487 2587 non
3518 2532 3872 2604 impelleret.

2224 2619 2334 2673 Sed
2362 2636 2680 2690 generosus
2706 2625 2762 2674 et
2784 2620 3095 2691 praaclarus
3117 2620 3215 2676 ille
3233 2623 3320 2676 vir
3359 2622 3650 2691 judicium
3684 2623 3756 2678 de
3814 2640 3877 2680 se

2227 2709 2528 2763 ferendum
2564 2726 2679 2763 non
2711 2711 3099 2782 exspectavit:
3135 2712 3236 2766 sed
3261 2711 3319 2766 in
3353 2712 3459 2768 hac
3489 2729 3666 2768 causa
3689 2712 3882 2768 existi-

2228 2799 2406 2852 mavit
2437 2799 2547 2852 sibi
2583 2799 2720 2870 fuga
2749 2799 3217 2856 consulendum:
3252 2819 3428 2874 quem
3455 2818 3484 2856 e
3513 2803 3701 2858 medio
3751 2801 3877 2856 tolli

2227 2904 2257 2942 e
2289 2905 2350 2942 re
2373 2888 2756 2943 barbarorum
2779 2888 3039 2960 ipsorum
3060 2896 3180 2947 est:
3211 2908 3282 2947 ne
3302 2892 3656 2963 quibusdam
3681 2909 3882 2948 eorum

2230 2977 2588 3048 impietatem
2623 2979 2886 3047 suadeat,
2921 2980 3059 3035 dum
3095 2981 3260 3052 quasi
3295 2981 3355 3036 in
3387 2999 3562 3037 scena
3593 2983 3743 3052 apud
3769 2981 3885 3054 pri-

2232 3083 2393 3120 mum
2422 3073 2790 3122 occurrentes
2823 3067 3004 3124 vicem
3037 3087 3206 3125 suam
3245 3070 3421 3126 dolet.
3456 3071 3555 3126 Ille
3587 3072 3767 3144 igitur
3799 3071 3886 3126 fa-

2231 3171 2454 3210 cessere
2477 3155 2776 3226 jubeatur.
2811 3158 2899 3212 Me
2928 3163 3121 3213 autem
3142 3162 3427 3227 convenit,
3459 3177 3562 3216 vos
3584 3176 3716 3215 cum
3746 3177 3888 3231 pau-

2233 3245 2315 3298 cis
2343 3243 2599 3310 sociare;
2626 3245 2766 3317 quin
2792 3252 2848 3301 et
2879 3245 3035 3302 solos
3062 3265 3176 3318 prae
3207 3248 3336 3303 aliis
3365 3247 3649 3304 honorare
3667 3249 3885 3320 quibus

464 3355 638 3406 τουσι,
698 3337 895 3409 μικροῦ
944 3338 1114 3387 πᾶσαν
1179 3334 1278 3401 τὴν
1335 3329 1494 3386 οὖσαν
1574 3331 1928 3405 ὑμνούμεναι.
1988 3329 2112 3408 Εὖγε

2233 3336 2395 3388 tanta
2426 3335 2631 3402 virtus,
2667 3341 2831 3390 tanta
2857 3353 3023 3392 mens
3056 3338 3228 3407 inest,
3263 3343 3540 3410 quantam
3585 3355 3677 3394 res
3706 3344 3884 3412 gestae

465 3431 565 3494 τῆς
600 3420 986 3502 σωφροσύνηςί
1021 3421 1083 3476 Εἰ
1116 3421 1219 3498 γὰρ
1250 3419 1494 3498 ἀγγέλων
1530 3421 1904 3496 ἀκροασαίμην
1935 3421 2123 3476 τοσού-

466 3534 573 3568 των
623 3513 713 3568 καὶ
777 3509 1023 3584 δεύτερον
1092 3508 1396 3583 διεξιόντων
1447 3511 1514 3564 τά
1573 3508 1804 3584 ὑμέτερα
1850 3511 1937 3564 καὶ
1990 3531 2120 3583 σεμ-

467 3602 749 3672 νυνόντων,
795 3603 838 3656 ὦ
886 3600 977 3655 καὶ
1025 3599 1150 3662 τοὺς
1197 3600 1461 3676 πρότερον
1516 3599 1924 3675 ἀποκρύψαντες
1971 3599 2124 3678 φιλο-

466 3692 646 3766 τιμίᾳ,
673 3691 909 3753 καὶτοῖς
939 3694 1028 3744 νῦν
1061 3711 1119 3745 τε
1161 3691 1250 3744 καὶ
1293 3689 1508 3743 ὕστεσον
1560 3687 1909 3764 παράδειγμα
1953 3687 2120 3743 καλὸν

470 3781 758 3854 ἐσόμενοι·
815 3779 972 3852 μόνοι
1001 3801 1060 3834 τε
1090 3780 1178 3833 καὶ
1229 3785 1347 3840 τοῖς
1398 3777 1538 3833 ἔθεσι
1586 3778 1764 3855 λόγων
1812 3779 1899 3834 καὶ
1954 3777 2122 3855 ἔργων

469 3870 715 3946 ἡγεμόνα
758 3870 849 3924 τὸν
900 3868 1240 3924 τελειότατον
1298 3873 1404 3923 τῶν
1472 3865 1640 3923 ὄντων
1709 3867 1982 3942 ἑλόμενοι,
2034 3869 2123 3923 καὶ

471 3957 596 4014 οὐδὲ
626 3961 760 4035 πρὸς
807 3959 986 4036 βραχὺ
1037 3957 1394 4029 διστάσαντες,
1431 3956 1554 4013 ἀλλ’
1604 3955 1858 4035 ἀνδρείως
1913 3957 2126 4031 μεταθέ-

473 4070 626 4122 μενοι
656 4049 745 4103 καὶ
775 4055 892 4111 τοῖς
926 4047 1122 4111 ἄλλοις
1155 4048 1518 4125 προσθέμενοι
1552 4051 1686 4122 (18),
1720 4048 1825 4102 ἀπὸ
1862 4053 1968 4102 τῶν
2022 4067 2127 4122 χα-

474 4140 568 4212 μαὶ
625 4139 832 4193 τούτων
890 4139 978 4194 καὶ
1037 4139 1324 4215 περιγείων
1376 4136 1513 4214 πρὸς
1563 4139 1630 4192 τά
1661 4137 1987 4214 κατουράνια
2017 4139 2128 4211 (19)

470 4227 830 4304 ἐπειχθέντες,
879 4229 1223 4306 ξεναγοῦντος
1283 4227 1363 4282 ἐπ’
1425 4228 1558 4283 αὐτά
1625 4232 1721 4282 τοῦ
1797 4226 2127 4301 σεμνοτάτου

479 4317 770 4392 Γεωργίου,
807 4314 998 4392 ἀνδρὸς
1042 4322 1265 4371 τοιαῦτα
1301 4317 1500 4379 παντὸς
1555 4315 1767 4390 μᾶλλον
1817 4311 2128 4393 ἡκριϐωκό-

472 4425 602 4466 τος·
653 4402 722 4458 δι’
776 4405 833 4459 ὃν
889 4406 978 4459 καὶ
1027 4406 1162 4460 κατά
1212 4407 1302 4460 τὸν
1365 4406 1581 4482 ὕστερον
1649 4406 1762 4480 βίον
1814 4409 1946 4480 (20),
1997 4407 2130 4479 μετὰ

472 4493 649 4563 καλῆς
708 4490 932 4554 ἐλπίδος
993 4490 1216 4564 διάξετε,
1245 4495 1333 4548 καὶ
1391 4495 1483 4548 τὸν
1514 4495 1565 4549 ἐν
1597 4500 1676 4566 τῷ
1710 4495 1934 4572 παρόντι
1998 4494 2132 4568 μετά

477 4583 758 4659 ῥᾳστώνης
818 4583 1099 4658 βιώσεσθε.
1135 4581 1235 4654 Εἷή
1285 4583 1341 4637 δὲ
1390 4587 1544 4658 κοινῇ
1595 4583 1795 4645 πάντας
1841 4583 1970 4646 τοὺς
1996 4585 2132 4639 κατά

2232 3423 2704 3495 praedicant,quze
2738 3442 2838 3496 per
2864 3428 3200 3482 universum
3229 3428 3345 3483 fere
3367 3429 3567 3483 orbem
3591 3427 3887 3484 celebran-

2231 3517 2346 3567 tur.
2382 3513 2568 3569 Macte
2601 3515 2970 3586 prudentiam
2999 3516 3010 3571 !
3044 3517 3206 3581 Quod
3231 3517 3279 3572 si
3311 3518 3502 3573 denuo
3533 3522 3617 3573 tot
3642 3517 3880 3573 nuntios

2235 3601 2518 3656 audierim
2554 3604 2651 3673 qui
2677 3620 2767 3658 res
2790 3621 2820 3658 a
2842 3605 3005 3660 vobis
3022 3611 3217 3676 gestas
3242 3611 3512 3662 enarrent
3532 3611 3589 3661 et
3608 3607 3886 3663 laudibus

2234 3691 2556 3746 celebrent:
2590 3692 2632 3746 Ο
2665 3693 2765 3763 qui
2813 3696 3062 3765 majores
3113 3700 3337 3752 vestros
3396 3695 3628 3751 virtutis
3686 3695 3883 3752 studio

2234 3780 2403 3853 longe
2422 3781 2729 3852 superatis,
2755 3782 2970 3854 quippe
2982 3786 3185 3840 coaevis
3206 3790 3261 3840 et
3279 3785 3524 3856 posteris
3539 3785 3884 3856 praeclarum

2234 3870 2566 3942 exemplum
2603 3871 2780 3925 futuri
2809 3872 2949 3928 estis
2984 3871 2995 3926 ἰ
3027 3873 3133 3928 soli
3169 3875 3324 3929 enim
3378 3875 3433 3930 in
3467 3892 3719 3947 morum,
3761 3892 3894 3930 ver-

2234 3960 2444 4014 borum
2468 3966 2524 4015 et
2541 3976 2778 4032 operum
2808 3964 3037 4030 ducem,
3055 3965 3608 4035 praestantissimum
3631 3966 3890 4021 virorum

2237 4049 2543 4121 cooptetis.
2562 4055 2674 4106 Nec
2688 4050 2980 4107 tantillum
3004 4053 3241 4123 quidem
3257 4059 3370 4109 tem
3381 4054 3539 4126 poris
3551 4053 3892 4110 haesitantes

2237 4138 2479 4194 viriliter
2503 4145 2728 4194 mutata
2749 4142 3061 4207 sententia,
3094 4141 3318 4216 reliquo
3350 4144 3520 4198 cuetui
3554 4161 3656 4200 vos
3708 4145 3892 4200 socia-

2239 4229 2387 4283 stis:
2423 4233 2476 4283 et
2507 4229 2578 4283 ab
2611 4229 2832 4285 infimis
2863 4230 2994 4286 istis
3024 4235 3082 4286 et
3107 4234 3358 4288 terrenis
3388 4251 3488 4288 vos
3520 4233 3786 4290 erexistis
3817 4232 3890 4288 ad

2238 4316 2514 4384 coelestia,
2540 4317 2921 4390 antesignano
2955 4319 3045 4374 usi
3089 4323 3574 4392 praestantissimo
3623 4322 3890 4395 Georgio,

2237 4407 2359 4461 viro
2383 4405 2440 4460 in
2474 4405 2817 4477 hujusmodi
2853 4407 3027 4463 rebus
3058 4409 3325 4463 omnium
3359 4408 3697 4464 mortalium
3730 4425 3893 4464 exer-

2240 4495 2626 4550 citatissimo:
2661 4497 2830 4566 cujus
2863 4513 3037 4568 opera
3066 4497 3126 4553 in
3159 4500 3354 4554 futuro
3386 4514 3520 4553 cum
3578 4497 3732 4553 bona
3790 4513 3894 4570 spe

2241 4584 2464 4657 degetis
2499 4609 2513 4652 ;
2546 4590 2602 4640 et
2633 4585 2691 4639 in
2726 4586 2997 4656 praesenti
3019 4586 3402 4658 tranquillam
3445 4586 3634 4660 agetis
3690 4587 3896 4642 vitam.

473 4674 574 4742 τὴν
603 4672 788 4743 πόλιν,
823 4671 1008 4750 ὥσπερ
1045 4673 1192 4746 ἱερᾶς
1244 4672 1505 4748 ἀγκύρας,
1531 4680 1632 4742 τῆς
1687 4673 1884 4728 τούτου
1946 4676 2112 4751 φωνῆς

2245 4674 2476 4729 Utinam
2505 4691 2708 4730 omnes
2731 4674 2906 4729 simul
2934 4676 3235 4746 quiinista
3257 4677 3399 4733 urbe
3419 4677 3660 4750 degunt,
3676 4677 3748 4732 ab
3769 4677 3898 4747 ejus

477 4761 822 4838 ἐξηρτῆσθαι,
876 4760 969 4817 ’ίνα
1049 4764 1122 4836 μὴ
1187 4767 1371 4835 τομῶν
1427 4764 1461 4831 ἢ
1521 4762 1760 4817 καύσεων
1823 4761 2127 4836 δεηθῶμεν,

478 4851 614 4906 κατὰ
668 4855 774 4906 τῶν
830 4853 924 4913 τὰς
1149 4853 1328 4928 ψυχάς
1403 4845 1848 4925 λελωϐημένων·
1910 4854 1991 4914 οἷς
2049 4851 2132 4906 ὅτι

480 4939 717 5014 μάλιστα
799 4946 1168 5019 παραινοῦμεν
1262 4939 1580 5020 ἀφίστασθαι
1657 4948 1757 5010 τῆς
1817 4941 2132 4996 Ἀθανασίου

477 5028 747 5102 σπουδῆς,
778 5031 868 5086 καὶ
899 5029 1038 5104 μηδὲ
1083 5034 1391 5106 μεμνῆσθαι
1446 5034 1544 5100 τῆς
1602 5038 1860 5107 περιττῆς
1924 5031 2131 5102 ἐκείνης

550 5210 691 5282 (12’)
717 5210 905 5282 Forte,
939 5209 1086 5282 τοῖός.
1120 5211 1274 5268 EDIT.

579 5281 680 5354 13)
699 5283 862 5354 Reg.,
891 5281 1163 5344 rauvévtac.

575 5355 662 5429 14)
692 5358 798 5429 "Ei:
832 5356 1033 5410 deerat
1062 5355 1122 5429 in
1153 5356 1348 5429 editis.
1382 5356 1446 5429 In
1480 5356 1786 5429 Reg,_vero
1816 5355 2052 5426 legitur.

554 5423 667 5499 (15)
703 5427 866 5499 338-,
924 5427 1172 5502 τερθρίας
1228 5424 1285 5481 δὲ
1338 5427 1428 5480 καὶ
1485 5423 1778 5497 τηκῖἀλλως
1862 5423 1978 5489 ιταῖς
2035 5429 2135 5499 ψυ-

527 5517 632 5552 αις.

699 5569 864 5697 Reg”
893 5574 1102 5648 φυγεῖν.
1139 5572 1272 5627 Mox
1299 5569 1389 5624 καί
1439 5575 1572 5626 ante
1633 5569 1763 5646 ὑπὲρ
1822 5573 1882 5628 in
1931 5573 2136 5629 eodem

481 5644 538 5694 et
566 5641 626 5696 in
660 5642 789 5697 Basi
824 5687 836 5697 .
867 5642 1103 5697 legitur.
1133 5643 1193 5697 in
1227 5644 1402 5697 editis
1433 5643 1821 5697 desideratur.

481 5644 538 5694 et
562 5641 626 5716 in
660 5641 836 5716 Basil.
867 5641 1103 5716 legitur,
1133 5643 1193 5698 in
1227 5644 1402 5699 editis
1433 5641 1821 5716 desideratur.

553 5714 662 5784 (17)
694 5714 781 5771 Ita
807 5714 948 5790 Reg:
981 5716 1130 5773 Editi
1165 5733 1318 5783 vero,
1371 5714 1508 5793 πρὸς
1565 5715 1814 5795 πρώτους
1875 5715 2136 5792 ἐντυγχά-

481 5803 659 5842 νοντα.

2244 4781 2402 4829 voce,
2436 4769 2716 4834 tanquam
2753 4781 2784 4819 a
2813 4781 2979 4820 sacra
3008 4766 3283 4837 anchora,
3317 4767 3646 4837 pendeant:
3701 4783 3773 4822 ne
3804 4781 3894 4822 se-

2244 4852 3035 4909 ctionibusetadustionibus
3067 4855 3462 4927 indigeamus,
3497 4856 3778 4911 adversus
3800 4871 3899 4911 eos

2245 4958 2497 5013 quorum
2530 4943 2739 4998 animae
2766 4949 3049 5016 corruptae
3082 4949 3257 5000 sunt:
3320 4961 3470 5016 quos
3523 4959 3897 5016 summopere

2243 5030 2553 5088 hortamur
2584 5036 2647 5087 ut
2679 5049 2711 5086 a
2743 5033 2934 5088 studio
2965 5049 3104 5106 erga
3132 5034 3524 5092 Athanasium
3582 5033 3902 5102 absistant,

2461 5211 2611 5279 Hazc,
2642 5209 2732 5284 xui
2763 5214 2880 5272 τοῖς
2912 5208 3129 5284 ἀλλοις,
3162 5212 3544 5284 προσθέμενοι,
3573 5212 3813 5269 deerant
3838 5210 3898 5266 in

2318 5241 2429 5281 (ιω)
2461 5241 2611 5279 uaso,
2646 5241 2732 5263 διυιι
2763 5241 2878 5272 νιυιι,
2912 5241 3129 5278 αΛΛυις,
3162 5241 3217 5265 ἠ’
3240 5241 3544 5284 υσυεμινυι,
3573 5241 3813 5269 UUUl‘uub
3839 5241 3898 5266 lu

2246 5282 2423 5338 editis
2453 5290 2690 5355 propter
2710 5280 3150 5354 ὁμοιοτέΛευτον.
3184 5241 3296 5341 Sed
3354 5286 3414 5341 in
3470 5285 3611 5357 Reg.
3679 5284 3901 5339 haben-

2247 5360 2431 5502 ωἷ19)
2490 5426 2652 5498 Reg.,
2710 5424 2987 5484 κατούσια.
3059 5427 3218 5483 Idem
3299 5444 3452 5499 mox,
3538 5424 3899 5502 ξεναγοῦντες,

2249 5498 2433 5695 flag.)
2465 5567 2587 5622 Biov
2626 5570 2824 5625 deerat
2881 5570 2941 5625 in
2999 5570 3220 5626 editis:
3281 5570 3383 5626 sed
3441 5571 3499 5628 in
3558 5571 3698 5644 Reg.
3756 5567 3900 5642 legi-

2277 5659 2362 5695 UP.

2277 5659 2362 5696 UP.

2321 5715 2432 5787 (21)
2463 5713 2556 5770 Sic
2584 5719 2743 5786 Reg,
2774 5714 2872 5776 τάς
2905 5714 2961 5769 in
2993 5714 3168 5772 editis
3200 5715 3380 5773 deest.
