  <div class='ocr_page' id='page_1' title='image "/cluster/home/n/w/nwhite01/storage/ocr_20150623/25:no.1/coo.31924054873066/611.png"; bbox 0 0 4132 6398; ppageno 0'>
   <div class='ocr_carea' id='block_1_1' title="bbox 335 481 452 542">
    <p class='ocr_par' dir='ltr' id='par_1_1' title="bbox 335 481 452 542">
     <span class='ocr_line' id='line_1_1' title="bbox 335 481 452 542; baseline 0.017 -2"><span class='ocrx_word' id='word_1_1' title='bbox 335 481 452 542; x_wconf 84' lang='grc'><strong>635</strong></span> 
     </span>
    </p>
   </div>
   <div class='ocr_carea' id='block_1_2' title="bbox 877 469 3219 538">
    <p class='ocr_par' dir='ltr' id='par_1_2' title="bbox 877 469 3219 538">
     <span class='ocr_line' id='line_1_2' title="bbox 877 469 3219 538; baseline -0.001 0"><span class='ocrx_word' id='word_1_2' title='bbox 877 479 944 538; x_wconf 90' lang='lat' dir='ltr'><strong>S.</strong></span> <span class='ocrx_word' id='word_1_3' title='bbox 992 475 1421 537; x_wconf 74' lang='lat' dir='ltr'><strong>ATHANASII</strong></span> <span class='ocrx_word' id='word_1_4' title='bbox 1467 473 1641 535; x_wconf 90' lang='lat' dir='ltr'><strong>OPP.</strong></span> <span class='ocrx_word' id='word_1_5' title='bbox 1686 472 1887 533; x_wconf 83' lang='lat' dir='ltr'><strong>PARS</strong></span> <span class='ocrx_word' id='word_1_6' title='bbox 1933 471 1983 531; x_wconf 87' lang='grc' dir='ltr'><strong>Ι.</strong></span> <span class='ocrx_word' id='word_1_7' title='bbox 2013 504 2092 514; x_wconf 93' lang='grc'><strong>-</strong></span> <span class='ocrx_word' id='word_1_8' title='bbox 2122 469 2544 532; x_wconf 86' lang='lat' dir='ltr'><strong>HISTORICA</strong></span> <span class='ocrx_word' id='word_1_9' title='bbox 2589 473 2688 532; x_wconf 80' lang='grc' dir='ltr'><strong>ΕΤ</strong></span> <span class='ocrx_word' id='word_1_10' title='bbox 2731 473 3219 535; x_wconf 81' lang='lat' dir='ltr'><strong>DOGMATICA.</strong></span> 
     </span>
    </p>
   </div>
   <div class='ocr_carea' id='block_1_3' title="bbox 3645 480 3768 541">
    <p class='ocr_par' dir='ltr' id='par_1_3' title="bbox 3645 480 3768 541">
     <span class='ocr_line' id='line_1_3' title="bbox 3645 480 3768 541; baseline 0.016 -2"><span class='ocrx_word' id='word_1_11' title='bbox 3645 480 3768 541; x_wconf 83' lang='lat'><strong>636</strong></span> 
     </span>
    </p>
   </div>
   <div class='ocr_carea' id='block_1_4' title="bbox 333 597 1967 684">
    <p class='ocr_par' dir='ltr' id='par_1_4' title="bbox 333 605 1967 680">
     <span class='ocr_line' id='line_1_4' title="bbox 333 605 1967 680; baseline -0.007 -11"><span class='ocrx_word' id='word_1_12' title='bbox 333 628 440 669; x_wconf 87' lang='lat' dir='ltr'><strong>nec</strong></span> <span class='ocrx_word' id='word_1_13' title='bbox 465 611 846 668; x_wconf 80' lang='lat' dir='ltr'><strong>recordentur</strong></span> <span class='ocrx_word' id='word_1_14' title='bbox 879 609 1188 680; x_wconf 69' lang='lat' dir='ltr'><strong>superﬂuae</strong></span> <span class='ocrx_word' id='word_1_15' title='bbox 1228 606 1385 663; x_wconf 90' lang='lat' dir='ltr'><strong>illius</strong></span> <span class='ocrx_word' id='word_1_16' title='bbox 1441 605 1826 679; x_wconf 85' lang='lat' dir='ltr'><strong>garrulitatis,</strong></span> <span class='ocrx_word' id='word_1_17' title='bbox 1886 620 1967 658; x_wconf 71' lang='lat' dir='ltr'><strong>au&#39;</strong></span> 
     </span>
    </p>
   </div>
   <div class='ocr_carea' id='block_1_5' title="bbox 2085 597 3767 684">
    <p class='ocr_par' dir='ltr' id='par_1_5' title="bbox 2099 597 3767 684">
     <span class='ocr_line' id='line_1_5' title="bbox 2099 597 3767 684; baseline 0.008 -30"><span class='ocrx_word' id='word_1_18' title='bbox 2099 597 2518 678; x_wconf 77' lang='grc' dir='ltr'>ἀδολεσχίας,ἧ</span> <span class='ocrx_word' id='word_1_19' title='bbox 2573 599 2808 673; x_wconf 77' lang='grc' dir='ltr'>λήσουσι</span> <span class='ocrx_word' id='word_1_20' title='bbox 2873 607 2989 665; x_wconf 90' lang='grc' dir='ltr'>τοῖς</span> <span class='ocrx_word' id='word_1_21' title='bbox 3051 603 3305 681; x_wconf 78' lang='grc' dir='ltr'><strong>ἐσχάτοις</strong></span> <span class='ocrx_word' id='word_1_22' title='bbox 3363 604 3554 684; x_wconf 74' lang='grc' dir='ltr'>ἔνοχοι</span> <span class='ocrx_word' id='word_1_23' title='bbox 3613 603 3767 674; x_wconf 64' lang='grc' dir='ltr'>ὄντες</span> 
     </span>
    </p>
   </div>
   <div class='ocr_carea' id='block_1_6' title="bbox 331 693 1987 766">
    <p class='ocr_par' dir='ltr' id='par_1_6' title="bbox 331 693 1987 766">
     <span class='ocr_line' id='line_1_6' title="bbox 331 693 1987 766; baseline -0.006 -8"><span class='ocrx_word' id='word_1_24' title='bbox 331 717 462 758; x_wconf 87' lang='lat' dir='ltr'><strong>sero</strong></span> <span class='ocrx_word' id='word_1_25' title='bbox 491 701 958 756; x_wconf 75' lang='lat' dir='ltr'><strong>animadvertant</strong></span> <span class='ocrx_word' id='word_1_26' title='bbox 989 715 1050 754; x_wconf 89' lang='lat' dir='ltr'><strong>se</strong></span> <span class='ocrx_word' id='word_1_27' title='bbox 1080 698 1138 752; x_wconf 93' lang='lat' dir='ltr'><strong>in</strong></span> <span class='ocrx_word' id='word_1_28' title='bbox 1173 696 1448 753; x_wconf 82' lang='lat' dir='ltr'><strong>extremis</strong></span> <span class='ocrx_word' id='word_1_29' title='bbox 1485 693 1702 751; x_wconf 88' lang='lat' dir='ltr'><strong>versari</strong></span> <span class='ocrx_word' id='word_1_30' title='bbox 1761 694 1987 766; x_wconf 86' lang='lat' dir='ltr'><strong>pericu-</strong></span> 
     </span>
    </p>
   </div>
   <div class='ocr_carea' id='block_1_7' title="bbox 328 781 1986 863">
    <p class='ocr_par' dir='ltr' id='par_1_7' title="bbox 328 781 1986 863">
     <span class='ocr_line' id='line_1_7' title="bbox 328 781 1986 863; baseline -0.008 -14"><span class='ocrx_word' id='word_1_31' title='bbox 328 791 444 849; x_wconf 87' lang='lat' dir='ltr'><strong>lis:</strong></span> <span class='ocrx_word' id='word_1_32' title='bbox 477 807 546 848; x_wconf 83' lang='lat' dir='ltr'><strong>ex</strong></span> <span class='ocrx_word' id='word_1_33' title='bbox 576 791 793 863; x_wconf 88' lang='lat' dir='ltr'><strong>quibus</strong></span> <span class='ocrx_word' id='word_1_34' title='bbox 826 789 1122 844; x_wconf 85' lang='lat' dir='ltr'><strong>nescimus</strong></span> <span class='ocrx_word' id='word_1_35' title='bbox 1155 805 1228 842; x_wconf 89' lang='lat' dir='ltr'><strong>an</strong></span> <span class='ocrx_word' id='word_1_36' title='bbox 1261 786 1394 858; x_wconf 87' lang='lat' dir='ltr'><strong>quis</strong></span> <span class='ocrx_word' id='word_1_37' title='bbox 1415 802 1484 841; x_wconf 82' lang='lat' dir='ltr'><strong>ex</strong></span> <span class='ocrx_word' id='word_1_38' title='bbox 1507 783 1874 857; x_wconf 83' lang='lat' dir='ltr'><strong>gravissimis</strong></span> <span class='ocrx_word' id='word_1_39' title='bbox 1903 781 1986 836; x_wconf 88' lang='lat' dir='ltr'><strong>vi-</strong></span> 
     </span>
    </p>
   </div>
   <div class='ocr_carea' id='block_1_8' title="bbox 329 872 1988 950">
    <p class='ocr_par' dir='ltr' id='par_1_8' title="bbox 329 872 1988 950">
     <span class='ocr_line' id='line_1_8' title="bbox 329 872 1988 950; baseline -0.007 -13"><span class='ocrx_word' id='word_1_40' title='bbox 329 880 413 937; x_wconf 86' lang='lat' dir='ltr'><strong>ris</strong></span> <span class='ocrx_word' id='word_1_41' title='bbox 443 881 754 938; x_wconf 86' lang='lat' dir='ltr'><strong>seditiosos</strong></span> <span class='ocrx_word' id='word_1_42' title='bbox 783 877 990 950; x_wconf 86' lang='lat' dir='ltr'><strong>eripiet</strong></span> <span class='ocrx_word' id='word_1_43' title='bbox 1020 877 1032 931; x_wconf 83' lang='lat' dir='ltr'><strong>l</strong></span> <span class='ocrx_word' id='word_1_44' title='bbox 1062 877 1400 932; x_wconf 81' lang='lat' dir='ltr'><strong>Ahsurdum</strong></span> <span class='ocrx_word' id='word_1_45' title='bbox 1427 875 1645 947; x_wconf 88' lang='lat' dir='ltr'><strong>quippe</strong></span> <span class='ocrx_word' id='word_1_46' title='bbox 1666 879 1771 932; x_wconf 85' lang='lat' dir='ltr'><strong>est.</strong></span> <span class='ocrx_word' id='word_1_47' title='bbox 1800 872 1988 945; x_wconf 90' lang='lat' dir='ltr'><strong>perdi-</strong></span> 
     </span>
    </p>
   </div>
   <div class='ocr_carea' id='block_1_9' title="bbox 326 963 1988 1038">
    <p class='ocr_par' dir='ltr' id='par_1_9' title="bbox 326 963 1988 1038">
     <span class='ocr_line' id='line_1_9' title="bbox 326 963 1988 1038; baseline -0.006 -11"><span class='ocrx_word' id='word_1_48' title='bbox 326 971 627 1028; x_wconf 89' lang='lat' dir='ltr'><strong>tissimum</strong></span> <span class='ocrx_word' id='word_1_49' title='bbox 649 967 1057 1038; x_wconf 83' lang='lat' dir='ltr'><strong>Athanasium,</strong></span> <span class='ocrx_word' id='word_1_50' title='bbox 1081 967 1139 1021; x_wconf 92' lang='lat' dir='ltr'><strong>in</strong></span> <span class='ocrx_word' id='word_1_51' title='bbox 1159 965 1522 1038; x_wconf 87' lang='lat' dir='ltr'><strong>turpissimis</strong></span> <span class='ocrx_word' id='word_1_52' title='bbox 1553 963 1870 1019; x_wconf 79' lang='lat' dir='ltr'><strong>sceleribus</strong></span> <span class='ocrx_word' id='word_1_53' title='bbox 1893 963 1988 1018; x_wconf 87' lang='lat' dir='ltr'><strong>de-</strong></span> 
     </span>
    </p>
   </div>
   <div class='ocr_carea' id='block_1_10' title="bbox 327 1051 1988 1132">
    <p class='ocr_par' dir='ltr' id='par_1_10' title="bbox 327 1051 1988 1132">
     <span class='ocr_line' id='line_1_10' title="bbox 327 1051 1988 1132; baseline -0.005 -18"><span class='ocrx_word' id='word_1_54' title='bbox 327 1059 707 1132; x_wconf 89' lang='lat' dir='ltr'><strong>prehensum,</strong></span> <span class='ocrx_word' id='word_1_55' title='bbox 759 1074 794 1112; x_wconf 90' lang='lat' dir='ltr'><strong>a</strong></span> <span class='ocrx_word' id='word_1_56' title='bbox 849 1055 1084 1128; x_wconf 86' lang='lat' dir='ltr'><strong>regione</strong></span> <span class='ocrx_word' id='word_1_57' title='bbox 1162 1055 1221 1110; x_wconf 90' lang='lat' dir='ltr'><strong>in</strong></span> <span class='ocrx_word' id='word_1_58' title='bbox 1280 1055 1574 1127; x_wconf 83' lang='lat' dir='ltr'><strong>regionem</strong></span> <span class='ocrx_word' id='word_1_59' title='bbox 1637 1051 1864 1125; x_wconf 85' lang='lat' dir='ltr'><strong>expelli,</strong></span> <span class='ocrx_word' id='word_1_60' title='bbox 1921 1055 1988 1106; x_wconf 93' lang='lat' dir='ltr'><strong>ut</strong></span> 
     </span>
    </p>
   </div>
   <div class='ocr_carea' id='block_1_11' title="bbox 331 1140 1985 1220">
    <p class='ocr_par' dir='ltr' id='par_1_11' title="bbox 331 1140 1985 1220">
     <span class='ocr_line' id='line_1_11' title="bbox 331 1140 1985 1220; baseline -0.006 -15"><span class='ocrx_word' id='word_1_61' title='bbox 331 1147 650 1220; x_wconf 83' lang='lat' dir='ltr'><strong>aliquando</strong></span> <span class='ocrx_word' id='word_1_62' title='bbox 679 1145 941 1202; x_wconf 89' lang='lat' dir='ltr'><strong>debitum</strong></span> <span class='ocrx_word' id='word_1_63' title='bbox 973 1143 1331 1218; x_wconf 82' lang='lat' dir='ltr'><strong>supplicium</strong></span> <span class='ocrx_word' id='word_1_64' title='bbox 1373 1143 1534 1198; x_wconf 86' lang='lat' dir='ltr'><strong>luat:</strong></span> <span class='ocrx_word' id='word_1_65' title='bbox 1565 1143 1614 1198; x_wconf 93' lang='lat' dir='ltr'><strong>si</strong></span> <span class='ocrx_word' id='word_1_66' title='bbox 1673 1148 1871 1198; x_wconf 88' lang='lat' dir='ltr'><strong>tamen</strong></span> <span class='ocrx_word' id='word_1_67' title='bbox 1926 1140 1985 1196; x_wconf 91' lang='lat' dir='ltr'><strong>id</strong></span> 
     </span>
    </p>
   </div>
   <div class='ocr_carea' id='block_1_12' title="bbox 326 1231 1982 1310">
    <p class='ocr_par' dir='ltr' id='par_1_12' title="bbox 326 1231 1982 1310">
     <span class='ocr_line' id='line_1_12' title="bbox 326 1231 1982 1310; baseline -0.004 -18"><span class='ocrx_word' id='word_1_68' title='bbox 326 1235 587 1310; x_wconf 53' lang='lat' dir='ltr'><strong>praestari</strong></span> <span class='ocrx_word' id='word_1_69' title='bbox 621 1234 826 1308; x_wconf 88' lang='lat' dir='ltr'><strong>possit,</strong></span> <span class='ocrx_word' id='word_1_70' title='bbox 863 1233 1094 1290; x_wconf 88' lang='lat' dir='ltr'><strong>etiamsi</strong></span> <span class='ocrx_word' id='word_1_71' title='bbox 1125 1233 1258 1304; x_wconf 88' lang='lat' dir='ltr'><strong>quis</strong></span> <span class='ocrx_word' id='word_1_72' title='bbox 1289 1231 1458 1288; x_wconf 89' lang='lat' dir='ltr'><strong>illum</strong></span> <span class='ocrx_word' id='word_1_73' title='bbox 1491 1232 1685 1288; x_wconf 87' lang='lat' dir='ltr'><strong>decios</strong></span> <span class='ocrx_word' id='word_1_74' title='bbox 1718 1231 1982 1287; x_wconf 89' lang='lat' dir='ltr'><strong>occidat:</strong></span> 
     </span>
    </p>
   </div>
   <div class='ocr_carea' id='block_1_13' title="bbox 325 1319 1982 1393">
    <p class='ocr_par' dir='ltr' id='par_1_13' title="bbox 325 1319 1982 1393">
     <span class='ocr_line' id='line_1_13' title="bbox 325 1319 1982 1393; baseline -0.005 -11"><span class='ocrx_word' id='word_1_75' title='bbox 325 1329 721 1383; x_wconf 82' lang='lat' dir='ltr'><strong>assentatores</strong></span> <span class='ocrx_word' id='word_1_76' title='bbox 743 1328 938 1379; x_wconf 89' lang='lat' dir='ltr'><strong>autem</strong></span> <span class='ocrx_word' id='word_1_77' title='bbox 973 1323 1100 1393; x_wconf 90' lang='lat' dir='ltr'><strong>ejus</strong></span> <span class='ocrx_word' id='word_1_78' title='bbox 1131 1326 1186 1378; x_wconf 93' lang='lat' dir='ltr'><strong>et</strong></span> <span class='ocrx_word' id='word_1_79' title='bbox 1217 1321 1542 1385; x_wconf 89' lang='lat' dir='ltr'><strong>ministros,</strong></span> <span class='ocrx_word' id='word_1_80' title='bbox 1590 1319 1982 1393; x_wconf 67' lang='lat' dir='ltr'><strong>praestigiato-</strong></span> 
     </span>
    </p>
   </div>
   <div class='ocr_carea' id='block_1_14' title="bbox 324 1411 1984 1486">
    <p class='ocr_par' dir='ltr' id='par_1_14' title="bbox 324 1411 1984 1486">
     <span class='ocr_line' id='line_1_14' title="bbox 324 1411 1984 1486; baseline -0.002 -16"><span class='ocrx_word' id='word_1_81' title='bbox 324 1433 438 1483; x_wconf 89' lang='lat' dir='ltr'><strong>res,</strong></span> <span class='ocrx_word' id='word_1_82' title='bbox 470 1411 734 1486; x_wconf 83' lang='lat' dir='ltr'><strong>talesque</strong></span> <span class='ocrx_word' id='word_1_83' title='bbox 765 1413 1057 1480; x_wconf 86' lang='lat' dir='ltr'><strong>homines,</strong></span> <span class='ocrx_word' id='word_1_84' title='bbox 1091 1415 1158 1468; x_wconf 91' lang='lat' dir='ltr'><strong>ut</strong></span> <span class='ocrx_word' id='word_1_85' title='bbox 1186 1428 1286 1468; x_wconf 89' lang='lat' dir='ltr'><strong>eos</strong></span> <span class='ocrx_word' id='word_1_86' title='bbox 1315 1411 1405 1466; x_wconf 88' lang='lat' dir='ltr'><strong>vel</strong></span> <span class='ocrx_word' id='word_1_87' title='bbox 1452 1411 1756 1466; x_wconf 89' lang='lat' dir='ltr'><strong>nominare</strong></span> <span class='ocrx_word' id='word_1_88' title='bbox 1812 1415 1984 1482; x_wconf 87' lang='lat' dir='ltr'><strong>turpe</strong></span> 
     </span>
    </p>
   </div>
   <div class='ocr_carea' id='block_1_15' title="bbox 323 1499 1980 1576">
    <p class='ocr_par' dir='ltr' id='par_1_15' title="bbox 323 1499 1980 1576">
     <span class='ocr_line' id='line_1_15' title="bbox 323 1499 1980 1576; baseline -0.004 -16"><span class='ocrx_word' id='word_1_89' title='bbox 323 1503 424 1574; x_wconf 90' lang='lat' dir='ltr'><strong>sit,</strong></span> <span class='ocrx_word' id='word_1_90' title='bbox 457 1502 784 1560; x_wconf 84' lang='lat' dir='ltr'><strong>exultantes</strong></span> <span class='ocrx_word' id='word_1_91' title='bbox 816 1501 1150 1576; x_wconf 83' lang='lat' dir='ltr'><strong>negligere:</strong></span> <span class='ocrx_word' id='word_1_92' title='bbox 1185 1517 1334 1573; x_wconf 91' lang='lat' dir='ltr'><strong>quos</strong></span> <span class='ocrx_word' id='word_1_93' title='bbox 1363 1501 1548 1555; x_wconf 89' lang='lat' dir='ltr'><strong>occidi</strong></span> <span class='ocrx_word' id='word_1_94' title='bbox 1573 1500 1803 1572; x_wconf 87' lang='lat' dir='ltr'><strong>jamdiu</strong></span> <span class='ocrx_word' id='word_1_95' title='bbox 1819 1499 1980 1570; x_wconf 91' lang='lat' dir='ltr'><strong>judi-</strong></span> 
     </span>
    </p>
   </div>
   <div class='ocr_carea' id='block_1_16' title="bbox 324 1589 1980 1664">
    <p class='ocr_par' dir='ltr' id='par_1_16' title="bbox 324 1589 1980 1664">
     <span class='ocr_line' id='line_1_16' title="bbox 324 1589 1980 1664; baseline -0.002 -16"><span class='ocrx_word' id='word_1_96' title='bbox 324 1593 491 1649; x_wconf 88' lang='lat' dir='ltr'><strong>cibus</strong></span> <span class='ocrx_word' id='word_1_97' title='bbox 522 1595 874 1664; x_wconf 67' lang='lat' dir='ltr'><strong>praeceptum</strong></span> <span class='ocrx_word' id='word_1_98' title='bbox 895 1594 1004 1647; x_wconf 89' lang='lat' dir='ltr'><strong>est.</strong></span> <span class='ocrx_word' id='word_1_99' title='bbox 1027 1590 1097 1645; x_wconf 87' lang='lat' dir='ltr'><strong>Et</strong></span> <span class='ocrx_word' id='word_1_100' title='bbox 1126 1589 1372 1646; x_wconf 78' lang='lat' dir='ltr'><strong>fortasse</strong></span> <span class='ocrx_word' id='word_1_101' title='bbox 1399 1589 1664 1644; x_wconf 89' lang='lat' dir='ltr'><strong>morituri</strong></span> <span class='ocrx_word' id='word_1_102' title='bbox 1689 1589 1842 1645; x_wconf 68' lang='lat'><strong>250</strong></span> <span class='ocrx_word' id='word_1_103' title='bbox 1867 1605 1980 1644; x_wconf 90' lang='lat' dir='ltr'><strong>non</strong></span> 
     </span>
    </p>
   </div>
   <div class='ocr_carea' id='block_1_17' title="bbox 327 1677 1984 1753">
    <p class='ocr_par' dir='ltr' id='par_1_17' title="bbox 327 1677 1984 1753">
     <span class='ocr_line' id='line_1_17' title="bbox 327 1677 1984 1753; baseline -0.003 -16"><span class='ocrx_word' id='word_1_104' title='bbox 327 1685 488 1748; x_wconf 88' lang='lat' dir='ltr'><strong>sunt,</strong></span> <span class='ocrx_word' id='word_1_105' title='bbox 514 1681 564 1737; x_wconf 89' lang='lat' dir='ltr'><strong>si</strong></span> <span class='ocrx_word' id='word_1_106' title='bbox 587 1697 621 1737; x_wconf 87' lang='lat' dir='ltr'><strong>a</strong></span> <span class='ocrx_word' id='word_1_107' title='bbox 649 1679 948 1753; x_wconf 90' lang='lat' dir='ltr'><strong>prioribus</strong></span> <span class='ocrx_word' id='word_1_108' title='bbox 971 1677 1200 1735; x_wconf 86' lang='lat' dir='ltr'><strong>delictis</strong></span> <span class='ocrx_word' id='word_1_109' title='bbox 1222 1693 1352 1734; x_wconf 90' lang='lat' dir='ltr'><strong>sero</strong></span> <span class='ocrx_word' id='word_1_110' title='bbox 1374 1678 1612 1734; x_wconf 87' lang='lat' dir='ltr'><strong>tandem</strong></span> <span class='ocrx_word' id='word_1_111' title='bbox 1635 1677 1984 1748; x_wconf 88' lang='lat' dir='ltr'><strong>resipiscant</strong></span> 
     </span>
    </p>
   </div>
   <div class='ocr_carea' id='block_1_18' title="bbox 323 1765 1978 1839">
    <p class='ocr_par' dir='ltr' id='par_1_18' title="bbox 323 1765 1978 1839">
     <span class='ocr_line' id='line_1_18' title="bbox 323 1765 1978 1839; baseline -0.003 -13"><span class='ocrx_word' id='word_1_112' title='bbox 323 1770 550 1836; x_wconf 87' lang='lat' dir='ltr'><strong>Quibus</strong></span> <span class='ocrx_word' id='word_1_113' title='bbox 574 1767 1064 1826; x_wconf 84' lang='lat' dir='ltr'><strong>sceleratissimus</strong></span> <span class='ocrx_word' id='word_1_114' title='bbox 1101 1765 1458 1822; x_wconf 83' lang='lat' dir='ltr'><strong>Athanasius</strong></span> <span class='ocrx_word' id='word_1_115' title='bbox 1498 1783 1560 1823; x_wconf 90' lang='lat' dir='ltr'><strong>se</strong></span> <span class='ocrx_word' id='word_1_116' title='bbox 1591 1767 1801 1822; x_wconf 89' lang='lat' dir='ltr'><strong>ducem</strong></span> <span class='ocrx_word' id='word_1_117' title='bbox 1834 1783 1978 1839; x_wconf 66' lang='lat' dir='ltr'><strong>pra:-</strong></span> 
     </span>
    </p>
   </div>
   <div class='ocr_carea' id='block_1_19' title="bbox 322 1854 1981 1929">
    <p class='ocr_par' dir='ltr' id='par_1_19' title="bbox 322 1854 1981 1929">
     <span class='ocr_line' id='line_1_19' title="bbox 322 1854 1981 1929; baseline -0.003 -14"><span class='ocrx_word' id='word_1_118' title='bbox 322 1859 473 1926; x_wconf 86' lang='lat' dir='ltr'><strong>buit,</strong></span> <span class='ocrx_word' id='word_1_119' title='bbox 503 1875 642 1914; x_wconf 90' lang='lat' dir='ltr'><strong>nam</strong></span> <span class='ocrx_word' id='word_1_120' title='bbox 673 1862 731 1914; x_wconf 85' lang='lat' dir='ltr'><strong>et</strong></span> <span class='ocrx_word' id='word_1_121' title='bbox 759 1873 881 1913; x_wconf 90' lang='lat' dir='ltr'><strong>rem</strong></span> <span class='ocrx_word' id='word_1_122' title='bbox 907 1855 1204 1929; x_wconf 85' lang='lat' dir='ltr'><strong>publicam</strong></span> <span class='ocrx_word' id='word_1_123' title='bbox 1236 1854 1626 1923; x_wconf 84' lang='lat' dir='ltr'><strong>labefactavit,</strong></span> <span class='ocrx_word' id='word_1_124' title='bbox 1652 1873 1718 1912; x_wconf 90' lang='lat' dir='ltr'><strong>ac</strong></span> <span class='ocrx_word' id='word_1_125' title='bbox 1735 1855 1981 1912; x_wconf 89' lang='lat' dir='ltr'><strong>sanctis-</strong></span> 
     </span>
    </p>
   </div>
   <div class='ocr_carea' id='block_1_20' title="bbox 321 1943 1761 2019">
    <p class='ocr_par' dir='ltr' id='par_1_20' title="bbox 321 1943 1761 2019">
     <span class='ocr_line' id='line_1_20' title="bbox 321 1943 1761 2019; baseline -0.003 -14"><span class='ocrx_word' id='word_1_126' title='bbox 321 1948 492 2005; x_wconf 88' lang='lat' dir='ltr'><strong>simis</strong></span> <span class='ocrx_word' id='word_1_127' title='bbox 517 1946 658 2004; x_wconf 86' lang='lat' dir='ltr'><strong>viris</strong></span> <span class='ocrx_word' id='word_1_128' title='bbox 687 1945 904 2019; x_wconf 88' lang='lat' dir='ltr'><strong>impias</strong></span> <span class='ocrx_word' id='word_1_129' title='bbox 933 1950 991 2001; x_wconf 86' lang='lat' dir='ltr'><strong>et</strong></span> <span class='ocrx_word' id='word_1_130' title='bbox 1020 1945 1270 2001; x_wconf 86' lang='lat' dir='ltr'><strong>nefarias</strong></span> <span class='ocrx_word' id='word_1_131' title='bbox 1301 1962 1514 2000; x_wconf 90' lang='lat' dir='ltr'><strong>manus</strong></span> <span class='ocrx_word' id='word_1_132' title='bbox 1543 1943 1761 2000; x_wconf 87' lang='lat' dir='ltr'><strong>intulit.</strong></span> 
     </span>
    </p>
   </div>
   <div class='ocr_carea' id='block_1_21' title="bbox 395 2033 1978 2108">
    <p class='ocr_par' dir='ltr' id='par_1_21' title="bbox 395 2033 1978 2108">
     <span class='ocr_line' id='line_1_21' title="bbox 395 2033 1978 2108; baseline -0.001 -16"><span class='ocrx_word' id='word_1_133' title='bbox 395 2037 485 2092; x_wconf 88' lang='grc'><strong>31.</strong></span> <span class='ocrx_word' id='word_1_134' title='bbox 517 2037 598 2094; x_wconf 90' lang='lat' dir='ltr'><strong>De</strong></span> <span class='ocrx_word' id='word_1_135' title='bbox 631 2035 968 2092; x_wconf 85' lang='lat' dir='ltr'><strong>Frumentio</strong></span> <span class='ocrx_word' id='word_1_136' title='bbox 989 2039 1186 2090; x_wconf 91' lang='lat' dir='ltr'><strong>autem</strong></span> <span class='ocrx_word' id='word_1_137' title='bbox 1205 2033 1491 2090; x_wconf 79' lang='lat' dir='ltr'><strong>Anxur-nis</strong></span> <span class='ocrx_word' id='word_1_138' title='bbox 1527 2034 1821 2108; x_wconf 87' lang='lat' dir='ltr'><strong>episcopo,</strong></span> <span class='ocrx_word' id='word_1_139' title='bbox 1853 2034 1978 2090; x_wconf 71' lang='lat' dir='ltr'><strong>haec</strong></span> 
     </span>
    </p>
   </div>
   <div class='ocr_carea' id='block_1_22' title="bbox 320 2124 1648 2199">
    <p class='ocr_par' dir='ltr' id='par_1_22' title="bbox 320 2124 1648 2199">
     <span class='ocr_line' id='line_1_22' title="bbox 320 2124 1648 2199; baseline -0.005 -15"><span class='ocrx_word' id='word_1_140' title='bbox 320 2127 392 2184; x_wconf 86' lang='lat' dir='ltr'><strong>ad</strong></span> <span class='ocrx_word' id='word_1_141' title='bbox 423 2126 692 2199; x_wconf 88' lang='lat' dir='ltr'><strong>ejusdem</strong></span> <span class='ocrx_word' id='word_1_142' title='bbox 721 2124 886 2181; x_wconf 89' lang='lat' dir='ltr'><strong>urbis</strong></span> <span class='ocrx_word' id='word_1_143' title='bbox 917 2128 1198 2197; x_wconf 84' lang='lat' dir='ltr'><strong>tyrannos</strong></span> <span class='ocrx_word' id='word_1_144' title='bbox 1229 2127 1449 2195; x_wconf 89' lang='lat' dir='ltr'><strong>scripta</strong></span> <span class='ocrx_word' id='word_1_145' title='bbox 1470 2127 1648 2179; x_wconf 90' lang='lat' dir='ltr'><strong>sunt:</strong></span> 
     </span>
    </p>
   </div>
   <div class='ocr_carea' id='block_1_23' title="bbox 325 2321 1974 2448">
    <p class='ocr_par' dir='ltr' id='par_1_23' title="bbox 325 2321 1974 2448">
     <span class='ocr_line' id='line_1_23' title="bbox 325 2321 1974 2448; baseline -0.002 -67"><span class='ocrx_word' id='word_1_146' title='bbox 325 2327 501 2382; x_wconf 70' lang='lat' dir='ltr'><strong>Victor</strong></span> <span class='ocrx_word' id='word_1_147' title='bbox 559 2323 919 2380; x_wconf 76' lang='lat' dir='ltr'><strong>Constantius</strong></span> <span class='ocrx_word' id='word_1_148' title='bbox 977 2322 1254 2448; x_wconf 56' lang='lat' dir='ltr'><strong>Mélximus</strong></span> <span class='ocrx_word' id='word_1_149' title='bbox 1310 2321 1583 2392; x_wconf 82' lang='lat' dir='ltr'><strong>Augustus</strong></span> <span class='ocrx_word' id='word_1_150' title='bbox 1640 2324 1871 2379; x_wconf 68' lang='lat' dir='ltr'><strong>AEmnae</strong></span> <span class='ocrx_word' id='word_1_151' title='bbox 1924 2325 1974 2378; x_wconf 86' lang='lat' dir='ltr'><strong>ct</strong></span> 
     </span>
     <span class='ocr_line' id='line_1_24' title="bbox 1058 2409 1265 2448; baseline 0 0"><span class='ocrx_word' id='word_1_152' title='bbox 1058 2409 1265 2448; x_wconf 64' lang='lat' dir='ltr'><strong>azanw.</strong></span> 
     </span>
    </p>
   </div>
   <div class='ocr_carea' id='block_1_24' title="bbox 1058 2409 1265 2449">
    <p class='ocr_par' dir='ltr' id='par_1_24' title="bbox 1058 2409 1265 2449">
     <span class='ocr_line' id='line_1_25' title="bbox 1058 2409 1265 2449; baseline 0.005 -1"><span class='ocrx_word' id='word_1_153' title='bbox 1058 2409 1244 2448; x_wconf 64' lang='lat' dir='ltr'><strong>azanw</strong></span> <span class='ocrx_word' id='word_1_154' title='bbox 1251 2435 1265 2449; x_wconf 84' lang='lat'><strong>.</strong></span> 
     </span>
    </p>
   </div>
   <div class='ocr_carea' id='block_1_25' title="bbox 386 2482 1971 2550">
    <p class='ocr_par' dir='ltr' id='par_1_25' title="bbox 386 2482 1971 2550">
     <span class='ocr_line' id='line_1_26' title="bbox 386 2482 1971 2550; baseline -0.001 -8"><span class='ocrx_word' id='word_1_155' title='bbox 386 2485 645 2542; x_wconf 62' lang='lat' dir='ltr'><strong>Maxime</strong></span> <span class='ocrx_word' id='word_1_156' title='bbox 675 2483 847 2540; x_wconf 88' lang='lat' dir='ltr'><strong>nobis</strong></span> <span class='ocrx_word' id='word_1_157' title='bbox 877 2499 1027 2539; x_wconf 70' lang='lat' dir='ltr'><strong>curae</strong></span> <span class='ocrx_word' id='word_1_158' title='bbox 1057 2499 1125 2538; x_wconf 93' lang='lat' dir='ltr'><strong>ac</strong></span> <span class='ocrx_word' id='word_1_159' title='bbox 1161 2482 1356 2538; x_wconf 90' lang='lat' dir='ltr'><strong>studio</strong></span> <span class='ocrx_word' id='word_1_160' title='bbox 1387 2487 1494 2550; x_wconf 88' lang='lat' dir='ltr'><strong>est,</strong></span> <span class='ocrx_word' id='word_1_161' title='bbox 1554 2487 1620 2538; x_wconf 89' lang='lat' dir='ltr'><strong>ut</strong></span> <span class='ocrx_word' id='word_1_162' title='bbox 1673 2483 1830 2539; x_wconf 90' lang='lat' dir='ltr'><strong>Deus</strong></span> <span class='ocrx_word' id='word_1_163' title='bbox 1877 2499 1971 2540; x_wconf 87' lang='lat' dir='ltr'><strong>co-</strong></span> 
     </span>
    </p>
   </div>
   <div class='ocr_carea' id='block_1_26' title="bbox 318 2571 1972 2651">
    <p class='ocr_par' dir='ltr' id='par_1_26' title="bbox 318 2571 1972 2651">
     <span class='ocr_line' id='line_1_27' title="bbox 318 2571 1972 2651; baseline -0.002 -18"><span class='ocrx_word' id='word_1_164' title='bbox 318 2579 673 2651; x_wconf 88' lang='lat' dir='ltr'><strong>gnoscatur;</strong></span> <span class='ocrx_word' id='word_1_165' title='bbox 705 2573 814 2630; x_wconf 92' lang='lat' dir='ltr'><strong>hoc</strong></span> <span class='ocrx_word' id='word_1_166' title='bbox 844 2573 904 2628; x_wconf 92' lang='lat' dir='ltr'><strong>in</strong></span> <span class='ocrx_word' id='word_1_167' title='bbox 928 2571 1158 2645; x_wconf 87' lang='lat' dir='ltr'><strong>negotio</strong></span> <span class='ocrx_word' id='word_1_168' title='bbox 1179 2571 1334 2627; x_wconf 89' lang='lat' dir='ltr'><strong>enim</strong></span> <span class='ocrx_word' id='word_1_169' title='bbox 1355 2572 1628 2642; x_wconf 86' lang='lat' dir='ltr'><strong>arbitror,</strong></span> <span class='ocrx_word' id='word_1_170' title='bbox 1646 2590 1845 2646; x_wconf 84' lang='lat' dir='ltr'><strong>parem</strong></span> <span class='ocrx_word' id='word_1_171' title='bbox 1870 2591 1972 2645; x_wconf 90' lang='lat' dir='ltr'><strong>pro</strong></span> 
     </span>
    </p>
   </div>
   <div class='ocr_carea' id='block_1_27' title="bbox 323 2661 1970 2734">
    <p class='ocr_par' dir='ltr' id='par_1_27' title="bbox 323 2661 1970 2734">
     <span class='ocr_line' id='line_1_28' title="bbox 323 2661 1970 2734; baseline -0.002 -12"><span class='ocrx_word' id='word_1_172' title='bbox 323 2664 624 2722; x_wconf 89' lang='lat' dir='ltr'><strong>communi</strong></span> <span class='ocrx_word' id='word_1_173' title='bbox 639 2662 947 2719; x_wconf 88' lang='lat' dir='ltr'><strong>hominum</strong></span> <span class='ocrx_word' id='word_1_174' title='bbox 963 2677 1173 2734; x_wconf 90' lang='lat' dir='ltr'><strong>genere</strong></span> <span class='ocrx_word' id='word_1_175' title='bbox 1185 2661 1638 2718; x_wconf 90' lang='lat' dir='ltr'><strong>sollicitudinem</strong></span> <span class='ocrx_word' id='word_1_176' title='bbox 1655 2663 1970 2734; x_wconf 84' lang='lat' dir='ltr'><strong>gerendam</strong></span> 
     </span>
    </p>
   </div>
   <div class='ocr_carea' id='block_1_28' title="bbox 316 2749 1972 2822">
    <p class='ocr_par' dir='ltr' id='par_1_28' title="bbox 316 2749 1972 2822">
     <span class='ocr_line' id='line_1_29' title="bbox 316 2749 1972 2822; baseline -0.003 -11"><span class='ocrx_word' id='word_1_177' title='bbox 316 2769 467 2821; x_wconf 85' lang='lat' dir='ltr'><strong>esse,</strong></span> <span class='ocrx_word' id='word_1_178' title='bbox 497 2756 563 2808; x_wconf 88' lang='lat' dir='ltr'><strong>ut</strong></span> <span class='ocrx_word' id='word_1_179' title='bbox 592 2753 663 2808; x_wconf 88' lang='lat' dir='ltr'><strong>ad</strong></span> <span class='ocrx_word' id='word_1_180' title='bbox 694 2749 798 2807; x_wconf 90' lang='lat' dir='ltr'><strong>Dei</strong></span> <span class='ocrx_word' id='word_1_181' title='bbox 823 2749 1088 2806; x_wconf 88' lang='lat' dir='ltr'><strong>notitiam</strong></span> <span class='ocrx_word' id='word_1_182' title='bbox 1132 2749 1387 2818; x_wconf 88' lang='lat' dir='ltr'><strong>deducti,</strong></span> <span class='ocrx_word' id='word_1_183' title='bbox 1436 2750 1618 2806; x_wconf 90' lang='lat' dir='ltr'><strong>vitam</strong></span> <span class='ocrx_word' id='word_1_184' title='bbox 1677 2767 1811 2805; x_wconf 91' lang='lat' dir='ltr'><strong>cum</strong></span> <span class='ocrx_word' id='word_1_185' title='bbox 1871 2767 1972 2822; x_wconf 89' lang='lat' dir='ltr'><strong>spe</strong></span> 
     </span>
    </p>
   </div>
   <div class='ocr_carea' id='block_1_29' title="bbox 315 2837 1971 2916">
    <p class='ocr_par' dir='ltr' id='par_1_29' title="bbox 315 2837 1971 2916">
     <span class='ocr_line' id='line_1_30' title="bbox 315 2837 1971 2916; baseline -0.005 -16"><span class='ocrx_word' id='word_1_186' title='bbox 315 2842 665 2916; x_wconf 86' lang='lat' dir='ltr'><strong>transigant,</strong></span> <span class='ocrx_word' id='word_1_187' title='bbox 685 2839 744 2896; x_wconf 91' lang='lat' dir='ltr'><strong>in</strong></span> <span class='ocrx_word' id='word_1_188' title='bbox 769 2838 1046 2912; x_wconf 90' lang='lat' dir='ltr'><strong>nulloque</strong></span> <span class='ocrx_word' id='word_1_189' title='bbox 1071 2839 1407 2912; x_wconf 82' lang='lat' dir='ltr'><strong>discrepent</strong></span> <span class='ocrx_word' id='word_1_190' title='bbox 1428 2838 1740 2909; x_wconf 86' lang='lat' dir='ltr'><strong>circajusti</strong></span> <span class='ocrx_word' id='word_1_191' title='bbox 1766 2855 1832 2894; x_wconf 87' lang='lat' dir='ltr'><strong>ac</strong></span> <span class='ocrx_word' id='word_1_192' title='bbox 1852 2837 1971 2894; x_wconf 88' lang='lat' dir='ltr'><strong>veri</strong></span> 
     </span>
    </p>
   </div>
   <div class='ocr_carea' id='block_1_30' title="bbox 317 2927 1970 3004">
    <p class='ocr_par' dir='ltr' id='par_1_30' title="bbox 317 2927 1970 3004">
     <span class='ocr_line' id='line_1_31' title="bbox 317 2927 1970 3004; baseline -0.006 -14"><span class='ocrx_word' id='word_1_193' title='bbox 317 2931 812 3004; x_wconf 88' lang='lat' dir='ltr'><strong>disquisitionem.</strong></span> <span class='ocrx_word' id='word_1_194' title='bbox 847 2929 991 2985; x_wconf 87' lang='lat' dir='ltr'><strong>Cum</strong></span> <span class='ocrx_word' id='word_1_195' title='bbox 1022 2927 1122 2984; x_wconf 89' lang='lat' dir='ltr'><strong>tali</strong></span> <span class='ocrx_word' id='word_1_196' title='bbox 1153 2929 1334 3002; x_wconf 85' lang='lat' dir='ltr'><strong>igitur</strong></span> <span class='ocrx_word' id='word_1_197' title='bbox 1360 2945 1463 2983; x_wconf 87' lang='lat' dir='ltr'><strong>vos</strong></span> <span class='ocrx_word' id='word_1_198' title='bbox 1493 2927 1860 2999; x_wconf 88' lang='lat' dir='ltr'><strong>providentia</strong></span> <span class='ocrx_word' id='word_1_199' title='bbox 1881 2927 1970 2981; x_wconf 85' lang='lat' dir='ltr'><strong>di-</strong></span> 
     </span>
    </p>
   </div>
   <div class='ocr_carea' id='block_1_31' title="bbox 316 3015 1970 3096">
    <p class='ocr_par' dir='ltr' id='par_1_31' title="bbox 316 3015 1970 3096">
     <span class='ocr_line' id='line_1_32' title="bbox 316 3015 1970 3096; baseline -0.005 -20"><span class='ocrx_word' id='word_1_200' title='bbox 316 3038 463 3096; x_wconf 87' lang='lat' dir='ltr'><strong>gnos</strong></span> <span class='ocrx_word' id='word_1_201' title='bbox 494 3020 841 3086; x_wconf 88' lang='lat' dir='ltr'><strong>habeamus,</strong></span> <span class='ocrx_word' id='word_1_202' title='bbox 871 3017 1150 3090; x_wconf 88' lang='lat' dir='ltr'><strong>pariaque</strong></span> <span class='ocrx_word' id='word_1_203' title='bbox 1181 3017 1346 3072; x_wconf 88' lang='lat' dir='ltr'><strong>vobis</strong></span> <span class='ocrx_word' id='word_1_204' title='bbox 1385 3019 1440 3070; x_wconf 85' lang='lat' dir='ltr'><strong>et</strong></span> <span class='ocrx_word' id='word_1_205' title='bbox 1490 3015 1769 3070; x_wconf 82' lang='lat' dir='ltr'><strong>Romanis</strong></span> <span class='ocrx_word' id='word_1_206' title='bbox 1830 3033 1970 3084; x_wconf 73' lang='lat' dir='ltr'><strong>prae-</strong></span> 
     </span>
    </p>
   </div>
   <div class='ocr_carea' id='block_1_32' title="bbox 315 3104 1968 3179">
    <p class='ocr_par' dir='ltr' id='par_1_32' title="bbox 315 3104 1968 3179">
     <span class='ocr_line' id='line_1_33' title="bbox 315 3104 1968 3179; baseline -0.005 -12"><span class='ocrx_word' id='word_1_207' title='bbox 315 3113 580 3177; x_wconf 85' lang='lat' dir='ltr'><strong>beamus,</strong></span> <span class='ocrx_word' id='word_1_208' title='bbox 613 3125 793 3165; x_wconf 89' lang='lat' dir='ltr'><strong>unam</strong></span> <span class='ocrx_word' id='word_1_209' title='bbox 825 3107 1211 3179; x_wconf 88' lang='lat' dir='ltr'><strong>eamdemque</strong></span> <span class='ocrx_word' id='word_1_210' title='bbox 1241 3104 1567 3160; x_wconf 88' lang='lat' dir='ltr'><strong>doctrinam</strong></span> <span class='ocrx_word' id='word_1_211' title='bbox 1598 3104 1751 3176; x_wconf 90' lang='lat' dir='ltr'><strong>apud</strong></span> <span class='ocrx_word' id='word_1_212' title='bbox 1777 3107 1968 3160; x_wconf 86' lang='lat' dir='ltr'><strong>utros-</strong></span> 
     </span>
    </p>
   </div>
   <div class='ocr_carea' id='block_1_33' title="bbox 316 3192 1970 3274">
    <p class='ocr_par' dir='ltr' id='par_1_33' title="bbox 316 3192 1970 3274">
     <span class='ocr_line' id='line_1_34' title="bbox 316 3192 1970 3274; baseline -0.005 -18"><span class='ocrx_word' id='word_1_213' title='bbox 316 3217 431 3274; x_wconf 90' lang='lat' dir='ltr'><strong>que</strong></span> <span class='ocrx_word' id='word_1_214' title='bbox 457 3199 516 3255; x_wconf 91' lang='lat' dir='ltr'><strong>in</strong></span> <span class='ocrx_word' id='word_1_215' title='bbox 548 3197 823 3255; x_wconf 89' lang='lat' dir='ltr'><strong>Ecclesiis</strong></span> <span class='ocrx_word' id='word_1_216' title='bbox 843 3197 1037 3269; x_wconf 85' lang='lat' dir='ltr'><strong>vigere</strong></span> <span class='ocrx_word' id='word_1_217' title='bbox 1060 3192 1450 3268; x_wconf 61' lang='lat' dir='ltr'><strong>pracipimus.</strong></span> <span class='ocrx_word' id='word_1_218' title='bbox 1485 3193 1673 3256; x_wconf 87' lang='lat' dir='ltr'><strong>Quare</strong></span> <span class='ocrx_word' id='word_1_219' title='bbox 1695 3193 1970 3248; x_wconf 87' lang='lat' dir='ltr'><strong>Frumen-</strong></span> 
     </span>
    </p>
   </div>
   <div class='ocr_carea' id='block_1_34' title="bbox 315 3281 1964 3361">
    <p class='ocr_par' dir='ltr' id='par_1_34' title="bbox 315 3281 1964 3361">
     <span class='ocr_line' id='line_1_35' title="bbox 315 3281 1964 3361; baseline -0.005 -15"><span class='ocrx_word' id='word_1_220' title='bbox 315 3290 464 3346; x_wconf 90' lang='lat' dir='ltr'><strong>tium</strong></span> <span class='ocrx_word' id='word_1_221' title='bbox 497 3289 836 3361; x_wconf 89' lang='lat' dir='ltr'><strong>episcopum</strong></span> <span class='ocrx_word' id='word_1_222' title='bbox 855 3283 1298 3358; x_wconf 88' lang='lat' dir='ltr'><strong>quamprimum</strong></span> <span class='ocrx_word' id='word_1_223' title='bbox 1317 3281 1532 3336; x_wconf 86' lang='lat' dir='ltr'><strong>mittite</strong></span> <span class='ocrx_word' id='word_1_224' title='bbox 1548 3281 1608 3336; x_wconf 92' lang='lat' dir='ltr'><strong>in</strong></span> <span class='ocrx_word' id='word_1_225' title='bbox 1631 3281 1964 3355; x_wconf 66' lang='lat' dir='ltr'><strong>IEgyptum,</strong></span> 
     </span>
    </p>
   </div>
   <div class='ocr_carea' id='block_1_35' title="bbox 2095 687 3762 773">
    <p class='ocr_par' dir='ltr' id='par_1_35' title="bbox 2095 687 3762 773">
     <span class='ocr_line' id='line_1_36' title="bbox 2095 687 3762 773; baseline 0.007 -29"><span class='ocrx_word' id='word_1_226' title='bbox 2095 687 2386 762; x_wconf 86' lang='grc' dir='ltr'>κινδύνοις,</span> <span class='ocrx_word' id='word_1_227' title='bbox 2421 693 2497 746; x_wconf 78' lang='grc' dir='ltr'>ὢν</span> <span class='ocrx_word' id='word_1_228' title='bbox 2557 690 2656 747; x_wconf 76' lang='grc' dir='ltr'><strong>οὐκ</strong></span> <span class='ocrx_word' id='word_1_229' title='bbox 2714 689 2868 765; x_wconf 64' lang='grc' dir='ltr'>ἴσμεν</span> <span class='ocrx_word' id='word_1_230' title='bbox 2911 689 2966 746; x_wconf 79' lang='grc' dir='ltr'><strong>εἷ’</strong></span> <span class='ocrx_word' id='word_1_231' title='bbox 3003 714 3087 756; x_wconf 89' lang='grc' dir='ltr'><strong>τις</strong></span> <span class='ocrx_word' id='word_1_232' title='bbox 3117 698 3222 748; x_wconf 81' lang='grc' dir='ltr'><strong>τῶν</strong></span> <span class='ocrx_word' id='word_1_233' title='bbox 3257 696 3392 751; x_wconf 89' lang='grc' dir='ltr'>πάνυ</span> <span class='ocrx_word' id='word_1_234' title='bbox 3427 698 3540 773; x_wconf 77' lang='grc'>(22)</span> <span class='ocrx_word' id='word_1_235' title='bbox 3571 695 3762 754; x_wconf 81' lang='grc' dir='ltr'>δεινῶν</span> 
     </span>
    </p>
   </div>
   <div class='ocr_carea' id='block_1_36' title="bbox 2102 779 3758 864">
    <p class='ocr_par' dir='ltr' id='par_1_36' title="bbox 2102 779 3758 864">
     <span class='ocr_line' id='line_1_37' title="bbox 2102 779 3758 864; baseline 0.008 -32"><span class='ocrx_word' id='word_1_236' title='bbox 2102 779 2444 856; x_wconf 69' lang='grc' dir='ltr'><strong>ἐξαιρήσεται</strong></span> <span class='ocrx_word' id='word_1_237' title='bbox 2489 781 2617 844; x_wconf 73' lang='grc' dir='ltr'>τοὺς</span> <span class='ocrx_word' id='word_1_238' title='bbox 2670 783 3074 852; x_wconf 84' lang='grc' dir='ltr'>στασιάζοντας.</span> <span class='ocrx_word' id='word_1_239' title='bbox 3110 786 3209 840; x_wconf 82' lang='grc' dir='ltr'><strong>Καὶ</strong></span> <span class='ocrx_word' id='word_1_240' title='bbox 3256 787 3358 864; x_wconf 83' lang='grc' dir='ltr'>γὰρ</span> <span class='ocrx_word' id='word_1_241' title='bbox 3409 790 3610 844; x_wconf 83' lang='grc' dir='ltr'>ἄτοπον</span> <span class='ocrx_word' id='word_1_242' title='bbox 3665 790 3758 846; x_wconf 86' lang='grc' dir='ltr'>τὸν</span> 
     </span>
    </p>
   </div>
   <div class='ocr_carea' id='block_1_37' title="bbox 2111 867 3757 954">
    <p class='ocr_par' dir='ltr' id='par_1_37' title="bbox 2111 867 3757 954">
     <span class='ocr_line' id='line_1_38' title="bbox 2111 867 3757 954; baseline 0.007 -30"><span class='ocrx_word' id='word_1_243' title='bbox 2111 870 2206 942; x_wconf 74' lang='grc' dir='ltr'><strong>μὲν</strong></span> <span class='ocrx_word' id='word_1_244' title='bbox 2268 867 2494 945; x_wconf 81' lang='grc' dir='ltr'>ὄλεθρον</span> <span class='ocrx_word' id='word_1_245' title='bbox 2557 874 2875 935; x_wconf 83' lang='grc' dir='ltr'>Ἀθανάσιον</span> <span class='ocrx_word' id='word_1_246' title='bbox 2950 876 3050 950; x_wconf 64' lang='grc' dir='ltr'>γῆν</span> <span class='ocrx_word' id='word_1_247' title='bbox 3127 875 3233 952; x_wconf 88' lang='grc' dir='ltr'><strong>πρὸ</strong></span> <span class='ocrx_word' id='word_1_248' title='bbox 3288 879 3392 954; x_wconf 77' lang='grc' dir='ltr'>γῆς</span> <span class='ocrx_word' id='word_1_249' title='bbox 3471 876 3757 951; x_wconf 79' lang='grc' dir='ltr'>ἀπεληλᾶ-</span> 
     </span>
    </p>
   </div>
   <div class='ocr_carea' id='block_1_38' title="bbox 2097 961 3755 1039">
    <p class='ocr_par' dir='ltr' id='par_1_38' title="bbox 2097 961 3755 1039">
     <span class='ocr_line' id='line_1_39' title="bbox 2097 961 3755 1039; baseline 0.007 -25"><span class='ocrx_word' id='word_1_250' title='bbox 2097 962 2216 1014; x_wconf 86' lang='grc' dir='ltr'>σθαι</span> <span class='ocrx_word' id='word_1_251' title='bbox 2258 963 2392 1036; x_wconf 83' lang='grc'>(23),</span> <span class='ocrx_word' id='word_1_252' title='bbox 2435 961 2525 1017; x_wconf 80' lang='grc' dir='ltr'><strong>καὶ</strong></span> <span class='ocrx_word' id='word_1_253' title='bbox 2572 967 2688 1025; x_wconf 89' lang='grc' dir='ltr'>τοῖς</span> <span class='ocrx_word' id='word_1_254' title='bbox 2741 961 3047 1039; x_wconf 76' lang='grc' dir='ltr'>αἰσχίστοις</span> <span class='ocrx_word' id='word_1_255' title='bbox 3101 965 3324 1036; x_wconf 82' lang='grc' dir='ltr'>ἁλόντα,</span> <span class='ocrx_word' id='word_1_256' title='bbox 3375 966 3450 1032; x_wconf 82' lang='grc' dir='ltr'><strong>ὥς</strong></span> <span class='ocrx_word' id='word_1_257' title='bbox 3509 990 3644 1024; x_wconf 91' lang='grc' dir='ltr'>ποτε</span> <span class='ocrx_word' id='word_1_258' title='bbox 3696 968 3755 1024; x_wconf 73' lang='grc' dir='ltr'>ἂν</span> 
     </span>
    </p>
   </div>
   <div class='ocr_carea' id='block_1_39' title="bbox 2097 1047 3756 1126">
    <p class='ocr_par' dir='ltr' id='par_1_39' title="bbox 2097 1047 3756 1126">
     <span class='ocr_line' id='line_1_40' title="bbox 2097 1047 3756 1126; baseline 0.006 -22"><span class='ocrx_word' id='word_1_259' title='bbox 2097 1047 2300 1113; x_wconf 78' lang='grc' dir='ltr'>ἐκεῖνος</span> <span class='ocrx_word' id='word_1_260' title='bbox 2351 1052 2450 1119; x_wconf 79' lang='grc' dir='ltr'>τήν</span> <span class='ocrx_word' id='word_1_261' title='bbox 2509 1051 2656 1125; x_wconf 80' lang='grc' dir='ltr'>ἀξίαν</span> <span class='ocrx_word' id='word_1_262' title='bbox 2712 1051 2956 1126; x_wconf 83' lang='grc' dir='ltr'>ἐκτίσειε,</span> <span class='ocrx_word' id='word_1_263' title='bbox 2989 1053 3081 1109; x_wconf 82' lang='grc' dir='ltr'><strong>καὶ</strong></span> <span class='ocrx_word' id='word_1_264' title='bbox 3139 1054 3184 1110; x_wconf 84' lang='grc' dir='ltr'>εἷ</span> <span class='ocrx_word' id='word_1_265' title='bbox 3247 1053 3468 1114; x_wconf 90' lang='grc' dir='ltr'>δέκατόν</span> <span class='ocrx_word' id='word_1_266' title='bbox 3518 1081 3605 1122; x_wconf 92' lang='grc' dir='ltr'><strong>τις</strong></span> <span class='ocrx_word' id='word_1_267' title='bbox 3657 1063 3756 1114; x_wconf 88' lang='grc' dir='ltr'><strong>τοῦ</strong></span> 
     </span>
    </p>
   </div>
   <div class='ocr_carea' id='block_1_40' title="bbox 2098 1139 3756 1217">
    <p class='ocr_par' dir='ltr' id='par_1_40' title="bbox 2098 1139 3756 1217">
     <span class='ocr_line' id='line_1_41' title="bbox 2098 1139 3756 1217; baseline 0.007 -25"><span class='ocrx_word' id='word_1_268' title='bbox 2098 1142 2192 1212; x_wconf 82' lang='grc' dir='ltr'><strong>ζῇν</strong></span> <span class='ocrx_word' id='word_1_269' title='bbox 2225 1139 2636 1217; x_wconf 71' lang='grc' dir='ltr'>προσαφέληται</span> <span class='ocrx_word' id='word_1_270' title='bbox 2663 1159 2675 1171; x_wconf 81' lang='grc'><strong><em>⁸</em></strong></span> <span class='ocrx_word' id='word_1_271' title='bbox 2725 1140 2854 1204; x_wconf 77' lang='grc' dir='ltr'>τοὺς</span> <span class='ocrx_word' id='word_1_272' title='bbox 2887 1141 2944 1196; x_wconf 73' lang='grc' dir='ltr'>δὲ</span> <span class='ocrx_word' id='word_1_273' title='bbox 2982 1142 3191 1200; x_wconf 78' lang='grc' dir='ltr'>ἐκείνου</span> <span class='ocrx_word' id='word_1_274' title='bbox 3243 1144 3483 1210; x_wconf 87' lang='grc' dir='ltr'>κόλακας</span> <span class='ocrx_word' id='word_1_275' title='bbox 3529 1148 3620 1204; x_wconf 76' lang='grc' dir='ltr'>ναὶ</span> <span class='ocrx_word' id='word_1_276' title='bbox 3669 1161 3756 1213; x_wconf 79' lang='grc' dir='ltr'>θεσ-</span> 
     </span>
    </p>
   </div>
   <div class='ocr_carea' id='block_1_41' title="bbox 2097 1229 3754 1313">
    <p class='ocr_par' dir='ltr' id='par_1_41' title="bbox 2097 1229 3754 1313">
     <span class='ocr_line' id='line_1_42' title="bbox 2097 1229 3754 1313; baseline 0.007 -32"><span class='ocrx_word' id='word_1_277' title='bbox 2097 1229 2360 1304; x_wconf 77' lang='grc' dir='ltr'>ραπευτᾶς</span> <span class='ocrx_word' id='word_1_278' title='bbox 2419 1229 2652 1306; x_wconf 89' lang='grc' dir='ltr'>ἀγύρτας</span> <span class='ocrx_word' id='word_1_279' title='bbox 2710 1232 2882 1300; x_wconf 74' lang='grc' dir='ltr'>τινὰς,</span> <span class='ocrx_word' id='word_1_280' title='bbox 2933 1232 3022 1287; x_wconf 86' lang='grc' dir='ltr'><strong>καὶ</strong></span> <span class='ocrx_word' id='word_1_281' title='bbox 3077 1234 3363 1298; x_wconf 83' lang='grc' dir='ltr'>τοιούτους</span> <span class='ocrx_word' id='word_1_282' title='bbox 3411 1236 3754 1313; x_wconf 82' lang='grc' dir='ltr'><strong>ἀνθρώπους,</strong></span> 
     </span>
    </p>
   </div>
   <div class='ocr_carea' id='block_1_42' title="bbox 2095 1315 3751 1403">
    <p class='ocr_par' dir='ltr' id='par_1_42' title="bbox 2095 1315 3751 1403">
     <span class='ocr_line' id='line_1_43' title="bbox 2095 1315 3751 1403; baseline 0.006 -31"><span class='ocrx_word' id='word_1_283' title='bbox 2095 1315 2243 1380; x_wconf 73' lang='grc' dir='ltr'>ο⁹ίους</span> <span class='ocrx_word' id='word_1_284' title='bbox 2297 1317 2580 1392; x_wconf 81' lang='grc' dir='ltr'>ὀνομάζειν</span> <span class='ocrx_word' id='word_1_285' title='bbox 2636 1319 2891 1398; x_wconf 78' lang='grc' dir='ltr'>αἰσχύνη,</span> <span class='ocrx_word' id='word_1_286' title='bbox 2923 1328 3183 1399; x_wconf 85' lang='grc' dir='ltr'>περιορᾷν</span> <span class='ocrx_word' id='word_1_287' title='bbox 3236 1321 3625 1403; x_wconf 76' lang='grc' dir='ltr'>σφαδάζοντας,</span> <span class='ocrx_word' id='word_1_288' title='bbox 3658 1327 3751 1389; x_wconf 73' lang='grc' dir='ltr'><strong>οὓς</strong></span> 
     </span>
    </p>
   </div>
   <div class='ocr_carea' id='block_1_43' title="bbox 2090 1405 3750 1486">
    <p class='ocr_par' dir='ltr' id='par_1_43' title="bbox 2090 1405 3750 1486">
     <span class='ocr_line' id='line_1_44' title="bbox 2090 1405 3750 1486; baseline 0.005 -25"><span class='ocrx_word' id='word_1_289' title='bbox 2090 1405 2261 1462; x_wconf 85' lang='grc' dir='ltr'>πάλαι</span> <span class='ocrx_word' id='word_1_290' title='bbox 2291 1409 2536 1472; x_wconf 77' lang='grc' dir='ltr'>τεθνάναι</span> <span class='ocrx_word' id='word_1_291' title='bbox 2579 1406 2928 1486; x_wconf 80' lang='grc' dir='ltr'>διηγόρευται</span> <span class='ocrx_word' id='word_1_292' title='bbox 2976 1416 3092 1473; x_wconf 87' lang='grc' dir='ltr'>τοῖς</span> <span class='ocrx_word' id='word_1_293' title='bbox 3137 1409 3432 1476; x_wconf 82' lang='grc' dir='ltr'>δικασταῖς.</span> <span class='ocrx_word' id='word_1_294' title='bbox 3465 1415 3566 1470; x_wconf 83' lang='grc' dir='ltr'>Καὶ</span> <span class='ocrx_word' id='word_1_295' title='bbox 3618 1411 3750 1478; x_wconf 67' lang='grc' dir='ltr'>ἴσως</span> 
     </span>
    </p>
   </div>
   <div class='ocr_carea' id='block_1_44' title="bbox 2093 1495 3750 1582">
    <p class='ocr_par' dir='ltr' id='par_1_44' title="bbox 2093 1495 3750 1582">
     <span class='ocr_line' id='line_1_45' title="bbox 2093 1495 3750 1582; baseline 0.005 -31"><span class='ocrx_word' id='word_1_296' title='bbox 2093 1495 2306 1552; x_wconf 73' lang='grc' dir='ltr'>οὐδέπω</span> <span class='ocrx_word' id='word_1_297' title='bbox 2379 1500 2722 1570; x_wconf 77' lang='grc' dir='ltr'>τεθνήξονται</span> <span class='ocrx_word' id='word_1_298' title='bbox 2775 1502 2910 1574; x_wconf 82' lang='grc'>(24),</span> <span class='ocrx_word' id='word_1_299' title='bbox 2965 1501 3032 1570; x_wconf 68' lang='grc' dir='ltr'><strong>ἢν</strong></span> <span class='ocrx_word' id='word_1_300' title='bbox 3093 1503 3191 1575; x_wconf 76' lang='grc' dir='ltr'>μὴ,</span> <span class='ocrx_word' id='word_1_301' title='bbox 3251 1507 3360 1557; x_wconf 85' lang='grc' dir='ltr'>τῶν</span> <span class='ocrx_word' id='word_1_302' title='bbox 3433 1505 3750 1582; x_wconf 74' lang='grc' dir='ltr'>φθασάντων</span> 
     </span>
    </p>
   </div>
   <div class='ocr_carea' id='block_1_45' title="bbox 2090 1583 3749 1672">
    <p class='ocr_par' dir='ltr' id='par_1_45' title="bbox 2090 1583 3749 1670">
     <span class='ocr_line' id='line_1_46' title="bbox 2090 1583 3749 1670; baseline 0.007 -32"><span class='ocrx_word' id='word_1_303' title='bbox 2090 1583 2414 1648; x_wconf 76' lang='grc' dir='ltr'>ἀποστάντες</span> <span class='ocrx_word' id='word_1_304' title='bbox 2463 1585 2992 1662; x_wconf 84' lang='grc' dir='ltr'>πλημμελημάτων,</span> <span class='ocrx_word' id='word_1_305' title='bbox 3021 1589 3122 1664; x_wconf 80' lang='grc' dir='ltr'>ὀψέ</span> <span class='ocrx_word' id='word_1_306' title='bbox 3175 1611 3310 1648; x_wconf 90' lang='grc' dir='ltr'>ποτε</span> <span class='ocrx_word' id='word_1_307' title='bbox 3369 1597 3706 1670; x_wconf 79' lang='grc' dir='ltr'>μεταθῶνται</span> <span class='ocrx_word' id='word_1_308' title='bbox 3735 1610 3749 1626; x_wconf 87' lang='grc'>⁶</span> 
     </span>
    </p>
   </div>
   <div class='ocr_carea' id='block_1_46' title="bbox 2091 1675 3750 1758">
    <p class='ocr_par' dir='ltr' id='par_1_46' title="bbox 2091 1675 3750 1758">
     <span class='ocr_line' id='line_1_47' title="bbox 2091 1675 3750 1758; baseline 0.008 -32"><span class='ocrx_word' id='word_1_309' title='bbox 2091 1675 2164 1727; x_wconf 83' lang='grc' dir='ltr'>ὧν</span> <span class='ocrx_word' id='word_1_310' title='bbox 2197 1675 2225 1728; x_wconf 83' lang='grc' dir='ltr'>ὁ</span> <span class='ocrx_word' id='word_1_311' title='bbox 2259 1676 2678 1753; x_wconf 66' lang='grc' dir='ltr'>μοχθηρότατος</span> <span class='ocrx_word' id='word_1_312' title='bbox 2711 1679 3027 1742; x_wconf 85' lang='grc' dir='ltr'>Ἀθανάσιος</span> <span class='ocrx_word' id='word_1_313' title='bbox 3073 1681 3290 1756; x_wconf 76' lang='grc' dir='ltr'>ἡγεῖτο,</span> <span class='ocrx_word' id='word_1_314' title='bbox 3321 1681 3412 1737; x_wconf 79' lang='grc' dir='ltr'><strong>καὶ</strong></span> <span class='ocrx_word' id='word_1_315' title='bbox 3463 1686 3532 1756; x_wconf 83' lang='grc' dir='ltr'>τῇ</span> <span class='ocrx_word' id='word_1_316' title='bbox 3589 1687 3750 1758; x_wconf 81' lang='grc' dir='ltr'>κοινῇ</span> 
     </span>
    </p>
   </div>
   <div class='ocr_carea' id='block_1_47' title="bbox 2088 1763 3750 1847">
    <p class='ocr_par' dir='ltr' id='par_1_47' title="bbox 2088 1763 3750 1847">
     <span class='ocr_line' id='line_1_48' title="bbox 2088 1763 3750 1847; baseline 0.007 -29"><span class='ocrx_word' id='word_1_317' title='bbox 2088 1763 2338 1837; x_wconf 77' lang='grc' dir='ltr'>πολιτείᾳ</span> <span class='ocrx_word' id='word_1_318' title='bbox 2399 1764 2822 1840; x_wconf 79' lang='grc' dir='ltr'>λυμαινόμενος,</span> <span class='ocrx_word' id='word_1_319' title='bbox 2854 1768 2946 1822; x_wconf 79' lang='grc' dir='ltr'><strong>καὶ</strong></span> <span class='ocrx_word' id='word_1_320' title='bbox 2996 1775 3114 1833; x_wconf 90' lang='grc' dir='ltr'>τοῖς</span> <span class='ocrx_word' id='word_1_321' title='bbox 3174 1771 3501 1847; x_wconf 77' lang='grc' dir='ltr'>ἁγιωτάτοις</span> <span class='ocrx_word' id='word_1_322' title='bbox 3563 1769 3750 1828; x_wconf 87' lang='grc' dir='ltr'>δυσσε-</span> 
     </span>
    </p>
   </div>
   <div class='ocr_carea' id='block_1_48' title="bbox 2089 1847 3264 1937">
    <p class='ocr_par' dir='ltr' id='par_1_48' title="bbox 2089 1847 3264 1937">
     <span class='ocr_line' id='line_1_49' title="bbox 2089 1847 3264 1937; baseline 0.007 -30"><span class='ocrx_word' id='word_1_323' title='bbox 2089 1847 2204 1916; x_wconf 76' lang='grc' dir='ltr'>ϐεῖς</span> <span class='ocrx_word' id='word_1_324' title='bbox 2232 1853 2322 1909; x_wconf 79' lang='grc' dir='ltr'><strong>καὶ</strong></span> <span class='ocrx_word' id='word_1_325' title='bbox 2355 1854 2564 1931; x_wconf 82' lang='grc' dir='ltr'>ἐναγεῖς</span> <span class='ocrx_word' id='word_1_326' title='bbox 2594 1858 2888 1932; x_wconf 86' lang='grc' dir='ltr'>προσάγων</span> <span class='ocrx_word' id='word_1_327' title='bbox 2920 1859 3018 1921; x_wconf 81' lang='grc' dir='ltr'>τὰς</span> <span class='ocrx_word' id='word_1_328' title='bbox 3050 1864 3264 1937; x_wconf 88' lang='grc' dir='ltr'>χεῖρας.</span> 
     </span>
    </p>
   </div>
   <div class='ocr_carea' id='block_1_49' title="bbox 2156 2031 3744 2114">
    <p class='ocr_par' dir='ltr' id='par_1_49' title="bbox 2156 2031 3744 2114">
     <span class='ocr_line' id='line_1_50' title="bbox 2156 2031 3744 2114; baseline 0.004 -23"><span class='ocrx_word' id='word_1_329' title='bbox 2156 2036 2244 2091; x_wconf 89' lang='grc'><strong>31.</strong></span> <span class='ocrx_word' id='word_1_330' title='bbox 2275 2035 2344 2089; x_wconf 76' lang='grc' dir='ltr'><em>’Ἄ</em></span> <span class='ocrx_word' id='word_1_331' title='bbox 2380 2031 2438 2089; x_wconf 69' lang='grc' dir='ltr'>δὲ</span> <span class='ocrx_word' id='word_1_332' title='bbox 2466 2033 2699 2108; x_wconf 58' lang='grc' dir='ltr'>καί,(25)</span> <span class='ocrx_word' id='word_1_333' title='bbox 2728 2037 3100 2112; x_wconf 84' lang='grc' dir='ltr'>Φρουμεντίου</span> <span class='ocrx_word' id='word_1_334' title='bbox 3140 2037 3302 2114; x_wconf 82' lang='grc' dir='ltr'>χάριν</span> <span class='ocrx_word' id='word_1_335' title='bbox 3362 2045 3460 2094; x_wconf 84' lang='grc' dir='ltr'><strong>τοῦ</strong></span> <span class='ocrx_word' id='word_1_336' title='bbox 3518 2039 3744 2098; x_wconf 81' lang='grc' dir='ltr'>ἐπισκό-</span> 
     </span>
    </p>
   </div>
   <div class='ocr_carea' id='block_1_50' title="bbox 2085 2122 3749 2206">
    <p class='ocr_par' dir='ltr' id='par_1_50' title="bbox 2085 2122 3749 2206">
     <span class='ocr_line' id='line_1_51' title="bbox 2085 2122 3749 2206; baseline 0.004 -29"><span class='ocrx_word' id='word_1_337' title='bbox 2085 2145 2190 2177; x_wconf 82' lang='grc' dir='ltr'><strong>που</strong></span> <span class='ocrx_word' id='word_1_338' title='bbox 2236 2125 2336 2192; x_wconf 74' lang='grc' dir='ltr'>τῆς</span> <span class='ocrx_word' id='word_1_339' title='bbox 2367 2122 2698 2198; x_wconf 80' lang='grc' dir='ltr'>Αὐξούμεως</span> <span class='ocrx_word' id='word_1_340' title='bbox 2749 2122 3048 2201; x_wconf 81' lang='grc' dir='ltr'>γέγραπται</span> <span class='ocrx_word' id='word_1_341' title='bbox 3103 2132 3221 2190; x_wconf 89' lang='grc' dir='ltr'>τοῖς</span> <span class='ocrx_word' id='word_1_342' title='bbox 3276 2129 3388 2184; x_wconf 82' lang='grc' dir='ltr'>ἐκεῖ</span> <span class='ocrx_word' id='word_1_343' title='bbox 3437 2129 3749 2206; x_wconf 83' lang='grc' dir='ltr'>τυράννοις,</span> 
     </span>
    </p>
   </div>
   <div class='ocr_carea' id='block_1_51' title="bbox 2087 2230 2431 2268">
    <p class='ocr_par' dir='ltr' id='par_1_51' title="bbox 2087 2230 2431 2268">
     <span class='ocr_line' id='line_1_52' title="bbox 2087 2230 2431 2268; baseline -0.006 0"><span class='ocrx_word' id='word_1_344' title='bbox 2087 2236 2109 2268; x_wconf 72' lang='grc' dir='ltr'><strong>Ε</strong></span> <span class='ocrx_word' id='word_1_345' title='bbox 2127 2233 2197 2267; x_wconf 57' lang='grc' dir='ltr'>νει</span> <span class='ocrx_word' id='word_1_346' title='bbox 2226 2233 2397 2267; x_wconf 88' lang='grc' dir='ltr'>ταυτα</span> <span class='ocrx_word' id='word_1_347' title='bbox 2418 2230 2431 2243; x_wconf 78' lang='grc'><em>⁸</em></span> 
     </span>
    </p>
   </div>
   <div class='ocr_carea' id='block_1_52' title="bbox 2290 2319 3546 2398">
    <p class='ocr_par' dir='ltr' id='par_1_52' title="bbox 2290 2319 3546 2398">
     <span class='ocr_line' id='line_1_53' title="bbox 2290 2319 3546 2398; baseline 0.006 -25"><span class='ocrx_word' id='word_1_348' title='bbox 2290 2320 2536 2390; x_wconf 72' lang='grc' dir='ltr'>Νικητὴς</span> <span class='ocrx_word' id='word_1_349' title='bbox 2567 2319 2943 2398; x_wconf 81' lang='grc' dir='ltr'>Κωνστάντιος</span> <span class='ocrx_word' id='word_1_350' title='bbox 2971 2322 3244 2398; x_wconf 72' lang='grc' dir='ltr'>Μέγιστος</span> <span class='ocrx_word' id='word_1_351' title='bbox 3277 2319 3546 2388; x_wconf 77' lang='grc' dir='ltr'>Σεϐαστὸς</span> 
     </span>
    </p>
   </div>
   <div class='ocr_carea' id='block_1_53' title="bbox 2612 2394 3214 2466">
    <p class='ocr_par' dir='ltr' id='par_1_53' title="bbox 2612 2394 3214 2466">
     <span class='ocr_line' id='line_1_54' title="bbox 2612 2394 3214 2466; baseline -0.002 -16"><span class='ocrx_word' id='word_1_352' title='bbox 2612 2394 2833 2466; x_wconf 78' lang='grc' dir='ltr'>Ἀϊζανᾷ</span> <span class='ocrx_word' id='word_1_353' title='bbox 2859 2395 2949 2449; x_wconf 84' lang='grc' dir='ltr'><strong>καί</strong></span> <span class='ocrx_word' id='word_1_354' title='bbox 2982 2394 3214 2466; x_wconf 81' lang='grc' dir='ltr'>Σαζανᾷ·</span> 
     </span>
    </p>
   </div>
   <div class='ocr_carea' id='block_1_54' title="bbox 2155 2478 3744 2562">
    <p class='ocr_par' dir='ltr' id='par_1_54' title="bbox 2155 2478 3744 2562">
     <span class='ocr_line' id='line_1_55' title="bbox 2155 2478 3744 2562; baseline 0.004 -26"><span class='ocrx_word' id='word_1_355' title='bbox 2155 2481 2302 2536; x_wconf 85' lang='grc' dir='ltr'>Πάνυ</span> <span class='ocrx_word' id='word_1_356' title='bbox 2333 2478 2422 2536; x_wconf 75' lang='grc' dir='ltr'>διὰ</span> <span class='ocrx_word' id='word_1_357' title='bbox 2451 2479 2739 2561; x_wconf 79' lang='grc' dir='ltr'>φροντίδος</span> <span class='ocrx_word' id='word_1_358' title='bbox 2772 2484 2862 2538; x_wconf 83' lang='grc' dir='ltr'><strong>καὶ</strong></span> <span class='ocrx_word' id='word_1_359' title='bbox 2895 2480 2984 2538; x_wconf 81' lang='grc' dir='ltr'>διὰ</span> <span class='ocrx_word' id='word_1_360' title='bbox 3030 2481 3272 2553; x_wconf 80' lang='grc' dir='ltr'>σπουδῆς</span> <span class='ocrx_word' id='word_1_361' title='bbox 3315 2492 3418 2556; x_wconf 82' lang='grc' dir='ltr'>τῆς</span> <span class='ocrx_word' id='word_1_362' title='bbox 3483 2485 3744 2562; x_wconf 82' lang='grc' dir='ltr'>μεγίστης</span> 
     </span>
    </p>
   </div>
   <div class='ocr_carea' id='block_1_55' title="bbox 2082 2570 3740 2650">
    <p class='ocr_par' dir='ltr' id='par_1_55' title="bbox 2082 2570 3740 2650">
     <span class='ocr_line' id='line_1_56' title="bbox 2082 2570 3740 2650; baseline 0.004 -26"><span class='ocrx_word' id='word_1_363' title='bbox 2082 2573 2218 2644; x_wconf 77' lang='grc' dir='ltr'>ἡμῖν</span> <span class='ocrx_word' id='word_1_364' title='bbox 2262 2570 2402 2626; x_wconf 82' lang='grc' dir='ltr'>ἐστιν</span> <span class='ocrx_word' id='word_1_365' title='bbox 2436 2574 2470 2640; x_wconf 82' lang='grc' dir='ltr'><strong>ἡ</strong></span> <span class='ocrx_word' id='word_1_366' title='bbox 2512 2575 2613 2625; x_wconf 81' lang='grc' dir='ltr'><strong>τοῦ</strong></span> <span class='ocrx_word' id='word_1_367' title='bbox 2660 2571 2971 2648; x_wconf 86' lang='grc' dir='ltr'>κρείττονος</span> <span class='ocrx_word' id='word_1_368' title='bbox 3017 2577 3236 2648; x_wconf 78' lang='grc' dir='ltr'>γνῶσις.</span> <span class='ocrx_word' id='word_1_369' title='bbox 3289 2579 3380 2628; x_wconf 86' lang='grc' dir='ltr'>Δεῖ</span> <span class='ocrx_word' id='word_1_370' title='bbox 3425 2575 3530 2650; x_wconf 83' lang='grc' dir='ltr'>γὰρ</span> <span class='ocrx_word' id='word_1_371' title='bbox 3585 2575 3740 2650; x_wconf 82' lang='grc' dir='ltr'>οἶμαι</span> 
     </span>
    </p>
   </div>
   <div class='ocr_carea' id='block_1_56' title="bbox 2079 2659 3740 2737">
    <p class='ocr_par' dir='ltr' id='par_1_56' title="bbox 2079 2659 3740 2737">
     <span class='ocr_line' id='line_1_57' title="bbox 2079 2659 3740 2737; baseline 0.004 -23"><span class='ocrx_word' id='word_1_372' title='bbox 2079 2660 2144 2714; x_wconf 85' lang='grc' dir='ltr'>τὸ</span> <span class='ocrx_word' id='word_1_373' title='bbox 2195 2661 2373 2714; x_wconf 88' lang='grc' dir='ltr'>κοινὸν</span> <span class='ocrx_word' id='word_1_374' title='bbox 2431 2665 2538 2714; x_wconf 82' lang='grc' dir='ltr'><strong>τῶν</strong></span> <span class='ocrx_word' id='word_1_375' title='bbox 2615 2659 2912 2734; x_wconf 87' lang='grc' dir='ltr'>ἀνθρώπων</span> <span class='ocrx_word' id='word_1_376' title='bbox 2963 2661 3116 2737; x_wconf 88' lang='grc' dir='ltr'>γένος</span> <span class='ocrx_word' id='word_1_377' title='bbox 3169 2664 3270 2731; x_wconf 75' lang='grc' dir='ltr'>τῆς</span> <span class='ocrx_word' id='word_1_378' title='bbox 3328 2659 3450 2733; x_wconf 62' lang='grc' dir='ltr'>ίῖτης</span> <span class='ocrx_word' id='word_1_379' title='bbox 3511 2662 3564 2718; x_wconf 85' lang='grc' dir='ltr'><strong>έν</strong></span> <span class='ocrx_word' id='word_1_380' title='bbox 3617 2671 3740 2728; x_wconf 88' lang='grc' dir='ltr'>τοῖς</span> 
     </span>
    </p>
   </div>
   <div class='ocr_carea' id='block_1_57' title="bbox 2081 2746 3741 2827">
    <p class='ocr_par' dir='ltr' id='par_1_57' title="bbox 2081 2746 3741 2827">
     <span class='ocr_line' id='line_1_58' title="bbox 2081 2746 3741 2827; baseline 0.003 -25"><span class='ocrx_word' id='word_1_381' title='bbox 2081 2747 2354 2810; x_wconf 85' lang='grc' dir='ltr'>τοιούτοις</span> <span class='ocrx_word' id='word_1_382' title='bbox 2381 2747 2656 2818; x_wconf 78' lang='grc' dir='ltr'>ἀξιοῦσθαι</span> <span class='ocrx_word' id='word_1_383' title='bbox 2687 2746 3043 2821; x_wconf 76' lang='grc' dir='ltr'>κηδεμονίας,</span> <span class='ocrx_word' id='word_1_384' title='bbox 3077 2749 3152 2811; x_wconf 88' lang='grc' dir='ltr'>ὡς</span> <span class='ocrx_word' id='word_1_385' title='bbox 3185 2749 3244 2804; x_wconf 81' lang='grc' dir='ltr'>ἂν</span> <span class='ocrx_word' id='word_1_386' title='bbox 3277 2751 3443 2827; x_wconf 89' lang='grc' dir='ltr'>μέχρι</span> <span class='ocrx_word' id='word_1_387' title='bbox 3491 2759 3592 2821; x_wconf 80' lang='grc' dir='ltr'>τῆς</span> <span class='ocrx_word' id='word_1_388' title='bbox 3645 2751 3741 2807; x_wconf 74' lang='grc' dir='ltr'><strong>ἐλ-</strong></span> 
     </span>
    </p>
   </div>
   <div class='ocr_carea' id='block_1_58' title="bbox 2082 2833 3740 2914">
    <p class='ocr_par' dir='ltr' id='par_1_58' title="bbox 2082 2833 3740 2914">
     <span class='ocr_line' id='line_1_59' title="bbox 2082 2833 3740 2914; baseline 0.004 -24"><span class='ocrx_word' id='word_1_389' title='bbox 2082 2833 2247 2898; x_wconf 87' lang='grc' dir='ltr'>πίδος</span> <span class='ocrx_word' id='word_1_390' title='bbox 2303 2837 2394 2890; x_wconf 88' lang='grc' dir='ltr'><strong>τὸν</strong></span> <span class='ocrx_word' id='word_1_391' title='bbox 2458 2837 2574 2912; x_wconf 86' lang='grc' dir='ltr'>βίον</span> <span class='ocrx_word' id='word_1_392' title='bbox 2632 2835 2892 2911; x_wconf 82' lang='grc' dir='ltr'>διάγοιεν,</span> <span class='ocrx_word' id='word_1_393' title='bbox 2925 2839 2994 2892; x_wconf 79' lang='grc' dir='ltr'>τὰ</span> <span class='ocrx_word' id='word_1_394' title='bbox 3047 2841 3272 2892; x_wconf 84' lang='grc' dir='ltr'>τοιαῦτα</span> <span class='ocrx_word' id='word_1_395' title='bbox 3318 2838 3570 2914; x_wconf 78' lang='grc' dir='ltr'>περὶτοῦ</span> <span class='ocrx_word' id='word_1_396' title='bbox 3604 2847 3740 2896; x_wconf 82' lang='grc' dir='ltr'>Θεοῦ</span> 
     </span>
    </p>
   </div>
   <div class='ocr_carea' id='block_1_59' title="bbox 2081 2921 3740 3002">
    <p class='ocr_par' dir='ltr' id='par_1_59' title="bbox 2081 2921 3740 3002">
     <span class='ocr_line' id='line_1_60' title="bbox 2081 2921 3740 3002; baseline 0.004 -24"><span class='ocrx_word' id='word_1_397' title='bbox 2081 2925 2462 3000; x_wconf 83' lang='grc' dir='ltr'>γινώσκοντες,</span> <span class='ocrx_word' id='word_1_398' title='bbox 2493 2923 2582 2978; x_wconf 82' lang='grc' dir='ltr'><strong>καὶ</strong></span> <span class='ocrx_word' id='word_1_399' title='bbox 2639 2921 2806 2997; x_wconf 77' lang='grc' dir='ltr'>μηδὲν</span> <span class='ocrx_word' id='word_1_400' title='bbox 2867 2921 3268 3002; x_wconf 76' lang='grc' dir='ltr'>διαφωνοῦντες</span> <span class='ocrx_word' id='word_1_401' title='bbox 3325 2927 3452 3001; x_wconf 84' lang='grc' dir='ltr'>περί</span> <span class='ocrx_word' id='word_1_402' title='bbox 3509 2928 3611 2997; x_wconf 81' lang='grc' dir='ltr'>τήν</span> <span class='ocrx_word' id='word_1_403' title='bbox 3640 2933 3740 2984; x_wconf 85' lang='grc' dir='ltr'><strong>τοῦ</strong></span> 
     </span>
    </p>
   </div>
   <div class='ocr_carea' id='block_1_60' title="bbox 2081 3011 3735 3087">
    <p class='ocr_par' dir='ltr' id='par_1_60' title="bbox 2081 3011 3735 3087">
     <span class='ocr_line' id='line_1_61' title="bbox 2081 3011 3735 3087; baseline 0.002 -19"><span class='ocrx_word' id='word_1_404' title='bbox 2081 3011 2292 3068; x_wconf 76' lang='grc' dir='ltr'>δικαίου</span> <span class='ocrx_word' id='word_1_405' title='bbox 2347 3013 2438 3067; x_wconf 84' lang='grc' dir='ltr'><strong>καὶ</strong></span> <span class='ocrx_word' id='word_1_406' title='bbox 2499 3013 2743 3082; x_wconf 80' lang='grc' dir='ltr'>ἀληθοῦς</span> <span class='ocrx_word' id='word_1_407' title='bbox 2807 3013 3059 3087; x_wconf 82' lang='grc' dir='ltr'>ἐξέτασιν.</span> <span class='ocrx_word' id='word_1_408' title='bbox 3120 3017 3236 3084; x_wconf 71' lang='grc' dir='ltr'><strong>Τῆς</strong></span> <span class='ocrx_word' id='word_1_409' title='bbox 3311 3013 3479 3086; x_wconf 79' lang='grc' dir='ltr'>αὐτῆς</span> <span class='ocrx_word' id='word_1_410' title='bbox 3553 3016 3735 3072; x_wconf 81' lang='grc' dir='ltr'>τοίνυν</span> 
     </span>
    </p>
   </div>
   <div class='ocr_carea' id='block_1_61' title="bbox 2079 3099 3734 3178">
    <p class='ocr_par' dir='ltr' id='par_1_61' title="bbox 2079 3099 3734 3178">
     <span class='ocr_line' id='line_1_62' title="bbox 2079 3099 3734 3178; baseline 0.002 -21"><span class='ocrx_word' id='word_1_411' title='bbox 2079 3101 2338 3178; x_wconf 81' lang='grc' dir='ltr'>προνοίας</span> <span class='ocrx_word' id='word_1_412' title='bbox 2395 3100 2664 3172; x_wconf 79' lang='grc' dir='ltr'>ἀξιοῦντες</span> <span class='ocrx_word' id='word_1_413' title='bbox 2726 3102 2882 3175; x_wconf 81' lang='grc' dir='ltr'>ὑμᾶς,</span> <span class='ocrx_word' id='word_1_414' title='bbox 2943 3101 3032 3157; x_wconf 88' lang='grc' dir='ltr'><strong>καὶ</strong></span> <span class='ocrx_word' id='word_1_415' title='bbox 3087 3107 3198 3157; x_wconf 79' lang='grc' dir='ltr'>τῶν</span> <span class='ocrx_word' id='word_1_416' title='bbox 3250 3099 3380 3158; x_wconf 65' lang='grc' dir='ltr'>ἴσων</span> <span class='ocrx_word' id='word_1_417' title='bbox 3439 3104 3734 3178; x_wconf 86' lang='grc' dir='ltr'>Ῥωμαίοις</span> 
     </span>
    </p>
   </div>
   <div class='ocr_carea' id='block_1_62' title="bbox 2082 3187 3734 3268">
    <p class='ocr_par' dir='ltr' id='par_1_62' title="bbox 2082 3187 3734 3268">
     <span class='ocr_line' id='line_1_63' title="bbox 2082 3187 3734 3268; baseline 0.003 -22"><span class='ocrx_word' id='word_1_418' title='bbox 2082 3188 2476 3265; x_wconf 81' lang='grc' dir='ltr'>μεταδιδόντες,</span> <span class='ocrx_word' id='word_1_419' title='bbox 2506 3187 2562 3245; x_wconf 76' lang='grc' dir='ltr'>ἓν</span> <span class='ocrx_word' id='word_1_420' title='bbox 2594 3211 2644 3245; x_wconf 90' lang='grc' dir='ltr'><strong>τι</strong></span> <span class='ocrx_word' id='word_1_421' title='bbox 2683 3193 2798 3264; x_wconf 87' lang='grc' dir='ltr'>μετ’</span> <span class='ocrx_word' id='word_1_422' title='bbox 2828 3191 3002 3246; x_wconf 79' lang='grc' dir='ltr'>αὐτῶν</span> <span class='ocrx_word' id='word_1_423' title='bbox 3033 3189 3215 3268; x_wconf 82' lang='grc' dir='ltr'>δόγμα</span> <span class='ocrx_word' id='word_1_424' title='bbox 3242 3198 3456 3268; x_wconf 86' lang='grc' dir='ltr'>κρατεῖν</span> <span class='ocrx_word' id='word_1_425' title='bbox 3508 3193 3560 3249; x_wconf 83' lang='grc' dir='ltr'>ἐν</span> <span class='ocrx_word' id='word_1_426' title='bbox 3611 3201 3734 3258; x_wconf 89' lang='grc' dir='ltr'>ταῖς</span> 
     </span>
    </p>
   </div>
   <div class='ocr_carea' id='block_1_63' title="bbox 2078 3279 3734 3359">
    <p class='ocr_par' dir='ltr' id='par_1_63' title="bbox 2078 3279 3734 3359">
     <span class='ocr_line' id='line_1_64' title="bbox 2078 3279 3734 3359; baseline 0.002 -23"><span class='ocrx_word' id='word_1_427' title='bbox 2078 3280 2428 3352; x_wconf 83' lang='grc' dir='ltr'>Ἐκκλησίαις</span> <span class='ocrx_word' id='word_1_428' title='bbox 2510 3279 2826 3354; x_wconf 85' lang='grc' dir='ltr'>κελεύομεν.</span> <span class='ocrx_word' id='word_1_429' title='bbox 2905 3281 3109 3336; x_wconf 81' lang='grc' dir='ltr'>Οὐκοῦν</span> <span class='ocrx_word' id='word_1_430' title='bbox 3197 3281 3564 3357; x_wconf 83' lang='grc' dir='ltr'>Φρουμέντιον</span> <span class='ocrx_word' id='word_1_431' title='bbox 3620 3285 3734 3359; x_wconf 81' lang='grc'>(26)</span> 
     </span>
    </p>
   </div>
   <div class='ocr_carea' id='block_1_64' title="bbox 313 3358 1967 3452">
    <p class='ocr_par' dir='ltr' id='par_1_64' title="bbox 313 3358 1961 3452">
     <span class='ocr_line' id='line_1_65' title="bbox 313 3358 1961 3452; baseline -0.005 -16"><span class='ocrx_word' id='word_1_432' title='bbox 313 3379 468 3452; x_wconf 88' lang='lat' dir='ltr'><strong>apud</strong></span> <span class='ocrx_word' id='word_1_433' title='bbox 491 3358 1016 3434; x_wconf 75' lang='lat' dir='ltr'><strong>honoratissimum</strong></span> <span class='ocrx_word' id='word_1_434' title='bbox 1038 3371 1352 3442; x_wconf 89' lang='lat' dir='ltr'><strong>Georgium</strong></span> <span class='ocrx_word' id='word_1_435' title='bbox 1375 3369 1714 3443; x_wconf 84' lang='lat' dir='ltr'><strong>episcopum</strong></span> <span class='ocrx_word' id='word_1_436' title='bbox 1737 3377 1792 3427; x_wconf 89' lang='lat' dir='ltr'><strong>et</strong></span> <span class='ocrx_word' id='word_1_437' title='bbox 1816 3371 1961 3428; x_wconf 88' lang='lat' dir='ltr'><strong>alios</strong></span> 
     </span>
    </p>
   </div>
   <div class='ocr_carea' id='block_1_65' title="bbox 2085 3358 3724 3452">
    <p class='ocr_par' dir='ltr' id='par_1_65' title="bbox 2085 3358 3724 3449">
     <span class='ocr_line' id='line_1_66' title="bbox 2085 3358 3724 3449; baseline 0.002 -25"><span class='ocrx_word' id='word_1_438' title='bbox 2085 3369 2162 3424; x_wconf 73' lang='grc' dir='ltr'>τὸν</span> <span class='ocrx_word' id='word_1_439' title='bbox 2193 3368 2485 3424; x_wconf 75' lang='grc' dir='ltr'>ἐπίσκοπον</span> <span class='ocrx_word' id='word_1_440' title='bbox 2515 3366 2815 3442; x_wconf 83' lang='grc' dir='ltr'>ἐκπέμπετε</span> <span class='ocrx_word' id='word_1_441' title='bbox 2843 3369 2942 3438; x_wconf 76' lang='grc' dir='ltr'>τήν</span> <span class='ocrx_word' id='word_1_442' title='bbox 2989 3369 3251 3447; x_wconf 81' lang='grc' dir='ltr'>ταχίστην</span> <span class='ocrx_word' id='word_1_443' title='bbox 3313 3371 3395 3434; x_wconf 88' lang='grc' dir='ltr'><strong>εἷς</strong></span> <span class='ocrx_word' id='word_1_444' title='bbox 3451 3358 3724 3449; x_wconf 50' lang='grc' dir='ltr'>Αἴγυπτον</span> 
     </span>
    </p>
   </div>
   <div class='ocr_carea' id='block_1_66' title="bbox 311 3459 1963 3543">
    <p class='ocr_par' dir='ltr' id='par_1_66' title="bbox 311 3459 1963 3543">
     <span class='ocr_line' id='line_1_67' title="bbox 311 3459 1963 3543; baseline -0.004 -19"><span class='ocrx_word' id='word_1_445' title='bbox 311 3467 538 3543; x_wconf 71' lang='lat' dir='ltr'><strong>Egypti</strong></span> <span class='ocrx_word' id='word_1_446' title='bbox 569 3467 895 3538; x_wconf 89' lang='lat' dir='ltr'><strong>episcopos,</strong></span> <span class='ocrx_word' id='word_1_447' title='bbox 927 3459 1145 3532; x_wconf 88' lang='lat' dir='ltr'><strong>quibus</strong></span> <span class='ocrx_word' id='word_1_448' title='bbox 1177 3459 1236 3514; x_wconf 90' lang='lat' dir='ltr'><strong>in</strong></span> <span class='ocrx_word' id='word_1_449' title='bbox 1269 3461 1474 3532; x_wconf 89' lang='lat' dir='ltr'><strong>primis</strong></span> <span class='ocrx_word' id='word_1_450' title='bbox 1513 3461 1845 3527; x_wconf 81' lang='lat' dir='ltr'><strong>ordinandi,</strong></span> <span class='ocrx_word' id='word_1_451' title='bbox 1899 3478 1963 3518; x_wconf 90' lang='lat' dir='ltr'><strong>ac</strong></span> 
     </span>
    </p>
   </div>
   <div class='ocr_carea' id='block_1_67' title="bbox 310 3549 1963 3624">
    <p class='ocr_par' dir='ltr' id='par_1_67' title="bbox 310 3549 1963 3624">
     <span class='ocr_line' id='line_1_68' title="bbox 310 3549 1963 3624; baseline -0.005 -9"><span class='ocrx_word' id='word_1_452' title='bbox 310 3556 602 3624; x_wconf 86' lang='lat' dir='ltr'><strong>eiusmodi</strong></span> <span class='ocrx_word' id='word_1_453' title='bbox 632 3571 726 3610; x_wconf 90' lang='lat' dir='ltr'><strong>res</strong></span> <span class='ocrx_word' id='word_1_454' title='bbox 755 3549 1119 3623; x_wconf 87' lang='lat' dir='ltr'><strong>dijudicandi</strong></span> <span class='ocrx_word' id='word_1_455' title='bbox 1167 3549 1482 3606; x_wconf 88' lang='lat' dir='ltr'><strong>auctoritas</strong></span> <span class='ocrx_word' id='word_1_456' title='bbox 1537 3551 1706 3606; x_wconf 89' lang='lat' dir='ltr'><strong>inest.</strong></span> <span class='ocrx_word' id='word_1_457' title='bbox 1767 3551 1963 3607; x_wconf 86' lang='lat' dir='ltr'><strong>Nostis</strong></span> 
     </span>
    </p>
   </div>
   <div class='ocr_carea' id='block_1_68' title="bbox 311 3637 1962 3710">
    <p class='ocr_par' dir='ltr' id='par_1_68' title="bbox 311 3637 1962 3710">
     <span class='ocr_line' id='line_1_69' title="bbox 311 3637 1962 3710; baseline -0.006 -6"><span class='ocrx_word' id='word_1_458' title='bbox 311 3647 469 3704; x_wconf 88' lang='lat' dir='ltr'><strong>enim</strong></span> <span class='ocrx_word' id='word_1_459' title='bbox 500 3649 560 3701; x_wconf 87' lang='lat' dir='ltr'><strong>et</strong></span> <span class='ocrx_word' id='word_1_460' title='bbox 590 3637 965 3706; x_wconf 86' lang='lat' dir='ltr'><strong>meministis,</strong></span> <span class='ocrx_word' id='word_1_461' title='bbox 998 3638 1112 3693; x_wconf 90' lang='lat' dir='ltr'><strong>nisi</strong></span> <span class='ocrx_word' id='word_1_462' title='bbox 1145 3654 1272 3710; x_wconf 70' lang='lat' dir='ltr'><strong>quae</strong></span> <span class='ocrx_word' id='word_1_463' title='bbox 1303 3639 1457 3710; x_wconf 85' lang='lat' dir='ltr'><strong>apud</strong></span> <span class='ocrx_word' id='word_1_464' title='bbox 1491 3655 1695 3694; x_wconf 91' lang='lat' dir='ltr'><strong>omnes</strong></span> <span class='ocrx_word' id='word_1_465' title='bbox 1743 3639 1799 3694; x_wconf 92' lang='lat' dir='ltr'><strong>in</strong></span> <span class='ocrx_word' id='word_1_466' title='bbox 1824 3657 1962 3695; x_wconf 90' lang='lat' dir='ltr'><strong>con-</strong></span> 
     </span>
    </p>
   </div>
   <div class='ocr_carea' id='block_1_69' title="bbox 310 3726 1959 3802">
    <p class='ocr_par' dir='ltr' id='par_1_69' title="bbox 310 3726 1959 3802">
     <span class='ocr_line' id='line_1_70' title="bbox 310 3726 1959 3802; baseline -0.005 -9"><span class='ocrx_word' id='word_1_467' title='bbox 310 3739 466 3793; x_wconf 79' lang='lat' dir='ltr'><strong>fesso</strong></span> <span class='ocrx_word' id='word_1_468' title='bbox 495 3736 654 3798; x_wconf 88' lang='lat' dir='ltr'><strong>sunt,</strong></span> <span class='ocrx_word' id='word_1_469' title='bbox 687 3729 796 3786; x_wconf 90' lang='lat' dir='ltr'><strong>soli</strong></span> <span class='ocrx_word' id='word_1_470' title='bbox 826 3727 1094 3802; x_wconf 90' lang='lat' dir='ltr'><strong>ignorare</strong></span> <span class='ocrx_word' id='word_1_471' title='bbox 1124 3726 1438 3795; x_wconf 80' lang='lat' dir='ltr'><strong>simulatis,</strong></span> <span class='ocrx_word' id='word_1_472' title='bbox 1473 3729 1876 3785; x_wconf 90' lang='lat' dir='ltr'><strong>Frumentium</strong></span> <span class='ocrx_word' id='word_1_473' title='bbox 1901 3730 1959 3785; x_wconf 92' lang='lat' dir='ltr'><strong>in</strong></span> 
     </span>
    </p>
   </div>
   <div class='ocr_carea' id='block_1_70' title="bbox 310 3818 1962 3894">
    <p class='ocr_par' dir='ltr' id='par_1_70' title="bbox 310 3818 1962 3894">
     <span class='ocr_line' id='line_1_71' title="bbox 310 3818 1962 3894; baseline -0.005 -12"><span class='ocrx_word' id='word_1_474' title='bbox 310 3825 470 3881; x_wconf 89' lang='lat' dir='ltr'><strong>hunc</strong></span> <span class='ocrx_word' id='word_1_475' title='bbox 489 3823 619 3881; x_wconf 82' lang='lat' dir='ltr'><strong>vitae</strong></span> <span class='ocrx_word' id='word_1_476' title='bbox 637 3819 885 3894; x_wconf 89' lang='lat' dir='ltr'><strong>gradum</strong></span> <span class='ocrx_word' id='word_1_477' title='bbox 909 3823 1245 3890; x_wconf 90' lang='lat' dir='ltr'><strong>promotum</strong></span> <span class='ocrx_word' id='word_1_478' title='bbox 1265 3835 1395 3874; x_wconf 89' lang='lat' dir='ltr'><strong>esse</strong></span> <span class='ocrx_word' id='word_1_479' title='bbox 1413 3818 1484 3873; x_wconf 89' lang='lat' dir='ltr'><strong>ab</strong></span> <span class='ocrx_word' id='word_1_480' title='bbox 1504 3818 1818 3874; x_wconf 87' lang='lat' dir='ltr'><strong>Athanasio</strong></span> <span class='ocrx_word' id='word_1_481' title='bbox 1841 3836 1962 3874; x_wconf 82' lang='lat' dir='ltr'><strong>sex-</strong></span> 
     </span>
    </p>
   </div>
   <div class='ocr_carea' id='block_1_71' title="bbox 311 3905 1959 3978">
    <p class='ocr_par' dir='ltr' id='par_1_71' title="bbox 311 3905 1959 3978">
     <span class='ocr_line' id='line_1_72' title="bbox 311 3905 1959 3978; baseline -0.005 -8"><span class='ocrx_word' id='word_1_482' title='bbox 311 3913 498 3970; x_wconf 82' lang='lat' dir='ltr'><strong>centis</strong></span> <span class='ocrx_word' id='word_1_483' title='bbox 526 3908 878 3966; x_wconf 90' lang='lat' dir='ltr'><strong>criminibus</strong></span> <span class='ocrx_word' id='word_1_484' title='bbox 907 3908 1200 3972; x_wconf 83' lang='lat' dir='ltr'><strong>obnoxio,-</strong></span> <span class='ocrx_word' id='word_1_485' title='bbox 1232 3907 1334 3978; x_wconf 91' lang='lat' dir='ltr'><strong>qui</strong></span> <span class='ocrx_word' id='word_1_486' title='bbox 1363 3923 1499 3962; x_wconf 84' lang='lat' dir='ltr'><strong>eum</strong></span> <span class='ocrx_word' id='word_1_487' title='bbox 1532 3905 1755 3962; x_wconf 89' lang='lat' dir='ltr'><strong>nullam</strong></span> <span class='ocrx_word' id='word_1_488' title='bbox 1785 3924 1816 3962; x_wconf 93' lang='lat' dir='ltr'><strong>e</strong></span> <span class='ocrx_word' id='word_1_489' title='bbox 1847 3908 1959 3964; x_wconf 91' lang='lat' dir='ltr'><strong>sibi</strong></span> 
     </span>
    </p>
   </div>
   <div class='ocr_carea' id='block_1_72' title="bbox 308 3997 1960 4070">
    <p class='ocr_par' dir='ltr' id='par_1_72' title="bbox 308 3997 1960 4070">
     <span class='ocr_line' id='line_1_73' title="bbox 308 3997 1960 4070; baseline -0.004 -10"><span class='ocrx_word' id='word_1_490' title='bbox 308 4002 491 4060; x_wconf 87' lang='lat' dir='ltr'><strong>illatis</strong></span> <span class='ocrx_word' id='word_1_491' title='bbox 522 3997 996 4056; x_wconf 87' lang='lat' dir='ltr'><strong>accusationibus</strong></span> <span class='ocrx_word' id='word_1_492' title='bbox 1028 3999 1203 4068; x_wconf 88' lang='lat' dir='ltr'><strong>probe</strong></span> <span class='ocrx_word' id='word_1_493' title='bbox 1233 3997 1454 4052; x_wconf 89' lang='lat' dir='ltr'><strong>diluere</strong></span> <span class='ocrx_word' id='word_1_494' title='bbox 1486 3997 1790 4070; x_wconf 88' lang='lat' dir='ltr'><strong>potuisset,</strong></span> <span class='ocrx_word' id='word_1_495' title='bbox 1843 4003 1960 4054; x_wconf 85' lang='lat' dir='ltr'><strong>sta-</strong></span> 
     </span>
    </p>
   </div>
   <div class='ocr_carea' id='block_1_73' title="bbox 309 4086 1964 4162">
    <p class='ocr_par' dir='ltr' id='par_1_73' title="bbox 309 4086 1964 4162">
     <span class='ocr_line' id='line_1_74' title="bbox 309 4086 1964 4162; baseline -0.001 -15"><span class='ocrx_word' id='word_1_496' title='bbox 309 4093 418 4148; x_wconf 88' lang='lat' dir='ltr'><strong>tim</strong></span> <span class='ocrx_word' id='word_1_497' title='bbox 451 4089 688 4162; x_wconf 89' lang='lat' dir='ltr'><strong>quidem</strong></span> <span class='ocrx_word' id='word_1_498' title='bbox 712 4087 990 4144; x_wconf 87' lang='lat' dir='ltr'><strong>cathedra</strong></span> <span class='ocrx_word' id='word_1_499' title='bbox 1010 4086 1224 4142; x_wconf 83' lang='lat' dir='ltr'><strong>excidit</strong></span> <span class='ocrx_word' id='word_1_500' title='bbox 1248 4103 1260 4140; x_wconf 93' lang='lat'><strong>:</strong></span> <span class='ocrx_word' id='word_1_501' title='bbox 1287 4103 1353 4142; x_wconf 90' lang='lat' dir='ltr'><strong>ac</strong></span> <span class='ocrx_word' id='word_1_502' title='bbox 1375 4103 1508 4141; x_wconf 90' lang='lat' dir='ltr'><strong>cum</strong></span> <span class='ocrx_word' id='word_1_503' title='bbox 1542 4086 1751 4142; x_wconf 87' lang='lat' dir='ltr'><strong>nullibi</strong></span> <span class='ocrx_word' id='word_1_504' title='bbox 1773 4088 1964 4145; x_wconf 87' lang='lat' dir='ltr'><strong>viven-</strong></span> 
     </span>
    </p>
   </div>
   <div class='ocr_carea' id='block_1_74' title="bbox 308 4175 1960 4250">
    <p class='ocr_par' dir='ltr' id='par_1_74' title="bbox 308 4175 1960 4250">
     <span class='ocr_line' id='line_1_75' title="bbox 308 4175 1960 4250; baseline -0.003 -12"><span class='ocrx_word' id='word_1_505' title='bbox 308 4181 364 4238; x_wconf 91' lang='lat' dir='ltr'><strong>di</strong></span> <span class='ocrx_word' id='word_1_506' title='bbox 401 4179 596 4236; x_wconf 88' lang='lat' dir='ltr'><strong>locum</strong></span> <span class='ocrx_word' id='word_1_507' title='bbox 627 4176 896 4250; x_wconf 88' lang='lat' dir='ltr'><strong>reperiat,</strong></span> <span class='ocrx_word' id='word_1_508' title='bbox 922 4175 1293 4232; x_wconf 89' lang='lat' dir='ltr'><strong>errabundus</strong></span> <span class='ocrx_word' id='word_1_509' title='bbox 1324 4175 1396 4231; x_wconf 90' lang='lat' dir='ltr'><strong>ab</strong></span> <span class='ocrx_word' id='word_1_510' title='bbox 1427 4175 1541 4232; x_wconf 88' lang='lat' dir='ltr'><strong>alia</strong></span> <span class='ocrx_word' id='word_1_511' title='bbox 1561 4176 1620 4230; x_wconf 91' lang='lat' dir='ltr'><strong>in</strong></span> <span class='ocrx_word' id='word_1_512' title='bbox 1665 4175 1840 4232; x_wconf 90' lang='lat' dir='ltr'><strong>aliam</strong></span> <span class='ocrx_word' id='word_1_513' title='bbox 1873 4195 1960 4234; x_wconf 90' lang='lat' dir='ltr'><strong>re-</strong></span> 
     </span>
    </p>
   </div>
   <div class='ocr_carea' id='block_1_75' title="bbox 309 4265 1962 4342">
    <p class='ocr_par' dir='ltr' id='par_1_75' title="bbox 309 4265 1962 4342">
     <span class='ocr_line' id='line_1_76' title="bbox 309 4265 1962 4342; baseline -0.001 -17"><span class='ocrx_word' id='word_1_514' title='bbox 309 4270 542 4342; x_wconf 87' lang='lat' dir='ltr'><strong>gionem</strong></span> <span class='ocrx_word' id='word_1_515' title='bbox 571 4270 838 4340; x_wconf 84' lang='lat' dir='ltr'><strong>vagatur,</strong></span> <span class='ocrx_word' id='word_1_516' title='bbox 872 4265 1042 4338; x_wconf 89' lang='lat' dir='ltr'><strong>quasi</strong></span> <span class='ocrx_word' id='word_1_517' title='bbox 1082 4281 1149 4320; x_wconf 91' lang='lat' dir='ltr'><strong>eo</strong></span> <span class='ocrx_word' id='word_1_518' title='bbox 1206 4269 1375 4336; x_wconf 90' lang='lat' dir='ltr'><strong>pacto</strong></span> <span class='ocrx_word' id='word_1_519' title='bbox 1433 4283 1494 4322; x_wconf 92' lang='lat' dir='ltr'><strong>se</strong></span> <span class='ocrx_word' id='word_1_520' title='bbox 1553 4265 1774 4321; x_wconf 88' lang='lat' dir='ltr'><strong>malum</strong></span> <span class='ocrx_word' id='word_1_521' title='bbox 1833 4283 1962 4324; x_wconf 86' lang='lat' dir='ltr'><strong>esse</strong></span> 
     </span>
    </p>
   </div>
   <div class='ocr_carea' id='block_1_76' title="bbox 309 4353 1960 4432">
    <p class='ocr_par' dir='ltr' id='par_1_76' title="bbox 309 4353 1960 4432">
     <span class='ocr_line' id='line_1_77' title="bbox 309 4353 1960 4432; baseline -0.004 -16"><span class='ocrx_word' id='word_1_522' title='bbox 309 4359 564 4432; x_wconf 73' lang='lat' dir='ltr'><strong>effugere</strong></span> <span class='ocrx_word' id='word_1_523' title='bbox 593 4354 798 4429; x_wconf 88' lang='lat' dir='ltr'><strong>possit.</strong></span> <span class='ocrx_word' id='word_1_524' title='bbox 831 4355 892 4410; x_wconf 92' lang='lat' dir='ltr'><strong>Si</strong></span> <span class='ocrx_word' id='word_1_525' title='bbox 913 4353 1095 4428; x_wconf 86' lang='lat' dir='ltr'><strong>igitur</strong></span> <span class='ocrx_word' id='word_1_526' title='bbox 1113 4358 1322 4426; x_wconf 89' lang='lat' dir='ltr'><strong>sponte</strong></span> <span class='ocrx_word' id='word_1_527' title='bbox 1343 4354 1716 4411; x_wconf 89' lang='lat' dir='ltr'><strong>Frumentius</strong></span> <span class='ocrx_word' id='word_1_528' title='bbox 1737 4355 1960 4412; x_wconf 87' lang='lat' dir='ltr'><strong>obtem-</strong></span> 
     </span>
    </p>
   </div>
   <div class='ocr_carea' id='block_1_77' title="bbox 309 4442 1959 4522">
    <p class='ocr_par' dir='ltr' id='par_1_77' title="bbox 309 4442 1959 4522">
     <span class='ocr_line' id='line_1_78' title="bbox 309 4442 1959 4522; baseline -0.002 -18"><span class='ocrx_word' id='word_1_529' title='bbox 309 4451 470 4522; x_wconf 90' lang='lat' dir='ltr'><strong>peret</strong></span> <span class='ocrx_word' id='word_1_530' title='bbox 499 4445 754 4503; x_wconf 89' lang='lat' dir='ltr'><strong>universi</strong></span> <span class='ocrx_word' id='word_1_531' title='bbox 789 4460 982 4500; x_wconf 91' lang='lat' dir='ltr'><strong>rerum</strong></span> <span class='ocrx_word' id='word_1_532' title='bbox 1045 4446 1234 4499; x_wconf 89' lang='lat' dir='ltr'><strong>status</strong></span> <span class='ocrx_word' id='word_1_533' title='bbox 1293 4442 1547 4500; x_wconf 89' lang='lat' dir='ltr'><strong>rationes</strong></span> <span class='ocrx_word' id='word_1_534' title='bbox 1599 4444 1959 4516; x_wconf 85' lang='lat' dir='ltr'><strong>redditurus,</strong></span> 
     </span>
    </p>
   </div>
   <div class='ocr_carea' id='block_1_78' title="bbox 309 4532 1958 4610">
    <p class='ocr_par' dir='ltr' id='par_1_78' title="bbox 309 4532 1958 4610">
     <span class='ocr_line' id='line_1_79' title="bbox 309 4532 1958 4610; baseline -0.004 -16"><span class='ocrx_word' id='word_1_535' title='bbox 309 4540 674 4610; x_wconf 90' lang='lat' dir='ltr'><strong>compertum</strong></span> <span class='ocrx_word' id='word_1_536' title='bbox 703 4533 980 4590; x_wconf 89' lang='lat' dir='ltr'><strong>omnibus</strong></span> <span class='ocrx_word' id='word_1_537' title='bbox 1006 4533 1117 4588; x_wconf 89' lang='lat' dir='ltr'><strong>erit</strong></span> <span class='ocrx_word' id='word_1_538' title='bbox 1137 4549 1272 4589; x_wconf 90' lang='lat' dir='ltr'><strong>eum</strong></span> <span class='ocrx_word' id='word_1_539' title='bbox 1295 4533 1369 4588; x_wconf 91' lang='lat' dir='ltr'><strong>ab</strong></span> <span class='ocrx_word' id='word_1_540' title='bbox 1401 4532 1668 4589; x_wconf 63' lang='lat' dir='ltr'><strong>Ecclesiis</strong></span> <span class='ocrx_word' id='word_1_541' title='bbox 1705 4533 1958 4606; x_wconf 88' lang='lat' dir='ltr'><strong>legibus,</strong></span> 
     </span>
    </p>
   </div>
   <div class='ocr_carea' id='block_1_79' title="bbox 306 4619 1958 4696">
    <p class='ocr_par' dir='ltr' id='par_1_79' title="bbox 306 4619 1958 4696">
     <span class='ocr_line' id='line_1_80' title="bbox 306 4619 1958 4696; baseline -0.005 -14"><span class='ocrx_word' id='word_1_542' title='bbox 306 4629 365 4682; x_wconf 88' lang='lat' dir='ltr'><strong>et</strong></span> <span class='ocrx_word' id='word_1_543' title='bbox 393 4642 428 4682; x_wconf 89' lang='lat' dir='ltr'><strong>a</strong></span> <span class='ocrx_word' id='word_1_544' title='bbox 455 4625 570 4680; x_wconf 85' lang='lat' dir='ltr'><strong>ﬁde</strong></span> <span class='ocrx_word' id='word_1_545' title='bbox 593 4639 722 4696; x_wconf 68' lang='lat' dir='ltr'><strong>quae</strong></span> <span class='ocrx_word' id='word_1_546' title='bbox 745 4621 873 4692; x_wconf 88' lang='lat' dir='ltr'><strong>jam</strong></span> <span class='ocrx_word' id='word_1_547' title='bbox 904 4619 1148 4691; x_wconf 88' lang='lat' dir='ltr'><strong>obtinet,</strong></span> <span class='ocrx_word' id='word_1_548' title='bbox 1197 4619 1536 4676; x_wconf 89' lang='lat' dir='ltr'><strong>nullatenus</strong></span> <span class='ocrx_word' id='word_1_549' title='bbox 1592 4620 1958 4692; x_wconf 87' lang='lat' dir='ltr'><strong>discrepare;</strong></span> 
     </span>
    </p>
   </div>
   <div class='ocr_carea' id='block_1_80' title="bbox 2070 3457 3726 3534">
    <p class='ocr_par' dir='ltr' id='par_1_80' title="bbox 2070 3457 3726 3534">
     <span class='ocr_line' id='line_1_81' title="bbox 2070 3457 3726 3534; baseline 0.002 -22"><span class='ocrx_word' id='word_1_550' title='bbox 2070 3459 2217 3532; x_wconf 69' lang='grc' dir='ltr'>παρὰ</span> <span class='ocrx_word' id='word_1_551' title='bbox 2271 3457 2362 3512; x_wconf 88' lang='grc' dir='ltr'><strong>τὸν</strong></span> <span class='ocrx_word' id='word_1_552' title='bbox 2423 3457 2751 3532; x_wconf 75' lang='grc' dir='ltr'>σεμνότατον</span> <span class='ocrx_word' id='word_1_553' title='bbox 2811 3460 3086 3534; x_wconf 82' lang='grc' dir='ltr'>Γεώργιον</span> <span class='ocrx_word' id='word_1_554' title='bbox 3141 3459 3232 3514; x_wconf 86' lang='grc' dir='ltr'>τὸν</span> <span class='ocrx_word' id='word_1_555' title='bbox 3291 3459 3587 3516; x_wconf 77' lang='grc' dir='ltr'>ἐπίσκοπον</span> <span class='ocrx_word' id='word_1_556' title='bbox 3635 3462 3726 3516; x_wconf 86' lang='grc' dir='ltr'><strong>καὶ</strong></span> 
     </span>
    </p>
   </div>
   <div class='ocr_carea' id='block_1_81' title="bbox 2068 3543 3725 3626">
    <p class='ocr_par' dir='ltr' id='par_1_81' title="bbox 2068 3543 3725 3626">
     <span class='ocr_line' id='line_1_82' title="bbox 2068 3543 3725 3626; baseline 0 -23"><span class='ocrx_word' id='word_1_557' title='bbox 2068 3546 2197 3610; x_wconf 71' lang='grc' dir='ltr'>τοὺς</span> <span class='ocrx_word' id='word_1_558' title='bbox 2249 3546 2454 3610; x_wconf 79' lang='grc' dir='ltr'>ἄλλους</span> <span class='ocrx_word' id='word_1_559' title='bbox 2503 3547 2632 3610; x_wconf 72' lang='grc' dir='ltr'>τοὺς</span> <span class='ocrx_word' id='word_1_560' title='bbox 2662 3549 2779 3602; x_wconf 83' lang='grc' dir='ltr'>κατ’</span> <span class='ocrx_word' id='word_1_561' title='bbox 2810 3543 3109 3624; x_wconf 70' lang='grc' dir='ltr'>Δί’γυπτον,</span> <span class='ocrx_word' id='word_1_562' title='bbox 3143 3549 3194 3603; x_wconf 84' lang='grc' dir='ltr'>οἳ</span> <span class='ocrx_word' id='word_1_563' title='bbox 3239 3553 3336 3604; x_wconf 82' lang='grc' dir='ltr'><strong>τοῦ</strong></span> <span class='ocrx_word' id='word_1_564' title='bbox 3393 3556 3725 3626; x_wconf 81' lang='grc' dir='ltr'>χειροτονεῖν</span> 
     </span>
    </p>
   </div>
   <div class='ocr_carea' id='block_1_82' title="bbox 2070 3635 3728 3716">
    <p class='ocr_par' dir='ltr' id='par_1_82' title="bbox 2070 3635 3728 3716">
     <span class='ocr_line' id='line_1_83' title="bbox 2070 3635 3728 3716; baseline 0.002 -24"><span class='ocrx_word' id='word_1_565' title='bbox 2070 3635 2158 3692; x_wconf 81' lang='grc' dir='ltr'><strong>καὶ</strong></span> <span class='ocrx_word' id='word_1_566' title='bbox 2190 3635 2386 3714; x_wconf 83' lang='grc' dir='ltr'>κρίνειν</span> <span class='ocrx_word' id='word_1_567' title='bbox 2413 3637 2481 3691; x_wconf 77' lang='grc' dir='ltr'>τὰ</span> <span class='ocrx_word' id='word_1_568' title='bbox 2503 3641 2727 3692; x_wconf 82' lang='grc' dir='ltr'>τοιαῦτα</span> <span class='ocrx_word' id='word_1_569' title='bbox 2755 3635 2935 3710; x_wconf 81' lang='grc' dir='ltr'>κύριοι</span> <span class='ocrx_word' id='word_1_570' title='bbox 2972 3635 3184 3710; x_wconf 84' lang='grc' dir='ltr'>μᾶλλόν</span> <span class='ocrx_word' id='word_1_571' title='bbox 3246 3637 3402 3696; x_wconf 83' lang='grc' dir='ltr'>εἰσιν.</span> <span class='ocrx_word' id='word_1_572' title='bbox 3433 3645 3576 3695; x_wconf 86' lang='grc' dir='ltr'>Ἴστε</span> <span class='ocrx_word' id='word_1_573' title='bbox 3622 3640 3728 3716; x_wconf 78' lang='grc' dir='ltr'>γὰρ</span> 
     </span>
    </p>
   </div>
   <div class='ocr_carea' id='block_1_83' title="bbox 2073 3723 3726 3803">
    <p class='ocr_par' dir='ltr' id='par_1_83' title="bbox 2073 3723 3726 3803">
     <span class='ocr_line' id='line_1_84' title="bbox 2073 3723 3726 3803; baseline 0.002 -23"><span class='ocrx_word' id='word_1_574' title='bbox 2073 3723 2251 3796; x_wconf 74' lang='grc' dir='ltr'>δήπου</span> <span class='ocrx_word' id='word_1_575' title='bbox 2281 3726 2371 3780; x_wconf 82' lang='grc' dir='ltr'><strong>καὶ</strong></span> <span class='ocrx_word' id='word_1_576' title='bbox 2407 3723 2705 3799; x_wconf 80' lang='grc' dir='ltr'>μέμνησθε,</span> <span class='ocrx_word' id='word_1_577' title='bbox 2741 3725 2786 3780; x_wconf 86' lang='grc' dir='ltr'>εἷ</span> <span class='ocrx_word' id='word_1_578' title='bbox 2823 3726 2898 3798; x_wconf 78' lang='grc' dir='ltr'>μὴ</span> <span class='ocrx_word' id='word_1_579' title='bbox 2933 3723 3055 3780; x_wconf 84' lang='grc' dir='ltr'>λίαν</span> <span class='ocrx_word' id='word_1_580' title='bbox 3082 3727 3150 3780; x_wconf 78' lang='grc' dir='ltr'>τὰ</span> <span class='ocrx_word' id='word_1_581' title='bbox 3199 3727 3348 3803; x_wconf 81' lang='grc' dir='ltr'>παρᾶ</span> <span class='ocrx_word' id='word_1_582' title='bbox 3377 3733 3536 3782; x_wconf 82' lang='grc' dir='ltr'>πᾶσιν</span> <span class='ocrx_word' id='word_1_583' title='bbox 3589 3729 3726 3803; x_wconf 89' lang='grc' dir='ltr'>ὁμο-</span> 
     </span>
    </p>
   </div>
   <div class='ocr_carea' id='block_1_84' title="bbox 2073 3813 3727 3895">
    <p class='ocr_par' dir='ltr' id='par_1_84' title="bbox 2073 3813 3727 3895">
     <span class='ocr_line' id='line_1_85' title="bbox 2073 3813 3727 3895; baseline 0.002 -25"><span class='ocrx_word' id='word_1_584' title='bbox 2073 3813 2380 3890; x_wconf 86' lang='grc' dir='ltr'>λογούμενα</span> <span class='ocrx_word' id='word_1_585' title='bbox 2414 3814 2568 3887; x_wconf 85' lang='grc' dir='ltr'>μόνοι</span> <span class='ocrx_word' id='word_1_586' title='bbox 2599 3815 2809 3890; x_wconf 81' lang='grc' dir='ltr'>ἀγνοεῖν</span> <span class='ocrx_word' id='word_1_587' title='bbox 2840 3817 3244 3890; x_wconf 85' lang='grc' dir='ltr'>προσποιεῖσθε,</span> <span class='ocrx_word' id='word_1_588' title='bbox 3279 3815 3362 3871; x_wconf 84' lang='grc' dir='ltr'>ὅτι</span> <span class='ocrx_word' id='word_1_589' title='bbox 3398 3818 3489 3872; x_wconf 88' lang='grc' dir='ltr'>τὸν</span> <span class='ocrx_word' id='word_1_590' title='bbox 3547 3823 3727 3895; x_wconf 83' lang='grc' dir='ltr'>Φρου-</span> 
     </span>
    </p>
   </div>
   <div class='ocr_carea' id='block_1_85' title="bbox 2075 3902 3728 3978">
    <p class='ocr_par' dir='ltr' id='par_1_85' title="bbox 2075 3902 3728 3978">
     <span class='ocr_line' id='line_1_86' title="bbox 2075 3902 3728 3978; baseline 0.002 -20"><span class='ocrx_word' id='word_1_591' title='bbox 2075 3903 2284 3978; x_wconf 87' lang='grc' dir='ltr'>μέντιον</span> <span class='ocrx_word' id='word_1_592' title='bbox 2316 3908 2506 3961; x_wconf 83' lang='grc' dir='ltr'>τοῦτον</span> <span class='ocrx_word' id='word_1_593' title='bbox 2541 3903 2616 3965; x_wconf 81' lang='grc' dir='ltr'>εἷς</span> <span class='ocrx_word' id='word_1_594' title='bbox 2652 3902 2854 3973; x_wconf 82' lang='grc' dir='ltr'>ταύτην</span> <span class='ocrx_word' id='word_1_595' title='bbox 2898 3905 2998 3972; x_wconf 72' lang='grc' dir='ltr'>τήν</span> <span class='ocrx_word' id='word_1_596' title='bbox 3056 3904 3202 3974; x_wconf 80' lang='grc' dir='ltr'>τάξιν</span> <span class='ocrx_word' id='word_1_597' title='bbox 3262 3909 3360 3960; x_wconf 86' lang='grc' dir='ltr'><strong>τοῦ</strong></span> <span class='ocrx_word' id='word_1_598' title='bbox 3423 3904 3544 3976; x_wconf 85' lang='grc' dir='ltr'>βίου</span> <span class='ocrx_word' id='word_1_599' title='bbox 3603 3927 3728 3962; x_wconf 89' lang='grc' dir='ltr'>κατ-</span> 
     </span>
    </p>
   </div>
   <div class='ocr_carea' id='block_1_86' title="bbox 2071 3990 3727 4068">
    <p class='ocr_par' dir='ltr' id='par_1_86' title="bbox 2071 3990 3727 4068">
     <span class='ocr_line' id='line_1_87' title="bbox 2071 3990 3727 4068; baseline -0.001 -20"><span class='ocrx_word' id='word_1_600' title='bbox 2071 3993 2290 4064; x_wconf 80' lang='grc' dir='ltr'>έστησεν</span> <span class='ocrx_word' id='word_1_601' title='bbox 2349 3993 2688 4066; x_wconf 83' lang='grc' dir='ltr'>Ἀθανάσιος,</span> <span class='ocrx_word' id='word_1_602' title='bbox 2739 3991 2955 4068; x_wconf 85' lang='grc' dir='ltr'>μυρίοις</span> <span class='ocrx_word' id='word_1_603' title='bbox 3010 3990 3203 4068; x_wconf 81' lang='grc' dir='ltr'>ἔνοχος</span> <span class='ocrx_word' id='word_1_604' title='bbox 3254 3991 3326 4048; x_wconf 81' lang='grc' dir='ltr'>ὢν</span> <span class='ocrx_word' id='word_1_605' title='bbox 3385 4001 3612 4058; x_wconf 81' lang='grc' dir='ltr'>κακοῖς’</span> <span class='ocrx_word' id='word_1_606' title='bbox 3665 3997 3727 4060; x_wconf 78' lang='grc' dir='ltr'><strong>’ὸς</strong></span> 
     </span>
    </p>
   </div>
   <div class='ocr_carea' id='block_1_87' title="bbox 2072 4079 3724 4160">
    <p class='ocr_par' dir='ltr' id='par_1_87' title="bbox 2072 4079 3724 4160">
     <span class='ocr_line' id='line_1_88' title="bbox 2072 4079 3724 4160; baseline 0.002 -23"><span class='ocrx_word' id='word_1_607' title='bbox 2072 4080 2224 4137; x_wconf 75' lang='grc' dir='ltr'>οὐδὲν</span> <span class='ocrx_word' id='word_1_608' title='bbox 2271 4086 2379 4136; x_wconf 80' lang='grc' dir='ltr'><strong>τῶν</strong></span> <span class='ocrx_word' id='word_1_609' title='bbox 2432 4081 2834 4160; x_wconf 74' lang='grc' dir='ltr'>ἐπιφερομένων</span> <span class='ocrx_word' id='word_1_610' title='bbox 2886 4079 3252 4156; x_wconf 79' lang='grc' dir='ltr'>ἐγκλημάτων</span> <span class='ocrx_word' id='word_1_611' title='bbox 3301 4082 3447 4156; x_wconf 78' lang='grc' dir='ltr'>αὐτῷ</span> <span class='ocrx_word' id='word_1_612' title='bbox 3499 4081 3724 4149; x_wconf 86' lang='grc' dir='ltr'>δικαίως</span> 
     </span>
    </p>
   </div>
   <div class='ocr_carea' id='block_1_88' title="bbox 2072 4167 3730 4250">
    <p class='ocr_par' dir='ltr' id='par_1_88' title="bbox 2072 4167 3730 4250">
     <span class='ocr_line' id='line_1_89' title="bbox 2072 4167 3730 4250; baseline 0.002 -24"><span class='ocrx_word' id='word_1_613' title='bbox 2072 4167 2226 4246; x_wconf 81' lang='grc' dir='ltr'>ἔσχεν</span> <span class='ocrx_word' id='word_1_614' title='bbox 2290 4169 2664 4240; x_wconf 82' lang='grc' dir='ltr'>ἐπιλύσασθαι,</span> <span class='ocrx_word' id='word_1_615' title='bbox 2726 4169 2918 4226; x_wconf 72' lang='grc' dir='ltr'>αὐτίκα</span> <span class='ocrx_word' id='word_1_616' title='bbox 2964 4171 3064 4240; x_wconf 77' lang='grc' dir='ltr'>τῆς</span> <span class='ocrx_word' id='word_1_617' title='bbox 3120 4172 3213 4246; x_wconf 76' lang='grc' dir='ltr'><strong>μὲν</strong></span> <span class='ocrx_word' id='word_1_618' title='bbox 3268 4170 3530 4250; x_wconf 83' lang='grc' dir='ltr'>καθέδρας</span> <span class='ocrx_word' id='word_1_619' title='bbox 3575 4174 3730 4230; x_wconf 83' lang='grc' dir='ltr'>ἐκπέ-</span> 
     </span>
    </p>
   </div>
   <div class='ocr_carea' id='block_1_89' title="bbox 2069 4258 3724 4338">
    <p class='ocr_par' dir='ltr' id='par_1_89' title="bbox 2069 4258 3724 4338">
     <span class='ocr_line' id='line_1_90' title="bbox 2069 4258 3724 4338; baseline 0.003 -23"><span class='ocrx_word' id='word_1_620' title='bbox 2069 4281 2274 4330; x_wconf 88' lang='grc' dir='ltr'>πτωκε,</span> <span class='ocrx_word' id='word_1_621' title='bbox 2304 4259 2394 4314; x_wconf 81' lang='grc' dir='ltr'><strong>καὶ</strong></span> <span class='ocrx_word' id='word_1_622' title='bbox 2451 4265 2548 4314; x_wconf 82' lang='grc' dir='ltr'><strong>τοῦ</strong></span> <span class='ocrx_word' id='word_1_623' title='bbox 2603 4259 2726 4335; x_wconf 86' lang='grc' dir='ltr'>βίου</span> <span class='ocrx_word' id='word_1_624' title='bbox 2780 4264 2877 4315; x_wconf 86' lang='grc' dir='ltr'><strong>τοῦ</strong></span> <span class='ocrx_word' id='word_1_625' title='bbox 2935 4260 3108 4332; x_wconf 86' lang='grc' dir='ltr'>πάντη</span> <span class='ocrx_word' id='word_1_626' title='bbox 3143 4258 3456 4336; x_wconf 84' lang='grc' dir='ltr'>διαμαρτὼν</span> <span class='ocrx_word' id='word_1_627' title='bbox 3503 4263 3724 4338; x_wconf 80' lang='grc' dir='ltr'>ἀλᾶται,</span> 
     </span>
    </p>
   </div>
   <div class='ocr_carea' id='block_1_90' title="bbox 2071 4347 3729 4428">
    <p class='ocr_par' dir='ltr' id='par_1_90' title="bbox 2071 4347 3729 4428">
     <span class='ocr_line' id='line_1_91' title="bbox 2071 4347 3729 4428; baseline 0.004 -25"><span class='ocrx_word' id='word_1_628' title='bbox 2071 4349 2165 4404; x_wconf 85' lang='grc' dir='ltr'><strong>ἀπ’</strong></span> <span class='ocrx_word' id='word_1_629' title='bbox 2194 4347 2372 4419; x_wconf 76' lang='grc' dir='ltr'>ἄλλης</span> <span class='ocrx_word' id='word_1_630' title='bbox 2421 4348 2495 4412; x_wconf 88' lang='grc' dir='ltr'><strong>εἷς</strong></span> <span class='ocrx_word' id='word_1_631' title='bbox 2547 4347 2724 4419; x_wconf 82' lang='grc' dir='ltr'>ἀλλην</span> <span class='ocrx_word' id='word_1_632' title='bbox 2763 4356 2868 4425; x_wconf 76' lang='grc' dir='ltr'>γῆν</span> <span class='ocrx_word' id='word_1_633' title='bbox 2927 4351 3403 4425; x_wconf 87' lang='grc' dir='ltr'>μετανιστάμενος,</span> <span class='ocrx_word' id='word_1_634' title='bbox 3437 4351 3618 4428; x_wconf 82' lang='grc' dir='ltr'>ὥσπερ</span> <span class='ocrx_word' id='word_1_635' title='bbox 3667 4353 3729 4409; x_wconf 83' lang='grc' dir='ltr'>ἐκ</span> 
     </span>
    </p>
   </div>
   <div class='ocr_carea' id='block_1_91' title="bbox 2069 4437 3728 4518">
    <p class='ocr_par' dir='ltr' id='par_1_91' title="bbox 2069 4437 3728 4518">
     <span class='ocr_line' id='line_1_92' title="bbox 2069 4437 3728 4518; baseline 0.002 -26"><span class='ocrx_word' id='word_1_636' title='bbox 2069 4437 2265 4493; x_wconf 87' lang='grc' dir='ltr'>τούτου</span> <span class='ocrx_word' id='word_1_637' title='bbox 2307 4438 2370 4493; x_wconf 88' lang='grc' dir='ltr'>τὸ</span> <span class='ocrx_word' id='word_1_638' title='bbox 2425 4438 2592 4502; x_wconf 79' lang='grc' dir='ltr'>κακὸς</span> <span class='ocrx_word' id='word_1_639' title='bbox 2662 4439 2798 4495; x_wconf 79' lang='grc' dir='ltr'>εἶναι</span> <span class='ocrx_word' id='word_1_640' title='bbox 2869 4437 3303 4518; x_wconf 79' lang='grc' dir='ltr'>διαφευξόμενος.</span> <span class='ocrx_word' id='word_1_641' title='bbox 3357 4441 3419 4496; x_wconf 83' lang='grc' dir='ltr'><strong>Εἰ</strong></span> <span class='ocrx_word' id='word_1_642' title='bbox 3475 4443 3569 4515; x_wconf 74' lang='grc' dir='ltr'>μὲν</span> <span class='ocrx_word' id='word_1_643' title='bbox 3636 4441 3728 4498; x_wconf 67' lang='grc' dir='ltr'><strong>οὗν</strong></span> 
     </span>
    </p>
   </div>
   <div class='ocr_carea' id='block_1_92' title="bbox 2072 4527 3726 4604">
    <p class='ocr_par' dir='ltr' id='par_1_92' title="bbox 2072 4527 3726 4604">
     <span class='ocr_line' id='line_1_93' title="bbox 2072 4527 3726 4604; baseline 0.003 -22"><span class='ocrx_word' id='word_1_644' title='bbox 2072 4527 2305 4601; x_wconf 76' lang='grc' dir='ltr'>ἑτοίμως</span> <span class='ocrx_word' id='word_1_645' title='bbox 2379 4527 2725 4583; x_wconf 81' lang='grc' dir='ltr'>ὑπακούσειεν</span> <span class='ocrx_word' id='word_1_646' title='bbox 2787 4529 2815 4582; x_wconf 87' lang='grc' dir='ltr'><strong>ὁ</strong></span> <span class='ocrx_word' id='word_1_647' title='bbox 2874 4527 3270 4604; x_wconf 77' lang='grc' dir='ltr'>Φρουμέντιος,</span> <span class='ocrx_word' id='word_1_648' title='bbox 3325 4529 3541 4594; x_wconf 84' lang='grc' dir='ltr'>εὐθύνας</span> <span class='ocrx_word' id='word_1_649' title='bbox 3625 4539 3726 4603; x_wconf 76' lang='grc' dir='ltr'>τῆς</span> 
     </span>
    </p>
   </div>
   <div class='ocr_carea' id='block_1_93' title="bbox 2071 4614 3724 4697">
    <p class='ocr_par' dir='ltr' id='par_1_93' title="bbox 2071 4614 3724 4697">
     <span class='ocr_line' id='line_1_94' title="bbox 2071 4614 3724 4697; baseline 0.004 -27"><span class='ocrx_word' id='word_1_650' title='bbox 2071 4615 2211 4688; x_wconf 73' lang='grc' dir='ltr'>ὅλης</span> <span class='ocrx_word' id='word_1_651' title='bbox 2241 4616 2614 4680; x_wconf 84' lang='grc' dir='ltr'>καταστάσεως</span> <span class='ocrx_word' id='word_1_652' title='bbox 2646 4614 2860 4690; x_wconf 83' lang='grc' dir='ltr'>δώσων,</span> <span class='ocrx_word' id='word_1_653' title='bbox 2894 4615 3066 4688; x_wconf 81' lang='grc' dir='ltr'>δῆλος</span> <span class='ocrx_word' id='word_1_654' title='bbox 3118 4617 3264 4674; x_wconf 77' lang='grc' dir='ltr'>ἔσται</span> <span class='ocrx_word' id='word_1_655' title='bbox 3314 4621 3462 4697; x_wconf 87' lang='grc' dir='ltr'>παρά</span> <span class='ocrx_word' id='word_1_656' title='bbox 3504 4622 3724 4678; x_wconf 83' lang='grc' dir='ltr'>πάντων</span> 
     </span>
    </p>
   </div>
   <div class='ocr_carea' id='block_1_94' title="bbox 307 4705 1967 4799">
    <p class='ocr_par' dir='ltr' id='par_1_94' title="bbox 307 4707 1960 4787">
     <span class='ocr_line' id='line_1_95' title="bbox 307 4707 1960 4787; baseline -0.005 -16"><span class='ocrx_word' id='word_1_657' title='bbox 307 4729 562 4787; x_wconf 88' lang='lat' dir='ltr'><strong>cumque</strong></span> <span class='ocrx_word' id='word_1_658' title='bbox 585 4710 888 4784; x_wconf 88' lang='lat' dir='ltr'><strong>judicatus</strong></span> <span class='ocrx_word' id='word_1_659' title='bbox 917 4707 1113 4776; x_wconf 86' lang='lat' dir='ltr'><strong>fuerit,</strong></span> <span class='ocrx_word' id='word_1_660' title='bbox 1131 4709 1429 4780; x_wconf 88' lang='lat' dir='ltr'><strong>totiusque</strong></span> <span class='ocrx_word' id='word_1_661' title='bbox 1449 4709 1576 4763; x_wconf 68' lang='lat' dir='ltr'><strong>vita:</strong></span> <span class='ocrx_word' id='word_1_662' title='bbox 1600 4725 1721 4765; x_wconf 70' lang='lat' dir='ltr'><strong>sua:</strong></span> <span class='ocrx_word' id='word_1_663' title='bbox 1739 4709 1960 4780; x_wconf 78' lang='lat' dir='ltr'><strong>experi-</strong></span> 
     </span>
    </p>
   </div>
   <div class='ocr_carea' id='block_1_95' title="bbox 2085 4705 3724 4799">
    <p class='ocr_par' dir='ltr' id='par_1_95' title="bbox 2085 4705 3724 4786">
     <span class='ocr_line' id='line_1_96' title="bbox 2085 4705 3724 4786; baseline 0.004 -25"><span class='ocrx_word' id='word_1_664' title='bbox 2085 4711 2147 4779; x_wconf 74' lang='grc' dir='ltr'>ῖῷ</span> <span class='ocrx_word' id='word_1_665' title='bbox 2205 4713 2305 4776; x_wconf 76' lang='grc' dir='ltr'>τῆς</span> <span class='ocrx_word' id='word_1_666' title='bbox 2359 4705 2686 4777; x_wconf 84' lang='grc' dir='ltr'>Ἐκκλησίας</span> <span class='ocrx_word' id='word_1_667' title='bbox 2743 4707 2896 4782; x_wconf 88' lang='grc' dir='ltr'>νόμῳ</span> <span class='ocrx_word' id='word_1_668' title='bbox 2951 4709 3040 4764; x_wconf 86' lang='grc' dir='ltr'><strong>καὶ</strong></span> <span class='ocrx_word' id='word_1_669' title='bbox 3095 4712 3167 4783; x_wconf 75' lang='grc' dir='ltr'>τῇ</span> <span class='ocrx_word' id='word_1_670' title='bbox 3225 4710 3498 4786; x_wconf 80' lang='grc' dir='ltr'>κρατούσῃ</span> <span class='ocrx_word' id='word_1_671' title='bbox 3546 4711 3724 4768; x_wconf 87' lang='grc' dir='ltr'>πίστει</span> 
     </span>
    </p>
   </div>
   <div class='ocr_carea' id='block_1_96' title="bbox 307 4798 1962 4870">
    <p class='ocr_par' dir='ltr' id='par_1_96' title="bbox 307 4798 1962 4870">
     <span class='ocr_line' id='line_1_97' title="bbox 307 4798 1962 4870; baseline -0.005 -9"><span class='ocrx_word' id='word_1_672' title='bbox 307 4807 571 4860; x_wconf 88' lang='lat' dir='ltr'><strong>mentum</strong></span> <span class='ocrx_word' id='word_1_673' title='bbox 601 4799 844 4868; x_wconf 85' lang='lat' dir='ltr'><strong>dederit,</strong></span> <span class='ocrx_word' id='word_1_674' title='bbox 879 4799 1126 4870; x_wconf 84' lang='lat' dir='ltr'><strong>ejusque</strong></span> <span class='ocrx_word' id='word_1_675' title='bbox 1151 4798 1434 4853; x_wconf 90' lang='lat' dir='ltr'><strong>rationem</strong></span> <span class='ocrx_word' id='word_1_676' title='bbox 1467 4799 1624 4869; x_wconf 88' lang='lat' dir='ltr'><strong>apud</strong></span> <span class='ocrx_word' id='word_1_677' title='bbox 1655 4814 1754 4854; x_wconf 88' lang='lat' dir='ltr'><strong>eos</strong></span> <span class='ocrx_word' id='word_1_678' title='bbox 1771 4799 1962 4854; x_wconf 89' lang='lat' dir='ltr'><strong>reddi-</strong></span> 
     </span>
    </p>
   </div>
   <div class='ocr_carea' id='block_1_97' title="bbox 305 4886 1956 4961">
    <p class='ocr_par' dir='ltr' id='par_1_97' title="bbox 305 4886 1956 4961">
     <span class='ocr_line' id='line_1_98' title="bbox 305 4886 1956 4961; baseline -0.004 -11"><span class='ocrx_word' id='word_1_679' title='bbox 305 4892 458 4950; x_wconf 88' lang='lat' dir='ltr'><strong>derit</strong></span> <span class='ocrx_word' id='word_1_680' title='bbox 487 4891 558 4947; x_wconf 88' lang='lat' dir='ltr'><strong>ad</strong></span> <span class='ocrx_word' id='word_1_681' title='bbox 593 4904 743 4960; x_wconf 89' lang='lat' dir='ltr'><strong>quos</strong></span> <span class='ocrx_word' id='word_1_682' title='bbox 774 4888 1026 4961; x_wconf 89' lang='lat' dir='ltr'><strong>pertinet</strong></span> <span class='ocrx_word' id='word_1_683' title='bbox 1047 4886 1387 4958; x_wconf 87' lang='lat' dir='ltr'><strong>hujusmodi</strong></span> <span class='ocrx_word' id='word_1_684' title='bbox 1414 4887 1648 4958; x_wconf 87' lang='lat' dir='ltr'><strong>negotia</strong></span> <span class='ocrx_word' id='word_1_685' title='bbox 1667 4887 1956 4958; x_wconf 85' lang='lat' dir='ltr'><strong>judicare,</strong></span> 
     </span>
    </p>
   </div>
   <div class='ocr_carea' id='block_1_98' title="bbox 305 4975 1957 5048">
    <p class='ocr_par' dir='ltr' id='par_1_98' title="bbox 305 4975 1957 5048">
     <span class='ocr_line' id='line_1_99' title="bbox 305 4975 1957 5048; baseline -0.005 -8"><span class='ocrx_word' id='word_1_686' title='bbox 305 4983 378 5040; x_wconf 82' lang='lat' dir='ltr'><strong>ab</strong></span> <span class='ocrx_word' id='word_1_687' title='bbox 409 4981 494 5038; x_wconf 88' lang='lat' dir='ltr'><strong>eis</strong></span> <span class='ocrx_word' id='word_1_688' title='bbox 522 4977 950 5046; x_wconf 84' lang='lat' dir='ltr'><strong>constituetur;</strong></span> <span class='ocrx_word' id='word_1_689' title='bbox 985 4975 1035 5031; x_wconf 92' lang='lat' dir='ltr'><strong>si</strong></span> <span class='ocrx_word' id='word_1_690' title='bbox 1066 4980 1263 5032; x_wconf 88' lang='lat' dir='ltr'><strong>tamen</strong></span> <span class='ocrx_word' id='word_1_691' title='bbox 1291 4991 1464 5031; x_wconf 91' lang='lat' dir='ltr'><strong>verus</strong></span> <span class='ocrx_word' id='word_1_692' title='bbox 1494 4975 1806 5048; x_wconf 89' lang='lat' dir='ltr'><strong>episcopus</strong></span> <span class='ocrx_word' id='word_1_693' title='bbox 1824 4978 1957 5048; x_wconf 84' lang='lat' dir='ltr'><strong>jux-</strong></span> 
     </span>
    </p>
   </div>
   <div class='ocr_carea' id='block_1_99' title="bbox 299 5064 1957 5142">
    <p class='ocr_par' dir='ltr' id='par_1_99' title="bbox 299 5064 1957 5142">
     <span class='ocr_line' id='line_1_100' title="bbox 299 5064 1957 5142; baseline -0.002 -17"><span class='ocrx_word' id='word_1_694' title='bbox 299 5073 478 5142; x_wconf 88' lang='lat' dir='ltr'><strong>taque</strong></span> <span class='ocrx_word' id='word_1_695' title='bbox 502 5069 661 5141; x_wconf 87' lang='lat' dir='ltr'><strong>leges</strong></span> <span class='ocrx_word' id='word_1_696' title='bbox 687 5066 994 5123; x_wconf 90' lang='lat' dir='ltr'><strong>ordinatus</strong></span> <span class='ocrx_word' id='word_1_697' title='bbox 1023 5065 1225 5122; x_wconf 88' lang='lat' dir='ltr'><strong>haberi</strong></span> <span class='ocrx_word' id='word_1_698' title='bbox 1261 5064 1416 5120; x_wconf 90' lang='lat' dir='ltr'><strong>velit.</strong></span> <span class='ocrx_word' id='word_1_699' title='bbox 1449 5065 1611 5128; x_wconf 88' lang='lat' dir='ltr'><strong>Quod</strong></span> <span class='ocrx_word' id='word_1_700' title='bbox 1641 5066 1691 5120; x_wconf 90' lang='lat' dir='ltr'><strong>si</strong></span> <span class='ocrx_word' id='word_1_701' title='bbox 1720 5083 1957 5138; x_wconf 88' lang='lat' dir='ltr'><strong>procra-</strong></span> 
     </span>
    </p>
   </div>
   <div class='ocr_carea' id='block_1_100' title="bbox 302 5153 1958 5228">
    <p class='ocr_par' dir='ltr' id='par_1_100' title="bbox 302 5153 1958 5228">
     <span class='ocr_line' id='line_1_101' title="bbox 302 5153 1958 5228; baseline -0.002 -12"><span class='ocrx_word' id='word_1_702' title='bbox 302 5157 630 5226; x_wconf 81' lang='lat' dir='ltr'><strong>stinaverit,</strong></span> <span class='ocrx_word' id='word_1_703' title='bbox 661 5172 728 5212; x_wconf 86' lang='lat' dir='ltr'><strong>ac</strong></span> <span class='ocrx_word' id='word_1_704' title='bbox 748 5155 1046 5228; x_wconf 89' lang='lat' dir='ltr'><strong>judicium</strong></span> <span class='ocrx_word' id='word_1_705' title='bbox 1077 5153 1520 5225; x_wconf 85' lang='lat' dir='ltr'><strong>subterfugerit,</strong></span> <span class='ocrx_word' id='word_1_706' title='bbox 1559 5153 1751 5226; x_wconf 84' lang='lat' dir='ltr'><strong>palam</strong></span> <span class='ocrx_word' id='word_1_707' title='bbox 1801 5159 1958 5212; x_wconf 88' lang='lat' dir='ltr'><strong>certe</strong></span> 
     </span>
    </p>
   </div>
   <div class='ocr_carea' id='block_1_101' title="bbox 300 5242 1954 5322">
    <p class='ocr_par' dir='ltr' id='par_1_101' title="bbox 300 5242 1954 5322">
     <span class='ocr_line' id='line_1_102' title="bbox 300 5242 1954 5322; baseline -0.002 -17"><span class='ocrx_word' id='word_1_708' title='bbox 300 5247 413 5306; x_wconf 89' lang='lat' dir='ltr'><strong>erit</strong></span> <span class='ocrx_word' id='word_1_709' title='bbox 439 5247 638 5322; x_wconf 85' lang='lat' dir='ltr'><strong>ipsum</strong></span> <span class='ocrx_word' id='word_1_710' title='bbox 669 5243 1074 5302; x_wconf 86' lang='lat' dir='ltr'><strong>scelestissimi</strong></span> <span class='ocrx_word' id='word_1_711' title='bbox 1102 5242 1408 5300; x_wconf 82' lang='lat' dir='ltr'><strong>Athanasii</strong></span> <span class='ocrx_word' id='word_1_712' title='bbox 1439 5243 1810 5302; x_wconf 89' lang='lat' dir='ltr'><strong>sermonibus</strong></span> <span class='ocrx_word' id='word_1_713' title='bbox 1859 5261 1954 5302; x_wconf 88' lang='lat' dir='ltr'><strong>se-</strong></span> 
     </span>
    </p>
   </div>
   <div class='ocr_carea' id='block_1_102' title="bbox 372 5457 1878 5538">
    <p class='ocr_par' dir='ltr' id='par_1_102' title="bbox 372 5457 1878 5538">
     <span class='ocr_line' id='line_1_103' title="bbox 372 5457 1878 5538; baseline -0.001 -20"><span class='ocrx_word' id='word_1_714' title='bbox 372 5463 486 5538; x_wconf 60' lang='lat'><strong>(2?)</strong></span> <span class='ocrx_word' id='word_1_715' title='bbox 516 5462 604 5538; x_wconf 60' lang='lat' dir='ltr'><strong>Ita</strong></span> <span class='ocrx_word' id='word_1_716' title='bbox 632 5461 782 5538; x_wconf 59' lang='lat' dir='ltr'><strong>Reg.</strong></span> <span class='ocrx_word' id='word_1_717' title='bbox 811 5464 868 5517; x_wconf 89' lang='lat' dir='ltr'><strong>et</strong></span> <span class='ocrx_word' id='word_1_718' title='bbox 897 5457 1554 5538; x_wconf 69' lang='lat' dir='ltr'><strong>sic_legendum.__E_diti.</strong></span> <span class='ocrx_word' id='word_1_719' title='bbox 1586 5464 1688 5538; x_wconf 69' lang='grc' dir='ltr'>τῆς</span> <span class='ocrx_word' id='word_1_720' title='bbox 1720 5459 1878 5538; x_wconf 71' lang='grc' dir='ltr'>πάνυ.</span> 
     </span>
    </p>
   </div>
   <div class='ocr_carea' id='block_1_103' title="bbox 372 5531 1954 5606">
    <p class='ocr_par' dir='ltr' id='par_1_103' title="bbox 372 5531 1954 5606">
     <span class='ocr_line' id='line_1_104' title="bbox 372 5531 1954 5606; baseline -0.003 -17"><span class='ocrx_word' id='word_1_721' title='bbox 372 5531 491 5606; x_wconf 66' lang='grc'>(23)</span> <span class='ocrx_word' id='word_1_722' title='bbox 517 5535 613 5606; x_wconf 88' lang='lat' dir='ltr'><strong>Sic</strong></span> <span class='ocrx_word' id='word_1_723' title='bbox 645 5531 864 5606; x_wconf 77' lang='lat' dir='ltr'><strong>Regius</strong></span> <span class='ocrx_word' id='word_1_724' title='bbox 896 5531 1456 5606; x_wconf 72' lang='lat' dir='ltr'><strong>etBasiliensEditi,</strong></span> <span class='ocrx_word' id='word_1_725' title='bbox 1492 5533 1788 5600; x_wconf 89' lang='lat' dir='ltr'><strong>mendose,</strong></span> <span class='ocrx_word' id='word_1_726' title='bbox 1823 5531 1954 5586; x_wconf 83' lang='grc' dir='ltr'>ἀπε-</span> 
     </span>
    </p>
   </div>
   <div class='ocr_carea' id='block_1_104' title="bbox 298 5599 1160 5673">
    <p class='ocr_par' dir='ltr' id='par_1_104' title="bbox 298 5599 1160 5673">
     <span class='ocr_line' id='line_1_105' title="bbox 298 5599 1160 5673; baseline -0.006 -11"><span class='ocrx_word' id='word_1_727' title='bbox 298 5599 638 5673; x_wconf 74' lang='grc' dir='ltr'>πληλᾶσθαι,</span> <span class='ocrx_word' id='word_1_728' title='bbox 670 5599 1160 5673; x_wconf 14' lang='grc' dir='ltr'>θῐνάπγεπηλᾶσθαι.</span> 
     </span>
    </p>
   </div>
   <div class='ocr_carea' id='block_1_105' title="bbox 333 5672 1958 5822">
    <p class='ocr_par' dir='ltr' id='par_1_105' title="bbox 333 5672 1958 5822">
     <span class='ocr_line' id='line_1_106' title="bbox 369 5672 1953 5806; baseline 0 -74"><span class='ocrx_word' id='word_1_729' title='bbox 369 5677 489 5806; x_wconf 48' lang='grc'>(24)</span> <span class='ocrx_word' id='word_1_730' title='bbox 518 5672 694 5744; x_wconf 72' lang='lat' dir='ltr'><strong>Editi,</strong></span> <span class='ocrx_word' id='word_1_731' title='bbox 753 5672 1016 5729; x_wconf 81' lang='grc' dir='ltr'>οὐδέποτε</span> <span class='ocrx_word' id='word_1_732' title='bbox 1072 5673 1372 5758; x_wconf 41' lang='grc' dir='ltr'>θνήξονταιε</span> <span class='ocrx_word' id='word_1_733' title='bbox 1434 5676 1573 5749; x_wconf 82' lang='lat' dir='ltr'><strong>Reg.</strong></span> <span class='ocrx_word' id='word_1_734' title='bbox 1634 5680 1690 5732; x_wconf 81' lang='lat' dir='ltr'><strong>et</strong></span> <span class='ocrx_word' id='word_1_735' title='bbox 1751 5675 1953 5744; x_wconf 91' lang='lat' dir='ltr'><strong>Basil.,</strong></span> 
     </span>
     <span class='ocr_line' id='line_1_107' title="bbox 333 5745 1958 5822; baseline 0.002 -18"><span class='ocrx_word' id='word_1_736' title='bbox 333 5747 363 5804; x_wconf 76' lang='grc' dir='ltr'><strong>ὖ</strong></span> <span class='ocrx_word' id='word_1_737' title='bbox 405 5745 518 5803; x_wconf 86' lang='grc' dir='ltr'><strong>έπω</strong></span> <span class='ocrx_word' id='word_1_738' title='bbox 570 5745 941 5822; x_wconf 49' lang='grc' dir='ltr'>τεθνήξονται,</span> <span class='ocrx_word' id='word_1_739' title='bbox 985 5747 1166 5806; x_wconf 69' lang='lat' dir='ltr'><strong>dubia</strong></span> <span class='ocrx_word' id='word_1_740' title='bbox 1229 5747 1422 5806; x_wconf 78' lang='lat' dir='ltr'><strong>lectio.</strong></span> <span class='ocrx_word' id='word_1_741' title='bbox 1479 5752 1610 5805; x_wconf 85' lang='lat' dir='ltr'><strong>Mox</strong></span> <span class='ocrx_word' id='word_1_742' title='bbox 1687 5749 1762 5822; x_wconf 79' lang='grc' dir='ltr'>μή</span> <span class='ocrx_word' id='word_1_743' title='bbox 1822 5754 1958 5822; x_wconf 86' lang='lat' dir='ltr'><strong>post</strong></span> 
     </span>
    </p>
   </div>
   <div class='ocr_carea' id='block_1_106' title="bbox 297 5766 1858 5898">
    <p class='ocr_par' dir='ltr' id='par_1_106' title="bbox 297 5766 1858 5898">
     <span class='ocr_line' id='line_1_108' title="bbox 300 5766 1858 5824; baseline -0.001 -18"><span class='ocrx_word' id='word_1_744' title='bbox 300 5766 518 5806; x_wconf 85' lang='grc' dir='ltr'>οῡοεπω</span> <span class='ocrx_word' id='word_1_745' title='bbox 570 5766 931 5820; x_wconf 67' lang='grc' dir='ltr'>τευνηξονται,</span> <span class='ocrx_word' id='word_1_746' title='bbox 985 5766 1166 5806; x_wconf 76' lang='lat'><strong>(111018</strong></span> <span class='ocrx_word' id='word_1_747' title='bbox 1229 5766 1422 5806; x_wconf 79' lang='grc' dir='ltr'>ιουιιο.</span> <span class='ocrx_word' id='word_1_748' title='bbox 1479 5766 1610 5805; x_wconf 78' lang='lat' dir='ltr'><strong>MOX</strong></span> <span class='ocrx_word' id='word_1_749' title='bbox 1687 5766 1761 5824; x_wconf 76' lang='grc' dir='ltr'><strong>μη</strong></span> <span class='ocrx_word' id='word_1_750' title='bbox 1822 5766 1858 5824; x_wconf 81' lang='lat' dir='ltr'><strong>p</strong></span> 
     </span>
     <span class='ocr_line' id='line_1_109' title="bbox 297 5816 1043 5898; baseline -0.001 -21"><span class='ocrx_word' id='word_1_751' title='bbox 297 5821 366 5898; x_wconf 71' lang='grc' dir='ltr'>ἢν</span> <span class='ocrx_word' id='word_1_752' title='bbox 399 5816 766 5892; x_wconf 81' lang='lat' dir='ltr'><strong>superﬂuum</strong></span> <span class='ocrx_word' id='word_1_753' title='bbox 792 5818 1043 5878; x_wconf 83' lang='lat' dir='ltr'><strong>videtur.</strong></span> 
     </span>
    </p>
   </div>
   <div class='ocr_carea' id='block_1_107' title="bbox 2069 4794 3727 4878">
    <p class='ocr_par' dir='ltr' id='par_1_107' title="bbox 2069 4794 3727 4878">
     <span class='ocr_line' id='line_1_110' title="bbox 2069 4794 3727 4878; baseline 0.002 -25"><span class='ocrx_word' id='word_1_754' title='bbox 2069 4797 2185 4853; x_wconf 85' lang='grc' dir='ltr'>κατ’</span> <span class='ocrx_word' id='word_1_755' title='bbox 2243 4794 2394 4852; x_wconf 76' lang='grc' dir='ltr'>οὐδὲν</span> <span class='ocrx_word' id='word_1_756' title='bbox 2457 4795 2778 4874; x_wconf 77' lang='grc' dir='ltr'>διαφωνῶν·</span> <span class='ocrx_word' id='word_1_757' title='bbox 2835 4796 3040 4875; x_wconf 86' lang='grc' dir='ltr'>κριθείς</span> <span class='ocrx_word' id='word_1_758' title='bbox 3095 4819 3155 4854; x_wconf 91' lang='grc' dir='ltr'><strong>τε</strong></span> <span class='ocrx_word' id='word_1_759' title='bbox 3209 4799 3299 4854; x_wconf 76' lang='grc' dir='ltr'><strong>καὶ</strong></span> <span class='ocrx_word' id='word_1_760' title='bbox 3353 4797 3480 4863; x_wconf 77' lang='grc' dir='ltr'>δοὺς</span> <span class='ocrx_word' id='word_1_761' title='bbox 3538 4807 3727 4878; x_wconf 85' lang='grc' dir='ltr'>πεῖραν</span> 
     </span>
    </p>
   </div>
   <div class='ocr_carea' id='block_1_108' title="bbox 2070 4885 3724 4968">
    <p class='ocr_par' dir='ltr' id='par_1_108' title="bbox 2070 4885 3724 4968">
     <span class='ocr_line' id='line_1_111' title="bbox 2070 4885 3724 4968; baseline 0.003 -26"><span class='ocrx_word' id='word_1_762' title='bbox 2070 4887 2260 4942; x_wconf 71' lang='grc' dir='ltr'>ἑαυτοῦ</span> <span class='ocrx_word' id='word_1_763' title='bbox 2287 4891 2383 4941; x_wconf 83' lang='grc' dir='ltr'><strong>τοῦ</strong></span> <span class='ocrx_word' id='word_1_764' title='bbox 2415 4887 2614 4949; x_wconf 86' lang='grc' dir='ltr'>παντὸς</span> <span class='ocrx_word' id='word_1_765' title='bbox 2651 4887 2796 4962; x_wconf 78' lang='grc' dir='ltr'>βίου,</span> <span class='ocrx_word' id='word_1_766' title='bbox 2826 4887 2916 4942; x_wconf 81' lang='grc' dir='ltr'><strong>καὶ</strong></span> <span class='ocrx_word' id='word_1_767' title='bbox 2976 4885 3142 4964; x_wconf 89' lang='grc' dir='ltr'>λόγον</span> <span class='ocrx_word' id='word_1_768' title='bbox 3191 4887 3390 4944; x_wconf 84' lang='grc' dir='ltr'>τούτου</span> <span class='ocrx_word' id='word_1_769' title='bbox 3437 4890 3724 4968; x_wconf 83' lang='grc' dir='ltr'>παρασχό-</span> 
     </span>
    </p>
   </div>
   <div class='ocr_carea' id='block_1_109' title="bbox 2072 4975 3722 5054">
    <p class='ocr_par' dir='ltr' id='par_1_109' title="bbox 2072 4975 3722 5054">
     <span class='ocr_line' id='line_1_112' title="bbox 2072 4975 3722 5054; baseline 0.003 -23"><span class='ocrx_word' id='word_1_770' title='bbox 2072 4997 2231 5050; x_wconf 89' lang='grc' dir='ltr'>μενος</span> <span class='ocrx_word' id='word_1_771' title='bbox 2278 4977 2424 5052; x_wconf 73' lang='grc' dir='ltr'>παρὰ</span> <span class='ocrx_word' id='word_1_772' title='bbox 2470 4981 2576 5030; x_wconf 80' lang='grc' dir='ltr'><strong>τῶν</strong></span> <span class='ocrx_word' id='word_1_773' title='bbox 2634 4975 2702 5031; x_wconf 75' lang='grc' dir='ltr'>τὰ</span> <span class='ocrx_word' id='word_1_774' title='bbox 2747 4981 2971 5032; x_wconf 82' lang='grc' dir='ltr'>τοιαῦτα</span> <span class='ocrx_word' id='word_1_775' title='bbox 3027 4977 3340 5054; x_wconf 86' lang='grc' dir='ltr'>κρινόντων.</span> <span class='ocrx_word' id='word_1_776' title='bbox 3392 4979 3493 5034; x_wconf 72' lang='grc' dir='ltr'><strong>’Καὶ</strong></span> <span class='ocrx_word' id='word_1_777' title='bbox 3558 5001 3722 5037; x_wconf 88' lang='grc' dir='ltr'>κατα-</span> 
     </span>
    </p>
   </div>
   <div class='ocr_carea' id='block_1_110' title="bbox 2069 5063 3721 5142">
    <p class='ocr_par' dir='ltr' id='par_1_110' title="bbox 2069 5063 3721 5142">
     <span class='ocr_line' id='line_1_113' title="bbox 2069 5063 3721 5142; baseline 0.002 -22"><span class='ocrx_word' id='word_1_778' title='bbox 2069 5067 2318 5136; x_wconf 75' lang='grc' dir='ltr'>στήσεται</span> <span class='ocrx_word' id='word_1_779' title='bbox 2351 5067 2478 5142; x_wconf 86' lang='grc' dir='ltr'>παρ’</span> <span class='ocrx_word' id='word_1_780' title='bbox 2509 5064 2706 5139; x_wconf 78' lang='grc' dir='ltr'>αὐτῶν,</span> <span class='ocrx_word' id='word_1_781' title='bbox 2741 5067 2788 5120; x_wconf 75' lang='grc' dir='ltr'>εἴ</span> <span class='ocrx_word' id='word_1_782' title='bbox 2821 5066 3018 5140; x_wconf 87' lang='grc' dir='ltr'>μέλλοι</span> <span class='ocrx_word' id='word_1_783' title='bbox 3057 5072 3136 5140; x_wconf 75' lang='grc' dir='ltr'>τῷ</span> <span class='ocrx_word' id='word_1_784' title='bbox 3182 5063 3295 5123; x_wconf 76' lang='grc' dir='ltr'>ὄντι</span> <span class='ocrx_word' id='word_1_785' title='bbox 3345 5069 3482 5124; x_wconf 84' lang='grc' dir='ltr'>κατὰ</span> <span class='ocrx_word' id='word_1_786' title='bbox 3527 5069 3590 5124; x_wconf 82' lang='grc' dir='ltr'>τὸ</span> <span class='ocrx_word' id='word_1_787' title='bbox 3640 5068 3721 5126; x_wconf 86' lang='grc' dir='ltr'>δί-</span> 
     </span>
    </p>
   </div>
   <div class='ocr_carea' id='block_1_111' title="bbox 2065 5153 3722 5218">
    <p class='ocr_par' dir='ltr' id='par_1_111' title="bbox 2065 5153 3722 5218">
     <span class='ocr_line' id='line_1_114' title="bbox 2065 5153 3722 5218; baseline 0.001 -8"><span class='ocrx_word' id='word_1_788' title='bbox 2065 5176 2218 5210; x_wconf 88' lang='grc' dir='ltr'>καιον</span> <span class='ocrx_word' id='word_1_789' title='bbox 2247 5153 2542 5218; x_wconf 79' lang='grc' dir='ltr'>ἐπίσκοπος</span> <span class='ocrx_word' id='word_1_790' title='bbox 2593 5157 2724 5210; x_wconf 75' lang='grc' dir='ltr'>εἶναι</span> <span class='ocrx_word' id='word_1_791' title='bbox 2777 5153 2972 5214; x_wconf 81' lang='grc' dir='ltr'>δοκεῖν.</span> <span class='ocrx_word' id='word_1_792' title='bbox 3004 5155 3072 5211; x_wconf 59' lang='lat' dir='ltr'><strong>Ei</strong></span> <span class='ocrx_word' id='word_1_793' title='bbox 3117 5154 3174 5211; x_wconf 75' lang='grc' dir='ltr'><strong>δὲ</strong></span> <span class='ocrx_word' id='word_1_794' title='bbox 3219 5153 3586 5214; x_wconf 77' lang='grc' dir='ltr'>ἀναϐάλλοιτο</span> <span class='ocrx_word' id='word_1_795' title='bbox 3632 5158 3722 5215; x_wconf 80' lang='grc' dir='ltr'><strong>καὶ</strong></span> 
     </span>
    </p>
   </div>
   <div class='ocr_carea' id='block_1_112' title="bbox 2067 5240 3720 5320">
    <p class='ocr_par' dir='ltr' id='par_1_112' title="bbox 2067 5240 3720 5320">
     <span class='ocr_line' id='line_1_115' title="bbox 2067 5240 3720 5320; baseline 0.002 -23"><span class='ocrx_word' id='word_1_796' title='bbox 2067 5241 2256 5320; x_wconf 73' lang='grc' dir='ltr'>φεύγοι</span> <span class='ocrx_word' id='word_1_797' title='bbox 2294 5245 2394 5312; x_wconf 75' lang='grc' dir='ltr'>τὴν</span> <span class='ocrx_word' id='word_1_798' title='bbox 2443 5243 2637 5320; x_wconf 89' lang='grc' dir='ltr'>κρίσιν,</span> <span class='ocrx_word' id='word_1_799' title='bbox 2671 5240 2902 5315; x_wconf 71' lang='grc' dir='ltr'>εὔδηλον</span> <span class='ocrx_word' id='word_1_800' title='bbox 2951 5241 3242 5319; x_wconf 79' lang='grc' dir='ltr'>δήπουθεν,</span> <span class='ocrx_word' id='word_1_801' title='bbox 3271 5245 3354 5300; x_wconf 80' lang='grc' dir='ltr'>ὅτι</span> <span class='ocrx_word' id='word_1_802' title='bbox 3398 5252 3515 5308; x_wconf 91' lang='grc' dir='ltr'>τοῖς</span> <span class='ocrx_word' id='word_1_803' title='bbox 3542 5247 3720 5313; x_wconf 51' lang='grc' dir='ltr'>,Ἄθα-</span> 
     </span>
    </p>
   </div>
   <div class='ocr_carea' id='block_1_113' title="bbox 2137 5460 3720 5534">
    <p class='ocr_par' dir='ltr' id='par_1_113' title="bbox 2137 5460 3720 5534">
     <span class='ocr_line' id='line_1_116' title="bbox 2137 5460 3720 5534; baseline 0 -18"><span class='ocrx_word' id='word_1_804' title='bbox 2137 5460 2250 5534; x_wconf 84' lang='lat'><strong>(25)</strong></span> <span class='ocrx_word' id='word_1_805' title='bbox 2280 5460 2468 5534; x_wconf 84' lang='lat' dir='ltr'><strong>Hujus</strong></span> <span class='ocrx_word' id='word_1_806' title='bbox 2494 5461 2824 5534; x_wconf 63' lang='lat' dir='ltr'><strong>Eruxnentii</strong></span> <span class='ocrx_word' id='word_1_807' title='bbox 2851 5460 3162 5518; x_wconf 89' lang='lat' dir='ltr'><strong>historiam</strong></span> <span class='ocrx_word' id='word_1_808' title='bbox 3183 5461 3489 5534; x_wconf 86' lang='lat' dir='ltr'><strong>videapud</strong></span> <span class='ocrx_word' id='word_1_809' title='bbox 3506 5460 3720 5534; x_wconf 81' lang='lat' dir='ltr'><strong>Rufin.</strong></span> 
     </span>
    </p>
   </div>
   <div class='ocr_carea' id='block_1_114' title="bbox 2066 5531 3726 5600">
    <p class='ocr_par' dir='ltr' id='par_1_114' title="bbox 2066 5531 3726 5600">
     <span class='ocr_line' id='line_1_117' title="bbox 2066 5531 3726 5600; baseline 0.002 -13"><span class='ocrx_word' id='word_1_810' title='bbox 2066 5531 2106 5587; x_wconf 95' lang='lat' dir='ltr'><strong>l.</strong></span> <span class='ocrx_word' id='word_1_811' title='bbox 2139 5531 2178 5598; x_wconf 65' lang='grc' dir='ltr'>ἰ,</span> <span class='ocrx_word' id='word_1_812' title='bbox 2214 5531 2262 5588; x_wconf 83' lang='lat' dir='ltr'><strong>c.</strong></span> <span class='ocrx_word' id='word_1_813' title='bbox 2291 5533 2378 5597; x_wconf 84' lang='grc'>19,</span> <span class='ocrx_word' id='word_1_814' title='bbox 2407 5538 2465 5587; x_wconf 90' lang='lat' dir='ltr'><strong>et</strong></span> <span class='ocrx_word' id='word_1_815' title='bbox 2491 5533 2778 5588; x_wconf 89' lang='lat' dir='ltr'><strong>Theodor.</strong></span> <span class='ocrx_word' id='word_1_816' title='bbox 2814 5533 2852 5587; x_wconf 91' lang='grc' dir='ltr'><strong>Ι.</strong></span> <span class='ocrx_word' id='word_1_817' title='bbox 2886 5551 2924 5599; x_wconf 80' lang='grc' dir='ltr'><strong>ι,</strong></span> <span class='ocrx_word' id='word_1_818' title='bbox 2969 5550 3020 5590; x_wconf 89' lang='lat' dir='ltr'><strong>c.</strong></span> <span class='ocrx_word' id='word_1_819' title='bbox 3053 5535 3142 5600; x_wconf 85' lang='lat'><strong>23,</strong></span> <span class='ocrx_word' id='word_1_820' title='bbox 3205 5539 3262 5589; x_wconf 89' lang='lat' dir='ltr'><strong>et</strong></span> <span class='ocrx_word' id='word_1_821' title='bbox 3317 5531 3390 5588; x_wconf 56' lang='lat' dir='ltr'><strong>in&#39;</strong></span> <span class='ocrx_word' id='word_1_822' title='bbox 3428 5532 3726 5590; x_wconf 76' lang='lat' dir='ltr'><strong>Athanasii</strong></span> 
     </span>
    </p>
   </div>
   <div class='ocr_carea' id='block_1_115' title="bbox 2071 5603 3721 5678">
    <p class='ocr_par' dir='ltr' id='par_1_115' title="bbox 2071 5603 3721 5678">
     <span class='ocr_line' id='line_1_118' title="bbox 2071 5603 3721 5678; baseline 0.002 -19"><span class='ocrx_word' id='word_1_823' title='bbox 2071 5606 2186 5678; x_wconf 65' lang='lat' dir='ltr'><strong>Yita</strong></span> <span class='ocrx_word' id='word_1_824' title='bbox 2217 5621 2252 5660; x_wconf 89' lang='lat' dir='ltr'><strong>a</strong></span> <span class='ocrx_word' id='word_1_825' title='bbox 2282 5603 2448 5678; x_wconf 85' lang='lat' dir='ltr'><strong>nobis</strong></span> <span class='ocrx_word' id='word_1_826' title='bbox 2476 5605 2786 5662; x_wconf 85' lang='lat' dir='ltr'><strong>adornata:</strong></span> <span class='ocrx_word' id='word_1_827' title='bbox 2819 5603 2909 5658; x_wconf 85' lang='grc' dir='ltr'><strong>τόν</strong></span> <span class='ocrx_word' id='word_1_828' title='bbox 2947 5606 3111 5662; x_wconf 87' lang='lat' dir='ltr'><strong>deest</strong></span> <span class='ocrx_word' id='word_1_829' title='bbox 3137 5605 3198 5660; x_wconf 92' lang='lat' dir='ltr'><strong>in</strong></span> <span class='ocrx_word' id='word_1_830' title='bbox 3254 5605 3449 5678; x_wconf 91' lang='lat' dir='ltr'><strong>editis,</strong></span> <span class='ocrx_word' id='word_1_831' title='bbox 3511 5606 3611 5662; x_wconf 88' lang='lat' dir='ltr'><strong>sed</strong></span> <span class='ocrx_word' id='word_1_832' title='bbox 3662 5605 3721 5662; x_wconf 92' lang='lat' dir='ltr'><strong>in</strong></span> 
     </span>
    </p>
   </div>
   <div class='ocr_carea' id='block_1_116' title="bbox 2065 5676 2470 5748">
    <p class='ocr_par' dir='ltr' id='par_1_116' title="bbox 2065 5676 2470 5748">
     <span class='ocr_line' id='line_1_119' title="bbox 2065 5676 2470 5748; baseline -0.002 -16"><span class='ocrx_word' id='word_1_833' title='bbox 2065 5676 2204 5748; x_wconf 89' lang='lat' dir='ltr'><strong>Reg.</strong></span> <span class='ocrx_word' id='word_1_834' title='bbox 2239 5676 2470 5748; x_wconf 82' lang='lat' dir='ltr'><strong>legitur.</strong></span> 
     </span>
    </p>
   </div>
   <div class='ocr_carea' id='block_1_117' title="bbox 2137 5743 3721 5823">
    <p class='ocr_par' dir='ltr' id='par_1_117' title="bbox 2137 5743 3721 5823">
     <span class='ocr_line' id='line_1_120' title="bbox 2137 5743 3721 5823; baseline -0.005 -13"><span class='ocrx_word' id='word_1_835' title='bbox 2137 5743 2250 5823; x_wconf 51' lang='lat'><strong>(:26)</strong></span> <span class='ocrx_word' id='word_1_836' title='bbox 2277 5743 2419 5806; x_wconf 63' lang='lat' dir='ltr'><strong>Post</strong></span> <span class='ocrx_word' id='word_1_837' title='bbox 2448 5747 2591 5819; x_wconf 63' lang='lat' dir='ltr'><strong>haec,</strong></span> <span class='ocrx_word' id='word_1_838' title='bbox 2623 5748 2763 5823; x_wconf 74' lang='lat' dir='ltr'><strong>editi</strong></span> <span class='ocrx_word' id='word_1_839' title='bbox 2794 5748 3056 5823; x_wconf 29' lang='lat' dir='ltr'><strong>habent,</strong></span> <span class='ocrx_word' id='word_1_840' title='bbox 3062 5743 3223 5810; x_wconf 86' lang='grc' dir='ltr'>τέλος</span> <span class='ocrx_word' id='word_1_841' title='bbox 3260 5753 3364 5823; x_wconf 73' lang='grc' dir='ltr'>τῇς</span> <span class='ocrx_word' id='word_1_842' title='bbox 3407 5743 3721 5823; x_wconf 52' lang='grc' dir='ltr'>ἐπιστολῆς</span> 
     </span>
    </p>
   </div>
   <div class='ocr_carea' id='block_1_118' title="bbox 2060 5815 3467 5898">
    <p class='ocr_par' dir='ltr' id='par_1_118' title="bbox 2060 5815 3467 5898">
     <span class='ocr_line' id='line_1_121' title="bbox 2060 5815 3467 5898; baseline 0.004 -20"><span class='ocrx_word' id='word_1_843' title='bbox 2060 5815 2285 5898; x_wconf 79' lang='grc' dir='ltr'>ταύτης,</span> <span class='ocrx_word' id='word_1_844' title='bbox 2319 5835 2450 5898; x_wconf 69' lang='lat' dir='ltr'><strong>qua:</strong></span> <span class='ocrx_word' id='word_1_845' title='bbox 2477 5815 2655 5880; x_wconf 85' lang='lat' dir='ltr'><strong>verba</strong></span> <span class='ocrx_word' id='word_1_846' title='bbox 2685 5821 2903 5880; x_wconf 88' lang='lat' dir='ltr'><strong>desunt</strong></span> <span class='ocrx_word' id='word_1_847' title='bbox 2930 5820 2990 5880; x_wconf 90' lang='lat' dir='ltr'><strong>in</strong></span> <span class='ocrx_word' id='word_1_848' title='bbox 3023 5819 3164 5896; x_wconf 82' lang='lat' dir='ltr'><strong>Reg.</strong></span> <span class='ocrx_word' id='word_1_849' title='bbox 3201 5825 3258 5880; x_wconf 86' lang='lat' dir='ltr'><strong>et</strong></span> <span class='ocrx_word' id='word_1_850' title='bbox 3289 5815 3467 5883; x_wconf 84' lang='lat' dir='ltr'><strong>Basil.</strong></span> 
     </span>
    </p>
   </div>
  </div>
