4132 6376
371 375 489 436 639

911 372 976 431 S.
1021 369 1449 432 ATHANASII
1495 368 1668 430 OPP.
1715 366 1919 427 PARS
1963 364 2013 425 Ι.
2051 397 2129 411 -
2158 366 2581 430 HISTORICA
2626 367 2726 428 ET
2771 367 3260 430 DOGMATICA.

3671 373 3797 432 640

374 504 530 563 malo
559 504 910 561 efﬁciamur.
932 503 1081 559 Nam
1109 519 1239 575 quae
1260 518 1417 558 nunc
1445 500 1531 556 illi
1557 501 1749 556 denuo
1774 514 2006 572 gessere

2146 498 2497 570 πεποιήκασι,
2531 496 2794 554 δείκνυσιν
2828 496 3002 554 αὐτῶν
3045 497 3246 569 ταύτην
3301 498 3433 555 εἶναι
3480 501 3579 570 τὴν
3631 522 3795 558 σπου-

374 595 638 668 idipsum
684 610 813 651 esse
861 592 1097 649 illorum
1148 592 1437 657 studium,
1471 608 1538 646 ac
1582 588 2033 662 sanguinarium

2146 583 2266 658 δὴν,
2295 587 2385 641 καὶ
2435 588 2719 667 μιαιφόνον
2768 588 2869 657 τὴν
2914 588 3245 664 προαίρεσιν.
3290 588 3549 653 Ἀκούσας
3601 586 3680 663 δὲ,
3735 588 3792 647 εὗ

376 684 742 757 propositum
766 682 1041 740 ostendit.
1062 682 1197 746 Quae
1221 681 1267 737 si
1289 679 1567 746 audieris,
1590 676 2011 751 religiosissimi

2144 673 2248 730 οἷδ’
2277 675 2381 749 ὅτι,
2416 675 2796 757 θεοφιλέστατε
2842 675 3137 755 Αὕγουστε,
3173 677 3498 753 θαυμάσεις·
3549 679 3639 735 καὶ
3688 681 3793 757 γὰρ

371 776 657 846 Auguste,
689 778 744 828 te
790 773 1144 828 miraturum
1195 769 1449 826 arbitror
1481 786 1495 825 :
1529 768 1746 825 etenim
1793 771 2011 838 stupon

2142 766 2286 839 ἄξιον
2320 764 2542 836 ἀληθῶς
2577 766 2899 839 ἐκπλήξεως
2943 769 3006 823 τὸ
3029 767 3318 843 τόλμημα.
3351 767 3570 826 Ἠλίκον
3605 766 3651 824 δ’
3682 767 3794 826 ἐστὶ

375 862 557 936 digna
585 866 675 918 est
711 861 948 918 illorum
995 859 1258 917 audacia.
1291 860 1520 925 Quanta
1550 862 1746 914 autem
1797 855 1901 911 illa
1930 855 2028 922 sit,

375 952 581 1024 paucis
610 950 900 1007 ausculta.
1866 990 1881 1005 .

443 1040 533 1096 33.
565 1039 667 1096 Dei
699 1039 899 1106 Filius,
934 1038 1218 1095 Dominus
1248 1041 1304 1094 et
1336 1036 1600 1095 Salvator
1629 1039 1827 1092 noster
1854 1035 2028 1091 Jesus

370 1128 664 1195 Christus,
700 1134 936 1201 propter
987 1144 1095 1182 nos
1147 1126 1323 1183 homo
1374 1127 1585 1192 factus,
1619 1126 1719 1196 qui
1778 1132 2025 1180 mortem

370 1218 692 1291 abrogavit,
710 1223 1098 1290 nostrumque
1127 1233 1313 1290 genus
1340 1234 1373 1272 a
1394 1217 1672 1272 servitute
1704 1214 2026 1286 corruptio-

368 1307 462 1363 nis
492 1306 780 1375 liberavit,
813 1323 949 1363 cum
1001 1306 1133 1362 aliis
1178 1306 1456 1363 omnibus
1487 1305 1658 1361 donis
1706 1304 1831 1360 suis
1880 1303 2025 1360 illud

366 1413 600 1470 quoque
632 1395 803 1452 nobis
848 1395 1189 1469 impertivit,
1224 1400 1289 1450 ut
1330 1394 1673 1468 angelorum
1705 1392 2025 1467 imaginem

365 1485 428 1541 in
459 1489 618 1542 terra
647 1485 1023 1553 haberemus,
1055 1501 1267 1557 nempe
1297 1483 1712 1557 virginitatem.
1742 1484 1853 1538 Eas
1883 1498 2024 1540 sane

369 1591 496 1647 quaa
528 1574 637 1631 hac
665 1574 883 1631 virtute
925 1574 1180 1647 praedita;
1212 1577 1372 1646 sunt,
1404 1590 1652 1647 sponsas
1682 1572 1895 1629 Christi
1924 1590 2022 1630 vo-

368 1679 500 1720 care
528 1662 830 1721 consuevit
859 1662 1145 1719 catholica
1173 1662 1467 1720 Ecclesia:
1502 1662 1609 1719 has
1639 1660 1858 1718 ethnici
1887 1678 2019 1717 cum

365 1752 587 1826 vident,
645 1757 711 1809 ut
764 1751 1051 1826 templum
1105 1753 1279 1808 Verbi
1339 1753 1751 1808 admirantur:
1795 1756 2019 1807 certum

367 1842 585 1915 quippe
606 1847 697 1898 est
721 1859 1012 1915 nusquam
1043 1842 1196 1898 hanc
1220 1842 1613 1918 venerandam
1639 1857 1705 1896 ac
1725 1840 2017 1897 caelestem

362 1931 787 2005 professionem
819 1931 1023 2000 excoli,
1056 1931 1171 1987 nisi
1202 1932 1487 1987 duntaxat
1523 1930 1679 2003 apud
1713 1947 1819 1986 nos
1849 1929 2015 1984 Chri-

362 2021 607 2077 stianos.
632 2021 750 2077 Hoc
779 2021 935 2079 enim
961 2021 1285 2077 maximum
1317 2026 1408 2077 est
1437 2025 1875 2093 argumentum,
1901 2036 2015 2075 cer-

359 2112 482 2165 tam
514 2125 580 2165 ac
608 2126 808 2166 veram
858 2111 1012 2183 apud
1060 2127 1165 2166 nos
1196 2126 1326 2166 esse
1358 2109 1720 2183 religionem.
1760 2110 1870 2164 Has
1901 2125 2013 2180 praa

360 2197 493 2255 aliis
521 2199 701 2255 beataa
724 2200 1019 2255 memoriae
1040 2199 1347 2272 piissimus
1379 2204 1544 2272 pater
1563 2202 1703 2254 tuus
1732 2202 2012 2254 Constan-

353 2288 522 2344 tinus
554 2292 859 2361 Augustus
889 2288 1233 2345 honorabat.
1266 2288 1383 2344 Has
1429 2293 1533 2344 tua
1562 2304 1795 2360 quoque
1825 2287 2011 2361 pietas

356 2377 418 2433 in
448 2374 661 2433 litteris
708 2377 832 2434 suis
861 2377 1224 2434 venerandas
1273 2382 1331 2433 et
1376 2380 1613 2434 sanctas
1663 2376 2012 2449 plerumque

359 2466 740 2540 nuncupavit.
774 2466 987 2524 Verum
1019 2483 1175 2522 nunc
1206 2466 1505 2523 mirabiles
1534 2465 1617 2521 illi
1652 2467 1875 2533 Ariani,
1907 2466 2009 2539 qui

358 2571 468 2611 nos
515 2555 863 2612 calumniari
920 2556 1157 2627 audent,
1200 2572 1449 2627 quorum
1496 2571 1673 2627 opera
1723 2555 1893 2612 multi
1941 2572 2010 2611 ex

355 2643 645 2717 episcopis
676 2644 911 2701 insidiis
932 2645 1313 2700 circumventi
1346 2649 1513 2708 sunt;
1538 2644 1843 2716 judicibus
1862 2645 2010 2716 ipsis

356 2733 468 2789 sibi
503 2750 570 2790 ac
600 2734 659 2788 in
692 2752 754 2791 re
798 2734 1274 2791 ministrantibus
1323 2735 2006 2806 obtemperantibusque,

356 2822 467 2879 has
509 2823 761 2880 nudatas
809 2823 869 2879 in
919 2823 1296 2881 Hermetariis
1327 2824 1416 2895 (ut
1466 2823 1693 2894 vocant)
1724 2824 2007 2894 suspendi

350 2912 603 2984 jussere,
636 2917 693 2968 et
721 2912 807 2969 sic
855 2912 1088 2969 illarum
1120 2912 1302 2969 latera
1330 2912 1513 2968 ternis
1544 2928 1732 2983 usque
1779 2911 2006 2967 vicibus

356 3001 710 3073 lacerarunt,
742 3007 811 3058 ut
858 3020 931 3059 ne
960 3003 1070 3059 viri
1118 3003 1356 3075 quidem
1408 3000 1811 3057 scelestissimi
1864 2999 2007 3056 talia

355 3108 617 3164 unquam
642 3092 762 3148 sint
785 3093 1027 3166 experti.
1046 3091 1261 3148 Pilatus
1288 3091 1428 3147 olim
1461 3095 1525 3146 ut
1552 3090 1768 3147 Judzeis
1800 3106 2005 3145 assen-

349 3185 595 3250 taretur,
627 3182 829 3239 lancea
857 3182 1097 3238 unicum
1128 3180 1444 3237 Salvatoris
1474 3180 1628 3236 latus
1659 3178 2000 3253 perforavit;

2137 860 2322 929 τοῦτο,
2356 853 2585 913 ἄκουσον
2620 856 2672 913 έν
2711 858 2909 934 βραχεῖ
2939 857 3112 934 λόγῳ.

2208 1037 2297 1093 33.
2348 1038 2405 1089 Ὀ
2453 1040 2550 1092 τοῦ
2605 1042 2740 1093 Θεοῦ
2798 1038 2921 1099 Υἱὸς
2971 1038 2999 1091 ὁ
3048 1037 3248 1115 Κύριος
3294 1036 3384 1094 καὶ
3431 1039 3545 1115 (30)
3593 1041 3792 1115 Σωτὴρ

2135 1127 2297 1198 ἡμῶν
2330 1127 2538 1196 Ἰησοῦς
2570 1128 2817 1203 Χριστὸς,
2855 1128 3135 1203 ἅνθρωπνς
3183 1126 3475 1202 γενόμενος
3510 1126 3580 1183 δι’
3623 1132 3791 1205 ἡμᾶς,

2134 1212 2224 1268 καὶ
2255 1216 2600 1289 καταργήσας
2649 1215 2742 1270 τὸν
2799 1214 3042 1288 θάνατον,
3078 1214 3445 1292 ἐλευθερώσας
3492 1237 3553 1272 τε
3596 1218 3659 1273 τὸ
3703 1219 3792 1295 γέ-

2132 1323 2226 1366 νος
2257 1305 2419 1378 ήμῶν
2478 1304 2585 1359 ἀπὸ
2630 1311 2731 1375 τῆς
2781 1302 3034 1368 δουλείας
3088 1312 3188 1375 τῆς
3243 1307 3465 1384 φθορᾶς,
3500 1306 3791 1385 ἐχαρίσατο

2132 1394 2269 1468 πρὸς
2298 1398 2414 1455 τοῖς
2444 1392 2639 1457 ἄλλοις
2669 1399 2799 1449 πᾶσι
2840 1395 2932 1449 καὶ
2989 1394 3170 1450 είκόνα
3222 1397 3322 1464 τῆς
3377 1399 3487 1453 τῶν
3542 1396 3793 1473 ἀγγέλων

2135 1482 2425 1557 ἁγιότητος
2485 1478 2630 1560 ἔχειν
2692 1485 2841 1557 ἡμᾶς
2897 1483 2983 1538 ἐπὶ
3032 1487 3133 1561 γῆς
3188 1484 3287 1552 τὴν
3333 1484 3643 1561 παρθενίαν.
3680 1489 3793 1551 Τὰς

2132 1575 2263 1645 γοῦν
2308 1572 2509 1643 ταύτην
2562 1570 2791 1649 ἐχούσας
2832 1573 2933 1642 τὴν
2988 1572 3185 1648 ἀρετὴν
3245 1572 3462 1654 νύμφας
3508 1579 3606 1631 τοῦ
3657 1581 3791 1655 Χρι-

2133 1665 2261 1716 στοῦ
2314 1661 2500 1717 καλεῖν
2561 1659 2746 1727 εἷ’ωθεν
2784 1664 2820 1733 ἡ
2880 1660 3152 1733 καθολικὴ
3213 1661 3531 1734 Ἐκκλησία.
3583 1664 3789 1731 Ταύτας

2133 1747 2189 1805 δὲ
2216 1748 2489 1822 Ἕλληνες
2521 1751 2772 1826 ὁρωντες,
2807 1751 2882 1814 ὡς
2909 1752 3031 1808 ναὸν
3084 1750 3243 1815 οὔσας
3292 1757 3389 1808 τοῦ
3438 1753 3618 1832 Λόγου
3660 1756 3789 1811 θαυ-

2135 1839 2395 1912 μοὶζουσι⁹
2456 1841 2584 1917 παρ’
2614 1837 2790 1895 οὐδενὶ
2821 1841 2922 1917 γὰρ
2965 1839 3189 1911 ἀληθῶς
3247 1846 3410 1898 τοῦτο
3466 1843 3531 1899 τὸ
3588 1845 3784 1920 σεμνὸν

2125 1928 2214 1984 καὶ
2248 1927 2494 2005 οὐράνιον
2532 1927 2853 2007 ἐπάγγελμα
2898 1935 3255 2008 κατορθοῦται
3306 1932 3341 2001 ἢ
3393 1933 3563 2009 παρὰ,
3599 1933 3789 2008 μόνοις

2125 2020 2260 2090 ἡμῖν
2312 2023 2432 2081 τοῖς
2478 2023 2838 2096 Χριστιανοῖς,
2890 2018 3142 2076 Μάλιστα
3190 2019 3294 2098 γὰρ
3335 2021 3425 2077 καὶ
3456 2008 3615 2079 τοῦτο
3652 2022 3788 2103 μέγα

2124 2106 2420 2184 τεκμήριόν
2472 2107 2580 2162 ἐστι
2638 2112 2735 2163 τοῦ
2790 2110 2918 2185 παρ’
2974 2110 3110 2182 ἡμῖν
3165 2108 3297 2164 εἶναι
3350 2110 3448 2180 τὴν
3489 2107 3660 2175 ὅντως
3693 2114 3783 2170 καὶ

2124 2196 2306 2269 ἀληθῆ
2368 2193 2692 2262 θεοσέϐειαν.
2730 2198 2937 2261 Ταύτας
2994 2199 3101 2276 πρὸ
3130 2202 3237 2255 τῶν
3286 2195 3474 2256 ἄλλων
3501 2200 3591 2257 καὶ
3624 2203 3652 2257 ὁ
3682 2205 3782 2273 τῆς

2125 2287 2393 2363 μακσρίας
2447 2291 2672 2362 μνήμης
2728 2289 2757 2343 ὁ
2806 2283 3192 2351 εύσεϐέστατός
3239 2310 3336 2345 σου
3394 2292 3575 2368 πατὴρ
3634 2298 3783 2348 Κων-

2123 2382 2401 2440 σταντῖνος
2451 2379 2479 2432 ὁ
2530 2374 2840 2455 Αὔγουστος
2883 2376 3071 2452 ἐτίμα*
3122 2378 3318 2442 ταύτας
3361 2378 3451 2435 καὶ
3501 2382 3536 2450 ἡ
3579 2382 3646 2451 σὴ
3699 2381 3782 2439 εύ-

2121 2461 2302 2521 σέϐεια
2346 2466 2625 2545 γράφουσα
2673 2464 2949 2531 πολλάκις
3004 2467 3191 2542 τιμίας
3241 2468 3329 2525 καὶ
3373 2470 3529 2546 ἁγίας
3562 2470 3778 2545 ὠνόμα-

2119 2577 2225 2614 σεν.
2261 2554 2437 2612 Ἀλλά
2483 2560 2575 2610 νῦν
2627 2556 2679 2611 οἳ.
2730 2556 3030 2629 θαυμαστοὶ
3082 2557 3348 2633 Ἀρειανοὶ
3399 2559 3453 2614 οἱ
3499 2559 3589 2615 καὶ
3627 2562 3778 2634 ἡμᾶς

2122 2640 2532 2713 διαϐάλλοντες,
2568 2643 2637 2698 δι’
2687 2643 2781 2706 οὓς
2831 2643 2920 2699 καὶ
2976 2642 3226 2700 πλεῖστοι
3289 2649 3394 2701 τῶν
3467 2648 3779 2706 ἐπισκόπων

2118 2728 2612 2802 ἐπεϐουλεύθησαν,
2650 2730 2958 2807 ὑπουργοὺς
2998 2728 3217 2806 ἔχοντες
3266 2734 3355 2788 καὶ
3404 2735 3774 2802 ὑπακούοντας

2117 2821 2312 2882 αὐτοὺς
2342 2818 2469 2880 τοὺς
2513 2815 2791 2885 δικαστάς,
2820 2818 3018 2879 ταύτας
3064 2820 3464 2893 γυμνώσαντες,
3511 2822 3771 2895 ἐποίησαν

2117 2910 2205 2965 ἐπὶ
2251 2912 2357 2962 τῶν
2408 2905 2763 2979 καλουμένων
2828 2906 3175 2982 έρμηταρίων
3249 2910 3639 2983 κρεμασθῆναι,
3680 2913 3772 2967 καὶ

2114 3001 2371 3055 τοσοῦτον
2401 2995 2574 3051 αὐτῶν
2617 2995 2796 3072 τρίτον
2833 2990 3008 3068 ἔξεσαν
3041 2995 3134 3058 τὰς
3180 2994 3441 3073 πλευρὰς,
3476 2997 3600 3053 ὅσον
3645 2998 3771 3055 οὐδὲ

2116 3088 2168 3142 οἱ
2199 3085 2422 3155 ἀληθῶς
2448 3089 2743 3162 κακοῦργοι
2775 3085 3001 3149 πώποτε
3029 3085 3345 3140 πεπόνθασι.
3380 3086 3619 3151 Πιλᾶτος
3675 3090 3770 3162 μὶν

2115 3176 2231 3248 οὖν,
2289 3173 2643 3231 καθικετεύων
2702 3176 2815 3248 (31)
2875 3180 2991 3238 τοῖς
3047 3174 3171 3231 τότε
3223 3172 3527 3250 Ἰουδαίοις,
3587 3176 3768 3254 λόγχῃ

348 3269 410 3325 hi
432 3286 564 3328 vero
588 3270 784 3344 ipsum
806 3269 973 3327 Pilati
997 3271 1250 3327 furorem
1288 3286 1651 3342 superavere,
1676 3285 1789 3324 non
1815 3285 2001 3324 unum

2125 3267 2241 3343 μίαν
2274 3263 2512 3342 πλευρὰν
2541 3268 2636 3319 τοῦ
2677 3270 2939 3339 Σωτῆρος
2990 3261 3187 3338 ἔνυξεν·
3235 3265 3384 3320 οὗτοι
3428 3263 3485 3321 δὲ
3531 3265 3621 3322 καὶ
3666 3253 3768 3336 την

351 3361 570 3434 quippe
600 3359 779 3433 latus,
803 3361 904 3418 sed
940 3361 1113 3416 ambo
1145 3359 1477 3415 lacerarunt
1504 3376 1516 3413 :
1552 3359 1818 3414 membra
1843 3357 2000 3413 enim

350 3450 671 3523 virginum,
685 3468 801 3524 prae
824 3450 978 3515 aliis,
996 3449 1261 3505 membra
1272 3448 1589 3506 Salvatoris
1611 3453 1768 3505 sunt.
1785 3447 2003 3504 Omnes

352 3543 505 3596 certe
536 3539 754 3613 quibus
784 3538 1127 3610 hujusmodi
1158 3538 1415 3594 facinora
1444 3539 1597 3596 252
1631 3537 1998 3605 nuntiantur,

356 3629 426 3686 ad
459 3630 653 3686 solum
703 3628 782 3685 rei
825 3629 1113 3699 auditum,
1146 3627 1582 3684 exhorrescunt.
1619 3628 1686 3683 Hi
1716 3645 1848 3683 vero
1892 3628 2001 3683 soli

353 3734 470 3773 non
504 3719 678 3775 modo
709 3716 854 3773 nihil
888 3717 1054 3774 veriti
1085 3721 1225 3774 sunt
1256 3716 1567 3790 impolluta
1596 3718 1862 3772 membra
1892 3735 2000 3772 uu-

353 3808 492 3864 dare
516 3812 574 3864 et
601 3807 919 3874 lancinare,
940 3824 1066 3879 quas
1099 3808 1200 3863 uni
1230 3806 1511 3863 Salvatori
1548 3811 1749 3862 nostro
1771 3806 2002 3864 Christo

346 3893 607 3970 virgines
636 3897 1074 3965 dedicaverant;
1110 3897 1211 3952 sed
1246 3897 1400 3969 quod
1424 3895 1859 3967 nequissimum
1891 3899 2000 3964 est,

347 3986 491 4040 dum
534 3985 610 4041 ab
640 3986 936 4054 omnibus,
970 3986 1043 4041 ob
1073 3990 1297 4041 tantam
1350 4001 1520 4040 suam
1571 3985 2002 4041 immanitatem

346 4074 776 4145 vituperantur,
809 4090 943 4129 cum
992 4074 1455 4129 erubescendum
1506 4080 1680 4142 esset,
1727 4074 1837 4131 hoc
1888 4079 2002 4130 tuae

348 4161 584 4235 pietatis
641 4162 982 4218 mandatum
1043 4178 1174 4219 esse
1230 4167 1600 4235 praetexunt:
1636 4163 1719 4219 ita
1775 4163 2004 4220 suntin

354 4251 633 4308 omnibus
663 4252 936 4323 audaces,
960 4252 1240 4325 pravique
1270 4252 1519 4308 consilii.
1542 4251 1699 4308 Nihil
1722 4270 1862 4309 sane
1891 4252 2005 4308 hu-

342 4342 629 4414 jusmodi,
652 4340 740 4398 vel
774 4341 833 4397 in
867 4342 1373 4415 persecutionibus
1404 4341 1540 4398 olim
1572 4348 1804 4415 gestum
1836 4342 2001 4398 audi-

349 4430 545 4488 vimus
569 4447 584 4489 :
613 4447 679 4487 ac
701 4431 933 4487 etiamsi
957 4430 1070 4487 tale
1091 4430 1395 4505 quidpiam
1420 4431 1740 4505 aliquando
1769 4437 2006 4505 gestum

349 4520 544 4589 fuerit,
570 4536 685 4576 non
714 4521 910 4577 decuit
937 4524 1158 4590 tamen,
1181 4524 1238 4576 te
1260 4521 1586 4593 imperante
1607 4521 1708 4594 qui
1730 4521 2008 4577 Christia-

2116 3357 2301 3432 μανίαν
2335 3352 2576 3410 Πιλάτου
2614 3355 2971 3427 νενικήκασιν,
3005 3352 3086 3409 ὅτι
3123 3356 3198 3428 μὴ
3251 3354 3395 3429 μίαν,
3429 3352 3554 3410 ἀλλ’
3584 3355 3763 3434 ἀμφο-

2111 3447 2268 3524 τέρας
2301 3443 2474 3516 ἔξεσαν
2503 3462 2515 3475 ⁸
2573 3444 2641 3498 τὰ
2668 3442 2772 3520 γὰρ
2827 3441 2967 3516 μέλη
2998 3447 3105 3499 τῶν
3138 3443 3418 3521 παρθένων
3478 3443 3765 3523 ἐξαιρέτως

2114 3535 2228 3592 ἴδια
2256 3539 2351 3590 τοῦ
2384 3532 2645 3609 Σωτῆρός
2679 3531 2790 3587 ἐστι
2822 3535 2953 3607 (32).
2990 3531 3190 3595 Πάντες
3222 3533 3315 3606 μὶν
3366 3531 3479 3605 οὖν,
3506 3533 3601 3609 καὶἶ
3659 3534 3765 3608 μό-

2110 3648 2197 3683 νον
2231 3621 2688 3699 ἀπαγγελλόντων
2719 3626 2903 3693 τινῶν,
2937 3621 3245 3701 φρίττουσιν
3280 3620 3371 3677 ἐπὶ
3402 3625 3494 3701 ,τῇ
3541 3623 3768 3700 τοιαύτῃ

2114 3718 2251 3790 ἀκοῇ
2278 3736 2290 3749 ·
2330 3712 2483 3786 μόνοι
2527 3709 2583 3766 δὲ
2613 3713 2763 3767 οὗτοι
2794 3710 2857 3765 οὐ
2892 3710 3057 3784 μόνον
3113 3710 3212 3766 οὐκ
3271 3700 3615 3790 ἐφοϐήθησαν
3666 3735 3765 3788 γυ-

2117 3806 2370 3879 μνοῦντες
2400 3801 2490 3856 καὶ
2522 3801 2727 3872 ξέοντες
2768 3796 3010 3876 ἄχραντα
3054 3799 3220 3873 μέλη,
3253 3799 3287 3855 ἆ
3321 3801 3473 3875 μόνῳ
3523 3806 3602 3875 τῷ
3644 3808 3764 3857 Σω-

2111 3896 2238 3970 τῆρι
2298 3894 2458 3964 ἡμῶν
2515 3895 2593 3963 τῷ
2651 3894 2869 3965 Χριστῷ
2924 3890 3322 3954 ἀνατεθείκασιν
3382 3892 3436 3946 αἱ
3493 3893 3771 3968 παρθένοι,

2113 3982 2262 4039 ἀλλά
2291 3982 2382 4036 καὶ
2410 3980 2473 4035 τό
2502 4000 2567 4056 γε
2596 3979 2892 4056 χείριστον,
2926 3977 3320 4053 ὀνειδιζόμενοι
3369 3982 3515 4057 παρᾶ
3557 3982 3771 4039 πάντων

2116 4070 2206 4127 διὰ
2235 4072 2333 4141 τὴν
2376 4069 2644 4138 τοσαύτην
2696 4068 2981 4142 ὠμότητα,
3014 4068 3132 4123 ἀντὶ
3172 4073 3270 4124 τοῦ
3321 4069 3591 4147 ἐρυθριᾷν,
3640 4093 3775 4148 προ-

2115 4160 2424 4239 φασίζονται
2454 4163 2616 4213 τοῦτο
2646 4157 2974 4234 πρόσταγμα
3000 4164 3102 4228 τῆς
3133 4165 3233 4229 σῆς
3284 4154 3551 4222 εὐσεϐείας
3603 4160 3733 4217 εἶναι
3758 4183 3772 4199 ο

2117 4250 2292 4311 οὕτως
2337 4248 2440 4303 εἶσὶ
2488 4248 2622 4323 πρὸς
2672 4245 2842 4302 πάντα
2882 4247 3160 4323 τολμηροὶ
3204 4248 3294 4303 καὶ
3331 4250 3431 4319 τήν
3460 4249 3774 4327 προαίρεσιν

2114 4338 2367 4412 πονηροί.
2405 4334 2541 4392 Οὐδὲ
2568 4337 2667 4413 γὰρ
2700 4333 2826 4391 οὐδὲ
2875 4334 2928 4391 ἐν
2968 4342 3085 4399 τοῖς
3134 4336 3446 4414 γενομένοις
3500 4337 3772 4416 διωγμοῖς

2113 4433 2360 4486 τοιοῦτον
2407 4427 2652 4499 ἠκούσθη
2702 4427 2964 4503 πραχθέν.
3015 4427 3079 4481 Εἰ
3130 4424 3187 4482 δὲ
3232 4427 3324 4483 καὶ
3369 4427 3609 4505 ἐγεγόνει
3641 4430 3776 4486 ποτὲ

2114 4522 2388 4590 τοιοῦτον,
2422 4514 2549 4572 ἀλλ’
2580 4515 2679 4572 οὐκ
2704 4513 2930 4592 ἔπρεπεν
2965 4514 3053 4571 ἐπὶ
3105 4521 3200 4572 σοῦ
3246 4523 3576 4595 Χριστιανοῦ
3623 4514 3777 4584 ὄντος

346 4625 460 4665 nus
488 4625 572 4678 es,
605 4609 1004 4683 virginitatem
1054 4609 1155 4666 tali
1186 4609 1406 4681 iniuria
1434 4614 1492 4666 et
1525 4611 1805 4667 dedecore
1829 4610 2005 4683 afﬁci,

2125 4605 2244 4665 οὔτε
2268 4609 2367 4677 τὴν
2402 4606 2688 4681 παρθενίαν
2736 4604 3006 4677 τοσαύτην
3056 4600 3211 4683 ὕϐριν
3260 4608 3352 4662 καὶ
3403 4606 3622 4681 ἀτιμίαν
3671 4629 3775 4664 πα-

348 4696 600 4770 illosque
632 4715 802 4755 suam
835 4697 1241 4755 crudelitatem
1294 4704 1408 4755 tum
1457 4699 1657 4772 pietati
1693 4699 2007 4755 ascribere.

353 4787 503 4843 Solis
532 4788 689 4843 enim
711 4787 1000 4844 haereticis
1031 4787 1368 4844 istiusmodi
1400 4787 1741 4861 malignitas
1776 4790 2014 4861 propria

355 4880 467 4944 est,
489 4891 628 4949 erga
646 4875 749 4933 Dei
784 4875 994 4933 Fillum
1028 4876 1205 4949 impie
1231 4893 1293 4933 se
1323 4893 1525 4951 gerere
1571 4882 1630 4933 et
1673 4878 1735 4933 in
1783 4882 2013 4934 sanctas

354 4965 484 5037 ejus
513 4964 769 5038 virgines
803 4966 1099 5023 desaevire.

423 5054 513 5110 34.
546 5054 692 5111 Cum
735 5055 935 5127 itaque
984 5059 1071 5112 tot
1100 5058 1157 5111 et
1185 5055 1327 5111 talia
1357 5055 1615 5112 facinora
1663 5057 1733 5113 ab
1781 5056 2013 5114 Arianis

355 5143 618 5200 admissa
648 5144 788 5213 sint,
820 5161 936 5201 non
984 5162 1115 5201 mea
1147 5161 1239 5201 me
1270 5144 1474 5202 fefellit
1505 5144 1724 5218 Opinio,
1757 5162 1891 5202 cum
1924 5147 2011 5202 di-

350 5234 499 5290 vinae
536 5234 847 5307 Scriptura
900 5236 1297 5308 obtemperavi
1328 5235 1545 5292 dicenti
1579 5251 1593 5291 :
1627 5234 1732 5292 Sed
1782 5236 2013 5293 abscon-

353 5323 480 5382 dere
505 5325 783 5381 modicum
825 5325 897 5381 ad
939 5333 1296 5397 momentum,
1326 5324 1498 5382 donec
1535 5329 1882 5399 pertranseat
1925 5328 2014 5381 in-

428 5503 542 5585 (39)
573 5501 676 5557 Καί
712 5508 846 5561 ante
875 5505 1073 5581 Σωτήρ
1102 5506 1265 5562 deest
1290 5504 1352 5562 in
1383 5504 1581 5576 editis,
1612 5506 1714 5562 sed
1764 5505 1827 5563 in
1872 5510 2013 5581 Reg.

360 5572 742 5801 ιθῖὲίῗίξθεη
771 5645 1114 5733 καθηκεύιυν.

459 5715 530 5776 32
579 5717 671 5777 Sno
700 5717 843 5794 Reg.
875 5719 1051 5792 Editi,
1082 5738 1107 5777 ε

459 5715 550 5794 32)
579 5715 843 5794 Sio'aeg.
875 5715 1051 5792 Editi,
1082 5716 1209 5780 εισι.

2121 4702 2252 4771 θεῖν,
2285 4694 2408 4753 οὔτε
2435 4695 2662 4759 τούτους
2694 4696 2808 4770 (33)
2834 4696 2933 4765 τὴν
2980 4695 3181 4750 ἑαυτῶν
3232 4695 3496 4770 ὠμότητα
3547 4696 3622 4760 εἷς
3674 4698 3774 4768 τήν

2122 4790 2220 4859 σήν
2285 4780 2555 4843 εὐσέϐειαν
2617 4783 2988 4861 ἐπιρῥίπτειν·
3058 4784 3247 4857 μόνοις
3322 4787 3425 4861 γὰρ
3479 4787 3777 4861 αἱρετικοῖς

2122 4879 2321 4935 οἰκεῖον
2357 4876 2419 4931 τὸ
2466 4879 2715 4931 τοιοῦτον
2759 4874 2945 4947 κακὸν,
2978 4869 3187 4929 ἀσεϐεῖν
3238 4873 3316 4937 εἰς
3358 4875 3451 4930 τὸν
3497 4876 3621 4931 Υἱὸν
3680 4879 3778 4931 τοῦ

2123 4965 2382 5041 Θεοῦ,καὶ
2401 4963 2759 5039 πλημμελεῖν
2779 4963 2915 5018 κατὰ
2936 4967 3042 5019 τῶν
3078 4963 3247 5040 ἁγίων
3282 4962 3445 5019 αὐτοῦ
3475 4964 3779 5042 παρθένων.

2194 5060 2282 5117 34,
2331 5054 2603 5111 Τοιούτων
2660 5050 2719 5108 δὲ
2773 5049 2937 5108 πάλιν
2986 5053 3076 5108 καὶ
3135 5052 3408 5109 τοσούτων
3467 5053 3777 5131 γενομένων

2123 5148 2270 5225 παρὰ
2313 5151 2421 5201 τῶν
2457 5145 2773 5221 Ἀρειανῶν,
2805 5140 2905 5196 οὐκ
2959 5140 3198 5221 ἐσφάλην
3257 5143 3359 5216 ἄρα
3415 5144 3653 5206 πεισθεὶς
3708 5147 3779 5219 τῇ

2123 5237 2241 5310 θείᾳ
2317 5238 2504 5313 Γραφῇ
2584 5231 2854 5308 λεγούσῃο
2922 5231 3079 5288 Ἀλλ’
3157 5227 3503 5308 ἀποκρύϐηθι
3590 5235 3782 5311 μικρὸν

2124 5328 2249 5384 ὅσον
2311 5324 2435 5381 ὅσον
2494 5325 2628 5399 (34),
2681 5319 2787 5385 ἕως
2843 5320 3151 5399 παρέλθῃὴ
3200 5322 3339 5400 ὀργὴ
3400 5322 3626 5400 Κυρίου.
3681 5321 3783 5379 Καὶ

2196 5508 2311 5580 (33)
2342 5506 2431 5580 Sic
2461 5505 2604 5576 Reg.
2635 5507 2693 5560 et
2733 5501 2908 5559 Basil.
2939 5502 3112 5580 Editi,
3141 5501 3390 5580 rod-conc,

2196 5575 2311 5710 (34)
2342 5579 2503 5630 "anv
2553 5575 2920 5661 postremum
2974 5576 3140 5633 deest
3191 5576 3253 5632 in
3299 5577 3438 5635 edit.
3489 5575 3675 5634 Paris.
3727 5578 3787 5634 et

2126 5652 2203 5713 Co
2230 5668 2326 5712 on.
2359 5650 2424 5708 In
2454 5648 2737 5711 omnibus
2767 5646 2902 5706 alus
2929 5644 3201 5709 habetur.

2170 5666 2326 5712 01011.
2359 5666 2424 5708 1n
2454 5666 2737 5711 omnibus
2767 5666 2902 5706 81118
2929 5666 3201 5709 ηιωθῑιιιοο
